4134 6286
440 388 540 452 3M

1391 395 1832 459 ΒΥΖΑΝΤΙΝΕ
1877 402 2258 465 ί-ΠΒΊὊΒΙᾹΞ
2303 407 2445 467 LIB.
2509 404 2790 474 XXXIII.

3581 425 3682 488 32

442 503 727 568 ἀναλόγως
753 503 812 554 τὸ
837 504 1030 557 ἑαυτοῦ
1055 505 1166 572 φῶς
1203 508 1414 572 πολλοῖς
1457 513 1763 582 ἐ-λσπεὶρων
1792 517 1990 578 ὑποκειι

2117 517 2217 572 bus
2251 519 2315 573 ad
2356 536 2412 574 se
2451 524 2643 578 referat
2676 537 2728 580 et
2767 543 2866 595 pro
2919 529 3124 584 ratione
3172 533 3340 600 ipsius
3374 538 3547 594 lucem
3601 547 3684 598 iu-

445 591 690 658 τμένοις,
732 593 825 645 καὶ
855 594 1044 663 ὥσπερ
1103 595 1320 661 πολλοῖς
1357 600 1555 668 ἐφεξῆς
1610 606 1884 672 κειμένοις
1911 624 2008 659 κα-

439 683 660 749 νῖ-πτροις
685 681 742 732 ἓν
769 671 1082 752 ἐμφανίζων
1112 689 1420 753 πρόσωπον.
1460 695 1554 744 καὶ
1601 695 1662 746 τὸ
1692 671 1993 766 κεχυμένον

440 770 538 836 τῆς
562 770 692 838 ὕλης
729 772 954 842 ἄπειρον
991 778 1086 828 καὶ
1141 778 1396 847 ἀόριστον
1423 783 1649 848 aiataiat;
1699 785 1903 856 πέρασί
1936 789 1994 838 τέ.

442 862 536 912 καὶ
567 862 811 930 σχήμασι
841 867 1065 933 μορφῶν
1084 862 1183 920 καὶ.¹
1206 871 1441 924 συνδέων
1471 875 1561 925 καὶ
1594 878 2003 946 συναρμόττων.

443 955 551 1006 Καὶ
583 955 614 1020 ή
651 956 780 1024 πρὶν
807 957 1200 1026 περιοδεύουσα
1228 962 1354 1022 τοὺς
1386 961 1532 1016 ἔνδον
1559 967 1854 1035 λογισμοὺς
1894 969 2005 1022 τῶν

441 1045 778 1115 ἀπορρήτων
840 1049 934 1099 καὶ
969 1047 1130 1104 θείων
1201 1053 1546 1121 πραγμάτων
1593 1056 1843 1126 ζήτησις,
1893 1059 2003 1112 τῶν

438 1135 716 1202 αἰσθητῶν
748 1136 845 1206 ήδη
894 1137 1255 1222 ἀναχωροῦσα
1286 1147 1349 1213 τῇ
1393 1145 1491 1214 τῷ¹
1526 1145 1602 1215 νῷ
1647 1152 2002 1224 προσηκούσῃ

436 1227 640 1291 γνώσει
671 1228 978 1285 ἀκολουθεῖ.
1014 1219 1298 1285 Ἐντεῦθεν
1325 1235 1434 1304 γὰρ
1473 1237 1566 1289 καὶ
1595 1239 1696 1302 τὰς
1727 1239 1876 1304 θείας
1905 1219 2002 1296 καί

435 1319 629 1386 νοερὰς
654 1306 912 1386 προόδους
939 1321 1214 1385 ἐθέλοντες
1245 1325 1442 1392 δηλοῦν
1476 1328 1524 1378 oi
1559 1327 1696 1380 θεῖοι
1754 1331 2000 1401 Πατέρες

434 1406 847 1474 παραδείγματι
875 1412 1192 1482 φαινομένῳ
1215 1415 1335 1476 ταῖς
1379 1415 1532 1483 ἡλίου
1571 1418 1814 1487 χρῶνται
1848 1422 2001 1472 ἀκτῖ-

433 1515 541 1560 σιν,
581 1499 637 1550 αἳ
678 1499 776 1567 τήν
808 1501 1169 1568 ἑτυμολογέαν
1202 1505 1307 1555 ἀπὸ
1344 1507 1436 1556 τοῦ
1472 1509 1810 1561 ὲκτείνεσθαι
1843 1499 2001 1579 ’ἐχου-

434 1606 526 1641 σαι
557 1591 770 1658 χέονται
801 1591 921 1657 μὲν,
943 1592 1042 1642 οὐκ
1077 1593 1362 1661 ἐκχέονται
1396 1595 1472 1656 δὲ,
1520 1597 1636 1648 ἀλλ’
1667 1599 1995 1652 ἐκτείνονται

431 1679 598 1746 πέριξ
620 1679 758 1732 κατὰ
783 1681 841 1743 τὸ
875 1683 1136 1747 ἀνάλογον
1167 1687 1264 1753 τῆς
1327 1685 1433 1736 τῶν
1485 1686 1795 1759 δεχομένων
1838 1690 1998 1758 εὐρυ-

428 1771 658 1838 χωρίας.
699 1771 1072 1840 Πληθύνεσθαι
1128 1778 1236 1843 γὰρ
1267 1777 1292 1826 ὁ
1333 1775 1475 1834 θεῖος
1525 1781 1693 1848 ἔφησε
1743 1781 1995 1849 Μάξιμος

424 1864 521 1920 τον
550 1865 680 1918 Θεὸν
710 1865 788 1934 τῷ
815 1866 940 1918 καθ’
967 1867 1198 1937 ἕκαστον
1225 1871 1304 1931 είς
1337 1872 1673 1942 παραγωγὴν
1700 1874 1805 1926 τῶν
1823 1876 1994 1928 ὄντων

423 1954 753 2024 βουλήματι,
784 1959 904 2020 ταῖς
961 1964 1348 2028 προνοητικαῖς
1371 2017 1376 2021 _
1400 1963 1654 2030 np’odSm;
1681 1966 1993 2019 πολλαπλα-

427 2046 773 2114 σιαζόμενον,
811 2050 994 2116 μένειν
1029 2049 1074 2102 δ’
1109 2052 1422 2116 ἀμερίστως
1465 2055 1561 2105 ἕνα
1610 2055 1862 2125 καθάπερ
1901 2058 1992 2109 τὸν

422 2135 578 2202 ἣλιον
614 2138 837 2200 ἀκτῖνας
877 2139 977 2208 μὲν
1025 2140 1224 2202 πολλὰς
1286 2145 1705 2210 προπέμποντα,
1764 2147 1992 2216 μένοντα

419 2227 470 2279 δ’
501 2207 648 2296 ὲντῇ
682 2231 914 2300 ἐνὸτητι.
965 2232 1136 2284 Ὅταν
1193 2235 1299 2303 γὰρ
1331 2207 1414 2294 -ὲς
1622 2207 1991 2309 προσλητ.κὴν

422 2320 831 2385 ἀποσκοπῶμεν
900 2323 1140 2395 δύναμιν,
1185 2324 1278 2375 τοῦ
1330 2325 1533 2392 ἡλίου,⁹
1571 2328 1840 2394 μονοειδὲς
1897 2331 1991 2381 καὶ

422 2409 621 2460 ἑνιαίον
659 2409 720 2460 τὸ
766 2411 874 2462 τῶν
914 2411 1154 2465 ἀκτίνων
1188 2414 1684 2484 καταλαμϐάνομεν
1741 2419 1945 2487 πλῆθος
1974 2435 1987 2448 ’

418 2499 554 2550 ὅταν
573 2499 618 2551 δ’
642 2501 722 2561 είς
754 2501 854 2568 τὴν
874 2501 1246 2574 ἀστάθμητον,
1273 2504 1369 2556 καὶ
1409 2507 1676 2576 μεριστὴν
1713 2508 1988 2560 ποικιλίαν

421 2589 521 2656 τῆς
570 2588 664 2640 τοῦ
693 2590 898 2659 κόσμου
928 2592 1220 2658 γενέσεως,
1247 2594 1347 2653 τὰς
1402 2595 1626 2658 ἀκτῖνας
1681 2597 1990 2666 ἐκτεινομέ-

421 2695 520 2738 νας
545 2681 704 2732 οἱονεί
728 2675 884 2742 ’τινας
919 2683 1110 2750 χεῖρας
1133 2683 1431 2750 ὲιργατικὰς
1467 2685 1526 2736 τό
1576 2702 1635 2736 τε
1682 2687 1781 2750 τῆς
1833 2689 1988 2758 ἀριθ-

421 2773 658 2838 μητικῆς
687 2771 999 2841 ἐπιστήμης
1057 2773 1366 2846 |f.16<ir.]
1424 2775 1858 2850 ἅναλισκομένης
1917 2781 1987 2832 δι’

420 2863 677 2932 ἀπορίαν,
703 2864 763 2914 τὸ
791 2863 852 2916 ἓν
885 2867 961 2927 είς
1004 2865 1378 2937 ἀναρίθμητον
1408 2869 1618 2937 πλῆθος
1646 2871 1989 2940 σχιζόμενον

417 2970 480 3004 τε
509 2955 602 3005 καὶ
644 2954 1002 3028 μεριζόμενον
1046 2956 1338 3025 βλέπομεν.
1386 2957 1543 3012 Οὕτω
1578 2961 1642 3031 δὴ
1697 2964 1834 3016 κάπὶ
1890 2965 1989 3032 τῆς

413 3046 596 3116 ψυχῆς
627 3050 722 3100 καὶ
753 3047 861 3099 τῶν
890 3049 1091 3118 ταύτης
1117 3050 1402 3117 δυνάμεων
1442 3053 1537 3104 καὶ
1599 3054 1757 3123 ἡμεῖς
1816 3055 1988 3108 τοιού-

2115 609 2308 662 fundat
2339 613 2519 666 multis
2544 631 2734 670 eorum
2765 634 2884 686 qum
2909 620 3280 691 ipsi'sulxjecta
3312 643 3460 683 sunt.
3491 631 3680 703 Itaque

2111 702 2569 764 qnetnadmmlum
2623 708 2811 762 multis
2865 724 2894 764 c
2948 715 3184 780 Speculis
3231 732 3337 772 una
3381 702 3681 794 eademque

2109 789 2276 843 facies
2311 805 2551 860 apparet,
2585 807 2638 848 et
2682 801 2934 855 materias
2960 819 3079 871 quat
3102 806 3273 860 eﬂ'use
3307 811 3530 867 infinitae
3554 826 3684 870 sunt

2106 891 2162 934 ct
2192 883 2553 939 interminato
2579 903 2733 942 meus
2753 892 2819 944 ad
2871 907 3022 948 suam
3051 899 3314 954 rationem
3340 919 3402 958 ac
3430 917 3678 963 naturam

2109 970 2304 1025 format
2334 981 2388 1025 et
2434 975 2575 1030 inter
2603 992 2662 1031 se
2704 983 2983 1054 conjungit
3034 998 3089 1040 et
3126 992 3420 1058 compOnit.
3453 991 3680 1054 Investi-

2105 1063 2252 1132 gatio
2312 1076 2492 1118 autem
2525 1083 2644 1136 qua:
2677 1075 2829 1141 prius
2869 1075 2920 1127 in
2957 1079 3121 1134 rebus
3164 1085 3380 1139 arcanis
3423 1103 3486 1141 ac
3539 1090 3680 1147 divi-

2107 1154 2194 1208 nis
2234 1156 2573 1226 versabatur,
2602 1177 2631 1214 e
2663 1165 3015 1222 sensibilibus
3055 1171 3166 1240 jam
3212 1189 3428 1244 egressa
3481 1183 3679 1237 mentis

2108 1257 2486 1303 consentanea:
2514 1252 2705 1308 rationi
2730 1271 2787 1310 se
2804 1258 3064 1329 adjungit.
3087 1261 3264 1328 Quare
3287 1271 3457 1322 sancti
3485 1271 3676 1327 Patres

2099 1335 2232 1388 dum
2277 1338 2460 1391 divina
2501 1346 2905 1413 ae----spirituaiia
2949 1351 3085 1405 facta
3121 1356 3394 1423 cxiiliearc
3433 1363 3674 1428 student,

2103 1441 2202 1492 pro
2256 1433 2506 1498 exemplo
2555 1434 2832 1492 luculento
2889 1450 3122 1496 utuntur
3177 1447 3345 1501 radiis
3388 1451 3545 1516 solis,
3581 1458 3676 1523 qui

2101 1521 2459 1594 etymologice
2515 1540 2542 1577 a
2597 1529 2860 1584 radiando
2911 1534 3163 1602 explicati
3210 1537 3516 1595 funduntur
3554 1547 3678 1614 qui-

2100 1608 2246 1671 dem,
2303 1627 2399 1665 nec
2463 1622 2642 1670 tamen
2707 1623 2928 1678 omnino
2984 1625 3364 1699 eﬂ'unduntur,
3421 1635 3514 1688 sed
3580 1652 3676 1692 ex.-

2104 1700 2242 1752 trnsi
2286 1703 2885 1767 radiantcircumeirca
2940 1730 3038 1784 pro
3071 1717 3314 1774 locorum
3359 1724 3670 1785 latitudine.

2100 1789 2234 1842 Nam
2291 1794 2510 1860 plenum
2561 1816 2682 1854 esse
2730 1803 2864 1858 dicit
2915 1820 3138 1863 sanctus
3188 1809 3454 1871 Maximus
3501 1820 3672 1876 Deum

2105 1883 2367 1954 cujusque
2406 1889 2484 1941 rei
2519 1906 2694 1945 caus:e
2726 1897 2961 1984 propriae.
2983 1911 3039 1954 et
3063 1904 3208 1957 varia
3241 1911 3408 1962 multa
3443 1917 3675 1970 transire

2102 1975 2342 2030 rationes
2377 1979 2494 2048 ejus
2526 1986 2882 2048 providentiae
2907 2006 2920 2054 ;
2942 1975 3132 2047 tamen
3175 1997 3515 2058 individuum
3547 2023 3671 2062 eum

2094 2063 2258 2135 409
2309 2084 2474 2123 unum
2521 2089 2762 2140 manere,
2806 2089 2864 2132 ut
2923 2084 3022 2158 sol,
3054 2080 3143 2154 qui
3179 2104 3488 2162 quanquam
3527 2100 3673 2154 tnul--
3749 2163 3752 2166 _

2098 2166 2181 2210 tos
2208 2158 2452 2214 etfundat
2489 2166 2690 2234 radios,
2722 2176 2898 2225 tamen
2932 2189 3150 2232 maneat
3185 2182 3238 2234 in
3277 2185 3504 2242 unitate.
3533 2191 3670 2246 Cum

2094 2251 2238 2303 enim
2273 2254 2403 2306 solis
2443 2245 2551 2308 vim
2584 2275 2703 2328 quze
2732 2247 2964 2319 eﬂtti'tdit
2990 2271 3172 2324 radios
3205 2279 3551 2346 respicimus,
3582 2293 3666 2338 to-

2095 2347 2208 2394 tum
2242 2338 2446 2413 aliquid
2474 2356 2526 2400 et
2561 2365 2728 2426 unum
2763 2369 2882 2410 esse
2923 2361 3066 2428 quod
3113 2364 3295 2420 radios
3341 2371 3390 2422 iu
3422 2387 3481 2425 se
3512 2388 3670 2428 com-

2092 2423 2661 2505 plectaturdicemus;
2699 2441 2783 2496 sin
2825 2457 3006 2502 autem
3046 2467 3235 2522 vagam
3271 2466 3326 2512 ct
3367 2461 3669 2528 particula-

2094 2535 2206 2574 rem
2237 2524 2369 2578 solis
2406 2525 2457 2579 in
2498 2531 2699 2586 mundo
2726 2535 3070 2593 eilicieutlatn
3107 2556 3438 2614 spectamus,
3474 2556 3658 2611 radios

2093 2611 2185 2678 qui
2214 2613 2579 2670 effunduntur
2635 2633 2894 2692 tauquam
2933 2645 3129 2686 manus
3162 2641 3440 2704 operarius
3465 2646 3532 2696 ad
3565 2662 3666 2698 nu-

2091 2717 2303 2757 merum
2327 2707 2622 2764 referemus
2636 2725 2861 2783 proptcr
2879 2718 3112 2788 inopiam
3133 2741 3395 2794 nostram,
3423 2741 3476 2786 et
3497 2751 3666 2791 unum

2093 2794 2227 2848 illud
2260 2802 2403 2867 quod
2446 2802 2511 2855 ad
2543 2821 2828 2862 umnerum
2860 2811 3048 2868 referri
3077 2822 3295 2887 proprie
3331 2840 3438 2878 non
3483 2838 3666 2895 potest

2095 2887 2380 2943 dividuum
2435 2893 2640 2963 aliquid
2667 2907 2722 2950 et
2751 2898 2803 2952 in
2853 2912 3034 2969 partes
3060 2887 3655 2982 divisumqnutabimus.

2093 2977 2182 3033 Sic
2215 2982 2283 3035 de
2315 2983 2494 3038 anima
2529 2999 2712 3070 nostra
2739 2992 2970 3060 ejusque
2995 2996 3364 3057 facultatibus
3394 3023 3494 3061 nos
3523 3026 3666 3077 quo-

2092 3085 2197 3138 que
2228 3071 2540 3143 bujusmodi
2572 3060 2838 3152 exemplis
2896 3090 3122 3155 utimur,
3158 3093 3430 3149 interdum
3472 3102 3538 3154 ad
3573 3117 3664 3156 ra-

413 3153 535 3199 τοις
563 3138 826 3206 χρώμεθα
857 3139 1317 3207 παραδείγμασιν,
1348 3144 1518 3195 ἐνίοτε
1562 3145 1660 3211 μὲν
1691 3143 1782 3196 τὸν
1798 3146 1986 3211 ὅμοιον

2299 3138 2315 3143 τ
2735 3138 2752 3152 _
2985 3138 2988 3139 ν
3042 3138 3122 3155 __,
3472 3138 3538 3154 ..υ
3573 3138 3658 3156 ...-

2093 3161 2292 3216 tiom-m
2358 3175 3113 3237 eonscutaneam,interdum
3173 3185 3240 3238 ad
3304 3192 3658 3248 contrariam.

411 3228 642 3297 τρόπον,
678 3228 849 3280 ἐνίοτε
876 3228 933 3280 δὲ
963 3231 1054 3280 τὸν
1076 3231 1435 3301 ἀντίστροφον
1462 3247 1478 3263 ⁸
1504 3234 1650 3286 δυοῖν
1683 3237 1790 3302 γὰρ
1813 3236 1983 3303 ὀργά-

411 3336 524 3370 νων
549 3318 716 3370 ὄντων
742 3318 820 3387 τῷ
852 3320 951 3388 τῆς
979 3319 1160 3390 ψυχῆς
1190 3322 1452 3393 ὀφθαλμῷ
1483 3325 1560 3393 τῷ
1588 3324 1664 3394 νῴ
1686 3327 1818 3396 πρὸς
1848 3328 1985 3392 γνῶ-

415 3427 506 3462 σιν
537 3410 644 3461 τῶν
699 3410 972 3480 αἰσθητῶν
1011 3415 1376 3483 πραγμάτων,
1427 3415 1525 3484 τῆς
1564 3433 1622 3468 τε
1679 3416 1996 3487 αἰσθήσεως-

415 3502 541 3569 an:
571 3501 664 3552 καὶ
695 3500 954 3569 διανοίας,
995 3503 1060 3555 ὲκ
1087 3505 1297 3558 τούτων
1347 3507 1496 3577 αὐτῷ
1521 3507 1623 3577 τὴν
1673 3508 1987 3579 ἐπιστήμην

412 3593 508 3645 ἀεὶ
545 3593 1026 3665 συσκευαζομένην
1065 3597 1281 3666 δρῶμεν
1315 3600 1418 3666 κάξ
1469 3593 1691 3663 ἀτελοῦς
1717 3602 1984 3670 διχονοίας

412 3685 498 3744 εἰς
517 3683 768 3750 ὁμόνοιαν
795 3687 1030 3756 συγγενῆ
1063 3690 1372 3756 συνιοῦσαν,
1398 3692 1496 3757 τῆς
1528 3693 1627 3761 μὲν
1652 3693 1985 3762 ἀναλήψεσιν

409 3770 902 3841 ὀλοσχερεστὲραις
933 3774 1132 3840 ἔξωθεν
1161 3777 1486 3844 εἰσαγούσης
1508 3780 1605 3840 τὰς
1635 3779 1858 3846 πρώτας
1887 3780 1985 3842 ἀρ·

411 3863 544 3932 χὰς,
576 3863 638 3914 ὲκ
665 3861 765 3930 τῆς
794 3864 900 3916 τῶν
945 3867 1223 3936 αἰσθητῶν
1272 3871 1777 3940 συμπεφορημένης
1807 3886 1866 3920 τε
1893 3869 1986 3921 καὶ

409 3952 682 4028 διηνεκῶς
729 3959 1220 4027 ’μετάὁαλλομένης
1277 3949 1620 4028 πολυφωνίας
1667 3959 1765 4029 (Ι),
1798 3961 1894 4028 τῆς
1927 3961 1984 4013 δὲ

411 4048 868 4119 παραδεχομένης
897 4065 955 4100 τε
990 4047 1086 4098 καὶ
1121 4047 1602 4117 παραπεμπούσης
1637 4049 1716 4108 είς
1751 4046 1988 4140 ἒνλὰκριέ

410 4142 480 4190 ὅέ
492 4156 677 4210 στερον
705 4137 1044 4205 ἐπισκέψεως
1075 4137 1439 4204 ἐργαστήριον
1466 4136 1556 4188 τὸν
1573 4136 1714 4198 νοῦν,
1740 4138 1833 4190 καὶ
1856 4136 1985 4190 ἁναὲ-

406 4231 763 4301 χωνευούσης
823 4230 939 4280 ἐκεῖ
977 4226 1108 4295 πρὸς
1143 4227 1434 4296 ἐμπειρίας
1480 4227 1734 4296 ὁμόνοιάν
1791 4245 1851 4278 τε
1889 4229 1984 4280 καὶ

408 4323 667 4392 ἑνότητα.
703 4317 798 4381 Οἷς
837 4321 944 4388 γὰρ
983 4317 1238 4386 ἑτερότης
1268 4319 1524 4387 πάρεστι,
1561 4318 1766 4370 τούτων
1787 4321 1984 4381 ἄπεστι

408 4416 605 4482 σαφῶς
631 4417 663 4483 ή
699 4415 923 4480 ὁμόνοια
945 4427 957 4440 ⁸
993 4405 1073 4472 οἷς
1107 4412 1164 4463 δὲ
1208 4411 1303 4480 μὴ.
1341 4411 1554 4472 τούτοις
1590 4411 1644 4463 δὲ
1676 4412 1769 4464 καὶ
1799 4417 1866 4464 τὰ
1884 4414 1982 4480 τῆς

403 4501 665 4569 ὁμονοίας
700 4502 872 4570 ῥᾷστα
893 4499 1184 4568 ἐμφύεται.
1225 4499 1334 4549 Καὶ
1371 4499 1398 4549 ὁ
1427 4497 1519 4549 τοῦ
1555 4500 1776 4568 ήλιακοῦ
1806 4517 1982 4569 παρα·
2016 4500 2058 4554 D

402 4592 701 4658 δείγματος
739 4589 937 4654 ξυνιεὶς
987 4589 1206 4657 εὐφυῶς
1235 4589 1334 4658 τῆς
1366 4591 1487 4642 κατ’
1517 4592 1766 4661 αἴσθησιν
1797 4592 1981 4655 ἐξεκε-

403 4682 967 4754 χωρήκεισυνηθείας
989 4682 1172 4742 εὐθὺς,
1196 4682 1289 4732 καὶ
1310 4682 1405 4748 τὴν
1429 4681 1524 4748 τῆς
1547 4681 1791 4750 ὁράσεως
1814 4699 1981 4752 προσ-

404 4776 622 4844 εδρείαν
644 4775 720 4836 είς
745 4776 869 4834 τοὺς
899 4774 1120 4841 νοητοὺς
1153 4774 1347 4842 ῥᾳδίως
1383 4772 1695 4841 ὀφθαλμοὺς
1752 4775 1982 4841 μετενή-

404 4882 590 4934 νοχεν,
637 4863 911 4932 ἡγεμόνας
943 4863 1037 4930 τῆς
1085 4863 1342 4932 τοιαύτης
1401 4864 1674 4929 εὑρίσκων
1708 4862 1828 4914 ὀδοῦ
1860 4863 1985 4925 τοὺς

403 4959 621 5023 ἁγίους,
653 4959 766 5018 τοῖς
793 4957 890 5022 μὲν
920 4955 1198 5023 αἰσθητοῖς
1221 4955 1693 5021 ἐνεζναιλέγοντας
1727 4953 1982 5007 ἔκστασιν

403 5048 678 5114 γίνεσθαι,
707 5047 826 5116 Θεῷ
869 5047 914 5098 δ’
937 5047 1140 5116 ἣκιστα
1174 5046 1393 5100 πάντων
1433 5045 1662 5115 παρόντι
1703 5045 1981 5114 πανταχοῦ

416 5142 520 5193 xa‘t
563 5141 630 5192 τὰ
661 5144 839 5193 πάντα
900 5141 1197 5210 πληροῦντι
1239 5142 1332 5193 καὶ
1379 5139 1604 5208 μηδενὸς
1657 5140 1979 5208 λειπομένου

401 5209 580 5290 Iudaeo
605 5233 660 5295 ὃς
687 5235 782 5303 τὴν
802 5234 952 5286 θείαν
998 5233 1216 5285 ἔκτασιν
1259 5231 1507 5293 δέξασθαι
1523 5231 1586 5284 ἂν
1638 5231 1976 5316 ἰπινοηθείη.

486 5323 562 5376 E’.
585 5322 810 5391 Ὅμοιον
836 5325 944 5394 γὰρ
982 5324 1209 5392 imo-36w
1247 5324 1303 5376 αί
1343 5322 1539 5385 λέξεις,
1571 5323 1668 5392 οὐχ
1712 5323 1898 5392 ὅμοιον
1932 5321 1980 5374 δ’

406 5415 599 5484 ἔχουσι
624 5415 686 5466 τὸ
706 5417 804 5484 τῆς
853 5415 1148 5481 ἀναγωγῆς
1197 5415 1307 5465 καὶ·
1343 5412 1670 5482 καταγωγῆς
1733 5413 1977 5483 ὁρμητή-

407 5523 553 5576 ριον,
588 5505 703 5557 ἀλλ’
740 5505 912 5566 ἄλλως
948 5504 1045 5572 μὲν
1077 5507 1168 5557 ὲπί
1195 5505 1352 5569 Θεοῦ,
1378 5505 1553 5566 ἄλλως
1579 5505 1623 5554 δ’
1648 5504 1736 5558 ἐπ’
1761 5505 1974 5573 ἀνθρὼ-

404 5615 532 5651 πων
554 5600 661 5658 τοῖς
694 5597 870 5666 ὀρθῶς
897 5614 954 5649 τε
980 5601 1074 5651 καὶ
1105 5597 1348 5660 εὐσεϐῶς
1386 5595 1646 5667 φρονοῦσι
1667 5597 1976 5668 λαμϐάνον-

487 5770 566 5842 (ι)
598 5769 732 5822 πολυ
743 5768 970 5837 φωνίαις
1003 5765 1125 5823 cod.

738 5865 1008 5923 l’ATttUL.
1053 5865 1166 5924 Gtt.
1213 5863 1486 5932 CXLIX.

2089 3250 2219 3306 Nam
2255 3273 2377 3308 cum
2411 3261 2517 3312 duo
2552 3277 2753 3331 organa
2791 3267 2958 3322 animi
2991 3276 3189 3338 nostri,
3233 3281 3446 3347 oculus,
3483 3299 3658 3348 mens,

2090 3347 2322 3402 habeant
2350 3353 2414 3404 ad
2466 3369 2553 3408 res
2587 3369 2841 3414 externas
2887 3356 3300 3433 cognoscendas
3353 3390 3574 3430 SCIIaUIII
3607 3386 3661 3433 et

2089 3439 2379 3508 rationem,
2416 3444 2500 3498 his
2533 3448 2583 3501 ei
2621 3463 2839 3518 semper
2885 3456 3062 3523 parari
3101 3459 3347 3519 videmus
3373 3470 3659 3523 scientiam

2088 3545 2316 3602 eamque
2340 3549 2404 3589 ex
2438 3536 2758 3606 imperfecto
2791 3539 3047 3602 dissensu
3079 3549 3131 3604 in
3165 3555 3432 3612 unitatem
3459 3569 3664 3617 etcen-

2087 3642 2306 3680 sensum
2361 3644 2675 3688 coeuntem.
2735 3637 2922 3693 Altera
2977 3642 3121 3696 enim
3179 3646 3263 3700 via
3319 3652 3660 3709 extrinsecus

2087 3715 2276 3784 prima:
2300 3735 2480 3774 rerum
2507 3723 2772 3794 imagines
2791 3737 3075 3795 petuntur,
3096 3733 3168 3786 ita
3189 3737 3409 3806 quidem
3436 3754 3494 3796 ιιι
3526 3760 3661 3799 eon-

2089 3810 2368 3878 templatio
2403 3829 2487 3867 res
2514 3815 2658 3883 ipsas
2690 3818 2881 3886 plenas
2929 3825 3198 3893 concipiat
3236 3843 3536 3899 earumque
3563 3852 3660 3890 na-

2089 3907 2262 3951 turam
2283 3903 2332 3952 in
2367 3903 2628 3959 varietate
2655 3909 2810 3961 sist‘at
2838 3919 2894 3963 et
2927 3915 3190 3971 continuo
3218 3921 3542 3989 contrahat:
3572 3927 3657 3980 al-

2088 3998 2200 4044 tera
2219 4000 2398 4046 autem
2416 3995 2498 4046 via
2512 4006 2564 4049 et
2583 3998 2774 4065 recipit
2792 4005 3178 4073 contemplatio
3197 4019 3248 4063 et
3273 4011 3530 4067 transfert
3547 4030 3654 4082 res,

2087 4085 2151 4135 ad
2188 4100 2353 4136 unam
2389 4087 2513 4140 dico
2543 4089 2838 4146 firmiorem
2875 4097 3250 4163 operationem
3286 4106 3502 4168 mcutis,
3556 4109 3658 4160 ibi-

2085 4190 2192 4243 que
2220 4168 2468 4232 recondit
2497 4181 2564 4233 ad
2593 4199 2774 4236 rerum
2807 4202 3135 4242 consensum
3173 4203 3229 4246 et
3263 4197 3528 4250 unitatem
3577 4200 3657 4254 ef-

2087 4263 2394 4321 ficiendam.
2458 4271 2668 4335 Quibus
2725 4275 2872 4328 enim
2929 4280 3200 4335 contraria
3249 4284 3462 4349 insunt,
3523 4303 3654 4346 sane

2085 4375 2384 4413 consensus
2419 4362 2509 4416 ille
2537 4363 2732 4429 deest;
2789 4367 2986 4435 quibus
3041 4385 3151 4425 non
3179 4411 3194 4438 ,
3253 4373 3339 4428 his
3398 4377 3654 4435 facillime

2085 4466 2302 4520 quoque
2321 4470 2620 4510 consensus
2645 4459 3028 4526 adhaeret.Qui
3046 4462 3185 4518 bene
3201 4467 3332 4521 solis
3355 4466 3656 4542 illudalo

2086 4546 2394 4611 exemplum
2469 4549 2840 4616 intellexerit,
2902 4567 2934 4607 ο
2996 4570 3144 4611 mera
3208 4573 3468 4614 sensuum
3532 4579 3656 4632 per-

2088 4635 2344 4700 teptione
2403 4629 2560 4691 facile
2605 4643 2944 4707 egredietur,
2974 4655 3028 4699 et
3076 4663 3164 4702 res
3199 4660 3456 4705 externas
3495 4652 3654 4708 facile

2085 4724 2464 4779 transferetad
2490 4728 2680 4784 oculos
2721 4734 2939 4798 mentis,
2966 4751 3102 4803 quos
3142 4748 3398 4808 tanquam
3435 4741 3654 4800 divinos

2087 4816 2260 4870 hacin
2302 4819 2385 4872 via
2413 4821 2580 4876 duces
2604 4823 3045 4892 deprehenderit,
3078 4832 3280 4900 quippe
3330 4836 3422 4902 qui
3472 4835 3525 4889 in
3566 4853 3653 4892 re-

2087 4908 2187 4961 bus
2223 4913 2460 4966 externis
2482 4913 2665 4969 dicant
2690 4933 2812 4971 ease
2836 4921 3238 4988 confusionem,
3268 4937 3456 4980 contra
3480 4927 3648 4982 Deum

2086 5014 2204 5052 esse
2236 5000 2667 5068 pulcherrimum
2720 5008 2922 5077 ubique
2962 5009 3210 5066 locorum
3242 5025 3296 5068 et
3325 5031 3650 5084 permanare

2085 5089 2283 5148 omnia.
2309 5107 2485 5161 neque
2525 5095 2695 5150 ullum
2731 5113 2849 5154 esse
2896 5099 3076 5155 locum
3116 5103 3210 5172 qui
3248 5105 3395 5162 solus
3423 5107 3520 5164 Dei
3555 5126 3650 5166 ex-

2088 5181 2388 5236 tensioncm
2410 5185 2705 5240 contineat.
3330 5201 3336 5206 '

2159 5316 2222 5371 V.
2255 5320 2464 5374 Sonam
2485 5322 2708 5390 quidem
2736 5323 2902 5378 verba
2921 5327 3202 5381 notionem
3227 5331 3478 5387 eamdem
3507 5333 3647 5388 :sed

2082 5425 2192 5464 non
2225 5412 2476 5466 eamdem
2515 5416 2718 5470 habent
2737 5411 2851 5471 'vim
2879 5417 3232 5476 deductionis
3260 5433 3313 5478 et
3335 5425 3644 5491 relationis,

2080 5501 2174 5556 sed
2207 5501 2314 5556 alio
2333 5505 2496 5558 modo
2518 5503 2586 5557 de
2619 5506 2757 5570 Deo,
2787 5508 2897 5562 alio
2920 5509 2987 5564 de
3016 5509 3336 5568 hominibus
3365 5515 3647 5582 accipiun-

2081 5607 2171 5652 tur
2201 5596 2272 5652 ab
2303 5594 2370 5652 iis
2415 5595 2510 5664 qui
2550 5605 2608 5651 ut
2638 5596 2825 5654 ﬁdeles
2876 5616 2938 5658 ac
2987 5605 3066 5674 pii
3119 5608 3381 5676 cogitant.
3431 5606 3646 5664 Rursus

3254 5875 3328 5934 12
