4134 6286
605 393 708 456 367

1812 395 1890 453 Νι
1899 392 2229 454 CEPIIORI
2267 392 2646 452 GBEGORfE
3719 399 3804 456 368

615 509 1064 566 demoustramus
1090 526 1255 582 quam
1287 529 1316 568 e
1348 513 1470 566 luce
1499 511 1690 580 quaein
1723 520 1908 564 monte
1963 505 2154 562 'l‘habo

2250 541 2262 578 γ
2293 508 2326 578 ἡ
2365 507 2662 576 πρόφασις,
2699 505 2924 560 αὐτόθεν
2957 505 3280 577 αὐτομάτως
3341 505 3553 570 πάντως
3608 507 3809 578 ἑκάτερα

610 599 740 652 olim
781 601 992 654 circum
1037 602 1252 656 Domini
1309 618 1516 672 corpus
1559 603 1856 672 apparuit,
1907 598 2068 670 415
2111 597 2182 653 de

611 707 720 760 qua
751 694 922 746 etiam
957 708 1188 763 magnus
1235 695 1329 750 ille
1359 695 1644 764 theologus
1675 691 1972 761 Gregorius
2003 689 2179 754 dicit,

607 782 847 837 eluxisse
877 783 930 836 in
962 799 1195 853 corpore
1225 793 1282 840 et
1311 785 1570 841 deitatem
1609 782 2096 839 submanifestassc
2125 788 2182 833 et

610 875 883 928 revelasse
905 875 1076 930 [leum
1108 877 1160 930 in
1189 892 1356 931 carne
1381 877 1642 930 latentem
1666 893 1679 940 ;
1706 886 1758 928 et
1785 874 1985 929 iterum
2015 885 2178 941 quam

608 965 744 1019 dicit
793 965 971 1020 lucem
1005 967 1058 1020 in
1095 975 1279 1022 monte
1319 967 1581 1022 deitatem
1611 965 1788 1020 oculis
1816 962 2177 1019 clarissimam

605 1056 954 1124 prodentem,
985 1073 1106 1126 qum
1139 1059 1271 1112 olim
1297 1058 1410 1112 visa
1435 1057 1504 1112 sit
1533 1057 1796 1127 apostolis
1823 1098 1839 1122 ,
1875 1069 2020 1109 nunc
2049 1068 2178 1108 vero

613 1147 678 1201 iis
707 1148 800 1215 qui
835 1149 1110 1203 Palamam
1139 1159 1470 1220 sequuntur,
1499 1158 1554 1204 et
1590 1157 1714 1202 ante
1747 1149 1846 1201 hos
1881 1147 2001 1200 aliis
2034 1159 2174 1214 pau-

603 1239 704 1294 cis.
735 1237 916 1304 Quare
945 1231 1134 1296 dicere
1181 1241 1350 1306 licet,
1401 1240 1544 1294 hanc
1600 1237 1932 1293 invisibilem
1970 1249 2090 1290 esse
2118 1233 2175 1288 in

606 1331 736 1397 Deo,
769 1333 914 1386 illam
939 1332 1239 1397 visibilem,
1269 1334 1362 1388 sed
1403 1333 1737 1396 increatam;
1773 1331 1914 1384 hanc
1936 1329 2178 1398 imparti—

603 1422 934 1490 cipabilem,
999 1422 1148 1476 illam
1208 1423 1678 1493 partieipahilem;
1733 1421 1872 1474 hanc
1922 1419 2175 1487 superio-

607 1529 746 1580 rem,
783 1514 930 1568 illam
991 1514 1330 1569 inferiorem.
1371 1515 1622 1583 ineptum
1665 1514 1810 1568 enim
1841 1526 1962 1566 esse
1995 1509 2130 1565 dicit
2155 1550 2172 1574 ,

601 1606 828 1659 credere
864 1605 989 1660 caeli
1031 1606 1256 1676 regione
1289 1605 1477 1660 relicta
1535 1613 1708 1658 totum
1747 1605 1882 1656 illud
1923 1601 2170 1658 divinum

604 1699 842 1752 terrenis
887 1698 1040 1752 hisce
1075 1697 1401 1752 hominibus
1437 1696 1668 1752 rudibus
1716 1697 2002 1749 maximam
2035 1708 2171 1762 'par-

606 1802 714 1844 tem
743 1799 798 1844 et
841 1789 1082 1844 sordidis
1113 1798 1169 1844 et
1203 1789 1494 1843 maculatis
1526 1791 1814 1842 interesse.
1849 1785 1950 1850 Qui
1981 1785 2128 1839 enim
2151 1821 2169 1850 ,

2285 597 2495 665 ἕψεται,
2521 596 2620 664 τῆς
2659 615 2718 649 τε
2763 595 3028 666 μέμψεως
3075 599 3108 666 ἡ
3155 597 3433 666 ἀπόφασις
3498 599 3588 650 καὶ
3627 599 3730 667 ἅμα
3781 601 3810 669 ἠ

2283 688 2382 741 τοῦ
2417 688 2870 758 ἀναθεματισμού
2924 689 3298 760 ἀναχώρησις.
3347 689 3424 742 Οὐ
3473 690 3577 758 γὰρ
3621 689 3813 745 ἄλλοθεν

2284 783 2400 836 ἀλλ’
2433 784 2464 852 ἢ
2502 785 2564 834 ὲκ
2593 783 2686 835 τοῦ
2711 785 2765 836 ὲν
2789 782 3060 852 Θαεωρίῳ
3101 783 3266 837 παλαι
3307 780 3384 851 τῷ
3431 781 3550 846 ὄρει
3607 783 3722 852 περὶ
3765 783 3815 835 τὸ

2282 875 2377 927 τοῦ
2411 875 2620 941 Κυρίου
2657 875 2816 942 σῶμα
2841 875 3137 943 γενομένου
3197 891 3257 926 τε
3288 874 3383 926 καὶ
3439 873 3680 940 φανέντος
3720 890 3815 942 φω-

2281 963 2395 1026 τδς,
2425 964 2556 1032 περὶ
2591 955 2650 1015 οὐ
2685 962 2776 1014 καὶ
2803 961 2894 1013 τὸν
2919 963 2977 1014 ἐν
2999 961 3256 1032 θεολογίᾳ
3311 961 3485 1030 μέγαν
3547 961 3816 1030 συνηνέχθη

2279 1053 2460 1122 λέγειν
2485 1053 2788 1123 Γρηγόριον
2819 1049 3030 1122 λάμψαι
3073 1056 3140 1122 τῇ
3199 1053 3382 1123 μορφῇ
3441 1051 3536 1104 καὶ
3580 1051 3672 1122 τὴν
3717 1053 3818 1105 θεό-

2278 1161 2418 1214 τητα
2449 1144 2796 1215 παραδεῖξαι,
2827 1145 2930 1196 καὶ
2981 1144 3274 1214 γυμνῶσαι
3330 1144 3428 1195 τὸν
3475 1146 3531 1196 ὲν
3581 1147 3642 1213 τῇ
3678 1145 3818 1212 σαρκὶ

2280 1235 2682 1304 κρυπτόμενον.
2719 1237 2828 1288 Καὶ
2861 1237 3023 1288 πάλιν
3049 1251 3062 1267 ·
3085 1235 3148 1305 μ.
3177 1235 3281 1290 ‘226
3303 1233 3358 1304 ll]
3393 1254 3412 1286 ι
3444 1235 3561 1298 Φῶς
3597 1237 3818 1304 inrupe-

2277 1326 2557 1396 δειχθεῖσα
2581 1327 2772 1398 θεότης
2794 1329 2888 1381 ἐπὶ
2926 1328 3020 1380 τοῦ
3055 1329 3213 1398 ὅρους
3254 1328 3452 1399 μικροῦ
3513 1329 3819 1397 στερροτέρα

2277 1423 2370 1471 καὶ
2396 1418 2572 1488 ὄψεως
2595 1435 2607 1448 ·
2636 1419 2663 1471 ὃ
2698 1421 2818 1472 τότε
2851 1419 2949 1489 μὲν
2983 1420 3202 1490 ἑωράθη
3235 1423 3347 1482 τοῖς
3379 1421 3708 1482 ἀποστόλοις.
3737 1419 3818 1472 νῦν

2275 1509 2332 1561 δὲ
2355 1513 2470 1573 τοῖς
2500 1510 2644 1579 ἀμφὶ
2671 1511 2761 1562 τὸν
2793 1510 3062 1580 Παλαμᾶν
3097 1513 3202 1577 ἀεὶ,
3235 1513 3332 1564 καὶ
3387 1514 3492 1580 πρό
3545 1527 3607 1577 γε
3634 1511 3819 1564 τούτων

2276 1600 2458 1660 ἄλλοις
2493 1602 2596 1652 οὐκ
2629 1601 2860 1670 ὀλίγοις,
2897 1603 2969 1657 ὡς
3003 1602 3204 1665 ἐξεῖναι
3257 1604 3438 1670 λέγειν
3475 1603 3717 1657 ἐντεῦθεν
3769 1601 3819 1655 τδ

2277 1693 2378 1763 μὲν
2405 1693 2640 1763 ἀόρατον
2671 1694 2766 1746 τοῦ
2810 1693 2969 1758 Θεοῦ,
3003 1695 3064 1747 τὸ
3115 1695 3160 1746 δ’
3191 1696 3387 1765 ὁρατὸν
3439 1696 3561 1763 μὲν,
3592 1695 3818 1750 ἂκτιστον

2273 1785 2352 1848 δὲ,
2387 1787 2478 1838 καὶ
2508 1787 2567 1837 τὸ
2600 1785 2701 1854 μὲν
2733 1785 3066 1852 ἀμέθεκτον,
3100 1785 3159 1838 τὸ
3211 1785 3266 1838 δὲ
3301 1786 3586 1854 μεθεκτον,
3640 1786 3726 1839 καὶ
3767 1785 3819 1836 τὸ

605 1883 808 1951 inquit,
843 1882 986 1936 Deus
1031 1881 1122 1934 ille
1161 1880 1436 1933 nominari
1494 1888 1674 1947 potest
1718 1891 2030 1944 supremus,
2071 1873 2154 1942 qui

2275 1879 2374 1948 μὲν
2404 1879 2502 1930 ὐπε
2514 1877 2820 1946 ρκείμενον,
2849 1877 2908 1929 τὸ
2939 1877 2982 1928 δ’
3007 1876 3322 1944 ὑφειμένον.
3347 1877 3584 1930 Ἀτοπον
3617 1877 3717 1946 γὰρ
3740 1875 3819 1928 τδν

601 1973 952 2037 descenderit
985 1971 1113 2025 inde
1147 1981 1202 2025 et
1246 1971 1298 2024 in
1329 1980 1473 2024 terra
1517 1969 1834 2024 hominibus
1855 1969 2040 2041 iisque
2069 1967 2168 2018 ﬂa-

2265 1970 2522 2040 οὐράνιον
2553 1969 2732 2040 χῶρον
2767 1970 3148 2039 ἁπολιμπσὶνον
3171 1970 3293 2022 ὅλον
3324 1973 3584 2036 παρεῖναι
3605 1967 3664 2021 τὸ
3683 1969 3820 2020 Θεῖον

599 2061 816 2133 gitiosis
861 2061 1124 2114 intersit?
1155 2060 1250 2114 Est
1281 2059 1456 2128 igitur
1487 2060 1732 2113 essentia
1764 2059 1883 2126 ejus
1915 2056 2154 2125 superioi

2266 2059 2379 2118 τοῖς
2411 2058 2674 2122 ἐπιγείοις
2719 2056 2953 2121 τούτοις,
2985 2054 3104 2108 οὖσι
3163 2059 3430 2128 ῥυπαροῖς
3485 2059 3548 2109 τὸ
3591 2057 3818 2110 πλεῖστον

595 2151 772 2205 deitas
810 2149 1052 2204 inrreata
1086 2163 1304 2217 semper
1332 2149 1384 2202 in
1428 2139 1746 2202 cmlestibus
1796 2145 2072 2208 thalamis,
2115 2159 2154 2198 ei

2268 2149 2444 2200 εἰπεῖν
2473 2149 2566 2200 καὶ
2591 2148 2854 2200 δυσώδεσι
2885 2150 2976 2200 καὶ
3013 2137 3472 2218 μεμολυσμένοις.
3505 2151 3576 2202 ’Ἡ
3625 2149 3732 2211 πῶς
3763 2149 3819 2202 ἂν

597 2243 700 2297 hae
751 2241 818 2296 de
871 2255 1035 2296 causa
1095 2255 1312 2308 semper
1357 2239 1653 2293 invisibilis
1705 2247 1759 2290 et
1794 2235 2154 2306 imparticipa-

2270 2233 2492 2306 ὕψιστος
2524 2236 2735 2304 λέγοιτο
2783 2237 2914 2299 Θεὸς
2941 2237 3149 2290 κατιὼν
3184 2239 3394 2302 ἐκεῖθεν
3427 2241 3526 2293 καὶ
3557 2243 3667 2303 τοῖς
3715 2241 3820 2292 ἑπι-

595 2319 760 2398 bilis,
793 2331 888 2386 sed
923 2341 1126 2384 naturae
1171 2330 1334 2398 hujus
1381 2329 1668 2384 inferiores
1705 2328 1867 2382 variae
1914 2325 2154 2380 essentia

2267 2326 2440 2394 γείοις
2487 2327 2583 2380 καὶ
2637 2329 2977 2400 ὲφαμάρτοις
3029 2329 3466 2401 συνδιατρίϐων;
3513 2333 3654 2386 Ἀλλ’
3691 2329 3820 2386 εἶναι

593 2433 726 2476 sunt
755 2421 990 2494 deitates
1011 2463 1026 2485 ,
1058 2435 1230 2488 eaque
1280 2421 1346 2474 de
1395 2437 1556 2474 causa
1593 2418 1972 2473 inesscntiales
2005 2418 2154 2470 simul

2267 2419 2368 2486 τὴν
2405 2420 2504 2488 μὲν
2549 2420 2738 2474 οὐσίαν
2772 2421 2936 2473 αὐτοῦ
2967 2421 3381 2494 ὑπερκειμένην
3415 2423 3648 2494 θεότητα
3686 2427 3824 2480 ἄκτι-

591 2514 1002 2583 participabiles
1045 2523 1098 2566 et
1134 2511 1382 2566 visibiles
1411 2512 1588 2566 nobis.
1627 2527 1643 2560 ›

2269 2527 2411 2576 στον,
2434 2513 2520 2564 ἀεὶ
2548 2513 2660 2575 τοῖς
2674 2513 2946 2582 οὐρανίοις
2961 2513 3228 2579 θαλάμοις
3258 2515 3716 2586 ἐνδιατρίϐουσαν,
3739 2517 3821 2569 καὶ

587 2605 678 2660 διὰ
709 2604 870 2658 τοῦτο
897 2605 1164 2676 μένουσαν
1187 2606 1419 2674 ἀόρατον
1454 2605 1628 2670 πέιντη
1663 2601 1756 2653 καὶ
1806 2600 2112 2669 ἀμέθεκτον
2143 2614 2156 2627 ·
2198 2603 2296 2664 τὰς
2327 2602 2383 2654 δὲ
2419 2604 2704 2674 ἐνεργείας
2771 2604 2941 2674 αὐτῆς
3004 2589 3306 2677 ὐφειμένας
3342 2605 3628 2676 θεότητας,
3655 2609 3819 2677 διαφό-

589 2723 716 2774 ρους
743 2703 842 2770 τῆς
873 2703 1080 2764 οὐσίας,
1113 2702 1202 2752 καῖ
1233 2701 1319 2752 διὰ
1349 2697 1492 2750 τοῦτ’
1534 2697 1814 2757 ἀνουςίους
1880 2697 1972 2748 καὶ
2023 2696 2140 2764 ἅμα
2182 2697 2452 2765 μεθεκτὰς
2481 2701 2575 2753 καὶ
2612 2699 2814 2770 ὁρατὰς
2843 2703 2998 2772 ἡμῖν.
3036 2721 3055 2755 ι

659 2796 795 2850 VIII.
818 2795 894 2849 Ad
928 2795 1042 2849 hazc
1063 2792 1353 2862 Gregoras,
1382 2811 1398 2842 ι
1427 2791 1731 2855 Quomodo,
1753 2789 1950 2858 inquit,
1973 2789 2168 2843 melius

586 2892 711 2961 quis
747 2888 1107 2944 convincatur
1145 2902 1204 2939 se
1233 2901 1355 2939 cum
1395 2893 1568 2940 semet
1621 2888 1738 2952 ipso
1779 2897 1994 2952 unaque
2025 2896 2149 2934 cum

584 2984 788 3050 deitate
827 2981 1104 3051 pugnare?
1139 2989 1196 3032 ut
1225 2977 1470 3046 ejusdem
1501 2975 1744 3046 Gregorii
1787 2965 1997 3028 de'hoe
2033 2987 2154 3025 wr-

584 3075 668 3128 bis
697 3083 840 3127 utar.
873 3071 1009 3127 Nam
1035 3071 1082 3124 si
1129 3071 1272 3138 quis,
1314 3083 1436 3137 quae
1469 3067 1634 3120 modo
1667 3067 2016 3118 l'umlnmenta
2048 3060 2152 3118 sibi

583 3161 951 3234 posuithle
967 3161 1352 3217 communibus
1378 3167 1434 3212 et
1461 3160 1562 3227 piis
1597 3158 1846 3211 l-Lcelesia:
1870 3153 2154 3226 praeceptis

583 3253 822 3318 inuisus,
851 3253 966 3306 haec
997 3249 1159 3320 paulo
1194 3261 1314 3319 post
1353 3258 1599 3318 ten-pore
1635 3246 1791 3315 quasi
1833 3245 2154 3314 pmnitentia

581 3353 894 3399 commotus
949 3343 1076 3412 ipse
1109 3341 1336 3395 sull‘odit
1363 3349 1420 3394 et
1448 3339 1628 3392 aufcrt
1666 3357 1680 3392 :
1713 3351 1896 3390 nonne
1949 3322 2154 3404 praece-

583 3446 800 3505 ptorum
833 3435 1154 3488 violatorem
1207 3448 1264 3486 se
1299 3431 1501 3495 reddit,
1536 3439 1595 3486 ut
1625 3439 1846 3484 sanctus
1877 3427 2156 3497 apostolus

583 3527 752 3590 dicit,
798 3540 1016 3594 unaque
1049 3523 1144 3595 qui
1180 3533 1352 3578 semet
1385 3523 1562 3592 ipsum
1594 3532 1648 3576 et
1677 3521 1935 3574 deitatem
1977 3519 2154 3587 impu-

581 3616 750 3689 gnet?
791 3615 1094 3670 Allirmavit
1137 3616 1282 3668 enim
1339 3615 1455 3683 ipse
1503 3615 1556 3666 in
1599 3612 1904 3682 prooemiis,
1952 3611 2153 3664 docens

581 3709 764 3765 lucem
793 3722 954 3761 unam
1015 3707 1452 3760 inaccessibilcm
1505 3720 1628 3760 esse
1682 3719 1845 3758 unam
1877 3703 2022 3756 illam
2069 3703 2152 3756 in:

578 3811 819 3858 crcatam
881 3799 1053 3855 beata:
1083 3799 1370 3852 Trinitatis
1413 3797 1709 3853 essentiam
1760 3807 1816 3850 et
1849 3797 2148 3858 deitatem;

575 3905 632 3950 et
661 3892 790 3964 quia
825 3889 1262 3946 inacccssibilem
1303 3889 1441 3942 dixit
1475 3898 1531 3943 et
1567 3889 1896 3942 invisibilem
1923 3925 1937 3950 ,
1967 3881 2149 3940 decla-

577 3983 720 4038 ravit
755 3981 922 4036 etiam
973 3980 1146 4040 multo
1187 3981 1622 4048 prwstantiorem
1653 3995 1667 4043 ;
1715 3992 1836 4046 qua:
1871 3991 1999 4030 vero
2026 3975 2148 4028 luce

575 4077 680 4131 hac
711 4075 975 4130 inferiora
1009 4074 1241 4136 lumina,
1267 4087 1388 4127 esse
1418 4081 1629 4126 creata.
1657 4069 1798 4123 Sunt
1827 4079 2008 4122 autem
2035 4068 2148 4121 haec

575 4169 682 4224 alia
711 4167 1003 4222 innumera
1041 4173 1097 4219 et
1120 4173 1392 4233 quotquot
1421 4162 1514 4216 ille
1557 4163 1674 4231 ipse
1705 4161 1898 4214 eodem
1927 4157 2147 4212 nomine

581 4259 886 4315 set-undam
919 4255 1057 4310 lucis
1095 4258 1150 4308 in
1183 4237 1961 4320 plnribus.manil'estationem
1992 4263 2145 4302 com-

581 4357 842 4406 memorat
872 4348 926 4402 in
957 4346 1098 4400 libro
1124 4345 1192 4398 de
1217 4341 1712 4412 haptismateﬂuid
1737 4341 1938 4410 igitur?
1964 4353 2145 4393 nonne

582 4453 810 4508 rnaguus
843 4437 932 4491 hic
987 4443 1285 4505 pra-ceptor
1331 4441 1504 4487 semet
1553 4434 1729 4502 ipsum
1780 4443 1837 4486 et
1886 4431 2142 4484 deitatem

2347 2791 2430 2846 H'.
2475 2793 2618 2863 Πρὸς
2647 2791 2819 2878 ταῦτα
2857 2797 2884 2848 ὁ
2913 2795 3222 2866 Γρηγορᾶς,
3265 2817 3284 2850 ι
3323 2800 3429 2853 Καὶ
3461 2799 3578 2865 πῶς
3611 2802 3813 2866 ἅντιςμ

2261 2885 2448 2955 φησὶν,
2487 2903 2505 2936 ι
2541 2883 2825 2957 ἐλεγχθείη
2882 2889 3084 2958 μᾶλλον
3137 2892 3235 2944 καὶ
3288 2893 3474 2964 ἑαυτῷ
3529 2895 3818 2965 μαχόμενος

2257 2976 2358 3028 καὶ
2387 2979 2453 3048 τῇ
2483 2975 2731 3048 eam“;
2767 2979 2853 3032 ῖνα
2874 2983 2987 3044 τὸῖς
3013 2982 3530 3055 αὐτοῦ,Γρηγορίου
3561 2991 3685 3057 περὶ
3731 2987 3820 3040 αὐ-

2258 3069 2354 3122 τοῦ
2389 3070 2563 3138 λέγων
2589 3075 2908 3144 χρήσωμαι.
2951 3075 3015 3127 Ei
3041 3075 3152 3145 γὰρ
3176 3077 3319 3147 ἅπερ
3365 3079 3538 3141 αὐτὸς
3571 3078 3820 3149 θεμελίων

2262 3163 2506 3232 ὑπέθηκε
2540 3165 2767 3234 τρόπον,
2787 3169 2907 3230 ταῖς
2939 3169 3150 3230 κοιναῖς
3175 3171 3270 3222 καὶ
3295 3170 3554 3224 εὐσεϐέσι
3579 3173 3678 3242 τῆς
3711 3173 3819 3225 Ἐκ·-

2259 3248 2487 3319 κλησίας
2516 3251 2751 3316 ἐννοίαις
2806 3255 3096 3324 ἑπόμενος,
3157 3255 3312 3308 ταῦθ’
3343 3255 3541 3326 ὥσπερ
3575 3261 3636 3313 ὲν
3668 3277 3820 3330 μετα-

2261 3342 2409 3412 μέλῳ
2436 3343 2732 3412 γενόμενος
2763 3344 2992 3416 γνώμης
3023 3346 3296 3414 διορύττει
3325 3351 3419 3403 καὶ
3453 3353 3692 3422 ἀναιρεῖ,
3713 3351 3818 3414 πῶς

2256 3427 2317 3480 οὐ
2338 3430 2663 3500 παραϐάτην
2691 3431 2884 3484 ἑαυτὸν
2909 3434 3176 3497 δείκνυσι,
3231 3437 3372 3490 κατὰ
3409 3439 3509 3492 τὸν
3543 3439 3688 3493 θεῖον
3729 3440 3822 3508 φά-

2255 3535 2344 3571 ναι
2410 3521 2728 3589 ἀπόστολον,
2781 3525 2877 3577 καὶ
2937 3525 3056 3594 ἅμα
3111 3529 3292 3596 ἑαυτῷ
3357 3531 3680 3600 μαχόμενον
3735 3533 3819 3584 καὶ

2257 3609 2508 3682 θεότητι;
2537 3613 2816 3666 Δέδεικται
2847 3616 2955 3684 γὰρ
3005 3616 3168 3691 cepe;
3221 3619 3279 3670 ὲν
3312 3623 3632 3691 προοιμίοις
3690 3623 3820 3678 διδά-

2257 3679 2415 3756 σκων.
2437 3706 2584 3774 ἡμᾶς
2621 3705 2736 3773 (θῶς
2769 3705 2826 3758 ἓν
2859 3679 3156 3776 carptim-iw
3187 3706 3329 3763 εἶναι
3357 3679 3463 3781 τὴν
3485 3679 3659 3784 μόνην
3687 3717 3818 3768 ὲκεί-

2253 3811 2350 3864 νην
2380 3793 2638 3848 ἂκτιστον
2669 3797 2768 3863 τῆς
2797 3801 3337 3871 μακαρίαςγτριάδος
3383 3805 3586 3860 οὐσίαν
3620 3825 3679 3861 τε
3733 3809 3818 3862 καὶ

2255 3885 2503 3954 θεότητα.
2545 3885 2866 3958 Ἀπρόσιτον
2897 3889 2940 3942 δ’
2968 3891 3140 3946 εἰπὼν
3187 3897 3280 3948 καὶ
3327 3896 3816 3969 ἁόρατονδεδήλω-

2251 3993 2345 4029 κεν
2370 3973 2510 4030 εἶναι
2549 3981 2689 4046 μετὰ
2724 3979 2920 4032 πολλοῦ
2959 3983 3053 4034 τοῦ
3107 3985 3414 4054 κρείττονος
3443 4005 3461 4019 ⁸
3497 3991 3567 4042 τὰ
3621 3992 3678 4045 δὲ
3707 3993 3813 4063 μετ’

2250 4069 2382 4120 αὐτὸ
2406 4071 2584 4122 πάντα
2611 4070 2763 4137 φῶτα
2799 4073 3014 4126 κτιστά.
3053 4069 3174 4126 Εἶεν
3199 4075 3245 4128 δ’
3279 4075 3347 4129 ἂν
3369 4079 3512 4132 ἄλλα
3539 4099 3598 4134 τε
3627 4083 3811 4152 μυρία,

2249 4164 2345 4216 καὶ
2375 4166 2478 4218 ὅσα
2516 4164 2720 4235 μᾶλλον
2747 4165 2909 4228 αὐτὸς
2931 4167 3033 4236 τὴν
3061 4169 3353 4240 ὁμώνυμον
3377 4173 3568 4244 φωνὴν
3596 4176 3686 4228 τοῦ
3711 4192 3814 4244 φω-

2247 4256 2338 4319 τὸς
2369 4257 2514 4308 κατά
2536 4257 2636 4326 τὴν
2659 4257 2740 4318 είς
2787 4257 2956 4309 πλείω
3006 4261 3388 4331 σημαινόμενα
3449 4268 3813 4336 ποιησάμενος

2247 4343 2469 4397 ἔκτασιν
2495 4347 2552 4397 ὲν
2589 4343 2674 4414 τῷ⁴
2695 4347 2826 4416 περὶ
2857 4345 3236 4417 βαπτίσματος
3270 4351 3490 4416 ἐξέθετο
3547 4357 3714 4428 λόγῳ.
3743 4357 3808 4408 Οὐ

2241 4437 2430 4498 ποίνμν
2497 4435 2696 4505 ἑαυτῷ,
2741 4436 2807 4508 [ι.
2841 4437 2946 4490 227
2981 4436 3038 4510 τι]
3099 4442 3403 4511 μαχόμενος
3457 4447 3558 4499 καὶ
3609 4449 3811 4515 θεότητι

573 4533 896 4600 impugnare
923 4525 1176 4580 videtur?
1209 4524 1410 4593 Apage,
1456 4525 1568 4577 haec
1604 4524 1838 4578 amentis
1879 4521 2142 4576 doctrinae

2250 4527 2482 4594 φαίνοιτ’
2523 4521 2592 4580 ἂν
2641 4529 2670 4580 δ
2725 4529 2900 4598 μέγας
2947 4525 3104 4593 οὗτος
3157 4521 3529 4603 διδάσκαλος;
3581 4539 3806 4604 Ἄπαγε.

573 4631 628 4677 et
653 4621 854 4687 linguae
881 4627 1103 4688 peccata
1137 4617 1194 4670 in
1221 4615 1484 4684 Spiritum
1523 4615 1768 4668 divinum
1796 4653 1811 4678 ,
1865 4612 2060 4668 dolose
2081 4613 2137 4666 in

573 4713 760 4769 verbis
799 4709 1127 4782 quibusdam
1179 4707 1425 4778 pulchris
1479 4705 1782 4761 recondita.
1831 4705 1964 4759 Nam
1993 4719 2135 4757 -cum

567 4805 746 4863 multa
775 4803 866 4858 hic
891 4795 1180 4857 enunieret
1211 4801 1418 4854 lumina
1452 4809 1508 4853 et
1551 4799 1744 4852 horum
1777 4813 1946 4850 unum
1991 4795 2137 4850 dicat

571 4898 705 4952 illud
743 4913 854 4966 quo
903 4895 1166 4949 deitatem
1207 4892 1367 4947 nobis
1422 4907 1528 4944 non
1569 4892 1740 4960 ipsam
1773 4889 2132 4953 manifcstari,

571 4989 668 5044 sed
707 4997 915 5041 tantum
949 4985 1395 5039 submanifeslari
1440 5001 1454 5035 :
1493 4985 1607 5050 ipsa
1655 4983 1769 5035 haec
1803 4981 1896 5033 sub
1927 4995 2136 5049 prtem)-

567 5081 699 5138 sitio
735 5079 1098 5132 temeritatem
1131 5085 1352 5130 coercet
1379 5089 1571 5128 eorum
1603 5075 1696 5142 qui
1735 5083 1840 5126 tam
1864 5073 2026 5124 stulte
2058 5071 2135 5122 ιεὶ-

569 5173 694 5226 vina
730 5172 920 5226 ludere
967 5170 1233 5234 student,
1271 5176 1332 5221 ut
1379 5182 1410 5220 a
1455 5167 1612 5220 nobis
1661 5167 1712 5218 in
1763 5165 1886 5217 aliis
1948 5167 2133 5220 multis

567 5263 779 5319 dictum
811 5273 919 5328 est,
945 5273 1000 5317 et
1031 5277 1152 5315 eum
1185 5259 1458 5330 progressi
1490 5259 1697 5312 erimus
1723 5259 1844 5312 loco
1888 5275 1986 5313 suo
2020 5259 2133 5328 pla-

569 5357 695 5412 nius
727 5364 1055 5425 exponetur.
1087 5353 1506 5408 Brcviter-uunc
1535 5353 1680 5406 dicat
1709 5351 2132 5421 Chrysostomus

567 5457 755 5505 noster
779 5447 1018 5502 Joannes
1052 5465 1064 5498 :
1100 5464 1118 5496 ι
1161 5445 1333 5513 Saepe,
1375 5438 1535 5515 ᾰῙῚ
1577 5444 1779 5513 inquit,
1813 5443 2018 5498 dictum
2047 5453 2132 5498 est

568 5540 810 5594 divinam
837 5547 1089 5592 naturam
1125 5554 1230 5590 non
1261 5537 1436 5606 qualis
1467 5547 1654 5589 revera
1686 5536 1756 5588 sit
1785 5534 1945 5588 nobis
1968 5551 2131 5603 aper-

567 5639 674 5684 tam
705 5631 846 5694 lleri,
879 5631 972 5685 sed
1002 5629 1180 5699 qualis
1203 5628 1378 5683 oculis
1399 5627 1482 5680 vel
1504 5627 1732 5682 auribus
1749 5635 1958 5680 natura:
1990 5639 2132 5678 mor-

2244 4619 2597 4688 Μαινομένης
2620 4620 2781 4672 ταυτὶ
2807 4621 3046 4686 διανοίας
3096 4627 3192 4678 καὶ
3247 4625 3502 4699 γλάζιτης
3547 4633 3656 4683 sict
3711 4647 3809 4680 πα-

2249 4710 2574 4780 ρευρήματα
2611 4711 2753 4764 κατὰ
2780 4712 2876 4766 τοῦ
2908 4714 3092 4782 ἁγίου,
3121 4716 3279 4787 ἤθεσι
3325 4719 3807 4790 χρηστοτὲροιςδο-

2245 4801 2420 4869 λερῶς
2453 4803 2832 4872 κρυπτόμενα..
2895 4805 3073 4859 Πολλὰ
3101 4813 3210 4876 γὰρ
3235 4809 3444 4871 ἐκεῖνος
3499 4810 3806 4880 ἀπαριθμηο

2245 4889 2477 4958 σάμενος
2511 4891 2767 4958 λέγεσθαι
2805 4893 2982 4960 φῶτα,
3015 4893 3074 4954 ἓν
3093 4896 3201 4948 τῶν
3223 4897 3432 4950 πολλῶν
3469 4896 3614 4951 εἶναι
3669 4898 3804 4964 λέγει

2242 4985 2468 5036 κάκεῖνο
2499 4987 2558 5036 τὸ
2590 4985 2726 5052 φῶς,
2775 4987 2834 5038 ὲν
2869 4982 2913 5054 ᾧ
2967 4989 3044 5058 μὴ
3097 4989 3363 5059 δεδεῖχθαί
3421 5009 3614 5061 φησιν,
3677 4993 3803 5045 ἀλλὰ

2245 5077 2666 5146 παραδεὸεῖχθαι
2703 5079 3010 5148 τηνικαῦτα
3040 5082 3140 5150 τὴν
3189 5083 3439 5152 θεότητα,
3501 5088 3603 5154 τῆς
3655 5083 3802 5150 παρὰ

2245 5167 2555 5235 προθέσεως
2581 5169 2987 5241 κολαζούσηςλτὸ
3005 5171 3232 5235 αὔθαδες
3247 5177 3352 5228 τῶν
3375 5177 3596 5240 ἀτόπως
3612 5177 3800 5230 τὰθείοι

2243 5257 2319 5325 βω
2330 5259 2576 5328 μολοχείν
2597 5258 2971 5328 ὡρμημένων,
2993 5261 3068 5323 ὡς
3087 5265 3178 5314 καὶ
3194 5265 3327 5332 ἡμῖν
3364 5266 3418 5316 ὲν
3441 5265 3627 5328 ἄλλοις
3651 5266 3796 5333 εἴρη·

2242 5349 2328 5402 ταί
2362 5367 2415 5401 τε
2441 5351 2530 5401 καὶ
2567 5349 2632 5402 αὗ
2658 5349 2910 5419 προϊοῦσι
2957 5354 3282 5423 τρανότερον
3329 5356 3618 5425 εἰρήσεται
3668 5353 3794 5408 κατὰ

2240 5441 2924 5513 χώραν.Παρίτωδ“ὃμως
2967 5447 3028 5498 ἐν
3079 5445 3284 5516 βραχεῖ·
3312 5451 3340 5500 ὁ
3387 5450 3794 5520 Χρυσοῤῥήμων

2241 5535 2374 5604 ἡμῖν
2398 5537 2705 5604 συμμαχῶν
2728 5536 3011 5606 Ἰωάννης,
3037 5538 3286 5606 Εἴρηται,
3306 5541 3478 5607 λέγων
3501 5543 3578 5610 (1)
3612 5541 3791 5594 πολλά-

2240 5643 2328 5687 κις
2361 5625 2432 5686 ὡς
2469 5627 2646 5694 ἡθεία
2677 5625 2838 5693 φύσις
2885 5629 2944 5678 οὐ
2977 5629 3223 5693 φαίνεται
3275 5631 3348 5694 ὠς
3384 5632 3552 5696 ἔστιν,
3593 5631 3790 5692 ἀλλ’ὡς

638 5813 714 5882 (ι)
745 5815 843 5867 Ἐκ
873 5814 963 5882 τοῦ
992 5813 1081 5877 Et;
1109 5813 1168 5867 τὸ
1193 5813 1544 5883 Εὐαγγέλιον,
1579 5816 1673 5868 καὶ
1701 5814 1842 5877 τίνος
1865 5813 2026 5885 χάριν
2046 5812 2106 5868 ἐν
2135 5813 2199 5884 τῇ
2219 5809 2348 5883 ἁγία
2385 5812 2729 5888 Πεντηκοστῇ
2761 5811 2888 5886 ἦλθε
2917 5816 2978 5870 τὸ
3009 5816 3230 5890 Πνεῦμα
3261 5816 3319 5870 τὸ
3345 5817 3514 5884 ἅγιον.
