4134 6286
419 347 530 407 36f)

1326 345 1768 408 ΒΥΖΛΝΤΙΝίΕ
1808 346 2190 416 HlSl‘ORl/E
2229 344 2376 406 LIB.
2419 341 2701 404 XXXIII.

3549 343 3660 404 3‘70

418 459 712 526 ἐπιμετρεῖ
727 459 792 526 τῇ
815 456 937 526 ὄψει
964 457 998 527 ἦ
1026 460 1090 529 τῇ
1120 424 1255 528 ἀκοῇ
1279 457 1379 520 τῆς
1405 457 1606 528 θνητῆς
1630 459 1864 528 φύσεως·
1894 462 1990 512 καὶ

2098 443 2534 528 ῑειὶεευρετεεῑ.
2581 455 2648 510 Et
2686 469 2754 509 ne
2801 452 3192 508 scandalizeris
3220 455 3365 523 quod
3393 454 3577 510 divina
3599 466 3658 510 et

418 549 510 603 ἴνα
548 549 623 620 μὴ
655 551 735 612 είς
782 549 942 619 ὓϐριν
978 548 1218 620 ἐκλάύῃς
1261 551 1324 602 τδ
1357 549 1458 618 τὴν
1497 550 1662 618 ἁγίαν
1693 550 1786 603 καὶ
1815 567 1987 620 προσ-

423 641 662 710 ιιυνητὴν
709 640 873 709 φύσιν
919 640 1090 711 πυρὸς
1144 641 1266 709 ὄψει
1333 640 1598 709 φανῆναι,
1644 657 1662 690 ι
1704 640 1987 710 Ὠφθησαν

416 732 552 802 γὰρ,
595 737 728 800 φησι
751 773 766 796 ,
798 730 1246 802 διαμεριζόμεναι
1276 731 1526 798 γλῶσσαι
1561 731 1693 784 ὡσεὶ
1742 731 1932 802 πυρὸς,
1955 717 1980 783 ι

417 821 716 891 ἑρμηνεύει
744 823 812 875 τά
837 821 934 874 νέα
964 821 1032 874 τὰ
1056 821 1144 874 διὰ
1180 822 1462 883 Μωῦσέως
1497 811 1668 874 πάλαι
1693 822 1983 890 γενόμενα.

415 917 585 983 Λέγει
615 919 724 984 γὰρ
763 915 1030 984 Μωῦσῆς,
1070 935 1088 968 ι
1136 917 1245 968 Καὶ
1302 912 1372 986 ἦν
1421 916 1484 969 τὸ
1534 913 1670 980 εἶδος
1717 917 1810 968 τοῦ
1850 915 1985 968 Θεοῦ

430 1008 647 1078 Ἰσραὴλ
676 1009 732 1060 ἐν
761 1007 838 1075 τῷ
863 1005 982 1075 ὄρει
1021 1006 1152 1059 Σινᾶ
1175 1006 1250 1069 ὡς
1279 1005 1390 1076 πῦρ
1429 1009 1746 1077 καιόμενον.
1779 1026 1798 1059 ι
1844 1006 1984 1060 Ἀλλ’

416 1099 547 1167 δρα,
595 1100 766 1168 φησὶ,
829 1097 924 1149 καὶ
979 1099 1082 1166 τὴν
1117 1097 1261 1162 λέξιν
1311 1098 1529 1167 ἐκείνην
1590 1100 1986 1166 συμφωνοῦσαν

415 1189 593 1263 ταύτῃ
620 1194 686 1261 τῇ
722 1190 838 1260 νέαι
856 1191 918 1244 οὐ
944 1187 1058 1257 ’γὰρ
1096 1185 1219 1243 εἷπε
1271 1190 1406 1259 πῦρ,
1440 1190 1557 1245 ἀλλ’
1591 1191 1667 1252 ὡς
1703 1192 1834 1262 πῦρ.
1876 1191 1988 1244 Καὶ

395 1281 656 1334 ἐνταῦθα
683 1279 946 1350 ὤφθησαν
979 1280 1226 1349 γλῶσσαι
1249 1280 1383 1334 ὡσεὶ
1415 1280 1641 1351 πυρός.»
1672 1282 1783 1334 Καὶ
1813 1279 1987 1334 ταῦτα

418 1373 525 1440 μὲν
585 1373 614 1424 ὁ
673 1371 1099 1443 Χρυσορῤήμων
1153 1375 1217 1426 ἐκ
1282 1374 1494 1427 πολλῶν
1557 1373 1986 1444 ἀπολεξαμένοις

415 1464 554 1531 ἡμῖν
575 1461 734 1530 ὸλίγα
759 1463 1035 1529 διέξεισιν·
1063 1464 1229 1533 ὁρᾶτε
1262 1463 1316 1516 δὲ
1355 1464 1471 1526 πῶς
1497 1461 1762 1535 βραχείας
1791 1465 1988 1528 λέξεως

417 1555 710 1624 προσθήκη
742 1555 802 1608 τὺ
844 1553 1077 1618 αὔθαδες
1123 1556 1218 1608 καὶ
1251 1556 1526 1626 τολμηρὸν
1566 1556 1864 1625 θεραπεύει
1889 1557 1988 1627 τῆς

415 1645 652 1708 ἐννοίας,
691 1649 784 1698 καὶ
803 1646 1122 1699 ἀναστέλλει
1153 1647 1212 1700 τὸ
1235 1647 1594 1716 ἀχαλίνωτον,
1623 1649 1676 1700 εί
1700 1667 1844 1712 τινες
1873 1645 1987 1703 εἷεν

416 1739 562 1809 ὑπὲρ
593 1739 662 1791 τὰ
693 1739 1018 1808 ἐσκαμμένα
1073 1740 1250 1810 πηδᾷν
1279 1740 1600 1810 ὡρμημένοι
1649 1741 1715 1794 δι’
1747 1743 1988 1810 ἀμαθίαν

415 1829 452 1898 ἢ
481 1828 780 1882 δυστοπίαν
812 1829 1206 1898 κακοδαίμονος
1263 1831 1509 1902 γνώμης.
1548 1832 1841 1884 Κάνταῦθα
1872 1849 1987 1884 τοι·

415 1917 628 1991 γαροῦν
659 1920 756 1988 τῆς
778 1919 938 1986 παρὰ
961 1920 1270 1990 προθέσεως
1305 1921 1722 1990 προστεθείσης,
1753 1922 1985 1991 μεγίστη

415 2007 611 2073 γέγονε
656 2007 750 2059 καὶ
787 2008 896 2060 τῶν
947 2009 1164 2062 ἀτόπων
1200 2010 1421 2062 ἐννοιῶν
1461 2011 1714 2080 συστολὴ,
1762 2012 1855 2065 καὶ
1897 2011 1988 2064 διά

413 2097 518 2166 τῆς
557 2096 817 2166 βραχείας
877 2102 1110 2169 ταυτησὶ
1167 2101 1487 2172 προσθήκης
1545 2105 1809 2172 μεγίστην
1861 2102 1984 2174 ἐσχε

419 2189 663 2259 ροπὴνή
715 2190 816 2258 τῆς
860 2189 1094 2260 ἀληθοῦς
1157 2193 1368 2254 ἐννοίας
1427 2194 1653 2262 ἔνδειξις
1701 2194 1838 2262 ὁμοῦ
1891 2197 1987 2248 καὶ

416 2281 692 2345 εὐγένεια,
737 2282 1052 2350 περιφανῶς
1092 2283 1476 2353 ἀνατρέπουσα
1518 2284 1621 2355 τὴν
1667 2285 1989 2353 πολύγλωσ-

417 2386 516 2423 σον
562 2371 768 2440 ἀωρίαν
811 2367 891 2435 οἷς
929 2373 1029 2425 ούκ
1074 2373 1237 2437 αἰδὼς
1277 2374 1344 2428 τὰ
1379 2374 1496 2428 θεῖα
1538 2375 1986 2446 βοσκηματώδεσι

417 2459 688 2529 βεϐηλοῦν
714 2460 964 2538 ἐννοίαις.
1024 2463 1088 2516 Εί
1141 2448 1200 2516 δέ
1254 2481 1332 2535 τῳ
1385 2466 1522 2536 πρὸς
1564 2466 1870 2536 βουλήσεως
1899 2470 1987 2538 εἴη

416 2550 660 2604 ἐνταῦθα
707 2556 804 2605 καὶ
845 2536 992 2607 τοῦτ’
1043 2554 1225 2609 αὐτῶν
1279 2556 1670 2623 ἐπισκώπτειν,
1703 2559 1783 2612 ὅθ’
1822 2560 1987 2631 ὑπερ·

413 2646 592 2714 τιμᾷν
621 2643 901 2708 δοκοῦντες
946 2647 1124 2701 ἐκεῖνο
1154 2647 1216 2706 τὸ
1257 2650 1372 2717 φῶς
1421 2650 1750 2719 ἀτιμάζουσι
1784 2653 1986 2721 μᾶλλον

417 2733 564 2803 ὑπὲρ
601 2735 662 2786 τὸ
703 2735 844 2800 δέον,
896 2736 1258 2805 κεραννύντες
1291 2739 1386 2791 καὶ
1421 2741 1824 2810 συμμιγνύντες
1872 2746 1986 2807 τοῖς

415 2827 484 2892 ἐκ
533 2825 830 2896 διαμέτρου
885 2830 1050 2881 πᾶσιν
1089 2831 1504 2901 ἐναντιώμασιν,
1540 2834 1735 2903 ὁρατὸν
1763 2833 1842 2905 ι[1⁵.
1881 2836 1986 2890 227

410 2914 478 2986 ὁ]
511 2915 772 2970 ἄκτιστον
819 2918 1071 2986 λέγοντες
1121 2923 1214 2975 καὶ
1260 2923 1525 2992 μεθεκτὸν
1558 2927 1854 2996 ἀπρόσιτον
1891 2930 1986 2981 καὶ

413 3008 586 3062 ᾶῦλον
622 3009 746 3062 καθ’
784 3012 915 3065 αὐτὸ
977 3015 1234 3082 μεριστὸν
1283 3016 1380 3069 καὶ
1442 3017 1542 3069 ὅσα
1593 3017 1838 3082 τοιαῦτα,
1885 3019 1985 3072 οὐκ

2089 552 2363 607 adoranda
2387 561 2581 605 natura
2606 549 2745 616 ignis
2766 547 2946 618 specie
2967 548 3079 602 visa
3111 548 3203 612 sit;
3225 563 3344 601 nam
3370 567 3386 599 ι
3412 547 3656 616 Linguae.

2091 659 2148 701 ut
2174 646 2426 715 legimus,
2445 645 2702 709 dispersae
2734 654 2988 710 umquam
3015 633 3184 709 igneae
3211 649 3602 709 apparuerunt,
3633 661 3651 692 ι

2088 738 2428 807 explicantur
2476 736 2589 788 haec
2625 733 2760 788 Novi
2815 733 3145 788 Testamenti
3193 732 3357 786 verba
3409 733 3494 785 his
3535 749 3656 802 qu:e

2090 831 2266 885 Moses
2286 829 2452 883 tradit
2468 846 2480 881 :
2495 848 2512 879 ι
2535 829 2592 882 Et
2612 826 2896 881 videbatur
2915 826 3088 879 forma
3108 825 3199 878 Dei
3219 825 3380 900 lsrael
3401 825 3453 878 in
3475 835 3656 879 monte

2090 923 2239 978 Siuai
2279 932 2536 990 tanquam
2591 919 2730 990 ignis
2778 918 3030 985 ﬂagrans.
3079 936 3098 970 ι
3136 917 3270 970 Vide
3310 920 3492 972 autem
3537 917 3654 972 haec

2088 1012 2251 1065 verba
2305 1009 2584 1078 «luninodo
2642 1022 2768 1064 cum
2800 1007 2976 1061 Novo
3013 1006 3383 1061 Testamento
3417 1021 3649 1061 consen-

2091 1103 2244 1157 tiant.
2265 1101 2397 1156 Nam
2431 1116 2538 1154 non
2570 1118 2587 1150 ι
2631 1100 2807 1170 ignem
2844 1118 2861 1149 ι
2897 1099 2985 1153 hic
3027 1097 3180 1160 dicit,
3211 1097 3308 1151 sed
3343 1115 3362 1149 ι
3399 1106 3655 1172 tanquam

2090 1193 2305 1262 ignem;
2360 1211 2376 1244 ι
2422 1193 2662 1260 itemque
2700 1192 2901 1260 lingua:
2948 1190 3280 1244 videbantur
3334 1207 3354 1240 ι
3400 1199 3655 1256 tanquam

2091 1284 2283 1354 igneae.
2325 1301 2344 1338 ι
2379 1282 2504 1337 Haec
2535 1283 2726 1351 igitur
2781 1296 2904 1350 quae
2953 1295 3018 1334 ex
3073 1280 3198 1334 aliis
3253 1280 3438 1335 multis
3483 1294 3656 1350 pauca

2090 1376 2228 1446 elegi
2261 1375 2398 1430 dicit
2434 1362 2878 1444 Chrysosto'mus.
2907 1373 3188 1428 Videtisne
3219 1388 3348 1441 ergo
3379 1371 3658 1441 quomodo

2090 1467 2256 1521 breve
2288 1468 2460 1519 etiam.
2486 1464 2780 1518 Verborum
2819 1463 3252 1517 additamentum
3290 1463 3654 1517 temeritatem

2089 1567 2144 1612 et
2169 1556 2449 1610 licentiam
2482 1555 2680 1608 mentis
2705 1553 2954 1621 castiget,
2985 1561 3040 1604 ct
3083 1551 3260 1606 frenet
3285 1551 3656 1612 insolentiam.

2090 1647 2134 1701 si
2173 1626 2308 1700 fines
2356 1644 2578 1714 quidam
2631 1645 2906 1699 transilire
2941 1653 3166 1713 prOpte-r
3206 1642 3566 1711 ignorantiam
3602 1651 3659 1696 et

2090 1752 2312 1807 pravam
2345 1737 2591 1791 certandi
2623 1736 2924 1792 libidinem,
2953 1735 3256 1791 studeant?
3287 1734 3421 1789 Nam
3449 1734 3659 1803 adjecta

2093 1827 2184 1882 illa
2215 1828 2309 1883 sub
2342 1811 2753 1899 pra‘positione,
2796 1827 3117 1897 gravissima
3168 1835 3286 1880 orta
3325 1835 3411 1880 est
3447 1827 3660 1892 inepto-

2091 1933 2212 1972 rum
2269 1919 2712 1988 argumentorum
2753 1918 3074 1986 publiratio,
3126 1928 3183 1971 et
3233 1918 3394 1970 breve
3445 1914 3658 1968 addita—

2090 2018 2333 2064 mentum
2371 2009 2504 2062 iliud
2521 2009 2585 2062 ad
2611 2024 2792 2063 veram
2827 2010 3152 2063 sententiam
3189 2007 3570 2062 declarandarn
3599 2014 3657 2059 et

2088 2099 2518 2154 confirmandam
2553 2081 2762 2156 summi
2809 2099 3073 2152 momenti
3125 2111 3244 2163 est;
3301 2114 3411 2167 quo
3454 2113 3650 2166 nempe

2091 2187 2383 2241 manifesto
2432 2202 2572 2273 vana
2627 2187 2966 2240 concertatio
3020 2203 3270 2256 repressa
3331 2196 3417 2241 est
3462 2203 3654 2240 eorum

2088 2280 2293 2349 quibus
2321 2295 2428 2334 non
2461 2279 2640 2349 pudor
2663 2288 2746 2334 est
2777 2279 2966 2334 divina
3001 2281 3659 2358 turpissimissententiis

2087 2371 2400 2442 profanare.
2431 2370 2537 2424 Sed
2565 2371 2731 2430 liceat
2767 2372 2900 2425 mihi
2925 2373 3088 2425 etiam
3122 2373 3487 2442 perstringere
3509 2374 3656 2442 quod

2087 2462 2166 2518 illi
2203 2462 2380 2516 lucem
2432 2461 2577 2516 illam
2631 2460 2761 2515 dum
2801 2463 2957 2516 nimii
3007 2463 3302 2528 aestiment,
3343 2463 3510 2534 418
3537 2464 3656 2525 plus

2086 2568 2242 2623 aquo
2288 2552 2472 2622 potius
2531 2551 2794 2622 abjiciunt
2829 2591 2843 2615 ,
2907 2567 3028 2605 cum
3101 2553 3441 2608 confundant
3481 2555 3561 2608 sic
3601 2562 3658 2608 et

2088 2645 2478 2697 commisceant
2503 2657 2626 2696 cum
2662 2642 2729 2695 iis
2765 2658 2886 2710 qua:
2918 2657 3147 2712 prorsus
3175 2643 3352 2697 aliena
3385 2653 3539 2703 sunt,
3569 2643 3652 2697 vi-

2088 2732 2304 2786 sibilem
2348 2730 2597 2784 dicentes
2639 2744 2758 2798 quas
2794 2729 2886 2782 lux
2928 2729 3190 2792 iucreata,
3220 2729 3654 2804 participabilem

2088 2838 2207 2892 quae
2234 2820 2652 2882 inaccessibilis,
2673 2819 2952 2874 dividuam
2985 2834 3104 2887 qua:
3134 2819 3252 2872 sine
3286 2819 3518 2873 materia
3547 2827 3654 2876 est.

2088 2912 2410 2984 linjusmodi
2451 2912 2562 2982 jam
2604 2911 2708 2966 alia
2744 2920 2871 2966 sunt
2906 2910 3075 2964 multa
3116 2925 3237 2978 quae
3284 2921 3442 2964 nunc
3474 2919 3651 2967 taceo.

2087 3003 2273 3074 Neque
2317 3003 2569 3058 consulto
2615 3002 2694 3057 illi
2744 3017 3117 3065 succenseam,
3176 3001 3287 3054 imo
3339 3001 3486 3070 quod
3529 3001 3655 3070 qui-

411 3098 595 3168 ἔγωγε
633 3101 927 3171 διοίσομαι,
963 3103 1070 3155 οὐδ’
1105 3105 1244 3158 ἑκών
1294 3122 1357 3172 γε
1409 3103 1550 3160 εἶναι
1583 3109 1784 3178 τουτῳῒ
1817 3127 1980 3180 νεμε-

2090 3098 2208 3152 dem
2236 3096 2300 3150 ad
2331 3113 2416 3150 me
2438 3095 2654 3159 attinet,
2683 3094 2833 3148 illum
2855 3093 3082 3147 omnino
3112 3108 3221 3147 non
3244 3093 3652 3163 reprehenden-

415 3189 572 3261 σῴην
603 3191 689 3244 ἄν.
735 3193 896 3246 Ἀλλά
951 3194 1041 3246 καὶ
1084 3195 1141 3246 τὸ
1186 3197 1506 3267 ἀνεγκλήτῳ
1555 3199 1740 3266 μένειν
1785 3201 1989 3254 παντά-

414 3300 557 3334 πασι
589 3283 647 3334 τό
676 3283 728 3351 γ’
752 3284 886 3352 ἐμὸν
931 3286 1092 3352 μέρος
1125 3287 1377 3356 ἀσμένως
1409 3289 1557 3358 αὐτῷ
1591 3291 1786 3360 κομιδῇ
1827 3311 1987 3362 χαρι-

419 3369 655 3439 σαίμην·
689 3371 784 3421 καὶ
831 3364 976 3423 οὗτοι
1015 3375 1116 3440 γὰρ
1150 3373 1185 3425 ἀ
1221 3375 1354 3444 μηδὲ
1403 3379 1513 3438 τοῖς
1559 3378 1854 3448 κτίσμασιν
1891 3382 1990 3434 οὐκ

419 3457 494 3510 ἄν
544 3475 628 3521 τις
681 3458 897 3530 τολμῴη
961 3463 1320 3531 παρέχεσθαι,
1377 3465 1596 3534 δαίμοσι
1649 3469 1850 3540 δηλαδὴ
1897 3473 1988 3524 καὶ

411 3546 624 3616 ψυχαῖς
674 3552 770 3604 καὶ
825 3543 1078 3618 ἀγγέλοις
1145 3555 1399 3625 (ἀόρατος
1461 3557 1569 3627 γὰρ
1624 3559 1718 3611 καὶ
1784 3561 1990 3615 τούτων

421 3639 685 3693 ἁπάντων
713 3642 746 3708 ἠ
781 3642 964 3709 φύσις,
1006 3647 1056 3697 εἰ
1094 3646 1167 3714 μὴ
1205 3645 1291 3698 διὰ
1325 3648 1610 3716 συμϐόλων
1665 3655 1760 3706 καὶ
1803 3651 1990 3728 τύπων

419 3731 753 3811 σωματικῶν
811 3734 982 3804 ἐνίοτε
1048 3737 1330 3803 φαίνοιντο
1379 3739 1469 3790 τὸν
1518 3741 1769 3801 ἑκάστοις
1822 3760 1992 3811 προσ-

416 3821 627 3888 ήκοντα
673 3822 921 3893 τρόπον),
961 3824 1170 3887 τούτοις
1217 3827 1472 3894 ἀσμένως
1529 3831 1988 3899 συναριθμεῖσθαι

414 3907 527 3969 τὰς
558 3909 762 3972 οίκείας
795 3911 1058 3979 θεότητας
1094 3911 1394 3964 συνωθούσι
1440 3914 1537 3976 τὰς
1567 3916 1853 3979 ἁκτίστους
1896 3920 1989 3970 καὶ

416 3999 774 4068 ἀπροσίτους,
834 4001 931 4054 καὶ
986 4003 1224 4069 μάλιστα
1279 4005 1468 4056 πασῶν
1518 4007 1576 4057 τὸ
1611 3999 2028 4076 διειλημμένον

415 4093 601 4144 ἐκεῖνο
649 4092 781 4158 φῶς.
842 4094 1054 4164 Ὥσπερ
1127 4096 1234 4165 γὰρ
1295 4097 1584 4166 ἀνανδρίας
1645 4100 1990 4169 ἑκατέρωθεν

415 4179 646 4252 ἔλεγχον
677 4185 877 4252 ἀμφοῖν
910 4185 1077 4254 ἄμφω
1138 4189 1378 4254 κομίζει,
1426 4189 1505 4257 τῷ
1543 4207 1605 4240 σε
1651 4191 1726 4259 μὴ
1782 4191 1988 4244 θέλοντι

420 4276 684 4344 Θνήσκειν
711 4279 798 4328 ὅτε
829 4277 931 4342 δεῖ,
963 4280 1058 4330 καὶ
1097 4280 1172 4350 τῷ
1216 4280 1422 4333 θέλοντι
1474 4284 1635 4334 πάλιν
1665 4284 1753 4335 ὅτε
1783 4285 1858 4354 μὴ
1887 4285 1985 4351 δεῖ,

419 4364 573 4418 οὕτω
610 4368 711 4418 κάν
741 4369 862 4428 ταῖς
896 4367 1071 4431 θείαις
1108 4373 1298 4438 τιμαῖς
1335 4371 1395 4423 τὸ
1430 4371 1772 4441 ὑπερϐάλλον
1803 4370 1862 4428 οὗ
1912 4377 1986 4446 μὴ

421 4453 716 4526 προσήκει,
766 4457 828 4507 ού
867 4457 1032 4527 τιμὴν
1077 4461 1304 4528 παρέχει
1361 4460 1500 4528 θεῷ,
1544 4463 1745 4515 σκοπὸν
1774 4463 1984 4534 ὕϐρεως
2017 4447 2066 4506 D

423 4544 734 4613 τηνικαῦτα
791 4546 892 4615 τῆς
946 4549 1040 4600 τοῦ
1089 4550 1352 4615 εύλαόοῦς
1389 4555 1811 4623 προσποιήσεως
1848 4571 1986 4626 συμ-

424 4637 799 4706 πορευόμενόν
836 4657 891 4690 τε
922 4639 1020 4692 καὶ
1061 4643 1407 4709 συμπλέοντα
1449 4646 1820 4715 κεκτημένης.
1854 4648 1988 4698 Πολ-

417 4729 521 4782 λοῦ
579 4729 731 4797 μέντ’
772 4731 839 4782 ἂν
873 4731 1084 4800 δεήσειε
1128 4734 1202 4803 μὴ
1251 4735 1344 4787 καὶ
1401 4738 1538 4806 πρὸς
1595 4737 1694 4807 τὴν
1735 4738 1986 4792 Ναυάτου

427 4821 848 4891 μισανθρωπίαν
904 4824 1068 4877 ώθεῖν
1117 4825 1218 4896 τὴν
1274 4827 1524 4898 μίμησιν,
1564 4828 1621 4892 ὃς
1661 4832 1758 4898 τὴν
1789 4830 1990 4898 ἀρετὴν

423 4917 482 4974 ἐ,
517 4917 574 4964 τὸ
606 4914 948 4984 ὑπερϐέιλλον
983 4917 1150 4988 τιμᾷν
1193 4923 1688 4990 προσποιούμενος,
1724 4921 1892 4973 ’ἔλαθε
1933 4923 1990 4973 τὸ

422 5006 524 5058 τοῦ
559 5008 692 5060 Θεοῦ
734 5010 1121 5080 φιλάνθρωπον
1169 5013 1226 5075 ἐξ
1281 5014 1460 5065 αὐτῶν
1511 5015 1798 5084 κρηπίδων
1835 5013 1990 5066 ἅντι-

425 5114 568 5166 κρυς
606 5100 866 5169 ἀναιρῶν,
897 5103 994 5172 τὴν
1027 5102 1085 5167 ἐξ
1113 5104 1390 5172 ἁμαρτίας
1420 5109 1711 5173 μετάνοιαν
1742 5105 1995 5173 οὐδαμῶς

428 5189 817 5258 προσιέμενος,
861 5193 954 5243 καὶ
995 5194 1368 5262 προσηγορίαν
1401 5195 1688 5258 εὗλαόείας
1723 5197 1781 5247 ἐν
1813 5195 1993 5265 ὰωρίᾳ

431 5280 756 5347 προφάσεως
790 5281 969 5352 ἐαυτῷ
1023 5284 1438 5352 προμνώμενος,
1488 5287 1555 5337 τὰ
1596 5287 1847 5354 χείριστα
1895 5285 1995 5350 τῆς

431 5374 632 5438 κακίας
659 5378 770 5438 τοῖς
801 5376 1197 5447 ὴκολοοθηκόσι
1227 5379 1617 5450 προύξένησεν
1646 5379 1789 5431 οὕτω
1818 5379 1997 5448 χείρι-

434 5466 562 5517 στόν
603 5468 716 5518 ἐστι
752 5467 892 5537 ὑπὲρ
937 5468 999 5527 ,τὸ
1051 5468 1170 5522 δέον
1219 5451 1404 5540 etiam
1467 5475 1559 5523 καὶ
1598 5471 1826 5540 Πατρῶν
1874 5471 1997 5539 ὅρια

434 5559 627 5608 κινεῖν.
675 5557 1020 5625 ’Δντιφωνεῖν
1069 5561 1180 5632 γάρ
1229 5563 1440 5629 ἀνάγκη
1475 5563 1584 5623 τοῖς
1625 5561 1856 5628 ἀφανέσι
1888 5561 1997 5612 τῶν

435 5646 669 5716 ὀρέξεων
721 5649 953 5703 ἐνταῦθα
1009 5653 1209 5706 πάθεσι
1274 5655 1338 5705 τὰ
1383 5653 1564 5721 χειρὸς
1612 5658 1706 5704 καὶ
1752 5654 2000 5720 γλώττης

439 5737 658 5807 ἐμφανῆ
701 5741 1010 5810 κινήματα,
1048 5743 1143 5794 καὶ
1189 5745 1476 5813 σφετέρα-ς
1532 5744 1766 5814 σφέτερα
1808 5745 1997 5812 μέρεσι

2089 3186 2222 3256 ὼηηΔ
2262 3201 2385 3241 esse
2442 3187 2652 3241 malim.
2707 3185 2812 3241 Sed
2863 3185 2915 3238 hi
2966 3185 3114 3254 quod
3155 3185 3280 3255 quis
3333 3200 3442 3239 non
3495 3183 3655 3242 facile

2088 3278 2356 3332 creaturis
2383 3265 2624 3331 tribu'ere
2652 3279 2804 3340 velit,
2853 3269 3196 3331 daemonibus
3235 3285 3424 3344 aperte
3448 3283 3505 3330 et
3530 3275 3656 3330 ani-
3683 3318 3687 3319 κ

2088 3369 2193 3423 mis
2226 3380 2276 3423 et
2314 3370 2541 3438 angelis,
2564 3385 2798 3440 quorum
2847 3385 2978 3424 sane
3009 3370 3255 3424 omnium
3291 3381 3483 3429 natura
3516 3367 3658 3422 invi-
3727 3357 3751 3375 “’

2088 3459 2262 3513 sibilis
2288 3468 2392 3524 est,
2428 3471 2628 3528 praeter
2657 3460 2802 3528 quod
2830 3459 3092 3530 symbolis
3113 3469 3169 3514 et
3201 3458 3342 3529 typis
3373 3455 3656 3528 corporeis

2089 3551 2365 3605 interdum
2400 3567 2501 3621 pro
2531 3553 2777 3621 ipsorum
2805 3553 3004 3620 singuli
3031 3552 3236 3622 quique
3268 3561 3462 3606 natura
3495 3551 3659 3605 nobis
3724 3605 3728 3608 .

2089 3649 2387 3709 apparent,
2421 3650 2787 3693 annumerant
2813 3641 2959 3708 ipsas
3006 3641 3237 3696 deitates
3291 3642 3564 3696 increatas
3601 3654 3660 3696 et
3721 3683 3728 3691 .

2088 3731 2497 3784 inaccessibiles
2559 3739 2616 3784 et
2667 3746 2778 3800 prae
2811 3733 2932 3787 aliis
2980 3715 3238 3786 omnibus
3289 3733 3465 3787 lucem
3506 3733 3656 3786 illam

2087 3835 2251 3889 quam
2281 3820 2539 3874 diximus.
2582 3819 3256 3884 Quemadinodum'autem
3296 3823 3525 3891 ignavia}
3555 3837 3654 3891 op-

2087 3911 2315 3980 probrio
2349 3911 2546 3980 dignus
2572 3919 2654 3965 est
2689 3922 2938 3980 uterque,
2969 3921 3023 3966 et
3057 3914 3147 3978 qui
3190 3914 3330 3968 mori
3376 3929 3490 3968 non
3538 3914 3658 3968 vult

2087 4015 2210 4055 cum
2242 4002 2425 4064 debet,
2459 3991 2631 4071 et‘qui
2667 4002 2782 4056 vult
2817 4017 2940 4056 cum
2977 4019 3084 4056 non
3118 4004 3300 4062 debet.
3330 4003 3404 4058 ita
3434 4019 3654 4074 quoque

2090 4093 2147 4146 in
2181 4092 2382 4146 divinis
2417 4094 2695 4148 attributis
2745 4093 2891 4162 quod
2946 4095 3182 4148 nimium
3228 4105 3310 4150 est
3339 4112 3449 4150 non
3481 4097 3656 4152 hono-

2087 4180 2202 4238 rein
2233 4184 2340 4238 fert
2361 4185 2491 4250 Deo,
2517 4200 2643 4239 cum
2674 4201 2894 4255 semper
2925 4187 2970 4240 si
3004 4187 3134 4256 quid
3167 4187 3389 4241 additur
3421 4188 3472 4242 id
3503 4204 3657 4241 arro-

2088 4277 2283 4347 gantiae
2312 4277 2526 4346 culpam
2563 4276 2763 4332 habeat
2792 4287 2849 4332 ct
2881 4293 3066 4334 secum
3101 4279 3259 4333 ferat.
3297 4281 3413 4346 Qua
3438 4281 3655 4334 ratione

2089 4386 2197 4424 non
2254 4370 2484 4425 multum
2531 4371 2688 4426 abest
2721 4371 2851 4441 quin
2893 4373 2958 4428 ad
2985 4371 3180 4427 Novati
3217 4374 3402 4428 odium
3440 4373 3660 4428 imitan-

2089 4461 2218 4513 dum
2249 4461 2656 4530 compellamur,
2687 4462 2778 4530 qui
2813 4478 2935 4515 cum
2965 4463 3218 4518 virtutem
3246 4473 3404 4533 supra
3432 4465 3651 4518 modum

2089 4542 2360 4604 aestimare
2397 4553 2684 4614 simulans,
2717 4553 2810 4605 Dei
2844 4554 3123 4607 hominum
3155 4569 3395 4607 amorem
3436 4557 3487 4608 in
3521 4555 3656 4619 ipsis

2091 4642 2460 4696 fundamentis
2491 4645 2706 4696 evertit.
2723 4644 2852 4697 Nam
2871 4645 3166 4712 peccatoris
3182 4646 3558 4714 paenitentiam
3581 4649 3661 4703 ui-

2092 4733 2189 4786 bili
2215 4733 2434 4797 habuit;
2468 4743 2522 4786 et
2551 4749 2672 4787 cum
2704 4735 2941 4788 cautiani
2971 4751 3070 4804 pro
3097 4737 3277 4790 inutili
3304 4739 3659 4792 excusatione

2093 4822 2258 4894 419
2309 4832 2455 4885 totus
2509 4823 2848 4888 conﬁderet,
2899 4827 3134 4894 posteris
3187 4826 3389 4897 flagitia
3446 4845 3660 4883 summa

2095 4916 2438 4983 pra'paravit.
2491 4915 2672 4981 Quare
2734 4917 3031 4986 pessimum
3091 4928 3176 4973 est
3225 4935 3385 4988 Supra
3437 4923 3659 4976 modum

2093 5008 2365 5059 aestimare
2414 5007 2640 5073 aliquit!
2674 5018 2730 5061 et
2761 5006 2987 5061 Patrum
3037 5018 3308 5076 prmeepta
3345 5011 3656 5066 immutare.

2096 5097 2180 5150 Fit
2209 5098 2355 5152 enim
2391 5106 2449 5150 ut
2477 5100 2785 5167 discrepent
2825 5099 2891 5153 ab
2935 5101 3166 5154 occultis
3212 5101 3379 5155 animi
3420 5105 3662 5158 motibus

2099 5205 2294 5243 manus
2325 5198 2378 5242 et
2405 5191 2605 5259 lingua:
2637 5200 2818 5244 motus
2849 5191 3154 5259 conSpicui,
3189 5199 3246 5245 et
3279 5192 3421 5248 inter
3449 5195 3662 5264 singula

2099 5285 2341 5337 membra
2386 5283 2746 5354 repugnantia
2777 5282 3022 5351 quaedam
3068 5294 3125 5337 et
3155 5283 3428 5338 dissensio
3463 5285 3661 5346 alatur.

2099 5375 2271 5426 donec
2296 5381 2512 5440 tempus
2539 5372 2767 5442 jnstitiae
2810 5380 2958 5426 certa
2991 5373 3196 5428 trutina-
3221 5375 3468 5431 adhibita
3502 5372 3661 5448 aper;

2101 5472 2212 5516 tum
2247 5462 2603 5531 approbrium
2636 5463 2689 5515 in
2735 5463 2913 5516 lucem
2959 5463 3098 5518 ferat
3128 5474 3184 5519 et
3212 5479 3305 5520 eos
3332 5467 3425 5536 qui
3453 5467 3661 5523 honore

2099 5556 2367 5611 fruiturus
2397 5571 2455 5610 sc
2485 5565 2772 5624 sperarent
2803 5556 3104 5626 ignominia
3149 5567 3363 5614 notatos
3386 5561 3660 5617 ostendat.

2100 5649 2254 5715 Quod
2307 5647 2515 5717 experti
2550 5650 2800 5718 suntqui
2834 5649 3216 5704 Aelislitarum
3262 5652 3492 5706 haeresin
3535 5649 3659 5723 pro:

2106 5742 2369 5795 tulerunt.
2421 5741 2483 5796 lli
2537 5740 2682 5795 cnim
2735 5742 2938 5799 Christi
2976 5759 3176 5814 corpus
3227 5745 3553 5802 celebraturi
3585 5748 3657 5801 in-
