4134 6286
554 332 660 395 375

1705 352 2128 417 NICEPHORI
2165 357 2549 427 GREGORIE

3667 369 3764 431 376

553 455 692 514 lecta
723 457 777 501 et
805 460 1084 520 percepta,
1121 462 1179 508 ut
1211 469 1402 514 omnes
1423 466 1480 514 et
1508 476 1604 516 vos
1637 462 1906 532 imprimis
1944 474 2107 522 testa-

2221 473 2447 544 σώματα
2481 491 2767 548 ποιοτητες
2815 477 2910 532 καὶ
2953 478 3260 548 ἀσώματοι,
3289 476 3542 546 αίσθηταὶ
3577 476 3622 530 δ’
3657 477 3763 536 οὗν.

555 541 730 595 mini?
759 543 865 597 Sed
885 545 1040 600 vobis
1061 559 1284 618 propter
1315 552 1584 609 inscitiam
1613 558 1920 612 tacentibus
1949 559 2115 614 inter-

555 641 808 697 pretatur
843 633 956 689 lnec
989 648 1210 692 sanctus
1245 639 1482 696 Joannes
1521 643 1684 714 424
1722 646 2110 702 Damascenus.

558 739 576 772 ι
599 721 656 775 in
690 713 940 778 Tliabore
971 739 1176 794 monte,
1197 730 1394 800 inquit,
1415 713 1938 792 solisiinstarluoem
1968 738 2114 792 circa

558 810 764 866 vultum
792 814 896 868 sibi
933 813 1189 874 Christus
1219 819 1484 886 incendit,
1525 832 1584 878 ut
1618 825 1762 881 sicut
1807 825 1950 882 Deus
1979 829 2114 883 sub-

561 902 941 960 manifestarct
987 908 1276 978 discipulis
1319 911 1543 968 deitatis
1587 931 1700 971 sum
1751 918 2112 987 maiestatem.

519 1063 524 1072 Ι
553 992 742 1062 Itaque
775 995 977 1050 factum
1011 1011 1093 1064 ut,
1129 1017 1252 1056 cum
1281 995 1446 1058 etiam
1480 1007 1642 1062 Musis
1671 1009 1798 1062 olim
1821 1001 2000 1065 vultus
2027 1011 2113 1064 ef-

552 1080 781 1148 fulserit,
804 1087 1253 1146 calumniatorem
1277 1093 1524 1160 latuerit,
1559 1097 1910 1166 splendorem
1963 1083 2138 1155 hunc,

513 1241 516 1250 Ι
551 1172 801 1226 εοιίεἱιιιιε
821 1177 1230 1246 perceptibilem
1261 1181 1482 1240 fuisse.»
1511 1185 1674 1241 Vides
1703 1186 1870 1257 igitur
1889 1199 1943 1244 ct
1967 1189 2112 1244 hunc

551 1259 736 1315 dicere
765 1279 966 1334 corpus
992 1279 1047 1322 et
1079 1273 1330 1328 sensibus
1359 1275 1667 1346 subjectum
1701 1287 1758 1333 et
1788 1289 2108 1350 perceptum

547 1349 720 1406 fuisse
745 1353 1112 1414 illuminatum
1136 1362 1342 1418 Christi
1363 1365 1598 1422 vultum.
1617 1369 1734 1424 Non
1762 1349 1909 1426 enim
1938 1349 2112 1444 imago

555 1443 875 1510 mysterium
909 1448 1203 1505 incarnatm
1231 1463 1442 1510 natura:
1465 1469 1623 1524 erat;
1656 1460 1702 1513 si
1731 1467 1861 1516 vero
1889 1443 2110 1530 corpus.

547 1547 680 1600 ergo
713 1540 948 1593 essentia
977 1543 1202 1598 omnino
1248 1557 1452 1602 creata.
1487 1549 1932 1607 lncreatistarnm
1965 1555 2110 1608 enim

555 1623 787 1680 hmresis
837 1630 1052 1686 Domini
1110 1651 1330 1692 carnem
1391 1640 1724 1696 existimavit
1786 1643 2108 1698 increatam.

549 1711 704 1770 Unde
757 1717 925 1786 igitur
977 1721 1256 1779 increatus
1303 1729 1566 1795 splendor
1629 1732 1716 1786 ille
1771 1725 2106 1788 scnsualitcr

546 1809 890 1874 conceptus?
919 1809 1052 1876 Quis
1098 1823 1184 1868 cst
1227 1817 1318 1884 qui
1367 1819 1482 1874 haec
1527 1822 1775 1890 proferre
1817 1838 1986 1878 ausus
2039 1825 2112 1880 sit

548 1893 655 1948 nisi
723 1895 1064 1957 lennomacbi
1124 1915 1344 1973 postea.
1380 1911 1667 1966 Manichaai
1707 1923 1760 1966 et
1803 1913 2110 1969 Massaliani

547 1998 731 2054 antea,
766 2003 1122 2068 nuneautem
1159 1999 1472 2056 Palamitaa?
1499 2004 1689 2059 Nonne
1720 2006 1920 2060 auditis
1947 2023 2110 2076 quam

548 2081 998 2140 manifestissime
1027 2098 1250 2144 sanctos
1271 2091 1594 2160 loquentes:
1624 2095 1768 2164 quod
1793 2096 1858 2152 ad
1885 2111 2110 2150 sensum

547 2171 706 2226 cadat
749 2189 872 2228 esse
917 2177 1174 2244 visibile;
1225 2181 1531 2238 increatum
1572 2196 1756 2241 autem
1807 2204 1915 2242 non
1949 2191 2111 2244 modo

547 2278 654 2318 non
679 2265 1121 2332 visibile,verum
1156 2273 1320 2328 etiam
1351 2287 1590 2331 mentem
1624 2295 1688 2334 ac
1717 2280 1983 2334 rationem
2015 2297 2110 2336 su-

548 2359 880 2424 peransiAt
911 2377 1038 2416 vero
1067 2363 1196 2432 quid
1232 2367 1452 2426 tandem
1483 2369 1589 2423 erit
1621 2385 1686 2424 ex
1714 2372 1973 2426 omnibus
2017 2372 2111 2425 al-

551 2458 732 2503 terum
765 2451 1082 2520 quoddam,
1117 2455 1224 2509 nisi
1260 2457 1404 2526 quod
1438 2459 1530 2512 lux
1570 2477 1678 2516 una
1713 2462 2112 2518 inaccessibilis

545 2547 630 2594 est
659 2547 848 2606 etuna
884 2549 1092 2597 tantum
1125 2547 1345 2615 proprie
1375 2547 1560 2602 Deus?
1584 2551 1902 2620 Quanquam
1925 2594 1939 2616 ,
1985 2569 2110 2608 cum

549 2630 738 2698 regula
771 2633 1011 2700 quadam
1043 2651 1105 2690 ac
1133 2645 1336 2692 statera
1368 2654 1689 2696 communes
1717 2643 1836 2700 illas
1881 2653 1933 2697 et
1977 2660 2108 2713 pro-

547 2717 704 2774 batas
743 2721 1004 2800 omnibus
1043 2724 1335 2794 opiniones
1384 2729 1883 2787 exarninaverimus
1905 2774 1918 2796 ,
1951 2743 2011 2788 ut
2040 2733 2108 2787 ad

547 2809 728 2880 priora
771 2811 860 2866 illa
906 2814 1262 2882 respicientes
1304 2816 1466 2888 425
1498 2820 1767 2874 rationum
1798 2837 1920 2891 quas
1967 2825 2096 2880 inde

541 2913 852 2974 sequuntur
875 2899 1224 2984 operationes
1244 2919 1296 2964 et
1316 2909 1696 2966 conclusiones
1716 2914 2106 2982 gubernemus,

541 2993 703 3050 nobis
747 2997 1101 3064 quam-udum
1155 3008 1240 3052 est
1285 2999 1560 3068 quomodo
1595 3017 1658 3055 ea
1703 3017 1824 3070 quae
1865 3013 2114 3059 commu-'

2218 567 2468 636 καὶπερὶ
2510 569 2576 622 τὰ
2609 571 2675 639 τῇ
2705 571 2956 638 αἰσθήσει
3007 567 3347 637 ὑποκείμενα
3397 569 3628 637 σώματα
3674 569 3765 638 τὴν

2220 656 2518 712 ὑπόστασιν
2545 677 2604 712 τε
2651 661 2748 712 καὶ
2797 660 3060 714 σύστασιν
3107 659 3354 729 ἔχουσαι*
3391 660 3498 712 πᾶν
3528 659 3586 712 δὲ
3617 660 3678 713 τὸ
3703 663 3766 730 τῇ
3835 693 3838 702 -

2217 747 2469 817 αἰσθήσει
2513 749 2952 821 ὑποϐαλλόμενον
2997 753 3026 805 ὁ
3059 751 3201 813 θεῖος
3243 752 3440 820 φάσκει
3474 752 3769 820 Χρυσόστο-

2221 856 2320 907 μος
2351 839 2427 909 (³1)
2457 843 2582 910 μηδ’
2619 843 2808 896 οὐσίαν
2849 840 3256 912 εἶναι’ἀγγέλου
3291 843 3554 896 δύνασθαι
3581 843 3768 910 λέγειν,

2217 931 2378 998 ἀλλὰ,
2410 933 2570 1000 σῶμα
2617 935 2792 1004 πάχος
2821 935 2942 1004 ἔχον
2995 935 3093 989 καὶ
3121 936 3292 1016 τριχῆ
3311 935 3621 987 διαστατόν.
3657 935 3770 996 Πῶς

2215 1024 2310 1078 οὖν
2337 1025 2404 1078 ἂν
2436 1027 2521 1096 εἴη
2551 1025 2743 1094 θεότης
2765 1026 3024 1088 ἄκτιστος
3060 1027 3237 1078 ἐκεῖνο
3271 1026 3330 1080 τὸ
3359 1026 3498 1093 φῶς,
3529 1025 3768 1095 αἰσθήσει

2223 1116 2667 1182 ὑποϐαλλόμενον
2696 1119 2792 1170 καὶ
2827 1118 3126 1186 ὁρώμενον,
3165 1118 3240 1180 ῶς
3270 1119 3510 1178 ἅπαντες
3547 1117 3644 1184 μὲν
3683 1115 3770 1170 καὶ

2218 1210 2324 1279 πρό
2359 1227 2424 1278 γε
2469 1211 2688 1264 πάντων
2718 1212 2875 1280 ὑμεῖς
2911 1213 3288 1282 μαρτυρεῖτες
3325 1211 3399 1263 Ἢ
3429 1211 3652 1264 πάντως
3681 1210 3768 1260 καὶ

2218 1302 2373 1370 ὑμῶν
2421 1303 2862 1368 σιιιιπώντωνὲξ
2921 1305 3158 1372 ἀπορίας
3199 1304 3228 1356 6
3273 1303 3414 1364 θεῖος
3475 1299 3767 1368 ἑρμηνεύει

2215 1391 2576 1459 Δαμασκηνὸς
2609 1393 2890 1462 Ἰωάννης,
2919 1411 2940 1444 ι
2985 1395 3072 1446 Ἐν
3101 1393 3177 1462 τῷ
3211 1392 3434 1461 Θασὼρ,
3461 1392 3639 1458 λέγων
3672 1391 3768 1458 (‘2),

2213 1481 2289 1550 τῷ
2319 1482 2436 1550 ὄρει
2469 1481 2784 1551 ἐλάμπρυνε
2827 1485 2926 1550 μὲν
2970 1484 3125 1550 ἡλίου
3175 1485 3334 1554 δίκην
3375 1484 3436 1536 τὸ
3481 1483 3772 1551 πρόσωπον

2213 1569 2406 1622 ἑαυτοῦ
2439 1571 2467 1622 6
2495 1568 2748 1638 Χριστος,
2781 1570 2849 1624 ἶν’
2893 1570 2968 1632 ὡς
3003 1571 3136 1632 Θεὸς
3169 1571 3476 1642 παραδείξῃ
3526 1574 3643 1631 τοῖς
3676 1587 3774 1637 μα-

2214 1657 2404 1730 θηταῖς
2441 1659 2539 1726 τὴν
2589 1651 2695 1729 τῆς
2744 1662 2952 1724 οἰκείας
3017 1645 3273 1730 θεὸτητος
3333 1661 3608 1730 δύναμιν·
3665 1661 3774 1714 ἀλλ’

2215 1749 2398 1818 ἐπειδὴ
2435 1749 2532 1801 καὶ
2561 1749 2800 1812 Μωσέως
2831 1752 3150 1820 ὲλάμπρυνε
3190 1753 3361 1806 πάλαι
3389 1754 3450 1805 τὸ
3482 1753 3772 1820 πρόσωπον

2141 1801 2186 1860 Β
2215 1801 2434 1906 semesi,
2486 1801 2645 1893 ἔλαθε
2692 1801 3190 1897 τδνῦιάΐιῖολον
3238 1843 3326 1896 διὰ
3367 1846 3468 1912 τῆς
3499 1803 3771 1912 αιίαθητῶς

2209 1929 2408 1998 δηλαδὴ
2439 1931 2720 1984 κάνταῦθα
2753 1934 3014 2000 φανείσης
3045 1934 3485 2002 λαμπρότητος.»
3509 1933 3640 1986 Ἰδοὺ
3680 1933 3772 1984 καὶ

2208 2013 2362 2084 οὗτος
2395 2023 2554 2091 σῶμα
2600 2025 2697 2075 καὶ
2727 2025 2978 2093 αἰσθήσει
3007 2024 3312 2092 ὑποϐληθὲν
3341 2025 3437 2078 καὶ
3483 2025 3686 2090 ὀραθὲν
3715 2024 3770 2076 τὸ

2209 2111 2561 2180 λαμπρυνθὲν
2581 2113 2678 2165 τοῦ
2704 2113 2944 2182 Χριστοῦ
2975 2131 3107 2182 φησι
3133 2113 3439 2182 τηνικαῦτα
3458 2115 3768 2184 πρόσωπον.

2209 2203 2283 2254 Οὐ
2315 2203 2424 2270 γὰρ
2457 2204 2744 2271 φαντασία
2759 2204 2820 2256 τὸ
2845 2205 2945 2274 τῆς
2980 2206 3248 2280 ὲνσὰρκου
3286 2206 3598 2274 μυστήριον
3621 2207 3766 2256 οίκο·

2208 2292 2404 2362 νομίας
2440 2289 2530 2364 ἦν’
2563 2295 2612 2347 εί
2653 2295 2710 2348 δὲ
2757 2295 2939 2362 σῶμα,
2977 2297 3071 2348 καὶ
3101 2296 3263 2350 οὐσία
3297 2297 3516 2358 πάντως
3551 2298 3766 2361 κτιστῄ-

2205 2387 2272 2454 τῇ
2317 2387 2424 2456 γὰρ
2453 2385 2561 2440 τῶν
2587 2381 2944 2441 Ἀκτιστιτῶν
2994 2387 3206 2457 αἱρέσει
3263 2387 3588 2457 περιφανῶς
3623 2389 3768 2458 ιρρι.

2213 2493 2355 2529 πται
2391 2478 2491 2543 τὴν
2513 2477 2606 2530 τοῦ
2637 2478 2844 2547 Κυρίου
2873 2477 3054 2549 σάρκα
3080 2476 3324 2544 δοξάζειν
3347 2479 3628 2531 ἄκτιστον·
3661 2477 3772 2541 πῶς

2206 2567 2300 2621 οῦν
2335 2567 2590 2630 ἄκτιστος
2624 2570 2656 2636 ἡ
2687 2569 2960 2639 αἰσθητῶς
3011 2571 3245 2637 φανεῖσα
3288 2585 3601 2638 τηνικαῦτα
3633 2569 3770 2635 λαμ-

2214 2658 2458 2728 πρότηςς
2491 2658 2602 2712 Καὶ
2647 2659 2731 2722 τίς
2776 2663 2805 2712 ὁ
2836 2659 3008 2712 ταῦτα
3055 2659 3270 2728 τολμῶν
3299 2659 3601 2730 κηρύττειν
3635 2658 3770 2728 πλὴν

2206 2750 2316 2802 τῶν
2345 2747 2742 2818 Είκονομὰχων
2789 2751 2887 2818 μὲν
2917 2747 3166 2821 ὕστερον,
3199 2750 3527 2818 Μανιχαίων
3579 2751 3636 2802 δὲ
3679 2753 3770 2802 καὶ

2206 2840 2606 2894 Μασσαλιανῶν
2639 2842 2928 2912 πρότερον,
2980 2842 3075 2894 νῦν
3125 2841 3182 2895 δὲ
3239 2841 3347 2894 τῶν
3396 2841 3767 2908 Παλαμιτῶνς

2207 2924 2282 2985 Ἦ
2312 2929 2420 2998 γὰρ
2447 2929 2546 2982 οὐκ
2577 2929 2802 2992 ἀκούετε
2833 2930 3147 2998 σαφέστατα
3175 2929 3282 2981 τῶν
3303 2929 3478 2996 ἁγίων
3505 2929 3772 2996 λεγόντων

2205 3020 2268 3074 τὸ
2321 3023 2386 3088 τῇ
2437 3019 2690 3086 αἰσθήσει
2743 3019 2842 3088 μὲν
2903 3018 3343 3086 ὑποϐαλλόμενον
3395 3019 3620 3089 ὁρατὸν,
3670 3017 3771 3070 ὅδ’

543 3085 706 3141 nibus
738 3087 846 3142 illis
876 3103 938 3143 ac
973 3089 1218 3157 probatis
1251 3093 1539 3150 sententiis
1567 3094 1814 3168 opposita
1847 3106 1996 3160 sunt,
2031 3098 2102 3151 li-

2208 3085 2484 3174 ἄκτιστον,
2523 3085 2600 3179 μη
2629 3111 2711 3162 ὅτι
2745 3085 2848 3177 οὐχ
2901 3109 3122 3179 ὁρατὸν,
3175 3085 3312 3160 ἀλλὰ
3353 3085 3449 3160 καί
3512 3107 3639 3160 νοῦν
3681 3107 3771 3159 καὶ

543 3185 665 3230 ceat
713 3177 954 3232 dilucide
1001 3181 1280 3248 persequi.
1331 3181 1673 3238 Universitas
1721 3186 1869 3242 enim
1919 3203 2104 3244 rerum

541 3283 668 3326 eum
705 3275 762 3322 et
793 3271 863 3324 sit
893 3278 948 3324 et
981 3281 1206 3325 vocetur
1239 3272 1450 3337 deitas,
1489 3285 1720 3332 vocatur
1754 3279 1922 3332 etiam
1963 3280 2058 3334 lux
2088 3298 2102 3348 ;

539 3364 710 3434 igitur
737 3363 782 3419 si
817 3365 906 3419 lux
941 3381 1045 3419 una
1080 3366 1474 3424 inaccessibilis
1505 3378 1560 3424 et
1591 3372 1929 3441 sempiterna
1961 3375 2105 3430 Deus

540 3465 706 3510 estet
733 3457 956 3525 proprie
979 3473 1150 3512 unum
1177 3469 1232 3514 et
1259 3460 1433 3514 solum
1461 3459 1766 3518 increatum
1790 3505 1802 3527 ,
1828 3467 2106 3534 quomodo

539 3557 598 3602 et
633 3549 776 3601 unde
810 3548 1029 3604 inventa
1069 3561 1156 3602 est
1187 3553 1298 3620 jam
1335 3569 1365 3606 ιι
1405 3553 1642 3609 Ριιιιιιιιαι
1679 3554 1884 3614 familia
1923 3559 2103 3613 altera

541 3640 787 3696 increata
815 3640 910 3693 lux
937 3656 967 3694 a
993 3640 1270 3698 Thaboria
1302 3643 1391 3698 illa
1424 3645 1640 3700 diversa
1674 3647 1874 3703 divina:
1907 3665 2100 3706 essen-

546 3732 654 3792 tias,
721 3747 844 3800 quae
879 3748 944 3788 ex
979 3734 1281 3790 luminibus
1319 3737 1424 3791 illis
1463 3753 1492 3792 a
1526 3739 1790 3810 Gregorio
1825 3743 2104 3813 Tbeologo

537 3825 782 3880 collectis
818 3827 1002 3882 multis
1031 3829 1104 3884 sit
1138 3831 1284 3883 una?
1327 3831 1460 3897 Qure
1491 3833 1648 3890 enim.
1681 3851 1784 3890 una
1823 3852 1890 3891 ex
1916 3838 2103 3892 multis

535 3921 622 3972 est
657 3931 764 3969 non
801 3899 1028 3986 proprie
1067 3935 1172 3973 una
1209 3931 1334 3985 est;
1363 3939 1486 3991 quae
1521 3935 1704 3979 autem
1743 3927 1962 3997 proprie
1993 3945 2102 3983 una

537 4015 640 4071 est,
672 4023 735 4060 ea
761 4008 923 4062 etiam
960 4011 1313 4079 sempiterna,
1341 4030 1518 4085 neque
1544 4032 1610 4070 ex
1638 4018 1823 4072 multis
1855 4035 1960 4072 una
1983 4035 2105 4074 esse

535 4107 734 4167 potest.
761 4099 1043 4164 Quomodo
1067 4103 1210 4156 enim
1241 4105 1478 4162 increata
1507 4109 1738 4178 amplius
1765 4125 1888 4164 esse
1935 4113 2106 4180 possit

536 4189 590 4242 in
620 4189 850 4245 aliarum
879 4201 935 4246 et
959 4193 1301 4252 diversarum
1351 4211 1724 4254 creaturarum
1759 4217 1989 4256 numero
2017 4219 2104 4256 re-

533 4276 684 4336 lata?
713 4278 796 4333 An
835 4282 1110 4348 quomodo
1150 4283 1202 4338 id
1241 4287 1386 4354 quod
1429 4302 1538 4342 non
1575 4299 1692 4352 est,
1764 4289 1906 4344 idem
1941 4301 2104 4360 atque

534 4367 816 4422 essentia?
849 4368 903 4424 Si
938 4371 1083 4426 enim
1122 4371 1264 4426 idem
1288 4413 1302 4438 ,
1335 4390 1446 4428 non
1483 4375 1797 4443 diversum;
1854 4379 1936 4434 sin
1971 4395 2102 4434 vero

534 4457 848 4524 diversum,
907 4477 1014 4516 non
1049 4462 1230 4518 idem:
1267 4465 1482 4520 misceri
1519 4468 1659 4522 enim
1709 4485 1806 4538 per
1851 4483 2098 4527 naturam

537 4551 764 4604 Omnino
803 4565 908 4615 non
941 4563 1167 4620 possunt
1195 4571 1371 4622 neque
1401 4573 1636 4626 unquam
1669 4561 1722 4614 in
1760 4577 1925 4614 unum
1969 4577 2104 4618 cou-

535 4637 735 4698 ciliari.
771 4640 964 4693 Praeter
997 4641 1112 4694 haec
1172 4643 1402 4696 alterum
1434 4647 1704 4714 quoddam
1735 4659 2105 4716 opposuerunt

538 4745 664 4786 cum
684 4745 779 4798 ‘re
824 4746 930 4785 non
973 4746 1132 4800 posse
1161 4733 1380 4788 liberari
1409 4737 1754 4793 damnatione
1787 4741 1874 4793 illa
1907 4741 1972 4793 ab
2018 4757 2105 4809 sy-

539 4820 687 4874 nodo
721 4828 872 4874 serta
911 4823 1248 4877 oecumenica
1299 4825 1403 4882 sibi
1467 4828 1611 4880 illaia
1651 4829 1936 4882 sentirent.
1979 4821 2106 4884 llaec

540 4911 813 4980 oppositio
836 4911 910 4968 ita
933 4929 990 4966 se
1019 4913 1250 4968 habebat
1275 4933 1286 4968 :
1309 4915 1627 4973 Deindcnec
1657 4935 1908 4988 maguum
1935 4923 2103 4988 capis,

543 5003 821 5072 inquiunt,
844 5004 1158 5074 Dionysium
1193 5007 1282 5060 ubi
1315 5007 1490 5074 dicit:
1520 5027 1538 5059 ι
1570 5011 1799 5074 Quando
1826 5012 2108 5068 immorta—

541 5095 758 5155 litatem
791 5094 977 5166 adepti
1028 5098 1239 5156 erimus
1283 5107 1339 5152 et
1393 5100 1460 5153 ad
1507 5099 1712 5156 Christi
1763 5103 1998 5157 similem
2049 5113 2106 5160 ct

539 5187 754 5244 beatam
781 5203 964 5256 pacem
987 5183 1421 5259 pervenerimus,
1448 5203 1664 5260 semper
1689 5207 1814 5246 cum
1845 5193 2097 5260 Domino,

544 5289 604 5333 ut
643 5279 850 5333 dictum
886 5287 990 5342 est,
1022 5281 1231 5334 erimus
1269 5282 1830 5350 contenrplationibus
1867 5284 2104 5340 visibilis

541 5369 665 5438 ejus
699 5367 1161 5424 tuanil‘estationis
1193 5369 1450 5439 completi
1474 5413 1487 5433 ,
1525 5387 1649 5438 qua:
1687 5388 1788 5427 nos
1817 5375 2105 5442 magniﬁco

541 5459 834 5530 Splendore
857 5461 1241 5526 circumdabit,
1266 5463 1409 5516 sicut
1429 5461 1594 5534 426
1613 5462 1914 5533 discipulos
1942 5467 1993 5520 in
2023 5469 2107 5522 di-

541 5554 666 5613 vina
697 5553 785 5608 illa
811 5551 1310 5624 transfiguratione,
1340 5565 1394 5610 et
1428 5557 1729 5627 spirituaiis
1767 5559 1912 5615 illius
1941 5561 2104 5616 clari-

507 5695 522 5822 ;
613 5739 689 5814 (ί)
719 5741 876 5798 κατὰ
903 5740 1010 5798 Ίω.
1039 5741 1228 5814 ὁμιλία
1259 5739 1365 5814 κη’.

2207 3199 2366 3268 λόγον
2395 3199 2723 3269 ὑπερὸαϊνον
2750 3216 2763 3262 ;
2811 3197 2989 3252 Τοῦτο
3021 3199 3078 3251 δὲ
3107 3197 3158 3251 τί
3193 3197 3258 3251 ἂν
3289 3197 3372 3274 είη
3409 3197 3523 3250 τῶν
3555 3199 3770 3250 πάντων

2206 3295 2393 3366 ἕτερον
2423 3293 2455 3363 ἢ
2485 3293 2513 3346 ὃ
2549 3293 2665 3359 φῶς
2708 3291 2768 3344 ἒν
2819 3291 3118 3360 ἁπρόσιτόν
3166 3293 3282 3342 ἐστι
3345 3291 3439 3342 καὶ
3497 3289 3664 3359 μόνον
3712 3286 3768 3338 ἓν

2207 3387 2407 3457 κυρίως
2439 3388 2466 3440 6
2489 3385 2621 3448 Θεός
2647 3403 2661 3450 ;
2700 3384 2912 3448 Ὅμως,
2943 3379 3134 3452 ἐπειδῆ
3168 3383 3357 3436 κανόνι
3387 3397 3445 3432 τε
3477 3381 3578 3432 καὶ
3609 3377 3769 3431 σταθ-

2208 3477 2294 3546 μῷ
2318 3479 2429 3530 ἄνω
2457 3476 2556 3539 τὰς
2584 3476 2770 3538 κοινὰς
2806 3473 3028 3536 ὲκείνας
3059 3473 3153 3528 καὶ
3197 3473 3629 3542 ὡμολογημένας
3662 3471 3770 3530 τοῖς

2205 3569 2372 3621 πᾶσιν
2409 3559 2618 3629 ἑννοίας
2645 3565 3092 3636 προεσαλόμεθα,
3124 3564 3197 3627 ὡς
3221 3563 3286 3616 ἂν
3323 3562 3386 3634 [1⁵.
3411 3561 3521 3616 230
3553 3562 3608 3633 η]
3637 3561 3769 3630 πρὲις

2204 3660 2389 3714 ἐκεῖνα
2415 3657 2700 3726 βλέποντες
2733 3658 2830 3718 τὰς
2877 3654 3003 3724 ἑξῆς
3049 3655 3156 3708 τῶν
3193 3655 3370 3721 λόγοιν
3397 3653 3768 3744 διευθύνωμεν

2206 3752 2471 3821 ἐργασίας
2506 3750 2602 3802 καὶ
2643 3751 2710 3801 τὰ
2759 3749 3165 3817 ἐπιχειρήματα
3189 3786 3204 3811 ,
3252 3746 3600 3816 ἀναληπτέον
3638 3745 3768 3814 ἡμῖν

2203 3842 2456 3896 ἐστικαὶ
2509 3840 2771 3912 ζητητέον
2823 3839 2942 3904 πῶς
2987 3840 3207 3891 ἐναντία
3251 3839 3370 3900 ταῖς
3419 3839 3634 3916 κοιναῖς
3678 3836 3768 3888 καὶ

2205 3935 2663 4007 ὡμολογημέναις
2693 3934 2930 3995 ἐκείναις
2963 3933 3194 3994 ἐννοίαις
3236 3931 3414 3982 ἔνεστι
3451 3926 3768 3997 περιφανῶς

2209 4026 2624 4094 συμπεραίνειν.
2677 4023 2864 4075 Πάντα
2905 4022 3012 4090 γὰρ
3043 4021 3190 4073 ὀὖσα
3243 4019 3339 4071 καὶ
3389 4014 3768 4086 καλουμένηή

2209 4119 2398 4186 θεότης
2429 4117 2678 4168 καλεῖται
2714 4115 2810 4166 καὶ
2840 4113 2951 4180 φῶς
2974 4130 2987 4143 ·
3031 4115 3082 4165 εἰ
3109 4111 3201 4166 οῦν
3234 4111 3348 4180 φῶς
3377 4111 3435 4162 ἓν
3469 4109 3768 4178 ἀπρόσιτον

2208 4210 2300 4262 καὶ
2332 4208 2611 4277 άδιάδοχον
2641 4208 2668 4258 ὁ
2700 4205 2832 4266 Θεὸς
2855 4207 2947 4257 καὶ
2972 4205 3177 4273 κυρίως
3203 4203 3262 4254 ἒν
3296 4202 3390 4255 καὶ
3423 4204 3588 4270 μόνον
3619 4201 3768 4254 ἄκτι-

2205 4281 2354 4364 ίστον,
2401 4298 2518 4359 πῶς
2579 4297 2673 4350 καὶ
2727 4293 2891 4348 πόθεν
2947 4294 3176 4363 εὓρηται
3221 4293 3314 4345 νῦν
3357 4295 3423 4362 τῇ
3473 4293 3763 4360 Παλαμικῇ

2136 4418 2181 4475 D
2210 4389 2419 4460 φατρίᾳ
2453 4387 2706 4454 δεύτερον
2737 4384 2993 4475 ἄκτιστον
3035 4382 3467 4475 φῶςμθαεὶωρίῳ
3511 4381 3768 4475 θιάφορον

2207 4481 2306 4546 τῆς
2345 4476 2494 4538 θείας
2519 4475 2728 4536 οὐσίας,
2760 4473 2869 4525 τῶν
2917 4471 2992 4540 τῷ
3027 4470 3273 4537 Θεολόγῳ
3295 4469 3582 4540 Γρηγορίῳ
3614 4467 3766 4534 apte-

2211 4566 2488 4637 μηθέντων
2523 4565 2748 4616 ἐκείνων
2781 4561 2974 4629 φώτων
3002 4561 3210 4612 πολλῶν
3242 4560 3299 4612 ἓν
3333 4559 3392 4611 ὃν
3420 4575 3434 4623 ;
3471 4559 3500 4611 ὃ
3529 4560 3640 4626 γὰρ
3661 4557 3766 4608 τῶν

2206 4657 2415 4708 πολλῶν
2451 4655 2508 4706 ἒν
2535 4655 2616 4718 ὃν,
2649 4655 2746 4722 οὐχ
2782 4653 2839 4707 ἓν
2869 4655 3073 4724 κυρίως
3098 4671 3112 4686 ·
3153 4654 3178 4706 ὃ
3227 4652 3282 4704 δὲ
3313 4651 3520 4720 κυρίως
3573 4651 3632 4702 ἓν
3677 4649 3766 4701 καὶ

2209 4746 2506 4815 ἀδιᾶδοχον,
2538 4745 2644 4796 τῶν
2679 4745 2892 4796 πολλῶν
2939 4743 2997 4795 ἒν
3053 4739 3190 4796 εἶναι
3241 4744 3303 4795 οὐ
3355 4743 3598 4794 δύναται.
3647 4739 3764 4800 Πῶς

2206 4835 2314 4902 γὰρ
2343 4833 2410 4885 ἂν
2438 4832 2693 4886 ἄκιιστον
2745 4833 2823 4884 ἐτ’
2860 4827 3000 4884 εἷναι
3038 4831 3285 4897 δύναιτο,
3319 4833 3434 4894 τοῖς
3466 4831 3650 4892 ἄλλοις
3678 4828 3763 4881 καὶ

2208 4926 2484 4993 διαφόροις
2537 4923 2702 4976 αὑτοῦ
2756 4929 3026 4992 ποιήμασι
3089 4921 3632 4991 συναριθμούμενον;
3697 4921 3761 4970 Ἥ

2209 5015 2326 5076 πῶς
2351 5015 2410 5066 τὸ
2441 5013 2689 5066 ἁνούσιον
2719 5015 2782 5084 τῇ
2812 5015 2973 5084 οὐσίᾳ.
3003 5015 3202 5066 ταυτόν
3232 5031 3245 5079 ;
3285 5013 3348 5064 Εἰ
3387 5013 3495 5080 γὰρ
3545 5009 3761 5070 ταυτὸν,

2207 5107 2269 5160 οὐ
2292 5105 2574 5175 διάφορον,
2602 5106 2650 5156 εἰ
2681 5105 2735 5160 δὲ
2766 5105 3048 5175 διάφορον,
3082 5106 3141 5156 οὐ
3175 5105 3390 5157 ταυτόν·
3423 5105 3632 5172 ἄμικτα
3665 5103 3763 5168 γὰρ

2209 5198 2370 5266 φύσει
2417 5199 2732 5250 παντάπασι
2783 5195 2981 5261 ταῦτα,
3030 5196 3124 5248 καὶ
3177 5195 3294 5246 λίαν
3341 5194 3634 5262 ἀσύμῦατα
3677 5191 3761 5244 καὶ

2207 5287 2461 5340 οὐδέποτε
2499 5285 2786 5354 σύμφωνα.
2831 5285 2953 5337 Ἐπὶ
2994 5285 3058 5354 δὴ
3111 5283 3322 5346 τούτοις
3377 5283 3530 5344 αὖθις
3579 5281 3760 5347 ἑτέραν

2208 5378 2522 5446 ἀντεπῆγον
2554 5378 2849 5442 ἀντίθεσιν,
2880 5378 2941 5430 οὐ
2983 5375 3318 5445 δυνηθέντας
3367 5374 3592 5435 ἑαυτοὺς
3635 5374 3760 5425 ἁπο-

2208 5469 2470 5536 νίψασθαι
2503 5469 2594 5520 τὸν
2650 5469 2834 5536 σφίσιν
2886 5467 3321 5537 ὲπενηνεγμένον
3359 5465 3464 5518 ὑπὸ
3491 5467 3586 5532 τῆς
3619 5461 3758 5522 θείας

2213 5563 2308 5613 καὶ
2361 5561 2751 5630 οἰκουμενικῆς
2807 5559 2973 5629 ἕκτης
3050 5561 3269 5611 συνόδου
3321 5555 3756 5627 ἀναθεματισρὺν

2310 5744 2361 5814 ‘2)
2395 5745 2492 5798 Ἐκ
2531 5745 2622 5800 τοῦ
2651 5749 2726 5810 εἰς
2757 5747 2853 5818 τὴν
2885 5749 3326 5836 Μεταμόρφωσιν
3353 5751 3532 5819 λόγον.
