4134 6286
391 462 497 527 393

1255 523 1282 544 ,
1333 460 1780 522 BYZANTlN/E
1813 458 2202 521 HIsTOliI/E
2241 457 2386 517 LIB.
2427 456 2687 516 XXXIV.

3546 455 3653 512 594

388 581 481 637 τὸν
513 579 658 634 θετον
694 578 873 631 εἰπεῖν
908 576 1181 630 Διονύσιον
1221 575 1321 645 (1),
1357 576 1412 627 αἱ
1447 576 1712 644 μυστ-ικαὶ
1739 574 1850 626 τῶν
1885 573 1958 626 λο-

2077 585 2241 638 quam
2284 569 2491 624 lumine
2530 565 2912 637 explendescit
2951 573 3005 620 et
3037 562 3251 619 viviﬁca
3285 561 3651 619 illustratione

385 673 523 742 γίων
551 670 880 740 παραδόσεις
911 671 1002 723 καὶ
1028 668 1102 732 ώς
1126 668 1240 738 φῶς
1266 667 1672 722 ἀναπλάττουσι
1699 667 1794 718 καὶ
1823 666 1969 735 ζωὴν

386 762 784 817 ἀποκαλοῦσιν.

461 858 538 910 E'.
561 856 688 910 Ὅτι
723 858 820 927 μὲν
858 851 948 909 οὖν
984 855 1072 908 διὰ
1113 854 1402 922 συμϐόλων
1435 854 1529 906 καὶ
1558 855 1746 905 τύπων
1778 866 1968 917 σωμα-

385 951 555 1004 τικῶν
583 950 643 1002 οὐ
679 951 840 1017 μόνον
872 949 900 1000 6
937 947 1069 1010 Θεὸς
1093 947 1277 1016 ὁμιλεῖ
1304 948 1418 1008 τοῖς
1445 943 1777 1014 ἀνθρώποις,
1832 942 1968 995 ἀλλὰ

385 1045 486 1097 καὶ
517 1044 564 1095 οἱ
601 1043 818 1110 ἄγγελοι
847 1042 1054 1108 κτίσμα
1086 1040 1259 1102 ὄντες,
1288 1038 1508 1108 εἴρηταί
1531 1055 1591 1090 τε
1617 1037 1710 1090 καὶ
1742 1037 1836 1088 νῦν
1867 1037 1969 1088 πά-

387 1134 474 1189 λιν
505 1138 592 1190 διά
613 1136 864 1208 βραχέων
904 1134 1158 1205 ἐροῦμεν.
1195 1133 1337 1204 Φησὶ
1365 1135 1473 1203 γὰρ
1503 1135 1530 1185 6
1574 1132 1752 1201 μέγας
1806 1131 1967 1191 εὐθὺς

383 1230 667 1292 Διονύσιος
705 1228 780 1292 ὡς
808 1228 904 1281 καὶ
949 1227 1047 1290 τάς
1083 1227 1228 1288 θείας
1274 1227 1495 1296 ὁράσεις
1521 1226 1572 1278 oi.
1612 1223 1816 1278 κλεινοὶ
1853 1224 1967 1275 Πα-

383 1324 545 1393 τέρες
565 1321 724 1391 ήμῶν
745 1320 1007 1390 ὲμυοῦντο
1033 1318 1120 1372 διὰ
1154 1321 1334 1388 μέσων
1363 1319 1469 1371 τῶν
1504 1319 1772 1386 οὐρανίων
1803 1303 1964 1370 δυνά-

390 1435 562 1486 μεων.
597 1415 708 1468 Kai.
735 1413 834 1483 τὴν
866 1415 1017 1484 ίεράν
1046 1413 1137 1465 τοῦ
1171 1413 1340 1480 νόμου
1370 1412 1739 1479 θεσμοθεσίαν
1771 1411 1835 1463 δι’
1862 1414 1964 1477 ἀγ-

383 1511 565 1578 γέλων
593 1510 671 1570 είς
703 1509 850 1576 ἡμᾶς
884 1505 1172 1576 προελθεῖν
1218 1505 1464 1558 διδάσκει
1497 1504 1685 1571 σαφῶς
1725 1504 1756 1572 ἡ
1788 1503 1967 1555 θεολοε

385 1602 483 1669 για
516 1599 590 1661 ώς
616 1599 711 1667 τῆς
733 1597 1082 1666 θεωνυμικῆς
1107 1596 1312 1661 τάξεως
1336 1597 1511 1648 ἐκεῖνο
1541 1595 1962 1664 νομοθετούσης,

381 1695 448 1744 τὸ
482 1693 569 1744 διὰ
603 1689 712 1742 τῶν
757 1689 994 1756 πρώτων
1028 1686 1093 1760 [Γ.
1133 1688 1238 1742 257
1268 1685 1332 1757 τι]
1369 1689 1429 1739 τὰ
1465 1686 1696 1756 δεύτερα
1730 1685 1867 1753 πρὸς
1910 1684 1966 1735 τὸ

385 1783 531 1835 θεῖον
555 1779 878 1847 ἀνάγεσθαι.
928 1779 1040 1832 Καὶ
1095 1779 1162 1846 τῇ
1221 1775 1486 1845 Παρθένῳ
1515 1775 1656 1827 δὲτὸ
1689 1774 1833 1827 θεῖον
1867 1791 1965 1841 μυ-

387 1875 610 1943 στήριον
638 1870 867 1936 ἄγγελος
917 1865 984 1938 ἦν
1014 1870 1249 1937 κομίσας
1295 1867 1624 1937 ἀνθρωπίνῳ
1651 1866 1806 1936 τύπῳ
1867 1868 1961 1917 καὶ

387 1968 655 2034 σχήματι.
691 1964 801 2016 Kal.
848 1963 960 2023 τοῖς
991 1962 1246 2029 ποιμέσιν
1278 1959 1508 2028 ἄγγελος
1561 1961 1770 2030 Κυρίου
1817 1959 1960 2026 τότε,

385 2057 578 2124 φησὶν,
598 2056 826 2120 ἐπέστη,
846 2053 942 2106 καὶ
962 2051 1086 2116 δόξα
1114 2052 1320 2119 Κυρίου
1347 2051 1722 2120 περιέλαμψεν
1741 2052 1960 2114 αὐτούς.

384 2149 501 2202 Καὶ
529 2147 618 2199 τὸν
649 2145 714 2197 δι’
739 2145 986 2212 ἀγγέλων
1028 2143 1360 2210 λαλούμενον
1396 2144 1552 2211 λόγον
1586 2147 1839 2210 γίνεσθαι
1873 2144 1964 2212 βέ-

384 2239 540 2290 ϐαιον
569 2237 842 2306 ἀκούομεν
863 2252 876 2266 ·
913 2237 1010 2297 τὰς
1039 2236 1150 2305 γὰρ
1180 2235 1379 2297 ἀύλους
1429 2237 1722 2305 ίεραρχίας
1754 2235 1964 2297 ύλαίοτς

390 2330 634 2398 σχήμασι
685 2327 781 2379 καὶ
813 2328 1187 2396 μορφωτικαῖς
1241 2324 1526 2377 συνθέσεσι
1579 2323 1964 2378 διαποικίλασα

387 2419 774 2490 παραδέδωκεν
822 2423 856 2488 ἠ
889 2418 1166 2470 Διονυσίου
1200 2419 1296 2470 τοῦ
1326 2417 1471 2471 θείου
1509 2417 1719 2486 βίϐλος·
1763 2417 1822 2469 οὐ
1856 2419 1963 2485 γὰρ

380 2513 629 2579 δυνατὸν,
669 2514 825 2582 φησὶ,
858 2512 934 2582 τῷ
986 2509 1107 2564 καθ’
1135 2511 1282 2580 ἡμᾶς
1337 2511 1414 2580 νῷ
1464 2509 1600 2580 πρὸς
1659 2509 1757 2580 τὴν
1799 2512 1963 2564 ἄῦλον

381 2605 604 2674 ἐκείνην
631 2606 965 2674 ἁναταθῆναι
990 2604 1100 2656 τῶν
1153 2605 1423 2673 οὐρανίων
1459 2603 1755 2672 ίεραρχιών
1787 2603 1962 2672 μίμη-

383 2693 475 2747 σίν
507 2711 563 2745 τε
595 2695 687 2744 καὶ
720 2692 975 2761 θεωρίαν,
1009 2693 1056 2744 εί
1090 2692 1166 2762 μὴ
1193 2694 1259 2760 τῇ
1289 2691 1414 2744 κατ’
1458 2692 1621 2743 αὑτὸν
1653 2693 1814 2762 ύλαία
1849 2711 1963 2762 χει-

380 2786 640 2854 ραγωγίᾳ
668 2786 950 2853 χρήσαιτο.
979 2783 1345 2851 Λειτουργικά
1381 2781 1487 2850 γὰρ
1515 2782 1564 2834 οί
1587 2783 1829 2850 ἄγγελοι,
1863 2804 1964 2855 φη-

381 2878 494 2941 σὶν,
529 2877 633 2926 εἰσὶ
663 2875 973 2942 πνεύματα,
1009 2874 1147 2945 πρὸς
1174 2873 1450 2926 διακονίαν
1492 2875 1959 2944 ἀποστελλόμενα.

378 2970 498 3021 Καὶ
529 2969 606 3037 τῷ
638 2967 857 3036 Χριστῷ
885 2967 940 3020 δὲ
973 2967 1195 3034 ἄγγελοι
1227 2966 1532 3037 διηκόνουν,
1560 2968 1724 3038 φησὶν
1753 2971 1785 3038 ἡ
1819 2969 1964 3040 Γρα-

377 3063 482 3132 φή.
522 3064 628 3115 Καὶ
658 3061 928 3130 ἀγγέλους
959 3057 1115 3124 αὖθις
1155 3059 1425 3130 ἐνισχύειν
1466 3061 1615 3132 αὐτῷ
1642 3062 1858 3129 λέγεται
1886 3062 1962 3124 ώς

375 3155 676 3224 ἀνθρώπῳ.
711 3156 818 3206 Καὶ
853 3155 1036 3218 πάλιν,
1072 3171 1091 3205 ι
1114 3153 1421 3223 Ἠδυνάμην
1449 3153 1666 3216 πλείους
1698 3153 1962 3224 ἢδώδεκα

375 3245 655 3312 λεγεῶνας
682 3243 1037 3312 παραστῆσαι
1059 3241 1332 3309 ἀγγέλων,
1369 3259 1388 3292 ι
1423 3241 1607 3311 φησίν.
1650 3243 1757 3295 Καὶ
1788 3241 1960 3296 πολλά
1989 3273 2033 3330 c

374 3335 606 3390 τοιαῦτα
628 3333 1009 3402 σωματοειδῶς
1039 3334 1312 3402 εἰρημένα
1346 3335 1475 3404 περὶ
1501 3333 1610 3386 τῶν
1637 3335 1959 3404 ,ἀσωμάτων

374 3427 665 3495 δυνάμεων
719 3425 1050 3494 σωματικῶς
1085 3425 1428 3495 φαινομένων
1465 3428 1587 3488 ταῖς
1635 3425 1809 3490 θείαις
1864 3429 1958 3480 καὶ¹

377 3521 556 3588 ίεραῖς
584 3519 882 3588 ἐμφέρεται
915 3517 1119 3588 βίϐλοις
1155 3519 1503 3586 οἰκονομικόν
1539 3537 1659 3571 τινα
1715 3520 1918 3589 τρόπον
1941 3534 1956 3551 ·

371 3612 561 3682 ἅσπερ
587 3613 681 3664 καὶ
718 3611 1068 3682 μορφωτικάς
1098 3609 1386 3680 δυνάμεων
1419 3611 1634 3675 εἰκόνας
1658 3612 1813 3665 καλεῖ
1839 3613 1958 3665 Διο-

371 3705 583 3770 νύσιος,
618 3703 1118 3773 ἀνθρωπομόρφους
1147 3704 1484 3773 ἀναγράφων
1520 3704 1611 3757 καὶ
1652 3705 1954 3776 θηριομόρ-

371 3811 534 3862 (ρους,
565 3793 795 3844 λεόντων
826 3791 970 3860 φημὶ
1005 3794 1098 3845 καὶ
1135 3790 1275 3862 βοῶν
1313 3793 1412 3845 καὶ
1446 3791 1630 3845 ἵππων
1664 3796 1758 3847 καὶ
1779 3795 1954 3846 ἀετῶν

372 3902 529 3957 μορφ
544 3886 600 3947 ἅς
646 3885 830 3942 αὐτοῖς
866 3884 1188 3954 περιτιθείς.
1245 3883 1350 3936 Ἐώ
1401 3886 1581 3951 λέγειν
1611 3887 1711 3949 τὰς
1736 3885 1842 3938 τῶν
1877 3886 1958 3938 λί-

368 3981 488 4032 θων
516 3979 978 4047 πολυχρωμάτους
1013 3977 1158 4040 ίδέας
1208 3978 1304 4030 καὶ
1334 3977 1502 4031 τᾶλλα
1537 3979 1740 4043 πάντα,
1775 3977 1952 4042 ζώνας

368 4073 476 4126 καὶ
499 4072 729 4140 τροχοὺς
759 4070 854 4122 καὶ
889 4069 1120 4139 ῥάϐδους
1149 4071 1292 4138 λέγω
1327 4071 1420 4122 καὶ
1474 4071 1753 4134 πελέκεις,
1784 4071 1851 4123 δι’
1875 4067 1951 4126 ὧν

369 4166 659 4234 εὑρίσκειν
707 4166 853 4234 ἡμᾶς
884 4165 1143 4232 παραινεῖ
1178 4163 1280 4231 τὴν
1309 4162 1418 4216 τῶν
1447 4164 1695 4218 τυπικῶν
1725 4165 1953 4217 εἰκόνων

371 4257 773 4325 ἀνακάθαρσιν,
801 4254 992 4308 ὁποίαν
1016 4256 1261 4324 καὶ-ὅσην
1278 4255 1438 4318 αὐτὸς
1459 4255 1782 4324 ἑρμηνεύων
1806 4255 1952 4308 ἐκτί-

371 4351 530 4414 Θησι.
561 4348 668 4416 Τῆς
698 4346 789 4399 οὖν
828 4347 1045 4416 Γραφῆς
1087 4346 1372 4416 λεγούσης,
1417 4365 1434 4396 ι
1470 4347 1748 4416 Μακάριοι
1776 4349 1824 4399 οἱ
1855 4365 1952 4398 και

370 4441 538 4509 θαροὶ
559 4443 622 4509 τῇ
662 4438 880 4508 καρδίᾳ,
911 4440 992 4491 ὅτι
1025 4439 1178 4491 αὐτοὶ
1207 4439 1298 4490 τὸν
1333 4439 1464 4491 Θεὸν
1483 4439 1726 4507 ὄψονται,
1769 4459 1788 4490 ι
1851 4440 1950 4509 τὴν

368 4535 519 4586 κατὰ
553 4532 790 4584 διάνοιαν
820 4529 941 4598 ὀψιν
995 4532 1022 4581 6
1055 4529 1192 4593 θεῖος
1222 4532 1500 4599 ἐξηγεῖται
1533 4531 1944 4601 Χρυσόστομος.

2071 671 2391 718 exornatur.

2145 850 2210 906 γ.
2238 849 2291 904 Si
2324 850 2490 917 igitur
2513 848 2616 902 sub
2635 848 2895 919 symbolis
2925 856 2976 901 et
3004 847 3194 901 formis
3229 844 3512 915 corporeis
3537 860 3648 899 non

2067 943 2246 997 solum
2282 942 2426 994 Deus
2461 942 2681 995 locutus
2737 950 2821 994 est
2879 955 3004 994 cum
3055 940 3392 1004 hominibus,
3450 954 3644 992 verum

2068 1036 2234 1090 etiam
2267 1033 2443 1104 angeli
2469 1034 2661 1094 creati,
2691 1042 2752 1085 ut
2781 1034 2890 1103 jam
2917 1033 3173 1094 diximus,
3205 1043 3260 1086 et
3283 1047 3430 1086 nunc
3459 1032 3646 1101 paucis

2072 1126 2273 1180 iterum
2335 1125 2610 1178 dicemus.
2685 1125 2828 1178 Dicit
2872 1126 3018 1177 enim
3077 1139 3306 1194 magnus
3362 1124 3651 1195 Dionysius

2073 1218 2259 1272 Patres
2295 1217 2538 1272 illustres
2571 1217 2965 1283 contemplatos
2997 1230 3116 1269 esse
3175 1216 3343 1268 Deum
3389 1231 3485 1284 per
3532 1231 3646 1269 me-

2072 1310 2190 1363 dias
2204 1311 2470 1365 cmlorum
2492 1310 2720 1362 virtutes
2734 1317 2803 1366 .el
2821 1322 3026 1360 sacram
3044 1307 3179 1375 legis
3197 1306 3648 1361 constitutionem

2070 1419 2166 1471 per
2192 1402 2410 1472 angelos
2446 1403 2509 1453 ad
2537 1415 2635 1454 nos
2656 1399 2869 1453 venisse
2891 1409 3078 1466 aperte
3100 1399 3260 1454 docet
3284 1399 3550 1466 theologia
3592 1408 3650 1452 et

2070 1495 2254 1548 divina
2279 1493 2363 1548 lex
2383 1493 2538 1564 jubet
2569 1508 2633 1545 ex
2659 1492 2946 1560 principiis
2974 1493 3363 1560 consequentia
3386 1492 3448 1545 ad
3473 1493 3645 1546 Deum

2069 1586 2286 1642 referri.
2317 1587 2524 1656 Virgini
2551 1602 2773 1655 quoque
2806 1585 3055 1639 divinum
3087 1587 3407 1656 mysterium
3465 1585 3654 1639 attulit

2069 1681 2296 1750 angelus
2328 1680 2431 1733 sub
2461 1680 2699 1732 humana
2729 1679 2901 1732 forma
2927 1688 2982 1732 et
3012 1681 3215 1747 specie,
3253 1689 3307 1731 et
3332 1680 3652 1747 pastoribus

2071 1774 2296 1842 angelus
2333 1773 2570 1838 Domini,
2599 1772 2797 1841 inquit,
2853 1772 3051 1832 astitit,
3085 1783 3139 1826 et
3198 1772 3370 1840 gloria
3431 1772 3648 1825 Domini

2070 1865 2447 1920 circumdabat
2468 1881 2589 1929 eos,
2616 1873 2672 1918 et
2712 1866 2939 1920 verbum
2965 1882 3060 1935 per
3084 1865 3304 1934 angelos
3335 1865 3648 1918 nuntiatum

2073 1971 2193 2011 esse
2221 1974 2316 2025 pro
2348 1968 2502 2011 certo
2534 1957 2868 2012 audivimus.
2917 1957 3051 2012 Nam
3095 1972 3280 2011 sacras
3311 1957 3504 2010 hierar-
3527 1941 3649 2010 hias

2073 2048 2428 2117 incorporeas
2487 2049 2768 2117 corporeis
2843 2048 3175 2116 imaginibus
3229 2060 3284 2102 et
3345 2048 3646 2102 formarum

2074 2137 2467 2206 compositione
2519 2138 2779 2191 variatam
2821 2137 3044 2192 tradidit
3077 2139 3251 2192 sancti
3310 2137 3649 2208 Dionysriii-

2073 2232 2193 2286 ber.
2249 2231 2370 2284 Non
2389 2233 2533 2284 enim
2563 2246 2721 2301 posse
2775 2231 2953 2300 inquit
2986 2247 3083 2298 per
3141 2241 3379 2286 nostram
3411 2241 3646 2286 mentem

2073 2325 2138 2377 ad
2179 2323 2576 2392 incorporalem
2612 2323 2916 2377 (-(Blestium
2983 2325 3410 2378 hierarchiarum
3467 2324 3651 2378 imita-

2073 2416 2277 2468 tionem
2314 2421 2370 2466 et
2405 2414 2920 2482 contemplationem
2950 2415 3258 2482 pervenire,
3313 2417 3420 2470 nisi
3453 2432 3650 2487 corpo-

2074 2507 2170 2560 rali
2198 2505 2403 2560 auxilio
2427 2505 2696 2559 adhibito.
2725 2503 3039 2560 Servientes
3084 2507 3231 2560 enim
3283 2507 3501 2570 animae,
3564 2511 3649 2563 inc

2072 2597 2213 2666 quit,
2241 2606 2371 2652 sunt
2403 2598 2579 2668 angeli
2619 2601 2683 2650 ad
2721 2597 3085 2651 ministerium
3114 2599 3308 2666 missre,
3347 2611 3400 2654 et
3428 2601 3649 2655 Christo

2072 2690 2298 2758 angelos
2326 2691 2562 2744 servisse
2589 2690 2876 2758 Scriptura
2911 2690 3098 2745 refert.
3143 2692 3312 2745 Porro
3367 2694 3544 2761 angeli
3575 2695 3645 2748 il-

2071 2784 2176 2838 lius
2209 2793 2267 2836 ut
2324 2783 2563 2837 hominis
2621 2783 2861 2836 animum
2914 2784 3267 2839 conﬁrmasse
3323 2787 3641 2844 traduntur.

2069 2875 2232 2948 445
2254 2877 2464 2930 Rursus
2488 2875 2689 2945 legitur
2721 2892 2734 2927 :
2763 2875 3012 2930 iPossem
3042 2877 3174 2929 mihi
3201 2877 3322 2944 plus
3353 2878 3644 2936 duodecim

2070 2968 2313 3038 legiones
2337 2967 2656 3037 angelorum
2701 2982 3002 3022 arcessere.
3031 2985 3048 3019 ι
3075 2968 3142 3022 Ει
3171 2969 3339 3023 multa
3375 2972 3646 3040 ejusmodi

2070 3060 2433 3129 corporaliter
2460 3060 2605 3115 dicta
2636 3059 2704 3114 de
2741 3060 3041 3115 virtutibus
3103 3062 3447 3132 iucorporeis
3511 3080 3636 3133 quas

2070 3150 2430 3219 corporaliter
2461 3160 2724 3218 apparent
2749 3149 2952 3204 divinis
2976 3160 3034 3206 et
3071 3150 3246 3205 sacris
3301 3151 3456 3207 libris
3493 3153 3646 3207 utili-

2072 3254 2236 3300 tatem
2265 3242 2558 3315 quamdam
2592 3243 2862 3297 tribuunt.
2893 3242 3041 3308 Quas
3073 3241 3340 3297 virtutum
3376 3243 3646 3313 imagines

2070 3344 2228 3390 vocat
2256 3335 2550 3405 Dionysius
2609 3333 2894 3388 hominum
2949 3341 3008 3387 et
3056 3333 3357 3388 bestiarum
3415 3337 3644 3393 formas.

2066 3427 2311 3484 Leonqu
2337 3429 2482 3482 enim
2525 3436 2579 3484 et
2603 3430 2766 3484 boum
2819 3439 2876 3484 et
2920 3444 3191 3500 equorum
3243 3437 3298 3484 et
3333 3431 3643 3499 aquilarum

2065 3520 2258 3575 ferinis
2293 3534 2386 3575 eas
2414 3520 2740 3576 circumdat.
2803 3521 3010 3576 Omitto
3047 3521 3290 3591 lapidum
3321 3523 3500 3576 varias
3531 3523 3646 3579 for-

2067 3629 2185 3669 mas
2236 3624 2290 3668 et
2350 3625 2546 3670 extera
2599 3613 2804 3680 omnia,
2846 3615 3082 3685 cingula.
3133 3617 3404 3681 annulos,
3437 3620 3642 3688 virgas,

2067 3722 2309 3772 secures,
2340 3707 2540 3776 quibus
2570 3723 2670 3761 nos
2695 3707 2858 3761 docet
2878 3708 3126 3762 invenire
3156 3710 3452 3779 imaginum
3471 3713 3646 3781 expli-

2065 3798 2602 3866 cationem,qualem
2641 3798 2758 3866 ipse
2791 3799 3204 3866 interpretando
3252 3804 3496 3870 exponit.
3537 3803 3645 3873 lgi-

2067 3900 2155 3942 tur
2185 3889 2332 3958 quod
2356 3888 2410 3942 in
2429 3887 2714 3957 Scriptura
2743 3889 2963 3957 legitur,
2986 3909 3004 3941 ι
3035 3890 3185 3945 Beati
3213 3894 3419 3947 mundo
3450 3897 3636 3959 corde.

2064 3981 2324 4051 quoniam
2363 3981 2466 4050 ipsi
2493 3983 2664 4036 Deum
2696 3982 2992 4044 videbunt,‘
3017 4001 3035 4032 ι
3072 3982 3140 4036 de
3169 3985 3637 4053 contemplatione

2063 4091 2160 4144 per
2195 4083 2430 4128 mentem
2485 4073 2742 4143 intelligit
2803 4082 3024 4127 sanctus
3074 4073 3518 4144 Chrysostomus.
3573 4078 3640 4132 Et

2064 4168 2219 4230 illud,
2261 4185 2278 4217 ι
2319 4165 2509 4234 Angeli
2541 4180 2732 4219 eorum
2760 4165 3008 4234 quotidie
3037 4165 3221 4218 vident
3247 4165 3442 4221 faciem
3468 4169 3582 4231 Dei,
3611 4189 3629 4222 ι

2063 4256 2305 4310 eamdem
2339 4254 2665 4308 sententiam
2700 4267 2963 4323 praestare
2991 4256 3144 4310 dicit.
3174 4257 3351 4326 Ipsum
3377 4259 3523 4315 enim
3559 4261 3640 4314 vi-

2062 4350 2189 4402 dere
2215 4363 2314 4402 nec
2338 4347 2586 4402 homines
2615 4357 2848 4416 possunt
2872 4365 3046 4418 neque
3067 4349 3385 4420 angelorum
3411 4352 3637 4408 ordines

2061 4438 2420 4506 contemplari
2448 4454 2573 4492 eum
2598 4439 2824 4495 audent.
2864 4439 3020 4504 Quod
3071 4453 3258 4511 aperte
3312 4443 3444 4498 dicit
3493 4445 3634 4500 Pau-

2063 4530 2178 4582 lus:
2207 4547 2226 4579 ι
2255 4529 2591 4598 Apparuitin
2611 4546 2790 4594 carne,
2809 4545 3132 4600 conspectus
3160 4543 3244 4588 est
3273 4535 3340 4588 ab
3355 4537 3630 4604 angelis”

371 4627 488 4676 Καὶ
523 4625 601 4687 τὸ,
649 4640 666 4672 ι
699 4624 761 4674 Οί
785 4622 1014 4688 ,ἄγγελοι
1049 4623 1104 4674 δὲ
1157 4623 1335 4675 αὐτῶν
1380 4623 1500 4675 καθ’
1534 4625 1744 4692 ἡμέραν
1775 4623 1944 4692 ὁρῶσι

2065 4632 2174 4676 inte
2190 4622 2337 4676 enim
2362 4621 2571 4676 Domini
2602 4621 3029 4678 incarnationem
3062 4640 3164 4678 nec
3190 4627 3258 4680 ab
3281 4626 3485 4694 angelis
3507 4645 3640 4682 ern-

366 4716 437 4768 τὸ
469 4715 759 4782 πρόσωπον
791 4713 883 4765 τοῦ
943 4711 1081 4764 Θεοῦ
1106 4751 1120 4776 ,
1153 4731 1170 4763 ι
1234 4712 1332 4781 τὴν
1364 4713 1556 4783 αὐτὴν,
1613 4713 1799 4782 φησὶν,
1833 4713 1947 4782 ἔχει

363 4807 640 4860 διάνοιαν·
696 4806 784 4858 τὸν
821 4807 927 4872 γὰρ
961 4805 1124 4857 αὐτὸν
1185 4806 1494 4874 ἀνθρώποις
1527 4823 1584 4858 τε
1635 4805 1782 4858 ἔστιν
1818 4805 1946 4858 ἰδεῖν

361 4899 656 4964 ἀδύνατον,
689 4903 778 4953 καὶ
808 4897 875 4952 αὖ
904 4899 1167 4970 μηδὲέτῶν
1195 4899 1446 4966 ἀγγέλων
1479 4900 1683 4968 τολμᾷν
1701 4900 1947 4952 ἀτενίσαι

360 4993 443 5046 τὰ
462 4993 736 5060 τάγματα.
775 4991 881 5043 Καὶ
905 4991 1064 5061 δῆλον
1092 4989 1251 5042 τοῦτο
1301 4989 1484 5059 τίθησι
1519 4990 1731 5052 Παῦλος
1771 4990 1944 5057 λέγων

373 5103 396 5136 ι
443 5083 788 5152 Ἐφεινερώθη
836 5085 892 5135 ὲν
919 5084 1103 5153 σαρκὶ,
1138 5081 1291 5150 ώφθη
1325 5083 1612 5150 ἀγγέλοις·
1644 5103 1664 5134 ›
1708 5085 1812 5154 πρὸ
1839 5084 1946 5151 γὰρ

361 5175 475 5242 τῆς
525 5175 620 5228 τυῦ
669 5175 876 5244 Κιρίου
924 5173 1256 5241 σαρκώσεως
1299 5173 1394 5225 καὶ
1422 5175 1676 5240 ἀγγέλοις
1712 5176 1946 5236 ἀθέατος

358 5266 466 5339 ἦν,
492 5267 564 5326 ὡς
594 5267 688 5318 καὶ
717 5268 743 5317 6
771 5266 911 5327 θεῖος
945 5265 1050 5335 ἔφη
1099 5266 1484 5335 Χρυσὸστομος
1513 5267 1594 5318 ὅτι
1650 5268 1783 5319 αὐτὸ
1809 5267 1944 5334 ὅπερ

359 5362 526 5416 ἐστὶν
551 5361 578 5412 6
622 5359 774 5424 Θεὸς,
826 5360 886 5412 ού
918 5358 1199 5427 προφῆται
1232 5359 1340 5410 οὐδ’
1391 5360 1610 5426 ἄγγελοι
1643 5357 1802 5425 εἶδον,
1835 5360 1945 5412 οὐδ’

360 5451 728 5520 ἀρχάγγελοι.
787 5451 846 5502 Εἰ
879 5450 984 5518 γὰρ
1036 5449 1130 5502 καὶ
1185 5447 1466 5516 ὁμιλοῦσιν
1519 5449 1826 5518 ἀνθρώποις
1884 5453 1948 5502 ἐκ

360 5544 672 5612 προσώπου
699 5542 792 5595 τοῦ
836 5541 969 5594 Θεοῦ
1022 5541 1116 5594 καὶ
1145 5541 1387 5609 ἄγγελοι,
1424 5541 1537 5594 ἀλλ’
1565 5543 1686 5595 οὐδὲ
1740 5547 1951 5615 προφή-

360 5654 495 5698 ταις
524 5634 692 5704 ἄηθες
718 5636 870 5686 τουτὶ
896 5635 991 5684 καὶ
1015 5632 1321 5702 ἀνθρώποις
1359 5627 1515 5684 οὖσι·
1546 5636 1676 5686 ποτὲ
1709 5633 1808 5702 μὲν
1839 5635 1948 5704 γὰρ

365 5728 762 5797 προστιθέντες
794 5724 926 5793 φασὶ
956 5727 1048 5777 καὶ
1083 5725 1260 5788 αὐτοὶ,
1302 5742 1318 5774 ι
1341 5724 1477 5775 Τάδε
1509 5723 1657 5790 λέγει
1684 5723 1940 5793 Κύριος,›

2057 4713 2441 4790 spieilpoterat,
2469 4725 2527 4770 ut
2555 4715 2720 4769 etiam
2747 4727 2969 4770 sanctus
3006 4715 3430 4786 Chrysostomus
3477 4721 3632 4789 dicit,

2059 4815 2155 4871 Dei
2194 4825 2484 4882 personam
2518 4823 2618 4862 nec
2651 4808 2945 4877 prophetas
2963 4824 3140 4878 neque
3176 4813 3395 4880 angelos
3433 4815 3632 4870 vidisse

2056 4919 2233 4974 neque
2269 4901 2639 4970 archangelos.
2675 4897 2729 4953 Si
2768 4900 2914 4953 enim
2963 4916 3087 4954 cum
3124 4901 3439 4960 hominibus
3464 4898 3632 4962 etiam

2050 4995 2228 5065 angeli
2255 4993 2312 5048 in
2348 4992 2444 5047 Dei
2492 5006 2728 5062 persona
2759 5002 3175 5056 eonversantur,
3208 5009 3308 5047 nec
3349 4997 3632 5065 prophetis

2051 5090 2156 5142 hoc
2173 5088 2490 5142 inusitatum
2507 5083 2980 5156 est,ﬁ.&.6quippe
2998 5084 3090 5154 qui
3108 5085 3357 5142 homines
3373 5088 3633 5148 sint;mo-

2053 5178 2124 5231 do
2141 5179 2289 5230 enim
2311 5175 2542 5238 addunt,
2570 5174 2686 5230 lloc
2704 5175 2922 5228 loeutus
2941 5184 3026 5228 est
3059 5176 3223 5237 Deus,
3250 5177 3413 5230 modo
3433 5194 3496 5231 ex
3531 5194 3627 5233 sua

2052 5269 2323 5323 sententia
2345 5267 2668 5336 loquuntur,
2687 5266 2830 5333 quod
2855 5281 2957 5319 nec
2977 5281 3176 5318 novum
3193 5278 3389 5322 estnec
3416 5287 3444 5324 a
3479 5269 3631 5323 Scri—

2050 5370 2222 5430 pturre
2240 5359 2636 5412 consuetudine
2655 5357 2913 5410 alienum.
2936 5357 3145 5410 Etenim
3163 5369 3217 5413 et
3237 5364 3377 5430 regia
3399 5362 3622 5430 imperia

2051 5465 2362 5519 przeconum
2395 5463 2492 5502 ore
2547 5463 2647 5516 per
2691 5448 2859 5502 urbes
2888 5449 3134 5503 nuntiata
3165 5454 3321 5520 quasi
3350 5469 3413 5506 ex
3452 5453 3624 5518 ipsius

2052 5542 2195 5610 regis
2232 5555 2327 5594 ore
2369 5539 2699 5608 accepimus.
2753 5539 2890 5594 Dicit
2939 5551 2994 5595 et
3043 5544 3326 5613 propheta,
3361 5545 3414 5596 in
3445 5559 3627 5612 quan-

2054 5644 2164 5687 tum
2209 5641 2266 5687 et
2321 5632 2438 5700 ipse
2509 5632 2670 5684 homo
2718 5641 2805 5686 est
2852 5649 2866 5686 :
2905 5651 2922 5683 ι
2969 5635 3110 5687 Audi
3163 5651 3270 5700 me,
3318 5637 3537 5704 popule.
3568 5646 3625 5687 et

2050 5725 2464 5794 loquartecum,
2493 5721 2680 5789 Israel,
2713 5731 2767 5776 ct
2797 5724 2949 5778 testis
2977 5725 3072 5778 tibi
3106 5740 3203 5778 ero
3239 5744 3250 5778 :
3287 5727 3445 5786 Deus,
3483 5721 3623 5778 Deus

445 5895 521 5964 (ι)
550 5888 657 5943 Τοῦ
689 5888 849 5952 ἁγίου
877 5887 1148 5938 Διονυσίου
1186 5887 1249 5936 ὲκ
1280 5885 1373 5936 τοῦ
1406 5887 1534 5957 περῖ
1559 5888 1657 5959 τῆς
1690 5887 1940 5956 οὖρανίου
1984 5887 2266 5957 ίεραρχίας
2300 5888 2596 5956 κεεαλαίου
2626 5887 2865 5956 πρώτου.

657 5989 926 6045 Puncta
977 5985 1088 6044 GR.
1135 5985 1223 6044 CX
1237 5979 1361 6040 LIX
1375 6021 1388 6037 .

3166 5988 3240 6046 13
