4134 6286
543 355 649 416 395

1758 342 2188 402 NlCEPHUlil
2235 341 2624 402 GliEGORIE

3686 355 3779 418 35

560 477 688 517 tuus
720 479 842 531 ego.
883 461 1031 514 «Non
1069 461 1214 514 enim
1245 459 1379 514 sicut
1405 457 1538 510 alias
1571 454 1746 520 addit,
1784 454 1939 508 ("me
1972 452 2121 505 locu-

2241 454 2354 507 τοτὲ
2383 451 2429 506 δ’
2460 453 2519 518 ἐξ
2554 455 2763 506 ἑαυτῶν
2816 453 3024 520 ἁπλῶς.
3079 459 3189 512 Καὶ
3251 461 3437 514 καινὸν
3475 461 3624 516 οὐδὲν
3668 467 3779 520 οὐδὲ

546 565 634 609 lus
663 561 744 606 est
775 549 1064 613 Dominus;
1094 567 1111 599 ι
1143 562 1242 602 nec
1261 545 1427 600 dicit:
1461 540 1739 597 Deushaec
1755 553 1808 596 et
1833 542 1923 594 illa
1943 539 2116 604 dixit;

547 643 772 712 angelus
807 656 937 694 vero
989 655 1054 694 ex
1091 641 1230 692 rubo
1265 655 1277 690 :
1321 654 1339 687 ι
1380 636 1486 704 Ego
1517 649 1636 688 sum
1671 633 1818 687 Deus
1844 631 2118 685 Abraham

545 745 602 791 et
642 737 784 788 Deus
817 735 960 787 Isaac
990 741 1044 786 ct
1079 732 1220 784 Deus
1242 728 1427 783 Jacob.
1459 744 1476 777 ι
1533 725 1707 794 Supra
1738 725 1883 778 enim
1912 724 2120 778 dictum

553 835 636 881 est
671 841 684 878 :
733 845 749 876 ι
778 825 1015 892 Angelus
1045 819 1254 875 Domini
1286 819 1337 873 ei
1369 817 1622 888 apparuit
1659 835 1676 868 ι

2230 543 2420 614 πόρρω
2451 543 2738 612 Γραφικῆς
2795 547 3112 616 συνηθείας*
3141 549 3236 602 καὶ
3266 549 3374 618 γὰρ
3409 553 3506 602 καὶ
3551 554 3616 606 τὰ
3645 555 3784 621 βατι-

2228 635 2356 687 λικὰ
2383 637 2778 705 προστάγματα
2807 639 2916 692 τῶν
2949 639 3221 710 δημοσίων
3256 642 3312 692 ὲν
3335 645 3458 704 ταῖς
3493 644 3672 696 πόλεσι
3700 664 3788 714 κη-

2233 726 2412 794 ρύκων
2461 726 2712 796 βοώντων
2767 729 2843 792 ὡς
2873 731 2932 794 ἐξ
2961 731 3129 785 αὑτοῦ
3159 733 3222 804 δὴ
3265 733 3358 786 τοῦ
3397 733 3678 804 βασιλικοῦ
3711 737 3765 790 λε

2230 817 2440 888 γὸμενα
2469 821 2738 885 στόματος
2771 824 2930 892 ἡμεῖς
2956 825 3314 896 ὲκδεχόμεθα.
3353 829 3464 880 Καὶ
3492 830 3519 880 6
3545 829 3642 897 μὲν
3667 847 3790 900 προ-

545 921 745 988 φήτης,
778 918 1062 985 ἄνθρωπος
1094 913 1192 979 ὣν,
1222 913 1296 975 ὡς
1325 911 1385 976 ἐξ
1413 910 1606 964 ἑαυτοῦ
1651 927 1836 980 φησιν,
1872 927 1889 960 ι
1921 911 2208 976 ΙἌκουσον,
2251 912 2380 974 λαός
2445 931 2570 981 μου,
2602 916 2696 968 καὶ
2758 917 2975 986 λαλήσω
3010 935 3128 972 σοι·
3177 921 3414 991 Ἰσραὴλ,
3457 925 3554 978 καὶ
3580 923 3792 993 διαμαρ-

543 1007 780 1078 τύρομαί
821 1026 902 1062 σοι
929 1023 942 1037 ⁸
975 1009 1004 1060 ὁ
1033 1005 1165 1070 Θεὸς
1189 1008 1216 1058 6
1243 1005 1376 1068 Θεός
1407 1005 1498 1057 σού
1559 1004 1673 1072 εἰμι
1702 1001 1834 1070 ἐγώ.
1863 1021 1881 1054 ι
1940 1003 2018 1056 Οὐ
2077 1003 2186 1072 γὰρ
2230 1005 2575 1075 προσέθηκεν
2634 1009 2710 1071 ὡς
2733 995 2742 1002 ”
2767 1011 2824 1062 ὲν
2879 1009 3083 1078 ἄλλοις,
3140 1030 3159 1064 ι
3194 1013 3330 1066 Τάδε
3365 1015 3516 1082 λέγει
3557 1018 3753 1086 Κύριος
3779 1034 3790 1044 ·

549 1101 611 1174 μ’.
645 1102 746 1155 ’257
778 1100 830 1172 ὁ]
861 1101 980 1166 καὶ,
1021 1119 1038 1152 ι
1079 1094 1249 1153 Εἶπεν
1295 1099 1322 1150 6
1358 1097 1490 1160 Θεὸς
1519 1097 1585 1150 τὰ
1623 1097 1717 1150 καὶ
1740 1095 1837 1148 τά·
1869 1113 1885 1146 ι
1923 1096 1950 1148 6
1983 1094 2036 1147 δὲ
2068 1095 2299 1164 ἅγγελος
2327 1099 2391 1150 ὲκ
2432 1099 2528 1166 τῆς
2559 1099 2748 1169 βάτου,
2792 1120 2812 1154 ι
2856 1101 2998 1170 Ἐγὼ
3031 1103 3148 1174 εἰμι
3179 1106 3208 1158 6
3237 1104 3368 1168 Θεὸς
3406 1106 3663 1176 Ἀϐραὰμ
3713 1109 3796 1160 nl.

546 1197 573 1245 6
597 1195 726 1257 Θεὸς
760 1194 950 1248 Ἰσαὰκ
978 1194 1073 1262 καὶ
1097 1195 1125 1246 ὁ
1153 1193 1285 1256 Θεὸς
1311 1191 1508 1246 Ἰακώϐ
1533 1205 1550 1221 ·
1587 1210 1604 1244 ι
1639 1191 1975 1262 Προείρηται
1996 1191 2126 1258 γὰρ,
2169 1209 2188 1243 ί
2221 1191 2403 1262 Ὠφθη
2432 1195 2579 1265 αὐτῷ
2612 1196 2842 1266 ἄγγελος
2863 1199 3096 1270 Κυρίου.
3125 1218 3144 1251 ι

621 1286 707 1342 Vl.
734 1286 790 1341 Si
820 1288 1006 1356 igitur,
1027 1293 1088 1340 ut
1115 1301 1240 1340 cum
1271 1295 1462 1341 saneto
1487 1284 1881 1354 Chrysostomo
1911 1285 2126 1353 loquar,

550 1389 816 1449 quantum
858 1381 1088 1433 interest
1127 1378 1272 1432 inter
1303 1391 1506 1431 caseum
1533 1385 1587 1430 et
1639 1377 1919 1432 videntem
1946 1385 2128 1440 ,tanta

551 1479 636 1524 est
666 1471 808 1524 inter
846 1471 1066 1539 angelos
1094 1479 1148 1524 et
1193 1469 1444 1522 homines
1475 1467 1803 1530 differentia,
1856 1467 2131 1538 quomodo

555 1563 796 1627 tandem,
843 1561 886 1614 si
921 1561 1098 1630 angeli
1159 1575 1269 1614 non
1315 1568 1548 1629 possunt
1593 1558 1778 1612 videre
1833 1557 2130 1613 essentiam

557 1651 650 1706 Dei
682 1660 776 1705 aut
803 1665 1159 1720 cognoscere,
1231 1649 1486 1704 homines
1525 1657 1806 1718 poterunt,
1838 1649 1930 1718 qui
1957 1663 2128 1718 ange-

2308 1289 2400 1352 C4".
2433 1287 2497 1341 Εἰ
2554 1289 2646 1344 οὖν
2689 1293 2830 1345 κατὰ
2885 1293 2977 1346 τὸν
3015 1292 3158 1347 θεῖον
3210 1293 3644 1364 Χρυσόστομον,
3685 1297 3798 1348 ὅσον

2235 1380 2439 1448 τυφλοῦ
2471 1384 2562 1436 καὶ
2595 1379 2888 1450 βλέποντος
2920 1387 2982 1438 τὸ
3012 1386 3196 1454 μέσον,
3233 1385 3491 1450 τοσοῦτόν
3523 1389 3670 1440 ἐστιν
3710 1389 3799 1456 ἀγ-

2236 1470 2412 1539 γέλων
2444 1475 2538 1526 καὶ
2569 1475 2664 1528 ἀνθ
2675 1476 2873 1546 ρώπων
2893 1475 2952 1529 τὸ
2973 1477 3256 1546 διάφορον,
3278 1476 3396 1540 πῶς
3425 1477 3538 1530 τῶν
3567 1479 3801 1546 ἀγγέλων

2241 1562 2316 1634 μὴ
2343 1563 2658 1635 δυναμένων
2688 1566 2808 1619 οὗθ’
2838 1568 2973 1638 ὁρᾷν
3024 1568 3123 1638 τὴν
3171 1567 3362 1621 οὐσίαν
3385 1567 3516 1622 οὗτε
3553 1572 3692 1622 νοεῖν
3717 1570 3801 1622 τοῦ

2237 1654 2394 1723 Θεοῦ,
2425 1657 2510 1726 εῐη
2533 1658 2600 1710 ἂν
2629 1657 2853 1712 δυνατὸν
2882 1657 3193 1730 ἀνθρώποις
3219 1661 3372 1713 τουτὶ
3398 1703 3414 1728 ,
3457 1657 3544 1724 οἷς
3577 1664 3697 1732 μηδ’
3715 1665 3804 1731 ἀγ-

566 1744 742 1796 lorum
773 1741 1068 1796 essentiam
1103 1757 1213 1796 non
1237 1740 1401 1794 modo
1452 1755 1562 1795 non
1613 1755 1864 1802 cernere,
1919 1739 2013 1793 sed
2061 1753 2130 1792 ue

2241 1745 2410 1813 γέλων
2430 1748 2618 1800 οὐσίαν
2643 1749 2716 1820 μὴ
2740 1749 2822 1802 ὅτι
2855 1751 2931 1821 μὴ
2963 1747 3205 1818 βλέπειν,
3247 1751 3363 1804 ἀλλ’
3401 1751 3532 1804 οὐδὲ
3555 1755 3693 1806 νοεῖν
3722 1753 3804 1804 δυ-

559 1833 801 1903 cogitare
845 1831 1066 1900 quidem
1115 1831 1379 1901 possunt?
1407 1830 1463 1884 Si
1499 1831 1668 1897 enim,
1691 1839 1749 1883 ut
1801 1846 1924 1884 cum
1963 1829 2132 1900 Chry-

565 1937 806 1978 sosmmo
833 1924 1050 1992 loquar,
1118 1923 1358 1978 essentia
1408 1923 1704 1977 essentiam
1731 1922 1983 1976 altiorem
2043 1937 2136 1976 co-

576 2032 840 2088 gnoscere
860 2031 968 2070 non
993 2025 1190 2084 potest,
1208 2016 1438 2069 multum
1459 2029 1592 2069 sane
1611 2014 1784 2078 abest,
1807 2023 1868 2067 ut
1886 2013 2134 2068 homines

563 2109 878 2176 angelorum
921 2107 1218 2163 essentiam
1263 2107 1502 2174 videant,
1535 2115 1682 2161 tanto
1731 2106 1839 2160 illis
1891 2109 2136 2174 superio—

563 2219 699 2267 rem,
717 2211 922 2271 quanto
944 2201 1101 2256 caecis
1129 2199 1397 2255 videntes.
1421 2199 1502 2254 Ne
1523 2201 1774 2254 turbetur
1799 2199 1964 2268 igitur
1982 2214 2136 2253 mens

563 2305 742 2348 vestra
776 2295 1236 2348 utcommunium
1274 2292 1474 2347 divinae
1515 2291 1772 2347 Ecclesia:
1830 2293 2135 2346 sententia-

567 2401 688 2439 rum
723 2383 1147 2448 obliviscamini,
1175 2399 1295 2447 quzr
1312 2383 1378 2436 ad
1411 2382 1694 2437 llebraicae
1724 2381 1942 2436 dialecti
1971 2381 2134 2452 447

566 2477 958 2546 proprietatem
993 2475 1139 2531 dicta
1171 2483 1320 2542 sunt,
1363 2475 1544 2544 qualia
1595 2491 1626 2529 a
1685 2475 1842 2530 nobis
1892 2474 1982 2528 illa
2024 2476 2136 2546 jam

567 2569 774 2637 prolata
800 2576 948 2632 sunt,
983 2578 1039 2620 et
1062 2579 1405 2636 quaecunque
1466 2573 1593 2620 sunt
1622 2565 1844 2631 similia,
1891 2565 2012 2620 dico
2037 2582 2136 2619 au-

571 2675 676 2716 tem
707 2661 844 2715 illud
887 2676 899 2710 :
943 2679 960 2712 ι
1001 2660 1242 2714 Locutus
1298 2672 1382 2714 est
1417 2660 1682 2714 Dominus
1734 2659 1800 2713 ad
1835 2659 2040 2714 Mosem
2071 2659 2138 2714 de

568 2754 708 2808 facie
732 2751 800 2805 ad
827 2750 1043 2817 faciem,
1071 2761 1128 2802 ut
1153 2751 1196 2804 si
1225 2749 1350 2819 quis
1389 2765 1512 2804 eum
1544 2749 1719 2803 amico
1751 2748 1820 2803 de
1863 2763 1958 2802 ore
1978 2747 2045 2802 ad
2079 2763 2140 2802 os

567 2846 837 2915 loquitur,
865 2845 918 2897 in
945 2844 1148 2912 specie,
1191 2858 1297 2896 non
1358 2857 1456 2911 per
1495 2841 1809 2910 aenigmata.
1849 2859 1866 2892 ι
1927 2841 1990 2894 lit
2019 2857 2140 2894 rur-

573 2953 708 2992 sus:
749 2955 768 2988 ‹
807 2936 961 2990 Mons
997 2934 1150 2988 Sinai
1191 2933 1454 2998 fumabat,
1529 2933 1788 3000 quoniam
1841 2931 1985 2985 Deus
2046 2947 2144 3001 per

574 3032 758 3100 ignem
789 3027 843 3081 in
878 3043 1003 3081 eum
1029 3024 1414 3081 descendebat.
1453 3042 1472 3076 ι
1505 3024 1574 3077 Et
1615 3025 1750 3078 alias
1797 3042 1810 3078 :
1861 3044 1880 3077 ι
1921 3023 2148 3094 Species

2236 1834 2424 1901 νατόν;
2461 1833 2523 1886 Εἰ
2579 1835 2686 1906 γὰρ
2717 1837 2857 1890 κατὰ
2884 1837 2975 1890 τὸν
3016 1839 3176 1891 αὐτὸν
3217 1839 3611 1910 Χρυσὸστομον
3658 1841 3803 1894 οὐσία

2235 1923 2425 1978 οὐσίαν
2455 1927 2864 1998 ὑπερκειμένην
2892 1932 3036 1984 νοεῖν
3067 1932 3126 1985 οὐ
3149 1932 3398 1998 δύναται,
3435 1933 3636 1988 πολλοῦ
3668 1935 3802 2000 μέντ’

2239 2017 2304 2070 ἂν
2329 2017 2576 2089 δεήσειεν
2635 2020 2963 2089 ἀνθρώπους
3014 2025 3264 2091 ἀγγέλων
3325 2025 3556 2094 βλέπειν
3605 2027 3802 2090 οὐσίαν,

2239 2109 2643 2181 ὑπερκειμένην
2672 2113 2876 2166 τούτων
2898 2116 3037 2168 ὅσων
3055 2117 3102 2167 οί
3121 2117 3412 2186 βλέποντες
3437 2119 3552 2171 τῶν
3577 2119 3804 2186 τυφλῶν.

2238 2203 2330 2274 Μὴ
2363 2205 2680 2272 ταραττέτω
2707 2206 2887 2258 τοίνυν
2912 2207 3065 2276 ὑμῶν
3102 2209 3201 2276 τὴν
3229 2207 3499 2268 διάνοιαν.
3533 2209 3672 2262 ὥστε
3707 2210 3805 2262 τῶν

2239 2295 2436 2348 κοινῶν
2494 2295 2591 2366 τῆς
2629 2297 2724 2349 τοῦ
2781 2296 2915 2350 Θεοῦ
2954 2298 3286 2368 Ἐκκλησίας
3322 2300 3549 2354 ἐννοιῶν
3599 2301 3805 2368 ἐκλελῆ-

2243 2387 2388 2453 σθαι,
2418 2387 2517 2441 ὅσα
2548 2389 2691 2442 κατά
2718 2407 2838 2442 τινα
2874 2389 3206 2458 ἱδιοτροπίαν
3233 2390 3335 2460 τῆς
3375 2391 3665 2462 Ἐϐραῖδος
3701 2393 3807 2444 ἐστί

2239 2480 2510 2550 λεγόμενα
2561 2479 2842 2534 διαλέκτου
2867 2496 2880 2510 ·
2923 2477 3010 2536 οἷα
3042 2481 3112 2535 τὰ
3144 2484 3234 2551 ὑφ’
3275 2463 3436 2554 ἡμῶν
3487 2488 3672 2538 ἐκεῖνα
3719 2485 3807 2535 νῦν

2243 2571 2622 2641 προϐληθέντα
2677 2575 2769 2626 καὶ
2824 2574 2924 2642 ὅσα
2979 2575 3356 2646 παραπλήσια,
3415 2577 3566 2645 λέγω
3621 2577 3684 2647 δὴ
3730 2577 3804 2640 τὸ,

2249 2677 2268 2710 ι
2319 2659 2583 2729 Ἐλάλησε
2633 2661 2837 2731 Κύριος
2869 2660 3006 2728 πρὸς
3051 2663 3256 2732 Μωσῆν
3305 2663 3544 2728 ἑνώπιος
3575 2665 3804 2734 ὲνωπίῳ,

2243 2749 2317 2812 ὡς
2341 2751 2394 2803 εἰ
2423 2769 2507 2814 τις
2554 2751 2778 2822 λαλήσει
2812 2751 2947 2822 πρὸς
3005 2753 3200 2806 ἑαυτοῦ
3239 2755 3414 2822 φίλον,
3448 2757 3628 2826 στόμα
3681 2759 3807 2827 πρῦς

2248 2843 2422 2911 στόμα
2453 2845 2509 2896 ὲν
2538 2845 2667 2896 είδει
2719 2845 2812 2896 καὶ
2843 2846 2902 2897 οὐ
2933 2845 3000 2899 δι’
3034 2847 3410 2916 αἰνιγμάτωνο
3453 2869 3475 2900 ι
3507 2850 3601 2903 καὶ
3633 2851 3806 2915 πάλιν,

2253 2951 2272 2985 ι
2309 2933 2382 2985 Τὸ
2415 2934 2469 2987 δὲ
2499 2935 2623 3005 ὄρος
2650 2935 2743 2988 τοῦ
2782 2937 2914 2990 Σινᾶ
2943 2936 3270 3010 ὲκαπνίζετο
3300 2937 3385 2992 διὰ
3419 2939 3484 2992 τὸ
3515 2941 3810 3010 καταθεεη-

2251 3029 2401 3079 κέναι
2428 3028 2512 3078 ἐπ’
2544 3030 2674 3080 αὐτὸ
2703 3027 2792 3080 τὸν
2819 3029 2952 3082 Θεὸν
2985 3031 3041 3084 ὲν
3073 3031 3263 3100 πυρίη
3300 3032 3394 3084 καῖ⁵
3419 3034 3606 3100 πάλιν,
3644 3035 3740 3087 ιΤὸ
3758 3035 3812 3086 δὲ

575 3124 776 3176 divina:
823 3118 1010 3189 gloriae
1061 3129 1118 3170 ut
1153 3115 1295 3186 ignis
1347 3115 1526 3186 fulgor
1577 3115 1646 3170 de
1701 3117 1907 3170 vertice
1953 3115 2150 3170 montis

2254 3114 2393 3181 εἶδος
2425 3119 2521 3188 τῆς
2544 3119 2700 3190 δόξης
2729 3120 2936 3188 Κυρίου
2967 3121 3042 3196 ὡς
3081 3121 3191 3192 πῦρ
3224 3123 3421 3192 φλέγον
3449 3126 3545 3190 ἐπὶ
3579 3125 3810 3194 κορυφῆἶ

580 3211 846 3265 adversus
891 3207 1031 3260 ﬁlios
1073 3205 1256 3270 Israel,
1297 3222 1324 3256 .›
1367 3215 1424 3260 et
1484 3205 1654 3258 multa
1713 3205 1980 3275 ejusmodi
2030 3219 2149 3274 quae

2253 3209 2344 3262 τοῦ
2381 3210 2540 3279 ὅρους
2564 3212 2803 3264 ἐναντίον
2827 3212 2934 3264 τῶν
2961 3212 3090 3265 υἰῶν
3134 3201 3368 3284 Ἰσραήλ.
3400 3235 3419 3266 ι
3451 3217 3568 3278 Καὶ
3601 3217 3810 3280 τοιαῦτα

577 3311 764 3356 creata
787 3309 932 3362 sunt,
957 3315 1080 3352 cum
1113 3298 1353 3350 inereata
1375 3295 1468 3349 Dei
1489 3298 1728 3350 essentia
1747 3296 2027 3349 conciliari
2050 3295 2150 3348 mi-

2259 3301 2446 3369 μυρία,
2491 3301 2666 3353 ὁπόσα
2717 3302 2913 3353 κτιστὰ
2966 3301 3093 3354 ὄντα
3128 3306 3191 3372 τῇ
3245 3303 3342 3372 μὲν
3391 3305 3640 3374 ἀκτίστῳ
3670 3305 3812 3376 οὐσία

581 3395 726 3446 nime
749 3393 901 3453 licet,
920 3390 984 3443 ad
1004 3389 1396 3458 discipulorum
1420 3395 1604 3440 autem
1626 3385 2024 3440 institutiunem
2043 3400 2150 3440 non

2254 3392 2344 3444 τοῦ
2381 3392 2516 3444 Θεοῦ
2546 3393 2763 3444 πάντων
2786 3393 2987 3462 ἥκιστά
3011 3395 3157 3447 ἐστιν
3181 3395 3482 3463 ἁρμόττειν
3506 3397 3668 3460 ὅσιον,
3696 3398 3811 3465 πρός

581 3487 798 3548 inutile,
833 3485 944 3538 imo
993 3495 1156 3552 quam
1215 3481 1570 3535 utilissimum
1629 3489 1735 3534 est.
1769 3479 1904 3534 Volo
1953 3495 2150 3534 vocare

2255 3502 2318 3554 γε
2353 3485 2458 3554 μὴν
2495 3485 2848 3554 παιδευτικὴν
2877 3485 2987 3537 τῶν
3041 3489 3343 3556 χρωμένων
3389 3489 3707 3557 οἰκονομίαν
3755 3489 3808 3540 οὐ

583 3573 974 3644 prophetarum
1039 3570 1202 3624 verba
1231 3572 1286 3622 in
1337 3569 1520 3639 specie
1577 3567 1672 3622 Dei
1731 3575 1785 3621 et
1835 3569 2154 3638 angelorum

583 3682 708 3721 cum
738 3664 1052 3719 heminibus
1079 3662 1558 3717 conversationem
1603 3659 1909 3714 sensualem
1939 3671 1991 3713 et
2021 3660 2161 3729 vigi-

582 3759 826 3813 lantibus
865 3756 971 3810 illis
1006 3763 1384 3824 apparentem.
1421 3751 1568 3818 Quae
1599 3751 1822 3822 quidem
1876 3751 2156 3805 Abraham

587 3849 950 3919 contigit,{qui
1008 3847 1186 3916 primo
1217 3847 1386 3910 Deum
1435 3859 1545 3898 non
1586 3853 1645 3898 ut
1673 3843 1842 3896 Deum
1871 3843 2028 3908 vidit,
2065 3844 2159 3898 sed

589 3953 648 3995 ut
673 3941 946 3995 hominem
981 3937 1038 3991 in
1075 3935 1372 4005 hospitium
1399 3935 1625 4003 recepit.
1681 3933 1745 3986 Et
1796 3934 2050 3988 laudatus
2079 3944 2162 3988 est

589 4033 660 4088 (To
692 4032 1054 4087 reverentiam
1089 4043 1195 4098 qua
1235 4042 1362 4081 eum
1394 4027 1630 4094 recepit.
1678 4024 1744 4078 Et
1773 4034 1972 4094 praeter
2039 4041 2158 4094 per.

599 4126 798 4180 multos
817 4124 952 4177 alios
981 4131 1167 4191 postea
1201 4119 1392 4172 Mauoe
1421 4133 1479 4172 se
1509 4116 1784 4186 perditum
1825 4115 1987 4181 dixit,
2017 4117 2159 4186 quod

597 4219 764 4270 Deum
798 4215 1044 4268 vidisset.
1070 4210 1190 4264 Non
1223 4210 1291 4262 ad
1339 4207 1617 4261 hominem
1664 4217 1908 4276 captum,
1953 4207 2153 4276 inquit,

593 4317 718 4377 apta
744 4317 827 4361 est
857 4307 948 4358 Dei
975 4301 1236 4372 cognitio,
1273 4301 1476 4358 nedum
1506 4307 1722 4362 natura,
1759 4299 1854 4354 sed
1891 4314 1988 4368 per
2014 4315 2162 4354 som-

597 4401 813 4452 niorum
841 4396 1148 4464 aenigmata;
1181 4392 1298 4446 hanc
1329 4391 1475 4446 enim
1507 4389 1633 4444 luce
1680 4389 2085 4458 quodammodo
2107 4399 2164 4444 et

598 4491 844 4546 claritate
881 4487 1143 4542 destituta
1163 4493 1266 4550 est,
1303 4484 1504 4553 quippe
1535 4497 1656 4552 qua:
1707 4480 1871 4534 aliam
1926 4481 2030 4535 alia
2063 4482 2164 4534 im-

599 4585 856 4654 plicatam
887 4579 1088 4635 nebula
1137 4577 1496 4631 obscuritatis
1559 4573 1974 4642 explicationem
2033 4589 2167 4640 prte-

601 4679 749 4734 beat.
776 4671 944 4743 448
986 4669 1152 4740 Cujus
1179 4669 1254 4722 rei
1295 4667 1551 4736 permulti
1581 4665 1674 4719 alii
1707 4673 1870 4719 testes
1921 4673 2049 4718 sunt
2085 4664 2168 4718 in-

607 4764 884 4833 tegri,jsed
907 4761 1072 4816 etiam
1108 4757 1297 4812 Daniel
1323 4767 1378 4812 et
1405 4755 1632 4825 Joseph,
1657 4755 1861 4824 quibus
1889 4764 2171 4810 nocturnae

603 4858 844 4912 visiones
875 4855 930 4908 in
957 4853 1164 4909 somnis
1187 4865 1376 4906 earum
1408 4865 1592 4904 rerum
1651 4863 1773 4916 qua:
1822 4846 1976 4902 facta:
2035 4863 2172 4902 non-

604 4948 734 5002 dum
765 4953 942 5016 erant,
966 4959 1152 4998 veram
1182 4940 1664 5012 praecognitionetn
1715 4939 2052 5008 praebebant.
2091 4940 2164 4994 De

605 5049 840 5106 utroque
863 5037 1082 5107 sapiens
1111 5035 1204 5089 ille
1249 5031 1536 5101 theologus
1581 5028 1880 5100 Gregorius
1914 5030 2170 5086 dubitans

605 5133 722 5200 ipse
751 5130 1052 5202 quidquam
1087 5128 1228 5184 scire
1265 5139 1324 5180 se
1352 5133 1537 5192 negat,
1563 5123 1702 5176 scire
1729 5133 1916 5176 autem
1939 5127 2172 5192 prophe-

609 5237 783 5278 tarum
809 5225 1011 5287 Deum,
1047 5223 1164 5276 sive
1195 5220 1484 5290 phantasia
1543 5224 1628 5270 est
1662 5216 1863 5270 diurna
1915 5215 2029 5270 sive
2070 5231 2172 5271 no-

607 5327 802 5371 cturna
830 5329 960 5370 vera
999 5313 1159 5375 visio,
1187 5313 1301 5367 sive
1349 5307 1582 5362 rationis
1633 5307 1842 5376 efﬁgies
1863 5323 2174 5378 praacogno-

609 5409 815 5462 scentis
833 5407 1017 5460 futura
1045 5413 1302 5472 tanquam
1327 5401 1639 5472 praesentia.
1686 5399 1960 5454 (laeter-um
2009 5415 2176 5454 nemo

609 5499 702 5554 Dei
729 5507 978 5554 naturam
1007 5495 1144 5550 vidit
1179 5503 1272 5549 aut
1305 5495 1584 5561 professus
1607 5501 1714 5546 est.
1765 5489 1978 5556 Quibus
2007 5490 2175 5560 igitur

609 5591 808 5644 divinae
839 5587 1092 5644 Ecclesiae
1145 5599 1472 5641 communes
1527 5583 1811 5638 sententia:
1843 5595 1969 5636 cum
1995 5581 2176 5651 {ﬁrma

685 5769 762 5839 (ιι)
802 5769 896 5822 Ἐκ
921 5767 1016 5822 τοῦ
1049 5765 1176 5835 περῖ
1203 5761 1481 5830 θεολογίας
1521 5761 1773 5832 δευτέρου
1813 5761 1996 5830 λόγου.

2260 3575 2404 3644 μάλα
2457 3576 2747 3644 ἀχρήστως
2792 3575 2926 3644 ἔχει,
2960 3576 3048 3628 ναὶ
3087 3577 3193 3646 μὴν
3224 3577 3334 3631 οὐδ’
3367 3579 3440 3642 ὡς
3487 3580 3810 3651 πορρωτάτω

2258 3667 2353 3719 τοῦ
2386 3667 2665 3734 ὠφελίμου
2705 3670 2902 3722 κεῖται.
2939 3669 3136 3720 Καλεῖν
3161 3668 3205 3721 δ’
3237 3666 3389 3738 οἶμαι
3435 3673 3508 3725 τὰ
3541 3673 3690 3738 λόγια
3716 3671 3811 3723 τῶν

2237 3741 2557 3828 ὶπροφητῶν
2617 3757 2673 3806 ὲν
2715 3753 2846 3806 εἴδει
2879 3755 2979 3824 μὲν
3029 3757 3248 3823 ὁμιλίαν
3275 3757 3411 3810 Θεοῦ
3448 3761 3543 3812 καὶ
3584 3759 3812 3828 ἀγγέλων

2261 3848 2396 3917 πρὸς
2429 3847 2754 3916 ἀνθρώπους
2780 3845 2877 3914 τὴν
2911 3847 3171 3916 αἰσθητὴν
3208 3851 3301 3908 καὶ
3333 3853 3696 3922 ἐγρηγορόσιν
3724 3849 3808 3902 αὖ·

2259 3941 2373 4001 τοῖς
2407 3935 2759 4008 φαινομένην,
2793 3937 2982 3999 ὁποίας
3011 3937 3104 3990 καὶ
3154 3937 3403 4008 Ἀϐραὰμ
3436 3941 3664 4005 ἠξίωται
3691 3939 3808 4008 πρό-

2261 4047 2418 4100 τερον
2446 4030 2578 4083 Θεὸν
2628 4029 2725 4098 οὐχ
2769 4029 2844 4092 ὡς
2887 4029 3019 4081 Θεὸν
3059 4029 3203 4096 ἰδὼν,
3258 4031 3375 4083 ἀλλ’
3425 4031 3505 4092 ὡς
3539 4033 3808 4104 ἄνθρωπον

2265 4121 2500 4190 θρέψας·
2549 4121 2608 4183 ὃς
2647 4122 2742 4173 καὶ
2793 4119 3055 4190 ἐπῃνέθη,
3111 4120 3264 4190 φησὶ,
3319 4121 3602 4186 σεϐασθεὶς
3631 4123 3807 4176 ὁπόσον

2265 4213 2552 4267 κατέλαϐε.
2589 4211 2700 4265 Καὶ
2731 4211 2872 4281 μετὰ
2909 4203 3198 4275 πλείστὸυς
3229 4211 3420 4276 ἄλλους
3455 4212 3681 4282 ὕστερον
3707 4215 3810 4266 Μα-

2263 4304 2402 4358 νωέ·
2436 4304 2494 4367 ὸς
2518 4305 2612 4356 καὶ
2639 4303 2973 4356 ἀπολωλέναι
3017 4303 3166 4367 ὲσόα,
3198 4303 3333 4355 διότι
3377 4303 3517 4358 Θεὸν
3563 4305 3808 4373 ἑώρακεν,

2266 4396 2340 4458 ὡς
2371 4395 2430 4447 οὐ
2461 4394 2714 4464 χωρητῆς
2761 4392 3070 4462 ἀνθρώποις
3099 4391 3300 4462 οὔσης,
3331 4393 3520 4463 φησὶν,
3551 4395 3667 4447 οὐδὲ
3687 4411 3807 4460 φαν-

2270 4489 2463 4549 τασίας
2493 4485 2661 4548 θείας,
2693 4485 2768 4552 μὴ
2801 4484 2880 4536 ὅτι
2915 4483 3152 4549 φύσεως.
3185 4481 3265 4536 Δι’
3299 4485 3640 4552 αἰνιγμάτων
3670 4484 3709 4536 δ’
3731 4481 3810 4533 οὖν

2263 4577 2361 4648 τὴν
2387 4577 2454 4628 δι’
2501 4576 2828 4644 ὀνειράτων·
2879 4574 3138 4643 ἀλαμπής
3179 4575 3287 4644 γάρ
3317 4589 3400 4639 τις
3451 4575 3612 4644 αὕτη,
3645 4573 3806 4626 καὶού

2269 4669 2408 4722 πάνυ
2433 4685 2485 4721 τι
2509 4665 2774 4736 πρόδηλος
2793 4681 2807 4696 ·
2839 4667 2933 4718 καὶ
2980 4667 3088 4736 γὰρ
3119 4665 3186 4718 δι’
3212 4666 3387 4719 ἄλλων
3423 4667 3560 4720 ἄλλα
3587 4664 3809 4734 συμπλέ-

2268 4777 2438 4816 κουσα
2469 4761 2564 4812 καὶ
2595 4755 3041 4826 συγκρύπτουσα,
3093 4759 3246 4825 νέφει
3279 4759 3387 4812 τινὶ
3417 4759 3809 4828 καλυπτομένην

2271 4851 2539 4919 ἀσαφείας
2571 4849 2800 4918 παρέχει
2830 4849 2930 4918 τὴν
2957 4847 3210 4917 δήλωσιν.
3239 4841 3340 4904 Ὧν
3360 4851 3455 4904 καὶ
3480 4851 3708 4903 πλεῖστοι
3727 4851 3809 4918 μὲν

2274 4945 2450 5012 ἓτεροι
2479 4944 2720 5013 κήρυκες
2747 4941 3017 5011 ἀψευδεῖς,
3052 4941 3190 4994 ἀλλὰ
3244 4945 3339 4996 καὶ
3363 4943 3560 5016 Δανιὴλ
3589 4943 3675 4995 καὶ
3713 4943 3808 4993 Ἰω-

2280 5035 2410 5104 om”
2448 5029 2528 5096 οἷς
2565 5031 2876 5102 νυκτεριναί
2926 5048 3068 5094 τινες
3118 5032 3273 5100 ὄψεις
3303 5032 3618 5085 καθεύδουσι
3665 5031 3808 5098 μήπω

2281 5127 2580 5196 γεγονότων
2612 5123 2789 5194 ἀληθῆ
2821 5125 3082 5194 παρεῖχον
3113 5125 3212 5192 τὴν
3241 5125 3568 5194 πρόγνωσιν.
3606 5122 3726 5190 Περὶ
3748 5113 3808 5170 ὧν

2276 5217 2603 5287 ἀμφοτέρων
2657 5217 2684 5267 6
2718 5216 3030 5284 σοφώτατος
3064 5213 3286 5284 ἀπορῶν
3313 5215 3594 5282 ’Θεολόγος
3627 5209 3807 5280 Γρηγό-

2279 5327 2394 5382 ριος
2421 5309 2496 5379 (1)
2527 5307 2687 5371 αὐτὸς
2731 5307 2831 5377 μὲν
2878 5308 3132 5374 ὁμολογεῖ
3163 5308 3236 5378 μὴ
3283 5307 3517 5370 εἰδέναι,
3543 5305 3726 5358 εἰδέναι
3760 5299 3804 5351 δὲ

2277 5401 2368 5452 τὸν
2385 5399 2495 5452 τῶν
2517 5397 2814 5469 προφητῶν
2841 5395 2992 5460 Θεὸν,
3024 5397 3135 5449 εἴτε
3156 5397 3423 5464 φαντασία
3453 5415 3535 5460 τις
3551 5391 3614 5468 ἦν
3638 5397 3806 5462 ἡμέραν

2279 5494 2367 5561 νὴ,
2400 5493 2510 5544 εἴτε
2569 5491 2761 5551 νυκτὸς
2794 5489 3029 5558 ἀψευδής
3057 5489 3200 5558 ὕψις,
3235 5491 3342 5542 εἰτε
3395 5489 3488 5542 τοῦ
3513 5477 3802 5560 ἡγεμονικοῦ

2281 5583 2524 5646 τύπωσις
2557 5581 2926 5652 συγγινομένη
2957 5583 3070 5645 τοῖς
3122 5581 3409 5652 μέλλουσιν
3457 5583 3529 5646 ὡς
3563 5575 3773 5652 παροῦσι
3789 5579 3812 5658 ’ν
