4134 6286
574 421 680 489 399

1792 413 2165 476 NlCEPIIOIl

2267 414 2634 477 HlEGOR/E
3692 410 3782 472 illi)

574 546 669 601 sed
696 550 877 600 creata
896 547 1049 604 sunt,
1079 549 1422 610 quascunque
1459 531 1525 588 ad
1553 531 1796 585 calorem
1827 540 1882 583 et
1916 529 2148 582 formam

2267 529 2358 582 ὅσα
2378 529 2629 600 χρώμασι
2665 530 2758 584 καλ.
2793 528 3036 598 σχήμασι
3058 523 3154 578 καὶ
3183 521 3480 592 γλυκύτησι
3505 523 3594 576 καὶ
3622 525 3785 592 πικρός

572 647 627 691 et
653 635 995 689 dulcedinem
1015 627 1511 686 etamaritudinem
1544 632 1599 678 et
1624 622 1846 676 odorem
1877 621 2153 690 pertinent

573 741 626 784 et
662 728 727 782 ad
757 727 1079 786 videndum,
1107 720 1465 782 audiendum,
1508 714 1854 770 sentiendum
1890 713 2150 788 increata,

575 819 922 875 nominanda
957 814 1209 888 judicet?
1241 813 1517 878 Quantum
1572 809 1664 862 ille
1710 806 2034 860 abhorreret
2081 804 2149 858 ab

578 912 790 967 insanis
826 922 880 963 et
911 923 1104 962 sensus
1137 901 1490 974 expertibus?

646 1003 983 1072 Vlll.{Atque
1002 1007 1062 1053 ιιι
1084 999 1152 1052 iis
1181 1013 1302 1067 qua:
1332 994 1646 1066 singulatim
1675 1001 1938 1064 apparent
1989 987 2154 1044 rebus

574 1095 843 1150 rationem
873 1093 1284 1154 conﬁrmemus,
1301 1095 1607 1143 atramento
1624 1095 1718 1139 aut
1735 1085 1842 1139 alio
1865 1083 2047 1138 colore
2071 1081 2156 1151 pi—

574 1186 889 1244 etzelitteraé
925 1192 1076 1240 certe
1104 1183 1301 1238 visioni
1324 1181 1580 1252 subjecta:
1610 1188 1760 1243 sunt,
1805 1178 1900 1232 sed
1937 1177 2076 1230 inest
2099 1183 2155 1230 et

575 1279 728 1350 quasi
749 1280 880 1332 latet
899 1278 953 1331 in
977 1276 1071 1330 illo
1094 1284 1404 1329 atramento
1434 1272 1703 1327 sententia
1741 1269 2008 1339 quadam,
2035 1283 2156 1336 quae

574 1371 776 1425 visioni
807 1369 1025 1424 subdita
1061 1381 1184 1421 esse
1236 1363 1386 1419 nullo
1442 1363 1604 1418 modo
1662 1371 1862 1434 potest.
1901 1365 2154 1415 Attamen

573 1463 734 1536 451
767 1461 1025 1532 quoniam
1063 1458 1231 1512 homo
1263 1473 1326 1512 ex
1359 1457 1540 1510 anima
1574 1465 1628 1510 et
1656 1470 1887 1524 corpore
1915 1461 2150 1520 constat,

572 1566 629 1611 et
667 1570 766 1624 per
799 1552 1139 1622 corporalem
1171 1562 1227 1605 et
1257 1549 1566 1602 sensualem
1601 1547 1862 1600 visionem
1905 1545 2154 1614 apprime

577 1645 814 1716 percipit
872 1643 1121 1713 corporis
1159 1642 1384 1704 formas,
1427 1655 1525 1710 per
1556 1637 1845 1692 mentalem
1879 1645 1933 1690 et
1969 1634 2160 1689 invisi-

575 1737 744 1792 bilem
771 1735 969 1790 anima:
1004 1732 1226 1788 oculum
1282 1729 1588 1785 sententias
1640 1743 1762 1798 qua:
1817 1727 2016 1781 litteris
2045 1725 2154 1780 illis

579 1830 792 1884 insunt.
825 1827 902 1881 Ac
945 1823 1216 1879 mundum
1249 1823 1432 1886 illum,
1468 1822 1560 1890 qui
1589 1835 1620 1874 e
1661 1819 1802 1873 coelo
1840 1826 1896 1872 ct
1926 1827 2070 1872 terra
2099 1826 2154 1871 et

2257 637 2383 688 τησι
2416 622 2512 676 καὶ
2561 624 2759 691 ὀσμαῖς
2800 619 3089 673 ὑπόκειται
3136 617 3230 668 καὶ
3285 616 3418 682 ἀκοῇ
3445 614 3534 666 καὶ
3571 615 3680 680 δψει
3710 617 3789 666 καὶ

2259 714 2368 782 ἀφῇ
2414 713 2685 784 κρίνεται,
2717 713 2902 780 λέγειν
2937 711 3201 772 ἀκτιστα;
3230 707 3354 758 τίδ’
3388 707 3623 758 ἀπεοίκοι
3645 705 3791 758 me-

2254 821 2347 867 τος
2382 806 2492 857 τῶν
2519 805 2865 874 μαινομένων
2898 804 2928 868 ἢ
2975 800 3356 868 ἀναισθήτων;

2325 982 2410 1036 Η’.
2448 982 2557 1035 Καὶ
2590 983 2657 1036 ἵν’
2684 983 2747 1036 ἐκ
2777 979 2888 1035 τῶν
2941 980 3064 1034 καθ’
3089 979 3298 1033 ἕκαστα
3347 984 3674 1048 φαινομένων
3721 983 3796 1032 τὸν

2258 1075 2413 1144 λόγον
2438 1074 2828 1144 γυμνάσωμεν,
2855 1071 2924 1124 τά
2951 1072 3037 1124 διά
3073 1072 3300 1140 μέλανος
3353 1072 3386 1140 ἢ
3435 1071 3499 1124 δι’
3523 1071 3670 1124 ἄλλου
3716 1070 3793 1122 τοῦ

2257 1167 2546 1238 χρώματος
2569 1166 2870 1235 γράμματα
2903 1164 3012 1217 τῶν
3044 1163 3350 1234 αἰσθήσεων
3387 1163 3484 1232 μὲν
3519 1165 3798 1217 ὑπόκεινται

2257 1258 2476 1320 πάντως
2501 1260 2566 1326 τῇ
2600 1256 2720 1325 ὄψει
2743 1273 2757 1286 ο
2785 1255 2900 1310 ἀλλ’
2941 1257 3053 1324 ἔχει
3085 1255 3180 1308 καὶ
3209 1255 3332 1308 νοῦν
3379 1255 3684 1323 ἐγκείμενον
3724 1259 3802 1309 καὶ

2259 1349 2631 1420 κρυπτόμενον
2648 1351 2704 1401 ἐν
2717 1347 2796 1417 τῷ
2822 1347 3034 1416 μέλανι,
3057 1348 3504 1418 ἀπηγορευμένον
3525 1345 3614 1400 καὶ
3629 1349 3803 1401 ἀδυνά-

2255 1461 2351 1496 του
2377 1444 2727 1499 παντάπασιν
2755 1441 2904 1504 ὄντος
2921 1440 3040 1510 δψει
3073 1439 3263 1494 τοῦτον
3293 1439 3805 1510 ύποτεθῆναι.”ομως

2259 1535 2559 1605 ἐπειδήπερ
2597 1536 2624 1588 δ
2663 1533 2952 1604 ἄνθρωπος
2989 1532 3213 1596 διπλοῦς
3254 1535 3316 1586 ἐκ
3354 1532 3534 1603 ψυχῆς
3575 1535 3806 1602 συνετέθη

2257 1627 2351 1680 καὶ
2389 1627 2676 1696 σώματος,
2711 1623 2805 1678 καὶ
2839 1624 3170 1694 ἀμφοτέρων
3205 1624 3428 1677 ἐκείνων
3463 1625 3668 1687 οἰκείως
3703 1627 3806 1676 ἐπι-

2256 1715 2620 1787 λαμϐάνεται,
2651 1715 2739 1769 διὰ
2769 1715 2868 1786 μέν
2897 1714 2997 1782 τῆς
3029 1718 3348 1786 σωματικῆς
3379 1715 3476 1768 καὶ
3504 1716 3810 1784 φαινομένης

2257 1809 2433 1878 ὅψεως
2459 1809 2564 1861 τῶν
2589 1808 2677 1862 διὰ
2705 1807 2957 1878 σώματος
2985 1809 3372 1876 χαρακτήρων,
3399 1807 3488 1861 διὰ
3513 1808 3566 1860 δὲ
3592 1787 3678 1859 τοῦ
3705 1825 3807 1860 vo:-

568 1933 922 1991 quaecunque
955 1915 1134 1971 media
1169 1923 1298 1969 sunt
1329 1922 1566 1980 constat,
1597 1911 1856 1966 similiter
1885 1911 1952 1964 ab
1995 1908 2154 1963 initio

2267 1899 2354 1969 ροῦ
2381 1900 2475 1952 καὶ
2501 1899 2741 1967 ἀφανοῦς
2761 1897 2859 1967 τῆς
2883 1897 3059 1967 ψυχῆς
3083 1897 3365 1968 ὀφθαλμοῦ
3389 1899 3498 1951 τῶν
3523 1899 3626 1960 τοῖς
3649 1898 3812 1968 γράμ-

580 2015 831 2068 homines
852 2010 1015 2064 modo
1041 2007 1357 2064 universum
1387 2003 1552 2059 modo
1574 2004 1860 2072 partialem
1889 2003 2006 2056 visu
2026 2016 2160 2056 con-

575 2105 791 2176 cipiunt
817 2100 1122 2157 secundum
1153 2098 1265 2154 vim
1291 2106 1347 2152 et
1381 2105 1632 2150 naturam
1667 2111 1790 2164 quae
1819 2094 1893 2148 rei
1939 2093 2158 2147 unicui-

569 2209 687 2264 que
727 2194 889 2247 inest.
921 2191 996 2245 Ex
1032 2189 1116 2243 his
1153 2186 1372 2242 duobus
1405 2183 1652 2240 omnium
1682 2181 1909 2236 omnino
1942 2189 2158 2236 constat

581 2285 825 2355 cognitio
848 2326 862 2348 ,
896 2281 1110 2336 scilicet
1146 2277 1387 2334 sensuali
1421 2274 1776 2346 perceptione
1825 2288 1924 2341 per
1968 2271 2158 2326 oculos

573 2387 629 2431 ct
650 2376 702 2428 vi
743 2371 948 2427 mentis
971 2409 984 2431 ,
1009 2383 1130 2438 quae
1162 2365 1515 2420 invisibiliter
1545 2377 1642 2431 per
1669 2370 1920 2414 naturam
1948 2359 2156 2414 excita-

492 2523 495 2525 .
577 2485 688 2535 tur,
725 2477 950 2539 apparet
1002 2475 1184 2518 autem
1227 2477 1323 2531 per
1346 2460 1560 2513 litteras
1591 2470 1646 2511 et
1675 2472 2008 2510 sermonem.
2034 2453 2159 2510 llazc

572 2561 827 2632 quamvis
873 2573 981 2611 una
1018 2555 1071 2609 in
1107 2552 1308 2608 multas
1345 2549 1695 2605 distribuitur
1733 2549 2115 2617 perceptiones
2141 2586 2158 2613 ,

573 2652 778 2723 quippe
801 2665 921 2720 quae
955 2645 1230 2713 duplicem
1259 2643 1368 2696 vim
1395 2649 1646 2696 exerceat
1669 2657 1683 2705 ;
1711 2638 2158 2709 perceptionibus

576 2747 724 2798 enim
786 2738 1171 2810 corporalibus
1211 2734 1554 2805 corporalem
1591 2748 1688 2802 per
1718 2747 1901 2786 aerem
1959 2746 2156 2783 sonum

575 2829 806 2902 preebet,
838 2826 1005 2883 mentl
1037 2839 1169 2879 vero
1203 2839 1325 2893 quae
1355 2837 1465 2876 non
1499 2831 1724 2890 apparet
1770 2836 1890 2875 eam
1936 2829 2157 2874 senten-

579 2923 713 2975 tiam
745 2935 864 2990 quae
897 2917 1026 2972 huic
1069 2923 1282 2969 tantum
1312 2921 1539 2982 apparet
1570 2921 1626 2966 et
1649 2912 1978 2975 ostenditur,
2026 2913 2156 2964 mit-

581 3013 668 3068 tit.
707 3013 898 3080 Itaque
945 3023 1129 3063 rerum
1178 3004 1523 3076 publicarum
1559 3011 1614 3056 et
1646 3001 2078 3056 domesticarum
2105 3013 2160 3056 et

575 3103 825 3159 omnium
877 3114 1002 3170 qua!
1056 3099 1112 3152 in
1150 3097 1263 3150 vita
1319 3104 1620 3149 nascuntur
1677 3102 1734 3148 et
1785 3103 2156 3158 evanescunt,

578 3195 820 3264 cognitio
853 3207 1017 3246 sensu
1053 3203 1116 3244 ac
1145 3196 1328 3243 mente
1365 3203 1474 3240 una
1507 3186 1773 3251 sensuali,
1808 3186 1976 3240 altera
2019 3187 2160 3238 invi-

579 3260 752 3351 sibili,
785 3281 963 3353 quoad
992 3280 1298 3346 intelligere
1330 3293 1644 3349 possumus,
1673 3278 1872 3332 oritur.
1907 3278 2158 3346 Quapro-
2185 3260 2228 3317 (ἶ

579 3389 706 3448 pter
733 3377 879 3429 Deus
911 3373 1152 3427 Verbum
1186 3385 1315 3426 caro
1359 3369 1537 3426 factus
1587 3368 1789 3423 mansit
1815 3369 2034 3438 quidem
2068 3369 2161 3437 qui

578 3477 702 3524 erat
718 3465 1022 3537 spiritualis
1045 3473 1097 3518 et
1115 3473 1309 3534 praeter
1326 3471 1563 3518 mentem
1592 3460 1645 3514 id
1665 3460 1809 3530 quod
1830 3476 1937 3515 non
1960 3460 2167 3514 habue-

583 3570 672 3616 rat
695 3559 905 3629 recepit
931 3568 988 3614 et
1033 3557 1214 3612 factus
1258 3566 1343 3611 est
1377 3555 1579 3626 duplex
1615 3565 1813 3609 natura
1849 3554 2162 3608 incredibili

582 3654 790 3718 modo,
844 3662 905 3706 ut
967 3666 1069 3722 per
1140 3649 1403 3703 miracula
1471 3663 1589 3716 qua:
1645 3646 1832 3701 sensui
1903 3656 2167 3715 apparent

581 3745 746 3819 452
779 3745 1066 3806 deitatem,
1096 3756 1219 3812 qua:
1256 3756 1366 3794 non
1398 3736 1716 3809 apparebat,
1753 3737 2057 3792 denudaret
2089 3747 2168 3792 at-

581 3854 693 3910 que
742 3835 1092 3902 ostenderet,
1149 3843 1314 3903 atque
1357 3831 1430 3885 ita
1472 3831 1540 3886 ab
1583 3830 1861 3886 miraculis
1887 3845 2008 3900 qua:
2048 3844 2168 3884 sen-

582 3931 668 3988 sui
733 3939 994 3998 apparent
1052 3937 1299 3996 tempore
1354 3924 1590 3994 erigeret
1658 3933 1714 3978 et
1781 3923 2042 3992 dirigeret
2097 3921 2164 3975 ad

583 4019 927 4090 spiritualetn
960 4017 1108 4071 illam
1155 4031 1218 4070 ac
1259 4014 1474 4070 beatam
1513 4013 1678 4068 vitam
1711 4029 1831 4083 quae
1856 4028 2018 4082 supra
2047 4027 2168 4066 sen-

585 4127 707 4167 sum
749 4122 852 4165 est.
889 4108 1106 4164 Etenim
1155 4121 1224 4161 ex
1255 4105 1634 4175 magnitudine
1669 4115 1724 4160 et
1755 4103 2167 4174 pulchritudine

589 4202 1010 4265 miraculorum,
1060 4214 1181 4268 quae
1212 4199 1280 4251 ab
1337 4197 1500 4250 initio
1536 4198 1592 4250 in
1629 4196 1900 4251 creaturis
1951 4210 2167 4264 semper

585 4308 876 4368 apparent,
918 4311 1017 4364 per
1070 4292 1375 4363 analogiam
1420 4291 1712 4362 quamdam
1759 4291 1990 4347 Creator
2034 4305 2166 4345 con-

583 4389 840 4458 spieitur.
868 4387 979 4440 Nec
1014 4386 1186 4446 enim,
1215 4393 1276 4438 ut
1326 4393 1552 4438 sanctus
1597 4383 1689 4438 ille
1726 4383 2020 4453 Dionysius
2049 4381 2165 4448 ait,

583 4479 819 4533 omnino
847 4477 1104 4545 cognosci
1137 4484 1318 4546 potest
1333 4474 1480 4544 quod
1513 4475 1579 4528 ad
1611 4474 1902 4528 essentiam
1929 4473 2168 4540 pertinet

590 4584 696 4624 nec
731 4567 943 4639 percipi
977 4567 1120 4621 Deus
1146 4607 1161 4632 ,
1214 4565 1309 4621 sed
1355 4565 1426 4618 ob
1459 4564 1600 4620 facta
1653 4580 1749 4619 sua
1803 4563 2165 4622 celebrandas
2196 4591 2243 4648 ι)

586 4671 694 4725 est,
731 4667 1074 4729 quapropter
1103 4657 1416 4726 baptismus
1447 4655 1606 4710 nobis
1639 4655 1693 4709 in
1736 4655 2010 4725 duplicem
2043 4670 2167 4725 gra-

590 4753 724 4806 tiam
759 4761 876 4805 erat
899 4790 913 4813 ,
951 4764 1048 4818 per
1075 4763 1273 4818 aquam
1305 4747 1468 4802 simul
1527 4755 1584 4800 et
1640 4747 1902 4816 Spiritum
1925 4787 1940 4809 ,
1985 4755 2045 4800 ut
2075 4760 2170 4815 per

593 4859 790 4913 aquam
827 4858 949 4912 quae
980 4841 1166 4895 carnis
1205 4846 1408 4895 nostrae
1439 4838 1628 4894 sordes
1658 4839 1842 4893 eluere
1881 4839 2038 4904 solet,
2071 4837 2170 4890 ad-

590 4935 708 4987 dito
727 4932 916 4986 divino
936 4931 1172 5000 Spiritu.
1195 4927 1544 4984 invisibiliter
1563 4937 1617 4982 et
1644 4927 2044 4983 insensibiliter
2061 4941 2170 4980 una

591 5038 716 5077 cum
743 5036 974 5090 corpore
988 5021 1208 5075 eluatur
1227 5019 1430 5073 anima.
1449 5016 1529 5072 Ad
1545 5032 1754 5072 sacram
1773 5032 1966 5087 aquam
1987 5027 2170 5070 autem

591 5113 855 5168 accedere
876 5113 1138 5182 Spiritum
1163 5119 1412 5165 sanetum
1433 5126 1528 5180 per
1546 5123 1770 5179 precum
1791 5109 2171 5162 cmremoniam

595 5204 842 5259 ostendit
871 5204 1032 5258 nobis
1064 5215 1292 5260 sanctus
1316 5203 1761 5274 Chrysostomus,
1796 5219 1812 5251 ι
1839 5199 1977 5252 Tum
2005 5217 2172 5271 super

529 5289 536 5297 ’
589 5297 896 5362 Christum,
924 5297 1232 5367 inquirens,
1263 5297 1512 5351 columba
1539 5293 1908 5363 apparuit,ita
1928 5303 1988 5346 ut
2015 5294 2172 5363 quasi

591 5390 762 5461 digito
776 5390 1091 5445 ostenderet
1108 5391 1178 5445 iis
1195 5390 1288 5459 qui
1309 5389 1535 5442 aderant
1559 5395 1614 5440 et
1631 5385 1826 5440 Joanni
1850 5385 2048 5439 Filium
2077 5386 2173 5440 Dei

592 5497 774 5552 neque
790 5481 894 5537 hoc
907 5483 1085 5536 solum
1109 5498 1297 5536 verum
1317 5481 1482 5535 etiam
1507 5488 1563 5533 ut
1583 5479 1760 5533 discas
1781 5494 1943 5546 supra
1967 5488 2016 5531 te
2037 5492 2176 5547 quo-

594 5591 702 5644 que
724 5576 815 5643 qui
838 5575 1148 5644 baptizatus
1173 5589 1233 5628 es
1251 5573 1514 5642 Spiritum
1537 5571 2172 5626 deseemlere.Nuncau-

594 5677 705 5722 tem
729 5667 969 5721 sensuali
1002 5667 1162 5720 nobis
1189 5665 1402 5719 visione
1431 5680 1572 5733 Opus
1601 5679 1706 5718 non
1743 5674 1827 5716 est
1849 5703 1862 5728 ,
1907 5676 2031 5714 eum
2073 5677 2172 5731 pro

524 5763 538 5776 '
584 5759 857 5814 'omnibus
880 5759 1013 5814 ﬁdes
1058 5755 1379 5813 satisfaciat.
1407 5757 1541 5811 Nam
1566 5757 1717 5826 signa
1754 5770 1860 5808 non
1895 5754 2172 5820 ﬁdelibus,

595 5849 692 5905 sed
722 5848 1087 5907 inﬁdelibus.»
1126 5848 1410 5907 Visibilem
1445 5849 1606 5919 igitur
1638 5847 2030 5917 theophaniam
2063 5863 2170 5903 non

2265 2007 2429 2061 μασιν
2475 1989 2704 2052 ἐκείνοις
2750 1991 3084 2059 ἐγκειμένων
3134 1990 3445 2058 νοημάτων.
3495 1991 3600 2044 Καὶ
3641 1991 3723 2042 τὸν
3763 1991 3814 2055 ἐξ

2259 2081 2490 2152 ούρανοῦ
2515 2082 2570 2135 δὲ
2597 2085 2691 2136 καὶ
2718 2081 2822 2150 γῆς
2849 2081 2943 2134 καὶ
2966 2081 3074 2134 τῶν
3099 2082 3156 2133 ἐν
3187 2083 3337 2152 μέσῳ
3363 2083 3587 2136 πάντων
3613 2083 3814 2150 συγκεί-

2263 2192 2423 2246 μενον
2457 2175 2662 2244 κόσμον
2695 2173 2896 2245 ὁμοίως
2939 2172 2998 2238 ἐξ
3040 2173 3236 2236 αίῶνος
3276 2172 3517 2244 ὁρῶντες
3557 2175 3816 2240 καταλαμ-

2262 2266 2516 2319 ϐάνουσιν
2549 2265 2826 2336 ἄνθρωποι
2864 2263 2981 2327 πῶς
3019 2265 3120 2334 μὲν
3155 2264 3418 2332 καθόλου,
3462 2265 3574 2328 πῶς
3607 2266 3658 2318 ὂέ
3693 2268 3816 2320 κατὰ

2263 2359 2460 2428 μέρος,
2489 2358 2634 2412 κατὰ
2661 2357 2755 2428 τὴν
2782 2356 3008 2410 ἐνοῦσαν
3033 2358 3250 2427 ἑκάστῳ
3279 2359 3440 2425 φύσιν
3471 2362 3564 2411 καὶ
3589 2359 3815 2428 δύναμιν.

2263 2451 2387 2504 Κάκ
2415 2451 2524 2505 τῶν
2553 2452 2699 2504 δυοῖν
2729 2450 2932 2503 τούτων
2959 2451 3096 2504 πᾶσι
3135 2452 3353 2504 πάντων
3381 2453 3414 2521 ἡ
3457 2452 3653 2519 γνῶσις
3688 2452 3820 2503 συνί-

2263 2558 2475 2608 σταται,
2524 2541 2624 2609 τῆς
2670 2559 2731 2594 τε
2783 2541 2850 2594 δι’
2879 2541 3054 2610 ὅψεως
3104 2541 3431 2612 αίσθητικῆς
3486 2543 3820 2613 καταλήψεως

2261 2635 2356 2686 καὶ
2389 2633 2489 2704 τῆς
2519 2633 2662 2687 κατά
2689 2634 2779 2686 τὸν
2809 2633 2935 2687 νοῦν
2965 2634 3246 2703 ἐνεργείας
3267 2674 3282 2699 ,
3318 2636 3541 2703 ἀφανῶς
3577 2636 3670 2703 μὲν
3697 2636 3821 2687 κατὰ

2263 2728 2427 2796 φύσιν
2463 2728 2632 2798 αὐτῆς
2673 2726 3034 2797 κινουμένης,
3072 2725 3520 2797 ἐμφανιζομένης
3563 2729 3605 2780 δ’
3631 2727 3719 2781 οῦν
3747 2728 3823 2781 διά

2261 2821 2607 2891 γραμμάτων
2646 2813 2802 2881 αὖθις
2843 2819 2939 2871 καὶ
2981 2819 3192 2880 λαλιᾶς.
3221 2819 3380 2878 ’Ἢτις
3424 2821 3525 2872 καὶ
3565 2820 3696 2888 αὑτὴ
3738 2820 3823 2886 μία

2261 2910 2395 2963 οῦσα
2419 2909 2554 2980 πρὸς
2584 2909 2783 2972 πολλὰς
2811 2910 3095 2980 μερίζεται
3123 2911 3319 2974 ἀκοάς,
3345 2910 3548 2980 διπλῆν
3570 2912 3666 2982 τὴν
3691 2913 3824 2978 ἐνέρ-

2261 3019 2417 3070 γειαν
2441 3002 2627 3072 δρῶσα
2653 3020 2666 3034 ·
2696 3004 2815 3064 ταῖς
2847 3002 2946 3070 μὲν
2971 3001 3078 3072 γὰρ
3107 3003 3299 3066 ἀκοαῖς
3331 3007 3676 3072 σωματικαῖς
3700 3021 3826 3056 τισιν

2261 3077 2449 3156 οῦσαις
2499 3095 2593 3146 τὸν
2641 3093 2951 3164 σωματικὸν
2999 3093 3066 3146 δι’
3101 3095 3262 3163 ἀέρος
3308 3094 3580 3166 ἐνάρθρου
3628 3096 3828 3148 δίδωσιν

2263 3182 2415 3256 ἦχον,
2445 3185 2523 3248 τῷ
2555 3185 2611 3238 δὲ
2647 3185 2720 3255 μὴ
2751 3186 3062 3256 φαινομένῳ
3091 3187 3190 3254 τῆς
3217 3187 3393 3256 ψυχῆς
3423 3189 3602 3258 νοερῷ
3633 3191 3719 3241 τὸν
3747 3190 3827 3256 ὲμ.

2265 3281 2591 3347 φαινόμενον
2633 3279 2769 3348 αὐτῇ
2818 3281 2913 3331 καὶ
2962 3279 3432 3348 ἐνσημαινόμενον
3483 3282 3831 3350 παραπέμπει

2265 3372 2410 3425 νοῦν.
2447 3375 2556 3427 Καὶ
2594 3370 2770 3434 οὓτως
2809 3373 2840 3440 ή
2872 3372 2981 3424 τῶν
3021 3372 3313 3426 πολιτικῶν
3348 3373 3446 3427 καὶΙ
3488 3375 3832 3443 οἰκονομικῶν

2266 3467 2608 3534 πραγμάτων
2642 3465 2738 3518 καὶ
2769 3464 2878 3518 τῶν
2912 3466 2971 3517 ἐν
3007 3465 3106 3535 βίῳ
3149 3465 3370 3522 πάντων
3401 3468 3709 3539 κατάληψις
3746 3469 3832 3519 ὅσα

2265 3557 2475 3624 γένεσις
2517 3557 2638 3624 ἄγει
2674 3556 2768 3610 καὶ
2811 3556 3021 3627 φθορά,
3056 3557 3125 3610 δι’
3150 3557 3454 3628 αίσθήσεώς
3488 3576 3548 3612 τε
3588 3560 3679 3613 καὶ
3719 3558 3831 3621 νοῦ,

2265 3647 2366 3716 τῆς
2415 3648 2510 3717 μὲν
2546 3649 2878 3718 φαινομένης
2911 3647 3005 3700 τοῦ
3046 3649 3103 3701 δέ
3146 3652 3565 3720 κρυπτομένου,
3605 3651 3694 3704 τὸν
3724 3651 3834 3719 ἐφι-

2267 3739 2393 3792 κτὸν
2427 3740 2558 3809 ἡμῖν
2594 3741 2937 3810 περιγίνεται
2972 3741 3195 3810 τρόπον.
3238 3743 3332 3794 Διά
3370 3742 3434 3812 δὴ
3471 3743 3648 3795 ταῦτα
3687 3743 3776 3795 καὶ
3810 3743 3834 3792 ό

2267 3830 2400 3894 Θεὸς
2443 3833 2616 3900 Λόγος
2663 3833 2801 3901 σὰρξ
2841 3833 3077 3900 ἐγένετο,
3119 3833 3308 3902 μείνας
3349 3835 3487 3904 ὅπερ
3531 3831 3624 3906 ἦν,
3659 3835 3834 3901 νοητὸς

2268 3925 2362 3976 καὶ
2391 3925 2528 3995 ὑπὲρ
2558 3923 2713 3990 νοῦν,
2749 3924 3072 3996 προσλαϐὼν
3103 3925 3147 3978 δ’
3170 3927 3310 3997 ὅπερ
3339 3927 3438 3979 οὐκ
3468 3922 3537 3998 ἦν
3571 3929 3661 3980 καὶ
3692 3926 3833 3994 γενό-

2271 4032 2432 4086 μενος
2462 4015 2680 4080 διπλοῦς
2710 4017 2808 4087 τὴν
2841 4017 3003 4086 φύσιν
3033 4019 3344 4090 ἀπόρρητον
3374 4021 3612 4090 τρόπον,
3647 4020 3730 4072 ἵνα
3757 4017 3834 4070 διὰ

2268 4112 2378 4162 τῶν
2406 4112 2470 4179 τῇ
2502 4109 2756 4180 αἰσθήσει
2789 4111 3128 4179 φαινομένων
3157 4111 3451 4179 θαυμάτων
3481 4111 3582 4182 τὴν
3613 4112 3686 4180 μὴ
3719 4125 3835 4176 25a“-

2269 4197 2503 4269 νομένην
2534 4202 2888 4269 παραγυμνοῖ
2923 4200 3014 4252 καὶ
3045 4201 3424 4272 παραδεικνύῃ
3459 4201 3694 4271 θεότητα
3714 4241 3726 4263 ,
3755 4198 3837 4250 καὶ
3909 4219 3912 4224 -

2270 4289 2443 4351 οὕτως
2472 4291 2580 4344 ἀπὸ
2608 4291 2716 4344 τῶν
2747 4291 2868 4345 κατ’
2894 4293 3152 4363 αἴσθησιν
3184 4294 3531 4363 φαινομένων
3563 4297 3654 4347 καὶ
3686 4307 3837 4361 προσ-

2271 4381 2478 4453 καίρων
2522 4382 2817 4452 θαυμάτων
2859 4384 3057 4454 ἀνιστᾷ
3100 4386 3197 4454 τὴν
3237 4383 3415 4455 ψυχὴν
3461 4385 3716 4456 ἐμμελῶς
3755 4383 3839 4434 καὶ

2272 4477 2351 4535 εξς
2382 4475 2478 4544 τὴν
2512 4474 2651 4543 ὑπὲρ
2689 4475 2944 4545 αἴσθησιν
2977 4476 3257 4548 ἀπευθύνῃ
3292 4478 3492 4546 νοητήν
3524 4495 3584 4531 τε
3623 4478 3715 4530 καὶ
3747 4493 3840 4544 μα-

2273 4567 2474 4636 καρίαν
2504 4565 2722 4635 ἐκείνην
2753 4567 2918 4638 ζωήν.
2959 4566 3053 4621 Ἐκ
3087 4569 3196 4638 γάρ
3235 4568 3627 4638 μεγέθουςᾳαὶ
3660 4569 3837 4621 καλλο-

2271 4659 2364 4728 νῆς
2401 4657 2510 4710 τῶν
2542 4657 2598 4724 ἐξ
2637 4657 2812 4727 ἀρχῆς
2851 4660 2908 4711 ἐν
2940 4661 3054 4722 τοῖς
3089 4661 3352 4730 κτίσμασι
3393 4662 3733 4730 φαινομένων
3764 4659 3840 4710 ἀεὶ

2272 4748 2567 4818 θαυμάτων
2596 4749 2875 4817 ἀναλόγως
2905 4750 2933 4801 ὁ
2966 4751 3294 4820 δημιουργὸς
3329 4754 3524 4820 ὁρᾶται
3555 4771 3568 4783 ·
3604 4752 3839 4818 ἀνεννόη-

2271 4859 2361 4896 τον
2387 4844 2494 4913 γάρ
2513 4882 2527 4907 ,
2557 4843 2585 4894 δ
2612 4842 2750 4905 θεῖός
2781 4860 2911 4914 φησι
2937 4843 3242 4910 Διονύσιος,
3271 4847 3446 4916 πάντη
3478 4847 3621 4900 κατὰ
3645 4846 3738 4915 τὴν
3763 4843 3838 4895 οὐ·

2275 4935 2396 4988 σίαν
2422 4939 2513 4987 καὶ
2543 4935 2928 5004 ἀκατάληπτον
2953 4936 3018 4988 τὸ
3045 4935 3208 5000 θεῖον,
3236 4937 3350 4990 ἀλλ’
3375 4942 3438 4990 ἐκ
3464 4940 3573 4991 τῶν
3603 4934 3839 4989 αίτιατῶν

2275 5025 2570 5095 ὑμνητέον,
2607 5025 2688 5078 διὸ
2728 5026 2824 5080 καὶ⁵
2863 5027 2923 5079 τδ
2965 5030 3110 5080 θεῖον
3151 5029 3284 5098 ἡμῖν
3325 5029 3614 5098 βάπτισμα
3652 5027 3840 5086 διπλοῖς

2273 5114 2394 5172 οῦσι
2437 5118 2658 5172 διπλοῦν
2699 5117 2964 5189 ἐχαρίσθη
3013 5117 3072 5190 [1.
3116 5120 3222 5174 239
3268 5121 3348 5191 aj,
3392 5121 3460 5172 δι’
3486 5119 3676 5183 ὕδατος
3720 5117 3840 5186 όμοῦ

2277 5209 2371 5262 καὶ
2401 5208 2739 5278 Πνεύματος,
2773 5210 2859 5262 ἵνα
2890 5209 2965 5280 τῷ
3002 5209 3181 5274 ὕδατι,
3210 5213 3335 5273 τοὺς
3369 5214 3669 5278 σαρκικοῦς
3698 5209 3840 5277 ἡμῶν

2276 5302 2363 5357 ἀεὶ
2410 5301 2617 5372 ῥύπους
2663 5300 2946 5370 καθαίρειν
2991 5303 3236 5366 εἰωθότι,
3286 5303 3718 5373 προσγενομένου
3760 5300 3839 5352 καὶ

2277 5394 2368 5447 τοῦ
2404 5394 2551 5447 θείου
2590 5393 2903 5464 Πνεύματος
2934 5395 3182 5466 ἀοράτως
3215 5396 3307 5450 καὶ
3341 5397 3562 5463 ἀφανῶς
3583 5439 3597 5460 ,
3636 5398 3745 5464 ἃμα
3773 5390 3839 5461 τῷ

2279 5487 2490 5556 σώματι
2534 5485 2970 5556 συγκαθαίρηται
3015 5487 3109 5539 καὶ
3151 5488 3182 5556 ἡ
3225 5488 3372 5557 ψυχὴ
3419 5486 3621 5555 νοῖρῶς
3660 5501 3714 5536 τε
3754 5482 3839 5534 καὶ

2276 5576 2520 5642 ἀφανῶς.
2559 5575 2683 5627 Ὅτι
2718 5577 2773 5628 δὲ
2810 5576 3288 5644 συμπαραγίνεται
3330 5577 3405 5645 τῷ
3444 5576 3592 5629 ὕδατι
3631 5575 3836 5642 ἁγιαζο-

2282 5667 2429 5736 μένῳ
2457 5668 2562 5719 καὶ
2603 5667 2662 5720 τὸ
2708 5667 2932 5736 Πνεῦμα
2971 5668 3031 5720 τὸ
3075 5667 3228 5737 ἅγιον
3268 5668 3356 5721 διά
3398 5670 3493 5738 τῆς
3529 5668 3638 5719 τῶν
3678 5663 3838 5732 εύχῶν

2279 5755 2652 5826 ἐπικλήσεως,
2687 5756 2844 5828 δῆλον
2879 5759 2905 5810 ό
2939 5757 3077 5821 θεῖος
3113 5761 3244 5830 ἡμῖν
3279 5762 3510 5813 ποιεῖται
3546 5757 3838 5828 Χρυσόστο-

2283 5864 2413 5919 μος,
2453 5866 2470 5899 ι
2507 5847 2639 5902 Τότε
2676 5848 2801 5918 μὲν,
2838 5865 2856 5900 ι
2894 5849 3101 5918 λέγων,
3141 5869 3158 5904 ι
3195 5853 3287 5905 ἐπὶ
3317 5848 3546 5922 Χριστοῦ
3579 5848 3665 5901 διὰ
3694 5842 3832 5898 τοῦτε
