4134 6286
423 397 532 465 401

1356 401 1804 461 ΒΥΖΑΝΤΙΝίΕ
1844 398 2240 460 HISTORL‘B
2281 399 2426 461 LIB.
2471 399 2739 460 XXXLV-

3589 393 3694 457 462

424 518 598 587 ἐφάνη
637 516 671 586 ἡ
716 517 1035 589 περιστερά,
1071 516 1159 571 ἵνα
1199 517 1389 587 ὥσπερ
1427 520 1677 590 δακτύλῳ
1710 524 1818 574 τινὶ
1857 519 2006 592 δείξῃ

2131 535 2271 574 mam
2308 507 2574 573 habemus
2605 526 2660 572 et
2683 517 2855 573 solam
2876 515 3558 587 transﬁgurattmiemnec
3583 531 3687 567 nu-

424 613 538 672 τοῖς
568 609 802 680 παροῦσι
837 611 933 663 καὶ
961 610 1037 682 τῷ
1072 611 1296 682 Ἰωάννῃ
1327 611 1420 664 τὸν
1456 613 1582 668 Υἱὺν
1610 613 1705 666 τοῦ
1739 613 1874 668 Θεοῦ
1897 633 1910 646 ·
1947 616 2006 668 οῦ

430 701 588 773 μόνον
614 701 824 764 team
847 703 934 756 ἶνα
955 703 1045 756 καὶ
1067 705 1131 758 σὺ
1166 703 1349 777 μάθῃς
1368 705 1450 757 ὅτι
1483 708 1577 759 καὶ
1598 706 1695 760 ἐπὶ
1725 706 1784 758 σὲ
1817 707 2012 777 βαπτι-

433 795 467 859 ζ
480 794 662 858 δμενον
681 795 741 847 τὸ
765 794 996 866 Πνεῦμα
1028 796 1272 867 ἔρχεται.
1292 796 1409 850 Νῦν
1443 797 1491 850 δ’
1513 788 1646 868 ἡμίν
1669 799 1931 869 αἰσθητῆς
1948 801 2008 853 οὗ

423 889 587 959 χρεία
622 888 800 951 ὅψεως
821 931 834 952 ,
869 889 968 958 τῆς
1003 890 1242 952 πίστεως
1278 890 1400 943 ἀντὶ
1436 889 1657 944 πάντων
1691 891 1969 962 ἀρκούσης
1992 906 2007 923 ο

424 985 497 1032 τά
540 983 648 1049 γάρ
693 981 892 1049 σημεῖα
932 980 990 1032 ού
1025 981 1138 1043 τοῖς
1178 981 1526 1034 πιστεύουσιν
1559 981 1695 1034 ἀλλὰ
1729 983 1838 1043 τοῖς
1881 981 2014 1035 ἀπί-

427 1089 597 1131 στοις.
633 1091 652 1122 ›
695 1071 930 1139 Ὀρατὴν
961 1069 1052 1123 οῦν
1083 1070 1404 1139 θεοφάνειαν
1431 1071 1493 1124 οὐ
1527 1070 1659 1140 μίαν
1691 1069 1888 1140 ἔχομεν
1917 1073 2013 1123 καὶ

430 1167 603 1234 μέθην
637 1165 734 1233 τὴν
771 1164 1198 1234 μεταμὸρφωσιν
1231 1162 1410 1231 λέγειν
1435 1204 1449 1228 ,
1485 1162 1596 1215 οὐδ’
1625 1161 1845 1232 ἀριθμῷ
1879 1179 2012 1230 συγ-

425 1251 746 1322 κλειομένας
771 1271 788 1285 ο
835 1253 952 1306 ἀλλ’
983 1255 1040 1306 ὲν
1081 1255 1227 1316 ὅσοις
1269 1257 1296 1307 ὁ
1340 1253 1474 1316 Θεὸς
1520 1254 1881 1324 ἐμφανίζεται
1925 1252 2014 1307 διὰ

429 1347 720 1415 συμϐόλων
753 1346 997 1416 θαύμασι
1033 1348 1337 1416 μεγίστοις,
1372 1348 1554 1410 πάσας
1587 1347 1907 1415 θεοφανείας
1936 1347 2015 1400 air

425 1437 601 1498 κ-Ζτως
641 1437 705 1490 ἄν
740 1454 825 1497 τις
865 1436 1148 1490 καλέσειεν
1180 1439 1402 1506 ὁρατάς.
1443 1439 1605 1492 Ἀλλὰ
1647 1438 1833 1492 καὶτὸ
1875 1438 2015 1492 θεῖον

425 1526 523 1578 τοῦ
557 1525 794 1594 Χριστοῦ
831 1527 988 1596 σῶμα
1021 1527 1343 1594 θεοφάνειαν
1374 1527 1630 1599 Μάξιμος
1659 1528 1861 1599 ὁρατὴν
1892 1530 2013 1581 ἐπι·

427 1620 760 1688 στιμαίνξται
794 1618 972 1682 λέγειν
998 1619 1090 1671 τὸν
1121 1620 1295 1690 μέγαν
1321 1621 1622 1674 Διονύσιον.
1650 1622 1762 1674 Καὶ
1788 1621 1898 1692 γὰρ
1925 1623 2018 1674 καὶ

425 1712 460 1778 ἡ
494 1713 638 1764 κατὲι
665 1711 847 1778 σάρκα
880 1710 1136 1780 γέννησις
1171 1712 1341 1783 ὁρατὴ
1373 1712 1668 1782 θεοφάνεια
1696 1708 1786 1783 ἦν,
1816 1713 1892 1774 ὡς
1920 1713 2018 1764 καὶ

422 1805 451 1853 ὁ
495 1802 665 1871 μέγας
702 1801 903 1869 φάσκει
937 1801 1242 1872 Γρηγόριος
1265 1840 1279 1865 ,
1313 1802 1513 1854 οὑτωσὶ¹
1545 1800 1754 1870 λέγων,
1792 1819 1811 1854 ι
1848 1801 1929 1855 Τά
1961 1800 2017 1853 δὲ

2114 625 2270 663 mero
2298 623 2524 678 paucas,
2552 608 2648 662 sed
2683 608 2738 661 in
2774 606 3199 677 quibuscunque
3226 605 3386 676 453
3416 605 3561 658 Deus
3589 621 3688 672 ap-

2114 706 2270 768 paret
2319 712 2418 766 per
2473 712 2668 767 magna
2716 697 3092 767 symbolorum
3152 696 3438 755 miracula.
3495 709 3688 748 omnes

2114 789 2479 858 theophanias
2510 788 2709 843 dixerit
2757 789 2885 858 quis
2932 788 3202 843 visibiles.
3234 787 3340 842 Sed
3373 788 3537 840 etiam
3565 801 3689 838 san-

2114 892 2262 939 ctum
2286 882 2492 938 Christi
2527 898 2730 953 corpus
2776 883 3166 952 theophaniam
3198 883 3471 939 visibilem
3503 881 3690 936 dicere

2114 991 2370 1046 magnum
2403 975 2718 1048 Dionysium
2754 975 3017 1030 Maximus
3035 975 3294 1031 aiiirmat.
3323 973 3534 1029 Etenim
3570 989 3697 1044 par-

2113 1077 2206 1123 tus
2251 1084 2348 1139 per
2374 1083 2590 1123 carnem
2638 1069 2874 1124 visibilis
2903 1069 3036 1123 ‘erat
3083 1067 3414 1137 theophania
3439 1105 3454 1131 ,
3490 1075 3550 1120 ut
3574 1081 3694 1119 ma-

2115 1176 2254 1230 gnus
2298 1160 2592 1232 Gregorius
2645 1161 2754 1225 ait,
2785 1161 3020 1216 dicendo
3054 1179 3067 1216 :
3101 1178 3120 1213 ι
3147 1159 3500 1228 Thcophania
3549 1172 3697 1211 nunc

2117 1254 2428 1324 panegyris,
2451 1253 2502 1307 id
2527 1262 2631 1320 est,
2652 1253 2943 1312 nativitas:
2980 1263 3274 1322 utrumque
3293 1252 3438 1307 enim
3467 1250 3692 1312 dicitur,

2121 1344 2453 1414 theophania
2483 1359 2513 1400 a
2547 1346 2811 1416 φανῆναι,
2846 1345 2914 1400 ab
2947 1344 3098 1400 nasci
3135 1343 3415 1399 nativitas.
3447 1342 3557 1397 Nec
3590 1341 3704 1394 hoc

2121 1439 2326 1505 solum,
2353 1454 2543 1493 verum
2578 1438 2746 1494 etiam
2785 1437 3080 1494 invisibilis
3119 1435 3460 1506 conspicitur
3495 1441 3570 1497 et,
3599 1431 3705 1502 qui-

2117 1528 2339 1583 initium
2376 1545 2487 1583 non
2524 1529 2735 1592 habet,
2769 1528 2988 1584 initium
3043 1526 3210 1597 capit.
3256 1523 3324 1579 Et
3358 1539 3479 1595 quae
3531 1537 3698 1594 porro

2089 1621 2345 1676 .duriora
2380 1630 2509 1676 sunt
2535 1637 2698 1691 quam
2733 1619 3166 1675 incarnationem
3189 1617 3406 1671 Domini
3426 1615 3702 1671 visibilem

2124 1712 2520 1782 theopbaniam
2555 1711 2854 1782 appellare,
2889 1710 3088 1766 similia
3118 1709 3184 1763 iis
3207 1707 3485 1776 Evangelii
3514 1705 3698 1762 verbis

2122 1821 2243 1874 qua:
2273 1823 2286 1858 :
2325 1824 2342 1857 ι
2381 1803 2449 1858 Et
2485 1801 2727 1859 Verbum
2763 1817 2890 1857 caro
2925 1801 3128 1857 factum
3161 1808 3244 1855 est
3267 1839 3281 1864 ,
3326 1817 3344 1850 ›
3379 1795 3696 1854 ostendunt.

424 1865 521 1945 νῦν
552 1865 826 1960 Θεοφάνια
856 1893 887 1961 ἡ
922 1865 1230 1962 πανηγύρις
1262 1893 1440 1945 εῐτουν
1471 1865 1762 1946 Γενέθλιαν·
1796 1892 2016 1962 λέγεται

2131 1897 2317 1967 Neque
2350 1897 2500 1951 enim
2535 1895 2836 1950 inereatam
2872 1895 2945 1950 ob
2993 1893 3136 1950 hanc
3179 1906 3400 1948 causam
3438 1890 3702 1945 deitatem

423 1986 536 2054 γάρ
573 1985 858 2054 ἀμφότερα
886 2001 900 2016 ο
928 1986 1098 2056 ὄνομα
1130 1986 1182 2038 δὲ
1210 1985 1287 2057 τῷ
1320 1987 1554 2056 φανῆναι
1590 1987 1687 2057 μὲν
1713 1986 2012 2056 Θεοφάνια,

422 2079 504 2146 τῷ
536 2079 591 2129 δὲ
626 2079 920 2146 γεννᾶσθαι
953 2077 1238 2158 Γενέθλια.
1277 2097 1295 2128 ι
1333 2079 1405 2132 Οὐ
1447 2080 1607 2148 μόνον
1640 2078 1718 2143 δὲ,
1751 2078 1889 2130 ἀλλὰ
1923 2079 2015 2132 καὶ

431 2192 448 2220 ι
479 2170 537 2221 Ὀ
569 2170 850 2238 άόρατος,ι
887 2169 1076 2236 φησὶν,
1111 2188 1129 2220 ι
1163 2171 1378 2239 ὁρᾶται,
1406 2171 1500 2222 καὶ
1530 2171 1557 2222 6
1587 2169 1826 2240 ἄναρχος
1855 2170 2017 2239 ἄρχε-

421 2280 556 2324 ται,
599 2281 615 2311 ι
652 2266 741 2312 καὶ
775 2262 874 2313 ὅσα
907 2262 1034 2329 ἑξῆς
1069 2263 1488 2332 φρικωδέστερα
1523 2263 1622 2332 μέν
1653 2264 1762 2315 εἱσι
1792 2263 1886 2315 τοῦ
1917 2263 2016 2332 τὴν

427 2358 707 2423 σάρκωσιν
737 2355 830 2408 τοῦ
868 2355 1072 2424 Κυρίου
1105 2355 1430 2422 θεοφάνειαν
1459 2357 1662 2426 ὀρατὴν
1695 2355 2017 2426 ὀνομάζειν,

422 2447 666 2514 ὁμόλογα
696 2447 752 2500 δὲ
785 2449 896 2505 τοῖς
931 2448 1308 2516 εὐαγγελικοῖς
1341 2449 1552 2518 ῥήμασι
1580 2451 1724 2512 τοῖς,
1766 2466 1784 2499 ι
1825 2448 1883 2501 ὐ
1915 2448 2018 2500 Λό-

424 2555 526 2606 γος
565 2539 699 2608 σάρξ
735 2539 987 2607 ἐγένετο,
1029 2558 1049 2592 δ
1090 2541 1571 2610 ἀποφαινομένοις.
1605 2542 1679 2593 Ού
1721 2539 1828 2610 μὴν
1861 2541 2020 2595 ἄκτι-

426 2646 559 2682 στον
583 2631 670 2683 διά
693 2630 852 2684 τοῦτο
879 2632 1109 2703 θεότητα
1131 2631 1230 2702 τὴν
1252 2631 1346 2684 τοῦ
1374 2631 1582 2703 Κυρίου
1610 2632 1790 2702 σάρκα
1814 2633 2020 2701 φαμὲν,

425 2721 570 2774 ἀλλὰ
593 2724 655 2792 τῇ
683 2723 1039 2795 προσηκούσῃ
1062 2722 1262 2791 γνώσει
1288 2722 1412 2777 νοῦν
1435 2723 1529 2776 καὶ
1554 2722 1802 2790 γλῶτταν
1826 2722 2024 2792 ῥυθμί-

427 2812 618 2877 ζοντες
652 2815 712 2866 ἐκ
741 2815 849 2867 τῶν
879 2817 1092 2883 ὁρατῶν
1124 2815 1457 2885 θεοφανειῶν
1488 2817 1628 2885 πρὸς
1658 2818 1757 2884 τὴν
1787 2817 1895 2870 τῶν
1923 2819 2021 2868 ἀο-

431 2903 617 2971 ράτων
648 2905 789 2958 κατὰ
820 2905 1048 2975 δύναμιν
1083 2905 1330 2976 ἀγόμεθα
1363 2907 1605 2973 ἔννοιαν,
1637 2908 1731 2960 καὶ
1761 2907 1902 2960 κατὰ
1930 2907 2022 2960 τὸν

431 2995 581 3047 θεῖον
615 2997 786 3048 εἰπεῖν
822 2999 1099 3054 Διονύσιον
1136 3000 1230 3052 ἐπὶ
1263 3001 1358 3070 τὴν
1387 2999 1569 3070 ἁπλῆν
1603 3001 2024 3072 καὶιὴνωμένην

431 3085 546 3138 τῶν
575 3089 780 3157 νοητῶν
813 3089 1107 3156 θεαμάτων
1138 3092 1399 3161 ἀλήθειαν
1429 3091 1712 3160 ἀναλόγως
1744 3094 2026 3146 ἀνατεινόο

437 3177 600 3246 μεθα.
647 3199 664 3229 ι
710 3178 870 3234 ’Λλλά
909 3182 1003 3235 καὶ
1040 3183 1068 3234 6
1110 3183 1348 3254 μελῳδὸς
1381 3184 1480 3254 τὴν
1517 3185 1800 3253 σάρκωσιν
1837 3185 2027 3253 ὑμνῶν

434 3271 531 3323 τοῦ
573 3273 797 3341 Κυρίου,
841 3292 859 3325 ι
897 3273 1232 3342 Θεοφανείας
1273 3292 1390 3343 σου,
1429 3295 1446 3330 ι
1483 3278 1704 3346 φάσκει,
1742 3293 1760 3326 ι
1797 3277 2024 3346 Χριστὲ,

435 3363 536 3428 τῆς
578 3366 714 3434 πρὸς
755 3367 900 3435 ἡμᾶς
945 3367 1252 3434 συμπαθῶς
1295 3370 1602 3439 γενομένης
1641 3369 1871 3432 Ἡσαΐας
1915 3371 2031 3436 φῶς

443 3455 568 3507 ἰδὼν
607 3457 975 3524 ἐκραύγαζεν.
1004 3478 1022 3510 ›
1060 3459 1170 3512 Kal
1210 3459 1402 3523 ἁπλῶς
1440 3461 1507 3514 τά
1549 3463 1608 3512 ἐν
1651 3462 1782 3514 πᾶσι
1823 3463 2032 3530 καιροῖς

439 3547 707 3614 γενίμενα
742 3548 836 3600 καὶ
874 3549 1135 3618 γινόμενα
1172 3549 1430 3618 θαύματα
1470 3551 1677 3606 παλαιά
1710 3569 1770 3604 τε
1808 3554 1902 3605 καὶ
1939 3553 2034 3606 νέοι

439 3637 635 3705 ὁρατνιὶ
677 3638 988 3706 θεοφάνειαι
1033 3641 1266 3707 λέγοιντ’
1295 3642 1360 3696 ἂν
1400 3644 1496 3696 καὶ
1540 3645 1661 3712 ἱερά
1710 3645 2033 3713 παραπετά-

443 3743 646 3796 σματα.
674 3729 914 3796 Δηλώσει
945 3731 999 3783 δὲ
1035 3732 1162 3802 περ)⁵
1193 3733 1300 3786 τῶν
1329 3733 1588 3786 τοιούτων
1617 3735 1710 3786 καὶ
1739 3736 1765 3786 6
1799 3735 1937 3796 θεῖος
1971 3737 2035 3787 ὲκ.

442 3821 739 3887 Δαμασκοῦ
777 3821 1066 3892 Ἰωάννης·
1103 3842 1121 3874 ‹
1163 3823 1342 3887 Ἐπεὶ,
1375 3843 1394 3875 ι
1429 3824 1538 3893 γάρ
1569 3841 1726 3894 φησι,
1761 3842 1777 3873 ι
1811 3823 2033 3888 διπλοῦς

441 3913 471 3962 6
513 3912 798 3982 ἄνθρωπός
835 3915 951 3967 ἐστι
986 3916 1082 3968 καὶ
1117 3914 1371 3978 σύνθετος
1402 3919 1464 3969 ὲκ
1495 3917 1675 3986 ψυχῆς
1713 3919 1805 3968 καὶ
1843 3901 2032 3985 σώμαί

443 4017 559 4065 τος,
595 4004 819 4067 διπλοῦς
861 4004 1050 4074 γέγονε
1095 4007 1187 4060 καὶ
1224 4009 1252 4061 6
1293 4008 1528 4076 Χριστὸς
1570 4011 1635 4059 ἐκ
1677 4008 1928 4077 θεότητος
1967 4003 2036 4078 ἦς

445 4093 561 4165 εἶχε
602 4099 692 4150 καὶ
733 4093 801 4168 ἦς
845 4099 1073 4168 ὕστερον
1115 4100 1476 4172 προσειλήφει
1521 4102 1746 4171 σαρκὸς,
1783 4101 1859 4163 ὡς
1895 4095 2036 4153 εἶναι

445 4190 546 4259 τὴν
575 4192 746 4260 αὐτὴν
784 4194 878 4244 καὶ
922 4194 1050 4261 μίαν
1089 4193 1388 4246 ὑπόστασιν
1427 4193 1522 4245 τοῦ
1565 4193 1772 4261 Κυρίου
1813 4192 2036 4262 κτιστὴν

445 4277 543 4328 καὶ
567 4277 845 4344 ἄκτιστον,
872 4281 1074 4350 ὁρατὴν
1099 4283 1193 4335 καὶ
1219 4283 1472 4350 ἀόρατον.
1500 4281 1710 4350 Διπλῆν
1735 4275 1828 4334 οῦν
1852 4280 2033 4334 δίδωσι

440 4373 542 4424 καὶ
573 4371 672 4439 τὴν
705 4372 970 4441 κάθαρσιν
999 4372 1075 4441 τῷ
1111 4373 1284 4446 διπλῷ
1303 4374 1580 4443 ἀνθρώπῳ
1621 4373 1688 4425 δι’
1718 4372 1906 4436 ὓδατος
1943 4375 2038 4426 καὶ

443 4464 793 4530 Πνεύματος.
825 4465 933 4514 Kal
963 4464 1261 4534 σωματικῷ
1290 4463 1422 4517 εἴδει
1447 4463 1581 4516 ὡσεὶ
1610 4463 1913 4533 περιστερὰ
1943 4481 2039 4516 κα-

441 4557 736 4625 τεφοίτητε
778 4557 838 4608 τὸ
882 4557 1104 4627 Πνεῦμα
1138 4558 1198 4610 τὸ
1238 4557 1393 4626 ἆγιον
1428 4556 1521 4610 ἐπὶ
1557 4555 1648 4609 τὸν
1689 4556 1892 4622 Κύριον
1915 4572 1929 4586 ο
1967 4559 2034 4610 τά

443 4649 557 4717 γάρ
587 4650 756 4716 ὁρατά
789 4647 852 4701 σύ
863 4648 1035 4717 μεολα
1063 4648 1172 4700 τῶν
1202 4649 1504 4719 νοουμένων
1534 4646 1665 4702 εἰσί.
1701 4646 1809 4698 Καὶ
1838 4645 2035 4714 διπλῆν

2128 1990 2342 2044 Domini
2373 2004 2597 2046 carnem
2631 1988 2868 2044 dicimus
2897 2027 2913 2054 ,
2954 1987 3052 2044 sed
3103 1986 3170 2040 ad
3223 1995 3406 2055 aptam
3433 1981 3703 2052 cognitio-

2125 2098 2249 2137 nem
2310 2090 2548 2136 mentem
2581 2089 2639 2136 et
2675 2079 2920 2150 ‘inguam
2957 2078 3352 2150 coniungentes
3397 2089 3464 2127 ex
3514 2071 3704 2125 visibi-

2124 2175 2273 2228 libus
2305 2173 2659 2242 theOphaniis
2691 2172 2758 2226 ad
2796 2169 3164 2226 invisibilium
3213 2182 3309 2235 pro
3365 2163 3576 2218 viribus
3604 2177 3703 2214 no-

2125 2265 2260 2318 stris
2283 2262 2656 2331 cognitionem
2677 2262 2958 2327 ducimur,
2993 2268 3050 2314 et
3084 2266 3380 2314 utsanctus
3412 2252 3702 2323 Dionysius

2127 2355 2299 2421 dicit,
2328 2355 2394 2410 ad
2423 2355 2724 2423 simplicem
2752 2363 2805 2408 et
2833 2355 3128 2423 perfectam
3177 2347 3546 2417 spiritualium
3575 2359 3706 2398 con-

2129 2447 2545 2516 templatiouum
2595 2445 2880 2499 veritatem
2931 2460 3025 2512 per
3079 2441 3496 2497 similitudinem
3538 2437 3704 2507 erigi-

2128 2553 2272 2593 mur.
2293 2538 2458 2592 Divus
2492 2549 2649 2606 poeta
2682 2537 3112 2591 incarnationem
3150 2532 3359 2589 Domini
3382 2531 3704 2588 celebrans:

2136 2651 2156 2685 ι
2191 2632 2572 2702 Theophanis:
2597 2639 2728 2696 tuae,
2762 2628 3227 2700 Cliriste,inquit,
3265 2643 3387 2697 qua:
3422 2641 3519 2696 per
3544 2624 3708 2678 mise-

2128 2726 2425 2781 ricordiam
2453 2725 2594 2781 facta
2627 2734 2734 2792 est,
2765 2726 2953 2780 lumen
2982 2739 3107 2778 cum
3151 2721 3382 2776 vidisset
3409 2718 3578 2773 Isaias
3605 2731 3707 2771 cx-

2133 2816 2412 2873 clamavit.
2450 2835 2469 2868 »
2514 2817 2694 2886 Atque
2756 2815 3018 2870 miracula
3052 2815 3321 2884 cujusque
3355 2809 3620 2882 temporis
3649 2815 3707 2862 et

2137 2911 2364 2980 antiqua
2397 2918 2452 2964 et
2486 2925 2626 2964 nova
2663 2918 2925 2978 poterunt
2957 2907 3200 2962 visibiles
3234 2903 3578 2974 the0phaniac
3607 2917 3707 2954 no-

2134 3005 2331 3060 minari
2354 3012 2408 3060 et
2439 3019 2594 3059 sacra
2620 3003 2922 3058 involucra.
2941 3000 3108 3072 454.
3125 3000 3256 3065 Quae
3282 3000 3356 3054 ita
3381 2998 3706 3059 interpreta-

2135 3107 2224 3152 tus
2276 3107 2364 3152 est
2413 3107 2635 3153 sanctus
2659 3095 2900 3162 Joannes
2929 3093 3323 3147 Damascenus:
3349 3107 3367 3141 ι
3393 3089 3530 3141 Cum
3556 3085 3705 3139 enim

2135 3191 2304 3245 homo
2344 3191 2686 3259 compositus
2718 3188 2791 3243 sit
2825 3202 2888 3242 ex
2920 3186 3102 3241 anima
3125 3193 3180 3239 et
3226 3195 3478 3252 corpore,
3509 3177 3709 3247 duplex

2136 3283 2240 3338 fuit
2267 3292 2322 3338 et
2353 3283 2607 3338 Christus
2636 3296 2703 3335 ex
2735 3279 2943 3335 deitatc
2962 3293 3125 3348 quam
3157 3276 3447 3336 habuerat,
3469 3279 3710 3327 etcarne

2131 3387 2320 3446 postea
2382 3384 2662 3445 assumpta
2721 3389 2830 3428 una
2879 3373 3184 3440 eademque
3225 3367 3438 3424 Domini
3470 3364 3710 3420 essentia

2132 3477 2314 3522 creata
2374 3478 2431 3520 et
2476 3469 2739 3529 increata,
2786 3463 3021 3520 visibilis
3069 3470 3127 3516 et
3190 3457 3483 3515 invisibilis
3541 3464 3646 3510 est.
3684 3474 3701 3506 ι

2134 3561 2416 3631 Dupliccm
2461 3559 2630 3627 igitur
2685 3556 2991 3626 baptismus
3029 3553 3304 3607 miniSIrat
3333 3547 3707 3619 purgationem

2135 3652 2342 3721 duplici
2381 3649 2592 3704 homini
2628 3663 2723 3714 per
2752 3661 2948 3716 aquam
2989 3654 3046 3699 et
3100 3641 3390 3712 Spiritum.
3436 3638 3710 3704 Corporca

2134 3740 2308 3794 forma
2338 3740 2481 3794 sicut
2518 3736 2770 3792 columba
2802 3733 3088 3790 descendit
3114 3731 3166 3784 in
3200 3730 3490 3784 Dominum
3530 3724 3708 3794 Spiri-

2123 3841 2233 3884 tus
2270 3839 2516 3882 sanctus.
2553 3825 2802 3882 Visibilia
2862 3825 3008 3877 enim
3056 3831 3185 3876 sunt
3241 3817 3483 3888 symbola
3518 3830 3710 3868 eorum

2136 3939 2259 3991 quze
2303 3931 2484 3976 mente
2534 3919 2944 3988 concipiuntur.
2981 3916 3051 3970 Et
3100 3913 3305 3981 duplici
3359 3907 3712 3964 veneratione

2139 4015 2310 4068 Deum
2357 4008 2746 4080 prosequimur
2780 4016 2836 4062 et
2874 4007 3058 4060 animo
3087 4013 3144 4057 et
3171 4000 3451 4070 corporeis
3481 3997 3712 4069 vocibus

2138 4112 2423 4163 canentes,
2457 4111 2514 4155 et
2543 4098 2840 4168 dupliciter
2857 4112 2981 4152 cum
3012 4095 3245 4150 Domino
3273 4101 3328 4146 et
3359 4089 3632 4159 mysteriis
3658 4096 3715 4142 et

2139 4195 2384 4266 Spiritus
2413 4193 2588 4263 gratia
2647 4189 3091 4245 reconciliantur.
3142 4185 3277 4240 Cum
3316 4182 3460 4236 enim
3516 4196 3709 4249 panem

2137 4289 2326 4350 cdere,
2359 4300 2556 4355 aquam
2597 4291 2654 4338 et
2682 4282 2875 4336 vinum
2928 4281 3118 4334 bibere
3174 4277 3384 4330 soleant
3415 4272 3669 4326 homines
3695 4309 3711 4334 ,

2140 4372 2478 4430 consociavit
2507 4387 2630 4426 cum
2693 4370 2760 4424 iis
2817 4367 2987 4422 rebus
3041 4365 3300 4418 deitatem
3357 4375 3509 4415 suam
3572 4357 3716 4412 Deus

2141 4479 2344 4534 easque
2374 4461 2614 4518 reddidit
2645 4476 2846 4530 corpus
2875 4468 2930 4514 et
2957 4458 3276 4527 sanguinem
3309 4469 3492 4517 suum,
3522 4450 3598 4504 uti
3622 4465 3718 4520 per

2141 4551 2603 4606 cotisuetudinem
2648 4560 2702 4604 et
2730 4558 2983 4603 naturain
3018 4549 3084 4602 ad
3111 4565 3174 4600 ca
3205 4561 3326 4614 qua:
3356 4559 3520 4612 supra
3553 4551 3715 4595 natu-

2145 4659 2262 4696 ram
2293 4651 2423 4697 sunt
2445 4642 2857 4710 perveniamus.

448 4746 825 4811 προσκύνησιν
897 4745 1056 4814 ἡμεῖς
1119 4741 1197 4813 τῷ
1234 4743 1352 4814 Θεῷ
1394 4743 1768 4812 προσάγομεν,
1806 4741 1882 4810 τῷ
1924 4758 1979 4793 τε
2022 4738 2098 4809 νῷ
2135 4741 2226 4792 καὶ
2265 4738 2329 4810 [Γ.
2370 4739 2474 4793 259
2515 4736 2570 4804 ὁ]
2606 4741 2720 4799 τοῖς
2764 4737 3095 4805 σωματικοῖς
3155 4733 3451 4803 ψάλλοντες
3490 4729 3714 4802 χείλεσι.

449 4836 560 4888 Kal
593 4835 798 4900 διπλῶς
827 4837 902 4906 τῷ
934 4837 1123 4909 Κυρίῳ
1156 4838 1456 4907 ἑνούμεθα,
1487 4837 1596 4891 τῶν
1661 4855 1718 4890 τε
1790 4838 2104 4904 μυστηρίων
2147 4835 2468 4904 μετέχοντες
2515 4835 2610 4889 καὶ
2650 4833 2750 4903 τῆς
2788 4832 2880 4884 τοῦ
2928 4831 3243 4910 ιΙνεύματος
3289 4829 3510 4899 χάριτος
3534 4844 3548 4858 ·
3596 4828 3720 4879 ἐπεὶ

449 4932 559 5000 γάρ
590 4931 709 4994 ἔθος
744 4931 1050 5004 άνθρώποις
1079 4931 1280 4984 ἐσθίειν
1309 4933 1474 4997 άρτον
1507 4931 1652 5002 ὕδωρ
1716 4948 1775 4983 τε
1806 4930 1899 4983 καὶ
1925 4927 2066 4982 οἶνον
2111 4916 2309 4993 πίνειν,
2355 4927 2673 4992 συνέζευξεν
2709 4902 2714 4903 ν
2753 4926 2932 4988 αὐτοῖς
2977 4902 3076 4994 τήν
3121 4922 3286 4976 αὐτοῦ
3333 4920 3580 4990 θεότητα,
3627 4902 3722 4971 καὶ

452 5025 754 5095 πεποίηκεν
784 5026 925 5102 αύεά
960 5025 1120 5095 σῶμα
1153 5026 1247 5079 καὶ
1277 5021 1414 5096 αἷμα
1446 5026 1612 5080 αὑτοῦ
1635 5067 1650 5092 ,
1682 5025 1768 5077 ἵνα
1797 5025 1886 5078 διὰ
1915 5025 2025 5078 τῶν
2064 5024 2311 5094 συνήθων
2346 5023 2594 5077 καὶκατὰ
2629 5021 2793 5091 φύσιν
2829 5023 2888 5074 ὲν
2922 5021 3038 5082 τοῖς
3075 5017 3215 5087 ὑπὲρ
3237 5015 3397 5086 φύσιν
3415 5010 3716 5084 γινώμεθα.

528 5121 603 5175 03’.
665 5121 824 5174 Ἀλλὰ
854 5123 946 5174 καὶ
973 5123 1000 5174 6
1029 5121 1171 5183 θεῖος
1223 5121 1497 5191 Μάξιμος,
1528 5119 1808 5172 Διονύσιον
1860 5120 2036 5189 ὲρμη-
2074 5130 2116 5181 ο

460 5215 650 5275 νεὶων,
681 5215 1161 5286 παραπετάσματα
1180 5212 1361 5280 λέγειν
1387 5213 1519 5283 φησι
1544 5211 1822 5264 Διονύσιον
1844 5210 1911 5262 τὰ
1933 5227 2040 5262 σω-

462 5307 704 5375 ματικῶς
735 5311 791 5359 ‘sv’
818 5311 880 5380 τῇ
902 5307 1129 5375 λατρεία
1157 5305 1458 5373 τελούμενα
1487 5305 1584 5373 τῆς
1613 5303 1832 5373 χάριτος
1854 5300 1949 5371 ἔθη
1982 5302 2040 5354 ὲν

459 5401 526 5469 τῇ
547 5390 1127 5470 Ἐκκλησίᾳ,’τουτέστι
1153 5399 1214 5450 τὸ
1239 5397 1331 5449 τοῦ
1355 5395 1861 5466 βαπτίσματος,τῆς
1880 5393 2039 5461 ἁγίας

459 5491 745 5553 κοινωνίας
763 5490 976 5543 καὶτῶν
993 5489 1212 5544 λοιπῶν.
1235 5490 1345 5543 Καὶ
1364 5489 1414 5541 τί
1429 5487 1511 5542 δεῖ
1531 5486 1792 5540 πλειόνων
1809 5484 2044 5540 ἐνταῦθα

462 5582 667 5650 λύγων;
714 5583 882 5644 Αὐτὸς
924 5584 1029 5651 γάρ
1067 5585 1095 5635 ὁ
1141 5580 1312 5651 μέγας
1356 5582 1412 5632 ὲν
1453 5579 1703 5649 θεολογίᾳ
1743 5578 2042 5649 Γρηγόριος

466 5675 562 5727 καὶ
596 5675 728 5728 αὐτὸ
759 5675 822 5742 δὴ
853 5675 912 5727 τὸ
944 5674 1132 5745 Πάσχα
1163 5672 1258 5725 τοῦ
1298 5671 1505 5741 Κυρίου
1536 5670 1707 5721 τύπον
1736 5668 1938 5737 ἔφησεν
1967 5663 2044 5719 εἷς

469 5785 556 5819 ναι
577 5807 590 5829 ,
627 5769 702 5836 μὴ
731 5768 812 5819 ὅτι
844 5763 948 5818 τῶν
980 5767 1146 5818 πάλαι
1179 5763 1475 5834 προφητῶν
1509 5763 1691 5814 ἐκεῖνα
1721 5762 1820 5813 ὅσα
1855 5758 2043 5811 τούτου

470 5858 672 5923 τύπους
710 5855 850 5912 εἶναι
886 5861 978 5914 καὶ
1015 5859 1171 5923 σκιὰς
1201 5857 1257 5914 αἱ
1289 5857 1429 5910 θεῖαι
1465 5855 1676 5926 Γραφαὶ
1715 5854 2044 5922 διειλὴφασι.

2217 5118 2312 5173 ΙΧ.
2348 5118 2417 5173 At
2451 5125 2678 5172 Sanctus
2727 5115 2997 5170 Maximus
3032 5112 3126 5166 ubi
3172 5109 3496 5180 Dionysium
3551 5109 3722 5163 inter-

2149 5219 2420 5279 pretatur,
2459 5208 2630 5263 refert
2659 5222 2787 5261 eum
2825 5204 3111 5258 involucra
3143 5200 3328 5256 dicere
3360 5198 3722 5255 cmremonias

2150 5316 2272 5366 quae
2316 5299 2372 5353 in
2419 5297 2806 5369 dispensandis
2833 5295 3026 5366 gratiis
3061 5291 3428 5362 corporaliter
3459 5288 3632 5353 ﬁunt,
3665 5287 3722 5342 in

2151 5388 2395 5444 Ecclesia
2421 5390 2637 5444 scilicet
2661 5386 2942 5457 baptismi,
2970 5400 3140 5445 sacras
3175 5381 3604 5445 communionis,
3638 5393 3724 5434 re-

2153 5481 2454 5548 liquorum.
2488 5479 2630 5545 Quid
2663 5476 3042 5548 pluribusjam
3074 5475 3258 5530 verbis
3286 5489 3424 5544 opus
3439 5471 3561 5526 est?
3590 5468 3731 5524 Grc-

2152 5574 2340 5644 gorius
2372 5572 2519 5627 enim
2555 5571 2648 5626 ille
2707 5569 2761 5623 in
2795 5566 3070 5637 theologia
3101 5579 3332 5636 magnus
3376 5561 3554 5631 ipsum
3589 5557 3726 5612 illud

2155 5665 2362 5721 Pascha
2401 5665 2617 5719 Domini
2662 5661 2900 5733 speciem
2930 5659 3066 5714 dixit
3116 5673 3259 5720 esse,
3302 5670 3408 5708 non
3449 5649 3728 5720 quomodo

2155 5772 2400 5814 veterum
2435 5757 2596 5830 455
2638 5756 3027 5825 νηινιιοιιιιυιη
3066 5751 3231 5806 verba
3285 5745 3469 5802 omnia
3503 5745 3590 5799 illa
3627 5745 3731 5798 bu-

2155 5851 2240 5917 ius
2277 5849 2478 5918 ﬁguras
2511 5857 2565 5906 ct
2605 5843 3058 5903 adumbrationcs
3109 5856 3230 5898 esse
3265 5838 3434 5897 divini
3467 5837 3592 5893 libri
3630 5851 3731 5892 ex-
