4134 6286
455 392 560 456 4θὲ
1382 396 1624 456 ΒΥΖᾹΝ
1643 398 1830 456 ΓίΝι-ΙΞ
1871 399 1919 456 ll
1936 399 2040 458 lS'l

2145 398 2257 457 ἱῐίΕ
2299 400 2445 461 LIB.
2491 400 2762 461 XXXIV.

3612 399 3726 459 406'

454 511 612 580 εδρος
642 509 874 578 ώδίνησέ
911 528 969 563 τε
1003 512 1095 564 καὶ
1120 510 1296 575 ἔτεκε,
1340 514 1683 566 Μασαλιανοὶ
1731 513 1774 566 δ’
1808 512 2032 582 ἐμαιεύ-

2145 513 2352 569 creavit
2408 515 2623 584 primus
2686 513 2909 577 Manes,
2967 511 3394 568 Manichmorum
3465 514 3716 568 antistes.

455 617 641 663 σαντο,
677 601 710 670 η
747 598 802 653 δὲ
835 599 944 653 τῶν
976 601 1359 671 Είκονομάχων
1392 603 1471 665 εἰς
1507 604 1782 674 ἀνήμερον
1821 605 2034 675 ἡμέραν

453 694 747 761 ἐξήνεγκεν
774 693 1002 764 ὕστερον
1030 695 1282 764 τυραννίς
1305 713 1318 726 ο
1373 696 1406 765 ή
1440 695 1496 748 δὲ
1526 695 1620 748 νῦν
1652 697 2034 750 ἐπιπολάσασα

455 785 748 855 ΙΙαλαμικὴ
780 786 984 855 φατρία
1009 785 1100 839 ἐπὶ
1147 787 1352 850 μείζονι
1401 787 1548 859 λύμῃ
1601 789 1698 857 τῆς
1728 788 2032 850 εὐσεόείας,

454 882 731 950 συμμάχῳ
785 885 851 952 τῇ
894 880 1298 952 δυναστευούσῃ
1323 881 1460 942 τέως
1491 882 1633 953 χειρὶ
1681 882 2031 952 χρησαμένη,

455 974 653 1043 μέχρις
682 975 782 1048 ἤδη
813 975 907 1028 καὶ
936 977 1031 1045 τῆς
1054 976 1299 1044 αίθερίας
1355 974 1562 1045 λήξεως
1593 974 1900 1044 αὐξηθῆναι
1934 975 2035 1044 τὴν

452 1070 551 1136 τῆς
585 1069 781 1129 κακίας
810 1069 1064 1139 πέπραχε
1098 1070 1294 1138 φλόγα.
1323 1069 1414 1122 Διὸ
1453 1069 1545 1122 καὶ
1575 1068 1917 1140 ἀναληπτέον
1941 1069 2035 1122 τὸν

453 1159 646 1228 εἱρμὸν
673 1162 805 1229 ἡμῖν
858 1161 1067 1214 ἐκεῖθεν
1108 1161 1203 1214 τοῦ
1233 1161 1418 1228 λόγου,
1451 1161 1527 1224 ὡς
1556 1160 1624 1215 ἂν
1649 1161 2035 1232 ὲντελέστερον

454 1251 537 1304 ἔτι
569 1253 663 1305 καὶ
689 1256 721 1320 ἠ
760 1254 865 1305 τῶν
892 1252 1150 1307 τοιούτων
1179 1254 1459 1324 ἀφήγησις
1502 1254 1726 1324 δέχηται
1761 1253 1853 1307 τὸν
1888 1271 2034 1324 χρω-

460 1344 732 1412 ματισμόν
755 1361 767 1374 ·
824 1345 1015 1398 ἔλαθον
1072 1344 1181 1416 γὰρ
1227 1345 1338 1414 ἐγὼ
1370 1345 1795 1414 συναπενεχθεὶς
1827 1345 1905 1414 τῷ
1939 1344 2034 1398 τοῦ

454 1431 621 1499 ζήλου
646 1432 908 1502 ῥεύματι,
954 1432 1030 1503 μὴ
1061 1434 1432 1504 ἀνασχόμενος
1464 1435 1592 1502 σιγῇ
1615 1433 1910 1504 παρελθεῖν
1940 1451 2036 1485 συ-

454 1522 910 1591 κοφαντουμένων
940 1522 1048 1575 τῶν
1085 1523 1337 1592 μεγάλων
1393 1523 1492 1592 τῆς
1553 1521 1884 1592 Ἐκκλησίας
1944 1523 2038 1574 καὶ

455 1615 616 1666 θείων
644 1615 966 1683 φωστήρων,
999 1615 1305 1684 Γρηγορίου
1358 1632 1417 1668 τε
1473 1614 1566 1668 καὶ
1612 1615 1912 1668 Διονυσίου.
1945 1616 2038 1668 Διὸ

453 1707 548 1758 τὸν
582 1707 710 1777 περὶ
753 1708 942 1761 τούτου
994 1707 1150 1778 λόγον
1185 1707 1532 1779 πλατυτέρας
1560 1709 1818 1778 δεόμενον
1849 1708 2037 1772 ἐξετάο

456 1816 618 1862 σεως,
662 1797 867 1869 βραχέα
921 1803 1018 1870 μὲν
1047 1802 1274 1872 ἀρτίως.
1305 1803 1400 1855 καὶ
1445 1802 1569 1854 ὅσον
1593 1801 1694 1872 τὴν
1723 1802 2036 1872 προθυμίαν

456 1893 900 1959 ἀφοσιώσασθαι,
927 1895 1206 1966 διεξῆλθον
1235 1914 1248 1927 ’
1305 1898 1372 1948 τά
1402 1896 1459 1950 δὲ
1489 1897 1658 1949 πλείω
1692 1899 1806 1957 τοῖς
1832 1896 2040 1967 ἔμπρο-

456 1984 586 2036 σθεν
620 1985 979 2053 ταμιεύεσθαι
1040 1989 1230 2057 κρίνας
1267 1988 1477 2043 δίκαιον
1512 1990 1693 2042 ἐκεῖσε
1753 1989 2036 2060 ἐπάνειμι,

454 2075 568 2136 τοῖς
598 2073 934 2136 διδασκάλοις
969 2077 1070 2130 κάν
1102 2078 1273 2146 τούτῳ
1301 2081 1626 2150 πειθόμενος
1653 2081 1915 2144 τουτοισὶ,
1938 2082 2037 2144 τὰς

455 2165 602 2218 οῦτω
633 2167 896 2238 βεϐήλους
927 2169 1289 2239 καινοςρωνίας
1313 2173 1420 2227 τῶν
1454 2173 1628 2241 λόγων
1659 2173 1751 2226 καὶ
1780 2173 1880 2244 τὴν
1903 2174 2034 2226 πολ-

454 2261 556 2332 λὴν
611 2264 898 2334 φλυαρίαν,
939 2261 1020 2326 οἷς
1076 2266 1273 2338 σχολὴν
1315 2267 1529 2320 ἔπεισιν
1568 2265 1724 2335 ἄγειν
1753 2307 1768 2328 ,
1813 2265 2036 2319 ἐπιτάτ-

456 2369 612 2406 τουσι
651 2361 999 2428 παραχωρεῖν
1031 2371 1087 2412 τε
1136 2360 1230 2412 καὶ
1285 2359 1665 2414 ἀποτίθεσθαι.
1721 2356 1876 2413 Εἶναι
1925 2361 2036 2428 γάρ

457 2460 592 2513 φησι
631 2447 690 2499 τὸ
716 2449 897 2502 κινοῦν
920 2450 1146 2522 ἀσχετόν
1176 2469 1297 2505 τινα
1325 2453 1638 2524 θερμότητα
1671 2455 1841 2524 χωρὶς
1867 2453 2028 2511 λόγου

2141 607 2428 662 Masaliani
2453 606 2854 676 procreandam
2888 615 3192 671 curarunt,
3223 605 3715 660 leonomachorum

2138 709 2332 770 postea
2361 701 2609 771 tyrannis
2637 701 2690 754 in
2721 701 2896 756 lucem
2928 698 3503 770 protraxit,Palamica
3532 708 3726 751 autem-

2139 809 2263 863 q-uae
2297 809 2447 848 nunc
2482 801 2674 863 regnat
2726 792 2931 846 familia
2995 793 3060 846 ad
3105 792 3369 860 majorem
3413 791 3714 861 perniciem

2141 886 2428 954 religionis
2457 895 2514 940 et
2552 885 2718 939 sortis
2767 885 3018 939 caelestis
3041 926 3054 949 ,
3107 900 3232 938 cum
3266 883 3480 954 imperii
3513 883 3717 937 auxilio

2141 979 2437 1049 conjuncta
2472 978 2540 1032 ad
2578 978 2728 1032 hunc
2758 991 2932 1049 usque
2956 977 3101 1031 diem
3134 976 3339 1040 eﬂ'ccit,
3380 984 3438 1029 ut
3468 975 3718 1044 impieta-

2143 1071 2215 1126 tis
2248 1047 2510 1126 cumulus
2541 1047 2859 1140 augeretd'r.
2885 1069 3013 1124 lude
3055 1071 3219 1140 igitur
3250 1068 3609 1138 excipiendus
3629 1077 3714 1122 est

2139 1165 2408 1220 orationis
2430 1179 2649 1228 cursus,
2671 1174 2731 1219 ut
2777 1165 2940 1218 etiam
2982 1165 3177 1217 harum
3235 1176 3418 1216 rerum
3471 1162 3714 1215 narratio

2139 1255 2373 1310 formam
2435 1255 2668 1324 recipiat
2729 1254 2903 1308 multo
2969 1253 3378 1324 perfectiorem.
3439 1250 3716 1320 Abreptus

2138 1347 2284 1401 enim
2332 1346 2498 1400 nimia
2555 1345 2724 1400 animi
2772 1344 3120 1400 vehementia
3171 1359 3278 1399 non
3343 1342 3604 1399 commisi
3657 1351 3717 1396 ut

2139 1439 2360 1494 silentio
2392 1439 2728 1508 praeterirem
2783 1452 2978 1507 magna
3020 1437 3112 1491 illa
3138 1450 3202 1492 ac
3243 1430 3428 1491 divina
3461 1435 3718 1490 Ecclesia:

2139 1530 2372 1593 lumina,
2395 1528 2728 1599 Gregorium
2757 1536 2810 1582 et
2848 1529 3189 1599 Dionysium.
3216 1527 3586 1595 Quamobrem
3616 1526 3720 1579 hu-

2136 1625 2228 1692 jus
2254 1623 2332 1678 rei
2360 1624 2763 1687 narrationem,
2791 1621 3040 1690 quamvis
3064 1620 3258 1674 latiore
3275 1633 3414 1688 opus
3434 1618 3717 1673 sittracta-

2142 1714 2580 1783 tione,breviter
2621 1722 2918 1769 tantum-et
2950 1712 3028 1767 uti
3051 1711 3405 1781 inspirationi
3441 1708 3720 1764 satisface.
3814 1781 3824 1790 _

2139 1823 2255 1862 rem
2287 1815 2615 1878 persecutus
2663 1820 2782 1860 sum
2814 1848 2828 1872 ,
2865 1815 3072 1858 etcum
3117 1803 3271 1873 plura
3309 1802 3386 1856 ad‘
3432 1809 3712 1871 posterum

2139 1898 2348 1952 differri
2387 1911 2606 1968 aequum
2653 1912 2778 1952 esse
2812 1906 3023 1966 putem,
3055 1895 3186 1950 illuc
3213 1894 3396 1959 redeo,
3430 1893 3718 1963 magistros

2139 1995 2216 2048 ita
2251 1999 2477 2048 secutus
2507 2001 2568 2046 ut
2595 1989 2869 2060 ejusmodi
2911 1988 3196 2058 profanam
3241 1985 3539 2040 verborum
3573 1985 3720 2038 inso-

2137 2085 2368 2140 lcntiam
2400 2091 2458 2138 et
2489 2081 2668 2154 458
2698 2079 3089 2150 loquacitatem
3125 2078 3194 2132 iis
3231 2076 3327 2146 qui
3367 2075 3610 2131 studium
3663 2073 3715 2126 in

2139 2175 2222 2229 eis
2262 2172 2647 2228 collocandum
2687 2179 2884 2241 putent
2916 2167 3212 2224 concedam
3242 2176 3296 2221 et
3349 2164 3715 2220 committam.

2137 2265 2276 2319 Nam
2307 2263 2478 2319 animi
2509 2270 2717 2316 motum
2758 2260 2891 2316 dicit
2919 2262 3036 2316 sine
3078 2261 3288 2314 ratione
3329 2256 3494 2313 nimis
3523 2257 3722 2310 ardere

2142 2372 2246 2412 nec
2276 2355 2562 2412 scientiam
2604 2368 2667 2408 ac
2707 2353 2866 2408 (idem
2899 2351 3031 2407 satis
3067 2349 3396 2421 gubernari;
3429 2364 3538 2403 non
3569 2349 3715 2401 en‘m

2135 2466 2330 2504 eorum
2361 2464 2483 2504 esse
2511 2448 2760 2503 scientia:
2789 2446 3159 2517 gubernacula
3185 2453 3391 2498 tenere.

457 2540 554 2592 καὶ
579 2541 892 2614 ἐπιστήμης
928 2547 1022 2599 καὶ
1075 2546 1309 2611 πίστεως
1366 2549 1534 2602 πλοῦν
1587 2548 1999 2620 ἀκυὸἐρνητονο
2042 2548 2102 2602 τὸ
2157 2547 2264 2619 γὰρ
2315 2547 2417 2616 τῆς
2469 2546 2806 2614 ὲπιστήμηςδ
2825 2542 3080 2607 πηδάλιον
3113 2541 3314 2612 ἥκιστα
3370 2540 3512 2610 ἔχειν
3539 2538 3722 2600 αὐτοῖς

458 2637 913 2705 προσγεγένηται.

532 2726 628 2781 l.\'.
675 2719 911 2799 ’Epott‘is
945 2735 1144 2797 σκοπός
1174 2753 1235 2787 τε
1275 2739 1370 2788 καὶ
1401 2733 1666 2804 πρόθεσις
1701 2729 1770 2806 ἦν
1795 2733 1894 2803 τῆς
1943 2734 2045 2804 ψυ-

455 2814 580 2884 χῆς,
611 2815 677 2868 δι’
706 2819 771 2887 ἦν
801 2821 1123 2891 είρήκειμεν
1169 2824 1228 2887 ἐξ
1278 2823 1457 2894 ἀρχῆς
1511 2825 1714 2886 αἰτίαν,
1755 2825 2044 2892 πρόμαχον

458 2908 842 2978 παρασχέσθαι
863 2911 1131 2978 γλῶτταν,
1159 2914 1283 2966 ὅσον
1302 2913 1544 2981 ἐφικτὸν,
1573 2913 1767 2984 ἐκείνῳ
1784 2913 1862 2981 τῷ
1890 2911 2037 2982 σοςρῷ

455 2995 726 3065 Θεοδώρῳ
749 2998 844 3050 καὶ
878 3000 1118 3070 μάρτυρι
1149 2995 1560 3069 τῆς’ἀληθείας,
1599 2999 1912 3069 περιφανῶς
1947 3017 2040 3052 συ-

457 3088 884 3158 κοφαντουμένῳ
921 3088 1016 3140 νῦν
1070 3090 1205 3159 πρὸς
1240 3092 1346 3143 τῶν
1393 3090 1750 3160 Παλαμιτῶν,
1786 3091 2040 3160 καθάπερ

461 3179 602 3247 πρὸς
626 3180 731 3232 τῶν
758 3179 1140 3252 Εἰκονομάχων
1169 3183 1311 3247 τότε,
1349 3178 1428 3245 οἷς
1460 3185 1557 3236 καὶ
1595 3184 1759 3254 μέχρι
1811 3185 2040 3238 θανάτου

460 3274 563 3340 τὴν
616 3273 821 3324 οἰκείαν
881 3276 1089 3337 ἐκεῖνος
1151 3275 1486 3345 ἀντέστησεν
1520 3276 1792 3342 ἔνστασιν,
1850 3277 1910 3329 τὸ
1943 3276 2041 3346 μὲν

463 3363 628 3433 σῶμα
666 3364 945 3429 παντοίαις
978 3366 1118 3438 ὐπὲρ
1176 3367 1412 3438 Χριστοῦ
1444 3369 1678 3439 προδοὺς
1731 3369 2040 3433 κολάσεσιν,

459 3457 564 3526 τὴν
593 3457 648 3510 δὲ
680 3459 968 3528 φιλόσοφον
993 3461 1208 3531 ἐκείνην
1237 3462 1329 3514 καὶ
1360 3461 1602 3532 ἔντεχνον
1634 3461 1881 3530 γλῶτταν
1905 3461 2044 3514 κατά

461 3547 577 3600 τῶν
613 3550 906 3603 ἀντιθέτων
935 3551 1166 3613 ὁπλίσας
1206 3553 1523 3622 δογμάτωνυ
1555 3548 1635 3616 οἷς
1684 3554 1841 3620 κάγὼ
1870 3555 2037 3620 τήμε-

465 3658 584 3710 ρον,
641 3644 748 3704 τοίς
777 3642 888 3695 τῶν
918 3644 1128 3696 ἐκείνου
1169 3645 1344 3710 λόγων
1373 3644 1557 3701 ὅπλοις
1587 3645 1890 3716 θαρῥὴαεν,
1923 3645 2047 3695 ἀνθ-

467 3733 698 3802 ίσταμαί
754 3751 813 3786 τε
863 3734 955 3786 καί
1005 3735 1422 3804 ἁντιστήσομαι,
1465 3735 1708 3795 καὶτοὺς
1737 3735 1876 3803 ὑπὲρ
1909 3735 2044 3801 ἀληο

464 3824 620 3888 Θείας
657 3825 1027 3889 ἀνακαινίζειν
1055 3826 1248 3888 ἄθλους
1275 3827 1486 3880 ἐκείνου
1511 3827 1572 3878 τό
1597 3844 1658 3893 γε
1684 3828 1761 3888 εἰς
1789 3827 1888 3894 ἐμὲ
1913 3821 2045 3896 ἧκον

461 3919 528 3970 οὐ
563 3921 882 3988 κατοκνήσω
910 3921 1046 3972 κατά
1077 3919 1183 3970 τῶν
1206 3919 1303 3988 τὴν
1327 3920 1538 3988 αἵρεσιν
1569 3918 1785 3984 ἐκείνην
1819 3918 2048 3969 ἀνακαι-

460 4010 634 4072 νίζειν
661 4010 982 4079 τολμώντων
1009 4013 1267 4080 τήμερον,
1304 4011 1440 4064 ἀλλά
1475 4011 1616 4062 κατά
1670 4012 1801 4071 τοὺς
1826 4025 2043 4077 προμη-

461 4103 756 4170 θεστέρους
803 4102 911 4154 τῶν
939 4103 1139 4172 ίατρὼν
1188 4103 1283 4154 καὶ
1317 4103 1480 4160 αὐτὸς
1511 4101 1758 4164 κολάζειν
1797 4102 1889 4153 καὶ
1915 4101 2046 4153 ἀνα-

462 4195 728 4253 στέλλειν.
772 4193 863 4246 τὸν
921 4193 1142 4262 ἐφικτόν
1191 4211 1256 4261 γε
1315 4193 1538 4264 τρόπον,
1578 4193 1912 4262 πειράσομαι
1949 4194 2045 4261 τῆς

459 4285 575 4336 τῶν
609 4285 904 4338 ἀντιθέτων
931 4284 1157 4355 γνώμης
1199 4287 1290 4338 καὶ
1323 4285 1572 4354 γλώττης
1600 4288 1659 4338 τὸ
1686 4285 1916 4352 ἀσελγὲς
1948 4286 2044 4338 καὶ

461 4376 838 4446 ἀστάθμητον,
901 4375 1150 4442 καθάπερ
1203 4378 1402 4430 ἐκεῖνοι
1455 4375 1555 4445 τῆς
1606 4377 1717 4428 τῶν
1775 4377 2048 4445 σωμάτων

463 4466 680 4530 εὐεξίας
711 4468 835 4527 τοὺς
869 4464 928 4536 [Γ.
959 4467 1063 4519 240
1093 4465 1144 4537 b]
1176 4466 1529 4536 παρανόμους
1554 4466 1840 4518 ἁνασοὸεῖν
1869 4467 2050 4536 ἐγχει-

2216 2724 2314 2781 XI.
2349 2723 2618 2779 (-Ionsulto
2653 2731 2836 2777 autem
2864 2732 3031 2790 atque
3061 2737 3124 2775 ex
3167 2721 3448 2791 preposito
3479 2718 3716 2789 quodam

2148 2821 2217 2875 ab
2249 2817 2410 2872 initio
2439 2817 2685 2870 diximus
2724 2814 3034 2870 disserendi
3084 2824 3260 2868 artem
3293 2822 3556 2882 quantum
3602 2813 3719 2866 lieri

2145 2919 2366 2981 poterat
2406 2908 2670 2962 tribuisse
2709 2906 2952 2976 linguam
3004 2903 3299 2958 Theodoro
3328 2902 3562 2972 sapienti
3619 2901 3719 2962 illi,

2143 3013 2372 3076 propter
2441 3001 2692 3056 veritatis
2753 2996 3130 3053 testimonium
3191 2995 3388 3064 injuria
3465 3003 3721 3047 accusato

2147 3109 2293 3149 nunc
2321 3109 2350 3147 a
2385 3090 2666 3148 Palamitis
2689 3129 2705 3154 ,
2765 3102 2825 3145 ut
2881 3087 3161 3158 quondam
3194 3085 3265 3140 ab
3298 3084 3677 3139 lconomacbis
3704 3123 3718 3149 ,

2147 3188 2349 3254 quibus
2383 3185 2450 3240 ad
2496 3197 2730 3239 mortem
2765 3183 2939 3252 ipsam
2975 3181 3092 3236 suis
3131 3179 3221 3234 ille
3248 3177 3460 3233 viribus
3494 3177 3716 3240 restitit,

2145 3289 2201 3336 et
2236 3294 2470 3348 corpore
2519 3276 2690 3332 variis
2717 3286 2944 3346 propter
2975 3273 3256 3329 Christum
3291 3269 3580 3340 suppliciis
3614 3279 3722 3322 tra-

2143 3373 2260 3427 dito
2305 3370 2798 3442 prudentissimam
2843 3378 2901 3423 et
2955 3367 3333 3423 doctissimam
3375 3365 3616 3434 linguam
3665 3363 3719 3416 in

2145 3466 2421 3536 dogmatis
2458 3466 2603 3520 inter
2626 3478 2746 3519 sese
2770 3462 3010 3517 diversis
3036 3459 3306 3516 exercuit.
3331 3459 3544 3526 Quibus
3567 3458 3723 3524 equi-

2146 3557 2270 3611 dem
2296 3557 2384 3612 his
2419 3556 2570 3610 illius
2588 3552 3063 3624 disputationibus
3105 3561 3352 3607 armatus
3374 3550 3501 3605 forti
3538 3548 3720 3602 animo

2153 3663 2404 3717 repugno
2438 3649 2893 3718 repugnaboque,
2927 3661 3028 3702 nec
3054 3654 3282 3715 propter
3326 3643 3616 3698 veritatem
3656 3641 3724 3694 il-

2151 3743 2263 3797 lius
2289 3741 2595 3796 certamina
2627 3742 2774 3808 quod
2809 3756 2894 3794 me
2923 3741 3122 3794 attinet
3154 3737 3530 3806 redintegrare
3558 3733 3688 3786 dubi
3718 3762 3722 3768 -

2150 3833 2304 3894 tabo,
2334 3832 2429 3885 tibi
2455 3832 2708 3886 haeresim
2741 3832 2888 3885 illam
2924 3830 3300 3898 redintegrare
3331 3830 3597 3888 audeant,
3626 3825 3721 3879 sed

2148 3924 2215 3974 ad
2263 3921 2687 3991 prudentiorum
2737 3919 3078 3974 medicorum
3129 3916 3586 3972 consuetudinem
3634 3931 3720 3969 re—

2148 4011 2370 4066 tardare
2403 4021 2459 4066 ct
2491 4011 2686 4066 tollere
2708 4020 2975 4080 quantum
3003 4016 3194 4077 potero
3225 4022 3411 4076 vagam
3450 4014 3505 4060 et
3541 4006 3722 4059 incer-

2151 4114 2261 4158 tam
2297 4103 2746 4158 adversariorum
2802 4101 3121 4170 opinionem
3171 4109 3228 4154 et
3267 4099 3511 4170 linguam
3561 4112 3725 4152 cona-

2150 4195 2274 4249 bor.
2313 4193 2794 4261 Quemadmodum
2831 4191 2910 4246 illi
2938 4204 3233 4260 corporum
3267 4188 3632 4243 valetudinem
3657 4191 3723 4242 ab

2151 4287 2338 4344 noxiis
2381 4286 2800 4342 discriminibus
2827 4283 3126 4340 defendere
3185 4281 3444 4344 student,
3504 4280 3580 4334 ita
3624 4295 3726 4348 ego

2150 4381 2330 4435 donec
2364 4380 2551 4448 lingua
2583 4394 2704 4433 mea
2737 4393 2862 4433 cum
2891 4375 3001 4429 Deo
3027 4373 3232 4430 valebit
3259 4383 3318 4428 et
3357 4372 3725 4427 ratiocinandi

2150 4479 2268 4525 arte
2306 4471 2514 4541 pollere
2555 4471 2690 4525 mihi
2742 4485 2839 4538 per
2869 4477 3088 4523 aetatem
3143 4465 3396 4527 videbor,
3452 4481 3519 4518 ne
3563 4464 3724 4517 vivus

466 4559 656 4630 ροῦσιν
685 4559 954 4618 όλίσθονς,
1006 4559 1112 4618 ἕως
1141 4559 1175 4628 ἦ
1222 4575 1280 4610 τε
1313 4559 1525 4626 γλῶττα
1556 4558 1796 4629 ἔρρωται
1829 4559 1928 4609 σύν
1980 4575 2040 4625 γε

2154 4561 2322 4633 459
2350 4563 2638 4632 religionis
2675 4562 2833 4631 vigor
2863 4560 3106 4629 undique
3149 4557 3488 4614 accrescenti
3537 4556 3730 4623 impie.

462 4652 586 4718 Θεῴ
624 4653 715 4703 καὶ
746 4651 845 4720 τὴν
872 4650 1022 4719 ὥραν
1053 4649 1323 4702 ἀνθοῦσαν
1345 4651 1561 4702 δίδωσιν
1602 4650 1728 4719 ἐμοὶ
1756 4650 1934 4703 δοκεῖν
1965 4649 2045 4701 ἔτι

466 4743 770 4810 κεκτῆσθαι
809 4745 936 4805 τοὺς
963 4742 1254 4811 λογισμοὺς
1289 4744 1316 4794 ὁ
1348 4743 1560 4812 χρόνος⁹
1591 4743 1790 4812 μήπως
1817 4743 1848 4811 ή
1892 4741 2045 4805 ζῶσα.

465 4839 564 4904 τῆς
587 4835 867 4897 εὐσεϐείας
893 4833 1141 4904 δύναμις,
1169 4834 1500 4904 πολλαχόθεν
1524 4836 1642 4887 κατ’
1668 4833 1839 4901 αὐτῆς
1866 4834 2048 4903 ἀκμά-

2157 4654 2286 4706 tatis
2316 4664 2470 4721 peste
2493 4652 2681 4713 citius,
2717 4665 2882 4720 quam
2914 4649 3052 4702 forte
3091 4646 3341 4702 nonnulli
3377 4656 3564 4714 putent
3599 4682 3613 4704 ,
3645 4642 3730 4696 in-

2151 4745 2358 4814 justam
2403 4753 2636 4798 mortem
2691 4742 2856 4797 obeat
2885 4740 3347 4812 quemadmodum
3382 4737 3481 4790 ilos
3517 4735 3569 4788 in
3601 4749 3729 4803 agro

2151 4846 2248 4891 aut
2274 4836 2326 4888 in
2357 4844 2515 4905 prato
2540 4851 2683 4889 rosa.

467 4926 651 4990 ζοντος
677 4925 772 4976 τοῦ
801 4926 898 4994 τῆς
931 4925 1183 4988 ἀσεϐείας
1212 4925 1500 4994 χειμῶνος,
1541 4925 1909 4995 πρωῖαίτερον
1944 4926 2037 4978 καὶ
2077 4926 2174 4994 τῆς
2204 4928 2361 4980 ἐνίων
2422 4927 2550 4991 ίσως
2605 4928 2930 5000 ὑπολήψεως
2976 4930 3069 4980 καὶ
3101 4926 3256 4996 δόξης
3290 4924 3381 4978 τὸν
3402 4922 3584 4976 ἄδικον
3619 4937 3726 4988 μα-

468 5019 679 5088 ρασμὸν
703 5019 932 5090 ὐποστῇ,
961 5019 1213 5088 καθάπερ
1234 5020 1394 5084 ἄνθος
1427 5021 1484 5072 ἐν
1505 5022 1570 5087 ἀγ
1584 5020 1659 5089 pf)
1689 5020 1782 5072 καὶ
1807 5020 1958 5093 ῥόδον
1986 5022 2042 5073 ὲν
2066 5020 2312 5094 λειμῶνι.

544 5115 644 5167 1Β¹.
675 5115 895 5182 Πρῶτον
918 5115 1012 5168 οῦν
1038 5115 1354 5180 ἐξεταστέον
1379 5115 1431 5167 τί
1453 5118 1568 5167 εστι
1595 5114 2044 5184 μεταμόρφωσις,

477 5210 675 5275 μᾶλλον
730 5210 786 5260 δὲ
825 5209 874 5260 τί
931 5213 1046 5262 ἐστι
1082 5210 1265 5278 μορφὴ
1295 5215 1388 5260 καὶ.
1418 5209 1470 5260 τί
1519 5209 1579 5261 τὸ
1629 5209 1784 5276 γένος
1830 5207 1998 5274 αὐτῆς
2026 5223 2040 5236 ⁸

472 5299 617 5352 οὕτω
647 5300 756 5371 γὰρ
789 5301 854 5353 ἂν
883 5302 976 5354 καὶ
999 5301 1070 5352 τά
1100 5301 1368 5370 εἰρημένα
1398 5301 1706 5368 σαφέστερα
1739 5298 1934 5366 γένοιτ’
1960 5297 2043 5351 ἀν.

474 5392 596 5444 Τῶν
625 5395 731 5464 γὰρ
758 5393 1062 5463 ὁμωνύμων
1084 5390 1216 5446 οὖσα
1246 5396 1276 5462 ἡ
1314 5394 1466 5462 φωνὴ
1491 5394 1585 5444 ἐπὶ
1609 5393 1702 5461 μὲν
1735 5392 1870 5446 Θεοῦ
1901 5391 2047 5456 λεγοη

478 5484 618 5554 μὲνη
655 5488 848 5540 ταυτὸν
883 5481 1102 5540 δῦναται
1138 5492 1202 5558 τῇ
1234 5486 1413 5556 οὐσίᾳ,
1450 5484 1592 5537 καθὰ
1623 5489 1716 5538 καὶ
1745 5489 1854 5547 τοῖς
1886 5483 2051 5540 θείοις

474 5587 576 5655 τῆς

655 5580 985 5650 Ἐκκλησίας
1039 5583 1326 5652 φωστῆρσι
1381 5583 1800 5651 νενομοθέτηταί
1849 5599 1909 5634 τε
1961 5581 2054 5633 καὶ

2229 5117 2597 5172 ΧΙΙ.Ρτίιηιιηι
2646 5115 2810 5186 igitur
2856 5112 3272 5183 disquirendnm
3327 5121 3431 5175 est,
3467 5109 3598 5179 quid
3657 5111 3728 5164 sit

2158 5210 2697 5280 tr:ms!iguratio.aut
2726 5210 2910 5278 potius
2936 5207 3066 5274 quid
3102 5205 3174 5258 sit
3202 5205 3368 5275 ﬁgura
3411 5213 3468 5259 et
3497 5204 3628 5272 quid
3656 5205 3728 5259 sit

2153 5303 2398 5371 ejusdem
2428 5317 2622 5372 genus.
2665 5299 2739 5354 lta
2772 5301 2916 5354 enim
2952 5314 3014 5352 ea
3038 5313 3158 5367 quae
3190 5298 3335 5352 dicta
3371 5307 3499 5352 sunt
3535 5297 3731 5351 melius

2154 5391 2386 5462 intelligi
2421 5401 2669 5461 possunt.
2704 5391 2837 5445 Nam
2865 5405 2962 5443 vox
2993 5398 3055 5442 ut
3083 5405 3202 5458 qua:
3236 5389 3376 5444 inter
3403 5390 3610 5444 similes
3636 5388 3725 5452 sit,

2151 5486 2243 5538 ubi
2277 5484 2343 5537 de
2385 5483 2494 5537 Deo
2525 5485 2730 5537 dicitur
2761 5483 2814 5536 id
2853 5481 3187 5551 valct,!quod
3225 5498 3254 5535 a
3290 5482 3432 5536 divis
3465 5480 3726 5535 Ecclesia:

2148 5576 2454 5631 luminibus
2508 5574 2871 5628 constitutum
2909 5583 2964 5628 et
2999 5575 3262 5629 traditum
3299 5573 3729 5642 estquoadqui-

477 5671 832 5742 παραδίδοται
855 5710 867 5728 ,
907 5669 999 5722 ἐπί
1031 5686 1095 5738 γε
1135 5671 1242 5741 μὴν
1271 5672 1381 5725 τῶν
1411 5670 1683 5740 αἰσθητῶν
1714 5671 1899 5741 μορφή
1938 5672 2040 5722 ἐστι

2151 5670 2273 5722 dem
2293 5666 2568 5722 sensualia
2607 5665 2824 5720 attinet.
2845 5667 3044 5737 Figura
3076 5675 3160 5721 est
3193 5664 3544 5719 adumbratio
3573 5680 3723 5732 quae-

476 5767 540 5821 τὺ
567 5765 694 5838 περὶ
724 5765 825 5835 τὴν
875 5764 1198 5833 ἐπιφάνειαν
1239 5766 1390 5819 ποιὸν
1433 5765 1690 5834 τύπωμα,
1716 5765 1849 5836 πρὸς
1879 5764 1906 5817 ὃ
1932 5765 2054 5836 βλέ-

2156 5762 2278 5816 dum
2327 5761 2393 5814 ad
2423 5760 2614 5814 oculos
2644 5768 2918 5828 spectans.
2951 5759 3023 5814 lis
3057 5760 3146 5828 qui
3173 5755 3406 5821 cernth
3433 5757 3721 5827 pulchrum
