4134 6286
503 342 610 404 407

1717 353 2130 415 NlCEPI-IOHI
2173 357 2559 418 GliEGOﬂrE

3645 357 3738 420 408

495 457 688 513 dicere
719 461 848 516 licet
875 475 970 520 aut
1023 475 1180 536 turpe
1211 469 1260 524 id
1292 473 1436 540 quod
1466 475 1654 530 subest
1679 477 1896 531 animal.
1917 479 2085 533 Acce-

2189 497 2388 542 ποντας
2417 481 2692 552 εὔμορφόν
2721 495 2778 532 τε
2811 481 2991 546 λέγειν
3035 477 3212 531 ἔνεστι
3252 475 3344 531 καὶ
3369 475 3671 547 δύσμορφον
3693 478 3746 531 τὸ

501 557 641 604 deus
667 555 814 608 enim
833 559 984 614 estin
1012 562 1262 632 subjecto
1287 581 1406 634 quae
1427 571 1887 636 cerniturforma,
1908 588 2081 641 genus

507 642 673 699 habet
717 650 1074 721 qualitatem,
1125 665 1320 722 quarta
1365 663 1668 715 secundum
1723 664 2076 732 partitionem

505 737 684 826 imago
719 739 999 798 invenitur
1028 747 1293 816 ejusdem.
1332 750 1562 807 Mutatio
1587 763 1772 809 autem
1807 757 1920 826 ipsa
1952 773 2078 812 cum

506 825 579 879 sit
618 830 925 895 accedens,
969 836 1218 890 cernitur
1259 839 1314 891 in
1351 843 1630 906 essentia,
1672 853 1728 898 et
1767 825 2078 915 quantitate

503 926 560 970 et
591 921 864 988 qualitate
901 927 1221 982 varietatem
1270 933 1594 988 mutationis
1641 935 1908 994 efﬁciens.
1964 939 2082 993 Mu-

507 1011 774 1066 tationem
801 1024 983 1069 autem
1020 1019 1398 1077 incitationem
1435 1027 1732 1094 quamdam
1768 1029 1890 1098 ejus
1922 1045 2078 1094 esse,

449 1141 462 1152 ,λ
503 1105 648 1168 quod
684 1115 810 1160 ante
846 1108 984 1172 fuit,
1037 1112 1132 1166 ubi
1179 1118 1422 1170 essentia
1464 1132 1750 1174 remaneat
1781 1121 2077 1176 deliniant.

501 1194 759 1250 Libenter
797 1216 986 1269 quarm
1043 1206 1300 1274 equidem
1340 1209 1618 1265 Palamam
1659 1213 1892 1282 ejusque
1931 1228 2080 1269 asse-

504 1287 620 1341 clas
670 1291 802 1358 quid
859 1309 984 1349 esse
1043 1298 1288 1367 cogitent
1345 1303 1908 1373 transﬁgurationem.
1971 1306 2084 1363 Nec

503 1379 652 1436 enim
691 1383 1016 1442 vocabulum
1047 1387 1206 1457 plane
1259 1393 1530 1459 explicat,
1563 1405 1748 1450 utrum
1785 1397 1857 1452 sit
1896 1399 2084 1454 formae

503 1475 853 1541 variatio,an
891 1467 1241 1548 permutatio.
1261 1485 1424 1560 460
1458 1488 1630 1557 Igitur
1660 1490 1704 1544 si
1733 1491 1858 1556 quis
1890 1507 2084 1546 essen-

505 1565 592 1620 tia:
621 1567 824 1623 divinae
851 1570 1091 1637 dixerit,
1123 1565 1547 1633 Manichaeorum
1590 1583 1850 1636 morbum
1893 1593 2083 1638 osten-

501 1656 648 1712 derit
688 1659 792 1714 ista
826 1665 1111 1730 vox.Quid
1153 1683 1285 1722 vero
1323 1671 1494 1741 inagis
1531 1673 1758 1741 impium
1783 1683 1886 1738 est,
1915 1691 2082 1744 quam

502 1751 760 1806 essentia:
809 1760 1274 1823 permutationem
1319 1763 1506 1818 dicere
1545 1763 1752 1820 Christi
1799 1767 1854 1820 in
1897 1777 2085 1822 monte

2191 575 2551 642 ὑποκείμενον
2583 573 2722 637 ζῶον
2752 573 2935 643 τυχόν.
2990 570 3348 643 Συμϐεὸηκὸς
3391 572 3500 638 γάρ
3531 571 3669 622 ἐστιν
3695 572 3747 622 ὲν

2185 665 2539 734 ὑποκειμένῳ
2591 666 2698 717 τινὶ
2754 661 3129 733 θεωρούμενον
3181 662 3215 730 ἠ
3269 661 3473 731 μορφή.
3531 659 3681 720 Γένος
3708 659 3747 711 δ’

2186 759 2390 829 ἔχουσα
2415 759 2516 828 τὴν
2547 757 2810 827 ποιότητα
2863 758 3123 824 τέταρτον
3165 755 3307 809 κατά
3336 753 3598 822 διαίρεσιν
3622 749 3748 812 εἶδος

2184 855 2502 922 εὑρίσκεται
2553 851 2780 921 ταύτης.
2829 851 2980 903 Ἐπεὶ
3013 850 3069 902 δὲ
3101 849 3196 901 καὶ
3223 851 3256 917 ὴ
3293 847 3529 916 κίνησις,
3559 846 3748 912 συμὸε-

2189 946 2358 1013 6ηκὺς
2382 945 2517 998 οὖσα
2567 944 2661 998 καὶ
2715 943 2876 1014 αὐτὴ,
2933 943 3221 1012 θεωρεῖται
3258 941 3355 1010 μὲν
3396 940 3492 992 καὶ
3523 939 3579 990 ἐν
3607 939 3749 1009 οὐσίᾳ

2185 1039 2278 1092 καὶ
2312 1039 2465 1108 ποσῷ
2517 1039 2614 1091 καὶ
2661 1038 2835 1106 τόπῳ,
2893 1037 3180 1106 θεωρεῖται
3227 1035 3280 1087 δὲ
3318 1033 3520 1100 μᾶλλον
3571 1033 3745 1101 κάντῇ

2185 1131 2435 1200 ποιότητι
2481 1133 2542 1183 τὸ
2591 1129 2868 1192 πολυειδὲς
2892 1127 3244 1202 ἐργαζομένη.
3265 1125 3365 1194 τῆς
3399 1122 3746 1184 ἀλληιώπεως.

2183 1219 2282 1290 τὴν
2313 1221 2357 1274 δ’
2391 1220 2674 1274 ἀλλοίωσιν
2723 1218 3048 1274 ὲκστατικόν
3085 1235 3137 1269 τι
3165 1215 3303 1269 εἶναι
3356 1213 3452 1267 τοῦ
3503 1214 3752 1280 πρὸτερον

2187 1313 2338 1375 δντος
2365 1313 2639 1378 ὁρίζονται
2662 1313 2762 1379 τῆς
2788 1310 2976 1372 οὐσίας
3004 1308 3274 1378 μενούσης
3295 1321 3309 1336 ·
3333 1307 3507 1378 ἡδέως
3530 1305 3592 1358 ἂν
3620 1303 3753 1371 ἐροί-

2191 1423 2298 1476 μην
2333 1405 2512 1473 έγωγε
2549 1403 2813 1472 Παλαμᾶν
2869 1404 2964 1456 καὶ
3007 1401 3134 1464 τοὺς
3183 1399 3324 1468 ἀμφ’
3383 1398 3569 1460 αὐτὸν,
3621 1397 3670 1449 τί
3697 1396 3754 1447 ἀν

2188 1495 2330 1552 εἶναι
2359 1497 2506 1565 νοοίη
2533 1497 2633 1565 τὴν
2687 1497 3134 1564 μεταμόρφωσιν.
3195 1493 3362 1546 Οὐδὲν
3419 1490 3528 1560 γὰρ
3555 1492 3588 1560 ἡ
3621 1489 3754 1552 λέξις

2185 1594 2376 1660 ἕτερον
2427 1590 2649 1652 πάντως
2710 1589 2861 1658 δηλοῖ
2909 1588 2943 1656 ἢ
2990 1588 3207 1657 μορφῆς
3245 1583 3538 1639 ἀλλοίωσίν
3565 1599 3623 1636 τε
3667 1581 3754 1634 καὶ

2192 1682 2578 1754 μεταποίησιν.
2611 1681 2674 1733 El
2704 1679 2803 1748 μὲν
2828 1676 2922 1733 οὖν
2941 1680 3040 1747 τῆς
3067 1677 3252 1741 οὐσίας
3279 1677 3430 1744 λέγοι
3463 1675 3566 1744 τῆς
3594 1674 3754 1737 θείας,

2189 1773 2505 1844 Μανιχαίων
2559 1771 2620 1824 τὸ
2655 1771 2872 1841 νόσημα
2913 1767 3102 1832 δείξων
3129 1769 3158 1820 ὁ
3183 1767 3340 1835 λόγος
3375 1766 3598 1837 ἔρχεται
3619 1780 3633 1794 ·
3665 1767 3753 1816 καὶ

505 1845 731 1901 Thabor
763 1850 1562 1921 transfigurationcm,alteram
1594 1858 1827 1913 duarum
1853 1859 2085 1930 ineptia-

2189 1870 2240 1922 τί
2277 1867 2342 1922 ἂν
2372 1865 2734 1934 ἀσεϐέστερον
2769 1865 2850 1934 εῐη
2882 1863 2976 1915 τοῦ
3009 1861 3365 1929 μετουσίωσιν
3393 1859 3644 1925 λέγοντος
3667 1857 3756 1923 τὴν

507 1952 628 1990 rum
691 1939 974 2008 inducere,
1008 1954 1103 1998 aut
1156 1946 1498 2003 immutabile
1561 1947 1760 2004 divinae
1831 1951 2088 2006 essentia:

505 2027 816 2097 deprimere
861 2032 930 2086 ad
979 2035 1282 2105 subjectum
1330 2048 1386 2091 et
1423 2037 1492 2092 ab
1525 2038 1616 2092 illa
1675 2039 1914 2094 alienum
1944 2083 1958 2106 ,
1993 2051 2088 2097 aut

507 2119 794 2174 inscientia
851 2131 909 2177 et
965 2127 1201 2194 maligna
1255 2137 1438 2184 mente
1504 2129 1558 2183 in
1621 2129 1760 2184 duas
1817 2133 2088 2188 increatas

507 2209 748 2267 deitates
779 2215 1088 2270 distrahere
1122 2233 1284 2272 unam
1321 2217 1624 2276 increatam
1653 2236 1711 2279 et
1739 2224 2086 2280 individuam

507 2314 566 2358 et
593 2305 924 2374 simplicem,
955 2319 1012 2362 et
1050 2326 1214 2364 unam
1261 2313 1447 2369 dicere
1489 2317 1784 2381 visibilem,
1829 2318 2086 2372 invisibi-

505 2399 614 2451 li-m
673 2399 938 2464 alteram,
975 2417 1138 2456 unam
1199 2406 1671 2477 participabilem,
1714 2410 2090 2481 imparticipa-

507 2489 672 2544 bilem
707 2493 934 2548 alteram
955 2535 970 2558 ,
1005 2511 1166 2550 unam
1193 2498 1499 2567 subiectam
1521 2540 1535 2564 ,
1559 2505 1919 2572 superjectam
1947 2504 2087 2560 alte-

509 2584 671 2638 ram?
723 2586 868 2656 quod
928 2587 1100 2657 ipsam
1157 2589 1642 2647 lconomachorum
1700 2593 1932 2650 lia’resin
1996 2611 2090 2649 su-

503 2681 744 2748 peravit,
789 2690 850 2734 ut
887 2679 942 2734 in
967 2682 1302 2751 procedente
1341 2688 1594 2742 oratione
1627 2689 1804 2743 fusius
1839 2689 2079 2744 dicetur.

509 2771 604 2824 Sin
642 2786 864 2827 omnem
903 2776 1134 2830 omnino
1164 2776 1366 2832 dixerit
1401 2778 1748 2834 immutatam
1782 2782 1924 2835 servi
1971 2782 2085 2835 for-

509 2878 678 2930 mam,
709 2864 1138 2924 utlconomachi
1171 2869 1383 2944 dicunt,
1423 2873 1678 2927 inlucem
1711 2873 1992 2928 infandam
2029 2885 2085 2928 et

507 2955 814 3010 increatam
851 2967 908 3011 et
940 2957 1206 3013 deitatem
1242 2961 1477 3015 alienam
1528 2971 1590 3015 ut
1631 2961 1686 3016 in
1734 2965 2089 3018 sermonibus

485 3047 578 3098 .de
601 3047 723 3102 lucc
743 3047 970 3103 disserit
993 3051 1226 3105 vocibus
1245 3052 1523 3120 humanis,
1543 3069 1700 3111 usam
1733 3069 1856 3110 esse
1892 3057 2074 3110 lucem

511 3138 660 3192 illam
687 3140 1010 3208 gloriantem
1037 3142 1107 3196 de
1139 3157 1258 3198 sese
1289 3153 1347 3198 et
1391 3163 1408 3194 ι
1445 3145 1564 3200 Non
1596 3155 1808 3201 terrore
1843 3163 2087 3202 commo-

509 3231 714 3294 vearis,
752 3241 933 3284 tecum
965 3234 1110 3286 enim
1142 3250 1318 3298 sum,i
1357 3236 1554 3305 pignus
1571 3237 1768 3291 futurae
1793 3239 1932 3292 lucis
1951 3255 2086 3307 prae-

515 3322 738 3375 bentem
759 3363 776 3388 ,
803 3325 1162 3391 qumrcndum
1199 3334 1317 3394 est,
1349 3327 1628 3394 quomodo
1659 3337 1903 3381 creatum
1940 3329 2090 3382 abie-

515 3417 590 3470 rit
628 3415 696 3469 ad
733 3417 1038 3470 increatum
1077 3427 1132 3470 et
1175 3417 1496 3470 inchoatum
1529 3417 1594 3472 ad
1629 3433 1738 3472 non
1771 3419 2087 3472 inchoatum

515 3521 574 3567 et
611 3513 914 3582 temporale
948 3511 1015 3565 ad
1049 3527 1156 3568 non
1192 3513 1492 3581 temporale
1538 3521 1595 3568 et
1636 3512 1852 3566 ﬁnitum
1897 3515 1960 3566 ad
2005 3516 2090 3566 in-

513 3605 752 3659 ﬁnitum.
778 3605 914 3659 Nam
948 3606 1052 3660 hoc
1083 3607 1470 3674 corruptibile,
1511 3613 1570 3658 ut
1601 3606 1768 3659 divus
1793 3605 2088 3675 Apostolus

513 3697 671 3763 dicit,
709 3697 1034 3752 induturum
1067 3697 1542 3766 incorruptionem
1565 3698 1876 3752 audivimus
1907 3699 2089 3754 credi-

507 3793 806 3858 dimusquc
831 3829 848 3856 ,
875 3803 1120 3845 creatum
1151 3799 1332 3844 autem
1365 3791 1480 3844 ﬁeri
1511 3791 1818 3844 inereatum
1849 3792 1933 3845 vel
1963 3807 2089 3845 cor-

511 3899 612 3950 pus
636 3885 1026 3953 incorporeum
1053 3883 1211 3954 461
1243 3884 1488 3937 nondum
1514 3883 1582 3936 ad
1613 3883 1718 3938 hoc
1747 3899 1920 3952 usque
1949 3893 2088 3936 tem-

508 3995 612 4048 pus
662 3979 772 4032 ulla
825 3979 1038 4033 ratione
1081 3977 1310 4047 praedita
1356 3987 1611 4032 creatura
1657 3986 1752 4030 aut
1802 3976 1941 4030 dixit
1990 3985 2086 4029 aut

511 4071 717 4125 audivit
759 4085 1001 4139 unquam
1037 4079 1132 4122 aut
1170 4068 1412 4137 denique
1445 4069 1730 4138 cogitavit.
1767 4069 1960 4136 Neque
1994 4068 2080 4120 in-

509 4175 758 4219 creatum
803 4174 860 4218 et
901 4163 1179 4215 inﬁnitum
1233 4161 1344 4214 ulla
1391 4163 1606 4215 ratione
1647 4169 1742 4214 aut
1775 4161 1886 4214 ullo
1920 4159 2086 4213 modo

513 4255 712 4324 recipit
744 4255 1191 4323 qualemcunque
1225 4264 1432 4306 motum
1468 4261 1564 4304 aut
1605 4252 1974 4305 mutationem
2018 4252 2085 4304 ad

512 4347 821 4417 subjectum
847 4387 862 4410 ,
892 4359 1002 4396 non
1040 4344 1246 4397 habens
1273 4344 1550 4412 quomodo
1581 4351 1824 4396 mutetur
1854 4353 1948 4395 aut
1976 4355 2086 4410 quo

509 4447 822 4494 moveatur.
869 4436 1088 4490 Etenim
1135 4436 1364 4488 mutatio
1397 4434 1462 4487 ad
1497 4443 1748 4488 naturam
1797 4433 1997 4488 inﬁniti
2031 4443 2086 4488 et

2191 1963 2285 2014 ἐπὶ
2313 1960 2406 2013 τοῦ
2431 1957 2718 2027 Θαϐιυρίου
2745 1957 2906 2026 ὅρους
2939 1954 3362 2024 μεταμὸρφωσιν
3383 1953 3481 2005 τοῦ
3507 1947 3756 2022 Χριστοῦ,

2190 2051 2285 2104 καὶ
2315 2051 2461 2103 δυοῖν
2485 2047 2592 2100 τῶν
2621 2044 2990 2098 ἀτοπωτάτων
3011 2041 3240 2110 θάτερον
3269 2041 3492 2102 πάντως
3523 2037 3757 2103 είσάγονυ

2188 2161 2299 2204 τος,
2332 2142 2364 2212 ἣ
2395 2143 2492 2208 τῆς
2523 2139 2674 2196 θείας
2705 2137 2894 2198 οὐσίας
2923 2135 2983 2187 τὸ
3013 2134 3373 2187 ἀναλλοίωτον
3401 2127 3606 2197 δηλαδὴ
3634 2125 3757 2179 καθ-

2188 2233 2472 2302 αιροῦνῖος
2499 2231 2578 2291 εις
2612 2228 2672 2281 τὸ
2705 2229 3002 2296 ὑφειμένον
3049 2225 3144 2278 καὶ
3189 2225 3448 2293 διάφορον
3475 2220 3692 2288 ταύτης,
3721 2215 3752 2286 ἢ

2189 2323 2524 2393 διαιροῦντος
2553 2323 2610 2386 ἐξ
2640 2319 2886 2388 ἀμαθοῦς
2916 2319 3011 2370 καὶ
3041 2316 3386 2384 κακοτρόπου
3420 2313 3644 2382 γνώμης
3683 2310 3756 2370 εἰς

2187 2415 2280 2468 δύο
2313 2413 2584 2482 Θεοτήτων
2647 2409 2919 2464 ἀκτιστων
2975 2407 3392 2476 διχοτομὴματα
3451 2406 3555 2471 τὴν
3601 2401 3759 2471 μόνην

2188 2507 2445 2560 ἅκτιστόν
2479 2521 2538 2556 τε
2573 2504 2666 2557 καὶ
2692 2503 2873 2574 ἀμερῆ
2903 2502 2998 2554 καὶ
3037 2499 3240 2568 ἁπλῆν,
3287 2497 3380 2549 καὶ
3405 2496 3508 2566 τὴν
3543 2495 3638 2563 μὲν
3672 2492 3757 2543 λέ-

2189 2615 2375 2667 γοντος
2407 2597 2608 2667 ὀρατὴν
2632 2595 2793 2663 τὴνδ’
2823 2595 3074 2663 ἀόρατον,
3103 2591 3198 2643 καὶ
3232 2587 3330 2658 τὴν
3363 2588 3466 2656 μὲν
3503 2581 3758 2654 μεθεκτὴν

2187 2693 2287 2759 τὴν
2323 2690 2366 2742 δ’
2403 2689 2728 2757 ἀμέοεκτον,
2781 2685 2882 2738 καὶ
2936 2683 3036 2754 τὴν
3108 2683 3208 2751 μὲν
3265 2680 3570 2747 ὑφειμένην
3592 2676 3687 2744 τὴν
3717 2673 3756 2726 δ’

2191 2783 2597 2850 ὑπερκειμένην
2627 2799 2640 2845 ;
2674 2780 2702 2832 ὃ
2731 2779 2824 2832 καὶ
2853 2777 2949 2842 τὴν
2977 2775 3086 2827 τῶν
3115 2771 3508 2840 Είκονομάχων
3530 2767 3756 2838 ὑπερϐέ-

2191 2875 2393 2938 ϐληκεν
2419 2873 2650 2942 αἵρεσιν,
2675 2873 2750 2934 ὡς
2773 2870 3051 2942 εἰρήσεται
3071 2865 3335 2938 χωροῦντι
3359 2859 3441 2932 τῷ
3461 2863 3606 2931 λόγῳ
3634 2861 3761 2913 πλασ-

2190 2931 2433 3036 τύτέρον.
2469 2931 2528 3016 ῐξῑ
2565 2963 2609 3016 δ’
2637 2931 2701 3029 ⁷ὲξ
2733 2931 3034 3030 δλωκδλψ
3072 2931 3530 3026 ’μεταϐεϐλῆσθαι
3567 2953 3757 3020 φάσκοι

2188 3061 2286 3121 τὴν
2311 3059 2405 3111 τοῦ
2432 3057 2619 3110 δούλου
2659 3055 2900 3126 μορφὴν,
2944 3051 3064 3104 κατ’
3089 3050 3290 3108 αὐτοὺς
3319 3045 3568 3116 ἀκριϐῶς
3593 3045 3760 3097 εἰπεῖν

2193 3153 2317 3214 τοὺς
2349 3149 2770 3218 Εἱκονομᾶχους,
2829 3147 2921 3198 ἐπὶ
2954 3144 3067 3212 φῶς
3099 3141 3338 3212 ἄρρητον
3388 3156 3446 3192 τε
3485 3139 3580 3190 καὶ
3609 3135 3758 3189 ἄκτι-

2197 3263 2321 3298 στον
2347 3245 2442 3296 καὶ
2481 3241 2710 3310 Θεὸτητα
2746 3241 2928 3308 ξένην,
2969 3237 3113 3290 καθά
3142 3236 3244 3286 κάν
3276 3237 3388 3296 τοῖς
3425 3231 3560 3300 περὶ
3589 3229 3761 3296 φωτὸς

2191 3339 2410 3401 διέξεισι
2430 3335 2612 3402 λόγοις
2633 3333 2796 3388 αὑτοῦ
2829 3334 3034 3400 φωναῖς
3062 3328 3436 3397 ἀνθρωπίναις
3461 3323 3758 3394 κεχρῆσθαι

2191 3430 2250 3482 τὸ
2275 3427 2390 3493 φῶς
2422 3427 2616 3488 ἐκεῖνο,
2662 3422 3020 3494 καυχώμενον
3057 3421 3194 3494 πρὸς
3227 3419 3412 3480 αὑτὸν,
3455 3417 3572 3482 καὶ,
3613 3434 3632 3466 ‹
3669 3413 3755 3482 Μὴ

2193 3519 2382 3588 φοϐοῦ,
2427 3537 2444 3568 ι
2477 3516 2991 3586 παρακελευόμενον
3014 3531 3027 3546 ·
3077 3535 3094 3567 ι
3129 3515 3268 3584 μετά
3295 3513 3389 3566 σοῦ
3425 3515 3537 3582 γάρ
3571 3512 3703 3580 είμι,
3733 3528 3751 3558 ι

2189 3612 2284 3664 τοῦ
2323 3611 2608 3680 μέλλοντο;
2639 3608 2937 3678 ἀρραϐῶνα
2987 3607 3164 3676 φωτὸς
3222 3605 3624 3675 παρεχόμενον,
3663 3603 3758 3670 ζη-

2188 3703 2380 3774 τητέον
2409 3701 2526 3764 πῶς
2559 3701 2619 3754 τὸ
2677 3699 2898 3754 κτιστὺν
2957 3697 3421 3767 μετακεχωρηκεν
3463 3697 3528 3768 [Γ.
3583 3696 3678 3749 ειι
3706 3693 3758 3764 rt]

2194 3797 2376 3868 ἑαυτῷ
2409 3794 2544 3866 πρὸς
2593 3794 2656 3848 τὸ
2687 3795 2940 3846 ἄκτιστον
2981 3791 3076 3844 καὶ
3131 3791 3192 3842 τὸ
3231 3791 3510 3859 ἠργμένον
3545 3789 3678 3858 πρὸς
3704 3789 3760 3839 τὺ

2189 3889 2424 3958 ἄναρχον
2447 3887 2542 3938 καὶ
2581 3884 2642 3937 τὸ
2672 3883 2922 3954 χρονικδν
2948 3881 3084 3950 πρὸς
3111 3880 3172 3930 τὸ
3207 3879 3459 3948 ἄχρονον,
3495 3881 3591 3932 καὶ
3631 3878 3760 3948 πρὸς

2189 3981 2251 4031 τὸ
2281 3975 2710 4048 πεπερασμένον
2737 3974 2796 4025 τὸ
2825 3973 3073 4039 ἄπειρον.
3099 3969 3223 4022 Ὀτι
3251 3969 3349 4039 μὲν
3371 3969 3483 4038 γὰρ
3505 3969 3564 4020 τὸ
3589 3967 3756 4036 φθαρ-

2189 4072 2280 4124 τὸν
2301 4070 2457 4124 τοῦτο
2471 4067 2615 4122 κατά
2631 4065 2880 4124 τδνξθείον
2911 4061 3047 4114 ’Λπό
3061 4061 3760 4130 στολονιένδύσεταιξάφθαρ-

2194 4165 2336 4226 σίαν,
2365 4160 2682 4230 ἠκούσαμέν
2713 4177 2770 4212 τε
2821 4159 2912 4212 καὶ
2939 4159 3392 4226 πεπιστεύκαμεν
3416 4175 3430 4188 ·
3462 4159 3523 4210 τὸ
3553 4157 3610 4211 δὲ
3645 4171 3758 4208 κτι-

2188 4255 2314 4308 στὺν
2340 4251 2594 4320 γενέσθαι
2627 4251 2884 4304 ἇκτιστον
2933 4252 2967 4320 ἢ
3007 4253 3068 4304 τὸ
3101 4253 3261 4320 σῶμα
3293 4251 3591 4319 ἀσώματον
3615 4247 3757 4299 οὒπω

2189 4349 2246 4408 ἐς
2269 4343 2426 4412 δεῦρο
2454 4340 2582 4394 οὔτε
2641 4360 2696 4394 τι
2753 4343 2862 4395 τῶν
2897 4343 3135 4412 λογικῶν
3188 4343 3344 4406 ζώων
3398 4341 3624 4411 εἴρηκεν
3651 4337 3756 4392 οὔτ’

2194 4439 2434 4505 ἀκήκοεν
2487 4435 2643 4488 οὐδὲν
2698 4435 2934 4505 οὐδαμῆ,
2971 4435 3093 4488 οὔτε
3149 4435 3404 4501 καθάπαξ
3451 4439 3628 4488 εἰπεῖν
3655 4433 3755 4484 τῶν

516 4531 584 4585 ad
621 4541 826 4584 motum
859 4542 966 4582 non
1003 4527 1132 4579 facti
1165 4535 1260 4578 aut
1287 4527 1521 4580 variatio
1554 4534 1649 4580 aut
1678 4525 1968 4580 distractio
2001 4543 2085 4580 es-

2194 4529 2452 4583 ἁπάντων
2467 4527 2784 4595 κτισμάτων
2807 4527 2960 4579 οὐδὲν
2986 4527 3198 4596 οὐδαμῆ
3223 4545 3310 4580 πω
3327 4527 3600 4598 νενόηκεν.
3623 4523 3754 4578 Οὔτε

509 4631 626 4686 set,
655 4619 801 4688 quod
839 4620 954 4670 ﬁeri
987 4633 1096 4669 non
1129 4627 1312 4686 potest
1342 4636 1355 4671 :
1391 4619 1572 4672 omnis
1602 4619 1748 4673 enim
1773 4659 1787 4684 ,
1817 4621 1894 4672 ait
1928 4619 2089 4673 divus

515 4713 786 4768 Maximus
809 4750 823 4774 ,
857 4709 1079 4779 propria
1117 4709 1330 4762 ratione
1371 4719 1564 4764 natura
1603 4711 1770 4765 habet
1800 4711 2092 4780 perfectio-

516 4819 646 4858 nem
676 4813 732 4856 et
761 4799 1070 4870 spiritualis
1101 4811 1157 4854 et
1193 4801 1499 4870 corporalis
1519 4843 1532 4866 ,
1563 4802 1679 4856 sive
1707 4803 1940 4872 simplex
1972 4803 2090 4858 sive

513 4896 836 4967 composita.
856 4895 1102 4960 Quorum
1121 4897 1266 4947 enim
1286 4911 1464 4951 causae
1478 4896 1621 4966 apud
1641 4897 1810 4950 Deum
1826 4911 2090 4952 cumesse

513 4989 679 5044 etlam
699 4987 1038 5057 perfectione
1057 4997 1411 5054 receperunt,
1429 5003 1620 5042 eorum
1647 4987 1884 5056 propriis
1906 4985 2088 5040 causis

515 5081 818 5136 declinatio
865 5091 922 5135 et
975 5079 1524 5136 transsubstantiatio
1574 5079 1942 5146 adjectionem
1993 5085 2089 5130 aut

516 5173 884 5230 amissionem
921 5174 988 5228 ad
1021 5189 1146 5228 esse
1179 5182 1456 5242 quatenus
1483 5171 1725 5225 essentia
1759 5169 2090 5237 contingunt

513 5283 628 5322 non
657 5267 979 5321 admittunt.
1009 5267 1102 5322 Sin
1133 5283 1262 5320 vero
1293 5265 1526 5320 variatio
1548 5262 1800 5332 quaedam
1829 5261 1908 5321 ﬁt,
1936 5268 2086 5315 certe

511 5375 624 5414 non
649 5359 716 5414 ad
745 5359 1086 5422 naturain-sed
1113 5358 1180 5412 ad
1209 5356 1490 5412 varianda
1517 5355 1596 5409 rei
1631 5353 2078 5418 mutatationem,

513 5452 658 5505 ratio
685 5452 833 5505 enim
861 5459 1067 5504 mutata
1093 5445 1378 5502 interitum
1429 5448 1614 5501 statim
1644 5456 1854 5498 natura:
1905 5445 2083 5508 aﬁ‘erl,

519 5542 750 5593 mutatio
779 5555 901 5608 quae
927 5538 1178 5606 sequitur
1206 5535 1451 5589 miriﬁca:
1477 5533 1700 5588 virtutis
1727 5533 1966 5602 speciem
1995 5534 2088 5586 ha-

515 5630 628 5682 bet.
658 5628 892 5700 Egyptii
939 5629 1044 5682 Nili
1091 5641 1232 5694 aqua
1291 5637 1572 5692 aspectum
1613 5633 1668 5678 et
1701 5631 1918 5694 gustum
1956 5623 2086 5676 olim

517 5722 770 5784 mutavit,
793 5732 850 5774 et
889 5721 1097 5774 variata
1131 5727 1214 5772 est
1250 5719 1304 5770 in
1335 5715 1616 5784 sanguinis
1650 5717 1890 5771 colorem
1923 5725 1980 5770 et
2011 5716 2088 5769 fa-

523 5813 748 5864 stidit-tn
775 5853 786 5876 ,
815 5813 1080 5883 liquidam
1111 5823 1166 5866 et
1190 5811 1408 5864 ﬂuidam
1441 5819 1693 5863 naturam
1723 5807 1947 5863 minimc
1978 5807 2089 5862 dis-

2198 4621 2306 4691 μὴν
2333 4619 2443 4670 οὐδ’
2473 4616 2540 4670 αὖ
2569 4619 2628 4669 τὸ
2674 4620 2930 4672 ἄκτιττόν
2983 4635 3040 4670 τε
3101 4620 3194 4671 καὶ
3227 4621 3452 4689 ἄπειρον
3483 4618 3606 4670 οὔτε
3635 4615 3754 4669 κατ’

2191 4713 2382 4765 οὐδένα
2423 4711 2578 4778 λὸγον
2633 4711 2755 4762 οὔτε
2813 4710 2932 4763 κατ’
2963 4711 3152 4763 οὐδένα
3201 4713 3404 4779 τρόπον
3455 4711 3752 4781 ἐπιδέχεται

2191 4805 2292 4874 τὴν
2319 4803 2639 4869 οἱανδήποτε
2664 4801 2884 4868 κίνησιν
2907 4802 2999 4853 καὶ¹
3025 4802 3231 4874 τροπὴν
3258 4806 3338 4866 εἰς
3365 4805 3424 4856 τὸ
3449 4805 3748 4873 ὑφειμένον,

2191 4897 2292 4947 οὐκ
2332 4895 2454 4962 ἕχον
2483 4892 2597 4945 οὔθ’
2623 4893 2768 4954 ὅπως
2803 4897 3144 4963 τραπήσεται
3175 4894 3289 4946 οὔθ’
3319 4899 3453 4949 ὅπου
3481 4897 3752 4965 κινηθήσε-

2193 5000 2318 5038 ται·
2355 4983 2532 5054 τροπὴ
2563 4983 2670 5054 γὰρ
2705 4983 2798 5036 τοῦ
2831 4989 2974 5038 κατὰ
3012 4986 3172 5053 φύσιν
3200 4989 3454 5057 ἀπείρου,
3497 4986 3748 5040 κινεῖσθαι

2199 5079 2272 5146 μὴ
2307 5078 2638 5145 πεφυκότος,
2759 5079 2828 5146 τί
2855 5077 3142 5140 ἀλλοίωσις
3165 5079 3256 5132 καὶ
3279 5081 3542 5150 διαίρεσις
3570 5081 3649 5148 εἴη
3672 5081 3746 5143 iv,

2193 5171 2333 5238 ὅπερ
2369 5169 2632 5222 ἀδύνατον
2652 5185 2663 5198 ·
2704 5171 2854 5221 πᾶσα
2874 5171 3003 5240 γὰρ,
3031 5171 3058 5222 ὀ
3103 5171 3244 5231 θεῖος
3273 5171 3442 5241 ἔφησε
3489 5173 3747 5239 Μάξιμος.

2193 5261 2356 5328 φύσις
2388 5259 2464 5330 τῷ
2491 5260 2679 5330 οἰκείῳ
2710 5259 2854 5330 λόγῳ
2883 5259 2969 5313 διὰ
3021 5259 3223 5322 παντὸς
3277 5263 3393 5332 ἔχει
3435 5265 3494 5316 τὸ
3529 5265 3743 5326 τέλειον,

2192 5355 2357 5422 νοητή
2389 5371 2446 5405 τε
2481 5355 2576 5408 καὶ
2605 5351 2862 5421 αἰσθητὴ,
2919 5353 3016 5404 εἶτ’
3053 5354 3146 5407 οὖν
3179 5356 3326 5428 ἁπλῆ
3365 5375 3423 5411 τε
3459 5359 3551 5411 καὶ
3576 5355 3747 5410 σύνθε-

2193 5459 2284 5504 τος
2310 5461 2324 5476 ο
2360 5437 2434 5496 ὧν
2468 5445 2576 5513 γὰρ
2603 5445 2654 5495 οἱ
2681 5443 2829 5509 λόγοι
2887 5444 3036 5513 παρὰ
3083 5445 3161 5514 τῷ
3199 5447 3318 5516 Θεῷ
3351 5451 3466 5516 ἅμα
3500 5449 3572 5518 τῷ
3618 5443 3744 5500 εἶναι

2194 5535 2258 5586 τὸ
2290 5535 2494 5586 τέλειον
2529 5535 2704 5604 ἔσχον,
2733 5535 2940 5588 τούτων
2973 5539 3004 5604 ἡ
3036 5539 3182 5592 κατά
3211 5542 3337 5603 τοὺς
3386 5545 3616 5603 οἰκείους
3661 5541 3742 5594 λό-

2193 5641 2323 5692 γους
2351 5627 2658 5695 παραγωγὴ
2689 5631 2783 5679 καὶ
2817 5629 3074 5690 obsitum;
3115 5633 3438 5704 προσθήκης
3461 5635 3636 5703 πάσης
3659 5634 3741 5685 καὶ

2197 5717 2485 5784 ἐλλείψεως
2547 5719 2648 5786 τῆς
2687 5720 2824 5788 πρὸς
2855 5721 2913 5772 τι
2947 5717 3106 5786 εἶναι,
3141 5719 3282 5795 ᾗπερ
3313 5727 3440 5778 ὄντα
3476 5727 3737 5795 τυγχάνει.

2199 5809 2474 5872 παντελῶς
2503 5811 2652 5864 ἐστιν
2681 5815 3047 5876 ἀνεπὶ-Ξεκτνιε.
3081 5817 3136 5868 ΕΞ
3159 5818 3212 5870 ᾶέ
3245 5819 3344 5872 πού
3373 5837 3452 5884 τις
3481 5821 3738 5876 ἀλλοίωσις
