4134 6286
318 414 430 478 4Ί9

1247 421 1689 483 ΒΥΖΑΝΤίΝίΕ
1736 424 2120 484 lllSTOliI/E
2159 422 2308 483 LlB.
2352 418 2620 481 XXXIV.

3480 411 3588 478 410

319 531 536 601 γένοιτό
592 547 689 601 πη,
746 533 806 584 οὐ
845 533 1026 603 μέντοι
1068 536 1194 605 περὶ
1226 539 1316 589 τον
1372 537 1472 602 τῆς
1501 537 1738 604 φύσεως,
1765 537 1900 590 ἀλλὰ

2022 535 2325 591 simulavit.
2370 533 2548 604 Atque
2597 531 2932 603 Babylonius
2963 529 3056 584 ille
3094 528 3343 582 caniinus
3380 535 3586 583 sanctis

319 624 454 693 περὶ
477 623 572 676 τὸν
603 619 696 693 τοῦ
735 621 1121 690 ἀλλοιουμένου
1167 624 1377 690 γίνεται
1412 625 1743 693 πράγματος
1775 627 1904 695 τρό-

318 733 448 768 πον.
519 716 579 769 ⁸0
642 713 742 784 μὲν
798 715 908 782 γάρ
951 717 1108 782 λόγος
1171 719 1652 788 μεθαρμοζόμενος
1692 719 1903 789 φθορὰν

319 805 524 859 αὐτίκα
553 803 782 874 παρέχει
815 808 880 875 τῇ
911 806 1094 872 φύσει.
1130 809 1158 860 ὁ
1189 807 1247 860 δὲ
1277 807 1478 870 τρόπος
1516 808 1663 860 τοῦθ’
1692 807 1901 875 ὑπομέ-

319 913 430 946 νων
461 894 866 962 θαυματοποιοῦ
897 897 1180 963 δυνάμεως
1218 897 1448 963 ἔνδειξιν
1471 898 1587 967 ἔχει
1613 915 1627 929 ο
1655 899 1748 951 τοῦ
1789 902 1900 968 γὰρ

317 989 623 1051 Αἰγυπτίου
658 988 852 1040 Νείλου
897 989 956 1040 τὸ
984 988 1130 1058 ὕδωρ
1158 988 1282 1055 ὄψιν
1317 989 1414 1056 μὲν
1451 990 1548 1041 καὶ
1578 989 1766 1057 γεῦσιν
1792 992 1901 1044 πά-

317 1078 347 1129 λ
374 1097 411 1130 νι
467 1081 974 1150 μεταμεμόρφωται
1027 1080 1124 1133 καὶ
1168 1080 1458 1149 ἠλλοίωται
1491 1083 1631 1150 πρὸς
1669 1085 1903 1152 αἵματος

318 1173 521 1242 χρῶμα
553 1177 644 1228 καὶ
669 1176 886 1246 ἀηδίαν.
910 1176 1010 1246 τήν
1039 1192 1100 1244 γε
1135 1175 1243 1244 μὴν
1272 1176 1448 1246 ὑγράν
1469 1193 1530 1229 τε
1547 1179 1642 1231 καὶ
1668 1179 1898 1250 ῥέουσαν

2009 629 2201 700 pueris
2240 628 2354 682 vim
2397 642 2554 682 suam
2602 625 2984 679 vehementem
3028 620 3377 682 immntavit,
3415 619 3580 690 462

2006 720 2268 790 quoniam
2306 722 2485 775 virtus
2524 732 2637 772 non
2667 715 2829 771 facile
2863 714 3126 769 damnum
3159 713 3407 781 recipere
3453 727 3583 781 pos-

2004 814 2098 868 sit.
2129 812 2450 882 Proprietas
2481 810 2624 866 lucis
2655 819 2712 864 et
2747 808 2891 880 ignis
2934 816 2991 862 et
3044 815 3262 860 naturae
3311 805 3398 857 vis
3441 817 3584 872 prte-

2003 904 2214 958 cellens
2249 911 2455 956 mutata
2489 917 2600 955 non
2631 910 2739 955 est.
2788 899 2925 954 Nam
2971 895 3290 967 Babyloniis
3334 894 3386 948 id
3435 892 3586 962 quod

2003 996 2309 1050 secundum
2355 1005 2608 1049 naturam
2657 993 2775 1047 urit
2823 990 3110 1055 ostendit,
3157 988 3367 1058 quippe
3417 986 3511 1055 qui
3556 1000 3588 1040 a

1998 1097 2191 1142 natura
2216 1087 2282 1141 ad
2311 1086 2620 1141 sensualem
2651 1082 3065 1153 conceptionem
3093 1079 3224 1136 facti
3250 1085 3436 1134 essent
3462 1091 3589 1148 pro-

2007 1193 2136 1253 pter
2163 1183 2457 1253 pravitatis
2486 1183 2800 1237 materiam.

317 1263 520 1330 ἣκιστα
577 1266 812 1335 ἤρνηται
869 1269 1066 1336 φύσιν*
1127 1269 1278 1339 καὶὴ
1314 1267 1660 1332 Βαϐυλώνιος
1711 1268 1899 1341 ἐκείνη
1937 1273 2171 1342 κάμινος
2201 1275 2316 1339 τοῖς
2347 1274 2459 1344 ’μὲν
2488 1272 2660 1335 ὁσίοις
2718 1270 2878 1324 παισὶ
2915 1270 3017 1340 τὴν
3074 1266 3421 1337 ἀναλωτικὴν
3449 1264 3588 1336 μεθ-

320 1359 596 1424 ήρμοσται
631 1360 880 1428 δύναμιν,
909 1361 1009 1414 οὐκ
1059 1363 1291 1434 ἐχούσης
1355 1363 1458 1433 τῆς
1489 1365 1692 1436 ἀρετῆς
1761 1363 1971 1437 φθορὰν
2009 1369 2365 1439 ἀναδέχεσθαι
2400 1371 2576 1440 ῥᾷστα
2599 1368 2697 1421 καὶ
2725 1365 3003 1430 ὁπωσοῦν,
3032 1364 3095 1417 τὸ
3121 1364 3302 1434 μέντοι
3327 1361 3589 1429 φωτεινόν

317 1467 382 1502 τε
421 1452 517 1504 καὶ
553 1453 796 1522 πυρῶδες
837 1449 968 1524 ἦθος
999 1456 1094 1511 καὶ
1129 1461 1189 1510 τὸ
1221 1458 1322 1527 τῆς
1353 1457 1572 1528 φύσεως
1618 1462 1903 1532 ἀνωφερὲς
1941 1462 2002 1515 οὐ
2040 1463 2396 1534 μεθήρμοστο
2419 1479 2433 1494 ·
2490 1464 2604 1524 τοίς
2641 1463 2753 1530 γὰρ
2806 1458 3169 1520 Βαϐυλωνίοις
3209 1458 3271 1510 τδ
3305 1455 3446 1510 κατά
3483 1455 3588 1523 φύ·’

322 1560 414 1594 σιν
439 1542 606 1608 ἔδειξε
653 1545 968 1612 καυστικδν,
1007 1548 1168 1615 φύσει
1217 1549 1489 1612 δεκτικοῖς
1522 1551 1772 1618 γεγονόσι
1806 1552 1896 1605 διὰ
1927 1553 1985 1605 τὸ
2017 1554 2118 1622 τῆς
2152 1553 2355 1614 κακίας
2383 1551 2608 1613 ὑλῶδες.

399 1637 499 1690 ιῐν.
532 1639 640 1691 Καὶ
665 1637 752 1691 ἵνα
784 1639 923 1692 κατὰ
953 1641 1105 1709 ῥῆμα
1131 1640 1199 1693 τὰ
1237 1641 1347 1694 τῶν
1385 1643 1777 1713 Εἰκονομάχων
1819 1645 1903 1707 είς

322 1726 496 1795 μέσον
534 1730 982 1797 προενεγκόντες.
1009 1732 1238 1792 καὶτοῖς
1271 1730 1368 1782 τοῦ
1403 1731 1639 1801 Παλαμᾶ
1667 1733 1902 1803 παρεξε-

2078 1644 2222 1699 ΧΙΙΙ.
2263 1645 2444 1713 Atque
2490 1651 2552 1698 ut
2594 1641 3090 1697 lconomaehorum
3139 1641 3304 1696 dictis
3345 1640 3412 1694 ad
3462 1655 3590 1694 ver-

2007 1737 2139 1791 bum
2173 1737 2230 1792 in
2262 1735 2505 1790 medium
2538 1737 2770 1804 prolatis
2804 1743 2862 1788 et
2905 1750 3030 1789 cum
3081 1733 3308 1788 Palama
3357 1747 3589 1801 compa-

315 1822 612 1880 τὲσσιντες,
643 1819 905 1888 δείξωμεν
957 1821 1032 1882 ὡς
1063 1823 1118 1883 ἐς
1148 1822 1207 1872 τὸ
1263 1821 1408 1874 πάνυ
1444 1839 1498 1874 τι
1550 1823 1779 1893 ἀκριϐὲς
1805 1825 1899 1877 καὶ

2014 1830 2145 1883 ratis
2174 1829 2534 1882 ostendamus
2561 1843 2687 1882 eum
2723 1828 2886 1897 plane
2919 1843 3043 1882 cum
3080 1828 3160 1880 eis
3195 1831 3547 1880 consensisse
3569 1863 3584 1888 ,

320 1913 512 1973 αὐτοῖς
543 1917 946 1981 συμπεφώνηκε
982 1913 1104 1982 μὲν,
1144 1914 1433 1984 παρήλασε
1460 1919 1506 1970 δ’
1536 1913 1652 1981 οὖν,
1679 1918 1740 1970 τὸ
1774 1919 1906 1988 παρ’

323 2002 525 2056 ἑαυτοῦ
573 2003 970 2074 συγκεκραγὼς
993 2043 1007 2067 .
1045 2006 1118 2067 ὡς
1149 2007 1364 2069 εἴωθεν,
1407 2009 1500 2062 ἐπὶ
1529 2011 1599 2062 τὰ
1647 2011 1905 2078 αἴσχιστα

326 2094 480 2162 μέιλσ⁸
515 2095 817 2164 φιλότιμον,
845 2094 1072 2148 ἀκούετε
1122 2095 1210 2166 δή.
1237 2097 1394 2151 Μετά
1427 2099 1538 2169 γὰρ
1572 2100 1772 2160 πολλὰς
1807 2103 1908 2152 κᾶ-

325 2189 495 2239 κεῖνοι
517 2187 612 2249 τάς
628 2187 791 2250 ἄλλας
821 2187 999 2242 αὐτῶν
1018 2188 1378 2260 βλασφημίας
1395 2193 1487 2244 καὶ
1515 2192 1639 2246 τάδε
1668 2193 1906 2262 βεϐλασο

330 2280 682 2349 φημήκεσαν.
721 2281 810 2333 Ἐν
875 2282 1185 2352 ἀνθρώποις
1235 2283 1337 2348 ἔτι,
1371 2290 1528 2353 φασὶ,
1567 2285 1830 2354 βιοτεύων
1880 2290 1908 2339 ὁ

332 2371 464 2436 Θεδς
515 2373 706 2440 Λόγος,
764 2375 876 2433 τοῖς
931 2375 1209 2445 ὲκκρίτοις
1256 2376 1366 2429 τῶν
1396 2376 1590 2429 ἑαυτοῦ
1648 2378 1757 2446 μαθ
1801 2379 1908 2431 τῶν

329 2463 953 2535 προαρραὸωνιζόμενος
981 2468 1080 2536 τὴν
1109 2467 1240 2520 θέαν
1271 2467 1372 2536 τῆς
1405 2468 1574 2520 αὑτοῦ
1603 2469 1906 2538 βασιλείας,

329 2557 654 2624 μεταϐαλὼν
687 2557 784 2627 τὴν
811 2557 906 2611 τοῦ
961 2559 1149 2612 δούλου
1207 2561 1428 2630 μορφὴν
1481 2562 1574 2614 ἐπὶ
1604 2562 1698 2615 τοῦ
1722 2564 1907 2634 ὅρους,

326 2649 474 2718 ὑπὲρ
510 2649 608 2716 τὴν
636 2650 980 2719 ἀνθρωπείαν
1011 2651 1173 2720 φύσιν
1229 2653 1621 2716 ἐπδέδεικται,
1663 2653 1806 2706 ὥστε
1846 2655 1910 2707 τὸ

329 2741 434 2807 μὲν
471 2745 762 2811 πρόσωπον
795 2743 962 2796 αὑτοῦ
992 2743 1354 2814 ἀπήστραψεν
1376 2745 1452 2808 ὡς
1481 2746 1508 2797 ὁ
1540 2744 1715 2815 ἥλιος,
1757 2748 1824 2800 τὰ
1853 2747 1908 2800 δὲ

328 2834 526 2905 ἱμάτια
557 2834 722 2888 αὐτοῦ
749 2835 822 2897 ὡς
856 2837 915 2888 τὸ
950 2835 1084 2903 φῶς.
1118 2835 1182 2906 [f.
1217 2837 1315 2890 2H
1361 2837 1416 2908 ὁ]
1457 2839 1518 2890 Et
1543 2839 1600 2891 δὲ
1631 2835 1752 2890 ίότε
1782 2843 1814 2910 ἡ
1852 2841 1910 2892 ἐν

328 2929 499 2998 σαρκὶ
529 2928 693 2982 αὑτοῦ
727 2929 907 2997 μορφὴ
939 2927 1211 2998 τοσαύτης
1255 2927 1416 2999 ἔλαχε
1459 2931 1746 2997 δυνάμεως
1776 2933 1912 3000 πρὸς

323 3023 433 3088 τῆς
459 3018 776 3090 ἐνοικούσης
806 3021 862 3071 ὲν
911 3020 1048 3089 αὐτῇ
1078 3017 1332 3090 θεότητος
1380 3020 1804 3092 μεταϐληθεῖσα,
1857 3022 1911 3073 τί

325 3113 441 3182 χρὴ
463 3112 646 3178 λέγειν
681 3112 819 3181 μετά
839 3112 935 3182 τὴν
961 3114 1260 3166 ἀνάστασιν
1294 3116 1386 3164 καὶ
1418 3113 1518 3183 τὴν
1539 3115 1617 3175 είς
1645 3115 1913 3185 οὐρανοὺς

2010 1922 2121 1977 imo
2145 1935 2240 1976 eos
2263 1936 2578 1990 superaSSe,
2603 1919 2928 1984 commistis,
2958 1927 3017 1973 ut
3041 1919 3274 1982 solebat,
3301 1932 3427 1971 cum
3467 1925 3589 1969 tur-

2008 2017 2254 2087 pissimis
2284 2016 2537 2070 honestis
2559 2057 2574 2079 ,
2605 2016 2716 2084 jam
2749 2013 2992 2068 audiatis
3025 2011 3216 2066 velim.
3267 2009 3396 2065 Post
3437 2010 3585 2064 enim

2009 2108 2210 2162 multas
2288 2107 2368 2160 illi
2445 2105 2817 2175 blaSphemias
2875 2104 2976 2158 has
3040 2117 3260 2172 quoque
3329 2100 3593 2171 promte-

2010 2208 2139 2254 runt
2161 2216 2173 2252 :
2193 2198 2342 2252 lnter
2364 2198 2640 2261 homines,
2662 2197 2941 2264 inquiunt,
2963 2210 3087 2250 cum
3110 2193 3321 2248 viveret
3340 2193 3592 2247 divinum

2011 2286 2691 2356 Verbum,discipulorum
2723 2285 2918 2340 electis
2948 2285 3473 2353 contemplationem
3507 2297 3595 2336 re—

2009 2379 2099 2447 gni
2128 2377 2223 2432 sui"
2249 2387 2670 2448 antecepturus,
2718 2386 2923 2431 mutata
2957 2375 3099 2431 servi
3126 2375 3300 2430 forma
3326 2375 3379 2427 in
3405 2385 3592 2429 monte

2009 2486 2176 2540 supra
2226 2471 2515 2524 hominum
2565 2479 2824 2524 naturam
2880 2469 3139 2540 apparuit
3195 2468 3270 2522 ita
3312 2477 3372 2521 ut.
3422 2466 3591 2521 facies

2011 2565 2130 2633 ejus
2151 2564 2619 2618 lucememitteret
2636 2574 2696 2618 ut
2716 2565 2822 2629 sol,
2843 2573 3028 2617 vestes
3052 2573 3237 2618 autem
3254 2563 3373 2627 ejus
3394 2568 3454 2615 ut
3472 2561 3586 2614 lux.

2016 2655 2070 2708 Si
2106 2669 2236 2709 vero
2267 2666 2380 2710 tum
2429 2671 2632 2710 carnea
2659 2655 2782 2725 ejus
2811 2654 2984 2710 forma
3015 2661 3224 2708 tantum
3275 2652 3384 2705 vim
3430 2660 3592 2705 nacta

2015 2757 2155 2810 erat,
2179 2749 2384 2818 quippe
2409 2749 2700 2802 immutata
2723 2749 2778 2802 in
2804 2763 2924 2801 eam
2952 2762 3076 2816 quze
3101 2749 3278 2800 inerat
3303 2745 3592 2808 deitatem,

2014 2841 2146 2909 quid
2180 2856 2321 2910 opus
2355 2849 2442 2895 est
2471 2841 2659 2894 dicere
2688 2840 2754 2894 ad
2789 2839 3256 2894 resurrectionem
3289 2846 3344 2889 et
3378 2839 3433 2890 in
3482 2850 3595 2891 cte-

2013 2932 2096 2985 lns
2113 2933 2498 2988 ascensionem
2530 2941 2586 2985 et
2616 2931 2682 2985 ad
2715 2932 3003 2984 dexteram
3035 2927 3211 2982 Patris
3243 2929 3547 2982 sessionem
3575 2967 3593 2992 ,

2015 3025 2162 3093 quod
2194 3027 2422 3080 omnino
2454 3026 2635 3079 omnis
2663 3033 2747 3077 est
2779 3023 3068 3076 immutata
3097 3021 3154 3074 in
3185 3021 3375 3074 lucem
3410 3017 3593 3072 infan-

2018 3117 2142 3172 dam
2173 3127 2229 3172 et
2272 3115 2760 3186 inexplicabilem?
2797 3129 2920 3168 nam
2955 3120 3264 3182 permutata
3295 3119 3381 3166 est
3411 3120 3465 3166 et
3495 3111 3600 3165 im-

327 3207 521 3261 ἇνοδον
555 3207 649 3258 καὶ
679 3207 775 3275 τὴν
803 3209 867 3258 ὲκ
894 3206 1086 3270 δεξιῶν
1121 3207 1215 3258 τοῦ
1246 3207 1458 3276 flat:pr
1489 3208 1720 3277 ἵδρυσιν,
1754 3209 1834 3263 ὅτ’
1861 3207 1912 3273 ἐξ

2029 3210 2381 3264 mortalitatis
2416 3210 2590 3279 gloria
2610 3217 2824 3273 ornata,
2871 3218 2927 3261 et
2979 3206 3120 3261 facta
3167 3215 3253 3260 est
3288 3203 3596 3260 increatum

326 3299 471 3351 ὅλων
505 3300 598 3367 ὅλη
636 3299 1034 3368 μεταϐέϐληται
1066 3300 1157 3351 ἐπὶ
1190 3299 1304 3367 φῶς
1347 3299 1584 3368 ἄρρητον
1626 3301 1719 3353 καὶ
1749 3301 1913 3353 ἀνεκ-

2021 3310 2078 3355 et
2107 3301 2556 3370 iltcorruptibile.

331 3397 629 3465 διήγητον;
694 3396 1196 3464 μεταμεμὸρνςωται
1251 3395 1382 3464 γὰρ,
1435 3397 1527 3447 καὶ
1577 3395 2035 3464 ἀπηθανάτισται,
2067 3398 2162 3449 καὶ
2194 3396 2449 3450 ἄκτιστον
2473 3396 2664 3464 γέγονε
2697 3394 2791 3449 καὶ
2824 3395 3123 3462 ἄφθαρτον.

407 3490 504 3544 1Δ’.
560 3489 860 3555 Ἀκηκόιιτε
891 3489 988 3556 τὴν
1013 3487 1107 3539 ἐπὶ
1129 3486 1286 3553 κακῷ
1330 3489 1633 3559 συμφωνὴν
1667 3490 1760 3542 τοῦ
1797 3491 1910 3542 [Ια-

326 3586 486 3651 λαμᾶ
516 3583 644 3650 περί
679 3598 737 3634 τε
791 3579 885 3633 τοῦ
917 3582 974 3632 ὲν
1007 3580 1276 3649 Θαϐωρίῳ
1330 3581 1528 3648 φωτὸς,
1556 3582 1636 3632 ὅτι
1664 3599 1908 3650 μεταμσο

330 3677 625 3745 μόρφωται
684 3675 819 3743 πρὸς
847 3672 906 3724 τὸ
943 3673 1199 3725 ᾶκτιστον
1232 3673 1295 3722 ὲκ
1328 3673 1418 3723 τοῦ
1457 3673 1781 3739 κτίσματος,
1815 3674 1910 3727 καὶ

324 3771 415 3820 ὅτι
443 3766 705 3837 ἀρραϐὼν
732 3763 826 3816 τοῦ
859 3763 1146 3832 μέλλοντος
1179 3763 1379 3814 οὑτωσί¹
1409 3763 1590 3830 φωτὸς
1640 3763 1906 3828 ἐγεγόνει.

326 3855 558 3925 Γνοίητε
593 3853 637 3906 δ’
671 3853 734 3906 ἂν
765 3851 1162 3922 ἀκριϐέστερον
1219 3852 1314 3904 καί
1339 3852 1461 3904 ὅσον
1489 3852 1548 3903 τὸ
1576 3853 1674 3920 τῆς
1711 3853 1910 3916 κακίας

323 3947 565 4016 ταυτησὶ
616 3944 866 4014 μέγεθος,
934 3943 1157 3996 ἐπειδᾶν
1213 3941 1310 3994 καὶ
1374 3943 1502 4004 τοὺς
1552 3941 1676 3995 κατ’
1743 3942 1913 4011 αὐτῆς

326 4039 592 4109 ἐλέγχους
627 4039 718 4106 ὑφ’
767 4038 924 4107 ἡμῶν
982 4034 1306 4098 ἐκτεθέντας
1363 4034 1655 4103 ἀκούσητε,
1695 4035 1916 4094 ὁποίους

325 4135 430 4188 καὶ
454 4137 609 4194 ὅσους
645 4134 693 4184 οί
721 4131 841 4184 τότε
900 4133 1054 4198 σοφοὶ
1117 4129 1218 4197 τῆς
1245 4127 1340 4180 τοῦ
1384 4127 1522 4180 Θεοῦ
1583 4127 1914 4194 Ἐκκλησίας

325 4228 662 4297 προστάται,
698 4226 877 4292 λόγοις
917 4225 1034 4293 ἅμα
1068 4223 1164 4274 καὶ
1206 4221 1386 4291 ἔργοις
1422 4220 1752 4292 ὲρῤωμένως
1789 4220 1913 4288 ἐνη-

326 4323 622 4390 θληκότες,
653 4317 1063 4388 συνεγράψαντὸ
1102 4333 1160 4370 τε
1194 4318 1286 4369 καὶ
1319 4317 1450 4384 ἡμῖν
1478 4316 1592 4376 τοῖς
1630 4313 1746 4380 μετ’
1771 4313 1915 4365 ὲκεί-

327 4434 460 4477 νους
499 4413 634 4467 ἰοῦσι
662 4411 977 4481 συμμαχίας
1029 4409 1582 4480 προεμνηστεύσαντο
1611 4413 1912 4480 κρατίστης

327 4509 659 4578 ὑπόμνημα.
687 4504 996 4574 Προῄδεσαν
1026 4503 1133 4573 γὰρ
1163 4505 1383 4565 ἐκεῖνοι,
1413 4502 1491 4571 τῷ
1524 4503 1652 4572 θείῳ
1680 4503 1911 4570 φωτιζό-

335 4620 495 4674 μενοι
550 4601 851 4670 Πνεύματι,
892 4600 990 4666 τὴν
1044 4600 1099 4650 ὲν
1139 4597 1213 4666 τῷ
1268 4599 1411 4650 τέλει
1438 4597 1546 4650 τῶν
1573 4599 1785 4650 αἰώνων
1813 4597 1913 4666 τῆς
1946 4587 1990 4645 Ῑ)

327 4693 725 4762 εἰκονομαχίας
782 4692 1081 4744 ἀναϐίωσιν
1130 4691 1380 4760 ταυτηνὶ,
1409 4691 1475 4759 ἣν
1509 4689 1773 4760 Παλαμᾶς
1817 4692 1917 4760 μὲν

327 4791 568 4858 ὠδίνησέ
602 4805 661 4840 τε
705 4786 800 4838 καὶ
857 4785 1066 4843 ἔτεκεν,
1108 4782 1252 4833 αἰδὲ
1281 4781 1586 4851 τηνικαῦτα
1627 4782 1918 4851 ἡγεμονίαι

327 4883 436 4939 καὶ
475 4881 713 4946 ἐξουσίαι
741 4878 832 4931 τοῦ
872 4877 1140 4946 παρόντος
1192 4875 1386 4937 αἰῶνος
1421 4876 1519 4927 καὶ
1571 4876 1795 4937 σκότους
1827 4876 1918 4929 ἐπὶ

327 4975 564 5044 πονήρῳ
593 4973 700 5023 τῶν
755 4970 998 5038 πατρίων
1033 4967 1318 5035 δογμάτων
1355 4967 1451 5034 τῆς
1487 4965 1578 5017 τοῦ
1610 4967 1744 5018 Θεοῦ
1797 4968 1916 5019 Ἐκ-

324 5069 569 5137 κίπισίσς
636 5063 986 5132 ἁνειληφυῖαι
1045 5059 1232 5118 κακῶς
1291 5057 1653 5126 ὲμαιεύσλντό
1710 5075 1767 5111 τε
1823 5059 1920 5112 καὶ

325 5159 658 5227 ἐξέθρεψεν.
704 5151 804 5207 Ἦν
847 5150 927 5217 εἷς
991 5150 1323 5223 προδληθεὶς
1375 5149 1470 5202 ἐπὶ
1522 5149 1616 5202 τοῦ
1650 5148 1918 5218 παρόντος

324 5253 567 5322 ἀρκέσει
596 5250 900 5320 κάμνοντας
929 5247 1074 5316 ἡμᾶς
1094 5243 1432 5314 ἀναρρῶσαι,
1456 5241 1552 5294 κα)⁸
1573 5241 1689 5311 ἅμα
1717 5240 1920 5302 ἱκανῶς

324 5351 397 5401 ἐν
433 5345 625 5414 βραχεῖ
694 5339 1047 5410 παραστῆσαι
1101 5337 1161 5390 τὸ
1217 5337 1315 5405 τῆς
1362 5334 1564 5398 κικίας
1619 5333 1920 5402 νεμόμενον

325 5444 512 5498 ἆπαν,
539 5441 700 5509 μέχρι
726 5436 891 5488 πόσου
923 5433 1022 5502 μὲν
1049 5431 1278 5492 ἀτοπίας
1301 5429 1554 5495 ἐξώκειλε
1577 5427 1719 5483 τότε.
1756 5426 1919 5496 μέχρι

325 5534 513 5588 πόσου
543 5531 599 5582 δὲ
626 5529 717 5581 νῦν
747 5530 1088 5598 προήνεγκεν
1124 5522 1375 5594 ηὐξηκὼς
1427 5521 1715 5592 Παλαμᾶς,
1751 5539 1920 5590 προσ-

322 5623 524 5681 λαϐὼν
557 5623 654 5693 μὲν
682 5621 778 5682 τάς
811 5619 1018 5673 ὲκείθεν
1048 5616 1362 5687 εὑρημένας
1399 5615 1576 5684 ῥίζας,
1618 5617 1714 5666 καὶ
1756 5629 1922 5684 προσ-

326 5714 658 5784 επενεγκὼν
705 5714 802 5775 τὰς
860 5710 1072 5765 οἴκοθεν
1141 5707 1520 5777 ἐφευρημένας
1570 5707 1921 5776 μιαρωτέρας

333 5813 670 5883 προφᾶσεις.
706 5807 985 5874 Θεόδωρος
1042 5805 1150 5870 γὰρ
1180 5805 1207 5854 ὁ
1236 5801 1403 5862 πολὺς
1435 5801 1534 5864 μὲν
1578 5799 1676 5867 τὴν
1703 5799 1918 5868 σοφίαν,

330 5904 511 5967 πολὺς
541 5903 596 5956 δὲ
625 5903 719 5956 καὶ
753 5901 848 5971 τὴν
893 5901 1272 5970 ἐμπεφυκυῖαν
1328 5897 1526 5965 ἀρετὴν
1585 5911 1641 5946 τε
1679 5895 1770 5946 καὶ
1799 5893 1921 5944 σύν-

2088 3489 2250 3561 463
2284 3489 2425 3544 XIV.
2461 3491 2654 3545 Nonne
2709 3489 2942 3543 audistis
2994 3484 3303 3554 improbam
3359 3481 3596 3538 Palamae

2017 3585 2439 3640 consensionem
2470 3584 2536 3637 de
2567 3583 2692 3637 luce
2721 3582 2776 3636 in
2804 3581 3049 3644 Thabor,
3075 3587 3448 3649 permutatum
3476 3591 3596 3631 eam

2015 3692 2136 3731 esse
2182 3679 2233 3730 in
2290 3676 2593 3730 increatum
2626 3691 2693 3729 ex
2744 3681 2952 3738 creato,
2979 3681 3034 3726 et
3089 3672 3288 3726 futura:
3327 3670 3464 3724 lucis
3511 3671 3600 3739 pi-

2013 3785 2152 3838 gnus
2179 3769 2375 3822 factam
2401 3769 2426 3820 ’ἶ
2479 3766 2821 3834 cognoscetis
2866 3776 3046 3818 autem
3077 3763 3394 3817 accuratius
3430 3765 3600 3831 hujus

2009 3860 2379 3930 improbitatis
2424 3859 2894 3928 magnitudinem,
2927 3871 3050 3910 cum
3098 3854 3344 3924 ejusdem
3377 3869 3600 3908 accusa-

2015 3954 2196 4006 tiones
2255 3967 2283 4004 a
2338 3952 2501 4005 nobis
2563 3952 2842 4019 expositas
2913 3947 3232 4008 audieritis,
3300 3946 3493 4014 quales
3540 3952 3597 3999 et

2015 4059 2178 4112 quam
2224 4043 2376 4096 docti
2426 4041 2578 4096 illius
2628 4038 2898 4108 temporis
2939 4037 3220 4092 antistites
3267 4037 3470 4090 divina:
3498 4035 3601 4090 Ec-

1993 4135 2206 4189 .clcsia:
2256 4145 2313 4189 et
2353 4135 2523 4192 dictis
2563 4144 2620 4187 et
2668 4133 2826 4187 factis
2869 4130 3088 4185 fortiter
3133 4138 3442 4200 pugnantes
3471 4142 3602 4181 con-

2020 4228 2347 4296 scripserint
2394 4237 2450 4280 et
2499 4227 2663 4281 nobis
2712 4241 2837 4280 cum
2893 4225 3002 4279 illis
3067 4222 3486 4280 conferentibus
3528 4221 3596 4276 ad

2022 4319 2392 4374 firmissimam
2439 4318 2716 4390 pugnandi
2763 4318 3088 4372 societatem
3125 4317 3592 4371 commentarium

2020 4413 2358 4482 paraverint.
2377 4411 3033 4481 Praecognovernntenim
3061 4410 3136 4464 illi
3169 4408 3357 4462 divino
3385 4408 3596 4478 Spiritu

2020 4507 2312 4561 illuminati
2370 4507 2424 4560 in
2458 4519 2703 4576 tempore
2759 4505 2954 4558 ordine
3012 4502 3403 4558 iconomachim
3458 4503 3602 4556 hanc

2021 4599 2493 4654 resuscitationem
2537 4614 2701 4667 quam
2783 4597 3028 4674 Palamas
3097 4594 3290 4665 genuit
3332 4594 3588 4662 protulit-

2020 4707 2165 4762 que,
2199 4690 2430 4760 imperia
2459 4698 2643 4744 autem
2687 4689 2837 4743 illius
2890 4687 3158 4757 temporis
3199 4696 3255 4741 et
3300 4695 3604 4755 potestates

2019 4792 2226 4837 nostra:
2255 4783 2432 4836 artatis
2459 4792 2516 4836 et
2549 4782 2802 4852 caliginis
2827 4781 2893 4835 ad
2927 4781 3234 4851 patriorum
3267 4779 3469 4834 divinae
3491 4778 3602 4832 Ec-

2019 4874 2202 4928 clesia:
2233 4873 2552 4943 dogmatum
2585 4873 2888 4942 perniciem
2924 4882 3177 4940 receptas
3222 4869 3436 4924 nefarie
3477 4884 3604 4923 sus-

2023 4965 2270 5020 tulerunt
2317 4973 2373 5020 et
2421 4965 2799 5019 nutriverunt.
2836 4964 3082 5030 Quorum
3139 4978 3282 5017 unus
3323 4962 3378 5016 in
3420 4961 3600 5016 aciem

2019 5068 2248 5112 vocatus
2283 5061 2387 5112 hoc
2433 5068 2680 5128 tempore
2725 5057 2963 5112 sufficiat
3011 5057 3399 5111 laborantibus
3439 5054 3605 5109 nobis

2020 5150 2342 5204 recreandis
2371 5158 2428 5204 et
2471 5151 2540 5203 ad
2589 5152 2742 5204 brevi
2789 5165 3010 5203 onmem
3054 5149 3450 5218 depascenlem
3499 5147 3603 5200 im-

2020 5244 2356 5310 probitatem
2389 5242 2609 5295 abunde
2643 5240 3058 5311 proponendum
3084 5280 3099 5305 ,
3130 5255 3239 5309 quo
3268 5238 3602 5308 ineptiarum

2023 5343 2155 5388 tunc
2187 5333 2479 5387 deflexerit
2507 5343 2564 5386 et
2595 5348 2706 5401 quo
2739 5347 2887 5386 nunc
2926 5331 3222 5400 protulerit
3263 5329 3468 5383 auctim
3503 5328 3605 5382 Pa-

2020 5424 2194 5478 lamas
2215 5463 2230 5488 ,
2261 5425 2500 5492 receptis
2535 5424 2818 5478 radicibus
2847 5423 2977 5477 inde
3008 5422 3257 5477 inventis
3299 5435 3354 5477 et
3397 5421 3602 5474 additis

2023 5516 2246 5585 proprio
2289 5525 2465 5570 mat-te
2503 5516 2738 5585 repertis
2779 5515 3016 5586 impuris
3059 5517 3394 5570 rationibus.
3427 5513 3606 5568 Theo-

2022 5613 2192 5666 dorus
2237 5612 2384 5665 enim
2429 5610 2679 5666 doctrina
2721 5610 2995 5665 excellens
3033 5619 3089 5664 et
3132 5611 3331 5664 virtute
3360 5608 3597 5678 genuina

2024 5720 2282 5775 magnum
2308 5705 2362 5758 in
2387 5703 2825 5759 lconomachicis
2853 5703 3020 5776 464
3047 5702 3450 5759 certaminibus
3485 5708 3604 5754 stu-

2024 5798 2176 5853 dium
2224 5797 2502 5862 ostendit,
2553 5805 2612 5849 nt
2660 5795 2713 5849 in
2766 5797 3056 5866 principiis
3104 5798 3298 5849 horum
3331 5793 3604 5848 librorum

2026 5893 2201 5947 fusius
2253 5905 2282 5944 τι
2338 5890 2499 5946 nobis
2574 5889 2782 5945 dictum
2855 5898 2972 5958 est,
3019 5889 3185 5960 longe
3267 5889 3600 5942 acerrimum
