4134 6286
601 377 708 442 411

1823 385 2242 446 NICEPHORI
2279 384 2664 448 GREGORE
3709 387 3794 448 iii.

599 505 826 564 proptrr
859 493 1180 564 religionem
1219 495 1463 550 animum
1513 495 1764 552 exhibuit
1806 507 1862 554 et
1917 501 2172 569 tyrannis

2209 505 2410 564 A-ectv,
2433 503 2632 573 πολλὴν
2665 502 2762 574 τὴν
2797 501 3032 572 σπουδὴν
3085 501 3143 554 ἐν
3177 501 3286 563 τοῖς
3309 499 3448 552 κατᾶ
3483 499 3583 552 τῶν
3607 500 3795 554 Εἱκονο-

597 588 700 641 illo
735 596 981 655 temp0re
1029 595 1220 642 contra
1249 602 1442 642 sacras
1467 588 1731 657 imagines
1753 590 2064 644 furentibus
2085 605 2180 658 op—

607 678 834 745 posuit,
883 693 914 732 a
958 679 1160 746 quibus
1203 677 1370 734 facies
1407 680 1536 748 ejus
1571 679 1844 750 descripta
1889 691 1974 737 est
2003 691 2058 736 et
2085 683 2182 738 de-

601 773 772 838 picta,
793 773 936 827 unde
969 771 1159 842 Grapti
1205 785 1414 828 nomen
1440 757 1600 840 tulit;
1627 787 1752 830 eum
1779 775 2031 845 plurimis
2053 777 2180 830 aliis

607 862 771 916 libris
821 863 910 916 Dei
967 863 1262 918 Ecclesiam
1295 867 1609 928 exornavit,
1639 875 1756 920 tum
1787 869 1867 920 eis
1905 868 2142 920 maxime
2161 897 2186 930 ,-

607 963 747 1020 quos
817 963 1009 1008 contra
1073 955 1466 1012 lconomachos
1516 957 1735 1024 edidit;
1781 958 1836 1012 in
1884 959 2172 1014 historiam

603 1044 856 1098 incidens
888 1047 1035 1100 illiUs
1069 1047 1221 1116 impii
1263 1048 1490 1102 Eusebii
1515 1089 1530 1113 ,
1579 1050 1686 1118 qui
1716 1051 1772 1106 in
1818 1051 1936 1106 hac
1967 1067 2030 1105 re
2067 1051 2184 1120 pri-

605 1151 751 1186 mum
800 1135 1012 1190 obtinet
1066 1139 1282 1201 locum,
1333 1151 1532 1208 praeter
1577 1141 1684 1196 alia
1727 1143 1846 1197 haec
1910 1141 2178 1198 disserit:

604 1227 750 1294 quod
803 1227 984 1282 lucem
1035 1227 1316 1285 int‘andam
1363 1241 1420 1288 et
1465 1235 1910 1305 inexplicabilem
1943 1229 2022 1292 et
2065 1237 2182 1292 Deo

607 1321 790 1383 Verbo
815 1323 1097 1380 decentem
1125 1327 1646 1403 attinet,-illudendo
1675 1333 1884 1401 profert
1908 1329 2186 1388 Eusebius

613 1417 755 1468 servi
791 1415 1022 1470 formam
1053 1427 1420 1487 perm-u'tatam
1455 1437 1578 1478 esse
1622 1423 1680 1477 in
1727 1435 1915 1478 monte
1938 1465 1954 1489 ,
2000 1425 2180 1480 lucem

612 1521 774 1574 quam
809 1509 992 1564 nullus
1023 1511 1216 1566 oculus
1243 1513 1419 1580 vidit,
1453 1516 1600 1569 nulla
1645 1517 1798 1570 auris
1839 1519 2087 1587 percepit
2127 1526 2184 1572 et

611 1613 734 1667 qua:
765 1597 818 1652 in
853 1600 1056 1658 nullius
1085 1601 1326 1658 hominis
1354 1619 1449 1659 eor
1473 1605 1778 1660 descendit.
1803 1607 1930 1662 Ηιιισ
1957 1609 2180 1662 Eusebii

616 1691 948 1756 suntverha,
981 1693 1184 1762 quibus
1227 1703 1392 1750 totam
1451 1712 1605 1752 suam
1635 1699 1868 1754 hacresin
1901 1700 2192 1756 conﬂavit.-

612 1779 734 1847 Quo
799 1799 930 1838 vero
1005 1787 1084 1840 illi
1137 1787 1252 1843 haec
1314 1791 1562 1844 doctrina
1611 1803 1670 1846 et
1716 1791 1912 1862 dogma
1959 1793 2146 1848 ﬂectat
2167 1825 2192 1859 ,-

611 1887 774 1938 quam
821 1874 1054 1929 maxime
1085 1877 1276 1944 paucis
1323 1877 1610 1935 videmnus
1633 1889 1690 1936 et
1735 1897 1856 1950 quae
1885 1883 2174 1952 qualisque

612 1962 690 2015 sit-
715 1966 1138 2031 permutalionis
1169 1969 1308 2022 ratio
1342 1971 1648 2040 disquirere
1681 1988 1970 2028 conemur.
1999 1975 2178 2032 Omne

609 2057 764 2122 quod-
787 2068 1135 2124 per-mutatur
1169 2072 1264 2114 aut
1297 2064 1676 2118 essmttialiter
1707 2076 2084 2135 permutatur,
2125 2069 2178 2122 id

606 2149 752 2216 quod
784 2161 995 2218 Spectat
1025 2153 1090 2205 ad
1125 2165 1307 2208 ortum
1339 2165 1396 2210 et
1427 2173 1707 2221 occasum.
1759 2170 1854 2215 aut
1883 2161 2180 2229 particula-

607 2242 932 2311 τίκτῃ-(μιαι-
972 2247 1118 2298 ratio
1150 2248 1356 2316 duplex
1379 2259 1482 2304 est.
1514 2251 1622 2305 Aut
1661 2253 1809 2306 enim
1849 2254 1918 2308 ad
1959 2255 2180 2323 quanti-

609 2341 776 2384 tatem
825 2345 1200 2404 permittatur,
1241 2347 1300 2394 ut
1329 2343 1514 2396 auctio
1545 2350 1600 2396 et
1629 2343 1952 2410 diminutio;
1986 2355 2082 2400 aut
2111 2345 2180 2400 ad

609 2425 930 2490 qualitatem
957 2467 970 2492 ,
1000 2443 1066 2481 ex
1101 2445 1208 2497 qua
1239 2433 1600 2500 consequitur
1631 2435 1884 2490 variatio.
1921 2437 1976 2492 Si
2014 2438 2182 2508 igitur

607 2516 674 2568 ad
717 2518 1032 2584 qualitatem
1077 2529 1382 2590 permutata
1426 2535 1544 2589 est,
1583 2526 1820 2582 adducta
1855 2539 1944 2584 est
1975 2529 2042 2584 ad
2075 2547 2172 2586 va-

607 2607 902 2662 riationcm
928 2653 941 2672 ,
983 2627 1104 2679 qua:
1141 2621 1224 2666 est
1261 2615 1669 2685 transﬁguratio
1705 2619 2041 2676 characteris
2073 2623 2178 2676 ali-

609 2701 768 2767 cujus
793 2709 886 2754 a'tt
913 2701 964 2755 in
989 2719 1048 2756 re
1071 2704 1316 2772 subjecta
1346 2707 1576 2760 mutatio
1605 2707 1758 2764 ﬁnite
1789 2709 1949 2782 465
1978 2723 2074 2768 aut
2101 2714 2182 2768 in-

613 2792 764 2846 tinite
790 2792 1094 2864 facta,qum
1123 2798 1370 2852 ostendit
1401 2800 1614 2854 varium
1643 2811 1698 2856 et
1723 2802 2026 2860 diversum.
2061 2805 2180 2860 Non

608 2884 758 2936 enim
799 2884 944 2938 aliud
991 2885 1048 2938 ﬁt
1087 2887 1232 2954 quod
1273 2888 1546 2952 variatur,
1585 2893 1792 2962 quippe
1833 2909 1942 2948 non
1985 2911 2183 2952 essen-

609 2977 814 3031 tialiter
853 2987 1224 3044 permutatur,
1257 2980 1352 3034 sed
1382 2996 1446 3035 ex
1485 2983 1578 3037 tali
1613 2985 1756 3038 idem
1791 2987 1913 3042 talis
1943 2989 2008 3042 ad
2047 3005 2182 3057 qua-

601 3065 811 3120 litatem
853 3066 929 3120 iit.
963 3068 1082 3122 Non
1115 3069 1294 3124 omnis
1339 3071 1566 3126 omnino
1593 3083 1960 3142 permittatur.
1998 3079 2182 3149 subje-

608 3167 758 3208 ctum
795 3159 942 3210 enim
979 3159 1140 3227 plane
1190 3161 1394 3215 mansit
1447 3163 1742 3234 integrum.
1795 3166 1892 3220 Sin
1929 3183 2062 3222 vero
2111 3169 2178 3223 ad

607 3249 1006 3314 quantitatem,
1044 3251 1357 3306 auctionem
1389 3257 1682 3323 quamdam
1717 3267 1812 3310 aut
1859 3259 2183 3316 diminutio-

608 3353 734 3391 nem
785 3341 1028 3408 recepit,
1083 3340 1179 3396 sed
1235 3358 1303 3396 ne
1359 3343 1474 3400 hmc
1527 3346 1751 3414 quidem
1809 3348 1959 3402 aliud
2015 3367 2180 3419 quam

611 3429 758 3498 quod
795 3431 862 3484 ab
900 3431 1056 3484 initio
1090 3435 1278 3489 aderat
1309 3435 1590 3504 cilicium,
1623 3440 1718 3494 sed
1751 3455 1816 3494 ex
1855 3451 2006 3496 tanto
2037 3443 2180 3498 idem

609 3531 820 3576 tantum
853 3525 1158 3578 secundum
1183 3529 1547 3595 quantitatem
1576 3531 1832 3586 eiiicitur.
1865 3535 1981 3588 Non
2013 3535 2181 3604 igitur

608 3615 714 3668 hac
744 3615 955 3668 ratione
991 3619 1218 3672 omnino
1253 3621 1435 3674 omnis
1467 3621 1639 3676 forma
1674 3636 2040 3692 permittatur.
2075 3628 2184 3682 Re-

609 3713 715 3759 stat
753 3706 917 3776 igitur
951 3715 1010 3759 ut
1041 3707 1290 3780 dicamus
1323 3710 1391 3763 de
1425 3715 1830 3780 permutatione
1867 3733 1967 3786 per
2003 3733 2084 3782 se,
2125 3720 2178 3773 id

605 3811 726 3864 est,
765 3802 1139 3856 cssentialiter
1173 3803 1351 3868 facta,
1400 3820 1506 3874 qua
1547 3823 1776 3864 necesse
1826 3821 1912 3864 est
1951 3827 2018 3864 ex
2057 3821 2180 3866 ortu

601 3893 660 3954 in
697 3909 958 3946 οευιιειηιι
989 3904 1044 3948 et
1091 3911 1156 3947 ex
1189 3911 1312 3950 esse
1363 3895 1415 3950 in
1467 3913 1574 3952 non
1607 3915 1726 3954 esse
1768 3901 2022 3956 transire.
2073 3903 2180 3957 Sed

611 3987 1043 4048 mortalitatem,
1096 3987 1316 4055 inquit,
1365 3987 1620 4056 deposuit
1659 4000 1718 4045 et
1767 3995 2178 4061 corruptionem

599 4079 800 4132 abluit.
829 4078 1000 4140 Adde,
1021 4080 1064 4132 si
1091 4080 1262 4144 lubet,
1283 4083 1336 4134 in
1364 4080 1640 4136 invisibile
1665 4085 1862 4137 mutari
1885 4085 2067 4140 visibil
2094 4095 2182 4140 eet

601 4171 658 4228 in
691 4173 1048 4242 intemporale
1074 4174 1392 4242 temporale,
1416 4185 1470 4228 et
1494 4185 1738 4228 creatum
1765 4175 1818 4228 in
1841 4176 2174 4244 increatum,

597 4273 660 4316 et
698 4279 819 4331 qua:
853 4263 958 4315 alia
991 4261 1263 4332 ejusmodi
1310 4262 1414 4315 sibi
1449 4263 1702 4332 opposita
1736 4273 1882 4332 sunt.
1921 4265 2028 4320 Sed
2070 4283 2180 4323 non

603 4355 998 4408 mortalitatem
1063 4354 1262 4422 aliquis
1311 4355 1616 4424 scripserit,
1665 4371 1768 4410 nec
1822 4359 2181 4430 transﬁgura-

601 4447 814 4500 tionem
851 4462 949 4514 per
985 4461 1042 4499 se
1071 4464 1084 4510 ;
1117 4463 1224 4500 non
1256 4447 1402 4500 enim
1430 4451 1550 4502 sine
1585 4465 1820 4517 corpore
1855 4467 1952 4519 per
1982 4469 2040 4507 se
2075 4471 2180 4508 un-

2213 1843 2264 1906 ΙΨ

2283 595 2476 664 μάχων
2523 593 2730 661 ἀγῶσιν
2778 594 3194 662 ἐπιδειξάμενος
3231 593 3285 654 ἐς
3315 592 3374 644 τὸ
3417 591 3551 644 πάνυ
3573 609 3620 643 τι
3645 592 3804 652 κράτι-

2282 701 2427 748 στον,
2455 685 2531 748 ὡς
2555 685 2612 737 ἐν
2634 687 2755 748 ταῖς
2793 686 2990 754 ἀρχαῖς
3039 683 3150 736 τῶν
3179 681 3458 752 ἡμετέρων
3481 681 3634 734 τῶνδε
3659 681 3805 748 λόγων

2279 779 2416 847 ἡμῖν
2443 777 2510 832 τὰ
2563 779 2692 846 περὶ
2745 777 2914 832 αὐτοῦ
2961 776 3295 844 πλατύτερον
3353 774 3581 843 εἴρηται,
3621 774 3808 828 πάντων

2285 872 2522 940 μάλιστα
2547 871 2794 924 πλεῖστον
2821 869 3254 936 ἀντεισενεγκὼν
3290 867 3430 936 ὑπὲρ
3459 867 3716 926 εὐσεϐείας
3735 865 3808 918 τὸν

2281 963 2468 1032 ζῆλον,
2507 963 2606 1017 καὶ·
2657 963 2988 1031 ἀντιστήσας
3023 965 3136 1024 τοῖς
3199 961 3318 1011 τότε
3371 960 3510 1012 κατὰ
3541 958 3642 1010 τῶν
3676 957 3808 1009 θείων

2280 1056 2507 1112 εἰκόνων
2547 1057 2761 1124 pausia:
2787 1054 3098 1124 τυράννοις,
3131 1051 3221 1122 ὑφ’
3251 1043 3325 1104 ὧν
3356 1051 3449 1104 καὶ
3474 1049 3532 1102 τδ
3557 1049 3809 1116 πρόσωπον

2280 1147 2595 1218 γέγραπταί
2651 1165 2710 1201 τε
2751 1146 2848 1200 καὶ
2885 1145 3166 1206 έστικται,-
3221 1145 3314 1196 καὶ
3381 1141 3480 1212 τὴν
3529 1142 3812 1206 ἐπωνυμίαν

2281 1239 2530 1310 Γραπτδς
2557 1238 2768 1292 ἐκεῖθεν
2800 1237 3026 1307 κληθεὶς
3045 1235 3418 1305 ἀπηνέγκατο,
3448 1233 3710 1294 πλείσταις
3734 1233 3813 1298 μὲν

2283 1331 2377 1386 καὶ
2415 1330 2804 1399 ἄλλαις-ἱεραῖς
2831 1327 2998 1382 αὐτοῦ
3031 1327 3238 1397 βίϐλοις
3277 1325 3380 1396 τὴν
3409 1324 3502 1377 τοῦ
3539 1323 3662 1376 θεοῦ
3712 1321 3814 1374 Ἐκ-

2281 1423 2512 1493 κλησίαν
2540 1422 2894 1491 κεκόσμηκε,¹
2924 1420 3160 1489 μάλιστα
3195 1418 3240 1472 δ’
3271 1415 3359 1480 αἷς
3400 1417 3539 1471 κατὰ
3564 1415 3662 1468 τῶν
3687 1415 3816 1468 Etan-

2281 1517 2533 1586 νομάχων
2581 1514 2815 1579 ἐξέθετο,
2879 1516 2991 1577 τοῖς
3025 1512 3463 1584 συγγράμμασιν
3507 1509 3814 1577 ἐντυγχάνων

2280 1609 2376 1662 τοῦ
2414 1609 2534 1662 τότε
2587 1609 2654 1661 τὰ
2711 1607 2902 1676 πρῶτα
2967 1607 3225 1675 φέροντος
3281 1607 3338 1656 ἐν
3391 1605 3565 1668 λόγοις
3619 1599 3816 1661 ἀσεϐοῦς

2283 1701 2545 1754 Εὑσεϐίου
2571 1717 2582 1732 ’
2608 1702 2666 1752 ἐν
2700 1695 2786 1762 αἶς
2813 1701 2880 1752 τά
2909 1717 2966 1752 τε
3001 1698 3134 1750 ἄλλα
3169 1698 3262 1750 καὶ
3307 1697 3434 1750 τάδε
3463 1694 3691 1758 διέξεισι.
3724 1693 3817 1743 Κιτ-

2283 1792 2708 1862 τακομψεύεται,
2761 1792 2946 1860 φησὶν,
3017 1789 3280 1850 Εὐσέϐιος
3333 1789 3426 1841 ἐπὶ
3463 1787 3574 1852 φῶς
3613 1786 3818 1854 ἄρῥη⁴τιν

2281 1887 2374 1940 καὶ
2397 1887 2788 1956 ἀνεκδιήγητον
2810 1884 2872 1958 [1³.
2899 1884 3005 1939 2H
3051 1883 3105 1955 al
3145 1883 3238 1936 καὶ
3267 1881 3346 1950 τῷ
3385 1879 3505 1948 Θεῷ
3536 1879 3680 1947 Λόγῳ
3709 1877 3820 1946 πρέ-

2280 1997 2380 2032 πον
2428 1979 2525 2050 τὴν
2573 1978 2668 2031 τοῦ
2713 1977 2902 2032 δούλου
2941 1974 3386 2044 μεταϐεϐλῆσθαι
3451 1970 3656 2042 μορφὴν
3683 1973 3732 2022 ἐν
3760 1969 3822 2037 τῷ

2279 2071 2420 2141 opst.
2481 2070 2596 2138 φῶς
2657 2071 2794 2140 ὅπερ
2849 2068 3128 2138 ὀφθαλμὸς
3175 2065 3278 2120 οὐκ
3333 2062 3470 2128 εἶδε,
3522 2063 3612 2116 καὶ
3635 2061 3715 2122 οὓς
3740 2060 3824 2113 οὐκ

2279 2159 2504 2228 ἢκουσε,
2536 2161 2630 2212 καὶ
2659 2162 2752 2214 ἐπὶ
2779 2159 3002 2230 καρδίαν
3027 2158 3313 2228 ἀνθρώπου
3344 2160 3448 2212 οὐκ
3481 2157 3660 2226 ἀνέϐη.
3687 2155 3824 2207 Καὶὸ

2283 2251 2382 2319 μὲν
2409 2253 2670 2304 Εὑσεϐίου
2701 2252 2858 2319 λόγος
2885 2250 3128 2312 τοιοῦτος
3151 2252 3246 2304 καὶ
3285 2249 3462 2311 οὕτως
3495 2249 3652 2318 έχων,
3671 2247 3755 2300 καὶ
3777 2245 3828 2296 th

2281 2345 2390 2397 πᾶν
2419 2345 2567 2414 αὐτῷ
2607 2343 2839 2398 ἐνταῦθα
2877 2343 2976 2411 τῆς
3001 2341 3262 2404 ἀσεϐείας
3293 2341 3590 2411 ἐξήρτηται
3611 2356 3625 2371 ·
3648 2341 3756 2392 ὅποι
3786 2337 3828 2389 δ’

2283 2436 2428 2505 αὑτῷ
2457 2438 2614 2506 φέρει
2637 2439 2706 2490 τὰ
2733 2438 2832 2507 τῆς
2869 2438 3065 2506 καινῆς
3101 2435 3314 2504 ταύτης
3377 2432 3714 2494 διδασκαλίας
3747 2433 3828 2485 καὶ

2281 2535 2374 2582 τοῦ
2407 2529 2696 2595 δόγματος,
2735 2529 2811 2592 ὡς
2845 2527 2925 2580 ἔνι
2987 2529 3247 2598 μάλιστα,
3285 2526 3688 2596 συντομώτερον
3725 2539 3830 2575 σκε-

2279 2619 2532 2690 ψώμεθα,
2566 2620 2659 2672 καί¹
2711 2621 2891 2679 ὁποῖος
2921 2619 2986 2691 δὴ
3027 2622 3122 2674 καὶ
3181 2621 3330 2682 ὅστις
3360 2621 3388 2672 ὁ
3419 2619 3518 2686 τῆς
3555 2615 3826 2686 μεταϐολῆς

2280 2712 2502 2778 τρόπος,
2543 2710 2946 2778 ἐπισκέψασθαι
2981 2707 3404 2781 πειρασώμεθα.
3450 2710 3565 2762 Πᾶν
3600 2707 3656 2760 τὸ
3689 2721 3829 2774 μετα·

2284 2804 2612 2872 ϐαλλόμενον
2639 2803 2670 2873 ἦ
2699 2803 2817 2855 κατ’
2873 2802 3062 2856 οὐσίαν
3110 2800 3530 2870 μεταϐάλλεται,
3567 2799 3592 2850 ὃ
3630 2797 3690 2865 δὴ
3725 2795 3831 2862 περὶ

2283 2897 2500 2962 γένεσιν
2535 2896 2628 2949 καὶ
2659 2895 2868 2964 φθορὰν
2915 2895 3212 2964 θεωρεῖται
3235 2911 3249 2926 ·
3289 2893 3322 2962 ἢ
3377 2893 3522 2946 κατά
3559 2908 3608 2944 τι
3639 2891 3738 2942 τῶν
3787 2888 3832 2938 ἐν

2283 2989 2454 3056 αὐτῷ,
2489 2989 2586 3042 καλ⁸
2609 2987 2770 3040 τοῦτο
2797 2985 2961 3056 διχῶς
2985 3003 2999 3016 ·
3033 2987 3065 3056 ῆ
3097 2987 3206 3056 γὰρ
3230 2986 3370 3040 κατὰ
3393 2984 3561 3038 ποσὸν
3591 2979 3832 3051 μεταϐαλ-

2283 3083 2452 3146 λεται,
2489 3083 2624 3134 καθὸ
2674 3081 2706 3150 ἢ
2755 3079 2983 3148 αὔξησις
3017 3081 3114 3132 καὶ
3149 3079 3182 3148 ἡ
3217 3077 3451 3148 μείωσις
3489 3077 3770 3136 δείκνυται,
3805 3070 3832 3138 ἢ

2209 3183 2255 3244 ε
2286 3173 2432 3223 κατὰ·
2456 3170 2518 3222 τὸ
2539 3170 2712 3234 ποιὸν,
2739 3168 2796 3234 ἐξ
2821 3161 2881 3222 οὗ
2913 3169 3239 3236 ἐμφαίνεται
3273 3167 3306 3236 ή
3337 3165 3644 3224 ἀλλοίωσις.
3671 3161 3728 3214 Ei
3751 3159 3832 3230 μὲν

2289 3259 2380 3314 οὖν
2426 3259 2566 3313 κατὰ
2619 3259 2677 3311 τὸ
2723 3259 2878 3312 ποιὸν
2935 3257 3362 3327 μεταϐέϐληται,
3433 3255 3710 3324 κεκίνηται
3749 3251 3834 3320 μὲν

2290 3353 2426 3422 πρὸς
2453 3352 2756 3416 ἀλλοίωσιν,
2797 3351 2830 3420 ἡ
2879 3351 2933 3402 δέ
2983 3351 3098 3402 ἐστι
3139 3345 3662 3418 μετασχηματισμὸς
3689 3359 3836 3414 χαρα-

2290 3445 2488 3514 κτῆρός
2514 3461 2659 3506 τινος
2689 3443 2720 3512 ἢ
2751 3442 2899 3496 κατὰ
2931 3451 2984 3494 τι
3019 3441 3126 3493 τῶν
3157 3439 3250 3492 τοῦ
3292 3439 3649 3509 ὑποκειμένου
3679 3431 3832 3504 πρά(-

2292 3553 2460 3606 ματος
2484 3533 2777 3606 ἐξαλλαγὴ,
2804 3533 3085 3604 χωριστῶς
3117 3531 3149 3603 ἦ
3183 3531 3500 3601 ἁχωρίστως
3529 3525 3832 3597 ἐπισυμϐαί-

2288 3643 2476 3678 νουσα.
2516 3623 2700 3694 Ἀπερ
2727 3623 2938 3676 ἀλλοῖον
2971 3621 3072 3691 μὲν
3098 3625 3192 3673 καὶ
3241 3621 3503 3690 διάφορον
3553 3618 3640 3671 τοῦ
3667 3613 3836 3686 προτέ-

2293 3733 2384 3786 ρου
2411 3715 2702 3780 δείκνυσιν,
2736 3714 2794 3767 οὐ
2831 3713 2936 3784 μὴν
2959 3713 3016 3766 δέ
3048 3729 3109 3780 γε
3141 3712 3270 3766 ἄλλο
3318 3729 3371 3763 τι
3391 3712 3452 3764 τὸ
3485 3709 3836 3774 ἀλλοιούμενον

2288 3807 2664 3877 ἀπεργάζεται
2689 3822 2704 3837 ο
2735 3807 2796 3858 οὐ
2823 3804 2928 3874 γὰρ
2961 3804 3234 3866 οὑσιωδῶς
3299 3803 3623 3872 μετέϐαλεν,
3656 3799 3759 3854 ἀλλ’
3785 3801 3836 3850 ἐκ

2287 3898 2494 3951 τοιοῦδε
2533 3897 2624 3950 τὸν
2656 3896 2818 3951 αὐτὸν
2847 3895 3050 3950 τοιόνδε
3101 3895 3244 3948 κατὰ
3275 3894 3334 3947 τὸ
3393 3895 3550 3948 ποιὸν
3607 3891 3834 3961 γενέσθαι

2291 3989 2582 4058 πεποίηκε.
2616 3985 2791 4040 Τοῦτο
2819 3985 2864 4039 δ’
2889 3987 2988 4040 οὐκ
3009 3986 3157 4038 ἐστιν
3195 3985 3256 4049 ἐξ
3307 3983 3446 4038 ὅλων
3479 3985 3600 4039 ὅλον
3633 3981 3836 4054 μεταϐε·

2288 4081 2517 4151 ϐλῆσθαι
2539 4095 2552 4110 ⁶
2579 4083 2639 4132 τὺ
2669 4079 2776 4148 γὰρ
2806 4079 3166 4148 ὑποκείμενον
3201 4079 3469 4148 ὑπομένει
3507 4079 3720 4136 πάντως
3749 4091 3836 4126 σω-

2288 4171 2534 4242 ζόμενον.
2565 4173 2626 4224 Ei
2647 4171 2702 4224 δέ
2733 4171 2876 4225 κατὰ
2905 4169 2964 4223 τὸ
2985 4173 3174 4234 ποσὸν,
3210 4170 3442 4240 αὔξησίν
3477 4187 3602 4224 τινα
3631 4170 3662 4238 ἣ
3694 4167 3835 4238 μείω·

2289 4283 2372 4318 σιν
2401 4264 2637 4330 ἐδέξατο.
2681 4263 2824 4317 Ἀλλ’
2866 4263 2986 4316 οὑδέ
3036 4264 3210 4317 ταῦτα
3264 4263 3394 4317 ἄλλο
3441 4281 3496 4317 τι
3539 4263 3685 4332 παρὰ
3713 4257 3836 4321 τὸέξ

2287 4357 2460 4428 ἀρχῆς
2513 4357 2760 4427 ὑπάρξαν
2801 4359 2967 4424 ποιεῖ,
3020 4356 3136 4409 ἀλλ’
3181 4358 3246 4410 ἐκ
3305 4356 3528 4410 τοσοῦδε
3577 4355 3665 4408 τὸν
3695 4351 3833 4406 αὑτὸν

2286 4447 2500 4501 τοσόνδε
2523 4447 2664 4500 κατὰ
2683 4447 2744 4500 τδ
2765 4447 2999 4517 πηλίκον
3025 4447 3280 4515 γενέσθαι
3302 4448 3628 4515 πεποίηκεν.
3649 4441 3834 4500 Οὖκοῦν

601 4553 770 4607 quam
808 4537 1090 4607 apparuit.
1117 4539 1235 4592 Non
1267 4539 1416 4592 enim
1450 4540 1648 4594 albedo
1681 4553 1776 4596 aut
1809 4543 2026 4618 ujgritia
2057 4546 2177 4601 sine

2213 4540 2254 4596 Ι)
2284 4539 2403 4592 οὐδὲ
2435 4540 2576 4592 κατὰ
2624 4539 2815 4592 τοῦτον
2843 4539 2936 4592 τὸν
2985 4537 3189 4611 τρόπον
3229 4539 3286 4604 ἐξ
3336 4537 3474 4592 ὅλων
3501 4537 3597 4606 ὅλη
3633 4531 3834 4603 μεταϐέ-

599 4631 888 4692 substrato
941 4629 1299 4683 constabunt.
1351 4629 1544 4684 Forma
1596 4641 1654 4687 et
1703 4633 1874 4688 facies
1926 4650 2074 4702 non,
2122 4643 2182 4690 ut

604 4722 764 4775 hicce
794 4719 986 4790 putat,
1035 4721 1090 4774 in
1138 4720 1360 4776 deitatis
1413 4732 1664 4778 naturam
1729 4727 2021 4781 immutata
2074 4729 2178 4782 est.

601 4811 726 4876 Non
758 4827 918 4880 posse
953 4810 1058 4865 hoc
1093 4811 1232 4872 licri,
1263 4812 1376 4881 jam
1409 4825 1568 4868 antea
1611 4817 1818 4872 dictum
1859 4831 1945 4874 est
1978 4830 2032 4874 et
2075 4833 2182 4876 tes-

607 4915 754 4963 tatur
802 4905 1004 4958 veritas
1037 4905 1150 4974 ipsa
1199 4921 1266 4960 ex
1296 4917 1554 4962 accurata
1610 4912 1934 4966 tractatione
1988 4927 2176 4966 rerum

601 5005 858 5052 naturam
891 5006 946 5049 et
971 4983 1134 5067 468
1157 4997 1474 5067 dogmatum
1497 5001 1787 5054 veritatem
1818 5018 1980 5070 quant
2009 5007 2184 5058 veris-

601 5089 742 5140 sime
767 5096 823 5142 et
841 5087 1173 5144 ﬁrmis~ime.
1197 5088 1302 5144 Sed
1333 5091 1752 5161 transﬁguratus
1767 5102 1872 5158 est,
1905 5093 2104 5162 inquit,
2129 5103 2184 5150 et

609 5181 938 5236 immortalis
979 5181 1154 5236 factus
1189 5195 1244 5239 ct
1286 5185 1707 5254 incorruptibile
1753 5195 1808 5240 et
1853 5187 2181 5242 incrcatum.

611 5271 1086 5341 Transiiguratum
1133 5283 1192 5328 et
1241 5277 1551 5332 immortale
1600 5276 1803 5330 factum
1851 5293 2053 5348 corpus
2087 5291 2183 5336 aut

615 5366 844 5428 mansit,
881 5375 975 5420 aut
1010 5383 1116 5422 non
1155 5369 1377 5424 mansit.
1418 5367 1473 5422 Si
1511 5367 1750 5434 mansit,
1779 5385 1916 5423 vana
1957 5371 2180 5425 Eusebii

607 5458 790 5510 oratio
829 5457 1262 5525 deprehenditur
1305 5469 1361 5512 et
1397 5459 1604 5513 nullius
1635 5460 1898 5514 momenti
1927 5462 2050 5516 erit.
2087 5462 2181 5516 Sin

603 5565 720 5610 non
756 5551 994 5616 mansit,
1025 5563 1136 5602 non
1171 5549 1619 5620 transﬁguratum
1653 5561 1738 5605 est
1765 5569 1868 5606 nec
1900 5552 2184 5606 immorta-

603 5641 814 5695 litatem
849 5650 906 5695 et
936 5642 1408 5709 incorruptionem
1442 5646 1653 5712 recepit
1688 5659 1868 5711 neque
1913 5643 2178 5708 habebat,

605 5727 663 5784 in
687 5731 833 5798 quod
866 5731 1374 5799 transiiguraretur.
1419 5723 1606 5800 Neque
1641 5741 1762 5786 erat
1783 5733 1928 5802 quod
1960 5735 2182 5786 immor-

610 5819 876 5878 talitatem
923 5819 1196 5886 indueret,
1219 5837 1340 5875 cum
1389 5835 1498 5876 non
1531 5822 1600 5876 sit
1640 5822 1793 5880 locus
1814 5863 1828 5890 ,
1856 5823 1908 5879 in
1935 5841 2042 5894 quo
2067 5825 2180 5880 lucc

2289 4631 2482 4702 ϐληται
2531 4634 2564 4703 ἡ
2623 4634 2826 4704 μορφή.
2887 4634 3150 4686 Λείπεται
3200 4627 3292 4684 οὖν
3327 4631 3512 4700 λέγειν
3541 4625 3832 4692 καθἀὑτὴν

2288 4725 2751 4794 μεταϐεϐλῆσθαι,
2777 4726 2904 4794 περὶ
2935 4725 3032 4794 τὴν
3058 4725 3244 4778 οὐσίαν
3273 4725 3494 4794 δηλαδὴ,
3519 4723 3592 4786 ὡς
3617 4722 3830 4786 ἀνάγκην

2284 4809 2426 4868 εἶναι
2463 4816 2645 4868 πᾶσαν
2685 4815 2748 4866 ἐκ
2783 4815 3050 4881 γενέσεως
3093 4815 3172 4875 εἰς
3215 4813 3422 4883 φθορὰν
3451 4813 3546 4864 καὶ
3583 4811 3671 4862 τοῦ
3700 4807 3829 4864 ὄντος

2284 4911 2363 4971 εἰς
2394 4907 2454 4958 τὸ
2485 4905 2746 4975 μηδαμῶς
2777 4901 2919 4958 εἶναι
2950 4907 3348 4976 κεχωρηκέναι.
3393 4905 3556 4957 Ἀλλὰ
3607 4903 3699 4970 τὴν
3725 4901 3807 4964 θνη

2282 5001 2501 5068 τότητα,
2553 4999 2740 5068 φησὶν,
2799 4997 3111 5050 ἀπεδύσατο
3155 4998 3248 5050 καὶ
3279 4997 3378 5066 τὴν
3430 4995 3637 5066 φθορὰν
3671 4987 3830 5044 ἀπενί-

2281 5091 2442 5161 ψατο.
2475 5089 2738 5160 Πρόσθες,
2765 5091 2813 5142 εί
2852 5089 3051 5158 βούλει,
3091 5089 3173 5141 ὅτι
3207 5087 3303 5140 καὶ
3339 5089 3416 5150 είς
3447 5087 3508 5138 τὸ
3539 5086 3756 5154 ἀόρατον
3779 5077 3828 5127 τὺ

2281 5181 2477 5252 ὁρατὸν
2513 5181 2723 5252 μέτεισι
2770 5185 2865 5233 καὶ
2899 5183 2979 5243 εἰς
3035 5181 3096 5232 τὸ
3131 5179 3359 5251 ἄχρονον
3407 5179 3468 5230 τὸ
3501 5175 3608 5268 ὑπὸ
3636 5173 3825 5268 χρόνον,

2283 5275 2379 5330 καὶ
2397 5275 2458 5328 τὸ
2485 5274 2698 5326 κτιστδν
2723 5273 2802 5336 εἰς
2827 5274 2886 5324 τὸ
2912 5273 3190 5338 ἄκτιστον,
3225 5271 3320 5324 καὶ
3343 5272 3442 5323 ὅσα
3466 5267 3600 5322 ἄλλα
3629 5267 3826 5316 τοιαῦτα

2283 5367 2603 5420 ἀντίκειται.
2649 5364 2788 5417 Ἀλλ’
2812 5365 2871 5416 οὐ
2897 5365 2996 5434 τὴν
3033 5365 3338 5434 θνητότητά
3363 5379 3444 5424 τις
3479 5360 3679 5430 γράςει
3721 5347 3823 5404 οῦδὲ

2282 5460 2378 5530 τὴν
2419 5461 2848 5529 μεταμόρφωσιν
2880 5459 3049 5528 αὐτὴν
3083 5459 3206 5510 καθ’
3239 5455 3411 5526 αὐτὴν
3433 5471 3448 5484 ο
3493 5453 3554 5505 οὐ
3591 5452 3694 5518 γὰρ
3717 5445 3824 5498 ἄνευ

2285 5553 2534 5622 σώματοξ
2561 5554 2645 5620 ἐφ’
2679 5553 2880 5618 ἐαυτήν
2908 5567 3035 5602 ποτε
3088 5549 3524 5620 θεωρηθήσεται,
3556 5542 3674 5595 ἐπεὶ
3712 5531 3822 5606 μηδὲ

2282 5645 2541 5714 λευκότης
2586 5644 2949 5716 ἢμελανότης
2997 5643 3362 5712 ὑποκειμένου
3413 5639 3536 5710 δίχα
3561 5629 3822 5716 ὑποσταῖεν

2281 5713 2505 5796 ἀνοςὫ-ῖί
2529 5713 2636 5800 γὰρ
2664 5733 2721 5784 οὐ
2754 5713 3157 5801 μεταϐέϐληται
3189 5733 3220 5799 ἠ
3257 5727 3435 5801 μορφὴ
3460 5725 3637 5794 ἐκείνη
3667 5721 3748 5776 καὶ
3770 5713 3819 5766 τδ

2284 5820 2422 5888 εἶδος
2458 5825 2536 5888 εἰς
2567 5825 2820 5892 θεότητος
2858 5823 3040 5893 φύσιν,
3073 5823 3148 5887 ὡς
3172 5817 3324 5887 οὗτος
3362 5819 3567 5890 νομίζει
3591 5815 3696 5888 (καὶ
3725 5805 3815 5876 γὰρ
