4134 6286
609 405 670 468 ιι
689 409 718 466 5
1819 404 2244 468 NICEPHORI
2287 406 2674 468 GREGORAI
3733 399 3822 462 illi

609 517 788 585 θήκην
819 516 913 568 καὶ
947 513 1178 585 αὔξησιν
1247 516 1312 584 τῇ
1343 514 1436 568 τοῦ
1469 515 1644 584 Λόγου
1675 515 1812 586 αὖτῇ
1872 517 2093 571 δίδωσιν
2129 518 2430 572 ὑποστάσει
2451 536 2466 550 ο
2495 519 2618 589 ἥτις
2643 519 2744 571 οὐκ
2777 519 2908 588 άλλη
2955 515 3104 587 παρά
3144 517 3258 587 τὴν,
3285 513 3374 566 τοῦ
3435 513 3636 584 Πατρδς
3663 511 3826 565 οὐσίαν

613 609 708 661 καὶ
735 607 898 674 φύσιν
933 609 1068 672 ἐστὶ,
1099 605 1176 674 τῷ
1199 605 1688 676 χαρακτηριστικῷ
1717 607 1816 676 τῆς
1857 607 2122 675 ἰδιότητος
2155 609 2320 678 μόνον
2358 611 2502 664 κατά
2549 610 2649 680 τὴν
2681 610 2935 679 γέννησιν
2985 609 3339 678 διαφέρουσα.
3378 603 3608 658 Τοιαῦτα
3640 603 3728 674 μὲν
3761 605 3820 656 τὰ

611 703 676 752 ἐκ
747 701 854 752 τῶν
919 701 1132 754 ἐκείνου
1173 703 1357 772 ἀρχῶν
1407 702 1756 769 ἀναφανέντα
1809 703 2018 757 ἑκτοπα
2057 707 2152 758 καὶ
2185 705 2492 775 παράλογα,
2531 707 2580 758 εί
2609 705 2668 758 τὸ
2722 707 2840 774 φῶς
2889 705 3065 758 ἐκεῖνο
3091 705 3152 756 τὸ
3182 705 3423 775 ἄρρητον
3480 701 3656 754 οὐσίαν
3711 695 3831 752 εἶναι

607 789 793 858 λέγοι·
825 790 904 862 [ί.
937 792 1042 846 245
1081 792 1140 864 α]
1177 794 1470 846 ὑπόλοιπον
1499 794 1543 845 δ’
1585 789 1679 848 οὖν
1719 796 1838 846 ἐστι
1869 795 2078 864 ζητεῖν,
2112 797 2162 848 εί
2194 797 2454 866 ποιότητα
2481 795 2639 850 τοῦτο
2670 795 2962 864 ἀσώματον
2995 795 3027 864 ἢ
3067 795 3318 848 ἀνούσιον
3372 787 3513 854 εἶπε,
3543 791 3593 844 τί
3621 788 3831 854 συμϐαί-

607 897 710 943 νει,
741 877 853 934 οἷον
880 884 1186 952 ἀπόρροιαν
1243 899 1392 942 τινος
1455 884 1645 946 οὐσίας
1705 885 1801 936 καὶ
1857 886 2228 953 ἀπαύγασμα,
2273 890 2352 950 είς
2383 889 2450 958 ἣν
2506 888 2538 957 ἠ
2587 887 2770 957 μορφὴ
2819 885 3000 956 ἐκείνη
3041 885 3464 954 μεταϐέϐληται.
3519 881 3652 934 Ἀλλ’
3703 881 3834 934 οὐδὲν

607 969 771 1041 ἦττον
839 975 870 1041 ὴ
915 974 1105 1025 πασῶν
1136 973 1339 1044 ἐσχάτη
1395 973 1552 1044 ὕϐρις
1591 976 1686 1027 καὶ
1721 976 1919 1028 ἀτοπία
1972 977 2050 1044 τῷ
2091 977 2218 1046 θείῳ
2259 977 2715 1048 προστετρίψεται
2769 977 3020 1045 σώματι·
3052 977 3360 1048 λωϐήσαιτο
3419 979 3527 1048 γὰρ
3556 977 3619 1028 ἂν
3645 973 3726 1026 τὸν
3757 970 3834 1022 τοῦ

609 1061 750 1118 εἶναι
813 1064 1004 1131 λόγον·
1041 1066 1326 1138 καὶταύτῃ
1389 1069 1448 1120 τὸ
1470 1067 1820 1138 ἀνύπαρκτον
1844 1069 2252 1138 είσαχθήσεται,
2295 1071 2472 1134 ἄλλως
2521 1089 2582 1125 τε
2650 1071 2774 1124 οὐδὲ
2831 1072 2947 1125 ἐνὸν
3015 1071 3281 1142 ποιότητα
3346 1071 3696 1140 ὑποκειμένου
3731 1067 3835 1134 δίχα

607 1157 730 1210 καθ’
755 1159 998 1228 ἑαυτὴνό
1023 1175 1077 1210 τι
1103 1160 1236 1211 ποτέ
1261 1160 1377 1212 ἐστι
1397 1159 1790 1230 διαδειχθῆναι,
1817 1161 1920 1214 κᾶν
1951 1161 2056 1213 τῶν
2079 1163 2352 1216 οὐσιωδῶν
2387 1164 2558 1234 αὐτὴν
2587 1165 2728 1218 εἴποι
2751 1181 2856 1232 τις,
2887 1163 2921 1235 ἢ
2956 1166 3050 1218 καὶ
3084 1165 3140 1227 ἐς
3167 1163 3354 1226 οὐσίας
3381 1163 3544 1232 μέρος
3572 1163 3826 1230 ἀνάγεται·

605 1247 681 1310 ὡς
709 1249 798 1299 ἐπὶ
825 1249 1272 1317 παραδείγματος
1303 1251 1501 1314 εἰπεῖν,
1551 1251 1652 1302 οὐκ
1683 1251 1748 1303 ἂν
1791 1253 1852 1303 τὸ
1879 1252 2098 1318 λογικόν
2131 1271 2234 1305 που
2283 1255 2518 1323 συσταίη
2573 1255 2935 1326 ὑποκειμένου
2985 1257 3138 1322 ἄνευ,
3199 1257 3226 1309 ὃ
3261 1257 3378 1308 ἐστι
3405 1255 3465 1308 τὸ
3503 1254 3656 1319 ζῶον,
3689 1257 3732 1306 εἰ
3779 1253 3840 1322 μὴ

607 1345 872 1412 πρίτερύν
910 1363 992 1406 τις
1049 1346 1304 1398 ὐποθοῖτο
1335 1347 1522 1398 οὐσίαν
1548 1346 1793 1415 ἔμψυχον
1832 1347 2184 1416 αἰσθητικήν.

681 1439 793 1492 XV.
852 1439 1042 1506 Itaque
1105 1441 1482 1496 lcunomachis
1563 1445 1864 1498 Salvaturis
1919 1445 1972 1498 in
2017 1453 2200 1498 monte

2377 1445 2476 1498 IE'.
2503 1447 2625 1500 Ὀτι
2655 1446 2758 1516 μὲν
2794 1445 2889 1500 οῦν
2937 1449 3052 1510 τοῖς
3087 1446 3482 1518 Είκονομάχοις
3525 1448 3557 1518 ἡ
3597 1446 3842 1515 μεταμᾶρ-

609 1533 1150 1600 transﬂgurationem
1185 1547 1294 1585 non
1327 1533 1518 1588 forma:
1548 1535 1904 1590 variatioaem
1931 1536 1984 1589 in
2017 1535 2198 1603 splen-

606 1621 874 1675 didiorem
899 1624 1099 1690 putari,
1119 1625 1208 1677 sed
1231 1625 1570 1680 salutift-rum
1596 1641 1795 1696 corpus
1819 1628 1871 1680 in
1895 1630 2198 1682 increatum

605 1711 774 1781 469
827 1725 1198 1782 permutatum
1251 1731 1372 1772 esse
1413 1727 1468 1772 et
1521 1719 1976 1788 incorruptibile,
2022 1720 2197 1774 lucem

610 1811 797 1854 autem
829 1811 942 1856 tum
981 1803 1255 1859 lucentem
1291 1807 1549 1861 deitatem
1583 1807 1883 1862 increatazn
1915 1818 1969 1864 et
2003 1810 2196 1864 insub-

609 1894 918 1948 stantialem
967 1911 1109 1963 esse,
1153 1897 1206 1950 in
1247 1909 1433 1952 monte
1463 1899 1821 1954 increationis
1872 1901 2110 1954 hominis
2142 1909 2199 1956 et

611 1987 1043 2056 incorruptionis
1091 1990 1310 2043 initium
1358 1991 1558 2046 factum
1593 1993 1645 2046 in
1673 1993 1917 2064 pignoris
1949 1993 2195 2057 modum,

607 2087 734 2146 post
753 2090 985 2133 mortem
1009 2091 1064 2135 et
1089 2082 1144 2135 in
1163 2084 1334 2139 caelos
1350 2086 1787 2154 assumptionem
1810 2087 2060 2140 absolute
2083 2087 2194 2156 jam

609 2169 938 2232 increatum.
963 2172 1201 2243 denique
1233 2175 1452 2230 initium
1489 2177 1982 2232 lconomachorum
2019 2179 2196 2233 haere-

609 2275 736 2315 seos
767 2263 846 2317 eis
890 2280 1011 2319 esse
1039 2281 1104 2320 ex
1143 2267 1642 2339 transfigurationis
1671 2270 1932 2340 opinione
1964 2271 2196 2336 factum,

604 2353 717 2422 jam
753 2371 862 2407 non
895 2372 999 2414 me.
1031 2357 1124 2411 sed
1161 2375 1416 2428 magnum
1447 2361 1664 2415 Patrem
1692 2369 1747 2416 et
1778 2362 1978 2416 divinae
2005 2361 2198 2417 Eccle-

611 2447 708 2498 sim
733 2459 1126 2514 praeceptorem
1163 2459 1476 2504 narrantem
1509 2453 1770 2508 audistis.
1833 2454 2002 2524 Cujus
2035 2453 2196 2508 fidem

611 2551 681 2590 ne
705 2537 984 2592 diabolum
1009 2541 1234 2608 quidem
1269 2552 1664 2610 superaturum
1699 2555 1877 2614 puto;
1925 2561 2033 2599 non
2071 2545 2198 2614 quia

611 2635 764 2684 otuni
807 2635 1059 2689 doctrina
1101 2637 1330 2705 profana
1365 2647 1423 2692 et
1470 2654 1593 2708 quat
1631 2640 1697 2693 ad
1737 2641 2062 2710 religionem
2096 2656 2195 2696 no-

611 2733 779 2777 stram
813 2737 1027 2794 spectat
1061 2744 1293 2800 magnus
1322 2731 1751 2800 cognominatus
1778 2741 1885 2796 est,
1922 2733 2016 2787 sed
2046 2733 2192 2802 quod

613 2833 831 2871 otnnent
882 2819 934 2872 in
971 2820 1138 2874 Deum
1183 2823 1446 2876 virtutem
1493 2825 1894 2891 perfecﬁssime
1930 2827 2192 2888 excoluit,

561 2951 570 2960 ρ
613 2915 667 2959 et
706 2907 770 2960 ad
821 2924 1098 2964 summum
1152 2911 1208 2965 in
1242 2927 1304 2966 ea
1351 2912 1630 2984 fastigium
1687 2917 1958 2984 pervenit.
2007 2918 2078 2971 ita
2133 2927 2196 2973 ut

609 3000 796 3051 omnia
831 2998 990 3056 facile
1021 3003 1266 3057 mitteret
1303 3020 1411 3058 non
1441 3005 1605 3060 modo
1634 3021 1756 3076 quae.
1781 3021 1934 3062 extra
1963 3025 2190 3078 corpus,

611 3105 802 3143 vrrum
825 3091 988 3145 etiam
1027 3093 1204 3162 ipsum
1237 3109 1443 3164 corpus
1472 3111 1660 3152 amore
1701 3098 1754 3152 in
1789 3100 1959 3154 Deum
1995 3100 2194 3156 ductus

614 3181 667 3234 in
697 3183 937 3249 pericula
965 3185 1035 3239 ob
1079 3187 1402 3255 religionem
1448 3190 1738 3250 subeunda
1769 3191 2028 3247 lubenter
2079 3203 2192 3248 tra-

613 3273 790 3327 deret.
851 3274 1006 3339 Quod
1059 3278 1302 3346 denique
1354 3279 1702 3348 impudenter
1755 3299 1944 3337 eorum
1998 3285 2201 3352 placita

615 3365 895 3431 refutavit,
935 3375 996 3422 ut
1017 3383 1081 3422 ex
1109 3369 1228 3438 ejus
1255 3369 1435 3424 doctis
1462 3383 1518 3425 et
1547 3371 1717 3429 firmis
1754 3375 2192 3442 argumentatio.

614 3458 782 3512 nibus
807 3460 1084 3527 apparuit,
1117 3475 1220 3515 nec
1245 3463 1499 3531 equidem
1535 3464 1776 3519 fortunis
1827 3481 1949 3534 qua:
2011 3481 2098 3520 me
2125 3467 2196 3520 ab

614 3554 806 3606 amicis
841 3555 1294 3616 circumstabant.
1347 3559 1659 3622 retinebar,
1712 3560 2011 3628 quominus
2046 3561 2197 3616 illius

615 3641 790 3694 libros
825 3643 891 3696 ab
919 3645 1004 3698 his
1032 3644 1220 3698 furtim
1249 3647 1500 3703 sublatos
1529 3649 1833 3718 permultos
1853 3651 2197 3718 colligerem,

615 3749 682 3787 ex
716 3736 916 3802 quibus
945 3737 1112 3790 multa
1147 3749 1306 3792 antea
1333 3751 1520 3808 petere
1557 3741 1722 3812 470
1773 3757 1878 3795 non
1924 3742 2196 3810 dubitavi,

619 3843 766 3880 nunc
805 3827 956 3895 [iura
997 3846 1158 3898 quant
1185 3847 1307 3899 qua:
1347 3847 1376 3885 a
1409 3832 1567 3887 nobis
1619 3833 1767 3888 dicta
1821 3846 1972 3898 sunt.
2004 3846 2060 3890 et
2095 3835 2188 3889 fir—

617 3924 788 3974 m'era
813 3923 1082 3990 proferam
1111 3934 1168 3976 ut
1187 3940 1377 3978 omnes
1405 3925 1621 3996 planius
1645 3927 2200 3997 intelligant,quanta

618 4015 836 4069 illorum
863 4017 1104 4086 irreligio
1118 4017 1188 4070 sit
1217 4027 1270 4072 et
1293 4019 1440 4072 illius
1461 4019 1558 4072 viri
1578 4035 1738 4088 quam
1756 4021 1933 4090 ampla
1953 4021 2204 4076 doctrina

617 4118 673 4160 et
703 4125 864 4178 quam
887 4123 1012 4164 acre
1048 4109 1328 4180 religionis
1363 4110 1632 4164 studium.

2223 2780 2270 2838 B

2302 1555 2476 1605 φωσις
2525 1538 2619 1591 τοῦ
2657 1539 2909 1608 Σωτῆρος
2955 1541 3050 1592 ἐπὶ
3101 1538 3195 1592 τοῦ
3241 1541 3402 1609 ὅρους
3434 1537 3494 1592 οῦ
3539 1543 3738 1608 μορφῆς
3767 1539 3844 1590 ἀλ-

2302 1627 2519 1689 λοίωσις
2553 1628 2644 1679 ἐπὶ
2683 1629 2744 1679 to
2775 1627 3161 1698 λαμπρότερον
3193 1629 3485 1698 ἐνομίσθη,
3520 1629 3652 1682 ἀλλά
3675 1629 3730 1681 τὸ
3761 1629 3845 1698 μὲν

2303 1719 2572 1786 σωτήριον
2601 1717 2762 1788 σῶμα
2789 1721 2925 1788 πρὸς
2946 1720 3007 1772 τὸ
3038 1719 3294 1774 ἆκτιστον
3328 1719 3752 1790 μεταϐεϐλῆσθαι
3767 1719 3848 1772 καὶ

2300 1810 2599 1878 ἄφθαρτον,
2629 1811 2691 1862 το
2727 1809 2782 1862 δὲ
2815 1811 2986 1878 φανὲν
3008 1812 3316 1878 τηνικαῦτα
3350 1811 3470 1880 φῶς
3499 1811 3684 1880 θεότης
3717 1812 3848 1865 ἀκτι-

2303 1917 2425 1964 στος
2465 1901 2556 1953 καὶ
2585 1901 2838 1964 ἁνούσιος
2868 1897 3028 1968 εἷναι,
3057 1903 3177 1954 τότε
3211 1903 3311 1972 μὲν
3337 1903 3433 1956 ἐπὶ
3461 1901 3554 1956 τοῦ
3580 1903 3728 1974 ὅρους
3757 1895 3848 1954 οἷον

2300 1993 2476 2062 ἀρχῆς
2500 1994 2804 2063 γενομένης
2835 1997 2900 2062 τῇ
2928 1995 3283 2064 ἀκτιστότητι
3319 1995 3414 2048 τοῦ
3453 1995 3734 2064 ἀνθρώπου
3773 1995 3854 2046 καὶ

2302 2085 2580 2154 ἀφθαρσίᾳ
2605 2086 2679 2148 ὡς
2712 2087 2770 2137 έν
2800 2085 3121 2156 ἀρραϐὦνος
3156 2089 3362 2158 τρόπῳ,
3391 2089 3537 2157 μετά
3562 2087 3616 2142 δὲ
3650 2087 3854 2140 θάνατον

2301 2171 2396 2224 καὶ
2431 2173 2564 2241 πρὸς
2596 2174 2862 2243 οὐρανοὺς
2911 2175 3184 2228 ἀνάϐασιν
3242 2175 3450 2236 τελέως
3477 2175 3583 2246 ήδη
3633 2177 3854 2242 γενέσθαι

2299 2265 2395 2318 καὶ
2428 2265 2590 2330 φύσει
2621 2265 2900 2332 ἀκτιστον,
2951 2266 3048 2320 καὶ
3075 2269 3160 2320 ὃτι
3191 2269 3335 2340 ἀρχὴ
3392 2268 3495 2337 τῆς
3527 2269 3855 2338 εἰκονομάχου

2300 2360 2568 2428 αἱρέσεως
2621 2359 2854 2420 ἐκείνοις
2910 2359 2944 2428 ὴ
2993 2358 3094 2427 τῆς
3151 2359 3638 2430 μεταμορφώσεως
3687 2359 3857 2427 γέγονε

2301 2453 2600 2518 πρόφασις,
2647 2451 2948 2520 ἀκηκόατε,
2997 2452 3100 2504 οὐκ
3149 2451 3366 2505 οἴκοθεν
3400 2451 3542 2520 ἐμοῦ
3591 2451 3856 2520 διηγουμέσ

2299 2561 2418 2609 νου,
2451 2542 2587 2594 ἀλλά
2617 2541 2712 2594 τοῦ
2759 2543 3000 2610 μεγάλου
3039 2543 3252 2614 Πατρδς
3295 2546 3390 2597 καλ¹
3417 2543 3742 2598 διδασκάλου
3777 2543 3857 2612 τῆς

2297 2636 2392 2688 τοῦ
2429 2634 2568 2688 Θεοῦ
2611 2634 2962 2704 Ἐκκλησίας,
2993 2629 3054 2689 οὗ
3096 2636 3156 2688 τὸ
3189 2635 3514 2702 ἀξιόπιστον
3567 2637 3686 2708 μηδ’
3719 2635 3858 2689 αὐτὸν

2299 2726 2454 2796 οἶμαι
2491 2728 2976 2798 παραλογίσασθαι
3008 2728 3098 2781 τὸν
3127 2727 3398 2792 διάϐολον,
3431 2730 3512 2800 μὴ
3561 2730 3662 2784 οὐκ
3709 2727 3858 2798 ἀληθῆ

2299 2821 2502 2888 λέγειν,
2556 2821 2656 2890 οὐχ
2683 2821 2765 2872 ὃτι
2797 2819 2960 2892 σοφίᾳ
3012 2821 3160 2890 πάσῃ
3184 2823 3252 2891 τῇ
3283 2839 3342 2874 τε
3389 2821 3632 2891 θύραθεν
3663 2822 3751 2875 καὶ
3776 2822 3858 2888 ὅση

2299 2917 2396 2983 τῆς
2433 2913 2555 2966 καθ“
2579 2915 2729 2982 ἡμᾶς
2761 2914 3052 2975 εὐσεϐείας
3091 2917 3118 2967 ὁ
3157 2914 3331 2983 μέγας
3363 2916 3732 2986 κεκόσμηται,
3763 2913 3858 2966 ἀλλ’

2297 3007 2380 3057 ὅτι
2402 3005 2496 3057 καὶ
2547 3003 2648 3074 ὅση
2695 3005 2838 3057 κατά
2870 3003 3007 3056 Θεὸν
3065 3005 3258 3074 ἁρετὴ,
3321 3005 3554 3068 τελείως
3619 3006 3861 3076 έξήσκησε

2301 3098 2484 3150 πᾶσαν
2519 3097 2615 3149 καὶ
2665 3097 2800 3164 πρὸς
2833 3095 2892 3148 τὸ
2933 3095 3239 3165 ἀκρότατον
3277 3095 3488 3166 ταύτης
3537 3097 3774 3166 ἀφίκετο,
3802 3095 3861 3155 ὡς

2299 3189 2477 3242 πάντα
2507 3187 2777 3258 προέσθαι
2803 3187 3030 3258 ῥᾳδίως,
3059 3189 3136 3259 μὴ
3167 3189 3247 3242 ὅτι
3279 3205 3343 3255 γε
3376 3189 3485 3242 ὅσα
3513 3188 3606 3242 τοῦ
3631 3189 3859 3256 σώματος

2294 3283 2382 3348 εἴη
2441 3281 2622 3346 ἐκτὸς,
2660 3279 2798 3334 ἀλλά
2841 3281 2936 3334 καὶ
2966 3281 3098 3333 αὐτό
3151 3298 3214 3348 γε
3249 3281 3309 3334 τὸ
3365 3281 3535 3352 σῶμα
3585 3282 3681 3352 τῆς
3731 3279 3858 3340 θείας

2295 3374 2486 3426 ἕνεκεν
2519 3373 2743 3442 ἀγάπης
2789 3373 2871 3435 είς
2902 3373 3032 3436 τοὺς
3062 3374 3202 3443 ὑπὲρ
3237 3375 3340 3444 τῆς
3377 3375 3666 3438 εὐσεϐείας
3699 3372 3856 3427 κινδύ-

2295 3483 2424 3528 νους
2453 3465 2750 3536 προδοῦναι
2787 3464 3109 3535 προθύμως,
3137 3465 3212 3528 ὡς
3244 3467 3510 3536 ἀνωτέρω
3545 3468 3860 3538 προέιρημεν.

2299 3560 2425 3612 Ὀτι
2449 3560 2507 3612 δὲ
2537 3559 2630 3610 καὶ
2661 3555 2876 3620 ἀσεϐῶς
2903 3557 2971 3612 τὰ
3001 3558 3153 3628 σφίσι
3183 3559 3518 3630 νομισθέντα
3551 3561 3861 3628 νενόμισται,

2297 3651 2458 3720 δῆλον
2485 3651 2581 3702 καὶ
2617 3649 2764 3703 τοῦτ’
2793 3651 2856 3704 ὲκ
2889 3653 2996 3703 τῶν
3018 3651 3184 3705 αὐτοῦ
3213 3653 3396 3720 σοφῶν
3436 3655 3536 3708 καὶ
3563 3652 3864 3722 άναντιῤῥή-

2301 3756 2410 3792 των
2436 3737 2662 3806 γέγονεν
2691 3737 3044 3803 ἀποδείξεων.
3098 3739 3293 3794 Καίτοι
3335 3741 3422 3794 διά
3457 3743 3560 3806 τάς
3595 3757 3864 3811 περιεστη-

2305 3830 2468 3892 κυίας
2497 3830 2642 3898 κάμὲ
2675 3829 2811 3899 πρὸς
2842 3829 2952 3882 τῶν
2975 3831 3224 3885 διωκτῶν
3257 3835 3556 3904 συμφορὰς
3589 3835 3697 3887 οὐδ’
3729 3833 3865 3902 ἔσχον

2305 3923 2458 3986 ὅπως
2510 3921 2604 3974 ὑπ’
2665 3921 2850 3975 αὐτῶν
2904 3921 3204 3990 κλαπείσας
3257 3926 3354 3988 τὰς
3414 3927 3632 3980 ἐκείνου
3673 3925 3864 3995 βίϐλους

2309 4013 2639 4084 παμπόλλας
2671 4011 2838 4076 οὔσας
2869 4014 3199 4086 ἀνειληφὼς,
3235 4017 3292 4082 ἑξ
3334 4009 3409 4070 ὧν
3467 4021 3564 4074 καὶ
3605 4017 3722 4072 ὅθεν
3751 4013 3862 4067 πο).-

2303 4107 2462 4169 λάκις
2499 4105 2898 4175 ἀναλαμϐάνων
2941 4109 3205 4179 πρότερον
3249 4109 3548 4178 ἐθεώρουν,
3593 4106 3853 4179 προθεῖναι

617 4203 712 4254 νῦν
745 4206 874 4273 ἡμῖν
922 4206 990 4264 τά
1041 4203 1225 4274 πολλῷ
1272 4203 1380 4256 τῶν
1431 4205 1742 4274 εἰρημένων
1788 4203 1961 4258 πλείω
2005 4222 2064 4258 τε
2121 4203 2217 4258 καὶ
2251 4203 2646 4272 ἐναργέστερα,
2720 4199 2792 4264 ὡς
2840 4202 2975 4253 πᾶσι
3031 4201 3346 4271 γνωσθῆναι
3408 4205 3736 4274 τελεώτερον
3778 4197 3863 4268 τῆς

619 4319 678 4353 τε
719 4299 976 4360 ἀσεϐείας
1030 4301 1256 4352 ἐκείνων
1289 4299 1350 4352 τὸ
1381 4300 1614 4370 μέγεθος
1647 4302 1742 4355 καὶ
1797 4300 1891 4355 τοῦ
1926 4300 2076 4355 θείου
2132 4298 2290 4354 τοῦδε
2328 4297 2522 4366 ἀνδρὸς
2551 4300 2649 4368 τῆς
2685 4299 2876 4366 σοφίας
2903 4297 2962 4350 τὸ
2991 4299 3178 4366 περιὸν
3208 4299 3410 4353 καὶτοῦ
3445 4301 3584 4370 πρὸς
3613 4301 3863 4355 εὐσέϐειαν

621 4395 783 4460 ζήλου
817 4395 874 4444 τὸ
909 4395 1113 4464 σφόδρα
1144 4395 1428 4465 διάπυρον.

695 4482 826 4536 XVI.
847 4485 1087 4549 Quorum
1113 4487 1395 4542 auditores
1423 4488 1546 4544 facti
1569 4489 1948 4546 contradicere
1976 4505 2006 4545 ο
2041 4489 2206 4544 vesti-
2239 4491 2281 4550 C

625 4580 716 4650 gi.»
741 4579 876 4632 nihil
905 4589 1178 4647 poterant,
1203 4594 1306 4634 nec
1351 4583 1680 4651 scriptarum
1718 4584 1826 4640 illis
1855 4581 2208 4653 disceptatio-

627 4688 756 4724 num
781 4671 936 4740 copia
955 4681 1094 4726 erat.
1115 4672 1285 4743 igitur
1307 4673 1372 4726 ad
1409 4674 1640 4730 alterum
1669 4677 2047 4746 confugientes
2101 4691 2204 4746 po-

627 4775 769 4818 stum
799 4773 998 4828 tutum,
1021 4775 1278 4835 tanquam
1297 4781 1564 4821 canoncm
1579 4777 1634 4823 et
1655 4769 1828 4837 legem
1860 4769 2202 4840 illegitimnm

626 4857 978 4928 proferebant
1035 4857 1286 4911 volumen
1343 4859 1628 4927 piraticum
1677 4870 1734 4914 et
1791 4862 1958 4932 impia
2015 4875 2206 4915 sacer-

627 4951 816 5004 dotum
849 4959 904 5004 et
935 4950 1412 5018 grammaticorum
1467 4952 1534 5006 de
1579 4951 1796 5007 Domini
1854 4953 2208 5023 transfigura-

629 5039 776 5092 tiune
824 5039 1019 5106 placita
1075 5039 1132 5092 in
1181 5055 1275 5094 ore
1321 5040 1616 5096 habebant.
1673 5043 1886 5110 Quibus
1932 5043 2206 5112 Gregoras

627 5130 954 5198 rcSpmtdit:
1010 5131 1149 5186 «Nec
1199 5131 1252 5185 in
1287 5143 1526 5187 mentem
1571 5133 1727 5188 vobis
1783 5135 1934 5188 venit
1985 5133 2204 5187 tandem

627 5225 918 5294 aliquando
945 5226 1156 5282 sentire
1181 5241 1279 5282 vos
1303 5228 1542 5294 majores
1579 5228 1762 5298 plagas
1789 5243 1942 5282 nova:
1971 5227 2205 5281 Palamae

626 5315 1018 5370 iconomaehiat
1072 5324 1255 5370 texere
1300 5317 1383 5370 eis
1434 5331 1570 5384 quas
1628 5333 1776 5370 nunc
1829 5317 2202 5382 introduc-itis.

627 5419 686 5464 ut
721 5407 860 5462 infra
895 5410 1346 5468 monstrabimus.
1409 5411 1562 5468 Licet
1585 5411 1732 5465 enim
1767 5410 1926 5464 nobis
1957 5427 2208 5480 perscru-

633 5505 882 5560 tantibus
913 5505 1222 5576 intelligere
1281 5507 1433 5562 illunt
1467 5505 1664 5561 similia
1710 5505 1824 5558 suis
1875 5503 2134 5568 illudere,
2160 5503 2204 5557 si

627 5595 998 5666 improbitatis
1029 5597 1249 5652 radices
1287 5607 1346 5652 et
1381 5599 1611 5668 primam
1663 5596 1932 5666 originem
1987 5595 2203 5648 vi.lerit.

629 5687 782 5742 Licet
813 5704 912 5742 nec
943 5691 1123 5743 minus
1150 5689 1400 5758 intelligi.
1431 5699 1687 5758 quantam
1715 5689 1803 5742 ille
1834 5687 2205 5740 accessionem

627 5777 822 5834 fecerit
849 5779 1006 5849 stirpi
1037 5781 1206 5849 stirpe
1234 5779 1418 5833 addita
1445 5791 1499 5834 et
1527 5779 1764 5834 licentia:
1797 5779 2036 5832 licentia.
2093 5777 2206 5831 'Sitt

631 5887 762 5927 vero
788 5872 992 5942 aliquid
1033 5875 1102 5929 sit
1137 5873 1200 5929 ad
1236 5873 1626 5944 perfectiorem
1669 5872 2078 5942 perceptionem
2117 5885 2206 5924 re-

2387 4483 2508 4554 ις’.
2543 4485 2762 4540 Τούτων
2794 4486 2992 4539 ἐκεῖνοι
3023 4487 3159 4550 τέως
3195 4488 3456 4554 αὐτήκοοι
3488 4491 3762 4560 γενόμενοι
3787 4489 3862 4538 άν-

2314 4577 2555 4646 τιλέγειν
2586 4578 2687 4644 μὲν
2741 4579 2802 4630 ἐκ
2861 4577 2958 4630 τοῦ
2989 4579 3178 4642 εὐθέος
3215 4581 3415 4650 ἥκιστα
3449 4577 3632 4650 εἶχον·
3675 4577 3774 4632 οὐδ’
3810 4571 3865 4646 ἦν

2311 4671 2547 4742 εὐπορία
2576 4671 2866 4742 γραφικῶν
2899 4671 3233 4736 ἀποδείξεων
3256 4673 3434 4740 σφίσι.
3467 4675 3560 4726 Διὸ
3593 4674 3684 4728 καὶ
3708 4674 3760 4735 ἐς
3788 4671 3864 4722 τὸν

2309 4761 2567 4833 δεύτερον
2599 4763 3065 4832 καταπεφεύγασι
3100 4763 3296 4830 πλοῦν,
3323 4767 3419 4818 καὶ
3455 4766 3659 4820 κανόνα
3683 4764 3770 4818 καὶ
3795 4761 3866 4814 v6-

2314 4873 2416 4926 μον
2449 4857 2666 4916 ἑαυτοῖς
2713 4855 2807 4908 τὸν
2841 4855 3165 4924 παράνομον
3209 4857 3526 4928 προῦφερον
3551 4859 3712 4928 τόμον
3745 4855 3864 4907 Exsi-

2310 4965 2401 5000 vov
2430 4947 2519 4999 τὸν
2550 4945 2863 5018 λῃστρικὸν,
2911 4949 3003 5000 καὶ
3037 4947 3106 5000 τά
3141 4949 3271 5018 περὶ
3310 4950 3411 5012 τῆς
3437 4950 3533 5002 τοῦ
3561 4951 3758 5019 Κυρίου
3787 4961 3863 5014 με·

2310 5037 2723 5109 ταμορφὼσεως
2783 5041 2901 5093 ἐκεῖ
2938 5043 3054 5102 τοῖς
3101 5041 3426 5112 ἀρχιερεῦσι
3469 5039 3672 5112 [εειδ
3699 5041 3749 5110 b]
3787 5039 3862 5092 καὶ

2311 5131 2735 5204 γραμματεῦσιν
2771 5133 2988 5196 ἀσεϐῶς
3045 5137 3367 5203 κυρωθέντα
3409 5136 3502 5190 διὰ
3533 5137 3786 5206 στόματος
3810 5125 3861 5200 ἦ·

2311 5239 2435 5291 γον’
2479 5223 2615 5291 πρὸς
2652 5222 2746 5288 οὓς
2797 5225 2824 5276 ὁ
2858 5225 3170 5296 Γρηγορᾶς,
3215 5245 3233 5278 ‹
3293 5222 3426 5282 Εἶτα
3455 5229 3584 5282 οὐδὲ
3635 5228 3748 5288 νοῦς
3788 5239 3860 5280 τις

2310 5317 2512 5384 ἔπεισι,
2549 5335 2566 5368 ι
2632 5316 2818 5386 φησὶν,
2878 5335 2896 5368 ι
2935 5318 3087 5387 ὑμῖν,
3144 5319 3242 5388 ὀψὲ
3299 5319 3430 5389 γοῦν
3477 5319 3754 5374 αἰσθέσθαι
3794 5313 3856 5374 ὡς

2315 5409 2490 5478 μείζω
2528 5408 2596 5461 τὰ
2624 5409 2820 5462 δίκτυα
2848 5409 3080 5463 πλέκετε
3111 5413 3205 5464 νῦν
3239 5413 3380 5465 κατά
3411 5413 3509 5482 τῆς
3534 5413 3656 5474 νέας
3683 5411 3858 5461 sitinve-

2315 5501 2521 5571 μαχίας
2539 5501 2632 5552 τοῦ
2656 5501 2894 5571 ιιαλαμᾶ
2917 5503 2986 5554 δι’
3003 5497 3078 5556 ὧν
3095 5504 3346 5569 είσάγετε
3373 5505 3488 5566 νῦν,Ι
3514 5505 3588 5568 ὡς
3609 5501 3859 5572 δειχθήσεο

2311 5591 2656 5656 ται.Ἒξεστι
2685 5591 2786 5662 μὲν
2819 5593 2930 5662 γὰρ
2953 5595 3046 5646 καὶ
3074 5594 3203 5663 ὑμῖν
3233 5595 3406 5663 δήπου
3425 5590 3862 5664 παρεξετάζουςιν.

2313 5687 2378 5738 ὲκ
2411 5685 2580 5738 τῶνδε
2621 5687 2856 5757 συνορᾷν
2883 5687 2958 5748 ὡς
2994 5689 3090 5741 καὶ
3121 5689 3282 5754 αὐτὸς
3316 5691 3384 5742 τὰ
3414 5689 3554 5740 αὐτά
3587 5688 3693 5748 τοῖς
3717 5675 3853 5734 αὐτοῦ

2315 5779 2652 5847 βλασφημεῖ,
2693 5781 2747 5833 εί
2769 5797 2821 5832 τι
2847 5780 2993 5851 ὁρῴη
3023 5781 3122 5846 τὰς
3151 5783 3253 5850 τῆς
3285 5783 3484 5843 κακίας
3517 5779 3670 5850 ῥίζας
3711 5775 3856 5831 miti;

2317 5871 2408 5924 καὶ
2441 5873 2537 5946 τὴν
2573 5873 2794 5945 πρώτην
2830 5873 3067 5947 βλάστην
3094 5893 3104 5904 ·
3141 5877 3318 5941 ἔξεστι
3345 5875 3388 5928 δ’
3431 5873 3526 5944 οὐχ
3559 5869 3712 5944 ἦττον
3743 5880 3850 5918 συν·
