4134 6286
321 416 425 481 421

397 532 472 586 Β¹.
513 530 655 599 Πρὸς
685 529 858 582 ταῦτα
909 528 935 583 ὁ
974 528 1257 598 Γρηγορᾶς
1310 528 1670 597 ἀποκρίνεται
1705 522 1902 577 οὑτωσί
1932 527 1976 579 Α

319 641 443 685 πως
463 622 655 675 εἰπών’
689 621 820 673 Ἰδοὺ
839 621 933 673 καὶ
950 620 1042 671 νῦν
1063 621 1089 671 δ
1105 620 1390 685 Παλαμᾶς,
1406 618 1479 679 ὼς
1497 618 1684 687 ὁρᾶτε,
1704 616 1900 682 θέωσιν

323 722 420 769 καὶ
457 715 693 782 θεότητα
734 712 1100 780 συμπεραίνει
1136 710 1368 763 ἐνταῦθα
1420 712 1480 760 τὸ
1518 708 1631 781 φῶς
1669 707 1766 773 τῆς
1802 721 1903 774 με-

318 806 756 879 ταμορφώσεως,
819 806 912 857 καὶ
971 805 1116 856 δυοῖν
1165 801 1419 871 θάτερον,
1472 801 1503 869 ἢ
1546 797 1904 868 μετουσίωσιν

324 903 426 970 τῆς
457 901 547 953 τοῦ
580 901 759 966 Λόγου
792 897 1061 966 θεότητος
1093 896 1187 947 καὶ
1222 893 1529 964 μεταϐολὴν
1583 892 1720 961 πρὸς
1751 890 1909 956 ὑφει-

324 993 491 1059 μένον
521 992 614 1041 καῖ
645 987 1021 1041 ἀνυπόστατον
1048 984 1184 1053 φῶς,
1214 984 1246 1053 ἢ
1275 984 1377 1051 τῆς
1414 983 1505 1034 τοῦ
1535 981 1724 1034 δούλου
1770 996 1902 1049 μορε

322 1084 434 1153 φῆς
479 1080 792 1143 ἀλλοίωσιν,
828 1080 902 1141 ὡς
948 1078 1297 1147 εἰρήκειμεν,
1357 1075 1436 1136 είς
1484 1075 1738 1129 ἄκτιστον
1786 1071 1902 1138 φῶς

322 1176 418 1226 καὶ
452 1173 718 1239 δευτέραν
744 1170 844 1239 τῆς
874 1170 1102 1238 πρώτης
1128 1168 1380 1233 ἁνούσιον
1413 1166 1665 1233 θεότητα.
1703 1163 1846 1225 Ἄλλε
1877 1164 1904 1214 ὁ

326 1267 429 1337 μὲν
456 1267 584 1334 περὶ
634 1264 825 1315 τούτου
857 1261 1016 1329 λόγος
1064 1260 1241 1331 βραχύ
1281 1278 1333 1312 τι
1381 1256 1774 1326 ἀναϐεϐλήσθω
1814 1273 1905 1324 μοι

321 1360 463 1419 τέως
488 1374 502 1388 ·
541 1360 724 1409 ἐκεῖνο
767 1356 824 1407 δέ
873 1372 965 1423 μοι
1020 1353 1329 1422 θαυμάζειν
1357 1352 1559 1411 ἔπεισι,
1603 1350 1718 1411 πῶς
1746 1350 1909 1415 ἕτερα

326 1450 425 1519 μὲν
452 1450 507 1500 ἐν
536 1449 657 1509 ταῖς
682 1444 788 1499 τῶν
827 1443 919 1497 τοῦ
948 1444 1116 1513 τόμον
1143 1442 1459 1511 κεφαλαίων
1492 1442 1687 1510 ἀρχαῖς
1732 1442 1909 1506 ἐπαγ-

320 1538 790 1606 γέλλεται,ἷέτερα
833 1534 883 1588 δ’
931 1535 1311 1590 ἀποδεικνύειν
1362 1535 1665 1601 ἐπείγεται,
1713 1533 1808 1597 κοιλ⁵
1840 1527 1906 1585 αὖ

323 1630 517 1699 ἑτέραν
541 1627 653 1697 ἔχει
684 1626 927 1679 διάνοιαν
948 1624 984 1678 ἃ
1017 1626 1345 1695 προκομίζει
1380 1626 1515 1695 πρὸς
1547 1624 1743 1677 ἑαυτοῦ
1772 1642 1910 1693 συμ-

326 1721 535 1791 μαχίαν
563 1719 703 1790 ῥητά
729 1735 741 1748 ·
798 1717 871 1781 ὡς
906 1717 1154 1786 γίνεσθαι
1182 1718 1417 1788 τριπλῆν
1453 1718 1549 1773 καὶ
1591 1716 1909 1783 πολλαπλῆν

322 1816 423 1885 τὴν
453 1815 621 1883 ζάλην
666 1809 747 1875 οἷς
786 1812 921 1881 πρὸς
955 1811 1268 1880 βουλήσεως
1323 1811 1408 1881 εῖη
1464 1810 1761 1881 προσέχειν
1818 1808 1909 1860 τὸν

1285 404 1727 471 ΒΥΖΛΝΤΙΝίΕ
1764 394 2154 465 IIlSTORUE
2182 399 2329 475 LIB.
2381 398 2612 458 XXXV.

3476 374 3584 456 42:5.

2076 515 2146 587 ll.
2181 515 2262 583 Ad
2314 530 2443 584 quae
2499 510 2841 582 respondens
2867 509 3146 582 .Gregoras
3207 511 3257 571 in
3285 510 3434 571 hunc
3479 512 3595 567 fere

2005 612 2228 677 modum
2256 607 2472 661 loculus
2499 616 2581 675 est
2606 623 2617 658 :
2646 605 2793 671 Ecce
2820 604 3087 667 Palamas,
3120 612 3180 659 ut
3209 601 3431 667 videtis,
3462 616 3597 668 apo-

2007 700 2224 754 theosin
2272 709 2324 761 ct
2369 698 2628 766 deitatem
2674 696 2963 761 confundit
3002 696 3056 749 in
3082 696 3208 753 luce
3238 692 3596 762 transﬁgura-

2008 793 2191 858 tionis,
2240 803 2403 865 atque
2455 800 2550 857 aut
2595 790 2758 851 Verbi
2818 788 3078 851 deitatem
3133 797 3495 852 permutatam
3538 795 3594 838 et

2006 885 2275 955 dejectam
2313 883 2381 937 ad
2414 882 2748 949 snbstratam
2782 892 2836 935 et
2868 878 3349 939 insubStantialem
3383 877 3593 943 lucem,

2006 986 2101 1031 aut
2120 976 2263 1037 servi
2291 975 2615 1039 formam,ut
2637 973 2902 1035 diximus,
2922 971 3187 1031 variatam
3207 970 3260 1025 in
3288 972 3590 1024 increatam

2008 1070 2185 1123 lucem
2207 1078 2262 1122 ct
2280 1068 2506 1131 alteram
2530 1065 2937 1125 inessentialem
2959 1064 3244 1125 deitatem.
3261 1062 3368 1118 Sed
3385 1062 3605 1129 disqui-‘

2008 1160 2207 1215 sitione
2233 1160 2300 1214 de
2336 1160 2439 1214 hoc
2463 1159 2651 1219 dilata,
2673 1158 2806 1221 illud
2845 1142 3332 1224 miror-,qumnodo
3359 1153 3593 1209 alterum

2002 1249 2062 1315 in
2093 1251 2390 1305 voluminis
2419 1252 2691 1320 capitibus
2715 1250 2841 1305 inde
2873 1250 2941 1311 ab
2962 1250 3131 1307 initio
3158 1246 3603 1317 proﬁteatur,al-'

2009 1352 2183 1397 terum
2206 1342 2585 1407 demonstrare
2643 1353 2896 1396 conetur.
2918 1341 2992 1399 ,Et
3044 1356 3211 1409 porro
3246 1340 3412 1395 alium
3464 1355 3603 1393 ,sen-'

2008 1447 2128 1491 sum
2180 1434 2385 1489 habent
2412 1434 2528 1499 illa,
2563 1450 2682 1502 quae
2715 1434 2780 1487 ad
2807 1450 2866 1493 se
2898 1432 3307 1491 defendendum
3349 1432 3603 1500 praemit-i

2011 1524 2093 1589 tit,
2134 1525 2299 1597 dicta,
2345 1525 2421 1578 ita
2454 1535 2513 1579 ut
2543 1527 2588 1584 si
2617 1526 2712 1594 qui
2742 1526 2940 1589 velint,
2983 1525 3187 1581 variam
3228 1539 3293 1578 ac
3324 1523 3594 1591 multipli-

2008 1630 2125 1683 cem
2168 1632 2352 1685 rerum
2402 1615 2787 1681 conlusionem
2833 1615 3000 1686 [‘76
3046 1614 3492 1681 animadvertant
3539 1622 3596 1666 ct

2009 1710 2179 1763 multa
2225 1709 2532 1775 inscientiae
2579 1710 2698 1777 ejus
2736 1718 2792 1761 et
2829 1708 3187 1779 malignitatis
3238 1706 3594 1761 documenta.

2009 1799 2387 1867 Similiscnim
2422 1801 2468 1854 ei
2489 1810 2591 1866 est,
2613 1801 2706 1870 qui
2736 1800 3027 1871 :Bnigmata
3059 1799 3483 1870 moponit..ldeo
3514 1799 3598 1863 in-

323 1904 477 1965 νοῦν,
506 1904 602 1956 καὶ
641 1903 757 1972 ἅμα
784 1902 1007 1955 διπλοῦν
1034 1901 1129 1954 καὶ
1159 1900 1503 1957 πολλαπλούν
1530 1902 1627 1977 τῆς
1662 1899 1903 1966 ἀμαθίας

2019 1894 2227 1971 μίτοι-ε
2257 1894 2567 1959 existimavi
2599 1905 2875 1962 oportere,
2912 1909 3043 1947 nqu
3074 1893 3203 1945 velit
3233 1890 3469 1960 experiri
3492 1890 3599 1944 [Pa-

326 1993 498 2047 αὑτοῦ
525 1994 618 2045 καὶ
635 1994 1003 2057 κακοτροπίας
1029 1995 1121 2045 τδν
1148 1991 1367 2061 ἔλεγχον
1390 2010 1400 2021 ·
1425 1991 1567 2045 ἔοικε
1590 1993 1695 2058 γὰρ
1718 1991 1906 2061 ῶσπερ

326 2085 628 2152 αἰνίγματα
652 2082 950 2135 συντιθέντι
972 2081 1197 2151 ὁτῳοῦν.
1230 2084 1320 2134 Διὸ
1346 2082 1442 2135 καὶ
1468 2085 1687 2134 σκοπεῖν
1716 2082 1907 2150 έκρινα

326 2178 460 2238 δεῖν,
501 2176 684 2244 μήπου
745 2176 1151 2244 ἀποπειρᾶσθαι
1208 2175 1470 2244 βούληται
1528 2176 1819 2243 Παλαμᾶς.
1856 2176 1907 2226 εί

331 2265 439 2333 ἄρα
476 2262 755 2331 γνώσομαι
803 2263 1282 2333 χαριεντιζομένου
1333 2262 1497 2314 αὑτοῦ
1550 2266 1642 2315 καὶ
1701 2262 1907 2331 σφόδρα

335 2356 585 2423 λέγοντος
620 2355 819 2408 ἑαυτοῦ
848 2356 1110 2408 τάναντία
1148 2354 1521 2418 παντάπασιν,
1547 2354 1737 2421 ῶσπερ
1771 2353 1836 2405 ἂν
1860 2354 1909 2406 εί

333 2449 681 2515 ἀντωμοσίαν
720 2447 1157 2518 διαμειψάμενος
1199 2449 1385 2516 ἔλεγεν
1413 2448 1695 2517 ἄντικρυς,
1723 2449 1804 2500 ὅτι
1843 2450 1909 2501 Ἃ

331 2542 605 2609 προτείνω
642 2544 734 2595 καὶ
760 2542 1026 2611 βούλομαι
1060 2542 1264 2609 λέγειν,
1293 2541 1468 2594 ταῦτα
1500 2542 1634 2606 δῆτα
1689 2543 1749 2593 οὑ
1787 2540 1912 2611 βού-

331 2635 503 2703 λομαι
529 2633 731 2702 λέγειν,
769 2635 864 2686 καὶ
893 2627 973 2697 οἷς
997 2633 1330 2703 ἀπαγορεύω
1361 2634 1436 2702 μὴ
1467 2635 1787 2702 συμφωνεῖν
1817 2651 1914 2699 κα-

334 2726 601 2791 κοδόξοις,
631 2725 842 2788 τούτοις
872 2728 934 2778 ἐκ
959 2724 1054 2778 τοῦ
1080 2726 1394 2795 προφανοῦς
1427 2725 1732 2801 συμφωνῶν,
1764 2726 1915 2795 παρὰ

333 2818 595 2870 τοσοῦτον
642 2818 821 2872 αὐτῶν
877 2819 1223 2887 διιστάμενος
1280 2820 1409 2886 παρ’
1443 2821 1568 2872 ὅσον
1614 2819 1808 2887 αὐτοὺς
1858 2820 1914 2875 ἐν

339 2908 533 2968 κακοῖς
567 2906 889 2976 ὑπερϐάλλω
911 2924 924 2938 ·
959 2907 1055 2976 τῆς
1103 2907 1210 2975 γὰρ
1244 2907 1442 2970 κακίας
1479 2908 1569 2959 ἐπὶ
1605 2907 1665 2960 τὸ
1709 2908 1914 2974 φιλότι-

344 3017 448 3069 μον
485 3002 831 3070 κινουμένης,
858 3001 917 3054 ού
953 3001 1095 3069 μάλα
1139 2986 1403 3071 βραχεῖαν
1472 3002 1569 3070 τὴν
1636 3001 1915 3071 παρενθή-

2016 1984 2209 2051 lamas,
2240 2001 2378 2038 num
2414 1985 2779 2054 intelligerem
2828 1998 2857 2036 e
2898 2000 2955 2037 re
2988 1998 3107 2040 mea
3141 1998 3201 2038 se
3233 1984 3384 2051 loqui
3422 1996 3596 2049 itaque

2018 2076 2175 2143 valde
2200 2078 2502 2139 {corruat-ia,
2539 2085 2597 2141 ut
2631 2076 2676 2133 si
2723 2076 2851 2143 quis
2890 2075 2945 2128 in
2982 2073 3331 2129 defendendo
3360 2074 3598 2131 crimine

2016 2169 2331 2230 exsiswret,
2387 2184 2508 2237 quae
2567 2168 2857 2236 proﬁterer
2909 2174 2965 2220 ct
3020 2164 3453 2231 vellcmdicere,
3485 2179 3597 2217 non

2020 2278 2104 2314 me
2166 2261 2307 2327 velle
2363 2260 2568 2325 dicere,
2619 2268 2676 2313 et
2723 2259 3051 2327 quibuscum
3101 2257 3486 2311 contenderem
3526 2272 3603 2311 ne

2017 2350 2387 2404 consentirem
2443 2348 2735 2418 improbis,
2789 2365 2912 2402 cum
2950 2351 3031 2403 eis
3080 2364 3166 2401 me
3205 2364 3432 2417 prorsus
3463 2363 3599 2401 con-

2018 2444 2247 2511 sentire,
2286 2432 2571 2527 tantopere
2627 2444 2696 2499 ab
2751 2443 2862 2511 illis
2911 2452 3208 2504 remotum,
3259 2453 3602 2511 quantopere

2017 2553 2112 2592 eos
2148 2537 2499 2607 improbitate
2550 2552 2845 2606 exsupero.
2876 2537 3249 2605 lmprobitatis
3291 2538 3437 2589 enim
3476 2552 3602 2605 quae

2019 2628 2085 2682 ad
2115 2629 2478 2695 tari‘nbitionem
2509 2629 2859 2699 progreditur
2879 2669 2892 2691 ,
2925 2645 3033 2682 non
3091 2629 3258 2683 breve
3303 2638 3451 2683 ecrte
3480 2628 3605 2685 illo-

2030 2738 2150 2787 rum
2230 2722 2591 2790 blasphemiis
2662 2722 3095 2779 additamentum
3169 2721 3341 2786 dedi,
3389 2732 3449 2776 ut
3494 2722 3601 2776 itali

2022 2814 2183 2879 modo
2214 2815 2421 2871 clarum
2454 2828 2655 2868 nomen
2698 2812 3270 2882 adipiscercr..Claros
3300 2814 3445 2867 enim
3480 2814 3600 2867 ﬁeri

2022 2921 2132 2971 non
2154 2918 2300 2967 recte
2322 2905 2482 2965 factis
2513 2907 2691 2963 solum
2722 2906 2935 2971 audivi,
2972 2922 3161 2959 verum
3194 2906 3357 2959 etiam
3391 2922 3455 2961 ca
3481 2922 3603 2975 qua:

2024 2999 2433 3067 improbitatem
2465 3007 2757 3068 exsuperat
2787 3000 3143 3053 scelestos-um
3178 3000 3373 3069 gloria.

340 3109 445 3159 κην
484 3091 575 3144 ἐπί
612 3095 723 3154 τοῖς
757 3091 978 3145 ἐκείνων
1005 3091 1342 3162 βλασφήμοις
1372 3092 1726 3162 ἐνεδειξάμην
1764 3092 1895 3161 ἐγὼ,
1939 3090 2006 3143 ἵν’
2035 3092 2236 3157 οὑτωσὶ
2273 3090 2600 3161 περιϐόητον
2641 3093 2929 3161 κτήσωμαι
2975 3091 3247 3162 τοῦνομα·
3282 3096 3452 3151 ποιεῖν
3495 3095 3604 3165 γὰρ

378 3187 588 3257 ἥκουσα
650 3185 1005 3255 περιϐοήτους
1052 3187 1112 3239 οὐ
1183 3184 1361 3248 δεξιὰς
1399 3186 1628 3256 πράξεις
1673 3187 1858 3255 μόνον,
1881 3185 2016 3240 ἀλλὰ
2058 3186 2153 3249 καὶ
2185 3185 2385 3238 κακίαν
2413 3184 2653 3253 νικῶσαν
2680 3185 2943 3254 «πονηρῶν
2974 3185 3352 3255 εὐδοκίμησιν.

416 3283 492 3335 Γ’.
522 3281 716 3350 ,Οὕτως
744 3281 970 3344 ἇστατος
1002 3284 1098 3335 καὶ
1129 3281 1385 3343 ἀϐέϐαιός
1412 3283 1534 3333 ἐστι
1557 3283 1649 3333 καὶ
1680 3281 1911 3353 ἀνέδρα-
1939 3283 1985 3345 C

343 3392 471 3439 σ.ος
504 3374 561 3438 ἐξ
598 3374 868 3443 ¹όιμαθίας,
920 3374 995 3432 ῶς
1031 3372 1161 3444 μήθ’
1205 3373 1240 3427 δι
1277 3376 1387 3426 νοεῖ
1418 3372 1681 3429 δύνασθαι
1710 3373 1911 3442 λέγειν,

344 3465 477 3537 μήθ’
507 3466 541 3533 ὃ.
578 3467 726 3533 λέγει
786 3465 1047 3519 δύνασθαι
1099 3466 1366 3531 ξυννοεῖν,
1400 3466 1535 3518 ἀλλὰ
1575 3467 1670 3520 καὶ
1700 3464 1781 3530 οἷς
1817 3468 1915 3536 μὲν

338 3556 594 3608 κοινωνεῖ
635 3553 1284 3624 βλασφημοῦσι,τούτους
1320 3558 1496 3610 δοκεῖν
1536 3557 1914 3627 ἀποσείεσθαι,

338 3646 439 3709 οὓς
470 3646 514 3725 δ’
565 3646 908 3708 ἀποσείεται,
960 3646 1172 3710 τούτοις
1231 3648 1409 3701 δοκεῖν
1462 3652 1764 3721 κοινωνεῖν,
1823 3649 1917 3716 κ-αξι

339 3741 515 3809 ἄμφω
548 3740 645 3810 μὲν
671 3741 955 3811 λοιδορεῖν,
988 3742 1188 3810 ἀμφοῖν
1220 3741 1276 3795 δέ
1310 3744 1643 3812 συμφωνεῖν.
1678 3745 1787 3805 Καὶ
1818 3742 1919 3805 οὐκ

340 3829 445 3886 οἶδ’
483 3833 741 3904 ὁπότερον
781 3832 881 3901 μὲν
926 3831 1036 3885 τῶν
1077 3832 1264 3886 κακῶν
1316 3834 1637 3887 ἀποσείεται
1683 3833 1921 3902 μάλιστα

343 3924 592 3989 πάντων,
625 3923 868 3993 ὁποτέρῳ
899 3923 945 3974 δ’
971 3922 1037 3977 αὖ
1074 3925 1359 3977 σπένδεται
1401 3925 1636 3994 μάλιστα
1666 3926 1883 3977 πάντων
1902 3941 1917 3957 '

346 4018 530 4071 πάντα
568 4016 669 4086 μὲν
699 4016 808 4085 γὰρ
836 4016 934 4069 ὅσα
961 4017 1008 4069 οῖ
1041 4015 1281 4087 λεχθείη,
1311 4018 1484 4088 μεστὰ.
1515 4019 1721 4081 κακῶν,
1742 4021 1923 4073 πάντα

337 4108 395 4162 δ’
437 4108 535 4159 ὅσα
568 4106 619 4159 al
661 4106 955 4175 γνωσθείη,
1003 4107 1164 4177 γέμει
1196 4108 1418 4173 νυκτός.
1458 4107 1689 4160 Βεϐαίου
1741 4107 1798 4160 δὲ
1830 4110 1922 4177 καὶ

341 4197 608 4251 ἀϐεϐαίου
656 4197 803 4267 πέρι,
859 4195 982 4249 οὗτε
1023 4197 1250 4268 θάτερον
1298 4196 1415 4251 οὒτ’
1470 4200 1757 4269 οὐδέτερον
1810 4198 1920 4252 οὐτ’

342 4289 660 4359 ἀμφότερον
696 4287 848 4357 εὖροι
876 4305 960 4351 τις
987 4287 1053 4341 ἂν
1084 4290 1417 4360 ἐρριμμένον
1449 4289 1481 4360 ἢ
1520 4289 1924 4360 ἀνειλημμένον

343 4383 407 4442 ἐς
432 4380 493 4432 τὸ
524 4377 945 4447 όπωσδηποτοῦν
975 4376 1145 4447 σαφὲς
1189 4379 1395 4448 τάνδρί.
1431 4376 1588 4430 Οὕτω
1639 4380 1773 4446 πρὸς
1803 4378 1925 4439 ἄτο-

344 4463 452 4515 πόν
504 4479 559 4514 τι
599 4463 694 4514 καὶ⁹
738 4460 1039 4531 τερατῶδες
1089 4464 1116 4514 ό
1154 4462 1419 4529 γεννάδας
1468 4461 1922 4530 μεταπέπλασται

296 4556 542 4626 εχρῆμα
566 4571 577 4583 ·
608 4558 671 4607 ἐκ
699 4554 798 4623 μὲν
834 4555 943 4623 γὰρ
964 4553 1056 4605 τοῦ
1085 4552 1363 4623 ὁμοδοξεῖν
1392 4556 1503 4617 τοῖς
1526 4554 1922 4624 Εἰκονομάχοις

2088 3280 2177 3334 Ill.
2206 3280 2358 3337 Adeo
2384 3280 2528 3335 enim
2559 3280 2835 3334 instabilis
2865 3288 2920 3334 et
2948 3281 3166 3337 mobilis
3193 3294 3246 3336 et
3284 3284 3603 3340 inconstans

2019 3386 2117 3439 per
2144 3370 2503 3440 ignorantiam
2541 3356 2644 3435 est,
2667 3379 2843 3426 utnec
2860 3372 3044 3426 dicere
3066 3373 3235 3442 possit
3251 3389 3372 3443 quae
3403 3377 3607 3446 cogitat

2015 3478 2124 3523 nec
2173 3462 2415 3531 cogitare
2458 3478 2586 3531 qua:
2634 3463 2794 3528 dicit,
2842 3465 2938 3519 sed
2973 3465 3308 3534 quibuscum
3345 3467 3605 3539 blasphe-

2014 3552 2155 3607 mias
2205 3552 2601 3615 communicat,
2651 3568 2748 3608 eos
2805 3555 3061 3610 videatur
3115 3559 3399 3620 aversari,
3466 3575 3607 3629 quas

2019 3652 2199 3709 autem
2231 3654 2536 3708 aversatur,
2567 3660 2693 3701 cum
2726 3645 2795 3700 iis
2826 3648 3260 3713 communicare,
3302 3650 3377 3704 ita
3404 3661 3464 3705 ut
3484 3667 3610 3707 eos-

2021 3736 2144 3789 dem
2179 3746 2233 3790 et
2271 3738 2636 3791 calumnietur
2688 3748 2741 3792 et
2769 3752 3051 3808 sequatur.
3105 3742 3217 3798 Nec
3260 3744 3375 3799 seio
3415 3763 3615 3814 quem-

2021 3841 2147 3895 nam
2184 3827 2480 3894 impiorum
2512 3829 2758 3883 omnium
2783 3830 3019 3885 maxime
3049 3840 3353 3896 aversetur,
3383 3834 3615 3888 cuinam

2020 3917 2182 3988 477
2217 3933 2347 3971 vero
2384 3918 2629 3972 omnium
2689 3921 2926 3975 maxime
2958 3921 3160 3977 lavat.
3219 3924 3409 3979 Omnia
3457 3928 3615 3981 enim.

2021 4024 2086 4064 ea
2132 4026 2253 4080 quae
2288 4011 2427 4065 abeo
2454 4012 2598 4069 dicta
2620 4025 2768 4077 sunt,
2802 4016 2961 4082 plena
3015 4014 3395 4085 malignitatis,
3423 4020 3613 4076 omnia

2023 4116 2146 4171 quae
2189 4102 2256 4157 ab
2292 4117 2357 4156 co
2391 4104 2609 4172 cegnita
2658 4114 2808 4168 sunt,
2857 4115 3070 4160 scatent
3118 4107 3382 4161 tenebris.
3448 4110 3617 4175 Quod:

2023 4209 2155 4249 vero
2184 4202 2395 4249 certum
2428 4206 2483 4248 et
2532 4196 2804 4257 incertum
2853 4198 3086 4264 attinet,
3138 4208 3403 4253 neutrum
3457 4213 3621 4255 certe

2024 4286 2316 4355 quisquam
2355 4286 2599 4354 inveniet
2626 4299 2723 4351 aut
2756 4289 3022 4359 rejeetum
3052 4290 3123 4344 ab
3152 4305 3219 4344 eo
3251 4301 3347 4345 aut
3378 4292 3442 4345 ad
3479 4309 3614 4361 ρει-ο

2024 4378 2374 4449 spicuitatem
2410 4380 2707 4449 quamdam
2742 4392 3021 4437 vocatum.
3091 4384 3278 4452 Itaque
3313 4401 3514 4439 novum
3551 4396 3623 4440 et.

2027 4470 2228 4533 mirum
2258 4469 2312 4523 in
2338 4468 2563 4536 modum
2600 4469 2878 4540 ingenuus
2906 4471 2995 4525 ille
3025 4487 3138 4526 rem
3159 4475 3413 4529 mutavit.
3451 4476 3620 4543 Quod

2027 4560 2176 4627 enim
2233 4561 2505 4621 consentit
2557 4577 2682 4625 cum
2722 4562 3145 4633 .lcnuomachis,
3191 4570 3471 4625 consociat
3499 4572 3619 4626 sibi

346 4648 639 4699 σπένδεται
682 4646 781 4715 μὲν
824 4647 920 4698 καὶ
952 4644 1134 4713 χαίρει
1178 4646 1289 4707 τοῖς
1317 4644 1478 4709 αὐτὸς
1519 4645 1704 4708 αὐτοῖς
1730 4662 1741 4673 '
1786 4647 1849 4698 ἐκ
1875 4645 1918 4700 δ’

2027 4665 2125 4709 eos
2153 4659 2206 4706 et
2237 4660 2405 4716 amat.
2462 4651 2618 4719 Quod
2667 4668 2797 4713 vero
2824 4666 3072 4721 veretur,
3100 4674 3170 4712 ne
3210 4658 3346 4727 ipsis
3374 4662 3615 4719 anathe-

347 4736 418 4793 αὖ
455 4740 548 4791 τοῦ
584 4738 819 4790 δεδιέναι
859 4735 932 4806 μὴ
961 4736 1058 4788 καὶ
1084 4737 1198 4798 τοῖς
1227 4736 1409 4798 αὐτοῖς
1441 4735 1780 4806 ὰναθέμασιν
1809 4738 1925 4791 ἐνο-

346 4850 446 4904 χος
469 4832 695 4900 γένηται
721 4829 850 4893 ζῶν,
876 4827 1224 4880 ἐναλλάσσειν
1252 4825 1366 4878 ἔνια
1392 4826 1559 4879 ἐνίοτε
1591 4827 1757 4893 δοκεῖ,
1787 4829 1927 4900 πλὴν

345 4926 455 4978 οὐκ
488 4923 582 4975 ἐπὶ
606 4923 668 4974 τὸ
701 4922 935 4992 βέλτιον,
967 4918 1085 4972 ἀλλ’
1120 4921 1213 4972 ἐπὶ
1251 4918 1311 4971 τὸ
1348 4919 1493 4988 μάλα
1537 4922 1600 4987 γέ
1632 4936 1685 4973 τι
1719 4923 1927 4991 σφόδρα

344 5014 629 5086 χείριστον
654 5028 668 5043 ⁸
706 5012 734 5064 ὃ
784 5011 885 5081 μὲν
914 5011 1023 5079 γὰρ
1049 5011 1250 5061 ἐκεῖνοι
1287 5009 1420 5077 περὶ
1445 5008 1538 5060 τοῦ
1578 5010 1755 5078 φωτὸς
1782 5011 1928 5079 ὲκεί-

347 5125 449 5160 νου
480 5106 583 5176 τὴν
614 5108 692 5169 εἰς
724 5104 981 5158 ἄκτιστον
1012 5101 1073 5174 [ι.
1106 5102 1213 5157 245
1242 5100 1299 5173 a]
1348 5102 1651 5174 μεταϐολὴν
1692 5104 1787 5157 τοῦ
1832 5105 1933 5156 σώ-

355 5217 530 5271 ματος
562 5198 1116 5268 βεϐλασφημήκεσαν,
1152 5197 1328 5266 τούτῳ
1372 5198 1466 5249 καὶ
1504 5197 1666 5259 αὐτὸς
1700 5214 1929 5267 συμφω-

348 5294 459 5358 νεῖ,
491 5292 518 5343 ὃ
564 5291 607 5343 δ’
642 5293 840 5343 ἐκεῖνοι
879 5289 1041 5361 φύσιν
1070 5289 1253 5360 ἥκιστ’
1284 5290 1429 5357 ἔχειν
1473 5284 1613 5343 εἶναι
1642 5290 1926 5360 ἐνόμισαν,

344 5387 514 5438 τοῦτο
544 5385 600 5437 δὲ
650 5383 959 5454 προσέθηκε
1010 5383 1286 5454 τολμήσας
1331 5374 1508 5448 οὗτος,
1559 5383 1620 5435 τὸ
1666 5384 1927 5453 δευτέραν

342 5473 557 5545 δηλαδὴ
588 5474 681 5526 καὶ
725 5473 1028 5544 ὑφειμένην
1078 5474 1173 5526 καὶ
1207 5472 1456 5525 ἁνούσιον
1482 5473 1579 5526 καὶ
1617 5472 1736 5542 ἅμα
1769 5475 1927 5537 ἄκτι-

346 5584 482 5623 στον
516 5566 746 5636 θεότητα
774 5568 835 5620 τὸ
870 5567 984 5637 φῶς
1025 5567 1295 5636 ὑπάρχειν
1342 5566 1537 5619 ἐκεῖνο.
1573 5565 1727 5620 Ὥσθ’
1760 5568 1794 5619 ἃ
1831 5567 1930 5636 μὲν

346 5661 593 5722 ἐκείνοις
624 5662 926 5728 συμφωνεῖ,
975 5660 1193 5721 πάντως
1228 5657 1452 5711 ἐκείνων
1482 5659 1585 5711 οὐκ
1635 5660 1932 5713 ἀπολείπε-

345 5769 469 5805 ται.
508 5753 576 5804 "A
607 5750 651 5804 δ’
707 5752 904 5803 ἐκεῖνοι
940 5750 1104 5820 μήπω
1147 5747 1313 5817 φάναι
1348 5748 1779 5817 τετολμήκεσαν,
1810 5751 1932 5803 τού-

345 5860 470 5906 to“;
539 5844 596 5895 δὲ
644 5842 932 5912 νενίκηκεν
992 5840 1190 5905 αὐτοὺς
1242 5838 1414 5895 εἰπὼν
1475 5840 1656 5904 αὑτός.
1725 5840 1928 5909 Ἡδέως

2026 4742 2188 4798 matis
2223 4742 2498 4809 obnoxius
2532 4742 2646 4807 ﬁat,
2698 4755 2912 4801 mutare
2944 4763 3341 4820 nonnunquam
3367 4753 3615 4819 videtur,

2026 4836 2122 4899 sed
2157 4852 2264 4890 non
2294 4835 2360 4891 ad
2394 4836 2705 4903 meliorem,
2747 4855 2937 4897 verum
2962 4841 3028 4895 ad
3054 4843 3281 4897 omnino
3312 4846 3619 4914 pessimam

2025 4928 2421 4995 conditionem.
2484 4929 2653 4996 Quod
2703 4932 2853 4987 enim
2890 4933 2970 4987 illi
3026 4934 3094 4989 de
3145 4936 3268 4990 luce
3300 4939 3390 4992 illa
3442 4940 3622 5008 impie

2025 5019 2380 5087 protulerunt
2405 5021 2462 5073 in
2491 5022 2795 5085 increatum
2824 5035 3195 5092 permutatum
3226 5043 3346 5082 esse
3381 5047 3615 5100 corpus,

2032 5109 2138 5164 hoc
2167 5111 2284 5180 ipse
2306 5114 2613 5181 consentit;
2651 5118 2796 5183 quod
2821 5132 2952 5170 vero
2980 5117 3058 5171 illi
3104 5128 3353 5173 naturam
3386 5125 3619 5179 minime

2031 5204 2328 5257 essentiam
2360 5205 2565 5260 habere
2600 5218 2865 5275 putarunt
2887 5248 2901 5270 ,
2943 5210 3034 5262 ille
3066 5213 3171 5263 hoc
3209 5212 3409 5268 addere
3443 5232 3609 5270 cona-

2035 5305 2125 5349 tus
2158 5304 2276 5359 est.
2316 5309 2370 5351 et
2399 5299 2701 5367 subjectam
2730 5309 2786 5354 et
2825 5302 3230 5355 inessentialem
3254 5315 3310 5357 et
3334 5308 3495 5360 simul
3525 5310 3609 5361 in-

2034 5397 2273 5455 creatam
2313 5389 2571 5453 deitatem
2600 5408 2721 5446 esse
2757 5393 2937 5448 lucem
2972 5394 3144 5460 illam,
3184 5395 3257 5450 ita
3303 5408 3361 5453 ut
3394 5401 3448 5453 in
3483 5404 3620 5469 qni--

2034 5479 2139 5535 bus
2168 5481 2331 5536 rebus
2362 5496 2485 5545 cum
2521 5484 2631 5539 illis
2661 5487 2969 5548 consentit,
3019 5503 3127 5541 non
3168 5492 3509 5561 relinquatur
3539 5495 3608 5549 ab

2032 5571 2163 5626 illis.
2230 5570 2360 5638 Quae
2389 5589 2521 5628 vero
2560 5574 2638 5627 illi
2682 5576 2929 5631 nondum
2961 5581 3209 5648 proferre
3245 5587 3425 5638 conati
3456 5598 3616 5654 sunt,

2034 5665 2100 5719 iis
2136 5667 2422 5735 propalam
2455 5670 2833 5738 proponendis
2863 5685 2961 5727 eos
2994 5674 3108 5743 Ppse
3141 5675 3292 5730 vicit.
3332 5677 3625 5733 Lubenter'

2029 5771 2156 5808 cum
2192 5772 2443 5826 qurerere
2485 5758 2705 5824 vellem,
2743 5776 2875 5816 num
2904 5765 3030 5833 quis
3058 5774 3243 5835 posset
3281 5767 3335 5820 in
3368 5769 3611 5835 proban-

2032 5848 2116 5903 dis
2167 5849 2659 5909 lconomachorum
2719 5858 3011 5914 sententiis
3061 5872 3169 5912 non
3230 5873 3351 5916 esse
3417 5859 3616 5917 lcono-
