4134 6286
581 381 594 392 ’
613 403 722 470 423

1833 397 2259 460 NICEPHORI
2299 397 2405 458 Glt
2415 393 2690 457 EGOIL'E
2997 409 3000 412 ί
3748 385 3838 446 424

613 521 865 578 machus.
919 517 1110 574 Simile
1153 514 1300 572 enim
1335 523 1483 572 esset
1513 529 1578 570 ac
1611 514 1657 570 si
1686 529 1811 586 quis
1841 514 1894 567 in
1917 513 2202 583 publicum

2311 515 2349 567 δ’
2381 515 2450 566 ἂν
2479 519 2574 566 καὶ
2619 509 2842 579 ἐρέσθαι
2892 507 3192 578 βουλοίμην
3225 502 3390 557 αὑτὸν
3447 501 3496 553 εί
3539 498 3739 554 δύναιτό
3771 517 3841 563 τις

616 613 879 682 prodiens
939 611 1150 665 diceret
1202 608 1538 662 citharoedos
1591 621 1747 672 esse,
1793 621 1904 659 non
1965 619 2086 660 esse
2119 605 2199 660 ci-

617 707 868 768 tharam;
910 703 1092 757 sidera
1129 700 1350 768 quidem
1377 699 1647 762 coelestia,
1685 713 1796 752 non
1833 698 2076 764 emlum;
2111 713 2201 753 res

615 797 782 868 [‘78
811 795 1030 864 quidem
1063 803 1526 860 terrenas,neque
1543 805 1673 845 vero
1703 798 1922 844 terram.
1957 789 2096 855 Quid
2122 789 2204 844 di-

616 892 717 952 cis,
749 886 948 940 sodes?
977 885 1056 940 Ex
1110 884 1326 938 duobus
1361 883 1510 937 enim
1565 881 1800 936 alterum
1847 881 2203 950 co'gitandum

617 979 776 1032 nobis
801 977 1022 1030 dedisti.
1066 976 1280 1029 Etenim
1314 985 1407 1029 aut
1445 976 1656 1029 insanis
1695 975 1836 1044 ipse,
1872 981 1968 1028 aut
2000 989 2196 1039 omnes

617 1070 859 1122 insanire
883 1077 1062 1137 putas.
1087 1067 1184 1120 Hic
1199 1077 1380 1122 autem
1409 1083 1519 1120 non
1541 1075 1746 1130 noster,
1767 1071 1858 1122 sed
1879 1078 2006 1122 tuus
2031 1067 2199 1122 aﬂ‘ec-

618 1171 726 1214 tus.
776 1159 832 1214 Si
867 1160 1016 1214 enim
1049 1159 1239 1214 ebrius
1275 1158 1528 1228 quemvis
1579 1159 1798 1212 obviam
1841 1169 2064 1214 euntem
2102 1159 2206 1212 du-

621 1253 816 1323 plicem
851 1267 950 1322 pro
975 1267 1086 1306 uno
1119 1251 1308 1305 videre
1331 1251 1438 1305 sibi
1474 1250 1711 1315 videtur,
1749 1265 1858 1304 non
1883 1259 2207 1320 conspecto-

619 1361 739 1398 rum
789 1345 1075 1398 hominum
1122 1343 1332 1398 erroris
1364 1341 1596 1397 affectus
1625 1351 1732 1409 est,
1767 1344 1860 1398 sed
1904 1343 2046 1397 male
2078 1359 2206 1396 eon-

616 1435 923 1504 spicientis.
988 1435 1280 1503 Sigillatim
1313 1435 1462 1487 enim
1511 1435 1588 1488 illi
1639 1435 1707 1489 ad
1746 1449 2200 1504 unumquemque

619 1529 896 1582 numerati
931 1537 1110 1581 erant.
1168 1526 1302 1580 Nam
1359 1527 1644 1596 professus
1701 1535 1786 1581 est
1829 1527 2210 1583 demonstrare

633 1619 688 1672 id
719 1617 865 1687 quod
897 1618 1336 1672 asarcrdotibus
1386 1617 1494 1672 illis
1551 1633 1613 1672 ac
1667 1617 1862 1674 scribis
1919 1618 2210 1688 quaesitum

619 1723 742 1764 esse
772 1710 932 1763 dixit.
1009 1710 1186 1764 Jubeo
1209 1711 1323 1780 jam
1353 1719 1573 1764 sanctos
1597 1710 1650 1763 in
1679 1709 1919 1764 medium
1951 1711 2208 1780 proferri,

619 1803 716 1870 qui
774 1802 954 1854 lucem
985 1817 1106 1872 qua:
1161 1803 1212 1855 in
1244 1802 1461 1855 Domini
1499 1801 1987 1872 transfiguratione
2041 1818 2212 1872 appa-

2302 605 2372 660 τὰ
2422 605 2532 659 τῶν
2585 603 2976 672 Είκονομάχων
3031 599 3209 670 τιμῶν
3255 595 3331 668 μὴ
3389 589 3530 648 εἶναι
3577 593 3840 661 Εἰκονομᾰ-

2304 714 2398 766 χος
2425 712 2439 726 '
2469 697 2656 764 ὅμοιον
2679 695 2787 764 γὰρ
2826 694 2892 746 ἂν
2919 693 3004 762 εἴη
3048 691 3238 760 ὥσπερ
3278 689 3343 742 ἂν
3371 689 3420 740 εί
3453 684 3728 754 παρελθὼν
3759 685 3843 737 δε-

2304 787 2513 843 τείνετό
2542 805 2624 850 τις
2655 785 2990 855 κιθαρῳδοὺς
3030 782 3130 851 μὲν
3159 780 3318 845 εἶναι,
3353 777 3582 848 κιθάραν
3607 775 3650 830 δ’
3671 775 3746 838 οὗ,
3769 777 3844 828 καὶ

2305 881 2591 952 οὐρανίους
2652 878 2751 949 μὲν
2799 879 3060 948 ἀστέρας,
3103 874 3335 944 οὐρανὸν
3368 871 3413 924 δ’
3457 868 3541 933 οὓ,
3589 869 3678 921 καὶ
3710 869 3848 935 γήϊνα

2311 976 2410 1046 μὲν
2443 977 2766 1045 πράγματα,
2799 973 2904 1041 γῆν
2955 971 3000 1023 δ’
3053 966 3282 1037 οὐδαμῆ.
3317 965 3380 1018 Τί
3433 965 3559 1034 φῂς,
3591 961 3848 1032 ἀνθρωπε;

2308 1071 2464 1121 Δυοῖν
2491 1067 2601 1137 γὰρ
2644 1067 2865 1128 πάντως
2887 1065 3030 1117 νοεῖν
3058 1061 3215 1124 δίδως
3243 1061 3378 1130 ἡμῖν
3420 1057 3673 1127 θάτερον·
3703 1055 3732 1124 ἢ
3759 1053 3850 1122 γὰρ

2313 1163 2503 1236 μαίνῃ,
2544 1162 2577 1233 ἢ
2630 1162 2842 1223 πάντας
2879 1161 3244 1229 μαινομένους
3277 1150 3417 1207 εἶναι
3466 1151 3672 1219 λογίζῃ.
3705 1148 3851 1202 Τοῦτο

2309 1257 2355 1310 δ’
2388 1257 2488 1326 οὐχ
2554 1255 2729 1326 ἡμῶν,
2769 1254 2906 1308 ἀλλά
2941 1253 3036 1306 σοῦ
3071 1269 3134 1320 γε
3175 1251 3236 1303 τδ
3267 1248 3461 1310 πάθος,
3509 1247 3749 1314 καθάπερ
3779 1244 3845 1314 δή·

2311 1349 2508 1402 πουθεν
2539 1348 2632 1402 καὶ
2661 1349 2707 1400 εἰ
2742 1347 2958 1418 μεθύων
2997 1362 3082 1404 τις
3122 1345 3297 1398 πάντα
3327 1343 3470 1404 τινὰ,
3521 1341 3626 1408 ὅτῳ
3656 1338 3717 1392 ἂν
3747 1355 3851 1388 συν-

2314 1441 2519 1511 αντῴη,
2551 1439 2774 1492 διπλοῦν
2827 1455 2951 1492 τινα
2981 1438 3098 1490 ἀνθ’
3124 1436 3242 1500 ἐνὸς
3275 1436 3410 1502 ὁρᾷν
3449 1433 3641 1493 ἐδόκει,
3674 1431 3728 1481 οὒ
3765 1429 3850 1482 τῶι

2312 1531 2607 1602 ὁρωμένων
2642 1531 2704 1581 ἂν
2763 1527 2822 1579 τὸ
2871 1527 2966 1594 τῆς
3005 1525 3223 1591 ἀπάτης
3263 1523 3438 1584 πάθος
3488 1515 3576 1590 ἦν,
3629 1519 3754 1573 ἀλλὰ
3777 1518 3854 1572 τοῦ

2316 1621 2603 1693 σφαλερῶς
2650 1619 2921 1690 ὁρῶντος·
2974 1620 3176 1678 πάντες
3215 1616 3324 1684 γὰρ
3377 1613 3444 1667 ἂν
3494 1613 3654 1682 μοναδ
3679 1611 3778 1674 κῶς
3807 1611 3854 1663 ὑ-

2316 1715 2529 1784 πῆρχον
2564 1712 2963 1785 ἀριθμούμενοι
3021 1711 3144 1762 καθ’
3192 1709 3427 1760 ἕκαστον
3469 1707 3678 1759 ἐκεῖνοι.
3710 1703 3850 1774 "pob-

2317 1807 2442 1860 θετο
2488 1808 2586 1875 μὲν
2617 1806 2722 1876 γάρ
2752 1804 2922 1869 δείξαι
2955 1803 2981 1855 ὃ
3007 1805 3120 1864 τοῖς
3143 1799 3496 1870 ἀρχιερεῦσιν
3544 1797 3756 1857 ἐκείνοις
3783 1797 3856 1848 καὶ

621 1893 758 1956 ruit,
793 1893 1092 1947 increatam
1131 1907 1252 1948 esse
1285 1893 1517 1958 dicant,
1577 1907 1688 1947 non
1743 1891 2036 1948 essentiam
2089 1893 2207 1957 Dei,

2313 1891 2734 1964 γραμματεῦσιν
2769 1889 2930 1951 αὐτὸς
2966 1889 3263 1958 ζητηθῆναί
3297 1904 3433 1954 φησι
3457 1903 3470 1917 ⁸
3503 1885 3645 1951 λέγω
3667 1886 3724 1954 δὴ
3751 1885 3858 1948 τοῖς

620 1984 720 2038 sed
773 1984 1184 2038 inessentialem
1241 1993 1296 2038 et
1340 1985 1858 2048 insubstantialem;
1909 1985 2021 2055 jam
2077 1999 2211 2038 vero

619 2077 776 2144 quasi
808 2076 1146 2131 obliviscens
1186 2079 1270 2130 sui
1300 2077 1662 2146 quaestionem
1687 2076 1877 2131 multis
1908 2075 2210 2131 dubitatio-

617 2167 784 2222 nibus
837 2168 1172 2236 implicatam
1227 2177 1284 2222 et
1338 2167 1486 2222 omni
1531 2167 1848 2238 dogmatum
1887 2169 2213 2223 confusione

621 2261 1002 2326 perturbatam
1033 2258 1259 2312 silentio
1296 2258 1670 2327 pranermisit,
1694 2259 1761 2313 de
1789 2275 1896 2328 qua
1921 2259 2068 2314 nulla
2095 2269 2214 2314 erat

626 2349 901 2403 dubitatio
931 2359 988 2402 et
1019 2359 1208 2404 contra
1241 2365 1405 2418 quam
1449 2365 1628 2418 neque
1664 2349 1781 2418 ipse
1822 2353 2002 2405 omnis
2053 2351 2213 2405 mali-

621 2441 846 2510 gnitatis
875 2449 1031 2510 pater
1067 2441 1325 2496 diabolus
1367 2441 1673 2512 quidquam
1725 2456 2003 2512 opponere
2053 2455 2215 2496 cona-

623 2542 798 2598 retur,
825 2531 876 2586 ei
895 2531 1094 2586 ail'erre
1124 2532 1310 2586 studet
1339 2532 1675 2598 testimonia,
1711 2543 1771 2588 ut
1797 2533 1980 2587 dicere
2006 2533 2213 2600 aliquid

625 2622 958 2690 quibusdam
1015 2621 1286 2676 videatur.
1369 2621 1504 2690 Quis
1556 2622 1703 2676 enim
1759 2621 1852 2691 qui
1912 2621 2214 2675 secundum

631 2717 796 2770 fidem
821 2717 1010 2770 vivere
1035 2731 1094 2770 se
1123 2715 1437 2784 profitetur,
1465 2715 1604 2770 dixit
1633 2729 1876 2784 unquam
1908 2723 2004 2769 aut
2037 2713 2214 2784 potuit

628 2810 840 2874 dicere,
877 2817 1024 2864 stare
1047 2809 1102 2862 in
1137 2807 1448 2862 substantia
1476 2815 1532 2860 et
1559 2805 1802 2860 essentia
1833 2801 1928 2858 Dei
1972 2813 2028 2857 et
2061 2803 2210 2857 illius

625 2910 876 2956 naturam
913 2911 1007 2955 aut
1035 2899 1240 2954 vidisse
1268 2907 1366 2952 aut
1392 2899 1701 2968 professum
1749 2911 1896 2962 esse,
1931 2911 2057 2950 cum
2097 2913 2214 2950 om-

629 3010 732 3049 nes
766 2995 870 3050 boc
899 2994 1084 3048 dicere
1111 3007 1220 3046 non
1262 2994 1426 3045 modo
1457 2992 1786 3060 prophetas,
1829 3004 2020 3044 verum
2050 2990 2213 3043 etiam

625 3087 828 3158 quibus
901 3085 1068 3156 479
1127 3083 1300 3138 multo
1365 3083 1792 3152 propinquiores
1844 3091 2006 3138 erant
2039 3109 2042 3114 -
2081 3095 2218 3148 pra:-

629 3191 884 3248 eeptores
935 3177 1108 3231 nostri
1155 3175 1429 3239 audisset,
1491 3174 1588 3246 qui
1663 3185 1860 3245 praeter
1907 3175 2079 3228 multa
2113 3174 2216 3227 alia

2314 1983 2507 2050 ἁγίους
2560 1981 2908 2049 παραγαγεῖν
2953 1982 3034 2039 είς
3072 1981 3237 2046 μέσον
3269 1977 3318 2028 οἳ
3367 1975 3429 2028 ἰδ
3477 1977 3639 2042 φανὲν
3667 1974 3750 2026 επὶ
3778 1973 3858 2042 τῆς

2315 2075 2410 2127 τοῦ
2441 2073 2638 2144 Κυρίου
2674 2071 3155 2140 μεταμορφώσεως
3189 2069 3302 2139 φῶς
3332 2067 3590 2122 ἄκτιστον
3623 2069 3717 2136 μὲν
3739 2063 3858 2118 εἷναί

2317 2183 2506 2236 φασιν,
2541 2168 2640 2218 οὐκ
2685 2167 2873 2218 οὐσίαν
2901 2165 2958 2216 δὲ
3007 2163 3162 2226 Θεοῦ,
3227 2161 3344 2215 ἀλλ’
3399 2161 3644 2214 ἁνούσιόν
3671 2177 3724 2211 τε
3783 2159 3860 2210 καὶ

2316 2259 2716 2315 ἀνυπόστατον,
2771 2253 2882 2310 Εἶθ’
2929 2257 3116 2326 ὥσπερ
3172 2253 3540 2322 ἐκλαθό;.τ.ενος
3585 2251 3734 2312 αὐτὸς
3759 2251 3852 2303 ἑαυ-

2317 2351 2436 2420 τοῦ,
2463 2353 2523 2406 τὸ
2553 2351 2650 2421 μὲν
2687 2351 3043 2420 ζητούμενον,
3085 2347 3181 2400 καὶ
3213 2345 3256 2414 ᾧ
3285 2347 3460 2414 πολλή
3487 2363 3566 2408 τις
3594 2343 3862 2414 περικέχυ·

2317 2459 2408 2495 ται
2449 2440 2891 2512 ἀμφισϐήτησις,
2927 2437 3018 2490 καὶ
3048 2437 3179 2505 περὶ
3203 2435 3230 2488 ὃ
3256 2436 3352 2506 τῆς
3381 2435 3511 2502 ὅλης
3545 2435 3648 2486 τῶν
3692 2431 3862 2501 δογμά-

2299 2541 2426 2584 των
2451 2527 2766 2600 συγχύσεως
2797 2529 2829 2597 ὴ
2862 2527 3136 2596 πρόφασις
3157 2526 3380 2594 ἕστηκε,
3409 2524 3567 2576 τοῦτο
3601 2523 3694 2593 μὲν
3723 2521 3863 2587 παρὲ-

2316 2625 2494 2696 δραμε
2533 2625 2657 2693 σιγῇ
2685 2639 2700 2654 ⁸
2752 2621 2882 2691 περὶ
2917 2612 2976 2673 οὗ
3004 2619 3048 2674 δ’
3081 2619 3179 2672 οὐκ
3206 2614 3273 2688 ἦν
3301 2617 3707 2688 ἀμφισϐήτησις
3742 2615 3864 2670 οὐδε-

2321 2719 2442 2788 μία,
2474 2718 2566 2770 καὶ
2601 2707 2644 2784 ᾧ
2681 2713 2791 2767 οὐδ’
2820 2714 2886 2767 ἂν
2911 2713 3068 2774 αὐτὸς
3100 2713 3128 2764 ὁ
3161 2711 3344 2780 πάσης
3377 2711 3576 2773 κακίας
3619 2709 3865 2779 γεννήτωρ

2315 2810 2562 2872 διάϐολος
2608 2807 2934 2876 τολμήσειεν
2976 2806 3277 2870 ἀντειπεῖν,
3331 2806 3515 2876 τούτῳ
3561 2805 3616 2858 δὲ
3646 2801 3866 2872 κομίζειν

2317 2901 2479 2972 δῆθεν
2513 2898 2798 2966 ἐπείγεται
2849 2898 3186 2960 συστατικὰς
3228 2896 3565 2966 μαρτυρίας,
3605 2895 3685 2948 ἵνα
3713 2911 3759 2946 τι
3794 2891 3866 2944 λέ-

2319 3011 2436 3063 γειν
2490 2993 2616 3063 δόξῃ
2669 2991 2802 3046 τισί.
2841 2991 2938 3054 Τίς
2969 2993 3078 3062 γάρ
3111 2991 3230 3043 ποτ’
3285 2990 3533 3054 εὐσεϐῶς
3578 2988 3868 3060 αίρούμενος

2320 3085 2420 3157 ζῇν
2456 3081 2580 3138 εἶπέ
2610 3100 2741 3137 ποτε
2775 3081 2808 3152 ἢ
2844 3083 3018 3152 λέγει,
3051 3081 3084 3153 ἦ
3117 3081 3322 3135 δύναιτ’
3349 3083 3420 3136 ἄν
3451 3080 3569 3134 ποτ’
3597 3081 3782 3146 εἰπεῖν,
3808 3076 3868 3136 ὡς

2322 3179 2453 3248 έστη
2486 3181 2543 3232 ἒν
2573 3177 2921 3248 ύποστήματι
2969 3176 3062 3229 καὶ
3120 3175 3284 3246 οὐσίᾳ
3309 3173 3474 3242 Θεοῦ,
3509 3175 3754 3228 κάκείνου
3789 3169 3868 3239 τὴν

629 3240 934 3338 loquuntur
965 3268 1046 3322 sic
1085 3283 1099 3322 :
1137 3265 1194 3320 Si
1225 3265 1350 3334 quis
1395 3240 1872 3336 cognovit-Deum
1896 3275 1990 3319 aut
2016 3279 2212 3334 cogno-

2324 3240 2489 3344 φύσίν
2531 3271 2564 3341 ἢ
2597 3265 2741 3324 εἶδεν
2852 3269 3208 3338 ἐξηγόρευσε,
3255 3240 3508 3338 βοώντων
3546 3267 3786 3320 ἁπάντων
3821 3263 3870 3316 ἀ-

633 3361 780 3416 visse
826 3370 1072 3428 putatur,
1127 3369 1360 3413 eatenus
1407 3359 1704 3428 cognovit,
1757 3368 2031 3428 quatenus
2079 3359 2219 3413 lucis

631 3453 867 3508 similior
890 3451 1145 3520 apparuit
1165 3465 1331 3520 quam
1359 3450 1508 3504 aliud
1531 3449 1858 3520 quidquam,
1884 3451 2088 3520 quippe
2106 3465 2218 3504 non

631 3543 890 3599 similiter
923 3542 1327 3612 collustratum.
1391 3543 1456 3596 Et
1499 3542 1552 3596 id
1587 3542 1736 3612 quod
1760 3551 2054 3612 exsuperat
2089 3557 2218 3613 per-

634 3633 838 3688 fectum
868 3643 1115 3704 putatum
1145 3643 1230 3689 est
1264 3648 1374 3687 non
1406 3633 1662 3700 veritate,
1695 3633 1790 3689 sed
1836 3635 1883 3690 si
1913 3649 2036 3690 cum
2077 3636 2216 3691 alte-

635 3724 754 3780 rius
781 3734 1131 3796 comparatur
1166 3727 1427 3795 potentia.

2323 3361 2504 3415 κούων
2533 3362 2694 3413 ταυτὶ
2727 3359 2802 3430 μὴ
2848 3359 2930 3412 ὅτι
2963 3357 3283 3429 προφητῶν,
3316 3357 3457 3410 ἀλλὰ
3489 3357 3581 3411 καὶ
3611 3352 3691 3417 οἷς
3733 3357 3870 3424 ὲγγν-

2321 3453 2466 3523 τέρω
2517 3450 2696 3522 πολλῷ
2746 3450 3090 3513 διδασκάλοις
3145 3449 3304 3520 ἡμῶν
3355 3450 3637 3518 γεγονέναι
3691 3446 3870 3516 συμπέ-

2323 3561 2560 3599 πτωκεν.
2595 3543 2657 3598 Οἳ
2685 3543 2752 3598 τά
2779 3544 2826 3597 τ’
2857 3543 2995 3598 ἀλλα
3019 3543 3314 3612 φάσκουσι,
3347 3541 3444 3595 καὶ
3477 3543 3577 3612 μὲν
3602 3543 3664 3610 δὴ
3703 3541 3786 3594 καὶ
3807 3538 3869 3600 ὡς

2324 3636 2379 3689 ετ
2411 3653 2496 3698 τις
2519 3636 2660 3705 ἔγνω
2683 3635 2815 3688 Θεὸν
2844 3635 2876 3706 ἢ
2908 3635 3214 3702 ἐγνωκέναι
3241 3633 3687 3704 μεμαρτύρηται,
3709 3629 3870 3685 τοσοῦ-

2321 3745 2416 3781 τον
2445 3728 2586 3793 ἔγνω
2618 3729 2742 3781 ὅσον
2774 3727 2934 3781 ἄλλου
2989 3725 3064 3795 μὴ
3113 3727 3173 3777 τὸ
3209 3726 3324 3778 ἴσον
3365 3725 3761 3794 ὲλλαμφθέντος
3787 3738 3872 3790 φα·-

634 3817 792 3888 νῆναι
847 3817 1336 3888 φωτοειδέστεροςο
1394 3819 1488 3872 καὶ
1539 3818 1600 3872 τὸ
1629 3819 1967 3888 ὑπερϐάλλον
1997 3821 2204 3874 τέλειον
2244 3821 2506 3893 ἐνομίσθη
2545 3822 2606 3874 οὐ
2647 3823 2712 3892 τῇ
2765 3819 3014 3891 ἀληθείᾳ,
3043 3821 3106 3888 τῇ
3155 3819 3211 3872 δὲ
3263 3819 3357 3872 τοῦ
3397 3819 3624 3890 πλησίον
3664 3817 3865 3884 δυνάμει

637 3914 1184 3984 παραμετροῦμενον.

707 4009 797 4064 ιν.
843 4008 950 4064 Sed
997 4009 1243 4064 Palamas
1285 4017 1480 4066 contra
1533 4011 1822 4067 veritatem
1871 4023 2217 4084 pugnaturus

633 4115 763 4154 eum
795 4107 988 4153 contra
1015 4100 1151 4154 nihil
1180 4099 1368 4156 dicere
1399 4103 1576 4170 possit
1602 4118 1701 4158 nec
1728 4105 2000 4174 refugium
2033 4105 2215 4175 quod-

635 4209 802 4261 quam
831 4193 1054 4257 habeat,
1081 4193 1149 4248 ad
1179 4195 1490 4250 latebrosos
1521 4210 1776 4250 recessus
1805 4199 1991 4252 statim
2025 4199 2215 4254 oculos

636 4286 828 4348 vertit,
859 4285 989 4355 quia
1025 4301 1136 4340 non
1169 4285 1476 4357 intelligere
1505 4296 1686 4357 potest
1716 4304 1775 4344 se
1807 4289 1920 4359 ipsa
1962 4307 2020 4345 re
2043 4293 2219 4346 mani-

646 4375 944 4430 festissime
995 4377 1198 4438 evinci.
1241 4391 1364 4430 cum
1417 4377 1486 4431 iis
1535 4393 1676 4447 quos
1727 4380 1934 4448 injuria
1981 4381 2218 4435 lacessat

639 4467 777 4521 nihil
836 4467 1244 4535 probabilitatis
1287 4483 1569 4537 opponere
1617 4471 1814 4539 possit.
1869 4469 2024 4536 Quod
2068 4473 2217 4526 enim

2389 4013 2463 4068 A'.
2511 4013 2650 4067 Ἀλλ’
2685 4015 2712 4066 ὁ
2741 4011 3005 4082 Παλαμᾶ;
3037 4015 3100 4084 τῇ
3131 4013 3232 4082 μὲν
3271 4013 3506 4084 ἀληθείᾳ
3559 4011 3863 4082 μαχόμενος,

2319 4105 2380 4158 ού
2411 4107 2710 4175 δυνάμενος
2738 4105 2783 4158 δ’
2821 4107 3125 4171 ἀντειπεῖν,
3164 4107 3275 4158 οὐδ’
3305 4107 3598 4177 ἀποφυγὴν
3629 4106 3720 4158 οὐκ
3751 4101 3868 4170 ἔχων

2319 4197 2580 4268 οὐδεμίαν
2611 4196 2845 4266 οὐδαμῆ,
2908 4195 3046 4266 πρὸς
3093 4195 3524 4267 λαϐυρινθώδεις
3583 4197 3733 4259 εὐθὺς
3785 4189 3868 4261 6ρᾷ

2321 4287 2670 4352 καταδύσεις,
2727 4290 2821 4341 καὶ
2861 4288 2972 4342 οὐδ’
3005 4289 3294 4342 αἰσθέσθαι
3353 4290 3581 4344 δύναται
3641 4289 3718 4341 ὅτι
3741 4280 3864 4338 τοῦτ’

2322 4383 2467 4434 ἐστὶν
2495 4381 2522 4434 ὃ
2555 4383 2792 4450 μάλιστα
2823 4382 3044 4436 πάντων
3105 4383 3192 4434 ἐπ’
3246 4383 3552 4453 αὐτοφώρῳ
3584 4381 3757 4436 τοῦτον
3779 4395 3863 4430 κα-

2321 4474 2629 4542 ταδικάζει,
2666 4475 2833 4546 μηδὲν
2889 4477 2999 4528 τῶν
3030 4476 3271 4544 εὐλόγων
3329 4476 3528 4546 ἔχοντα
3583 4479 3689 4536 τοῖς
3739 4467 3862 4536 αὐτῷ

640 4561 776 4614 dicit
820 4577 882 4614 ea
913 4576 1034 4630 qua:
1061 4575 1221 4614 nemo
1243 4561 1494 4630 quaesivit
1521 4578 1762 4632 unquam
1797 4573 1987 4633 utpote
2042 4565 2212 4618 Inani-

2329 4545 2846 4636 παρανομουμένοις
2881 4567 3228 4636 χαρίζεσθαι.
3287 4545 3369 4622 Τὸῗ
3411 4569 3520 4638 γὰρ
3575 4567 3743 4630 λέγειν
3784 4561 3863 4628 μὲν

639 4650 800 4710 festa.
833 4659 978 4706 tacet
1028 4653 1096 4704 de
1131 4652 1198 4706 iis
1247 4669 1370 4723 quae
1423 4669 1481 4708 se
1513 4655 1789 4709 dicturum
1830 4656 2110 4726 professus
2135 4666 2218 4711 est

639 4744 796 4798 nullo
825 4753 1078 4813 cogente,
1103 4745 1282 4799 simile
1311 4745 1415 4799 hoc
1441 4745 1595 4810 facit,
1627 4761 1690 4800 ac
1713 4746 1760 4800 si
1797 4747 1921 4816 quis
1949 4747 2217 4802 accedens

639 4835 934 4907 proﬁtetur
961 4850 1022 4890 se
1053 4835 1330 4890 dicturum
1363 4839 1420 4892 id
1449 4838 1596 4907 quod
1627 4838 1842 4909 ignorat
1875 4854 2056 4906 nemo,
2083 4839 2217 4910 quid

641 4926 716 4980 sit
757 4925 961 4991 homo;
989 4925 1190 4981 deinde
1217 4941 1340 4981 cum
1375 4928 1560 4984 dicere
1589 4931 1840 4998 cmperit,
1875 4931 1930 4985 id
1965 4931 2110 5000 quod
2148 4933 2219 4986 sit

642 5018 810 5070 homo
841 5018 1025 5072 dicere
1055 5035 1162 5072 non
1199 5030 1400 5088 potest,
1448 5037 1569 5090 quae
1615 5037 1746 5076 vero
1783 5037 1889 5075 non
1921 5025 2125 5076 cadunt
2163 5022 2213 5075 in

643 5109 948 5172 hominem,
995 5111 1112 5166 haec
1160 5115 1344 5166 omnia
1388 5114 1612 5166 omnino
1649 5127 1770 5167 esse
1805 5121 1987 5182 negat,
2023 5114 2215 5168 bovem

641 5201 859 5254 scilicet
893 5211 948 5256 et
976 5219 1176 5270 equum
1213 5212 1264 5257 el
1305 5219 1536 5272 cycnum
1574 5212 1631 5257 et
1663 5204 1942 5258 cornicem
1974 5213 2030 5258 et
2063 5220 2217 5275 qure-

643 5303 864 5356 cunque
893 5289 1178 5345 humidam
1213 5293 1268 5344 in
1303 5293 1438 5344 mari
1467 5293 1634 5346 vitam
1667 5301 1853 5363 agunt.
1891 5295 2018 5349 Dein
2050 5299 2217 5350 etiam

644 5378 834 5432 brevia
861 5381 1036 5434 sancti
1067 5383 1284 5436 Maximi
1313 5383 1478 5436 verba
1513 5383 1691 5449 aﬂ‘ert,
1723 5387 1818 5438 sed
1861 5401 1971 5440 non
2006 5387 2217 5458 integra

641 5488 746 5526 nec
775 5471 894 5526 sine
928 5488 995 5528 eo
1026 5489 1136 5541 quo
1165 5483 1249 5528 est
1281 5477 1666 5544 corrumpendi
1698 5477 1882 5532 studio
1929 5479 2215 5549 relinquit.

643 5561 934 5622 Quomodo
981 5564 1128 5618 enim
1179 5565 1343 5620 homo
1397 5565 1654 5621 affectum
1703 5568 1812 5639 jam
1855 5569 2216 5624 inveteratum

643 5649 811 5720 480
839 5661 892 5708 et
939 5653 1332 5725 longinquitate
1390 5659 1650 5726 temporis
1703 5663 2114 5715 eorroboratum
2164 5671 2219 5715 et

648 5741 704 5792 in
739 5753 984 5799 naturam
1031 5749 1202 5816 ipsam
1247 5751 1592 5802 immutatum
1643 5751 1906 5818 abjiciet?
1947 5752 2216 5807 Distracla

647 5831 794 5884 enim
845 5835 1072 5892 induas
1107 5851 1290 5908 partes
1343 5842 1556 5913 integra
1601 5843 1933 5913 cogitatione
1986 5853 2041 5898 et
2089 5845 2218 5900 dein

2325 4660 2361 4713 ἃ
2390 4660 2580 4728 μηδεὶς
2618 4659 2854 4730 ἐζήτησε
2913 4661 3134 4714 πώποτε
3189 4660 3435 4732 πρόδηλα
3469 4661 3615 4724 ὗντα,
3661 4655 3800 4723 σιγᾷν
3825 4647 3864 4702 δ’

2327 4751 2362 4804 ἀ
2389 4749 2660 4819 προῦθετὸ
2691 4769 2750 4804 τε
2783 4753 2877 4804 καὶ
2902 4752 3273 4822 ἐπηγγείλατο
3319 4753 3500 4820 λέγειν
3555 4751 3706 4810 αὐτὸς
3737 4745 3861 4798 οὐδε·

2329 4845 2417 4907 νὸς
2455 4843 2885 4911 ἀναγκάζοντος,
2951 4846 3140 4916 ὅμοιόν
3185 4846 3336 4898 ἐστιν
3369 4844 3560 4913 ὥσπερ
3605 4842 3666 4893 ἂν
3717 4837 3765 4890 εί
3792 4847 3862 4894 τις

2333 4935 2559 5004 μηδενὸς
2587 4934 2907 5003 ἀγνοοῦντος
2943 4936 3232 5006 παρελθὼν
3279 4935 3644 5005 ἐπηγγέλλετο
3679 4929 3768 4999 μὲν
3791 4923 3862 4974 λέ-

2328 5042 2448 5094 γειν
2481 5027 2529 5079 τί
2571 5030 2685 5079 ἐστι
2743 5029 3052 5098 ἄνθρωπος,
3091 5030 3284 5081 ἔπειτα
3335 5029 3517 5098 λέγειν
3571 5023 3858 5092 ἀρξάμενος,

2330 5115 2357 5167 ὃ
2399 5115 2497 5184 μὲν
2538 5115 2688 5168 ἔστιν
2721 5117 3010 5188 ἄνθρωπος
3038 5119 3214 5169 εἰπεῖν
3272 5117 3372 5170 οὐκ
3406 5114 3575 5186 εἶχεν,
3606 5113 3640 5167 a
3687 5109 3725 5162 δ’
3779 5107 3856 5155 ηὺκ

2328 5199 2484 5254 ἔστιν
2508 5203 2817 5272 ἄνθρωπος,
2872 5203 3052 5257 πάντα
3087 5205 3329 5276 σωρηδὸν
3361 5205 3652 5274 ἀπηρνεῖτο
3700 5196 3764 5266 μὴ
3789 5188 3853 5243 εἷ·

2328 5309 2437 5358 ναι,
2475 5293 2601 5362 βοῦν
2631 5297 2723 5346 καὶ
2754 5295 2920 5348 ἵππον
2948 5295 3147 5366 δηλαδὴ
3186 5297 3277 5347 καὶ
3332 5295 3534 5348 κύκνον
3592 5293 3678 5344 καὶ
3709 5279 3853 5350 κορώ-

2329 5403 2449 5454 νην,
2495 5387 2589 5437 καὶ
2619 5389 2792 5440 ὁπόσα
2832 5389 2920 5438 τὸν
2950 5389 3114 5458 ὑγρὸν
3147 5389 3201 5440 ἐν
3235 5388 3470 5460 θαλάττῃ
3521 5384 3684 5446 διάγει
3737 5375 3848 5444 βξονο

2334 5477 2565 5532 Ἔπειτα
2607 5479 2704 5532 καὶ
2747 5479 3006 5550 βραχείας
3037 5481 3258 5548 κομίζει
3296 5481 3486 5550 ῥήσεις
3506 5474 3742 5542 Μαξίμου
3772 5460 3848 5516 τοῦ

2329 5571 2502 5635 θείου,
2545 5573 2666 5642 μηδ’
2703 5573 2872 5634 αὐτὰς
2901 5572 3167 5636 λελοιπὼς
3196 5574 3430 5636 ἀπαθεῖς
3467 5569 3594 5640 μηδὲ
3623 5569 3708 5632 τῆς
3726 5553 3847 5622 αὐτῷ

2331 5663 2597 5730 συνήθους
2635 5663 2764 5715 ἀνευ
2793 5663 3155 5734 παραφθορᾶς
3181 5681 3193 5694 ·
3217 5665 3331 5726 πῶς
3361 5665 3466 5733 γὰρ
3501 5663 3564 5716 ἂν
3585 5663 3610 5711 ὁ
3633 5651 3846 5720 ἀνὴράρ’

2327 5753 2520 5822 νηθείη
2558 5755 2726 5815 πάθος
2769 5753 2869 5822 ἤδη
2907 5756 3215 5808 παλαιωθέν
3245 5759 3340 5808 καὶ
3385 5758 3542 5825 μήκει
3579 5751 3632 5821 |f.
3663 5745 3754 5800 255
3794 5734 3838 5804 bl

2326 5847 2523 5916 χρόνον
2564 5847 2866 5916 βεϐαιωθέν
2899 5851 2993 5903 καὶ
3019 5844 3128 5902 οἷον
3163 5853 3240 5913 εἷς
3275 5851 3434 5918 φύσιν
3487 5847 3652 5910 τούτῳ
3697 5849 3838 5910 μετα-
