4134 6286
593 358 703 430 4‘27

1804 363 1851 426 N
1865 355 2221 427 l'CEPHORi
2259 357 2642 433 GREGOR/E

3695 383 3780 448 £28

595 479 952 537 consentiens
971 479 1224 536 'Palamas
1251 477 1530 549 duplicem
1553 477 1832 532 Christum
1858 494 1922 533 ex
1955 478 2172 532 duabus

2292 484 2370 536 cal.
2401 485 2667 554 Παλαμᾶς
2693 487 2822 542 ὄντα
2853 489 3078 544 διπλοῦν
3112 491 3202 544 τὸν
3231 491 3462 560 Χριστὸν
3500 492 3598 546 κάκ
3637 499 3781 563 μόνων

600 585 807 632 tantum
825 575 1058 638 naturis,
1078 573 1300 628 diritatis
1323 581 1378 626 et
1399 571 1779 634 humanitatis,
1797 569 2164 640 compositum

599 672 654 724 in
685 667 955 738 triplicem
985 667 1038 720 in
1079 675 1260 718 monte
1285 664 1504 718 'l‘habor
1529 665 1873 717 immutatum
1898 661 2168 716 docuerit.

599 762 772 815 Aliam
792 760 938 814 enim
959 757 1192 810 mediam
1223 757 1516 809 incrcatam
1543 755 1799 808 deitatem
1819 754 1996 808 lucem
2020 753 2168 806 illam

601 857 988 930 interpositam
1007 851 1142 906 dixit
1164 849 1463 904 secundum
1493 848 1745 901 Proelnm
1768 848 1944 900 locum
1971 845 2173 900 habere

603 951 746 1002 inter
768 947 1080 1002 absolutum
1110 952 1165 996 et
1197 957 1306 995 non
1339 941 1653 994 absolutum
1687 939 1744 992 et
1785 953 1904 992 esse
1937 937 1989 990 itl
2023 935 2170 1006 quod

599 1039 893 1110 participat
943 1047 999 1092 et
1033 1035 1200 1104 σιμιοᾱ
1253 1033 1638 1104 partieipatur.
1687 1033 1754 1085 Et
1805 1046 1910 1099 qua
1970 1031 2173 1098 ubique

604 1133 761 1186 malis
790 1130 1009 1184 artibus
1040 1127 1320 1183 abundare
1350 1127 1581 1190 solebat,
1611 1125 1812 1178 ibidem
1843 1123 2085 1176 increato
2120 1129 2173 1173 et

601 1222 945 1280 inessentiali
975 1221 1190 1274 viSIbile
1219 1218 1465 1282 addidit;
1491 1220 1606 1272 lizec
1633 1231 1764 1270 vero
1793 1214 2033 1270 conferri
2063 1228 2169 1267 non

601 1325 870 1388 possunt;
905 1329 1006 1368 nec
1041 1323 1285 1372 veretur.
1309 1325 1374 1364 ne
1412 1309 1565 1365 falsis
1603 1305 2173 1379 argumentationibus

602 1420 797 1463 testem
833 1399 980 1460 illum
1011 1413 1069 1459 et
1110 1404 1357 1457 divinum
1400 1410 1456 1456 et
1502 1401 1966 1470 sapientissimum
2003 1395 2174 1450 Maxi—

603 1518 751 1556 mum
789 1499 990 1569 puerili
1039 1511 1288 1552 sermone
1333 1505 1391 1548 et
1441 1493 1906 1564 blasphemiarum
1953 1491 2175 1559 ineptiis

604 1610 738 1648 usus
761 1598 1043 1660 coarguat.
1065 1589 1174 1643 Nec
1197 1587 1345 1662 enim
1371 1585 1645 1640 intellexit
1669 1584 1818 1638 illius
1841 1583 2173 1646 doctrinam,

604 1700 766 1754 supra
796 1683 980 1737 omnia
1017 1695 1136 1750 quae
1172 1679 1504 1748 participant
1534 1687 1592 1731 et
1624 1691 1744 1745 quae
1775 1674 2177 1745 participantur

603 1793 726 1833 esse
761 1778 816 1830 in
858 1773 1138 1828 inﬁnitum
1187 1772 1393 1846 elatum
1425 1771 1618 1825 Deum.
1655 1769 1713 1823 Si
1761 1768 1910 1822 enim
1949 1767 2175 1837 partici-

2271 575 2420 628 δυοῖν
2451 578 2691 646 φύσεων,
2756 580 3013 653 θεότητος
3051 583 3198 651 λέγω
3258 585 3352 636 xal.
3397 581 3785 652 ἀνθρωπότητος,

2275 667 2551 735 σύνθετον,
2583 674 2661 734 είς
2691 675 2952 742 τριπλοῦν
2992 676 3156 738 αὐτὸς
3195 674 3358 727 αὑτὸν
3401 675 3536 728 κατὰ
3559 677 3612 729 τὸ
3637 677 3792 730 60.66:-

2277 777 2390 827 ριον
2426 763 2781 830 ἐδογμάτισεν
2817 765 2941 836 ὅρος
3001 767 3454 835 μεταπεπλὰσοαι
3481 782 3496 798 ⁸
3537 769 3690 837 μέσην
3705 771 3794 838 γὰρ

2273 854 2443 922 ἄλλην
2513 859 2771 912 ἄκτιστον
2841 860 3216 932 παρεμϐαλὼν
3291 860 3536 928 θεότητα,
3588 862 3643 914 τὸ
3699 861 3794 929 φῶς

2275 948 2470 1014 ἐκεῖνο,
2510 951 2814 1022 ὑφειμένην
2843 953 3080 1024 ἐκήρυξε
3137 953 3207 1026 [Γ.
3267 953 3374 1009 246
3422 953 3476 1026 α]
3527 955 3615 1008 καὶ
3663 955 3796 1013 αὐτὸς

2277 1040 2417 1091 κατὰ
2459 1042 2700 1110 Πρόκλον
2725 1043 3029 1111 κεκτῆσθαι
3065 1043 3164 1114 τὴν
3198 1044 3352 1108 τάξιν
3397 1041 3590 1114 μεταξὺ
3622 1044 3796 1095 τελείου

2278 1135 2382 1186 καὶ-
2405 1133 2649 1197 ἀτελοῦς,
2689 1138 2781 1186 καὶ
2829 1136 3059 1205 μετέχον
3115 1137 3210 1188 καὶ
3257 1137 3612 1206 μετεχόμενον
3661 1131 3796 1188 εἶναι.

2278 1224 2388 1275 Καὶ
2411 1223 2470 1276 τό
2493 1241 2558 1292 γε
2615 1225 2928 1294 εἰθισμένον
2979 1227 3130 1296 αὐτῷ
3191 1230 3530 1282 πλεονεκτεῖν
3586 1227 3800 1294 πανταχῆ

2275 1320 2390 1381 τοῖς
2441 1322 2653 1384 κακοῖς,
2679 1322 2990 1394 προσέθηκε
3021 1322 3304 1378 κάνταῦθα
3366 1324 3459 1376 καὶ
3507 1323 3656 1382 αὐτὸς
3687 1324 3804 1374 οἴκο-

2277 1410 2368 1464 θεν
2395 1411 2470 1481 τῷ
2497 1413 2739 1484 ἀκτῖστῳ
2768 1416 2862 1467 καὶ
2887 1417 3124 1486 ἀνουσίῳ
3175 1415 3237 1468 τὸ
3301 1415 3513 1485 ὁρατὸν,
3569 1413 3722 1465 ταῦτα
3751 1413 3802 1480 δὴ

2276 1501 2344 1553 τὰ
2375 1500 2721 1573 ἀξύμὸλητα.
2779 1507 2889 1559 Καὶ
2913 1507 3012 1560 οὐκ
3043 1507 3277 1560 αἰδεῖται
3341 1505 3682 1574 συκοφαντῶν
3728 1507 3805 1556 καὶ

2281 1588 2536 1659 μάρτυρα
2563 1593 2832 1662 παράγων
2869 1595 2964 1646 τὸν
2990 1594 3302 1663 σοφώτατον
3333 1588 3536 1646 ἐκεῖνον
3577 1593 3662 1644 καὶ
3689 1593 3807 1644 θεῖον

2277 1677 2534 1748 Μάξιμον
2583 1682 2699 1743 τοῖς
2767 1681 3054 1750 βρεφικοῖς
3114 1682 3281 1736 αὑτοῦ
3347 1673 3666 1750 ψελλίσμασι
3731 1685 3810 1732 καὶ

2281 1768 2626 1840 βλασφήμοις
2668 1773 3170 1844 παραληρήμασιν.
3207 1774 3341 1828 Οὐδὲ
3369 1775 3478 1846 γὰρ
3523 1773 3626 1826 οὐδ’
3664 1775 3812 1826 ἐκεῖνο

542 1858 548 1864 ’
607 1879 730 1940 pata
777 1869 870 1922 illa
918 1867 1012 1920 lux
1061 1865 1316 1919 eumdem
1351 1875 1476 1918 cum
1524 1859 1878 1932 participanti
1923 1858 2174 1912 ordinem

2292 1865 2519 1933 συνῆκεν
2538 1865 2750 1919 ἐκείνου
2783 1865 3037 1934 λέγοντος
3095 1865 3276 1932 αὖθις,
3333 1867 3412 1929 ὡς
3472 1866 3676 1920 πάντων
3723 1865 3813 1916 τῶν

603 1955 794 2025 habet,
830 1969 886 2015 et
917 1961 970 2012 in
1005 1957 1280 2013 intinituni
1307 1957 1486 2010 eidem
1523 1969 1648 2008 eum
1675 1953 1944 2007 creaturis
1975 1950 2172 2004 rationi

601 2055 851 2125 subjecta
875 2061 982 2118 est,
1015 2051 1106 2105 tiet
1129 2065 1196 2103 ex
1223 2049 1438 2104 duobus
1465 2048 1723 2101 alterum.
1746 2044 1879 2098 Nam
1909 2054 2002 2097 aut
2025 2057 2177 2096 crea-

609 2159 733 2203 tura
765 2147 909 2202 idem
937 2160 1000 2200 ac
1032 2142 1418 2214 partieipantia
1451 2155 1638 2208 opera,
1671 2145 1766 2192 aut
1800 2135 1982 2190 omnia
2014 2133 2176 2204 483

603 2238 990 2312 participantia
1020 2251 1187 2305 Opera
1217 2240 1382 2288 erunt
1407 2231 1635 2285 omnino
1665 2229 1932 2282 increata.
1963 2225 2177 2279 Etenim

603 2324 849 2404 ejusdem
897 2323 1138 2398 duplicia
1174 2327 1320 2380 inter
1370 2339 1427 2378 se
1477 2323 1703 2376 omnino
1753 2320 1900 2390 paria
1947 2329 2076 2373 sunt
2123 2328 2180 2371 et

604 2421 852 2494 ejusdem
887 2419 1115 2473 dimidia
1171 2415 1425 2472 similiter
1482 2415 1626 2466 inter
1671 2427 1730 2464 se
1791 2410 1962 2478 paria,
2013 2411 2178 2463 etiam

607 2515 834 2569 omnino
878 2509 1125 2579 ejusdem
1183 2509 1236 2563 in
1293 2506 1570 2560 inlinitum
1627 2503 1872 2573 subjecta
1920 2501 2066 2554 inter
2121 2515 2179 2556 se

607 2605 762 2676 paria
796 2610 924 2676 sunt
970 2609 1025 2654 et
1057 2598 1304 2670 ejusdem
1352 2594 1513 2666 pretii
1549 2601 1604 2648 et
1649 2592 1883 2654 ordinis,
1927 2587 2073 2661 quad
2113 2591 2178 2645 ad

608 2675 944 2750 creationem
985 2701 1039 2746 et
1092 2689 1490 2760 subiectionem
1545 2685 1808 2755 pertinet.
1843 2683 1978 2738 Nam
2011 2697 2180 2752 supra

608 2787 724 2841 haec
775 2785 830 2838 in
867 2783 1144 2838 inﬁnitum
1183 2781 1364 2842 elatus
1411 2786 1496 2832 est
1533 2777 1698 2841 Deus,
1750 2775 1864 2828 hac
1905 2774 2090 2828 omnia
2125 2773 2178 2827 in

607 2879 886 2935 inﬁnitum
943 2874 1206 2928 inferiora
1259 2871 1369 2923 Deo
1399 2879 1525 2923 sunt
1578 2877 1632 2923 et
1687 2868 1868 2922 locum
1919 2866 2177 2921 eumdem

607 2987 734 3027 cum
757 2969 1027 3024 creaturis
1055 2965 1276 3018 habent.
1309 2960 1508 3018 Eadem
1535 2962 1746 3014 ratione
1771 2973 1999 3028 magnus
2031 2957 2183 3012 Basi-

606 3065 714 3118 lius
757 3073 878 3129 qua:
927 3071 1052 3112 cum
1103 3055 1296 3108 eadem
1344 3067 1603 3106 mensura
1639 3053 1694 3106 in
1745 3065 2076 3120 quacunque
2119 3065 2179 3104 re

607 3153 872 3214 evadunt,
907 3151 1052 3203 inter
1083 3161 1204 3202 sese
1233 3145 1383 3214 paria
1413 3159 1534 3199 esse
1566 3144 1719 3198 dicit.

2281 1957 2452 2010 ὄντων
2511 1957 2608 2010 καὶ
2671 1959 3015 2028 μετεχόντων
3073 1960 3170 2011 καὶ
3218 1957 3498 2027 μεθεκτῶν
3559 1957 3815 2024 ἀπειράκις

2280 2050 2525 2121 ἀπείρως
2549 2050 2957 2122 ὑπερεξῄρηται
2988 2053 3014 2104 ὀ
3045 2052 3205 2120 Θεός.
3237 2052 3302 2103 Ei
3329 2052 3439 2120 γὰρ
3495 2050 3553 2102 τὸ
3587 2047 3816 2118 μεθεκτὺν

2281 2141 2456 2193 ἐκεῖνο
2481 2141 2599 2210 φῶς
2643 2141 2741 2212 τὴν
2771 2143 2942 2212 αὐτὴν
2971 2143 3050 2212 τῷ
3087 2143 3378 2212 μετέχοιτι
3408 2144 3563 2206 τάξιν
3603 2141 3820 2209 Eleum!

2281 2235 2579 2306 ἀπειράκις
2655 2237 2908 2306 ἀπείρως
2969 2237 3187 2304 ὑφεῖται
3226 2236 3318 2288 τὸν
3380 2236 3540 2289 αὐτὴν
3571 2235 3675 2295 τοῖς
3723 2232 3822 2283 κτί-

2286 2344 2460 2396 σμασι
2499 2326 2722 2397 τρόπον,
2749 2329 2906 2380 ἐσται
2935 2328 3044 2399 ἄρα
3075 2326 3221 2380 δυοῖν
3247 2329 3477 2395 θάτερον
3497 2343 3510 2358 ·
3539 2327 3569 2396 ἢ
3609 2325 3707 2392 γὰρ
3723 2324 3822 2374 actia-

2293 2436 2408 2488 σμα
2431 2418 2524 2472 καὶ
2551 2419 2684 2472 αὐτὸ
2719 2419 2862 2473 κατά
2885 2421 3085 2472 ταυτὸν
3117 2423 3232 2481 τοῖς
3277 2419 3565 2489 μετέχουσι
3609 2416 3822 2484 ποιήμα-

2283 2526 2389 2573 σιν,
2426 2511 2460 2580 ἥ
2487 2509 2556 2563 τὰ
2581 2511 2882 2582 μετέχοντα
2913 2513 3090 2566 πάντα
3137 2513 3425 2580 ποιήματα
3476 2511 3680 2561 ἔσονται
3707 2509 3824 2559 πάν-

2283 2617 2392 2661 τως
2424 2600 2682 2658 ἄκτιστα.
2721 2602 2810 2665 Ὠς
2841 2603 2950 2674 γὰρ
2999 2603 3070 2655 τὰ
3098 2601 3193 2654 τοῦ
3235 2603 3402 2655 αὑτοῦ
3445 2601 3694 2653 διπλάσια
3745 2597 3825 2647 ῖσα

2283 2693 2534 2763 ἀλλήλοις
2566 2695 2954 2763 ἀναμφιϐόλως
2989 2695 3128 2760 ἐστὶ,
3161 2696 3254 2747 καὶ
3314 2694 3383 2746 αὖ
3435 2693 3503 2746 τά
3557 2692 3646 2744 τοῦ
3679 2685 3825 2742 αὑτοῦ

2283 2800 2346 2852 γε
2373 2785 2548 2856 ἡμίση
2592 2785 2680 2838 ῐσα
2717 2787 2918 2855 ὁμοίως
2943 2786 3221 2856 ἀλλήλοις,
3285 2786 3459 2838 ἔπειτ’
3521 2784 3587 2837 ἂν
3635 2782 3826 2840 πάντως

2285 2878 2378 2930 καὶ
2408 2877 2477 2930 τὰ
2503 2876 2598 2931 τοῦ
2630 2877 2797 2932 αὐτοῦ
2838 2879 3134 2948 ἀπειράκις
3164 2878 3440 2948 ἀπείρως
3465 2857 3724 2944 ὕφειμένα
3751 2872 3827 2922 ica

2283 2970 2536 3040 ἀλλήλοις
2569 2966 2716 3024 εἶναι
2753 2972 2851 3023 καὶ
2883 2972 3123 3041 όμότιμα
3166 2972 3264 3024 καὶ
3293 2971 3542 3040 ὁμοταγῆ
3599 2965 3729 3019 κατὰ
3774 2979 3826 3030 γε

2281 3064 2346 3115 τδ
2377 3061 2626 3114 ἐκτίσθαι
2654 3063 2749 3114 καὶ
2769 3062 3045 3130 ὑφεῖσθαι·
3073 3056 3146 3116 ὧν
3167 3065 3278 3131 γὰρ
3299 3061 3596 3130 ἀπειράκις
3617 3057 3830 3122 ἀπείςως

2287 3151 2694 3222 ὑπερεξῄρηται
2709 3153 2737 3204 ό
2753 3151 2906 3216 Θεὸς,
2925 3152 3098 3206 ταῦτα
3115 3153 3271 3206 πάντ’
3301 3151 3597 3220 ἀπειράκις
3615 3147 3830 3214 ἀπείρως

609 3245 829 3314 ὑφεῖται
857 3239 953 3293 τοῦ
983 3235 1119 3290 Θεοῦ
1151 3239 1246 3289 καὶ
1273 3235 1460 3306 χώραν
1485 3235 1572 3286 ἐπ’
1604 3235 1726 3302 ῖσης
1786 3233 1900 3304 ἔχει
1929 3237 2042 3298 τοῖς
2078 3240 2339 3314 κτίσμασι
2361 3243 2463 3312 τὴν
2509 3244 2698 3314 αὑτήν.
2729 3243 2888 3296 Μετά
2919 3243 3029 3312 γὰρ
3076 3243 3172 3310 τῆς
3205 3243 3378 3312 αὐτῆς
3416 3241 3718 3310 ἐπιστήμης
3751 3235 3832 3288 καὶ

607 3339 635 3386 ὁ
703 3335 880 3403 μέγας
935 3331 1136 3401 φάσκει
1204 3329 1486 3388 Βασίλειος
1519 3326 1586 3378 τὰ
1618 3327 1675 3378 ἐν
1731 3326 1810 3395 τῷ
1860 3327 2009 3396 αὖτῷ
2071 3331 2254 3404 μέτρῳ
2311 3334 2444 3404 παρῗ
2495 3333 2720 3387 ὁτουοῦν
2788 3333 3168 3404 ὑπερεχόμενα
3225 3335 3319 3386 ἶσα
3373 3331 3626 3401 ἀλλήλοις
3689 3323 3828 3386 sint.

683 3425 794 3482 VII.
831 3423 937 3478 Sed
968 3423 1036 3476 de
1063 3420 1150 3474 his
1169 3420 1278 3489 jam
1305 3418 1458 3473 satis.
1481 3416 1729 3470 Audistis
1758 3418 1906 3471 enim
1936 3433 2180 3486 causam.

2358 3425 2435 3479 Z'.
2480 3425 2652 3479 Ἀλλά
2670 3425 2878 3479 τούτων
2924 3425 3023 3495 μὲν
3053 3425 3208 3487 ἃλιςο
3255 3423 3412 3494 ἔχετε
3444 3423 3554 3490 γὰρ
3595 3419 3832 3490 μαθόντες

561 3575 566 3582 ,
609 3533 709 3575 cur
733 3516 1016 3586 sequentia
1044 3513 1188 3569 sacri
1211 3510 1484 3566 sermonis
1513 3509 1736 3564 silentio
1768 3511 2186 3578 prtetermiserit

614 3611 864 3673 dimidia,
887 3617 941 3662 et
972 3607 1041 3662 ab
1075 3605 1223 3659 illius
1255 3601 1529 3658 sententia
1564 3601 1724 3672 plane
1757 3601 2047 3660 alterrarit.
2075 3600 2186 3656 Vo-

613 3705 718 3759 luit
752 3702 898 3756 euim
945 3697 1226 3754 Christum
1259 3695 1314 3748 in
1356 3693 1576 3748 'l‘habor
1608 3693 1876 3763 triplicem
1911 3694 2184 3748 redditum

614 3809 668 3852 et
696 3791 1050 3863 principalem
1073 3799 1127 3843 et
1157 3802 1424 3842 aeternum
1443 3787 1733 3840 ostendere
1759 3800 1856 3854 per
1879 3786 1995 3856 ejus
2017 3785 2190 3838 deita-

618 3905 747 3952 tem,
782 3897 835 3940 et
871 3884 1015 3954 quod
1047 3882 1246 3936 attinet
1293 3881 1474 3935 lucem
1516 3879 1664 3934 illam
1702 3889 1814 3934 tum
1867 3881 2013 3936 circa
2059 3895 2188 3934 eum

619 3986 840 4040 tactam,
874 3975 1094 4030 Christo
1123 3987 1244 4026 esse
1276 3971 1415 4026 duas
1451 3969 1729 4025 inereatas
1767 3969 2190 4034 deitatcs,'duas

619 4086 785 4140 porro
817 4069 1089 4121 increatas
1128 4062 1461 4124 voluntates,
1507 4060 1727 4115 tertiam
1763 4060 2189 4116 humanitatem.

619 4155 751 4218 Dein
779 4163 866 4216 uhi
897 4160 1144 4213 divinum
1177 4155 1472 4234 Maximum
1501 4153 1676 4243 apdiit
1697 4152 1968 4207 dicentem
2000 4152 2192 4206 volun-

619 4265 730 4309 tate
780 4253 1061 4308 Creatoris
1113 4251 1308 4302 t'actam
1365 4261 1510 4312 esse,
1567 4259 1680 4300 non
1735 4258 1898 4314 posse
1947 4259 2190 4314 unquam

621 4327 822 4401 volettti
860 4359 979 4399 eam
1010 4342 1124 4395 lieri
1150 4350 1500 4401 coasteruam,
1527 4337 1814 4408 tripliciter
1847 4345 1905 4392 et
1941 4338 2190 4405 quadru-

619 4437 833 4506 pliciter
871 4433 1077 4494 divisit.
1110 4441 1167 4486 et
1200 4437 1367 4500 quam
1395 4439 1603 4499 partem
1647 4429 1799 4485 falsis
1835 4440 2192 4500 argumenta-

622 4529 863 4584 tionibus
925 4523 1093 4596 484.
1139 4531 1455 4593 pervertere
1501 4531 1717 4591 poterat
1777 4523 2036 4586 sustulit;
2083 4538 2190 4577 cac-

624 4621 754 4678 teris
795 4621 1053 4674 omnibus
1088 4615 1358 4685 pepercit.

697 4887 833 4944 Vill.
871 4887 998 4942 llaac
1021 4879 1157 4942 eum
1192 4885 1352 4940 tinem
1393 4885 1728 4940 habuerunt.
1762 4885 1879 4940 Jam
1913 4885 2186 4954 reliquum

626 4991 710 5038 est
761 4979 1095 5042 ostendere,
1157 4977 1290 5046 quid
1346 4976 1638 5030 invisibilis
1697 4977 1918 5030 deitatis
1968 4979 2194 5047 gloriam

623 5073 838 5148 aperire
876 5067 1174 5140 signiﬁcet,
1213 5067 1358 5121 unde
1397 5077 1658 5136 tanquam
1697 5083 1728 5120 ε
1766 5067 1952 5120 radice
1993 5067 2195 5121 factum

622 5177 706 5221 est
764 5163 1062 5234 quondam,
1113 5170 1174 5214 ut
1225 5159 1497 5214 Eusebius
1551 5157 2043 5212 lconomachorum
2102 5160 2196 5211 ille

623 5257 872 5319 antistes,
904 5267 1050 5306 nunc
1083 5262 1266 5305 autem
1299 5249 1568 5312 Palamas,
1600 5249 1796 5304 similis
1823 5249 2198 5318 improbitatis

624 5345 1038 5412 auctor,multis
1060 5342 1343 5396 erroribus
1369 5341 1700 5410 simpiicimn
1729 5342 2010 5396 hominum
2039 5359 2202 5397 aures

627 5435 979 5508 implicuerit,
1020 5449 1145 5492 cum
1177 5433 1441 5502 Opinione
1474 5449 1588 5501 Ipse
1623 5441 1871 5487 uteretur
1905 5449 2034 5488 sane
2067 5451 2196 5504 per—

623 5527 915 5585 niciosa'et
943 5527 1081 5580 alios
1122 5524 1378 5577 similiter
1405 5537 1469 5577 ea
1498 5523 1605 5576 l'rui
1637 5533 1880 5593 cogeret.
1914 5525 2012 5578 Cui
2045 5527 2194 5580 enim

623 5632 874 5679 contorta
913 5616 1152 5672 amentia
1199 5616 1526 5669 sententiain
1575 5617 1742 5686 cepit,
1789 5626 1848 5670 ut
1894 5618 2200 5672 Athcnic"-

626 5715 766 5765 sinm
797 5727 920 5764 arce
955 5705 1230 5776 quondam
1281 5705 1599 5760 Pisistratus
1637 5709 1848 5776 potitus
1879 5709 2194 5762 orationum

628 5807 736 5858 dux
768 5802 870 5856 fuit
903 5815 1004 5855 suo
1029 5799 1176 5868 jure,
1212 5799 1254 5850 is
1289 5813 1354 5848 ne
1389 5797 1674 5851 minimum
1709 5799 1930 5866 quidem
1969 5800 2035 5854 de
2063 5817 2194 5870 qua-

2286 3519 2387 3588 τὴν
2421 3517 2602 3572 αἰτίαν
2639 3517 2707 3570 δι’
2736 3518 2803 3587 ἢν
2833 3517 2904 3570 τὰ
2933 3517 3063 3586 ἑξῆς
3115 3517 3236 3584 τῆς,
3278 3514 3376 3568 τοῦ
3428 3513 3588 3581 ἁγίου
3643 3513 3832 3581 ῥήσεως

2291 3611 2598 3681 σεσιγηκὼς
2655 3610 2891 3680 ἡμιτελῆ
2957 3611 3054 3662 καὶ
3108 3609 3202 3662 τὸν
3253 3607 3470 3661 ἐκείνου
3523 3599 3837 3672 συγκαταλέ-

2289 3707 2444 3759 λοιπε
2503 3704 2650 3758 νοῦν.
2721 3703 3053 3774 Βουλόμενος
3091 3704 3202 3774 γὰρ
3249 3703 3338 3753 ῖνα
3406 3698 3669 3771 τριπλοῦν
3715 3691 3838 3747 κατὰ

2291 3795 2544 3848 σύνθεσιν
2577 3797 2634 3846 ἐν
2669 3794 2748 3862 τῷ
2779 3793 3048 3864 Θαεωρίῳ
3106 3789 3427 3860 πεποιηκὼς
3479 3791 3572 3842 τὸν
3631 3785 3838 3856 Χριστὸν

2291 3887 2624 3956 συνάναρχόν
2655 3903 2712 3937 τε
2764 3887 2858 3938 καὶ
2921 3883 3190 3938 συναῖδιον
3244 3881 3507 3951 ἀποδείξῃ
3559 3881 3624 3948 τῇ
3681 3871 3830 3930 αὑτοῦ

2290 3978 2502 4047 θεότητι
2529 3977 2623 4029 xxi.
2644 3976 2703 4031 τὸ
2729 3977 2856 4042 περὶ
2889 3975 3055 4028 αὐτὸν
3115 3975 3294 4026 ἐκεῖνο
3349 3971 3653 4042 τηνικαῦτα
3701 3963 3838 4034 γενό-

2293 4081 2452 4136 μενον
2486 4065 2624 4132 φῶς,
2654 4063 2730 4126 ὼς
2761 4060 2895 4116 εἶναι
2925 4061 3005 4131 τῷ
3043 4061 3266 4131 Χριστῷ
3311 4059 3408 4112 δύο
3441 4058 3543 4129 μὲν
3575 4055 3840 4109 ἀκτίστονς

2291 4157 2501 4212 ἐκεῖθεν
2527 4156 2790 4226 θεότητας
2821 4155 2918 4208 τοῦ
2957 4154 3171 4216 λοιποῦ,
3205 4152 3299 4206 δύο
3337 4153 3384 4206 δ’
3423 4146 3729 4207 ἀκολούθως
3753 4144 3838 4196 ἀκ-

2292 4249 2510 4310 τίστους
2548 4247 2822 4313 θελήσεις,
2885 4247 2983 4298 καὶ
3036 4244 3228 4316 τρίτην
3281 4243 3380 4312 τὴν
3441 4237 3840 4310 ἀνθρωπότηταο

2293 4339 2468 4393 ἔπειτ’
2490 4339 2914 4408 ἀπαγορεύοντα
2943 4338 3284 4406 θεασάμενος
3313 4335 3406 4388 τὸν
3435 4335 3582 4386 θεῖον
3615 4327 3842 4392 Mil-i=9"?

2292 4433 2350 4487 ἐν
2379 4433 2582 4501 ταυτῷ,
2621 4433 2736 4496 καὶ,
2779 4449 2798 4484 ι
2837 4431 2909 4482 Τὸ
2933 4430 3155 4498 θελήσει
3187 4429 3278 4480 τοῦ
3306 4425 3676 4488 πεποιηκότος
3716 4413 3844 4484 γενά

2296 4541 2484 4593 μενον,
2516 4541 2534 4574 ι
2570 4525 2826 4587 λέγοντα,
2855 4539 2873 4572 ι
2911 4523 3012 4574 οὐκ
3053 4523 3118 4573 ἂν
3157 4521 3242 4589 εἴη
3283 4519 3414 4571 ποτὲ
3448 4517 3530 4586 τῷ
3583 4513 3844 4582 θελήσαντι

2293 4615 2428 4668 αὐτὸ
2460 4613 2717 4682 γενέσθαι
2748 4613 3046 4677 συναῖδιον,
3076 4631 3094 4662 ι
3149 4613 3314 4682 τριχῆ
3350 4611 3447 4664 ttat
3496 4605 3728 4678 τετραχῆ
3773 4615 3846 4652 τεο

2301 4711 2558 4778 μαχίσας,
2584 4705 2612 4759 ὃ
2655 4707 2757 4775 μὲν
2791 4705 3024 4776 ἐδυνήθη
3055 4703 3474 4772 συκςιιραντῆσαι
3508 4701 3602 4752 καὶ
3621 4692 3844 4762 διαστρὲ-

2230 4839 2270 4889 [)
2295 4803 2392 4870 qm
2420 4803 2605 4870 μέρος,
2637 4799 2869 4867 εἰλήφει,
2904 4800 2930 4849 ὃ
2957 4799 3002 4850 δ’
3033 4797 3115 4860 οὓ,
3143 4798 3298 4850 τοῦτο
3327 4795 3408 4849 οὕ.

2377 4895 2457 4945 H'.
2492 4893 2602 4944 Καὶ
2642 4891 2766 4943 τάδε
2799 4898 2897 4959 μὲν
2929 4890 3182 4957 τοιαύτην
3237 4890 3363 4957 ἔσχε
3407 4889 3511 4956 τὴν
3557 4886 3703 4958 λύσιν
3727 4897 3740 4910 ’
3765 4875 3846 4929 νῧν

2301 4986 2357 5036 δὲ
2379 4984 2552 5048 δεῖξαι
2585 4983 2895 5051 πρόκειται,
2933 4982 2983 5032 τί
3007 4983 3067 5033 τὸ
3099 4981 3194 5049 τὴν
3227 4981 3325 5048 τῆς
3353 4978 3590 5032 ἀθεάτου
3621 4977 3846 5040 θεότητος

2306 5072 2632 5144 παρανυῐξαι
2653 5074 2810 5136 δόξαν
2841 5074 2942 5122 ὼόε
2979 5071 3130 5139 δηλοί
3153 5087 3168 5100 ⁸
3227 5069 3478 5122 ἐντεῦθεν
3533 5069 3624 5120 καὶ
3655 5065 3756 5134 γὰρ
3785 5059 3849 5118 ὡς

2309 5171 2372 5218 ἐκ
2407 5168 2562 5232 ῥίζης
2595 5169 2742 5227 τινος
2775 5165 2946 5216 πάλαι
2972 5165 3070 5232 μὲν
3104 5162 3352 5231 Εὐσεῦίῳ
3381 5161 3464 5229 τῷ
3521 5162 3628 5212 τῶν
3661 5159 3850 5210 Εἰκονοι

2309 5253 2503 5323 μιάχων
2535 5253 2728 5321 ἐκείνῳ
2759 5251 3031 5321 προέδρῳ,
3083 5253 3178 5304 νῦν
3209 5253 3266 5304 δὲ
3304 5253 3555 5321 Παλαμᾷ.
3579 5247 3848 5317 συνερρύη·

2309 5361 2392 5408 κε,
2423 5344 2520 5412 τῆ,
2550 5345 2744 5414 ὁμοίας
2770 5343 2968 5405 κακίας
2995 5344 3278 5414 ἡργμένῳ,
3351 5346 3576 5412 μακρᾶς
3607 5344 3702 5408 τῆς
3733 5337 3848 5389 7:11-

2305 5453 2402 5504 νης
2443 5436 2540 5496 τὰς
2605 5437 2715 5487 τῶν
2763 5437 3154 5508 ἁπλουστέρων
3212 5437 3631 5508 ἐμπεπληκέναι
3681 5430 3850 5487 ἀκοὰς,

2303 5527 2452 5597 αὐτῷ
2481 5545 2538 5580 τε
2574 5531 2850 5597 παρανοίᾳ
2881 5531 3216 5600 χρησαμένῳ
3244 5531 3386 5600 μάλα
3409 5547 3464 5582 τι
3495 5529 3740 5597 ὀλεθρίῳ,
3771 5529 3850 5574 και

2303 5621 2422 5689 ἅμα
2459 5620 2640 5691 ἑκυτῴ
2671 5623 2795 5683 τοὺς
2845 5622 3040 5685 ἄλλους
3073 5623 3274 5691 ὁμοίως
3337 5623 3578 5693 χρῆσθαι
3619 5613 3850 5688 βιαζομέ-

2304 5731 2378 5782 νῳ
2401 5729 2414 5742 ο
2443 5709 2485 5780 ᾦ
2512 5714 2620 5782 γὰρ
2657 5715 2753 5784 τὴν
2788 5714 3015 5784 γνώμην
3065 5715 3268 5769 σκολιά
3327 5733 3408 5777 τις
3467 5711 3842 5784 παραφροσύνη

2301 5806 2708 5875 χειρωσαμένη,
2752 5807 3005 5874 καθάπερ
3057 5808 3156 5876 τὴν
3217 5807 3522 5877 Ἀθηναίων
3574 5799 3843 5874 ἀκρόπολιν
