4134 6286
341 337 448 400 429

1291 303 1742 392 ΒΥΖΑΝΤιΝιΕ
1786 331 2174 388 ιιιδιίηιιειι
2217 331 2362 384 Lm.
2409 327 2637 380 xxxv.

3491 307 3594 374 add

348 450 523 502 πάσλαι
555 446 967 516 Πεισίστρατος,
1002 445 1111 497 τῶν
1159 447 1471 515 λεγομένων
1510 445 1808 514 αὐτόνομος
1845 443 1927 510 γὶ-

2038 453 2192 507 qnam
2223 454 2277 492 rc
2312 438 2625 491 discernere
2662 442 2839 502 potest
2878 445 2973 482 ιὶιιι·
3008 430 3330 482 verecundia
3364 431 3590 497 quadam

345 560 498 596 νεται
527 540 824 612 πρύτανις,
859 539 1035 610 τούτῳ
1069 539 1132 608 δὴ
1186 531 1322 610 μηδὲ
1381 538 1556 609 μικρὰ
1614 537 1926 608 φροντίζειν

346 637 462 685 ἔστι
500 631 730 701 μηδαμῆ
768 630 1020 700 μηδενὸς,
1079 630 1144 699 [ί.
1201 629 1308 684 246
1339 629 1395 699 b]
1461 629 1588 698 μήτ’
1634 628 1774 682 αἰδοῖ
1818 644 1926 679 τινι

345 725 406 777 τὸ
463 724 564 790 τῆς
620 723 868 790 γλώττης
910 720 1226 774 συστέλλειν
1273 721 1597 784 ἀκόλαστον,
1661 719 1792 789 μήθ’
1851 713 1926 770 ὧν

341 816 595 887 ἐξαπατᾷ
625 815 905 884 φείδεσθαι
941 815 1194 885 μηδενὸς,
1219 813 1379 884 ἄχρις
1409 808 1476 867 ἂν
1526 813 1605 874 εἰς
1631 811 1723 864 τὸν
1775 809 1926 877 αὐτῷ

341 911 699 979 προσήκοντα
735 907 880 977 μάλα
911 923 962 960 τι
1005 906 1295 970 πλείστους
1353 903 1470 974 ἅμα
1523 904 1673 983 αὐτῷ
1721 919 1929 970 συγκα-

341 1002 550 1074 τορύξη
576 1001 842 1070 κρημνόν.
879 993 949 1069 ’ᾯ
1002 1000 1047 1052 δ’
1101 1000 1407 1067 ὑγιαίνοντι
1481 999 1772 1068 συμϐαίνει
1829 1015 1925 1049 κε-

344 1095 584 1166 χρῆσθαι
607 1094 684 1163 τῷ
701 1093 797 1162 νῷ,
830 1093 932 1146 οὐκ
966 1092 1148 1162 ἁωρὲᾳ
1174 1091 1394 1144 δίδωσιν
1429 1090 1616 1143 οὑτοσ)⁸
1644 1088 1929 1158 λογισμῶν

342 1188 563 1241 ἑαυτόν·
596 1187 719 1240 οὐδὲ
755 1185 877 1248 δέος
901 1185 1332 1254 ,ἐξαπατηθέντα
1366 1184 1498 1236 ποτὲ
1530 1185 1600 1236 δι’
1630 1184 1802 1253 ἀκοὴν
1831 1185 1931 1237 αύ-

345 1281 440 1334 τὸν
471 1279 870 1346 οἱασδηποτοῦν
891 1277 1110 1341 λέξεως,
1143 1277 1213 1330 δι’
1243 1277 1546 1345 οἱονδήτινα
1576 1276 1777 1346 τρόπον
1829 1276 1926 1329 ἀν-

344 1363 767 1435 θρωποπρεπῶς
828 1365 998 1417 ἐνίοτε
1040 1363 1348 1436 λεχθείσης,
1409 1363 1744 1420 ὀλισθαίνειν
1797 1366 1928 1436 περὶ

345 1462 446 1529 τὴν
481 1460 683 1524 πίστιν,
714 1458 872 1528 ἄχρις
898 1456 964 1510 ἂν
1002 1457 1375 1527 ὁμολογοῦσαν
1409 1458 1507 1530 ἔχῃ
1533 1459 1633 1530 τὴν
1672 1459 1922 1512 διάνοιαν

344 1550 426 1620 τῷ
458 1550 556 1619 τῆς
604 1550 782 1619 ψυχῆς
838 1549 1122 1614 συνειδότι,
1188 1550 1316 1617 μήθ’
1375 1549 1604 1617 ὁρᾶσθαι
1661 1548 1927 1602 δύνασθαι

348 1645 687 1714 σωματικοῖς
713 1643 810 1713 τὴν
837 1643 1092 1696 ἄκτιστον
1147 1641 1382 1708 θεότητά
1439 1641 1554 1694 ποτ’
1600 1641 1923 1710 ὀφθαλμοῖς,

352 1734 480 1805 μήτ’
498 1733 784 1788 ἀλλοίωσιν
818 1731 951 1800 μηδὲ
982 1731 1193 1800 τροπήν
1241 1729 1364 1783 ποθ’
1425 1729 1720 1800 ὑπομένειν
1761 1729 1926 1799 ,ἠντι-

347 1826 500 1880 νοῦν.
527 1826 591 1878 Εἰ
611 1808 717 1894 γὰρ
743 1823 817 1894 μὴ
847 1820 994 1876 τοῦτ’
1023 1825 1130 1890 εῑη.
1159 1820 1392 1874 κωλύσει
1423 1820 1532 1874 τῶν
1586 1821 1805 1875 πάντων
1834 1822 1925 1874 οὐ·

349 1921 442 1972 δὲν
469 1919 606 1986 πρὸς
633 1918 888 1970 ἀσέϐειαν
941 1916 1086 1986 ἔχειν
1146 1915 1463 1986 ὲπιρῤεπῶς
1510 1914 1600 1968 ἀεὶ
1653 1915 1746 1967 καὶ
1801 1913 1928 1966 νύκ-

349 2029 468 2078 τωρ
497 2012 590 2064 xui.
627 2011 746 2080 μεθ’
782 2011 998 2079 ἡμέραν
1027 2007 1336 2060 κλονεῖσθαι
1363 2007 1456 2060 καὶ
1491 2007 1929 2077 περιτρέπεσθαι

354 2099 533 2151 πάντα
581 2098 725 2156 τινὰ.
775 2096 1025 2166 καθάπερ
1091 2095 1506 2164 ἀνερμάτιστον
1564 2094 1775 2161 σκάφος
1843 2095 1928 2160 ἐφ’

354 2188 544 2256 ὑγρῶν
572 2185 911 2256 ἀστατούσης
974 2186 1254 2255 θαλάσσης
1304 2185 1566 2254 κυμάτων
1609 2184 1932 2239 ταλαντευό-

363 2296 526 2347 μενον
553 2281 636 2346 ἐφ’
668 2279 903 2348 ἑκάτερα
955 2279 1052 2330 καὶ
1111 2278 1400 2340 παντοίαις
1461 2279 1684 2346 ἀνέμων
1739 2279 1932 2338 πνοαῖς

356 2361 630 2440 ἀγόμενόν
655 2387 714 2421 τε
745 2369 835 2421 καὶ
881 2369 1184 2437 φερόμενον
1212 2367 1579 2437 πλημμελῶς.
1624 2367 1784 2419 Κατὰ
1826 2365 1933 2433 γὰρ

355 2463 452 2515 τὸν
493 2462 665 2532 μέγαν
695 2460 997 2526 Βασίλειον,
1027 2458 1081 2512 εῖ
1113 2477 1199 2522 τις
1225 2457 1612 2520 ἀϐασανίστως
1673 2456 1931 2526 προσέχει

357 2558 476 2617 τοῖς
529 2541 844 2624 γράμμασι,
904 2553 1042 2622 πρὸς
1085 2549 1434 2621 Ἑλληνικούς
1469 2567 1528 2603 τε
1582 2552 1677 2605 καὶ¹
1717 2549 1934 2602 Ἰουδαϊ-

359 2649 494 2708 κοὺς
528 2647 665 2716 ὁμοῦ
699 2645 792 2698 καὶ
816 2645 1085 2714 γραώδεις
1116 2644 1320 2712 μύθους
1352 2643 1788 2714 ὲκτραπήσεται,
1843 2644 1935 2693 καὶ

361 2739 582 2806 πτωχὸς
606 2737 890 2798 παντελῶς
937 2736 1045 2788 τῶν
1075 2736 1242 2800 ἀξίων
1290 2736 1416 2803 περὶ
1446 2729 1582 2786 Θεοῦ
1645 2732 1932 2802 νοημάτων

360 2832 765 2912 καταγηράσει.
816 2825 974 2881 Ἀλλὰ
1003 2828 1080 2898 τῷ
1111 2845 1174 2895 γε
1201 2825 1421 2880 διπλοῦν
1467 2843 1525 2878 τε
1553 2827 1644 2878 καὶ
1681 2823 1932 2877 σύνθετον

359 2919 610 2989 ἀκριϐῶς
640 2918 734 2970 τὸν
764 2917 1007 2988 Χριστὸν
1040 2918 1306 2985 ἐγνωκότι
1339 2917 1437 2984 μὲν
1487 2919 1550 2970 ὲκ
1597 2917 1704 2967 τῶν
1736 2914 1934 2966 θεῖκῶν

359 3011 460 3063 νῦν
491 3009 537 3062 δ’
562 3008 624 3062 ἐκ
651 3009 759 3061 τῶν
793 3007 1223 3076 ἀνθρωπίνων..³
1253 3007 1522 3080 δηλούσης
1563 3008 1621 3058 ti.-
1651 3005 1935 3074 συναμφό-

2028 531 2226 601 lingua:
2259 529 2655 599 impudentiam
2682 539 2941 580 coercere
2974 538 3149 592 neque
3185 521 3250 574 iis
3282 537 3421 591 quos
3450 521 3587 575 fratr.

2023 623 2092 676 da
2130 637 2376 691 parcere,
2424 621 2598 674 donec
2629 619 2685 672 in
2725 617 2983 686 abyssum
3018 631 3178 684 quem
3226 615 3342 684 ipse
3397 615 3592 668 meruit

2025 729 2212 769 secum
2245 713 2406 782 siittul
2441 711 2742 781 permultos
2775 710 2974 762 trahat.
3015 708 3188 762 [ionio
3218 718 3361 760 same
3402 706 3592 759 mentis

2027 808 2241 860 ratione
2271 806 2466 865 utitur,
2487 819 2593 857 non
2617 802 2765 855 falsis
2787 799 3302 855 ratiocinationibus
3327 813 3384 852 se
3411 797 3593 852 tradit.

2022 914 2124 954 nec
2175 897 2530 951 metuendum
2569 906 2674 960 est,
2735 910 2802 948 ne
2849 903 3046 963 captus
3105 905 3346 960 unquam
3406 891 3600 944 audito

2027 989 2288 1058 quopiam
2342 1003 2616 1048 sermone,
2659 987 3056 1054 qualiscunque
3111 984 3395 1038 hominum
3450 998 3601 1036 more

2031 1080 2309 1134 interdum
2339 1080 2677 1148 proferetur,
2726 1079 2778 1131 in
2813 1077 2916 1130 ﬁde
2956 1077 3220 1140 oli‘endat,
3259 1077 3436 1131 donec
3480 1091 3603 1129 scn-

2029 1173 2264 1227 tentiam
2333 1187 2458 1225 cum
2537 1171 2736 1224 ιιιυιιιίς
2795 1170 3138 1223 conscientia
3201 1177 3600 1238 congruentem

2032 1271 2246 1325 teneat;
2288 1277 2390 1318 nec
2415 1277 2575 1332 posse
2599 1261 2840 1330 conspici
2885 1275 3124 1330 unquam
3156 1258 3446 1330 corporeis
3481 1260 3601 1328 qui-

2029 1354 2154 1408 dem
2204 1354 2381 1408 oculis
2427 1355 2726 1408 increatam
2767 1353 3049 1415 deitatem,
3084 1367 3186 1406 nec
3240 1352 3599 1405 variationem

2027 1445 2191 1518 485
2218 1456 2314 1500 aut
2343 1447 2704 1500 mutationem
2745 1445 2907 1499 ullam
2946 1445 3191 1499 subesse.
3222 1443 3374 1510 Quod
3407 1443 3454 1499 si
3490 1460 3598 1496 non

2028 1548 2192 1604 esset,
2224 1538 2363 1592 nihil
2389 1539 2615 1592 omnino
2648 1537 2960 1607 impediret,
2982 1539 3280 1605 quominus
3311 1536 3378 1590 ad
3408 1537 3600 1605 impie-

2029 1641 2194 1685 tatem
2235 1629 2605 1700 propenderet
2635 1639 2690 1684 et
2721 1629 2813 1683 diu
2844 1640 3120 1698 noctuque
3146 1629 3601 1682 circumferretur

2027 1732 2083 1778 et
2109 1723 2434 1792 jactarelur,
2467 1731 2525 1776 ut
2571 1722 2751 1776 inanis
2783 1723 2940 1776 navis
2970 1722 3257 1776 zesluantis
3298 1722 3466 1777 maris
3497 1722 3603 1776 llu-

2029 1818 2213 1872 ctibus
2254 1817 2361 1871 huc
2397 1817 2527 1870 illuc
2555 1819 2756 1886 jactata
2787 1825 2843 1869 et
2875 1815 3064 1869 multis
3095 1814 3275 1868 ventis
3313 1814 3518 1882 agitata
3549 1823 3604 1866 t-t

2031 1910 2085 1964 in
2118 1910 2420 1980 perniciem
2468 1911 2650 1964 ducta.
2693 1909 2936 1970 Etenim,
2967 1917 3026 1961 ut
3063 1907 3141 1961 ait
3192 1923 3421 1976 magnus
3454 1906 3605 1958 Basi-

2031 2003 2160 2064 lius,
2194 2000 2241 2054 si
2286 2001 2410 2066 quis
2456 2010 2661 2055 temere
2695 2001 2760 2052 ad
2793 1999 3003 2067 St'ripta
3050 1998 3294 2052 animum
3336 1998 3601 2057 attulerit,

2032 2093 2097 2146 ad
2143 2092 2459 2147 Grmcorum
2505 2090 3191 2160 Judaeormnque-fabulas
3235 2089 3521 2159 perveniet
3548 2098 3605 2143 et.

2032 2198 2238 2252 egenus
2268 2182 2432 2251 digna
2466 2182 2558 2236 Dei
2593 2181 2910 2252 cognitione
2946 2192 3218 2237 senescet.
3248 2180 3357 2236 Sed
3401 2181 3475 2243 ei,
3509 2182 3603 2250 qui

2033 2277 2306 2345 duplicem
2361 2286 2418 2330 et
2469 2275 2834 2345 compositum
2883 2292 2949 2331 ex
3005 2274 3194 2329 divino
3249 2275 3308 2329 'et
3363 2274 3605 2327 humano

2035 2368 2400 2435 compositum
2456 2367 2738 2421 Christum
2803 2367 3105 2429 intellexit,
3169 2382 3279 2420 non
3345 2382 3603 2436 magnum

2033 2474 2174 2527 opus
2203 2469 2310 2522 est,
2341 2459 2569 2529 grandia
2600 2459 2790 2513 deitati
2822 2458 3089 2522 tribuere,
3123 2459 3308 2512 intima
3345 2458 3603 2512 huinaui-

2035 2556 2154 2606 tati.
2179 2551 2240 2606 Et
2271 2551 2316 2606 si
2347 2552 2587 2606 audierit
2625 2570 2641 2602 ι
2675 2549 2816 2605 Caro
2849 2551 3052 2606 factum
3081 2561 3166 2605 est
3197 2551 3460 2614 Verbum,
3495 2570 3513 2602 ι
3550 2562 3606 2606 et

2036 2659 2266 2698 rursus:
2309 2663 2326 2694 ι
2356 2643 2643 2698 Nonnulla:
2673 2643 2844 2697 divini
2881 2643 3166 2712 sanguinis
3192 2653 3358 2713 gutta:
3388 2645 3606 2697 univer-

2035 2750 2157 2789 sum
2212 2734 2478 2788 mundum
2529 2744 2813 2797 sanarunt,
2859 2755 2878 2786 ιι
2938 2749 3050 2795 non
3101 2734 3458 2788 mutationem
3511 2746 3607 2800 aut

2035 2831 2398 2884 variationetu
2421 2829 2646 2884 omnino
2667 2829 2886 2884 deitatis
2912 2843 3032 2884 esse
3060 2827 3346 2898 conjiciet,
3375 2843 3475 2882 nec
3509 2829 3622 2882 ubi-

2038 2923 2133 2977 Dei
2181 2922 2381 2977 Filium
2428 2923 2582 2976 audit
2622 2935 2746 2976 esse
2796 2921 3098 2980 hominem,
3154 2921 3260 2974 Ileo
3297 2921 3602 2977 naturalem

2041 3015 2210 3068 fuisse
2241 3013 2509 3079 originem
2541 3013 2828 3082 intelliget.
2855 3013 2997 3077 Quin
3023 3013 3189 3066 etiam
3221 3012 3263 3065 si
3293 3011 3360 3066 de
3392 3014 3606 3071 transii-

358 3116 547 3168 τερον,
577 3097 637 3150 ού
667 3097 812 3164 μέγα
829 3098 992 3166 ἔργον
1031 3097 1100 3148 τὰ
1129 3096 1224 3164 μὲν
1260 3095 1438 3165 ὑψηλὰ
1466 3097 1531 3163 τῇ
1587 3095 1800 3162 θεὸτητι
1844 3093 1932 3144 νέ-

2038 3107 2324 3177 guratione
2392 3103 2653 3166 audierit,
2707 3119 2816 3157 non
2886 3102 3375 3158 lconomarhorum
3443 3103 3604 3156 dictis

366 3207 516 3261 ρειν,
575 3189 642 3242 τὰ
684 3190 728 3243 δ’
780 3189 1050 3258 ὑφειμένα
1102 3190 1166 3259 τῇ
1212 3189 1627 3258 ἀνθρωπότητι·
1670 3188 1760 3239 καὶ
1805 3187 1933 3239 ὅταν

361 3280 561 3352 ἀκούῃ,
604 3300 622 3332 ι
662 3281 804 3349 Σάρξ
853 3295 913 3332 τε
945 3283 970 3333 ὁ
1006 3281 1178 3348 Λόγος
1229 3280 1469 3346 ἐγένετο,
1519 3299 1535 3329 ›
1601 3278 1694 3331 καὶ
1753 3275 1931 3340 αὖθις,

368 3383 392 3425 ι
427 3371 636 3438 Ὀλίγαι
676 3370 890 3443 ῥανίδες
916 3370 1149 3437 αἵματος
1184 3367 1319 3420 Θεοῦ
1370 3369 1575 3438 κόσμον
1626 3367 1747 3419 ὅλον
1781 3365 1935 3432 ὑγία-

336 3455 495 3526 ’σαν,
528 3480 548 3513 ›
587 3461 645 3514 οὐ
676 3459 983 3531 μεταϐολὴν
1013 3459 1132 3511 οὐδὲ
1173 3460 1384 3528 τροπὴν
1413 3459 1548 3521 ὅλως
1600 3458 1936 3528 ὑπολήψεται

363 3557 469 3624 τῆς
501 3556 756 3622 θεότητος
776 3594 792 3616 ,
817 3553 926 3605 οὐδ’
949 3553 1039 3604 ὅτε
1066 3551 1202 3604 Θεοῦ
1235 3552 1317 3604 ΥΓ
1335 3570 1361 3601 ν
1389 3550 1578 3602 ἀκούει
1609 3551 1701 3602 τὸν
1729 3550 1938 3618 ἄνθρω-

364 3665 492 3710 ⁶τιον,
519 3646 640 3714 Θεῷ
673 3645 907 3714 φυσικὴν
936 3645 1181 3713 ὲννοήσει
1207 3645 1306 3711 τὴν
1337 3643 1486 3694 κάτω
1514 3643 1786 3710 γέννησιν,
1829 3642 1938 3695 Ναὶ

367 3740 480 3810 μὴν
509 3739 629 3792 οὐδὲ
661 3738 1087 3807 μεταμόρφωσιν
1117 3736 1361 3796 ἀκούσας
1411 3737 1524 3799 τοῖς
1575 3735 1684 3788 τῶν
1721 3736 1940 3788 Εἱκονο-

370 3833 567 3900 μάχων
616 3829 995 3898 ὑπαχθήσεται
1042 3827 1242 3894 λόγοις,
1298 3814 1438 3878 ὥστε
1488 3827 1794 3894 μεταϐολὴν
1845 3829 1938 3878 καὶ

365 3919 580 3987 τροπὴν
608 3919 804 3988 σαρκὸς
838 3910 914 3979 εἰς
956 3916 1210 3970 ᾶκτιστον
1274 3915 1652 3984 ἐννενοηκέναι
1707 3915 1939 3985 θεότητα

364 4009 403 4080 ἢ
435 4009 687 4076 θεότητος
719 4007 1083 4075 μετουσίωσιν
1118 4007 1197 4069 εἰς
1253 4006 1555 4076 ὑφειμένην
1604 4007 1700 4058 καὶ
1732 4007 1934 4059 ἀνυπό-

368 4117 570 4154 στατον
593 4099 761 4170 ἄλλην
792 4099 884 4150 καὶ
919 4099 1168 4151 ἀνούσιον
1207 4096 1440 4166 θεότητα
1467 4099 1607 4150 κατὰ
1638 4097 1730 4150 τὸν
1753 4093 1937 4150 Παλα-

372 4189 506 4257 μᾶν.
539 4186 599 4238 Ei
625 4185 680 4237 δὲ
702 4184 848 4237 τοῦθ’
884 4183 1049 4250 οὕτω,
1073 4183 1256 4254 πολλῷ
1289 4184 1492 4253 μᾶλλον
1520 4184 1629 4237 οὐδ’
1658 4185 1746 4236 ὅτε
1779 4185 1939 4250 δόξαν

371 4275 589 4342 ἀκούσῃ
628 4274 887 4342 θεότητος
938 4273 1137 4342 μικρὸν
1189 4273 1651 4344 παρανοιχθεὲσης
1697 4273 1940 4344 ἢπαραυ

364 4369 704 4437 δειχθείσης,
729 4366 867 4435 πρὸς
901 4359 1145 4427 ἁτόπους
1168 4365 1376 4428 ἐννοίας
1428 4366 1520 4418 καὶ
1554 4365 1698 4436 μάλα
1725 4369 1792 4436 τῇ
1847 4367 1937 4418 εύ-

2037 3197 2370 3265 decipietur,
2389 3197 2464 3250 ita
2493 3205 2550 3250 ut
2575 3196 2934 3271 mutationem
2955 3203 3010 3249 et
3033 3193 3395 3250 variationem
3420 3197 3604 3250 carnis

2038 3290 2092 3342 in
2123 3289 2419 3344 increatam
2447 3288 2712 3342 deitatem
2738 3286 3025 3357 intelligat,
3055 3297 3150 3341 aut
3171 3286 3396 3342 dcitatis
3429 3297 3606 3342 trans-

2037 3381 2556 3436 substantiatiouem
2599 3380 2654 3433 in
2688 3380 2989 3449 subjectam
3020 3389 3077 3434 et
3107 3377 3604 3435 'insubstautialetu

2037 3474 2260 3528 alteram
2293 3483 2348 3527 et
2381 3471 2788 3526 inessentialem
2821 3472 3078 3526 deitatem
3115 3473 3419 3526 secundum
3454 3473 3608 3527 Pala-

2039 3580 2202 3617 mam.
2236 3563 2389 3630 Quod
2441 3565 2485 3618 si
2544 3565 2617 3617 ita
2662 3571 2790 3628 est,-
2811 3564 2980 3617 multo
3027 3565 3201 3634 magis
3249 3565 3339 3618 ubi
3378 3567 3604 3634 ενοι-ἰδίη

2039 3655 2258 3708 deitatis
2283 3655 2499 3723 paulum
2526 3655 2830 3723 suhapertie
2850 3664 2942 3708 aut
2965 3655 3322 3710 subindicatm
3346 3657 3605 3722 aud-ierit,

2037 3747 2206 3816 486
2234 3748 2297 3798 ad
2323 3745 2627 3800 sententias
2653 3747 2864 3813 ineptas
2894 3754 2947 3798 et
2973 3761 3001 3798 a
3036 3747 3299 3815 religione
3333 3747 3606 3801 alienissi-

2039 3851 2156 3888 nias
2190 3834 2544 3902 perducetur,
2576 3844 2628 3887 et
2659 3833 2728 3885 ah
2762 3834 3139 3902 intelligentia:
3176 3837 3381 3890 lumine
3409 3836 3608 3890 abhor-

2043 3937 2247 3988 rentes,
2282 3925 2353 3977 ita
2390 3934 2448 3977 ut
2476 3909 2834 3977 vehementer
2873 3910 3019 3976 mihi
3049 3926 3234 3978 ntimri
3282 3926 3467 3990 liceat,
3500 3942 3609 3996 quo

2042 4019 2259 4074 tandem
2297 4016 2458 4070 modo
2498 4017 2744 4071 Paiamas
2766 4017 2950 4069 statim
2983 4015 3049 4071 ad
3082 4017 3218 4071 tales
3244 4018 3610 4086 blasphemias

2043 4107 2378 4177 pervenerit.
2435 4107 2552 4160 Non
2584 4107 2730 4160 enim
2783 4106 2892 4160 dici
2945 4122 3044 4176 pro
3086 4115 3237 4160 certo
3267 4117 3470 4176 potest,
3511 4125 3610 4162 nec

2041 4199 2185 4269 quod
2223 4199 2290 4253 ad
2338 4198 2740 4253 subindicatam
2803 4211 2902 4253 nec
2942 4197 3090 4267 quod
3145 4199 3212 4252 ad
3261 4198 3607 4268 subapertam

2043 4291 2299 4345 deitatem
2325 4293 2586 4360 pertinet,
2610 4292 2831 4345 deitatis
2858 4291 3229 4360 intelligentiae
3255 4292 3435 4346 lucem
3463 4293 3608 4347 illam

2044 4383 2241 4437 factam
2271 4399 2411 4436 esse.
2434 4383 2638 4437 llclicta
2669 4383 2813 4436 enim
2848 4383 3234 4452 prmpositione
3263 4383 3356 4436 sub
3382 4393 3438 4438 et
3481 4386 3607 4438 reli-

375 4457 568 4526 σεϐείᾳ
598 4456 914 4525 ἁπᾳδούσας
952 4455 1393 4526 ἐξενεχθήσεται,
1433 4457 1662 4526 μηδαμῆ
1711 4457 1845 4527 μηδὲ
1862 4457 1935 4526 τῷ

2045 4476 2147 4527 οιὲε
2186 4493 2202 4524 ι
2230 4473 2594 4527 subiudicavit
2636 4491 2653 4522 ι
2684 4483 2739 4526 et
2771 4491 2788 4522 ι
2831 4472 3151 4541 subapcruit
3188 4492 3206 4522 ι
3247 4483 3302 4528 et
3331 4491 3452 4542 qua:
3481 4487 3611 4528 sunt

370 4549 474 4618 τῆς
507 4549 821 4618 ἐπιστήμης
858 4549 1000 4614 φωτὶ
1031 4549 1436 4616 ἁρμοττούσας.
1482 4550 1644 4602 Ὥστε
1688 4552 1780 4604 καὶ
1811 4552 1945 4620 σφό-

369 4643 476 4708 δρα
503 4640 806 4709 θαυμάζειν
849 4640 974 4708 ἐμοὶ
1033 4640 1306 4709 περίεστι,
1367 4641 1484 4704 πῶς
1540 4644 1635 4696 καὶ
1689 4642 1852 4696 πόθεν
1913 4645 1940 4695 ὁ

376 4733 640 4800 Πιλαμᾶς
672 4733 750 4792 εἰς
798 4731 1050 4792 τοιαύτας
1082 4733 1239 4793 εὐθὺς
1269 4734 1651 4786 ἐκτετοπισται
1699 4734 1943 4804 βλασφη-

377 4827 531 4894 μίας.
558 4826 630 4877 υύ
664 4827 774 4895 γὰρ
803 4826 914 4895 ἔχει
944 4825 1124 4889 λέγειν
1167 4821 1243 4886 ὠς
1273 4827 1680 4892 παραστατικὸν
1730 4825 1851 4880 οὒτε
1884 4829 1946 4882 τὸ

374 4917 809 4987 τ.αρ;ιδειχθῆναι
837 4915 960 4967 οὔτε
985 4915 1045 4965 τὸ
1075 4916 1283 4983 μικρῶς
1341 4933 1456 4977 πως
1506 4917 1788 4986 ἀνοιγῆναι
1830 4921 1946 4973 θεό-

372 5030 516 5080 τητα
546 5011 637 5062 τοῦ
660 5011 915 5079 θεότητος
954 5011 1097 5060 νοεῖν
1129 5010 1306 5059 ἐκεῖνο
1341 5009 1477 5068 τέως
1525 5013 1854 5079 γεγενῆσθαι
1888 5015 1947 5067 τὸ

373 5105 515 5170 φῶς.
547 5103 853 5170 Λειπούσης
889 5102 988 5171 μὲν
1017 5102 1122 5169 γὰρ
1155 5102 1252 5167 τῆς
1278 5102 1437 5169 παρὰ
1500 5105 1812 5172 προθέσεως
1852 5109 1948 5161 καὶ

372 5196 493 5256 τοῦ,
533 5213 549 5243 ι
610 5193 838 5263 Μικρῶς
897 5193 1014 5254 πῶς
1051 5192 1242 5257 ἔδειξε,
1295 5210 1312 5242 ›
1375 5194 1470 5244 καὶ
1524 5195 1640 5258 τοῦ,
1681 5216 1697 5246 ι
1741 5196 1949 5264 Mtng

376 5283 711 5352 παρήνοιξε,
751 5300 768 5332 ι
810 5283 905 5334 καὶ
939 5283 1048 5334 τῶν
1079 5281 1304 5349 ὁμοίων,
1342 5279 1488 5352 εἶχεν
1534 5286 1598 5338 ἄν
1637 5301 1756 5349 πως
1785 5290 1947 5351 αὑτός

373 5394 434 5428 τε
479 5377 571 5428 καὶ
608 5377 666 5426 τὸ
689 5377 797 5426 τῶν
831 5375 1217 5444 Εἰκονομάλων
1251 5377 1474 5445 σμῆνος,
1507 5379 1553 5429 εἰ
1614 5380 1707 5430 xxi.
1744 5380 1818 5450 μὴ
1869 5383 1950 5434 διο

376 5470 575 5528 καίως,
627 5466 743 5518 ἀλλ’
767 5463 862 5517 οὖν
901 5461 1014 5534 εἷχέ
1042 5484 1165 5518 τινα
1197 5469 1475 5536 πρόφασιν
1513 5469 1642 5530 ἴσως
1691 5471 1790 5540 τῆς
1842 5492 1951 5526 τοι-

376 5555 555 5627 αύτης
594 5559 774 5609 αὐτῶν
808 5560 1093 5627 αἱρέσεως·
1129 5559 1220 5612 νῦν
1253 5560 1297 5612 δ’
1343 5561 1563 5628 οὐδεμία
1611 5564 1659 5614 oi
1708 5564 1951 5620 λείπεται

377 5652 677 5726 πρόφασις,
707 5651 819 5699 Καὶ
856 5649 964 5718 γὰρ
992 5653 1055 5718 τῇ
1080 5650 1396 5719 διδκσκαλίᾳ
1432 5652 1528 5719 τῆς
1587 5651 1696 5703 τῶν
1753 5656 1952 5720 λέξεων

375 5743 692 5805 ἐπιστήμης
726 5741 774 5790 οἱ
807 5739 938 5790 θεῖοι
974 5740 1067 5805 τῆς
1131 5742 1456 5806 Ἐκκλησέας
1521 5744 1760 5808 Ιιατέρες
1820 5751 1948 5801 ἐπέ.-

2046 4566 2266 4630 similia,
2289 4565 2513 4618 haberet
2535 4574 2585 4618 et
2605 4565 2720 4634 ipse
2737 4573 2791 4618 et
2808 4565 3286 4619 lconomachorum
3312 4568 3491 4633 turba,
3514 4585 3542 4622 e
3565 4571 3610 4623 si

2043 4671 2151 4710 non
2182 4659 2406 4726 justam,
2441 4667 2494 4710 at
2540 4657 2731 4710 saltem
2770 4657 2998 4710 haberet
3030 4658 3268 4726 speciem
3299 4659 3613 4724 huiusmodi

2048 4751 2342 4804 hmreseos.
2377 4748 2534 4802 Nunc
2574 4763 2702 4803 vero
2747 4750 2897 4802 nulla
2929 4761 3184 4820 superest
3212 4767 3408 4815 causa;
3459 4754 3614 4806 loeu-

2051 4843 2259 4895 tionutn
2281 4842 2426 4895 enim
2453 4842 2721 4895 rationem
2746 4844 2918 4895 secuti
2953 4842 3124 4896 divini
3154 4844 3408 4898 Ecclesiae
3429 4837 3616 4900 Patres

2049 4933 2116 4986 ad
2141 4932 2404 5002 ejusmodi
2434 4933 2804 4987 venerationis
2831 4934 3289 4988 insolentissitnas
3312 4939 3616 4991 sententias

2049 5034 2103 5078 et
2137 5025 2234 5092 ipsi
2272 5025 2536 5078 inclinant
2578 5033 2634 5078 et
2667 5041 2766 5079 nos
2797 5025 3183 5078 adhortantur.
3224 5025 3421 5081 Dicunt
3467 5033 3615 5082 enim

2051 5115 2332 5182 sapientiae
2359 5123 2413 5167 ct
2443 5115 2686 5167 scientia:
2723 5114 3270 5182 im'entores,prwtcr
3303 5117 3614 5180 alia,etiam

2051 5205 2272 5259 brevem
2315 5205 2579 5274 ejusmodi
2617 5202 3004 5259 vocabulorum
3037 5205 3442 5260 venerationem
3472 5223 3615 5272 esse,

2051 5297 2204 5348 νιν-1ιὶ
2248 5296 2440 5363 gratia,
2474 5294 2606 5347 illud
2647 5295 2753 5362 fere
2797 5305 2890 5347 aut
2919 5296 3164 5362 fortasse,
3194 5305 3249 5348 ct
3272 5312 3616 5366 quacunque

2053 5385 2390 5452 adjectiones
2430 5385 2587 5437 varia:
2609 5385 2910 5438 ctdiversa:
2952 5385 3297 5439 sermonibus
3346 5387 3614 5441 adhiben-

2057 5488 2167 5528 tur.
2209 5475 2404 5527 lircrcs
2435 5474 2656 5542 quidem
2685 5473 3023 5542 adjectiones
3053 5475 3320 5530 orationis
3349 5487 3500 5537 sunt,
3521 5477 3615 5530 sed

2055 5567 2363 5637 graviorem
2396 5565 2452 5620 et
2484 5569 2892 5621 insolentiorem
2926 5569 3253 5622 sententiam
3288 5570 3442 5622 valde
3474 5569 3617 5620 tuiti-

2057 5672 2206 5730 gant,
2249 5660 2708 5728 quemadmodum
2757 5663 2954 5717 medici
3010 5663 3169 5732 :rgris
3219 5664 3616 5716 medii-amcqu

2059 5751 2443 5804 :u'u'inislraut
2496 5751 2558 5805 Et
2587 5751 2726 5810 pleni
2757 5752 3026 5812 eiusmodi
3065 5755 3448 5807 vm'ahuiornm
3477 5750 3614 5804 sarr‘

2057 5850 2085 5864 ρ
