4134 6286
334 391 432 450 437

1302 396 1746 458 ΒηΑΝΤιΝ.ε
1787 397 2175 459 Insronne
2217 402 2360 464 LIB.
2411 383 2640 462 XXXV.

3485 397 3585 460 438

330 507 592 555 ακτιστον
645 501 814 574 ἄλλην
872 504 1242 559 ἀνυπόστατον
1291 508 1486 575 φάσκει
1539 511 1790 580 θεοτητα,
1851 510 1913 562 τὸ

2021 529 2320 568 secundum
2359 527 2676 570 sanctorum
2722 514 2891 569 libros
2940 513 3150 584 efﬁgies
3179 522 3234 566 et
3280 513 3583 583 symbolum

329 595 634 664 τηνικαῦτα
677 596 1008 666 φαινόμενον
1058 598 1175 666 φῶς
1224 600 1283 653 έν
1326 601 1527 671 Θαϐὼρ
1577 603 1664 655 ἐπ’
1718 602 1906 667 αὐτοῦ,

328 690 422 739 καὶ
452 686 796 758 παράδειξιν,
829 690 889 741 οὐ
933 687 1138 755 δεῖξιν;
1185 691 1481 763 Μηδὲγὰρ
1512 689 1651 746 εἶναι
1684 693 1910 745 δυνατὸν

326 780 597 848 ὁραθῆναι
661 783 773 843 τοῖς
838 782 1108 852 κτίσμασι
1162 784 1226 836 τὸ
1285 785 1545 839 ἅκτιστον
1602 786 1737 856 μηδὲ
1795 787 1912 849 τοῖς

328 873 776 944 πεπερασμένοις
798 875 859 927 τὸ
881 875 1107 946 ἄπειρον
1128 877 1301 946 λέγει.
1323 879 1484 948 Δηλοῖ
1507 879 1552 932 δ’
1583 881 1910 950 ἐναργέστε-

325 983 419 1032 ρον
449 965 528 1018 ἔτι
560 966 654 1018 καὶ
698 966 726 1018 ό
771 965 946 1035 μέγας
977 968 1079 1036 τῆς
1116 967 1450 1040 Ἐκκλησίας
1483 971 1641 1022 τοῦτο
1680 973 1906 1040 φωστὴρ

329 1058 637 1128 Κύριλλος·
689 1077 709 1110 ι
767 1059 1090 1130 Πεπρᾶχθαι
1133 1062 1243 1133 γάρ
1292 1079 1474 1130 φαμεν
1517 1063 1617 1133 τὴν
1666 1063 1760 1114 τοῦ
1799 1063 1912 1116 Κυ-

326 1151 468 1218 ρίου,
503 1171 520 1203 ι
553 1151 725 1218 λέγει,
755 1140 788 1204 ι’
817 1153 1272 1224 μεταμόρφωσιν,
1299 1155 1360 1207 οὐ
1408 1154 1584 1224 δήπου
1625 1155 1684 1208 τὸ
1720 1155 1909 1224 σχῆμα

321 1243 384 1294 τὸ
441 1242 787 1311 ἀνθρώπινον
843 1245 1210 1306 ἀποϐαλόντος
1262 1243 1358 1296 τοῦ
1421 1244 1708 1312 σώματος,
1771 1241 1909 1296 ἀλλά

324 1334 486 1402 δόξης
527 1335 676 1398 τινὸς
724 1335 1055 1400 φωτοειδοῦς
1090 1334 1553 1406 περιστελλούσης
1585 1333 1716 1386 αὐτό
1741 1349 1754 1364 ⁸
1793 1334 1912 1402 μεί-

327 1441 518 1486 ναντος
545 1423 654 1494 γὰρ
682 1423 778 1476 τοῦ
821 1424 1078 1494 σώματος
1111 1425 1206 1478 ἐπὶ
1251 1423 1346 1477 τοῦ
1379 1426 1680 1495 σχήματος,
1721 1424 1814 1476 ἐπὶ
1848 1423 1910 1476 τὸ

296 1516 665 1589 ¹ἐνδοξότερον
712 1518 760 1569 οἱ
799 1518 1156 1588 χαρακτῆρες
1192 1519 1280 1570 διά
1311 1517 1640 1586 φωτοειδοῦς
1675 1518 1907 1588 χρώμα-

327 1621 420 1666 τος
463 1605 882 1676 διεχρώννυντο.
915 1626 934 1658 ι
971 1606 1036 1678 [ι.
1075 1607 1182 1663 249
1209 1607 1265 1678 α]
1301 1609 1361 1660 Et
1389 1604 1484 1660 οῦν
1511 1609 1650 1661 κατὰ
1675 1609 1775 1670 τὰς
1800 1609 1908 1660 τῶν

325 1694 502 1762 ἁγίων
538 1699 756 1766 γραφὰς
801 1698 974 1761 τύπος
1015 1699 1113 1752 καὶ
1161 1699 1434 1768 σύμϐολον
1489 1700 1749 1752 ἁκτίστου
1794 1697 1912 1751 θεό-

325 1805 489 1857 τητος
541 1785 610 1860 ἦν
651 1793 876 1846 κάκεῖνο
926 1793 989 1845 τὸ
1039 1792 1180 1860 φῶς,
1219 1793 1410 1862 ἕτερον
1455 1793 1677 1863 ἐκείνης
1717 1787 1785 1863 ἦν
1813 1793 1910 1845 καὶ

325 1883 430 1932 οὐκ
475 1883 684 1951 ἐκείνη,
719 1883 832 1937 οὐδ’
859 1883 1118 1948 ἄκτιστος
1149 1887 1342 1956 θεότης
1383 1885 1562 1938 εῖτουν
1597 1886 1776 1940 οὐσία.
1818 1885 1909 1948 Ὠς

327 1973 436 2039 γάρ
493 1974 552 2025 τὸ
607 1973 796 2044 ’έτερον
836 1976 989 2046 παρά
1030 1975 1131 2044 τὴν
1179 1976 1410 2044 δύναμιν
1458 1975 1598 2029 κατὰ
1637 1977 1730 2027 τὸν
1761 1975 1908 2027 Νυσ-

327 2066 466 2116 σαέα
518 2065 820 2136 Γρηγόριον
876 2067 1106 2130 δύναμις
1159 2067 1259 2119 οὐκ
1309 2068 1474 2133 ἔστιν,
1511 2066 1655 2120 οὕτω
1706 2067 1802 2121 καὶ
1847 2067 1908 2120 τὸ

326 2162 517 2229 ἕτερον
566 2163 718 2231 παρὰ
772 2163 870 2233 τὴν
934 2167 1103 2236 μόνην
1161 2163 1418 2216 ἄκτιστον
1477 2162 1666 2215 οὐσίαν
1715 2161 1912 2231 θεότης

328 2252 581 2317 ἄκτιστος
611 2255 708 2306 οὐκ
748 2253 923 2307 ἐστιν·
965 2255 1012 2305 εί
1037 2256 1145 2324 γὰρ
1175 2253 1334 2324 ἄλλη,
1368 2255 1460 2307 καὶ
1506 2255 1764 2316 ἄκτιστος
1815 2256 1910 2307 καὶ

330 2345 580 2408 ἁνούσιος
635 2349 727 2400 καὶ
775 2349 1176 2409 ἀνυπόστατος.
1219 2348 1595 2418 ’Λνύπαρκτος
1639 2349 1769 2417 ἀρα,
1811 2349 1909 2401 καὶ

328 2441 388 2490 τὸ
431 2441 598 2502 σέϐας
653 2442 810 2494 ἁθεῐα
868 2443 1069 2511 σαφής.
1101 2441 1290 2504 Οὕτως
1345 2443 1410 2495 ἐκ
1466 2443 1567 2512 μὲν
1615 2441 1908 2504 πολυθεΐας

332 2533 658 2602 Παλαμικῆς
692 2536 772 2598 είς
823 2535 1012 2590 ἀθεῖαν
1045 2536 1375 2609 Παλαμικὴν
1405 2539 1437 2607 ἡ
1468 2536 1723 2599 ἁνούσιος
1769 2535 1909 2605 αὕτη

329 2625 426 2675 καὶ
465 2625 838 2690 ἀνυπόστατος
870 2642 963 2680 νεα
992 2619 1356 2696 τοῦΠαλαμᾶ
1390 2629 1582 2698 θεότης
1617 2628 1694 2687 εἰς
1728 2626 1789 2679 τὺ
1816 2627 1908 2680 τοῦ

331 2715 569 2783 Παλαμᾶ
614 2717 890 2788 βάραθρον
938 2722 1068 2782 τοὺς
1127 2721 1536 2789 ἁπλουστέρους
1593 2721 1909 2787 ἐφέλκεται.

330 2807 445 2858 Καὶ
487 2808 570 2859 ἵνα
602 2808 942 2880 τελεωτέραν
978 2809 1055 2862 ἔτι
1085 2810 1184 2880 τὴν
1222 2811 1352 2880 περὶ
1380 2809 1474 2863 τοῦ
1499 2809 1674 2877 φωτὸς
1699 2809 1910 2862 ἐκείνου

325 2898 684 2952 διδασκαλίαν
715 2901 978 2970 ἐπιγνῷς,
1019 2902 1248 2956 ἀκούετε
1297 2903 1391 2956 τοῦ
1441 2903 1912 2973 Χρυσορῥήμονος

327 2989 492 3054 αὖθις
527 2993 795 3046 Ἰωάννου.
851 2994 936 3046 Ἐν
967 2994 1072 3061 γὰρ
1099 2995 1176 3060 τῷ
1209 2997 1346 3048 κατὰ
1385 2995 1484 3066 τὴν
1519 2995 1612 3047 τοῦ
1656 2994 1911 3063 Σωτῆρος

329 3085 608 3153 ἀνάληψιν
652 3085 791 3152 λόγῳ
845 3087 972 3140 τάδε
1027 3087 1287 3154 διέξεισι·
1326 3107 1344 3140 ι
1403 3089 1624 3156 Θαῦμα,
1687 3107 1705 3139 ι
1751 3085 1910 3156 φησὶ,

2018 606 2277 660 incrcata:
2307 607 2534 662 deitatis
2561 617 2682 661 erat
2715 607 2804 660 lux
2837 606 2947 666 illa.
2985 606 3133 660 aliud
3166 584 3439 674 qiiotldaln
3467 615 3584 661 erat

2013 707 2180 767 atque
2215 700 2326 765 illa,
2363 709 2422 754 et
2457 714 2564 753 non
2590 700 2679 753 illa
2709 716 2808 752 nec
2840 699 3079 753 increata
3113 696 3286 750 deitas
3316 740 3328 761 ,
3365 696 3416 749 id
3466 709 3545 750 est
3568 735 3587 764 ,

2014 791 2274 842 essentia.
2304 789 2780 856 Quemadmodum
2830 790 2977 843 enim
3029 789 3262 842 altermn
3309 788 3583 857 quoddam

2013 889 2211 948 praeter
2263 882 2559 951 potentiam
2591 882 2894 937 secundum
2925 881 3248 952 Gregorium
3281 882 3582 952 Nysseuum

2015 974 2262 1042 potentia
2298 973 2444 1028 nulla
2479 983 2604 1038 est,
2650 976 2724 1028 ita
2770 975 2933 1028 etiam
2967 978 3140 1028 altera
3178 985 3374 1044 praeter
3418 989 3582 1028 unam

2015 1063 2316 1119 increatam
2357 1065 2653 1119 essentiam
2707 1064 2885 1120 deitas
2922 1065 3162 1120 increata
3207 1065 3353 1118 nulla
3391 1073 3494 1119 est.
3529 1065 3584 1119 Si

2011 1157 2156 1212 enim
2201 1159 2403 1222 altera,
2437 1173 2570 1228 ergo
2617 1159 2860 1212 inereata
2892 1167 2947 1212 et
2999 1158 3368 1213 inessentialis
3416 1166 3471 1211 et
3507 1159 3589 1209 in-

2012 1248 2390 1304 substanlialis
2417 1259 2471 1304 ct
2497 1250 2802 1320 spiritualis
2819 1260 2876 1304 et
2899 1250 3179 1305 veneratio
3205 1250 3362 1320 plane
3383 1249 3587 1303 atheis-

2013 1356 2156 1395 mus.
2183 1340 2371 1410 Itaque
2390 1356 2456 1395 ex
2484 1342 2851 1412 polytheismo
2871 1339 3590 1412 [‘alamicoa9ainatheis-

2013 1447 2162 1485 mum
2197 1432 2526 1486 Palamicum
2560 1432 2674 1488 haec
2699 1433 3072 1488 inessentialis
3099 1442 3154 1487 et
3189 1432 3587 1487 insubstantia-

2011 1521 2078 1575 lis
2097 1537 2232 1575 nova
2247 1521 2474 1577 Palamze
2492 1522 2665 1577 deitas
2683 1523 2736 1577 in
2752 1524 2982 1578 Palanne
3001 1524 3318 1578 barathrum
3336 1524 3591 1578 credulos

2013 1614 2196 1668 trahit.
2223 1614 2396 1682 Atque
2425 1618 2492 1667 ur
2515 1609 2894 1684 perfectiorem
2941 1617 3005 1669 de
3028 1615 3149 1669 luce
3175 1615 3263 1668 illa
3284 1612 3588 1668 doctrinam

2013 1705 2283 1770 habeatis,
2304 1705 2487 1759 audite
2513 1704 2694 1760 denuo
2719 1705 2985 1760 Joannem
3016 1706 3492 1776 Chrysostomum.
3528 1702 3584 1755 lu

2012 1799 2265 1853 oratione
2291 1800 2440 1853 enim
2477 1799 2529 1852 in
2560 1797 2865 1853 Salvatoris
2905 1799 3370 1853 resurrectionem
3402 1796 3590 1849 habita

2016 1893 2132 1946 haec
2165 1891 2373 1961 profert
2397 1908 2410 1945 ι
2437 1911 2455 1943 ι
2480 1890 2786 1945 Admiratio
2807 1891 2948 1944 inter
2965 1890 3242 1961 aposmlas
3263 1899 3318 1943 et
3345 1887 3557 1955 trepida
3573 1916 3588 1927 -

2020 1985 2096 2040 tio
2116 1995 2171 2039 et
2189 1983 2551 2038 murmuratio
2578 1983 2761 2037 ﬁebat.
2785 1983 3038 2037 Mortales
3062 1982 3208 2037 enim
3237 1991 3428 2033 natura
3451 1980 3590 2043 nati,

2018 2092 2126 2130 non
2156 2075 2423 2145 ejusmodi
2461 2073 2768 2128 visionibus
2821 2073 3029 2127 assueti
3086 2080 3325 2124 mentem
3370 2061 3592 2123 amitte-

2019 2167 2174 2223 bant.
2211 2165 2317 2220 Sed
2359 2166 2508 2221 dicet
2535 2166 2810 2235 quispiam
2863 2173 2990 2221 ante
3026 2163 3300 2232 cognitam
3333 2161 3592 2216 habuisse

2019 2257 2560 2329 transﬁgurationem
2616 2267 2672 2312 et
2706 2257 2928 2312 Petrum
2962 2266 3017 2312 et
3047 2255 3311 2310 Iacobum
3343 2262 3398 2307 et
3428 2253 3596 2308 Joan-

2018 2369 2167 2408 nem.
2188 2354 2330 2408 Sane
2349 2351 2718 2422 prteviderant
2741 2350 3094 2407 clariﬁcatum
3116 2348 3403 2403 Dominum
3421 2355 3476 2402 et
3495 2363 3594 2400 nu—

2019 2447 2104 2501 bis
2149 2446 2342 2504 umbra
2398 2443 2798 2500 circumdatum
2852 2443 2954 2506 iri,
3001 2457 3098 2496 nec
3157 2457 3287 2496 vero
3347 2440 3597 2496 sciebant

2019 2539 2217 2594 nubem
2250 2539 2304 2592 in
2348 2552 2530 2592 aerem
2561 2536 2810 2606 illapsam
2846 2535 2900 2588 in
2933 2534 3134 2588 ccelum
3177 2532 3470 2587 Dominum
3499 2547 3600 2586 su-

2019 2617 2381 2686 blevaturam.
2416 2628 2735 2682 Miracnlum
2783 2625 2915 2680 illud
2939 2666 2954 2690 ,
2988 2625 3311 2680 miraculum
3345 2625 3472 2678 hoc.
3499 2623 3599 2677 Illo

2019 2720 2286 2774 miraculo
2321 2717 2628 2772 terribilius
2655 2717 2759 2771 hoc
2791 2727 2845 2771 et
2870 2718 3146 2786 superius.
3175 2717 3276 2771 etsi
3305 2716 3467 2769 unius
3503 2714 3596 2768 Del

2020 2809 2264 2880 potentia
2295 2818 2350 2863 et
2373 2807 2696 2878 mysterium
2727 2807 2967 2861 suberat.
2993 2805 3130 2860 Tum
3165 2807 3338 2861 Moses
3363 2816 3418 2860 et
3448 2807 3596 2861 Elias

2018 2903 2301 2972 conspecti
2331 2910 2463 2955 sunt
2497 2899 2574 2954 ab'
2601 2899 2704 2963 eis,
2741 2899 2835 2969 qui
2882 2915 3006 2954 cum
3039 2899 3200 2953 Petro
3235 2908 3398 2954 erant
3423 2899 3596 2953 collo-

2019 3004 2252 3065 quentes
2286 3008 2407 3048 cum
2444 3007 2531 3057 eo,
2555 3006 2701 3045 nunc
2735 3000 2917 3045 autem
2961 2989 3190 3045 thronus
3230 2990 3596 3057 cberubicus,

2022 3089 2073 3142 id
2112 3097 2198 3141 est
2233 3085 2527 3138 invisibilis
2555 3084 2799 3153 potentia
2829 3084 2973 3138 nube
2999 3083 3258 3137 obvoluta
3293 3083 3466 3152 spissa
3509 3097 3598 3136 ac-

336 3197 354 3228 ι
402 3178 516 3239 τοῖς
549 3177 871 3242 ἀποστόλοις
921 3179 1015 3232 καὶ
1042 3179 1300 3242 ἔκστασις
1335 3180 1426 3233 καὶ
1458 3179 1622 3250 θροῦς
1671 3180 1910 3246 ἐγένετο.

2021 3179 2184 3235 Cessit
2212 3188 2266 3233 et
2312 3178 2599 3232 Ilotninum
2632 3192 2758 3230 cum
2809 3176 2986 3232 servis
3019 3177 3426 3245 colloquentem
3457 3175 3597 3228 arri-

331 3270 532 3338 Θνητοὶ
570 3272 678 3341 γὰρ
724 3271 822 3341 τὴν
870 3272 1031 3338 φύσιν
1065 3274 1237 3338 ὄντες,
1274 3275 1367 3334 καὶ
1405 3272 1697 3342 ἀσυνήθεις
1739 3273 1916 3324 τοιού-

329 3377 442 3412 των
481 3357 750 3428 θεωριῶν,
791 3359 1091 3430 ἐξέστησαν
1131 3363 1196 3432 τῇ
1221 3361 1453 3430 διανοίᾳ.
1499 3361 1640 3414 Ἀλλ’
1682 3362 1797 3430 ἐρεῖ
1833 3379 1912 3425 τις

329 3454 415 3504 δτι
464 3453 775 3522 προϊδόντες
823 3448 962 3524 ἦσαν
1019 3456 1114 3507 καὶ
1153 3456 1252 3524 τὴν
1309 3453 1740 3524 μεταμόρφωσιν
1783 3457 1811 3509 ὃ
1851 3472 1911 3507 τε

332 3545 542 3611 Πέτρος
585 3546 680 3599 καὶ
723 3547 981 3610 Ἰάκωϐος
1032 3548 1126 3600 καὶ
1185 3548 1460 3616 Ἰωάννης.
1513 3549 1769 3618 Προεῖδον
1815 3531 1914 3618 μὲν

329 3638 457 3688 ἐκεῖ
518 3638 1026 3708 μεταμορφωθέντα
1093 3639 1185 3691 τὸν
1259 3634 1468 3709 Κύριον
1521 3640 1614 3694 καὶ
1682 3641 1916 3710 νεφέλην

2022 3273 2166 3344 puit.
2191 3271 2330 3326 Tum
2363 3271 2560 3325 Petrus
2594 3268 2774 3323 libero
2815 3283 2910 3322 ore
2944 3285 2956 3320 :
3005 3287 3022 3318 ι
3064 3267 3295 3321 Domine
3317 3309 3330 3329 .
3374 3265 3554 3335 inquit
3582 3303 3597 3327 ,

2021 3365 2228 3418 bonum
2252 3370 2337 3418 est
2369 3377 2468 3416 nos
2501 3361 2590 3415 hic
2615 3377 2736 3415 esse
2757 3377 2770 3425 ;
2795 3360 2898 3414 tria
2929 3359 3283 3414 tabernacula
3313 3358 3596 3423 faciamus,

2026 3456 2144 3520 tibi,
2166 3455 2318 3518 Mosi,
2341 3454 2502 3520 Elite;
2537 3472 2555 3504 ι
2583 3451 2746 3524 495
2771 3467 2919 3506 nunc
2948 3467 3016 3505 ne
3039 3451 3185 3520 loqui
3206 3451 3424 3520 quidem
3457 3452 3602 3505 ullus

2023 3557 2239 3617 poterat
2263 3545 2688 3614 discipulorum,
2737 3558 2916 3617 neque
2948 3557 3009 3596 os
3036 3541 3288 3611 aperire,
3325 3541 3420 3596 sed
3451 3551 3610 3604 metu

2026 3639 2263 3698 maximo
2297 3637 2536 3708 perculsi
2575 3644 2754 3690 erant.
2802 3653 2821 3686 ι

331 3733 641 3786 σκιάσασαν
689 3735 891 3788 αὐτόν·
930 3733 1045 3788 ἀλλ’
1089 3736 1188 3788 οὐκ
1237 3733 1378 3790 εἶδον
1426 3737 1524 3808 τὴν
1561 3739 1796 3806 νεφέλην
1861 3739 1940 3798 εἰς
1979 3737 2118 3807 ἀέρα
2172 3735 2547 3805 ἁρπασθεῖσαν
2595 3734 2692 3796 καὶ
2764 3734 2846 3796 είς
2877 3733 3142 3802 οὐρανοὺς
3191 3729 3282 3784 τὸν
3324 3729 3602 3798 Δεσπότην

327 3830 852 3897 ἀναλαμϐάνουσαν.
926 3830 1123 3900 Θαῦμα
1155 3833 1349 3898 έκεῖνο,
1412 3833 1601 3902 θαῦμα
1651 3834 1936 3890 καὶτοῦτο
1962 3848 1976 3862 °
2018 3833 2160 3895 (me
2205 3831 2390 3900 θαῦμα
2441 3829 2722 3898 θαύματος
2755 3829 3153 3903 φοϐερώτερον,
3182 3827 3342 3882 τοῦτο
3389 3829 3600 3881 ἐκείνου

331 3925 692 3994 ὑψηλότερον,
727 3925 828 3978 κᾶν
857 3925 974 3984 ἑνός
1005 3926 1139 3978 Θεοῦ
1171 3929 1202 3995 ἡ
1235 3927 1466 3995 δύναμις
1496 3928 1589 3980 καὶ
1613 3928 1670 3978 τὸ
1703 3929 2006 3998 μυστήριον
2038 3926 2273 3996 ὑπῆρχε.
2338 3925 2474 3977 Τότε
2541 3923 2749 3990 Μωσῆς
2813 3923 2910 3976 καὶ
2950 3923 3139 3986 ’Πλίας
3196 3921 3461 3992 ὤφθησαν
3487 3927 3601 3986 τοῖς

332 4015 468 4085 περὶ
515 4018 606 4067 τὸν
653 4017 857 4088 Πέτρον
888 4017 1008 4086 μετ’
1043 4017 1206 4072 αὐτοῦ
1278 4016 1708 4080 συλλαλοῦντεςο
1759 4017 1854 4070 νῦν
1893 4018 1946 4070 δὲ
1988 4020 2176 4086 θρόνος
2247 4015 2605 4086 Χερουϐικός,
2653 4015 2937 4067 τουτέστιν
2979 4014 3210 4083 ἀόρατος
3253 4016 3486 4084 δύναμις
3529 4021 3596 4090 τῇ

332 4107 541 4179 ιεφέλῃ
564 4107 965 4179 καλυπτομένη,
1002 4111 1199 4179 ἀθρόον
1227 4111 1518 4168 ἐπιστᾶσα,
1564 4111 1655 4162 τὸν
1719 4111 1986 4178 δεσπότην
2023 4113 2134 4174 τοῖς
2183 4109 2394 4168 δούλοις
2458 4105 2752 4178 ὁμιλοῦντα
2817 4109 3134 4176 ἀφήρπασε.
3193 4107 3326 4161 Τότε
3395 4110 3600 4180 Πέτρος

335 4199 482 4266 μετά
516 4199 827 4268 παρρησίας
873 4199 1230 4272 ἀπεκρίνατ’),
1270 4221 1287 4252 ι
1330 4201 1525 4270 Κύριε,
1567 4199 1732 4253 καλόν
1797 4200 1946 4254 ἐστιν
1987 4202 2136 4271 ἡμᾶς
2193 4195 2293 4253 ὧδε
2326 4194 2468 4252 εἶναι
2493 4214 2506 4227 ·
2545 4199 2863 4268 ποιήσωμεν
2901 4201 3050 4266 τρεῖς
3076 4201 3304 4269 σκηνὰς,
3330 4204 3413 4252 σοι
3447 4201 3602 4268 μίαν,

335 4293 436 4344 καὶ
514 4293 705 4347 Μωσεῖ
746 4293 878 4362 μίαν
926 4295 1022 4352 xui.
1072 4295 1202 4362 μίαν

1284 4295 1463 4366 ΊΙλία.
1503 4315 1522 4346 ›
1580 4296 1717 4348 Νυνὶ
1772 4295 1816 4346 δ’
1871 4296 1994 4347 οὐδὲ
2035 4293 2374 4363 φθέγξασθαί
2426 4309 2510 4356 τις
2568 4291 2810 4362 ἐδυνήθη
2871 4291 2982 4344 τῶν
3039 4292 3320 4361 μαθητῶν,
3365 4293 3485 4346 οὐδὲ
3542 4294 3605 4345 τδ

339 4389 519 4456 στόμα
549 4388 830 4452 διανοῖξαι,
863 4389 998 4442 ἀλλά
1025 4391 1175 4460 φόϐῳ
1209 4391 1450 4459 μεγίστῳ
1476 4390 1924 4456 καταπλαγέντες
1965 4393 2286 4461 ἐξέστησαν.
2305 4409 2323 4443 ι

417 4478 517 4534 lA'.
566 4481 832 4537 Ἐνταῦθα
873 4483 967 4534 καὶ
1001 4485 1048 4534 εί
1091 4484 1361 4554 βασκανίᾳ
1415 4484 1643 4553 κάτοχος
1682 4502 1764 4546 τις
1810 4485 1920 4554 εἴη,

2236 4484 2334 4544 llic
2374 4487 2474 4540 etsi
2499 4460 2622 4555 quis
2646 4484 2866 4539 invidia:
2889 4485 2961 4539 sit
2995 4484 3249 4540 addictus
3279 4494 3370 4540 aut
3407 4487 3604 4557 plenus

339 4577 439 4626 καὶ
492 4576 538 4626 εί
592 4574 811 4642 μακρᾶς
861 4575 1116 4644 εὐηθείας
1157 4578 1372 4645 μεστὸς,
1429 4578 1636 4637 πάντας
1699 4577 1766 4638 ὄιν
1831 4593 1915 4645 μοι

2027 4575 2210 4632 nimiae
2242 4575 2634 4644 simplicitatis,
2665 4591 2858 4630 onmes
2895 4587 3077 4630 tamen
3119 4577 3451 4631 sententiam
3482 4595 3602 4632 eam

337 4667 494 4717 δοκεῖ
546 4665 647 4732 τῆς
707 4662 936 4733 γνώμης
984 4666 1110 4735 ἐμοὶ
1160 4670 1458 4730 κοινωνεῖν,
1517 4667 1925 4736 μεταθεμένους

338 4761 402 4810 τὸ
433 4757 691 4826 ἄγνωμόν
721 4775 778 4810 τε
808 4759 904 4812 καὶ
929 4758 1116 4828 δύσερι
1143 4761 1281 4830 πρός
1317 4779 1380 4826 γε
1417 4763 1476 4816 τὸ
1506 4762 1926 4832 μήτε-πλείονος

343 4851 491 4920 μήτε
539 4849 785 4919 μείζονος
841 4851 968 4920 μήτ’
1011 4851 1411 4929 ὲναργεστέρας
1457 4855 1664 4914 δεῖσθαι
1717 4871 1928 4923 μαρτυ-

341 4947 494 5014 ρίας,
527 4943 608 4997 ὅτι
635 4945 744 4996 τῶν
785 4943 878 4996 τοῦ
914 4945 1154 5012 Χριστοῦ
1201 4945 1266 5018 [Γ.
1296 4947 1402 5010 249
1428 4947 1455 5000 b
1483 4947 1502 5018 ]
1540 4948 1837 5016 θαυμάτων
1869 4946 1927 4999 ἓν

337 5039 440 5089 καὶ
467 5037 528 5088 τὺ
549 5037 605 5087 ἐν
628 5037 896 5108 Θαϐωρίῳ
929 5037 1211 5107 δειχθῆναι
1249 5039 1395 5114 φῶς.
1420 5039 1611 5114 Ὅμως
1654 5040 1799 5092 δυοῖν
1845 5041 1930 5092 ἐν-

334 5129 539 5182 ταυθοῖ
570 5130 975 5200 διειλημμένων
1020 5130 1280 5200 μεγάλων
1303 5113 1396 5192 τοῦ
1428 5113 1668 5201 Χριστοῦ
1716 5131 1929 5206 θαυμά⁴

335 5242 479 5286 των,
522 5223 553 5293 ἢ
607 5226 697 5276 καὶ
748 5223 894 5276 δυοῖν
927 5223 1095 5294 ἐχρῆν
1142 5223 1380 5289 Παλαμᾶ
1424 5224 1522 5293 τὴν
1565 5225 1934 5295 λατρευτικὴν,

334 5317 648 5384 ἀπονέμειν
685 5317 1060 5386 προσκύνησιν
1099 5317 1175 5380 ὡς
1219 5317 1494 5379 ἀκτίττοις
1532 5319 1806 5386 θεότησιν,
1843 5318 1930 5370 ἵνα

341 5405 540 5476 μ;ῖξον
585 5406 675 5457 καὶ
702 5409 1082 5472 φανερώτερον
1186 5406 1244 5457 τὸ
1275 5407 1578 5475 νεμόμενον
1613 5410 1712 5476 τῆς
1760 5406 1928 5458 αὐτοῦ

338 5499 574 5559 κακίας,
613 5498 644 5566 ἦ
694 5499 929 5568 θατέρῳ,
965 5499 1040 5567 τῷ
1076 5500 1285 5565 μείζονι
1332 5499 1534 5574 δηλαδὴ
1586 5501 1679 5553 καὶ
1723 5499 1924 5568 ὑψηλοο

336 5593 513 5658 τὶρῳ.
559 5589 618 5641 Εἰ
659 5590 715 5640 δέ
752 5593 909 5642 τοῦτο
949 5591 1138 5660 μηδεὶς
1189 5592 1418 5661 μηδαμῆ
1465 5610 1552 5644 πω
1592 5593 1931 5661 τετόλμηκεν

338 5682 457 5733 τύδ’
495 5682 574 5743 είς
607 5680 732 5734 νοῦν
761 5683 1046 5754 εἰληφένλι
1077 5685 1336 5752 τρόφιμος
1370 5685 1656 5746 εὐσεϐείας
1690 5688 1782 5737 καὶ
1816 5684 1932 5752 ἅμα

343 5773 604 5834 ﬁnitis-Ta;
635 5774 972 5842 εὐσχήμονος
1017 5773 1154 5843 ἔχων
1184 5776 1470 5842 ἡλικιῶτιν
1522 5777 1785 5839 διάνοιαν,
1824 5775 1929 5830 ποῦ

343 5869 564 5922 δίκαιον
600 5870 708 5932 τοῖς
759 5886 818 5920 τε
875 5868 1262 5940 Εἰκονομάχοις
1309 5871 1538 5936 ἐκείνοις
1584 5872 1677 5926 καὶ
1723 5869 1838 5941 ἆμα
1866 5873 1931 5941 τῇ

2031 4683 2243 4720 mecum
2283 4666 2790 4726 communicaturus
2821 4677 2984 4734 puto,
3009 4668 3082 4720 ita
3111 4675 3170 4719 ut
3201 4667 3412 4721 sublata
3437 4677 3606 4721 teme-

2031 4759 2193 4820 ritate
2233 4769 2289 4813 et
2329 4759 2514 4830 litigio.
2551 4776 2659 4814 non
2717 4760 2953 4828 amplius
3002 4775 3140 4829 opus
3186 4761 3258 4814 sit
3297 4763 3498 4830 majore
3550 4770 3605 4814 et

2032 4851 2416 4910 manifestiorc
2450 4861 2799 4924 argumento,
2843 4865 2954 4922 quo
3007 4852 3152 4906 inter
3183 4852 3392 4907 Christi
3435 4855 3605 4907 mira-

2030 4943 2171 5022 cula
2195 4945 2536 5002 numeranda
2561 4959 2683 4998 esse
2717 4943 2884 5004 etiam
2909 4944 3002 4997 lux
3031 4942 3123 4997 illa
3159 4945 3212 4997 in
3240 4943 3464 4998 Thabor
3509 4945 3605 4999 de-

2031 5044 2394 5097 monstretur.
2443 5037 2704 5098 Attamen
2733 5053 2859 5091 cum
2902 5037 3012 5091 duo
3053 5052 3247 5106 magna
3293 5037 3366 5091 ibi
3397 5037 3602 5094 Christi

2032 5127 2297 5189 miracula
2320 5137 2620 5189 nionstrata
2648 5137 2855 5194 essent,
2876 5138 2971 5181 aut
3002 5129 3216 5182 duabus
3245 5143 3467 5184 necesse
3487 5141 3606 5186 erat

2033 5223 2442 5280 venerationem
2464 5221 2725 5274 vindicari
2754 5221 2985 5274 Puiarnze
3005 5221 3264 5276 incrcatis
3288 5222 3602 5290 deitatibus,

2033 5313 2108 5366 ita
2152 5321 2206 5366 ut
2243 5314 2415 5384 major
2463 5324 2518 5366 ct
2565 5313 2908 5366 manifestior
2940 5313 3223 5382 pravitatis
3273 5315 3392 5385 ejus
3427 5316 3604 5369 vindi-

2033 5404 2178 5458 catio
2211 5413 2396 5466 esset,
2432 5414 2525 5457 aut
2574 5404 2731 5457 alteri
2769 5403 2962 5472 majori
3019 5412 3076 5456 et
3119 5405 3410 5472 superiori.
3447 5406 3602 5471 Quod

2033 5499 2080 5553 si
2127 5481 2295 5551 nemo
2355 5508 2594 5565 unquam
2665 5505 2898 5550 conatus
2967 5505 3052 5552 est
3120 5497 3174 5550 in
3222 5499 3463 5562 animum
3525 5499 3604 5552 in-

2035 5591 2263 5654 ducere,
2290 5590 2494 5658 quippe
2527 5591 2771 5642 nutritus
2803 5589 3067 5659 religione
3098 5600 3154 5645 et
3187 5592 3449 5660 pra-ditus
3477 5609 3606 5646 sana

2034 5683 2192 5738 bona:
2216 5683 2499 5736 erudionis
2527 5682 2778 5745 scientia,
2810 5698 2936 5736 num
2964 5700 3181 5752 mquum
3210 5693 3294 5737 est
3329 5683 3603 5737 leonoma-

2036 5778 2156 5832 chis
2186 5776 2292 5830 illis
2321 5785 2374 5830 et
2401 5792 2550 5829 “ma:
2571 5775 2695 5828 huic
2716 5775 2948 5838 Palamae
2977 5778 3122 5846 genti
3149 5785 3385 5830 mentem
3415 5776 3604 5830 adver-

2039 5879 2176 5936 tere,
2207 5865 2302 5938 ιιιιὶ
2333 5876 2385 5923 ct
2415 5867 2596 5924 omnia
2652 5867 2895 5938 impune
2923 5867 3133 5924 audent
3181 5867 3416 5939 pessima
3454 5867 3602 5937 loqui
