4134 6286
590 327 705 397 όὲθ

1798 329 2212 387 NlCEl‘llOlll
2255 330 2635 392 eaeaeae
2669 309 2688 327 '
3691 349 3780 411 tto

597 464 644 497 υς
680 450 923 500 υιιιιιὶυιη
964 451 1210 505 innima:
1250 447 1488 501 divinam
1525 446 1934 500 venerationem
1984 444 2062 497 illi
2102 444 2155 497 in

2265 449 2360 517 νέᾳ
2385 449 2556 521 ταύτῃ
2582 448 2676 501 τοῦ
2715 450 2949 518 Παλαμᾶ
2987 449 3227 518 φάλαγγι
3273 453 3551 522 προσέχειν
3577 457 3654 510 τὸν
3679 461 3782 514 νοῦν

595 539 814 592 'l'habor
856 538 1106 592 miraculi
1143 537 1272 606 luci,
1303 536 1608 599 vindicare,
1647 545 1703 589 et
1753 534 2162 588 inessentialcm

597 631 800 692 habere
837 630 1094 684 deitatem
1121 629 1266 682 illam
1296 628 1596 697 subjectum
1644 634 1698 678 et
1748 624 2160 678 insnbstantia-

594 725 722 780 lein.
760 720 842 774 Me
873 720 1094 788 quidem
1124 721 1178 772 in
1210 719 1309 780 hac
1345 735 1402 772 re
1430 718 1641 773 videbit
1679 717 1892 770 hostem
1926 727 1979 769 et
2009 715 2160 772 omni

595 828 851 870 sermone
878 822 934 865 et
965 809 1178 866 cunctis
1207 809 1387 873 libris,
1411 809 1626 863 etiamsi
1650 807 1814 880 496
1845 807 2159 874 ubicunque

593 920 704 962 non
736 902 1044 972 placuerit,
1094 909 1362 954 tacentem
1397 915 1530 953 vero
1576 914 1685 954 non
1745 898 1836 959 ubi
1872 897 2161 966 placuerit.

594 997 741 1052 Idem
780 1009 911 1048 sane
940 993 1238 1048 barbariem
1267 992 1543 1060 opinionis
1582 991 1776 1060 plenus
1819 1005 1939 1043 esse
1994 988 2161 1042 debe-

595 1086 672 1144 bit
705 1097 757 1136 ct
797 1083 1275 1149 Graacoatheismo
1319 1084 1489 1138 multo
1513 1082 1775 1137 inferiora
1810 1089 2000 1136 tenere
2025 1121 2039 1144 ,
2071 1078 2160 1133 cui

592 1192 932 1246 quaecunque
958 1192 1056 1244 per
1086 1176 1263 1230 lucem
1295 1175 1428 1252 [lunt
1462 1175 1728 1239 miracula
1760 1173 2009 1228 venerari
2045 1187 2163 1225 omo

595 1269 682 1331 nia
723 1268 775 1322 in
823 1269 1008 1326 animo
1045 1267 1134 1322 sit.
1172 1267 1306 1324 Nam
1358 1281 1426 1320 ne
1464 1281 1662 1334 corpus
1693 1265 1916 1334 quidem
1960 1275 2044 1317 est
2075 1263 2159 1316 in-

593 1372 778 1419 crertta
811 1361 902 1417 illa
931 1359 1230 1414 Salvatoris
1250 1357 1512 1425 essentia,
1539 1359 1610 1411 ita
1638 1367 1698 1429 ut
1725 1373 1848 1426 pars
1879 1367 2160 1425 appareat,

592 1469 718 1520 pars
749 1467 853 1503 non
887 1459 1169 1520 appareat.
1218 1447 1358 1515 Quid
1395 1448 1591 1502 enim?
1628 1447 1861 1502 indivisa
1903 1442 2048 1500 an...
2079 1454 2164 1499 est

591 1546 834 1618 potentia
895 1553 950 1598 et
991 1557 1196 1605 unum,
1239 1549 1403 1610 atque
1442 1540 1592 1602 omni
1651 1538 1878 1593 omnino
1931 1552 2163 1590 numero

589 1636 868 1701 superius.
901 1633 1032 1698 Quae
1061 1648 1164 1687 nec
1192 1631 1468 1691 divisione
1520 1631 1627 1684 ulla
1658 1627 2036 1698 duplicitatem
2069 1643 2164 1697 ge-

592 1729 712 1785 nuit
741 1739 841 1779 nec
875 1738 1105 1784 numero
1139 1722 1251 1776 ullo
1286 1721 1465 1776 divisa
1495 1731 1601 1785 est,
1630 1719 1722 1773 sed
1767 1734 1945 1772 unum.
1971 1705 2162 1772 natura

2265 544 2551 607 ὁπωσοῦνς
2578 540 2656 606 οἷς
2685 545 2860 596 πάντα
2897 544 2995 611 μὲν
3029 544 3200 605 ἀδεῶς
3242 544 3500 614 τολμᾶται
3540 548 3700 615 λέγειν
3728 555 3786 606 τὰ

2266 635 2536 702 χείριστα,
2570 635 2788 686 πάντων
2836 635 2880 686 δ’
2919 633 3012 686 οὖν
3053 635 3286 705 μάλιστα
3318 636 3498 704 θιῖκὴν
3531 639 3786 709 ἀπονέμειν

2265 723 2522 789 λατρείαν
2571 723 2648 790 τῷ
2695 723 2788 776 τοῦ
2827 726 2885 776 ὲν
2915 725 3185 794 Θαῦωρίῳ
3228 725 3498 800 θαύματος
3545 733 3686 796 φωτὶ,
3713 734 3792 784 καὶ

2266 811 2516 863 ἁνούσιον
2573 811 2706 864 αὐτὸ
2769 813 3013 880 νομίζειν
3081 812 3320 882 θεότητα
3389 814 3668 885 ὑφειμένην
3709 825 3790 874 καὶ

2268 891 2656 960 ἀνυπόστατον,
2705 902 2838 972 Ἐμὲ
2876 905 2972 972 μὲν
3021 903 3128 974 γὰρ
3174 903 3423 957 ἐνταυθοῖ
3461 906 3695 977 “alapa;
3722 913 3794 964 εὖ.

2270 997 2426 1062 ρήσει
2458 994 2741 1064 πολέμιον,
2775 997 2870 1049 καὶ
2907 996 3128 1069 γλώττῃ
3155 997 3305 1068 πάσῃ
3341 998 3431 1050 καὶ
3457 997 3644 1068 βίσλοις
3667 1002 3792 1066 ὅλαις

2265 1085 2372 1149 ἀεὶ,
2403 1083 2506 1136 κᾶν
2537 1085 2611 1155 μὴ
2653 1085 2935 1156 βούληται,
2968 1088 3205 1154 σιγῶντα
3239 1089 3284 1142 δ’
3312 1084 3405 1143 οὖν
3441 1089 3543 1142 οὐδ’
3571 1092 3657 1144 ἐὰν
3691 1093 3795 1157 βού·

2265 1177 2445 1245 ληται.
2479 1173 2554 1231 Ἦ
2580 1177 2776 1230 πολλοῦ
2809 1179 2956 1248 μέντ’
2991 1181 3056 1233 ἂν
3079 1179 3286 1247 δεήσειε
3324 1181 3651 1252 βαρϐαρικῆς
3683 1187 3795 1236 ἀπο-

2265 1266 2408 1329 νοίας
2437 1262 2579 1318 εἶναι
2612 1268 2819 1335 μεστῷ,
2857 1268 3054 1321 πολλοῦ
3081 1269 3126 1322 δ’
3155 1271 3221 1324 ἂν
3251 1271 3536 1334 πολυθετας
3577 1272 3705 1342 ἔχειν
3741 1273 3792 1325 τὸ

2263 1353 2426 1430 ἦττον
2485 1357 2826 1429 Ἑλληνικῆς,
2881 1360 2988 1429 ὅτῳ
3042 1361 3109 1414 ἂν
3157 1362 3314 1414 πάνθ’
3354 1362 3456 1416 ὅσα
3502 1363 3583 1416 διὰ
3629 1364 3797 1431 φώτων

2264 1448 2471 1514 γίνεται
2503 1448 2757 1518 θαύματα
2792 1450 3078 1520 λατρεύειν
3110 1451 3197 1520 εἴη
3231 1451 3321 1505 διὰ
3363 1453 3651 1521 φροντίδος.
3683 1453 3797 1506 Οὐδέ

2263 1538 2372 1606 γὰρ
2399 1538 2519 1591 οὑδὲ
2559 1538 2716 1608 σῶμά
2759 1539 2811 1590 τί
2842 1541 2990 1592 ἐστιν
3027 1542 3060 1610 ἠ
3092 1541 3349 1604 ἀκτιστος
3385 1541 3562 1609 ἐκείνη
3595 1540 3680 1594 τού
3705 1543 3799 1594 Σωφ

2261 1630 2427 1698 τῆρος
2461 1629 2637 1695 οὐσία,
2675 1630 2762 1683 ἵνα
2793 1631 2958 1700 μέρος
2996 1630 3096 1700 μὲν
3125 1635 3447 1702 παραφανῇ,
3475 1633 3631 1701 μέρος
3661 1633 3700 1685 δ’
3726 1632 3798 1686 οὗ·

2264 1715 2380 1778 πῶς
2431 1717 2564 1784 γὰρ,
2613 1717 2828 1788 ἀμερὴς
2886 1716 3022 1770 οὖσα
3072 1717 3300 1794 δύναμις
3357 1720 3454 1772 καὶ
3508 1719 3694 1788 κυρίως
3732 1720 3798 1784 ἓν,

591 1827 645 1874 et
687 1829 906 1883 semper
969 1814 1192 1876 unitas,
1239 1812 1438 1866 mansit
1489 1826 1704 1880 semper
1759 1809 2047 1866 monadica
2108 1817 2161 1864 et

2265 1781 2741 1876 aptepobvnavib;
2783 1781 3134 1865 παντάπασιν
3184 1781 3523 1882 ύπέρτερονς
3555 1781 3682 1864 θύτε
3707 1781 3800 1880 γὰρ

595 1917 854 1962 constans
890 1913 944 1960 et
985 1903 1296 1961 invisibilis.
1323 1901 1462 1956 Dicit
1485 1902 1647 1955 etiam
1685 1901 1902 1956 divinus
1923 1900 2162 1972 Chryso-

593 2009 806 2058 stomus
833 2012 849 2050 :
875 1994 932 2060 Si
961 1996 1133 2063 ipsam
1163 1994 1430 2048 vidissent
1454 1994 1734 2061 propheta:
1762 1991 1855 2049 Dei
1889 2003 2161 2058 naturam,

591 2105 701 2150 non
720 2089 868 2142 varie
885 2084 1235 2155 contemplati
1271 2095 1475 2139 essent.
1499 2083 1736 2152 Simplex
1752 2085 1896 2139 enim
1914 2084 2161 2153 quaedam

593 2191 675 2236 est
712 2196 777 2236 ea
804 2189 860 2234 et
885 2179 1317 2234 insubstantiata
1346 2186 1400 2231 et
1435 2177 1800 2245 incomposita
1837 2186 1890 2230 et
1933 2175 2164 2244 inexpli-

594 2273 784 2334 cabilis
817 2282 874 2326 et
897 2286 1116 2340 semper
1138 2269 1334 2324 eadem
1369 2268 1594 2334 mansit,
1623 2268 1716 2321 sed
1748 2267 1988 2321 ostendit
2025 2267 2164 2318 invi-

594 2366 772 2422 sibilis
822 2363 992 2418 divini
1027 2362 1175 2432 regni
1207 2362 1460 2429 gloriam.
1493 2361 1636 2430 Ergo
1690 2360 1822 2414 illud
1871 2359 2161 2428 dctegendi

596 2469 704 2534 npn
739 2452 1000 2522 majorem
1027 2451 1135 2502 vim
1168 2449 1356 2513 habet,
1389 2465 1552 2519 quam
1582 2447 1930 2506 ostendendi.
1953 2449 2164 2502 Obscu-

597 2560 669 2601 ra:
710 2543 858 2597 enim
891 2541 968 2595 rei
1000 2540 1423 2610 explicationem
1471 2539 1662 2604 aﬂ‘ert;
1718 2539 2012 2594 ostendere
2061 2557 2161 2594 au-

601 2651 706 2692 tem
739 2644 823 2689 est
861 2634 1070 2688 locutio
1100 2632 1266 2687 etiam
1302 2631 1356 2685 in
1385 2632 1781 2701 apparentibus
1812 2631 1977 2686 rebus
2002 2633 2163 2702 plane

597 2726 942 2790 necessaria,
977 2726 1437 2795 quemadmodum
1493 2724 1537 2779 si
1593 2725 1716 2793 quis
1774 2725 2077 2794 margaritis
2108 2727 2162 2779 in

596 2836 760 2888 capsa
814 2819 1043 2878 inclusis
1078 2835 1296 2888 capsam
1342 2817 1691 2871 solummodo
1736 2817 2008 2882 ostendit,
2054 2833 2162 2872 non

594 2913 800 2982 detegit
836 2912 890 2966 id
925 2911 1072 2980 quod
1104 2910 1364 2977 quaeritur
1389 2949 1403 2972 ,
1433 2919 1494 2962 ut
1526 2908 1693 2963 eti.:m
1727 2925 1954 2978 magnus
1993 2909 2164 2979 Chry-

593 3019 871 3065 sosmmus
900 3005 1035 3059 dicit
1073 3021 1086 3058 :
1114 3003 1231 3058 Non
1261 3002 1509 3057 ascendit
1545 3001 1706 3056 Jesus
1745 3017 1961 3068 navem,
1995 3002 2163 3055 mira-

2265 1899 2446 1967 ἐκείνη
2485 1899 2739 1970 μερισμῷ
2783 1918 2889 1954 τινι
2929 1902 3096 1955 δυάδα
3150 1905 3502 1972 γεγέννηκεν,
3531 1903 3638 1957 οὕτ⁹
3663 1904 3801 1972 ἀριθο

2267 1992 2364 2058 μὸς
2396 1991 2569 2052 οὐδεὶς
2603 1992 2864 2061 ἐμέρισεν
2899 1974 3070 2060 αὑτήν
3091 2010 3104 2024 ·
3141 1993 3255 2045 ἀλλ’
3289 1994 3347 2047 ἓν
3390 1991 3521 2047 οὖσα
3549 1993 3693 2060 φύσει
3721 1993 3802 2044 καί

2267 2081 2430 2150 μονὰς
2465 2085 2574 2146 ἀεὶ,
2609 2084 2922 2160 μεμένηκεν
2947 2084 3035 2138 ἀεὶ
3057 2085 3320 2156 μοναδική
3351 2103 3415 2138 τε
3441 2087 3534 2139 καὶ
3562 2087 3805 2155 ἄτρεπτος

2263 2175 2357 2226 καὶ
2390 2174 2646 2242 ἀόρατος.
2686 2177 2824 2244 Φησὶ
2849 2176 2957 2247 γὰρ
2989 2178 3081 2229 καὶ
3115 2179 3143 2229 6
3175 2177 3314 2240 θεῖος
3347 2179 3716 2248 Χρυσέστομος
3743 2177 3804 2236 ὡς

2263 2269 2311 2318 ει
2353 2266 2524 2334 αὐτὴν
2561 2268 2748 2335 ἐώρων
2801 2269 2850 2319 οι
2903 2269 3182 2336 προφῆται
3212 2269 3312 2336 τὴν
3357 2269 3519 2338 φύσιν
3553 2267 3640 2320 τοῦ
3665 2266 3806 2328 Θεοῦ,

2262 2361 2359 2411 ούκ
2386 2359 2452 2412 ἂν
2489 2353 2759 2432 διαφόρως
2783 2360 3040 2415 ἐθεῶντο·
3070 2361 3214 2430 ἁπλῆ
3257 2361 3367 2431 γάρ
3402 2380 3487 2424 τις
3522 2361 3694 2428 ἐκείνη
3722 2359 3806 2410 καὶ

2263 2453 2673 2521 ἀσχημάτιστος
2730 2458 2824 2507 καὶ
2883 2453 3179 2514 ἀσύνθετος
3255 2456 3351 2507 καὶ
3426 2457 3810 2524 ἀπερίγραπτος

2263 2543 2358 2596 καὶ
2402 2544 2488 2596 ἀεὶ
2536 2543 2794 2606 ὡσαύτως
2841 2543 3059 2613 ἔχουσα.
3097 2546 3240 2599 Ἀλλ’
3289 2545 3481 2610 ἔδειξε,
3536 2547 3683 2614 φησὶ,
3725 2544 3810 2610 τῆς

2263 2634 2494 2687 ἀθεάτου
2527 2633 2714 2700 θεϊκῆς
2746 2635 2912 2688 αὑτοῦ
2943 2636 3219 2703 βασιλείας
3248 2637 3347 2704 τὴν
3389 2637 3568 2700 δόξαν.
3603 2631 3726 2688 Εἶτα
3755 2633 3810 2688 οὑ

2263 2727 2322 2778 τὸ
2371 2725 2675 2794 ἐκκαλύψαι
2711 2725 2884 2794 μείζω
2921 2725 3018 2796 τὴν
3069 2727 3301 2797 δύναμιν
3350 2729 3466 2797 ἔχει
3503 2729 3590 2780 τοῦ
3620 2726 3808 2790 δεῖξαι’

2264 2818 2683 2887 κεκαλυμμένον
2718 2821 2825 2889 γάρ
2854 2835 3001 2878 τινος
3042 2817 3192 2889 δηλοί
3220 2820 3532 2888 φανέρωςιν
3578 2820 3816 2885 πραγμα-

2262 2926 2353 2972 τος
2379 2925 2391 2937 °
2424 2908 2484 2962 τὸ
2528 2909 2582 2962 δὲ
2618 2903 2791 2974 δεῖξαι
2843 2909 2990 2974 λέξις
3033 2913 3150 2964 ἐστῖ⁵
3183 2912 3286 2965 κάν
3329 2914 3444 2974 τοῖς
3493 2909 3815 2978 φαινομένοις

2265 3000 2532 3071 χρειώδης
2596 3002 2804 3066 ἅπλῶς,
2857 3003 3048 3072 ὥσπερ
3109 3001 3174 3056 ἂν
3219 3004 3268 3055 εί
3313 3004 3374 3055 ἐν
3426 3002 3690 3072 βαλαντίῳ
3730 3014 3818 3049 κι-

593 3098 775 3158 culum
835 3096 1011 3166 majus
1057 3095 1354 3150 eﬂecturus
1411 3103 1468 3150 et
1517 3095 1678 3148 simul
1733 3094 1991 3149 deitatem
2049 3093 2161 3150 illis

2265 3092 2619 3162 λυπτομένων
2659 3093 2959 3164 μαργάρων
2984 3095 3144 3162 μόνον
3174 3095 3411 3148 δεικνύοι
3433 3111 3515 3156 τις
3549 3093 3608 3145 τὸ
3644 3089 3820 3160 βαλάν-

593 3189 939 3251 manifestius
969 3187 1318 3257 probaturus.

2254 3201 2406 3237 τιον·
2445 3177 2613 3254 οὖτοςξ
2655 3187 2761 3255 γὰρ
2811 3187 2979 3251 ἐῖειξε
3030 3185 3152 3255 μὲν,
3197 3188 3296 3240 οὐκ
3338 3184 3647 3252 ἐξεκάλνψε
3687 3181 3739 3233 δὲ
3767 3177 3820 3230 τὸ

594 3283 962 3353 ζητούμενον·
994 3278 1069 3342 ὡς
1127 3280 1275 3332 καὶὸ
1307 3279 1478 3348 μέγας
1510 3278 1754 3332 διδάσκει
1810 3277 2223 3348 Χρυσόστομος,
2266 3278 2438 3359 λέγων
2496 3279 2578 3330 ὅτι
2634 3277 2734 3329 οὐκ
2786 3278 2946 3349 ἐνέὄη
2999 3282 3027 3333 6
3065 3279 3274 3350 Ἰησοῦς
3308 3281 3392 3344 εἰς
3436 3278 3498 3332 τὸ
3544 3276 3741 3339 πλοῖον,
3768 3271 3822 3326 τὸ

594 3375 783 3443 θαῦμα
829 3373 1014 3441 μεῖζον
1055 3373 1399 3441 ἐργάσασθαι
1431 3373 1757 3444 βουλόμενος
1791 3373 1883 3424 καὶ
1916 3372 2032 3442 ἅμα
2059 3373 2160 3443 τὴν
2199 3372 2430 3440 θεότητα
2465 3373 2648 3434 αὐτοῖς
2677 3372 2979 3440 ἐκκαλύψαι
3009 3376 3360 3445 τρανότερον.

664 3464 780 3520 ΧΠ.
797 3463 958 3535 497
976 3464 1125 3520 Scitu
1147 3465 1370 3534 dignum
1393 3474 1495 3526 est,
1516 3465 1791 3534 quomodo
1812 3466 2043 3519 duorum
2064 3465 2160 3518 mio

594 3559 904 3613 raculorum
924 3555 1124 3610 ibidem
1146 3565 1524 3622 tractatorum,
1544 3556 1776 3610 alterius
1792 3555 2158 3620 ostendentis,

592 3651 818 3717 alterius
854 3650 1160 3720 detegentis
1191 3649 1474 3712 deitatem,
1530 3649 1664 3703 illud
1733 3645 1988 3714 in'ferins,
2055 3650 2160 3703 hoc

593 3747 854 3815 detegens
887 3743 1160 3812 superius.
1196 3742 1352 3808 Quod
1411 3741 1669 3806 inferius,
1729 3740 1858 3795 huic
1912 3742 2162 3795 Palamas

593 3836 1002 3896 venerationem
1041 3830 1323 3899 vindicat,’
1361 3833 1507 3903 quod
1561 3833 1839 3903 superius,
1877 3831 2055 3885 eidem
2093 3846 2159 3886 ne

594 3929 880 3990 minimum
920 3927 1168 3997 quidem.
1204 3923 1515 3982 Ridiculum
1546 3935 1630 3980 est
1659 3924 1889 3979 inferius
1956 3924 2159 3979 habere

594 4036 822 4074 sentina:
855 4020 1111 4089 potentiae
1135 4020 1423 4081 honorem,
1454 4019 1707 4087 superius
1757 4032 1822 4071 ne
1878 4015 2158 4071 inferioris

594 4111 815 4182 quidem
850 4110 1074 4180 etquod
1111 4109 1212 4164 sibi
1246 4119 1391 4164 stare
1422 4104 1649 4162 minime
1681 4117 1876 4176 potest,
1929 4107 1983 4160 id
2017 4106 2158 4159 utri-

592 4219 700 4274 que
735 4202 1000 4264 tribucre’,
1052 4197 1197 4271 quod
1230 4201 1487 4262 maxime,
1536 4199 1590 4253 id
1619 4197 1776 4253 alteri
1833 4199 2152 4266 neutiquam

593 4305 648 4351 et
673 4294 815 4364 quod
849 4295 901 4346 in
937 4291 1157 4345 stateris
1193 4307 1300 4345 non
1329 4306 1425 4358 par
1453 4297 1536 4344 cst
1571 4289 1834 4358 potentia,
1871 4289 2001 4342 huic
2034 4304 2154 4341 mo-

596 4394 838 4439 mentum
871 4382 1094 4435 omnino
1117 4381 1344 4448 :rquale,
1375 4379 1519 4449 quod
1544 4395 1673 4433 vero
1703 4380 1874 4433 multo
1892 4381 2154 4447 majorem

599 4475 856 4530 momenti
905 4473 1221 4544 gravitatem
1252 4471 1436 4533 habet,
1467 4472 1518 4526 id
1551 4471 1643 4525 illo
1697 4473 1866 4526 multo
1932 4471 2159 4524 inl‘crius

596 4577 810 4640 putare.
852 4565 909 4620 Si
945 4565 1164 4633 quidem
1192 4563 1558 4632 simplicitatis
1588 4563 1718 4618 illud
1756 4572 1859 4626 est,
1892 4578 2011 4632 quae
2046 4577 2163 4614 om-

601 4675 722 4713 nem
755 4656 1157 4724 simplicitatem
1187 4655 1484 4724 snperavit,
1532 4654 1676 4723 quod
1711 4663 1919 4708 tantum
1989 4652 2161 4716 abest,

599 4759 658 4806 ut
691 4766 813 4805 cum
852 4747 1211 4821 patefactione
1237 4748 1290 4800 in
1319 4762 1485 4800 unum
1522 4746 1724 4811 redeat,
1763 4755 1821 4799 ut
1851 4759 1918 4799 ne
1944 4745 2164 4800 accedat

599 4843 841 4914 quidem,
870 4841 996 4900 huic
1027 4841 1281 4897 incrcatae
1308 4839 1525 4895 deitatis
1557 4840 1821 4894 honorem
1856 4837 2160 4893 vindicare.

601 4937 884 5002 Quomodo
911 4935 1055 4990 enim
1085 4950 1321 5004 unquam
1352 4933 1482 5004 quid
1533 4942 1711 5002 potest
1758 4949 1938 4986 rerum
1991 4931 2164 4986 scn’si-

601 5025 694 5081 bili
729 5024 902 5078 l‘orma
925 5024 1297 5093 apparentium
1325 5033 1379 5079 et
1407 5025 1591 5080 sensui
1650 5025 2016 5094 subjectarum
2049 5022 2167 5075 dei-

604 5126 685 5172 tas
714 5117 954 5170 increata
979 5131 1120 5171 esse.
1151 5115 1286 5171 Cum
1310 5132 1376 5169 ne
1394 5115 1709 5184 angelorum
1730 5113 1953 5184 quidem
1982 5111 2164 5166 incor-

605 5223 893 5276 porearum
931 5216 1120 5261 natura
1154 5207 1207 5259 in
1240 5206 1504 5260 humanos
1539 5206 1726 5259 oculos
1747 5204 1940 5260 cadere
1969 5203 2160 5270 possit,

606 5300 825 5363 utinl‘ra
889 5314 1164 5368 supraque
1211 5299 1642 5354 demonstratum
1700 5306 1806 5360 est,
1860 5306 1915 5351 et
1965 5297 2165 5366 cuique

605 5393 852 5445 humana:
885 5391 1051 5445 menti
1094 5389 1230 5443 disci
1262 5397 1456 5458 potest.
1505 5387 1811 5457 Explicabit
1841 5388 2022 5444 denuo
2051 5403 2166 5443 ma-

603 5497 740 5548 gnus
794 5489 1104 5551 praeceptor
1160 5481 1320 5534 nobis
1374 5479 1797 5550 Chrysostomus
1837 5495 1946 5533 non
2003 5479 2164 5532 modo

602 5575 778 5628 lucem
806 5577 949 5629 illam
983 5591 1090 5627 non
1156 5574 1323 5627 fuisse
1383 5575 1644 5629 deitatem
1678 5573 1844 5645 498
1866 5572 2162 5627 increatam

602 5675 658 5724 ct
688 5666 1113 5728 incssentialem,
1147 5665 1242 5719 sed
1273 5681 1340 5720 ne
1363 5666 1735 5735 incorpoream
1756 5665 1998 5734 quidem.
2030 5665 2168 5718 Dicit

604 5756 696 5820 ille
748 5759 818 5812 ita
862 5759 1019 5812 fere:
1066 5775 1083 5809 ι
1119 5757 1176 5812 Si
1238 5759 1663 5826 corporaliorcm
1710 5757 1956 5814 Salvator
2027 5757 2167 5813 hanc

2337 3465 2436 3518 IB'.
2484 3447 2813 3535 Ἐπισὶῆσαι
2861 3466 2905 3517 δ’
2938 3463 3088 3530 ἀξιον
3119 3465 3236 3530 πῶς
3282 3465 3376 3518 δύο
3422 3463 3713 3533 θαυμάτων
3750 3460 3824 3516 ἐντ

2261 3557 2438 3610 ταῦθα
2485 3553 3046 3628 διειλημμένων,’καὶ
3087 3557 3182 3612 τοῦ
3241 3558 3342 3626 μὲν
3383 3553 3703 3627 παράδειξιν
3735 3551 3821 3618 δη·

2262 3649 2484 3711 λοῦντος
2535 3648 2791 3714 θεότητος
2838 3649 2932 3703 τοῦ
2983 3651 3028 3703 δ’
3076 3650 3402 3721 ἐκκάλυψιν,
3456 3649 3554 3703 καὶ
3601 3648 3697 3716 τῆς
3734 3641 3823 3712 μὲν

2264 3741 2546 3811 εἰληχυίας
2573 3741 2632 3794 τὺ
2659 3736 2820 3813 ἦττον
2850 3743 2950 3812 τῆς
2993 3743 3037 3795 δ’
3073 3742 3442 3812 ἐκκαλύψεως
3473 3742 3535 3794 τὸ
3571 3731 3824 3814 μεῖζον,ἦ

2270 3837 2368 3906 μὲν
2398 3835 2458 3887 τὸ
2496 3830 2656 3904 ἦττον
2687 3835 2832 3902 ἔχειν
2878 3834 3060 3905 ἔλαχε,
3091 3834 3266 3905 ταύτῃ
3301 3834 3570 3904 Παλαμᾶς
3610 3832 3825 3896 λατρενο

2266 3926 2425 3998 τικὴν
2471 3927 2627 3994 νέμει
2687 3926 3155 3996 προσκύνησιν,ὴ
3203 3925 3260 3978 δὲ
3306 3926 3368 3978 τὸ
3423 3925 3608 3995 μεῖζον
3656 3922 3821 3988 ἔλαχε,

2265 4017 2440 4089 ταύτῃ
2476 4017 2520 4070 δ’
2551 4016 2642 4072 οὖν
2676 4017 2783 4070 οὐδ’
2819 4017 3096 4087 ἡντινοῦν.
3148 4015 3366 4070 Ιέλοίον
3413 4017 3480 4089 [Γ.
3511 4015 3618 4070 250
3649 4012 3703 4083 α]
3730 4013 3823 4078 γὰρ

2267 4111 2332 4164 ἂν
2363 4112 2447 4180 εἴη
2474 4112 2533 4162 τῦ
2576 4109 2674 4178 μὲν
2703 4108 2924 4161 ἔλαττον
2957 4107 3356 4178 καταιδύναμιν
3391 4108 3657 4179 μεγίστην
3703 4117 3822 4171 καρ-

2263 4198 2496 4251 ποῦσθαι
2529 4199 2718 4266 τιμὴν,
2751 4198 2809 4250 τὸ
2844 4199 2889 4250 δ’
2919 4198 3220 4268 ὑπέρτερον
3250 4196 3386 4266 μηδὲ
3435 4197 3535 4264 τὴν
3569 4193 3659 4246 τοῦ
3682 4193 3826 4261 ἦττο-

2264 4307 2384 4352 νος·
2427 4290 2522 4342 καὶ
2572 4289 2600 4342 δ
2657 4290 2756 4357 μὲν
2813 4289 2993 4358 ἐαυτῷ
3041 4289 3224 4358 ἥκιστ’
3254 4287 3391 4358 ἔχει,
3431 4285 3586 4342 τοῦθ’
3635 4283 3824 4352 ἑτέροις

2263 4383 2548 4448 ἐπαρκεῖν,
2592 4381 2619 4433 ὃ
2656 4381 2713 4434 δὲ
2759 4380 2979 4448 μάλισθ’
3025 4378 3227 4450 ἐαυτῷ,
3273 4379 3422 4434 τοῦθ’
3480 4379 3688 4447 ἑτέροις
3726 4391 3821 4442 tn;-

2261 4475 2449 4542 Bapﬁf
2483 4476 2576 4524 καὶ
2603 4469 2644 4538 ᾦ
2675 4475 2775 4542 μὲν
2809 4473 2931 4542 μηδ’
2965 4474 3276 4546 ίάορῤοπεῖν
3298 4477 3418 4536 ταῖς
3453 4471 3555 4541 τῆς
3593 4469 3820 4534 ἰσότητος

2268 4563 2831 4632 πλάστιγξ.-δύναμις
2907 4567 3014 4635 εῐη,
3070 4565 3244 4637 τούτῳ
3289 4567 3476 4634 πάσης
3530 4555 3821 4628 ὁλοσχερῶς

2268 4657 2574 4724 συγχωρεῖν
2631 4656 2726 4723 τῆς
2767 4656 2958 4725 ὁλκῆς,
2989 4657 3015 4710 ὂ
3055 4657 3113 4709 δὲ
3168 4656 3338 4709 πλείω
3387 4655 3489 4725 τὴν
3518 4654 3619 4720 τῆς
3663 4645 3818 4720 ῥοπῆς

2269 4747 2588 4814 ἐμδρίθειαν
2617 4745 2728 4815 ἔχει
2757 4747 2959 4815 πολλῷ,
2991 4748 3150 4800 τοῦτο
3179 4748 3222 4800 8'
3251 4747 3469 4802 ἐκείνου
3506 4743 3821 4810 κουρότεροι)

2267 4839 2520 4906 ἡγεῖσθαι
2554 4837 2754 4907 πολλῷ.
2785 4840 2846 4892 El
2877 4839 2923 4891 δ’
2953 4839 3206 4909 εὐηθείας
3243 4840 3419 4902 ταυτὶ,
3449 4831 3486 4908 ἧ
3520 4853 3621 4888 που
3656 4831 3821 4882 πᾶσαν

2271 4929 2614 5001 ύπερήλασεν
2659 4931 2938 5001 εὐήθειαν,
2980 4933 3008 4984 ὂ
3048 4917 3124 5003 τῇ
3165 4931 3468 5000 ἐκκαλύψει
3507 4929 3584 4998 μὴ
3626 4935 3825 4990 συγκωο

2270 5023 2444 5092 ρεῐται
2501 5022 2626 5091 μηδ’
2672 5025 2860 5090 ἐγγὺς
2891 5025 3091 5090 ἐλθεῖν,
3132 5024 3309 5092 τούτῳ
3348 5023 3404 5076 δὲ
3453 5021 3551 5074 καὶ
3595 5018 3694 5085 τὴν
3736 5011 3824 5076 τῆς

2268 5114 2525 5167 ἀκτίστου
2575 5115 2830 5185 θεότητος
2877 5116 3209 5187 προσνέμειν
3247 5115 3437 5184 τιμήν.
3481 5111 3605 5172 Πῶς
3637 5109 3738 5176 γὰρ
3765 5101 3822 5157 ἀν

2269 5209 2400 5262 ποτέ
2427 5225 2477 5261 τι
2509 5208 2619 5262 τῶν
2640 5211 2698 5262 ἐν
2725 5209 2970 5280 αἰσθητῷ
3014 5211 3357 5280 φαινομένων
3399 5207 3534 5259 εῖδει
3575 5206 3666 5257 καὶ
3706 5199 3822 5249 ὕπο·

2269 5301 2620 5369 ϐαλλομένων
2671 5303 2921 5373 αἰσθήσει
2966 5301 3156 5371 θεότης
3203 5303 3455 5361 ἄκτιστος
3508 5298 3596 5364 εἴη
3623 5312 3637 5361 ;
3665 5294 3818 5344 Ὅπου

2272 5394 2405 5464 μηδὲ
2449 5396 2546 5459 τὴν
2587 5393 2697 5446 τῶν
2737 5394 3044 5462 ἀσωμάτων
3077 5391 3326 5460 ἀγγέλων
3361 5392 3529 5458 φύσιν
3561 5377 3820 5451 ἀνθρωπί-

2267 5502 2377 5545 νοις
2403 5485 2698 5538 ὑποπεσεῖν
2727 5485 2950 5537 δυνατδν
2981 5483 3298 5554 ὀφθαλμοῖς,
3317 5482 3387 5544 ὡς
3422 5483 3539 5534 ἀνω
3572 5478 3663 5530 καὶ
3683 5470 3820 5525 κάτω

2268 5577 2540 5629 δέδεικται
2601 5595 2658 5629 τε
2713 5579 2805 5629 καὶ
2861 5577 3249 5631 αὐτοδίδακτόν
3309 5578 3460 5627 ἐστιν
3515 5565 3816 5641 ἀνθρωπίνῃ

2274 5668 2488 5720 συνέσει
2536 5669 2705 5740 πάσῃ.
2752 5670 2991 5740 Δηλώσει
3038 5667 3086 5723 δ’
3125 5665 3216 5722 οὖν
3246 5669 3338 5722 καὶ
3378 5668 3404 5717 6
3452 5666 3631 5736 μέγας
3673 5653 3814 5714 αὖθις

2272 5759 2591 5824 διδάσκαλος
2623 5763 2751 5832 ἡμῖν
2776 5763 3214 5832 Χρυσορῤήμων,
3256 5761 3330 5832 μὴ
3357 5759 3524 5829 μόνον
3555 5758 3634 5810 ὅτι
3666 5753 3734 5822 μὴ
3756 5743 3816 5816 ἦν
