4134 6286
405 350 502 401 441

1360 348 1806 410 ΒΥΖΑΝΤΙΝιΕ
1850 353 2231 415 HISTORIA!
2259 358 2421 418 LIB.
2464 359 2694 418 XXXV.

3580 351 3687 420 442

408 454 587 505 ἐκεῖνο
629 454 692 502 τὸ
739 453 853 519 φῶς
900 454 1090 521 θεότης
1141 456 1396 517 ἅκτιστός
1455 474 1513 508 τε
1564 458 1659 509 καὶ
1709 458 1978 523 ἁνούσιος,

2091 467 2329 519 ostendit
2365 468 2568 531 lucem,
2597 483 2704 520 non
2740 477 2998 538 magnum
3033 467 3362 522 desiderium
3387 483 3476 522 res
3517 481 3682 524 nabed-

405 543 519 596 ἀλλ’
553 541 665 594 οὐδ’
695 542 988 612 ἀσώματον
1013 563 1025 575 ·
1073 547 1205 614 φησι
1253 547 1364 615 γὰρ
1409 547 1596 616 ὑμνῶν
1641 550 1840 601 οὑτωσί
1872 567 1991 610 πως

403 625 560 692 οὗτος
585 631 750 683 αὐτόν
791 650 808 681 ι
846 633 906 685 ΕΞ
936 634 1033 684 καὶ
1069 633 1536 702 σωματικώτερον
1565 635 1591 686 6
1624 635 1814 703 Σωτὴρ
1845 637 1988 689 τοῦτ’

403 721 616 776 ὲδείκνυ
670 721 732 773 τὸ
801 721 938 790 φῶς,
998 723 1114 776 ἀλλ’
1161 723 1255 776 οὖν
1311 725 1516 794 πολλὴν
1569 727 1874 797 ἐπιθυμίαν
1925 730 1987 783 τὺ

404 814 642 882 πρᾶγμα
693 809 829 882 εἶχε.
873 833 889 865 ι
945 815 1054 870 Καὶ
1092 814 1278 880 πάλιν,
1329 835 1347 867 ι
1398 817 1457 870 Ei
1496 817 1541 871 δ’
1582 820 1831 890 ἀμυδρὰν
1867 839 1990 874 τινα

403 905 514 956 τῶν
543 904 848 972 μελλόντων
890 907 917 956 6
948 907 1150 975 Πέτρος
1188 906 1309 960 ἰδὼν
1353 909 1561 972 είκόνα,
1596 913 1796 964 Καλόν
1824 913 1996 967 ἐστιν

403 993 566 1063 ἡμᾶς
596 989 712 1048 ὧδε
739 992 915 1058 εἴναι,
939 997 1065 1065 ἔφη,
1095 997 1148 1050 τί
1174 998 1240 1052 ἄν
1270 1015 1355 1059 τις
1386 1001 1514 1069 εἴπῃ
1555 1001 1682 1053 ὅταν
1721 1002 1860 1072 αὐτὴ
1883 1005 1991 1058 τῶν

405 1088 754 1155 πραγμάτων
791 1089 822 1156 ἡ
853 1088 1082 1158 ἀλήθεια
1122 1089 1542 1158 παραγένηται;
1593 1109 1612 1142 ι
1652 1094 1766 1159 ,Καὶ
1799 1095 1986 1162 πάλιν,

413 1197 433 1229 ι
480 1178 882 1248 Ἐθεασὰμεθα,
927 1199 944 1231 ι
989 1182 1145 1250 φησὶ,
1184 1200 1203 1233 ι
1238 1182 1339 1252 τὴν
1373 1181 1533 1247 δόξαν
1559 1184 1745 1249 αὐτοῦ,
1789 1185 1891 1239 οὐκ
1922 1185 1988 1239 ἂν

2099 556 2210 608 bat.
2248 575 2265 606 ›
2301 555 2365 609 Ει
2392 574 2626 612 rursus:
2667 558 2722 613 Si
2763 560 3054 612 obscuram
3126 559 3439 612 futurorum
3489 561 3680 630 imagi-

2098 662 2220 699 nem
2257 648 2452 702 videns
2481 650 2677 705 Petrus
2712 667 2725 702 :
2793 650 3030 712 Bonum,
3063 651 3257 720 inquit.
3288 667 3389 705 nos
3421 650 3506 704 hic
3534 667 3674 717 esse,

2077 724 2225 805 quid
2260 740 2550 806 quisquam
2585 739 2808 802 dixerit,
2843 741 2885 793 si
2929 757 3110 794 rerum
3161 741 3363 794 veritas
3395 740 3533 794 faeta
3594 758 3678 795 es-

2099 827 2264 880 set?»
2303 829 2368 881 Et
2398 845 2586 883 rursus
2621 849 2635 883 :
2673 849 2690 880 ι
2720 831 2967 885 Vidimus
3001 831 3226 896 gloriam
3258 833 3398 900 ejus,
3439 833 3533 885 sed
3565 848 3675 885 non

2100 917 2207 971 nisi
2262 935 2357 987 per
2408 921 2722 990 adjunctum
2760 938 2961 990 corpus
3007 923 3162 976 nobis
3223 933 3613 992 apparentem;
3650 942 3669 975 ι

2099 1018 2156 1063 et
2185 1026 2418 1064 rursus:
2463 1030 2480 1062 ι
2532 1011 2587 1067 Si
2627 1015 2892 1077 volemus,
2943 1024 2998 1068 et
3038 1017 3138 1084 ipsi
3176 1015 3487 1068 videbimus
3507 1014 3674 1068 Chri-

2098 1109 2265 1159 stum.
2301 1116 2408 1154 non
2469 1113 2529 1156 ut
2570 1105 2802 1172 apostoli
2854 1105 3008 1168 olim,
3063 1105 3162 1160 sed
3208 1105 3379 1158 multo
3423 1104 3671 1157 luculen-

2099 1191 2228 1245 tius.
2267 1191 2383 1246 Non
2411 1194 2556 1247 enim
2583 1195 2662 1248 sic
2696 1207 2881 1265 postea
2911 1198 3114 1252 veniet.
3155 1217 3173 1249 ι

406 1273 740 1337 θεασάμενοι
767 1274 815 1326 εί
844 1275 919 1345 μὴ
979 1275 1067 1327 διὰ
1113 1274 1206 1328 τοῦ
1240 1280 1542 1346 συντρόφου
1621 1275 1874 1347 σώματος
1917 1283 2049 1350 ἡμῖν
2091 1282 2272 1352 ὤφθη.
2312 1304 2329 1336 ι
2369 1287 2471 1338 Καὶ
2512 1287 2694 1352 πάλιν,
2733 1307 2750 1338 ι
2793 1290 2891 1340 “Av
2929 1272 3192 1358 θέλωμεν,
3225 1291 3316 1342 καὶ
3349 1292 3507 1359 ἡμεῖς
3544 1289 3670 1358 ὀψό-

411 1368 552 1436 μεοα
577 1369 669 1420 τὸν
707 1367 1086 1438 Χριστδνμοῦχ
1134 1367 1307 1433 οὕτως
1340 1369 1414 1432 ὡς
1481 1371 1529 1423 oi
1560 1371 1849 1426 ἀπόστολοι
1911 1374 2056 1441 τότε,
2097 1377 2233 1431 ἀλλὰ
2281 1377 2464 1448 πολλῷ
2514 1379 2936 1450 λαμπρότερον·
2971 1382 3031 1433 οὐ
3081 1384 3190 1452 γὰρ
3229 1381 3398 1444 οὕτως
3443 1381 3666 1452 ὕστερον

406 1459 552 1512 ἥξει.
594 1479 614 1512 ›

431 1495 578 1606 nll".
615 1553 678 1604 Ei
711 1544 805 1604 οὖν
828 1550 1084 1618 λαμπρὸν
1131 1551 1229 1620 μὲν
1275 1553 1304 1603 6
1360 1551 1596 1624 Χριστὸς
1643 1553 1879 1606 ἐνταῦθα
1923 1553 1986 1607 τὸ

407 1642 527 1712 φῶς
572 1644 749 1694 ἐκεῖνο
791 1640 1021 1710 δέδελιχε,
1061 1641 1447 1713 λαμπρότερον
1475 1643 1519 1695 δ’
1553 1643 1647 1696 οὖν
1677 1644 1736 1707 ὲς
1764 1643 1825 1695 τὸ
1860 1643 1987 1713 μὲλ-

2163 1543 2301 1614 ΧΙΙΪ.
2340 1559 2395 1614 Si
2437 1562 2600 1630 igitur
2627 1565 2967 1634 splendidam
3001 1563 3054 1617 in
3094 1571 3280 1617 monte
3311 1562 3486 1616 lucem
3517 1563 3665 1616 illam

2088 1651 2341 1708 Christus
2398 1655 2678 1720 ostendit,
2743 1659 3170 1728 Splendidiorem
3213 1659 3264 1712 in
3303 1658 3487 1712 futuro
3544 1675 3667 1712 san-

405 1735 500 1788 λον
537 1737 651 1798 τοῖς
679 1734 858 1801 ἁγίοις
903 1735 1068 1798 δείξει
1103 1735 1352 1805 ἀνδράσι,
1392 1735 1714 1790 πιστευτέον
1762 1735 1978 1806 ἀνάγκη

2091 1746 2194 1828 etis
2252 1747 2388 1801 viris
2452 1749 2784 1822 ostendet,
2831 1751 3163 1805 credendum
3223 1750 3530 1804 necessario
3589 1759 3671 1804 est

402 1826 484 1896 τῷ
539 1827 966 1898 Χρυσορρήμονι
1035 1827 1497 1895 σωματικώτερον
1555 1823 1696 1880 εἶναι
1753 1827 1814 1879 τὺ
1868 1826 1984 1895 φῶς

405 1921 588 1976 ἐκεῖνο
637 1919 825 1988 σαφῶς
873 1917 1258 1984 παραινοῦντι,
1304 1919 1398 1971 καὶ
1438 1917 1698 1985 ἀληθείας
1740 1918 1988 1987 ἀμυδρὰν

407 2015 594 2068 είκόνα
650 2015 746 2068 καὶ
812 2015 912 2067 οὐκ
968 2013 1139 2084 αὐτὴν
1196 2015 1297 2082 τὴν
1349 2013 1634 2080 ἀλήθειαν.
1673 2013 1734 2065 Ei
1783 2011 1828 2063 δ’
1872 2007 1987 2077 οὖν,

402 2105 620 2175 ἀίάγκη
658 2104 846 2157 λοιπὸν
887 2105 984 2157 καὶ
1021 2105 1120 2172 τὴν
1149 2101 1244 2154 νῦν
1275 2101 1579 2172 ὑφειμένην
1610 2103 1703 2155 καὶ
1736 2101 1987 2156 ἀνούσιον

403 2198 612 2267 ταύτην
641 2197 736 2248 τοῦ
770 2196 1007 2264 Παλαμᾶ
1038 2194 1270 2263 θεότητα
1313 2193 1448 2264 πρὸς
1491 2191 1552 2245 τὸ
1594 2193 1986 2261 λαμπρότερόν

403 2307 465 2344 τε
498 2291 592 2344 καὶ
649 2290 1050 2359 ὑπερκείμενον
1097 2286 1440 2351 ἀπαλλάξαι,
1486 2288 1596 2340 καὶ·
1637 2286 1891 2353 γενέσθαι
1927 2284 1986 2338 τὸ

411 2379 512 2448 μὲν
567 2377 822 2430 ᾶκτιστον
877 2376 1284 2444 ἀκτιστότερον,
1322 2373 1384 2426 τὸ
1437 2373 1481 2426 δ’
1523 2373 1779 2426 ἁνούσιον
1825 2373 1986 2424 ἀνου-

409 2465 690 2536 σιώτερον,
740 2466 834 2518 καὶ
885 2466 1000 2535 ἅμα
1041 2465 1102 2517 τὸ
1151 2467 1346 2533 ὁρατδν
1392 2465 1758 2533 ὀρατώτερον,
1785 2463 1834 2514 εί
1878 2459 1985 2530 χρὴ

407 2559 505 2610 καὶ
531 2552 758 2610 “τοιαῦθ’
808 2559 944 2621 ὅλως
994 2555 1354 2625 ἐνθυμεῖσθαι
1395 2556 1528 2622 γοῦν
1563 2555 1594 2624 ἢ
1637 2556 1729 2608 καί
1770 2553 1984 2623 γλώττῃ

408 2646 750 2714 προφέρειν·
782 2644 1045 2698 σκεπτέον
1091 2643 1146 2698 δὲ
1189 2644 1336 2712 ὅμως
1385 2644 1437 2696 τί
1491 2643 1556 2695 ἂν
1613 2643 1698 2710 εἴη
1746 2640 1898 2692 τουτὶ¹
1957 2641 1986 2693 6

407 2734 818 2803 φανταζόμενος
877 2734 977 2803 μὲν
1033 2735 1243 2800 ἀγνοεῖ,
1276 2730 1492 2800 ἀγνοῶν
1535 2732 1590 2784 δὲ
1643 2731 1979 2800 βλασφημεῖ,

411 2826 752 2895 βλασφημῶν
796 2826 840 2878 δ’
899 2827 1084 2895 ἀπατᾷ
1149 2826 1277 2886 τοὺς
1340 2815 1605 2887 πολλούς’·
1644 2821 1823 2892 πολλῷ
1875 2822 1983 2892 γὰρ

407 2921 543 2986 ἡμῖν
590 2917 1041 2986 πρεπωδέστερον
1091 2915 1296 2970 τοιαῦτ’
1341 2916 1570 2986 ὲρευνᾷν
1615 2905 1982 2984 ἣΣιυκρὰτην

404 3010 616 3068 ἐκεῖνον
672 3008 764 3059 τὸν
818 3006 1223 3077 Σωφρονίσκου,
1257 3007 1410 3068 ὅστις
1464 3005 1554 3074 εἴη
1610 3007 1774 3073 σοφὸς
1817 3005 1981 3072 ’Δοξ-

2087 1832 2516 1904 Chrysostomo,
2603 1839 3027 1906 corporaliorem
3104 1839 3236 1905 esse}
3285 1839 3460 1894 lucem
3523 1840 3668 1893 illam

2089 1934 2275 1992 aperte
2332 1925 2646 1979 admonenti
2724 1937 2780 1981 et
2843 1928 3130 1982 obscuram
3197 1929 3456 1982 veritatis
3515 1930 3661 1981 ima-

2089 2014 2288 2082 ginem,
2316 2029 2424 2067 non
2456 2015 2626 2083 ipsam
2650 2026 2831 2069 autem
2855 2017 3159 2071 veritatem.
3184 2016 3238 2070 Si
3270 2018 3384 2070 haec
3416 2020 3487 2070 ita
3518 2027 3668 2080 sunt,

2090 2107 2398 2158 necessario
2426 2107 2598 2158 etiam
2616 2111 2973 2175 consequitur
2999 2107 3301 2177 subiectam
3333 2117 3388 2162 et
3420 2107 3668 2161 inessen-

2092 2196 2273 2250 tialem
2299 2197 2438 2250 hanc
2461 2197 2693 2250 Palama:
2728 2197 2986 2252 deitatem
3048 2197 3104 2250 in
3141 2197 3571 2266 splendidiorem
3613 2206 3669 2251 ct

2089 2289 2454 2358 superjeetam
2489 2289 2788 2356 permutari
2820 2298 2873 2343 et
2909 2304 2974 2342 ex
3002 2287 3247 2343 increato
3298 2287 3412 2341 ﬁeri
3445 2288 3666 2342 increa-

2090 2379 2215 2438 tius,
2283 2377 2712 2432 cxinessentiali
2776 2377 3206 2441 inessentialius,
3256 2385 3310 2430 et
3342 2392 3406 2429 ex
3461 2376 3664 2432 visibili

2088 2466 2376 2531 visibilius,
2412 2468 2456 2521 si
2479 2483 2628 2536 cpus
2676 2477 2759 2522 est
2793 2468 2921 2520 talia
2958 2467 3184 2521 omnino
3224 2466 3529 2536 dijulicare
3565 2480 3661 2520 aut

2087 2562 2270 2616 verbis
2330 2562 2627 2630 explicare.
2703 2565 2958 2616 Attamen
3013 2559 3312 2631 videndum
3361 2575 3528 2630 porro
3560 2548 3663 2618 est.

2089 2666 2186 2704 cur
2223 2653 2316 2720 qui
2342 2652 2492 2720 ﬁngit
2518 2651 2618 2706 sibi
2657 2651 2886 2718 aliquid,
2934 2649 3144 2712 nescit;
3179 2649 3274 2718 qui
3309 2649 3506 2709 nescit.
3541 2649 3666 2702 illu-

2088 2740 2204 2805 dit;
2237 2740 2330 2806 qui
2365 2741 2564 2804 illudit,
2599 2740 2799 2793 multos
2843 2737 3079 2807 decipit:
3101 2732 3270 2792 Multo
3309 2737 3664 2806 enimmagis

2273 2830 2556 2894 nosdecet
2583 2831 2710 2883 talia
2742 2831 3033 2898 exquirere
3096 2844 3259 2897 quam
3311 2830 3377 2882 de
3431 2829 3657 2882 Socrate

2087 2922 2182 2976 illo
2205 2921 2558 2990 Sophronisci
2593 2921 2726 2986 lilio,
2777 2922 2900 2989 quis
2929 2921 3097 2974 fuerit
3138 2919 3558 2972 Atheniensium
3593 2934 3661 2973 eo

2087 3012 2411 3090 sapientior,
2471 3023 2808 3080 quaerentem
2867 3012 3181 3066 discurrere
3216 3011 3282 3065 ad
3341 2993 3556 3080 iudices
3605 3020 3660 3064 et

407 3115 536 3170 νῃσι
567 3099 793 3167 ,μᾶλλον
846 3098 1013 3151 αὑτοῦ
1066 3097 1360 3166 ζητοῦντα,
1391 3101 1664 3172 περιιέναι
1719 3097 1978 3160 δικαστὰς

2089 3106 2337 3158 rhetores
2392 3113 2448 3158 et
2504 3112 2688 3172 poetas
2746 3104 2981 3174 tragicos
3033 3091 3574 3174 dithyrambicosque
3605 3112 3660 3154 et

403 3194 499 3254 καὶ
531 3191 764 3261 ῥήτορας
787 3191 881 3241 καὶ
905 3191 1134 3257 ποιητὰς
1163 3189 1486 3259 τραγῳδιῶν
1510 3191 1598 3241 καὶ
1628 3187 1976 3258 διθυράμϐων

404 3284 505 3336 καὶ
534 3273 669 3352 πρὸς
703 3282 913 3341 τούτοις
950 3281 1302 3352 χειροτέχνας
1333 3281 1736 3346 παντοδαποὺς,
1764 3280 1838 3344 ὡς
1885 3284 1976 3334 ὲν-

351 3432 360 3437 .
401 3374 579 3430 ταῦθα
615 3374 704 3425 ἐπ’
728 3373 1034 3442 αὐτοφώρῳ
1064 3371 1517 3441 καταληψόμενον
1551 3372 1650 3441 τὴν
1691 3371 1971 3442 ἀλήθειαν.

401 3465 540 3515 Φασὶ
584 3463 786 3530 τοίνυν,
815 3461 898 3526 οἷς
929 3463 1073 3532 λόγῳ
1101 3463 1210 3515 καὶ·
1240 3463 1388 3533 ἔργῳ
1447 3463 1736 3534 μεθοδικὴν
1776 3450 1974 3534 ἔμπει-

403 3557 529 3624 ρίαν
556 3555 846 3624 ἀσκήσεως
876 3558 1089 3620 ἑαυτοῖς
1111 3555 1406 3609 δεδωκέναι
1438 3531 1872 3626 συμπέπτωκεν,
1899 3558 1976 3621 ὠς

399 3647 545 3718 ἁρχὴ
579 3648 787 3717 πλάνης
816 3647 906 3700 νοῦ
946 3647 1242 3712 κενοδοξία,
1268 3650 1325 3714 ἐξ
1354 3641 1766 3720 ἦςτκινούμενος
1794 3653 1821 3702 6
1841 3650 1976 3712 νοῦς

399 3741 458 3797 ἐν
488 3741 733 3808 σχήμασι
764 3740 857 3792 καὶ
896 3742 1137 3809 μορφαῖς
1173 3741 1512 3809 περιγράφει
1548 3741 1609 3794 τὸ
1658 3741 1799 3794 θεῖοι
1830 3756 1843 3770 ·
1880 3744 1975 3794 καὶ

341 3839 360 3848 ⁵
397 3833 585 3898 πάλιν,
635 3851 653 3884 ι
707 3832 988 3901 Μακάριος
1017 3834 1043 3883 6
1074 3830 1197 3892 νοῦς
1246 3831 1303 3894 ὃς
1355 3837 1496 3886 κατὰ
1530 3830 1592 3903 [ί.
1626 3833 1732 3887 250
1774 3831 1848 3904 b.]
1882 3831 1974 3884 τὸν

397 3925 594 3994 adq/3v
615 3924 709 3992 τῆς
737 3923 1043 3995 προσευχῆς
1075 3922 1289 3976 τελείαν
1321 3923 1601 3993 ἀμορφίαν
1629 3925 1915 3994 ἐκτήσατο.
1949 3943 1967 3976 ι

399 4015 510 4068 Καὶ
564 4014 744 4076 πάλιν,
779 4032 796 4064 ι
835 4014 926 4081 Μὴ
977 4013 1130 4082 ζήτει
1172 4013 1453 4076 παντελῶς
1505 4015 1724 4083 μορφήν
1771 4032 1896 4068 τινα
1937 4016 1969 4086 ἢ

397 4105 589 4172 σχῆμα
641 4105 671 4175 ἢ
720 4107 919 4175 χρῶμα
978 4107 1229 4176 δέχεσθαι
1281 4107 1342 4159 ἐν
1388 4107 1465 4176 τῷ
1505 4109 1604 4177 τῆς
1660 4112 1972 4179 προσευχῆς

396 4196 595 4265 καιρῷ.
626 4216 646 4248 ι
697 4197 807 4250 Καὶ
851 4199 1034 4262 πάλιν,
1075 4217 1093 4249 ι
1259 4198 1412 4251 πόθει
1460 4193 1725 4267 ἀγγέλους
1773 4201 1903 4252 [δεῖν
1937 4200 1968 4270 ἢ

393 4289 714 4359 ὁυνάμειςῆ
758 4290 992 4358 Χριστὸν
1021 4292 1318 4360 αἰσθητῶς,
1351 4291 1438 4346 ἵνα
1497 4292 1569 4363 μὴ
1611 4292 1794 4359 τέλεον
1838 4309 1971 4363 φρε-

394 4378 568 4446 νήρης
628 4379 780 4450 γένῃ,
824 4378 986 4431 λύκον
1039 4382 1159 4432 ἀντὶ
1214 4383 1476 4451 ποιμένος
1525 4381 1817 4452 δεχόμενος
1874 4383 1969 4436 καὶ

2087 3207 2345 3267 ρι’ωιετοο
2379 3196 2445 3249 ad
2475 3195 2656 3250 varias
2686 3209 2852 3272 artes,
2878 3205 2940 3250 ut
2972 3196 3097 3249 inde
3144 3195 3345 3270 veritas
3371 3192 3658 3246 manifeste

2079 3289 2544 3359 deprehendatur.
2572 3288 2791 3341 ~‘Dicunt
2845 3287 2880 3340 ii
2921 3287 3014 3356 qui
3064 3285 3248 3340 verbis
3283 3295 3337 3338 et
3368 3283 3527 3337 factis
3561 3299 3651 3336 ra-

2082 3380 2341 3436 tionalem
2378 3381 2503 3434 vitae
2542 3381 2685 3434 viam
2733 3378 2999 3441 inierunt,
3033 3377 3252 3432 initium
3297 3374 3504 3429 erroris
3535 3389 3654 3428 esse

2081 3472 2281 3526 mentis
2337 3474 2728 3538 arrogantiam,
2759 3485 2862 3537 qua
2889 3468 3106 3522 animus
3136 3464 3458 3535 perdueitur
3483 3464 3548 3516 ad
3572 3463 3655 3514 di-

2078 3564 2266 3618 vinum
2299 3563 2490 3617 formis
2517 3572 2572 3616 et
2609 3561 2795 3632 ﬁguris
2825 3558 3424 3614 circumscribenduin.
3451 3554 3515 3609 lit
3541 3571 3656 3607 rur-

2079 3670 2174 3708 sus
2213 3669 2226 3704 :
2286 3672 2304 3705 ι
2342 3654 2544 3708 Beatus
2578 3654 2817 3712 animus,
2850 3651 2942 3720 qui
2995 3649 3263 3705 orationis
3307 3660 3548 3713 leinpore
3583 3644 3654 3697 ab

2075 3746 2225 3800 omni
2264 3745 2440 3798 forma
2468 3761 2525 3799 se
2555 3743 2849 3798 abstrahit.
2890 3762 2907 3792 ι
2941 3742 3000 3795 Et
3035 3757 3225 3796 rursus
3257 3757 3270 3794 :
3307 3759 3324 3791 ι
3362 3741 3438 3793 Ne
3469 3755 3651 3807 quwre

2076 3837 2302 3888 omnino
2334 3835 2563 3888 fortnam
2601 3833 2900 3902 quamdam
2920 3841 3014 3885 aut
3047 3832 3294 3901 figuram.
3328 3840 3420 3882 aut
3445 3844 3650 3896 corpus

2075 3921 2321 3990 recipere
2342 3922 2394 3974 in
2436 3920 2701 3974 orationis
2766 3929 3032 3989 tempore.
3075 3938 3093 3970 ι
3132 3920 3197 3972 Et
3225 3933 3465 3979 rursus:
3507 3938 3524 3968 ι
3566 3917 3646 3971 Ne

2074 4015 2351 4069 desideres
2379 4013 2604 4082 angelos
2633 4013 2841 4076 videre,
2881 4019 2976 4064 aut
3009 4001 3333 4080 potestates,
3368 4019 3464 4062 aut
3489 4008 3647 4062 Chri-

2073 4115 2215 4162 stum
2278 4106 2632 4172 sensibiliter,
2675 4115 2732 4159 ut
2789 4121 2858 4159 ne
2899 4107 3056 4174 plane
3105 4089 3294 4157 amens
3345 4101 3461 4161 tias,
3503 4101 3648 4168 .lupo

2074 4215 2173 4270 pro
2196 4208 2416 4270 pastore
2442 4209 2684 4266 recepto,
2716 4205 2769 4250 et
2794 4199 3142 4250 veneratione
3171 4194 3421 4262 turpibus
3452 4192 3650 4244 da-mo-

2072 4291 2235 4345 nibus
2263 4289 2479 4344 tradita.
2517 4308 2536 4340 ι
2572 4272 2710 4343 Νοηι
2755 4285 3021 4358 quidquid
3083 4285 3186 4339 sub
3237 4284 3410 4338 forma
3469 4282 3640 4335 menti

2074 4389 2301 4450 apparet
2330 4381 2445 4436 sive
2478 4393 2537 4434 ut
2593 4383 2768 4434 lucem
2804 4379 2919 4434 'sit'e
2965 4389 3025 4432 ut
3055 4379 3232 4447 ignem
3267 4377 3384 4429 ﬁeri
3445 4375 3642 4429 diaboli

399 4469 720 4536 προσκυνῶν
767 4471 880 4534 τοῖς
924 4472 1167 4539 αἰσχροῖς
1198 4472 1470 4541 δαίμοσιν.
1513 4474 1581 4526 Ὅ
1622 4492 1674 4526 τι
1717 4474 1824 4544 γὰρ
1852 4475 1969 4527 ,πᾶν

2079 4473 2435 4542 malignitate,
2467 4473 2690 4526 divinus
2713 4470 2917 4526 Paulus
2945 4472 3230 4538 sapienter
3254 4471 3413 4521 docet
3449 4468 3514 4521 de
3544 4485 3643 4520 an-

396 4559 457 4610 τὺ
483 4560 542 4610 ἐν
575 4561 814 4630 σχήματι
859 4563 1185 4632 φαινόμενον
1215 4564 1294 4635 τῷ
1326 4565 1399 4635 νῷ
1425 4566 1534 4618 εἴτε
1577 4565 1652 4629 ὼς
1691 4567 1806 4634 φῶς
1853 4568 1965 4620 εἴτε

394 4651 471 4714 ὡς
504 4650 616 4721 πῦρ
648 4655 712 4706 ὲκ
755 4655 854 4723 τῆς
885 4655 980 4708 τοῦ
1024 4656 1220 4727 ἐχθροῦ
1266 4659 1631 4728 κακοτεχνίας
1670 4660 1908 4726 γίνεται,
1937 4661 1966 4711 6

394 4742 682 4807 Θεσπέσιος
740 4745 950 4809 Παῦλος
1019 4749 1207 4816 σαφῶς
1263 4749 1531 4815 διδάσκει,
1583 4754 1665 4814 εἰς
1736 4751 1966 4819 ἄγγελον

395 4834 575 4900 φωτὸς
604 4836 766 4888 αὑτὸν
795 4837 970 4906 λέγων
1015 4842 1620 4912 μετασχηματίζεσθαι.
1651 4832 1726 4896 Οὐ
1761 4844 1842 4896 δεῖ
1872 4822 1966 4896 ob“:

393 4925 692 4997 sttit-16m
726 4929 791 4998 τῇ
846 4928 1024 4984 ἑλπίδι
1080 4934 1202 4983 τινὰ
1248 4931 1338 4984 τὸν
1383 4933 1682 5000 ἀσκητικὸν
1716 4933 1965 5000 μετιέναι

393 5015 531 5084 βίον,
565 5017 653 5070 ἵνα
709 5019 783 5088 μὴ
823 5020 850 5070 6
886 5021 1130 5084 Σατανᾶς
1178 5004 1429 5092 ἑτοίμην.
1457 5022 1592 5095 εὕρῃ
1639 5025 1738 5094 τὴν
1787 5023 1967 5093 ψυχὴν

388 5105 642 5161 ἐντεῦθεν
667 5109 744 5172 εἶς
769 5111 1048 5182 ἁρπαγήν.
1084 5131 1102 5162 ι
1143 5113 1254 5165 Ka‘l.
1285 5114 1339 5165 τί
1378 5115 1459 5166 δεῖ
1495 5115 1714 5180 πλείους
1747 5113 1962 5167 ἐνταῦθ’

386 5197 691 5264 ἀνελίττειν
740 5201 954 5270 βίϐλους
1003 5204 1174 5271 ἁγίων
1220 5205 1452 5272 ἀνδρῶν,
1497 5205 1688 5259 όξτόισοι
1747 5205 1854 5258 σύν.
1896 5223 1958 5272 γε
2008 5253 2010 5255 .

391 5290 558 5360 σοφία
609 5293 700 5344 καὶ
735 5293 944 5361 νόμοις
969 5296 1256 5364 ἀσκήσεως
1285 5298 1374 5348 τὸν
1413 5298 1624 5350 ἑαυτῶν
1653 5298 1960 5366 ἐκεκοσμη-

386 5398 561 5435 κεσαν
616 5377 751 5452 βίον,
800 5380 880 5447 οἷς
926 5386 1191 5448 συνέσεως
1252 5387 1505 5456 μέτεστιν
1537 5391 1786 5460 ἅπασιν,
1838 5391 1956 5455 ἐξὸν

383 5475 675 5544 ἀρκεῖσθαι
725 5478 910 5546 μόνοις
959 5479 1171 5544 τούτοις
1219 5480 1269 5533 οἳ
1306 5481 1638 5550 θεραπευταὶ
1693 5481 1794 5550 τῆς
1839 5484 1955 5533 ἐνε-

387 5567 602 5636 στώσης
629 5569 820 5639 χρείας
869 5572 999 5640 ἡμῖν
1034 5572 1092 5625 ἐν
1122 5573 1201 5643 τῷ
1246 5574 1474 5644 παρόντι
1509 5573 1948 5643 προϐέϐληνταις

2065 4565 2185 4635 gelo
2231 4565 2390 4628 lueis,
2425 4579 2586 4632 quem
2642 4563 3080 4631 transﬁguratum
3133 4560 3286 4612 dicit.
3339 4559 3646 4627 Nonigitnr

2070 4672 2208 4726 opus
2232 4665 2316 4710 est
2344 4655 2472 4709 huic
2492 4656 2608 4724 spei
2633 4655 2924 4708 aseetieam
2949 4653 3238 4721 quamdam
3268 4652 3431 4704 vitam
3454 4667 3644 4719 suger-

2070 4758 2311 4810 struere,
2345 4761 2414 4801 ne
2445 4745 2678 4800 Satanas
2718 4756 2958 4814 paratam
2991 4744 3228 4813 prmdam
3264 4743 3642 4811 deprehendat

2068 4840 2329 4891 animam.
2366 4835 2543 4906 Atque
2600 4836 2732 4905 quid
2792 4849 3017 4890 necesse
3069 4843 3154 4888 est
3214 4833 3417 4885 ibidem
3474 4831 3642 4884 libros

2065 4937 2378 4980 sanctorum
2411 4929 2657 4980 virorum
2684 4928 2960 4989 evolvere,
2994 4924 3089 4994 qui
3121 4925 3390 4994 sapientia
3419 4933 3472 4976 et
3503 4921 3641 4990 legi-

2070 5019 2172 5073 bus
2207 5019 2368 5089 500
2413 5020 2664 5073 asceticis
2693 5020 2858 5073 vitam
2891 5034 3081 5072 eorum
3131 5023 3490 5078 exornarunt,
3523 5012 3643 5082 qni-

2019 5173 2033 5184 χ
2067 5110 2172 5164 bus
2203 5113 2257 5164 in
2295 5111 2554 5165 omnibus
2589 5110 2881 5180 prudentia
2936 5110 3100 5173 inest,
3155 5123 3279 5161 cum
3342 5104 3637 5167 suiiiciant,

2067 5206 2159 5274 qui
2202 5206 2461 5274 przeSenti
2513 5204 2826 5258 neceSsitali
2854 5199 3152 5256 serviunt?
3185 5197 3638 5252 Nam'l‘ormatio-

2069 5312 2164 5350 nes
2203 5307 2257 5350 ct
2292 5298 2532 5351 visiones
2578 5312 2696 5365 qum
2732 5293 2933 5348 sanctis
2977 5291 3247 5344 interdum
3279 5289 3636 5357 apparebant,

2066 5405 2161 5458 per
2216 5392 2434 5458 angelos
2495 5388 2666 5442 factas
2692 5402 2830 5450 esse,
2863 5385 2991 5438 satis
3023 5384 3452 5437 demonstratum
3487 5389 3637 5447 puto.

2063 5481 2182 5535 Non
2226 5484 2370 5532 cnim
2405 5489 2584 5550 potest
2637 5479 2947 5533 immediate
3007 5493 3242 5546 unquam
3292 5473 3467 5528 dcitas
3524 5469 3637 5537 ipsa

2059 5588 2340 5643 apparere.

386 5663 512 5716 Ὅτι
578 5665 678 5734 μὲν
730 5667 837 5734 γὰρ
887 5668 943 5720 αι
999 5672 1320 5739 φαινόμεναι
1374 5673 1487 5737 τοῖς
1547 5671 1726 5738 ἁγίοις
1773 5672 1946 5724 ἐνίοτε
1986 5658 2301 5742 μορφώσεις
2363 5676 2454 5723 καὶ
2494 5673 2542 5722 oi
2611 5672 2986 5740 σχηματισμοὶ
3030 5669 3097 5723 δι’
3129 5666 3374 5735 ἀγγέλων
3416 5657 3635 5713 τελοῦν-

383 5775 478 5811 ται
513 5757 672 5818 Θεοῦ.
707 5759 849 5812 πάνυ
877 5763 940 5828 γέ
994 5779 1043 5814 τι
1090 5765 1291 5826 ἱκανῶς
1360 5765 1735 5835 ἀποδεδεῖχθαι
1800 5765 2022 5838 οἴομαιο

383 5849 636 5922 θεότητος
664 5851 984 5922 ἐπιφάνειαν
1017 5855 1137 5908 καθ’
1172 5855 1360 5925 αὐτὴν.

2065 5768 2197 5836 μηδὲ
2235 5766 2339 5837 γὰρ
2383 5765 2519 5822 εἶναι
2560 5767 2785 5823 δυναττιν
2830 5769 3049 5839 ὰμέσως
3078 5760 3332 5836 γενέσθαι
3382 5757 3459 5830 τῷ
3505 5755 3634 5812 ποτὲ
