4134 6286
1158 693 1505 826 ΤΟΥ
1598 688 2177 833 ΑΥΤΟΥ
2268 688 3269 823 ΝΙΚΗΦΟΡΟΥ

1789 333 2214 397 ΝΙ(.ΕΡΗΟΒΙ
2255 337 2298 394 G
2315 334 2637 395 [{EGORE

3694 338 3779 403 444

3373 532 3758 561 ψ’-ηδ

1639 930 1944 1047 ΤΟΥ
2063 930 2776 1060 ΓΡΗΓΟΡΑ

1212 1134 1217 1139 ’
1307 1153 1880 1243 ΡΩΜΑΙΚΗΣ
1957 1153 2452 1242 ΙΣΤΟΡΙΑΣ
2525 1153 2893 1243 ΛΟΓΟΣ
2967 1150 3181 1252 Λα.

932 1512 1646 1643 EJUSDEM
1723 1510 2581 1643 NICEPHORI
2677 1507 3475 1638 GREGORZE

1024 1766 1755 1858 BYZANTINjE
1828 1720 2453 1857 HlSTORl/E
2528 1722 2885 1854 Linea
2951 1688 3441 1856 XXXVI.’

3590 1694 3615 1708 δ

643 2105 799 2178 501
846 2105 884 2160 Ι.
918 2104 1193 2174 Incipiens
1229 2103 1514 2159 historiam
1549 2118 1942 2175 proposueram
1980 2103 2134 2157 mihi,

2322 2102 2479 2176 [Cod.
2525 2104 2663 2174 Reg.
2711 2102 2888 2189 5075].
2933 2102 2994 2176 [ί.
3034 2104 3134 2158 251
3179 2103 3235 2176 a]
3286 2105 3362 2156 A'.
3398 2105 3553 2173 Ἐμοὶ
3586 2104 3628 2156 δ’
3655 2105 3799 2175 ἀρχοο

573 2212 632 2255 ιιι
652 2214 834 2253 rerum
860 2197 1200 2267 publicarum
1222 2199 1625 2251 enarrationem
1647 2208 1702 2251 et
1718 2196 2144 2264 explicationem

570 2295 802 2363 posteris
836 2293 1139 2355 traderem;
1170 2291 1262 2344 sed
1299 2290 1764 2358 quemadmodmn
1796 2306 1977 2346 smvus
2010 2305 2147 2343 ven-

569 2391 657 2434 tus
680 2395 711 2433 e
743 2378 1273 2448 septentrionalibus
1328 2377 1587 2446 delapsus
1623 2378 1942 2446 regionibus
1991 2384 2147 2430 ante-

566 2488 730 2540 quam
778 2468 1281 2523 animadvertamus
1342 2477 1400 2522 et
1454 2468 1505 2520 ei
1566 2469 1835 2532 resistere
1879 2483 2146 2521 conemur

566 2572 791 2630 repente
850 2560 1143 2630 prorupit,
1195 2570 1249 2615 et
1280 2560 1445 2613 animi
1478 2569 1801 2613 con~uetam
1840 2560 2147 2628 tranquilli-

1105 2651 1306 2705 divinae
1367 2651 1627 2705 Ecclesia:
1677 2661 2029 2719 tempestates
2088 2661 2144 2706 et

565 2745 763 2797 tinctus
786 2743 1047 2797 ad‘erens.
1080 2743 1291 2797 Idcirco
1322 2757 1447 2796 cum
1497 2743 1667 2796 semel
1704 2745 1995 2811 curpissem
2050 2742 2145 2797 de-

563 2835 838 2899 scribere,
877 2850 1221 2904 mta-cunque
1279 2834 1575 2903 qualiaque
1620 2849 1687 2888 ex
1716 2834 1976 2887 Ecclesiae
2015 2833 2143 2887 l‘un-

568 2663 729 2705 tatem
802 2657 990 2706 turbat
1016 2695 1030 2716 ,

563 2925 823 2981 damento
851 2927 1132 2995 naufragia
1156 2926 1499 2989 acciderant,
1542 2942 1768 2980 necesse
1799 2934 1921 2979 erat
1975 2926 2139 2980 etiam

562 3010 618 3072 el
642 3019 734 3087 qui
771 3028 827 3072 et
867 3020 1146 3088 quomodo
1178 3029 1231 3074 et
1256 3030 1602 3090 quantopere
1633 3030 1688 3075 et
1721 3012 1831 3090 quo
1866 3023 2051 3075 studio
2086 3022 2140 3075 in

565 3118 952 3178 tempestatum
985 3111 1202 3186 illarum
1237 3111 1499 3166 ﬂuctibus
1527 3125 2002 3182 perseverassent,
2041 3116 2141 3168 hu-

556 3198 643 3269 jus
679 3198 928 3253 historiae
985 3201 1147 3254 serici
1204 3210 1261 3255 ct
1293 3201 1442 3255 inter
1502 3220 1560 3257 se
1606 3204 1962 3274 conjungere,
2017 3220 2137 3273 qua:

558 3306 738 3344 causa:
771 3290 1023 3354 fuissent,
1052 3302 1111 3344 ut
1141 3292 1428 3347 docebitur
1455 3335 1470 3357 ,
1505 3291 1862 3361 prieiiiittere.
1934 3296 2135 3349 Eorum

558 3398 681 3451 quae
709 3383 855 3436 inter
888 3399 1008 3438 sese
1039 3399 1292 3438 connexa
1331 3395 1482 3450 sunt,
1516 3403 1617 3441 nec
1643 3403 1884 3456 unquam
1917 3406 1946 3441 a
1981 3405 2135 3442 com-

561 3474 712 3527 muni
743 3490 993 3553 connexu
1033 3476 1584 3549 abrunipiopossmit,
1626 3480 1834 3532 variam
1887 3490 1941 3533 et
1977 3480 2136 3550 502

558 3565 916 3636 multiplicem
954 3568 1235 3622 historiam
1272 3584 1371 3638 pro
1394 3570 1631 3637 simplici
1674 3582 1729 3625 et
1770 3573 1913 3625 nuda
1949 3573 2137 3627 olfeci-

561 3672 703 3711 mus.
739 3657 872 3711 Nam
900 3670 1099 3727 prieter
1130 3660 1445 3730 opinionem
1477 3670 1531 3715 et
1565 3664 1689 3716 inde
1721 3663 1789 3717 ab
1822 3664 1980 3715 initio
2012 3679 2130 3731 pru-

2259 2197 2404 2267 μένῳ
2433 2197 2530 2266 τῆς
2567 2197 2808 2267 ἱστορίας
2840 2197 2900 2250 τὸ
2933 2197 3354 2266 σκοπιμώτατον
3384 2192 3455 2265 ἦν
3474 2196 3571 2265 τὴν
3599 2197 3798 2277 τῶνδη-

2257 2290 2459 2359 μοσίων
2485 2290 2829 2361 πραγμάτων
2871 2292 2984 2354 τοῖς
3026 2290 3196 2343 ἔπειτ’
3215 2289 3525 2361 ἀνθρώποις
3560 2289 3802 2358 γράφοντι

2255 2381 2651 2451 παραπέμπειν
2691 2383 2942 2452 διήγησίν
2971 2399 3028 2434 τε
3079 2383 3171 2435 καὶ
3209 2382 3471 2451 δήλωσινο
3504 2382 3801 2449 ἀλλἰἷισπερ

2250 2487 2335 2534 τις
2367 2471 2557 2540 ἄγριος
2582 2471 2783 2541 ἄνεμος
2809 2470 2867 2535 ἐξ
2895 2467 3162 2542 ἀρκτῴων
3188 2472 3559 2542 καταρραγεὶς
3605 2471 3802 2539 πηγῶν,

2252 2563 2381 2631 πρ“ν
2413 2565 2563 2633 ἡμᾶς
2589 2563 2875 2617 αἰσθέσθαι
2905 2565 3001 2618 καὶ
3031 2567 3162 2633 πρὶν
3205 2565 3654 2634 παρεσκευάσθαι
3680 2565 3802 2632 πρὸς

2250 2655 2348 2725 τὴν
2377 2654 2705 2724 ἀπάντησιν,
2734 2655 2994 2723 ἐξαίφνης
3019 2656 3357 2723 συνεκύκησέ
3389 2674 3447 2709 τε
3480 2659 3571 2710 καὶ
3598 2655 3804 2707 συνετά-

2252 2746 2380 2817 ραξε
2416 2747 2516 2817 τῆς
2543 2746 2823 2815 ἡμετέρας
2873 2749 2966 2799 καὶ
3011 2748 3275 2817 συνήθους
3319 2748 3538 2817 ἐκείνης
3581 2748 3803 2815 γαλήνης

2248 2837 2537 2906 τοῦδαφος,
2575 2839 2703 2900 τοὺς
2729 2836 2874 2891 κατά
2905 2838 3004 2908 τῆς
3037 2838 3132 2891 τοῦ
3166 2838 3303 2891 Θεοῦ
3345 2838 3664 2907 Ἐκκλησίας
3693 2838 3806 2887 ἑπε-

2249 2928 2455 2995 νεγκὼν
2508 2930 2784 2998 χειμῶνας
2831 2933 2925 2983 καὶ
2977 2930 3278 2994 κλύδωνας.
3331 2932 3686 3002 Κάπειδήπερ
3729 2931 3805 2982 διά

2247 3020 2361 3071 τάδ’
2405 3020 2705 3082 ἀναγκαῖον
2758 3019 2904 3087 ἅπαξ
2951 3022 3305 3093 προελομένῳ
3354 3005 3615 3089 διεξιέναι
3660 3021 3804 3075 πάνθ’

2245 3108 2455 3177 ὅσαπερ
2510 3108 2578 3161 ἂν
2627 3108 2720 3160 καὶ
2775 3104 2864 3162 οἶά
2893 3126 2967 3179 γε⁸
2999 3113 3084 3180 εῐη
3122 3114 3189 3164 τὰ
3218 3114 3355 3176 τέως
3402 3112 3805 3184 παρεκπεσόντα

2244 3199 2341 3268 τῆς
2376 3199 2843 3268 ἐκκλησιαστικῆς
2876 3200 3187 3263 ὑποθέσεως
3214 3205 3480 3272 ναυάγια,
3506 3201 3599 3258 καὶ
3621 3205 3803 3265 οἵτινες

2246 3286 2357 3342 εἷεν
2390 3291 2482 3342 καὶ
2534 3289 2682 3351 ὅπως
2717 3289 2813 3351 καὶ
2862 3292 3025 3361 μέχρι
3083 3295 3250 3346 πόσου
3284 3295 3380 3347 καὶ
3426 3296 3549 3365 μεθ’
3578 3294 3692 3357 οἵας
3717 3294 3806 3359 τῆς

2245 3383 2559 3452 προθυμίας
2589 3385 2703 3447 τοῖς
2733 3383 2841 3439 τῶν
2873 3385 3161 3455 χειμώνων
3201 3389 3432 3441 ἐκείνων
3455 3388 3806 3458 ἐνεκαρτέρη-

2244 3489 2342 3524 σαν
2368 3471 2577 3541 κύμασι
2616 3474 2886 3543 συνείρειν
2926 3476 3021 3527 καὶ
3045 3477 3402 3545 συνυφαίνειν
3432 3478 3510 3549 τῷ
3541 3480 3639 3547 τῆς
3666 3479 3807 3529 ἱστο-

2247 3563 2365 3632 ρίας
2403 3565 2619 3634 σώματι
2641 3567 2896 3635 ταυτησὶ,
2935 3568 3028 3619 καὶ
3090 3552 3391 3622 συνάπτειν
3449 3570 3729 3636 ἑκατέροις
3756 3568 3805 3618 ἑ-

2241 3656 2453 3725 κάτερα
2508 3656 2603 3709 ἆτε
2651 3657 2903 3710 συναίτια
2948 3660 3218 3727 γινόμενα
3260 3660 3550 3730 ἀλλήλοις
3594 3660 3667 3722 ὡς
3706 3659 3805 3711 δει·

559 3751 800 3818 positum
833 3750 886 3803 in
927 3751 1092 3806 rebus
1122 3763 1177 3806 et
1209 3754 1445 3822 publicis
1477 3764 1533 3807 et
1565 3755 1958 3809 ecclesiasticis
1995 3756 2134 3809 acci-

2240 3748 2504 3817 χθήσεται
2549 3750 2835 3818 προϊοῦσιν
2863 3751 3022 3821 ἡμῖν,
3058 3754 3153 3803 καὶ
3201 3752 3292 3821 ὑφ’
3327 3753 3544 3805 ἑαυτῶν
3565 3751 3801 3820 ἀλλήλοις

558 3842 641 3895 dit
670 3842 829 3896 nobis
856 3843 1013 3912 quasi
1063 3844 1246 3898 medio
1274 3845 1326 3898 in
1351 3845 1570 3909 itinere,
1606 3857 1665 3899 ut
1707 3846 1906 3900 inultas
1937 3863 2139 3901 excur-

555 3934 739 3989 siones
787 3943 845 3989 et
902 3936 1257 4005 repetitioues
1340 3953 1667 3991 sermonum
1728 3939 2021 3993 instituere
2082 3947 2137 3993 et

558 4026 889 4081 inici-serere
944 4036 999 4081 ct
1055 4028 1305 4083 subsidia
1367 4029 1636 4098 permulta
1699 4031 2025 4103 plerumque
2080 4040 2134 4085 et

557 4115 963 4171 admonitiones
1003 4128 1057 4171 et
1097 4119 1275 4173 varias
1325 4121 1584 4190 ambages
1618 4120 1882 4174 adhibere
1910 4137 2136 4191 cogere-

558 4222 679 4259 mur
732 4207 894 4261 modo
940 4225 1009 4264 ex
1073 4210 1402 4280 longinquo,
1464 4211 1627 4264 modo
1681 4226 1746 4263 ex
1804 4213 2132 4281 propinquo.

556 4298 722 4366 Igitur
748 4315 872 4351 cum
899 4300 965 4353 ad
992 4301 1151 4354 talem
1181 4302 1564 4355 necessitatem
1619 4302 1994 4370 pervenimus,
2022 4304 2134 4356 dis-

553 4392 885 4443 rerncmluin
926 4400 1011 4444 est
1041 4393 1093 4443 in
1146 4376 1323 4446 rebus
1359 4393 1731 4447 diversimode
1767 4395 2132 4467 exponendis.

555 4479 768 4533 Etenim
818 4498 940 4549 quze
985 4482 1053 4533 ab
1095 4482 1411 4535 hominibus
1466 4493 1520 4538 ct
1573 4485 1759 4538 animo
1810 4496 1866 4539 et
1901 4501 2133 4554 corpore

554 4572 839 4626 utentibus
879 4583 1185 4628 tractantur
1244 4592 1368 4629 cum
1405 4585 1461 4628 et
1500 4590 1693 4631 natura
1723 4588 1778 4632 et
1836 4578 2050 4648 legibus
2078 4589 2134 4633 et

554 4665 799 4717 moi-ibus
831 4666 1158 4734 dirigantur,
1192 4684 1416 4723 necesse
1440 4678 1526 4721 est
1549 4670 1796 4723 diversas
1826 4664 1941 4723 tieri
1967 4671 2130 4737 vitas,

2243 3840 2691 3910 συμπλεκόμενα,
2721 3842 2816 3893 καὶ
2842 3842 3055 3913 οὐδαμῆ
3107 3844 3205 3912 τῆς
3237 3845 3372 3913 πρὸς
3425 3844 3638 3913 ἄλληλα
3674 3861 3803 3911 συμ-

2241 3932 2408 3999 φυΐας
2431 3948 2491 3984 τε
2548 3932 2644 3985 καὶ
2677 3931 3037 4002 ἀλληλουχίας
3067 3936 3471 4005 διασπασθῆναι
3519 3936 3801 4005 δυνάμενα,

2239 4026 2498 4095 πολυειδῆ
2532 4025 2626 4079 καλ¹
2654 4025 2851 4097 διπλῆν
2876 4026 2990 4079 ἀνθ’
3017 4027 3195 4094 ἁπλῆς
3225 4031 3318 4081 καὶ
3354 4029 3664 4096 μονοειδοῦς
3694 4026 3803 4078 ὲὶάο

2240 4120 2407 4186 θομεν
2440 4117 2674 4187 δρῶντες
2707 4117 2807 4188 τὴν
2853 4119 3099 4187 ἱστορίαν
3141 4119 3421 4188 δημοσίων
3472 4120 3802 4190 πραγμάτων

2237 4209 2328 4260 καὶ
2370 4207 2489 4277 ἅμα
2540 4206 3035 4277 ἑκκλησιαστικῶν,
3073 4210 3225 4279 παρὰ
3276 4211 3463 4264 πᾶσάν
3494 4228 3554 4265 τε
3586 4209 3803 4280 προσδοο

2237 4299 2362 4351 κίαν
2393 4300 2489 4353 καὶ
2524 4300 2678 4370 παρὰ
2707 4302 2890 4353 πᾶσαν
2923 4300 3022 4370 τὴν
3055 4301 3111 4366 ἐξ
3145 4303 3323 4372 ἀρχῆς
3361 4304 3525 4372 ἡμῶν
3556 4302 3801 4371 πρόθεσιν

2239 4408 2302 4443 συ
2312 4391 2453 4459 μὸὰν
2478 4392 2687 4444 οὑτωσί-
2705 4409 2822 4453 πως
2848 4393 2906 4443 ὲν
2938 4393 3078 4462 μέσῃ
3106 4394 3272 4463 φάναι
3297 4397 3520 4465 πορείᾳ,
3553 4395 3628 4457 ὼς
3649 4395 3802 4458 ἀναγ-

2237 4481 2499 4543 κάζεσθαι
2526 4483 2674 4552 ἡμᾶς
2704 4471 2946 4550 συνεχεῖς
2984 4483 3081 4547 τὰς
3115 4485 3386 4553 ἐκδρομὰς
3427 4504 3484 4538 τε
3513 4489 3608 4539 καὶ
3635 4483 3802 4538 ἀνελί-

2237 4572 2348 4639 ξεις
2373 4573 2465 4626 καὶ
2496 4573 2867 4642 ὲπαναλήψεις
2884 4575 3008 4626 τῶσ
3019 4574 3195 4642 λόγων
3219 4579 3499 4631 ποιεῖσθαι
3528 4581 3622 4632 καὶ
3644 4580 3798 4645 ἐφαρ-

2240 4664 2459 4733 μόττειν
2491 4666 2584 4729 καὶ
2631 4665 2965 4731 συντιθέναι,
3000 4668 3095 4719 καὶ
3128 4671 3517 4739 παραπομπάς
3553 4668 3795 4737 παμπόλ-

554 4767 776 4825 propter
810 4756 1193 4811 diversitatem
1224 4761 1576 4814 tractantium
1608 4771 1664 4815 ct
1692 4763 2128 4826 tractandorum,

2240 4753 2331 4816 λας
2365 4754 2611 4824 πολλαχῆ
2655 4754 2929 4808 ποιεῖσθαι
2967 4757 3059 4808 καὶ
3095 4759 3435 4827 ἀναμνήσεις
3486 4764 3582 4814 καὶ
3623 4761 3796 4830 περιό-

550 4862 770 4908 eorum,
831 4864 953 4916 qua:
998 4849 1243 4919 dirigunt
1296 4861 1352 4905 ct
1404 4842 1525 4922 qua:
1580 4853 1914 4923 diriguntur.
1962 4865 2019 4908 ut
2052 4857 2129 4909 di-

549 4948 696 4994 ctum
718 4950 802 4995 est
831 4957 846 4993 :
878 4952 934 4996 et
962 4959 1122 4997 verso
1149 4945 1364 5009 ordine,
1396 4962 1517 5015 qua:
1544 4962 1640 5014 per
1668 4946 1848 5016 longa,
1886 4964 2007 5017 qua:
2031 4965 2129 5018 per

552 5031 803 5089 breviora
849 5036 1108 5105 temporis
1153 5038 1350 5108 spatia,
1381 5054 1503 5108 quae
1544 5040 1810 5093 modicam
1862 5040 2127 5095 vilitatem

552 5136 711 5181 nacta
747 5137 897 5194 sunt,
931 5146 1054 5197 quae
1087 5130 1151 5183 ad
1207 5133 1469 5200 majorem
1533 5148 1695 5201 quam
1751 5133 1843 5186 illa
1907 5133 2128 5188 redacta

551 5228 721 5284 sunt;
761 5237 885 5290 qua:
910 5238 1009 5291 per
1036 5238 1115 5283 se,
1170 5240 1292 5293 qua:
1330 5241 1438 5277 non
1505 5239 1601 5293 per
1631 5238 1731 5288 se;
1794 5222 1959 5277 modo
2022 5227 2127 5278 sub

554 5323 785 5376 temere,
819 5314 983 5367 modo
1015 5315 1320 5384 prudenter
1344 5316 1684 5386 gerentibus,
1731 5332 1853 5384 qua:
1885 5316 2124 5385 denique

554 5415 664 5458 non
704 5406 897 5458 eadem
932 5422 1227 5476 nusquam,
1263 5423 1331 5462 ne
1356 5408 1533 5462 dicam
1584 5407 1801 5462 diversa
1853 5416 1909 5461 et
1943 5408 2125 5475 impli—

552 5503 673 5548 cata
705 5495 937 5564 etplane
973 5497 1361 5552 (“Sritlliniman
1409 5497 1565 5564 Quod
1614 5498 1782 5566 igitur
1818 5513 1945 5551 cum
1986 5498 2126 5551 feci-

557 5599 700 5647 mus,
738 5603 847 5641 non
882 5589 1134 5658 ineptum
1169 5589 1443 5657 quoddam
1476 5589 1655 5645 facere
1684 5603 1861 5660 neque
1897 5588 1995 5657 ipsi
2027 5604 2127 5657 pu-

514 5716 519 5722 .
558 5676 793 5731 taviinus
825 5692 1003 5748 neque
1034 5678 1193 5748 503
1230 5679 1354 5731 aliis
1392 5680 1495 5733 visi
1528 5696 1719 5733 sumus
1749 5696 1850 5733 nec
1877 5679 1919 5732 si
1940 5688 2125 5746 postea

2232 4845 2355 4905 δους
2384 4846 2784 4915 πολυτρόπους.
2817 4848 2911 4900 νῦν
2947 4850 3045 4917 μὲν
3072 4849 3160 4901 διὰ
3195 4850 3412 4920 μακροῦ
3449 4853 3547 4904 τοῦ
3579 4852 3793 4922 μεταξὺ,

2233 4937 2330 4989 νῦν
2355 4937 2402 4989 δ’
2427 4939 2487 4990 ὲκ
2519 4937 2613 4990 τοῦ
2636 4937 2922 5007 σύνεγγυς.
2955 4940 3148 5004 Ἀνεμέ
3159 4958 3315 5009 σητον
3340 4936 3435 4995 οῦν
3463 4940 3607 4997 εἶναι
3629 4941 3794 5013 χρεὼν

2233 5031 2293 5084 τὸ
2338 5031 2462 5084 καθ’
2500 5034 2652 5102 ἡμᾶς
2689 5034 2769 5095 εὶς
2817 5035 2967 5087 τοῦτ’
2996 5035 3246 5106 ἀνάγκης
3300 5038 3692 5117 συνελαθέντας
3730 5040 3791 5107 τῇ

2230 5122 2351 5175 τῶν
2387 5124 2445 5188 ἐξ
2477 5124 2728 5193 ἀνάγκης
2760 5126 2939 5179 ἄλλοτ’
2973 5128 3147 5192 ἄλλως
3186 5130 3415 5199 ἐχόντων
3456 5131 3793 5200 πραγμάτων

2231 5216 2393 5287 φορᾷ.
2433 5216 2575 5270 ’Υπὸ
2598 5217 2707 5289 γὰρ
2737 5217 2885 5270 δυοῖν
2928 5221 3210 5287 ἐναντίοιν,
3246 5222 3445 5293 ψυχαῖς
3471 5224 3674 5294 δηλαδὴ
3708 5226 3790 5275 καὶ

2230 5309 2469 5377 σώμασι,
2516 5312 2820 5380 χρωμένων
2874 5312 3178 5382 ἀνθρώπων
3231 5315 3369 5369 αὐτὰ
3427 5317 3789 5387 διοικούμενῖ.

2228 5402 2345 5464 πῶς
2375 5403 2476 5471 μὲν
2506 5403 2612 5455 ὑπὸ
2643 5403 2861 5470 φύσεως
2904 5405 2998 5457 καλ⁸
3044 5407 3203 5467 αὐτὰ,
3233 5409 3349 5470 πῶς
3394 5409 3441 5460 δ’
3474 5410 3583 5463 ὕπο
3623 5412 3790 5478 νόμων

2229 5497 2324 5547 καὶ
2372 5496 2513 5548 ἐθῶν
2568 5495 2967 5566 ρυθμιζόμενα,
3007 5498 3055 5571 [Γ
3104 5500 3202 5554 251
3244 5500 3296 5571 bl
3345 5502 3559 5573 ἀνάγκη
3609 5502 3786 5570 διαςρὸ-

2234 5604 2360 5661 ρους
2391 5589 2639 5655 γίνεσθαι
2682 5589 2811 5651 τοὺς
2847 5588 2999 5659 βίους
3042 5591 3315 5661 διαφόρων
3357 5593 3534 5648 ὄντων
3583 5596 3687 5647 τῶν
3729 5611 3784 5645 τε

2230 5678 2583 5731 διοικούντων
2614 5681 2710 5732 καὶ
2743 5679 3151 5747 διοικουμένων,
3186 5682 3296 5733 τῶν
3330 5700 3384 5734 τε
3420 5684 3785 5755 ρυθμιζόντων

562 5768 851 5839 faciemus,
910 5775 1072 5829 inane
1135 5773 1409 5844 quoddam
1470 5774 1733 5830 iaciemus
1787 5789 1889 5828 nec
1954 5772 2130 5826 facere

2240 5773 2325 5825 καὶ
2355 5770 2794 5845 ῥυθμιζομένων,
2843 5770 2916 5834 ὡς
2967 5773 3201 5844 εἴρηται,
3242 5776 3329 5827 καὶ
3372 5775 3785 5841 ἐξαλλάττΑοαι
