4134 6286
419 375 525 438 445

1356 383 1806 444 ΒΥΖΑΝἸΊΝᾸΞ
1849 385 2234 445 11131ὉὶΗῶ
2268 388 2412 448 LlB.
2461 388 2732 447 XXXVI.

3583 383 3686 446 446

423 491 540 552 πῶς
573 489 674 559 μὲν
702 489 789 544 διὰ
815 491 1062 562 μακρῶν,
1092 491 1210 554 πῶς
1238 490 1295 544 δὲ
1318 493 1404 545 διὰ
1431 494 1639 562 συχνῶν
1663 495 1768 546 τῶν
1797 496 2002 562 μεταξῦ

2113 498 2454 564 putabimur.
2491 498 2745 565 Magnum
2782 497 3031 566 profecto
3082 494 3412 564 supplicium
3452 505 3598 549 esset
3630 505 3687 550 et

423 581 698 651 χρονικῶν
726 582 1020 647 περιόδων,
1052 586 1147 634 καὶ
1174 581 1290 642 πῶς
1325 583 1424 650 μέν
1459 583 1837 652 μετριωτέραν
1873 601 2009 654 καρ-

423 674 722 745 πουμένων
773 673 1110 743 φαυλότητα,
1160 673 1279 736 πῶς
1323 674 1370 728 δ’
1401 675 1480 736 είς
1520 676 1696 745 μείζω
1729 676 1829 742 τὴν
1867 677 2006 744 άμε-

421 766 582 836 τρίαν
613 765 1003 836 ἐκφερομένων
1026 766 1060 836 ἧ
1092 766 1214 820 κατ’
1243 768 1448 831 ἐκεῖνα,
1483 771 1576 819 καὶ
1607 769 1722 830 πῶς
1763 770 1862 837 μὲν
1894 770 2003 822 ὑπὸ

422 860 533 911 τῶν
557 856 763 922 αὐτῶν,
802 856 920 921 πῶς
962 857 1008 910 δ’
1031 858 1128 927 οὐχ
1161 858 1268 911 ὑπὸ
1297 860 1405 911 τῶν
1439 859 1638 924 αὐτῶν,
1675 859 1772 913 νῦν
1801 861 1902 930 μὲν
1935 859 2004 913 τὰ

424 951 565 1003 αὑτά
595 949 682 1002 διὰ
707 948 828 1018 βίου
859 949 1329 1020 πλημμελούντων
1358 950 1390 1020 ἥ
1424 951 1864 1020 σωφρονούντων,
1886 952 2004 1014 πῶς

425 1043 473 1096 δ’
501 1043 714 1112 οὐδαμῆ
750 1042 821 1096 τὰ
874 1044 1014 1098 αὐτὰ
1064 1042 1152 1096 ὅτι
1201 1042 1278 1112 μὴ
1330 1041 1562 1112 διάφορα
1599 1043 1698 1095 καὶ
1745 1043 2000 1112 πολυειδῆ

426 1135 523 1187 καὶ
551 1135 1048 1207 πολυτροπὼτατα.
1080 1137 1145 1192 '0
1167 1135 1300 1202 γοῦν
1332 1135 1594 1198 πολλάκις
1619 1137 1777 1204 ἡμεῖς
1809 1135 2000 1204 δεδρα-

428 1227 589 1288 κότες
621 1229 682 1280 ού
712 1227 824 1280 τῶν
856 1227 1078 1282 ἀτόπων
1110 1228 1266 1280 οὐδὲν
1299 1228 1509 1296 οὐδαμῆ
1547 1245 1677 1280 ποτε
1712 1228 1847 1298 δρᾷν
1888 1226 2006 1280 οὔτ’

427 1319 790 1388 ἐνομίσαμεν,
815 1319 928 1373 οὔτ’
953 1319 1346 1388 ἐνομίσθημεν,
1372 1317 1517 1372 τοῦτ’
1540 1319 1671 1372 αὐτὸ
1702 1320 1795 1372 καὶ
1829 1319 1924 1372 νῦν
1947 1337 2006 1371 τε

429 1406 526 1458 καὶ
561 1405 755 1458 ἔπειτα
799 1407 1059 1477 δρῶντες,
1097 1406 1340 1477 φλαῦρον
1384 1404 1539 1462 οὐδέν
1583 1406 1703 1460 οὔτε
1753 1408 2007 1480 δρῴημεν

428 1496 496 1550 ἄν
527 1514 680 1562 ποτε,
711 1484 859 1552 οὔτε
881 1498 1016 1568 δρᾷν
1042 1515 1174 1552 ποτε
1198 1499 1590 1568 νομισθείημεν
1618 1500 1702 1553 ἄν.
1739 1500 1807 1553 Ἢ
1837 1500 2007 1570 πολλὴ

2111 588 2332 640 multam
2365 588 2522 642 nobis
2557 589 2915 658 ignominiam
2951 588 3243 642 maximam
3281 597 3490 655 partem
3523 601 3689 652 acea,-

2108 683 2470 741 mulaturum,
2499 681 2544 735 si
2580 681 2808 736 libidine
2842 682 2990 736 ducti
3026 695 3120 734 eos
3146 678 3459 735 illudeudos
3490 694 3686 749 aggre-

2107 775 2387 839 deremur,
2421 777 2512 845 qui
2549 777 2763 831 sincera
2788 777 2839 830 in
2869 777 3038 830 Deum
3067 776 3420 830 veneratione
3462 790 3689 829 conser-

2104 879 2248 932 vata,
2281 884 2474 938 magno
2499 885 2620 923 cum
2648 885 2834 923 amore
2887 868 3220 923 desiderium
3268 868 3579 939 dogmatqu
3630 875 3687 920 et

2107 961 2347 1014 studium
2388 969 2598 1014 tenent.
2651 961 2818 1016 Certe
2859 961 2998 1015 nihil
3036 961 3291 1016 miserius
3341 959 3408 1014 ad
3452 967 3685 1012 mortem

2112 1066 2304 1120 usque,
2336 1067 2497 1119 quam
2531 1052 2777 1107 tristibus
2804 1068 2904 1106 nos
2932 1068 2993 1106 ac
3025 1051 3355 1121 pervulgatis
3372 1051 3442 1104 ob
3475 1049 3689 1118 religio-

2110 1159 2235 1200 nem
2271 1143 2508 1199 fortunis
2535 1146 2842 1214 implicatos
2878 1146 3131 1214 privatim
3195 1155 3252 1198 et
3299 1145 3517 1214 publice
3559 1157 3685 1196 cum

2107 1233 2370 1289 facilitate
2412 1237 2618 1289 servire
2649 1237 2867 1305 corpori
2903 1252 2957 1290 et
2994 1245 3247 1304 tauquam
3302 1234 3687 1303 intempestiva

2111 1324 2336 1390 habere,
2387 1341 2506 1394 qua:
2557 1327 2705 1380 omni
2758 1337 3003 1395 tempore
3054 1325 3195 1379 facta
3235 1333 3362 1378 sunt
3418 1333 3472 1377 et
3524 1323 3686 1390 digna

2111 1417 2261 1470 omni
2301 1419 2502 1471 studio.
2536 1419 2651 1472 Jam
2689 1406 2823 1471 vero
2855 1418 3190 1472 redeundum
3211 1426 3316 1483 est,
3348 1415 3493 1470 unde
3525 1415 3688 1483 paulo

2112 1513 2270 1558 antea
2297 1507 2474 1560 oratio
2492 1507 2558 1561 de
2585 1507 2668 1560 via
2690 1508 2930 1562 deﬂexit.

431 1594 582 1662 μέντ’
606 1593 671 1647 ἂν
717 1594 804 1664 εἴη
849 1596 1072 1666 νέμεσις
1113 1595 1317 1665 πολλὴν
1392 1595 1734 1665 πανταχόθεν
1772 1597 1909 1664 ἡμῖν
1981 1597 2080 1666 τὴν
2123 1599 2323 1670 χλεύην
2369 1601 2805 1668 ἐπισωρεύουσα,
2839 1602 2916 1671 τῷ
2951 1601 3196 1670 μεγίστῳ
3252 1601 3407 1669 μέρει
3454 1596 3689 1668 ζημιοῦν

428 1687 780 1756 αἱρουμένοις
833 1688 922 1741 διὰ
969 1687 1254 1758 ῥᾳστώνην
1302 1689 1430 1752 τοὺς
1460 1690 1578 1740 ὅσοι
1608 1687 1668 1741 τὸ
1700 1673 1841 1756 πρὸς
1870 1687 2004 1742 Θεὸν
2044 1690 2323 1762 ἀκήρατον
2355 1693 2436 1746 ἔτι
2469 1695 2632 1756 σέϐας
2653 1693 2946 1763 τηροῦντες
3010 1693 3193 1763 έχουσι
3257 1692 3379 1743 λίαν
3407 1690 3687 1760 ἐρωτικῶς

425 1783 524 1850 τῆς
553 1783 610 1844 ἐς
636 1781 706 1834 τὰ
735 1781 985 1850 δόγματα
1025 1781 1216 1852 χρείας
1245 1799 1304 1836 τε
1341 1782 1438 1835 καὶ
1501 1782 1807 1851 ζητήσεως.
1833 1778 1911 1836 Ἦ
1973 1800 2076 1836 που
2118 1775 2506 1858 σχετλιώτερον
2544 1789 2705 1858 μέχρι
2745 1788 2978 1841 θανάτου
3026 1791 3136 1849 τοῖς
3179 1785 3433 1838 ἐντεῦθεν
3456 1783 3687 1853 ἐνηθλη-

429 1874 594 1934 κότας
641 1873 834 1936 δεινοῖς
888 1874 1037 1943 ἡμᾶς
1093 1872 1237 1941 ὑπὲρ
1275 1871 1560 1934 εὐσεϐείας
1612 1872 2000 1944 περιϐλέπτοις
2037 1875 2302 1945 πράξεσιν
2336 1879 2442 1948 ίδίᾳ
2504 1897 2564 1932 τε
2623 1879 2717 1932 καὶ
2739 1878 2996 1950 δημοσίᾳ,
3032 1878 3222 1930 ἔπειτα
3259 1875 3544 1947 ῥᾳστώνης
3565 1874 3688 1927 δοῦ-

428 1983 518 2019 ναι
549 1966 772 2036 γαστρὶ,
803 1965 1132 2028 σιωπῶντας
1163 1964 1292 2018 λκαὶ
1347 1965 1536 2033 ὥσπερ
1593 1965 1806 2036 ἀωρίαν
1847 1969 2286 2035 κατεγνωκότας,
2327 1972 2427 2024 ὅσα
2482 1973 2662 2040 πάσης
2713 1971 2861 2041 ὧρας
2906 1975 3120 2038 πέφυκε
3168 1971 3262 2022 καὶ
3310 1971 3494 2038 πάσης
3557 1967 3683 2032 ἄξια

429 2060 698 2126 σπουδῆς.
722 2060 799 2111 Δι’
835 2057 872 2112 ἃ
903 2059 966 2128 δὴ
999 2058 1092 2111 καὶ
1119 2058 1409 2110 ἐπανιτέον
1429 2057 1552 2110 ὅθεν
1581 2060 1716 2128 ἡμῖν
1744 2059 1852 2127 πρὸ
1886 2058 2116 2128 βραχέος
2140 2063 2166 2114 6
2190 2063 2346 2129 λόγος
2381 2064 2476 2115 καὶ
2501 2064 2608 2132 ὅπη
2641 2064 2732 2114 τὸν
2767 2065 2968 2133 δρόμον
3003 2062 3405 2114 ἀνεπεπαύκει.

502 2148 583 2206 B'.
608 2149 716 2204 Τοῦ
745 2151 853 2220 γὰρ
879 2153 1151 2221 χειμῶνος
1181 2151 1391 2204 ἐκείνου
1414 2151 1555 2204 πάνυ
1586 2149 1821 2220 σκληροῦ
1846 2167 2003 2218 γενο-
2037 2157 2078 2211 Β

428 2246 594 2311 μένου
624 2245 713 2298 διὰ
761 2243 824 2297 τὸ
874 2243 1015 2296 πάνυ
1062 2262 1118 2296 τι
1154 2244 1416 2311 πλείστην
1451 2244 1547 2296 καὶ
1597 2243 1690 2294 ἐπὶ
1753 2242 2002 2294 πλεῖστον

425 2338 874 2408 καταρῤαγεῖσαν
923 2336 1076 2406 χιόνα
1128 2337 1310 2388 πᾶσαν
1347 2335 1534 2406 σχεδὸν
1580 2336 1778 2404 ἑαυτῆς
1825 2336 2004 2388 οἰκίαν

423 2430 720 2495 ἐμπλῆσαι,
750 2429 840 2481 ἐπὶ
870 2429 1034 2482 πλέον
1074 2430 1099 2481 6
1133 2427 1389 2498 βασιλεὺς
1419 2431 1484 2496 τῇ
1519 2428 1728 2490 Τενέδῳ
1761 2429 2004 2482 ἐνδιατέ-

423 2536 612 2588 τριφε,
645 2520 714 2572 τά
738 2536 797 2572 τε
823 2519 958 2575 ἄλλα
996 2520 1233 2584 διοικῶν,
1265 2520 1357 2572 καὶ
1393 2519 1610 2571 πάντων
1641 2519 1876 2587 μάλιστα
1908 2518 2005 2587 τὴν

424 2613 509 2674 είς
530 2609 590 2663 τὸ
616 2612 808 2664 ἔπειτα
835 2609 931 2664 τοῦ
964 2610 1234 2680 βασιλέως
1259 2609 1690 2675 γυναικαδέλφου
1722 2608 2003 2660 Ματθαίου

425 2703 676 2772 φυλακὴν
725 2705 785 2756 ἐν
835 2703 1083 2772 φροντίδι
1121 2702 1358 2772 μεγίστῃ
1402 2697 1747 2770 ποιούμενος.
1786 2699 2006 2764 Ἔδοξεν

424 2794 522 2862 οὖν
579 2794 951 2863 ἀπενεχθέντα
994 2796 1076 2858 είς
1128 2793 1442 2863 Μιτυλήνην
1469 2796 1589 2846 ἐκεῖ
1630 2794 1782 2862 παρὰ
1818 2793 2003 2845 Κατα-

422 2887 604 2957 λούζῳ
637 2885 1010 2956 φυλάττεσθαι
1037 2885 1118 2956 τῷ
1146 2887 1386 2957 Λατίνῳ,
1418 2886 1476 2950 ὃς
1512 2888 1602 2939 ἐπ’
1627 2887 1830 2955 ἀδελφῇ
1858 2904 2003 2956 γαμ-

423 2977 557 3048 ϐρὸς
591 2978 854 3048 ὑπάρχων
881 2978 958 3047 τῷ
990 2977 1204 3046 βασιλεί
1230 2981 1412 3049 πάσης
1434 2980 1770 3048 ἐπετρόπευε
1793 2980 2000 3033 Λέσϐου

429 3071 532 3138 τῆς
572 3074 762 3138 νήσου.
793 3065 870 3125 Οὖ
894 3070 1190 3141 γενομένου
1215 3072 1382 3142 ἀπῄει
1413 3071 1513 3141 μὲν
1544 3073 1636 3124 καὶ
1672 3073 1727 3133 ἐς
1750 3072 2005 3124 Φώκαιαν

425 3152 586 3230 αὖθις
615 3157 705 3211 διὰ
733 3157 826 3211 τὴν
852 3158 944 3210 τοῦ
995 3158 1267 3228 Ὑρκανοῦ
1295 3161 1459 3212 παῖδα
1488 3161 1516 3212 6
1547 3159 1826 3228 βασιλεὺς,
1866 3164 2004 3212 ἐπα-

430 3249 566 3317 νῆκε
597 3246 645 3301 δ’
674 3249 828 3302 οὐδὲν
860 3245 936 3302 ὧν
969 3249 1224 3301 ἐϐούλετο
1256 3238 1581 3320 πεπραχώςξ
1610 3253 1716 3304 Καὶ
1740 3255 1768 3305 δ
1797 3253 2005 3322 χειμὼν

421 3341 484 3391 ἐν
513 3338 724 3410 τούτοις
758 3338 824 3411 [ἶ.
855 3339 963 3394 ‘25‘2
1003 3338 1061 3410 a]
1105 3341 1383 3408 ἐτελεύτα.
1436 3341 1930 3409 Ἐπανεληλυθότος
1961 3341 2005 3394 δ’

421 3433 482 3494 ἐς
512 3430 811 3494 Βυζάντιον
843 3426 1000 3492 αὖθις
1023 3429 1119 3482 τοῦ
1157 3429 1424 3498 βασιλέως
1457 3430 1687 3491 ἐκεῖθεν,
1729 3425 1864 3500 ἦρος
1895 3429 1998 3500 ἤδη

421 3519 750 3588 ἀρχομένου,
783 3515 979 3586 κατῄει
1010 3517 1104 3568 καὶ
1137 3516 1164 3568 ὁ
1195 3515 1470 3586 βάρϐαρος
1501 3516 1768 3584 Ὑρκανὸς
1801 3521 1863 3569 ἐκ
1888 3519 1994 3569 τῶν

422 3594 773 3681 ὐῷηλοτέρων
800 3611 899 3682 τῆς
929 3609 1183 3673 Βιθυνίας
1210 3610 1394 3681 μερῶν
1423 3611 1550 3681 ᾄχρι
1579 3611 1687 3663 τῶν
1715 3611 2000 3680 παραλίων

418 3693 518 3771 τῆς
545 3702 922 3772 Χαλκηδονίας
950 3702 1209 3772 ἠπείρου,
1243 3703 1338 3756 καὶ
1368 3701 1648 3771 ὡμίλησεν
1679 3703 1892 3756 ἐκεῖθεν
1921 3703 1999 3775 τῷ

421 3793 655 3865 βασιλεῖ,
697 3796 790 3846 καὶ
825 3792 1276 3862 ἐκοινολογήσατο
1321 3793 1452 3864 περὶ
1492 3793 1584 3846 τοῦ
1627 3794 1786 3856 υὲέως
1815 3791 1996 3861 αὖθις,

419 3885 523 3954 οἰκ
559 3885 1008 3955 αὑτοπροσώπως
1051 3884 1186 3937 ἀλλὰ
1216 3885 1289 3938 δι’
1323 3886 1564 3938 ἀκατίων
1595 3887 1688 3939 καὶ
1713 3885 1998 3955 πρέσϐεων

418 3979 532 4032 ἀπὸ
569 3977 803 4046 βραχέος
843 3979 984 4029 πάνυ
1024 3978 1120 4028 τοῦ
1167 3977 1558 4046 διαστήματος.
1589 3977 1870 4046 ἐγγυτὲρω
1903 3994 1998 4045 γε-

419 4071 650 4138 νομένου
678 4069 771 4121 τοῦ
806 4068 1072 4138 βασιλέως
1103 4069 1190 4120 διὰ
1228 4068 1512 4138 ῥᾳστώνην
1540 4069 1638 4139 τῆς
1670 4069 1879 4138 χρείας,
1904 4069 1999 4120 καὶ

420 4160 564 4238 μετὰ
594 4161 703 4213 τῶν
736 4162 954 4214 οἰκείων
1010 4163 1196 4212 ἐπάνω
1249 4161 1342 4214 τοῦ
1390 4161 1606 4229 πύργου
1663 4163 1762 4230 τὴν
1794 4161 1998 4230 σκηνὴν

419 4249 759 4319 πηξαμένου,
786 4248 845 4311 δς
867 4248 926 4300 ἐν
959 4250 1109 4317 μέσῳ
1134 4248 1232 4317 τῆς
1257 4248 1465 4317 μεταξὺ
1498 4247 1772 4317 θαλάττης
1804 4249 1867 4300 ἐκ
1891 4265 1996 4301 πα-

413 4340 573 4396 λαιοῦ
619 4341 890 4410 πεπηγὼς
929 4340 1141 4409 Ἀρκλα
1191 4341 1436 4392 καλεῖται
1493 4341 1631 4412 πρὶς
1659 4340 1994 4405 Βυζαντίων.

417 4436 564 4488 Ὅσα
601 4434 701 4503 μὲν
725 4432 817 4486 οὖν
841 4433 934 4486 καὶ
959 4427 1048 4485 οἷα
1079 4428 1147 4502 ἦν
1176 4432 1320 4502 ἅπερ
1346 4433 1532 4501 σφίσιν
1562 4432 1779 4503 εἴρηταί
1811 4452 1868 4485 τε
1902 4438 1999 4490 καὶ

415 4526 760 4597 ἐπήγγελται
819 4523 1123 4593 τηνικαῦτα
1165 4525 1252 4577 διὰ
1280 4525 1390 4576 τῶν
1446 4526 1651 4593 μεταξῦ
1682 4525 1995 4595 πρέσϐεων,

412 4623 631 4690 ἡμέρας
645 4618 985 4688 ἀνηλωκόσιν
1001 4617 1238 4672 ἐνταῦθα
1251 4620 1424 4689 τρεῖς,
1447 4620 1540 4672 καὶ
1579 4619 1700 4681 οἵας
1747 4621 1884 4690 πρὸς
1906 4620 2000 4672 άλ-

411 4713 613 4782 λήλους
632 4713 730 4784 τάς
747 4730 804 4764 τε
825 4712 1106 4775 δεξιώσεις
1122 4711 1628 4782 καὶ-φιλοφροσύνας
1649 4714 1996 4782 πεποίηνται,

412 4791 518 4860 οὐκ
542 4807 838 4872 ἀναγκαῖον
876 4803 1132 4868 διεξιέναι
1159 4803 1285 4855 καθ’
1311 4804 1522 4857 ἕκαστα
1542 4821 1555 4836 '
1592 4805 1652 4858 τὸ
1701 4806 1748 4858 δ’
1772 4801 1864 4859 οὖν
1898 4809 2015 4876 τῆς·

412 4893 637 4961 ἐνταῦθ’
671 4893 885 4964 ὁμιλίας
921 4892 1300 4962 συμπέρασμα
1327 4888 1416 4963 ἦν,
1445 4894 1527 4944 δτι
1557 4892 1858 4946 δεδώκασιν
1898 4895 1996 4946 ἀλ-

410 4986 602 5053 λήλοις
641 4985 844 5052 ἐγγύας
901 4985 995 5038 ἐπὶ
1033 4984 1269 5054 ουγατρὶ
1318 4981 1575 5052 γενέσθαι
1613 4986 1865 5058 γαμϐρὸν
1918 4985 1996 5056 τῷ

414 5078 632 5147 βασιλεί
660 5079 753 5131 τὸν
779 5078 1355 5147 ἐλευθερωθησόμενον
1387 5078 1482 5131 τοῦ
1503 5079 1772 5147 Ὑρκανοῦ
1806 5080 1995 5147 παῖδα,

414 5172 512 5234 καὶ
549 5171 663 5240 ἅμα
707 5166 848 5224 εῖναι
892 5171 1168 5242 διηνεκεῖς
1211 5174 1306 5225 καὶ
1356 5173 1589 5231 ἀλύτους
1636 5172 1866 5236 σπονδάς
1904 5191 1998 5240 με-

410 5261 551 5325 ταξὺ
591 5263 880 5331 Ῥωμαίων
930 5280 990 5314 τε
1049 5264 1142 5314 καὶ
1193 5262 1516 5332 Βαρϐάρων.
1577 5266 1726 5315 Nini
1786 5263 1998 5326 τούτοις

411 5355 678 5431 χρήματα
709 5354 946 5432 εἰληφὼς
977 5358 1006 5408 ό
1030 5355 1283 5425 βασιλεὺς
1318 5356 1417 5407 οὑκ
1451 5355 1609 5422 ὀλίγα
1645 5355 1784 5426 πρός
1811 5373 1868 5407 τε
1901 5354 1994 5422 τοῦ

427 5449 705 5523 Ὑρκανοῦ
736 5450 832 5503 καὶ
864 5449 980 5522 ἅμα
1017 5451 1153 5519 πρὸς
1185 5448 1520 5512 Βυζαντίων,
1555 5450 1745 5522 ἔρανον
1777 5467 1995 5520 πεπρα-

411 5543 592 5622 χότων
649 5545 829 5614 κοινῇ,
864 5544 1129 5613 πλήρεσιν
1181 5544 1373 5608 ἱστίοις
1429 5546 1568 5614 ἄρας
1622 5544 1996 5596 κλτέπλευσεν

411 5631 574 5697 αὖθις
608 5637 662 5699 ἐς
697 5635 973 5691 Φώκαιαν.
1022 5637 1129 5688 Καὶ
1161 5638 1414 5706 χρήματα
1445 5637 1565 5699 δοὺς
1597 5638 1674 5705 τῷ
1703 5637 1996 5705 Καλοθέτῳ

414 5731 580 5799 μέχρι
607 5731 714 5781 τῶν
747 5729 944 5782 ἑκατὸν
974 5729 1224 5797 χιλιάδων
1253 5728 1507 5797 ἔγγιστα,
1543 5733 1636 5783 καὶ
1677 5729 1792 5798 ἅμα
1832 5733 1996 5795 ἀξίω-

418 5822 608 5890 μάτων
629 5820 821 5874 τοῦτον
847 5823 1127 5891 κοσμήσας
1155 5822 1218 5875 λα
1231 5824 1557 5893 μπρῦτησιν,
1584 5823 1682 5891 ὀζκέ
1713 5823 1804 5875 καὶ
1840 5823 1992 5891 μόλις

2032 4867 2072 4921 1)

2179 2153 2243 2208 ll.
2291 2155 2480 2209 Hieme
2525 2149 2616 2208 illa
2667 2171 2860 2223 aspera
2895 2171 3020 2209 cum
3052 2155 3234 2208 multae.
3272 2163 3327 2209 et
3367 2155 3689 2223 plerumque

2106 2243 2380 2298 continua.-
2413 2242 2567 2298 nives
2594 2245 2878 2298 hominum
2914 2244 3194 2298 doruicilia
3220 2246 3538 2308 obruerent,
3575 2258 3690 2295 ma-

2101 2329 2274 2405 iorem
2301 2337 2561 2404 temporis
2593 2348 2798 2406 partem
2828 2339 2958 2406 imp.
2988 2337 3192 2390 Tenedi
3223 2336 3470 2405 degebat,
3503 2346 3558 2390 et
3582 2337 3684 2388 alia

2105 2441 2408 2495 procurans
2434 2435 2488 2480 et
2509 2429 2750 2481 oumium
2779 2431 3010 2482 maxime
3038 2427 3219 2480 futuro
3238 2440 3485 2496 tempore
3510 2426 3687 2480 soceri

2107 2518 2240 2586 imp.
2280 2517 2512 2572 Matthzei
2547 2520 2849 2572 custodiam
2886 2519 2942 2573 in
2971 2520 3204 2572 maxima
3233 2535 3360 2572 cura
3393 2519 3685 2571 collocans.

2104 2606 2292 2661 Visum
2340 2610 2615 2679 estigitur
2657 2610 2966 2681 Mitylenam
3033 2611 3329 2664 abductum
3367 2626 3394 2662 a
3429 2609 3690 2664 Cataluzo

2105 2694 2300 2750 Latino
2333 2699 2620 2763 custodiri,
2653 2700 2746 2766 qui
2795 2715 2892 2768 per
2934 2714 3179 2753 sororem
3213 2715 3368 2754 socer
3418 2700 3552 2767 imp.
3588 2698 3688 2752 toti

2106 2787 2267 2859 504
2317 2798 2550 2857 przeerat
2617 2790 2812 2844 iusulze
2881 2791 3080 2846 Lesbo.
3160 2791 3291 2856 Qua:
3350 2806 3473 2844 cum
3542 2790 3687 2842 facta

2105 2890 2308 2943 essent,
2339 2882 2390 2934 in
2423 2881 2702 2935 Phoea'am
2736 2882 2806 2934 ob
2835 2882 3072 2952 Hyrcani
3125 2883 3294 2934 lilium
3332 2881 3460 2946 imp.
3501 2881 3687 2944 rediit,

2106 2985 2208 3024 nec
2258 2969 2556 3038 quidquam
2615 2985 2808 3023 eorum
2869 2985 2989 3038 qure
3053 2969 3271 3022 volebat
3321 2965 3536 3034 assequi
3594 2982 3691 3034 po-

2107 3063 2231 3116 tuit.
2270 3061 2334 3114 Et
2369 3061 2548 3115 hiems
2587 3061 2672 3114 his
2730 3063 2898 3116 rebus
2953 3060 3125 3114 ﬁnita.
3181 3060 3310 3114 lude
3366 3058 3687 3128 Byzantium

2106 3171 2228 3212 cum
2257 3155 2388 3224 imp.
2414 3155 2669 3216 redisset,
2709 3153 2886 3222 primo
2913 3153 3023 3223 jam
3066 3167 3215 3216 vere,
3247 3150 3533 3221 Hyrcanus
3562 3149 3690 3202 har-

2105 3248 2273 3302 barus
2300 3263 2366 3300 ex
2394 3246 2518 3300 altis
2555 3243 2820 3315 Bithyniae
2845 3243 3169 3314 regionibus
3201 3259 3373 3311 usque
3419 3242 3484 3294 ad
3518 3242 3684 3293 Chal-

2105 3339 2421 3392 cedouicam
2447 3352 2594 3389 oram
2629 3335 2907 3405 profectus
2936 3343 3041 3397 est,
3074 3343 3129 3388 et
3159 3334 3362 3387 ibidem
3399 3348 3520 3386 cum
3550 3333 3683 3399 imp.

2109 3431 2413 3484 Collocutus
2457 3429 2749 3483 consilium
2804 3429 2873 3483 de
2908 3428 3018 3482 lilio
3076 3427 3524 3491 couuuuuieavit,
3579 3441 3688 3478 non

2109 3521 2222 3591 ipse
2252 3522 2494 3590 quidem.
2524 3520 2618 3574 sed
2651 3536 2745 3588 per
2759 3521 2991 3590 scaphas
3021 3530 3075 3573 et
3105 3520 3332 3589 legatos,
3368 3535 3490 3572 cum
3520 3519 3689 3572 breve

2110 3622 2317 3667 tantum
2347 3613 2585 3682 spatium
2611 3613 2742 3680 imp.
2775 3613 2990 3666 abesset
3018 3622 3241 3680 propter
3270 3613 3345 3665 rei
3372 3612 3674 3664 levitatem.

2108 3702 2170 3756 Et
2205 3717 2328 3756 cum
2364 3703 2480 3755 suis
2527 3718 2692 3770 supra
2739 3717 2921 3756 arcem
2975 3702 3314 3754 domicilium
3377 3700 3689 3766 collocavit,

2106 3809 2229 3862 qum
2257 3793 2392 3846 mari
2441 3794 2780 3846 circumdata
2831 3803 2886 3847 et
2944 3793 3171 3861 antiquo
3231 3804 3476 3861 tempore
3535 3794 3688 3845 urina

2105 3882 2266 3936 Arcla
2324 3898 2352 3936 a
2401 3881 2680 3952 Byzantiis
2725 3882 3137 3934 nominabatur.
3197 3881 3327 3945 Qua:
3395 3865 3689 3947 qualiaque

2105 3975 2331 4034 fuerint.
2367 3989 2488 4042 quae
2519 3973 2588 4026 ab
2615 3973 2722 4028 illis
2745 3971 2891 4026 dieta
2921 3984 3050 4025 sunt
3075 3971 3434 4040 nuntiataque
3482 3986 3578 4040 per
3609 3971 3692 4024 le-

2107 4076 2261 4135 gatos
2288 4066 2467 4120 tribus
2498 4065 2713 4128 diebus,
2745 4065 2932 4133 quales
2959 4065 3194 4117 honores
3216 4076 3267 4117 et
3292 4064 3690 4116 benevolentize

2107 4155 2433 4209 documenta
2489 4154 2596 4208 sibi
2659 4156 2892 4209 invicem
2955 4154 3331 4213 contulerint,
3391 4171 3496 4205 non
3553 4169 3692 4221 opus

2105 4258 2188 4301 est
2223 4247 2470 4315 pluribus
2504 4247 2733 4301 referre.
2782 4247 2934 4301 Finis
2990 4259 3173 4300 autem
3229 4245 3492 4330 collpquii
3543 4255 3684 4305 erat,

2107 4349 2393 4410 postquam
2428 4341 2657 4410 pignora
2681 4341 2784 4394 sibi
2838 4341 3071 4394 invicem
3131 4340 3406 4393 dederunt
3465 4350 3690 4408 propter

2106 4433 2270 4486 ﬁliam
2313 4440 2372 4484 ut
2407 4447 2565 4486 socer
2621 4433 2755 4500 imp.
2801 4431 3018 4485 futurus
3055 4441 3201 4485 esset
3252 4431 3480 4502 llyreaui
3543 4431 3690 4484 lilius

2107 4525 2160 4578 in
2215 4525 2524 4578 libertatem
2571 4526 2880 4587 restitutus,
2933 4535 2986 4578 et
3019 4537 3283 4593 perpetua
3332 4535 3495 4593 atque
3549 4525 3681 4577 inal-

2109 4626 2282 4670 terata
2319 4617 2523 4671 hedera
2565 4619 2709 4672 inter
2744 4620 3020 4672 Romanos
3051 4627 3106 4671 et
3144 4617 3415 4671 Barbaros
3480 4627 3696 4690 essenta

2106 4709 2378 4764 Praeterea
2406 4712 2648 4765 nummis
2680 4712 2919 4779 acceptis
2951 4726 3057 4763 non
3093 4711 3282 4779 pain-is
3316 4713 3382 4763 ab
3429 4711 3683 4780 llyreaut:

2105 4811 2162 4855 et
2191 4802 2484 4872 Byzantiis,
2530 4803 2621 4872 qui
2653 4817 2863 4858 caenam
2897 4803 3113 4872 publice
3150 4803 3512 4863 celebrarant,
3550 4803 3684 4870 imp.

2103 4893 2276 4962 plenis
2298 4895 2431 4948 velis
2451 4897 2505 4949 in
2533 4896 2724 4950 urbem
2755 4895 3033 4948 Phocaeam
3064 4895 3395 4962 renavigavit
3419 4904 3472 4948 et
3491 4895 3686 4963 opibu;

2099 4985 2394 5054 Calotheto
2431 4988 2543 5042 fere
2587 4989 2733 5041 mille
2765 4999 2984 5043 centum
3015 4989 3158 5042 dalis
3197 4987 3354 5057 505
3375 4999 3428 5040 et
3451 4987 3685 5057 dignita-

2102 5089 2215 5132 tum
2251 5079 2553 5134 honoribus
2591 5081 2643 5134 in
2668 5098 2734 5135 eo
2765 5081 3066 5147 collocatis,
3119 5097 3244 5135 sero
3269 5083 3358 5133 vix
3395 5081 3710 5151 qna'situny

2107 5171 2530 5242 Hyrcaniﬁlium
2565 5175 2793 5243 recepit.
2831 5175 3011 5228 Lmtns
3045 5175 3367 5243 Byzantium
3403 5174 3681 5243 profectus

2103 5275 2207 5319 est.
2252 5265 2314 5319 Et
2343 5275 2455 5320 tum
2485 5268 2746 5335 temporis
2776 5283 2954 5320 anuus
2984 5268 3050 5329 in.
3075 5283 3287 5320 summa
3319 5277 3509 5320 aastate
3542 5274 3684 5322 erat.

2103 5373 2208 5426 qua
2251 5357 2393 5411 circa
2451 5358 2652 5411 horrea
2692 5369 2744 5412 et
2808 5357 3082 5412 fructuum
3145 5375 3332 5413 curam
3385 5360 3654 5412 necessita

2104 5450 2249 5516 cogit
2281 5449 2568 5504 laboribus
2627 5465 2851 5518 Operam
2911 5450 3066 5513 dare,
3132 5453 3334 5520 quibus
3402 5451 3669 5517 negotiuu

2101 5541 2441 5610 agricultura
2484 5551 2589 5596 est.
2639 5543 3015 5595 Itonianorum
3065 5544 3230 5613 igitur
3265 5543 3429 5595 rebus
3481 5543 3682 5609 ubique

2096 5633 2401 5686 lmtioribus
2453 5633 2611 5686 factis
2659 5651 2782 5687 cum
2821 5634 2956 5702 imp.
3011 5651 3183 5703 usque
3237 5633 3302 5686 ad
3360 5632 3678 5702 Byzantion;

2100 5728 2330 5780 navibus
2366 5735 2632 5795 pergeret,
2671 5743 2775 5780 una
2817 5728 3058 5780 triremis
3115 5729 3258 5795 regia
3312 5725 3570 5795 princeps
3627 5743 3656 5780 e

2099 5825 2229 5892 imp.
2274 5836 2325 5878 et
2359 5822 2591 5892 Hyrcani
2651 5822 2820 5877 lilium
2867 5823 3094 5877 dimisit.
3153 5821 3372 5876 Caetera:
3428 5820 3675 5879 trireme=
