4134 6286
503 332 607 394 447

1689 353 2110 414 ΝιιΕΡΙ-ιοιιι
2157 357 2546 420 ῦιλὶΕὒΟΙὶίΕ

3615 369 3708 432 iis

504 445 1026 517 praeternavigantes
1059 468 1181 508 cum
1216 458 1520 512 carminum
1567 461 1863 518 admodum
1917 465 2078 519 laetis-

2183 471 2394 538 εἰλήφει
2445 473 2535 524 τὸν
2587 471 2920 540 ζητούμενον
2973 471 3138 524 παῖδα
3183 469 3275 524 τοῦ
3315 473 3592 540 Ὑρκανοῦ.
3633 481 3716 530 ui

503 535 769 590 simorum
804 551 991 607 cantu,
1035 547 1238 616 quippe
1295 565 1416 618 qum
1469 567 1660 620 pacem
1705 554 1774 608 ah
1845 557 2075 610 barbaro

503 627 644 680 duce
683 631 1020 694 nuntiatam.
1071 653 1179 690 non
1212 643 1444 708 amplius
1469 643 1521 697 in
1559 661 1654 712 ειςε
1714 647 2076 704 dormientem

503 717 770 786 viderent,
807 723 902 778 sed
940 715 992 780 in
1032 727 1208 784 lucem
1272 735 1536 801 prolatam
1583 738 1856 807 publicam
1921 751 2074 796 trau-

503 814 830 881 quillitatem
864 821 1168 878 incredibili
1203 827 1296 878 Dei
1331 831 1692 895 providentia.
1737 834 1882 899 Quas
1913 836 2080 904 igitur

507 903 709 966 gratias
745 913 802 960 et
849 907 1085 966 honores
1121 914 1172 966 in
1200 917 1378 983 epulis
1425 927 1480 972 et
1511 933 1773 990 quantam
1820 903 2078 995 magnifi-

503 995 740 1048 centiam
802 997 854 1050 in
888 1002 1133 1058 vestibus
1185 1007 1448 1064 continuo
1489 1015 1784 1070 mutandis
1839 1015 2109 1086 Hyrcani'

507 1081 620 1136 lilio
658 1088 936 1156 tribuerit,
981 1109 1245 1164 generum
1274 1115 1398 1154 eum
1429 1106 1710 1172 appellans
1737 1119 1790 1164 et
1818 1081 1988 1166 lilium
2021 1123 2078 1168 et

505 1191 626 1240 quae
651 1191 914 1247 praeterea
948 1188 1216 1256 ejusmodi
1243 1203 1390 1248 amat
1427 1197 1698 1256 humanus
1726 1212 1782 1256 et
1815 1203 2078 1262 domesti-

506 1279 602 1319 cus
631 1285 747 1324 mos
771 1281 828 1326 et
857 1274 1040 1333 dicere
1071 1289 1126 1334 et
1151 1281 1350 1352 facere,
1385 1287 1500 1342 haec
1529 1305 1855 1348 enumerare
1875 1310 2074 1365 super-

507 1353 674 1410 ﬂuum
708 1361 842 1416 mihi
873 1367 1110 1424 videtur.
1143 1372 1282 1428 Nota
1311 1378 1456 1430 enim
1486 1391 1651 1436 erunt
1682 1385 1940 1440 omnibus
1971 1389 2076 1443 etsi

505 1449 772 1542 s‘lcntioa
793 1457 951 1513 nobis
973 1461 1190 1518 omissa.
1209 1465 1342 1521 Nam
1361 1475 1730 1528 communium
1752 1477 2076 1546 opinionum

503 1553 558 1596 et
577 1533 788 1600 morum
807 1548 1008 1620 largam
1031 1557 1310 1613 scientiam
1331 1565 1708 1635 unusquisque
1725 1584 1756 1624 e
1774 1570 1940 1625 variis
1955 1572 2078 1628 vitze

505 1635 722 1690 casibus
753 1639 914 1712 506
939 1645 1193 1716 colligere
1220 1659 1275 1705 et
1305 1653 1647 1725 singulorum
1672 1659 2074 1728 experientiam

507 1821 696 1881 topere
733 1832 914 1876 autem
941 1839 1158 1892 peracta
1194 1833 1542 1904 navigatione
1572 1838 1626 1892 in
1651 1853 1950 1910 conspectu
1977 1843 2080 1916 By;

508 1909 816 1964 zantiorum
841 1931 968 1969 eum
1000 1918 1376 1990 honoraverit,
1422 1939 1477 1982 et
1509 1939 1644 2000 quot
1699 1909 1980 1992 adfuerint
2012 1953 2078 1992 ex

511 2001 816 2068 peregrinis
866 2011 1023 2063 terris
1081 2021 1137 2066 et
1170 2015 1420 2083 urbibus,
1471 2037 1798 2080 enumerare
1845 2043 1956 2082 non
2011 2029 2080 2083 ad

509 2103 622 2140 rem
655 2107 902 2159 spectare
933 2105 1143 2168 putavi.
1200 2105 1396 2165 Videre
1429 2123 1681 2192 poterant
1707 2120 1854 2172 enim
1887 2137 2080 2177 omnes

509 2185 640 2254 imp.
695 2193 930 2259 equitem
983 2199 1238 2266 equidem
1285 2204 1580 2262 barbarum
1631 2187 2077 2271 iutroducentem

509 2277 561 2330 in
594 2283 740 2348 regia
771 2285 1068 2343 domicilia.
1118 2291 1211 2348 llle
1263 2308 1384 2364 post
1426 2299 1558 2368 imp.
1592 2317 1716 2356 cum
1765 2305 1896 2360 solis
1945 2306 2096 2376 imp.-

512 2369 705 2427 libo-ris
748 2369 1076 2445 etpatribus
1133 2385 1457 2444 vehebatur.
1509 2391 1778 2447 Caeterum
1849 2397 2080 2450 nimium

512 2461 775 2520 honorem
827 2472 1285 2534 animadvertisse
1345 2481 1642 2538 barbarum
1696 2495 1750 2539 et
1805 2491 2082 2556 quomodo

511 2556 721 2608 veritus
752 2571 922 2625 esset,
955 2564 1196 2621 inaudita
1228 2585 1292 2623 ex
1325 2573 1488 2642 regiis
1519 2575 1692 2644 portis
1743 2578 2082 2637 iutroductio

509 2645 770 2701 ostendit.
810 2649 1062 2709 l’orrecla
1103 2675 1265 2712 manu
1313 2667 1872 2732 comprehendentcm
1937 2671 2076 2742 imp.

513 2751 730 2790 manum
759 2751 814 2793 et
843 2745 1088 2807 praebens
1149 2750 1394 2824 habenas
1444 2758 1563 2826 ejus
1624 2775 1732 2828 quo
1777 2761 2082 2818 vehebatur

491 2817 634 2894 'equi
687 2831 794 2884 alta
843 2851 977 2890 voce
1010 2849 1067 2892 ut
1116 2817 1220 2895 sibi
1252 2844 1589 2902 descendere
1647 2851 1810 2908 liceat
1843 2856 2082 2922 postulet

507 2931 560 2969 ei.
596 2919 796 2976 invitus
837 2933 892 2977 et
937 2930 1092 2996 quasi
1124 2933 1469 3004 obstrepens,
1509 2939 1562 2991 in
1629 2943 1864 2996 mediam
1905 2961 2080 3016 usque

507 3011 688 3066 aulam
717 3017 918 3082 regiam
941 3021 1110 3075 venit.
1137 3023 1236 3078 Ubi
1265 3043 1372 3080 non
1397 3031 1614 3102 quidem
1647 3034 1712 3086 ad
1745 3037 2078 3092 voluntatem

2177 561 2408 630 ἐπανῄει
2429 561 2643 629 ⁹χαίρων
2675 563 2731 622 ἐς
2767 562 2826 612 τὸ
2861 561 3176 624 Βυζάντιον.
3211 549 3322 614 κάλ
3351 558 3414 628 ἦν
3442 565 3716 632 τηνικαῦτα

2177 651 2236 706 τὸ
2258 651 2374 713 ἔτος
2405 653 2467 706 ἐν
2491 655 2608 712 ταῖς
2637 654 2842 720 ἀκμαῖς
2864 652 2958 704 τοῦ
2990 651 3204 721 θέρους,
3231 655 3320 706 ὅτε
3355 653 3417 724 δὴ
3449 657 3568 724 περὶ
3592 657 3720 710 ἅλω-

2178 759 2274 804 νας
2305 743 2397 794 καὶ
2429 744 2575 794 σίτου
2627 743 2854 814 κομιδὴν
2888 744 3103 813 ἀνάγκη
3139 745 3469 814 συνήλαυνεν
3495 747 3720 815 ἀσχολεῖ-

2179 839 2307 892 σθαι
2339 837 2553 902 πάντας
2600 834 2680 900 οἷς
2709 840 2874 908 ἔργον
2916 841 2966 893 oi.
2999 843 3148 892 πόνοι
3187 841 3318 907 γῆς,
3351 842 3570 911 εἰρήνης
3607 831 3738 913 dpu—

2177 930 2526 1000 παντοδαπῆς
2591 932 3056 1000 περιχορευούσης
3110 935 3178 984 τὰ
3238 931 3522 1000 Ῥωμαίων
3563 936 3724 1002 πράγ-

2181 1039 2350 1092 ματα.
2386 1023 2496 1074 Καὶ
2523 1023 2684 1092 μέχρι
2717 1021 2900 1090 μένιές
2939 1022 3230 1086 Βυζάντιον
3257 1024 3286 1074 ό
3316 1021 3484 1084 πλοῦς
3513 1019 3576 1090 ἦν
3605 1024 3726 1078 ἐπα-

2179 1117 2348 1170 νιόντι
2385 1115 2463 1184 τῷ
2491 1114 2726 1184 βασιλεῖ,
2769 1115 2870 1182 μία
2910 1115 3166 1184 τριήρης,
3199 1116 3232 1183 ἠ
3263 1113 3516 1184 βασιλικὴ
3545 1131 3728 1182 ναυαρ-

2177 1211 2287 1279 χὶς,
2315 1209 2571 1276 ἐκόμισεν
2613 1207 2798 1276 ἄμφω,
2837 1207 2929 1260 τόν
2965 1223 3024 1260 τε
3071 1206 3290 1275 βασιλέα
3341 1207 3438 1260 καὶ
3469 1205 3526 1277 [ί.
3553 1207 3651 1260 252
3677 1205 3726 1278 b]

2176 1299 2270 1352 τὸν
2311 1297 2582 1368 Ὑρκανοῦ
2608 1298 2771 1368 παῖδα
2795 1313 2808 1329 ·
2838 1298 2896 1349 αί
2925 1296 2971 1350 δ’
3005 1296 3162 1348 ἄλλαι
3202 1296 3448 1365 τριήρεις
3482 1295 3727 1363 περιπλέ-

2147 1392 2332 1444 .ουσαί
2351 1407 2412 1443 τε
2441 1390 2538 1443 καὶ
2563 1389 2968 1459 παραπλέουσαι
3001 1391 3060 1442 ἐν
3095 1389 3260 1460 ᾠδαῖς
3291 1385 3432 1457 ἦσαν
3459 1387 3596 1442 πάνυ
3621 1404 3730 1456 χαι-

2179 1481 2422 1554 ρούσαις,
2457 1481 2558 1552 τὴν
2605 1480 3026 1550 ἐπηγγελμένην
3073 1480 3212 1550 πρὸς
3253 1479 3346 1534 τοῦ
3391 1477 3499 1530 τῶν
3531 1477 3730 1548 Βαρϐάο

2179 1592 2292 1644 ρων
2321 1575 2588 1642 ἡγεμόνος
2615 1575 2843 1644 είρήνην
2871 1573 3048 1626 οὐκέτ’
3082 1573 3141 1624 ἐν
3164 1571 3397 1624 ἐλπίδων
3425 1575 3602 1634 σκιαῖς
3639 1589 3729 1624 κα-

2178 1667 2472 1724 θεύδουσαν
2511 1667 2826 1737 βλέπουσαι,
2867 1666 2982 1720 ἀλλ’
3016 1667 3092 1728 είς
3147 1666 3264 1733 φῶς
3313 1665 3732 1736 προεληλυθυῖαν

2112 1802 2152 1856 Β
2178 1759 2280 1830 ἤδη
2325 1759 2664 1814 κατάστασιν
2698 1757 3014 1828 πρακτικὴν
3071 1757 3410 1856 ἀπορῤ-ήτοις
3461 1757 3732 1856 προνοίαις

2179 1852 2274 1904 τοῦ
2303 1850 2689 1921 φιλανθρώπου
2720 1850 2880 1905 Θεοῦ.
2915 1851 3047 1912 Οίας
3083 1849 3184 1919 μὲν
3213 1849 3304 1904 οὖν
3329 1851 3431 1912 τὰς
3463 1849 3734 1920 βασιλικὰς

2181 1939 2581 2008 φιλοφροσύνας
2639 1939 2734 1992 καὶ
2779 1939 3055 2006 δεξιώσεις
3085 1941 3144 1992 ἐν
3181 1939 3442 2008 εὐωχίαις
3487 1939 3578 1992 καί
3621 1939 3733 1990 ὅσον

2181 2031 2241 2084 τὸ
2275 2029 2698 2101 μεγαλοπρεπὲς
2739 2032 2798 2084 ἐν
2839 2033 2958 2092 ταῖς
3011 2029 3120 2082 τῶν
3161 2029 3480 2098 ἐνδυμάτων
3527 2031 3736 2099 συχναῖς

2180 2123 2451 2190 ἀλλαγαῖς
2485 2122 2787 2188 ἐνεδείξατο
2821 2121 2955 2192 πρὸς
2985 2125 3076 2174 τὸν
3106 2121 3200 2174 τοῦ
3245 2121 3519 2192 Ὑρκανοῦ
3563 2119 3736 2182 παῖδα,

2180 2211 2427 2284 γαμϐρὸν
2453 2213 2616 2265 αὑτὸν
2653 2211 2944 2270 ἀποκαλῶν
2975 2213 3069 2264 καὶ
3094 2212 3230 2276 υἱὸν,
3261 2213 3350 2266 καὶ
3377 2213 3478 2266 ὅσα
3507 2211 3592 2264 ἐπὶ
3628 2210 3740 2262 τού-

2179 2322 2294 2366 τοις
2331 2305 2477 2373 φιλεῖ
2510 2304 2570 2358 τὸ
2593 2303 2934 2374 ἀνθρώπινον
2957 2303 3050 2358 καὶ
3087 2304 3345 2373 δημόσιον
3377 2303 3504 2366 ἔθος
3545 2303 3637 2356 καὶ
3659 2302 3741 2354 λέ-

2181 2413 2300 2464 γειν
2345 2397 2439 2450 καὶ
2468 2397 2621 2466 δρᾷν,
2653 2395 2910 2464 περιττόν
2957 2413 3048 2464 μοι
3081 2395 3340 2459 διεξιέναι
3371 2395 3554 2448 δοκεῖ·
3605 2391 3738 2460 γνώο

2183 2505 2320 2556 ριμα
2349 2488 2461 2557 γὰρ
2509 2489 2574 2540 ἂν
2608 2487 2694 2554 εἴη
2741 2489 2875 2540 πᾶσι
2909 2489 2998 2540 καὶ
3033 2486 3386 2553 σιωπώμενα,
3422 2487 3536 2540 τῶν
3558 2484 3742 2538 κοινῶν

2181 2579 2407 2632 ἐννοιῶν
2456 2579 2550 2632 καὶ
2597 2578 2708 2630 τῶν
2759 2577 3078 2646 συντρόφων
3124 2577 3360 2645 ἐθισμῶν
3390 2575 3494 2645 τὴν
3535 2575 3632 2642 τῆς
3659 2577 3742 2626 ἐν·

2181 2669 2354 2722 ταῦθα
2382 2670 2637 2736 γνώσεως
2663 2668 2800 2738 ὓλην
2829 2667 3063 2736 ἄφθονον
3097 2669 3483 2736 χορηγούντων
3524 2663 3742 2717 αὐτόθεν

2182 2761 2456 2824 ἑκάστοις,
2508 2762 2572 2814 ἐκ
2605 2759 2713 2812 τῶν
2762 2759 2854 2812 τοῦ
2888 2758 3004 2828 βίου
3061 2756 3359 2810 πολυειδῶν
3403 2755 3741 2825 πραγμάτων

2179 2827 2596 2920 διδασκομένοις
2623 2851 2732 2914 ἀεὶ,
2768 2851 2856 2902 καὶ
2886 2827 3306 2920 άναλεγομένοις
3337 2851 3438 2918 τὴν
3472 2849 3580 2901 τῶν
3617 2846 3742 2900 ἐκά-

2183 2959 2324 2994 στων
2371 2941 2670 3011 ἐμπειρίαν
2699 2945 2778 3005 είς
2809 2942 2867 2993 ἓν
2921 2941 3278 3010 ἠθροισμένον
3337 2941 3612 3000 συνέσεως
3655 2939 3743 3005 ἐμ.-

2183 3047 2430 3100 πρακτον
2485 3031 2764 3100 σύστημα.
2790 3031 2929 3084 Ὅσα
2959 3032 3004 3084 δ’
3041 3023 3166 3101 ἄρτι
3217 3029 3745 3098 καταπεπλευκότων

513 3103 642 3174 imp.
677 3121 742 3160 οι
783 3123 923 3178 equo
958 3111 1241 3172 descendit
1267 3127 1324 3173 et
1353 3122 1557 3190 regium
1591 3139 1792 3192 equum
1824 3143 2080 3197 compre-

2184 3121 2239 3184 ἐς
2266 3115 2558 3192 Βυζάντιον
2589 3121 2851 3190 τετίμηκε
2885 3119 3072 3172 τοῦτον
3101 3122 3128 3172 ὁ
3159 3120 3432 3189 βασιλεὺς,
3463 3120 3748 3188 θεωμένων

515 3197 696 3250 ιιιέιιείμ
723 3200 949 3256 habenis
973 3205 1024 3257 in
1046 3210 1226 3276 equile
1255 3225 1424 3280 usque
1449 3216 1656 3284 regium
1679 3219 1853 3272 duxit.
1875 3220 2079 3276 Deinde

516 3306 638 3342 cum
675 3291 803 3360 imp.
839 3295 889 3346 in
941 3300 1084 3367 regia
1137 3304 1411 3358 conclavia
1455 3307 1736 3372 iutroibat,
1773 3313 1864 3366 ubi
1921 3315 2082 3368 llele-

517 3399 638 3435 nam
675 3382 1080 3452 imperatricem
1131 3410 1253 3447 cum
1301 3397 1548 3464 vileret,
1605 3417 1893 3458 servorum
1929 3423 2083 3462 more

517 3479 929 3534 venerationem
973 3487 1283 3550 priestando
1331 3490 1446 3544 lucc
1481 3491 1596 3548 fere
1628 3494 1791 3550 verba
1819 3499 2079 3564 protulit:

523 3593 540 3622 ι
581 3573 869 3640 Equidem,
907 3577 1106 3647 inquit,
1141 3598 1238 3652 per
1270 3587 1382 3639 vias
1417 3604 1554 3654 quas
1589 3593 1831 3646 universi
1859 3595 2084 3650 Creator

517 3671 574 3715 ct
603 3663 869 3718 Dominus
909 3669 1082 3732 novit,
1130 3685 1356 3740 repente
1379 3689 1573 3745 captus
1629 3695 1782 3734 eram
1849 3686 2083 3740 medice

523 3753 664 3818 loco,
701 3767 758 3809 ut
788 3756 858 3810 ita
900 3758 1102 3822 dicam,
1154 3771 1210 3816 ct
1241 3766 1354 3833 ipsa
1404 3785 1470 3820 ex
1515 3770 1689 3838 patria
1752 3783 1974 3842 ereptus
2030 3786 2086 3830 et

519 3863 782 3914 summas,
843 3850 984 3906 heu!
1045 3855 1298 3930 miserias
1360 3862 1836 3927 passus._Quodsi
1885 3867 2086 3922 multos

523 3941 932 4004 potentissimus
961 3944 1114 4000 hicce
1145 3963 1240 4001 rex
1279 3949 1438 4020 507
1469 3967 1624 4026 meus
1647 3963 1702 4008 et
1725 3957 1906 4012 varios
1959 3974 2086 4026 pro-

523 4039 642 4096 pter
669 4029 976 4088 libcrtatem
1025 4035 1200 4092 meam
1250 4039 1466 4096 labores
1505 4049 1746 4114 susceth
1787 4059 1844 4102 et
1891 4047 2085 4103 itinera

519 4135 574 4176 et
606 4123 888 4194 longarum
919 4127 1160 4182 hiemum
1183 4129 1383 4201 frigora
1433 4137 1663 4202 pertulit
1695 4147 1752 4190 et
1807 4141 2088 4196 aestuosis-

521 4214 687 4268 simos
713 4217 915 4272 aestatis
942 4229 1132 4277 ventos
1167 4224 1572 4280 intolerabilem
1631 4229 1816 4284 medio
1847 4232 1902 4284 in
1946 4233 2084 4290 mari

521 4307 772 4361 ardorem
827 4311 1278 4369 circumferentes
1311 4327 1367 4370 et
1405 4319 1476 4370 ita
1508 4333 1595 4372 me
1657 4320 1938 4375 servitutis
1970 4323 2089 4376 vin-

521 4399 660 4452 culis
687 4401 964 4462 liberavit.
999 4404 1224 4472 dignum
1267 4407 1320 4458 in
1347 4409 2084 4486 justam_remunerationem

525 4491 658 4544 nihil
693 4493 890 4559 habeo,
910 4511 1072 4560 supra
1098 4499 1242 4550 cnim
1269 4509 1590 4566 potestatem
1623 4519 1796 4558 meam
1825 4515 1906 4558 est
1933 4506 2090 4562 illud.

523 4584 674 4646 Quod
737 4597 918 4640 autem
993 4588 1045 4640 in
1085 4600 1410 4657 potestatem
1473 4595 1639 4658 cadit,
1701 4611 1810 4650 non
1865 4613 2086 4666 possum

525 4689 720 4742 negare
753 4691 838 4728 me
869 4693 1030 4730 omne
1055 4677 1298 4752 debitum
1325 4682 1584 4736 omnibus
1647 4686 1820 4739 studii
1889 4695 1948 4740 et
1999 4703 2093 4740 vo-

525 4763 749 4819 luntatis
795 4768 970 4822 modis
997 4785 1094 4838 per
1125 4787 1342 4824 omnem
1373 4773 1536 4828 vitam
1591 4793 1766 4832 meam
1818 4781 2092 4848 priestitu-

527 4870 646 4905 rlllll
678 4869 817 4908 esse.
847 4875 864 4906 ι
914 4859 1045 4922 Qua:
1072 4875 1194 4914 cum
1225 4861 1441 4918 loculus
1469 4877 1614 4920 esset
1651 4876 1707 4920 et
1737 4869 2004 4934 audisset,
2033 4881 2092 4924 ut

525 4942 775 5004 decebat,
798 4945 849 4996 in
869 4947 1125 5000 conclave
1145 4949 1246 5002 sibi
1267 4963 1426 5006 antea
1451 4953 1780 5008 destinatum
1803 4957 1958 5022 abiit,
1982 4973 2088 5012 non

526 5048 679 5088 extra
717 5040 1056 5105 regiam,scd
1097 5044 1244 5110 regio
1295 5044 1414 5098 loco
1452 5047 1843 5116 propinquum.
1907 5051 2093 5104 Vestes

531 5137 790 5192 praeterea
822 5131 1138 5200 splendidas
1175 5145 1228 5187 et
1253 5137 1519 5190 caminuo
1557 5149 1794 5191 inuitatus
1853 5153 1908 5194 et
1940 5141 2090 5194 varia

531 5219 716 5284 graue
750 5220 1096 5286 documenta,
1139 5227 1299 5278 modo
1331 5227 1398 5279 ab
1430 5229 1796 5296 impcratrice.
1834 5231 1998 5284 modo
2023 5232 2093 5284 ah

533 5313 880 5378 imperatore,
913 5316 1072 5368 modo
1106 5317 1174 5370 ab
1221 5318 1529 5372 illustribus
1555 5329 1606 5372 it
1651 5321 1928 5374 nobilibus
1965 5323 2098 5376 viris

537 5403 634 5469 ipsi
659 5405 782 5456 data
816 5405 1060 5471 proferre
1101 5409 1328 5461 minime
1359 5409 1728 5462 necessarium
1789 5411 1922 5466 mihi
1949 5412 2102 5465 vidc-

537 5505 645 5561 lur,
699 5505 757 5548 ut
807 5497 970 5550 etiam
1021 5499 1360 5566 balnearum,
1414 5501 1700 5568 epularum
1744 5503 1928 5556 luxum
1981 5517 2102 5572 quae

536 5589 716 5640 omnia
765 5589 1022 5642 munibus
1069 5593 1323 5656 cognosci
1363 5603 1618 5660 possunt,
1649 5604 1828 5648 tacere
1861 5605 2102 5662 praestat.

2184 3211 2290 3264 τῶν
2349 3211 2662 3276 Βυζαντίων
2699 3213 2796 3272 καὶ
2833 3213 2948 3266 ὅσοι
3010 3212 3068 3278 ἐξ
3121 3213 3442 3266 ἀλλοδαπῶν
3499 3217 3748 3282 παρῆσαν

2145 3303 2377 3372 εχωρῶν
2427 3303 2521 3356 καὶ
2568 3303 2797 3368 πόλεων,
2849 3303 3120 3375 παρέλκον
3153 3307 3247 3358 καὶ
3277 3305 3453 3360 ταῦτα
3503 3303 3749 3370 διεξιέναι

2187 3413 2278 3464 μοι
2303 3397 2620 3466 νενόμισται
2642 3413 2656 3429 ·
2687 3392 2826 3450 εἶδον
2849 3397 2958 3465 γὰρ
2984 3396 3224 3460 ἅπαντες
3246 3397 3320 3458 ώς
3338 3397 3580 3466 ἔφιππος
3599 3397 3754 3464 ἐφιπο

2186 3504 2286 3540 πον
2315 3487 2342 3538 ὁ
2374 3486 2630 3555 βασιλεὺς
2667 3485 2758 3538 τὸν
2799 3485 3086 3554 Βάρϐαρον
3134 3487 3422 3556 εἰσήνεγκε
3465 3487 3564 3548 τὰς
3608 3485 3754 3556 βασις

2184 3576 2362 3640 λείους
2387 3577 2580 3643 αὐλὰς,
2609 3577 2638 3629 ὂ
2663 3577 2725 3645 δὴ
2761 3580 2942 3646 μόνοις
2977 3579 3186 3646 ἐφεῖται
3221 3578 3361 3646 μετὰ
3407 3577 3634 3646 βασιλέα
3666 3575 3756 3646 βα·-

2187 3669 2377 3722 σιλέων
2410 3670 2569 3722 παισί
2591 3686 2651 3722 τε
2687 3669 2781 3722 καὶ
2812 3669 3059 3738 ἀδελφοῖς
3083 3686 3096 3699 ·
3134 3669 3272 3738 πλὴν
3319 3669 3401 3722 ὅτι
3429 3669 3754 3737 αίσθόμενος

2185 3765 2213 3816 ὁ
2255 3763 2534 3833 Βάρϐαρος
2574 3764 2633 3816 τὸ
2665 3763 2762 3830 τῆς
2805 3763 2970 3830 τιμῆς
2999 3761 3360 3830 ὑπερϐάλλον,
3399 3762 3498 3814 καὶ
3533 3755 3645 3812 οἷον
3671 3759 3757 3812 αίε

2186 3855 2418 3919 δεσθεῖς,
2462 3855 2522 3907 τὸ
2561 3855 2818 3908 ἀκούσιον
2849 3855 2950 3923 τῆς
2995 3855 3304 3924 εἰσαγωγῆς
3344 3855 3510 3916 εὐθὺς
3539 3855 3606 3906 ἐκ
3651 3853 3756 3904 τῶν

2189 3942 2472 4012 βασιλείων
2508 3943 2693 3994 πυλῶν
2723 3941 3076 4006 ἐνεδείκνυτο,
3109 3943 3418 3996 ἀντιτείνων
3451 3943 3551 3994 καὶ
3579 3940 3758 3994 ἀνθέλ-

2188 4053 2299 4088 κων
2327 4036 2426 4106 τὴν
2455 4034 2832 4090 καθέλκουσαν
2865 4037 2927 4088 ἐκ
2954 4035 3131 4104 χειρὸς
3157 4036 3315 4103 χεῖρα
3339 4033 3436 4087 τοῦ
3466 4032 3755 4103 βασιλέως,

2188 4127 2285 4180 καὶ
2317 4127 2525 4194 ἐπέχων
2551 4126 2648 4188 τὰς
2683 4127 2839 4197 ἡνίας
2871 4120 3041 4194 οὗπερ
3071 4125 3232 4188 αὐτὸς
3261 4127 3532 4196 ἐπωχεῖτο
3563 4125 3754 4184 ἵππου.

2190 4218 2286 4272 καὶ
2319 4219 2533 4289 γλώττῃ
2587 4219 2734 4287 πάσῃ
2773 4218 3023 4286 δεόμενος
3068 4217 3354 4284 ἀφεθῆναι.
3387 4215 3580 4284 Ὅμως
3620 4214 3760 4267 οὕτω

2189 4309 2610 4388 δυσανασχετῶν
2645 4312 2738 4362 καὶ
2789 4309 3088 4378 ἀχθόμενος
3138 4309 3232 4361 καὶ
3282 4302 3393 4360 οἷον
3441 4306 3760 4376 ἁφηνιάζων

2192 4399 2295 4474 ἧκε
2354 4402 2518 4470 μέχρι
2566 4403 2658 4455 καὶ¹
2705 4403 2764 4463 ἐς
2805 4403 2874 4484 τὸ.
2918 4401 3079 4470 μέσον
3109 4401 3210 4466 τῆς
3246 4399 3532 4468 βασιλικῆς
3569 4399 3758 4467 αὑλῆ-ς.

2129 4469 2166 4522 D
2290 4469 2395 4548 255
2426 4493 2482 4566 α]
2531 4493 2790 4546 Ἐνταῦθα
2843 4469 3025 4544 δὲκαὶ
3061 4491 3134 4560 μὴ
3177 4492 3315 4544 πάνυ
3345 4507 3397 4544 τι
3429 4491 3760 4560 βουλομένου

2195 4586 2288 4640 τοῦ
2341 4583 2602 4654 βασιλέως
2633 4583 2952 4652 ἀπεπήδησε
2998 4600 3055 4634 τε
3107 4582 3201 4634 τοῦ
3245 4582 3413 4634 ἵππου
3446 4581 3588 4652 πρὸς
3635 4580 3760 4648 γῆν,

2195 4679 2292 4730 καὶ
2343 4679 2438 4738 τὰς
2486 4677 2640 4746 ἡνίας
2680 4675 2771 4728 τοῦ
2807 4674 3090 4744 βασιλικοῦ
3138 4675 3544 4743 χειρωσάμενος
3596 4674 3762 4725 ἵππου

2197 4771 2375 4822 ἴθυνεν
2425 4769 2556 4839 ἄχρι
2611 4767 2703 4820 τοῦ
2761 4765 3043 4835 βασιλικοῦ
3095 4767 3482 4834 πεζευτηρίου.
3532 4767 3766 4817 Ἔπειτα

2198 4857 2475 4928 συνεισῄει
2531 4859 2608 4926 τῷ
2661 4857 2870 4927 βασιλεῖ
2904 4858 3040 4924 πρὸς
3073 4858 3198 4918 τοὺς
3233 4855 3552 4924 βασιλικοὺς
3603 4855 3766 4908 θαλά-

2203 4966 2336 5019 μους
2361 4965 2373 4976 ’
2407 4943 2534 5001 ἔνθα
2563 4951 2626 5017 δὴ
2675 4950 2765 5000 καὶ
2789 4950 2886 5016 τὴν
2921 4948 3168 5018 βασιλίδα
3207 4948 3425 5016 Ἑλένην
3478 4947 3608 5000 ἰδὼν
3650 4947 3766 4999 δουσ

2199 5041 2333 5108 λικῷ
2367 5058 2424 5094 τε
2469 5043 2606 5110 αὐτῇ
2657 5041 2756 5107 τὴν
2790 5041 3162 5110 προσκύνησιν
3218 5041 3446 5092 ἀπέτισε
3499 5041 3764 5107 σχήματι,

2203 5135 2296 5185 καὶ
2327 5133 2442 5199 ἅμα
2467 5133 2642 5184 τοιάδε
2671 5131 2973 5200 ἐφθέγξατο
3002 5135 3248 5200 ρἡατα’
3287 5149 3304 5182 ι
3351 5132 3508 5198 Ἐγὼ,
3550 5150 3568 5181 ι
3607 5129 3760 5198 φησὶ,

2207 5246 2224 5276 ι
2269 5225 2357 5276 διὰ
2386 5203 2622 5292 τρόπους
2661 5223 2750 5285 οὒς
2793 5227 2818 5272 ὁ
2861 5223 2968 5274 τῶν
3001 5226 3136 5276 ὅλων
3166 5219 3271 5276 οἶδε
3309 5221 3644 5293 δημιουργὸς
3677 5221 3766 5272 καὶ

2201 5315 2778 5385 Δεσπότης,ἐξαίφνης
2807 5316 3083 5384 ἐγεγόνειν
3113 5317 3477 5384 αἰχμάλωτος,
3507 5315 3574 5366 ἐκ
3595 5313 3764 5382 μέσης

2203 5409 2385 5468 ἑστίας
2419 5409 2592 5458 εἰπεῖν
2621 5409 2715 5458 καὶ
2751 5407 3004 5476 πατρίδος
3044 5407 3213 5475 αὐτῆς
3244 5405 3534 5476 ἁρπαγεὶς,
3567 5407 3663 5460 καὶ
3701 5403 3764 5452 τὰ

2209 5502 2440 5568 μέγιστα
2493 5499 2834 5564 ἐπεπόνθειν,
2887 5499 2988 5566 φεῦ
3025 5500 3038 5552 ι
3071 5500 3179 5549 τῶν
3232 5499 3440 5552 δεινῶν.
3503 5495 3658 5548 Ἐπεὶ
3710 5493 3762 5544 δὲ

2208 5593 2434 5652 πολλοὺς
2489 5591 2654 5659 οὑμὸς
2716 5591 2976 5660 αὐθέντης
3025 5590 3174 5652 οὗτος
3231 5592 3323 5642 καὶ
3375 5588 3624 5658 βασιλεὺς
3673 5585 3764 5638 καὶ

543 5681 684 5746 μάλα
721 5699 772 5734 τι
801 5683 1175 5754 πολυτρόπους
1201 5686 1342 5754 ὑπὲρ
1379 5687 1478 5755 τῆς
1537 5687 1677 5756 ἐμῆς
1745 5687 2058 5756 ἐλευθερίας
2115 5683 2448 5738 κατεϐάλετο
2471 5683 2664 5745 πόνους
2695 5685 2788 5734 καὶ
2825 5685 3074 5753 δρνὲμνιυς,
3109 5685 3198 5737 καὶ
3231 5683 3508 5751 χειμώνων
3539 5679 3764 5748 ὑπεμειδ-

553 5791 630 5828 θεν
659 5775 848 5844 ψύξεις
883 5780 1108 5850 μακρῶν
1140 5783 1234 5834 καὶ
1283 5779 1474 5851 θέρους
1527 5783 1812 5846 καύσωνας
1845 5782 2281 5852 δυσκαρτέρητον
2345 5783 2401 5832 ἐν
2465 5781 2604 5853 μέσῃ
2651 5780 2890 5850 θαλάττῃ
2925 5782 3185 5850 φέροντας
3219 5781 3469 5848 κάμινον,
3507 5779 3600 5832 καὶ
3625 5775 3762 5830 οὕτω
