4134 6286
358 426 463 488 419
1293 415 1735 479 BYZANTlN/E
1773 415 1919 474 lIlS'

2017 415 2161 476 [τιατ
2203 415 2350 476 LIB.
2393 407 2660 478 XXXVI.
3483 421 3596 483 450

359 553 424 604 με
453 534 562 588 τῶν
584 533 798 602 δεσμῶν
827 530 923 600 τῆς
950 529 1327 600 αἰχμαλωσίας
1382 528 1634 594 ἐξείλετο,
1669 525 1819 587 ἄξιον
1878 525 1976 593 μὲν
2016 527 2095 585 εἰς
2125 523 2360 591 ἀμοιϐὴν
2393 523 2725 592 ἀποχρῶσαν
2761 521 2861 574 οὐκ
2895 522 2961 576 ἄν
3013 513 3142 575 ποτὲ
3201 523 3386 594 σχοίην
3423 525 3590 595 (ὑπὲρ

355 630 463 700 γὰρ
497 627 596 697 ἐμὲ
623 626 778 679 τοῦτό
807 625 915 693 γε),
949 625 1010 678 τὸ
1045 624 1092 674 δ’
1116 619 1209 676 οὖν
1238 624 1317 685 είς
1339 621 1567 690 δύναμιν
1591 617 1724 690 ἧκον
1752 615 1909 685 ἐμὴν,
1951 617 2049 671 οὐκ
2093 615 2159 668 ἂν
2208 616 2479 686 δυναίμην
2522 617 2797 684 ἀρνεῖσθαι
2862 615 2937 685 μὴ
2974 617 3072 685 ούχ
3113 618 3259 670 ἆπαν
3302 619 3476 672 τελεῖν
3530 625 3590 674 τ⁵›

355 722 499 784 aut;
530 719 652 772 καθ’
676 719 920 781 ἅπαντας
944 717 1178 786 τρόπους
1203 717 1375 787 ὁρμῆς
1433 717 1524 768 καὶ
1559 713 1834 781 θελήσεως
1888 710 1978 763 διὰ
2019 709 2231 771 παντός
2261 726 2352 778 μοι
2389 710 2480 762 τοῦ
2514 710 2659 778 βίον,
2683 729 2699 761 ι
2749 711 2922 764 ταῦτα
2958 713 3021 781 δὴ
3055 714 3144 765 κα⁸⁸
3175 712 3400 764 τοιαῦτα
3425 701 3601 780 φθεγέ·

356 814 606 882 ξάμενος,
641 811 732 863 καὶ
758 810 995 874 ἀκούσας
1031 812 1203 864 ὁπόσα
1232 809 1426 879 χρεὼν,
1461 807 1596 876 πρὸς
1640 807 1738 874 τὴν
1764 804 1922 867 αύτῶ-
1950 819 2012 870 γε
2045 801 2435 872 ἁπολεχθεϊσαν
2500 802 2666 872 ἀπῄει
2725 804 2952 874 σκηνὴν,
2988 805 3086 857 οὐκ
3127 803 3231 868 ἔξω
3291 804 3397 856 τῶν
3435 805 3596 874 βασιἐ

355 911 534 974 λείων,
563 907 696 961 ἀλλὰ
716 910 813 978 τῆς
844 907 1126 977 βασιλικῆς
1165 907 1349 967 ἑστίας
1387 903 1572 972 ἐγγύς.
1610 903 1720 963 Τὰς
1780 901 1824 953 δ’
1855 901 1946 951 ἐπί
1984 901 2197 983 τούτοις
2229 897 2340 950 τῶν
2374 899 2687 966 ἐνδυμάτων
2743 900 2942 968 συχνὰς
2965 905 3094 952 ςκαὶ
3130 901 3390 971 λαμπρὰς
3427 902 3590 952 ἀλλα-

354 1009 476 1073 γάς,
509 1007 603 1058 καὶ
640 1005 708 1072 τὰ
737 1003 956 1055 ποικίλα
1006 1002 1317 1073 χαρίσματα
1362 1001 1456 1052 νῦν
1505 999 1601 1067 μὲν
1632 997 1733 1066 τῆς
1771 985 2064 1064 βασιλίδος,
2122 994 2217 1046 νῦν
2281 993 2336 1045 δὲ
2373 993 2465 1044 τοῦ
2499 993 2782 1062 βασιλέως,
2828 996 2923 1047 νῦν
2953 996 3007 1047 δέ
3056 997 3163 1048 τῶν
3223 997 3450 1060 ἐνδόξων
3485 997 3580 1048 καὶ

357 1096 594 1167 εὐγενῶν
632 1097 730 1164 τῆς
779 1072 1054 1167 βασιλέίας
1098 1096 1327 1166 ἀνδρῶν,
1359 1093 1655 1146 καὶταῦτα
1693 1093 1801 1144 τῶν
1847 1089 2044 1156 ἥκιστα
2107 1088 2417 1155 ἀναγκαίων
2453 1107 2542 1155 μοι
2609 1089 2784 1156 λέγειν
2846 1088 3010 1153 δοκεῖ,
3049 1090 3135 1141 ναὶ
3207 1092 3310 1158 μὴν
3351 1092 3445 1145 καὶ
3480 1093 3582 1143 ὅσα

357 1195 484 1260 περὶ
509 1190 745 1262 λουτρῶν
778 1188 1110 1250 ἀναπαύσεις
1135 1190 1227 1241 καὶ
1281 1185 1571 1256 τραπεζῶν
1636 1179 1988 1234 πολυτέλειαν
2031 1179 2272 1245 πέφυκεν
2298 1193 2313 1208 ·
2350 1179 2386 1232 ἃ
2409 1180 2584 1231 πάντα
2614 1181 2746 1232 πᾶσι
2781 1182 3158 1251 γινωσκόμενα
3185 1171 3353 1251 ίσιγᾷν
3381 1200 3586 1252 παραι-

355 1291 457 1341 νεῖ.

421 1380 484 1453 [ί.
511 1379 618 1434 965
647 1378 700 1450 bl
746 1380 820 1430 1".
864 1378 1077 1432 Ἐκεῖνο
1106 1378 1149 1430 δ’
1182 1377 1332 1442 ἄξιον
1359 1375 1560 1446 μᾶλλον
1608 1357 1912 1442 θάυμάσαι.
1945 1372 1987 1429 Α

352 1476 512 1526 Ποῖον
547 1473 609 1542 δὴ
625 1473 828 1536 ’τοῦτο;
863 1471 972 1540 Τὴν
1003 1471 1094 1524 τοῦ
1129 1470 1389 1539 βασιλέως
1421 1470 1565 1536 φημὶ
1605 1463 1915 1535 μεγαλοψυ-

352 1564 493 1630 χίαν,
524 1563 638 1624 πῶς
670 1561 873 1630 μεταξὺ
903 1563 1010 1613 τῶν
1055 1561 1315 1613 τοιούτων
1339 1559 1581 1628 τέρψεων
1622 1557 1794 1626 βραχὺ
1824 1570 1915 1605 νο-

352 1650 523 1715 σῆσαν
574 1650 634 1702 τὸ
691 1649 864 1711 διετές
921 1649 1086 1702 αὑτοῦ
1153 1649 1348 1720 βρέξος
1380 1652 1472 1701 καὶ¹
1516 1647 1777 1715 τεθνηκὸς
1814 1644 1912 1696 οὐκ

350 1741 608 1792 ἐσάλευσε
637 1739 745 1793 τῶν
768 1738 932 1791 αὐτοῦ
964 1739 1178 1809 φρενῶν
1200 1739 1298 1800 τὰς
1327 1737 1618 1807 κρηπῖδας,
1651 1735 1760 1788 οὐδ’
1785 1735 1913 1788 ἀθυ-

355 1829 484 1896 μίαν
514 1829 810 1900 ἀνήκεστον
865 1829 1130 1897 εὐθυμίας
1181 1827 1515 1895 ἀλλάξασθαι
1545 1827 1911 1896 ,προσκαίρου

351 1899 684 1990 παρέπεισεν
707 1939 721 1952 ο
756 1921 869 1973 ἀλλ’
914 1921 1253 1989 αὐτοσχέδιον
1289 1919 1610 1990 ξενηλασίαν
1661 1937 1911 1989 μηχανη-

351 2012 586 2080 σάμενος
614 2010 925 2079 αὐθημερὸν
951 2009 1290 2077 θρηνούντων
1308 2008 1424 2078 ἅμα
1446 2013 1538 2061 καὶ
1565 2009 1908 2079 θρηνουσῶν,

349 2104 442 2153 ἐπὶ
499 2101 598 2168 τῆς
644 2100 916 2170 προτέρας
975 2094 1132 2158 αὖθις
1183 2099 1486 2168 κατέστησε
1528 2099 1793 2168 θυμηδίας
1843 2101 1911 2151 τὰ

349 2193 678 2262 πράγματα,
713 2192 808 2244 καὶ
835 2191 1350 2261 προσκαλεσάμενος
1390 2193 1528 2258 μετὰ
1559 2193 1747 2261 τρίτην
1776 2192 1915 2242 ἐκεῖ-

351 2286 442 2336 θεν
473 2285 688 2353 ἡμέραν
719 2283 808 2335 τὸν
836 2283 952 2335 νέον
1010 2285 1298 2354 μνηστῆρα
1345 2284 1434 2336 τὸν
1462 2284 1746 2352 Βάρϐαρον
1772 2284 1913 2336 κατά

347 2390 402 2424 τι
443 2373 728 2443 κρατῆσαν
763 2373 883 2436 ἔθος
926 2377 990 2426 ἐκ
1039 2375 1293 2440 παλαιοῦ,
1323 2373 1419 2445 τὴν
1468 2375 1914 2444 μνηστευομένην

348 2464 552 2527 ἔδειξεν
581 2463 727 2533 αὐτῷ
785 2466 952 2536 κόρην
995 2468 1130 2535 πρὸς
1162 2466 1382 2518 δέκατον
1424 2464 1549 2534 ἄρτι
1581 2465 1909 2534 προϐαίνου-

351 2575 451 2610 σαν
481 2557 618 2620 ἔτος.
648 2559 864 2612 Τούτων
909 2559 953 2612 δ’
983 2555 1129 2613 οὕτω
1155 2559 1534 2628 διῳκημένων,
1585 2559 1774 2624 ἐπειδὴ
1807 2558 1907 2627 τὴν

350 2651 864 2720 ἐςτδνἊστακηνὸν
886 2652 1086 2703 κόλπον
1118 2653 1145 2702 ὁ
1175 2649 1429 2718 βασιλεὺς
1455 2649 1656 2719 ἀκήκοε
1688 2648 1910 2701 κάθοδον
1945 2685 1987 2739 Β

351 2745 415 2793 ἐκ
449 2741 681 2802 Νικαίας
719 2740 814 2794 τοῦ
862 2739 1155 2808 Ὑρκανοῦ,
1180 2738 1503 2803 ἐξέπλευσεν
1534 2737 1695 2798 εὐθὺς
1737 2736 1830 2788 σύν
1851 2752 1912 2802 γε

349 2833 429 2901 τῷ
458 2833 553 2885 τοῦ
593 2831 864 2903 Ὑρκανοῦ
896 2831 1069 2895 παιδὶ,
1107 2833 1202 2883 καὶ
1251 2825 1354 2901 ¹ἧκε
1398 2829 1706 2900 δευτεραῖος
1735 2832 1912 2881 ἐκεῖσε

349 2927 447 2978 καὶ
480 2925 656 2988 οὗτος,
690 2925 973 2987 ἀποδιδοὺς
1023 2923 1102 2992 τῷ
1137 2925 1301 2991 πατρὶ
1346 2923 1434 2974 τὸν
1477 2922 1639 2974 παῖδα
1671 2922 1760 2972 καὶ
1801 2920 1914 2986 ἅμα

348 3019 520 3083 ἀξιῶν
578 3021 644 3070 τὰ
675 3016 917 3087 σύμϐολα
948 3017 1045 3085 τῆς
1080 3017 1332 3085 διαδοχῆς
1378 3015 1480 3084 τῆς
1537 3014 1646 3068 τῶν
1679 3013 1915 3066 Βιθυνῶν

348 3107 529 3176 ἀρχῆς
561 3108 806 3175 τήμερον
830 3104 980 3173 αῦτῷ
1021 3104 1363 3174 ἐγχειρίσαι·
1399 3102 1605 3156 δίκαιον
1639 3104 1741 3172 γὰρ
1775 3096 1915 3153 εἶναι

349 3199 447 3250 καὶ
476 3196 553 3260 ὡς
572 3197 679 3249 τῶν
703 3197 879 3250 ἄλλων
911 3197 1115 3248 παίδων
1148 3194 1348 3265 μᾶλλον
1374 3193 1519 3263 αύτῷ
1541 3193 1913 3262 ἀγαπωμένῳ,

352 3289 452 3340 καὶ
520 3287 594 3348 ὡς
651 3285 924 3357 μνηστῆρι
988 3286 1086 3354 τῆς
1142 3284 1404 3354 βασιλέως
1455 3282 1742 3351 θυγατρὸς,
1823 3281 1916 3334 καὶ

349 3380 424 3442 ὡς
470 3379 606 3446 ἀξίῳ
663 3379 761 3447 τῆς
822 3377 1000 3446 ἀρχῆς
1057 3374 1146 3428 διά.
1167 3390 1228 3426 τε
1269 3374 1328 3426 to
1377 3375 1620 3442 ἀνδρεῖον
1648 3375 1747 3442 τῆς
1778 3370 1918 3438 γνὼ-

351 3487 462 3539 μης
488 3472 582 3521 καὶ
617 3467 898 3540 ῥωμαλέον
920 3467 1012 3519 τοῦ
1046 3465 1296 3534 σώματος
1326 3465 1419 3516 καὶ
1452 3465 1586 3532 πρός
1630 3477 1694 3529 γε
1719 3466 1781 3513 τὸ
1819 3461 1917 3529 τῆς

347 3564 665 3630 φρονήσεως
703 3557 1010 3626 δραστικόν.
1058 3553 1226 3606 Τοῦτο
1266 3554 1329 3623 δὴ
1372 3553 1462 3605 οῦν
1490 3553 1585 3604 καὶ
1634 3553 1798 3604 πάλαι
1829 3551 1918 3621 βε-

348 3650 673 3719 ϐουλημένῳ
705 3667 765 3700 τε
813 3648 906 3701 xa‘t
935 3645 1351 3715 βεϐουλευμένῳ
1381 3644 1458 3714 τῷ
1497 3643 1777 3713 Ὑρκανῷ,
1798 3643 1918 3696 ἐπεὶ

350 3743 453 3796 καὶ
484 3742 576 3794 τὸν
597 3739 689 3793 τοῦ
731 3737 995 3809 βασιλέως
1037 3737 1407 3806 συμπέπτωκε
1457 3737 1594 3799 τέως
1628 3735 1920 3805 ἐρεθισμδν

352 3834 615 3903 συνεργὸν
640 3834 706 3903 τῇ
731 3832 941 3883 ἐκείνου
963 3828 1131 3898 ταύτῃ
1158 3827 1411 3897 βουλήσει
1442 3827 1714 3893 γενέσθαι,
1745 3829 1918 3898 ῥᾷστα

350 3928 540 3981 λοιπδν
571 3923 758 3977 καὶτὰ
791 3923 892 3992 τῆς
937 3923 1202 3990 αἰτήσεως
1241 3921 1556 3989 πεπρᾶχθαι
1596 3919 1792 3982 ἔδοξεν.
1831 3920 1921 3972 Ὀ-

2086 1363 2180 1417 111.
2206 1364 2395 1417 Nonne
2416 1375 2635 1432 pra-stat
2666 1367 2850 1434 potius
2884 1367 3068 1419 mirari
3093 1366 3260 1419 illud?
3287 1368 3408 1423 dico
3443 1371 3593 1438 regis

2015 1455 2184 1507 animi
2209 1456 2657 1524 magnitudinem.
2688 1457 2822 1509 Nam
2866 1458 3008 1510 inter
3043 1459 3138 1511 has
3189 1458 3584 1515 oblectationes

2013 1544 2177 1598 uuitts
2210 1547 2333 1598 anui
2372 1547 2547 1599 infans
2581 1548 2697 1616 ejus
2750 1547 2897 1599 brevi
2951 1549 3261 1616 implicetur
3311 1552 3498 1605 morbo
3531 1563 3586 1606 ct

2015 1646 2264 1689 mortuus
2299 1623 2464 1690 an’imi
2499 1637 2912 1690 fundamentum
2967 1654 3074 1691 nou
3111 1639 3458 1694 labefactavit
3495 1658 3588 1695 ue-

2012 1744 2118 1797 que
2145 1728 2306 1798 508
2327 1730 2373 1782 ei
2409 1731 2702 1798 persuasit,
2741 1740 2798 1783 ut
2831 1730 3106 1784 tristitiam
3150 1747 3272 1784 cum
3311 1733 3585 1787 hilaritate

2012 1834 2410 1888 cotntnutaret,
2473 1825 2563 1878 sed
2603 1827 2721 1878 sine
2772 1837 2887 1878 arte
2941 1825 3032 1877 ubi
3074 1826 3320 1895 hospites
3373 1828 3586 1897 depulit

2013 1929 2134 1966 cum
2171 1915 2416 1983 quotiiie
2463 1927 2516 1968 et
2550 1916 2651 1968 viri
2705 1925 2759 1968 et
2796 1916 3054 1969 mulieres
3109 1917 3542 1972 lamentarentur
3566 1957 3581 1981 ,

2013 2005 2182 2073 priori
2225 2005 2482 2059 hilaritati
2523 2022 2579 2059 se
2612 2007 2834 2060 tradidit
2863 2017 2916 2060 et
2949 2009 3107 2061 tertio
3132 2009 3220 2061 die
3247 2023 3448 2078 sponso
3493 2011 3584 2080 ju-

2011 2096 2133 2149 veni
2169 2097 2400 2150 barbaro
2417 2113 2564 2149 more
2591 2098 2827 2165 quodam
2864 2099 3088 2167 antiquo
3116 2113 3368 2166 Sponsam
3400 2109 3586 2154 osten-

2014 2187 2350 2253 ditpuellam
2392 2187 2579 2239 decem
2640 2189 2755 2242 fere
2807 2204 2980 2241 annos
3039 2201 3240 2241 natam.
3296 2189 3425 2254 Quae
3457 2205 3580 2244 cum

2011 2290 2078 2330 co
2107 2285 2292 2329 essent
2331 2276 2585 2341 adducta,
2638 2294 2753 2340 rex,
2795 2277 2988 2330 audito
3038 2278 3269 2348 Hyrcani
3304 2280 3479 2334 Νίσαια
3530 2283 3583 2336 in

2012 2365 2192 2420 sinum
2224 2368 2552 2421 Astacenum
2589 2369 2806 2433 itinere,
2837 2369 3018 2422 statim
3055 2385 3177 2422 cum
3213 2369 3446 2439 Hyrcani
3471 2372 3584 2426 ﬁlio

2011 2460 2305 2529 navigavit,
2339 2459 2428 2512 ille
2458 2459 2678 2527 quidem
2711 2460 2836 2514 dein
2872 2460 2978 2514 huc
3004 2463 3175 2522 venit,
3203 2462 3400 2516 tradito
3439 2463 3582 2531 patri

2012 2550 2123 2604 filio
2160 2561 2214 2604 et
2245 2551 2567 2604 documenta
2597 2551 2894 2619 recipiendi
2928 2553 3077 2621 regni
3117 2552 3385 2624 Bithynici
3422 2553 3588 2609 hodie

2013 2641 2061 2696 ei
2091 2642 2228 2695 tradi
2258 2643 2432 2711 jubet.
2464 2643 2693 2712 Dignum
2716 2659 2836 2697 esse
2863 2644 3064 2713 quippe
3095 2645 3186 2713 qui
3216 2649 3384 2715 magis
3419 2663 3581 2717 quam

2016 2735 2196 2786 caeteri
2230 2735 2385 2788 liberi
2419 2744 2716 2798 amaretur,
2746 2736 2944 2803 quippe
2979 2735 3070 2803 qui
3102 2735 3238 2805 imp.
3275 2737 3395 2790 [Iliae
3423 2754 3587 2806 spon-

2016 2839 2109 2878 sus
2132 2837 2295 2884 esset,
2322 2824 2545 2892 dignum
2578 2840 2698 2878 esse
2730 2841 2900 2894 regno
2927 2835 3154 2894 promer
3199 2827 3411 2892 virilem
3465 2827 3586 2881 ani.

2017 2930 2164 2968 mum
2201 2925 2254 2969 et
2285 2915 2531 2983 corporis
2566 2915 2737 2968 robur
2767 2926 2820 2968 et
2848 2925 3130 2968 strenuam
3164 2926 3426 2970 mentem.
3470 2916 3585 2971 l-luc

2016 3006 2288 3074 quondam
2322 3013 2535 3074 optarat
2565 3005 2845 3075 Hyrcanus
2877 3015 2930 3060 et
2960 3006 3143 3061 animo
3171 3014 3282 3059 ttttu
3308 2995 3584 3069 volvebat,

2017 3114 2141 3154 cum
2188 3098 2326 3152 forte
2359 3113 2454 3166 per
2491 3113 2673 3167 regem
2705 3097 3042 3152 excitaretur
3075 3099 3208 3151 illttd
3243 3099 3582 3152 desiderium

2015 3188 2171 3242 facile
2199 3187 2404 3256 reliqua
2425 3188 2613 3256 petitio
2641 3187 2923 3256 impetrari
2944 3202 3101 3255 posse
3121 3189 3230 3240 visa
3252 3195 3354 3240 est.
3381 3187 3588 3243 Deinde

2018 3278 2219 3332 milites
2245 3277 2627 3350 Byzantiorum
2659 3278 2815 3332 multi
2850 3278 3070 3347 quidam
3102 3285 3156 3331 et
3186 3277 3452 3331 nobilium
3485 3278 3586 3331 ho-

2017 3375 2223 3426 minum
2252 3389 2357 3426 non
2389 3373 2544 3441 pauci
2575 3387 2699 3426 cum
2735 3373 3101 3426 Barbarorum
3141 3373 3405 3426 militibus
3438 3372 3584 3426 misti

2019 3464 2250 3534 Hyrcani
2292 3463 2460 3516 filium
2493 3465 2878 3533 produxerunt
2917 3478 3041 3516 cum
3077 3463 3342 3526 cymbalis
3372 3474 3428 3518 et
3453 3473 3593 3534 tym~

2017 3557 2172 3624 panis
2206 3563 2260 3609 et
2284 3556 2430 3624 picto
2470 3557 2619 3619 regni
2667 3556 2822 3624 signo
2852 3571 3030 3624 usque
3082 3555 3147 3608 ad
3184 3556 3372 3610 urbem
3429 3554 3597 3626 509

2017 3657 2074 3700 et
2107 3645 2284 3700 focum
2337 3661 2401 3700 ex
2454 3645 2721 3716 Bithynia:
2750 3645 3126 3699 celeberrimis
3175 3656 3232 3700 et
3284 3646 3588 3699 illustribus

2019 3737 2254 3807 oppidis,
2292 3737 2379 3790 cui
2415 3753 2612 3790 nomen
2641 3750 2726 3790 est
2743 3736 2942 3790 Nicaea.
2978 3737 3094 3790 lluc
3123 3751 3314 3790 omnes
3345 3736 3589 3806 Bithyuii

2018 3831 2330 3899 quicunque
2354 3827 2573 3881 Barbari
2600 3835 2654 3881 et
2693 3828 2882 3883 incola:
2911 3837 2965 3882 et
3005 3827 3151 3881 misti
3183 3813 3590 3881 cum‘Barbaris

2019 3919 2440 3982 conveniebant,
2473 3926 2528 3971 et
2558 3926 2841 3986 praeterea,
2873 3931 3011 3985 quos
3033 3915 3334 3969 incolarum
3365 3925 3596 3969 nostros

351 4023 448 4073 θεν
479 4021 572 4072 καὶ
605 4015 954 4088 στρατιωτῶν
1000 4013 1308 4078 Βυζαντίων
1358 4012 1548 4082 συχνοί
1595 4029 1761 4078 τινες,
1825 4012 1917 4064 καὶ

2021 4011 2148 4067 olim
2172 4008 2431 4076 Barbaris
2455 4008 2663 4063 servire
2694 4006 2912 4061 fortuna
2945 4014 3220 4076 coegerat,
3258 4006 3399 4059 dona
3441 4015 3590 4060 attu—

349 4113 470 4180 ἓμα
498 4110 604 4164 τῶν
639 4107 877 4170 εὐγενῶν
901 4105 1110 4175 ἀνδρῶν
1133 4106 1231 4157 οὐκ
1255 4104 1445 4171 ὀλίγοι,
1472 4106 1584 4165 τοῖς
1616 4103 1912 4173 Βαρϐάρων

350 4203 556 4272 ἀναμὶξ
587 4200 945 4270 στρατιώταις
985 4199 1076 4250 τὸν
1103 4196 1194 4250 τοῦ
1231 4195 1502 4266 Ὑρκανοῦ
1549 4195 1913 4267 προῦπεμψαν

351 4294 539 4357 παῖδα,
587 4291 650 4363 [1.
683 4290 788 4344 254
827 4289 879 4342 al
914 4287 1010 4342 σῦν
1040 4306 1102 4357 γε
1153 4288 1453 4357 κυμϐάλοις
1483 4294 1571 4339 καί
1608 4288 1913 4358 τυμπάνοις

2022 4104 2208 4156 lerunt
2246 4100 2417 4162 varia,
2474 4113 2643 4168 agnos
2693 4104 2749 4151 et
2782 4098 2948 4151 boves
2997 4106 3050 4149 et
3097 4085 3489 4164 supellec’tiletn
3537 4106 3596 4149 et

2019 4191 2285 4265 ejusmodi
2317 4191 2484 4245 multa
2515 4199 2570 4243 et
2603 4191 2772 4242 varia.
2800 4187 2994 4242 Paucis
3011 4187 3205 4241 diebus
3227 4195 3348 4256 post
3387 4186 3593 4257 Byzan—

2021 4288 2081 4345 tii
2113 4285 2318 4342 reversi
2355 4292 2482 4339 sunt
2509 4297 2635 4338 cum
2655 4283 2858 4351 quibus
2874 4279 3311 4349 miseratgratiis
3341 4280 3588 4334 etdonis.

349 4380 448 4432 καὶ
482 4381 738 4448 ἐπισήμῳ
768 4378 861 4429 καὶ
893 4377 1092 4446 ἀρχιλῇ
1133 4374 1363 4445 σημαία,
1398 4377 1562 4444 μέχρι
1622 4377 1827 4441 πόλεως
1885 4400 1945 4438 τε
1983 4382 2078 4440 καὶ
2127 4379 2310 4439 ἑστίας
2380 4375 2487 4428 τῶν
2537 4377 2593 4428 ἐν
2633 4373 2853 4442 Βιθυνίᾳ
2884 4372 3264 4442 περιϐλέπτων
3289 4387 3347 4423 τε
3377 4371 3472 4423 καὶ
3508 4371 3594 4422 ἐν·

350 4470 522 4534 δόξων
550 4472 712 4539 μαῖς’
754 4467 958 4521 Νίκαια
989 4465 1219 4534 ταυτησὶ
1249 4466 1307 4518 τὸ
1337 4464 1662 4535 ἐπώνυμονσ
1700 4469 1827 4526 ἔνθα
1889 4476 1952 4547 δὴ
1995 4475 2212 4535 πάντες,
2247 4467 2515 4539 συνῄεσαν
2567 4465 2805 4531 Βιθυνοὶ,
2848 4466 2964 4518 ὅσοι
3008 4481 3067 4516 τε
3119 4463 3226 4515 τῶν
3293 4461 3599 4532 Βαρϐάρων

353 4568 452 4620 καὶ
482 4564 776 4634 ὁμοφύλων
839 4561 1010 4629 αὐτῷ,
1061 4561 1157 4612 καὶ
1199 4563 1315 4613 ὅσοι
1369 4558 1783 4636 μιξοϐάρϐαροι,
1829 4573 1924 4624 καὶ
1964 4571 2099 4641 πρός
2135 4585 2197 4636 γε
2230 4567 2384 4624 ὅσους
2416 4561 2524 4614 τῶν
2578 4561 2866 4630 ὁμοφύλων
2925 4559 3087 4622 ὄντας
3117 4560 3250 4627 ἡμῖν
3281 4558 3427 4621 ὅπως
3459 4556 3599 4608 ποτὲ·-

354 4663 466 4723 τοῖς
496 4658 794 4727 βαρϐάροις
845 4656 878 4724 ὴ
925 4653 1061 4722 τύχη
1111 4653 1385 4706 δουλεύειν
1461 4655 1766 4724 ἠνάγκασε,
1803 4661 1952 4731 δῶρα
1995 4663 2271 4732 φέροντες,
2315 4653 2655 4717 παντοδαπὰ,
2688 4653 2935 4723 πρόϐατα
2977 4653 3078 4705 καὶ
3107 4651 3232 4722 βόας
3266 4652 3364 4702 καὶ
3391 4651 3602 4702 ἔπιπλα

357 4757 451 4822 καὶ
481 4750 706 4805 τοιαῦτα
741 4749 876 4802 ἄττα
909 4745 1202 4817 πάμπολλά
1267 4762 1326 4798 τε
1372 4748 1465 4800 καὶ
1526 4749 1803 4819 πολυειδῆ.
1851 4751 2163 4822 Ὀλίγαις¹δ’
2229 4749 2453 4814 ὕστερον
2490 4747 2726 4817 ἡμέραις
2760 4746 2808 4798 οἱ
2843 4745 3278 4816 προπέμψαντες
3323 4744 3602 4813 ἐπανῆκον
3687 4813 3690 4816 ν

361 4845 642 4908 Βδςάντιοι
692 4841 808 4909 μεθ’
853 4833 929 4892 ὧν
977 4840 1258 4908 προσῆκεν
1305 4839 1514 4891 ἐκεῖθεν
1546 4841 1792 4909 χαρίτων
1840 4846 1934 4896 καὶ
1973 4844 2182 4915 δώρων.

431 4936 504 4992 Δ¹,
535 4934 643 4986 Καὶ
673 4932 843 4984 ταῦτα
872 4929 969 4999 μὲν
997 4929 1186 4981 τοῦτον
1218 4927 1338 4997 ἐσχε
1371 4931 1458 4980 τὴν
1480 4930 1700 4997 τρόπον,
1733 4934 1826 4984 καὶ
1856 4932 1916 4984 τὸ

359 5027 518 5095 θέρος
538 5023 595 5072 ἐν
629 5019 838 5079 τούτοις
889 5015 1164 5078 ἐτελεύτα,
1200 5015 1362 5086 ξηρὲν
1392 5020 1444 5080 ἐς
1481 5018 1732 5072 τοσοῦτον
1768 5021 1920 5087 γενέ-

363 5133 525 5186 μενον
555 5112 647 5165 καὶ
670 5109 955 5179 αὐχμῶδες
985 5108 1076 5159 καὶ
1109 5109 1456 5159 παντάπασιν
1481 5109 1707 5177 ἁνικμον
1730 5111 1802 5173 ὡς
1826 5112 1920 5164 καὶ

359 5204 726 5265 ἀπογνώσεως
768 5200 870 5270 ἤδη
924 5198 1301 5267 παρασχέσθαι
1356 5201 1466 5260 τοῖς
1518 5200 1921 5268 ἀμπελουργοῖς

2090 4931 2180 4985 ιν.
2214 4932 2338 4985 Hec
2361 4945 2486 4985 eum
2515 4931 2675 4984 finem
2702 4930 3031 4984 habuerunt.
3053 4929 3120 4983 Et
3148 4938 3306 4982 testas
3327 4928 3413 4981 his
3429 4927 3605 4983 rebus

2020 5023 2265 5076 confecta
2319 5029 2425 5085 est,
2479 5036 2600 5090 quae
2649 5021 2871 5089 quidem
2911 5019 3291 5089 pulverulenta
3352 5021 3489 5072 adeo
3544 5028 3602 5072 es

2024 5113 2273 5181 squalosa
2325 5122 2380 5167 et
2435 5113 2662 5167 omnino
2715 5120 2947 5165 :estuosa
2991 5117 3149 5174 erat',
3203 5119 3266 5162 ut
3300 5109 3603 5164 vinitorum-

2027 5217 2150 5270 Spes
2179 5205 2229 5255 in
2262 5203 2699 5272 desperationem
2729 5203 2962 5255 venerit.
3011 5200 3143 5253 Nam
3181 5200 3291 5253 vini
3347 5217 3605 5271 magnam

365 5293 661 5352 ὑπονοίαςσ
703 5288 920 5341 ἔσεσθαι.
951 5289 1080 5354 -γάρ
1135 5287 1276 5339 οἴνου
1347 5287 1563 5356 μακράν
1617 5305 1737 5340 τινα
1795 5291 1919 5342 σπά·

2029 5297 2267 5364 inopiam
2309 5305 2363 5348 et
2425 5296 2708 5364 penuriam
2760 5299 2994 5346 luturam
3044 5293 3398 5361 judicabant.
3453 5295 3602 5362 quod

362 5404 448 5438 νιν
479 5384 573 5436 καὶ
597 5383 825 5451 ἀφορίαν
853 5377 1039 5449 ᾤοντο.
1077 5377 1149 5430 Τὸ
1173 5376 1217 5429 δ’
1259 5380 1314 5438 ἐς
1347 5379 1450 5429 πᾶν
1490 5379 1665 5448 ἀπέϐη
1707 5379 1926 5432 τούναν-

361 5477 500 5537 τίον,
527 5474 602 5533 ὡς
629 5460 1109 5541 ἀνωμολογημένον
1140 5467 1312 5521 ἅπασι
1357 5471 1687 5537 γεγενῆσθαι
1735 5471 1920 5538 θαῦμα

364 5569 462 5620 ἐπὶ
503 5566 745 5632 θαύματι
777 5562 934 5614 τοῦτο
981 5562 1132 5628 παρὰ
1176 5561 1270 5612 τοῦ
1317 5563 1645 5630 κρείττονος,
1705 5563 1926 5632 Πρῶτον

367 5661 470 5728 μὲν
500 5659 610 5726 γὰρ
654 5652 722 5727 ἦν
753 5657 927 5707 ἐκεῖνο
980 5652 1167 5721 θαῦμα
1216 5652 1358 5704 θεῖον
1415 5653 1509 5705 καὶ
1568 5653 1842 5720 μέγιστον,
1870 5656 1926 5705 ἐν

362 5751 581 5818 καιροῖς
608 5747 894 5809 τοιούτοις,
923 5746 1010 5796 ὅτε
1033 5743 1101 5796 τὸ
1127 5743 1494 5812 ἀκμαιότατον
1521 5744 1620 5811 τῆς
1670 5745 1928 5814 βαρϐαρι-

365 5841 475 5910 κῆς
507 5839 691 5908 ἰσχύος
728 5841 827 5906 τὴν
867 5835 1153 5904 Ῥωμαίων
1185 5834 1350 5887 παλαι
1380 5833 1548 5887 πολύν
1574 5851 1695 5886 τινα
1735 5837 1928 5906 χρόνον

2028 5385 2188 5454 plane
2234 5385 2395 5436 aliter
2433 5383 2616 5437 evenit
2649 5392 2704 5436 et
2748 5383 2991 5436 omnium
3024 5396 3322 5444 consensu,
3363 5384 3602 5436 miracu-

2031 5474 2143 5526 lum
2174 5482 2420 5525 secutum
2450 5482 2532 5525 est
2563 5473 2884 5526 miraculum
2925 5472 3166 5524 melioris
3201 5474 3453 5526 fortuna.
3486 5472 3602 5524 Pri-

2037 5579 2180 5616 mum
2211 5563 2354 5616 enim
2387 5563 2632 5634 tliviputn
2692 5562 3014 5616 miraculum
3073 5571 3128 5615 ct
3165 5576 3439 5615 summum
3497 5560 3601 5616 fuit

2037 5655 2162 5707 illud
2193 5696 2206 5715 ,
2266 5653 2409 5723 quod
2461 5653 2726 5721 cj-usimodi
2783 5647 3142 5723 temporibits,
3179 5653 3270 5706 tibi
3320 5665 3601 5704 summum

2037 5746 2398 5800 Barharorem
2426 5748 2592 5799 robur
2615 5762 2709 5814 per
2740 5746 2956 5816 longum
2985 5757 3197 5814 tempus
3231 5743 3604 5796 Romanorum

1981 5847 2000 5866 ⁸
2037 5839 2162 5891 olim
2197 5839 2493 5908 depasccns
2518 5840 2793 5910 paulisper
2823 5839 2967 5908 ipsas
2999 5836 3375 5909 Byzantiorum
3408 5844 3604 5904 portas
