4134 6286
537 341 632 409 έιῖρῙ

1725 281 2586 392 Νιοεοιῑοιιιόιιιεοοῑιίε

3647 319 3737 386 4ῖςὶ

537 463 876 525 occluserat;
913 459 1049 513 rdeo
1077 453 1361 511 inciilta'et
1394 455 1536 508 invia
1572 454 1786 508 deserta
1813 462 2116 508 crant’om-

2253 450 2650 514 πιῦοσκόμενον
2675 444 2774 512 γῆν
2803 439 3002 510 μικροῦ
3036 439 3128 491 καὶ
3154 438 3321 500 αὐτὰς
3355 438 3636 502 Βυζαντίων
3657 447 3738 509 τὰς

542 559 632 610 nia
663 566 814 610 extra
847 561 1032 622 portas
1069 551 1204 603 loca.
1237 549 1480 616 Denique
1523 546 1616 600 Dei
1644 555 1778 598 nutu
1830 543 2110 612 inopinata

539 665 602 700 ne
658 645 938 713 repentina
989 658 1052 696 ex
1107 639 1336 712 llvrrani
1373 637 1467 691 filii
1501 636 1812 705 captivitate
1855 635 2114 688 Romanis

546 739 773 792 libertas
802 739 944 788 facta
976 742 1080 795 est,
1113 742 1172 786 ut
1215 730 1470 784 omnibus
1499 727 1834 783 accessibilis
1881 735 1936 782 et
1965 727 2112 782 culta

541 830 702 900 510
729 827 876 882 brevi
927 835 1072 880 esset
1105 821 1333 877 Thracia
1388 822 1500 874 fera
1553 821 1682 873 olim
1737 829 1790 872 et
1839 821 2114 873 latronum

543 931 721 990 piena.
764 921 967 974 Deinde
1005 921 1254 986 quamvis
1285 913 1578 968 admodum
1617 921 1848 966 arstuosa
1880 913 2118 964 visacs-

539 1023 624 1066 set
653 1021 834 1070 astas,
870 1019 1051 1062 tamen
1096 1017 1246 1060 tanta
1281 1003 1390 1058 vini
1417 1004 1570 1072 copia
1619 1013 1742 1056 nata
1771 1011 1875 1064 est,
1911 1009 1968 1053 ut
1997 1001 2118 1069 plu-

543 1111 695 1162 rimis
730 1124 849 1159 vasa
889 1106 1214 1158 defecerint.
1252 1102 1459 1170 Duplex
1483 1102 1630 1154 enim
1669 1109 1725 1153 et
1757 1098 1953 1166 triplex
1991 1111 2118 1164 per—

543 1199 730 1252 multis
759 1213 882 1250 cum
912 1197 1092 1264 priore
1117 1210 1262 1248 anno
1292 1201 1604 1262 romparata
1639 1189 1831 1244 messis
1855 1187 1977 1248 fuit,
2001 1186 2119 1254 qui-

543 1290 769 1344 busdam
795 1287 1136 1356 quadruplex
1173 1286 1297 1339 data
1340 1294 1445 1347 est,
1481 1283 1554 1336 ila
1581 1291 1642 1336 ut
1669 1279 1852 1334 cuncti
1876 1293 2120 1332 commu-

544 1401 665 1435 neu:
699 1383 962 1436 honorem
986 1389 1042 1432 et
1077 1379 1304 1447 gratiam
1331 1393 1396 1431 ex
1425 1377 1617 1430 intima
1651 1373 1815 1428 animi
1849 1371 2121 1425 sententia

541 1475 757 1542 egerint
787 1471 917 1537 Deo,
946 1469 1038 1539 qui
1068 1477 1264 1524 contra
1296 1468 1541 1522 omnium
1568 1465 1885 1534 opinionem
1916 1463 1998 1516 eis
2025 1460 2120 1529 qui

546 1567 600 1616 in
655 1577 920 1616 summam
958 1561 1397 1628 desperationem
1451 1566 1737 1618 venerant,
1789 1557 2122 1624 inopinatam

545 1667 603 1707 et
638 1654 945 1706 mirabilem
983 1651 1175 1706 salutis
1211 1649 1349 1703 viam
1411 1650 1752 1718 aperuisset,
1787 1647 1879 1716 qui
1923 1660 1953 1700 ο
1999 1661 2126 1714 pro-

546 1746 714 1798 fundo
746 1754 901 1797 terrae
953 1742 1174 1796 sustulit
1207 1749 1263 1794 et
1299 1757 1366 1794 ex
1405 1749 1647 1794 stercore
1679 1739 1915 1792 detraxit
1967 1746 2025 1790 et
2057 1735 2114 1788 in

2218 542 2392 603 πύλας
2443 538 2812 607 ἐγκέκλεικεν,
2855 533 2930 596 ὡς
2977 533 3231 602 ἀοίκητον
3273 528 3410 584 εἶναι
3445 534 3531 585 καὶ
3564 533 3739 588 ἄϐατον

2219 637 2452 705 ἐρημίαν
2484 633 2551 686 τὰ
2583 632 2690 696 ἔξω
2718 629 2904 682 πυλῶν
2931 627 3168 690 ἅπαντα,
3209 625 3399 678 ἔπειτα
3435 625 3603 680 νεύσει
3627 627 3744 682 Θεοῦ

2220 725 2530 798 παράδοξόν
2557 739 2678 776 τινα
2721 722 2814 774 καὶ
2847 719 3258 790 ἀπροσδόκητον
3297 717 3545 788 ἐξαίφνης
3581 721 3638 772 ἐκ
3663 721 3749 790 τῆς

2220 821 2314 872 τοῦ
2353 819 2542 879 παιδὸς
2587 813 2860 887 ’Υρκανοῦ
2897 809 3277 882 κατασχέσεως
3309 809 3586 877 Ῥωμαίοις
3625 812 3753 864 ἐλευ-

2221 913 2412 982 θερίαν
2439 909 2715 980 γενέσθαι,
2744 907 2819 969 ὠς
2855 905 2990 958 πᾶσι
3021 903 3254 973 βάσιμόν
3282 919 3340 955 τε
3363 903 3454 954 καὶ
3481 899 3672 975 ἥμερον
3706 907 3754 956 ἐν

2224 1004 2418 1076 βραχεῖ
2444 1002 2546 1069 τὴν
2574 1001 2706 1069 πρὶν
2737 997 2936 1067 ἀγρίαν
2974 995 3190 1064 ἐκείνην
3224 995 3316 1047 καὶ
3347 994 3549 1066 λῃστῶν
3582 993 3755 1064 γέμου-

2225 1114 2322 1149 σαν
2345 1095 2406 1166 If.
2433 1093 2542 1148 254
2571 1089 2628 1166 li]
2673 1091 2918 1162 Θρᾴκην.
2961 1089 3224 1158 Δεύτερον
3259 1087 3303 1140 δ’
3348 1087 3426 1140 ὄτι
3475 1087 3562 1140 τοῦ
3593 1087 3757 1159 θέρους

2222 1187 2456 1256 ἀνίκμου
2487 1187 2629 1238 πάνυ
2657 1201 2711 1236 τι
2731 1183 2852 1234 λίαν
2887 1182 3172 1250 φανέντος,
3205 1179 3456 1232 τοσοῦτον
3492 1181 3625 1233 οῐνου
3659 1183 3758 1243 ταῖς

2223 1278 2490 1348 ἀμπέλοις
2571 1275 2776 1345 πλῆθος
2881 1273 3309 1346 καρποφορῆσαι
3395 1273 3762 1341 συμπέπτωκεν

2221 1369 2296 1433 ὡς
2387 1367 2510 1436 μηδ’
2593 1365 2922 1435 ἀποχρῶντα
3005 1367 3120 1426 τοῖς
3210 1363 3426 1426 πολλοῖς
3525 1363 3764 1432 ὑπάρχειν

2225 1459 2303 1520 είς
2355 1455 2621 1524 ὑποδοχὴν
2683 1455 2920 1522 ἀγγεϊαο
2982 1453 3239 1506 διπλάσια
3295 1452 3406 1522 γὰρ
3459 1453 3549 1504 καὶ
3571 1453 3770 1521 τριπλά-

2230 1568 2320 1602 σια
2349 1551 2460 1611 τοῖς
2493 1548 2767 1609 πλείστοις
2797 1549 2830 1616 ἦ
2865 1547 3006 1600 κατά
3049 1547 3148 1610 τὴν
3179 1545 3376 1615 πέρυσι
3405 1547 3590 1613 γέγονε
3617 1561 3773 1614 γεωρ-

2229 1643 2374 1711 γίαν,
2401 1641 2516 1694 ἐστι
2548 1641 2592 1694 δ’
2621 1635 2702 1702 οἷς
2727 1641 2820 1692 καὶ
2851 1641 2906 1702 ἐς
2953 1641 3013 1692 τὸ
3042 1638 3443 1708 τετραπλάσιον
3469 1637 3683 1706 ἀνήχθη,
3707 1639 3774 1700 ὡς

2233 1733 2420 1802 κοινὴν
2455 1732 2702 1794 ἅπαντας
2732 1729 2890 1795 δόξαν
2919 1728 3025 1794 κάξ
3079 1730 3207 1800 ὅλης
3249 1730 3594 1800 εὐχαριστίαν
3619 1729 3776 1799 ψυχῆς

549 1829 714 1904 τιψε
766 1834 1096 1888 immutabili
1163 1833 1553 1902 c0gitationum
1607 1831 1774 1914 pedes
1821 1827 2129 1885 collocavit.

2250 1825 2309 1894 τῷ
2342 1825 2412 1876 τά
2449 1823 2683 1894 μέγιστά
2712 1840 2770 1874 τε
2793 1825 2886 1874 καὶ
2910 1821 3191 1892 παράδοξα
3219 1824 3330 1884 τοῖς
3359 1823 3418 1884 ἐς
3446 1815 3630 1892 τᾶτῆς
3660 1821 3779 1874 ἀπο.

546 1931 799 1996 γνώσεως
857 1931 1058 1999 ἔσχατα
1109 1927 1459 1998 ἑρριμμένοις
1511 1927 1919 1996 ἀπροσδόκητόν
1979 1941 2100 1976 τινα
2171 1923 2264 1976 καὶ
2326 1921 2467 1976 πάνυ
2516 1936 2568 1972 τι
2628 1917 2939 1988 θαυμασίαν
2996 1918 3359 1988 παρεχομένῳ
3413 1918 3506 1988 την
3563 1917 3778 1984 ἔγερσιν,

547 2024 656 2072 κάκ
693 2023 796 2086 τῷν
830 2021 1082 2072 ἀϐύσσων
1149 2022 1246 2089 τῆς
1309 2017 1414 2086 γῆς
1458 2017 1774 2086 ἀνυψοῦντι,
1821 2017 1930 2068 κάκ
1976 2011 2150 2085 πηλοῦ
2187 2011 2332 2074 ἰλύος
2391 2009 2648 2078 ἀνάγοντι
2671 2009 2766 2063 καὶ
2785 2011 2878 2063 ἐπί
2909 2009 3115 2077 πέτραν
3139 2008 3428 2060 ἀτίνακτον
3452 2008 3574 2070 τοὺς
3631 2005 3780 2069 πόδας

547 2101 766 2168 ίστῶντι
799 2113 904 2164 τῶν
935 2111 1234 2180 λογισμῶν.

625 2209 684 2262 ν.
723 2205 1138 2273 Quamprimum
1186 2211 1484 2258 autumnus
1523 2202 1640 2256 fieri
1675 2201 1862 2270 cmpil,
1887 2214 2128 2256 commo-

551 2299 702 2355 randi
722 2309 774 2352 et
797 2297 962 2350 animi
983 2295 1262 2350 recreandi
1281 2311 1444 2350 causa
1463 2309 1585 2350 cum
1607 2296 1903 2364 imperator
1924 2293 2132 2363 Selym-

553 2391 727 2442 briam
756 2404 925 2457 usque
951 2385 1315 2454 pervenisset,
1339 2387 1490 2439 venit
1521 2386 1587 2455 ad
1621 2401 1746 2439 eum
1774 2401 1802 2438 e
1833 2385 1992 2454 Bizya
2018 2385 2128 2437 Ma-

553 2477 680 2530 nuel
712 2475 855 2528 Asan
885 2472 1092 2526 domini
1125 2473 1446 2540 petitionem
1471 2475 1791 2544 prolaturus
1813 2489 1976 2542 quam
2005 2485 2134 2528 ante

552 2568 694 2620 duos
723 2581 896 2618 annos
932 2581 958 2616 a
987 2563 1240 2616 Mattiaco
1275 2572 1388 2616 tum
1435 2577 1696 2635 regnante
1727 2574 1783 2617 et
1815 2566 1865 2617 in
1900 2564 2134 2620 Thracia

552 2673 739 2714 secum
774 2658 1142 2724 colloquente,
1185 2655 1571 2724 Byzantiorum
1615 2657 1766 2711 socio
1799 2655 2131 2726 impetrave-

556 2757 658 2801 rat.
696 2746 802 2799 Sed
843 2747 1058 2799 cervice
1087 2746 1324 2799 vinculis
1372 2747 1668 2800 constricta
1700 2747 1863 2800 domo
1898 2748 2046 2800 venit
2077 2759 2132 2802 et

555 2853 617 2896 ut
649 2839 928 2894 miseratio
977 2837 1084 2891 sibi
1137 2839 1292 2892 ﬁeret
1321 2838 1512 2906 petiit,
1559 2838 1856 2892 frustratus
1892 2853 1989 2906 per
2023 2847 2132 2892 tres

535 2931 1154 2987 annosincursionibus
1182 2941 1237 2984 et
1263 2930 1692 2999 prmdationilnus
1749 2946 1886 2998 quas
1921 2947 1988 2984 ex
2045 2930 2133 2982 Bi-

2314 2197 2390 2252 E'.
2425 2195 2574 2253 Εἶεν.
2609 2199 2767 2268 Ἀρτι
2801 2197 2847 2251 δ’
2871 2198 3174 2268 ἀρχομένου
3201 2195 3294 2252 τοῦ
3321 2197 3656 2267 φθινοπώρου
3687 2197 3786 2249 δια·

2239 2293 2432 2362 τριϐῆς
2485 2293 2671 2346 εἵνεκά
2715 2309 2861 2354 τινος
2903 2293 2998 2344 καὶ
3025 2291 3382 2362 ψυχαγωγίας
3435 2292 3650 2362 μετρίας
3677 2291 3788 2358 ἄχρι

2238 2385 2594 2455 Σηλυμϐρίας
2643 2384 2988 2452 ἐξεληλυθότι
3046 2383 3123 2452 τῷ
3167 2383 3383 2452 βασιλεῖ
3421 2387 3691 2452 πρόσεισιν
3734 2383 3790 2434 ἐκ

2240 2478 2442 2546 Βιζύης
2495 2461 2754 2546 Μανουὴλ
2789 2480 2814 2528 δ
2859 2477 3025 2528 ’Λσὰν
3071 2475 3132 2528 τὸ
3161 2476 3253 2528 τοῦ
3283 2476 3549 2529 δεσπότου
3596 2475 3790 2540 ἀξίωμα

2241 2570 2650 2638 περικείμενος,
2686 2569 2713 2620 ὃ
2748 2569 2854 2636 πρὸ
2887 2569 3032 2620 δυοῖν
3069 2567 3206 2619 ἐτῶν
3253 2567 3468 2638 είλήφει
3501 2569 3630 2635 πρὸς
3655 2567 3792 2618 Ματ-

2242 2661 2393 2713 θαίου
2449 2664 2570 2714 τότε
2627 2659 3006 2729 βασιλεύοντός
3039 2677 3098 2712 τε
3128 2660 3222 2710 καὶ
3253 2659 3400 2712 κατά
3433 2658 3652 2728 Θρᾴκην
3679 2659 3793 2724 ὀμι-

2239 2755 2456 2814 λοῦντος
2510 2753 2660 2821 αὐτῷ
2703 2752 3082 2821 συμμαχοῦντι
3131 2750 3274 2804 κατά
3321 2751 3434 2804 τῶν
3485 2749 3792 2813 Βυζαντίων.

2241 2838 2310 2899 1'll
2323 2862 2382 2896 κε
2411 2845 2468 2896 δὲ
2497 2847 2588 2896 τὸν
2618 2843 2891 2914 τράχηλον
2934 2843 3216 2910 δεδεμένος
3247 2843 3464 2895 οἴκοθεν
3505 2845 3596 2894 καὶ
3634 2842 3797 2910 τυχεῖν

2243 2937 2586 3006 συμπαθείας
2621 2937 2874 3006 δεόμενος
2901 2935 2994 2989 ἅτε
3019 2936 3296 2998 ἐπταικὼς
3325 2937 3388 2988 ού
3423 2939 3598 3005 μικρὰ
3618 2935 3698 2986 διὰ
3713 2936 3796 2994 τὰς

555 3041 653 3094 zya
676 3023 896 3076 fecisset
945 3039 1054 3074 non
1089 3039 1252 3089 parva
1295 3021 1573 3091 Byzantiis
1604 3022 1802 3074 damna
1835 3023 2128 3084 attulisset,

2250 3032 2342 3084 τῶν
2373 3031 2541 3100 τριῶν
2571 3031 2674 3102 ἥδη
2707 3031 2844 3082 ἐτῶν
2881 3029 3184 3100 ἐπιδρομὰς
3229 3031 3320 3082 καὶ
3353 3029 3699 3099 καταδρομὰς
3720 3026 3803 3079 καὶ

559 3117 864 3171 combustis
898 3126 952 3170 et
1001 3115 1236 3182 direptis
1267 3115 1414 3182 agris
1459 3127 1514 3170 et
1570 3116 1785 3168 cultura
1844 3115 2129 3184 deperdita

565 3209 722 3278 51].
756 3218 812 3261 οι
844 3208 1212 3276 (ιιιοιιουιιιιυυ
1253 3217 1470 3275 poterat
1501 3207 1805 3274 Palrcologo
1852 3208 1984 3276 imp.
2025 3223 2137 3258 mo-

561 3302 690 3354 litus
721 3309 884 3352 esset.
911 3299 1030 3362 Sed‘
1059 3299 1151 3353 ubi
1195 3299 1360 3352 tantis
1389 3299 1589 3368 opibus
1618 3300 1685 3352 ad
1717 3299 2041 3352 diuturnum
2069 3313 2134 3352 ac

561 3400 886 3463 perpeluum
909 3389 1112 3445 bellum
1150 3405 1289 3460 opus
1325 3390 1430 3444 fuit
1480 3395 1618 3458 (erat
1651 3405 1781 3444 sane
1809 3391 2136 3444 diuturnum

559 3501 617 3539 et
639 3485 932 3538 multorum
959 3491 1299 3554 sumptuum,
1334 3497 1468 3552 quas
1485 3498 1613 3536 vero
1642 3500 1704 3536 ex
1737 3483 2141 3537 incursionibus

563 3589 618 3630 et
651 3576 1082 3646 pranlationibus
1105 3575 1351 3644 quotidie
1385 3575 1674 3643 colligebat
1705 3575 1791 3626 vix
1816 3574 2137 3642 quotidiana

568 3671 804 3721 militum
840 3665 1082 3736 sumptui
1113 3665 1454 3720 sufﬁciebant
1477 3677 1528 3718 et
1555 3667 1870 3734 priusquam
1901 3665 2142 3732 pericula

567 3767 618 3814 in
657 3761 856 3829 quibus
890 3760 1211 3814 versabatur
1233 3757 1466 3821 videret,
1503 3757 1556 3810 in
1597 3756 1896 3810 discrimen
1935 3767 1994 3810 ct
2021 3757 2142 3810 ino-

567 3857 708 3924 piam
767 3851 1191 3920 lltSllpCl‘ailllCn‘l
1223 3850 1469 3920 quotidie
1522 3865 1580 3904 se
1611 3849 1971 3902 collabentem
2027 3864 2138 3902 non

569 3943 748 4010 vidit),
796 3956 916 3994 eam
957 3941 1026 3992 ob
1050 3955 1271 3994 causam
1301 3941 1365 3992 ad
1399 3941 1530 4008 imp.
1581 3929 1857 4007 prolectus
1883 3947 1940 3991 et
1981 3940 2142 3992 venia

567 4049 674 4102 qua
707 4047 846 4100 opus
894 4039 1012 4084 erat
1051 4032 1340 4100 impetrata
1393 4031 1567 4099 Βίαντα
1603 4039 1662 4082 ut
1698 4039 1857 4082 antea
1895 4029 2144 4083 tenenda:

567 4134 624 4179 et
652 4123 1114 4188 administranda,
1147 4123 1302 4176 laetus
1321 4131 1374 4175 et
1399 4122 1678 4176 exsultans
1705 4121 1886 4184 rediit,
1912 4124 2061 4176 curis
2091 4131 2147 4176 et

571 4231 740 4282 metu,
778 4231 897 4286 quze
925 4216 1014 4268 diu
1047 4225 1322 4284 noctuque
1351 4215 1594 4268 animum
1625 4213 1746 4283 ejus
1778 4213 2134 4281 perturbave-

572 4321 696 4363 rant
725 4309 978 4363 sublatis.

2243 3122 2562 3191 λεηλασίας,
2618 3121 2683 3184 ἂς
2712 3121 2777 3174 ἐκ
2829 3121 3028 3190 Βιξύης
3059 3121 3384 3192 ὁρμώμενος
3417 3121 3650 3174 ἐνεποίει
3703 3121 3801 3180 τοῖς

2243 3213 2594 3282 προαστείοις
2643 3213 2754 3264 τῶν
2801 3211 3138 3275 Βυζαντίων,
3177 3215 3326 3266 κάων
3359 3214 3458 3266 καὶ
3503 3213 3805 3283 ληϊζόμενος

2245 3304 2448 3374 ἀγροὺς
2479 3307 2569 3356 καὶ
2598 3304 2874 3374 γεωργίας
2897 3303 3114 3358 ἁπάσας
3144 3304 3346 3368 αὐτῶν,
3387 3306 3483 3358 καὶ¹
3509 3301 3804 3371 προσδοκῶν

2245 3397 2342 3446 καὶ
2385 3393 2776 3464 μηχανώμενος
2812 3389 2926 3444 οἷον
2968 3393 3030 3461 δή
3065 3409 3184 3444 τινα
3235 3393 3608 3460 Παλαιολόγου
3639 3391 3806 3443 κίνδυο

2247 3502 2338 3538 νον
2367 3485 2460 3536 τοῦ
2495 3485 2790 3554 βασιλέως.
2833 3485 2990 3536 Ἐπεὶ
3017 3485 3074 3536 δὲ
3122 3487 3188 3538 τα
3231 3484 3465 3539 τοιαῦτα
3489 3487 3658 3538 δεῖται
3689 3501 3808 3552 χρη-

2253 3577 2438 3646 μάτων
2461 3577 2538 3638 είς
2557 3575 2814 3643 ἐπίμονον
2841 3575 3020 3644 μάχην
3043 3575 3132 3627 καὶ
3161 3575 3400 3646 πολυχρό
3437 3595 3538 3634 ιον.
3561 3575 3618 3646 [ι.
3640 3577 3738 3630 255
3755 3573 3806 3642 (ιι

2251 3667 2278 3719 ὃ
2311 3667 2368 3719 δὲ
2414 3669 2508 3720 καὶ
2556 3666 2913 3736 πολυχρόνιον
2939 3707 2953 3732 ,
3010 3667 3168 3720 τοῦτο
3220 3671 3314 3720 καί
3359 3670 3750 3730 πολυδάπανον,
3777 3665 3808 3717 ὃ.

2247 3755 2294 3808 δ’
2325 3749 2382 3820 ἐξ
2411 3754 2715 3824 ἐπιδρομῆς
2745 3756 2893 3825 αὐτῷ
2925 3758 3020 3808 καὶ
3067 3756 3329 3827 λαφύρων
3379 3757 3666 3826 ἠθροίζετο
3699 3756 3808 3808 καθ’

2251 3850 2483 3918 ἡμέραν,
2517 3849 2668 3917 μόλις
2721 3849 2800 3910 εἰς
2831 3847 3211 3918 αὐθημερινὴν
3247 3850 3474 3920 ἐξήρκει
3523 3851 3634 3911 τοῖς
3665 3865 3812 3917 στραι-

2252 3938 2476 3998 τιώταις
2535 3937 2808 4004 δαπάνην,
2869 3937 3128 4006 χορηγεῖν
3159 3937 3204 3989 δ’
3257 3940 3358 3990 οὐκ
3399 3935 3550 4008 εἶχεν
3579 3936 3736 3999 αὐτὸς
3759 3935 3813 3998 ἐξ

2255 4029 2501 4098 ἀφθόνων
2533 4029 2747 4082 οἴκοθεν
2802 4031 3017 4100 πηγῶν,
3056 4029 3232 4098 έλαθε,
3293 4032 3428 4102 πρὶν
3463 4027 3540 4086 ὧν
3576 4031 3813 4098 ἐπολέμει

2256 4123 2352 4176 καὶ
2384 4117 2457 4175 ὧν
2483 4124 2668 4191 ἐφίετο
2693 4122 2970 4184 κινδύνους
2997 4124 3150 4188 ίδεῖν,
3183 4125 3522 4176 κινδυνεύων
3551 4123 3706 4185 αὐτὸς
3731 4119 3814 4174 καὶ

2257 4217 2398 4286 πρὸς
2443 4218 2635 4268 πενίαν
2675 4217 3126 4284 ἁκαταγώνιστον
3167 4219 3492 4290 καταρρέων
3536 4219 3812 4288 ὁσημέραι.

2261 4309 2358 4362 Διά
2405 4309 2469 4378 δὴ
2525 4309 2698 4362 ταῦτα
2755 4307 2831 4378 τῷ
2873 4308 3080 4378 βασιλεῖ
3121 4309 3570 4380 προσεληλυθώς,
3629 4312 3716 4361 καὶ
3755 4301 3813 4376 ἧς

579 4407 754 4456 ἐδεῖτο
806 4407 1138 4472 συγγνώμης
1196 4405 1398 4473 τυχὼν,
1453 4403 1550 4456 καὶ
1611 4403 1728 4472 ἅμα
1773 4402 1872 4471 τὴν
1909 4403 2214 4474 ἐπιτροπὴν
2253 4407 2347 4458 καὶ
2383 4406 2653 4474 διοίκησιν
2683 4405 2781 4472 τῆς
2823 4404 3024 4474 Βιζιῐης
3059 4405 3203 4473 ἔχειν
3245 4407 3320 4468 ὡς
3353 4407 3630 4476 πρότερον
3655 4405 3712 4457 τὸ
3739 4405 3815 4456 ὲνο

572 4498 796 4566 Erinyn-‘1
829 4498 930 4568 ἤδη
973 4498 1068 4550 καὶ
1103 4497 1238 4566 πρὸς
1270 4497 1365 4549 τοῦ
1403 4497 1668 4566 βασιλέως
1693 4496 1848 4560 αὖθις
1903 4498 2167 4566 είληφὼς,
2211 4502 2386 4552 ἐκεῖσε
2448 4499 2678 4570 ἐπανῄει
2709 4500 2918 4568 χαίρων
2951 4500 3048 4552 καὶ
3087 4501 3461 4569 ἀγαλλόμενος
3489 4501 3575 4553 δτι
3607 4498 3814 4568 φροντί-

573 4593 679 4643 δων
713 4593 806 4644 καὶ
851 4593 1034 4660 φόϐων
1064 4591 1278 4662 νύκτωρ
1311 4595 1406 4644 καὶ
1456 4592 1576 4660 μεθ’
1608 4593 1820 4663 ἡμέραν
1851 4593 1948 4661 τὴν
1979 4595 2144 4646 αὑτοῦ
2183 4596 2362 4666 ψυχὴν
2391 4596 2818 4666 σπαραττύντων
2847 4593 3188 4664 ἀπήλλακτο.

657 4688 734 4740 \'|.
776 4687 1064 4752 Postquam
1119 4685 1377 4738 vioresimo
1435 4697 1627 4738 octavo
1681 4687 1844 4756 hujus
1895 4685 2134 4740 Romana

2331 4689 2423 4757 ς’.
2478 4690 2642 4759 Ἰίμῖν
2687 4691 2730 4742 δ’
2761 4692 2821 4743 ἐν
2859 4691 3030 4760 ὀγδόῳ
3085 4693 3178 4743 καὶ
3219 4691 3462 4761 ,είκοστῷ
3495 4693 3596 4760 τῆς
3631 4686 3816 4752 παρού-

580 4779 820 4832 Ιιῑειιιτὴιι
847 4777 991 4830 l.bro
1027 4777 1092 4829 dc
1119 4776 1314 4828 Russia
1348 4777 1397 4827 in
1441 4775 1808 4845 Hyperboreis
1837 4787 1994 4829 terrae
2027 4793 2151 4844 par-

580 4869 726 4922 tibus
755 4867 970 4936 jacente
1007 4865 1266 4918 nonnulla
1294 4867 1620 4934 srripsimus
1670 4867 1738 4920 ad
1775 4870 1851 4922 rei
1885 4879 2150 4938 opportu-

581 4964 804 5013 nitatem
851 4973 1053 5029 ap'am,
1109 4959 1216 5026 jam
1269 4973 1459 5011 rursus
1517 4971 1712 5012 emtcra
1767 4976 1994 5012 narrare
2055 4979 2150 5016 ne-

580 5071 728 5110 cesse
758 5065 862 5117 est,
895 5063 950 5107 et
983 5053 1274 5106 adnectere
1305 5051 1466 5104 dictis
1501 5051 1608 5104 illis
1641 5069 1760 5120 qua:
1809 5053 2012 5106 interea
2040 5053 2151 5108 dis-

584 5157 766 5216 putata
835 5157 964 5201 sunt
1013 5155 1070 5200 et
1101 5145 1264 5198 facta.
1319 5143 1394 5196 lta
1441 5145 1586 5196 enim
1629 5161 1724 5211 per
1779 5147 2148 5200 necessarium

583 5255 888 5293 connexum
919 5239 1128 5306 singula
1172 5253 1199 5290 ιι
1241 5237 1471 5304 singulis
1503 5252 1610 5289 non
1641 5238 1912 5306 disjuncta
1949 5238 2151 5306 videri,

585 5349 682 5386 nec
721 5341 902 5401 partes
953 5347 1074 5385 cum
1135 5332 1384 5398 partibus
1440 5345 1680 5397 pugnare
1719 5344 1818 5382 uec
1864 5345 1988 5382 cum
2033 5345 2153 5398 par-

585 5427 732 5476 tibus
769 5433 966 5478 cuucta
999 5437 1096 5476 nec
1119 5439 1240 5476 cum
1263 5423 1421 5491 512
1453 5423 2036 5475 cunctisdiversarum
2067 5437 2151 5474 re-

585 5531 703 5566 rum
739 5525 940 5582 partes.
971 5513 1066 5566 sed
1111 5513 1248 5566 bene
1281 5523 1336 5566 et
1361 5513 1628 5566 concinne
1675 5517 1852 5566 varias
1897 5512 2152 5566 historias

583 5607 736 5673 quasi
776 5622 883 5658 uno
935 5605 1152 5658 vinculo
1183 5605 1502 5671 coniunctas
1557 5605 1668 5658 fore
1723 5613 1872 5672 puto.
1925 5603 2151 5656 Narravi

587 5705 766 5748 autem
804 5697 1150 5750 llussia-csse
1179 5694 1494 5746 hominibus
1531 5695 2022 5763 frequentissimam
2063 5709 2156 5744 na-

594 5787 792 5840 tionem
827 5800 880 5842 el
912 5803 1066 5845 terra:
1101 5787 1490 5856 longitudinem
1527 5799 1574 5841 cl
1625 5789 1968 5841 latitudinem
2002 5803 2154 5838 mcu-

2259 4799 2358 4851 σης
2405 4783 2723 4853 Ῥωμαῖκῆς
2789 4783 3029 4852 ίστορίας
3071 4785 3332 4852 περὶτῆς
3375 4785 3536 4852 παρὰ
3561 4783 3626 4834 τὰ
3663 4783 3816 4846 ὑπερ-

2255 4875 2442 4944 ϐόρεια
2511 4875 2652 4944 μέρη
2717 4874 2814 4942 τῆς
2869 4876 3200 4942 οἰκουμένης
3255 4877 3520 4945 κειμένης
3567 4871 3814 4928 Ῥωσσξας

2256 4965 2372 5017 ἔνια
2409 4967 2814 5044 διεξεληλυθρσι
2844 5009 2858 5030 ,
2916 4970 3010 5018 καὶ
3073 4967 3176 5018 ὅσα
3219 4969 3286 5035 τῇ
3351 4969 3630 5034 ἑνεστιὶισῃ
3671 4961 3818 5030 χρείᾳ.

2259 5058 2700 5126 περισπούδαστα
2729 5053 2796 5127 ἦν
2827 5057 3152 5127 τηνικαῦτα,
3189 5058 3278 5110 διὰ
3303 5057 3516 5109 πολλῶν
3543 5054 3692 5108 αὖθις
3723 5049 3816 5119 ἤδη

2257 5147 2366 5198 τῶν
2401 5149 2605 5216 μεταξὺ
2661 5150 3050 5220 παλινδρομεῖν
3097 5149 3395 5216 ἀναγκαῖον
3445 5149 3680 5216 γίνεται,
3735 5143 3818 5193 καὶ

2260 5240 2528 5308 συνείρειν
2573 5243 2684 5303 τοῖς
2731 5242 3046 5310 εἰρημένοις
3109 5241 3336 5304 ἐκείνοις
3390 5242 3514 5292 ἐκεῖ
3557 5238 3591 5290 ἃ
3627 5231 3814 5304 μεταξὺ

2259 5331 2547 5401 λελάληταί
2601 5349 2660 5384 τε
2711 5335 2800 5384 καὶ
2845 5333 3170 5400 γεγένηται·
3225 5331 3367 5384 οὕτω
3423 5332 3538 5398 γὰρ
3587 5331 3815 5381 ἑκάστω)

2259 5419 2510 5483 ἑκάστοις
2535 5423 2680 5473 κατά
2701 5423 2800 5490 τὴν
2822 5423 3046 5474 δέουσαν
3071 5421 3464 5491 ἁρμοζομένων
3493 5412 3810 5482 ἀναδρομὴν.

2258 5511 2360 5562 οὒκ
2391 5511 2456 5564 ἄν
2484 5511 2603 5561 ποτ’
2636 5511 2868 5580 ἀπᾴδειν
2892 5509 3206 5578 ἐθελήσειεν
3248 5508 3366 5560 οὐδὲ
3401 5505 3676 5574 μάχεσθαι
3699 5497 3810 5550 οὔτε

2265 5600 2404 5666 μέρη
2439 5601 2662 5668 μέρεσιν
2683 5599 2797 5650 οὗθ’
2819 5600 2912 5652 ὅλα
2939 5601 3159 5667 μέρεσιν
3177 5597 3442 5658 οὔθ’δῑιοις
3467 5595 3502 5648 ἃ.
3525 5595 3630 5646 τῶν
3651 5591 3812 5645 ἄλλων

2263 5693 2509 5756 πέφυκεν
2541 5688 2680 5742 εἶναι
2717 5691 2880 5760 μέρη,
2926 5691 3039 5742 ἀλλ’
3073 5689 3345 5759 εῦρυθμόν
3375 5707 3496 5740 τινα
3541 5685 3636 5737 καὶ
3683 5679 3812 5750 μάλα

2263 5800 2315 5832 τι
2369 5785 2645 5851 ἕμρ.ου·σον
2679 5778 2830 5850 οἶμαι
2885 5783 3222 5850 φανήσεσθαι
3263 5781 3321 5832 τὸ
3365 5779 3474 5830 τῶν
3515 5773 3812 5830 ὑποθέσεων
