4134 6286
345 414 448 486 1'3

1255 407 1696 477 Brzwrtmt
1733 406 2123 477 lilSTORl.-E
2167 411 2317 475 LIB.
2373 403 2647 477 xxxvi.

3480 408 3582 475 454

347 537 621 608 συμμιγὲς
652 533 748 589 καὶ
773 533 1130 596 πολύπλοκον,
1160 531 1237 594 εἰς
1270 533 1365 583 ’ἐνα
1391 531 1489 598 τῆς
1517 531 1753 600 ἱστορίας
1802 531 1906 598 εἱρ-

2030 529 2186 582 -.urari
2219 529 2362 582 haud
2390 527 2546 582 facile
2577 538 2754 595 posse.
2776 524 3004 578 Annuus
3054 533 3351 593 proventus
3379 527 3586 578 mullus

350 635 452 700 μὸν
504 627 866 697 ἀναγόμενον.
898 625 1128 694 Εἴρηται
1157 623 1341 676 τοίνυν
1373 627 1506 692 ἡμῖν
1541 625 1797 691 ἀνωτέρω
1827 622 1902 684 ὡς

347 722 497 784 ἔθνος
529 720 648 774 ἐστὶ
695 718 1250 787 πολυανθρωπότατον
1282 718 1313 784 ἡ
1348 716 1568 778 Ῥωσία,
1603 717 1691 767 καὶ
1713 716 1745 783 ἡ
1771 714 1907 781 πρὸς

352 813 532 866 αὐτῶν
577 811 872 879 οἰκουμένη
917 810 988 876 γῆ
1031 808 1203 876 μῆκος
1232 809 1328 858 καὶ
1357 807 1558 867 πλάτος
1585 806 1647 856 οὐ
1679 805 1818 857 πάνυ
1855 818 1908 856 τι

350 907 557 975 σφόδρα
609 902 807 973 ῥᾳδίως
838 899 1188 970 ἀριθμεῖσθαι
1220 898 1503 959 ἐθέλουσα,
1549 897 1642 948 καὶ
1681 895 1908 946 πλοῦτον

349 1000 562 1060 ἐτήσιον
585 995 672 1046 ἀεὶ
691 990 1012 1062 γεωργοῦσα
1040 990 1133 1058 καὶ
1157 989 1513 1059 καρπουμένη
1539 987 1677 1038 πάνυ
1704 985 1912 1055 μακρὸν

351 1091 446 1140 καὶ
480 1086 746 1154 πολύχουν
771 1099 783 1113 ο
821 1082 1034 1150 ἄσημός
1066 1099 1122 1133 τε
1159 1083 1268 1148 γὰρ
1295 1081 1610 1149 χορηγεῖται
1665 1077 1913 1139 πλεῖστος

353 1174 583 1235 ἐκεῖθεν,
612 1171 1069 1241 μεταλλευόμενος
1097 1171 1161 1221 ὲκ
1191 1169 1298 1222 τῶν
1327 1163 1631 1236 ἐγχωρίων,
1673 1170 1766 1218 καὶ
1794 1166 1912 1232 ἅμα

348 1270 449 1338 τῆς
476 1268 576 1334 γῆς
612 1264 831 1332 ἐκείνης
861 1261 1040 1330 πολλῷ
1085 1262 1161 1330 τῷ
1189 1261 1352 1329 ψύχει
1393 1257 1914 1328 κρυσταλλουμένης

349 1361 434 1414 διὰ
465 1360 562 1426 τὴν
598 1357 810 1425 ἁποχὴν
859 1354 950 1408 τοῦ
983 1353 1156 1424 ἡλίου,
1195 1353 1374 1415 ζώων,
1421 1351 1496 1412 ὡς
1531 1351 1591 1402 τὸ
1618 1350 1781 1413 είκὺς,
1813 1368 1916 1418 πη.

350 1449 693 1519 γεσιμάλλων
731 1446 838 1499 ὑπὸ
881 1445 981 1513 τῆς
1037 1443 1248 1511 φύσεως
1303 1445 1514 1508 γίνεται
1568 1442 1788 1509 πλῆθος,
1843 1435 1916 1492 ὧν

347 1540 738 1612 θηρευομένων
790 1539 846 1590 αἱ
891 1535 1111 1605 σισύραι
1148 1536 1283 1603 πρὸς
1308 1533 1420 1586 τῶν
1448 1535 1565 1585 ἐκεῖ
1596 1532 1918 1584 κατοικούν-

349 1651 458 1686 των
488 1634 572 1685 διὰ
599 1633 777 1697 πάσης
807 1630 977 1697 ἄλλης
1003 1627 1353 1695 πεμπόμεναι
1382 1623 1561 1693 χώρας
1588 1624 1683 1676 καὶ
1709 1623 1918 1682 πόλεως

352 1721 523 1773 πολλὰ
571 1716 885 1786 πορίζονται
931 1714 1084 1782 σφίσι
1117 1716 1184 1764 τὰ
1244 1711 1432 1780 κέρδη.
1484 1711 1592 1763 Καὶ
1645 1709 1752 1778 μὴν
1811 1711 1919 1761 xix

351 1813 460 1865 τῶν
510 1810 571 1874 ἐξ
617 1805 860 1861 ὠκεανοῦ
893 1803 1260 1873 -ίειτονοῦντος
1291 1800 1676 1869 θηρευομένων
1715 1798 1915 1869 ἰχθύων

351 1904 498 1955 ἔστιν
531 1900 567 1954 ἃ.
597 1901 702 1951 τῶν
746 1897 917 1950 ὀστῶν
946 1896 1137 1963 τέρψιν
1168 1891 1400 1964 χρειώδη
1440 1891 1768 1960 παρέχονται
1808 1907 1918 1942 σα-
1949 1871 1990 1926 Β

351 1994 592 2060 τράπαις
612 1993 707 2042 καὶ
726 1989 954 2056 ἄρχουσι
981 1985 1078 2038 καὶ
1111 1983 1391 2054 βασιλεῦσι
1419 1982 1515 2036 καὶ
1550 1983 1683 2034 πᾶσι
1716 1979 1916 2049 μικροῦ

350 2086 462 2146 τοῖς
496 2083 726 2144 ἐνδόξοις
775 2079 920 2131 κατὰ
973 2077 1065 2129 τὸν
1107 2076 1222 2145 βίον
1259 2076 1356 2128 καὶ
1392 2074 1782 2141 περιὸλέπτοις
1823 2075 1920 2124 ἁν-

355 2174 620 2244 θρὼποις.
655 2171 759 2222 Ἔῶ
798 2169 978 2234 λέγειν
1035 2167 1134 2218 ὅσα
1185 2165 1323 2235 πρὸς
1370 2165 1585 2226 τούτοις
1642 2161 1919 2226 ξενίζοντα

353 2265 743 2333 δαψιλέστερον
801 2259 1012 2312 ἐκεῖθεν
1066 2256 1296 2317 ἐκείνοις
1325 2255 1524 2306 οὑτωσὶ
1565 2253 1792 2321 παρέχει
1833 2253 1922 2304 τόν

354 2357 607 2409 πλοῦτον.
642 2353 811 2406 Τοῦτο
844 2352 1024 2403 τοίνυν
1050 2348 1110 2400 τὸ
1137 2348 1290 2408 ἔθνος
1338 2345 1431 2414 ἀφ’
1479 2337 1541 2397 οὗ
1598 2347 1663 2413 τῇ
1711 2342 1925 2395 εὐσεϐεῖ

353 2446 674 2518 προσεῤῥύη
713 2442 977 2514 θρησκείᾳ
1017 2441 1112 2494 καὶ
1151 2437 1212 2490 τὸ
1257 2437 1367 2488 τῶν
1407 2433 1745 2505 Χριστιανῶν
1785 2433 1924 2485 θεῖον

353 2542 576 2607 ἐδέξατο
633 2538 943 2607 βάπτισμα,
1006 2533 1097 2600 ὑφ’
1159 2530 1238 2582 ἑνὶ
1301 2527 1608 2580 τυποῦσθαι
1654 2525 1924 2578 τέτακται

355 2629 615 2693 καθάπαξ
663 2629 926 2699 ἀρχιερεῖ,
959 2623 1104 2677 κατὰ
1133 2623 1194 2675 τὸ
1239 2619 1501 2687 ἀνάλογον
1535 2621 1641 2668 τῶν
1677 2617 1922 2676 ἑκάστοις

356 2723 637 2790 ἐκσσταχῆ
694 2719 1084 2786 προσηκόντων
1141 2714 1220 2776 εἰς
1276 2708 1584 2770 ὲπισκοπάς
1636 2707 1924 2774 διαφόρους

358 2818 456 2871 καὶ
482 2815 703 2886 μείζους
749 2811 844 2863 καὶ
872 2810 1065 2878 ἦττους
1099 2803 1507 2873 διανειμαμένῳ
1542 2802 1640 2869 τὴν
1668 2799 1761 2851 τοῦ
1795 2817 1926 2852 παν-

360 2911 454 2970 τὸς
480 2907 665 2968 ἔθνους
697 2899 1162 2971 ὲκκλησιαστικὴν
1199 2897 1485 2964 διοίκησιν·
1531 2896 1625 2946 καὶ
1655 2889 1796 2944 εῖναι
1835 2891 1926 2942 τόν

365 2995 584 3064 πρῶτον
614 2993 803 3044 τοῦτον
833 2986 1096 3058 ἀρχιερέα
1125 2984 1204 3054 τῷ
1257 2983 1356 3051 τῆς
1406 2979 1926 3033 Κωνσταντινουπό-

363 3088 502 3147 λεως
556 3082 850 3136 ὑπείκοντα
891 3079 1084 3147 θρόνῳ,
1120 3075 1212 3127 καὶ
1256 3073 1360 3127 ὑπὸ
1390 3071 1580 3124 τούτου
1623 3070 1686 3122 τὰ
1717 3069 1926 3138 νόμιμα

2013 634 2077 672 ac
2100 620 2287 682 dives;
2321 619 2527 687 argenti
2554 617 2722 669 nmlta
2758 615 2883 670 inde
2913 617 3070 683 copia
3117 615 3336 669 ducitur
3371 629 3425 671 et
3459 631 3584 670 emn

2014 719 2158 762 terra
2192 709 2280 764 illa
2317 708 2612 764 constricta
2637 716 2720 760 est
2747 722 2940 774 magno
2971 707 3169 774 frigore
3194 722 3417 776 propter
3449 709 3584 762 Solis

2014 799 2330 854 distantiam
2359 840 2372 861 ,
2423 797 2738 854 animalium
2785 805 2843 846 ιιι
2899 793 3197 849 verisimile
3234 806 3320 848 est
3370 795 3586 862 pelliti-

2014 904 2134 942 num
2168 897 2362 942 natura
2423 886 2669 942 nascitur
2703 883 3015 938 multitudo.
3066 881 3358 952 Captorum
3414 883 3588 950 pelles

2013 981 2082 1034 ab
2116 980 2310 1034 incolis
2348 994 2446 1048 per
2485 992 2674 1032 omnes
2723 987 2896 1030 terras
2945 978 3219 1044 urbesque
3271 975 3583 1036 mittuntur.

2013 1082 2070 1126 et
2135 1071 2262 1125 inde
2326 1071 2555 1123 multum
2637 1067 3010 1122 luerifaciunt.
3096 1067 3164 1120 Et
3232 1064 3461 1134 piscium
3519 1080 3587 1119 ex

2014 1162 2230 1218 Oceano
2265 1160 2496 1216 finitimo
2546 1169 2831 1228 captatum
2885 1157 3130 1213 nonnulli
3167 1167 3296 1210 sunt
3348 1157 3442 1226 qui
3494 1156 3588 1208 de-

2015 1253 2362 1307 lectationem
2385 1249 2632 1318 praebent
2668 1248 2936 1317 przefeetis
2967 1255 3022 1299 et
3046 1244 3389 1315 principibus
3419 1252 3471 1296 et
3496 1260 3583 1297 re-

2015 1345 2173 1414 gibus
2201 1343 2537 1406 etpmnibus
2568 1341 2786 1392 vivendi
2827 1339 3036 1392 ratione
3066 1339 3312 1390 delicatis
3343 1349 3397 1390 et
3434 1338 3588 1389 nobi-

2015 1436 2164 1489 libus
2184 1435 2520 1488 hominibus.
2545 1434 2696 1485 Mitto
2720 1433 2924 1491 dicere.
2951 1444 3077 1500 quot
3103 1439 3158 1484 et
3176 1446 3295 1499 qua:
3328 1440 3590 1498 praeterea

2018 1533 2382 1594 transportata
2453 1541 2553 1593 per
2611 1524 2928 1592 peregrinas
2986 1531 3161 1575 terras
3216 1522 3426 1590 largum
3485 1521 3592 1574 illis

2018 1615 2254 1668 fructum
2291 1613 2557 1682 praebent.
2597 1614 2719 1666 llaec
2741 1628 2872 1682 gens
2905 1611 3298 1680 superstitione
3340 1627 3436 1679 per
3471 1613 3596 1664 reli-

2018 1707 2233 1774 gionem
2262 1714 2470 1758 remota
2513 1712 2568 1756 et
2621 1720 2779 1757 sacro
2827 1704 3100 1772 baptismo
3151 1703 3590 1757 Christianorqu

2019 1807 2243 1865 accepto
2272 1796 2339 1850 ab
2378 1811 2486 1849 uno
2521 1795 2748 1849 omnino
2780 1796 3045 1863 episcopo
3084 1793 3591 1853 administrabatur,

2019 1878 2109 1954 qui
2138 1901 2239 1954 pro
2266 1885 2478 1938 ratione
2514 1885 2854 1953 singularum
2902 1883 3373 1944 necessitudinum
3406 1883 3460 1935 in
3513 1880 3596 1933 di-

1991 1969 2206 2030 'versas
2229 1977 2540 2046 provincias
2569 1977 2732 2028 modo
2763 1976 3016 2044 majores.
3039 1975 3198 2028 modo
3238 1975 3480 2026 minores
3513 1983 3596 2026 to-

2024 2069 2132 2121 tius
2172 2068 2348 2138 gentis
2378 2065 2911 2119 adminiStrationem
2948 2063 3378 2117 ecclesiasticam
3409 2061 3597 2114 distri-

2023 2155 2164 2210 buit.
2200 2155 2325 2209 Fuit
2370 2154 2458 2206 ille
2509 2154 2723 2221 primus
2752 2154 3042 2220 episcopus
3091 2150 3598 2218 ConstantinOpoli-

2024 2258 2163 2302 tante
2193 2247 2350 2316 513
2372 2247 2494 2300 sedi
2526 2245 2808 2314 subjectus
2835 2253 2891 2297 et
2914 2245 3039 2296 inde
3061 2243 3370 2296 animarum
3404 2257 3599 2309 regen—

2022 2340 2215 2394 darum
2245 2340 2458 2408 legibus
2492 2340 2780 2392 institutus
2802 2379 2816 2400 ,
2848 2338 2939 2406 qui
2996 2335 3157 2389 modo
3193 2351 3258 2389 ex
3291 2345 3451 2404 gente
3486 2335 3596 2395 illa,

2024 2431 2186 2484 modo
2232 2446 2297 2483 ex
2327 2440 2512 2483 nostra
2551 2439 2696 2482 terra
2733 2429 2875 2482 natis
2906 2428 3261 2495 educatisque
3295 2435 3414 2494 post
3444 2437 3600 2478 ante-

2022 2521 2270 2575 cedentis
2303 2531 2532 2573 mortetn
2565 2529 2755 2572 mutuo
2789 2517 2973 2572 sedem
3008 2525 3263 2584 oceupat,
3319 2515 3389 2569 ita
3425 2524 3482 2567 ut
3515 2517 3599 2567 in-

2027 2621 2108 2664 ter
2134 2611 2268 2665 duas
2302 2623 2496 2679 gentes
2547 2609 2758 2664 firmior
2792 2609 3104 2677 conjunctio
3152 2616 3206 2660 et
3252 2607 3459 2659 ﬁrmior
3507 2621 3602 2674 po.-

2025 2713 2193 2757 testas
2225 2703 2292 2756 ad
2324 2704 2700 2769 incorruptam
2745 2709 2800 2754 et
2845 2701 3115 2754 sincerum
3169 2699 3286 2752 lidei
3338 2702 3602 2753 unitatem

2025 2794 2337 2848 conservari
2383 2794 2577 2860 possit.
2637 2793 2814 2860 Atque
2848 2801 2906 2844 ut
2954 2793 3273 2857 remotiora.
3307 2793 3553 2844 omittam
3587 2831 3600 2853 ,

2026 2884 2191 2951 hujus
2217 2883 2399 2952 operis
2430 2882 2763 2935 necessitate
2791 2881 3010 2942 doetus,
3043 2880 3146 2933 fuit
3171 2897 3234 2933 ex
3255 2865 3388 2934 'iliue
3419 2881 3602 2933 missis

2025 2975 2298 3030 Nazaracis
2330 2973 2424 3042 qui
2470 2973 2610 3041 apud
2641 2987 2739 3025 nos
2777 2982 2905 3025 sunt
2937 2972 3227 3039 episcopus
3269 2972 3486 3031 missus,
3518 2971 3603 3022 vir

2028 3067 2269 3138 prudens
2295 3078 2346 3120 et
2379 3067 2501 3136 pius
2542 3065 2760 3118 nomine
2785 3064 3186 3131 TheOguostus.
3218 3062 3347 3116 lude
3369 3063 3438 3114 ab
3469 3061 3597 3114 lon-

360 3179 615 3247 δέχεσθαι
648 3175 747 3242 τῆς
776 3171 950 3260 αρχῆς
983 3170 1083 3232 τῆς
1110 3164 1505 3233 πνευματικῆς·
1533 3157 1670 3213 εἶναι
1697 3159 1741 3212 δ’
1765 3159 1926 3212 αὐτὸν

2030 3160 2230 3228 gi-nquo
2259 3166 2496 3225 tempore
2537 3156 2685 3222 genti
2743 3155 2815 3208 illi
2875 3155 3104 3207 electum
3163 3161 3280 3206 erat
3341 3151 3598 3220 templum

366 3270 459 3322 καὶ
481 3268 575 3320 νῦν
598 3265 697 3334 μὲν
716 3253 1048 3329 ὲκτῶνίτῇδε
1079 3257 1290 3327 φύντων
1311 3255 1446 3324 ὁμοῦ
1479 3253 1574 3307 κοιλ⁵
1592 3253 1927 3320 τραφέντων,

368 3358 664 3429 ἀμοιϐαδὸν
717 3355 814 3424 τὴν
865 3355 984 3405 ἐκεῖ
1038 3348 1328 3420 προεδρίαν
1381 3346 1466 3399 ἀεὶ
1517 3341 1927 3412 διαδεχομένων,

371 3453 513 3523 μετὰ
558 3452 644 3502 τὸν
696 3444 965 3516 προτέρου
1025 3442 1256 3495 θάνατον
1287 3436 1596 3508 παραλλὰξ,
1631 3435 1704 3497 ὡς
1758 3436 1824 3485 ἂν
1870 3432 1930 3483 τὸ

366 3545 480 3597 τοῖν
513 3543 657 3594 δυοῖν
707 3539 882 3607 γενοῖν
915 3533 1150 3602 συναφὲς
1191 3531 1390 3584 οὑτωσὶ⁵
1430 3527 1645 3599 βεϐαιού
1657 3544 1810 3594 μενον
1841 3524 1933 3577 καὶ

370 3633 709 3704 κυρούμενον
763 3626 1116 3698 βεϐαιοτέραν
1174 3627 1230 3686 ἐς
1289 3623 1349 3675 τὸ
1390 3619 1667 3690 ἀκήρατόν
1725 3635 1781 3668 τε
1840 3615 1935 3666 καὶ

372 3725 676 3796 ἀκραιφνὲς
708 3722 804 3774 καὶ
830 3721 927 3789 τὴν
968 3719 1066 3786 τῆς
1102 3717 1338 3775 πίστεως
1370 3711 1674 3781 σύμπνοιαν
1710 3707 1805 3776 ἔχῃ
1837 3723 1935 3770 φυ-

376 3823 593 3873 λάττειν
635 3816 722 3867 ἀεὶ
769 3814 862 3864 καὶ
911 3809 1291 3881 μονιμωτέραν
1313 3803 1409 3874 τὴν
1440 3803 1627 3854 οὐσίαν
1655 3801 1747 3851 καὶ
1773 3799 1934 3849 δύνα-

377 3930 494 3981 μιν.
553 3909 662 3962 Καὶ
722 3909 810 3960 ἵνα
846 3905 942 3956 τάν
982 3902 1128 3969 μέσῳ
1186 3896 1461 3966 παρέλθω,
1497 3894 1594 3962 τῆς
1631 3891 1930 3955 ἐνεστώσης

377 4004 524 4072 ἡμᾶς
554 3994 1032 4070 ἀντιπερισπώσης
1059 3991 1175 4059 διμα
1209 3991 1300 4040 καὶ
1329 3983 1696 4052 ἁνθελκούσης
1725 3980 1933 4049 χρείας,

372 4092 444 4165 ἦν
479 4096 585 4166 πρὸ
625 4091 760 4144 ἐτῶν
806 4089 906 4155 ἤδη
959 4083 1167 4154 συχνῶν
1209 4083 1274 4132 ἐκ
1303 4079 1410 4130 τῶν
1452 4075 1736 4143 καθ’ήμᾶς
1767 4068 1937 4132 Ναξι-

376 4157 544 4255 ραίων
575 4183 754 4234 ἐκεῖσε
789 4175 1060 4245 πεμφθεὶς
1079 4171 1399 4232 ἐπίσκοπος,
1435 4165 1656 4225 συνετὸς
1677 4160 1810 4228 ἀνὴρ
1844 4157 1939 4209 καὶ

375 4273 652 4343 θεοφιλὴς,
701 4271 1042 4336 Θεόγνωστος
1093 4262 1366 4330 τοΰνομα·
1399 4261 1490 4310 καὶ
1525 4251 1593 4326 ἦν
1631 4249 1937 4318 ἀποκεκλη-

377 4368 627 4436 ρωμένον
677 4364 741 4415 ὲκ
798 4357 990 4413 πολλοῦ
1038 4355 1130 4409 τοῦ
1182 4350 1577 4422 παρῳχηκότος
1633 4344 1826 4414 ἐκείνῳ
1865 4341 1940 4410 τῷ

378 4434 526 4514 tota
554 4459 783 4526 τέμενος
806 4451 952 4524 ἱερὸν
989 4451 1067 4512 είς
1101 4445 1436 4519 μητρόπολιν
1469 4438 1719 4507 Κύγεϐον
1742 4434 1941 4489 οὑτωσί

2030 3250 2300 3316 quoddam
2329 3258 2580 3316 tanquam
2603 3258 2766 3316 caput
2794 3247 3045 3316 liygebmt
3066 3246 3425 3306 nominatum,
3450 3243 3598 3311 quod

2029 3343 2181 3398 brevi
2218 3353 2376 3396 antea
2412 3341 2796 3394 invadentibus
2832 3339 3049 3409 Scythis
3081 3351 3120 3391 su
3143 3336 3514 3406 ptentrionalil
3540 3351 3604 3388 us

2032 3435 2334 3497 desertum,
2375 3442 2433 3486 ut
2456 3432 2680 3492 dicitur,
2714 3431 2917 3485 factum
2947 3441 3051 3495 c5t,
3085 3438 3140 3483 ιιι
3163 3426 3393 3497 amplius
3422 3426 3609 3480 catho-

2033 3525 2122 3592 lici
2155 3526 2365 3579 ltussia:
2397 3525 2789 3592 cpisc0pi;sede
2817 3522 3038 3592 dignum
3069 3536 3173 3574 non
3205 3529 3369 3574 esset.
3401 3517 3607 3584 Quam-

2034 3620 2220 3671 obrem
2255 3617 2594 3685 metropolim
2634 3615 2918 3668 transferri
2951 3629 3172 3668 necesse
3203 3621 3321 3666 erat
3357 3611 3409 3664 in
3441 3612 3607 3664 alium

2034 3713 2211 3766 locum
2260 3714 2326 3765 ad
2387 3722 2708 3779 praesentem
2761 3711 3140 3764 necessitatem
3204 3719 3414 3776 aptum.
3471 3706 3609 3760 Tota

2035 3805 2181 3859 enim
2209 3805 2296 3857 illa
2330 3805 2629 3857 [iussorum
2672 3819 2804 3870 gens
2835 3801 3278 3871 lrequentissitna
3319 3809 3374 3854 et
3401 3800 3602 3852 multas
3670 3789 3671 3792 “

2036 3892 2367 3949 δι’(ίίνετεειε
2405 3894 2526 3948 inde
2561 3895 2628 3948 ab
2681 3894 2922 3959 antiquis
2977 3892 3314 3959 temporibus
3363 3891 3614 3958 regiones

2038 3987 2288 4043 habitans
2314 3987 2364 4040 in
2395 3987 2496 4038 tria
2528 3987 2610 4039 vel
2633 3994 2866 4054 quatuor
2912 3985 3136 4052 imperia
3171 3983 3332 4053 514
3379 3991 3434 4035 et
3483 3999 3610 4050 pro-

2037 4079 2246 4132 vincias
2275 4077 2563 4135 distributa
2592 4087 2729 4130 erat.
2761 4076 3002 4130 Posteris
3060 4076 3398 4144 temporibus
3423 4075 3607 4127 divina

2039 4169 2300 4238 religione
2331 4168 2404 4221 ibi
2436 4168 2730 4236 divulgata,
2761 4167 2943 4233 plures
2973 4176 3154 4234 partes
3187 4166 3368 4219 statim
3426 4165 3554 4219 (Ιίνὶι
3579 4181 3614 4218 o

2041 4260 2157 4314 zelo
2197 4260 2404 4326 impleti
2433 4269 2562 4314 sunt
2585 4268 2638 4312 et
2665 4275 2882 4312 sacrum
2909 4259 3236 4326 baptismum
3279 4267 3471 4325 sponte
3525 4272 3614 4309 ac-

2041 4363 2324 4422 ceperunt.
2379 4351 2638 4406 Nonnulli
2698 4350 2806 4403 hue
2853 4351 2979 4422 illuc
3033 4349 3266 4417 dispersi
3323 4349 3377 4401 in
3434 4348 3614 4416 priore

2042 4444 2308 4513 pravitate
2337 4452 2686 4498 manserunt.
2747 4443 2934 4495 Trium
2966 4421 3165 4494 'autem
3219 4438 3467 4506 religioni
3523 4441 3614 4494 atl-

379 4567 496 4612 πως
522 4545 880 4614 καλούμενον,
909 4541 936 4594 δ
980 4541 1044 4604 δὴ
1095 4537 1202 4608 πρὸ
1250 4532 1478 4605 βραχέος
1525 4527 1930 4596 ἐπιδραμόντων

2043 4533 2307 4588 dictarum
2339 4534 2578 4603 gentium
2603 4534 2985 4604 primariarum
3011 4533 3329 4600 metr0p0lis
3352 4533 3611 4602 Kygehon

379 4639 604 4693 Σκυθῶν
638 4636 744 4687 τῶν
795 4630 1149 4702 βορειοτέρων
1189 4625 1396 4697 ἐρημία
1435 4623 1576 4676 κατὰ
1608 4620 1704 4688 τὴν
1750 4634 1944 4688 παροι-

383 4731 513 4799 μίαν
547 4726 788 4793 κατέστη
821 4719 1065 4783 Σκυθῶν,
1101 4718 1175 4780 ὡς
1225 4715 1418 4785 μηκέθ’
1460 4711 1643 4764 ἱκανὶν
1679 4711 1755 4770 εἰς
1783 4722 1946 4776 προε-

378 4821 534 4888 δρίαν
565 4816 660 4870 καὶ
691 4815 877 4884 θρόνον
921 4811 1068 4876 ἄξιον
1089 4805 1224 4862 εἶναι
1265 4805 1356 4859 τοῦ
1392 4806 1488 4874 τῆς
1516 4799 1808 4867 καθολικῆς
1834 4801 1948 4848 Iam.-

385 4887 593 4963 σκόπου
631 4905 878 4966 Ῥωσίας.
912 4901 1002 4954 Διὸ
1030 4899 1124 4953 καὶ
1160 4897 1484 4968 μεταθέσθαι
1519 4893 1578 4943 τὸ
1621 4891 1805 4960 σχῆμα
1852 4887 1946 4954 τῆς

387 4997 768 5068 ρητροπόέεωέ
820 4991 1030 5059 ἀνάγκη
1081 4987 1370 5054 γεγένηται
1412 4981 1546 5051 πρὸς
1600 4977 1786 5047 ἕτερόν
1825 4991 1948 5026 τινα

383 5095 452 5160 τῇ
491 5089 739 5160 παρούσῃ
764 5085 1110 5154 προσήκοντα
1139 5079 1293 5148 χρείᾳ
1331 5077 1512 5128 τόπον.
1558 5073 1629 5124 Τὸ
1666 5071 1772 5138 γὰρ
1802 5067 1948 5128 ἔθνος

385 5158 532 5232 ἁπαν
562 5158 736 5231 έκεῖνο
766 5175 875 5226 τῶν
907 5173 1065 5232 Ἕως,
1093 5162 1650 5232 πολυανθρωπότατόν
1689 5176 1748 5210 τε
1767 5158 1826 5210 ὂν
1856 5159 1950 5209 καὶ

385 5271 616 5332 πολλούς
639 5287 787 5329 τινας
819 5266 1015 5326 τόπους
1039 5263 1130 5315 καὶ
1158 5262 1444 5327 διαφόρους
1475 5259 1533 5308 ἐκ
1576 5250 1949 5320 παλαιοτέρων

383 5363 497 5416 τῶν
524 5361 730 5430 χρόνων
761 5360 1078 5426 νεμόμενον,
1119 5356 1198 5415 είς
1243 5354 1389 5420 τρεῖς
1430 5365 1532 5400 που
1565 5346 1658 5399 καὶ
1683 5347 1948 5411 τέτταρας

381 5452 527 5522 ἔφθη
550 5448 816 5519 διαιρεθὲν
849 5451 945 5508 τὰς
977 5444 1154 5514 ἀρχὰς
1183 5443 1277 5495 καὶ
1299 5439 1597 5510 ἡγεμονίας
1637 5437 1699 5489 ἐκ
1731 5432 1947 5487 πολλοῦ.

381 5544 492 5596 ’ίοῦ
524 5543 580 5594 δὲ
615 5541 758 5592 θείου
790 5539 884 5606 τῆς
927 5537 1203 5592 εὐσεϐείας
1236 5533 1588 5602 κηρύγματος
1615 5531 1672 5582 ὲν
1703 5527 1949 5595 ὑστέροις

379 5636 596 5703 καιροῖς
621 5629 1075 5698 ὲπιδεδημηκότος
1103 5630 1234 5689 ἐκεῖ,
1262 5627 1329 5677 τὰ
1351 5623 1519 5676 πλείω
1537 5623 1634 5690 μὲν
1655 5620 1832 5672 αὐτῶν
1854 5619 1950 5671 αὐ-

379 5725 478 5779 τοῦ
512 5739 574 5788 γε
616 5720 912 5790 ἐδράξαντο
951 5717 1110 5786 μέρη,
1144 5715 1258 5784 ἅμα
1289 5714 1384 5784 μὲν
1423 5712 1695 5780 θειοτέρου
1728 5709 1859 5777 πρὸς
1892 5707 1950 5758 τδ

381 5817 447 5889 [Γ.
493 5815 598 5869 25G
628 5813 682 5884 ὁ]
723 5812 1053 5880 θερμότερον
1086 5808 1307 5869 ἑαυτοὺς
1342 5804 1720 5874 ἐμπλήσαντες
1753 5803 1942 5871 ζήλου,

2049 4628 2322 4681 nominata
2354 4639 2455 4687 est,
2487 4627 2650 4680 unius
2705 4627 2936 4694 imperio
2969 4625 3294 4694 pr0pinqua,
3319 4624 3404 4676 cui
3434 4620 3614 4676 Litha-

2049 4731 2168 4769 rum
2217 4732 2346 4785 gens
2376 4717 2554 4770 omnis
2607 4717 2847 4784 subjecta
2902 4726 3010 4775 est.
3067 4714 3512 4769 numerosissima
3564 4724 3614 4767 ct

2051 4804 2480 4868 bellicosissima,
2542 4806 2719 4875 ignem
2778 4802 2962 4859 Colens
3022 4805 3336 4874 exemplum
3377 4804 3616 4859 Domini.

2049 4893 2127 4945 Ad
2151 4892 2678 4947 administrationem
2702 4893 2758 4947 in
2781 4895 3058 4947 meliorem
3090 4903 3290 4945 statum
3316 4894 3611 4960 perducen-

2050 4985 2171 5037 datn
2199 4985 2516 5039 cohortatus
2543 4995 2626 5039 est
2653 4995 2711 5038 ut
2745 4983 3064 5054 metmpolis
3101 4986 3250 5038 lieret
3284 4993 3507 5054 prepter
3531 5001 3610 5037 sua

2049 5073 2385 5143 pcrstitionis
2415 5073 2785 5138 insolentiam,
2817 5077 3004 5129 ιιι-ει·ιο
3034 5074 3194 5142 paulo
3230 5083 3356 5128 ante
3387 5090 3486 5128 nos
3549 5091 3615 5125 an

2051 5165 2241 5218 multo.
2275 5164 2402 5219 Utttt
2426 5181 2510 5218 res
2549 5175 2650 5228 est,
2675 5167 2892 5221 inventa
2924 5175 3003 5218 est
3040 5168 3168 5217 urhs
3211 5164 3380 5217 altera
3411 5166 3592 5222 longin

2050 5255 2213 5322 quius
2236 5254 2360 5317 sita,
2383 5255 2537 5323 cujus
2564 5256 2897 5308 dominatum
2933 5256 3053 5325 pius
3094 5255 3181 5308 ille
3214 5255 3294 5308 vir
3321 5259 3539 5309 tenolmt
3562 5267 3614 5307 ct

2053 5346 2280 5398 honeste
2313 5361 2534 5414 regnum
2567 5347 3003 5399 administrabat.
3033 5345 3169 5400 Cum
3197 5346 3362 5400 altera
3402 5363 3540 5413 (0:th
3563 5363 3614 5398 a-

2055 5435 2167 5490 rata
2207 5435 2340 5488 urbs
2378 5436 2464 5488 illa
2495 5437 2772 5489 nominata
2825 5445 2908 5490 est
2962 5435 3275 5492 Votoditnir.
3306 5438 3362 5491 ln
3395 5453 3498 5506 qua
3523 5438 3613 5489 ad-

2051 5527 2504 5580 ministrationem
2561 5542 2712 5579 suam
2774 5527 3155 5598 Theognostus
3209 5531 3498 5599 episcopus
3562 5529 3613 5582 in

2053 5618 2296 5673 futurum
2331 5618 2528 5671 habere
2560 5618 2846 5672 constituit
2895 5630 2951 5675 et
3014 5621 3266 5676 lubenter
3321 5619 3614 5687 imperium

2055 5711 2196 5764 illius
2222 5719 2378 5764 terra:
2416 5709 2673 5762 traditum
2710 5712 3018 5779 patiebatur
3063 5723 3116 5767 et
3157 5714 3392 5774 amabat,
3443 5712 3587 5766 houo

2058 5819 2168 5856 rem
2197 5803 2296 5856 sibi
2325 5801 2473 5872 regni
2497 5802 2768 5857 fortunam
2797 5806 3090 5861 arbitratus
3127 5820 3300 5868 neque
3327 5804 3530 5858 irritam
3560 5818 3615 5860 et
