4134 6286
360 387 461 454 ιὸἶ

1299 387 1734 447 ΒΥΖᾹΝΤὶΝᾸΞ
1773 384 2156 446 ΠΣΞΤΟΙΗΕ
2191 383 2335 443 LIB.
2378 381 2637 442 XXXVI.

3490 381 3593 440 453

363 519 540 572 ροντο,
577 503 670 553 καὶ
705 503 864 555 πλέον
896 501 1073 552 αὐτῶν
1127 501 1174 553 οἱ
1211 502 1414 552 τούτων
1441 499 1730 568 ἡγεμόνες,
1760 497 1817 560 ἐξ,
1846 490 1914 548 ὧν

2027 512 2130 546 non
2165 493 2466 547 honorifice
2507 493 2727 545 ibidem.
2761 508 2877 557 qum
2923 491 3082 544 missa
3121 502 3272 546 erant
3302 533 3315 559 ,
3359 494 3594 549 admini-

361 593 452 644 καὶ
485 593 540 651 ἐς
569 591 862 654 Βυζάντιον
898 592 1155 660 χρήματα
1185 590 1571 659 ἀπεστάλησαν
1599 587 1926 657 ἀποχρῶντα

362 681 499 752 πρὸς
529 681 840 751 οἰκοδομίαν
869 683 962 734 τοῦ
997 681 1353 742 πεπτωκότος
1390 679 1690 749 τηνικαῦτα
1727 680 1924 747 μέρους

360 771 454 826 τοῦ
497 773 756 841 μεγίστου
801 773 905 826 νεὼ
937 776 1034 842 τῆς
1062 775 1223 840 ἁγίας
1253 774 1346 825 τοῦ
1379 773 1515 826 Θεοῦ
1550 771 1760 839 σοφίας·
1798 771 1926 838 περὶ

359 857 434 919 ὧν
463 867 564 918 κάν
611 867 687 934 τῷ
725 867 810 934 κη’
844 868 941 936 τῆς
993 867 1236 935 ἱστορίας
1283 868 1426 934 λόγῳ
1475 865 1778 935 διείληπταί
1834 881 1924 932 μοι

360 959 427 1011 τά
463 975 521 1010 τε
558 958 712 1024 ἄλλα,
760 958 854 1011 καὶ
907 959 980 1020 ὡς
1036 958 1213 1021 καλῶς
1265 961 1364 1028 μὲν
1401 960 1609 1012 ἐκεῖθεν
1643 956 1925 1026 ἐπέμφθη-

367 1063 487 1110 σαν,
543 1046 604 1099 οὺ
659 1048 842 1108 καλῶς
881 1049 926 1100 δ’
963 1047 1076 1100 οὔτ’
1128 1049 1381 1100 ἐνταυθοῖ
1434 1049 1782 1118 διῳκήθησαν
1813 1045 1925 1099 οὔτ’

359 1136 532 1188 ἐκεῖσε
572 1136 671 1204 τὴν
700 1138 888 1206 φήμην
942 1139 1097 1203 ἀξίαν
1141 1140 1254 1200 τοῖς
1313 1138 1660 1206 πεπομφόσιν
1705 1139 1924 1189 ἀντιπε-

361 1229 663 1295 πόμφασιν,
699 1230 816 1281 ἀλλ’
846 1234 924 1293 είς
969 1233 1170 1284 οἰκεῖον
1206 1231 1371 1302 ἄχαρι
1397 1232 1585 1300 κέρδος
1608 1231 1925 1300 βωμολοχὴο

369 1333 562 1378 σαντες
609 1317 704 1370 καλ⁵
750 1321 1073 1389 νειμάμενοι
1101 1361 1113 1380 .
1178 1323 1454 1391 πρόφασιν
1501 1321 1766 1373 δεδώκασι
1815 1323 1924 1384 τοῖς

364 1409 559 1480 ΙΓ.258
612 1409 668 1481 a]
715 1412 1007 1464 ἀκούουσιν
1066 1412 1301 1480 αἰσχρὰν
1357 1413 1552 1481 κομιδῇ
1586 1414 1678 1463 καὶ
1723 1411 1925 1478 σφόδρα

363 1499 628 1567 λοιδορίας
684 1501 898 1563 ἁπάσας
955 1502 1479 1568 προσκαλουμένην,
1533 1501 1625 1553 καὶ
1669 1501 1924 1552 τάναντία

363 1588 670 1653 λογίζεσθαι
703 1590 999 1644 πείθουσαν
1038 1591 1144 1643 τῶν
1181 1593 1490 1661 προτέρων’
1513 1592 1622 1661 ὅσῳ
1661 1593 1769 1661 γὰρ
1794 1593 1925 1662 πρὶν

364 1680 607 1742 ἰσοθέους
657 1682 827 1751 τιμὰς
865 1685 976 1745 τοῖς
1012 1682 1112 1750 τῆς
1156 1684 1778 1746 Κωνσταντινουπόλεως
1809 1685 1926 1754 Opi-

360 1786 471 1832 νοις
522 1764 820 1840 παρεῖχον,¹
839 1770 1080 1838 τοσούτῳ
1115 1771 1505 1839 χαλεπωτάτην
1537 1769 1597 1834 ἐξ
1624 1770 1922 1824 ἀντιπάλου

2031 594 2198 638 strata
2227 600 2368 649 esse,
2394 599 2493 636 nec
2518 584 2659 636 enim
2685 586 2886 650 justam
2914 583 3112 636 famam
3139 586 3484 640 mittentibus
3513 603 3600 640 re-

2030 679 2320 739 miserunt,
2345 675 2440 730 sed
2486 675 2788 728 domestico
2818 677 3107 727 commodo
3157 677 3600 731 sacriﬁea'itcSi-t

2028 769 2412 832 attribuentes,
2458 766 2808 822 audientibus
2835 769 3058 820 omnino
3085 777 3292 837 turpem
3343 783 3390 821 ei
3450 770 3601 835 igno-

2029 859 2314 913 miniosam
2344 874 2562 911 causam
2602 859 2922 912 obtulerunt
2965 869 3019 911 et
3045 861 3315 912 contraria
3361 861 3599 928 Ct‘gllul‘t!

2027 966 2124 1006 eos
2155 960 2318 1020 atque
2354 961 2510 1003 antea
2549 960 2866 1019 coegerunt.
2910 950 3026 1014 Quo
3076 953 3218 1003 enim
3275 952 3597 1005 ιΗι-ἱιιίιπιιιιι

2028 1052 2186 1095 antea
2223 1041 2485 1094 honorem
2520 1040 3143 1109 ConstantinOpolitanze
3172 1041 3327 1110 517
3363 1045 3474 1096 serti
3500 1045 3600 1096 tri-

2029 1133 2282 1186 buerant.
2311 1146 2376 1184 co
2411 1132 2716 1200 graviorem
2757 1132 2891 1184 iram
2920 1131 3284 1185 reddiderunt.
3309 1147 3362 1185 et
3392 1136 3598 1198 odium,

2027 1239 2090 1278 ac
2113 1225 2352 1276 studium
2379 1224 2508 1276 illud
2539 1225 2679 1291 quod
2709 1233 2867 1276 antea
2904 1239 3093 1276 eorum
3139 1225 3396 1292 pietatem
3444 1238 3602 1278 τυχο-

2029 1325 2112 1366 rat
2139 1326 2194 1368 et
2227 1324 2521 1367 ornaverat
2552 1314 2748 1368 illustri
2787 1315 2950 1377 fama,
2985 1331 3128 1368 nunc
3159 1329 3261 1369 nec
3321 1317 3514 1384 injuria
3549 1319 3600 1367 in

2028 1413 2401 1473 contemptum
2429 1405 2599 1463 venit,
2636 1418 2740 1456 non
2791 1405 2932 1472 apud
2984 1420 3178 1458 omnes
3225 1410 3471 1468 omnino,
3507 1419 3532 1460 ι
3569 1408 3599 1458 d

2027 1495 2292 1564 plurimos
2323 1504 2374 1550 et
2412 1496 2667 1564 vulgares
2699 1495 2900 1563 quippe
2945 1497 3036 1564 qui
3095 1497 3274 1548 minus
3342 1513 3452 1549 rem
3513 1513 3604 1549 eo-

2025 1594 2369 1656 gnoscerent,
2400 1587 2540 1654 apul
2578 1587 2934 1654 multos,qoi,
2969 1597 3028 1640 ut
3058 1589 3376 1655 plerumque
3402 1590 3488 1651 iit,
3521 1589 3603 1639 in-

2024 1677 2239 1731 vidioso
2266 1676 2474 1747 judicio
2531 1687 2847 1730 tenerentur
2874 1693 2975 1731 nec
3023 1689 3077 1730 et
3117 1681 3408 1732 anterioris
3449 1679 3601 1732 fama:

2026 1778 2080 1824 et
2101 1767 2420 1837 posterioris
2451 1779 2721 1822 momenta
2741 1771 3140 1825 examinarent.

356 1866 455 1928 τὴν
489 1864 710 1931 νέμεσιν
744 1863 1077 1918 ἀντεδίδουν.
1129 1863 1236 1916 Καὶ
1287 1863 1315 1915 ὁ
1356 1865 1554 1933 τρόπος
1620 1861 1678 1924 ὃς
1738 1863 1868 1928 πρὶν
1903 1861 1998 1932 τὴν
2037 1861 2131 1914 τοῦ
2172 1861 2470 1917 συνειδότος
2518 1861 2741 1914 ἐκείνων
2793 1866 3152 1931 χειραγωγῶν
3207 1867 3427 1932 ἐκόσμει
3472 1882 3601 1930 σεμ·

358 1956 556 2023 νότητα
614 1956 750 2022 πρὸς
804 1955 862 2008 τὸ
901 1954 998 2022 τῆς
1041 1955 1212 2021 ἀκοῆς
1252 1954 1632 2024 περίϐλεπτον,
1664 1956 1926 2016 ἐπιεικῶς
1968 1954 2141 2025 ὲῤῥύη
2212 1954 2344 2023 πρὸς
2387 1954 2446 2005 τὸ
2517 1958 3012 2025 περιφρονούμενον
3058 1959 3281 2026 ἀρτίως,
3314 1960 3361 2010 εί
3410 1959 3482 2026 μὴ
3515 1959 3600 2009 δια

358 2049 576 2100 πάντων
626 2047 719 2098 καὶ
793 2047 1159 2107 παντάπασιν,
1203 2044 1343 2097 ἁλλά
1409 2044 1498 2096 διὰ
1549 2045 1646 2113 μὲν
1710 2046 1820 2098 τῶν
1869 2044 2134 2097 πλείστων
2194 2046 2288 2096 καὶ⁵
2339 2043 2728 2114 ἁπλουστέρων
2786 2045 2872 2097 ἐπ’
2928 2046 3165 2112 ἔλαττον,
3222 2049 3316 2100 ac:
3365 2049 3428 2117 δὴ
3491 2051 3597 2100 τῶν

354 2141 616 2194 τοιούτων
651 2141 824 2212 μικρὰ
858 2141 1175 2204 συνιέντων,
1229 2139 1317 2192 διὰ
1373 2139 1418 2191 δ’
1467 2142 1624 2193 ἐνίων
1655 2142 1725 2205 ὡς
1787 2143 1881 2194 ἐπὶ
1941 2140 2003 2193 τὸ
2044 2141 2294 2192 πλεῖστον
2346 2141 2441 2193 ἆτε
2494 2141 2557 2208 δὴ
2612 2141 2868 2210 βασκάνῳ
2915 2143 3160 2212 λογτσμῴ
3193 2146 3284 2197 καὶ
3327 2144 3598 2215 κριτηρίου

357 2236 754 2305 παρεχομένων
779 2235 874 2288 καὶ
896 2235 996 2304 οὐχ
1036 2231 1417 2302 ὁμοζυγούσας
1445 2236 1543 2296 τὰς
1601 2233 1949 2300 πλάστιγγας
1986 2231 2335 2302 συνορώντων
2380 2233 2480 2299 τ’ἠς
2539 2248 2596 2282 τε
2652 2234 2920 2303 προτέρας
2953 2236 3141 2305 φήμης
3179 2236 3272 2288 καὶ
3333 2237 3432 2306 τῆς
3468 2256 3598 2290 κατ-

349 2329 475 2380 ὄπιν
507 2327 699 2396 ἰούσης
725 2328 845 2396 ὀψέ.

424 2425 507 2478 Η¹.
555 2425 695 2476 Ἀλλ’
728 2425 1134 2494 ἐπαναληπτέον
1175 2426 1266 2478 τὸν
1310 2426 1487 2494 λόγον.
1512 2425 1797 2493 Ἔφθημεν
1815 2423 1914 2491 γὰρ

2105 2421 2234 2477 Vlll.
2268 2421 2372 2476 Sed
2412 2421 2711 2491 recipiatur
2739 2437 2923 2477 sermo
2958 2439 3181 2480 necesse
3205 2436 3308 2481 est.
3343 2427 3599 2483 Narravi-

352 2516 598 2576 εἰπόντες
650 2515 777 2575 τοὺς
841 2516 940 2583 μὲν
996 2519 1147 2585 τρεῖς
1188 2516 1296 2568 τῶν
1350 2519 1445 2586 τῆς
1501 2517 1628 2584 ὅλης
1685 2515 1912 2577 Ἰδωσίας

351 2606 644 2674 ἡγεμόνων
671 2605 806 2672 ὁμοῦ
838 2606 952 2667 τοῖς
979 2606 1130 2674 σφῶν
1164 2607 1424 2673 ὑπηκόοις
1465 2607 1744 2675 ὀρθόδοξον
1772 2607 1914 2675 ἔχειν

353 2697 516 2760 σέϐας
557 2699 650 2749 καὶ
687 2699 821 2767 ἡμῖν
851 2699 1161 2767 ὁμόφρονας
1187 2697 1349 2764 εῖναι,
1373 2700 1463 2751 τόν
1493 2716 1556 2766 γε
1589 2699 1692 2769 μὴν
1722 2700 1915 2766 τέταρ-

348 2806 444 2842 τον
484 2789 578 2842 κα)⁸
608 2789 752 2856 μάλα
778 2789 999 2856 ἥκιστα·
1037 2789 1094 2852 ὃς
1119 2790 1181 2860 δὴ
1228 2790 1324 2843 καὶ
1364 2789 1547 2859 μεῖζον
1578 2791 1670 2842 καὶ
1705 2790 1915 2858 ισχυρὸ-

346 2896 510 2946 τερον
568 2878 706 2946 ἔχων
753 2880 953 2949 κράτος
996 2882 1140 2934 κατά
1191 2897 1246 2933 τε
1285 2879 1488 2948 πλῆθος
1533 2881 1793 2948 στρατιᾶς
1819 2879 1913 2932 καὶ

349 2971 535 3023 ὅπλων
586 2971 880 3040 ἐμπειρίαν
924 2971 1024 3040 ἤδη
1069 2970 1165 3023 καὶ
1220 2973 1333 3033 τοῖς
1371 2970 1738 3040 βορειοτέροις
1764 2969 1913 3023 ἀνθί-

347 3079 545 3114 σταται
576 3062 815 3125 Σκύθαις
843 3064 902 3115 ὲκ
949 3063 1146 3116 πολλοῦ
1178 3063 1272 3116 τοῦ
1306 3063 1635 3133 κρείττονος,
1673 3063 1767 3117 καὶ
1803 3063 1912 3114 τῶν

347 3155 528 3207 ἄλλων
561 3153 807 3224 ἐτησίους
869 3155 1118 3208 διδόντων
1167 3157 1364 3226 φόρους
1426 3157 1654 3218 ἐκείνοις
1700 3153 1911 3222 οὐδαμῆ

349 3246 470 3297 ποτ’
496 3245 701 3312 αὐτὸς,
741 3246 826 3300 ἆτ’
882 3249 1113 3318 ὁχυρούς
1163 3265 1315 3306 τινας
1365 3247 1565 3310 τόπους
1613 3247 1780 3301 οἰκῶν
1818 3246 1913 3299 καὶ

347 3334 750 3403 ἀγχιτέρμονας
780 3333 918 3404 ἔχων
965 3337 1202 3398 Κελτοὺς
1243 3336 1337 3389 καὶ
1381 3336 1644 3402 Γαλάτας,
1674 3334 1725 3387 οἳ
1763 3335 1914 3404 παρὰ

348 3427 441 3478 τὸν
471 3427 608 3496 πρὸς
649 3427 888 3495 ἄρκτους
943 3429 1040 3480 καὶ
1097 3428 1304 3497 eoum
1349 3429 1445 3497 τὴν
1475 3430 1636 3497 νῆσον
1673 3425 1913 3480 οἰκοῦσιν

345 3517 610 3581 ὠκεανὸν,
653 3517 774 3571 ὅθεν
827 3520 1061 3590 ζέφυρός
1108 3537 1168 3572 τε
1199 3522 1605 3591 ἀναρρήγνυται
1655 3520 1748 3573 καὶ
1789 3519 1912 3572 ὅποι

344 3607 520 3661 δύνων
547 3609 842 3677 πορεύεται
869 3612 1042 3680 ἣλιος,
1077 3611 1316 3680 μάχιμον
1345 3611 1496 3673 ἔθνος
1525 3609 1600 3674 ὡς
1626 3610 1694 3663 τὰ
1716 3608 1778 3682 [Γ.
1807 3609 1913 3664 258

349 3699 408 3768 b]
459 3700 629 3753 πολλὰ
667 3702 760 3754 καὶ
803 3704 863 3754 οὐ
921 3704 1108 3773 πόρρω
1141 3720 1243 3755 που
1283 3703 1506 3772 γίνομαι
1537 3703 1718 3772 λέγειν
1749 3704 1913 3756 ἀναν-

343 3789 711 3854 ταγώνιστον.
753 3788 892 3842 Ἀλλ’
926 3791 1074 3843 ἐστιν
1127 3789 1532 3862 ἀλλοτριόφρων
1581 3809 1640 3843 τε
1683 3793 1777 3844 καὶ
1831 3791 1908 3860 τῷ

343 3878 484 3946 ἡλίῳ
529 3881 588 3931 τὺ
621 3882 718 3947 τῆς
764 3881 1020 3948 λατρείας
1051 3880 1212 3941 σέϐας
1240 3881 1420 3950 νέμων
1456 3882 1578 3950 μὲν,
1615 3881 1910 3951 ὑπισχνού-

342 3989 508 4042 μενος
537 3972 582 4024 δ’
616 3975 673 4024 ὲν
711 3972 788 4042 τῷ
819 3971 943 4041 ἄρτι
970 3973 1065 4025 κα)⁴
1095 3972 1348 4041 ὁμόδοξος
1381 3974 1512 4042 ἡμῖν
1549 3972 1688 4026 κατά
1718 3961 1909 4042 τὸτῆς

343 4064 647 4132 θρησκείας
693 4063 911 4116 ἔσεσθαι
946 4063 1131 4126 σέϐας,
1166 4067 1214 4115 εἰ
1264 4065 1342 4133 τῷ
1373 4066 1508 4136 πρὸς
1553 4066 1721 4120 αὑτοῦ
1768 4081 1910 4134 πεμ-

341 4155 536 4222 φθέντι
585 4154 896 4226 πρεσϐευτῇ
934 4157 1199 4224 Ῥωμανῷ
1248 4157 1347 4226 τὴν
1375 4158 1473 4225 τῆς
1503 4157 1630 4226 ὅλης
1675 4157 1908 4219 Ῥωσίας

339 4245 653 4316 ἐπισκοπὴν
684 4247 776 4298 καὶ
811 4247 1143 4317 μητρόπολιν
1168 4249 1580 4318 ἐγχειρίσαιμεν
1614 4250 1756 4302 κατά
1783 4249 1908 4312 τοὺς

341 4341 772 4407 νενομισμένους
817 4341 913 4408 τῆς
953 4341 1276 4407 Ἐκκλησίας
1299 4343 1532 4410 θεσμοὺς
1565 4343 1626 4394 ὲκ
1661 4342 1908 4411 διαδοχῆς

341 4428 442 4483 τοῦ
500 4430 949 4499 τετελευτηκότος
1010 4433 1212 4502 ἀρτίως
1280 4435 1488 4486 ἐκείνου
1537 4433 1906 4501 Θεογνώστου.

347 4520 619 4590 Ἐετεργε
661 4523 771 4590 γὰρ
804 4521 950 4590 αὐτῷ
979 4523 1070 4574 καὶ
1096 4524 1416 4587 προσέκειτο
1441 4523 1581 4589 λίαν,
1622 4522 1778 4576 τοῦτο
1812 4523 1909 4590 μὲν

344 4613 443 4664 καὶ
473 4611 547 4673 ὡς
579 4613 644 4663 ἐκ
672 4609 928 4677 γυναικὸς
977 4613 1232 4678 συγγενεῖ
1285 4613 1378 4665 τοῦ
1412 4612 1676 4681 κηδεστοῦ
1719 4613 1907 4681 ρηγὺς,

342 4701 406 4762 ὃς
439 4700 743 4770 ὁμοροῦντα
788 4700 886 4771 μὲν
914 4701 1210 4770 τετύχηκεν
1237 4701 1373 4771 ἔχων
1399 4705 1580 4763 αὑτὸν,
1611 4703 1838 4770 εὐσεϐὴς
1863 4703 1907 4754 δ’

345 4789 414 4859 ἦν
439 4791 616 4844 οὑτοσὶ
661 4791 757 4844 καὶ
785 4794 896 4854 τοῖς
923 4793 1086 4853 θείοις
1113 4793 1501 4865 προσκείμενος
1526 4793 1760 4862 δόγμασι
1789 4793 1911 4846 καθ’

343 4881 516 4948 ἡμᾶς,
545 4879 620 4940 ὼς
657 4879 743 4932 διὰ
790 4878 961 4932 ταῦτα
993 4880 1144 4946 φίλον
1177 4874 1314 4932 εῖναι
1346 4882 1594 4932 κάκεῖνον
1644 4880 1910 4951 Ῥωμανῷ

343 4968 570 5038 τουτῳῒ,
597 4969 688 5021 καὶ
737 4971 904 5037 ἡδέως
951 4968 1116 5024 αὐτοῦ
1147 4969 1363 5023 ἀκούειν
1398 4971 1566 5038 συχνὰ
1596 4973 1910 5039 προσιόντος

346 5061 449 5112 καὶ
476 5060 868 5129 παραινοῦντος
899 5063 964 5112 τὰ
999 5061 1093 5130 τῆς
1133 5061 1413 5123 εὐσεϐείας
1443 5062 1533 5113 καὶ
1563 5062 1907 5123 διδάσκοντος

2021 2528 2143 2567 mus
2174 2521 2285 2566 tres
2304 2513 2469 2567 totius
2498 2513 2708 2568 Russia:
2739 2513 2910 2568 duces
2941 2532 3063 2569 eum
3113 2517 3326 2571 civibus
3381 2521 3597 2589 religio-

2015 2619 2128 2658 sam
2174 2605 2428 2673 pietatem
2475 2606 2653 2660 eolere
2693 2614 2748 2660 et
2785 2607 3032 2660 eamdem
3094 2611 3377 2666 nobiscum
3432 2614 3592 2666 tidem

2017 2693 2206 2761 sequi;
2253 2694 2474 2747 minime
2521 2701 2701 2747 autem
2747 2705 3024 2761 quartum,
3051 2697 3142 2763 qui
3183 2699 3412 2767 majores
3441 2706 3599 2753 exer-

2017 2784 2223 2838 cituum
2252 2800 2512 2839 numeros
2547 2802 2609 2840 ac
2639 2801 2834 2840 llCI‘VOS
2863 2793 2918 2841 Cb
2942 2802 3218 2840 armorum
3280 2805 3438 2843 USUlll
3499 2791 3595 2844 hilo

2015 2875 2170 2939 bens,
2214 2876 2466 2945 gentibus
2493 2877 3035 2945 septentrionalibus.
3074 2887 3132 2931 ut
3157 2878 3393 2947 Scythis,
3421 2882 3594 2934 multo

2014 2967 2266 3034 superior
2304 2965 2516 3018 viribus
2550 2974 2657 3028 est,
2690 2973 2746 3018 et
2777 2971 2900 3020 eum
2945 2967 3139 3035 reliqui
3189 2969 3373 3038 populi
3413 2984 3592 3023 annua

2015 3057 2278 3113 Barbaris
2302 3057 2584 3127 vectigalia
2625 3058 2880 3122 solvunt,
2913 3075 3190 3128 nunquam
3217 3061 3368 3130 [ipse
3409 3064 3594 3127 Solvit,

2015 3149 2160 3218 quod
2205 3149 2412 3203 munita
2466 3149 2713 3218 quaedam
2755 3151 2874 3205 loca
2919 3161 3069 3205 tenet
3137 3160 3192 3207 et
3257 3155 3594 3224 propinquos

2019 3241 2180 3294 liabet
2224 3239 2407 3294 Celtos
2432 3249 2487 3294 et
2513 3240 2750 3305 Galatas,
2805 3242 2898 3310 qui
2949 3243 3015 3296 ad
3061 3259 3324 3299 oceanum
3376 3259 3597 3316 septeno

2018 3329 2302 3383 trionalem
2324 3338 2380 3384 et
2401 3329 2629 3384 Thalam
2647 3331 2883 3386 insulam
2911 3347 3104 3388 versus
3144 3347 3462 3406 vergentem
3498 3339 3596 3391 lla-

2018 3419 2217 3486 bitant,
2253 3421 2400 3476 unde
2427 3423 2700 3493 zephyrus
2749 3424 2920 3493 spirat
2970 3435 3027 3481 et
3059 3427 3140 3481 sol
3195 3429 3433 3495 “occidit;
3464 3446 3596 3501 gens

2020 3513 2340 3582 plerumque
2365 3512 2620 3569 bellicosa
2649 3523 2724 3577 et,
2745 3517 2890 3585 quod
2920 3517 3152 3572 nimium
3208 3535 3315 3573 non
3351 3531 3453 3587 est,
3511 3523 3597 3576 in-

2019 3605 2180 3665 victa,
2209 3605 2302 3659 sed
2336 3605 2568 3661 diversae
2611 3605 2774 3677 518
2815 3609 3016 3664 mentis
3058 3619 3114 3664 et
3149 3613 3288 3665 solis
3320 3614 3596 3668 adoratio-

2021 3697 2076 3749 ni
2132 3698 2382 3759 deditus,
2437 3697 2698 3765 pollicens
2753 3713 2812 3753 se
2861 3699 2914 3752 in
2976 3706 3216 3754 nostram
3274 3704 3592 3773 religionem

2019 3797 2299 3849 venturos,
2326 3787 2372 3840 si
2403 3789 2648 3841 Romano
2674 3789 2849 3858 legato
2875 3804 2904 3842 a
2939 3805 2996 3843 se
3045 3791 3212 3846 misso
3254 3793 3422 3846 totius
3451 3794 3594 3847 Rus-

2015 3878 2110 3931 sia:
2135 3877 2318 3932 sedem
2349 3876 2714 3946 episcopalem
2741 3887 2799 3932 et.
2833 3881 3174 3949 metrOpolim
3209 3883 3275 3936 ad
3324 3883 3471 3953 leges
3523 3892 3593 3940 ah

2016 3970 2258 4029 Ecclesia
2299 3969 2646 4033 constitutas,
2677 3979 2734 4023 ut
2772 3971 3133 4038 subsequenti
3181 3973 3585 4044 Tlieognostum

2014 4061 2166 4116 brevi
2223 4071 2379 4115 antea
2429 4069 2703 4114 mortuum
2763 4063 3110 4116 tradiderint.
3179 4064 3308 4118 Nam
3360 4067 3409 4119 ei
3467 4084 3589 4122 cum

2011 4166 2197 4207 amore
2227 4149 2396 4205 dediti
2436 4159 2614 4216 erant,
2640 4161 2761 4206 orto
2797 4167 2862 4205 ex
2893 4153 3072 4207 soceri
3109 4155 3252 4224 regis
3285 4171 3472 4213 uxore.
3497 4159 3589 4225 (pi

2009 4257 2132 4296 eum
2158 4241 2390 4294 vicinum
2427 4241 2678 4306 habebat;
2709 4242 2835 4309 pius
2865 4250 3048 4297 autem
3076 4244 3164 4298 ille
3198 4245 3369 4297 {uitet
3391 4246 3592 4300 divinis

2011 4333 2215 4386 nostris
2235 4333 2503 4400 dogmatis
2525 4331 2864 4397 deditus,ita
2897 4343 2955 4387 nt
2986 4336 3196 4391 amicus
3233 4336 3476 4392 Romano
3507 4354 3595 4394 es.

2010 4433 2112 4486 set,
2132 4437 2292 4491 quem
2314 4424 2566 4477 lubenter
2581 4423 2837 4478 audiebat
2865 4425 3222 4480 disserentem
3246 4427 3314 4481 de
3329 4429 3589 4498 religione

2005 4523 2065 4566 .et
2090 4511 2334 4566 discebat
2374 4514 2758 4580 protilietarum
2797 4515 3280 4584 apostolorumque
3297 4519 3484 4583 verba,
3519 4519 3588 4574 ita

2011 4614 2073 4658 ut
2104 4606 2157 4658 in
2185 4619 2279 4659 ore
2303 4605 2420 4674 eius
2443 4616 2814 4660 versarentur.
2835 4607 3002 4675 Igitur
3031 4609 3245 4663 amabat
3272 4610 3363 4664 ille
3392 4612 3559 4665 Roma
3577 4644 3590 4651 -

2011 4713 2140 4751 num
2171 4707 2226 4750 et
2254 4699 2324 4750 ob
2354 4699 2453 4752 lius
2480 4709 2536 4751 et
2579 4697 2648 4751 ob
2682 4698 2802 4751 illas
2831 4715 3046 4766 causas,
3091 4703 3389 4768 praesertim
3440 4707 3584 4773 quod

2012 4788 2080 4842 ab
2101 4788 2244 4842 eoin
2273 4789 2552 4857 religionis
2597 4790 2850 4860 dogmata
2914 4790 3160 4847 initiatus
3210 4802 3329 4846 erat
3377 4795 3588 4848 crebris

2016 4880 2282 4934 doctrinis
2319 4889 2373 4934 et
2419 4881 2908 4946 admonitionibus,
2944 4897 3043 4937 nec
3090 4885 3320 4937 multum
3375 4886 3581 4952 aberat,

2013 4972 2144 5040 quin
2201 4986 2354 5026 sacro
2388 4972 2656 5040 baptismo
2698 4986 3072 5029 renovaretur.
3127 4975 3251 5029 Fuit
3299 4976 3579 5031 Romanus

2013 5062 2100 5114 vir
2131 5063 2391 5130 religione
2415 5071 2469 5116 et
2497 5063 2644 5117 civili
2676 5063 2963 5132 prudentia
2989 5074 3043 5118 et
3077 5065 3295 5133 ingenio
3329 5064 3580 5136 insignis.

341 5153 446 5212 τάς
477 5169 536 5202 τε
575 5153 639 5221 δὴ
669 5151 775 5204 τῶν
807 5153 1098 5222 προφητῶν
1122 5153 1214 5205 καὶ
1242 5154 1554 5206 ἀποστόλων
1589 5156 1794 5224 ῥήσεις,
1830 5154 1902 5214 ὡς

2018 5154 2192 5208 factus
2220 5155 2475 5209 sacerdos
2509 5165 2564 5209 et
2599 5159 2800 5223 justam
2859 5173 2887 5210 a
2943 5157 3188 5224 legendis
3231 5161 3403 5212 sacris
3435 5160 3591 5215 libris

341 5246 445 5298 καὶ
468 5243 570 5294 ἀνὰ
604 5243 776 5311 στόμα
796 5247 985 5316 φέρειν
1019 5247 1268 5296 κάκεῖνον
1297 5245 1787 5312 αὑτάς.Ἐστεργεν
1815 5242 1905 5294 οὖν

340 5337 602 5399 κάκεῖνος
638 5337 901 5406 Ῥωμανῷ
941 5336 1055 5399 πῶς
1109 5337 1204 5405 μὲν
1240 5336 1304 5387 δι’
1335 5337 1538 5394 ἐκεῖνα.
1579 5337 1688 5397 πῶς
1721 5337 1776 5389 δὲ
1818 5335 1904 5387 διὰ

339 5427 642 5489 ταῦτα,καὶ
666 5425 896 5493 μάλιστα
918 5426 991 5488 ὡς
1010 5425 1385 5494 προτελεσθεὶς
1412 5426 1477 5478 τὰ
1497 5426 1592 5494 τῆς
1626 5427 1903 5485 εὐσεϐείας

344 5519 443 5572 ὑπ’
481 5517 646 5569 αὑτοῦ
699 5517 943 5585 δόγματα
999 5519 1218 5586 συχναῖς
1241 5516 1604 5580 διδασκαλίαις
1643 5520 1737 5570 καὶ
1782 5534 1917 5587 παρ-

343 5613 612 5664 αινέσεσιο
642 5613 733 5662 καὶ¹
773 5606 839 5678 ἦν
866 5611 1028 5676 ἐγγυς
1057 5607 1147 5660 τοῦ
1179 5611 1274 5660 καὶ
1301 5609 1373 5677 τῷ
1409 5609 1539 5676 θείῳ
1586 5609 1908 5679 τελεσθῆναι

348 5704 713 5772 βαπτίσματι.
747 5697 920 5753 ⁷11νδ’
958 5705 985 5752 ὁ
1034 5700 1312 5766 Ῥωμανὸς
1365 5702 1545 5752 οὑτοσὶ
1593 5701 1699 5754 τῶν
1752 5704 1906 5755 εὐσε-

553 5802 800 5858 Ριιτιιοι.
847 5803 967 5860 Gn.
993 5799 1260 5860 CXLIX.

2023 5245 2309 5298 scientiam
2382 5254 2437 5298 et
2509 5247 2815 5300 doctrinam
2879 5246 3126 5312 adeptus.
3192 5245 3606 5319 Quinquaginta

2020 5338 2265 5405 quinque
2291 5352 2557 5390 annorum
2587 5345 2800 5391 aetatem
2854 5351 3040 5403 agens,
3075 5335 3263 5390 faciem
3304 5354 3334 5390 a
3395 5349 3590 5390 natura

2018 5432 2209 5487 habuit
2247 5431 2612 5484 venerabilem
2654 5444 2716 5484 ac
2759 5430 2925 5498 piam,
2957 5440 3012 5483 et
3059 5431 3210 5498 operi
3270 5430 3590 5484 revocanda:

2021 5525 2088 5579 ab
2121 5522 2508 5592 superstitione
2546 5522 2694 5575 illius
2732 5521 2910 5590 gentis
2957 5521 3115 5575 ﬁnem
3151 5523 3519 5591 imposuisset,
3541 5521 3587 5574 si

2015 5616 2083 5668 ad
2113 5614 2262 5668 missi
2290 5611 2527 5681 praefecti
2560 5611 2893 5666 voluntatem
2929 5615 3042 5666 tieri
3075 5614 3350 5677 liClllSaCl;
3385 5611 3476 5665 sed
3502 5627 3591 5665 re~

2009 5704 2346 5760 Stititdivina
2370 5705 2447 5756 ira
2475 5704 2747 5758 Romanos
2763 5703 2898 5758 nihil
2919 5703 3042 5756 boni
3074 5704 3330 5772 perﬁcere
3362 5703 3574 5770 patiens

3237 5803 3310 5860 15
