4134 6286
618 354 721 416 4Ἐ)

1809 345 2226 422 meae-nom
2273 348 2658 426 caecout;
3706 365 3798 446 ιιι

617 465 780 534 519
800 477 1017 535 pmpter
1039 464 1382 535 palytlteismi
1434 466 1661 522 luerr-sin
1687 467 1782 537 (l),
1803 484 1964 538 quam
1997 470 2050 522 in
2075 471 2176 524 Ec-

2284 473 2406 544 σείξι
2453 477 2548 528 καὶ
2598 477 2856 548 μοναδικῇ
2904 473 3148 548 πολιτείᾳ
3210 479 3304 532 καὶ
3355 479 3594 554 εὐλαϐείᾳ
3639 503 3776 542 συντε

617 559 836 612 clesiam
891 559 1054 610 modo
1099 559 1377 612 antistites
1427 558 1626 612 nefarii
1679 559 2003 614 intulerunt.
2059 563 2176 616 Sta-

541 717 546 724 .
619 649 875 703 timenim
915 650 1126 703 (lt-lecto
1173 649 1418 703 Romano
1457 651 1699 704 surrexit
1739 651 1956 720 quidam
2001 655 2180 707 nomi-

561 743 564 748 ’
619 757 684 794 ne
703 741 950 803 Alcxius,
969 742 1062 809 qui
1087 741 1337 794 celeriter
1363 741 1688 810 Byzantium
1711 757 1766 797 se
1799 745 2182 807 contulit,non

557 816 565 824 ’
617 831 741 884 inde
767 845 923 884 ortus
955 841 1008 884 et
1039 831 1326 895 educatus,
1356 832 1450 884 sed
1473 833 1704 897 pecunia
1737 833 1901 886 vilem
1937 835 2005 888 ab
2037 834 2184 902 epis-

613 924 766 989 cttpis
808 922 1133 990 quibusdam
1189 922 1510 990 dignitatem
1559 923 1788 992 adeptus
1824 933 1879 978 et
1909 925 1976 977 ad
2025 926 2185 979 terri-

613 1029 872 1076 petrarum
919 1013 1208 1080 Gigantum
1257 1013 1668 1068 similitudinem
1713 1016 1904 1068 eodem
1953 1015 2038 1070 die
2073 1032 2184 1070 me-

615 1105 980 1170 tmpnlitanus
1039 1105 1251 1166 laetus,
1328 1106 1410 1156 vir
1472 1105 1694 1159 humilis
1748 1114 1804 1159 et
1865 1123 2066 1173 parvus
2129 1117 2184 1162 et

609 1195 912 1260 nnt'liplex,
953 1195 1019 1248 ab
1053 1195 1198 1246 otnni
1239 1195 1538 1262 disciplina:
1570 1195 1854 1262 prudentia
1882 1196 2093 1250 alienus
2124 1207 2180 1250 et

613 1285 798 1336 ιιειςίιὶδ
829 1285 1155 1352 capitalibus
1178 1285 1643 1350 accusationilnts,
1676 1297 1734 1338 ιιι
1769 1295 1952 1352 postea
1981 1287 2180 1340 civium

615 1375 734 1426 lit.ri
765 1375 1131 1442 protulerunt,
1152 1377 1442 1428 obnoxius.
1465 1375 1568 1428 Sed
1597 1376 1948 1442 pecuniarum
1970 1377 2180 1445 cupiam

613 1469 760 1518 malit
786 1466 1167 1520 Cantacuzeno
1197 1475 1307 1518 tum
1345 1466 1592 1532 regnanti
1639 1475 1690 1518 et
1753 1465 2038 1520 l’hilotheo
2086 1481 2184 1534 pa-

617 1560 888 1619 triarcl'a‘,
921 1557 984 1610 :-d
1041 1558 1326 1624 utriusque
1391 1556 1723 1608 voluntatem
1777 1565 1832 1608 et
1893 1557 2180 1610 utilitatem

617 1670 738 1708 cum
771 1654 1028 1708 facilitate
1059 1651 1288 1720 quatiam
1326 1649 1584 1714 ollercns,
1609 1657 1665 1702 et
1693 1658 1750 1701 ut
1783 1649 1955 1702 libere
1981 1650 2179 1716 dicam,

613 1760 675 1796 es
705 1754 872 1796 totum
900 1741 1189 1794 obtruxit.
1217 1739 1459 1805 Quorum
1514 1739 1710 1792 animis
1758 1739 2064 1793 conciliatis
2123 1748 2180 1794 et

610 1835 819 1902 le-gilms
852 1833 1084 1886 sublatis
1115 1831 1420 1900 ejectisque
1456 1845 1486 1882 e
1519 1830 1803 1894 memoria,
1839 1829 2042 1884 factum
2094 1839 2180 1884 est
2217 1813 2253 1866 Β

612 1939 668 1980 ut
699 1935 810 1978 tota
840 1923 1034 1978 Russia
1074 1925 1126 1975 in
1159 1922 1296 1975 duas
1349 1931 1527 1989 partes
1559 1931 1614 1974 et
1645 1921 1940 1974 Romanam
1976 1931 2032 1974 ct
2057 1921 2180 1975 Alc-

609 2019 823 2070 aianam
859 2015 1224 2069 divideretur.
1257 2011 1472 2066 Utinam
1531 2012 1822 2066 mansisset
1863 2027 1984 2080 qua:
2019 2020 2180 2064 antea

607 2111 784 2164 fuerat
808 2107 1042 2162 divisio!
1083 2105 1186 2158 Sed
1219 2104 1506 2158 abeuntem
1552 2104 1853 2156 Romanqu
1885 2103 1936 2155 in
1977 2111 2180 2172 partem

608 2217 769 2268 quam
803 2199 1027 2253 sortitus
1053 2197 1432 2264 erat,_Alexius
1456 2181 1918 2264 pluriltus'opibtts
1961 2195 2100 2248 datis
2127 2201 2182 2248 et

611 2293 934 2360 largioribus
965 2288 1162 2343 iterum
1193 2287 1552 2356 prwvaluitet
1587 2297 1831 2354 tempore
1873 2296 2182 2354 opportune

611 2385 912 2437 ltotuantun
965 2379 1352 2448 supplantavit.
1409 2378 1674 2443 Quocirca
1729 2377 1878 2430 brevi
1915 2386 2036 2445 post
2067 2378 2179 2445 spei

611 2479 807 2545 plenus
847 2475 1128 2526 ltomanus
1151 2470 1467 2540 Byzantium
1501 2469 1780 2538 profectus
1810 2479 1892 2522 est
1942 2469 2180 2522 necessi-

613 2578 720 2620 tate
757 2573 978 2618 coactus
1005 2579 1128 2617 cum
1157 2561 1370 2632 imperii
1396 2560 1778 2630 {gubernacula
1819 2560 1980 2628 520
2004 2561 2180 2614 delata

607 2674 727 2711 «δερ
779 2657 845 2710 ad
885 2657 1272 2726 Palmologum,
1308 2663 1364 2708 et
1400 2654 1814 2723 patriarchicam
1875 2655 2058 2706 sedem
2111 2653 2176 2706 ad

609 2753 892 2808 Callistum
967 2751 1232 2804 audisset.
1300 2748 1436 2802 lluic
1497 2747 1643 2801 enim
1715 2746 1928 2816 injuriis
1987 2757 2178 2800 vexato

607 2859 830 2912 operam
898 2843 1126 2896 daturus
1179 2840 1488 2911 patriarcha
1547 2849 1604 2892 et
1637 2839 1729 2906 qui
1773 2839 1912 2893 forte
1949 2839 2178 2892 aderant

611 2937 926 2990 sacerdotes
955 2934 1166 2988 litteras
1196 2942 1250 2988 et
1275 2931 1650 2986 damnationes
1675 2930 2041 2998 scripserunt.
2071 2929 2176 2984 Sed

609 3029 924 3097 priusquam
961 3041 1050 3080 res
1095 3025 1160 3078 ad
1214 3023 1373 3076 linem
1427 3021 1764 3090 perducitur,
1793 3035 1986 3074 rursus
2025 3020 2178 3074 adest

2289 557 2618 636 οραμμένων
2651 569 2860 638 ἀνδρῶν
2883 607 2898 634 ,
2933 570 3228 640 ἱερωμένος
3253 587 3310 622 τε
3357 572 3448 626 καὶ
3489 577 3668 647 πεῖραν
3696 581 3800 650 ἐξη-

2289 659 2560 725 σνημένος
2587 659 2687 727 τῆς
2733 659 2843 712 τῶν
2884 660 3043 730 ἱερῶν
3089 663 3284 730 βίϐλων
3323 664 3666 732 ἀναγνώσεως
3695 670 3804 723 ίκα-

2286 748 2401 816 νῆν,
2433 752 2593 803 πέντε
2627 768 2726 804 που
2772 753 2864 804 καὶ
2910 753 3250 823 πεντήκοντα
3281 754 3414 809 ὲτῶν
3449 756 3654 824 ἠλικίαν
3676 759 3806 829 ἄγων

2287 842 2478 908 ἐγγὺς,
2511 843 2604 894 καὶ
2633 840 2929 914 εἶδοςέχων
2954 847 3016 898 ὲκ
3041 846 3256 912 φύσεως
3285 847 3480 915 σεμνὸν
3511 850 3692 920 κομιδῇ
3723 855 3805 905 καὶ

2285 935 2588 1002 αἰδέσιμον.
2629 936 2738 988 Καὶ
2765 936 3092 1005 προύϐαινεν
3121 937 3186 989 ἂν
3211 939 3289 999 εἰς
3319 937 3489 1006 πέρας
3517 938 3574 991 τὸ
3601 942 3809 1010 πρᾶγμα

2285 1027 2518 1093 χρηστὶν
2567 1030 2696 1096 περὶ
2723 1028 2784 1080 τὸ
2817 1027 2970 1090 ἔθνος
2993 1029 3172 1080 ἐκεῖνο
3196 1027 3294 1096 τῆς
3331 1029 3617 1098 θρησκείας
3643 1032 3805 1098 ἕνεκα,

2283 1120 2332 1168 εἰ
2377 1118 2618 1187 ἐγίγνετο
2665 1118 2864 1182 τελέως
2913 1124 3056 1173 κατά
3100 1121 3198 1190 τὴν
3243 1121 3466 1188 ζήτησιν
3508 1122 3596 1174 τοῦ
3626 1125 3814 1192 πεπομ-

2286 1209 2443 1279 φότος
2503 1209 2788 1278 ἐθνάρχου.
2862 1211 3002 1262 Ἀλλ’
3059 1211 3394 1279 ἀντέπραξεν
3448 1214 3479 1282 ή
3537 1213 3688 1281 μηδὲν
3721 1215 3813 1267 τῶν

2239 1333 2254 1348 κ
2287 1299 2536 1366 χρηστῶν
2586 1301 2731 1352 ἐῶσα
2763 1301 3064 1370 Ῥωμαίους
3105 1301 3368 1370 θεομηνία
3407 1304 3578 1354 τελεῖν
3627 1304 3706 1356 δ;ὰ
3731 1304 3815 1374 τὴν

2283 1390 2386 1454 τῆς
2419 1389 2707 1452 πολυθετας
2735 1391 2968 1459 αἵρεσιν,
2991 1389 3054 1464 [Γ.
3085 1390 3190 1446 239
3221 1389 3277 1463 α]
3308 1391 3376 1460 ἢν
3397 1393 3444 1444 oi
3473 1393 3569 1460 τῆς
3609 1393 3816 1461 Ἐκκλη..

2289 1481 2408 1542 aia,-
2447 1482 2572 1550 ἄρτι
2607 1482 3007 1550 προεστηκότες
3043 1481 3258 1550 ἀνόμως
3291 1482 3636 1550 εἰσήνεγκαν.
3664 1481 3818 1544 Εὐθὺς

2283 1573 2390 1640 γὰρ
2417 1570 2884 1640 χειροτονηθέντος
2945 1568 3180 1622 ενταῦθα
3205 1568 3298 1622 τοῦ
3335 1569 3626 1640 Ῥωμανοῦ,
3649 1572 3820 1642 ἀθρόον

2283 1660 2496 1729 ἐπεφύη
2533 1676 2618 1722 τις
2651 1658 2860 1712 ἐκεῖθεν
2911 1659 3121 1730 ἕτερος,
3156 1657 3378 1728 τοῦνομ’
3427 1661 3674 1726 ’Δλέξιος,
3705 1678 3820 1714 κατ-

2285 1753 2736 1821 εσπουδασμένην
2767 1751 3090 1820 ποιούμενος
3113 1751 3212 1822 τὴν
3241 1755 3297 1815 ἐς
3321 1750 3612 1815 Βυζάντιον
3635 1753 3818 1818 ἄφιξιν,

2285 1842 2422 1912 ὁμοῦ
2452 1859 2510 1894 τε
2557 1845 2784 1912 σπαρεὶς
2830 1843 2926 1894 καὶ
2955 1841 3231 1904 ἁναδοθεὶς
3275 1843 3374 1894 οὐκ
3409 1843 3672 1908 ἐντεῦθεν,
3704 1842 3822 1896 ἀλλὰ

2284 1939 2562 2004 χρήμασιν
2587 1934 2746 1986 ὢνιον
2779 1934 2914 2004 πρὸς
2947 1933 3102 1986 ἐνίων
3129 1933 3290 2003 δῆθεν
3315 1933 3529 1986 ἐκεῖθεν
3557 1933 3824 1999 δεξάμενος

2283 2025 2381 2095 τὴν
2413 2025 2569 2087 ἀξίαν
2632 2023 2964 2086 ἐπισκόπων,
3015 2025 3155 2076 κατά
3201 2023 3262 2075 τὸ
3311 2025 3425 2075 τῶν
3459 2024 3709 2092 σπαρτῶν
3739 2023 3824 2075 καὶ

2285 2119 2444 2180 αὐτὸς
2477 2117 2787 2186 αὐθήμερον
2831 2117 3102 2183 γιγάντων
3131 2116 3306 2169 ἐκεῖνο
3343 2118 3503 2182 γένος
3549 2115 3695 2183 ὤφθη
3732 2132 3825 2183 μη·

2283 2209 2630 2280 τροπολίτης,
2666 2209 2804 2276 ἀνὴρ
2835 2208 3108 2277 μοχθηρὸς
3148 2209 3244 2260 καὶ
3285 2208 3594 2277 πανοῦργος
3623 2207 3709 2260 καὶ
3745 2204 3828 2272 ἔμ-

2283 2300 2560 2367 πληκτος,
2608 2299 2788 2366 πάσης
2836 2313 2894 2349 τε
2946 2296 3224 2368 ἀλλότριος
3277 2296 3544 2360 εύλαὸοὗς
3576 2294 3830 2349 καταστά-

2285 2408 2446 2454 σεως,
2509 2394 2600 2442 καὶ
2641 2391 2759 2459 ἅμα
2831 2389 3048 2452 πολλοῖς
3099 2389 3413 2458 ἐγκλήμασι
3476 2387 3828 2456 καθαιρέσεως

2282 2482 2464 2552 ἔνοχος
2495 2481 2592 2543 ὢν,
2619 2481 2694 2543 ὡς
2743 2481 2812 2533 τὰ
2852 2481 2961 2534 τῶν
2993 2480 3277 2551 ἐγχωρίων
3309 2479 3524 2533 ἐκεῖθεν
3557 2478 3830 2548 ἐληλυθότα

2281 2575 2512 2626 κατόπιν
2573 2574 2837 2640 ἐσήμαινε
2896 2574 3220 2643 γράμματα.
3311 2571 3476 2623 Ἀλλά
3549 2567 3830 2638 χρημάτων

2281 2665 2484 2732 πλῆθος
2544 2665 2878 2732 κεκομικὼς,
2933 2667 3030 2715 καὶ
3087 2664 3212 2726 δοὺς
3259 2661 3358 2732 μὲν
3414 2658 3832 2728 Καντακουζηνῴ

2281 2757 2357 2826 τῷ
2390 2755 2690 2826 τηνικαῦτα
2739 2754 3106 2824 βασιλεύοντι,
3152 2754 3276 2816 δοὺς
3331 2753 3392 2805 δὲ
3453 2751 3553 2806 καὶ
3597 2751 3670 2821 τῷ
3699 2765 3834 2818 τηνι-

2281 2849 2456 2902 καῦτα
2485 2848 2964 2918 πατριαρχεύοντι,
2987 2845 3224 2916 τοῦνομα
3247 2845 3510 2916 Φιλοθέῳ,
3533 2840 3607 2898 ὧν
3631 2843 3830 2913 ἐφίεντο

2281 2942 2470 3010 δώρων
2521 2942 2803 3011 ἑκάτερος,
2841 2933 2916 2992 ὧν
2964 2939 3135 2992 ἐδεῖτο
3187 2942 3326 3008 μετά
3359 2937 3648 3009 ῥᾳστώνης
3685 2937 3828 2996 αὐτὸς

2281 3032 2677 3101 ἀντελάμόανε.
2727 3031 2838 3084 Καὶ
2895 3030 3167 3082 συνελόντι
3215 3031 3409 3098 φάναι,
3449 3029 3598 3082 ἅπαν
3646 3026 3832 3098 ἒφραξε

609 3121 836 3175 Alexius
898 3118 1189 3170 maximam
1245 3113 1598 3183 pecuniarum
1649 3111 1860 3180 copiam
1917 3110 2175 3166 olfcrcns.

2283 3123 2476 3192 στόμα,
2511 3123 2604 3174 καὶ
2639 3121 2820 3184 πάσας
2871 3122 2930 3175 ιν
2977 3121 3056 3188 τῷ
3099 3121 3296 3188 ἀφανεῖ
3323 3119 3582 3174 τεθνάναι
3618 3133 3837 3187 κατηγο-

607 3213 816 3278 Quibus
841 3211 1072 3279 primum
1126 3204 1447 3274 patriarchae
1509 3205 1754 3256 animum
1812 3201 1979 3272 cepit,
2005 3211 2172 3256 mate-

609 3306 704 3357 riae
767 3311 994 3356 terrena:
1037 3298 1338 3367 cupiditate
1385 3297 1602 3366 plenum
1659 3310 1838 3364 neque
1897 3311 1929 3349 a
1979 3295 2174 3349 mentis

606 3395 874 3466 pravitate
905 3393 1135 3446 liberutn
1169 3406 1183 3454 ;
1218 3388 1345 3440 dein
1375 3386 1441 3439 ad
1473 3386 1608 3440 alios
1655 3385 1924 3440 accedens
1975 3401 2175 3438 unum-

607 3497 881 3555 quemque
913 3481 1019 3534 sibi
1053 3477 1388 3534 conciliavit.
1419 3477 1536 3531 Jam
1571 3490 1698 3528 vero
1743 3476 1906 3530 etiam
1965 3474 2172 3544 princi~

611 3595 707 3648 pes
734 3577 882 3630 viros
899 3572 1036 3627 adiit
1058 3582 1112 3625 et
1137 3570 1325 3624 multis
1342 3569 1588 3638 pecuniis
1616 3576 1905 3636 corruptos
1930 3566 2084 3620 facile
2103 3566 2169 3620 ad

609 3669 946 3722 voluntatem
976 3678 1128 3717 suam
1163 3661 1349 3724 traxit,
1371 3659 1463 3729 qui
1497 3668 1712 3728 pactum
1736 3659 1846 3728 jam
1892 3672 1922 3710 a
1948 3656 2171 3712 Callisto

609 3759 923 3832 patriarcha
994 3760 1350 3824 acceperant,
1412 3751 1506 3820 qui
1591 3749 1958 3804 sacerdotales
2025 3749 2172 3819 leges

609 3869 669 3907 se
695 3850 1052 3906 defensurum
1082 3846 1360 3916 iuraverat
1389 3857 1490 3896 nec
1514 3841 1860 3911 proditurum
1886 3849 2040 3904 pacta
2071 3856 2172 3895 nec

610 3947 782 4000 sancti
844 3941 1078 4011 Spiritus
1107 3937 1336 4008 gratiam
1371 3945 1627 4004 tanquam
1665 3934 1911 3990 venalem
1952 3935 2004 3988 in
2051 3934 2171 3988 foro

607 4036 984 4106 expositurum
1034 4031 1272 4086 Simonis
1303 4027 1438 4096 Magi
1467 4026 1850 4091 sectatoribus,
1882 4025 2008 4080 dein
2055 4026 2172 4092 ipse

609 4128 858 4198 proditor
933 4137 1052 4178 esse
1126 4119 1402 4190 apparuit,
1455 4115 1747 4186 dignitates
1807 4131 1868 4169 ac
1946 4131 2173 4170 munera

608 4221 789 4290 pretio
821 4215 1032 4271 venalia
1061 4213 1270 4267 habens
1315 4221 1372 4264 et
1407 4209 1542 4262 alios
1587 4207 1642 4260 in
1677 4206 1958 4275 pravitatis
2001 4207 2174 4262 socie-

611 4323 772 4368 tatem
833 4309 1104 4363 alliciens.
1144 4303 1506 4370 Quamobrem
1561 4299 1796 4368 primum
1859 4299 2173 4354 retractavit

607 4421 729 4472 quae
759 4402 915 4472 521
963 4399 1031 4452 de
1083 4406 1271 4451 sancto
1319 4394 1589 4464 baptismo
1645 4392 1858 4447 civibus
1905 4392 2018 4447 suis
2054 4392 2174 4460 plu-

611 4499 765 4550 rimis
789 4492 1128 4563 promiserat.
1155 4489 1380 4542 l’rzestat
1403 4487 1570 4550 enim,
1593 4485 1690 4550 ait,
1710 4484 1958 4539 venerari
1983 4485 2175 4549 solem,

613 4589 710 4640 toti
735 4583 940 4638 mundo
985 4584 1185 4643 lucem,
1213 4582 1478 4649 vigorem,
1499 4580 1733 4634 calorem
1783 4578 2094 4632 allcrentem
2121 4587 2176 4632 et

608 4676 884 4734 Creatoris
917 4672 1104 4727 mundi
1135 4670 1372 4724 dilucida
1405 4671 1651 4739 quantam
1681 4669 1908 4737 vestigia
1933 4668 2174 4722 etdocu-

611 4778 792 4822 menta
845 4763 1199 4834 praebentem,
1235 4776 1399 4829 quam
1426 4761 1668 4814 avaritia:
1713 4759 2034 4822 daemonem,
2061 4773 2171 4826 quo

611 4859 982 4912 Romanorum
1041 4851 1382 4922 patriarchas
1443 4865 1592 4903 nunc
1641 4859 1830 4918 captos
1881 4849 2069 4910 audio,
2130 4848 2175 4901 si

609 4955 854 5021 ipsorum
885 4945 1128 5016 magistri
1164 4943 1472 5010 exemplum
1503 4951 1833 5010 spectamus,
1861 4941 1957 5008 qui
1985 4939 2175 4993 diabo—

607 5043 720 5096 lum
745 5039 1090 5110 pullicentcm
1122 5049 1182 5088 se
1223 5035 1388 5088 totius
1412 5041 1574 5088 terra:
1603 5047 1766 5100 Regna
1791 5041 1848 5086 et
1867 5047 1999 5100 opes
2021 5032 2179 5085 datu-

610 5147 729 5184 rum
761 5129 804 5182 si
840 5124 1198 5196 procumbere
1227 5130 1282 5174 et
1312 5120 1539 5176 adorare
1567 5135 1625 5174 se
1679 5121 1864 5184 vellet,
1899 5133 2179 5174 aversatus

607 5232 764 5277 estet
788 5221 945 5275 enixe
969 5217 1187 5285 repulit.
1209 5213 1392 5283 Itaque
1415 5213 1507 5282 qui
1534 5212 1586 5264 in
1613 5211 1735 5266 talia
1753 5226 1812 5267 se
1834 5211 2021 5266 insane
2041 5227 2180 5280 pra:-

607 5312 918 5385 eipitaverit
948 5319 1004 5364 et
1035 5323 1134 5378 pro
1194 5306 1384 5360 iisdem
1416 5319 1541 5359 eum
1578 5319 1740 5376 quem
1789 5303 2076 5357 Dominum
2125 5313 2174 5356 et

611 5413 778 5464 Deum
825 5402 928 5458 sibi
979 5399 1268 5456 colendum
1308 5405 1637 5467 sumpserat,
1671 5396 1942 5466 reiecerit,
1981 5393 2182 5461 quibus

608 5500 826 5554 tandem
861 5491 1055 5560 pontis,
1090 5489 1292 5557 quibus
1332 5489 1614 5558 suppliciis
1667 5503 1778 5541 non
1811 5487 2009 5555 dignus
2051 5485 2178 5546 erit,

606 5592 806 5660 quippe
833 5585 925 5654 qui
949 5581 1169 5635 Christo
1203 5581 1434 5634 Domino
1461 5597 1522 5636 ac
1563 5579 1832 5635 Salvatori
1903 5577 2178 5631 diabolum

681 5771 754 5835 (ί)
793 5767 1160 5820 Ι³ει1ηιιεὶιιριιιιι
1197 5763 1427 5813 δὼΙίιϊί.

2281 3216 2406 3288 ρίας
2469 3217 2532 3268 ἐκ
2589 3215 2682 3268 τοῦ
2739 3217 2938 3286 ῥᾴστου
2969 3215 3305 3284 κατέπραξε,
3345 3215 3451 3278 τὰς
3487 3214 3587 3286 μὲν
3625 3212 3835 3282 γνώμας

2282 3308 2432 3376 σφῶν
2477 3308 2907 3376 δουλωσάμενος,
2956 3291 3082 3370 τούς
3135 3307 3191 3360 δὲ
3239 3307 3442 3377 νόμους
3491 3307 3724 3377 συλήσας
3753 3309 3836 3356 καὶ

2281 3401 2472 3470 πόρρω
2522 3399 2744 3468 μνήμης
2793 3397 3010 3452 κεῖσθαι
3061 3401 3490 3468 παρωσάμενος.
3559 3399 3718 3452 Ὅθεν
3753 3398 3837 3448 καὶ

2283 3489 2614 3560 μεμερίσθαι
2646 3488 2736 3542 διὰ
2781 3490 2954 3541 ταῦτα
3011 3491 3381 3559 συμπέπτωκε
3423 3491 3525 3558 τὴν
3579 3489 3677 3556 τῆς
3719 3487 3834 3556 ὅλης

2290 3579 2521 3641 Ῥωσίας
2555 3577 2890 3648 μητρόπολιν
2915 3579 2994 3643 είς
3025 3578 3117 3632 δύο
3152 3581 3371 3650 μοίρας,
3415 3581 3499 3642 εἷς
3528 3595 3588 3632 τε
3627 3577 3834 3646 Ῥωμα-

2281 3672 2371 3725 νδν
2419 3673 2515 3724 καὶ
2570 3671 2830 3736 Ἀλέξων.
2869 3672 2978 3724 Καὶ
3014 3671 3127 3723 εἴθε
3168 3673 3426 3740 ἐνέμενεν
3459 3670 3537 3734 ὡς
3567 3671 3667 3739 τὴν
3699 3668 3834 3736 πρώ-

2278 3781 2378 3834 την
2429 3764 2559 3833 γοῦν
2621 3765 2650 3816 ό
2709 3763 2976 3835 μερισμὸς
3039 3765 3302 3833 ἐγεγόνει.
3382 3765 3532 3818 Ἀλλ’
3591 3764 3832 3822 ἀπιόντος

2292 3854 2574 3924 Ῥωμανοῦ
2611 3853 2747 3923 πρὸς
2793 3853 2859 3922 ἢν
2903 3853 3062 3924 ἔλαχε
3111 3857 3326 3923 μοῖραν,
3379 3853 3560 3907 πλείω
3600 3850 3835 3909 δεδωκὼς

2293 3945 2526 4010 Ἀλέξιος
2559 3947 2814 4016 χρήματα
2845 3945 3016 3998 πλείω
3050 3946 3144 3998 καὶ
3175 3945 3414 4014 κρείττω
3451 3945 3551 3998 καὶ
3597 3943 3693 4014 τὴν
3731 3943 3835 4010 μοῖ-

2283 4057 2384 4110 ραν
2425 4035 2578 4102 αὖθις
2613 4039 2964 4107 συγκυκήσας
2994 4037 3272 4107 ἀνείληφε,
3321 4036 3622 4106 ζημιώσας
3653 4037 3706 4086 ὲν
3731 4033 3835 4090 τοῖς

2280 4132 2515 4202 καιρίοις
2542 4131 2632 4184 τὸν
2673 4129 2974 4197 Ῥωμανόν.
3005 4129 3218 4182 Διὺ’καὶ
3261 4123 3424 4190 αὖθις
3483 4127 3623 4196 μετά
3675 4122 3832 4194 βραχὺ

2281 4225 2416 4293 πρὸς
2451 4221 2743 4286 Βυζάντιον
2787 4221 3240 4290 ἐπανεληλυθέναι
3278 4222 3342 4293 μ’.
3381 4220 3494 4275 259
3547 4219 3600 4290 b]
3653 4217 3835 4286 μεστὸν

2283 4315 2512 4368 ἐλπίδων
2558 4313 2837 4385 Ῥωμανὸν
2890 4315 2922 4383 ἡ
2969 4313 3185 4381 ἀνάγκη
3217 4313 3581 4382 συνήλαυνεν,
3620 4309 3712 4361 ἆτε
3751 4311 3836 4356 καὶ

2287 4407 2612 4477 μεταπεσεῖν
2663 4404 2983 4474 αἰσθόμενον
3039 4403 3110 4456 τά
3147 4420 3205 4455 τε
3261 4403 3361 4472 τῆς
3417 4400 3724 4471 μοναρχίας
3765 4397 3840 4447 ἐν·

2210 4481 2254 4535 D
2281 4494 2459 4549 ταῦθα
2495 4495 2748 4564 σκῆπτρα
2775 4494 2914 4562 πρὸς
2961 4493 3323 4559 Παλαιολόγον
3375 4493 3480 4546 καὶ
3527 4489 3725 4548 αὐτοὺς
3751 4485 3836 4548 τῆς

2281 4583 2650 4654 πατριαρχίας
2702 4582 2922 4652 θρόνους
2975 4581 3130 4644 αὖθις
3163 4585 3221 4645 ἐς
3257 4583 3570 4635 Κάλλιστον
3597 4578 3837 4646 τοῦνομα.

2292 4672 2603 4740 Ἐληλυθότι
2631 4672 2691 4739 δὴ
2726 4667 2819 4724 οὖν
2853 4666 3095 4739 βοηθεῖν,
3125 4673 3296 4740 όπόση
3343 4673 3609 4740 δύναμις,
3643 4670 3840 4722 ἀδικου-

2285 4765 2430 4832 μένῳ
2477 4763 2588 4815 τῶν
2638 4763 2778 4816 πάνυ
2829 4779 2883 4814 τι
2922 4763 3130 4832 σφόδρα
3173 4763 3363 4833 κρίνας
3393 4759 3544 4816 εἶναι
3572 4756 3838 4815 δικαίωνό
3885 4825 3888 4830 λ

2283 4856 2644 4924 πατριάρχης,
2676 4853 2810 4922 ὁμοῦ
2845 4855 2958 4914 τοῖς
2999 4853 3491 4922 παρατετυχηκόσι
3543 4849 3836 4922 τηνικαῦτα

2283 4946 2624 5015 ἀρχιερεῦσι,
2657 4945 2725 4995 τὰ
2758 4943 2852 4994 ἐπὶ
2880 4941 3088 5003 τούτοις
3135 4941 3625 5010 παρεσκευάζοντο
3663 4937 3835 5008 γράμ-

2287 5054 2432 5105 ματα
2474 5037 2569 5088 καὶ
2605 5035 2954 5104 ψηφίσματα.
2997 5031 3160 5085 Ἀλλά
3191 5033 3320 5101 πρὶν
3367 5032 3430 5092 ὲς
3477 5032 3660 5100 πέρας
3693 5029 3836 5084 ἰέναι,

2283 5127 2544 5193 πάρεστιν
2593 5121 2748 5185 αὖθις
2811 5121 3046 5188 Ἀλέξιος
3093 5124 3392 5192 χρημάτων
3449 5119 3838 5190 ἐπιφερόμενος

2287 5215 2510 5266 πλεῖστα
2549 5213 2828 5283 βαλάντια,
2867 5215 2936 5267 δι’
2972 5207 3046 5266 ὧν
3085 5214 3182 5282 τὴν
3225 5212 3320 5266 τοῦ
3352 5215 3704 5282 πατριάρχου
3743 5225 3842 5276 χει-

2285 5309 2600 5377 ρωσάμενος
2630 5306 2855 5376 γνώμην
2878 5307 2946 5358 τὰ
2976 5307 3186 5374 πρῶτα,
3218 5305 3349 5373 ὕλης
3379 5306 3658 5374 γηγενοῦς
3691 5305 3846 5367 ὑπερ-

2285 5399 2433 5464 φυῶς
2469 5397 2712 5466 ὀρέξεσιν
2767 5399 3046 5466 ἡλικιῶτιν
3089 5397 3254 5450 οὖσαν
3314 5399 3410 5448 καὶ
3441 5397 3714 5465 δεσμὼτιν
3749 5395 3840 5442 οὐκ

2287 5489 2392 5552 ἔξω
2418 5488 2748 5557 φαυλότητος
2781 5489 3076 5558 λογισμῶν,
3111 5489 3301 5542 ἔπειτα
3331 5487 3562 5558 περιῄει
3597 5487 3723 5548 τοὺς
3757 5479 3840 5535 ἄλ·

2285 5578 2410 5640 λους
2450 5579 2727 5646 ἀναλόγως
2777 5581 2954 5644 διδοὺς
3003 5581 3099 5633 καῖ⁹
3149 5577 3514 5646 δουλούμενος
3572 5574 3836 5632 καθ’ἓκα·
