4134 6286
415 336 515 402 461

948 450 971 467 ς

1206 410 1215 419 ς
1310 335 1747 401 nmmum
1791 338 2169 399 IIISTORI.E
2210 337 2349 396 Lm.
2396 322 2661 395 xxx'vr.

3552 320 3657 400 te?

413 468 537 504 στον
565 447 835 510 ἅπαντας.
870 448 1006 517 ἽΙδη
1060 449 1115 502 δὲ
1148 451 1256 503 καὶ
1288 453 1401 513 τοῖς
1444 451 1672 522 ἄρχουσι
1710 448 1985 519 προσιὼν,

2097 454 2293 500 tostcm
2328 445 2693 524 et‘inimicum
2729 454 3025 515 anteponat
3064 456 3117 500 et
3168 463 3234 501 ne
3282 440 3429 502 hunc
3478 447 3656 525 Solent

413 544 511 596 καὶ
552 541 854 611 παραϐύων
881 541 1150 612 ἁδρότεροι
1190 541 1465 612 κέρματα,
1488 544 1660 613 ῥᾷστα
1706 527 1802 595 καὶ
1836 543 1977 610 σφᾶς

417 635 552 706 πρὸς
576 634 636 687 τὸ
674 633 1000 704 βουλόμενον
1055 629 1226 698 εἷλκε,
1275 634 1335 686 τὸ
1372 630 1801 715 συγκεχωρηκὸς
1834 634 1980 702 εἱλη-

416 728 583 797 φότας
609 727 713 797 ἤδη
750 725 902 796 παρά
927 724 1022 778 τοῦ
1053 726 1396 796 πατριάρχου
1429 727 1755 791 Καλλίστου,
1792 726 1850 785 ὃς
1871 742 1901 777 τ
1920 727 1979 777 ”ν

414 819 516 888 τῆς
546 816 848 888 ἱερωσύνης
873 818 1116 869 κανόνων
1148 814 1433 887 πρόμαχος
1468 814 1607 870 εἶναι
1649 813 1978 885 ὀμωμοκὼς,

414 910 508 963 καὶ
551 910 626 978 μὴ
680 908 946 977 προδότης
1012 906 1260 976 γίνεσθαι
1319 907 1430 959 τῶν
1479 907 1684 976 ταύτης
1722 906 1977 976 Θεσμῶν,

420 1001 555 1069 μηδὲ
589 1002 686 1069 τὴν
738 999 982 1069 ἄπρατον
1013 1000 1175 1068 χάριν
1218 999 1313 1051 τοῦ
1365 998 1681 1068 Πνεύματος
1711 996 1871 1052 ὢνιον
1907 992 1982 1061 ὡς

416 1093 473 1145 ἐν
500 1092 677 1160 ἀγορᾷ
714 1090 1028 1159 προτιθέναι
1066 1090 1180 1151 τοῖς
1222 1088 1364 1141 κατά
1413 1081 1630 1158 Σίμωνα
1661 1089 1752 1140 τδν
1796 1082 1984 1155 Μάγον

416 1186 692 1255 ζητοῦσιν,
724 1184 915 1237 ἔπειτα
942 1183 1103 1245 αὑτός
1157 1200 1217 1236 τε
1272 1183 1598 1253 παραϐάτης
1636 1176 1793 1251 ὤφθη
1830 1200 1988 1250 περι-

418 1281 616 1346 φανὴς,
650 1275 991 1330 διακυϐεύων
1033 1274 1100 1328 τά
1135 1276 1313 1343 τίμια,
1348 1271 1442 1327 καὶ
1473 1275 1598 1336 τοὺς
1633 1274 1823 1337 ἄλλους
1851 1292 1985 1344 προ·

416 1371 751 1441 τρεπόμενος
790 1366 1273 1437 ἀπαρακαλύπτως
1306 1370 1361 1428 ἐς
1395 1366 1492 1435 τὴν
1532 1366 1625 1418 τοῦ
1661 1365 1838 1419 κακοῦ
1871 1382 1987 1417 κοι-

418 1460 635 1516 νωνίαν.
690 1459 929 1528 Καὶξδιά
983 1458 1158 1511 ταῦτα
1215 1459 1537 1527 ἀπηνήνατο
1596 1456 1655 1520 ἐς
1701 1452 1985 1526 προῦπτον

416 1552 513 1612 τάς
543 1551 668 1619 πρὶν
696 1547 1017 1617 ὑποσχέσεις
1048 1547 1263 1608 ὲκείνας
1315 1546 1370 1597 αἳ
1403 1544 1532 1613 περὶ
1561 1544 1656 1596 τοῦ
1713 1544 1861 1595 θείου
1892 1542 1988 1614 βα-

418 1642 721 1709 πτίσματος
750 1635 889 1711 ἦσαν
922 1637 1070 1706 αύτῷ
1102 1637 1621 1707 παρεσκευασμέναι
1651 1636 1747 1687 σύν
1786 1652 1850 1702 γε
1874 1637 1987 1698 τοῖς

418 1733 682 1802 ὑπηκόοις
707 1733 901 1802 κομιδῇ
941 1730 1329 1800 παμπληθέσιν
1368 1728 1741 1798 ὑπάρχουσιν·
1777 1725 1987 1795 βέλτιον

2088 538 2333 606 quidem,
2364 552 2529 607 quem
2584 537 2839 604 equidem
2890 553 3139 600 veneror,
3172 539 3322 593 edito
3368 540 3661 606 impietatis

2092 629 2404 683 testimonio
2428 610 2723 684 vereatur?
2755 629 3011 698 Apertam
3042 645 3143 700 ego
3175 631 3312 686 hanc
3341 646 3461 686 esse
3490 631 3662 705 idolo.

2090 720 2302 772 latriam
2332 710 2532 775 statuo.
2571 719 2751 774 Solem
2781 721 2927 774 enim
2953 721 3186 790 primum
3221 737 3403 776 rerum
3433 723 3663 777 elemcn~

2093 820 2206 863 tum
2262 826 2383 866 esse
2430 826 2770 881 componens
2818 814 3058 868 universi
3114 801 3365 869 naturam
3415 808 3665 889 homines

2092 898 2501 957 intellexerunt.
2528 901 2737 957 Aurum
2768 919 2897 959 vero
2923 914 2977 959 et
3014 903 3300 979 argentum
3345 900 3508 961 omne
3567 922 3666 976 per

2092 991 2280 1045 orbem
2306 1002 2574 1047 terrarum
2598 994 2745 1048 sanis
2777 996 2995 1064 quidem
3023 996 3339 1073 hominibus
3362 996 3426 1048 ad
3459 997 3662 1050 bonum

2092 1078 2231 1136 nihil
2257 1094 2505 1152 prosunt,
2531 1085 2734 1154 quippe
2751 1102 2870 1155 qua:
2893 1088 3024 1141 solis
3047 1089 3299 1159 imaginis
3314 1104 3381 1144 ne
3412 1091 3662 1144 umbram

2093 1174 2314 1243 quidem
2343 1189 2564 1230 servare
2592 1177 2824 1245 possint.
2861 1177 2954 1232 Sin
2983 1193 3114 1232 vero
3145 1178 3212 1232 ad
3247 1178 3410 1245 impia
3456 1189 3511 1232 et
3542 1194 3631 1233 scr

2093 1265 2265 1319 lerata
2293 1267 2509 1336 negotia
2543 1267 2770 1321 adhibet
2798 1269 3042 1324 avaritia:
3098 1268 3254 1324 dolos
3294 1269 3454 1339 522
3487 1269 3533 1323 is
3575 1271 3664 1324 cui

2093 1371 2326 1427 praeesse
2356 1357 2607 1422 contigit,
2641 1368 2697 1411 et
2725 1358 2968 1427 loquitur
2994 1360 3214 1429 quidem
3240 1372 3432 1428 contra
3463 1376 3658 1430 argen—

2096 1457 2233 1515 tum,
2274 1464 2466 1503 verum
2503 1449 2797 1504 sacerdotii
2849 1451 3167 1521 dignitatem
3205 1452 3387 1507 reddit
3416 1453 3663 1506 venalem
3759 1487 3764 1491 .

2095 1540 2348 1607 pecuniis
2379 1554 2487 1593 non
2520 1539 2702 1609 parvis
2724 1557 2899 1611 neque
2932 1543 2998 1597 ad
3029 1544 3457 1615 magnitudinem
3491 1545 3667 1598 modi:

2095 1629 2173 1683 cis
2195 1645 2373 1700 neque
2399 1633 2462 1684 ad
2499 1632 2711 1686 numeri
2761 1635 3190 1700 multitudinem,
3226 1639 3319 1691 sed
3350 1654 3471 1707 qua:
3520 1638 3666 1709 ejus-

2097 1717 2243 1775 modi
2279 1722 2499 1778 modum
2530 1724 2684 1779 valde
2715 1732 3371 1799 exsuperent,quousque
3404 1729 3520 1784 haec
3544 1746 3640 1800 per

418 1826 528 1894 γόρ
559 1823 757 1893 ἔφησεν
783 1823 918 1893 ἡλίῳ
940 1822 1250 1888 λατρεύειν,
1296 1819 1500 1887 κόσμον
1531 1819 1651 1870 ὅλον
1695 1817 1983 1886 φωτίζοντι

2097 1812 2267 1866 veniet
2288 1814 2642 1869 immoderata
2662 1816 2933 1885 superbiae
2950 1828 3005 1872 et
3030 1796 3333 1875 insolentia:
3352 1829 3406 1876 tu
3417 1821 3666 1891 rpitudu?

419 1916 513 1968 καὶ
548 1913 775 1978 ζωοῦντι
805 1914 901 1965 καὶ
932 1912 1345 1981 περιθάλποντις
1378 1909 1472 1963 καὶ
1521 1903 1619 1979 τῆς
1647 1908 1742 1960 τοῦ
1771 1907 1990 1960 πάντων

420 2005 628 2067 είκόνος
653 1996 989 2073 δημιουργοῦ
1051 2000 1198 2071 σαφῆ
1256 2003 1383 2055 τινα
1418 1994 1672 2072 φέροντος
1724 2000 1845 2068 ἴχνη
1898 1998 1991 2051 καὶ

420 2095 688 2166 σύμϐολα,
792 2090 868 2163 τῷ
896 2095 991 2164 τῆς
1028 2093 1394 2163 φιλαργυρίας
1423 2085 1661 2162 δαίμόνι,
1689 2091 1754 2164 [ί.
1787 2092 1892 2147 260
1931 2090 1988 2163 α]

416 2180 460 2257 ᾧ
488 2189 613 2251 τοὺς
641 2186 749 2239 τῶν
816 2184 1104 2255 Ῥωμαίων
1130 2178 1314 2238 ἀκούω
1344 2186 1463 2237 νυνὶ
1497 2186 1849 2255 πατριάρχας
1880 2185 1991 2237 ἀλί-

419 2283 669 2344 σκεσθαι,
713 2278 761 2330 εί
796 2277 901 2349 χρὴ
958 2266 1101 2330 κατά
1131 2278 1221 2329 τὸν
1246 2275 1355 2329 τῶν
1390 2276 1571 2329 αὐτῶν
1600 2275 1989 2345 ἀποφήνασθαι

416 2370 756 2435 διδάσκαλον,
806 2369 865 2432 ὃς
914 2354 1442 2437 ὑπισχνουμένῳτῷ
1492 2364 1729 2435 διαϐόλῳ
1784 2366 1986 2419 δώσειν

420 2463 697 2536 βασιλείας
732 2478 787 2516 τε
818 2461 914 2515 καὶ
951 2462 1212 2532 χρήματα
1241 2452 1340 2528 γῆς
1380 2459 1621 2529 ἁπάσης,
1658 2459 1706 2511 εί
1749 2454 1992 2529 βούλοιτο

419 2558 748 2626 προσκυνεῖν
785 2556 881 2607 καλ⁸
932 2553 1218 2623 λατρεύειν
1265 2547 1436 2622 αὐτῷ,
1472 2553 1771 2621 ἐπετίμησέ
1803 2568 1862 2603 τε
1896 2554 1990 2605 καὶ

420 2648 805 2719 ἀπεκρούσατο
824 2646 967 2716 μάλα
992 2644 1234 2715 σφοδρῶς
1252 2659 1270 2677 ο
1294 2640 1426 2698 ὥσθ’
1447 2644 1474 2697 ό
1500 2641 1708 2705 τούτοις
1732 2643 1988 2712 ἐκθύμως

421 2740 784 2807 ἑγκυὸιστῶν,
839 2740 936 2790 καὶ
968 2738 1091 2789 ἀντὶ
1141 2734 1348 2790 τούτων
1379 2728 1541 2790 αὐτὴν
1574 2734 1897 2806 προϊέμενος
1929 2734 1989 2786 δν

420 2833 596 2887 εἵλετο
629 2829 907 2899 Δεσπότην
958 2828 1102 2898 ἔχειν
1157 2827 1253 2881 καὶ
1289 2823 1445 2891 Θεὸν,
1477 2821 1646 2881 ποίων
1691 2829 1788 2895 μὲν
1826 2825 1989 2878 κολά-

423 2938 584 2989 σεων,
613 2918 781 2973 ποίων
814 2917 868 2970 δὲ
902 2917 1235 2987 πρηστήρων
1260 2917 1358 2969 οὐκ
1381 2917 1530 2982 ἄξιος
1563 2916 1648 2986 εἴη
1678 2917 1764 2980 ἂν,
1784 2914 1988 2967 Δεσπό-

421 3032 518 3067 του
544 3011 780 3084 χρηστοῦ
806 3027 866 3064 τε
892 3009 986 3063 καὶ
1018 3010 1310 3078 εὐεργέτου
1359 3000 1611 3060 διάϐολον
1652 3005 1987 3075 ἀλλαττόμε-

423 3124 512 3167 νος
540 3104 730 3174 ὲχθρδν
766 3103 860 3154 καὶ
907 3101 1191 3170 πολέμιον,
1222 3097 1317 3153 καὶ
1362 3099 1482 3152 οὐδὲ
1512 3094 1721 3151 τουτονὶ
1750 3099 1842 3150 τὸν
1893 3097 1987 3149 ὑπ’
2020 3132 2061 3190 C

423 3195 562 3266 ἐμοῦ
598 3194 906 3265 τιμώμενον
933 3193 1086 3263 ἥλιον
1139 3191 1367 3244 αἰδεῖται
1402 3192 1659 3261 μάρτυρα
1694 3190 1790 3259 τῆς
1831 3192 1989 3243 ἀναι-

423 3289 575 3353 δείας
608 3287 751 3358 δρῶν
784 3284 1002 3347 ἑαυτοῦ,
1058 3285 1139 3337 ὃτι
1188 3283 1279 3334 τὸν
1308 3281 1403 3335 καὶ
1447 3282 1614 3335 αὑτοῦ
1662 3281 1994 3351 δημιουργὸν

430 3383 643 3449 γηϊνοις
669 3380 764 3449 ὅλη
797 3376 977 3448 ψυχῆς
1028 3378 1347 3445 προαιρέσει
1405 3374 1656 3443 προΐεται
1713 3375 1992 3443 χρήμασις

430 3474 589 3543 Σαφῆ
644 3473 752 3542 γὰρ
804 3467 943 3524 εἶναι
978 3469 1182 3539 ταύτην
1242 3469 1418 3537 ἔγωγε
1455 3466 1681 3534 τίθεμαι
1713 3465 1994 3518 εἰδωλολα-

429 3566 621 3637 τρείαν
643 3580 656 3593 ·
689 3565 779 3617 τὸν
811 3564 908 3633 μὲν
934 3562 1043 3631 γὰρ
1069 3560 1222 3631 ἣλιον
1267 3560 1529 3627 στοιχεῖον
1555 3555 1613 3620 ἐξ
1648 3557 1822 3626 ἀρχῆς
1848 3551 1993 3609 εἶναι

432 3656 835 3725 κατειλήφεσαν
884 3652 1159 3722 ἄνθρωποι
1208 3649 1533 3703 συστατικὸν
1563 3652 1660 3720 τῆς
1694 3648 1805 3700 τῶν
1833 3648 1891 3699 ὲν
1923 3649 1993 3716 γῇ

433 3748 656 3802 πάντων
711 3746 955 3814 φύσεως”
1013 3743 1211 3814 χρυσὸς
1259 3741 1314 3794 δὲ
1342 3742 1436 3793 καὶ
1464 3741 1705 3809 ἄργυρος
1738 3741 1880 3800 ἅπας
1921 3736 1994 3805 γῆ

431 3835 748 3905 πατουμένη
775 3833 870 3886 καὶ
918 3832 1030 3893 τοῖς
1081 3828 1403 3898 εὐφρονοῦσι
1430 3829 1566 3897 πρὸς
1594 3826 1761 3896 μηδὲν
1793 3826 1995 3893 ἀγαθὸν

427 3925 834 4000 χρησιμεύοντα
853 3939 868 3954 ·
894 3921 1009 3985 πῶς
1033 3920 1142 3988 γὰρ
1172 3919 1207 3972 ἂ
1228 3918 1351 3988 μηδ’
1369 3918 1575 3978 εἰκόνος
1601 3916 1818 3969 εῐδωλον
1840 3914 1992 3985 ήλίσυ

432 4020 626 4085 σώζειν
652 4017 909 4080 δύνατσις
937 4016 997 4066 Εί
1021 4014 1078 4066 δὲ
1111 4014 1201 4065 καὶ
1227 4011 1365 4081 πρὸς
1400 4011 1648 4077 ἀνιέρους
1697 4009 1786 4059 καὶ
1826 4007 1993 4076 βεϐήςο

427 4111 554 4172 λους
594 4106 822 4177 πράξεις
876 4104 1231 4174 καταδαπανᾷ
1298 4102 1392 4173 τῆς
1449 4098 1814 4169 φιλαργυρίας
1866 4098 1993 4160 τοὺς

428 4201 664 4271 τρόπους
717 4200 746 4251 ὁ
802 4197 898 4250 καὶ
955 4194 1315 4267 προΐστασθαι
1346 4193 1545 4262 λαχὼν,
1587 4192 1679 4245 καὶ
1709 4189 1860 4242 λαλεῖ
1895 4190 1992 4259 μὲν

429 4290 567 4360 πρὸς
598 4287 881 4357 ἀργύριον,
906 4285 1201 4356 χρημάτων
1224 4284 1269 4335 δ’
1292 4280 1451 4334 ὤνιον
1477 4283 1538 4334 τὸ
1560 4282 1659 4352 τῆς
1690 4278 1992 4350 ἱερωσύνης

431 4381 669 4433 ποιεῖται
720 4375 956 4444 ἀξίωμα,
992 4374 1089 4425 καὶ
1137 4371 1347 4422 τούτων
1377 4371 1437 4421 οὐ
1464 4371 1676 4439 μικρῶν
1705 4385 1870 4423 τινων
1899 4373 1992 4422 καὶ

434 4464 732 4535 βραχύτητι
763 4457 1219 4529 περικλειομένων
1247 4456 1415 4523 ὄγκου
1445 4460 1539 4512 καὶ
1567 4457 1802 4527 ἀριθμοῦ
1829 4459 1991 4528 πηλι-
2029 4486 2069 4538 υ

434 4558 620 4626 κότητι
646 4555 742 4605 καὶ
779 4550 1059 4618 ποσότητι,
1095 4548 1229 4601 ἀλλά
1257 4551 1347 4601 καὶ
1371 4550 1497 4611 τοὺς
1532 4548 1803 4610 τοιούτους
1829 4549 1989 4618 ὄρους

435 4643 869 4714 ὑπερὸαινόντων
915 4656 975 4692 τε
1035 4644 1127 4692 καὶ
1160 4639 1720 4711 ὑπερεκτεινομένων,
1758 4640 1859 4690 ποῦ
1895 4641 1995 4692 οὑκ

436 4739 502 4791 ἂν
528 4737 768 4788 ὲλάσειεν
789 4731 999 4801 ὕϐρεώς
1019 4747 1078 4782 τε
1104 4733 1198 4782 καὶ
1222 4730 1447 4792 ἀτοπίας
1469 4732 1501 4800 η
1526 4730 1761 4799 ἀκρασία
1784 4746 1799 4796 ;
1833 4729 1997 4790 Τίνας

434 4830 478 4882 δ’
505 4830 605 4881 οὐκ
633 4827 699 4880 ἂν
716 4824 993 4893 ύπερὸαίη
1038 4825 1368 4884 Καυκάσους
1415 4823 1556 4890 ὀρῶν
1610 4824 1704 4875 καὶ
1735 4822 1996 4882 Τανάϊδος

436 4918 664 4979 ἐκϐολὰς
693 4917 787 4968 καὶ
812 4914 1032 4968 Σκυθῶν
1062 4914 1393 4982 ἀγριότητας
1420 4914 1452 4980 ἡ
1504 4914 1659 4980 φήμη
1702 4912 1997 4981 βαδίζουσα

438 5009 535 5077 τῆς
558 5008 909 5076 αἱσχρότητος
931 5022 946 5070 ;
982 5004 1053 5056 Ἦ
1080 5004 1164 5065 τίς
1195 5002 1260 5055 ἂν
1287 5003 1378 5055 καὶ
1406 5003 1569 5055 ὁποία
1598 5005 1729 5055 ποτὲ
1763 5002 1997 5069 συσταίη

437 5102 683 5154 πολιτεία
704 5098 928 5169 βεϐαίας
959 5098 1055 5159 τὰς
1076 5095 1167 5149 τοῦ
1196 5095 1377 5164 μένειν
1394 5097 1493 5149 οὑκ
1525 5096 1727 5149 ἐπίπαν
1755 5095 1998 5165 αὐχοῦσα

436 5191 704 5257 κρηπῖδας
729 5206 741 5252 ;
775 5187 929 5248 Τίνες
956 5186 1001 5237 δ’
1034 5187 1099 5237 ἀν
1125 5184 1315 5237 οἰκιῶν
1346 5184 1440 5235 καὶ
1471 5186 1678 5237 πόλεων
1702 5184 2001 5253 διοικήσεις

437 5282 787 5348 εύνομηθείεν
820 5278 1065 5346 ὅπουπερ
1099 5278 1164 5328 ἂν
1201 5277 1250 5327 οί
1286 5276 1394 5326 τῶν
1426 5277 1668 5328 κανόνων
1699 5275 1793 5328 καὶ
1819 5275 2002 5344 νόμων

438 5376 761 5440 προστάται,
789 5372 895 5423 τῶν
910 5368 1164 5440 χρηστῶν
1186 5366 1514 5438 ἀμελοῦντες
1541 5369 1602 5439 [ί.
1621 5368 1727 5422 260
1755 5367 1806 5439 b]
1831 5368 2000 5438 ἠθῶν,

438 5464 947 5536 παρευημερεῖσθαι
974 5463 1142 5532 δρῶσι
1172 5464 1239 5515 τά
1268 5462 1364 5531 τῆς
1391 5462 1739 5532 δικαιοσύνης
1774 5462 2003 5514 ἀνάκτο-

440 5578 529 5630 ρα,
552 5560 647 5612 καὶ
668 5574 742 5609 πα
754 5558 820 5626 ρὰ
841 5553 1042 5623 φαῦλον
1064 5553 1384 5608 τίθενταιτά
1407 5553 1514 5605 τῶν
1534 5552 1782 5622 νομίμων
1799 5554 2001 5624 κράτη,

438 5655 532 5705 καὶ
565 5652 626 5703 τὸ
652 5649 847 5718 ψεῦδος
891 5646 1203 5717 προτιμῶσι
1249 5646 1350 5714 τῆς
1391 5645 1676 5714 ἀληθείας,
1715 5647 1811 5699 καὶ
1840 5646 2004 5714 νόμον

438 5759 538 5811 την
565 5738 798 5809 ἀνομίαν
825 5737 1103 5807 ἡγοῦνται,
1129 5740 1220 5789 καὶ
1249 5736 1427 5806 ψῆφον
1451 5736 1799 5804 δικαιοσύνης
1830 5736 1887 5786 τὸ
1911 5737 2008 5799 τὰς

2091 1896 2280 1957 Nonne
2307 1903 2612 1960 Caucasum
2643 1916 2885 1961 montem
2923 1917 2977 1962 et
3042 1908 3243 1986 Tanais
3299 1910 3563 1986 impetum
3610 1926 3665 1966 ct.

2094 1993 2419 2063 Scytharum
2453 1995 2845 2051 immanitatem
2902 2011 3126 2068 superat
3167 1984 3666 2080 hicimpudent‘ae

2092 2085 2316 2139 rumor?
2355 2085 2487 2151 Quae
2542 2096 2596 2141 et
2638 2077 2813 2157 qualis
2852 2080 3089 2160 unquam
3143 2077 3453 2162 respublica
3513 2095 3662 2148 ﬁrma

2091 2176 2338 2241 steterit,
2394 2192 2515 2247 qua:
2576 2170 2685 2233 non
2744 2180 3092 2237 fundamenta
3175 2184 3326 2239 firma
3394 2189 3670 2242 tenuerit!

2090 2267 2231 2321 Num
2270 2268 2489 2323 familias
2514 2279 2569 2324 et
2597 2272 2847 2327 civitates
2874 2272 3012 2329 bene
3067 2274 3543 2342 administrentur,
3571 2281 3661 2333 ulu

2091 2360 2185 2427 qui
2218 2360 2578 2415 observandis
2612 2364 2822 2432 legibus
2871 2380 2936 2420 ac
2994 2367 3204 2422 normis
3256 2379 3522 2438 praesunt,
3571 2388 3666 2425 ne.-

2093 2451 2283 2519 gleetis
2310 2452 2481 2520 probe
2541 2453 2824 2520 institutis,
2859 2456 3126 2525 justitiam
3179 2470 3448 2527 potestate
3481 2472 3538 2517 et
3582 2465 3667 2518 die

2091 2540 2299 2611 gnitate
2324 2542 2693 2600 detrahuntet
2718 2546 2895 2618 legum
2918 2551 3303 2608 auctoritatem
3326 2553 3394 2610 ad
3430 2555 3663 2612 nihilum

2095 2633 2374 2702 redigunt,
2408 2636 2504 2705 qui
2535 2638 2878 2695 mendacium
2917 2643 3132 2697 veritati
3166 2654 3533 2717 anteponunt,
3570 2652 3664 2718 qui

2089 2723 2262 2793 legem
2298 2725 2513 2795 illegem
2548 2726 2758 2782 ducunt
2779 2738 2839 2803 et
2888 2732 3156 2807 justitiam
3213 2735 3356 2803 juris
3414 2722 3669 2810 inquina;

2093 2813 2318 2877 tionem,
2343 2813 2437 2880 qui
2470 2811 2710 2885 denique
2753 2810 3216 2887 quemadmodum
3262 2826 3584 2882 civitatibus
3613 2838 3670 2883 cl

2090 2902 2321 2957 urbibus
2365 2904 2481 2960 suis
2524 2920 2744 2983 aperer
2765 2918 2822 2964 et
2867 2897 3148 2981 propalam
3205 2919 3519 2973 evertendis
3572 2920 3665 2974 diu

2090 3002 2368 3077 noctuque
2417 3012 2640 3073 operam
2694 3008 2849 3067 nant,
2897 3002 2967 3056 ita
3004 3005 3189 3059 sedem
3230 3016 3292 3076 et.
3324 3007 3664 3064 domicilium

2091 3089 2343 3144 similiter
2372 3091 2427 3145 in
2457 3092 2772 3148 coelestibus
2809 3094 3019 3150 thronis
3052 3082 3329 3157 immobile
3376 3111 3433 3156 et
3470 3103 3669 3157 immo;

2100 3180 2264 3235 labile
2294 3189 2479 3236 tenere
2503 3197 2563 3237 se
2590 3199 2785 3240 secure
2833 3197 3045 3257 putant,
3083 3191 3223 3246 male
3267 3180 3425 3262 periti
3486 3194 3560 3249 illi
3609 3208 3668 3251 et

2101 3266 2261 3323 inscii
2311 3285 2419 3324 non
2483 3272 2677 3337 aliter,
2723 3289 2789 3329 ac
2841 3277 2969 3331 ea'ci
3033 3279 3126 3356 qui
3188 3266 3261 3354 ne
3325 3294 3451 3339 ante
3499 3287 3667 3356 pedes

2100 3362 2319 3431 quidem
2345 3376 2466 3432 qua:
2493 3364 2679 3433 jacent
2702 3365 2890 3422 videre
2938 3352 3188 3438 possunt.
3221 3352 3456 3429 Fructus
3499 3352 3664 3432 enim

2104 3463 2266 3509 tanta:
2295 3457 2644 3528 malignitatis
2665 3467 2720 3512 et
2748 3457 2906 3529 523
2934 3444 3251 3537 insolentia:
3305 3468 3400 3535 qui
3431 3483 3459 3522 a
3519 3477 3670 3540 tergo

2101 3557 2406 3615 sequuntur
2435 3557 2740 3613 cernentes,
2774 3545 2942 3621 magis
2994 3570 3115 3623 qua:
3143 3567 3269 3612 ante
3304 3560 3494 3616 oculos
3521 3564 3667 3632 posi-

2103 3647 2170 3691 ta:
2200 3647 2329 3694 sunt
2387 3655 2606 3709 semper
2662 3640 3033 3711 improbitatis
3085 3636 3275 3716 pinnas
3327 3667 3666 3723 nequaquam

2103 3728 2562 3794 animadvertunt,
2594 3733 2689 3788 sed
2723 3734 3038 3791 insanorum
3074 3728 3283 3795 similes
3332 3743 3525 3800 dentes
3553 3750 3669 3800 suis

2103 3822 2430 3889 corporibus
2484 3824 2709 3895 injicere
2756 3836 3029 3896 satagunt,
3062 3835 3213 3902 quasi
3272 3840 3670 3908 quamplurima

2102 3910 2467 3966 emolumenta
2515 3922 2572 3966 et
2620 3930 2783 3985 quam
2852 3918 3102 3986 plurimae
3152 3934 3329 3980 sortes
3387 3934 3673 3983 evenerint

2102 3991 2247 4056 terra
2274 4002 2539 4072 marique,
2561 4020 2662 4060 nec
2690 4008 2846 4076 plane
2872 4014 3206 4067 contrarium
3228 4016 3512 4083 acciderit,
3541 4035 3667 4073 cum

2103 4107 2277 4161 usque
2313 4094 2380 4147 ad
2436 4105 2723 4165 portaset,
2758 4110 2819 4153 ut
2852 4101 2923 4155 ita
2975 4102 3176 4170 dicam,
3209 4106 3436 4163 aedificia
3478 4125 3667 4165 eorum

2101 4199 2262 4253 pcena
2297 4188 2676 4258 progrediatur
2704 4201 2759 4246 ct
2783 4193 2837 4245 in
2863 4193 3004 4263 ignis
3028 4197 3245 4251 modum
3272 4208 3428 4254 aucta
3461 4213 3666 4270 pestem

2103 4284 2292 4344 carpat
2326 4291 2488 4345 porro
2541 4288 2598 4333 ct
2661 4279 2714 4332 in
2777 4282 3008 4351 stipulas
3057 4295 3181 4338 ante
3235 4290 3422 4342 oculos
3467 4290 3672 4359 positas

2100 4359 2332 4418 flamma:
2355 4364 2590 4434 impetus
2610 4368 2783 4424 libere
2808 4371 3092 4441 irrumpat.
3117 4373 3458 4447 Quapropter
3478 4380 3522 4434 si
3548 4384 3671 4450 quis

2101 4473 2187 4511 me
2237 4457 2582 4527 vituperarit,
2613 4462 2887 4529 oportebit
2921 4474 3003 4517 ter
3052 4465 3299 4524 infelices
3346 4486 3441 4525 eos
3487 4478 3672 4543 appel-

2101 4548 2228 4612 lem,
2258 4551 2461 4619 quibus
2488 4552 2749 4608 accidcrit
2778 4556 3187 4612 administrare
3218 4570 3275 4615 et
3323 4579 3509 4635 regere
3563 4584 3671 4623 nun

2098 4638 2269 4693 levem
2301 4649 2357 4693 et
2388 4641 2601 4697 inanem
2669 4647 2973 4715 materiam,
3004 4651 3098 4704 sed
3155 4667 3407 4726 magnum
3441 4657 3667 4720 bonum,

2099 4731 2629 4799 etpretiosissimum
2660 4745 2715 4789 et
2751 4738 2899 4791 omni
2931 4752 3106 4796 morte
3139 4747 3671 4813 superius,homiuis

2100 4821 2311 4876 scilicet
2356 4823 2613 4878 animam.
2643 4825 2743 4880 Cui
2790 4831 2936 4881 enim
2994 4832 3128 4903 legis
3162 4851 3227 4890 ac
3255 4852 3461 4893 norma:
3511 4843 3677 4895 ratur

2102 4929 2224 4968 nem
2257 4923 2443 4970 tenere
2472 4916 2673 4971 accidit
2706 4928 2759 4973 et
2793 4923 3007 4976 caeteris
3061 4929 3313 4997 exemplo
3345 4946 3465 4985 esse
3498 4933 3675 5003 injun-

2102 5006 2271 5075 gitur,
2306 5006 2351 5061 is
2372 5007 2551 5061 sinon
2583 5010 2887 5066 secundum
2920 5030 3120 5070 nomen
3154 5021 3293 5087 regit
3317 5037 3417 5075 nec
3446 5039 3566 5091 qua:
3605 5029 3673 5080 ad

2103 5097 2274 5167 legem
2309 5107 2365 5152 et
2391 5114 2638 5155 normam
2672 5104 2952 5171 pertinent
3002 5109 3133 5176 agit,
3162 5110 3252 5162 sed
3287 5110 3455 5181 impie
3513 5119 3674 5170 factis

2105 5199 2352 5245 sanctum
2382 5208 2580 5246 nomen
2606 5195 2820 5261 polluit.
2852 5194 3037 5266 aperte
3074 5198 3233 5253 docet
3264 5217 3372 5256 non
3397 5206 3614 5274 pejores
3640 5226 3669 5261 ει

2107 5281 2447 5349 melioribus,
2478 5278 2571 5337 sed
2596 5286 2852 5340 meliores
2880 5304 2907 5341 a
2936 5289 3213 5357 pejoribus
3233 5307 3353 5348 esse
3379 5298 3665 5364 regendos.

2108 5372 2357 5426 Miserius
2386 5384 2568 5427 autem
2612 5385 2742 5443 puto
2774 5386 2831 5430 et
2858 5379 3223 5446 perniciosius
3281 5398 3404 5440 esse
3456 5387 3670 5455 populis

2107 5473 2162 5515 et
2192 5461 2437 5525 i'atuiliis,
2474 5464 2899 5532 imperatoribus
2943 5478 3000 5524 et
3031 5470 3264 5540 civibus,
3290 5474 3587 5544 juvenibus
3614 5487 3673 5531 et

2111 5551 2351 5615 senibus,
2377 5552 2511 5607 viris
2562 5556 2617 5607 ct
2648 5556 2994 5625 mulieribus,
3023 5562 3288 5620 divitibus
3327 5575 3384 5622 et
3412 5569 3638 5637 pauperi
3658 5600 3671 5608 -

2110 5645 2232 5708 bus,
2269 5644 2380 5697 fere
2411 5646 2665 5698 omnibus
2686 5646 2848 5720 524
2872 5654 3063 5720 peritis
3084 5665 3139 5709 et
3170 5656 3458 5727 imperitis,
3485 5660 3526 5713 si
3558 5675 3675 5715 mea
3764 5690 3767 5693 -

2113 5738 2339 5794 lioribus
2369 5737 2589 5807 pessimi
2622 5737 2913 5810 imperant.
2942 5740 3073 5800 Nam
3127 5752 3508 5817 praefectorum
3568 5751 3674 5805 imJ
