4134 6286
515 337 620 390 ινίῖ

1715 323 2130 394 ΝΠΣΕΡΠΟΠΙ
2172 335 2560 398 ΟίὶΕῧΟῐὶίῈ

3643 331 3750 400 464

515 443 844 510 probitatem
879 458 982 496 non
1017 442 1284 496 direxeris
1315 457 1549 510 unquam
1589 441 1654 494 ad
1707 443 1876 495 bonas
1909 444 2077 512 leges,

2202 451 2394 519 μήςους
2425 451 2521 518 τῆς
2563 449 2718 518 δίκης
2773 447 3146 518 αίσχροποιεῖν
3179 460 3189 474 ·
3245 447 3337 498 και
3372 445 3436 515 ἢν
3469 445 3576 498 τῶν
3609 449 3751 499 πολι-

516 552 616 590 nec
648 540 690 589 si
716 533 846 604 quid
873 533 1178 604 respublica
1200 533 1518 603 :egrotet_ad
1547 533 1832 602 pristinam
1857 533 2088 587 felicita-

519 637 626 682 tem
663 627 898 680 reditum
933 627 1094 680 facile
1119 625 1506 690 eﬂ'eceris,sed
1539 627 1700 694 plane
1749 627 2086 684 contrarium

517 721 732 782 feceris,
768 735 932 789 quam
966 718 1008 772 si
1041 717 1351 772 chorostata
1383 727 1437 771 et
1492 716 1751 786 magister
1778 717 2014 772 instituit
2036 725 2091 771 et

518 811 830 867 claudicare
861 811 1016 863 docet
1047 808 1192 861 inter
1225 807 1441 876 pulchri
1495 817 1548 860 et
1605 807 1718 860 veri
1791 808 2086 862 canet-llos.

519 905 711 958 Vicina
774 901 879 955 sibi
931 908 1193 969 aegrotum
1254 907 1309 951 et
1365 896 1628 961 validum,
1661 905 1716 952 et
1767 913 2087 967 prosperum

521 1009 736 1062 semper
759 998 967 1060 spectat
991 988 1056 1042 ad
1085 1003 1304 1042 vanum.
1333 987 1398 1040 Et
1421 987 1463 1040 si
1484 987 1606 1056 quis
1630 987 1906 1040 desertum
1935 989 2090 1055 quasi

522 1085 728 1139 socium
761 1083 862 1136 sibi
895 1079 1211 1149 sumpserit,
1243 1081 1362 1148 ejus
1387 1079 1495 1132 vita
1527 1093 1556 1132 a
1619 1077 1832 1148 legibus
1881 1085 1938 1132 et
1983 1092 2090 1146 qua

524 1177 772 1230 instituta
810 1185 892 1229 est
950 1172 1167 1226 vivendi
1215 1171 1426 1225 ratione
1474 1170 1777 1238 discrepat.
1809 1167 2089 1235 Quemad-

523 1269 744 1321 modum
779 1265 924 1320 enim
949 1263 1159 1334 justitia
1191 1259 1656 1316 consociationem
1687 1257 1834 1322 facit,
1873 1259 1943 1311 ita
1975 1257 2090 1311 dis-

519 1360 732 1430 junctio
756 1355 1050 1427 abjustitia
1072 1361 1128 1408 ct
1164 1355 1216 1406 in
1245 1353 1462 1406 deserto
1491 1349 1758 1404 habitatio
1807 1347 2090 1402 bestialem

523 1465 578 1510 et
597 1453 821 1507 omnino
857 1451 1147 1503 immanem
1168 1445 1330 1499 vitam
1361 1441 1558 1496 reddit.
1591 1440 1795 1496 Urbem
1835 1441 1980 1494 enim
2027 1455 2093 1493 ex

525 1545 771 1600 :‘rdiﬁciis
801 1541 1160 1610 compositam
1193 1535 1422 1605 publica:
1452 1533 1643 1588 salutis
1672 1531 2090 1586 fundamentum

525 1653 646 1690 esse
677 1645 731 1690 et
753 1635 1021 1704 iustarum
1043 1630 1224 1708 legum
1254 1625 1572 1680 obstrictum
1595 1623 1850 1677 cancellis
1873 1637 2092 1676 necesse

525 1739 628 1780 est.
661 1725 762 1779 Cui
793 1723 959 1793 igitur
985 1721 1054 1774 ob
1084 1717 1352 1774 inscitiam
1395 1713 1670 1767 commodi
1697 1712 1924 1766 minime
1965 1725 2096 1765 con-

2195 541 2355 593 τειῶν
2387 543 2478 594 καὶ
2513 540 2715 594 πόλεων
2746 541 2898 608 σφῶν
2935 537 3188 609 προφανῆ
3231 538 3327 590 καὶ
3364 535 3628 606 ὕπαιθρον
3659 556 3756 590 κα·-

2192 631 2416 685 τάλυσιν
2454 633 2670 701 νύκτωρ
2702 633 2795 683 καὶ
2829 631 2948 702 μεθ’
2981 630 3197 700 ἡμέραν
3231 629 3290 680 οὐ
3316 629 3572 696 λήγουσιν
3608 628 3758 682 αὐτοὶ

2193 721 2316 775 καθ’
2352 721 2561 774 ὲαυτῶν
2593 721 2975 792 ἐργαζόμενοι,
3011 719 3217 788 ταύτην
3247 719 3411 787 ἕδραν
3441 721 3536 772 καὶ
3571 721 3760 774 στάσιν

2193 812 2279 864 ἐπ’
2313 811 2434 880 ίσης
2467 815 2578 876 τοῖς
2633 813 2910 882 οὐρανίοις
2962 812 3145 876 πὸλοις
3180 811 3313 882 πρὸς
3371 811 3672 879 ἀσφάλειαν
3700 813 3762 864 τὸ

2191 901 2448 973 ἀκίνητόν
2497 922 2553 957 τε
2593 907 2687 958 καὶ
2737 905 3102 958 ἀναλλοίωτον
3137 903 3285 974 ἔχειν
3314 903 3542 966 οἴονται,
3577 903 3762 964 κακῶς

2191 995 2396 1058 εἰδότες
2433 997 2529 1050 καὶ
2587 995 2710 1048 λίαν
2766 997 3046 1066 ἀμούσως,
3096 996 3192 1048 καὶ
3251 994 3419 1064 μηδὲν
3472 993 3760 1064 ἄμεινονῆ

2194 1082 2381 1151 ὥσπερ
2433 1083 2482 1134 οἱ
2531 1082 2936 1152 τυφλώττοντές
2973 1098 3034 1134 τε
3093 1083 3190 1135 καὶ
3248 1081 3386 1152 μηδὲ
3415 1083 3482 1133 τὰ
3513 1082 3570 1132 ἐν
3607 1084 3762 1134 ποσὶν

2191 1173 2327 1236 ὅλως
2359 1174 2491 1242 ὀρᾷν
2521 1172 2849 1240 δυνάμενοι·
2875 1171 2968 1224 καὶ
2999 1165 3145 1224 οὗτοι
3165 1171 3271 1242 γὰρ
3299 1173 3535 1224 κατόπιν
3567 1171 3765 1240 ἑπομέ-

2193 1281 2318 1325 νους
2371 1263 2608 1332 ὁρῶντες
2660 1264 2786 1325 τοὺς
2842 1265 2938 1334 τῆς
2980 1263 3252 1333 τοσαύτης
3283 1265 3378 1317 καὶ
3427 1264 3765 1336 τηλικαύτης

2195 1355 2570 1421 κακοτροπίας
2603 1358 2696 1409 καὶ
2728 1353 2962 1417 ἀτοπίας
3015 1359 3284 1423 καρποὺς,
3321 1355 3529 1424 μᾶλλον
3570 1359 3626 1410 δὲ
3663 1361 3767 1426 πρὸ

2193 1445 2492 1514 ὀφθαλμῶν
2523 1445 2751 1514 κείμενα
2792 1445 3007 1515 νύκτωρ
3035 1447 3127 1498 καὶ
3157 1445 3277 1516 μεθ’
3322 1447 3541 1516 ἡμέραν
3573 1449 3638 1500 τὰ
3670 1448 3768 1518 τῆς

2196 1536 2346 1604 σφῶν
2373 1536 2566 1598 κακίας,
2601 1537 2876 1605 ἐπίχειρα,
2907 1536 3121 1606 οὐδαμῆ
3155 1537 3457 1600 ἐπαΐουσιν,
3527 1537 3645 1590 ἀλλ’
3681 1537 3766 1590 ἐπ’

2197 1629 2320 1698 ἴσης
2351 1632 2462 1691 τοῖς
2521 1629 2871 1697 μαινομένοις
2919 1630 3016 1689 τὰς
3062 1629 3214 1698 σφῶν
3267 1630 3450 1683 αὐτῶν
3491 1632 3766 1693 ἐσθίοντες

2201 1720 2410 1789 σάρκας
2439 1719 2752 1788 χαίρουσιν·
2792 1719 2980 1788 ὥσπερ
3016 1719 3084 1774 ἂν
3140 1719 3189 1772 εί
3219 1721 3617 1790 προσετίθεσαν
3647 1724 3774 1788 xta--

527 1812 1084 1874 venitadministratio
1129 1809 1370 1872 familiae,
1391 1815 1648 1874 tanquam
1679 1819 1884 1876 magna:
1925 1801 2095 1872 partis

2202 1813 2307 1864 δεσι
2337 1812 2500 1882 κέρδη
2529 1813 2621 1864 καὶ
2653 1811 2836 1882 κλήρῳ
2864 1812 3062 1881 κλῆρον
3095 1812 3195 1881 γῆς
3225 1813 3314 1865 καὶ
3350 1811 3769 1880 θαλάσσης,ικαὶ

529 1911 785 1973 civitatis,
823 1907 1053 1960 multum
1086 1903 1262 1958 deerit
1287 1911 1346 1962 ut
1381 1902 1478 1956 toti
1513 1899 1633 1953 urbi
1671 1896 2094 1967 praesit.Quem-

530 2003 820 2057 admodum
846 2001 1010 2068 igitur
1031 1997 1214 2058 homo,
1240 1993 1429 2064 cuijus
1451 2000 1506 2045 et
1538 1991 1685 2058 leges
1714 1988 1912 2040 innatae
1947 1992 2094 2046 sunt,

531 2095 769 2164 optimus
805 2102 923 2142 esse
953 2085 1230 2155 etoptime
1263 2097 1375 2136 rem
1419 2091 1610 2149 regere
1641 2077 1864 2145 poterit,
1885 2073 1978 2134 ita,
2007 2072 2095 2124 cui

534 2203 637 2240 non
655 2188 858 2246 insunt,
875 2179 1166 2250 pessimum
1188 2174 1300 2228 ﬁeri
1318 2187 1368 2228 et
1391 2171 1618 2242 pessime
1636 2183 1747 2224 rem
1761 2166 2099 2221 administra-

533 2293 590 2330 re
607 2291 732 2330 eum
774 2290 840 2326 ex
867 2269 1140 2324 contrario
1157 2265 1424 2334 sequitur.
1461 2262 1634 2316 llomo
1667 2259 1811 2314 enim
1843 2273 1870 2310 a
1902 2268 2096 2310 natura

534 2369 793 2440 praeditus
827 2362 984 2433 525
1014 2359 1168 2430 quasi
1210 2355 1591 2411 instrumentis
1623 2351 1689 2406 ad
1716 2351 1889 2404 varias
1921 2350 2098 2401 virtu-

535 2473 614 2514 tes
635 2456 992 2516 exercendas,
1019 2452 1062 2506 si
1094 2467 1200 2503 non
1232 2449 1361 2502 velit
1393 2445 1456 2498 ad
1482 2446 1572 2518 jus
1602 2455 1656 2497 et
1699 2444 1843 2510 leges
1871 2441 1984 2509 regi
2043 2448 2098 2492 et

537 2563 744 2620 regere,
766 2547 1038 2600 labentem
1065 2552 1119 2596 et
1143 2537 1479 2608 deperditam
1523 2544 1688 2588 totam
1717 2533 1931 2596 urbem,
1966 2529 2098 2583 civi-

539 2655 724 2702 tatem,
755 2639 994 2696 demum,
1037 2645 1225 2684 omnes
1256 2629 1480 2681 omnino
1513 2643 1600 2678 res
1637 2624 1786 2678 brevi
1821 2624 2093 2686 ostendet,

537 2749 714 2803 neque
750 2728 898 2784 aliud
929 2727 1223 2796 quidquam
1261 2721 1334 2785 ei,
1361 2719 1454 2789 qui
1491 2717 1711 2772 virtutis
1769 2717 2100 2768 instrumen-

537 2827 606 2878 tis
645 2823 781 2876 male
821 2819 1015 2878 utitur,
1043 2819 1490 2882 superest,quam
1535 2814 1595 2860 ut
1621 2803 1684 2860 ad
1737 2803 1876 2874 ignis
1907 2803 2100 2856 simili-

538 2917 778 2969 tudinem
803 2917 926 2963 urat
963 2915 1017 2960 et
1049 2905 1102 2957 in
1127 2901 1424 2972 perniciem
1465 2899 1665 2960 trahat,
1697 2895 1900 2966 quibus
1943 2893 2096 2946 brevi

535 3022 692 3064 antea
721 3002 995 3060 felicitatis
1045 2998 1176 3068 quid
1237 2994 1416 3048 adhuc
1491 2995 1687 3043 Inerat.
1720 2987 1874 3040 Dicat
1933 2985 2098 3056 igitur

2202 1910 2277 1978 μὴ
2302 1909 2409 1960 πᾶν
2433 1905 2741 1958 τούναντίον
2783 1904 3042 1972 ἔπασχον,
3066 1902 3194 1972 ἄχρι
3239 1901 3424 1954 πυλῶν
3458 1903 3562 1956 καὶ
3593 1903 3770 1956 αὐτῶν

2201 2001 2374 2050 εἰπεῖν
2404 1997 2591 2050 οἰκιῶν
2646 1997 2744 2065 τῆς
2804 1995 2952 2062 σφῶν
3001 1992 3204 2064 ζημίας
3233 1993 3322 2048 ἀεὶ
3372 1995 3768 2064 προχωρούσης

2199 2088 2292 2140 καὶ
2324 2087 2480 2156 δίκην
2515 2085 2685 2156 πυρὸς
2719 2085 3020 2155 αὐξομένης
3049 2085 3184 2138 κάπὶ
3219 2083 3464 2154 σφετέρῳ
3495 2083 3658 2152 κακῷ
3685 2101 3771 2135 νε-

2205 2180 2446 2250 μομένης
2475 2177 2542 2228 τὰ
2574 2177 2781 2247 πρόσω,
2813 2175 2909 2228 καὶ
2938 2173 3153 2245 μάλισθ’
3190 2175 3319 2227 ὅταν
3352 2173 3614 2244 καλάμης
3635 2172 3774 2226 κατὰ

2201 2271 2494 2341 πρόσωπον
2538 2268 2832 2338 ἱσταμένης
2888 2267 3159 2337 λαμπρῶς
3221 2266 3623 2335 ὲπιδράττηται
3677 2261 3778 2317 τοῦ-

2202 2363 2372 2432 πυρὸς
2399 2364 2432 2430 ἡ
2471 2361 2629 2430 φορά.
2657 2361 2719 2412 Ei
2743 2355 2836 2413 οὖν
2857 2358 3016 2426 ἐμοῦ,
3045 2357 3198 2427 φησι,
3233 2360 3570 2428 κατηγορεῖν
3603 2357 3772 2410 ἐθέλοι

2198 2472 2282 2518 τις
2317 2453 2558 2516 τοιαῦτα,
2595 2450 2792 2504 πολλοῦ
2851 2450 2998 2522 μέντ’
3037 2449 3102 2504 ἂν
3141 2450 3356 2519 δεήσειε
3417 2449 3772 2519 τρισαξλίους

2201 2547 2398 2609 αὐτοὺς
2428 2547 2635 2608 καλεῖν,
2668 2544 2762 2597 καὶ
2813 2541 2981 2596 ταῦτα
3033 2541 3346 2610 ποιμαίνειν
3373 2540 3643 2610 λαχόντας
3683 2542 3774 2594 καὶ

2204 2639 2490 2708 ῥυθμίζειν
2543 2636 2605 2688 οὐ
2653 2636 2883 2705 ῥέουσαν
2929 2633 3062 2702 ὕλην
3110 2634 3204 2686 καί
3251 2631 3629 2704 φθειρομένην
3664 2632 3770 2695 ἀεὶ,

2201 2731 2334 2784 ἀλλὰ
2372 2731 2432 2782 τὸ
2491 2730 2632 2798 μέγα
2689 2727 2871 2797 κτῆμα
2921 2729 3014 2780 καὶ
3050 2724 3381 2796 τιμιώτατον
3407 2727 3510 2777 καὶ
3542 2725 3778 2778 θανάτου·

2201 2824 2400 2882 παντὸς
2441 2819 2733 2889 ἀνώτερον,
2767 2818 2866 2888 τὴν
2907 2815 3198 2886 ἀνθρώπου
3227 2814 3402 2884 ψυχὴν
3429 2815 3642 2886 δηλαδή
3671 2832 3684 2846 ·
3731 2807 3780 2882 ᾧ·

2202 2915 2308 2983 γὰρ
2340 2911 2664 2982 εὐθυντῆρος
2699 2911 2792 2960 καὶ
2818 2908 3042 2969 κανόνος
3085 2905 3229 2976 ἔχειν
3267 2906 3647 2976 συμπέπτωκε
3686 2907 3772 2958 τό-

2204 3023 2327 3067 πον,
2359 3004 2452 3056 καὶ
2499 3001 2556 3065 ὂς
2611 3000 2918 3070 ἀρχέτυπον
2969 2997 3144 3053 ἄλλων
3195 2997 3336 3052 εἶναι
3385 2999 3776 3066 πεπίστευται,

538 3100 669 3156 mihi
701 3096 988 3167 quispiam,
1021 3105 1152 3142 num
1195 3085 1414 3140 aliunde
1445 3083 1500 3135 in
1551 3077 1815 3150 ejusmodi
1851 3075 2094 3131 diabolo-

2202 3089 2355 3157 οὗτος
2381 3095 2428 3146 εί
2457 3093 2530 3162 μὴ
2557 3093 2692 3144 κατά
2713 3088 2950 3160 τοῦνομα
2971 3089 3326 3152 πολιτεύοιτο,
3355 3087 3487 3157 μηδὲ
3525 3089 3586 3140 τὸ
3609 3105 3774 3158 προσι-

541 3206 660 3248 rum
691 3189 824 3240 lines
848 3197 1034 3251 magna
1063 3179 1151 3232 illa
1185 3185 1240 3230 el.
1271 3175 1397 3228 talia
1436 3186 1628 3227 eorum
1661 3170 1801 3224 facta
1832 3181 2096 3238 pervene-

538 3285 668 3338 rint.
703 3277 952 3332 Profecto
991 3287 1096 3325 non
1139 3266 1381 3330 aliunde,
1419 3264 1526 3318 nisi
1573 3262 1640 3316 ab
1681 3269 1854 3315 semet
1885 3257 2036 3327 ipsis,
2068 3272 2098 3311 e

541 3383 701 3434 domo
751 3377 807 3429 in
863 3374 1107 3430 domum,
1137 3375 1192 3418 ut
1247 3359 1658 3416 diciturJlulto
1708 3353 1961 3425 equidem
2017 3351 2099 3405 lu-

539 3469 761 3525 bentius
787 3479 908 3518 cum
936 3458 1144 3530 justitia
1197 3463 1254 3508 et
1299 3452 1549 3521 aequitate
1595 3448 1764 3501 solem
1820 3455 1876 3500 et
1929 3445 2098 3498 Deum

541 3563 671 3620 solis
697 3559 1012 3612 Creatorem
1044 3547 1318 3619 propalam
1350 3557 1564 3610 semper
1589 3553 1838 3602 venerer,
1859 3550 2020 3606 quam
2043 3543 2104 3587 ut

540 3655 610 3708 ob
639 3647 920 3703 avaritiam
969 3651 1174 3711 pestem
1214 3634 1578 3704 turpissimam
1641 3645 1763 3684 cum
1817 3625 2102 3696 iniquitate

541 3756 596 3800 et
631 3737 893 3811 iniustitia
920 3735 1083 3787 vitam
1115 3729 1407 3796 transigam
1441 3733 1498 3778 et
1521 3722 1712 3800 _variis
1739 3737 1802 3775 ac
1841 3719 2105 3788 multipli-

541 3837 695 3888 cibus
729 3827 956 3883 maculis
985 3822 1312 3891 baptismum
1361 3829 1520 3885 quem
1576 3811 1771 3866 anima:
1827 3811 2102 3864 lavacrum

545 3925 732 3980 dicunt
755 3913 1166 3990 polluant.Qt.tis
1188 3909 1331 3963 enim
1363 3919 1416 3962 et
1448 3904 1722 3975 quomodo
1752 3917 1838 3956 me
1867 3903 2104 3971 baptiza-

543 4019 622 4072 bit
655 4010 920 4084 ejusmodi
973 4006 1306 4061 macularum
1363 4015 1578 4068 semper
1634 3998 1826 4066 plenus
1871 4004 1926 4048 et
1971 3993 2105 4046 mihi

545 4117 830 4176 tantopere
884 4095 1214 4168 suspectus?
1263 4093 1379 4148 Non
1447 4091 1592 4145 enim
1646 4089 1924 4141 auditores
1969 4085 2106 4154 legis

542 4201 672 4272 justi
708 4207 832 4250 sunt
853 4193 994 4262 apud
1022 4191 1216 4252 Deum,
1246 4184 1340 4240 sed
1399 4187 1631 4237 [actores
1665 4180 1799 4247 legis
1841 4177 2104 4248 justiiica-

547 4269 786 4351 buntur;
821 4295 875 4341 et
907 4285 958 4336 in
992 4280 1140 4336 omni
1177 4287 1334 4346 gente
1398 4275 1488 4344 qui
1557 4278 1776 4325 veretur
1821 4269 2108 4322 Dominum

546 4393 731 4452 gratus
755 4381 802 4433 ci
834 4385 951 4440 est;
996 4389 1104 4427 non
1145 4370 1288 4424 enim
1325 4379 1558 4436 persona
1579 4363 1724 4416 valet
1744 4361 1882 4430 apud
1913 4359 2105 4423 Deum,

2199 3191 2332 3256 ἧκον
2365 3185 2638 3254 ἀποδδοίη
2694 3185 2760 3251 τῇ
2817 3183 2908 3234 τοῦ
2940 3181 3163 3242 κανόνος
3213 3183 3308 3234 καὶ
3338 3179 3437 3244 τῆς
3469 3181 3776 3250 εὐθύτητος

2200 3281 2392 3349 ἀρετῇ,
2528 3277 2623 3330 261
2661 3273 2717 3342 α]
2763 3274 2899 3327 ἀλλὰ
2939 3275 3258 3342 πράγμασιν
3313 3273 3560 3334 ἀνοσίοις
3613 3276 3776 3340 ὄνομα

2202 3367 2503 3439 περιτιθείη
2536 3364 2792 3436 χρηστὸν,
2827 3363 3096 3415 δείκνυσιν
3125 3361 3367 3430 ἐναργῶς
3393 3362 3468 3431 μὴ
3512 3363 3574 3414 τὸ
3599 3364 3776 3431 χεῖρον

2203 3463 2306 3516 ὑπὸ
2339 3460 2432 3513 τοῦ
2463 3459 2770 3530 κρείττονος
2806 3451 2945 3508 εἶναι
2973 3455 3272 3524 ἀρχόμενον
3298 3455 3429 3515 δεῖν,
3457 3456 3603 3506 ἀλλὰ
3637 3459 3694 3505 τό
3716 3470 3774 3519 γε

2204 3557 2452 3624 κρεῖττον
2482 3551 2584 3603 ὐπδ
2619 3549 2712 3602 τοῦ
2751 3548 3016 3618 χείρονος.
3066 3545 3463 3616 Σχετλιώτερον
3519 3549 3562 3598 δ’
3599 3547 3778 3614 οίοςίαι

2205 3647 2307 3701 καὶ
2340 3645 2397 3696 οὐ
2435 3644 2578 3714 μάλα
2630 3641 2962 3709 εὐσχήμονος
3019 3635 3158 3692 εἶναι
3216 3639 3444 3708 ὀλέθρου
3502 3641 3692 3710 δήμοις
3721 3657 3775 3690 τε

2208 3742 2301 3793 καὶ
2337 3739 2531 3800 οἴκοις,
2555 3733 2781 3803 ἄρχουσί
2805 3749 2864 3786 τε
2895 3731 2957 3800 δὴ
2990 3734 3083 3784 καὶ
3117 3733 3464 3800 ἀρχομένοις,
3500 3735 3646 3795 νέοις
3688 3732 3778 3784 καὶ

2207 3841 2482 3901 γέρουσιν,
2517 3828 2741 3898 ἀνδράσι
2786 3843 2847 3878 τε
2877 3827 2972 3878 καὶ
3010 3826 3248 3892 γυναιξὶ,
3275 3825 3560 3888 πλουσίοις
3593 3844 3650 3878 τε
3687 3828 3776 3878 καὶ

2212 3927 2434 3992 πένησι,
2464 3923 2558 3973 καλ⁸
2589 3920 2724 3970 πᾶσι
2750 3919 2933 3986 σχεδῦν
2963 3917 3200 3982 λογικοῖς
3246 3917 3342 3968 καὶ
3371 3917 3615 3984 ἀλόγοις,
3653 3919 3775 3970 ὅταν

2207 4017 2318 4076 τοῖς
2352 4012 2586 4082 βελτίοσι
2639 4009 2998 4079 νομοθετῶσιν
3028 4010 3077 4061 οί
3137 4010 3389 4061 κάκιστοι
3411 4022 3426 4038 ’
3476 4009 3544 4061 οὐ
3577 4012 3684 4078 γὰρ
3717 4011 3775 4061 τὸ

2207 4105 2487 4173 διεφθορὸς
2518 4103 2625 4156 τῶν
2651 4103 2901 4173 ὁρώντων
2950 4101 3344 4172 κατευθυνθείη
3372 4103 3438 4156 ἄν
3467 4120 3602 4156 ποτε
3641 4105 3772 4172 πρὸς

2212 4197 2489 4266 εὐνομίαν,
2543 4195 2654 4248 οὐδ’
2714 4193 2768 4247 εῐ
2793 4211 2844 4246 τι
2872 4192 3054 4262 νοσοίη
3104 4193 3202 4260 τῆς
3264 4193 3571 4258 πολιτείοις,
3599 4211 3771 4262 παρα-

2215 4288 2542 4357 σκευασθείη
2579 4285 2714 4356 πρὸς
2765 4285 2862 4354 τὴν
2919 4286 3048 4354 πρὶν
3095 4285 3311 4350 εὐεξίαν
3366 4285 3770 4356 παλινδρομεῖν,
3816 4345 3819 4347 _

2213 4379 2348 4433 ἀλλά
2373 4377 2548 4448 πολλῷ
2599 4375 2908 4430 τούναντίον
2962 4375 3163 4444 γένοιτ’
3217 4377 3308 4438 ἂν,
3340 4379 3810 4448 παραπαιδαγω-;

547 4451 642 4527 sed
674 4467 923 4540 quisquis
975 4461 1253 4518 invocabit
1292 4473 1489 4512 nomen
1525 4454 1739 4509 Domini
1786 4451 2097 4506 salvabitur,

2213 4468 2433 4536 γοῦντος
2472 4467 2565 4520 τοῦ
2597 4469 2924 4538 χοροστάτου
2973 4467 3073 4520 καὶ
3124 4465 3474 4530 διδασκάλου,
3519 4469 3617 4520 καὶ
3673 4484 3796 4536 χω-ι

549 4565 711 4634 526
743 4561 808 4614 Ει
833 4556 1136 4627 indignatio
1184 4561 1238 4607 et
1273 4551 1352 4604 ira
1382 4559 1438 4604 et
1485 4547 1706 4603 tristitia
1769 4545 1826 4598 in
1872 4543 2110 4598 animam

551 4655 982 4723 uniuscujusque
1059 4646 1298 4700 hominis
1355 4643 1557 4697 malum
1627 4638 1899 4704 facientis,
1937 4637 2110 4692 Judaei

551 4748 810 4817 primum,
847 4753 902 4794 et
927 4739 1132 4804 Graeci;
1166 4735 1332 4806 gloria
1359 4749 1489 4787 vero
1514 4739 1568 4786 et
1597 4731 1765 4801 gratia
1789 4739 1844 4784 et
1871 4743 1972 4799 pax
1993 4730 2112 4784 uni-

551 4841 750 4905 cuique
790 4835 993 4887 bonum
1038 4825 1278 4892 facienti,
1309 4823 1497 4878 Judan
1539 4824 1773 4892 primum
1811 4832 1864 4877 et
1896 4821 2105 4878 Graeco.

2215 4559 2390 4611 λεύειν
2425 4556 2700 4620 ποιοῦντος
2757 4557 2852 4610 τοῦ
2901 4557 3067 4610 καλοῦ
3113 4557 3336 4626 καὶτῆς
3386 4557 3650 4626 ἀληθείας
3688 4559 3800 4626 τὺνς

2215 4650 2430 4718 δρόμον·
2468 4648 2732 4718 Πρόξενος
2769 4648 2877 4719 γὰρ
2937 4648 3099 4710 αὐτὸς
3157 4621 3420 4719 ἄντικρυς
3448 4621 3658 4714 γίνεται
3689 4621 3798 4701 νουᾖ

2217 4739 2328 4789 σεῖν
2350 4737 2524 4790 καὶτὸ
2551 4737 2812 4804 ὑγιαῖνον,
2866 4736 2962 4789 καὶ
2997 4735 3056 4800 ἐξ
3085 4737 3274 4808 οὐρίας
3305 4738 3394 4790 ἀεὶ
3422 4739 3772 4792 καταϐαίνειν

2215 4829 2350 4898 πρὸς
2380 4829 2442 4882 τὸ
2468 4829 2852 4899 φθειρόμενον⁹
2877 4830 2974 4885 καὶ
3001 4830 3028 4884 ὃ
3059 4831 3156 4900 τὴν
3201 4832 3440 4902 ἐρημίαν
3473 4830 3551 4894 ὡς
3575 4833 3771 4884 ἐπίπαν

551 4931 820 4998 ἐκτήσατο
865 4925 1150 4994 πάρεδρον,
1197 4917 1625 4987 ἀντιφωνοῦντος
1701 4919 1850 4988 αὐτῷ
1903 4921 1995 4972 τοῦ
2057 4923 2174 4990 βίον
2213 4925 2326 4987 τοῖς
2373 4923 2552 4992 λόγοις
2601 4918 2759 4996 καὶῇ
2815 4925 3072 4978 τέτακται
3122 4927 3422 4996 διοικήσειν
3453 4925 3643 4996 ὥσπερ
3671 4931 3772 4994 γὰρ

552 5019 866 5087 δικαιοσύνη
887 5015 1169 5076 κοινωνίας
1203 5013 1506 5080 ποιητικδν,
1540 5011 1712 5072 οὕτως
1746 5011 2108 5082 ἀκοινώνητον
2146 5015 2328 5069 ἀδικία
2394 5017 2492 5069 καὶ
2559 5017 2802 5069 σύνοικον
2853 5016 3079 5088 ἐρημίᾳ,
3125 5016 3363 5088 θηριώδη
3404 5017 3636 5070 ποιοῦσα
3689 5017 3773 5068 τὸν

555 5115 668 5184 βίον
694 5113 786 5165 καὶ
817 5109 1162 5162 παντάπασιν
1218 5107 1430 5174 ἄγριον.
1472 5103 1581 5172 Τὴν
1617 5103 1724 5172 γάρ
1775 5121 1860 5155 τοι
1928 5106 2081 5158 πόλιν
2121 5110 2178 5175 ἐξ
2218 5109 2404 5162 οἰκιῶν
2439 5111 2802 5182 συγκειμένην
2850 5114 3172 5179 κοινωνικῆς
3229 5111 3484 5176 εὐταξίας
3526 5111 3768 5181 θεμέλιον

553 5203 694 5259 εἶναι
747 5203 961 5270 ἀνάγκη
997 5201 1089 5253 καὶ
1145 5197 1322 5268 νόμων
1357 5196 1580 5249 δικαίων
1636 5197 2106 5268 ὲμπεφραγμένην
2144 5201 2393 5271 δεσμοῖς·
2450 5197 2492 5270 ᾧ
2562 5204 2694 5272 γοῦν
2721 5205 2910 5265 οἰκίας
2977 5204 3047 5256 δι’
3067 5204 3310 5273 ἀμαθίαν
3341 5205 3436 5258 τοῦ
3471 5208 3770 5277 κρείττονος

552 5297 734 5370 ἥκισθ’
765 5297 1024 5366 ἁρμόττει
1064 5292 1386 5363 προστασία,
1425 5289 1714 5342 πολλοστοῦ
1776 5308 1918 5352 τινος
1984 5295 2180 5360 μέρους
2222 5297 2437 5362 μακρᾶς
2463 5295 2758 5362 πολιτείας,
2794 5297 2988 5350 πολλοῦ
3025 5299 3178 5365 μέντ’
3213 5299 3278 5351 ἂν
3311 5298 3524 5368 δεήσειε
3547 5300 3766 5360 δεόντως

555 5394 761 5453 πόλεως
801 5391 926 5458 ὅλης
953 5386 1276 5458 προστῆναι.
1335 5385 1420 5446 Ὠς
1447 5383 1576 5452 γοῦν
1599 5385 1706 5436 τῶν
1733 5385 2034 5454 ἀνθρώπων
2066 5379 2108 5453 ᾧ
2143 5389 2269 5457 δίκη
2329 5393 2426 5442 καὶ
2481 5391 2709 5458 εὐνομία
2743 5391 3166 5460 συντέθραπται,
3199 5393 3376 5463 τούτῳ
3400 5397 3492 5448 καὶ
3515 5395 3576 5448 τὺ
3603 5395 3766 5464 βελτί-

554 5509 664 5560 στῳ
689 5503 750 5538 τε
781 5479 919 5536 εἶναι
949 5483 1045 5535 καὶ
1091 5481 1232 5534 κατά
1274 5479 1334 5531 τὸ
1371 5479 1644 5549 βέλτιστον
1712 5479 1900 5550 ἄρχειν
1961 5481 2336 5551 προσγίνεται,
2391 5481 2564 5544 οὕτως
2614 5477 2658 5551 ᾧ
2687 5483 2782 5555 μὴ,
2836 5485 3006 5555 τούτῳ
3071 5486 3163 5538 καὶ
3225 5487 3486 5558 χειρίστῳ
3531 5485 3765 5552 γίνεσθαι

550 5585 691 5636 κατα
741 5581 802 5632 τὸ
831 5575 1119 5630 ἀντίπαλον
1152 5573 1341 5626 ’ἕπεται
1379 5575 1472 5626 καὶ
1533 5573 1881 5643 παγχάλεπον
1955 5575 2141 5642 ἄρχειν
2179 5577 2376 5646 ἀρχήν.
2437 5577 2678 5646 Ὄργανα
2731 5581 2840 5648 γὰρ
2915 5581 2978 5634 ὲκ
3037 5579 3254 5649 φύσεως
3315 5580 3602 5652 ἅνθρωπος
3633 5579 3764 5650 ἔχων

553 5675 688 5740 πρὸς
739 5673 947 5742 ἀρετῶν
1006 5669 1267 5740 ἐργασίαν
1320 5667 1634 5732 πολυειδῶν,
1670 5666 1824 5734 εἰμὴ
1859 5664 2099 5734 βούλοιτο
2136 5666 2262 5739 δίκῃ
2327 5684 2386 5720 τε
2425 5670 2520 5722 καὶ
2549 5671 2778 5741 εὐνομίᾳ
2831 5673 3150 5726 διοικεῖσθαι
3213 5675 3308 5728 καὶ
3357 5673 3602 5738 διοικεῖν,
3635 5687 3762 5736 παγ-

554 5770 786 5836 χάλεπον
824 5767 912 5820 καὶ
945 5763 1183 5833 ἐξίτηλον
1220 5760 1374 5814 πόλιν
1399 5760 1578 5813 πᾶσαν
1602 5757 1694 5812 καὶ
1720 5757 1992 5811 πολιτείαν
2051 5759 2144 5811 καὶ
2173 5759 2347 5812 οἰκίαν
2381 5763 2472 5813 καὶ
2538 5761 2838 5834 συλλήϐδην
2871 5762 3086 5819 ἅπαντα
3127 5765 3290 5832 φάναι
3325 5766 3626 5836 πράγμχτα
3660 5763 3760 5815 ait-
