4134 6286
1735 390 1782 447 N
1799 391 2150 450 lCEPllOiil
2201 393 2582 456 GllEGUlle
3656 401 3748 461 4'38

543 495 694 546 riunt
728 493 882 548 facile
911 507 1296 565 assequamur.
1360 497 1552 566 Omnia
1579 498 1886 551 d‘ssolvunt
1908 508 1957 550 et
1982 513 2106 568 per-
2135 502 2175 558 Α

2135 502 2179 558 Α
2209 519 2292 553 ναι
2325 501 2627 564 δεικνύντες
2663 505 2772 563 τοῖς
2797 503 3012 555 ’ἐκεῖθεν
3040 501 3418 571 κομλζομὲνοις
3443 505 3544 557 τῶν
3575 507 3745 576 δώρων

541 571 774 664 inuitant~
802 584 890 638 hic
947 585 1081 652 illic,
1114 603 1234 656 quae
1287 587 1403 640 heri
1467 587 1626 640 aliter
1669 588 2105 655 constituerant;

2209 593 2470 662 πλήθεσιν
2517 594 2601 646 ἐντ’
2647 596 2909 664 ἀναλήψει
2945 596 3044 663 τῆς
3093 596 3366 665 ίεριτείας
3415 599 3621 668 καὶτῆς
3651 603 3749 654 τῶν

537 689 657 741 qum
684 676 856 730 tribus
887 687 1012 731 ante
1037 678 1232 732 diebus
1255 678 1358 731 alia
1383 678 1840 734 administrarunt
1871 679 2105 742 ratione,

2203 683 2523 735 ἐπισκοπῶν
2561 686 2874 753 προεδρίας,
2903 685 3018 738 οὔθ’
3069 681 3215 739 οὗτοι
3255 689 3510 754 πρόνοιαν
3539 689 3751 760 ἐρρᾳθυ-

543 765 704 830 hodie
734 765 892 820 aliter
919 777 1278 836 componunt,
1311 777 1366 822 et
1399 783 1523 822 cras
1563 769 1720 823 aliter
1749 781 2102 839 component,

2205 775 2460 842 μημένήν
2520 777 2614 827 καὶ
2666 777 3124 828 ἀειαπεπτωκυῖαν
3177 778 3235 828 ὲν
3278 777 3488 840 τούτοις
3547 779 3753 846 ἄγοντες

540 869 650 921 qua
685 855 838 907 frena
889 855 1133 918 trahunt,
1167 872 1382 918 eorum,
1417 859 1510 925 qui
1553 859 1658 912 huc
1691 859 1946 926 utrinque
1997 859 2100 912 im-

2202 861 2338 930 πρός
2372 877 2436 927 γε
2489 861 2550 912 τὸ
2591 862 2858 927 ἐρεθίζειν
2915 879 2973 914 τε
3006 865 3100 915 καὶ
3145 865 3526 934 ἀναρριπίζειν
3575 867 3648 926 είς
3677 866 3753 917 ὅτι

542 964 755 1000 mensas
790 947 1009 1003 divitias
1061 949 1306 1006 mittunt.
1353 949 1630 1016 graviores
1683 950 1940 1018 ponderis
1985 965 2104 1002 mo-

2205 953 2452 1004 πλεῖστον
2473 952 2574 1022 τὴν
2600 953 2770 1018 φλόγα
2791 955 2888 1019 τῆς
2913 954 3112 1024 ἔριδος,
3141 955 3278 1007 ἀλλά
3303 957 3502 1026 πολλὴν
3536 957 3626 1008 καὶ
3649 957 3753 1008 διά-

539 1047 720 1089 mento
761 1053 975 1092 manus.
1032 1041 1207 1108 Atque
1235 1039 1324 1092 his
1347 1040 1544 1094 studiis
1571 1051 1626 1093 et
1656 1040 2103 1094 contentionibus

2204 1055 2368 1108 φορον
2391 1039 2820 1108 ὲπισωρεύοντες
2844 1042 3270 1111 ὑπεκκαύματος
3297 1042 3450 1112 ὓλην,
3483 1043 3621 1104 μάλα
3643 1041 3756 1094 ἀνύ-

537 1128 712 1196 tnrpis
759 1137 813 1181 ct
849 1129 1124 1183 insidiosa:
1173 1131 1308 1194 litis,
1365 1139 1623 1199 tanquam
1674 1131 1874 1185 ulceris
1922 1131 2100 1184 conti-

2203 1143 2360 1195 σιμον
2413 1127 2596 1192 σφίσιν
2673 1130 3124 1198 αἰσχροκερδείας
3179 1131 3391 1198 ἑφόδιον
3454 1130 3752 1198 γινομένην.

537 1213 644 1272 nuo
667 1221 906 1274 membra
935 1222 1207 1290 carpentis
1232 1229 1287 1276 et
1319 1221 1628 1282 caedentis,
1655 1221 1778 1274 ﬁnis
1801 1221 1991 1274 nullus
2019 1231 2101 1276 est

2201 1219 2362 1270 Ὅθεν
2392 1219 2484 1270 καὶ
2520 1219 2694 1286 ῥᾷστα
2725 1220 3076 1288 περαίνοντες
3108 1222 3376 1273 διετέλουν
3408 1221 3495 1288 ἐφ’
3535 1218 3614 1282 οἷς
3642 1223 3757 1286 ἐμι-

537 1327 710 1375 m-qne
747 1311 918 1378 iniqui
948 1323 1190 1380 quzcstus
1223 1322 1275 1366 et
1303 1313 1518 1380 injustas
1563 1312 1950 1382 usurpationes
1986 1312 2100 1365 ullo

2200 1309 2440 1375 σθοῦντο,
2493 1309 2664 1376 συχνὰ
2719 1309 2819 1374 μὲν
2877 1309 3242 1372 καταλύοντές
3269 1329 3326 1362 τε
3365 1313 3459 1363 καὶ
3509 1312 3761 1380 μεταρρι-

535 1402 696 1452 mudo
728 1401 1116 1455 terminantur.

2198 1399 2460 1462 πτοῦντες
2491 1398 2641 1450 ἔνθεν
2671 1399 2765 1451 καὶ
2791 1399 2942 1452 ἔνθεν
2973 1399 3008 1452 ἃ
3044 1400 3170 1470 χθὲς
3207 1401 3380 1462 ἄλλως
3409 1399 3759 1470 ᾠκοδομήθη-

533 1511 652 1555 σαν,
683 1493 719 1548 δι
750 1495 806 1548 δὲ
840 1487 1104 1564 πρότριτα
1137 1497 1256 1548 καθ’
1283 1495 1467 1566 ἕτερον
1501 1493 1841 1563 διενείμαντο
1864 1495 2084 1564 τρόπον,
2125 1493 2200 1556 ὡς
2232 1493 2434 1563 ἑτέρως
2498 1492 3034 1562 μεταρρυθμίζοντες
3093 1495 3334 1561 σήμερον
3361 1493 3455 1543 καὶ
3475 1491 3547 1551 ὡς
3574 1493 3763 1559 ἑτέρως

529 1584 626 1654 τὴν
662 1575 974 1655 ὑστεραίαν,
1005 1587 1110 1656 ὅπη
1143 1587 1238 1648 τάς
1263 1586 1420 1656 ἡνίας
1453 1585 1604 1638 ’ἐλκει
1629 1604 1689 1637 τε
1755 1587 1850 1638 καὶ
1911 1584 2162 1637 ἀνθέλκει
2197 1583 2305 1636 τῶν
2360 1584 2572 1637 ἐκεῖθεν
2637 1583 2875 1636 ἐνταῦθα
2937 1583 3105 1650 συχνὰ
3159 1584 3534 1650 πεμπομένων
3563 1584 3765 1652 διχόθεν

531 1677 886 1747 χρημάτωνή
919 1674 1117 1742 μᾶλλον
1178 1677 1406 1748 θατέρου
1459 1675 1714 1746 βρίθουσα
1746 1675 1914 1740 δεξιὰ.
1982 1676 2090 1726 Καὶ
2127 1675 2238 1726 τῶν
2279 1675 2537 1726 τοιούτων
2567 1673 2795 1739 ἀγώνων
2862 1677 2956 1726 καὶ
3011 1674 3407 1742 παλαισμάτων
3445 1675 3544 1741 τῆς
3609 1692 3769 1728 κακο-

535 1770 776 1839 μηχάνου
806 1785 864 1820 τε
888 1767 949 1839 [ἲ.
981 1767 1085 1823 262
1117 1767 1168 1840 b]
1217 1769 1308 1820 καὶ
1376 1770 1628 1838 μυσαρᾶς
1669 1768 1843 1838 ἔριδος
1912 1766 2164 1836 ταυτησὶ,
2203 1766 2358 1836 δίκην
2383 1767 2573 1829 ἕλκους
2603 1764 2871 1834 διηνεκῶς
2901 1765 3086 1834 ἠρέμα
3119 1767 3186 1817 τά
3233 1764 3419 1834 πρόσω
3470 1766 3770 1836 νεμομένης

531 1863 624 1914 καὶ
658 1859 1074 1932 προχωρούσης,
1135 1863 1261 1932 ὅρον
1313 1857 1454 1915 εἶναι
1513 1858 1803 1934 συμϐαίνει
1843 1859 2090 1929 μηδένα,
2137 1857 2273 1927 μηδὲ
2301 1858 2453 1926 λῆξίν
2501 1876 2622 1912 τινα.
2687 1859 2794 1910 τῶν
2827 1857 3041 1909 ἀτόπων
3073 1873 3128 1908 τε
3161 1855 3368 1924 κερδῶν
3394 1855 3489 1908 καὶ
3523 1857 3768 1924 πονηρῶν

529 1949 594 2021 λη
605 1953 854 2020 μμάτων.
1049 1957 1053 1962 ⁷
1271 1957 1280 1966 ’
1535 1951 1540 1956 ’
1687 1953 1690 1955 ’

1243 2553 1819 2644 ΡΩΜΑΙΚΗΣ
1894 2550 2386 2640 ΙΣΤΟΡΙΑΣ
2465 2552 2826 2640 ΛΟΓΟΣ
2901 2553 3085 2646 AZ’.

1789 2883 2508 3016 EJUSDEM

845 3145 1570 3238 BYZANTINJE
1652 3145 2288 3242 HISTORIIE
2377 3149 2736 3240 LIBER
2821 3149 3273 3244 XXXVII
3349 3133 3434 3212 (³)

599 3470 639 3530 l.
677 3469 941 3537 Equidem
967 3485 1090 3524 cum
1123 3484 1284 3538 supra
1310 3470 1548 3524 narratis
1571 3470 1726 3540 plura
1761 3485 1822 3528 ac
1851 3472 2098 3538 graviora
2133 3471 2180 3530 B

2161 3472 2180 3530 ι
2279 3466 2436 3539 [C0d.
2469 3469 2600 3539 Reg.
2636 3468 2796 3522 3075.
2828 3467 2922 3522 fol.
2958 3467 3025 3522 83
3057 3463 3132 3536 ι]
3171 3469 3252 3521 A'.
3291 3468 3440 3534 Ἐγὼ
3473 3467 3534 3522 δὲ
3559 3469 3674 3519 τῶν
3713 3469 3793 3519 εί-

529 3561 760 3634 habeant
791 3577 912 3631 qua:
945 3561 1310 3615 adnectantur
1338 3560 1580 3615 historia:
1605 3560 1672 3616 ad
1701 3561 2086 3615 nonnullorum

2198 3562 2448 3632 ρημένων
2479 3562 2649 3614 πλείω
2673 3561 2764 3613 καὶ
2792 3559 2964 3629 μείζω
2995 3563 3264 3630 συνείρειν
3291 3560 3438 3629 ἔχων
3471 3564 3540 3629 τῇ
3571 3560 3789 3627 ἱστορία

529 3654 620 3720 qui
651 3653 786 3706 bene
817 3653 1134 3721 intelligunt
1165 3651 1602 3706 adhortationem
1629 3669 1785 3708 :nam
1817 3653 2086 3708 medicum

2193 3653 2328 3722 πρὸς
2353 3653 2511 3704 ἐνίων
2537 3653 2586 3704 οἳ
2609 3652 2788 3714 καλῶς
2811 3651 3032 3704 ἀκούειν
3059 3652 3206 3703 ίσασι
3227 3653 3528 3720 διόρθωσιν
3557 3654 3576 3722 (
3600 3653 3789 3720 ἰατρὸν

527 3759 646 3811 esse
672 3745 900 3805 posteris
929 3743 1212 3798 historiam
1239 3743 1464 3809 scimus,
1504 3744 1842 3799 laudatorem
1865 3745 2088 3816 quidem

2191 3745 2301 3814 γὰρ
2323 3743 2422 3813 τὴν
2476 3744 2720 3812 ἱστορίαν
2751 3747 2865 3806 τοῖς
2921 3743 3194 3814 ὀψιγόνοις
3239 3743 3607 3812 πεπείσμεθα
3643 3745 3791 3811 γίνε-

525 3836 770 3888 omnium
803 3834 897 3903 qui
928 3836 1068 3889 bona
1094 3833 1317 3888 laudent
1337 3842 1393 3888 et
1422 3845 1747 3904 sequantur,
1786 3835 2082 3903 reprehens

2195 3833 2339 3899 σθαι,
2375 3832 2708 3887 ἐπαινοῦσαν
2741 3835 2839 3903 μὲν
2894 3835 3083 3888 ὀπόσοι
3115 3833 3353 3898 τάγαθὸν
3383 3836 3699 3888 έπαινοῦσί
3731 3851 3790 3886 τε

525 3921 706 3984 sarem
737 3941 864 3980 vero
897 3924 1144 3979 omnium
1171 3925 1264 3994 qui
1290 3925 1428 3978 mala
1455 3925 1854 3992 reprehendere
1877 3925 2086 3990 nolint;

2193 3923 2288 3974 καὶ
2343 3921 2680 3988 προσίενται,
2751 3921 3098 3994 λοιδοροῦσαν
3157 3923 3199 3976 δ’
3231 3925 3348 3977 ὅσοι
3389 3925 3462 3976 τὸ
3517 3925 3696 3976 κακὴν
3730 3925 3790 3974 οὐ

529 3997 745 4080 νοιδίων,
787 4033 856 4072 ne
895 4017 948 4070 in
981 4016 1248 4086 propositi
1295 4016 1404 4070 mei
1447 4015 1786 4070 contrarium
1823 4015 2085 4070 incidam.

2194 4009 2473 4078 βούλονται
2504 4011 2818 4081 λοιδορεῖν),
2857 4013 3004 4065 δέδια
3061 4011 3139 4083 μὴ
3169 4013 3316 4066 λάθω
3349 4015 3690 4068 τούναντίον
3731 4006 3793 4066 οὗ

525 4113 754 4180 Oportet
784 4111 954 4172 enim,
985 4111 1137 4176 velut
1167 4109 1384 4165 ittlinito
1424 4109 1617 4177 pelago
1669 4107 1956 4176 temporis,
1982 4123 2091 4175 quo

2195 4102 2454 4172 βούλομαι
2484 4102 2644 4172 δρῶν.
2681 4103 2946 4174 Ἐγχωρεῖ
2972 4106 3082 4176 γὰρ
3107 4106 3180 4169 ὡς
3213 4107 3270 4157 ὲν
3293 4107 3521 4176 ἀπείρῳ
3555 4107 3789 4172 πελάγει

529 4197 718 4272 multis
744 4201 1002 4256 modis'et
1023 4199 1206 4255 subita
1234 4199 1596 4256 conversione
1621 4205 1676 4261 et
1708 4207 1767 4250 ut
1802 4198 1876 4252 ita
1908 4197 2088 4252 dicam

2190 4194 2270 4262 τῷ
2308 4196 2484 4264 χρόνῳ
2519 4193 2879 4266 πολυτρόπως
2937 4198 3033 4248 καὶ
3102 4197 3504 4266 ἀγχιστρὸφως
3557 4199 3656 4250 καὶ
3719 4198 3794 4257 ὡς

530 4294 816 4350 volutatim
855 4292 1121 4346 continuo
1150 4289 1271 4346 ﬂuit
1295 4299 1486 4344 natura
1519 4298 1574 4348 et
1599 4288 1654 4341 in
1684 4287 1842 4350 aliam
1871 4301 2089 4356 semper

2192 4287 2366 4340 είπεϊν
2412 4284 2723 4340 ἐλικοειδῶς
2776 4286 2863 4338 ἀεὶ
2933 4287 3164 4356 ῥεούσης
3230 4289 3330 4356 τῆς
3375 4287 3644 4354 φύσεως.
3703 4288 3795 4339 καὶ

525 4375 640 4450 abit
675 4397 944 4438 corruens
974 4389 1196 4451 propter
1221 4380 1495 4436 inﬁnitam
1527 4387 1582 4434 et
1609 4380 1947 4434 immutatam
1978 4379 2088 4432 vim

2191 4377 2368 4430 ἄλλοτ’
2414 4378 2588 4442 ἄλλως
2639 4382 2966 4449 περιπετοῦς
3027 4383 3193 4450 ἑαυτῇ
3221 4369 3536 4452 γινομένης
3571 4383 3670 4436 διὰ
3697 4383 3798 4449 τὴν

499 4469 826 4538 ,οτίεηιίυιῐι
850 4473 998 4528 omni
1027 4484 1274 4542 tempore
1305 4483 1361 4528 et
1400 4473 1550 4532 varia
1595 4472 1780 4542 specie
1819 4472 2089 4528 acceden-

2193 4471 2536 4539 ἀτέκμαρτον
2589 4461 2923 4539 ἰδιοτροπίαν
2985 4473 3094 4524 τῶν
3147 4473 3418 4526 ἑκάστοτε
3482 4475 3789 4542 φυομένων

527 4559 664 4628 tium
699 4565 996 4635 imaginum
1034 4573 1089 4618 et
1113 4579 1322 4629 rerum,
1359 4549 1635 4632 explicare
1681 4573 1738 4618 et
1777 4565 2088 4632 subducere

2191 4562 2286 4622 καὶ
2310 4563 2688 4630 ἐπιφυομένων
2721 4561 3020 4624 πολυειδῶς
3040 4563 3349 4632 προσώπων
3373 4569 3482 4616 καὶ
3523 4564 3799 4636 πραγμά-

525 4658 910 4726 cognationem
940 4654 1366 4732 similitudinum
1399 4653 1561 4723 530
1605 4670 1998 4718 conversarum
2033 4665 2090 4708 et

2191 4671 2321 4722 των,
2353 4653 2642 4720 ἐξελίττειν
2703 4659 2795 4706 καὶ
2841 4655 3140 4708 ἀνελίττειν
3196 4655 3346 4710 ἐστιν
3382 4657 3450 4709 οὗ
3486 4660 3592 4710 καὶ
3647 4656 3796 4708 ἔστιν

525 4748 882 4807 confusarum
925 4750 982 4800 in
1027 4761 1138 4800 non
1169 4756 1350 4815 aptam
1383 4745 1669 4800 unitatem.
1729 4747 1930 4813 Quare,
1960 4763 2088 4802 cum

2192 4747 2279 4814 ὅτε
2309 4746 2627 4814 συγγένειαν
2674 4748 3006 4818 ὁμοιοτήτων
3061 4747 3223 4800 τινῶν
3257 4750 3704 4820 περιαγομένην
3739 4766 3797 4800 τε

526 4855 634 4894 non
673 4841 886 4892 omnes
919 4837 985 4890 ad
1037 4835 1266 4890 meliora
1305 4834 1571 4895 imitanda
1620 4844 1944 4892 convertere
1971 4851 2094 4906 sese
2118 4821 2158 4882 (ἶ

2161 4860 2162 4880 ι
2195 4840 2291 4908 καὶ
2307 4839 2708 4908 περαινομένην
2736 4840 2814 4902 είς
2838 4841 3140 4910 παράδοξόν
3171 4859 3293 4894 τινα
3313 4841 3420 4911 τὴν
3441 4845 3793 4910 ταυτότητσ.

526 4934 740 5001 possint
761 4919 986 5000 propter
1017 4929 1259 4982 innatam
1287 4943 1502 4988 morum
1523 4929 1868 4996 pravitatem,
1895 4931 2093 4984 timcn-

2209 4933 2297 4994 Ὠς
2323 4928 2461 4984 εἶναι
2510 4931 2624 4994 δέος
2657 4931 2908 4984 ἐντεῦθεν
2942 4933 3017 5004 μὴ
3062 4935 3122 4986 ού
3153 4935 3372 4988 πάντων
3411 4939 3502 4998 εἰς
3553 4938 3799 5006 μίμησιν

523 5015 658 5100 (Ιιιιιι
686 5040 755 5080 ne
779 5025 834 5078 in
864 5006 1209 5078 contrarium
1235 5021 1456 5089 quidam
1485 5021 1848 5075 imitationem
1875 5033 2092 5095 vertant

2196 5023 2293 5090 τοῦ
2344 5022 2610 5090 βελτίονος
2664 5022 3003 5092 παραθήσειν
3047 5024 3272 5085 ἑαυτοὺς
3337 5024 3691 5094 δυναμένων
3730 5027 3795 5078 δι’

523 5129 580 5174 ct
613 5109 666 5174 in
697 5116 926 5173 historia
954 5111 1440 5184 reprehensionem
1464 5113 1734 5176 malorum
1761 5113 1812 5165 in
1846 5113 2088 5181 ipsorum

2197 5114 2437 5190 ξμφυτον
2468 5113 2600 5180 ἔνιοι
2641 5115 3012 5182 κακοτροπίαν
3055 5117 3145 5166 ἐπὶ
3201 5117 3534 5169 τούναντίον
3600 5122 3672 5190 τῇ
3713 5137 3800 5186 p.1-

525 5209 706 5276 labem
741 5207 1035 5276 accipiant,
1062 5203 1118 5260 et
1147 5205 1384 5259 aliorum
1423 5203 1565 5258 forte
1609 5203 2007 5273 impudentiam
2038 5215 2095 5260 et

2193 5208 2358 5274 μήσει
2389 5205 2723 5274 χρήσωνται,
2757 5194 2969 5277 καίιτὴν
3021 5209 3078 5260 ὲν
3123 5208 3332 5276 ἱστορίᾳ
3361 5209 3652 5282 διαϐολὴν
3685 5211 3795 5264 τῶν

526 5297 892 5368 temeritatem
944 5309 1200 5368 tanquam
1247 5296 1556 5365 exemplum
1597 5295 1702 5349 sibi
1756 5305 2087 5366 proponant.

2191 5293 2374 5346 κακῶν
2430 5295 2523 5346 ἐπὶ
2579 5295 2818 5364 σφετέρᾳ
2876 5296 3224 5364 μιμήσωνται
3277 5293 3492 5366 βλάϐῃ,
3551 5297 3799 5367 τὴντῶν

521 5380 692 5467 Cujus
722 5395 799 5447 rei
831 5391 1142 5460 exemplum
1177 5405 1322 5445 nunc
1369 5388 1518 5457 quod
1573 5381 1628 5442 in
1681 5387 1943 5442 memoria
1983 5397 2088 5451 est,

2190 5371 2516 5452 φθασάντων
2546 5385 2935 5454 ἀναισχυντίαν
2967 5387 3061 5439 καὶ
3097 5387 3302 5454 τόλμαν
3337 5380 3467 5438 οἶόν
3500 5406 3558 5440 τι
3608 5389 3797 5454 παρά-

521 5485 818 5556 prol‘eram.
869 5482 1066 5536 Paucis
1113 5480 1284 5550 igitur
1318 5479 1502 5536 verbis
1539 5485 1593 5533 et
1633 5493 1756 5548 quae
1809 5478 1945 5532 satis
1978 5478 2087 5534 sint

2189 5480 2389 5546 δειγμα
2445 5477 2898 5546 προϐαλλόμενοι.
2954 5478 3120 5530 Ὅθεν
3153 5479 3274 5552 ένός
3306 5495 3468 5540 τινος
3531 5480 3620 5532 ἔτι
3659 5496 3795 5549 μνη-

522 5578 589 5630 atl
631 5577 874 5632 historia:
899 5573 1302 5636 narrationem,
1339 5570 1762 5638 demonstrabo,
1810 5571 2090 5640 quomodo

2190 5571 2334 5632 σθεὶς
2363 5569 2768 5638 ἀπαλλάξομαι,
2792 5570 2878 5624 διὰ
2909 5559 3155 5641 βραχέων
3191 5572 3382 5642 μέντοι
3437 5573 3544 5624 καὶ
3571 5574 3796 5638 τοῦτον,

595 5735 668 5800 (l)
703 5736 857 5788 llunc
883 5733 1082 5786 librum
1107 5732 1216 5802 jam
1259 5733 1510 5788 ediderat
1545 5736 1606 5787 l).
1635 5730 1992 5802 Val.Pariso_t
2026 5728 2078 5780 in
2191 5728 2408 5802 regule;
2437 5727 2584 5793 quod
2616 5725 2884 5782 editorem
2911 5725 3251 5784 Bonnensem
3274 5737 3438 5784 certe
3484 5747 3601 5785 non
3635 5731 3796 5802 fugit.

524 5798 728 5858 Nolite:
780 5813 830 5856 et
889 5798 1122 5857 κίειν-αἱιέ
1184 5805 1271 5858 des
1329 5819 1449 5856 mss.
1501 5804 1562 5856 de
1621 5803 1672 5854 la
1725 5798 2083 5866 Bibliothequs
2189 5799 2282 5853 sel
2315 5799 2380 5852 de
2413 5813 2522 5866 quo
2557 5806 2716 5852 tacet.
3421 5811 3428 5818 '
3607 5821 3610 5826 -
