4134 6286
379 289 484 344 ἐϋ)
567 314 578 324 ο

1323 292 1756 354 ΒΥΖΑΝΊῚΝΕ
1800 294 2176 352 illSl‘JliiE
2221 286 2357 355 L13.
2407 295 2704 355 XXXVII.

3506 289 3608 348 470

383 397 476 451 καὶ
503 398 570 451 δι’
599 399 740 453 ὅσων
769 401 1134 472 ἀποχρῄσειιν
1188 404 1250 456 ἂν
1290 406 1367 474 τῷ
1397 407 1494 475 τῆς
1529 407 1769 476 ἱστορίας
1799 409 1943 476 λόγῳ

2063 417 2167 461 )ost
2197 407 2565 462 Palamiticam
2599 403 2829 460 hmrcsin
2864 403 2929 458 ad
2963 402 3257 470 perniciem
3293 409 3609 454 sanctorum

378 489 552 555 δεῖξαι
591 491 708 554 πῶς
755 492 850 559 τῆς
884 495 1206 563 Παλαμικῆς
1261 498 1519 567 αἱρέσεως
1540 500 1634 552 ἐπὶ
1663 500 1805 572 λύμῃ
1837 501 1942 554 τῶν

383 581 550 650 ἱερῶν
580 583 682 650 τῆς
723 585 1050 655 Ἐκκλησίας
1077 588 1364 666 δογμάτων
1393 592 1718 659 παραδύσης
1746 592 1945 648 ἅπανθ’

381 673 515 742 ὁμοῦ
549 676 881 745 συγκέχυται
914 679 1240 748 πράγματα,
1283 685 1376 735 καὶ
1399 683 1719 752 διέφθαρται
1752 686 1812 738 τὸ
1845 687 1948 754 τῆς

391 766 718 836 Ἐκκλησίας
756 769 981 838 ἀρχαῖον
1007 768 1137 841 ἦθος
1173 773 1371 838 ἐκεῖνο,
1405 777 1501 830 καὶ¹
1539 776 1944 847 ἀνατέτραπται

383 858 473 910 καὶ
504 857 566 930 [Γ.
598 859 702 913 265
727 860 784 931 a]
833 863 1113 917 ἀπόλωλεν
1144 867 1195 919 εί
1225 883 1278 918 τι
1325 869 1524 938 σεμνόν
1555 887 1616 922 τε
1647 871 1743 923 καὶ
1767 871 1948 941 τίμιον

381 968 482 1018 της
513 952 644 1022 ὅλης
669 949 737 1022 ἦν
767 955 1066 1022 πολιτείας,
1094 959 1473 1030 συσταλείσης,
1508 957 1684 1031 οἴμαι,
1722 963 1822 1031 τῆς
1854 964 1947 1016 τοῦ

2047 503 2302 557 Ecclesiae
2331 502 2643 572 dogmatum
2673 505 3032 570 procreatam,
3060 503 3258 548 cuncta
3291 491 3452 544 simul
3482 505 3612 543 con-

2045 595 2262 648 turbata
2311 595 2421 648 sint
2461 594 2711 646 instituta
2742 601 2796 645 et
2831 596 3124 656 corruptus
3161 595 3316 639 vetns
3352 598 3470 636 mos
3509 583 3610 636 Ec-

2045 684 2244 748 clesiae,
2294 692 2350 738 et
2413 699 2669 753 perversa
2715 691 2771 736 et
2819 681 2882 734 ad
2934 679 3220 733 interitum
3269 675 3458 728 adacta
3491 689 3613 742 qum

2049 775 2358 828 veneranda
2390 783 2445 827 et
2473 773 2780 826 honoriﬁca
2816 772 2981 824 totius
3005 767 3260 829 civitatis,
3291 763 3612 818 admittente

2049 865 2124 929 id,
2190 873 2248 917 ut
2299 880 2398 934 ego
2437 865 2656 933 quidem
2713 862 2901 924 credo,
2947 860 3138 914 dextra
3191 855 3306 919 Dei,
3346 861 3610 922 quantum

2052 957 2425 1026 intelligerent
2459 955 2836 1025 perversitatis
2887 954 3048 1023 hujus
3089 959 3344 1004 auctores
3376 954 3430 999 et
3455 943 3612 1014 prin-

386 1043 523 1095 Θεοῦ
555 1043 738 1108 δεξιᾶς
768 1046 893 1099 ὅσον
925 1047 1210 1103 αἰσθέσθαι
1238 1053 1363 1111 τοὺς
1391 1053 1490 1121 τῆς
1519 1053 1716 1116 κακίας
1747 1055 1950 1124 ταύτης

2063 1048 2206 1116 :ipes
2237 1047 2473 1116 etprius
2513 1056 2572 1099 ut
2609 1047 2674 1099 ad
2708 1045 3122 1098 conversionem
3161 1040 3417 1092 venirent
3449 1046 3617 1103 quam

386 1137 699 1202 προστάτας
750 1139 840 1192 καὶ
893 1141 1210 1210 ἀρχηγοὺς,
1269 1147 1364 1197 καὶ
1417 1150 1556 1214 πρὸς
1616 1148 1950 1216 ἐπιστροφὴν

387 1227 566 1279 ὲλθεϊν
598 1229 730 1298 πρὶν
759 1231 839 1290 είς
887 1235 1276 1303 καταστροφὴν
1327 1234 1629 1300 κατελθεῖν,
1658 1237 1951 1300 ἐνδιδόντος

393 1315 528 1369 Θεοῦ
574 1318 668 1371 τοῦ
718 1320 807 1372 διὰ
840 1322 1004 1375 Δαὸὶδ
1049 1325 1445 1394 παραινοῦντος
1479 1327 1554 1395 μὴ
1584 1328 1786 1382 διδόναι
1816 1330 1950 1398 πρὸς

394 1408 558 1460 σάλον
586 1410 676 1462 τὸν
712 1413 866 1474 πόδα,
899 1413 986 1466 ἵνα
1012 1415 1088 1485 μὴ
1111 1417 1347 1485 νυστάξῃ
1384 1418 1521 1487 μηδὲ
1556 1419 1778 1491 ὑπνώσῃ
1798 1421 1825 1471 6
1853 1439 1953 1489 φυ-

389 1498 608 1552 λάσσων
661 1501 750 1554 τὸν
806 1504 1045 1574 Ἰσραήλ.
1089 1506 1175 1570 Ὡς
1232 1506 1371 1560 εἶναι
1403 1509 1679 1562 κάνταῦθα
1719 1512 1836 1574 δέος
1877 1513 1952 1582 μὴ

395 1586 569 1655 πολλῷ
600 1589 866 1642 κάκείνων
900 1592 1149 1645 κακίοσιν
1187 1593 1309 1646 οὖσι
1341 1596 1569 1656 καὶτοῖς
1589 1597 1691 1664 τῆς
1722 1589 1954 1666 Ἐκκληο

395 1672 513 1736 σίας
537 1673 738 1744 ταύτης
767 1677 1049 1748 προέδροις
1083 1681 1115 1750 ἡ
1147 1681 1314 1734 πάλαι
1369 1685 1508 1736 κατὰ
1539 1684 1648 1736 τῶν
1689 1685 1955 1738 Ἰουδαίων

2059 1138 2125 1191 ad
2163 1138 2346 1192 linem.
2409 1137 2500 1192 Sic
2535 1137 2679 1191 enim
2731 1151 2828 1204 per
2873 1134 3132 1188 Davidem
3167 1133 3307 1186 Deus
3341 1130 3614 1188 hortatur,

2054 1245 2120 1283 ne
2153 1230 2276 1298 quis
2320 1230 2387 1282 ad
2421 1229 2714 1296 malignum
2751 1226 2944 1296 pedem
2978 1233 3174 1286 vertat,
3220 1233 3279 1276 ut
3309 1236 3376 1274 ne
3411 1216 3617 1274 dormi-

2065 1321 2207 1374 torio
2239 1320 2418 1388 capite
2467 1334 2719 1372 somnum
2759 1327 2978 1386 caperet
3027 1325 3216 1370 custos
3246 1311 3478 1366 lsraclis.
3540 1308 3617 1360 lta

2058 1418 2114 1463 ut
2149 1411 2256 1464 hoc
2282 1424 2499 1478 quoque
2525 1409 2827 1462 timendum
2857 1407 2948 1469 sit,
2983 1405 3164 1460 uehis
3189 1403 3282 1472 qui
3314 1402 3420 1454 illis
3447 1399 3616 1452 ιυιιιιο

2054 1500 2358 1569 praviores,
2392 1498 2664 1566 praefectis
2711 1497 2970 1551 Ecclesiae
3029 1510 3132 1547 vox
3176 1493 3266 1545 illa
3316 1503 3438 1558 qua:
3488 1486 3616 1539 olim

2054 1593 2268 1646 Judaros
2299 1591 2702 1651 condemnavit,
2734 1605 2856 1642 cum
2898 1589 2974 1640 ira
3009 1593 3167 1639 sonet
3203 1584 3473 1636 clamam:
3532 1577 3617 1629 «Si

2057 1685 2415 1754 similaginem
2452 1684 2608 1754 531
2643 1683 2776 1736 mihi
2802 1681 3064 1743 olTerctis,
3099 1679 3300 1732 frustra
3323 1676 3462 1732 erit;
3494 1671 3620 1730 thus

395 1764 737 1835 ἀποφαντικὴ
771 1769 866 1820 σὺν
899 1769 1056 1839 θυμῷ
1095 1775 1413 1844 κατερράγη
1465 1775 1665 1844 ψῆφος,
1698 1777 1951 1844 λέγουσα,

2063 1775 2483 1830 abominandum
2536 1774 2693 1839 mihi,
2745 1783 2799 1827 et
2843 1775 2886 1826 si
2931 1787 3124 1825 manus
3158 1777 3366 1822 vestras
3398 1773 3623 1833 protcu-_

398 1873 418 1905 ι
439 1854 564 1907 Ἑάν
594 1858 937 1928 προσφέρητέ
962 1878 1051 1929 μοι
1087 1863 1382 1931 σεμίδαλιν,
1411 1866 1637 1933 μάταιον
1664 1883 1677 1897 ·
1705 1866 1958 1934 θυμίαμα

395 1944 669 2017 βδέλυγμα
721 1950 810 2018 μοί
842 1953 990 2005 ἐστι·
1041 1957 1138 2008 καὶ
1176 1956 1272 2008 ἐὰν
1303 1957 1580 2026 ὲκτείνητε
1632 1959 1729 2020 τὰς
1769 1962 1956 2028 χεῖρας

394 2035 572 2103 ὑμῶν,
611 2038 940 2110 ἀποστρέψω
982 2042 1110 2105 τοὺς
1149 2042 1463 2112 ὀφθαλμούς
1508 2061 1605 2112 μου
1637 2045 1730 2112 ἀφ’
1770 2045 1954 2112 ὑμῶν·

396 2128 491 2182 καὶ
523 2130 618 2182 ἐὰν
670 2132 977 2202 πληθύνητε
1025 2135 1124 2202 τὴν
1179 2135 1386 2204 δέησιν,
1433 2136 1532 2188 οὐκ
1561 2137 1955 2207 είσακούσομαι

2063 1867 2225 1932 dctis,
2257 1882 2358 1931 ego
2389 1871 2576 1921 oculos
2609 1881 2757 1919 meos
2791 1881 2819 1918 a
2851 1865 3007 1919 vobis
3038 1871 3303 1922 avertam,
3334 1868 3389 1912 et
3423 1861 3465 1910 si
3494 1871 3621 1924 prc—

2063 1973 2154 2013 ces
2177 1958 2404 2023 facietis,
2432 1975 2540 2011 non
2565 1956 2850 2011 exaudiam
2885 1970 3001 2008 vos.
3058 1955 3189 2007 Nam
3218 1965 3406 2003 manus
3430 1957 3624 2001 vestr-.c

2060 2050 2323 2119 sanguine
2349 2051 2520 2119 plenae
2551 2058 2732 2104 sunt.»
2775 2048 2879 2113 Qui
2906 2046 3046 2100 enim
3077 2061 3163 2097 res
3187 2051 3355 2112 agunt
3378 2039 3620 2096 easdem,

2063 2143 2129 2194 ab
2163 2141 2250 2195 his
2282 2141 2504 2196 easdem
2535 2140 2694 2194 etiam
2723 2139 2867 2192 Deus
2897 2152 3082 2206 poenas
3117 2135 3274 2203 petit.

396 2222 571 2288 ὑμῶνο
611 2225 676 2277 Αἱ
714 2227 825 2295 γὰρ
892 2229 1075 2298 χεῖρες
1145 2229 1301 2298 ὑμῶν
1359 2230 1591 2299 αἵματος
1641 2231 1890 2301 πλήρεις,
1931 2233 2024 2285 καὶ
2064 2235 2281 2301 ἀφίεται
2316 2235 2343 2286 6
2373 2230 2521 2296 οἶκος
2549 2233 2700 2301 ὑμῶν
2724 2232 2949 2301 ἔρημος.
2991 2246 3008 2277 ι
3048 2223 3148 2278 Ὧν
3178 2227 3285 2294 γὰρ
3328 2223 3423 2284 τὰς
3454 2223 3622 2282 αὒτὲτς

394 2313 533 2368 εἶναι
580 2317 865 2386 συμὸαίνει
924 2321 1174 2390 πράξεις,
1217 2321 1428 2383 τούτοις
1467 2321 1682 2390 ἀνάγκη
1724 2325 1819 2374 καὶ
1852 2323 1950 2385 τὰς
1991 2325 2158 2386 αὑτὰς
2181 2324 2391 2377 ἐπιέναι
2425 2324 2608 2378 θεόθεν
2634 2321 2969 2390 εἰσπράξεις.

464 2406 539 2462 B’.
565 2410 817 2464 Διδάσκει
846 2411 904 2464 δὲ
930 2412 1022 2464 καὶ
1042 2413 1070 2462 6
1099 2415 1240 2476 θεῖος
1266 2413 1654 2482 Χρυσόστομος
1683 2415 1782 2484 τὴν
1804 2417 1958 2484 είρη-

400 2501 566 2570 μένην
596 2502 832 2558 ἐνταῦθα
870 2506 1178 2576 ταυτότητα
1201 2521 1214 2536 ο
1249 2507 1343 2559 καὶ
1375 2507 1483 2576 γὰρ
1521 2508 1842 2577 ἑρμηνεύων
1872 2509 1956 2571 τὸ,

403 2609 420 2640 ι
452 2591 704 2658 Καῑάςας
733 2595 1022 2664 ἀρχιερεὺς
1041 2593 1111 2666 ἦν
1138 2597 1232 2649 τοῦ
1264 2597 1515 2650 ἐνιαυτοῦ
1542 2598 1812 2662 ὲκείνου,ι
1846 2600 1958 2652 Καὶ

397 2683 566 2754 τοῦτοί
609 2685 709 2754 τῆς
776 2687 1095 2757 Ἰουδαϊκῆς,
1138 2691 1321 2759 φησὶν,
1376 2691 1594 2757 ἐγένετο
1634 2691 1958 2760 ,πονηρίαςο

399 2775 741 2846 κατῄσχυναν
771 2780 879 2848 γὰρ
912 2779 972 2832 τὸ
1003 2781 1103 2851 τῆς
1133 2782 1435 2849 ἱερωσύνης
1463 2780 1681 2850 ἀξίωμα
1713 2781 1959 2851 ὠνητοὺς

400 2871 723 2931 ποιήσαντες
776 2872 1089 2940 ἀρχιερέας.
1149 2873 1500 2943 Ἐμπροσθεν
1550 2875 1608 2927 δὲ
1645 2876 1743 2943 οὐχ
1787 2873 1962 2936 οὕτως

401 2957 488 3029 ἦν,
543 2961 676 3014 ἀλλά
718 2965 787 3032 τῇ
835 2961 1062 3034 τελευτῇ
1094 2966 1229 3038 μόνῃ
1287 2966 1580 3018 κατελύετο
1621 2967 1652 3035 ἠ
1688 2965 1958 3035 ἱερωσύνη

399 3049 490 3102 τοῦ
528 3052 847 3121 ἀρχιερέως.
881 3054 1015 3106 Τότε
1049 3054 1104 3107 δὲ
1135 3057 1226 3107 καὶ
1254 3053 1452 3119 ζῶντες
1490 3053 1823 3123 παρελύοντο
1857 3052 1962 3119 τῆς

402 3143 586 3210 τιμῆς.
619 3143 786 3196 Οὐδὲν
838 3141 932 3199 οὖν
962 3145 1150 3201 καινὸν
1179 3146 1290 3199 τῶν
1333 3145 1532 3216 ὁμοίων
1579 3143 1807 3206 ἐκείνοις
1833 3145 1964 3196 κάν-

2129 2417 2190 2468 Ιῐ.
2248 2417 2417 2469 Docet
2460 2423 2642 2468 autem
2691 2412 2850 2467 divus
2902 2411 3325 2478 Chrysostomos
3375 2403 3621 2457 camde-u

2061 2508 2209 2561 illam
2265 2508 2485 2560 allatam
2533 2503 2974 2560 similitudinem.
3037 2500 3404 2567 lntcrprctans
3453 2495 3626 2559 enim,

2067 2615 2084 2646 ι
2121 2595 2355 2662 Caiphas
2382 2609 2630 2648 summus
2659 2591 2920 2646 sacerdos
2953 2600 3074 2644 erat
3119 2587 3244 2641 anni
3301 2584 3503 2644 illius,»
3573 2583 3623 2634 ivl

2063 2686 2198 2740 dicit
2247 2685 2451 2740 factum
2493 2699 2614 2739 esse
2643 2682 2953 2738 Judacorum
2984 2679 3274 2747 pravitate.
3338 2674 3627 2730 Vinlnbaut

2066 2794 2260 2848 nempe
2313 2776 2600 2834 sacerdotii
2650 2773 2968 2843 dignitatem
3047 2784 3172 2823 cum
3235 2767 3482 2820 venalem
3549 2764 3626 2815 fa-

2059 2879 2250 2928 cerent
2303 2869 2622 2939 dignitatem
2688 2865 3069 2920 sacerdotum:
3141 2868 3302 2913 antea
3365 2872 3496 2911 vero
3557 2856 3631 2906 ita

2062 2980 2121 3020 se
2154 2977 2261 3017 non
2313 2961 2571 3021 habebat,
2617 2959 2710 3013 sed
2757 2957 2874 3011 solo
2917 2955 2975 3008 in
3025 2952 3176 3007 obitu
3236 2950 3446 3004 unitum
3511 2955 3626 3000 erat

2064 3069 2262 3110 munus
2318 3051 2638 3107 sacerdotis.
2688 3067 2706 3099 ι
2736 3047 2890 3102 Tunc
2959 3053 3140 3099 autem
3199 3048 3254 3096 et
3301 3039 3410 3092 vivi
3446 3054 3475 3090 a
3510 3053 3628 3088 mu—

2063 3161 2195 3201 nere
2216 3143 2380 3199 amoti
2413 3151 2593 3197 sunt.»
2657 3139 2807 3195 Nihil
2841 3138 3008 3207 igitur
3042 3135 3332 3202 discrepat,
3366 3131 3408 3185 si
3438 3132 3626 3184 eadem

402 3231 576 3285 ταῦθα
601 3233 792 3287 παθῶν
821 3235 1034 3298 εἰκόνας
1077 3237 1345 3306 ὑπάρχειν
1399 3238 1818 3299 ὲνυποστὰτους,
1851 3235 1959 3287 τῶν

2065 3238 2208 3308 apud
2254 3237 2377 3290 illos
2419 3233 2753 3305 perversitas
2801 3238 2861 3284 ut
2892 3232 3071 3298 imago
3095 3226 3385 3281 exhibetur
3412 3232 3630 3275 nostro-

403 3317 497 3372 νῦν
535 3323 889 3392 πατριαρχῶν
908 3324 987 3387 είς
1017 3322 1116 3394 τὴν
1142 3323 1309 3394 αὐτὴν
1341 3322 1530 3376 ἰόντων
1561 3322 1851 3391 πονηρίαν,
1873 3322 1963 3374 ἵνα

408 3413 482 3479 μὴ
515 3410 656 3480 λέγω
676 3414 774 3482 τὴν
795 3414 962 3483 χείρω
987 3429 1002 3446 ο
1065 3415 1416 3486 κατῄσχυναν
1445 3416 1556 3484 γὰρ
1586 3414 1644 3468 τὸ
1676 3415 1772 3482 τῆς
1801 3415 1961 3486 ἱερω-

406 3499 570 3568 σύνης
606 3503 701 3555 καὶ
753 3496 898 3558 οὗτοι
955 3505 1156 3575 μᾶλλον
1202 3505 1427 3559 ἐκείνων
1450 3505 1689 3575 ἀξίωμα,
1721 3506 1966 3574 ὠνητοὺς

407 3593 684 3657 ποιοῦντες
735 3595 1032 3666 ἀρχιερεῖς,
1101 3601 1195 3652 καὶ
1248 3599 1552 3666 μειρακίων
1597 3598 1816 3667 ἐφήϐων
1871 3598 1965 3650 καὶ

407 3683 664 3750 ἀγενείων
694 3685 860 3752 έσμδν
906 3687 1110 3756 ἱερέας,
1145 3687 1266 3741 οὔτε
1308 3706 1394 3741 πω
1429 3688 1775 3751 σῡλλαόίζειν
1807 3689 1967 3746 δυναέ⁴

410 3773 583 3840 μένων
636 3774 757 3828 οὐδὲ
796 3777 863 3828 τὰ
917 3777 1109 3846 πρῶτα
1149 3777 1254 3832 τῶν
1301 3781 1643 3850 γραμμάτων
1698 3782 1965 3849 στοιχεῖα,

411 3861 468 3931 [Γ.
500 3861 604 3916 265
637 3862 688 3935 b]
715 3863 835 3917 οὔτε
865 3866 980 3935 βίον
1009 3865 1141 3934 γοῦν
1167 3868 1336 3934 ἐγγὺς
1369 3868 1613 3937 καθαροῦ
1642 3885 1966 3939 προεισενη-

410 3953 701 4022 νεγμένων,
732 3956 846 4008 ἀλλ’
874 3958 1229 4026 ἀρκουμένων
1253 3959 1330 4028 τῷ
1361 3976 1418 4015 τε
1449 3958 1738 4028 βούλεσθαι
1763 3959 1857 4012 καὶ
1887 3959 1966 4028 τῷ

407 4045 502 4114 τὴν
537 4047 887 4118 Παλαμικὴν,
910 4049 1102 4100 ταυτὸν
1124 4050 1168 4104 δ’
1190 4051 1368 4103 εἰπεῖν
1414 4050 1834 4122 Μασαλιανικὴν
1871 4052 1966 4103 καὶ

411 4132 667 4186 πολύθεον
718 4133 929 4203 ατρεσιν
978 4139 1339 4204 προσκυνεῖν·
1395 4136 1496 4202 τῆς
1531 4137 1640 4203 γὰρ
1663 4137 1968 4206 ἱερωσύνης

407 4223 486 4284 είς
513 4223 778 4291 ἀγοραίαν
810 4226 1010 4292 πρᾶσιν
1034 4224 1288 4289 καθάπαξ
1327 4225 1599 4294 ῥιφείσης,
1635 4226 1662 4278 6
1697 4228 1764 4280 τὰ
1793 4227 1964 4280 πλείω

407 4313 579 4376 διδοὺς
618 4314 717 4386 τὴν
775 4317 1012 4369 νικῶσαν
1069 4316 1158 4369 ἐπ’
1209 4317 1389 4386 ὀλίγον
1433 4318 1702 4388 λαμϐάνει
1733 4321 1829 4372 καὶ
1861 4319 1972 4372 τῶν

413 4406 696 4475 πρωτείων
718 4407 926 4476 γίνεται
954 4408 1310 4478 κληρονόμος,
1361 4409 1554 4480 μέχρις
1589 4411 1653 4464 ἂν
1682 4413 1710 4463 6
1743 4412 1974 4464 κατόπιν

415 4499 510 4552 ἰὼν
539 4500 843 4567 χρημάτων
876 4499 1176 4570 ἁδρότερον
1213 4500 1529 4570 πεποιηκὼς
1572 4504 1632 4556 τὸ
1665 4503 1970 4572 βαλάντιον,

2065 3344 2186 3383 rum
2219 3328 2646 3397 patriarcharum
2673 3323 2765 3394 qui
2791 3322 3038 3376 eamdem
3066 3319 3351 3379 inducunt,
3370 3332 3437 3369 ne
3453 3315 3629 3368 dicam

2067 3422 2329 3492 peiorem.
2400 3418 2466 3472 Ili
2524 3419 2667 3472 enim
2723 3414 3024 3470 sacerdotii
3085 3408 3406 3479 dignitatem
3466 3404 3628 3457 etiam

2067 3512 2282 3581 turpius
2310 3510 2610 3574 violarunt,
2643 3522 2765 3564 cum
2815 3505 2993 3575 pretio
3042 3503 3248 3573 eligant
3294 3499 3628 3558 saecrdote~,

2067 3616 2121 3658 et
2144 3609 2197 3658 in
2235 3603 2322 3658 his
2347 3601 2880 3656 adolescentulorum
2909 3595 3322 3666 pubescentium
3348 3602 3402 3645 ct
3429 3590 3633 3643 imber-

2067 3696 2218 3748 bium
2249 3709 2498 3753 examen,
2531 3692 2624 3760 qui
2677 3705 2855 3758 neque
2898 3688 3134 3757 syllabas
3164 3691 3489 3739 connectere
3509 3696 3634 3751 pos-

2067 3793 2196 3840 sunt
2233 3795 2289 3837 et
2340 3797 2409 3837 ne
2462 3782 2654 3852 primis
2703 3780 2924 3848 quidem
2977 3778 3288 3831 litterarum
3346 3774 3633 3826 clementis

2071 3875 2264 3930 imbuti
2308 3880 2459 3936 sunt,
2510 3886 2690 3939 neque
2748 3870 2916 3928 vitam
2963 3868 3155 3922 saltem
3195 3880 3384 3936 puram
3422 3879 3528 3932 prae
3576 3879 3634 3915 se

2070 3965 2256 4019 ferunt
2288 3972 2344 4017 et
2373 3962 2508 4016 satis
2536 3969 2798 4032 praestant
2833 3957 2996 4013 modo
3039 3959 3181 4012 inire
3224 3958 3420 4019 velint,
3452 3967 3505 4008 ct
3536 3956 3636 4008 Pa-

2068 4054 2343 4130 lamlcam"
2375 4053 2482 4119 vel,
2509 4051 2757 4107 eamdem
2813 4059 2869 4105 ut
2914 4050 3123 4116 dicam,
3183 4047 3528 4100 Masaliauam
3582 4054 3636 4097 ct

2071 4144 2378 4215 polythcam
2445 4141 2674 4197 hatresin
2749 4149 3102 4194 venerentur.
3175 4137 3252 4191 Ex
3313 4152 3421 4204 quo
3487 4138 3632 4187 enim

2071 4235 2409 4303 sacerdotale
2432 4234 2591 4322 532
2608 4248 2805 4287 munus
2825 4232 3018 4286 venale
3048 4239 3128 4284 est
3151 4229 3378 4291 factum,
3398 4228 3490 4297 qui
3519 4227 3638 4293 plu-

2074 4330 2209 4384 rima
2238 4329 2352 4394 dat,
2371 4315 2658 4382 victoriam
2684 4324 3000 4392 aliquandiu
3027 4322 3255 4392 suscipit
3279 4331 3334 4374 et
3366 4319 3640 4388 principa-

2077 4428 2164 4474 tus
2209 4433 2490 4487 possessor
2538 4424 2642 4479 est,
2692 4417 2863 4468 donec
2913 4413 3053 4468 alius
3077 4421 3265 4482 surgat
3294 4410 3386 4478 qui
3419 4410 3639 4463 sacculo

2075 4510 2322 4580 pleniore
2355 4509 2482 4582 dato
2521 4522 2661 4578 eum,
2691 4515 2912 4574 superet
2955 4512 3011 4559 et
3067 4505 3244 4558 victor
3293 4502 3636 4572 superiorem

414 4589 510 4659 τὴν
544 4590 784 4644 νικῶσαν
813 4592 912 4662 τῆς
933 4592 1104 4664 ἥττης
1133 4594 1433 4663 ἀλλάξηται
1465 4595 1560 4647 καὶ
1591 4595 1688 4663 τῆς
1732 4594 1959 4662 κρείττο-

2075 4601 2257 4656 locum
2289 4600 2345 4654 in
2385 4599 2732 4654 successione
2764 4607 3014 4666 occupet.

414 4698 500 4743 νος
527 4686 711 4752 χώρας
731 4684 790 4748 ἐξ
823 4686 1058 4754 ἀμοιϐῆς
1086 4686 1420 4760 κληρονόμος
1454 4687 1614 4750 αὐτὸς
1645 4691 1916 4757 καταστῇ.

487 4773 565 4828 Γ¹.
601 4774 754 4827 Ἐπεὶ
780 4774 823 4827 δ’
855 4776 971 4837 ἐνὸς
995 4777 1104 4828 τῶν
1142 4777 1352 4828 πολλῶν
1382 4776 1604 4830 ὁτουοῦν
1637 4779 1972 4848 ἐπηγγειλά-

421 4865 557 4933 μεθα
593 4865 924 4937 μνησθέντες
954 4867 1386 4932 ἀπαλλάξασθαι,
1416 4868 1593 4937 πέρας
1630 4871 1694 4938 τῇ
1726 4871 1969 4936 ἐπαγγε-

415 4956 502 5027 λία
527 4960 832 5028 παρασχεῖν
858 4958 1194 5028 ἀξιώσωμεν.
1245 4959 1356 5028 Τὴν
1379 4957 1488 5012 τῶν
1522 4960 1756 5012 Ἀλανῶν
1788 4962 1961 5031 ἐπαρ-

415 5051 535 5119 χίαν
563 5052 702 5120 πρὸς
749 5050 983 5121 ἄρκτους
1015 5049 1112 5120 τὴν
1143 5051 1292 5102 θέσιν
1315 5048 1566 5118 ἔχουσαν,
1600 5053 1694 5103 καὶ
1739 5050 1966 5103 Σκυθῶν

413 5141 517 5197 τῦν
553 5143 797 5212 νομάδων
833 5142 1033 5210 ὅμορον
1081 5138 1266 5204 οὖσαν,
1299 5142 1346 5194 οἱ
1400 5141 1586 5194 πολλοί
1608 5158 1666 5192 τε
1689 5141 1836 5195 ἴσασι
1869 5142 1966 5194 καὶ

418 5233 649 5299 μάλιστα
708 5231 789 5297 οἷς
849 5235 909 5299 ἐξ
966 5233 1235 5304 ἐμπορίας
1278 5233 1307 5285 6
1334 5233 1448 5302 βίος
1483 5233 1792 5302 ἀθροίζεται
1823 5233 1965 5296 έθος.

417 5322 628 5388 Ταύτης
659 5324 722 5374 ὲκ
746 5321 1366 5382 Κωνσταντινουπόλεως
1401 5319 1835 5390 Τραπεζούντιός
1862 5337 1968 5384 τις,

415 5411 582 5478 ὄνομα
610 5409 857 5479 Συμεὼν,
885 5411 1198 5484 ,ἀρχιερεὺς
1231 5411 1297 5478 τῇ
1341 5408 1671 5478 μητροπόλει
1726 5424 1968 5476 χειροτο-

419 5501 595 5569 νηθεὶς
643 5503 749 5571 πρὸ
807 5502 943 5571 ὲτῷν
991 5502 1052 5553 οὗ
1109 5500 1321 5569 μικρῶν
1374 5499 1676 5567 ἀπεστάλη.
1728 5500 1884 5552 Μετὰ
1912 5501 1968 5552 δὲ

419 5596 602 5660 χρόνον
661 5593 868 5662 βραχὺν
898 5593 1024 5663 παρ’
1082 5592 1303 5646 ὁτουοῦν
1328 5591 1437 5644 τῶν
1483 5593 1600 5644 ἐκεῖ
1624 5591 1968 5659 μοναζόντων

423 5686 549 5756 πςιδς
581 5689 691 5756 τοῖς
715 5687 892 5754 ἄλλοις
927 5688 1015 5739 καὶ
1049 5684 1374 5756 δωροδοκίαν
1424 5685 1755 5752 ἐγκέκληται
1787 5702 1965 5755 [xpo-

467 5759 492 5781 κ

2146 4775 2232 4831 Ill.
2287 4775 2606 4845 Quanquam
2639 4782 3052 4828 uuumtantum
3082 4785 3117 4826 ’e
3158 4770 3346 4824 multis
3375 4767 3640 4836 exemplis

2074 4867 2448 4941 promisimus,
2469 4882 2612 4921 nunc
2637 4876 2816 4920 tamen
2848 4866 2989 4919 ultra
3015 4865 3344 4934 promissum
3371 4862 3639 4932 praebcbi-

2063 4978 2205 5017 mus.
2223 4961 2557 5016 Albanorum
2576 4957 2915 5027 provinciam
2950 4957 3004 5010 in
3030 4955 3489 5025 septentrionales
3513 4969 3637 5021 spe-

2067 5066 2239 5118 ctare,
2260 5066 2464 5122 eosque
2487 5049 2703 5121 Scythis
2723 5047 3053 5102 nomadibus
3078 5047 3336 5109 contines,
3351 5054 3498 5100 certe
3519 5060 3638 5099 om-

2068 5144 2230 5198 nibus
2267 5151 2455 5195 notum
2485 5149 2589 5201 est,
2612 5148 2669 5193 et
2695 5141 2749 5191 iu
2775 5137 2971 5207 primis
3002 5136 3070 5191 iis
3098 5137 3190 5204 qui
3218 5151 3286 5192 ex
3321 5147 3632 5192 mercatura

2069 5236 2234 5285 vitam
2282 5233 2576 5286 sustinent.
2619 5229 2658 5282 E
2702 5227 3177 5296 Constantinopoli
3229 5228 3633 5298 Trapezuntius

2072 5321 2291 5392 quidam
2320 5323 2540 5377 nomine
2565 5320 2786 5374 Simeon
2817 5320 3134 5387 metrOpolis
3163 5321 3458 5390 episcopus
3485 5337 3636 5377 crea-

2070 5423 2155 5468 tus
2188 5414 2376 5467 multis
2399 5412 2597 5466 abhinc
2623 5411 2782 5465 annis
2806 5410 3006 5466 missus
3025 5421 3165 5467 erat.
3212 5413 3413 5468 Verum
3446 5414 3492 5469 is
3524 5430 3653 5478 non

2064 5506 2236 5560 multo
2264 5515 2385 5575 post
2412 5520 2441 5559 a
2463 5503 2730 5557 monacho
2747 5503 2980 5572 quodam
3002 5505 3075 5560 ibi
3105 5521 3228 5560 cum
3253 5506 3376 5561 aliis
3406 5507 3638 5577 degente

2064 5596 2432 5665 corruptionis
2458 5595 2509 5648 in
2539 5593 2980 5649 ordinationibus
3019 5597 3427 5664 accusatusjest,
3455 5607 3512 5651 et
3541 5605 3634 5668 qui

2062 5687 2350 5741 sacerdotii
2382 5685 2698 5753 dignitatem
2739 5692 2796 5738 ut
2821 5701 2993 5757 caupo
3030 5687 3267 5753 venalem
3301 5688 3550 5753 haberet,
3583 5700 3660 5746 et...
