4134 6286
488 289 586 350 ΓΙ

1666 293 2079 352 NlCEPlIOlil
2125 295 2506 356 GiiEGOlLE

3609 297 3714 361 θιῗὲ

487 405 618 456 ιιι-ιε
639 402 876 472 indignis
900 404 1078 473 pretio
1106 406 1364 462 venderet
1382 408 1586 462 donum
1607 411 1780 462 sancti
1801 409 2058 477 Spiritus.

2165 415 2355 466 τονιῶν
2387 414 2666 484 ἀθέσμων,
2693 416 2750 468 τὸ
2791 419 2882 482 τῆς
2929 417 3227 484 ἱερωσύνης
3285 413 3602 482 καπηλεύων
3630 430 3710 464 σε·

485 499 612 559 Quae
651 495 878 550 crimina
923 512 1046 550 cum
1090 499 1400 559 Philothco.
1443 498 1535 568 qui
1593 509 1716 567 post
1767 499 2052 554 Callistum

485 584 768 652 expulsum
801 586 1108 654 patriarcha
1133 597 1252 642 erat
1275 587 1631 649 referrentur,
1669 589 1782 655 ipse
1807 589 1900 656 qui
1929 589 2056 642 ade-

488 685 594 742 rat,
621 677 860 742 Alanias,
882 679 984 732 fide
1003 679 1254 749 dignisex
1287 679 1476 732 Alania
1507 678 1726 732 arbitris
1757 679 2052 744 arcessitis,

488 783 582 836 per
609 767 864 836 suffragia
889 769 998 822 diei
1027 772 1464 838 prorogationezn
1495 778 1686 822 nactus
1709 777 1813 824 est.
1843 768 2054 822 Interea

487 845 690 922 autem,
726 861 894 914 dilato
918 860 1005 914 die
1026 859 1247 930 judicii,
1285 861 1471 914 subito
1495 861 1814 931 Byzantium
1843 861 2054 928 ingres-

487 967 580 1006 sus
614 951 848 1005 Joannes
885 951 1220 1019 Palteologus
1259 961 1546 1020 paternum
1575 951 1862 1019 imperium
1895 964 2054 1002 recu—

491 1044 722 1104 peravit,
785 1053 898 1096 uta
933 1043 1096 1096 nobis
1143 1057 1306 1111 supra
1358 1043 1543 1098 multis
1575 1051 1854 1096 narratum
1893 1041 2052 1111 533

485 1144 585 1188 νει.
625 1135 772 1187 Illius
803 1149 931 1187 vero
963 1149 1148 1187 comes
1181 1143 1324 1198 erat,
1357 1133 1610 1188 Callistus
1641 1149 1670 1186 a
1703 1133 1992 1188 Pbilotheo
2021 1149 2052 1186 e

488 1225 849 1290 patriam-,liatu
877 1233 929 1276 et
951 1225 1256 1280 sacerdotio
1285 1225 1566 1294 expulsus,
1599 1225 1690 1293 qui
1732 1240 1956 1279 suorum
1992 1233 2053 1278 ut

483 1330 696 1383 :rquum
737 1317 908 1368 visum
959 1316 1178 1378 vindex,
1218 1316 1562 1370 Pliilotheum
1599 1331 1822 1370 munere
1865 1330 2058 1370 rursus

484 1407 664 1464 ngecit.
723 1416 777 1456 et
825 1405 876 1458 iu
926 1407 1360 1474 patriarchatum
1420 1406 1706 1460 successit.
1769 1406 2054 1471 Quomodo

485 1506 662 1548 nutent
697 1496 808 1549 hare
833 1497 975 1552 inter
1008 1500 1130 1554 illos
1166 1510 1284 1552 acta
1327 1501 1459 1563 sint,
1495 1511 1549 1555 et
1581 1517 1702 1570 quze
1755 1501 1858 1554 alia
1887 1501 2053 1554 simul

485 1584 804 1649 acciderint,
833 1585 944 1654 jam
974 1589 1104 1642 satis
1133 1604 1162 1640 a
1197 1589 1356 1644 nobis
1386 1591 1696 1658 expositum
1724 1599 1827 1656 est,
1861 1599 1918 1644 et
1961 1605 2056 1643 ex-

490 1685 722 1738 p-metur
756 1676 862 1744 jatn
899 1678 1148 1744 pluribus
1201 1681 1346 1742 aliis,
1382 1681 1472 1736 ubi
1512 1682 1794 1735 historiam
1835 1681 2056 1748 longius

2165 505 2294 572 μνον
2342 507 2436 558 καὶ
2501 507 2774 574 προτιθεὶς
2834 507 3078 578 βεϐήλοις
3129 506 3288 558 ὢνιον
3350 505 3572 572 ἀνδράσι
3617 503 3714 572 τὴν

2161 597 2318 666 χάριν
2353 599 2445 650 τοῦ
2480 598 2814 666 Πνεύματος.
2841 597 2960 650 Τῶν
2983 597 3048 664 δὴ
3069 595 3328 650 τοιούτων
3353 593 3712 662 ἐγκλημάτων

2159 691 2252 743 ἐπὶ
2287 692 2540 744 Φιλοθὲου
2583 691 2676 744 τοῦ
2727 691 2861 760 μετὰ
2919 691 3016 760 τὴν
3064 689 3368 742 Καλλίστου
3399 687 3718 756 καθαίρεσιν

2163 782 2704 850 πατριαρχεύσαντος
2720 781 3080 850 λαληθέντων,
3102 780 3223 832 ἐπεὶ
3249 777 3427 846 παρῆν
3451 777 3542 827 καὶ
3563 776 3722 829 Ἀλαο

2161 873 2281 935 νίας
2313 871 2494 938 αὐτὸς,
2524 873 2582 925 τὸ
2615 871 2931 936 ἀξιόπιστον
2961 870 3183 939 ἔχοντας
3215 867 3273 931 ἐξ
3312 865 3560 926 Ἀλανίας
3589 865 3720 934 μάρ-

2159 980 2330 1032 τυρας
2365 961 2824 1030 προκαλούμενος,
2860 959 3156 1030 ὑπέρθεσιν
3196 955 3452 1026 καιρικὴν
3480 957 3512 1024 ἡ
3545 954 3718 1023 ψῆφος

2157 1051 2445 1121 λαμϐάνει.
2471 1050 2761 1119 Μετεώρου
2808 1049 2988 1102 τοίνυν
3013 1047 3110 1116 τῆς
3131 1047 3286 1116 δίκης
3315 1043 3506 1113 οῠσης,
3530 1043 3720 1108 ἐξαίφ·

2159 1162 2254 1213 νης
2306 1142 2500 1206 ἔξωθεν
2536 1144 2614 1202 είς
2665 1143 2728 1196 τὸ
2759 1141 3049 1212 Βυζάντιον
3083 1134 3505 1205 είσπεπηδηκὼς
3547 1135 3722 1186 Ἰωάν-

2159 1251 2254 1302 νης
2282 1236 2310 1286 ὁ
2340 1232 2696 1298 Παλαιολὸγος
2723 1231 2822 1302 τὴν
2851 1229 3111 1299 πατρῴαν
3137 1228 3394 1294 ἀνείληφε
3425 1223 3717 1292 βασιλείαν.

2158 1325 2504 1394 ἐκϐεϐληκὼς
2537 1323 3012 1393 Καντακουζηνδν,
3065 1321 3140 1384 ὥς
3193 1337 3297 1372 που
3331 1320 3427 1369 καὶ
3462 1315 3720 1384 πρότερον

2157 1421 2290 1488 ἡμῖν
2316 1421 2600 1488 εἰρημένον
2645 1419 2726 1481 είς
2754 1418 2926 1486 μῆκός
2976 1418 3128 1468 ἐστι’
3163 1413 3256 1467 καί
3289 1414 3337 1464 οἱ
3371 1407 3720 1477 ἐπηκολούθει

2157 1515 2184 1565 ὁ
2227 1513 2358 1580 προς
2394 1509 2642 1563 Φιλοθέου
2705 1509 3053 1580 καθαιρεθεὶς
3111 1507 3210 1572 τῆς
3251 1521 3308 1555 τε
3359 1498 3721 1570 πατριάρχίας

2159 1603 2373 1670 καὶτῆς
2407 1600 2702 1669 ἱερωσύνης
2727 1599 3051 1662 Κάλλιστος,
3081 1598 3138 1660 ὃς
3169 1596 3261 1649 καὶ
3289 1591 3452 1654 αύτδς
3475 1591 3724 1654 καθάπερ

2159 1695 2223 1745 ἐκ
2249 1690 2602 1761 παρατάξεως
2628 1689 2690 1760 [Γ.
2728 1689 2833 1743 264
2865 1687 2919 1759 α]
2957 1687 3294 1756 ἀμυνόμενος
3321 1683 3489 1736 αὐτόν
3513 1698 3568 1733 τε
3593 1678 3720 1731 καθ-

489 1763 926 1828 μίιιίιιλθτὶηιυε.
975 1766 1161 1834 Itaque
1208 1767 1441 1836 Symcou
1487 1767 1553 1820 ad
1605 1768 1761 1821 hunc“
1795 1766 1888 1834 qui
1923 1766 2050 1820 olim

2165 1785 2304 1854 ιιρεϊ
2323 1759 2418 1848 τῆς
2443 1759 2742 1852 ἱερωσύνης
2777 1779 3026 1832 Φιλόθεον
3053 1779 3146 1830 καὶ
3177 1775 3283 1828 τῶν
3311 1769 3723 1842 πατριαρχικῶν

489 1853 908 1919 patruirchatum
943 1855 1514 1910 liabucratCtllistum
1552 1872 1610 1910 se
1655 1856 1930 1918 contulit,
1967 1870 2054 1908 ro-

488 1958 620 2010 gans
667 1953 726 1996 ut
763 1944 1054 1998 criminum
1099 1946 1200 1998 sibi
1249 1947 1351 2000 sub
1384 1947 1674 2002 Philotheo
1709 1945 2051 2014 objectorum

490 2025 817 2104 obiit-nmen)
850 2036 1072 2100 faceret,
1105 2047 1158 2091 et
1182 2037 1436 2106 promisit
1468 2039 1644 2106 largas
1669 2052 1727 2090 se
1759 2037 2054 2090 missurum

491 2127 769 2192 pecunias,
815 2127 858 2178 si
888 2127 1090 2179 Alanite
1121 2126 1174 2180 in
1211 2127 1398 2180 sedem
1435 2141 1588 2181 suam
1641 2126 2050 2180 restitueretur.

489 2219 696 2280 Quibus
722 2229 1025 2272 commotus
1064 2219 1340 2280 Callistus,
1374 2233 1498 2271 cum
1531 2218 1890 2271 certissimam
1925 2232 2054 2285 pro-

491 2309 780 2360 missurum
809 2323 957 2375 spem
1005 2309 1109 2361 sibi
1163 2309 1404 2370 fecisset,
1455 2323 1616 2376 quam
1673 2307 1960 2362 celerrime
2003 2305 2054 2359 id

489 2400 694 2462 eifecit,
735 2409 789 2450 et
817 2409 1004 2466 gratus
1027 2400 1145 2468 ejus
1179 2399 1358 2454 factus
1389 2411 1474 2454 est
1515 2399 1716 2466 collega
1754 2398 1973 2450 Alanias
2001 2398 2055 2450 in

492 2488 817 2552 sacriﬁciis,
871 2486 1059 2554 festis,
1109 2489 1342 2542 coetibus
1395 2489 1651 2558 publicis,
1694 2497 1748 2540 et
1785 2487 1966 2540 socius
2003 2487 2056 2540 in

489 2579 710 2647 Jiudiciis
757 2581 1000 2646 quotidie
1029 2579 1378 2634 exercendis.
1433 2579 1536 2634 Sed
1576 2595 1700 2633 cum
1737 2579 1827 2632 ille
1855 2578 2055 2641 abiret,

497 2669 762 2748 promissa
794 2683 921 2722 vero
951 2669 1210 2724 continua
1240 2667 1519 2722 oblivione
1566 2669 1816 2738 neglecta
1852 2677 2056 2729 essent,

496 2760 659 2826 iique
693 2761 1026 2828 percepisset
1062 2760 1156 2828 qui
1199 2775 1325 2814 cum
1366 2769 1528 2814 antea
1572 2769 1928 2814 accusaverat
1963 2773 2058 2810 no-

497 2849 640 2900 mine
666 2847 956 2910 Callistus,
993 2849 1039 2901 is
1077 2847 1226 2901 omni
1265 2849 1616 2904 chtinationc
1651 2857 1704 2902 ct
1737 2846 1916 2916 plenis
1945 2861 2059 2898 ma-

499 2940 654 2990 nibus
704 2937 770 2990 ad
817 2937 1099 2992 Callistum
1147 2953 1382 3005 quocum
1437 2942 1656 2992 nomine
1706 2950 1760 2992 et
1813 2935 2060 2990 moribus

2155 1874 2268 1928 ἀντ’
2301 1873 2509 1925 ἐκείνου
2563 1869 2885 1924 καθίσταται
2917 1867 3121 1938 θρόνων
3167 1867 3436 1932 διάδοχος.
3489 1863 3650 1920 Οπως
3681 1859 3722 1909 δ’

2157 1968 2340 2026 αὐτοῖς
2365 1963 2708 2032 ἐσχεδίασται
2734 1961 2802 2012 τὰ.
2822 1959 3066 2023 τοιαῦτα,
3093 1957 3188 2010 καὶ
3213 1951 3300 2008 οἶα
3323 1951 3724 2021 συμπέπτωκεν

2157 2053 2320 2122 ἕτερα
2352 2048 2572 2118 μεταξὺ,
2610 2045 2824 2118 είρηταί
2861 2061 2920 2097 τε
2957 2043 3194 2114 μετρίως
3226 2043 3357 2111 ἡμῖν
3385 2039 3484 2090 καὶ
3513 2037 3726 2103 είρήσε-

2157 2159 2247 2192 ται
2295 2138 2534 2190 πλείοσιν
2591 2136 2772 2196 ἄλλοις
2835 2132 2934 2203 τὴν
2976 2131 3222 2200 ἱστορίαν
3271 2131 3406 2190 ῐσως
3437 2128 3516 2186 είς
3555 2123 3724 2191 μῆκος

2163 2231 2360 2301 μᾶλλον
2409 2230 2760 2282 ἐκτετακόσιν
2805 2225 2960 2295 ἡμῶν
3021 2221 3294 2276 ἐνταυθοῖ.
3359 2220 3473 2272 Καὶ
3527 2216 3622 2283 μὲν
3664 2213 3725 2281 δὴ

2159 2323 2442 2392 πρόσεισιν
2469 2319 2722 2381 Ἀλανίας
2751 2317 2828 2384 τῷ
2849 2316 3012 2370 πάλιν
3034 2309 3540 2380 πατριαρχεύσαντι
3557 2304 3726 2370 τούτῳ

2160 2413 2464 2480 Καλλίστῳ,
2501 2409 2671 2477 λήθην
2716 2425 2776 2460 τε
2807 2407 2974 2472 ἀξιῶν
3006 2405 3258 2471 γενέσθαι
3289 2400 3400 2452 τῶν
3461 2397 3726 2467 πρότριτα

2160 2504 2251 2554 ἐπὶ
2273 2499 2522 2554 Φιλοθέου
2543 2497 2960 2566 ἐγκεκλημένων
2985 2492 3152 2558 αὐτῷ,
3184 2493 3277 2544 καί
3306 2488 3459 2558 δῶρα
3491 2484 3728 2553 πέμψειν

2161 2590 2588 2662 ὑπισχνούμενος
2639 2585 2967 2657 ἀποχρῶντα
3001 2578 3418 2649 ἐπιδεδημηκὼς
3475 2579 3532 2638 ἐς
3575 2575 3726 2628 Ἀλα-

2161 2681 2302 2734 νίαν.
2348 2677 2438 2746 Τῷ
2482 2675 2576 2730 οὖν
2605 2675 2892 2743 Καλλίστῳ
2933 2673 3108 2741 ἔχοντι
3137 2670 3206 2722 τὰ
3255 2667 3644 2734 ἐπηγγελμένα
3675 2666 3726 2714 ἐν

2162 2771 2373 2824 ἐλπίσιν
2427 2769 2532 2839 ἢδη
2585 2766 3032 2836 ἀναμφιλέκτοις,
3075 2762 3304 2831 τάχιστα
3333 2753 3729 2826 ἐπεραίνετόοί

2163 2862 2247 2932 ἐφ’
2273 2859 2354 2923 οἷς
2379 2859 2657 2929 ἐμισθώθη
2679 2875 2692 2889 ·
2725 2856 2818 2910 καὶ
2847 2851 2910 2926 ἦν
2957 2853 3105 2922 αὐτῷ
3145 2847 3566 2916 συλλειτουργὺς
3601 2845 3726 2914 ἡδὺς

2175 2951 2424 3014 Ἀλανίας
2449 2952 2507 3002 ἐν
2527 2950 2741 3020 ἑορταῖς
2759 2965 2820 3000 τε
2840 2946 2936 2999 καὶ
2959 2941 3333 3013 πανηγύρεσιν
3362 2941 3455 2991 καὶ
3480 2938 3727 3004 σύνεδρος

494 3031 819 3098 conjunctus
873 3039 992 3084 erat
1041 3031 1358 3098 prOperavit
1403 3038 1460 3083 et
1502 3029 1692 3084 eadem
1725 3043 1848 3098 quae
1899 3038 2058 3082 antea

2165 3047 2221 3100 ἐν
2251 3047 2364 3107 τοῖς
2423 3043 2545 3096 καθ’
2593 3041 2806 3112 ἡμέραν
2857 3037 3225 3107 ψηφίσμασιν.
3290 3033 3445 3084 Ἐπεὶ
3491 3031 3537 3082 δ’
3574 3031 3600 3080 ὸ
3635 3028 3728 3094 μὲν

494 3119 637 3188 apud
670 3119 1036 3184 Philotheum,
1075 3132 1222 3172 nunc
1248 3119 1388 3188 apud
1423 3119 1576 3172 illum
1603 3120 1826 3174 crimina
1857 3120 1910 3172 in
1936 3119 2058 3172 Ala-

495 3228 640 3264 mam
677 3213 923 3279 protulit,
957 3211 1228 3280 simulque
1260 3209 1583 3265 utAlamam
1615 3213 1744 3267 sede
1795 3227 1896 3264 sua
1949 3226 2062 3263 mo-

495 3311 644 3354 verct
673 3309 727 3352 et
761 3301 867 3354 sibi
904 3315 1024 3354 eam
1057 3300 1387 3356 concederet
1421 3302 1656 3369 rogavit.
1691 3299 1854 3370 534
1897 3297 2066 3352 Calli-

496 3403 616 3446 stus
667 3393 831 3462 igitur
861 3393 1021 3448 donis
1061 3395 1361 3464 perductus
1383 3432 1398 3458 ,
1431 3395 1584 3446 illum
1611 3392 1754 3463 juris
1784 3401 1837 3446 et
1863 3391 2062 3461 judicii

497 3498 594 3552 per
628 3483 806 3554 fugam
845 3483 1257 3556 detrectationis
1287 3486 1466 3553 arguit
1493 3493 1548 3538 ct
1579 3483 1798 3538 nomine
1831 3484 1934 3538 sibi
1972 3497 2062 3536 co-

495 3587 717 3646 gnatum
766 3576 1050 3632 Callistum
1109 3561 1486 3632 successorem.
1545 3575 1850 3646 designavit
1898 3583 1954 3629 et
2007 3575 2060 3628 in

498 3669 782 3737 Symconis
831 3669 1086 3724 thronum
1141 3667 1310 3720 misit.
1365 3668 1554 3738 Itaque
1607 3667 1700 3721 ille
1754 3667 2062 3720 fortunatus

496 3759 747 3814 celeriter
813 3759 868 3814 in
928 3757 1173 3828 Alaniam
1226 3773 1479 3814 reversus
1529 3767 1614 3812 est
1665 3768 1720 3812 et
1759 3758 1878 3812 sine
1912 3772 2061 3812 mora

496 3851 860 3920 episcopalem
909 3850 1224 3904 cathedram
1257 3849 1542 3919 ingressus
1579 3851 1905 3920 Symeonem
1937 3864 2061 3904 cum

499 3943 720 3996 infantia
744 3957 806 3995 ca
841 3943 1024 4012 ejecit.
1057 3941 1107 3996 ls
1127 3956 1256 3994 vero
1291 3939 1607 4009 Byzantium
1637 3941 1819 3992 statim
1848 3955 1907 3992 se
1930 3955 2064 3992 con-

498 4035 620 4089 tulit
654 4043 708 4088 ct
741 4049 932 4087 omnes
961 4015 1262 4104 implorans
1293 4031 1430 4086 adiit
1465 4031 1754 4099 episcopos
1799 4038 1854 4082 et
1883 4029 2064 4084 senio-

497 4107 585 4178 res
633 4133 689 4178 et
745 4123 999 4193 injustam
1055 4124 1140 4176 sui
1177 4123 1688 4176 condemnationem
1739 4118 2059 4188 divulgavit.

497 4217 673 4270 Etiam
725 4216 1025 4269 manifesta:
1077 4223 1394 4269 sanctorum
1455 4228 1724 4267 canonum
1780 4220 1836 4266 et
1885 4211 2063 4280 legum

497 4308 793 4374 eversionis
825 4305 1106 4361 Callistum
1139 4304 1403 4374 coarguit.
1439 4301 1593 4370 Quod
1625 4317 1748 4356 cum
1782 4301 1854 4354 ita
1885 4301 2061 4370 palam

2167 3137 2350 3207 ἀπῄει,
2385 3137 2452 3188 τὰ
2494 3135 2537 3186 δ’
2583 3129 2970 3201 ἐπηγγελμένα
2999 3127 3165 3196 λήθης
3219 3122 3400 3193 βυθοῐς
3450 3121 3729 3188 παρεπέμ-

2167 3247 2320 3296 πετο,
2358 3227 2678 3294 αίσθόμενος
2705 3225 2732 3277 ὁ
2774 3223 2904 3292 πρὶν
2939 3222 3142 3280 ἐκεῖνος
3171 3219 3504 3286 κατήγορος,
3535 3211 3734 3264 Κάλεὶςτο

2170 3337 2291 3383 στος
2319 3319 2508 3387 ὄνομα,
2537 3317 2766 3384 ἀφίκετο
2798 3313 2947 3384 πάσῃ
2979 3313 3181 3381 σπουδῇ
3213 3310 3528 3379 βριθούσαις
3565 3302 3730 3356 παλά-

2169 3427 2298 3477 μαις
2331 3408 2536 3460 ἐκεῖθεν
2594 3406 2744 3476 παρὰ
2799 3407 2888 3457 τὸν
2952 3403 3239 3470 ὁμώνυμον
3291 3400 3384 3451 καὶ
3432 3398 3732 3467 ὁμοτροπον

2171 3502 2485 3564 Κάλλιστον,
2511 3498 2576 3560 ἃς
2603 3495 2914 3563 ἐκεκομίκει
2945 3493 3206 3561 πρότερον
3236 3489 3498 3558 Φιλοθέῳ,
3527 3487 3618 3540 καὶ
3641 3485 3730 3536 νῦν

2169 3591 2406 3662 κομίζων
2441 3588 2770 3658 κατηγορίας
2819 3587 2960 3638 κατὰ
3015 3583 3108 3636 τοῦ
3173 3579 3447 3643 Ἀλανίας,
3501 3579 3592 3630 καὶ
3623 3575 3730 3642 ἅμα

2167 3685 2267 3755 τήν
2303 3701 2363 3737 τε
2415 3682 2624 3736 ἐκείνου
2659 3678 2838 3748 ζητῶν
2871 3676 3194 3744 καθαίρεσιν
3233 3663 3326 3726 καί
3357 3674 3462 3740 τὴν
3500 3668 3592 3724 τοῦ
3617 3665 3732 3734 θρό-

2170 3793 2260 3829 νου
2313 3773 2632 3844 μετάληψιν.
2698 3771 2776 3839 Τῇ
2805 3763 2896 3821 οὖν
2957 3767 3201 3836 παρολκῇ
3253 3765 3362 3816 τῶν
3428 3760 3732 3829 λημμάτιον

2169 3865 2566 3936 παρελκυσθεὶς
2619 3867 2646 3917 ὁ
2698 3861 2996 3922 Κάλλιστος
3046 3855 3360 3926 φυγοδικίας
3417 3871 3476 3904 τε
3533 3852 3731 3902 ἐκεῖνον

2168 3955 2376 4007 ἀπόντα
2432 3947 2804 4010 καταδικάζει,
2855 3947 2949 3998 καὶ
2978 3945 3067 3997 τὸν
3121 3943 3414 4010 ὁμώνυμον
3440 3937 3733 3990 Κάλλιστον

2170 4045 2248 4104 εἰς
2271 4041 2360 4094 τὸν
2399 4039 2490 4092 τοῦ
2520 4035 2744 4106 Συμεὼν
2771 4033 2958 4104 θρόνον
3016 4030 3292 4098 ἐκπέμπει
3325 4025 3730 4095 χειροτονήσας.

2171 4132 2326 4188 Οὕτω
2354 4147 2416 4197 γε
2449 4129 2552 4199 μὴν
2612 4125 2813 4194 εὐτυχῆ
2854 4124 2946 4176 καὶ
2979 4124 3199 4191 ταχεῖαν
3249 4121 3276 4171 ὁ
3301 4119 3559 4184 δεύτερος
3585 4109 3730 4170 οὗτος

2169 4225 2269 4295 τὴν
2307 4225 2364 4286 ἐς
2427 4219 2678 4274 Ἀλανίαν
2715 4215 2972 4268 ἐπάνοδον
3003 4211 3393 4281 ποιησάμενος,
3447 4209 3544 4260 καὶ
3567 4205 3731 4264 οὕτως

2171 4318 2330 4370 ὢνιον
2368 4316 2429 4368 ἐκ
2453 4310 2544 4364 τοῦ
2579 4311 2773 4380 ῥᾴστου
2805 4307 2902 4377 τὴν
2937 4305 3030 4358 τοῦ
3062 4302 3329 4372 προτέρου
3351 4297 3732 4362 διαδεξάμενος

497 4397 773 4465 vulgatum
805 4403 970 4458 esset,
1000 4394 1214 4464 injuria:
1242 4407 1296 4448 ct
1345 4393 1608 4462 improbre
1645 4401 1702 4446 et
1731 4391 2061 4446 detestanda:

2169 4404 2560 4477 ἀρχιερατικὴν
2613 4401 2903 4466 καθέδραν,
2959 4399 3168 4460 ἀτίμως
3221 4391 3432 4445 ἐκεῖθεν
3464 4388 3734 4477 ἐκπέμπει

501 4489 576 4540 rei
613 4488 753 4540 fama
787 4486 952 4554 etiam
983 4485 1050 4539 ad
1089 4501 1268 4554 regem
1306 4487 1580 4553 pervenit,
1633 4485 1726 4554 qui
1771 4485 1886 4554 ipse
1921 4497 2066 4536 nunc

501 4577 738 4647 linguam
767 4593 919 4629 suam
953 4575 1188 4644 amplius
1227 4591 1332 4630 nun
1370 4576 1566 4644 tenuit,
1600 4576 1692 4630 sed
1717 4575 1792 4629 rei
1830 4574 2068 4629 temeri-

501 4684 612 4727 tate
643 4688 780 4740 pene
807 4671 1226 4740 obstupefactus
1277 4673 1388 4726 lucc
1421 4689 1484 4728 ex
1519 4674 1704 4726 animo
1745 4671 2069 4739 patriarchae

502 4765 754 4832 scripsit:
817 4763 902 4817 «Si
957 4779 1085 4816 vera
1135 4773 1291 4816 erant
1325 4781 1445 4832 qua:
1493 4774 1650 4818 antea
1690 4761 2068 4816 referebantur

503 4855 754 4918 rrimiua,
785 4868 883 4908 cur
915 4869 1038 4910 cum
1073 4853 1318 4907 audisses
1343 4871 1448 4906 non
1499 4854 1750 4922 repuliSli
1782 4869 1936 4918 eum,
1971 4853 2068 4906 sed

503 4946 764 5012 milcgam
804 4954 958 4998 tuum
1013 4943 1236 4998 fecisti?
1291 4943 1344 4995 Si
1398 4959 1527 4996 vero
1582 4944 1737 5006 falsa,
1801 4958 1900 4996 cur
1961 4951 2072 4994 tam

505 5053 732 5106 propera
769 5037 1091 5108 expulsione
1125 5037 1448 5089 removisti?
1491 5045 1568 5098 et,
1595 5035 1738 5102 quod
1775 5034 2073 5102 iujustissi-

505 5143 654 5180 mum
684 5138 788 5192 est,
835 5145 1010 5198 neque
1037 5129 1144 5182 ullo
1173 5127 1333 5182 modo
1367 5127 1616 5190 excusari
1649 5135 1849 5195 potest,
1896 5127 2072 5194 ipsum

509 5221 828 5274 absentem?
883 5219 1024 5286 Quin
1072 5203 1236 5274 etiam
1279 5222 1324 5274 si
1371 5219 1571 5276 licebat
1603 5234 1730 5272 eum
1779 5217 2074 5285 expellere,

511 5321 688 5365 tamen
733 5309 886 5364 nefas
926 5321 1307 5378 accusatorem
1341 5311 1394 5362 in
1428 5310 1548 5378 ejus
1575 5309 1760 5362 locum
1787 5322 2074 5360 successo-

508 5419 623 5474 rt-m
676 5418 882 5457 creare.
945 5402 1292 5474 Manifestum
1341 5417 1494 5470 ergo,
1549 5401 1702 5452 illum
1750 5397 2077 5466 episcopalis

509 5495 788 5564 dignitatis
814 5493 1096 5563 cupidum,
1122 5508 1184 5546 ex
1221 5492 1426 5560 invidia
1457 5492 1800 5546 fraudulenta
1840 5490 1991 5543 dolos
2025 5489 2076 5540 in

509 5603 634 5640 eum
669 5588 1039 5641 commolitum
1088 5600 1228 5639 esse.
1292 5583 1372 5637 Tu
1411 5600 1540 5638 vero
1591 5585 1706 5653 ipse
1736 5581 1893 5652 535
1927 5581 2081 5648 cupi-

514 5679 616 5744 dus
651 5679 798 5735 illius
845 5681 1244 5748 pecuniarum,
1299 5677 1714 5748 iniustissimam
1765 5686 1818 5728 et
1850 5675 2081 5748 maxime

2305 4471 2549 4562 Συμεών.
2619 4491 2725 4541 Καὶ
2759 4488 2816 4550 ὃς
2872 4490 2928 4548 ἐς
2975 4485 3267 4547 Βυζάντιον
3324 4471 3732 4548 ἐπιδεδημηκὼς

2169 4586 2386 4657 περιῄει
2431 4584 2637 4644 πάντας
2667 4579 3034 4646 ἐπιϐοώμενος
3085 4573 3418 4628 ἐπισκόπους
3447 4571 3540 4622 καὶ
3573 4580 3734 4634 πρεσ-

2171 4680 2452 4746 ϐυτέρους,
2481 4673 2576 4744 τὴν
2597 4673 2780 4726 ἄδικον
2809 4667 3003 4722 ἑαυτοῦ
3033 4665 3328 4734 καταδίκην
3353 4657 3731 4728 ἐκτραγῳδῶν,

2171 4768 2266 4818 καὶ
2295 4764 2392 4832 τὴν
2417 4761 2668 4829 προφανῆ
2706 4756 2814 4808 τῶν
2844 4755 3003 4823 ἱερῶν
3035 4752 3272 4804 κανόνων
3313 4750 3407 4801 καὶ
3437 4748 3616 4814 νόμων
3642 4757 3732 4794 κα·
3813 4753 3818 4756 ·

2172 4857 2394 4910 τὰλυσιν
2445 4850 2687 4920 ἐγκαλῶν
2743 4848 2818 4916 τῷ
2849 4845 3153 4912 Καλλίστῳ.
3203 4841 3361 4893 Οὕτω
3391 4839 3432 4890 δ’
3467 4835 3732 4890 ἐκπύστου

2175 4946 2460 5016 γεγονότος
2487 4944 2579 4994 τοῦ
2613 4939 2930 5008 παρανόμου
2985 4936 3076 4988 καὶ
3107 4936 3321 5002 ἀνιέρου
3379 4933 3470 4983 καὶ
3497 4942 3731 4996 μυσαρου

2177 5041 2521 5107 πράγματος.
2552 5033 2672 5084 οὐδὲ
2703 5030 2778 5098 τῷ
2812 5029 3015 5096 βασιλεῖ
3045 5025 3341 5092 τετύχηκεν
3373 5020 3588 5087 ἀνηκόῳ
3615 5013 3732 5063 τού-

2177 5148 2266 5182 του
2301 5125 2552 5194 γενέσθαι
2585 5125 2690 5174 οὐδ’
2717 5119 2979 5187 ἀφθόγγῳ
3009 5118 3186 5184 πάντη
3224 5116 3405 5182 μεῖναι
3438 5111 3535 5176 τὴν
3573 5105 3732 5172 γλῶτ-

2177 5241 2296 5283 ταν,
2369 5219 2482 5272 ἀλλ’
2541 5218 2597 5268 ἐν
2655 5213 2892 5280 θαύματι
2924 5213 2984 5262 τὸ
3012 5210 3266 5276 τόλμημα
3321 5201 3612 5272 πεποίηται
3647 5195 3731 5245 καὶ

2181 5309 2359 5370 αιζιτός.
2397 5309 2505 5359 Καὶ
2529 5303 2976 5369 ἀναλογιζόμενος
3011 5299 3162 5362 ἔλεγε
3200 5293 3331 5364 πρὸς
3362 5291 3450 5342 τὸν
3483 5299 3734 5354 πατριαρ-

2181 5417 2302 5470 χην,
2337 5417 2354 5448 ι
2385 5397 2446 5448 Εἰ
2486 5395 2584 5462 μὲν
2627 5391 2818 5458 ἰσχυρὰ
2845 5390 2910 5440 τὰ
2949 5389 3074 5456 πρῖ.)
3109 5382 3244 5456 ἦσαν
3285 5380 3620 5448 ἐγκλήματα.
3655 5371 3734 5420 5:1

2181 5489 2232 5540 τί
2284 5485 2532 5553 ἀκηκοὼς
2575 5483 2674 5532 οὐκ
2729 5477 3097 5544 ἀπεκρούσω,
3155 5471 3288 5525 ἀλλὰ
3335 5459 3728 5530 συλλειτουργὸν

2184 5577 2564 5644 ἐπεποιήκεις;
2619 5572 2667 5622 εἰ
2721 5571 2776 5621 δὲ
2827 5569 2902 5638 μὴ
2945 5567 3158 5637 ἰσχυρὰ,
3213 5563 3298 5614 διά
3351 5561 3401 5612 τί
3432 5555 3722 5622 καθαιρέσει

2189 5667 2492 5736 σπευδούοῃ
2543 5659 2927 5732 παρέπεμψας,
2975 5659 3068 5710 καὶ
3105 5658 3158 5706 τι]
3199 5671 3257 5720 γε
3294 5641 3718 5722 negabis-'71:“
