4134 6286
370 358 471 414 473

1289 355 1728 415 BYZANTINAE
1775 355 2163 415 lllSTOlil.E
2202 355 2352 416 Lll‘i.
2391 355 2684 418 XXXVII.

3498 354 3605 422 474

375 479 428 514 τε
467 464 562 512 καὶ
597 460 963 525 ἀτοπώτατον,
1003 463 1075 529 μὴ
1111 465 1407 531 παρόντας
1449 464 1508 515 [ἐξ
1540 464 1595 518 δὲ
1623 465 1716 518 καὶ
1747 463 1925 516 καθαι-

2048 463 2385 531 illegitimam
2418 463 2580 534 hujus
2607 463 2983 533 expulsionem
3033 464 3232 529 fecisti,
3293 473 3347 520 et
3385 473 3442 520 ut
3473 479 3599 521 cum

373 555 485 622 ρεῖν
520 550 682 603 αὑτὸν
731 551 876 618 ἐνῆν,
911 552 1027 604 ἀλλ’
1052 553 1114 604 οὐ
1149 553 1238 604 τὸν
1288 552 1452 605 αὑτοῦ
1482 557 1788 626 κατήγορον
1816 572 1928 624 χει-

369 645 604 711 ροτονεῖν
631 642 746 695 ἀντ’
785 642 948 695 αὑτοῦ
987 645 1109 695 κατ’
1138 643 1306 696 αὑτοῦ
1332 661 1346 675 ο
1371 643 1403 713 ἢ
1428 644 1586 712 δῆλον
1617 645 1691 708 ὡς
1722 647 1928 710 ἐκεῖνος

368 735 465 799 μὲν
497 734 592 803 τῆς
619 733 987 801 ὲπισκοπικῆς
1023 735 1196 803 ἀρχῆς
1230 737 1464 804 ἐραστὴς
1492 734 1732 803 γεγονὼς
1766 737 1927 804 ζηλο-

368 824 560 885 τυπίας
619 824 872 889 ἐκγόνους
924 824 1139 893 ψευδεῖς
1196 826 1498 894 συνέρῤαψε
1549 826 1756 892 δόλους,
1792 828 1854 879 σὺ
1881 826 1927 879 δ’

366 917 593 983 ἐραστὴς
617 916 708 967 καὶ
736 915 896 977 αὐτὸς
928 919 1204 975 καταστὰς
1247 918 1354 968 τῶν
1391 917 1600 969 ἐκείνου
1626 918 1927 988 χρημάτων

366 1006 702 1076 ἁδικωτάτην
731 1007 826 1058 καὶ
851 1005 995 1074 μάλα
1023 1007 1380 1074 ἀνομωτάτην
1407 1007 1648 1077 είργάσω
1681 1009 1780 1078 τὴν
1803 1008 1926 1061 τού-

365 1114 455 1147 του
503 1096 840 1165 καθαίρεσιν,
907 1097 998 1148 καὶ
1029 1096 1090 1148 τὸ
1140 1095 1233 1148 τοῦ
1274 1097 1436 1149 Δαόὶδ
1473 1097 1672 1162 εἰπεῖν,
1724 1098 1926 1152 λάκκον

365 1186 576 1253 ῶρυξας
605 1188 700 1237 καὶ
734 1186 923 1256 βόθρον
951 1183 1018 1258 [ί.
1048 1187 1153 1241 264
1185 1186 1237 1258 b]
1267 1187 1600 1257 ἀνέσκαψας,
1627 1191 1706 1252 είς
1739 1191 1797 1242 ὃν
1831 1193 1927 1260 ἐμ·-

368 1272 650 1325 πεσεῖσθαί
685 1289 744 1324 σε
799 1273 948 1337 ἀξιον
980 1276 1118 1328 κατὰ
1170 1277 1296 1336 τοὺς
1335 1275 1438 1327 τῶν
1491 1275 1649 1346 ἱερῶν
1689 1277 1925 1332 κανόνων

369 1366 456 1413 xz).
484 1363 662 1431 νόμων
709 1364 964 1432 θεσμοὺς,
1016 1367 1062 1417 εί
1100 1365 1176 1434 μὴ
1217 1366 1314 1434 τὴν
1361 1367 1664 1436 διόρθωσιν,
1697 1369 1744 1420 εί
1774 1368 1920 1438 ἐξείη

371 1469 466 1514 σοι,
497 1453 752 1521 δράσειας
779 1457 879 1522 τὴν
908 1456 1194 1525 ταχίστην,
1227 1458 1321 1509 καὶ
1345 1459 1371 1509 ό
1399 1457 1614 1526 τρώσας
1638 1459 1796 1520 αὐτὸς
1828 1461 1924 1511 καὶ

367 1544 460 1609 τὴν
511 1545 652 1594 ἴασιν
709 1545 1084 1612 ἁρμόττουσαν
1134 1549 1454 1615 ὲπαγάγοις.
1512 1550 1671 1618 Ὁρᾷς
1700 1552 1924 1618 γὰρκαὶ

364 1634 460 1700 τὴν
488 1634 593 1686 τῶν
625 1636 922 1705 ἀρχιερέων
954 1638 1132 1708 ὁρμὴν
1163 1642 1303 1693 κατὰ
1341 1640 1434 1692 σοῦ
1472 1645 1796 1711 κινουμένην
1833 1642 1924 1710 βα-

369 1726 535 1790 ρεῖαν,
569 1726 661 1778 καὶ
687 1727 897 1796 μακρὸν
930 1729 1020 1780 τὸν
1042 1729 1182 1800 ὑπὲρ
1230 1730 1330 1798 τῆς
1362 1732 1668 1795 ὑποθέσεως
1699 1733 1926 1800 θόρυϐον

2034 553 2238 606 Davide
2288 553 2512 622 loquar,
2547 553 2840 609 cisternam
2873 555 3076 622 parasti
3103 562 3159 609 et
3209 554 3422 610 foveam
3467 555 3604 610 eﬂ‘o—

2031 643 2158 698 disti
2191 645 2244 696 in
2275 659 2439 713 quam
2471 644 2667 715 dignus
2697 660 2756 699 es
2788 646 2902 713 ipse
2933 647 3024 715 qui
3053 645 3358 716 dejiciaris,
3396 660 3597 700 secun-

2031 735 2160 788 dum
2197 745 2510 790 sanctorum
2539 750 2808 792 canonum
2842 747 2897 792 et
2922 739 3098 807 legum
3152 746 3444 807 prmcepta,
3493 737 3597 791 nisi

2032 841 2194 896 quam
2228 827 2513 881 celerrime
2545 828 2947 883 restitutionem
2975 831 3024 884 ei
3058 829 3360 898 paraveris,
3399 836 3456 882 et
3487 829 3600 896 ipse
3639 876 3650 882 -

2033 916 2127 983 qui
2162 918 2362 970 vulnus
2406 918 2652 974 indixisti
2701 921 3028 975 medicinam
3058 928 3239 990 aptam
3269 919 3598 990 prtebueris.

2031 1004 2195 1059 Vides
2228 1007 2373 1059 enim
2431 1009 2807 1076 episcoporum
2855 1009 2909 1063 in
2957 1017 3008 1063 te
3059 1010 3265 1063 moveri
3309 1008 3600 1071 odium,et

2030 1109 2282 1163 maguum
2314 1108 2536 1166 pr0pter
2568 1113 2784 1152 causam
2827 1108 2974 1152 tuam
3014 1100 3307 1153 tumultum
3337 1097 3602 1152 continuo

2029 1186 2258 1239 auribus
2293 1189 2428 1242 meis
2460 1188 2704 1242 advolvi.
2780 1189 2983 1242 Contra
3025 1204 3146 1257 quae
3186 1203 3307 1258 ego,
3344 1198 3403 1240 ut
3444 1188 3599 1240 obte-

2027 1289 2226 1348 gantur
2254 1288 2310 1333 et
2339 1281 2597 1333 liniantur
2625 1280 2852 1334 crimina
2885 1288 3002 1342 tua,
3029 1280 3314 1334 obvertere
3342 1292 3412 1330 ne
3435 1278 3598 1328 mini-

2028 1382 2176 1420 mum
2208 1367 2426 1435 quidem
2471 1370 2645 1433 valeo,
2675 1369 2749 1422 illi
2806 1383 2934 1422 vero
2981 1384 3093 1422 non
3132 1369 3307 1422 solum
3357 1383 3597 1435 praesens

2026 1456 2157 1511 illud
2187 1459 2560 1520 commissum,
2605 1460 2698 1513 sed
2727 1460 2888 1513 etiam
2925 1458 3027 1511 alia
3076 1459 3246 1511 multa
3292 1456 3509 1510 diversa
3541 1463 3596 1507 et

2025 1550 2206 1616 gravia
2261 1559 2452 1601 contra
2515 1559 2566 1603 te
2617 1550 2670 1602 in
2719 1560 2972 1618 promptu
3037 1549 3260 1602 habent.
3342 1546 3591 1610 Quorum

2030 1653 2196 1690 unum
2234 1640 2493 1707 quodque
2550 1640 2743 1694 dicunt
2799 1641 2932 1695 satis
2963 1653 3083 1693 esse
3113 1637 3181 1692 ad
3219 1647 3365 1691 tuam
3403 1634 3596 1704 expul-

2029 1727 2261 1781 sionem.
2321 1729 2466 1782 Idem
2497 1731 2734 1784 clamant
2783 1746 2977 1785 omnes
3021 1730 3193 1784 sancti
3238 1741 3478 1782 canones
3527 1742 3598 1780 ne

365 1818 478 1876 ταῖς
507 1818 664 1882 ἐμαῖς
705 1819 968 1888 διηνεκῶς
1022 1821 1210 1884 ἀκοαῖς
1262 1822 1632 1876 ἔπαντλοῦσαν
1657 1839 1671 1853 ’
1726 1819 1804 1884 οἷς
1838 1825 1925 1876 καὶ

2037 1818 2145 1871 vim
2175 1835 2328 1872 suam
2357 1823 2631 1875 amittant.
2687 1822 2808 1876 llzec
2840 1838 2969 1891 ergo
3019 1821 3203 1875 omnia
3234 1835 3359 1874 cum
3397 1819 3471 1872 ita
3501 1833 3599 1886 per

369 1903 728 1962 προϐαλέσθαι
769 1906 978 1959 δίκαιόν
1036 1925 1088 1960 τι
1139 1911 1275 1978 πρὸς
1333 1909 1765 1976 ἀντιπαράταξιν
1831 1912 1927 1964 καὶ

367 1991 517 2061 λῆξιν
543 1993 651 2048 τῶν
685 1994 767 2047 σοί
791 1995 838 2062 γ’
871 1996 1312 2066 ἐγκεκλημένων.
1363 1999 1510 2068 Ἐχω
1535 1999 1632 2068 μὲν
1658 2001 1768 2052 τῶν
1792 2002 1925 2054 πάν-

365 2099 470 2135 των
502 2085 655 2138 οὐδὲν
684 2087 865 2151 αὐτὸς,
897 2088 1079 2156 ἔχουσι
1105 2088 1152 2141 δ’
1181 2088 1333 2142 αὐτοὶ
1356 2091 1430 2160 μὴ
1455 2091 1615 2160 μόνον
1642 2095 1703 2143 τὸ
1728 2093 1926 2160 παρὸν,

2030 1908 2229 1962 famam
2257 1909 2460 1978 ubique
2515 1911 2884 1978 divulgeutur,
2915 1919 2967 1964 et
3002 1924 3096 1962 ora
3147 1909 3508 1977 malignorum
3543 1908 3597 1959 in

2033 2011 2087 2058 te
2123 2007 2390 2074 aperiant,
2419 2021 2525 2059 non
2560 2006 2909 2060 mediocriter
2942 2020 3028 2060 me
3063 2003 3308 2073 aﬂligunt
3333 2012 3387 2058 et
3412 2002 3599 2057 dolore

2031 2095 2272 2149 alliciunt
2303 2097 2547 2150 animum
2586 2112 2822 2151 meum.»

364 2179 497 2230 ἀλλὰ
552 2181 645 2232 καὶ
699 2180 846 2233 πόλλ’
893 2183 1056 2250 ἔτερα
1106 2181 1366 2253 πολυειδῆ
1396 2201 1455 2237 τε
1507 2185 1599 2238 καὶ
1625 2181 1916 2255 ὴλίκα,ῑῶν
1954 2189 2185 2242 ἕκαστον
2242 2192 2546 2260 ἀποχρῆναι
2607 2209 2771 2260 φασιν
2800 2192 2879 2253 εἰς
2909 2191 3228 2262 καθαίρεσιν
3253 2189 3370 2260 σὴν,
3395 2187 3598 2255 ὁμοίιος

363 2269 799 2339 ὲπιϐοσκομένων
849 2273 1104 2327 ἁπάντων
1185 2275 1282 2342 τῆς
1323 2275 1433 2328 τῶν
1501 2277 1661 2345 ἱερῶν
1706 2278 1944 2330 κανόνων
1983 2282 2168 2349 χρείας
2200 2282 2298 2350 τὴν
2331 2282 2480 2348 ὥραν
2502 2299 2514 2313 ·
2548 2281 2690 2352 ᾇπερ
2743 2282 2808 2352 δῂ
2836 2283 2927 2335 καὶ
2958 2282 3074 2345 πῶς
3108 2283 3174 2335 ἂν
3232 2281 3446 2346 εἴποιμι
3479 2279 3598 2329 δια-

365 2357 732 2429 θρυλλούμενα
751 2364 998 2432 πανταχῆ
1017 2364 1109 2418 καὶ
1135 2365 1383 2432 γλώττας
1429 2370 1777 2436 χαιρεκάκων
1833 2370 2116 2440 ἀνοίγοντα
2146 2349 2288 2426 κατᾶ
2349 2373 2447 2442 τῆς
2518 2373 2617 2442 σῆς
2659 2349 2929 2442 κεφαλῆς,
2981 2372 3040 2426 οὐ
3077 2369 3294 2442 μικρῶς
3336 2369 3600 2422 ἁποκνὰει

367 2456 456 2506 καὶ
485 2450 613 2526 ἀνιᾷ
647 2475 750 2526 μου
781 2460 843 2511 τὸ
872 2459 1222 2529 λογιζόμενον
1253 2461 1356 2529 τῆς
1389 2459 1588 2530 ψυχῆς.
1631 2479 1650 2513 ι

434 2549 508 2604 Δ’.
538 2549 680 2619 Πρὸς
707 2550 879 2603 ταῦτα
906 2552 935 2603 ό
965 2552 1261 2618 Κάλλιστος
1291 2553 1718 2622 διαπορούμενός
1748 2573 1806 2607 τε
1829 2558 1923 2609 καὶ

364 2636 481 2690 λίαν
537 2641 834 2711 ἀχθόμενος
883 2644 974 2696 ἐπὶ
1021 2647 1235 2698 πλείοσι
1299 2645 1637 2708 καθ’-αὐτὸν,
1680 2647 1773 2700 καὶ
1810 2649 1924 2699 ὅσοι

369 2731 502 2797 ἀμφ’
541 2734 702 2786 αὐτὸν
739 2735 1086 2800 οἰκειότατοι,
1140 2736 1492 2789 διεσκέπτετο
1556 2737 1923 2808 νυχθημὲροις

366 2821 425 2873 τὸ
455 2823 728 2891 ποιητέον,
763 2825 858 2878 καὶ
913 2825 1060 2880 δυοῖν
1118 2827 1284 2896 μέσος
1340 2827 1589 2896 ἐγίγνετο
1623 2829 1920 2898 λογισμῶν,

368 2913 608 2980 χειμῶνα
631 2917 724 2968 καὶ
742 2913 913 2984 ζάλην
933 2919 991 2969 οὑ
1021 2917 1163 2971 πάνυ
1202 2917 1406 2987 μικρὰν
1430 2919 1762 2973 ἀνιστάντων
1782 2921 1924 2974 κατὰ

366 3004 458 3068 τῆς
495 3003 760 3073 σκέψεως.
793 3006 987 3074 Ἔλεγε
1014 3006 1122 3078 γὰρ
1153 3007 1228 3070 ὡς
1250 3008 1342 3061 δύο
1370 3009 1769 3077 μητροπολίτας
1793 3013 1924 3079 μιᾶς

2101 2553 2188 2608 IV.
2243 2555 2324 2608 Ad
2378 2554 2492 2608 haec
2529 2552 2788 2608 Callistus
2827 2567 2950 2606 cum
3007 2551 3062 2604 in
3123 2549 3336 2605 consilii
3372 2551 3600 2618 penuria

2033 2657 2342 2701 versaretur
2369 2655 2424 2700 et
2455 2646 2812 2700 vehementer
2845 2645 3210 2699 coutristatus
3255 2651 3424 2707 esset,
3460 2645 3601 2696 mul-

2031 2747 2142 2791 tum
2177 2738 2271 2792 diu
2303 2745 2578 2804 noctuque
2602 2735 2742 2804 apud
2770 2750 2828 2790 se
2853 2745 2908 2790 et
2935 2749 3058 2789 cum
3087 2734 3341 2787 omnibus
3367 2732 3599 2786 familia-

2029 2829 2184 2882 ribus
2219 2827 2334 2882 suis
2372 2826 2555 2880 animo
2607 2826 2860 2879 volvebat
2888 2825 3016 2894 quid
3062 2823 3269 2878 faceret
3299 2843 3312 2888 ;
3360 2823 3536 2877 donec
3568 2841 3599 2877 e

2029 2917 2243 2972 duobus
2269 2915 2512 2970 consiliis
2540 2929 2662 2983 quae
2692 2929 2798 2969 non
2831 2913 3168 2968 mediocrem
3201 2912 3507 2980 procellam
3544 2921 3600 2965 et

2030 3013 2411 3076 tempestatem
2453 3005 2508 3059 in
2541 3003 2978 3060 consideratione
3007 3002 3172 3074 536
3198 3017 3384 3057 secum
3426 3003 3600 3057 adduo

370 3097 752 3162 μητροπόλεως
782 3093 923 3150 εἶναι
981 3100 1119 3169 μήτε
1170 3103 1280 3161 τοῖς
1321 3099 1430 3153 τῶν
1457 3100 1618 3152 θείων
1665 3101 1924 3170 Πατέρων

2031 3107 2238 3160 xerant,
2271 3111 2438 3150 unum
2478 3093 2672 3150 melius
2723 3095 2896 3147 visum
2944 3101 3045 3146 est.
3081 3091 3385 3160 ReSpondit
3414 3092 3596 3145 enim:

369 3188 554 3238 κανόσι
583 3189 674 3240 καὶ
693 3189 875 3257 νόμοις
897 3191 1368 3261 συγκεχωρῆσθαι,
1399 3194 1535 3260 μήτε
1556 3195 1622 3260 τῇ
1643 3195 1796 3261 κοινῇ
1815 3193 1924 3245 τῶν

368 3277 575 3330 πολλῶν
611 3279 868 3351 συνηθείᾳ
915 3282 1403 3352 προκατειλῆφθαι,
1437 3282 1552 3335 ἀλλ’
1583 3278 1726 3334 εἶναι
1758 3282 1926 3334 καθά.-

367 3368 471 3430 παξ
497 3368 784 3422 ἀλλόκοτόν
822 3387 874 3423 τι
911 3372 1099 3441 χρῆμα
1132 3374 1225 3424 καὶ⁵
1259 3373 1400 3425 πάνυ
1433 3390 1488 3424 τε
1501 3372 1926 3440 ρατωδέστατον,

367 3461 462 3528 τὴν
488 3461 595 3513 τῶν
626 3461 829 3530 πατρίν
857 3463 1148 3532 αίσχωρῶς
1204 3461 1606 3532 ἀφαιρούμενον
1649 3462 1925 3532 πρόνοιαν.

369 3555 426 3607 Εί
448 3553 543 3608 οὖν
570 3556 658 3607 τὸν
697 3555 986 3624 ὁμώνυμον
1041 3553 1360 3617 καθελόντες
1403 3555 1502 3624 τῆς
1537 3553 1694 3618 ἀξίας
1728 3548 1930 3608 Καλλι-

367 3665 508 3713 στον,
534 3646 627 3699 τὸν
657 3646 948 3716 Συμεώνην
974 3645 1455 3715 ἁντεισαγάγωμεν
1477 3645 1654 3710 αὖθις,
1677 3646 1928 3713 ἀφίξεται

369 3739 464 3809 τὴν
519 3737 780 3808 ταχίστην
840 3736 1124 3788 καταϐοῶν
1184 3737 1389 3799 ἐκεῖνος
1433 3737 1528 3789 καὶ
1580 3738 1929 3806 κατατρέχων

366 3833 531 3902 ἡμᾶς,
593 3831 683 3883 καὶ
728 3829 974 3882 ἁπαιτῶν
1013 3829 1154 3899 ἅπερ
1211 3830 1344 3898 ἡμῖν
1375 3827 1624 3881 ἐδεδώκει
1654 3828 1802 3894 δῶρα
1830 3829 1928 3896 τῆς

363 3923 750 3993 ἀρχιερατικῆς
796 3921 952 3987 ἀξίας
1003 3921 1166 3972 ἕνεκα
1215 3920 1428 3982 πάντα,
1482 3920 1550 3971 δι’
1601 3919 1740 3971 ὅσων
1764 3919 1928 3981 αὐτὸς

366 4017 589 4086 ἐπρίατο
618 4015 717 4084 τὴν
777 4013 1130 4082 μητρόπολιν.
1179 4014 1244 4066 Ὃ
1287 4012 1352 4082 δὴ
1378 4012 1590 4064 πολλῶν
1621 4011 1788 4078 ξιφῶν
1817 4012 1930 4082 δρι-

366 4107 626 4174 μυτέραν,
671 4103 808 4173 μετὰ
840 4103 982 4154 πάνυ
1022 4102 1240 4170 μακρᾶς
1287 4101 1378 4170 τῆς
1404 4099 1686 4169 αἰσχύνης,
1723 4101 1790 4168 τῇ
1821 4101 1928 4168 ἐμῇ

367 4198 578 4266 κομίζει
607 4197 752 4264 ψυχῇ
775 4195 872 4254 τὴν
905 4192 1100 4263 ὀδύνην
1126 4210 1138 4224 ·
1175 4195 1224 4246 οἱ
1255 4192 1364 4262 γὰρ
1396 4192 1489 4244 καὶ
1521 4191 1654 4260 πρὶν
1685 4193 1765 4252 είς
1814 4192 1929 4255 ἐξέ-

363 4311 517 4347 τασιν
553 4293 690 4344 ἰέναι
725 4292 822 4352 τὰς
846 4291 986 4357 ἐμὰς
1017 4288 1171 4349 δίκας
1205 4286 1301 4338 καὶ
1328 4288 1455 4354 πρὶν
1477 4283 1928 4350 ἀνακαλυφθῆναι

363 4388 430 4439 τε
460 4383 854 4455 προτεινόμενα
882 4381 1007 4433 καθ’
1030 4383 1182 4448 ἡμῶν
1205 4378 1530 4445 ἐγκλήματα
1558 4374 1770 4442 πικρῶς
1793 4375 1927 4442 ἡμῖν

2037 3188 2122 3243 ιδί
2173 3188 2282 3241 duo
2329 3195 2496 3240 erunt
2544 3200 2650 3239 una
2695 3186 2750 3238 in
2787 3184 3081 3251 metropoli
3117 3183 3500 3251 metropolitae,
3543 3183 3596 3235 id

2029 3293 2207 3346 neque
2230 3285 2543 3331 sanctorum
2568 3273 2788 3330 Patrium
2811 3276 3112 3330 canonibus
3141 3283 3198 3328 et
3229 3275 3442 3343 legibus
3468 3290 3601 3328 con-

2030 3369 2201 3430 venit,
2255 3384 2431 3436 neque
2483 3377 2745 3423 consueto
2795 3381 2948 3422 more
3001 3368 3312 3421 institutqu
3348 3377 3468 3427 est,
3503 3365 3598 3419 sed

2030 3462 2196 3514 alicui
2244 3461 2504 3529 quiddam
2545 3460 2710 3515 habet
2753 3470 2809 3514 et
2842 3475 3072 3529 prorsus
3104 3460 3251 3525 miri,
3275 3468 3330 3513 et
3366 3459 3600 3528 turpiter

2029 3551 2211 3607 aufert
2257 3552 2479 3607 Patrum
2531 3553 2888 3607 voluntatem.
2959 3551 3081 3606 Jam
3126 3566 3260 3605 vero
3295 3552 3340 3604 si
3381 3550 3602 3604 nomine

2031 3647 2192 3700 nobis
2243 3657 2534 3715 cognatum
2599 3646 2884 3701 Callistum
2937 3645 3314 3713 expulerimus
3371 3659 3601 3698 munere

2029 3752 2148 3798 suo,
2177 3745 2231 3790 et
2261 3736 2586 3806 Symeonem
2620 3750 2811 3790 rursus
2833 3735 3258 3799 restituerimus,
3291 3733 3474 3789 statim
3508 3735 3601 3788 ille

2030 3842 2154 3880 cum
2181 3827 2423 3881 clamore
2455 3827 2521 3879 ad
2555 3843 2653 3880 nos
2687 3825 3007 3894 properabit
3040 3839 3248 3894 nosque
3279 3825 3502 3878 vexabit
3546 3835 3600 3877 et

2035 3927 2288 3986 reposcet
2323 3919 2465 3971 dona
2496 3932 2616 3985 qua:
2645 3918 2806 3971 nobis
2836 3917 2988 3970 dedit
3020 3932 3118 3984 pro
3149 3916 3442 3984 episcopali
3475 3931 3595 3968 mu-

2032 4023 2164 4061 nere
2216 4016 2414 4062 cuncta
2468 4007 2670 4076 quibus
2720 4006 3066 4074 metrOpolim
3111 4006 3216 4059 sibi
3264 4008 3417 4060 emit.
3485 4005 3600 4058 Hoc

2032 4111 2214 4154 autem
2243 4099 2491 4152 dolorem
2525 4097 2712 4152 multis
2738 4097 2934 4166 gladiis
2961 4097 3231 4151 acriorem
3262 4113 3368 4149 una
3405 4112 3602 4164 magna

2032 4206 2156 4244 cum
2187 4189 2409 4244 infamia
2433 4189 2568 4247 mihi
2602 4189 2836 4258 parabit.
2868 4187 3000 4240 Nam
3027 4187 3268 4256 episcopi
3295 4188 3385 4255 qui
3420 4188 3597 4256 prius-

2031 4296 2195 4349 quam
2227 4280 2294 4334 ad
2323 4279 2686 4335 examinanda
2719 4281 2950 4334 crimina
2986 4287 3117 4333 eaut
3140 4291 3195 4332 et
3232 4286 3481 4347 relegant
3511 4294 3598 4340 ca,

2034 4375 2301 4428 acerrime
2354 4373 2409 4427 in
2435 4388 2520 4426 mc
2563 4372 2823 4426 dentibus
2872 4372 3151 4436 frendunt,
3203 4370 3368 4423 etiam
3417 4369 3606 4438 plures.

365 4479 650 4546 ἐμϐάλλειν
677 4475 878 4528 οὑτωσὶ
910 4473 1034 4533 τοὺς
1059 4471 1280 4532 ὀδόντας
1323 4467 1671 4530 ἀπειλοῦντες
1701 4467 1924 4519 ἐπίσκοσ-

2045 4478 2214 4516 novas
2245 4463 2489 4517 maculas
2535 4462 2667 4516 mihi
2718 4462 2960 4533 obiicere
2989 4471 3206 4527 curant,
3257 4460 3602 4528 impietatem

367 4591 474 4637 ποι,
500 4573 594 4624 καὶ
619 4575 668 4620 οἱ
702 4566 918 4636 μείζους
942 4565 1048 4616 τῶν
1072 4562 1506 4632 προτεινομένων
1535 4561 1615 4612 ἔτι
1655 4559 1928 4627 μελετῶν-

366 4680 452 4723 τες
487 4659 768 4728 ἐπιφέρειν
823 4654 1107 4721 λοιδορίας,
1165 4649 1419 4702 ἀσέὸειαν
1468 4650 1564 4716 οὐχ
1593 4647 1770 4714 ἁπλῆν
1806 4663 1926 4698 τινα

368 4757 457 4806 καὶ
487 4738 755 4822 μονοειδῆ,
787 4747 920 4799 ἀλλα
951 4741 1204 4811 ποικίλην
1230 4760 1287 4793 τε
1329 4742 1420 4793 καὶ
1453 4739 1587 4792 πολὺ
1616 4737 1922 4807 προϐαλλο-

374 4843 541 4911 μένην
574 4839 634 4911 [Γ.
661 4839 766 4892 265
795 4835 850 4904 al
891 4835 949 4888 τὸ
1009 4835 1298 4902 ἀφόρητον,
1340 4833 1483 4892 τίνος
1526 4828 1590 4880 ἂν
1645 4828 1926 4895 φείσαιντο

368 4935 610 5001 γλώττης
656 4931 736 4992 εἰς
784 4929 898 4997 φῶς
952 4924 1312 4995 προηγμένων
1367 4921 1478 4973 τῶν
1511 4919 1925 4988 θρυλλουμένων

375 5029 467 5094 μὲν
495 5024 677 5090 ἀξίως,
707 5022 764 5073 ὲν
792 5020 980 5087 νέφεσι
1037 5017 1080 5068 δ’
1128 5015 1256 5076 ἴσως
1313 5013 1407 5066 καὶ
1447 5011 1764 5079 δισταγμοῖς
1815 5026 1925 5060 τισι

372 5112 764 5184 κρυπτομένων
797 5109 876 5162 ἔτι
903 5127 916 5173 ;
981 5106 1120 5172 Ἐγὼ
1177 5104 1220 5156 δ’
1252 5105 1430 5156 ἐκεῖνο
1465 5100 1784 5169 τεθαύμακα
1815 5098 1923 5149 τῶν

374 5206 575 5259 σκαιῶν
599 5221 657 5256 τε
690 5205 782 5254 καὶ
819 5198 1184 5269 χαιρεκὰκων,
1227 5193 1343 5255 πῶς
1373 5193 1441 5246 τὰ
1489 5191 1692 5245 ἑαυτῶν
1724 5190 1925 5259 αἰσχρᾶ

372 5299 806 5368 παρατρέχοντες
829 5293 940 5354 τοῖς
970 5291 1120 5359 ἐμοῖς
1172 5287 1356 5346 ἀτενὲς
1407 5283 1634 5354 ἐνορῶσι
1689 5285 1782 5333 καὶ
1807 5283 1925 5344 ταῖς

373 5395 525 5460 ἐμαῖς
549 5388 936 5454 ἐπιγάννυνται
957 5381 1264 5450 λοιδορίαις,
1312 5378 1405 5428 καὶ
1436 5376 1672 5444 μάλιστα
1707 5376 1924 5426 πάντων

370 5483 469 5550 τὴν
519 5479 628 5532 τῶν
659 5473 1016 5529 Μασαλιανῶν
1051 5488 1140 5539 μοι
1172 5465 1657 5537 προσονειδίξοντες
1689 5460 1924 5530 αἵρεσιν,

372 5572 536 5639 συχνὰ
569 5568 663 5621 καὶ
699 5565 957 5624 πολλάκις
1017 5557 1450 5617 ἐνδιαϐάλλοντὲς
1505 5572 1563 5606 τε
1596 5555 1653 5606 οὐ
1705 5553 1924 5638 ¹διαλεί-

372 5679 528 5714 πουσι
556 5659 650 5712 καὶ
686 5657 811 5724 περὶ
841 5654 936 5724 τὴν
963 5651 1128 5721 αὐτὴν
1173 5649 1260 5703 ἀεὶ
1296 5647 1656 5719 στρεφόμενοι
1713 5647 1806 5698 καὶ
1833 5663 1928 5697 rc;-

371 5753 726 5820 ριειὶούμενοι
756 5745 1045 5816 λοιδορίαν.
1081 5745 1166 5796 Ἑν
1198 5743 1306 5812 γὰρ
1353 5742 1474 5803 ταῖς
1504 5743 1602 5809 τῆς
1638 5740 1773 5807 ἐμῆς
1818 5755 1922 5790 πα-

2037 4555 2302 4608 nimirum
2352 4570 2460 4608 non
2517 4556 2765 4623 exiguam
2804 4565 2859 4607 et
2890 4568 3076 4617 unam,
3123 4552 3216 4607 sed
3267 4564 3514 4620 magnam
3546 4559 3622 4619 et._

2035 4644 2566 4713 pravam,quomodo
2600 4651 2824 4712 parcent
2858 4644 3075 4713 lingua},
3108 4643 3152 4698 si
3181 4644 3235 4697 in
3265 4643 3440 4696 lucem
3477 4656 3604 4710 pro-

2034 4737 2378 4803 dibuutiqua:
2405 4749 2550 4788 nunc
2572 4747 2762 4788 revera
2787 4733 3009 4802 quidem
3038 4733 3092 4786 in
3121 4747 3341 4786 rumore
3373 4734 3605 4795 haerent,

2034 4828 2128 4882 sed
2185 4827 2425 4881 nubibus
2481 4827 2662 4881 adhuc
2711 4835 2766 4881 et
2823 4825 3261 4882 dubitatiouibus
3331 4826 3604 4880 occultata

2035 4917 2200 4972 sunt?
2260 4917 2527 4986 Equidem
2573 4918 2679 4972 hoc
2725 4916 2780 4970 in
2815 4915 2922 4969 illis
2955 4914 3201 4969 molestis
3235 4925 3288 4968 et
3319 4914 3623 4978 malevolis.

2034 5008 2348 5064 hominibus
2371 5007 2673 5064 admiratus
2707 5023 2852 5071 sum,
2888 5005 3056 5078 quod,
3084 5007 3329 5075 ipsorum
3366 5006 3616 5074 turpilu-.

2034 5101 2182 5155 diuis
2245 5100 2616 5164 immemores,
2659 5114 2795 5154 mem
2861 5097 3125 5152 continuo
3179 5097 3497 5159 inhaereant,
3551 5109 3624 5164 et.

2035 5195 2170 5248 meis
2201 5195 2429 5248 maculis
2461 5193 2755 5262 gaudeant,
2799 5198 2857 5244 et
2909 5205 3021 5258 pra:
3071 5188 3196 5242 aliis
3253 5188 3507 5242 omnibus
3535 5188 3618 5240 de~

2034 5285 2452 5338 Masalianorum
2521 5284 2713 5337 haaresi
2765 5298 2850 5335 mc
2909 5281 3222 5348 objurgeut.
3311 5281 3605 5332 Enimvero

2033 5374 2228 5428 crebro
2251 5382 2306 5427 et
2325 5373 2588 5428 continuo
2612 5372 3016 5425 calumniantur
3046 5385 3131 5423 me
3161 5384 3338 5438 neque
3363 5383 3610 5435 unquam.

2034 5466 2312 5525 desinunt,
2347 5463 2502 5532 537
2531 5463 2816 5530 semperin
2849 5461 3042 5514 eodem
3080 5461 3312 5515 crimine
3341 5461 3604 5514 sistcutes

2034 5566 2089 5608 et
2116 5563 2416 5606 versantes.
2483 5551 2616 5604 Nam
2673 5550 2726 5603 in
2781 5549 3016 5620 pristino
3052 5565 3174 5605 meo
3225 5546 3601 5617 patriarchalu

2035 5645 2136 5699 sub
2199 5659 2320 5712 rogo
2372 5642 2749 5697 Cautaeuzeno
2774 5682 2789 5707 ,
2823 5651 3116 5712 antequam
3154 5655 3329 5693 anuus
3363 5637 3600 5697 ﬁnierat.

2037 5736 2329 5806 superbam
2402 5735 2640 5807 linguam
2707 5745 2969 5797 acuentes
3017 5745 3072 5789 et
3127 5733 3278 5802 valde
3342 5729 3614 5798 acerbam__
