4134 6286
497 326 602 386 4Ἰ5

1707 333 2124 394 NICEPHORI
2163 336 2542 396 GREGOR/E

3619 328 3716 390 ίτθ

497 433 551 484 in
582 435 856 488 fortunam
881 449 1054 489 meum
1091 440 1434 505 profcrentcs
1463 445 1604 494 hanc
1645 443 1780 495 mihi
1817 442 2066 495 Masalia-

2179 446 2456 513 τριαρχίας
2511 443 2680 496 πάλαι
2737 441 2934 510 ἀρχαῖς
2997 441 3088 494 ἐπὶ
3147 439 3240 510 τῆς
3279 441 3714 511 Καντακουςηνοῦ

494 537 618 576 nam
643 525 874 578 bteresin
903 527 956 579 in
993 530 1180 596 primis
1209 531 1422 584 crimini
1455 532 1748 594 dabant,et
1773 543 1902 586 tunc
1923 533 2064 586 forte

494 631 582 666 me
621 631 745 668 cum
777 616 1072 685 ignominia
1101 619 1364 688 dignitate
1411 637 1530 676 mea
1567 624 1926 691 expulissent,
1961 624 2063 678 nisi

493 720 811 761 communes
843 724 976 762 mea:
1002 721 1056 763 et
1093 711 1334 778 ipsorum
1373 712 1626 766 Ecclesiae
1665 729 1812 769 nunc
1840 716 2060 784 quidem

492 805 576 849 sat
613 807 769 851 notos
798 799 1162 866 adversarios,
1193 817 1302 870 quo
1333 819 1442 872 prae
1474 805 1679 858 insania
1712 805 1765 859 in
1799 808 2064 862 auxilium

493 889 744 942 vocaturi
769 901 948 956 erant,
985 904 1311 961 cognossent
1357 905 1518 950 antea
1557 898 1790 968 ideoque
1824 897 2065 952 destitis-

495 989 634 1032 sent.
671 979 838 1049 quue
871 981 1051 1050 primo
1084 983 1280 1037 nefarii
1313 986 1400 1038 isti
1441 999 1497 1040 et
1533 987 1765 1057 improbi
1814 989 1868 1042 in
1899 999 2064 1059 caput

494 1083 674 1122 meum
709 1070 880 1122 moliti
917 1079 1066 1124 sunt.
1097 1073 1304 1128 Deinde
1329 1091 1482 1141 vero,
1515 1093 1638 1131 cum
1661 1079 1817 1147 plura
1839 1080 2066 1148 insuper

494 1161 598 1214 alia
639 1171 861 1228 propter
890 1162 1241 1218 Masalianam
1292 1167 1522 1222 haeresin
1557 1171 1607 1224 in
1641 1187 1728 1226 me
1779 1173 2066 1229 conﬂavis-

493 1260 615 1304 sont
653 1261 706 1304 et
731 1251 998 1308 furiosius
1029 1254 1083 1306 in
1116 1271 1199 1307 me
1227 1257 1512 1326 jecissent,
1543 1276 1608 1315 ex
1643 1262 1762 1331 ipsa
1797 1263 2063 1333 dignitate

494 1355 580 1393 Ine
619 1341 926 1408 ejecerunt,
967 1359 1035 1399 ne
1071 1345 1246 1399 dicam
1281 1365 1346 1402 ex
1395 1351 1508 1418 ipsa
1552 1351 1689 1407 vita.
1745 1355 1880 1409 Nam
1935 1356 2064 1423 fuga

493 1432 831 1487 clandestina
881 1451 1000 1488 mea
1057 1437 1123 1490 ad
1161 1437 1470 1493 Galatarum
1519 1445 1804 1498 castellmn
1841 1446 2062 1502 interim

493 1525 636 1578 inter
662 1525 813 1578 vivus
840 1527 1075 1580 animam
1103 1529 1234 1582 mihi
1263 1534 1516 1585 servavit.
1544 1535 1748 1588 Deinde
1771 1547 2060 1607 postquam

493 1613 772 1668 'I‘encdum
799 1631 883 1670 me
915 1620 1130 1673 venisse
1160 1621 1225 1674 ad
1259 1623 1619 1693 Palmologum
1655 1627 1785 1696 imp.
1821 1632 2062 1698 accepis-

492 1713 632 1768 sent,
667 1719 732 1758 ne
791 1714 922 1761 tunc
971 1710 1192 1778 quidem
1255 1715 1532 1779 tacebant,
1569 1717 1664 1770 sed
1707 1733 1806 1786 per
1845 1721 2058 1776 litteras

493 1803 544 1844 et
581 1809 863 1862 praecones
899 1801 1379 1856 exsecrationibus
1429 1819 1514 1858 me
1549 1807 1905 1864 creberrimis
1935 1825 2067 1864 con-
2101 1784 2142 1842 Β

493 1883 847 1948 deumabaut,
880 1894 936 1938 et
981 1887 1159 1955 ipsum
1211 1899 1450 1944 montem
1483 1905 1820 1962 occupantes
1851 1913 1937 1952 me
1973 1913 2062 1952 ex-

493 1972 756 2038 pulerunt
797 1984 854 2028 ut
909 1977 1260 2034 llasalianum
1318 1981 1521 2053 ubique
1565 1986 1850 2043 infamem.
1882 1987 2068 2060 Nuper

493 2079 709 2132 quoque
740 2081 862 2120 cum
895 2067 1030 2136 imp.
1069 2079 1356 2138 paternum
1395 2075 1684 2144 imperium
1721 2094 1915 2154 rursus
1947 2097 2071 2136 sus-

493 2160 720 2223 ciperet.
751 2173 848 2228 ego
877 2161 971 2228 qui
1003 2177 1108 2215 una
1136 2178 1259 2216 cum
1292 2179 1357 2218 eo
1383 2165 1672 2231 redieram,
1693 2171 1923 2225 multum
1949 2172 2071 2226 illo-

497 2261 614 2298 tun
691 2249 1008 2302 vexationes
1059 2261 1320 2320 expertus
1376 2265 1518 2311 sum.
1574 2265 1628 2309 et
1667 2259 1944 2326 praecipue
2009 2266 2070 2312 ut

497 2335 848 2388 Masalianum
885 2335 1046 2407 538
1083 2355 1167 2394 me
1195 2345 1432 2397 aversati
1485 2355 1634 2398 sunt.
1689 2345 1827 2400 Cum
1884 2356 2068 2401 autem

498 2422 1044 2491 imp.contentionem
1064 2429 1204 2485 hanc
1225 2442 1280 2484 et
1305 2437 1596 2489 tumultum
1619 2439 2064 2507 compescuisset,

495 2514 675 2566 subito
709 2531 898 2571 rursus
928 2533 994 2572 ex
1025 2520 1167 2575 Atho
1200 2534 1386 2577 monte
1421 2527 1787 2582 habitantium
1835 2531 1916 2584 ibi
1953 2531 2068 2584 ele-

495 2615 708 2658 ctorum
736 2615 793 2661 et
839 2611 1231 2668 monachorum
1265 2615 1470 2685 scripta
1517 2627 1710 2674 contra
1737 2635 1824 2676 me
1851 2623 2068 2692 vulgata

495 2703 622 2748 Milli.
645 2697 738 2765 qui
768 2699 901 2754 mihi
941 2703 1186 2758 eamdem
1223 2721 1417 2761 rursus
1445 2709 1863 2766 Masalianorum
1897 2713 2070 2768 haere-

496 2787 578 2835 sin
624 2785 799 2853 palam
852 2789 907 2843 in
955 2791 1074 2847 dies
1127 2795 1343 2854 crimini
1405 2799 1712 2854 vertebant.
1759 2801 1891 2866 Qua:
1945 2817 2066 2856 om-

498 2877 583 2929 n?a
611 2879 817 2946 apertis
857 2883 1079 2951 quidem
1119 2886 1343 2942 auribus
1375 2891 1628 2960 accipere
1671 2894 2066 2960 sustinuerant,

496 2967 590 3020 sed
635 2967 806 3025 fretus
853 2972 984 3042 imp.
1041 2989 1167 3044 erga
1206 2993 1291 3033 me
1325 2978 1729 3048 benevolentia,
1758 2984 1980 3039 fortiter
2011 2993 2070 3036 ut

501 3058 675 3128 turpia
702 3069 758 3115 et
789 3062 1025 3119 absurda
1052 3083 1082 3120 a
1117 3083 1202 3122 me
1235 3072 1424 3141 rejeci.
1462 3073 1530 3126 At
1569 3090 1735 3136 nunc,
1772 3090 1896 3129 cum
1931 3075 2064 3144 imp.

2174 535 2470 604 βασιλείας,
2510 534 2643 603 πρὶν
2669 531 2788 586 ὅλον
2821 532 3037 601 ἐξήκειν
3069 531 3208 595 ἔτος,
3237 529 3548 598 ὑϐρίστριαν
3569 532 3715 584 ὁπλί-

2175 643 2366 688 σαντες
2399 625 2650 693 γλῶτταν
2681 627 2776 679 καὶ
2808 625 2948 678 πάνυ
2984 623 3208 692 βαρεῖαν
3241 622 3384 676 κατὰ
3411 622 3505 690 τῆς
3533 624 3719 692 ἡμετέ-

2174 735 2272 786 ρας
2303 715 2472 784 τύχης
2509 715 2893 783 ἐπενεγκόντες
2923 713 3128 782 ταύτην
3155 729 3243 779 μοι
3267 712 3364 782 τὴν
3383 713 3719 786 Μασαλιανὴν

2171 811 2226 860 ἐν
2261 805 2500 880 πρώτοις
2522 807 2816 877 ᾐτιάσαντο
2845 806 3060 876 αἵρεσιν
3085 822 3099 838 ·
3131 805 3225 858 καὶ
3257 806 3398 872 τάχα
3429 803 3492 856 ἄν
3529 821 3591 872 με
3619 805 3720 859 τῶν

2173 897 2588 966 πατριαρχικῶν
2627 896 2851 947 τουτωνὶ
2902 893 3202 962 τηνικαῦτα
3245 893 3450 962 θρόνων
3483 893 3576 945 σὺν
3604 893 3723 944 ἀκο-

2173 987 2308 1055 σμία
2339 987 2598 1052 ἐξώθουν,
2626 987 2674 1038 εἱ
2714 985 2788 1055 μὴ
2819 985 2946 1046 τοὺς
2982 983 3195 1045 κοινοὺς
3241 985 3340 1052 τῆς
3394 984 3532 1051 ἐμῆς
3554 1001 3610 1035 τε
3639 985 3724 1038 καὶ

2173 1079 2323 1144 σςῶν
2349 1076 2685 1146 ἀρτιφανοῦς
2731 1075 3060 1144 Ἐκκλησίας
3089 1074 3384 1143 πολεμίους
3425 1074 3726 1142 αἰσθόμενοι

2174 1171 2504 1243 βοηθοῦντες
2541 1169 2602 1234 ἐξ
2631 1169 2892 1230 ἀπονοίας
2922 1167 3244 1236 ἀπέσχοντο.
3295 1167 3403 1220 Καὶ
3431 1165 3586 1218 τοῦτο
3637 1166 3728 1235 μὲν

2174 1263 2388 1330 πρῶτον
2412 1263 2460 1315 οι
2488 1263 2790 1330 κακάρατοι
2829 1261 2922 1312 καὶ
2947 1259 3270 1326 κακόσχολοι
3294 1255 3438 1310 κατὰ
3465 1257 3564 1324 τῆς
3597 1256 3728 1324 ἐμῆς

2171 1355 2274 1418 ἐξώ
2286 1355 2476 1407 πλισαν
2504 1353 2747 1420 κεφαλῆς
2767 1369 2780 1382 ·
2813 1352 3062 1422 δεύτερον
3089 1351 3132 1402 δ’
3163 1349 3243 1402 ἐτι
3292 1350 3388 1402 καὶ
3421 1347 3588 1402 πλείω
3617 1365 3733 1400 συν-

2171 1444 2420 1512 είραντες
2474 1441 2639 1512 ἕτερα
2665 1443 2730 1510 τῇ
2757 1440 2982 1510 τοιαύτῃ
3030 1439 3137 1491 τῶν
3173 1436 3540 1492 Μασαλιανῶν
3583 1434 3731 1502 αὖθις

2171 1535 2403 1604 αἱρέσει,
2433 1533 2527 1586 καὶ
2562 1530 2942 1600 μανικώτερον
2963 1531 3086 1586 κατ’
3121 1528 3256 1597 ἐμοῦ
3283 1529 3617 1594 κινηθέντες,
3639 1529 3734 1598 τῆς

2173 1621 2541 1692 πατριαρχίας
2563 1621 2833 1689 ἐξήλασαν
2854 1619 3058 1680 τέλεον,
3083 1617 3170 1676 ἵνα
3193 1615 3267 1686 μὴ
3289 1616 3432 1682 λέγω
3459 1616 3552 1668 καὶ
3573 1613 3732 1668 αὐτοῦ

2171 1728 2236 1778 γε
2265 1712 2358 1764 τοῦ
2399 1713 2520 1782 ζῇν,
2557 1711 2618 1764 τό
2647 1728 2712 1778 γε
2742 1711 2819 1772 είς
2857 1710 3051 1770 αὐτοὺς
3077 1702 3214 1802 ἧκον
3235 1724 3248 1734 ·
3335 1706 3448 1774 γὰρ
3475 1705 3582 1774 ἐμὴ
3607 1705 3736 1802 πρὸς

2172 1803 2232 1853 τὸ
2271 1800 2672 1870 Γαλατώνυμον
2701 1800 2964 1869 φρούριον
2998 1799 3108 1851 τῶν
3157 1796 3407 1849 Λατίνων
3445 1796 3738 1860 τηνικαῦτα

2174 1891 2408 1962 λαθραία
2437 1893 2584 1960 φυγὴ
2614 1891 2714 1954 τὰς
2739 1890 2876 1959 ἐμὰς
2897 1891 2956 1941 ἐν
2981 1891 3092 1951 τοῖς
3116 1888 3250 1952 ζῶσι
3279 1887 3584 1954 τετήρηκεν
3615 1883 3738 1951 ἄχρι

2174 1995 2266 2042 καῖ
2296 1989 2353 2050 ἐς
2383 1985 2507 2039 τόδε
2535 1982 2726 2046 πνοάς.
2773 1982 2933 2036 Ἐπεὶ
2963 1980 3021 2032 δὲ
3049 1980 3146 2032 καὶ
3171 1980 3227 2040 ἐς
3257 1976 3487 2029 Τένεδον
3513 1970 3740 2042 ἀφιγμέ-

2175 2095 2265 2132 νον
2294 2093 2360 2147 με
2394 2073 2544 2143 παρὰ
2567 2071 2793 2146 βασιλέα
2827 2071 2920 2124 τὸν
2973 2068 3363 2164 Παλαιολόγρν.
3391 2063 3741 2164 ἐμεμαθηκξ-

2177 2183 2300 2228 σαν,
2357 2163 2469 2216 οὐδ’
2521 2161 2758 2214 ἐνταῦθα
2811 2159 3126 2229 ἠρέμησαν,
3177 2154 3312 2208 άλλὰ
3335 2152 3406 2206 δι’
3441 2152 3742 2204 ἐπιστολῶν

2175 2257 2268 2311 καὶ
2321 2254 2580 2325 κηρύκων
2645 2250 2950 2321 ἁναθέμασι
3009 2245 3415 2304 καθυπέϐαλον,
3472 2241 3571 2294 καλ⁸
3615 2237 3742 2294 αὐτὸ

2175 2343 2801 2418 προκαταλαμϐάνοντες
2850 2342 2910 2396 τὺ
2935 2341 3082 2411 ιδρος
3115 2337 3368 2392 κάκεῖθεν
3405 2332 3740 2430 ἀπήλαυνρν,

2175 2441 2271 2494 καὶ
2300 2441 2375 2501 ὡς
2409 2437 2760 2492 Μασαλιανδν
2793 2433 3158 2504 ἐξεκήρυττον
3211 2426 3578 2496 πανταχόθεν.
3637 2421 3742 2474 Τοῦ

2173 2531 2231 2584 δὲ
2276 2529 2540 2598 βασιλέως
2567 2529 2694 2596 ἄρτι
2727 2524 2826 2594 τὴν
2855 2523 3120 2593 πατρῴαν
3153 2519 3514 2588 ἀνειληφότος
3548 2512 3741 2583 ἀρχὴν,

2173 2623 2310 2692 ὁμοῦ
2353 2617 2725 2690 συνεληλυθὼς
2788 2616 2998 2670 ἐκεῖθεν
3044 2613 3200 2682 κάγὼ
3240 2610 3412 2680 πολλῇ
3467 2624 3578 2660 τινι
3613 2605 3744 2692 πρὸς

2175 2690 2355 2770 αὐτῶν
2387 2715 2452 2782 τῇ
2487 2708 2804 2763 ἁντιστάσει
2837 2703 3243 2772 ἐντετυχήκειν,
3273 2699 3344 2751 τά
3371 2715 3436 2750 τε
3469 2696 3610 2795 ἄλλα
3638 2690 3746 2795 ,καὲ

2176 2808 2249 2869 ὡς
2278 2801 2627 2860 Μασαλιανδν
2675 2793 3142 2864 ἀποτρεπομένων
3195 2807 3281 2860 με.
3318 2787 3380 2861 [Γ.
3411 2788 3521 2841 265
3553 2785 3606 2857 b]
3638 2783 3744 2838 Τοῦ

2173 2900 2231 2954 δὲ
2269 2893 2531 2968 βασιλέως
2578 2891 2728 2950 ὅπως
2783 2887 2918 2942 ποτὲ
2948 2886 3046 2955 τὴν
3072 2883 3334 2952 τοιαύτην
3387 2879 3746 2948 κοιμίσαντος

2175 2990 2291 3060 ἔριν
2320 2987 2414 3040 καὶ
2445 2983 2657 3047 στάσιν,
2691 2973 2829 3051 ἧκον
2861 2975 3018 3039 αὖθις
3055 2975 3114 3041 ἐξ
3145 2975 3305 3045 ὅρους
3339 2972 3436 3026 τοῦ
3471 2971 3626 3024 Ἀθω
3653 2968 3746 3021 καὶ

2175 3079 2284 3132 τῶν
2316 3077 2434 3130 ἐκεῖ
2460 3071 2702 3140 λογάδων
2733 3067 2828 3122 καὶ
2856 3065 3157 3136 μοναδικῶν
3181 3063 3390 3131 ἀνδρῶν
3409 3063 3746 3132 γράμματα.

501 3149 621 3217 ipse
671 3150 890 3207 illorum
927 3155 1132 3225 impetu
1172 3160 1484 3219 Stimulatus
1533 3176 1882 3236 meurgeat,
1929 3141 2070 3221 nihil

2179 3170 2272 3236 τὴν
2303 3165 2476 3234 αὐτὴν
2501 3180 2590 3233 μοι
2622 3161 2788 3231 μόνην
2819 3157 2974 3220 αὖθις
3029 3156 3446 3226 προσάπτοντες
3505 3151 3746 3244 αίρεσιν,

501 3241 680 3295 facere
737 3241 882 3297 aliud
917 3261 1138 3313 possum
1173 3251 1240 3304 ad
1288 3241 1655 3308 necessariam
1691 3257 2068 3312 defensionem

499 3330 675 3384 denec
707 3347 806 3402 pro
835 3337 1069 3392 consilio
1102 3356 1218 3395 mea
1257 3341 1651 3412 disposuerim,
1709 3361 1872 3416 quam
1923 3349 2070 3418 quod

504 3419 776 3474 neminem
803 3421 1022 3478 illorum
1050 3439 1369 3497 exspectare
1399 3442 1532 3501 puto
1561 3473 1576 3497 ,
1613 3441 1672 3488 ut
1701 3449 1798 3489 eos
1827 3449 2075 3490 exsecra-

2177 3258 2275 3328 τὴν
2301 3256 2411 3309 τῶν
2439 3241 2806 3309 Μασαλιανῶν
2829 3247 3048 3338 δηλαδὴ,
3076 3246 3171 3299 καὶ
3193 3242 3338 3338 απαξ
3373 3241 3472 3294 καὶ¹
3652 3237 3750 3338 ἈΞ

2175 3323 2243 3416 δή
2281 3347 2379 3399 καὶ
2412 3345 2599 3414 ἄκροις
2652 3341 2785 3394 ὠσὶν
2820 3337 3132 3409 ἠνεσχόμην
3186 3331 3446 3394 ἀκοῦσαι,
3507 3325 3647 3383 ἀλλὰ
3681 3323 3748 3416 τῇ

2169 3415 2304 3506 πρὸς
2329 3437 2428 3505 ἐμὲ
2447 3434 2542 3487 τοῦ
2579 3430 2847 3502 βασιλέως
2867 3425 3229 3500 τεθαρρηκὼς
3263 3421 3532 3491 εὐμενείᾳ
3562 3415 3752 3476 κακῶς

505 3508 654 3563 tione
685 3519 742 3564 et
793 3513 1092 3570 schismate
1139 3519 1446 3588 opprimant
1496 3532 1552 3576 et
1601 3533 1840 3578 mentem
1879 3541 2072 3580 eorum

2179 3546 2227 3582 τε
2263 3527 2358 3581 καὶ
2423 3525 2683 3594 ἀκόσμως
2733 3519 3039 3588 ἐξέπεμψα.
3095 3516 3209 3570 Νῦν
3255 3515 3313 3567 δέ
3345 3515 3446 3566 καὶ
3489 3507 3660 3563 αὐτοῦ
3691 3523 3754 3572 γε

503 3611 710 3655 vertam
757 3605 825 3659 ad
875 3606 1109 3664 invicem
1139 3612 1488 3684 semetipsos,
1531 3631 1636 3672 nec
1681 3633 1814 3674 vero
1840 3619 2072 3688 amplius

2179 3620 2262 3672 τοῦ
2312 3616 2576 3688 βασιλέως
2632 3615 2700 3682 τῇ
2741 3611 2955 3716 τούτων.
3015 3609 3107 3679 βία
3155 3600 3758 3716 παροξυνθέντοςΑ-ζῗλ

508 3705 604 3747 nos
638 3693 1056 3767 impugnandos.

2179 3710 2438 3771 ὼῡοῦντός
2477 3725 2566 3777 με,
2598 3705 2652 3758 τί
2679 3703 2901 3774 δράσειν
2933 3700 3125 3771 ἕτερον
3154 3699 3357 3766 ἥκιστα
3404 3695 3571 3776 ἔσχον
3602 3693 3756 3797 ρὺδέν

507 3788 586 3851 εἷς
620 3791 938 3864 ἀποτροπὴν
995 3796 1348 3867 ἀπ’)χρῶσαν,
1408 3801 1514 3865 ἕως
1581 3803 1648 3856 ἂν
1702 3805 1843 3858 κατὰ
1906 3803 2135 3876 γνώμην
2173 3805 2323 3875 τάμὰ
2351 3803 2650 3873 διάθωμαι,
2687 3799 2828 3869 πλὴν
2863 3797 2897 3868 ἦ
2931 3796 2965 3850 ἃ
2993 3795 3196 3865 μηδένα
3229 3791 3414 3892 αὐτῶν
3447 3788 3760 3892 προσδοκη-

507 3901 597 3936 σλι
625 3887 832 3956 ᾠήθην.
883 3891 954 3943 Τὸ
1003 3891 1059 3945 δέ
1117 3896 1266 3947 ἐστιν
1295 3897 1596 3968 ἀναθέματι
1639 3901 1735 3953 καὶ
1769 3901 2066 3972 ἀφορισμῷ
2105 3901 2504 3955 καθυποϐιλεῖν
2567 3897 2788 3960 αὐτοὺς,
2818 3893 2913 3948 καὶ
2971 3887 3571 3958 ἀντιπερισπάσαιτὴν
3609 3887 3758 3950 σφῶν

504 3979 744 4032 ἐπίνοιαν
798 3983 876 4040 εἷς
928 4000 992 4051 γε
1022 3986 1082 4038 τὸ
1135 3988 1273 4058 ὑπὲρ
1314 3991 1527 4044 ἑαυτῶν
1571 3993 1772 4054 αὐτοὺς
1803 3993 2192 4061 ἀγωνίζεσθαι,
2223 3993 2318 4046 καὶ
2349 3993 2549 4063 ἥκιστα
2589 3989 2714 4044 καθ’
2751 3987 2932 4058 ἡμῶν·

581 4070 640 4126 V.
677 4072 801 4127 llaec
836 4086 1015 4131 autem
1047 4080 1227 4132 statim
1276 4097 1399 4136 cum
1445 4086 1588 4154 apud
1619 4100 1676 4140 se
1703 4084 2079 4140 constituisset

503 4163 710 4218 rtl'ecit.
733 4165 960 4221 Postero
987 4171 1130 4224 enim
1162 4172 1250 4226 die
1282 4189 1438 4228 mane
1467 4178 1782 4233 convocatis
1812 4181 2076 4234 sacerdo-

509 4257 657 4310 tibus
686 4267 742 4311 et
771 4261 1029 4315 omnibus
1075 4279 1104 4316 e
1143 4265 1294 4317 clero
1341 4276 1395 4319 et
1455 4270 1658 4337 populo
1709 4271 1802 4338 qui
1847 4273 2079 4328 aderant

505 4364 674 4418 prope
701 4359 758 4404 et
788 4352 1108 4408 habitabant
1153 4359 1299 4411 circa
1341 4359 1678 4415 celebratum
1718 4363 1812 4418 Dei
1847 4364 2078 4434 Sapien-

2246 4085 2324 4142 E'.
2369 4084 2552 4139 Ταῦτα
2583 4083 2648 4154 δὴ
2704 4077 3124 4151 βουλευσαμένῳ
3159 4077 3252 4128 καί
3283 4076 3365 4137 είς
3399 4075 3576 4143 ἔργον
3599 4071 3760 4131 εὐθὺς

2176 4179 2361 4250 ἤγετο.
2391 4178 2500 4230 Καὶ
2533 4174 2648 4242 ἅμα
2664 4174 2737 4244 ’ἐῳ
2758 4175 2823 4243 τῇ
2853 4172 3118 4263 ὑστεραίᾳ
3149 4166 3551 4263 συνηθροικὼς-
3570 4165 3762 4263 ἱερέων

2176 4269 2474 4339 ἐκκλησίαν
2503 4267 2599 4318 καὶ
2649 4265 2762 4317 ὅσοι
2796 4261 2888 4314 τοῦ
2940 4259 3142 4329 κλήρου
3177 4258 3273 4310 καὶ
3299 4258 3426 4309 ὅσον
3453 4254 3554 4306 τοῦ
3587 4253 3762 4320 δήμου

2182 4359 2561 4432 πλησιόχωρόν
2591 4375 2649 4410 τε
2676 4357 2774 4410 καὶ
2803 4354 3096 4426 πρόσοικον
3123 4351 3340 4419 ὑπῆρχε
3372 4347 3452 4418 τῷ
3483 4347 3764 4416 περιωνύ-

510 4441 599 4494 lic
657 4443 940 4512 templum,
995 4445 1113 4500 sine
1160 4449 1426 4516 prooemio
1487 4451 1620 4517 ullo,
1685 4454 1795 4508 imo
1854 4455 2072 4512 omissis

2185 4427 2516 4522 ptpvvﬁe'coﬁ
2545 4447 2682 4502 Θεοῦ
2706 4446 2906 4513 Σοφίας
2929 4443 3054 4512 νεῷ,
3085 4441 3253 4513 χωρὶς
3275 4439 3583 4507 προοιμίου
3623 4433 3768 4496 στανδς

503 4532 760 4587 omnibus
807 4536 989 4591 causis
1022 4539 1258 4593 schisma
1299 4542 1619 4610 publicavit,
1643 4545 1698 4604 in
1720 4547 1898 4602 media
1929 4557 2076 4604 stans

505 4623 792 4688 concione,
825 4635 883 4681 et
928 4631 1276 4686 anathemate
1319 4647 1634 4692 exsecratus
1680 4649 1760 4694 est
1789 4640 2076 4710 episcopos

505 4733 696 4771 omnes
721 4718 812 4786 qui
835 4733 865 4773 e
891 4722 1172 4776 consortio
1200 4737 1299 4778 suo
1329 4727 1694 4795 desciverant,
1722 4741 1778 4786 et
1807 4731 1860 4786 in
1887 4733 2078 4800 primis

505 4825 600 4860 eos
621 4809 720 4878 qui
753 4811 1120 4868 abominanda
1164 4815 1458 4872 Masaliana
1515 4821 1708 4876 haeresi
1747 4839 1873 4878 eum
1925 4841 2080 4879 com-

509 4899 862 4964 pellaverant.
897 4902 1004 4958 Sed
1028 4919 1153 4958 cum
1187 4906 1301 4962 haec
1331 4907 1738 4982 dixisset:539
1768 4924 1823 4968 et
1861 4915 2080 4971 eﬂ‘ccis—

506 4999 590 5044 set
623 5003 816 5047 contra
863 5007 1133 5049 canonum
1185 5007 1240 5051 et
1267 4998 1444 5068 legum
1479 5003 1725 5057 omnium
1784 5007 2080 5060 auctorita-

510 5093 643 5146 tem,
679 5085 796 5153 ipse
827 5101 1016 5142 revera
1043 5103 1104 5143 se
1145 5089 1394 5145 criminis
1447 5093 1673 5148 noxium
1727 5102 2078 5154 monstravit.

508 5177 676 5244 lique
706 5177 978 5249 episcopis
1019 5181 1184 5236 etiam
1220 5197 1343 5236 cum
1379 5185 1664 5240 audissent
1714 5196 1771 5242 et
1815 5190 1914 5257 ipsi
1948 5189 2079 5259 imp.

513 5271 586 5322 i'a
625 5269 916 5324 manifesto
949 5272 1128 5326 visum
1168 5283 1274 5340 est,
1315 5275 1647 5331 necessitate
1676 5293 1800 5332 eum
1832 5289 2082 5334 coactum

509 5363 764 5420 ﬁduciam
795 5366 900 5420 sibi
931 5383 1150 5424 sumere
1187 5379 1244 5425 et
1267 5370 1537 5441 judiciqu
1583 5373 1724 5428 velle
1761 5374 2002 5446 effugere
2028 5384 2085 5431 et.

509 5453 821 5522 excogittre
851 5455 1168 5525 opprobria,
1219 5469 1272 5512 et
1325 5462 1604 5529 quomodo
1657 5463 1791 5516 falsa
1849 5465 1954 5518 sibi
1980 5465 2087 5519 cri-

516 5544 664 5597 mina
689 5545 829 5600 facta
861 5561 980 5601 esse
1003 5561 1302 5618 coarguere
1337 5561 1523 5620 posset
1595 5563 1650 5608 et
1679 5556 1758 5608 sic
1790 5554 2086 5611 manifesto

514 5649 638 5689 eum
671 5648 729 5692 ut
754 5640 1023 5710 judicium
1056 5641 1388 5698 detrectaret
1437 5645 1503 5700 ad
1550 5647 1818 5702 absurdas
1857 5648 2089 5718 injurias

520 5730 812 5800 confugere
834 5745 886 5790 ct
915 5737 980 5790 ad
1012 5751 1164 5796 cassa
1189 5745 1244 5791 et
1281 5753 1414 5792 vana
1447 5740 1742 5794 schismata
1781 5756 1901 5800 qua:
1933 5753 2088 5796 nova:

2183 4545 2280 4597 καὶ
2309 4542 2500 4614 πόῥρω
2526 4540 2708 4609 πάσης
2735 4534 3066 4603 αἰτιολογίας
3091 4533 3340 4600 εὐλόγου,
3365 4529 3689 4597 ἀφορισμόν
3709 4541 3767 4577 τε

2185 4641 2530 4706 ἐξεφώνησεν
2577 4635 2670 4688 ἐπὶ
2701 4631 2867 4700 μέσου
2921 4629 3052 4690 στὰς
3084 4627 3179 4682 τοῦ
3209 4625 3467 4682 τοιούτου
3504 4623 3768 4723 θεάτρορ,

2185 4731 2279 4784 καὶ
2302 4727 2604 4796 ἁναθέματι
2633 4721 3018 4776 καθυπέϐαλεν
3041 4722 3156 4773 ὅσοι
3179 4719 3284 4772 τῶν
3313 4718 3645 4770 ἐπισκόπων
3666 4718 3766 4782 τῆς

2186 4819 2354 4874 αὐτοῦ
2383 4817 2670 4878 κοινωνίας
2689 4815 3007 4883 ἐξέστησαν,
3029 4813 3098 4864 τά
3119 4829 3177 4865 τε
3216 4811 3349 4864 ἄλλα
3383 4808 3771 4878 κατηγοροῦν-

2185 4931 2276 4971 τες
2299 4909 2464 4964 αὐτοῦ
2497 4909 2592 4962 καὶ
2622 4908 2843 4961 πάντων
2878 4905 3116 4973 μάλιστα
3168 4904 3228 4956 τὸ
3253 4904 3353 4971 τῆς
3394 4898 3769 4966 Μασαλιανῆς

2187 5003 2452 5073 αἱρέσεως
2475 4999 2734 5070 μυσαρὸν.
2753 4997 2893 5050 Ἀλλ’
2925 4997 3130 5055 ἐκεῖνος
3160 4996 3258 5066 μὲν
3290 4995 3506 5047 τοιαῦτ’
3527 4993 3774 5065 εἰρηκώς

2189 5113 2246 5148 τε
2276 5095 2393 5164 ἅμα
2443 5093 2538 5146 καὶ
2602 5089 2902 5160 πεπραχὼς
2960 5089 3152 5158 πόρῤω
3208 5087 3436 5148 κανόνος
3470 5086 3572 5138 καὶ
3604 5085 3770 5152 νόμου

2189 5187 2411 5250 παντὸς,
2467 5183 2708 5251 δέδειχεν
2773 5182 2960 5250 ἔνοχον,
2990 5179 3184 5232 ἑαυτὸν
3244 5177 3419 5246 άληθῆ
3457 5177 3544 5244 τῷ
3579 5176 3776 5243 ἐγκλή-

2195 5295 2346 5348 ματι.
2386 5277 2556 5331 Τοῦτο
2606 5275 2716 5344 γὰρ
2747 5274 2841 5326 καὶ
2869 5275 2979 5334 τοῖς
3015 5272 3336 5330 ἐπισκόποις
3365 5270 3654 5330 ἀκουσθέν
3683 5264 3774 5318 καὶ

2191 5371 2340 5438 αὐτῷ
2370 5367 2577 5438 βασιλεῖ
2602 5365 2844 5424 δέδοκταί
2861 5383 2917 5418 τε
2939 5366 3032 5417 καὶ
3061 5363 3472 5431 ἀποπέφανται.
3504 5361 3644 5420 Δέον
3667 5359 3774 5426 γὰρ

2193 5465 2356 5518 αὐτὸν
2385 5463 2613 5533 θαρρεῖν
2647 5462 2740 5514 καὶ
2768 5461 2867 5530 τῆς
2893 5459 3048 5528 δίκης
3073 5457 3202 5510 εὐθὺ
3223 5456 3425 5527 χωρεῖν
3461 5454 3566 5507 καὶ
3587 5453 3775 5521 ζητεῖν

2194 5558 2320 5618 τοὺς
2342 5556 2598 5626 ἐλέγχους
2628 5556 2726 5606 καὶ
2756 5552 2832 5616 ὡς
2863 5551 3076 5618 ψευδεῖς
3107 5553 3206 5613 τὰς
3241 5547 3594 5618 κατηγορίας
3623 5545 3776 5612 ἐλέγ-

2197 5664 2336 5716 χειν,
2369 5645 2527 5714 εἴπερ
2583 5642 2730 5712 αὐτῷ
2765 5659 2829 5712 γε
2867 5643 3016 5712 ἐνῆν,
3040 5645 3066 5696 ό
3096 5642 3142 5696 δ’
3172 5640 3429 5712 ἐμφανῶς
3465 5637 3774 5708 φυγοδικήο

2201 5757 2296 5801 σας
2330 5740 2551 5802 ἐπιτᾶς
2607 5737 2845 5800 ἀτόπους
2895 5739 3175 5805 κατέφυγε
3232 5733 3532 5800 λοιδορίας,
3585 5732 3774 5794 ὦσπτρ
