4134 6286
402 360 506 421 4³7

1328 371 1768 434 ΒΥΖᾹΝΤΙΝ.’Ῑ⁴]
1808 376 2188 439 ΗίΞΤΟίίΙίΕ
2227 383 2370 443 LIB.
2415 385 2710 465 XXXV”.

3534 380 3641 444 478

403 480 604 542 εἰώθει,
645 480 736 530 καὶ
774 482 894 543 τοῦς
922 483 1070 535 ούῖεν
1110 486 1254 551 αὖτῷ
1284 485 1347 556 ξι.
1402 488 1507 541 ⁸266
1553 490 1609 561 a]
1644 492 1952 545 συντελοῦν-

2077 493 2225 558 psitts
2260 492 2573 563 ignotitinine
2602 504 2856 562 tauquam
2892 489 3143 545 velatnini
3181 497 3384 555 essent,
3418 500 3473 545 et
3510 489 3641 560 qui-

402 587 501 632 τας
532 571 869 638 ἁφορισμοὺς
901 573 975 634 ὡς
997 572 1095 641 τῆς
1125 574 1428 642 ἐνεστώσης
1455 577 1713 645 αἰσχύνης
1751 579 1955 647 προκὲι

403 663 595 728 λυμμα
649 666 741 714 καὶ
806 664 1142 733 πρόσκαιρον
1212 666 1505 737 ἀποφυγὴν
1540 668 1638 735 τῆς
1696 670 1962 737 ἀνάγκης.

417 755 540 807 Ἐπὶ
576 754 641 823 δὴ
669 753 878 817 τούτοις
924 755 1243 822 δεδογμένον
1291 758 1452 820 ἐνίοις
1505 759 1614 810 τῶν
1652 761 1966 812 ἐπισκόπων

407 848 644 917 κατέστη
679 849 797 908 ταῖς
856 847 1063 911 ἀδίκοις
1114 848 1323 901 ἐκείνου
1381 850 1669 919 λοιδορίαις
1704 852 1799 904 καὶ
1853 854 1966 915 τοῖς

406 942 733 1009 ἀφορισμοῖς
763 939 1006 1002 δικαίους
1040 941 1361 1005 ἀντιθεῖναι,
1408 943 1502 995 καὶ
1538 941 1853 1013 καθαιρέσει
1883 960 1969 995 τε-

405 1033 523 1099 λεία
551 1032 920 1101 παραπέμψαι
954 1032 1044 1084 τὸν
1071 1031 1310 1102 ἄσεμνον
1355 1033 1562 1085 ἐκεῖνον
1597 1036 1692 1086 καὶ
1713 1036 1779 1104 τῇ
1805 1036 1969 1088 ἀσελ-

406 1123 531 1193 γείᾳ
562 1126 659 1191 τῆς
688 1123 934 1194 γλώττης
985 1125 1072 1176 ἀεὶ
1119 1125 1659 1195 ἐγκαλλωπιζόμενον
1693 1128 1892 1195 μᾶλλον
1934 1128 1968 1198 ἢ

406 1213 820 1282 αἰσχυνόμενον.
864 1213 1002 1265 Ἀλλ’
1038 1215 1116 1265 ὅτι
1150 1215 1223 1283 μὴ
1277 1216 1367 1267 καὶ
1400 1214 1615 1284 βασιλεῖ
1648 1216 1969 1286 δεδογμένον

405 1307 547 1358 τοῦτ’
580 1302 647 1376 ἦν
683 1304 1125 1376 ματαιότητικαὶ
1148 1304 1406 1373 νηπιὼδει
1461 1306 1645 1377 μωρίᾳ
1698 1308 1799 1377 τὴν
1843 1308 1967 1378 ἴσην

2070 585 2171 637 bus
2200 597 2560 653 opportunam
2594 586 2818 639 haberet
2847 582 3026 653 fugant
3077 581 3446 637 necessitatis.
3497 580 3643 647 Qua-

2070 686 2293 745 propter
2363 678 2644 731 nonnullis
2694 675 2970 746 episcopis
3026 674 3204 729 visunt
3250 681 3353 738 est,
3420 671 3641 743 injustis

2065 768 2185 835 ejus
2213 767 2521 835 opprobriis
2535 765 3140 836 etsehismatibusjusta
3166 779 3466 834 opponere,
3488 778 3645 818 eum-

2068 860 2418 928 que,quippe
2478 868 2585 912 tam
2620 859 2930 933 improbum
2987 868 3042 912 et
3076 857 3383 915 temeritate
3440 855 3642 926 linguae

2067 949 2334 1015 continuo
2383 964 2550 1020 supra
2604 964 2822 1004 omnem
2873 948 3143 1019 pudorem
3202 947 3642 1018 superbientem,

2066 1054 2131 1093 ex
2183 1041 2313 1096 sede
2352 1056 2449 1105 sua
2494 1041 2546 1095 vi
2577 1040 2871 1109 depellere.
2914 1040 3016 1096 Sed
3067 1054 3188 1105 cum
3221 1055 3327 1093 non
3363 1040 3498 1108 imp.
3553 1037 3639 1091 vi-

2070 1145 2194 1183 sum
2226 1141 2394 1194 esset,
2446 1132 2600 1185 vanis
2623 1132 2868 1194 consiliis
2900 1141 2955 1195 et
2978 1130 3176 1200 puerili
3232 1130 3520 1185 dementiae
3545 1144 3645 1197 pa-

2064 1238 2177 1277 rem
2234 1226 2538 1279 antidotum
2596 1239 2896 1293 opponere,
2980 1221 3247 1293 judicium
3309 1233 3642 1295 suspensum

2066 1315 2330 1380 hmrebat,
2370 1317 2544 1370 donec
2574 1315 2751 1370 vocati
2799 1313 3041 1384 episcopi
3085 1311 3498 1376 convenissent.

407 1401 671 1454 ἀντίδοσιν
704 1399 859 1470 δρᾷν,
890 1400 946 1449 ἐν
978 1399 1237 1468 μετεώρῳ
1294 1397 1363 1451 τὰ
1391 1400 1488 1469 τῆς
1524 1398 1678 1471 δίκης
1739 1402 2101 1476 ἀποκέκριται
2144 1411 2306 1480 μέχρι
2367 1410 2469 1481 τῆς
2508 1409 2618 1463 τῶν
2681 1409 3101 1481 προκληθέντων
3137 1407 3452 1469 ἐπισκόπων
3496 1403 3649 1473 ὲνδητ

413 1498 560 1566 μίαςς

480 1588 569 1657 (τ’.
606 1588 674 1641 ὐ
729 1605 789 1656 γε
848 1587 951 1656 μὴν
1004 1586 1345 1656 πατριάρχης
1393 1584 1491 1647 τὰς
1541 1584 1649 1638 τῶν
1703 1584 1970 1638 πλείστων

408 1683 721 1749 δυσφήμους
766 1678 1151 1747 αἰσχυνόμενος
1196 1677 1384 1738 ἀκοὰς,
1421 1677 1560 1729 οἴκοι
1600 1675 1660 1729 τὸ
1707 1676 1968 1744 παράπαν

408 1774 664 1844 ἀπρόῖτος
698 1770 881 1840 ἔμεινε
915 1769 1007 1822 τοῦ
1041 1769 1250 1833 λοιποῦ,
1288 1769 1540 1832 ἀπειλαῖς
1577 1771 1968 1838 παραπέμπων

408 1865 474 1916 τὰ
511 1864 770 1931 μέλλοντα
807 1861 1065 1914 πλείοσιν.
1100 1861 1204 1912 Ἑῶ
1236 1862 1341 1931 γὰρ
1375 1862 1551 1927 λέγειν
1581 1862 1679 1914 ὅσα
1709 1865 1772 1932 τῇ
1808 1863 1970 1931 δυση-

408 1954 504 2022 νίῳ
541 1952 732 2005 ἑαυτοῦ
768 1950 982 2021 γλώττῃ
1016 1951 1414 2021 παραδεδωκὼς
1446 1952 1542 2022 τὴν
1574 1952 1813 2005 διάνοιαν
1845 1955 1972 2021 ἑξη-

417 2045 640 2114 ρεύξατό
673 2063 730 2097 τε
767 2045 861 2096 καὶ
893 2044 1264 2114 λελοιδόρηκεν
1296 2042 1532 2113 ἄσεμνα.
1567 2045 1759 2113 Γέγονε
1795 2046 1852 2098 δέ
1886 2064 1973 2109 τις

414 2135 669 2204 διαπορία
702 2136 811 2194 τοῖς
847 2131 951 2206 [τε]
986 2134 1247 2202 ἀκηκοότι
1284 2133 1403 2196 πῶς
1434 2133 1602 2186 τᾶλλα
1634 2134 1741 2186 τῶν
1776 2136 1965 2204 ἐγκλη-

417 2231 601 2296 μάτων
643 2227 857 2280 ἅπαντα
899 2226 956 2277 ὲν
1000 2224 1236 2294 δευτέρῳ
1285 2223 1510 2294 θέμενος
1550 2225 1713 2292 λόγῳ,
1758 2224 1837 2293 τῷ
1875 2228 1973 2294 τῆς

408 2320 762 2389 Μασαλιανῆς
793 2319 1051 2388 αἱρέσεως
1078 2315 1571 2385 ὲμπεφιλοχώρηκε
1610 2317 1843 2384 μάλιστα
1878 2319 1974 2369 καὶ

413 2413 539 2481 περὶ
571 2411 826 2463 πλείστου
861 2409 1148 2479 πεποίηκε.
1185 2409 1292 2461 Καὶ
1324 2408 1473 2462 ἄλλοι
1510 2409 1607 2476 μὲν
1636 2407 1802 2473 ἄλλα,
1838 2408 1972 2463 πάν-

408 2519 514 2555 των
545 2501 591 2554 δ’
615 2500 693 2562 είς
724 2498 819 2553 ἕνα
857 2498 1054 2551 σκοπὸν
1084 2497 1145 2550 τὸ
1183 2499 1356 2566 πέρας
1391 2495 1643 2566 ἤθροιζεν
1676 2498 1709 2566 ἡ
1746 2513 1973 2564 συμφω-

410 2593 495 2645 νία
527 2592 609 2645 ὅτι
643 2591 871 2645 παλαιὸν
901 2589 1050 2659 αὐτῷ
1080 2589 1292 2659 νόσημα
1324 2587 1382 2642 ὃν
1412 2587 1615 2652 τουτοϊ,
1648 2589 1740 2642 καὶ
1776 2588 1973 2642 πολλά-

412 2701 493 2746 κις
523 2682 686 2736 αὐτοῦ
713 2680 1088 2751 κατηγορηθὲν
1120 2681 1213 2733 καὶ
1240 2679 1388 2751 παρά
1420 2678 1629 2731 πολλῶν
1655 2677 1969 2747 ἀλλοτρίων,

411 2774 504 2827 νῦν
541 2777 779 2841 ἄφυκτον
814 2774 938 2843 ἔσχε
971 2772 1069 2843 τὴν
1103 2772 1330 2842 δύναμιν
1365 2773 1397 2841 ἡ
1438 2788 1759 2841 κατηγορια,
1793 2771 1874 2822 ὅτι
1911 2774 1974 2824 ὲκ

411 2867 517 2919 τῶν
546 2865 692 2918 ἔνδον
724 2865 815 2918 καὶ⁵
849 2865 955 2918 τῶν
983 2864 1198 2923 οἰκείων
1230 2864 1323 2917 καὶ
1355 2863 1445 2931 ἀφ’
1471 2863 1652 2925 ἑστίας
1691 2866 1716 2915 ό
1745 2862 1845 2930 τῆς
1879 2880 1975 2914 κα·-

414 2959 535 3022 κίας
572 2956 889 3026 ἐξελήλυθεν
925 2955 1167 3024 ἔλεγχος.
1203 2955 1276 3017 ὡς
1312 2957 1340 3007 6
1375 2955 1482 3006 τῶν
1517 2955 1834 3006 ἐπισκόπων
1874 2972 1973 3021 με-

418 3044 733 3114 μαρτύρηκέ
761 3059 819 3095 τε
849 3043 942 3096 καὶ
970 3041 1396 3096 διεδεδαιώσατο
1422 3041 1580 3109 λόγος
1609 3042 1685 3113 τῷ
1719 3042 1932 3110 βασιλεῖ
1955 3058 1969 3072 ο

2150 1587 2237 1642 Vl.
2273 1590 2591 1645 Patriarcha
2622 1591 2810 1660 igitur,
2862 1605 2983 1644 cum
3033 1595 3142 1642 tam
3187 1587 3483 1641 multorum
3517 1600 3642 1640 eum

2076 1684 2500 1751 opproliriorum
2538 1683 2788 1752 puderet,
2817 1681 2965 1737 domi
2998 1694 3056 1734 se
3086 1678 3361 1734 continuit
3388 1692 3486 1747 per
3512 1678 3644 1732 reli-

2075 1791 2246 1844 quum
2278 1784 2513 1844 tempus,
2544 1774 2765 1829 omnino
2798 1774 3081 1844 negligens
3128 1771 3480 1834 minationes,
3515 1783 3643 1825 eas-

2073 1882 2179 1936 que
2221 1867 2527 1936 repellens;
2556 1865 2713 1920 mitto
2739 1865 2887 1920 enim
2925 1865 3130 1926 dicere,
3161 1862 3535 1932 quomomodo
3591 1862 3640 1916 is

2076 1968 2313 2012 metuent
2341 1973 2491 2011 suam
2528 1957 2807 2011 indomitae
2832 1956 3031 2024 lingua:
3059 1954 3397 2010 concesserit
3449 1963 3506 2007 et
3538 1953 3643 2007 hoc

2076 2050 2237 2116 modo
2274 2050 2589 2119 turpissima
2616 2048 2948 2104 eruetaverit
2971 2056 3025 2101 et
3054 2045 3340 2100 maledicta
3380 2044 3644 2114 profude-

2075 2143 2164 2196 rit.
2192 2141 2322 2197 Orta
2362 2151 2542 2198 autem
2574 2149 2659 2196 est
2704 2139 2925 2195 consilii
2988 2136 3241 2208 penuria,
3287 2152 3414 2191 cum
3481 2135 3645 2206 540

2074 2233 2331 2288 audirent
2362 2234 2463 2296 illi,
2486 2248 2612 2287 eum
2643 2240 2841 2287 cuncta
2868 2229 2972 2283 alia
3018 2228 3250 2283 crimina
3272 2242 3383 2281 non
3411 2235 3498 2281 sat
3529 2241 3644 2280 ma-

2073 2326 2161 2395 gni
2190 2325 2510 2388 aestimasse,
2543 2331 2598 2377 et
2619 2322 2705 2377 vel
2736 2320 3033 2391 plurimum
3066 2317 3374 2372 Manliana:
3415 2315 3644 2373 haeresis

2074 2413 2293 2469 crimini
2339 2414 2597 2468 tribuisse
2658 2412 2824 2483 idque
2856 2410 3082 2482 plurimi
3122 2408 3406 2464 habuisse.
3451 2407 3661 2476 Itaque,

2074 2507 2210 2560 alios
2233 2506 2357 2568 alia.
2420 2518 2612 2560 omnes
2668 2519 2797 2558 vero
2828 2519 2933 2557 una
2988 2502 3179 2556 in'hac
3239 2515 3297 2556 re
3340 2513 3645 2554 consensus

2079 2613 2246 2653 unam
2284 2598 2337 2651 in
2374 2605 2617 2651 mentem
2668 2594 2976 2663 conjunxit,
3021 2591 3274 2647 baaresim
3324 2591 3476 2647 illam
3528 2589 3643 2658 jam

2076 2688 2167 2742 diu
2202 2689 2568 2743 inveteratum
2602 2686 2724 2755 ejus
2745 2686 3000 2740 morbum
3037 2670 3180 2744 esse,
3240 2689 3298 2736 et
3321 2681 3433 2751 jam
3493 2694 3641 2748 saepe

2075 2779 2124 2833 ei
2153 2778 2370 2832 crimini
2397 2778 2585 2831 datum
2636 2775 2774 2845 ipsis
2816 2775 2885 2830 ab
2950 2771 3245 2827 extraneis.
3299 2771 3643 2839 Quapropter

2078 2879 2210 2925 tunc
2276 2869 2646 2922 ﬁrmissimam
2701 2881 2923 2921 causam
2976 2863 3209 2934 praebuit
3281 2861 3641 2922 accusationi,

2076 2971 2198 3010 cum
2233 2955 2302 3010 ab
2327 2955 2601 3023 indigenis
2626 2964 2683 3009 et
2708 2953 3025 3009 domesticis
3054 2962 3110 3007 et
3143 2950 3506 3009 familiaribus
3536 2950 3641 3002 im-

2076 3045 2295 3117 pietatis
2323 3045 2677 3115 Opprobrium
2704 3044 2906 3100 factum
2935 3053 3083 3099 esset
3133 3041 3432 3097 secundum
3491 3040 3646 3094 testi-

413 3140 619 3207 ἔφασαν
649 3139 756 3208 γὰρ
785 3137 856 3189 τά
882 3154 941 3189 τε
972 3136 1106 3190 ἄλλα
1134 3134 1274 3189 κατὰ
1300 3134 1394 3188 τοῦ
1428 3135 1769 3205 πατριάρχου
1801 3138 1847 3187 oi
1877 3134 1972 3187 τοῦ

2077 3136 2256 3191 monia
2298 3143 2354 3191 et
2387 3145 2729 3207 argumenta,
2762 3151 2884 3205 quae
2932 3134 3046 3205 regi
3106 3135 3175 3188 ab
3209 3130 3486 3202 episcOpis
3513 3130 3639 3184 data

415 3231 784 3299 πατριάρχου,
830 3228 922 3281 κού⁸
962 3225 1037 3290 ὡς
1080 3228 1108 3278 6
1151 3227 1212 3279 τὸ
1264 3227 1549 3296 μοναδικὺν
1596 3227 1975 3296 περικείμενος

416 3323 617 3390 σχῆμα.
665 3317 929 3387 Σκορπίος
972 3315 1346 3382 τούπώνυμον,
1396 3310 1456 3371 οὗ
1502 3317 1669 3379 πολὺς
1717 3318 1976 3379 πολλάκις

414 3408 603 3474 γέγονε
635 3407 789 3474 λόγος
810 3406 884 3477 [ί.
917 3405 1023 3459 266
1054 3405 1130 3474 b.J
1163 3407 1271 3465 τοῖς
1301 3420 1360 3455 τε
1393 3403 1577 3465 ἄλλοις
1611 3406 1702 3457 καὶ
1739 3404 1976 3472 μάλιστα

413 3501 525 3553 τοῖς
566 3499 624 3550 ὲν
655 3497 803 3566 ’Δθῳ
849 3496 926 3565 τῷ
971 3496 1087 3566 ὄρει
1125 3494 1224 3562 τὴν
1260 3495 1494 3565 ἄσκησιν
1532 3493 1842 3559 διανύουσι,
1884 3496 1977 3547 καὶ

415 3585 474 3644 οὗ
511 3588 669 3663 χάριν
701 3588 794 3649 δύο
829 3588 921 3641 καὶ
954 3588 1102 3656 τρεῖς
1138 3603 1242 3639 που
1277 3584 1644 3655 τομογραφίαι
1679 3586 1773 3637 καὶ
1809 3584 1976 3637 ὕπαι-

416 3682 533 3751 θροι
563 3679 884 3749 κατηγορίαι
918 3677 1047 3745 παρ’
1070 3676 1293 3730 ἐκείνων
1318 3677 1375 3727 ὲν
1402 3676 1975 3729 Κωνσταντινουπόλει

414 3771 491 3840 τῷ
523 3787 581 3820 τε
612 3769 929 3837 ιπατριὰρχῃ
965 3769 1056 3819 καὶ
1085 3769 1200 3827 τοῖς
1233 3764 1549 3828 ἐπισκόποις
1585 3765 1973 3840 ἐπέμφθησαν,

418 3838 719 3932 μηνύουσαι
754 3858 1000 3931 φρικώδη
1029 3876 1088 3911 τε
1123 3859 1219 3912 καὶ
1253 3858 1483 3911 πλεῖστα
1516 3854 1737 3927 μυσαρέ
1769 3838 1871 3911 καί
1902 3857 1976 3925 μὴ

421 3954 577 4020 μόνον
609 3952 943 4020 Χριστιανῶν
976 3952 1167 4012 ἀκοαῖς
1196 3949 1543 4018 ἀποτρόπαια
1573 3949 1668 4001 καὶ
1695 3947 1813 4001 λίαν
1847 3965 1976 4016 φευ-

418 4040 519 4092 κτά
538 4079 553 4102 ,
586 4040 721 4091 ἀλλὰ
755 4040 846 4090 καὶ
874 4038 985 4098 τοῖς
1016 4035 1307 4105 βαρϐάρων
1337 4034 1669 4095 ἀθεωτάτοις
1699 4034 1977 4087 κατάπτυ-

419 4147 537 4183 στα.
562 4121 726 4190 Οὗτος
754 4126 868 4191 οὖν,
897 4127 1083 4193 φασιν,
1111 4124 1260 4179 ὁπότ’
1281 4126 1344 4177 ὲκ
1370 4123 1708 4195 Τριϐαλλῶν,
1735 4126 1830 4177 καὶ
1856 4124 1976 4177 ὅθεν

416 4221 635 4276 ἄλλοθεν
685 4220 784 4282 τὰς
834 4217 1062 4288 ἀδήλους
1111 4218 1348 4269 ποιεῖται
1396 4215 1618 4286 χρονίας
1663 4215 1975 4285 διατριϐὰς,

416 4311 706 4383 ἐπιδημοίη
749 4311 813 4379 τῇ
860 4300 1455 4376 Κωνσταντινρυπόλει,
1504 4307 1651 4378 μόνῳ
1693 4308 1977 4377 Καλλίστῳ

415 4401 709 4472 ὁμόστεγός
736 4416 795 4454 τε
826 4401 920 4454 καὶ
948 4401 1249 4471 ὁμοδίαιτος
1276 4399 1487 4467 γίνεται
1514 4399 1594 4468 τῷ
1624 4399 1975 4472 πατριάρχῃ,

2074 3238 2250 3297 erant.
2283 3229 2641 3284 Protuleruut
2679 3227 2826 3282 enim
2851 3227 2904 3280 hi
2930 3228 3072 3281 inter
3129 3224 3234 3278 alia
3286 3224 3340 3279 in
3389 3223 3640 3291 ipsorum

2077 3320 2761 3392 patriarcham,addictum
2796 3334 2917 3374 esse
2958 3334 3087 3373 eum
3123 3315 3380 3372 solitaria:
3404 3328 3645 3368 consue-

2079 3411 2254 3466 tudini
2315 3412 2654 3481 Scorpionis,
2695 3410 2763 3465 de
2797 3426 2906 3480 quo
2963 3408 3130 3464 multa
3169 3407 3280 3478 jam
3308 3405 3508 3475 smpius
3555 3404 3644 3457 di-

2076 3501 2290 3570 vulgata
2320 3510 2447 3555 sunt
2478 3502 2545 3555 ab
2570 3501 2763 3555 aliis'ct
2796 3500 2849 3553 in
2883 3497 3076 3568 primis
3103 3495 3170 3549 ab
3201 3495 3270 3549 iis
3296 3493 3389 3561 qui
3418 3493 3471 3546 in
3497 3491 3642 3546 Atho

2078 3602 2266 3646 monte
2290 3592 2594 3647 solitariam
2646 3591 2815 3644 vitam
2875 3588 3100 3658 degunt,
3150 3594 3205 3639 et
3231 3597 3453 3653 prepter
3478 3595 3642 3650 quem

2079 3685 2191 3738 duo
2220 3685 2306 3738 vel
2338 3693 2448 3737 tres
2485 3683 2613 3736 libri
2661 3690 2717 3737 et
2752 3680 2986 3749 publica:
3035 3675 3413 3732 accusationes
3466 3672 3535 3725 ab
3580 3671 3645 3724 iis

2075 3774 2682 3842 Constantinopolitano
2712 3770 3039 3841 patriarcha:
3070 3776 3126 3822 et
3153 3765 3427 3835 episcopis
3463 3761 3646 3815 missae

2076 3873 2258 3929 erant,
2303 3865 2649 3918 declarantes
2716 3859 3006 3915 horribilia
3040 3866 3097 3912 et
3147 3854 3382 3910 nefanda
3437 3852 3643 3907 scelera

2075 3969 2185 4009 non
2211 3955 2386 4009 solum
2408 3952 2849 4009 Christianorum
2890 3948 3121 4003 auribus
3160 3945 3349 4000 odiosa
3394 3950 3450 3997 et
3488 3941 3645 3995 valde

2076 4042 2467 4108 abominanda,
2490 4042 2585 4096 sed
2622 4041 2791 4095 etiam
2832 4038 3083 4094 barbaris
3142 4033 3423 4104 religionis
3464 4030 3648 4086 omnis

2079 4135 2281 4204 ignaris
2316 4134 2514 4189 invisa.
2577 4132 2625 4188 ls
2657 4132 2827 4196 enim,
2876 4126 3154 4198 inquiunt,
3191 4122 3410 4194 quando
3437 4137 3467 4177 e
3517 4120 3645 4175 Tri-

2078 4227 2238 4281 ballis
2262 4226 2346 4280 vel
2367 4225 2585 4280 aliunde
2618 4224 2713 4278 ubi
2750 4221 2994 4277 occultas
3022 4233 3119 4288 pro
3154 4226 3398 4283 tempore
3436 4212 3647 4267 habita-

2079 4317 2312 4370 tationes
2355 4315 2626 4380 habuerit,
2662 4309 3215 4380 ~Constantinopolim
3254 4320 3311 4358 se
3368 4303 3640 4366 conferat,

2078 4409 2247 4463 solius
2270 4407 2477 4462 Callisti
2507 4405 2831 4476 patriarcha:
2857 4398 3267 4457 contubernalis
3310 4404 3367 4450 et
3420 4395 3645 4448 convic.

419 4495 513 4546 καὶ
563 4493 919 4562 μυσταγωγὸς
968 4494 1064 4546 καὶ
1119 4490 1329 4561 μύστης
1378 4490 1706 4563 ἀπορρήτων
1751 4492 1970 4561 ὀργίων.

2080 4509 2163 4554 tor
2186 4499 2341 4569 54],
2380 4508 2481 4563 est,
2515 4506 2571 4553 et
2603 4497 2985 4569 mysteriorum
3014 4493 3272 4563 magister
3310 4498 3366 4542 et
3400 4486 3648 4541 initiator

425 4585 630 4639 Ἐπειτ’
657 4586 866 4638 ἐκεῖθεν
902 4583 994 4637 ἰὼν
1027 4585 1082 4640 ὲν
1113 4583 1189 4654 τῷ
1224 4585 1388 4654 κήπῳ
1427 4584 1639 4654 ἐνουρεῖ
1671 4585 1979 4654 καθήμενος

419 4680 480 4747 τῇ
511 4677 620 4730 τῶν
647 4676 898 4747 πρασιῶν
928 4675 1058 4745 χλόῃ
1092 4674 1189 4727 καὶ
1217 4675 1322 4746 πόᾳ
1342 4715 1357 4739 ,
1390 4674 1596 4743 ὁπόσην
1626 4673 1717 4727 καὶ
1745 4674 1865 4726 οἷαν
1893 4674 1980 4728 διὰ

418 4769 477 4847 sb
506 4768 714 4847 οἴκοθεν
744 4765 973 4836 εὔοσμον
1003 4768 1122 4827 ταῖς
1157 4764 1380 4835 χύτραις
1415 4763 1776 4832 ἐμϐάλλουσιν
1805 4765 1853 4817 οἱ
1882 4765 1980 4827 τὰς

418 4860 524 4933 τῷν
545 4842 852 4934 ἐδεσμάτων
876 4857 1256 4926 ὲτοιμάζοντες
1278 4858 1343 4926 τῇ
1368 4854 1462 4908 τοῦ
1491 4856 1829 4925 πατριάρχου
1851 4872 1981 4925 τρα-

421 4949 566 5023 πέζῃ
588 4949 881 5025 ποικιλίας.
908 4948 1017 5002 Καὶ
1040 4947 1218 5018 ήμῶν,
1243 4948 1396 5013 φασὶ,
1422 4945 1521 5017 τὴν
1544 4947 1725 4999 αἰτίαν
1748 4947 1840 4999 τοῦ
1865 4949 1981 5000 τολ-

425 5040 674 5119 μήματος
708 5026 979 5119 ἐρομένων
1010 5040 1101 5119 καὶ
1136 5038 1285 5102 ἅπαξ
1318 5038 1410 5090 καὶ
1445 5039 1558 5102 δὶς,
1590 5038 1741 5090 οὐδὲν
1771 5039 1979 5102 ἐκεῖνος

421 5114 521 5200 ἔφη
552 5130 736 5203 καινδν
767 5112 902 5187 εἶναι
932 5112 1080 5182 τουτί
1104 5145 1118 5160 ⁸
1152 5130 1245 5205 καὶ
1275 5128 1384 5198 γάρ
1413 5129 1505 5183 καὶ⁵
1537 5130 1702 5192 κύνες
1733 5128 1982 5198 ἐνουροῦ-

422 5237 506 5273 σιν
528 5221 719 5282 αὐταῖς
742 5222 835 5274 καὶ
860 5220 1043 5289 γαλαῖ,
1069 5220 1162 5274 καὶ
1189 5220 1392 5296 κόπρια
1421 5220 1798 5291 ὲπιρραίνουσι
1826 5221 1980 5284 ζώων

421 5310 628 5377 ἀλόγων
658 5327 717 5361 τε
748 5310 842 5362 καὶ
870 5299 1190 5381 ἀνθρώπων,
1223 5310 1272 5362 εί
1300 5299 1450 5388 τύχοι
1481 5325 1582 5383 που
1608 5326 1623 5340 ο
1655 5309 1749 5362 καὶ
1778 5308 1839 5360 τὸ
1869 5326 1980 5361 κω·

421 5398 545 5451 λύον
573 5399 744 5453 οὐδέν.
775 5401 884 5452 Καὶ
912 5388 1083 5453 ταῦτα
1114 5402 1214 5470 μὲν
1243 5386 1493 5471 ἐρόμενοι
1524 5386 1875 5470 ἢκηκόεισαν,
1906 5400 1981 5462 ὡς

421 5490 614 5543 ἐκεῖνοι
641 5489 804 5559 φασίν
828 5506 852 5566 '_
870 5490 906 5545 ἃ
934 5491 989 5544 δὲ
1021 5492 1217 5554 ἰδόντες
1247 5495 1371 5561 σιγῇ
1401 5490 1502 5561 μὲν
1528 5491 1614 5542 ἐπ’
1640 5476 1847 5544 ἐκείνου
1877 5508 1979 5543 τια-

423 5582 671 5659 ραδόντες
698 5582 898 5650 ἥκιστα
927 5585 1135 5654 ἤροντο,
1170 5585 1523 5653 πεπεισμένοι
1556 5572 1675 5635 λίαν
1704 5574 1896 5636 ἀνόσιά
1923 5599 1978 5635 τε

423 5675 514 5726 καὶ
540 5672 742 5743 βέϐηλα
768 5660 909 5728 εἶναι
936 5677 1026 5729 καὶ
1053 5678 1310 5746 ἄντικρυς
1334 5674 1645 5742 διασολικῆς
1674 5675 1808 5745 ἔργα
1834 5661 1978 5727 6:61-

425 5766 682 5828 σκαλίας,
713 5770 820 5830 τοῖς
850 5767 890 5819 δ’
919 5769 1233 5832 ἐπισκόποις
1263 5766 1541 5836 ὲμῇνυσάν
1575 5784 1629 5820 τε
1664 5769 1754 5822 καὶ
1784 5769 1974 5821 διεκω-

2080 4587 2747 4657 arcanorum'brgioruni.
2783 4586 2913 4640 Post
2937 4585 3054 4639 haec
3075 4594 3259 4638 autem
3294 4582 3335 4636 it
3367 4584 3431 4638 ad
3466 4584 3645 4635 locum

2080 4680 2254 4734 urina:
2277 4688 2332 4734 et
2381 4679 2534 4735 sedet
2560 4680 2613 4732 in
2643 4676 2830 4732 herbis
2864 4676 3137 4731 viridibus
3183 4686 3240 4731 et
3281 4675 3647 4746 graminibus,

2080 4771 2263 4843 qualia
2290 4771 2436 4825 domi
2478 4783 2699 4840 propter
2732 4769 2936 4823 bonum
2979 4769 3202 4823 odorem
3234 4763 3358 4822 ollas
3390 4766 3650 4836 injiciunt

2080 4862 2174 4932 qui
2200 4861 2353 4917 cibos
2381 4860 2564 4914 varios
2598 4868 2787 4928 parant
2837 4874 3038 4913 mensa:
3068 4858 3418 4927 patriarchae.
3473 4855 3648 4911 Nobis

2080 4964 2284 5019 autem,
2313 4956 2588 5025 inquiunt,
2612 4968 2831 5007 causam
2863 4953 3026 5021 hujus
3053 4952 3201 5006 inira:
3224 4951 3301 5007 rei
3326 4951 3651 5022 rogantibus

2081 5046 2244 5100 etiam
2294 5056 2460 5115 atque
2500 5046 2685 5107 etiam,
2722 5042 2883 5102 nihil,
2919 5042 3200 5112 respondit
3245 5042 3355 5103 ille,
3403 5057 3525 5095 esse
3593 5041 3647 5093 in

2081 5138 2188 5192 hoc
2245 5136 2393 5190 miri.
2455 5137 2590 5190 Nam
2646 5144 2702 5188 et
2764 5150 2928 5188 canes
3007 5134 3375 5202 cntnmingere
3438 5148 3533 5189 eas
3591 5141 3649 5184 ct

2079 5226 2215 5280 feles
2238 5232 2296 5279 et
2320 5236 2534 5280 stercus
2558 5224 2632 5277 ibi
2667 5222 2845 5277 facere
2879 5222 3079 5276 bestias
3108 5232 3164 5276 et
3216 5222 3364 5290 ipsos
3391 5224 3647 5275 homines

2080 5316 2128 5369 si
2179 5316 2477 5368 necessitas
2528 5322 2720 5381 urget;
2769 5326 2945 5380 neque
2985 5310 3283 5379 quidquam
3331 5325 3427 5363 eos
3472 5309 3647 5377 impc-

2081 5405 2220 5459 dire.
2254 5403 2378 5459 Haec
2416 5404 2580 5472 igitur
2620 5416 2887 5470 responsa
2935 5402 3184 5455 tulerunt
3227 5411 3287 5455 ut
3321 5401 3397 5454 illi
3431 5400 3646 5455 dicunt.

2082 5495 2188 5551 Sed
2233 5493 2336 5549 alia
2361 5511 2484 5564 qua:
2528 5493 3036 5547 animadverterant
3077 5492 3224 5547 taciti
3255 5502 3312 5547 et
3342 5491 3411 5547 de
3444 5492 3649 5561 quibus

2082 5603 2207 5643 eum
2239 5602 2345 5641 non
2397 5595 2738 5655 rogaverunt,
2780 5599 2922 5673 ⁸(ιιιιιι
2959 5584 3064 5639 sibi
3100 5598 3425 5653 persuasum
3471 5584 3644 5639 hahe-

2082 5689 2204 5732 rent
2239 5676 2400 5745 impia
2443 5690 2505 5729 ea
2546 5688 2666 5727 esse
2696 5683 2750 5727 et
2774 5671 3095 5729 detestanda
3145 5682 3202 5727 et
3234 5671 3520 5728 diabolica:
3546 5675 3645 5729 do-

2083 5767 2272 5845 ctrina:
2310 5782 2494 5835 opera,
2526 5780 2755 5835 quantine
2796 5764 3069 5835 episcopis
3100 5762 3400 5818 retulerant
3441 5775 3495 5821 et
3545 5783 3639 5830 cx-
