4134 6286
424 293 530 358 479

1631 290 2040 352 NICEPIIORI
2081 289 2461 350 GREGOILE

3556 285 3656 350 480

422 412 734 474 posuerant,
751 405 867 460 inec
891 407 1086 461 melius
1103 415 1186 462 est
1212 403 1434 462 silentio
1461 405 1764 474 praztcrire.
1793 405 1985 460 Sciunt

2119 399 2316 452 ὡνισαν
2339 440 2353 460 .
2393 399 2544 452 ταῦτ’
2574 401 2789 471 ἄρρητα
2829 399 2925 468 μὲν
2964 397 3184 466 ἄμεινον
3217 395 3472 450 κεῖσθαι*
3507 396 3650 450 ἴσασι

417 499 568 550 enim
607 499 697 565 qui
735 499 935 566 scripta
961 499 1050 552 illa
1077 499 1331 568 legerunt
1377 509 1432 554 et
1483 501 1793 554 docuerunt
1845 500 1986 555 foeda

421 608 486 640 ea
522 604 641 642 esse
673 590 1097 646 Masalianorum
1133 593 1401 648 inStituta.

499 767 612 822 VII.
663 767 778 822 1am
821 770 1170 823 meminimus
1217 769 1480 838 scriptum
1523 769 1625 824 sub
1677 771 1990 840 patriarcha

425 859 640 912 Joanne
671 861 983 926 quindecim
1019 861 1130 913 fere
1155 861 1352 914 abhinc
1383 862 1542 914 annis
1563 861 1721 916 nobis
1757 877 1822 916 ex
1852 863 1993 915 Atho

427 957 614 1000 monte
639 962 758 1000 esse
791 948 1020 1008 editum,
1045 949 1130 1002 cui
1157 950 1270 1002 fere
1300 950 1545 1002 omnium
1575 951 1648 1005 ibi
1679 951 1992 1020 degentium

433 1039 824 1091 monachorum
879 1041 1100 1093 nomina
1143 1041 1452 1110 subscripta
1511 1053 1660 1108 sunt,
1731 1053 1787 1098 et
1853 1046 1996 1099 inter

427 1128 538 1181 alia
571 1129 622 1180 in
650 1129 838 1196 primis
868 1127 1034 1183 lsnaci
1069 1147 1266 1185 nomen
1331 1135 1424 1202 qui
1487 1151 1553 1188 eo
1581 1135 1697 1204 ipso
1751 1144 1997 1206 tempore

431 1217 718 1284 plurimam
755 1217 826 1270 ibi
858 1222 1237 1275 auctoritatem
1263 1223 1569 1288 obtinebat,
1592 1235 1648 1279 et
1671 1227 2000 1294 patriarchze

435 1309 552 1373 ejus
599 1309 702 1360 loci
747 1319 801 1362 et
832 1310 1074 1379 episcopi
1134 1313 1224 1380 qui
1270 1313 1354 1367 vir
1405 1328 1522 1370 erat
1555 1317 1752 1385 plenus
1793 1319 1998 1384 Spiritu

437 1399 644 1450 divino.
671 1399 826 1463 Quod
863 1399 1022 1470 542
1053 1404 1316 1471 scriptum
1341 1417 1540 1459 sancta)
1569 1419 1769 1463 nostrae
1792 1411 2000 1480 synodo

439 1486 1044 1542 indicavitnominatim
1081 1507 1271 1547 omnes
1325 1505 1380 1547 et
1424 1493 1668 1564 singulos
1733 1515 1999 1569 Quosque.

439 1575 531 1641 qui
563 1575 710 1628 vultu
746 1577 964 1644 pietatis
1011 1579 1186 1633 induti
1223 1583 1452 1636 multum
1508 1603 1603 1653 per
1639 1597 1850 1657 tempus
1882 1592 2004 1660 qui—

441 1667 564 1718 dem
589 1668 851 1736 incogniti
892 1677 1058 1722 sacra'
1091 1676 1292 1728 montis
1337 1675 1481 1729 illius
1521 1679 1638 1732 loca
1693 1678 2005 1749 frequenta-

2091 496 2198 562 γὰρ
2246 497 2290 544 οξ
2335 493 2434 556 τὰς
2476 492 2850 562 τομογραφίας
2899 492 3112 552 ἐκείνας
3155 487 3522 556 ἀνεγνωκότες
3565 489 3656 541 καὶ

2091 583 2506 650 ἀποφηνάμενοι
2539 581 2904 635 Μασαλιανῶν
2937 575 3076 633 εἶναι
3106 577 3175 633 τὰ
3207 579 3382 634 τοιάδε
3417 579 3526 632 τῶν
3559 595 3662 647 μυ-

2093 675 2274 744 σαρῶν
2305 675 2774 746 ἐπιτηδευμάτων.

2163 767 2236 822 Ζ’.
2281 768 2630 836 Μεμνήμεοα
2669 767 2775 834 γὰρ
2799 767 2875 828 ὡς
2899 765 2996 817 καὶ
3021 765 3112 816 ἐπὶ
3165 763 3413 818 Ἰωάννου
3437 761 3528 814 τοῦ
3557 780 3660 814 πα-

2090 861 2351 928 τριάρχου
2389 861 2492 929 πρὸ
2514 860 2652 911 ἐτῶν
2683 859 2846 926 ἐγγὺς
2877 854 2942 928 [ί.
2960 857 3065 910 267
3084 855 3140 926 α]
3163 854 3553 909 πεντεκαίδεκα
3581 854 3668 902 τί-

2097 967 2195 1019 μος
2227 953 2360 1019 ἡμῖν
2387 951 2443 1016 ἐξ
2467 949 2628 1020 ὅρους
2649 947 2741 1001 τοῦ
2773 949 2920 1001 Ἀθω
2941 947 3286 1015 κεκόμισται,
3309 946 3428 1007 ταῖς
3453 943 3666 997 πάντων

2098 1041 2282 1110 σχεδὸν
2307 1041 2414 1093 τῶν
2440 1042 2556 1094 ἐκεῖ
2585 1040 2825 1108 λογάδων
2853 1057 2981 1108 σεση
2993 1041 3266 1108 μασμένος
3299 1039 3663 1104 ὑπογραφαῑς,

2097 1132 2193 1183 καὶ
2223 1130 2328 1198 πρό
2359 1147 2420 1198 γε
2451 1132 2670 1183 πάντων
2699 1132 2792 1182 καὶ
2825 1131 2963 1200 μετὰ
2996 1131 3214 1183 πάντων
3243 1129 3337 1182 τοῦ
3368 1127 3666 1197 τηνικαῦτα

2095 1221 2154 1272 τὸ
2189 1223 2458 1289 πρωτεῖον
2493 1221 2708 1290 ἔχοντος
2745 1222 2929 1274 Ἰσαὰκ
2953 1259 2967 1282 ,
3003 1223 3098 1274 κοιλ¹
3130 1219 3245 1290 ἁμα
3273 1219 3366 1271 τοῦ
3403 1220 3664 1288 ἀρχιερα-

2098 1312 2352 1373 τεύοντος
2377 1312 2470 1365 καὶ
2495 1311 2920 1374 ἐπισκοποῦντος
2947 1315 3062 1364 ἐκεῖ
3091 1313 3231 1380 μετὰ
3259 1315 3353 1380 τῆς
3379 1311 3471 1374 τοῦ
3505 1310 3668 1362 [Ινεύ-
3699 1384 3710 1392 .

2102 1421 2266 1471 ματος
2315 1403 2539 1472 χάριτος
2589 1402 2737 1456 θείου
2786 1403 2998 1472 ἀνδρὸς,
3047 1403 3223 1472 δηλῶν
3267 1405 3332 1472 τῇ
3379 1403 3668 1472 καθ’ἡμᾶς

2101 1491 2222 1559 ίερᾷ
2252 1491 2453 1559 συνόδῳ
2485 1490 2691 1552 πάντας
2721 1491 2962 1550 ἐκείνους
2991 1489 3252 1558 ὀνομαστὶ
3280 1491 3371 1540 καὶ
3402 1489 3522 1541 καθ’
3544 1489 3669 1542 ἐκα-

2103 1597 2255 1645 στον,
2284 1581 2398 1632 ὅσοι
2431 1581 2772 1648 προσωπεῖον
2801 1581 3090 1642 εὐλαϐείας
3121 1581 3479 1652 ὑποδυόμενοι
3511 1581 3668 1651 λελή-

2103 1671 2226 1722 Οασι
2261 1671 2360 1739 μὲν
2386 1671 2450 1722 ἐκ
2478 1669 2672 1722 πολλοῦ
2701 1671 3040 1739 παραδύντες
3065 1671 3143 1734 είς
3171 1670 3293 1732 τοὺς
3323 1672 3501 1740 ἱεροὺς
3529 1671 3669 1722 ἐκεί-

441 1763 634 1808 vcrant
661 1765 716 1808 et
747 1759 1092 1814 indoctorum
1127 1765 1326 1820 multos
1351 1768 1416 1822 ad
1445 1771 1683 1837 ipsormn
1718 1773 2001 1828 scelestam

2117 1777 2228 1822 νους
2264 1760 2358 1812 τοῦ
2395 1761 2554 1828 ὅρους
2590 1761 2785 1823 τόπους
2808 1803 2820 1826 ,
2863 1761 2954 1814 καὶ
2992 1763 3106 1813 ὅσοι
3144 1761 3252 1813 τῶν
3286 1762 3670 1830 ἁπλουστέρων

441 1843 690 1898 haeresim
727 1849 1082 1914 seduxerant,
1111 1855 1206 1905 sed
1264 1871 1385 1909 cum
1445 1857 1774 1927 deprehensi
1825 1873 2009 1919 essent

439 1949 633 1988 ontnes
668 1953 833 1990 unum
861 1939 913 1992 in
947 1940 1128 1995 locum
1187 1946 1446 2002 conducti
1477 1959 1626 2012 sunt,
1671 1963 1725 2006 et
1789 1955 1882 2022 qui
1943 1972 2008 2010 ex

445 2024 532 2078 his
573 2027 790 2092 publice
827 2030 1069 2098 ipsorum
1105 2037 1412 2092 sceleribus
1480 2041 1774 2098 declaratis
1810 2059 1870 2098 ea
1913 2045 2009 2098 ah—

433 2115 717 2182 jurarent,
785 2119 868 2173 his
925 2137 1148 2179 manere
1199 2127 1364 2182 etiam
1415 2139 1526 2184 tum
1564 2135 1616 2186 in
1676 2145 1861 2189 monte
1919 2135 2012 2190 illo

446 2206 888 2274 concedebatur;
920 2211 1012 2279 qui
1047 2228 1174 2267 vero
1205 2231 1310 2269 non
1342 2219 1680 2288 abjurarent,
1736 2224 1790 2277 hi
1819 2239 2012 2279 omnes

442 2295 656 2362 expulsi
687 2307 816 2352 sunt
847 2301 1004 2354 inviti
1036 2311 1094 2357 et
1139 2321 1266 2360 cum
1297 2311 1446 2364 omni
1505 2312 1824 2380 ignominia,
1853 2331 2012 2370 exce-

451 2385 558 2452 ptis
595 2386 681 2451 iis,
713 2391 806 2458 qui
861 2402 1090 2460 propter
1155 2401 1500 2452 consciorum
1556 2401 1840 2457 silentium
1901 2421 2012 2460 non

441 2480 650 2546 cogniti
677 2493 856 2536 erant.
885 2484 1172 2556 Simulque
1205 2501 1394 2558 postea
1423 2509 1452 2547 e
1483 2509 1639 2548 sacro
1678 2507 1863 2552 monte
1899 2514 2014 2554 mo-

452 2568 756 2623 nachorum
781 2587 1059 2639 praecones
1091 2587 1198 2632 tota
1235 2581 1374 2636 urbe
1413 2591 1469 2636 et
1509 2585 1686 2640 insula
1729 2588 2015 2645 discurre-

453 2665 602 2722 runt,
631 2659 832 2727 scripta
896 2663 1242 2734 divulgantes
1303 2685 1424 2738 quae
1463 2675 1750 2730 scelestam
1794 2679 2014 2734 illorum

445 2746 702 2804 haeresim
741 2754 1058 2810 revelabant
1101 2766 1158 2813 et
1203 2775 1364 2814 nsum
1407 2773 1463 2817 et
1510 2767 1833 2822 societatem
1892 2771 2016 2826 illo-

449 2852 572 2891 rum
621 2851 678 2895 et
729 2857 850 2911 qua
883 2855 1108 2915 agerent
1153 2853 1498 2922 mysteriosa,
1535 2871 1659 2911 cum
1712 2862 1920 2916 nefaria
1960 2873 2016 2918 et

457 2930 682 2984 barbara
697 2941 752 2987 et
781 2935 942 3004 plena
967 2937 1263 3008 impietatis
1291 2956 1500 3010 essent,
1533 2948 1700 3003 vitare
1724 2951 2011 3020 jubebant.

455 3017 580 3075 llzec
603 3021 767 3090 igitur
798 3029 981 3082 omnia
1010 3031 1389 3090 demonstrant
1428 3017 1855 3112 Callistum'jam
1889 3055 2015 3100 ante

455 3111 644 3177 plures
681 3129 856 3171 annos
913 3119 967 3172 in
1027 3121 1446 3181 Masalianorum
1503 3129 1695 3186 haeresi
1745 3145 2018 3190 versatum

453 3215 615 3266 esse;
667 3206 840 3260 multo
892 3209 1062 3264 satius
1118 3223 1300 3269 autem
1359 3218 1410 3271 id
1466 3221 1841 3278 demonstrant
1900 3243 2020 3293 qua:

460 3293 576 3358 ipse
604 3295 720 3348 suis
749 3297 920 3354 labris
943 3301 1010 3355 de
1041 3317 1099 3356 se
1133 3306 1378 3371 proferre
1425 3305 1722 3378 perductus
1767 3325 1905 3382 erat,
1948 3317 2020 3371 ita

461 3391 518 3434 nt
547 3387 848 3440 secundum
875 3393 1226 3458 proverbium
1263 3397 1602 3456 inevitabilis
1631 3403 1788 3472 plaga
1819 3413 1873 3458 et
1921 3405 2021 3462 de-

459 3473 640 3540 cipula
671 3475 825 3530 lirma
856 3479 998 3535 facta
1031 3485 1141 3537 sint
1183 3485 1330 3541 illius
1383 3490 1556 3546 labra.
1608 3492 1848 3562 Apparet
1878 3497 2022 3551 enim

463 3563 621 3618 dolos
643 3581 765 3622 esse
796 3573 977 3624 omnia
1032 3589 1154 3641 qua:
1193 3577 1431 3634 diversis
1484 3585 1828 3652 temporibus
1855 3587 1924 3641 ab
1957 3603 2024 3644 eo

461 3655 584 3710 aliis
615 3657 736 3713 data
765 3673 895 3717 sunt
924 3664 1173 3730 crimina,
1201 3667 1360 3740 543
1385 3681 1438 3726 et
1465 3686 1688 3742 apparet
1741 3693 1866 3732 eum
1899 3695 2024 3735 cum

463 3761 790 3805 convocaret
817 3761 872 3807 et
901 3753 1218 3813 institueret
1255 3761 1529 3817 theatrum
1568 3767 1623 3819 in
1662 3767 1808 3823 Atho
1839 3782 2026 3828 monte

463 3855 525 3890 ex
555 3843 892 3910 Oppositione
921 3850 1358 3920 potissimumlin
1419 3856 1743 3914 Masalianos
1797 3863 1888 3932 qui
1913 3863 2024 3934 jam

459 3946 529 3998 με
559 3933 728 3986 multo
752 3944 995 4006 tempore
1029 3955 1086 3995 se
1137 3942 1568 4015 insinuaverant,
1625 3951 1864 4020 dixisse;
1901 3933 2026 4011 cum

458 4026 840 4090 accusationes
925 4047 1023 4100 per
1081 4035 1316 4104 speciem
1391 4041 1692 4098 instrueret
1762 4045 1830 4100 iis
1907 4049 2028 4117 qui-

463 4114 696 4178 buscum
737 4120 852 4189 ipse
873 4123 1063 4178 illicita
1095 4127 1146 4180 in
1175 4133 1392 4185 occulto
1422 4145 1662 4189 exercet.
1723 4137 2028 4194 Nonnullos

457 4206 608 4268 pnim
639 4208 776 4263 dixit
798 4229 857 4266 se
893 4215 1011 4282 ipso
1035 4217 1090 4270 in
1117 4219 1363 4274 facinore
1397 4223 1851 4292 deprehendisse.
1905 4245 2028 4285 cum

463 4299 720 4358 manibus
741 4305 858 4358 suis
900 4307 956 4360 in
991 4317 1204 4365 stercus
1234 4313 1565 4382 dejecissent
1621 4329 1778 4372 sacra
1808 4320 2032 4376 simula-

2109 1853 2226 1904 ἐκεῖ
2257 1853 2486 1914 πολλοὺς
2521 1854 2600 1915 είς
2636 1853 2734 1923 τὴν
2769 1853 2976 1905 οίκείαν
3013 1853 3218 1916 ταύτην
3257 1855 3670 1922 παρασύραντες

2113 1943 2362 2013 μυσαρὰν
2418 1945 2666 2013 αἵρεσιν,
2727 1947 2988 2014 ἐμφανεῖς
3039 1945 3084 1996 δ’
3121 1944 3465 2012 ἐγεγόνεισαν
3524 1962 3670 2014 τηνι-

2109 2035 2322 2087 καῦτα·
2367 2038 2461 2088 καὶ
2512 2037 2730 2088 πάντων
2777 2037 2856 2099 είς
2903 2037 2998 2088 ἕνα
3047 2054 3145 2089 που
3187 2038 3346 2088 τόπον
3391 2038 3506 2088 ἐκεῖ
3552 2055 3672 2088 cnv—

2109 2124 2420 2192 αχοέντων,
2467 2127 2563 2180 καὶ
2605 2126 2840 2197 δημοσία
2881 2128 2979 2195 τῆς
3025 2127 3218 2189 κακίας
3262 2127 3669 2195 ἐληλεγμένης,

2110 2217 2224 2269 ὅσοι
2261 2216 2357 2284 μὲν
2389 2216 2806 2286 ὡμολογήκότες
2835 2217 2930 2283 τὴν
2965 2217 3174 2270 ἑαυτῶν
3205 2217 3549 2285 ἐξωμόσαντο
3582 2236 3677 2270 κα-

2111 2309 2272 2372 κίαν,
2329 2311 2671 2378 παρέμειναν
2721 2309 2800 2362 ἐτι
2858 2309 3305 2377 συγχωρηθέντες
3356 2309 3501 2370 ὅπως
3539 2309 3678 2360 ποτ’

2112 2405 2306 2474 ἐκείνῳ
2333 2403 2411 2473 τῷ
2444 2403 2580 2476 ὄρει,
2614 2406 2728 2457 ὅσοι
2760 2404 2805 2456 δ’
2828 2403 2912 2467 οὓ,
2945 2403 3144 2465 πάντες
3176 2401 3494 2471 ἐξώσθησαν
3523 2403 3678 2455 ἄκον-

2110 2489 2202 2553 τές
2228 2507 2283 2543 τε
2318 2493 2410 2544 καὶ
2443 2493 2538 2545 σὺν
2569 2492 2812 2562 ἀκοσμίᾳ
2845 2493 3022 2560 πάσῃ,
3058 2490 3196 2560 πλὴν
3226 2491 3256 2560 ἢ
3289 2491 3400 2542 ὅσοι
3435 2489 3680 2558 ἐλελήθε-

2115 2599 2214 2635 σαν
2256 2587 2434 2653 σιωπῇ
2481 2585 2850 2652 καλυφθέντες
2894 2584 3000 2635 ὑπὸ
3039 2583 3148 2636 τῶν
3192 2583 3528 2636 συνειδότων.
3575 2583 3681 2634 Καὶ

2115 2675 2232 2744 ἅμα
2271 2677 2501 2729 κατόπιν
2536 2677 2600 2728 ἐκ
2637 2677 2744 2730 τῶν
2778 2675 2870 2728 τοῦ
2915 2675 3068 2744 ἁγίου
3108 2675 3268 2744 ὅρους
3304 2675 3512 2745 ἀνδρῶν
3549 2675 3683 2728 ἐκεί.

2115 2780 2220 2815 νων
2254 2763 2356 2815 ἁνὰ
2392 2763 2574 2815 πᾶσαν
2605 2764 2760 2816 πόλιν
2793 2765 2884 2815 καὶ
2919 2763 3082 2833 νῆσον
3115 2761 3412 2832 περιῄεσαν
3444 2764 3682 2833 κήρυκες

2117 2853 2420 2923 γράμματα
2447 2853 2776 2922 ἐπαγόμενοι
2797 2854 2896 2922 τήν
2922 2869 2980 2904 τε
3012 2853 3258 2922 μυσαρὰν
3281 2852 3462 2905 αὐτῶν
3481 2853 3683 2904 ἀνακα-

2117 2944 2387 2998 λύπτοντα
2439 2945 2647 3014 αἵρεσιν
2695 2943 2787 2998 καὶ
2834 2943 2935 3013 τῆς
2983 2943 3161 2997 αὐτῶν
3210 2944 3546 3010 ἀφίστασθαι
3599 2960 3686 2997 κε-

2117 3035 2343 3088 λεύοντα
2393 3036 2614 3106 ὁμιλίας
2659 3035 2756 3088 καὶ
2821 3035 3128 3096 κοινωνίας,
3181 3033 3250 3087 δι’
3295 3035 3394 3087 ὅσα
3443 3033 3688 3086 τελοῦσιν

2123 3128 2338 3198 ἄθεσμά
2359 3145 2418 3180 τε
2447 3129 2541 3181 καὶ
2570 3128 2781 3196 ἔκφυλα
2811 3127 2906 3181 καὶ
2932 3128 3112 3194 πάσης
3137 3127 3482 3195 ἀνοσιότητος
3509 3126 3688 3194 πλήρη

2121 3218 2637 3285 τερατουργὴματα.
2667 3213 2992 3268 Πιστοῦνται
3028 3213 3126 3284 μὲν
3145 3213 3236 3267 οὖν
3263 3213 3410 3281 αὐτῷ
3441 3215 3508 3266 τὰ
3538 3215 3690 3283 εἰρη-

2125 3307 2260 3376 μένα
2289 3309 2355 3377 τῇ
2417 3305 2527 3357 τῶν
2577 3305 2950 3358 Μασαλιανῶν
3009 3305 3220 3374 αἱρέσει
3281 3307 3691 3374 συνειλημμένῳ

2125 3399 2234 3469 πρὸ
2263 3399 2534 3450 πλείστων
2579 3397 2716 3448 ἐτῶν
2743 3412 2756 3428 ·
2808 3394 3125 3448 πιστοῦνται
3174 3395 3220 3447 δ’
3249 3395 3330 3447 ἔτι
3369 3395 3570 3464 μᾶλλον
3601 3396 3693 3447 καὶ

2126 3491 2268 3558 ἅπερ
2299 3488 2440 3556 ὑπὲρ
2483 3485 2681 3538 ἑαυτοῦ
2737 3487 2849 3547 τοῖς
2901 3485 3054 3546 ίδίοις
3096 3483 3392 3553 προφέρειν
3440 3483 3690 3552 ἐξάγεται

2125 3580 2361 3648 χείλεσιν
2417 3572 2593 3640 οὗτος,
2647 3577 2720 3639 ὡς
2760 3571 2903 3629 εἶναι
2939 3575 3124 3628 λοιπὸν
3161 3576 3572 3643 ἁναπόδραστον
3612 3576 3692 3628 δί-

2127 3687 2292 3722 κτυον
2332 3669 2426 3721 καὶ
2461 3667 2663 3734 παγίδα
2707 3665 2941 3737 στερῤἁν
2973 3665 3116 3719 κατὰ
3163 3665 3261 3736 τὴν
3292 3665 3598 3734 παροιμίαν
3624 3669 3691 3719 τὰ

2131 3758 2236 3810 ίδια
2273 3757 2444 3827 χείλη.
2499 3753 2860 3824 ’ἰσχυρίζεται
2896 3755 3002 3821 γὰρ
3058 3749 3198 3806 εἶναι
3251 3753 3428 3821 πάντη
3465 3753 3630 3822 ψευδῆ
3657 3755 3691 3807 ἁ

2128 3847 2269 3900 κατὰ
2293 3847 2586 3916 διαφόρους
2610 3845 2858 3913 φαίνεται
2881 3843 2945 3915 [Γ.
2973 3843 3079 3898 267
3113 3843 3190 3916 b.]
3225 3845 3690 3913 κατηγορούμενος

2129 3941 2253 4000 τοὺς
2285 3941 2510 4010 καιροὺς
2561 3941 2630 3991 τὰ.
2685 3937 2846 4000 αὐτὰ,
2903 3939 2997 3988 καὶ
3036 3937 3362 3988 διατείνεται
3395 3935 3596 4004 μᾶλλον
3634 3935 3688 4001 ἐξ

2132 4031 2462 4094 ἀντιθέσεως
2493 4031 2669 4096 λέγων
2701 4031 2774 4092 ὼς
2825 4029 2986 4091 αὐτὸς
3017 4024 3084 4098 ἦν
3127 4030 3153 4080 ὁ
3197 4027 3562 4097 δημοσιεύσας
3601 4030 3690 4080 καὶ

2131 4126 2360 4194 Θέατρον
2391 4121 2722 4193 ἐξενηνοχὼς
2765 4120 2906 4173 κατὰ
2934 4119 3043 4171 τῶν
3089 4121 3147 4171 ἐν
3192 4119 3266 4189 τῷ
3301 4121 3452 4190 Ἄθῳ
3481 4121 3555 4189 τῷ
3583 4122 3692 4188 ὄρει

2131 4215 2652 4286 παρεισφθαρέντων
2689 4216 2763 4268 ἐκ
2803 4210 2998 4264 πολλοῦ
3035 4211 3423 4275 Μασαλιανῶν,
3462 4211 3624 4274 αὐτὸς
3667 4215 3692 4263 ὁ

2135 4303 2417 4371 ἐξελέγξας
2453 4303 2574 4355 κατ’
2627 4299 2768 4364 εἶδος
2821 4301 2921 4353 ὅσα
2964 4301 3195 4364 ἐκείνοις
3246 4301 3482 4370 ἀθέμιτα
3521 4301 3688 4370 λάθρα

459 4404 555 4451 ,ει-ο
607 4391 778 4460 ipsius
802 4395 1099 4452 Salvatoris
1132 4409 1188 4453 et
1237 4413 1551 4458 sanctorum
1581 4407 1734 4475 ejus;
1791 4411 2016 4464 nonnul-

2131 4393 2364 4447 τελεῖται
2391 4407 2404 4423 ⁸
2437 4395 2613 4456 ἐνίους
2647 4394 2748 4464 μὲν
2798 4395 2904 4464 γὰρ
2951 4392 3152 4446 ἁλῶναι
3206 4393 3357 4463 αὑτῷ
3411 4411 3576 4463 φησιν
3611 4395 3693 4446 ἐπ’

465 4478 548 4542 lis
576 4497 764 4536 rursus
829 4501 970 4554 saepe
1026 4504 1152 4542 cum
1211 4492 1316 4545 alia
1369 4496 1777 4576 commisissent
1829 4501 2026 4568 partim

463 4573 688 4640 similia,
714 4577 910 4644 partim
947 4581 1116 4650 magis
1145 4583 1350 4637 nefaria
1403 4595 1459 4640 et
1482 4573 1823 4656 detestanda,
1856 4591 1930 4645 ita
1967 4602 2026 4646 ut

461 4663 649 4728 dicere
681 4677 736 4722 et
756 4669 1067 4727 describere
1099 4691 1204 4727 non
1241 4679 1516 4745 possimus
1577 4689 1803 4750 propter
1834 4691 2032 4737 absur-

465 4761 693 4813 ditatem
756 4763 1072 4817 immanem.
1129 4766 1221 4820 His
1271 4779 1452 4822 autem
1499 4769 1661 4826 dictis
1713 4784 1774 4828 ut
1824 4787 2030 4828 certam

465 4853 550 4911 sui
587 4853 944 4909 confiduciam
966 4856 1268 4926 aflingeret,
1292 4859 1492 4929 adjecit
1515 4881 1532 4914 :~
1551 4861 1900 4932 Nequaquam
1933 4883 2033 4936 ego

469 4954 617 5000 tanta
645 4948 850 5002 nefaria
877 4951 1259 5018 publicassem.
1285 4953 1330 5008 si
1365 4956 1623 5009 conscius
1650 4957 1782 5009 mihi
1835 4973 2031 5024 essem,

471 5039 648 5106 ipsum
671 5041 983 5110 ltnjusmodi
1017 5044 1321 5099 facinorum
1369 5045 1790 5100 Masalianorum
1825 5059 2033 5116 partem

475 5130 692 5198 habere,
717 5143 770 5188 ct
799 5133 988 5188 eadem
1012 5136 1079 5192 de
1115 5152 1201 5192 me
1237 5137 1470 5192 crimina
1501 5153 1586 5191 me
1655 5139 1906 5208 profiteri
1938 5141 2036 5194 de-

473 5223 625 5286 bere.

545 5493 810 5549 νωθρὰ
855 5494 970 5550 Ι)ωο
1016 5509 1140 5550 cum
1191 5512 1291 5566 pro
1339 5511 1397 5550 se
1439 5505 1734 5559 assereret,
1803 5511 1902 5565 per
1955 5511 2030 5548 se-

475 5589 768 5654 metipsum
804 5587 1091 5643 convictus
1118 5597 1222 5654 est,
1279 5589 1345 5643 ad
1399 5589 1683 5642 audaciam
1731 5589 1784 5641 in
1841 5587 2034 5641 fraude

481 5684 538 5742 et
571 5677 873 5750 mendaciis
901 5679 1164 5744 tendisse,
1202 5693 1326 5733 eum
1357 5679 1636 5738 colligeret
1663 5693 1784 5738 qua:
1829 5693 1938 5730 non
1963 5675 2042 5728 le—

2129 4485 2433 4553 αὑτοφὼρῳ
2465 4485 2588 4548 ταῖς
2623 4485 2780 4548 ἰδίαις
2812 4486 2966 4553 χερσὶ
3002 4485 3328 4555 ῥιπτοῦντας
3361 4486 3420 4539 ἐν
3453 4486 3692 4556 κοπρῶνι

2130 4571 2227 4635 τὰς
2258 4573 2406 4635 θείας
2437 4573 2532 4625 τοῦ
2579 4573 2834 4643 Σωτῆρος
2867 4575 3081 4636 εἰκόνας
3135 4571 3300 4625 αὐτοῦ
3350 4590 3408 4624 τε
3447 4575 3541 4626 καὶ
3589 4575 3691 4626 τῶν

2132 4665 2302 4731 ἁγίων
2352 4663 2544 4729 αὑτοῦ,
2592 4665 2764 4728 ἐνίους
2795 4664 2842 4716 δ’
2884 4661 3040 4727 αὖθις
3099 4665 3191 4717 καὶ
3230 4663 3492 4726 πολλάκις
3539 4663 3690 4731 ἕτερα

2133 4757 2424 4818 τελοῦντας
2480 4756 2598 4817 πῶς
2643 4753 2741 4824 μὲν
2782 4756 3164 4825 παραπλήσια,
3200 4755 3315 4815 πῶς
3347 4753 3404 4805 δὲ
3439 4753 3692 4824 μυσαρώ-

2131 4845 2269 4914 τερα
2319 4861 2377 4895 τε
2436 4843 2530 4896 καὶ
2587 4843 3020 4914 φρικωδέστερα,
3061 4842 3134 4904 ὡς
3193 4841 3326 4912 μηδὲ
3381 4840 3562 4907 λέγειν
3605 4841 3692 4894 καὶ

2135 4938 2373 5004 γράφειν
2408 4933 2620 4986 ἐνταῦθ’
2655 4935 2799 5003 ἡμᾶς
2843 4932 3103 4985 δύνασθαι
3137 4933 3225 4984 διὰ
3255 4933 3314 4983 τὺ
3350 4931 3447 4998 τῆς
3473 4930 3694 4992 ἀτοπίας

2137 5028 2496 5097 ὑπερϐάλλον.
2533 5027 2639 5078 Καὶ
2661 5025 2830 5078 ταῦτα
2859 5024 3032 5090 λέγων
3065 5023 3270 5090 ἐπῆγεν
3301 5021 3461 5074 οίονεί
3491 5039 3544 5072 τι
3579 5035 3693 5072 συν-

2139 5122 2352 5188 αγωγὸν
2412 5118 2800 5187 ὑπενθῦμημα,
2837 5117 2908 5178 ὡς
2957 5115 3068 5167 Οὐκ
3104 5115 3168 5167 ἂν
3199 5111 3548 5179 ἑδημοσίευόν
3582 5111 3693 5162 πότ’

2138 5215 2250 5282 ἐγὼ
2301 5215 2394 5282 τὴν
2445 5213 2711 5279 τοσαύτην
2763 5212 2982 5272 κακίαν,
3023 5207 3070 5258 εἰ
3129 5203 3348 5272 ἐμαυτῷ
3403 5203 3694 5256 συνειδέναι

2139 5303 2268 5373 ἐνῆν
2299 5319 2390 5371 μοι
2425 5303 2536 5364 τοῖς
2567 5299 2831 5359 τοιούτοις
2862 5297 2970 5350 τῶν
3016 5292 3380 5350 Μασαλιανῶν
3409 5293 3694 5361 συνειλημ-

2143 5396 2289 5465 μένῳ
2319 5413 2376 5447 τε
2413 5397 2506 5447 καὶ
2529 5394 2765 5462 ὁμόλογα
2794 5389 3152 5459 φθεγγομένῳ
3185 5385 3516 5455 ἐγκλήμασι.

2215 5491 2298 5542 H’.
2343 5486 2528 5539 Ταῦτα
2558 5486 2602 5537 δ’
2630 5483 2793 5544 αὐτὸς
2839 5481 2982 5550 ὑπὲρ
3030 5476 3222 5531 ἐαυτοῦ
3260 5474 3690 5543 προτεινόμενος,

2143 5579 2234 5631 ἐπί
2257 5576 2324 5628 τὰ
2349 5573 2636 5645 ἐρῤωμένα
2680 5570 2878 5638 μᾶλλον
2910 5568 3002 5621 τοῦ
3039 5565 3264 5634 ψεύδους
3302 5561 3540 5630 βαδίζειν
3563 5561 3691 5664 ἐκιξιν

2145 5667 2486 5737 ἐξηλέγχετο,
2517 5662 2968 5732 συλλογιζόμενος
2993 5659 3028 5714 ἃ
3057 5659 3130 5728 μὴ
3166 5658 3451 5726 πέπρακεν
3479 5652 3596 5706 ἀνθ’
3625 5652 3691 5706 ὧν
