4134 6286
362 367 459 425 481

1256 364 1721 429 -BY7.ANTIN:E
1763 362 2146 425 IIISTORLE
2185 368 2329 429 LIB.
2371 368 2665 430 XXXVII.

3498 362 3606 427 482

365 479 690 549 ἐπεπράχει,
744 482 838 535 καὶ
890 482 1134 554 ἐλελήθει
1187 484 1312 537 καθ’
1360 485 1557 536 ἑαυτοῦ
1604 483 1920 554 συρράπτωη

2041 495 2193 538 cerat
2223 500 2324 554 pro
2366 485 2432 539 iis
2477 501 2598 553 quae
2649 483 2897 549 fecerat;
2931 492 2987 538 et
3037 497 3159 538 cum
3214 494 3505 538 consueret
3552 492 3609 536 et

366 572 458 622 καὶ
494 571 851 635 συσκευάζων
890 570 971 635 οἷς
1002 574 1162 635 αὐτὸς
1193 575 1391 627 αὐτίκα
1434 573 1932 642 περιστοιχίζεσθαι

366 661 595 732 ἤμελλεν
648 663 913 730 ἀφύκτοις
968 668 1065 717 καὶ
1128 666 1365 736 ἰσχυροῖς
1415 665 1674 725 δικτύοις.
1731 666 1792 715 Oi
1827 665 1933 732 γάρ

364 752 801 822 κατηγοροῦντες
842 754 1007 808 αὑτοῦ
1049 757 1155 809 τῶν
1200 755 1248 808 τ’
1281 757 1597 809 ἐπισκόπων
1637 755 1731 807 καὶ
1763 773 1933 824 πρεσ-

363 842 605 913 ϐυτέρων
642 842 712 895 τά
747 841 795 893 τ’
842 843 973 896 ἄλλα
1024 843 1335 913 προύφερον
1390 847 1468 906 εἰς
1517 845 1790 908 ἀπόδειξιν
1839 843 1932 896 τοῦ

362 934 653 1005 ψεύδεσθαι
685 935 967 1003 προδήλως
1001 936 1307 1001 αὐτὸνίκαὶ
1337 937 1434 1004 οὐχ
1476 937 1674 1007 ἥκιστα
1698 936 1796 1005 τὴν
1831 952 1935 1005 μα-

366 1027 501 1095 κράν
536 1042 593 1077 τε
628 1025 722 1077 καὶ
747 1026 1025 1095 ἄρρηκτον
1052 1026 1146 1079 τοῦ
1181 1028 1454 1096 Σκορπίου
1480 1028 1683 1095 φιλίαν,
1710 1026 1769 1080 ὃν
1801 1026 1931 1079 πολ-

366 1117 455 1169 λαὶ
484 1116 784 1187 μαρτυρίαι
821 1119 912 1169 καὶ
948 1118 1154 1187 σφόδρα
1184 1119 1377 1186 σαφεῖς
1408 1118 1470 1170 ἐκ
1505 1117 1699 1170 πολλοῦ
1733 1118 1929 1170 Μασαο

366 1208 543 1262 λιανὸν
589 1206 729 1260 εἶναι
780 1209 1227 1279 κατεψηφίσαντό
1271 1226 1331 1261 τε
1364 1209 1458 1263 καὶ
1490 1210 1579 1263 ἀεὶ
1616 1209 1931 1279 καταψηφί-

364 1299 570 1363 ζονται,
604 1298 737 1352 πολὺ
772 1299 832 1353 τὸ
878 1301 1287 1368 ἀναμφίλεκτον
1328 1302 1549 1371 ἔχουσαι
1605 1302 1699 1355 καὶ
1729 1302 1932 1371 ἥκιστα

363 1391 514 1458 νέφει
548 1388 1002 1459 συγκρύπτεσθαι
1032 1391 1330 1462 δυνάμεναι
1358 1394 1674 1462 πλάσματος
1697 1393 1929 1455 οὐδενός.

364 1481 453 1551 Τῷ
509 1481 617 1549 γὰρ
660 1480 757 1550 τὴν
803 1481 968 1533 αὐτοῦ
1009 1482 1193 1549 φιλίαν
1238 1483 1299 1546 ἐξ
1331 1484 1502 1553 ἀρχῆς
1534 1483 1932 1535 ἀναπόσπαστα

363 1574 687 1641 κεκτημένῳ
716 1576 812 1627 καὶ
841 1566 952 1625 οἷον
987 1573 1053 1625 ἐν
1076 1576 1189 1636 τοῖς
1238 1574 1337 1643 τῆς
1389 1575 1620 1643 καρδίας
1666 1574 1931 1643 θαλάμοις

360 1661 931 1732 άγαλματοφοροῦντι,
976 1665 1060 1726 τίς
1091 1665 1154 1718 ἄν
1192 1681 1323 1717 ποτε
1358 1665 1701 1719 πιστεύσειεν
1739 1665 1931 1727 ἄλλους

359 1754 599 1825 ἐλέγχειν
637 1757 1059 1827 ἐγκαυχωμένῳ,
1095 1759 1187 1811 καὶ
1242 1760 1304 1812 οὐ
1359 1761 1505 1828 μάλα
1550 1760 1750 1827 μᾶλλον
1793 1777 1931 1828 συμ-

2039 577 2393 630 eontraheret
2446 578 2606 630 latuit
2653 591 2797 639 eum,
2829 576 3101 645 quomodo
3129 575 3195 629 iis
3241 575 3355 642 ipse
3402 574 3600 628 deinde

2040 675 2294 737 tanquam
2327 667 2759 737 ineﬂ‘ugibilibus
2787 676 2841 720 et
2885 666 3214 721 firmissimis
3262 666 3476 735 laqueis
3508 682 3602 717 ca-

2038 768 2281 827 peretur.
2328 759 2691 813 Accusatores
2714 757 2861 811 enim
2889 773 2956 811 ex
2988 756 3262 827 episcopis
3310 766 3365 810 et
3420 756 3603 808 seniu-

2043 851 2198 903 ribus
2220 866 2343 905 cum
2378 851 2479 903 alia
2535 851 2887 919 proferebant
2917 850 2983 903 ad
3038 848 3341 903 manifestae
3396 846 3605 900 fraudis

2040 954 2166 992 eum
2197 941 2623 1008 eoargcundum,
2654 948 2768 993 tum
2800 939 3114 994 diuturnam
3142 948 3196 993 ct
3224 939 3602 993 inconcussam

2035 1030 2331 1083 amicitiam
2365 1029 2717 1099 Scorpionis;
2774 1047 2934 1100 quem
2969 1031 3129 1103 544
3158 1032 3326 1084 multa
3363 1031 3607 1085 testimo-

2034 1120 2125 1174 nia
2163 1133 2335 1190 eaque
2368 1121 2528 1175 valde
2561 1130 2746 1189 aperta
2768 1123 2879 1192 jam
2913 1132 3074 1176 antea
3119 1122 3318 1190 sacpius
3378 1136 3606 1175 accusa-

2033 1226 2227 1267 verant
2258 1222 2314 1266 et
2343 1228 2561 1282 semper
2582 1224 2861 1279 accusant,
2890 1230 3014 1268 cum
3078 1229 3327 1285 magnam
3378 1213 3605 1266 firmita-

2038 1310 2144 1356 tem
2179 1302 2439 1365 habeant,
2478 1318 2655 1371 neque
2685 1302 2793 1357 ullo
2844 1304 3006 1357 modo
3058 1304 3239 1374 obtegi
3301 1304 3514 1373 possint
3570 1320 3597 1353 a

2035 1407 2309 1462 quoquam
2336 1394 2480 1448 nube
2510 1395 2828 1448 commenti.
2857 1393 2991 1459 Quis
3020 1394 3166 1448 enim
3195 1395 3268 1456 ei,
3314 1393 3406 1462 qui
3445 1393 3603 1446 istius

2035 1484 2333 1536 amicitiam
2364 1483 2431 1537 ab
2469 1485 2627 1537 initio
2660 1485 2731 1538 ita
2784 1486 3023 1538 servavit
3073 1493 3131 1537 ut
3168 1499 3444 1553 nunquam
3505 1484 3603 1537 de-

2035 1574 2281 1638 sciverit,
2323 1591 2552 1643 eamque
2584 1577 2637 1628 in
2666 1576 2849 1629 cordis
2883 1576 2968 1629 sui
3009 1574 3226 1643 angulis
3243 1576 3398 1643 quasi
3429 1574 3605 1628 simu-

2035 1666 2241 1719 laerum
2274 1681 2457 1719 secum
2492 1666 2775 1735 fert,quis,
2802 1667 2946 1731 dico,
2971 1668 3020 1721 ei
3053 1667 3164 1720 ullo
3195 1666 3356 1720 modo
3390 1666 3596 1728 credat,

2035 1756 2078 1809 si
2106 1756 2240 1809 alios
2258 1772 2553 1826 coarguere
2575 1757 2872 1825 pnesumit,
2895 1771 3069 1824 neque
3098 1756 3277 1825 potius
3304 1754 3482 1825 ipsum
3510 1754 3603 1808 iis-

361 1847 573 1916 μύστην
603 1848 838 1912 ἐκείνοις
872 1846 1013 1903 εἶναι
1061 1853 1155 1904 καὶ
1190 1853 1445 1906 κοινωνὸν
1491 1854 1577 1906 ἀεὶ
1620 1852 1920 1922 καταψηφί-

2034 1849 2157 1901 dem
2185 1850 2353 1901 sacris
2381 1848 2657 1901 initiatum
2680 1858 2736 1901 et
2768 1850 2979 1901 socium
3036 1848 3253 1901 illorum
3310 1845 3600 1900 manifesto

358 1939 505 2002 ζοιτο
535 1942 787 2011 προφανῆ
814 1957 827 2005 ;
862 1942 1139 2010 Τέτταρας
1172 1944 1235 2012 δὴ
1268 1940 1363 1998 οὖν
1392 1944 1595 2006 ταύτας
1629 1944 1931 2013 ξυνειλοχέ·

358 2046 446 2082 ναι
479 2031 592 2091 τοῖς
624 2032 950 2100 κατηγόροις
998 2035 1309 2099 προτάσεις,
1363 2034 1464 2086 οὐκ
1507 2033 1732 2087 ἄλλοθέν
1766 2034 1929 2087 ποθεν

356 2115 472 2168 ἀλλ’
510 2117 570 2181 ἐξ
615 2110 690 2170 ὧν
742 2119 909 2182 αὐτὸς
964 2119 1107 2189 ὑπὲρ
1155 2121 1349 2173 ἑαυτοῦ
1408 2124 1742 2193 προήνεγκε,
1790 2122 1929 2185 τέως

355 2206 675 2275 γεγένηται,
706 2208 924 2275 πρῶτον
958 2210 1057 2278 μὲν
1088 2211 1167 2262 ὅτι
1218 2212 1612 2282 μυσαρωτέραν
1643 2214 1735 2266 καὶ
1767 2214 1929 2277 αὐτὸς

360 2298 590 2350 ἀπασῶν
629 2300 897 2369 αἱρέσεων
940 2303 1040 2370 τὴν
1080 2302 1189 2357 τῶν
1222 2303 1582 2357 Μασαλιανῶν
1627 2303 1927 2374 ἡγούμενος

356 2390 588 2461 αἵρεσιν,
626 2391 700 2455 ὥς
736 2410 867 2460 φησι
904 2392 1022 2459 νῦν,
1068 2397 1162 2448 καὶ
1211 2396 1470 2459 συνειδὼς
1512 2397 1589 2466 τῷ
1641 2398 1754 2466 ὖρει
1806 2398 1927 2451 τότε

346 2482 815 2548 ἐπιπολάζουσαν,
840 2485 940 2538 οὐκ
966 2487 1306 2557 ἀνεκάλυψεν
1331 2487 1454 2541 οὔτε
1482 2490 1588 2559 πρὸ
1619 2491 1727 2543 τῶν
1751 2490 1928 2543 ἄλλων

356 2573 477 2626 οὔτε
510 2575 650 2644 μετὰ
679 2578 804 2639 τοὺς
836 2577 1049 2642 ἄλλους,
1105 2579 1227 2633 οὔτε
1273 2581 1395 2633 τότε
1435 2580 1557 2635 οὗτε
1592 2584 1709 2652 μετ’
1746 2583 1927 2652 ὀλίγον

356 2664 538 2725 εὐθὺς,
582 2665 874 2718 καὶταῦτα
913 2666 1021 2717 τῶν
1055 2668 1265 2721 πολλῶν
1301 2664 1381 2733 εἷς
1407 2670 1483 2721 ὢν
1531 2673 1626 2725 καὶ
1657 2671 1818 2733 αὐτὸς
1846 2666 1927 2733 οἷς

359 2756 731 2823 συμπαρεῖναι
774 2755 1082 2826 τηνικαῦτα
1129 2758 1225 2810 καὶ
1261 2759 1568 2829 ἀκροᾶσθαι
1616 2760 1923 2816 συνέϐαινε.

358 2846 620 2917 Δεύτερον
648 2846 706 2900 δέ
737 2848 852 2912 πῶς
882 2849 1003 2902 τότε
1038 2849 1173 2920 μηδέ
1206 2854 1528 2923 συνηγορεῖν
1562 2851 1694 2920 γοῦν
1730 2852 1925 2922 βουλη-

356 2938 466 3001 θεὶς
506 2940 617 3001 τοῖς
649 2939 799 3004 ὅπως
843 2939 975 2993 ποτέ
1003 2940 1414 3012 ἁνακαλύψασιν
1447 2944 1627 3006 ἄλλοις
1656 2946 1929 3015 τοσαύτην

356 3031 554 3081 κακίαν
604 3031 740 3095 ἐκεῖ,
800 3031 915 3083 ἀλλ’
973 3031 1116 3086 οὕτω
1172 3036 1411 3104 μακραῖς
1464 3036 1599 3088 ἐτῶν
1653 3038 1924 3104 περιόδοις

353 3120 540 3190 ὥσπερ
578 3120 700 3173 τινὰ
754 3120 1029 3192 θησαυρὸν
1094 3121 1416 3192 θαλαμεύων
1474 3127 1532 3178 ἐν
1579 3127 1776 3197 καρδίᾳ
1828 3131 1920 3181 καὶ

356 3211 516 3281 μέχρι
548 3208 643 3263 νῦν
698 3213 1053 3282 περιθάλπων
1095 3214 1397 3285 ἀνέκφορον
1449 3218 1546 3284 τὴν
1604 3222 1725 3269 κατ’
1781 3214 1920 3283 εἶδος

352 3302 686 3371 προαγωγὴν
716 3304 809 3356 καὶ
838 3306 1158 3374 σαφήνειαν,
1190 3305 1379 3358 ἔπειτα
1409 3306 1503 3359 νῦν
1546 3310 1919 3379 ἐκπομπεύειν

351 3395 546 3458 ἐθέλει,
576 3393 670 3446 τοῦ
701 3398 813 3458 τοῖς
844 3396 1085 3465 ἐλέγχοις
1122 3397 1290 3451 πάλαι
1322 3400 1691 3469 προσήκοντος
1723 3404 1916 3471 χρόνου

352 3487 576 3547 στάντος
608 3487 671 3537 ἐκ
701 3486 1019 3556 διαμέτρου,
1068 3489 1390 3558 καταφυγὴν
1422 3489 1710 3561 λεληθυῖαν
1739 3493 1889 3562 οἱόμε
1908 3523 1919 3534 -

349 3588 437 3634 νος
464 3573 596 3633 ἴσως
626 3572 901 3642 θηρᾶσθαι
937 3591 1062 3627 τινα
1105 3576 1201 3628 νῦν
1230 3578 1367 3647 πρὸς
1401 3578 1749 3650 ἀπαλλαγήν.
1783 3580 1916 3652 Τρί-

348 3681 439 3717 τον
468 3664 526 3716 δὲ
558 3665 675 3728 πῶς
721 3666 888 3719 πολὺν
937 3667 1037 3737 ἤδη
1094 3666 1158 3739 [Γ.
1200 3667 1307 3722 268
1354 3666 1411 3740 a]
1452 3670 1641 3740 χρόνον
1685 3689 1918 3741 κατηγο-

350 3759 614 3825 ρούμενον
657 3756 748 3809 τὸν
779 3758 1043 3828 Σκορπίον
1097 3763 1154 3811 ἐν
1197 3761 1404 3830 ἀκμαῖς
1451 3762 1537 3815 ἀεὶ
1584 3766 1917 3831 πρακτικαῖς

344 3852 444 3918 τῆς
470 3850 727 3919 τοιαύτης
756 3850 1021 3920 αἱρέσεως
1051 3846 1213 3919 εἶναι,
1245 3853 1339 3906 καὶ
1368 3854 1579 3907 πολλῶν
1606 3856 1915 3925 ἐρχομένων

346 3936 692 4006 γραμμάτων
726 3939 789 3990 ἐκ
822 3938 930 3990 τῶν
970 3937 1062 3990 τοῦ
1101 3938 1261 4005 ὅρους
1298 3941 1494 4011 τιμίων
1529 3943 1739 4012 ἀνδρῶν
1781 3960 1916 4013 προ-

342 4029 522 4097 δήλως
551 4026 651 4096 τὴν
686 4027 923 4097 ἀρχαίαν
949 4030 1043 4082 καὶ⁵
1083 4030 1246 4099 μέχρι
1281 4029 1375 4083 νῦν
1402 4030 1671 4084 ἀνθοῦσαν
1700 4032 1911 4085 ἐκείνου

343 4118 547 4173 κακίαν
573 4118 986 4187 ἐξελεγχόντων,
1022 4120 1183 4183 αὐτὸς
1227 4122 1314 4174 ἀεὶ
1345 4122 1621 4193 περιέπων
1650 4125 1913 4191 ἐγκαρτε-

345 4214 452 4283 ρεῖ,
486 4211 767 4280 πρόμαχος
804 4210 1016 4280 ἄμαχος
1047 4212 1237 4280 ἐκείνῳ
1267 4215 1560 4281 γενόμενος
1591 4217 1682 4269 καὶ
1720 4215 1912 4280 στῦλος

343 4302 520 4353 εἰπεῖν
563 4301 945 4370 ἀδαμάντινος,
982 4303 1075 4355 καὶ
1117 4303 1266 4371 θαμὰ
1308 4302 1470 4372 βοῶν,
1504 4306 1601 4357 καὶ
1650 4304 1753 4373 γῆν
1789 4309 1914 4359 ἀνα·

344 4395 546 4463 μιγνὺς
586 4392 822 4463 οὐρανῷ,
861 4392 955 4445 καὶ
991 4394 1132 4446 κατὰ
1175 4396 1302 4457 τοὺς
1340 4396 1698 4465 μαινομένους
1731 4398 1789 4449 τὸ
1815 4398 1913 4467 τῆς

2032 1939 2434 2008 deprehensum
2457 1940 2709 1993 accusat?
2763 1940 2955 2009 Itaque
3005 1938 3209 1992 factum
3261 1946 3321 1992 ut
3365 1948 3601 2006 quatuor

2030 2028 2129 2083 has
2161 2044 2354 2082 causas
2392 2038 2736 2083 accusatores
2761 2028 3102 2097 colligerent,
3136 2042 3243 2081 non
3285 2042 3351 2080 ex
3379 2027 3597 2090 alienis,

2030 2121 2126 2175 sed
2159 2136 2225 2174 ex
2252 2120 2319 2173 iis
2344 2135 2464 2188 qum
2512 2120 2602 2173 ille
2634 2120 2751 2186 ipse
2774 2119 2840 2173 de
2882 2134 2941 2174 se
2979 2128 3349 2174 concesserat.
3403 2119 3461 2173 In
3513 2119 3598 2172 his

2030 2211 2208 2282 prima
2246 2230 2258 2263 :
2301 2211 2447 2280 quod
2481 2210 2902 2265 Masalianorum
2940 2210 3189 2265 haeresim
3238 2226 3400 2281 quam
3452 2225 3600 2265 nunc

2029 2303 2149 2372 ipse
2173 2302 2304 2355 dicit
2330 2302 2574 2356 omnium
2610 2315 2731 2355 esse
2759 2302 3228 2368 scelestissimam,
3266 2312 3433 2357 antea
3467 2318 3595 2356 cum

2030 2395 2085 2448 in
2121 2405 2305 2449 monte
2357 2394 2601 2447 exerceri
2636 2408 2754 2447 eam
2815 2402 3157 2462 compertum
3187 2394 3434 2460 haberet,
3484 2411 3601 2449 non

2029 2484 2247 2549 retexit,
2274 2498 2453 2553 neque
2482 2493 2608 2537 ante
2640 2485 2778 2538 alios
2808 2499 2985 2553 neque
3018 2493 3136 2554 post
3185 2486 3343 2551 alios,
3414 2502 3596 2554 neque

2030 2584 2144 2630 tum
2174 2590 2351 2644 neque
2405 2587 2634 2645 postea;
2695 2577 2929 2645 etquod
2986 2578 3103 2646 ipse
3170 2593 3315 2631 unus
3361 2594 3427 2631 ex
3488 2578 3602 2633 illis

2028 2667 2236 2728 multis,
2269 2667 2469 2735 quibus
2503 2677 2614 2720 tum
2672 2667 2936 2721 intererat
2967 2678 3023 2721 et
3054 2683 3192 2736 quos
3234 2669 3468 2723 audivit.
3502 2670 3598 2723 Al-

2030 2768 2166 2821 tera,
2200 2756 2347 2827 quod
2377 2765 2490 2810 tum
2543 2772 2611 2809 ne
2674 2772 2796 2810 cum
2823 2758 2945 2812 aliis
2984 2758 3205 2831 quidem
3242 2760 3332 2827 qui
3364 2760 3436 2813 ibi
3477 2770 3597 2813 tan-

2029 2861 2142 2905 tum
2166 2849 2347 2905 scelus
2379 2847 2719 2916 aperiebant,
2749 2848 3154 2902 accusationem
3185 2848 3362 2904 facere
3396 2849 3599 2919 voluit,

2026 2941 2124 2997 sed
2191 2940 2547 3010 per.multos
2598 2954 2772 2993 anuos
2830 2950 3088 3009 tanquam
3152 2939 3469 2993 thesaurum
3534 2941 3593 2995 in

2026 3034 2191 3088 corde
2220 3031 2498 3086 conditum
2550 3046 2723 3101 usque
2751 3031 2814 3085 ad
2852 3032 2956 3085 hoc
2987 3040 3200 3101 tempus
3223 3030 3357 3091 fovit
3389 3041 3448 3085 ut
3477 3047 3591 3087 rem

2024 3139 2187 3194 quam
2206 3122 2406 3177 efferre
2440 3122 2665 3175 timebat
2697 3130 2922 3191 propter
2951 3122 3060 3175 vim
3094 3122 3591 3188 testimoniidnunc

2027 3230 2156 3268 Vero
2190 3212 2364 3266 multo
2390 3212 2501 3281 jam
2544 3210 2806 3280 temporis
2872 3212 3163 3266 intervailo
3204 3228 3314 3282 quo
3368 3226 3592 3266 accusa-

2027 3307 2231 3361 tionem
2263 3304 2439 3358 faeere
2465 3318 2590 3358 cum
2621 3302 2910 3373 oportebat
2941 3304 3314 3373 praeterlapso,
3344 3304 3590 3373 proferre

2024 3399 2163 3461 vult,
2205 3395 2363 3468 545
2393 3406 2588 3464 putans
2636 3410 2702 3449 eo
2729 3410 2787 3449 se
2825 3394 3096 3461 refugium
3155 3395 3357 3452 habere
3393 3396 3458 3448 ad
3490 3396 3600 3449 dc-‘

2024 3488 2350 3543 fensionctn.
2426 3486 2609 3540 Tertia
2669 3500 2821 3549 vero,
2871 3486 3017 3554 (μιυά
3072 3484 3424 3553 Scorpionem
3474 3487 3597 3557 jam-

2022 3580 2185 3649 longo
2225 3593 2291 3632 ex
2344 3589 2589 3647 tempore
2636 3588 2951 3630 accusatum
3004 3578 3099 3646 qui
3138 3578 3342 3646 primas
3371 3580 3600 3647 semper

2022 3680 2203 3743 partes
2236 3670 2290 3723 in
2322 3670 2511 3723 hwresi
2545 3670 2636 3723 illa
2656 3679 2960 3733 exerceret,
3022 3679 3075 3723 et
3106 3670 3159 3723 in
3221 3686 3381 3740 quem
3416 3673 3594 3725 multa-

2021 3765 2225 3831 scripta
2247 3762 2458 3829 \ulgata
2485 3769 2613 3814 sunt
2666 3777 2696 3814 a
2741 3762 2876 3814 viris
2936 3762 2989 3813 in
3045 3772 3230 3815 monte
3282 3764 3582 3830 prarclaris,

2020 3870 2141 3924 quae
2179 3854 2356 3923 palam
2386 3861 2441 3907 et
2473 3852 2655 3906 adhuc
2679 3851 2928 3906 florentis
2960 3854 3259 3922 impietatis
3295 3871 3421 3907 cum
3456 3872 3589 3908 con-

2020 3947 2441 4014 vicerunt,_ipsc
2475 3960 2691 4012 semper
2718 3945 2953 4014 protegit
2975 3953 3031 3999 et
3083 3945 3274 4013 incitat
3296 3954 3352 3999 ut
3381 3963 3585 4015 propu-

2020 4049 2211 4112 gnator
2243 4040 2329 4094 cui
2363 4039 2463 4109 ipsi
2502 4054 2607 4092 non
2674 4038 3047 4107 impugnatnr,
3114 4049 3169 4093 et
3224 4050 3281 4093 ut
3326 4040 3583 4094 columna

2020 4133 2408 4199 atlamautinaﬁ;
2455 4129 2603 4199 quod
2634 4129 2784 4183 vocis
2816 4130 3105 4183 tumultum
3147 4131 3258 4185 edit
3294 4141 3349 4186 et
3378 4141 3583 4185 terram

2020 4226 2157 4280 coelo
2194 4224 2511 4280 commiscet
2548 4233 2603 4276 et
2646 4236 2801 4275 more
2834 4222 3147 4275 insanorum
3186 4226 3385 4278 mentis
3414 4225 3584 4278 stabi-

2017 4316 2227 4371 litatem
2281 4323 2549 4370 servatet
2599 4315 2751 4383 gravi
2815 4316 3192 4368 exsecratione
3241 4331 3432 4371 omnes
3485 4319 3586 4387 qui

2019 4408 2168 4464 omni
2226 4408 2457 4462 crimine
2506 4405 2662 4460 vacui
2725 4416 2853 4459 sunt
2908 4405 3258 4471 condemnat,
3294 4417 3585 4477 propterea

340 4484 571 4553 γνώμης
607 4484 894 4553 ἱστάμενον
933 4484 1288 4555 ἐλαυνόμενος
1332 4487 1427 4539 καὶ
1470 4488 1676 4552 πάντας
1719 4490 1915 4543 ἀναθέ-

2026 4499 2162 4569 quod
2222 4498 2574 4566 Scorpionem
2625 4510 2887 4551 accusare
2940 4511 3046 4550 non
3109 4498 3320 4552 timent.
3374 4499 3585 4565 Quarta

344 4592 478 4647 ματι
517 4574 716 4643 μακρῷ
744 4573 1150 4644 παραπέμπων,
1186 4576 1283 4644 οὑχ
1311 4575 1358 4627 οἳ
1393 4576 1600 4639 τούτοις
1629 4578 1904 4647 ἐνέχονται

343 4670 457 4729 τοῖς
504 4664 864 4734 ἐγκλήμασιν,
912 4665 1028 4718 ἀλλ’
1069 4664 1119 4717 οἳ
1175 4665 1253 4735 τῷ
1306 4667 1558 4737 Σκορπίῳ
1603 4670 1907 4739 ἐνεχομένῳ

343 4759 643 4831 προφέρειν
692 4758 871 4829 ἥκιστ’
918 4759 1158 4814 ὀκνοῦσι.
1224 4761 1333 4814 Καὶ
1382 4762 1638 4834 τέταρτον
1688 4764 1769 4816 ὅτι
1818 4766 1909 4816 καὶ

345 4854 511 4922 μέχρι
546 4850 639 4904 νῦν
670 4852 801 4920 ὁρᾷν
836 4851 1175 4920 ἰσχυρίζεται
1207 4852 1298 4904 τὸν
1345 4853 1506 4921 μόνον
1551 4854 1910 4908 άναλλοίωτόν

338 4962 401 4996 τε
429 4943 525 4996 καὶ
561 4940 813 4994 άκτιστον
841 4943 995 5005 Θεὸν,
1040 4942 1154 5009 φῶς
1190 4942 1378 5010 ἔτερόν
1411 4960 1469 4995 τε
1517 4944 1615 4996 καὶ
1651 4943 1907 4997 ἄκτιστον

338 5035 405 5085 ἐκ
449 5030 755 5100 μεταϐολῆς
797 5032 932 5102 πρὸς
986 5032 1047 5084 τὸ
1100 5033 1387 5101 ὑφειμένον
1434 5036 1719 5103 γινόμενον
1759 5034 1910 5103 αὐτῷ

336 5123 622 5194 τρυφῶντι
654 5123 747 5173 καὶ
796 5122 1197 5193 βλακευομένῳ.
1232 5122 1413 5177 Ταῦτα
1462 5126 1525 5193 δὴ
1578 5126 1780 5192 πάντα,
1816 5126 1909 5179 καὶ

332 5217 473 5270 εἴτι
520 5214 728 5265 τούτων
770 5213 1045 5281 ἐπέκεινα,
1079 5216 1369 5286 προτάσεις
1415 5219 1566 5280 τινας
1606 5217 1909 5281 ἐκτιθέντες

333 5306 750 5375 ἀναμφιϐόλους
781 5308 1257 5378 ἀναμφισὸήτητον
1290 5309 1363 5372 ὡς
1394 5309 1542 5372 εἰκὸς
1585 5310 1789 5378 ἐπῆγον
1817 5311 1908 5362 καὶ

330 5398 401 5452 τὸ
432 5398 829 5468 συμπέρασμα,
866 5398 1005 5467 λέγω
1034 5400 1096 5471 δὴ
1142 5401 1202 5452 τὸ
1247 5400 1594 5454 Μασαλιανδν
1640 5402 1908 5471 ὑπάρχειν

330 5492 508 5547 αὐτὸν
533 5490 596 5555 ἐξ
620 5493 792 5562 ἀρχῆς
820 5507 877 5542 τε
904 5491 996 5543 καὶ
1020 5494 1182 5562 μέχρι
1210 5493 1450 5562 τήμερον
1485 5494 1906 5563 ἀναμφίλεκτον·

329 5583 623 5654 εἶναιγὰρ
657 5584 870 5651 ἀξίωμα
900 5584 1058 5637 τοῦτο
1104 5586 1266 5639 πάλαι
1301 5585 1545 5656 κυρωθὲν
1574 5589 1683 5650 τοῖς
1717 5606 1773 5641 τε
1814 5588 1907 5641 θύ-

335 5678 512 5749 ραθεν
576 5678 668 5730 καὶ
720 5675 1007 5745 ἡμετέροις
1046 5675 1151 5731 τῶν
1204 5678 1563 5745 διδασκάλων,
1596 5681 1653 5745 ἐξ
1692 5679 1908 5748 ἀληθῶν

327 5776 435 5827 καὶ
468 5768 885 5835 ἁναμφιλέκτων
915 5769 1055 5837 ὅρων
1084 5771 1175 5823 καὶ
1201 5771 1516 5838 προτάσεως
1542 5770 1737 5841 ἀληθὲς
1769 5774 1906 5841 ὁμοῦ

2021 4591 2281 4659 denique,
2340 4588 2485 4658 quod
2522 4588 2593 4641 ad
2643 4588 2789 4641 hunc
2820 4587 2961 4641 diem
3009 4589 3475 4660 comprehendere
3520 4609 3585 4649 se

2020 4683 2154 4737 dicit
2186 4682 2365 4735 solum
2397 4680 2794 4737 immutabilem
2825 4687 2883 4734 et
2909 4679 3211 4735 increatutn
3252 4683 3441 4747 Deum,
3500 4684 3585 4739 lu-

2017 4789 2141 4828 men
2185 4773 2414 4826 alterum
2468 4781 2523 4826 et
2558 4772 2884 4838 increatum,
2914 4781 2972 4826 ut
3021 4788 3087 4827 ex
3120 4775 3472 4830 translatione
3511 4776 3579 4829 ad

2016 4867 2316 4935 subjectum
2340 4863 2646 4934 profectum
2681 4865 2931 4919 insolenti
2964 4866 3040 4919 illi
3075 4874 3129 4919 et
3167 4865 3429 4920 dementi.
3485 4868 3585 4924 llis

2016 4973 2147 5011 vero
2178 4966 2234 5011 et
2281 4955 2403 5009 aliis
2456 4955 2644 5009 multis
2697 4956 3162 5025 propositionibus
3210 4958 3435 5026 prolatis
3483 4961 3584 5012 mi-

2016 5049 2163 5103 nime
2184 5048 2389 5114 dubiis,
2428 5056 2489 5102 ut
2540 5056 2969 5102 consentaneum
3023 5056 3134 5115 est,
3166 5049 3584 5106 conclusionem

2015 5155 2126 5193 non
2168 5138 2387 5193 dubiam
2433 5139 2774 5208 adjecerunt,
2824 5138 3036 5192 scilicet
3091 5140 3227 5192 citra
3258 5150 3581 5196 controver-

2016 5233 2149 5286 siam
2179 5246 2325 5293 esse,
2348 5246 2472 5285 eum
2515 5230 2583 5284 ab
2614 5230 2774 5284 initio
2807 5240 2861 5284 et
2888 5229 2955 5283 ad
2990 5231 3042 5283 id
3074 5240 3291 5299 tempus
3335 5233 3582 5288 Masalia-

2017 5337 2099 5376 nae
2164 5321 2354 5376 haeresi
2394 5320 2670 5373 addictum
2730 5320 2919 5375 fuisse.
2975 5320 3090 5376 lloc
3150 5322 3298 5376 enim
3367 5325 3580 5378 axioma

2018 5412 2173 5467 valde
2210 5411 2499 5482 probatum
2531 5418 2614 5465 est
2664 5421 2720 5479 et
2761 5412 3005 5466 externis
3059 5422 3114 5468 et
3144 5417 3347 5470 nostris
3404 5416 3577 5483 magi-

2017 5506 2172 5569 Stris,
2203 5522 2234 5560 e
2285 5503 2429 5558 veris
2460 5513 2650 5558 etnon
2695 5504 2964 5575 ambiguis
2995 5507 3461 5577 protiositionibus
3484 5522 3579 5561 ve-

2018 5616 2131 5655 rant
2160 5609 2216 5655 et
2240 5598 2549 5654 evidentem
2582 5599 2993 5656 conclusionem
3030 5603 3345 5658 necessario
3382 5617 3583 5658 conse-

2016 5692 2132 5761 qui.
2165 5690 2531 5757 Quamobrcm
2567 5691 2710 5746 forte
2741 5692 2902 5764 546
2937 5704 3067 5749 tunc
3130 5692 3424 5762 episcopali
3488 5695 3578 5749 di-

2016 5786 2220 5853 gnitate
2245 5798 2369 5839 eum
2396 5784 2756 5853 expulissent,
2789 5788 2893 5841 nisi
2921 5788 3191 5841 anxietate
3214 5784 3577 5855 ettimiditate
