4134 6286
541 361 645 424 483

1743 341 2152 406 NICEPIIOIU
2193 343 2570 404 ὓΙὶὶέϐΟΙὶιΕ

3637 345 3731 404 tat

531 476 704 534 animi
731 475 1084 546 perturbants
1143 472 1424 538 utriusque
1479 469 1610 535 imp.
1651 465 1739 518 ille
1769 463 2098 518 benevolen-

2211 463 2298 514 καὶ
2330 459 2719 529 ἀναντίρρητον
2859 457 3100 525 ἀνάγκης
3139 449 3402 507 εἶναικαὶ
3441 451 3500 506 τδ
3541 460 3736 526 συμπέ-

532 575 662 624 tiam
687 566 938 637 precibus
957 573 1009 616 et
1035 563 1283 633 plurimis
1317 563 1382 612 lat
1403 577 1450 629 ι’)
1465 559 1566 611 mis
1595 557 1696 610 sibi
1729 563 2096 622 comparasset

533 669 590 712 ct
643 671 833 710 eorum
893 654 985 722 qui
1021 651 1162 720 apud
1217 652 1384 717 impp.
1419 653 1576 698 erant
1612 643 1872 694 auxilium
1929 637 2094 691 multa

537 749 853 803 adulatione
909 753 966 798 et
1025 743 1185 798 donis
1239 737 1580 793 redemisset.
1646 734 1832 802 itaque
1887 731 2086 784 factum

536 853 594 896 ut
625 855 721 909 pro
747 838 915 908 impp.
942 836 1218 888 voluntate
1251 847 1355 883 non
1386 827 1616 897 amplius
1648 833 1707 878 ut
1743 824 2006 878 scelestus
2040 831 2092 874 et

534 931 856 985 temerarius
912 927 1078 980 homo
1117 923 1429 986 haberetur,
1471 931 1646 986 neque
1691 923 1750 968 ut
1785 913 2090 982 exemplum

534 1023 690 1091 quale
720 1029 878 1074 antea
903 1027 1021 1072 erat
1053 1013 1339 1068 dementiae
1399 1021 1455 1064 et
1489 1009 1647 1076 cujus
1676 1006 1824 1060 nulla
1883 1013 1968 1058 est
2001 1019 2093 1058 ex-

533 1111 765 1166 cusatio.

2205 567 2406 620 ρασμα.
2441 553 2546 602 Καὶ
2575 549 2692 618 τάχ’
2720 549 2786 602 ἂν
2815 543 3065 612 ἐξωθεῖτο
3087 548 3182 615 τῆς
3213 543 3568 614 ὲπισκοπικῆς
3597 547 3738 611 ἀξίας

2201 639 2341 704 τότε,
2370 639 2418 691 εί
2453 643 2526 708 μὴ
2558 639 2730 708 δειλίᾳ
2769 639 2862 690 καὶ
2887 639 3037 708 φόϐῳ
3078 636 3360 706 συσχεθεὶς
3392 635 3547 697 αὐτὸς
3583 636 3742 706 ὑπερ-

2193 729 2444 782 ϐάλλοντι
2505 729 2605 800 τὴν
2659 729 2758 796 μὲν
2805 729 2913 780 τῶν
2962 727 3106 780 δυοῖν
3161 725 3424 796 βασιλέων
3470 725 3742 794 εὐμένειαν

2191 819 2409 888 δεήσεσί
2437 836 2497 871 τε
2545 820 2641 872 καὶ
2671 821 2902 890 δάκρυσι
2953 819 3222 880 πλείστοις
3279 819 3366 870 ἐπ’
3408 816 3604 886 ἀμφοῖν
3640 820 3744 870 τοῖν

2195 913 2409 980 καιροῖν
2437 909 2743 980 ἐπορίζετο,
2767 910 2864 980 τὴν
2907 908 2964 962 δὲ
3001 911 3108 960 τῶν
3151 907 3294 978 ἀμφὶ
3333 907 3459 970 τοὺς
3507 907 3744 976 βασιλέας

2195 1001 2515 1072 ἐπικουρίαν
2543 1002 2808 1064 θωπείαις
2835 1001 3085 1066 ἐξωνεῖτο
3130 1001 3219 1052 καὶ
3264 999 3560 1053 ἀντιδόσεσι
3592 999 3748 1050 πολυ-

2194 1093 2436 1162 τρόποις,
2464 1093 2538 1156 ὡς
2578 1090 2720 1146 εἷναι
2772 1091 2867 1145 τοῦ
2915 1092 3106 1145 λοιποῦ
3161 1093 3297 1161 πρὸς
3337 1091 3434 1153 τὰς
3483 1090 3746 1160 βασιλικὰς

537 1201 791 1264 καθάπαξ
825 1193 1107 1266 βουλήσεις
1138 1191 1299 1246 αὑτὸν
1328 1191 1387 1243 οὐ
1419 1191 1558 1242 πάνυ
1593 1183 1830 1254 σκληρὸν
1852 1185 1946 1236 καὶ
1970 1183 2198 1254 θρασὺν,
2246 1185 2356 1237 οὐδ’
2419 1188 2709 1238 ἀντίτυπον
2757 1185 2832 1248 ὡς
2899 1185 2958 1236 τὸ
3000 1184 3269 1256 πρότερον
3307 1183 3499 1246 ἄλογόν
3561 1199 3618 1234 τε
3664 1180 3750 1232 καὶ

534 1289 963 1358 ἀπροφάσιστον.

601 1386 692 1438 lx.
741 1385 853 1454 Ego
889 1387 1020 1437 vero
1046 1394 1360 1450 quanquam
1407 1378 1696 1432 innumera
1738 1369 1842 1428 alia
1881 1383 1932 1426 et
1979 1371 2086 1442 jam

533 1475 1070 1544 narratis-graviora
1119 1470 1364 1542 proferre
1409 1483 1666 1538 possum,
1715 1481 1834 1534 qua:
1866 1463 2092 1517 evidens

536 1566 897 1636 turpitudinis
925 1566 1044 1634 ejus
1079 1563 1344 1617 indicium
1377 1559 1621 1629 prmbcnt
1643 1598 1656 1621 ,
1691 1570 1839 1610 nunc
1871 1556 1984 1607 haec
2012 1552 2092 1604 ul-

536 1671 624 1711 tro
677 1655 1095 1726 prmtermittam
1147 1669 1213 1706 ex
1263 1651 1480 1706 duabus
1525 1647 1738 1710 causis,
1772 1661 1894 1700 cum
1943 1641 2088 1712 quod

533 1748 896 1804 commoratio
937 1747 994 1800 in
1033 1743 1346 1816 hujusmodi
1385 1738 1868 1795 criminationibus
1896 1736 2094 1802 lingum

537 1838 920 1906 procacitatem
957 1835 1110 1887 addit
1153 1848 1274 1902 qua:
1324 1831 1526 1900 probos
1571 1829 1717 1882 viros
1751 1825 1972 1878 minime
2003 1823 2097 1876 de-

534 1939 654 1993 cet,
698 1935 810 1980 tum
857 1941 987 1980 vero
1028 1924 1173 1994 quod
1219 1922 1473 1989 plurimis
1519 1921 1632 1990 jam
1666 1918 1832 1986 longe
1864 1931 1930 1969 ex
1965 1925 2098 1968 tem-

539 2034 670 2088 pore
703 2021 792 2072 res
822 2026 962 2072 notre
1024 2024 1186 2080 sunt,
1220 2029 1357 2084 quas
1388 2012 1434 2065 si
1467 2026 1658 2064 rursus
1699 2007 1999 2062 scientibus
2041 2008 2096 2059 in

539 2111 854 2165 memoriam
875 2121 1211 2173 revocarent,
1235 2113 1448 2158 tantum
1482 2119 1511 2156 ιι
1548 2102 1910 2156 delectatione
1940 2097 2099 2152 abes-

537 2217 652 2256 sem
703 2209 968 2270 quantum
1029 2204 1088 2251 ut
1143 2195 1280 2250 ﬁdes
1319 2193 1588 2246 habeatur
1637 2205 1775 2260 opus
1823 2197 1932 2243 est.
1970 2188 2099 2254 Quae

539 2287 686 2344 enim
730 2287 1021 2342 manifesta
1055 2285 1201 2340 ultro
1227 2291 1283 2338 et
1313 2283 1432 2337 sine
1461 2279 1648 2335 studio
1679 2278 2098 2347 intelligentiam

541 2377 809 2450 praebent,
837 2377 892 2430 in
917 2377 1003 2430 his
1027 2381 1362 2434 versantem,
1389 2382 1449 2425 ut
1473 2367 1554 2433 lit,
1580 2368 1828 2437 sequitur
1854 2365 2098 2428 taedium,

540 2465 984 2539 quandoquidem
1016 2457 1206 2533 postéa
1244 2459 1446 2515 ducere
1485 2457 1825 2527 aggreditur.
1858 2453 1988 2518 Quae
2021 2459 2102 2505 ta-

543 2578 666 2614 men
701 2557 1062 2614 nihilominus
1091 2543 1502 2608 calumniantur
1530 2557 1585 2604 et
1613 2545 1888 2618 quomodo
1921 2546 1975 2600 in
2010 2559 2101 2598 oc-

543 2645 692 2707 culto
723 2647 925 2719 seripta
956 2663 1074 2700 mea
1106 2649 1358 2714 carpant,
1385 2639 1509 2712 quis
1536 2656 1598 2694 ea
1631 2637 1946 2708 singulatim
1973 2652 2101 2706 per—

471 2743 474 2746 λ
544 2733 698 2813 sequi
729 2739 935 2810 possit?
960 2724 1026 2792 Et
1048 2731 1163 2790 hinc
1188 2734 1316 2789 dum
1343 2741 1527 2800 agunt.
1554 2743 1865 2798 quanquam
1891 2741 1918 2778 a
1943 2725 2102 2780 nobis

547 2831 764 2904 semper
793 2826 1219 2890 convincuntur,
1258 2825 1414 2896 547
1461 2823 1672 2876 nullum
1712 2827 1887 2873 tamen
1923 2817 2100 2888 pudo-

549 2919 665 2976 mn
713 2921 955 2973 habent:
997 2916 1092 2971 sed
1127 2913 1418 2969 insolentia
1450 2911 1638 2981 genuit
1668 2909 2010 2963 inscientiam
2048 2913 2104 2962 et

549 3015 804 3082 impietas
833 3010 1138 3080 graviorem
1172 3003 1535 3075 impietatem.
1577 3020 1594 3053 ι
1619 3001 1914 3071 lmpudens
1955 3000 2102 3054 enim

545 3119 694 3168 eras,
753 3097 891 3154 dicit
978 3095 1305 3165 Scriptura,
1362 3093 1553 3148 oculus
1618 3092 1924 3146 meretricis
1986 3091 2106 3145 erat
2136 3127 2179 3184 η

551 3197 669 3248 tibi.
705 3214 721 3244 ι
751 3193 868 3258 Quo
903 3191 1069 3260 igitur
1098 3186 1349 3242 convicio
1377 3185 1432 3240 in
1465 3200 1568 3239 nos
1601 3183 1690 3238 isti
1723 3183 1974 3237 homines
1999 3199 2108 3236 non

548 3293 808 3348 utantur;
834 3298 940 3350 qua
971 3290 1152 3334 autem
1195 3277 1492 3334 acerbitate
1531 3284 1722 3330 contra
1761 3274 1934 3328 libros
1961 3287 2114 3328 meos

547 3370 903 3429 abstineant?
933 3384 1056 3423 cum
1093 3367 1218 3422 talia
1274 3365 1537 3419 continuo
1569 3371 1761 3417 contra
1796 3369 2014 3417 sanctos
2047 3360 2115 3414 li-

552 3468 681 3520 bros
716 3461 896 3516 moliri
953 3456 1463 3528 deprehendantur,
1501 3464 1555 3509 et
1588 3453 1752 3508 etiam
1785 3468 1881 3507 eos
1919 3462 2110 3506 contra

558 3555 804 3627 ipsorum
851 3549 1086 3606 hatresin
1131 3555 1442 3618 pugnantes
1472 3545 1867 3615 experiuntur:
1899 3553 1954 3597 et
1984 3557 2115 3596 con-

555 3664 634 3702 tra
669 3657 786 3710 eos,
823 3649 882 3697 ut
912 3642 986 3696 ita
1011 3639 1209 3702 dicam,
1245 3635 1528 3707 tyrannice
1566 3633 1634 3688 de
1672 3633 1804 3688 sella
1853 3633 2115 3687 dimicant

555 3739 844 3808 pro'pt‘e'r‘ea
871 3775 886 3798 ,
914 3741 970 3788 et
997 3731 1156 3802 quasi
1186 3728 1401 3784 ludicra
1426 3727 1759 3781 aestimantes
1787 3725 2110 3791 reverenda,

553 3831 978 3902 quibuscunque
1009 3820 1298 3878 calumnlis
1328 3819 1679 3888 impudenter
1709 3831 1901 3874 contra
1933 3835 2028 3874 eos
2054 3829 2112 3874 et

555 3925 638 3978 usi
673 3931 801 3976 sunt
833 3928 887 3974 et
922 3927 1176 3971 utuntur.
1208 3913 1276 3967 Et
1319 3913 1696 3982 discerpentes
1725 3912 1833 3965 huc
1864 3911 1995 3966 illuc
2023 3911 2112 3965 ni-

557 4018 668 4070 hilo
703 4011 924 4067 melins'
954 4007 1286 4083 destruunt,
1327 4019 1489 4073 quam
1537 4003 1781 4057 Bacchas
1815 4002 2115 4072 accipimus

557 4108 610 4161 in
641 4095 945 4160 Pentheum
986 4097 1252 4152 furentes.
1289 4095 1674 4149 Verumtamen
1715 4093 1816 4147 has
1854 4091 2112 4161 quidem,

557 4197 741 4250 inrore
777 4193 913 4260 ipsis
947 4187 1138 4242 invitis
1171 4185 1435 4256 probrum
1470 4183 1680 4237 ferente
1703 4223 1718 4252 ,
1755 4183 1990 4237 fortasse
2021 4197 2110 4236 se-

557 4285 750 4355 quitur
767 4281 1048 4337 excusatio
1071 4287 1126 4332 et
1151 4275 1549 4339 misericordia,
1571 4289 1694 4328 cum
1719 4271 1864 4342 quod
1888 4289 1998 4327 non
2019 4287 2116 4328 vo-

560 4375 968 4429 luerintsecum
1004 4367 1189 4422 tulerit
1219 4369 1636 4420 commissorum
1677 4361 2114 4416 incusationem:

2267 1365 2342 1423 ϐ’.
2369 1368 2511 1434 Ἐγὼ
2538 1368 2592 1422 δὲ
2627 1369 2795 1438 μυρία
2831 1369 2927 1422 καὶ
2955 1363 3122 1436 μείζω
3149 1365 3255 1420 τῶν
3289 1364 3590 1434 εἰρημένων
3624 1365 3753 1430 διεξ-

2199 1455 2336 1514 ιέναι
2361 1461 2522 1530 ἔχων,
2551 1460 2586 1513 ὃ.
2616 1461 2712 1528 τῆς
2741 1459 2890 1527 σφῶν
2919 1459 3147 1519 ἀτοπίας
3172 1455 3390 1524 ἔλεγχον
3423 1455 3535 1522 ἕχει
3597 1457 3752 1522 σαφῆ,

2197 1553 2336 1606 ἑκὼν
2366 1554 2604 1622 παρίημι
2637 1551 2780 1604 δυοῖν
2817 1551 3002 1616 ἕνεκα,
3045 1549 3164 1610 ἐνος
3197 1548 3294 1616 μὲν
3331 1548 3412 1599 ὅτι
3445 1548 3561 1603 ταῖς
3588 1547 3758 1598 τοιαύ-

2198 1661 2320 1706 ταις
2357 1643 2714 1712 ἐνδιατρίϐειν
2748 1643 2961 1710 κηλῖσιν
3005 1641 3225 1708 ἐθισμὸν
3253 1642 3316 1708 τῇ
3355 1641 3411 1705 γ)
3425 1641 3571 1709 ώττῃ
3602 1655 3756 1704 προσ-

2197 1737 2444 1806 τρίϐεται
2503 1736 2688 1806 ἥκιστ’
2739 1735 2997 1804 ἀνδράσιν
3051 1731 3320 1785 ἐπιεικέσι
3376 1731 3755 1798 προσήκοντα,

2200 1829 2390 1898 ἐτέρου
2420 1827 2465 1880 δ’
2493 1829 2596 1891 ὅτι,
2635 1827 2672 1880 ὃ.
2703 1829 2810 1888 τοῖς
2861 1825 3074 1888 πολλοῖς
3120 1827 3182 1876 ἐκ
3237 1821 3434 1874 πολλοῦ
3487 1821 3761 1888 πρόκειται

2200 1921 2476 1990 γνώριμα,
2517 1921 2722 1972 τούτων
2765 1919 3061 1986 πειρᾶσθαι
3093 1917 3188 1984 τὴν
3219 1913 3421 1982 γνῶσιν
3461 1913 3573 1973 τοῖς
3605 1911 3764 1962 εἰδόσι

2200 2012 2459 2080 παρέχειν
2489 2009 2690 2081 ἀρτίως
2715 2009 2867 2078 παρὰ
2893 2007 3147 2062 τοσοῦτον
3175 2007 3268 2059 τοῦ
3293 2007 3518 2072 τέρπειν
3545 2004 3766 2068 ἀφίστα-

2200 2117 2290 2152 ται
2323 2101 2457 2169 παρ’
2481 2099 2602 2150 ὅσον
2633 2097 2724 2149 καὶ
2748 2097 2810 2148 τὸ
2841 2093 3190 2148 πιστεύεσθαι
3224 2093 3514 2160 πρόχειρον
3542 2089 3670 2156 ἔχει.
3704 2089 3766 2138 'A

2200 2187 2310 2254 γὰρ
2341 2185 2586 2256 παρόντα
2643 2185 2845 2254 προῖκα
2887 2185 2981 2234 καὶ
3025 2182 3202 2234 πόνων
3253 2179 3375 2247 δίχα
3425 2179 3525 2246 τὴν
3573 2176 3768 2244 γνῶσιν

2201 2277 2522 2347 παρέχεται,
2557 2276 2768 2336 τούτοις
2803 2273 3155 2337 ἐπιπολάζειν
3191 2273 3265 2332 ὼς
3299 2273 3362 2324 τὰ
3398 2270 3574 2322 πολλὰ
3609 2267 3770 2336 παρέ-ο

2203 2386 2362 2420 πεται
2395 2370 2487 2420 καὶ
2516 2365 2732 2439 τάηδὲς,
2763 2363 2818 2418 εί
2842 2382 2924 2426 τις
2949 2364 3182 2416 κατόπιν
3209 2357 3485 2414 διδάσκειν
3518 2357 3769 2427 πειρῷτο.

2208 2461 2274 2512 *Α
2293 2459 2337 2512 δ’
2367 2461 2516 2528 ὅμως
2550 2455 2921 2526 βωμολοχοῦσι
2949 2454 3044 2509 καὶ
3072 2454 3212 2508 κατά
3253 2453 3360 2504 τῶν
3391 2451 3546 2510 ἐμῶν
3579 2449 3773 2518 βίϐλων

2203 2551 2590 2621 ύῳαιρούμενοι
2617 2547 2814 2617 λάθρα,
2847 2547 2930 2608 τίς
2962 2545 3029 2600 ἃν
3062 2547 3157 2600 καὶ
3192 2543 3331 2598 αύτά
3369 2544 3630 2610 διεξιέναι
3661 2541 3779 2594 καθ’

2202 2644 2412 2696 ’ἐκαστα
2443 2639 2702 2702 δύναιτος
2735 2637 2845 2691 Καὶ
2886 2635 3058 2690 ταῦτα
3086 2635 3284 2705 δρῶσιν
3329 2635 3517 2698 αὐτιῖς
3559 2635 3654 2688 καὶ
3688 2633 3758 2702 ὑφ

2203 2733 2359 2802 ἡμῶν
2399 2730 2780 2800 ἐλεγχομένοις
2814 2729 2900 2782 ἀεὶ
2937 2728 3101 2792 αἰδώς
3133 2745 3217 2790 τις
3253 2727 3352 2780 οὐκ
3395 2727 3638 2790 ἔπεισιν,
3667 2727 3777 2778 ἀλλ’

2203 2826 2362 2895 ὕϐρις
2395 2822 2553 2894 ὖεριν
2593 2823 2745 2876 ἔτεκε
2785 2822 2879 2874 καὶ
2937 2821 3162 2874 ἀσέϐεια
3208 2820 3605 2890 χαλεπωτέραν
3657 2821 3781 2873 ἀσέ-

2203 2918 2378 2969 ϐειαν.
2432 2934 2450 2966 ι
2492 2913 3031 2984 Ἀπηναισχύντησας
3073 2931 3091 2962 ι
3148 2911 3257 2982 γάρ
3303 2929 3474 2982 φησιν
3519 2913 3552 2980 ἡ
3594 2909 3782 2978 Γραφὴ

2204 3011 2314 3070 τοῖς
2361 3007 2664 3068 τοιούτοις⁹
2710 3023 2728 3056 ‹
2773 3005 2893 3074 ὄψις
2947 3006 3152 3072 πόρνης
3201 3005 3424 3070 ἐγένετό
3471 3021 3578 3056 σοι.
3624 3023 3642 3054 θ
3693 3003 3783 3053 Τί-

2210 3117 2297 3161 νος
2326 3096 2419 3151 οὖν
2460 3097 2525 3150 ἂν
2560 3099 2611 3150 oi
2645 3095 2878 3148 τοιοῦτοι
2925 3095 3208 3162 φείσαιντο
3244 3091 3366 3144 καθ’
3405 3093 3572 3162 ἡμῶν
3623 3091 3780 3143 λοιδο-

2216 3193 2356 3262 ρίας,
2385 3191 2532 3252 τίνος
2555 3189 2600 3242 δ’
2622 3187 2685 3242 ἂν
2711 3188 2852 3239 κατὰ
2875 3187 2981 3238 τῶν
3017 3187 3166 3255 ὲμῶν
3199 3187 3532 3254 ἀπόσχοιντο
3563 3185 3782 3254 βιϐλίων

2211 3283 2614 3352 ἀναισχυντίας,
2671 3279 2720 3332 οἲ
2757 3281 2826 3332 τὰ
2879 3277 3104 3331 τοιαῦτα
3145 3267 3410 3345 διηνεκῶς
3474 3277 3624 3330 κατὰ
3684 3277 3784 3327 τῶι

2215 3375 2374 3442 ιερῶν
2404 3371 2712 3436 τολμῶντες
2759 3369 3077 3424 ἁλίσκονται
3111 3370 3366 3439 Γραφῶν,
3405 3367 3508 3422 ἆτε
3549 3371 3782 3438 μαχομέ-

2211 3483 2317 3520 νων
2342 3466 2614 3518 κὰκείνων
2640 3467 2705 3534 τῇ
2733 3463 2794 3535 [Γ.
2829 3455 2935 3517 ⁸268
2967 3461 3017 3534 b]
3047 3463 3194 3530 σφῶν
3239 3463 3454 3531 αἱρέσει
3501 3461 3788 3532 πειρώμε-

2218 3576 2298 3609 νοι
2331 3575 2346 3625 ;
2378 3553 2490 3610 Καὶ
2517 3556 2624 3624 γὰρ
2657 3555 2945 3616 κάκείνους
2985 3551 3096 3608 οἷον
3125 3556 3299 3606 εἰπεῖν
3329 3557 3440 3606 ἀπὸ
3477 3555 3676 3624 δίφρου
3703 3571 3784 3603 run

2217 3643 2484 3715 ραννικῶς
2538 3641 2878 3712 ἀμυνόμενοι
2913 3642 3003 3694 διὰ
3037 3640 3230 3704 ταῦτα,
3263 3643 3358 3693 καὶ
3389 3642 3467 3704 ὡς
3514 3644 3572 3694 ὲν
3625 3642 3790 3710 ἀθύρη

2217 3752 2385 3806 ματος
2425 3733 2568 3803 λόγῳ
2612 3732 2889 3801 τιθέμενοι
2945 3733 3014 3784 τὰ
3062 3732 3359 3802 σεϐάσμιοι..
3393 3736 3607 3793 πάσαις
3643 3735 3790 3785 ἀναί-

2213 3829 2309 3894 δην
2338 3828 2456 3880 κατ’
2485 3826 2665 3880 αὐτῶν
2699 3825 3004 3896 ἐχρήσαντό
3043 3843 3101 3878 τε
3137 3829 3231 3878 καὶ
3265 3828 3520 3896 χρῶνται
3549 3827 3792 3895 βωμολοο

2214 3921 2380 3988 χίαις’
2412 3921 2506 3972 καὶ
2537 3917 2874 3981 διασπῶντες
2901 3918 3051 3970 ἔνθεν
3082 3919 3336 3971 κάκεῖθεν
3369 3922 3532 3972 οὐδὲν
3571 3922 3793 3988 ἄμεινον

2216 4012 2550 4065 διατίθενται
2597 4010 2854 4082 ἣῶσπερ
2899 4011 2996 4072 τὰς
3057 4009 3274 4079 βάκχας
3338 4013 3630 4084 ἀκούομεν
3657 4013 3793 4068 κατὰ

2215 4103 2308 4157 τοῦ
2337 4103 2582 4166 Πενθέως
2619 4105 2899 4170 μανεῖσας.
2951 4103 3092 4156 Ἀλλ’
3126 4103 3366 4167 ἐκείναις
3400 4103 3509 4168 μὲν
3537 4097 3794 4160 ἀκούσιον

2217 4192 2555 4254 πεπονθυίας
2594 4195 2694 4264 τὴν
2719 4194 2818 4263 τῆς
2849 4194 3048 4260 μανίας
3075 4193 3362 4264 αἰσχύνην,
3402 4198 3506 4250 καὶ
3537 4198 3602 4250 τὸ
3633 4199 3794 4264 ἀνεγ-

2220 4287 2442 4356 κλήτοις
2492 4281 2634 4338 εἷναί
2678 4302 2738 4338 τε
2791 4289 2884 4338 καὶ
2917 4285 3064 4355 ’ἅμα
3114 4281 3301 4340 οίκτου
3337 4289 3646 4358 τυγχάνειν
3673 4293 3795 4348 ἴσως

2219 4375 2452 4428 κατόπιν
2503 4375 2807 4440 ἀκολουθεῖ,
2854 4374 2949 4427 τοῦ
2986 4375 3288 4444 ἀϐουλήτου
3341 4378 3486 4446 πρὸς
3543 4379 3709 4430 ἑαυτὸ
3736 4394 3794 4446 γε

562 4465 669 4518 illis
695 4479 820 4517 vero
849 4463 992 4514 ultro
1019 4475 1082 4512 ea
1107 4457 1398 4527 agentibus
1417 4469 1538 4525 qua:
1569 4452 2109 4510 conveniuntl'uren-

2222 4465 2586 4534 éipe‘axottévou
2613 4465 2681 4519 τὰ
2709 4463 2818 4519 τῶν
2847 4453 3253 4519 ἀποϐαινόντων
3278 4469 3641 4537 ἐγκλήματα·
3676 4467 3794 4520 wi-

563 4556 734 4618 tlbus,
768 4552 1055 4620 eaStigatio
1081 4549 1312 4603 debetur
1343 4545 1703 4616 implacabilis
1729 4552 1784 4600 et
1813 4545 1972 4600 valde
2009 4547 2117 4599 cir-

559 4653 895 4715 eumspceta.
917 4645 1133 4697 Illarum
1151 4641 1314 4694 etiam
1335 4639 1700 4693 libentissime
1719 4639 2121 4692 obliviscuntur

565 4739 837 4800 homines,
865 4749 1043 4804 neque
1067 4733 1356 4802 quisquam
1383 4731 1534 4786 illinc
1557 4731 1834 4785 inﬁnitum
1858 4731 2116 4784 damnant

559 4826 925 4892 subintelligit
979 4845 992 4878 :
1047 4824 1147 4878 hos
1185 4832 1366 4876 autem
1407 4829 1462 4876 et
1497 4821 1810 4875 meminisse
1848 4828 1902 4874 et
1937 4819 2122 4873 odisse

563 4919 784 4989 plurimi
826 4916 908 4970 vel
943 4915 1176 4968 maxime
1213 4913 1374 4966 inviti
1413 4920 1728 4980 coguntur;
1769 4909 1984 4963 illarum
2027 4923 2122 4978 pe-

565 5009 804 5063 riculum
842 5007 1077 5060 vitantes
1110 5013 1166 5059 et
1205 5016 1622 5072 compesccntes
1665 4999 1986 5070 priusquam
2022 5001 2122 5053 ob-

565 5101 768 5155 veniat.
797 5099 930 5154 Nam
960 5097 1230 5169 ejusmodi
1259 5111 1433 5164 nuper
1467 5095 1586 5163 ipsa
1615 5094 1670 5146 in
1704 5109 1762 5146 re
1789 5089 2120 5159 deprehensi
2159 5143 2162 5148 .

563 5201 692 5246 stmt
751 5190 1100 5260 impudentes
1156 5187 1246 5242 isti
1313 5186 1366 5238 in
1424 5185 1628 5252 scripta
1685 5195 1803 5234 mea
1860 5189 2116 5249 tanquam

561 5283 830 5339 ebrietate
877 5283 1251 5338 insanientes:
1290 5280 1516 5334 verbum
1570 5275 1627 5328 εὖ
1664 5275 1871 5344 adjeCta
1904 5293 1940 5342 φ
1977 5274 2121 5327 litte-

563 5373 678 5428 rula
707 5373 758 5426 iu
784 5373 883 5441 φεῦ
909 5371 1378 5437 ιιιυιιιηιρε,καλὸν
1410 5366 1572 5438 548
1601 5377 1779 5420 autem
1829 5368 1989 5421 unius
2029 5367 2120 5421 lit-

567 5475 695 5516 terae
723 5463 752 5513 λ
785 5463 1084 5516 mutatione
1137 5470 1413 5515 mutantes
1446 5460 1499 5512 in
1535 5459 1703 5510 κακον
1739 5473 1836 5526 per
1865 5457 2124 5510 mutatio-

567 5569 688 5606 nem
720 5554 772 5606 in
799 5569 856 5606 κ.
886 5553 953 5607 Ει
987 5561 1249 5622 praeterea
1280 5554 1408 5622 περὶ
1441 5549 1832 5620 praepositione
1867 5557 1976 5601 tota
2009 5547 2122 5612 eje-

565 5651 650 5695 cta
689 5651 745 5696 et
777 5644 831 5696 in
867 5644 1008 5696 κατά
1043 5657 1306 5698 conversa
1329 5685 1341 5704 ,
1383 5657 1482 5711 pro
1519 5641 1646 5710 περὶ
1679 5641 1776 5691 τοῦ
1809 5641 1988 5706 φωτὺς
2029 5655 2121 5690 rc-

569 5733 906 5798 scripserunt
957 5735 1097 5788 κατά
1137 5735 1226 5786 τοῦ
1270 5737 1467 5797 φωτός.
1495 5733 1711 5786 Ludunt
1761 5731 2114 5793 pucrulorum

2217 4575 2330 4620 τοις
2364 4557 2408 4609 δ’
2445 4557 2713 4618 ἑκουσίοις
2751 4557 2950 4627 δρῶσιν
2997 4557 3032 4610 ὃ.
3063 4561 3171 4618 τοῖς
3205 4563 3568 4626 μαινομένοις
3598 4559 3794 4630 ἁρμοτ-

2218 4665 2322 4713 τςι,
2343 4648 2563 4702 κόλασιν
2589 4650 2887 4718 ἀνήκεστον
2921 4649 3231 4702 ἐκκαλεῖται
3262 4651 3356 4702 καὶ
3393 4651 3616 4719 σφόδρα
3647 4649 3800 4718 περί-

2221 4740 2474 4793 ϐλεπτον.
2525 4741 2815 4820 βάκείνων
2849 4741 2949 4810 μὲν
2980 4742 3072 4793 καὶ
3108 4741 3253 4810 μάλα
3299 4742 3530 4804 ἑκόντες
3573 4741 3794 4792 ἐπιλαν-

2221 4828 2471 4880 θάνονται
2509 4827 2808 4898 ἅνθρωποι,
2842 4827 3116 4898 μηδεμίαν
3143 4829 3353 4892 οὐδένες
3383 4830 3613 4883 ἐκεῖθεν
3647 4830 3797 4883 ἀτέκ-

2225 4936 2433 4987 μαρτον
2471 4919 2820 4988 ὑφορώμενοι
2855 4919 3084 4991 βλάδηνο
3118 4921 3323 4974 τούτων
3361 4921 3436 4986 ⁴δὲ
3505 4923 3605 4974 καὶ
3661 4921 3800 4991 μάλα

2223 5011 2449 5072 ἄκοντες
2482 5011 2794 5080 μεμνῆσθαι
2821 5013 2936 5082 ἅμα
2965 5016 3061 5066 καὶ
3095 5015 3275 5083 μισεῖν
3297 5016 3344 5064 ol
3373 5012 3608 5074 πλείους
3642 5019 3806 5078 ἀναγ-

2224 5098 2526 5161 κάζονται,
2563 5097 2654 5150 τὺν
2700 5098 2930 5152 ἐκείνων
2980 5099 3372 5168 φυλαττόμενοι
3415 5101 3679 5152 κίνδυνον
3711 5101 3804 5152 καὶ

2225 5190 2353 5255 πρὶν
2405 5187 2540 5238 ἰέναι
2595 5189 3146 5252 προαναστέλλοντες.
3213 5189 3319 5240 Καὶ
3366 5188 3490 5258 γὰρ
3545 5191 3690 5241 αὐτὰ
3743 5189 3804 5255 δὴ

2221 5281 2398 5334 ταῦτα
2447 5283 2539 5332 καὶ
2579 5282 2717 5333 κατὰ
2757 5283 2864 5334 τῶν
2919 5281 3068 5350 ἐμῶν
3109 5281 3336 5352 ἔναγχος
3365 5281 3464 5333 ἐπ’
3494 5281 3804 5350 αὐτοφώρῳ

2229 5369 2426 5438 βίϐλων
2457 5369 2703 5422 ἑάλωσαν
2735 5371 3274 5441 ἐμπεπαρῳνηκότες
3327 5369 3378 5422 οἱ
3431 5372 3709 5434 ἀναιδεῖς,
3747 5371 3806 5422 τὸ
3835 5369 3838 5372 λ

2231 5461 2326 5528 μὲν
2358 5455 2416 5510 εὖ
2453 5457 2737 5529 προσθήκῃ
2767 5463 2856 5510 τοῦ
2907 5478 2950 5527 5.7
2998 5461 3260 5530 στοιχείου
3295 5460 3434 5529 πρὸς
3469 5463 3533 5514 τὸ
3567 5464 3672 5530 φεῦ
3713 5479 3806 5532 με·-

2223 5549 2764 5618 ταστοιχειώσαντες,
2805 5553 2863 5604 τὸ
2911 5553 2966 5603 δὲ
3012 5553 3172 5605 καλὸν
3225 5553 3290 5605 αὖ
3338 5553 3468 5617 ἐνὸς
3523 5557 3806 5610 ἀλλοιώσει

2225 5641 2316 5693 τ’,ὗ
2355 5645 2392 5694 λ
2437 5659 2527 5692 στο
2552 5645 2698 5710 χείου
2753 5641 3217 5714 μεταὸεϐληκότες
3263 5648 3339 5706 εἷς
3397 5645 3465 5698 τὺ
3517 5653 3694 5700 κακον
3725 5650 3808 5698 δα

2226 5739 2320 5791 τίς
2356 5735 2433 5790 εἰς
2461 5733 2518 5784 ἰδ
2549 5751 2582 5784 κ
2619 5735 2936 5790 μεταϐολὴ.
2971 5737 3076 5789 Καὶ
3111 5736 3242 5792 πούς
3293 5750 3348 5796 γε
3385 5732 3476 5787 ἔτι
3527 5735 3630 5806 τὴν
3681 5737 3804 5800 περ
