4134 6286
393 419 497 480 485

1338 407 1780 478 ΒΥΖΑΝΤῘΝᾸΞ
1823 413 2199 474 ΙῙΙΞΤΟΒΙΑΞ
2247 414 2394 474 LIB.
2428 414 2726 478 XXXVII.

3525 409 3629 481 48

393 532 680 605 πρόθεσιν,
714 521 863 599 λέξιν
888 529 1056 589 οὖσαν
1082 511 1232 604 ὅλην,
1260 533 1672 604 παραξέσαντες
1700 532 1796 585 καὶ
1823 530 1959 602 πρδς

2071 529 2245 583 instar
2293 530 2594 593 facientes.
2646 533 2811 602 idque
2857 547 2980 586 cum
3033 541 3356 603 argumenta
3409 533 3521 588 sint
3573 535 3627 588 in

395 628 492 695 τὴν
529 627 681 678 κατὰ
714 627 1158 696 μετενηνοχότες,
1187 623 1314 678 ἀντὶ
1355 623 1446 678 τοῦ
1497 623 1746 695 περὶτοῦ
1782 623 1957 690 φωτζς

393 721 532 772 κατά
585 717 681 772 τοῦ
719 719 900 787 φωτὸς
958 717 1401 787 μεθηρμόσαντο,
1460 715 1722 784 ἀθῦρουσι
1769 713 1960 765 παιδα-

396 811 532 880 ρίοις
567 811 876 880 προσόμοια
933 807 1189 877 ὁρῶντες,
1242 806 1538 860 καὶταῦτα
1569 806 1678 857 τῶν
1724 804 1960 874 ἐλέγχων

391 903 449 955 ἐν
500 900 801 970 ὀφθαλμοῖς
856 899 1238 969 προκειμένων
1294 899 1382 950 διὰ
1430 899 1527 965 τῆς
1577 898 1705 967 ὅλης
1753 897 1961 958 ἐννοίας

389 994 482 1046 τοῦ
519 991 682 1059 λόγου
727 992 820 1043 καὶ
871 991 980 1044 τῶν
1031 990 1481 1061 ἐπιχειρημάτων
1510 987 1646 1054 ὁμοῦ
1677 989 1770 1040 καὶ
1799 989 1960 1056 ἔργα-

393 1083 545 1147 σιῶν,
574 1081 699 1135 καθ’
730 1082 855 1135 ὅσον
892 1081 1062 1144 εἰκὸς,
1096 1081 1190 1133 καὶ
1222 1080 1461 1149 μάλιστα
1503 1078 1610 1131 τῶν
1641 1079 1956 1148 γραφικῶν,

392 1177 484 1228 καὶ
513 1173 672 1227 πάνθ’
709 1176 809 1228 ὅσα
836 1175 912 1243 τῷ
945 1175 1086 1240 λόγῳ
1117 1173 1377 1242 πρόσεστι
1409 1171 1539 1241 περὶ
1577 1171 1670 1223 τοῦ
1717 1169 1956 1222 τοιούτου

391 1262 589 1329 φωτός.
645 1260 808 1314 vim
837 1261 1010 1313 ταῦτα
1049 1259 1333 1322 ποιοῦντες
1360 1257 1483 1311 οὗτε
1518 1259 1778 1328 βλάπτειν
1811 1258 1959 1326 ἡμᾶς

391 1351 667 1415 δύνανται,
705 1352 803 1404 καὶ
831 1350 947 1418 ἅμα
979 1351 1080 1420 τὴν
1131 1341 1406 1419 σφετέραν
1467 1350 1563 1401 καὶ
1616 1348 1840 1409 ἄκοντες
1885 1347 1959 1409 ὡς

392 1440 597 1493 ἐπίπαν
643 1439 998 1510 ὁμολογοῦσιν
1043 1437 1333 1494 ἀσθένειαν
1388 1439 1678 1509 μονονουχὶ
1702 1437 1955 1507 βοῶντες,

391 1530 484 1582 καὶ
535 1529 677 1597 σφᾶς
743 1529 945 1592 αὖτοὺς
1003 1528 1459 1599 ἐκπομπεύοντες
1498 1527 1573 1590 ὡς
1631 1529 1806 1591 ἄλλως
1858 1529 1958 1580 οὐκ

392 1617 607 1689 ἔχοντες
657 1617 1007 1672 ἀντιϐλέπειν
1053 1619 1191 1690 πρὸς
1245 1619 1346 1688 τὴν
1381 1618 1666 1690 ἀλήθειαν.
1709 1620 1820 1671 Καὶ
1851 1620 1959 1672 πά-

393 1725 581 1778 σχουσι
618 1710 984 1779 παραπλήσια
1005 1712 1073 1781 τῇ
1103 1711 1199 1764 τοῦ
1228 1711 1488 1764 Αἰσώπου
1531 1709 1788 1780 καμήλῳ,
1813 1709 1848 1780 ἡ
1888 1709 1957 1761 δι’

390 1799 673 1852 ἀσθένειαν
702 1799 946 1869 ἔμφυτον
995 1802 1248 1870 κεράτων
1297 1801 1650 1870 ἀμυντηρίων
1692 1800 1962 1870 ἐπιθυμή-

391 1907 555 1954 σασα,
615 1893 709 1945 καὶ
771 1893 879 1945 τῶν
951 1891 1097 1946 ίδίων
1148 1889 1303 1945 ὢτων
1355 1892 1664 1962 ἐστέρηται.
1705 1892 1812 1944 Καί
1869 1908 1961 1960 μοι

387 1978 577 2031 λοιπὸν
611 1979 824 2032 οἴεσθαι
871 1979 1108 2043 ἔπεισιν,
1137 1978 1212 2042 ὡς
1260 1979 1407 2047 ξίφει
1434 1980 1534 2050 τὴν
1565 1980 1706 2049 ἐμὴν
1737 1980 1960 2048 ἀφελεῖν

389 2071 632 2138 κεφαλὴν
658 2069 756 2122 καὶ
783 2072 885 2140 τῆς
915 2071 1201 2140 παρούσης
1226 2069 1539 2134 ἀπαλλάξαι
1569 2069 1715 2139 ζωῆς
1739 2071 1796 2123 ὲν
1829 2068 1960 2140 βρα-

387 2164 472 2230 χεῖ
502 2161 783 2230 ἐφιέμενοι
818 2161 1020 2229 μὲν,οὑ
1053 2161 1350 2230 δυνάμενοι
1379 2161 1458 2227 δὲ,
1494 2161 1668 2231 τάμὰ,
1701 2160 1794 2214 τὸν
1837 2159 1961 2214 δεύ-

386 2265 545 2318 τερον
599 2247 790 2314 πλοῦν,
836 2248 1294 2315 ὑποκλέπτοντες,
1341 2246 1640 2320 μαχαίραις
1671 2249 1961 2315 ἀποξέουσί

387 2355 445 2392 τε
499 2339 595 2393 καὶ
644 2339 1052 2393 ἀπαλλάττουσι
1107 2341 1246 2410 πρὸς
1291 2339 1350 2393 τὺ
1390 2339 1547 2409 σφίσι
1595 2338 1958 2410 βουλόμενον,

389 2434 506 2486 ἔστι
551 2431 597 2486 δ’
636 2432 727 2486 ὅτε
771 2432 865 2485 καὶ
913 2431 1096 2503 βυθοίς
1144 2432 1474 2501 ἀφανισμῶν
1520 2432 1962 2502 πρύτανεύουσιν

388 2526 512 2578 ὅσον
537 2524 600 2577 τὸ
634 2521 758 2578 κατ’
787 2524 1007 2587 αὐτοὺς,
1046 2524 1094 2576 εί
1139 2523 1234 2578 καὶ
1268 2522 1468 2590 ἄλλως,
1501 2524 1602 2594 τῆς
1632 2525 1782 2586 θείας
1815 2526 1964 2580 ἀντιέ-

390 2617 739 2686 πραττούσης
769 2615 970 2683 δεξιᾶς,
1001 2614 1230 2685 καιρίαν
1253 2631 1313 2667 τε
1344 2615 1666 2686 ἐπλήγησαν
1695 2615 1960 2680 πολλάκις

394 2706 486 2761 καὶ
534 2706 624 2758 ἀεὶ
691 2705 1024 2776 πλήττονται
1083 2706 1180 2760 καὶ
1232 2705 1387 2760 λύκοι
1451 2708 1630 2777 μάτην
1670 2708 1962 2776 κεχηνότες

389 2799 692 2851 δείκνυνται
723 2799 865 2852 κατά
894 2798 992 2868 τὴν
1018 2797 1340 2868 παροιμίαν.
1357 2797 1485 2871 [269
1507 2817 1540 2854 a
1594 2798 1782 2862 Οῦτως
1807 2800 1964 2853 ἀναί-

389 2890 539 2944 δειαν
561 2891 743 2945 πᾶσαν
779 2889 1086 2944 ἔνδέδυνται
1122 2891 1219 2943 καὶ
1239 2885 1374 2961 ἦθος
1407 2891 1602 2962 ίταμδν
1635 2890 1730 2945 καὶ
1751 2889 1960 2960 οὖδαμῆ

392 2999 521 3036 ποτε
567 2983 1003 3052 ὑπισχνούμενον
1055 2983 1154 3052 τὴν
1211 2982 1520 3052 διόρθωσιν.
1551 2983 1681 3036 Δέον
1722 2983 1830 3054 γάρ
1862 2983 1962 3036 αύ-

390 3073 515 3131 τοῦς
547 3073 912 3126 καταδύεσθαι
947 3073 1043 3125 καὶ
1072 3071 1359 3144 ὲρυθριᾷν,
1383 3074 1431 3126 οἱ
1457 3073 1515 3128 δὲ
1543 3074 1637 3129 καὶ
1667 3076 1962 3143 ἀναισχυνὲ

390 3162 544 3216 τοῦσί
579 3180 665 3231 γε,
698 3162 768 3216 τά
816 3163 990 3230 μείζω
1019 3180 1078 3216 τε
1126 3165 1220 3218 καὶ
1277 3164 1636 3236 χαλεπώτερα
1678 3166 1821 3220 κατὰ
1849 3165 1959 3220 τῶν

389 3257 562 3326 ἐμῶν,
613 3256 688 3320 ὼς
740 3255 982 3325 εἴρηται,
1015 3257 1114 3308 νῦν
1167 3273 1224 3308 τε
1269 3257 1508 3327 δρῶντες
1557 3257 1655 3311 καὶ
1702 3256 1839 3327 δρᾷν
1869 3257 1961 3310 ἀεὶ

389 3347 741 3411 ἀπειλοῦντες
772 3346 878 3409 ἐτι,
918 3347 1146 3416 μηδενὸς
1176 3346 1344 3402 ἕνεκα
1373 3348 1592 3412 πάντως
1621 3347 1816 3416 ἑτέρου
1850 3348 1961 3402 τῶν

391 3441 615 3494 πάντων
644 3440 677 3511 ἦ
705 3439 832 3504 τοὺς
864 3439 1120 3493 ἐντεῦθεν
1149 3440 1410 3511 ἐλέγχους
1451 3443 1540 3495 ἀεὶ
1581 3441 1832 3503 δεδιότες.
1873 3439 1962 3505 ’ος

389 3531 800 3603 ἀναγκάζεσθαι
841 3532 989 3602 κάμὲ
1023 3534 1332 3604 παραινεῖν,
1367 3527 1448 3596 οἷς
1484 3533 1729 3604 μετιέναι
1759 3532 1963 3596 ταύτας

391 3626 574 3679 ἔπεισι
607 3625 782 3696 φίλοις
815 3619 966 3678 οὖσιν
1001 3623 1162 3694 ήμῶν
1198 3625 1338 3695 μετά
1379 3625 1482 3694 τὴν
1512 3627 1653 3696 ἐμήν
1684 3624 1960 3696 τελευτὴν,

392 3717 580 3787 ζητεῖν
608 3717 702 3770 καὶ
735 3714 1101 3787 παρατιθέναι
1128 3716 1230 3780 τὰς
1261 3715 1403 3778 τέως
1432 3717 1620 3780 αύτοῐς
1647 3717 1752 3770 ἀνά
1779 3719 1968 3786 χεῖρας

392 3810 610 3879 ἑτέραις
631 3807 845 3876 ὁμοίαις
867 3807 960 3860 καὶ
980 3807 1182 3876 ὁμοίως
1214 3806 1304 3876 ὑφ’
1333 3807 1624 3878 ἡμετέρων
1657 3824 1969 3881 μετεγγρα-

392 3901 611 3969 φείσαις
637 3900 816 3970 ὀρθῶς
848 3899 1147 3970 φοιτητῶν,
1183 3901 1280 3954 καὶ
1307 3903 1548 3972 συνορᾷν
1573 3901 1774 3954 οὑτωσὶ
1802 3902 1969 3973 τάλη-

392 3991 506 4054 θές.
543 3991 618 4045 Τὸ
649 3992 758 4062 γὰρ
803 3990 1047 4045 τοιοῦτον
1081 3990 1258 4062 ἔγωγε
1309 3992 1428 4052 δέος
1458 3993 1838 4062 προκαθιστάς
1873 3993 1970 4047 καὶ

2064 621 2240 675 oculis
2289 632 2518 691 propter
2548 628 2715 676 totam
2753 623 3022 677 sermonis
3056 623 3422 678 intentionem
3455 635 3506 676 ct
3549 624 3632 676 in-

2064 723 2221 780 i-epta
2254 722 2309 766 et
2343 713 2523 766 studia
2548 754 2562 777 ,
2596 723 2655 767 ut
2689 723 3121 769 consentaneum
3171 721 3266 770 ’est
3293 734 3308 779 ;
3337 715 3391 768 in
3441 715 3632 784 primis

2062 810 2245 854 autem
2300 811 2525 871 propter
2579 799 2877 871 Scriptura:
2932 803 3285 867 testimonia,
3339 812 3396 857 et
3448 802 3630 854 omnia

2066 908 2188 962 quae
2220 908 2344 946 cum
2379 908 2637 946 sermone
2673 895 2739 947 de
2778 895 2869 948 illo
2903 895 3082 964 φωτὸς
3129 902 3260 948 sunt
3309 893 3624 962 conjuncta.

2063 982 2169 1037 Sed
2204 983 2308 1037 hoc
2339 993 2562 1052 agentes
2597 985 2758 1038 nobis
2783 984 2982 1039 obesse
3009 1000 3118 1038 non
3149 993 3414 1054 possunt,
3443 983 3634 1036 simul-

2061 1089 2169 1142 que
2201 1075 2375 1127 coacti
2415 1083 2544 1128 sunt
2576 1090 2679 1128 una
2707 1090 2897 1130 omnes
2921 1092 3073 1130 suam
3107 1077 3350 1144 ipsorum
3387 1074 3632 1128 imbt'Ctl-

2063 1165 2267 1219 litatcm
2303 1167 2580 1235 pr0palam
2618 1182 2896 1226 accusare.
2921 1177 2975 1220 et
3000 1175 3174 1220 semet
3201 1167 3348 1235 ip-os
3377 1167 3430 1218 in
3461 1165 3629 1218 risum

2062 1258 2213 1318 dare,
2243 1257 2396 1325 quasi
2443 1257 2601 1309 aliter
2645 1272 2753 1310 non
2803 1259 3011 1326 possint
3053 1257 3270 1310 obtueri
3320 1257 3629 1308 veritatem.

2065 1348 2255 1416 Itaque
2293 1348 2474 1401 simile
2502 1348 2632 1416 quid
2663 1347 3062 1416 accidit/Esopi
3093 1347 3300 1401 camelo
3329 1387 3342 1410 ,
3374 1348 3467 1414 qui
3508 1361 3633 1413 pro-

2062 1449 2183 1508 pter
2216 1440 2456 1492 innatam
2496 1438 2923 1493 imbecillitatem
2959 1454 3165 1492 cornua
3223 1436 3628 1507 propulsalorla

2062 1531 2484 1599 concupiscens,
2522 1531 2754 1585 auribus
2786 1531 3034 1600 privatus
3062 1541 3166 1584 est.
3200 1530 3278 1584 Ac
3321 1529 3456 1583 mihi
3500 1530 3628 1581 reli—

2060 1637 2231 1692 quum
2265 1631 2435 1676 estut
2462 1623 2683 1677 credam
2718 1623 2899 1693 gladio
2946 1639 3042 1678 eos
3067 1632 3234 1693 caput
3282 1639 3466 1680 meum
3491 1639 3632 1692 prae-

2062 1714 2248 1768 cidere
2287 1729 2486 1783 meque
2528 1725 2803 1782 praesente
2848 1714 2963 1768 vita
3002 1716 3221 1784 privare
3262 1715 3446 1781 velle;
3481 1713 3627 1783 quod

2065 1820 2189 1860 cum
2232 1820 2342 1860 non
2377 1804 2629 1874 possint,
2681 1820 2834 1859 meas
2885 1821 2973 1860 res
3015 1805 3260 1859 secundo
3308 1819 3475 1859 venio
3518 1805 3634 1858 suf-

1995 1869 2036 1923 B
2064 1895 2325 1951 furantur
2378 1907 2434 1950 et
2485 1897 2784 1952 corradunt
2824 1898 3088 1958 cultellis,
3115 1907 3168 1951 et
3210 1897 3525 1951 distrahunt
3566 1912 3632 1950 ex

2061 1989 2312 2044 arbitrio.
2346 1987 2752 2059 Nonnunquam
2801 1998 2982 2043 autem
3010 1991 3173 2044 etiam
3205 1989 3258 2042 in
3294 1991 3402 2043 imo
3429 1989 3636 2044 disturé

2061 2079 2303 2134 bationls
2335 2089 2568 2150 regnant
2602 2095 2703 2149 pro
2739 2079 2885 2133 virili
2922 2093 3075 2148 parte
3097 2121 3111 2143 ,
3149 2095 3463 2148 quanquam
3498 2080 3632 2133 alias

2062 2169 2159 2224 Dei
2187 2163 2378 2224 dextra
2405 2171 2683 2224 contraria
2719 2171 2987 2225 moliente
3013 2170 3077 2224 ad
3110 2181 3338 2224 mortem
3374 2170 3467 2224 icti
3503 2173 3634 2225 sunt

2063 2271 2207 2330 saepe
2255 2271 2312 2314 et
2361 2260 2547 2314 adhuc
2598 2276 2816 2330 semper
2850 2262 3126 2317 feriuntur
3161 2273 3215 2318 et
3263 2263 3632 2318 ostenduntur

2063 2355 2324 2421 tanquam
2361 2352 2473 2422 lupi
2508 2353 2709 2408 frustra
2744 2355 2992 2422 hiantes,
3036 2357 3180 2424 quod
3229 2368 3312 2410 est
3362 2357 3415 2412 in
3468 2357 3633 2428 549

2060 2444 2376 2512 proverbio.
2413 2443 2504 2500 Sic
2533 2443 2686 2499 omni
2719 2445 3062 2516 impudentia
3091 2448 3271 2503 induti
3307 2459 3437 2504 sunt
3465 2461 3520 2503 et
3549 2453 3632 2503 iu-’

2062 2535 2225 2605 genio
2285 2539 2426 2590 truci
2464 2536 2611 2606 quod
2643 2553 2924 2608 nunquam
2959 2540 3160 2611 corrigi
3196 2557 3358 2610 posse
3396 2543 3630 2596 videtur.

2061 2625 2199 2682 Cum
2241 2628 2390 2681 enim
2434 2629 2658 2698 preprie
2695 2645 2793 2685 eos
2825 2631 3134 2687 submissos
3173 2647 3295 2687 esse
3336 2643 3391 2688 et
3427 2636 3632 2688 erubc-i

2062 2733 2216 2774 scere
2247 2727 2502 2788 eporteat
2525 2761 2540 2784 ,
2575 2720 2928 2789 impudentes
2957 2732 3085 2776 sunt
3115 2731 3172 2776 et
3197 2724 3452 2792 graviora
3482 2728 3635 2794 pejo-

2068 2813 2241 2879 raque
2277 2812 2333 2864 in
2368 2825 2455 2864 me
2486 2820 2546 2863 ut
2579 2811 2791 2864 dictum
2825 2820 2912 2866 est
2943 2828 3090 2866 nunc
3122 2824 3292 2880 agunt
3325 2824 3382 2869 et
3411 2831 3634 2886 semper

2064 2914 2228 2969 agere
2264 2899 2544 2952 minantur
2579 2908 2809 2969 propter
2837 2900 3043 2955 nullam
3068 2903 3294 2955 omnino
3321 2905 3482 2957 aliain
3508 2921 3637 2958 cau-

2063 3005 2181 3044 sam
2212 3005 2378 3060 quam
2409 2990 2555 3059 quod
2590 2991 3006 3047 criminationes
3034 2992 3161 3048 inde
3205 2993 3427 3060 timent,
3462 2995 3539 3050 lta
3574 3008 3634 3050 ut

2065 3097 2166 3152 ego
2197 3098 2416 3152 quoque
2447 3093 2672 3137 coactus
2705 3083 2807 3138 sim
2839 3123 2854 3148 ,
2887 3084 3081 3139 amicis
3115 3100 3350 3154 quorum
3378 3088 3485 3140 erit
3514 3099 3637 3157 post.

1991 3198 2033 3257 ο
2067 3183 2297 3226 mortem
2343 3187 2517 3226 meam
2548 3187 2610 3226 ea
2641 3173 2793 3228 adire
2817 3212 2833 3236 ,
2868 3173 3102 3229 suadere
3155 3185 3214 3228 ut
3258 3176 3542 3245 inquirant
3579 3191 3636 3231 et

2065 3263 2401 3334 componant
2429 3265 2728 3334 Scriptura:
2752 3260 3091 3336 esemplaria
3116 3284 3237 3337 qua:
3265 3284 3389 3322 eum
3419 3271 3636 3325 cmteris

2063 3356 2342 3413 similibus
2379 3359 2712 3428 transcripta
2743 3355 2855 3413 sint
2882 3371 2937 3413 et
2962 3360 3184 3430 quidem
3216 3370 3365 3416 recte
3410 3362 3526 3417 haec
3567 3365 3636 3417 ab

2065 3449 2293 3504 asseelis
2322 3451 2529 3505 nostris
2550 3492 2568 3519 ,
2603 3459 2661 3505 et
2691 3451 2764 3505 ita
2799 3460 2860 3506 ut
2883 3453 3203 3508 discernant
3231 3471 3441 3510 verum.
3478 3455 3636 3511 llune'

2065 3541 2211 3595 enim
2260 3541 2514 3596 timorem
2559 3557 2688 3596 cum
2728 3558 2828 3612 ego
2873 3545 3279 3613 protexuissein
3323 3555 3379 3600 et
3410 3547 3632 3616 longius

2066 3632 2123 3687 in
2155 3649 2244 3689 me
2273 3635 2634 3698 excitassem.
2679 3637 2878 3690 tradidi
2915 3652 2979 3690 ea
3013 3653 3136 3707 quae
3167 3639 3336 3694 variis
3374 3640 3637 3694 transui-3

2066 3724 2355 3794 ptionibus
2403 3723 2753 3780 diversarum
2784 3743 3048 3782 manuum
3081 3729 3220 3783 bene
3253 3731 3635 3784 exercitarum

2070 3813 2451 3870 scriberentur
2482 3817 2680 3886 partim
2711 3833 2831 3886 qua:
2863 3818 3166 3874 domestico
3202 3820 3255 3873 in
3291 3836 3392 3874 usu
3422 3832 3632 3888 essent,

2071 3907 2274 3976 partim
2329 3923 2452 3976 quae
2507 3909 2699 3963 amicis
2739 3912 3058 3980 rogantibus
3114 3914 3430 3981 thesaurus,
3468 3928 3527 3972 ut
3561 3919 3636 3974 ita

2069 3999 2276 4064 dicam,
2305 4007 2490 4054 essent
2524 4014 2675 4054 sacer
2711 4011 2767 4056 et
2796 4003 3145 4060 inviolabilis.

391 4087 682 4159 πόρρωθεν
754 4085 1198 4158 προανασοΰῶν,
1267 4086 1709 4150 πολλαπλασίαις
1781 4089 1922 4145 αὐτὰ
1991 4092 2266 4165 διαφόρων
2331 4099 2746 4168 μετεγγραφαίς
2808 4098 3090 4154 ἐδεδώκειν
3146 4103 3345 4171 χειρῶν
3399 4108 3636 4175 γράφειν

390 4180 569 4250 ὀρθῶς
600 4180 950 4251 ἠσκημένων,
1002 4179 1039 4234 ἀ
1097 4179 1201 4249 μὲν
1253 4180 1476 4245 οἰκείοις
1509 4179 1887 4252 ἀναλώμασιν,
1960 4184 1998 4239 ἃ
2066 4188 2121 4241 δὲ
2166 4189 2342 4259 φίλοις
2394 4189 2785 4261 αἰτησαμένοις
2843 4193 2924 4254 είς
2977 4193 3232 4260 πλοῦτον,
3296 4198 3461 4266 φάναι
3513 4199 3636 4253 κατ’

390 4278 614 4340 αὐτοὺς,
657 4277 804 4344 ίερόν
846 4291 905 4326 τε
942 4277 1036 4326 καὶ
1068 4273 1284 4327 ἄσυλον.

463 4375 522 4430 ι’.
569 4373 712 4428 Ἀλλ’
765 4376 822 4425 ἐν
854 4374 1120 4435 τοιούτοις
1147 4373 1532 4444 ἀσχολουμένῳ
1585 4387 1645 4426 τε
1688 4375 1797 4460 ,καὶ
1832 4393 1966 4446 μοχ-

395 4467 580 4521 θοῦντι
607 4468 685 4536 τῷ
719 4467 954 4537 Παλαμᾷ
974 4467 1034 4519 τὸ
1083 4463 1175 4519 τοῦ
1216 4466 1333 4536 βίου
1366 4466 1545 4538 πέρας
1595 4461 1755 4539 ἐπῄει
1816 4468 1965 4539 μάλα

2148 4363 2213 4432 Χ.
2262 4376 2368 4431 Sed
2399 4376 2606 4431 interea
2633 4392 2798 4446 opere
2826 4386 2881 4432 et
2908 4378 3088 4434 labore
3116 4363 3378 4450 occupato
3405 4384 3638 4444 Palama:

2073 4468 2202 4522 vita:
2244 4468 2429 4522 exitus
2469 4468 2764 4522 admodum
2806 4470 3038 4524 acerbus
3072 4482 3128 4526 et
3168 4474 3343 4540 turpis
3380 4478 3637 4544 advenit,

397 4562 597 4630 πικρόν
623 4576 674 4612 τι
706 4558 802 4611 καὶ⁸
837 4559 1114 4628 αἴσχιστον
1137 4576 1151 4590 ·
1179 4559 1256 4630 τῷ
1271 4561 1378 4631 γὰρ
1405 4559 1630 4630 συνήθει
1659 4557 1963 4631 περιπετὴς

2074 4572 2200 4611 cum
2228 4556 2498 4612 incideret
2522 4557 2576 4610 in
2601 4568 2922 4614 consuetum
2949 4560 3206 4616 morbum
3254 4564 3498 4632 iliacum,
3529 4583 3638 4636 quo

395 4653 640 4723 γεγονὼς
671 4653 819 4720 ἱλεῷ,
845 4652 941 4719 τῆς
971 4653 1284 4722 ἀνατροπῆς
1297 4651 1500 4722 δηλαδὴ
1531 4653 1639 4706 τῶν
1664 4656 1720 4706 ὲν
1753 4657 1820 4725 τῇ
1853 4672 1968 4708 κοι-

394 4747 490 4817 λίᾳ
523 4747 706 4797 σιτίων
737 4745 848 4798 ἀνω
875 4743 964 4796 διὰ
999 4741 1095 4796 τοῦ
1124 4745 1420 4813 στόματος,
1448 4745 1544 4796 καὶ
1587 4745 1722 4813 πρός
1751 4761 1814 4812 γε
1865 4761 1968 4814 μα-

395 4837 584 4891 νιώδει
639 4837 926 4908 φρενίτιδι,
967 4833 1160 4905 βιαίως
1215 4834 1358 4887 οὕτω
1409 4835 1505 4886 καὶ
1567 4835 1691 4888 λίαν
1752 4837 1968 4904 πικρῶς

395 4925 697 4998 ἀπιρῥάγη
727 4923 822 4977 τοῦ
845 4924 966 4995 ζῇν.
1013 4924 1265 4977 Κάπειτα
1317 4923 1367 4975 οἱ
1407 4923 1731 4993 αίρεσιῶται
1780 4923 1878 4976 καὶ
1919 4925 1967 4976 oi

400 5018 644 5088 μάλιστα
669 5017 884 5086 γνήσιοι
915 5014 1013 5069 καὶ
1033 5013 1362 5082 οἰκότριϐες,
1392 5013 1470 5084 τῷ
1504 5032 1564 5067 τε
1601 5013 1970 5084 φιλοδοξοῦντι

399 5108 797 5178 καθελκόμενοι
823 5108 921 5177 τῆς
948 5106 1175 5177 γνώμης
1205 5108 1298 5159 καὶ
1325 5106 1441 5174 ἅμα
1465 5106 1525 5158 τὺ
1557 5109 1838 5177 αἴσχιστον
1869 5107 1970 5178 τῆς

397 5200 665 5269 τελευτῆς
692 5197 988 5252 καλύπτειν
1015 5198 1360 5260 σπεύδοντες,
1391 5197 1692 5252 ἀντίπαλον
1719 5197 1796 5269 τῷ
1825 5217 1969 5270 συμ-

399 5295 564 5348 ϐάντι
594 5293 784 5362 φήμην
809 5292 906 5344 ἀνὰ
936 5292 1034 5360 τὴν
1065 5291 1218 5344 πόλιν
1273 5289 1681 5359 Θεσσαλονίκην
1749 5282 1972 5361 ὲξήνεγὲ

400 5385 513 5435 κάν
541 5397 600 5432 τε
629 5381 725 5432 καὶ
754 5381 1146 5448 περιήνεγκαν,
1177 5378 1250 5441 ὡς
1285 5375 1410 5446 ἱῷτο
1436 5378 1726 5447 νοσήματα
1757 5381 1852 5432 καὶ
1880 5379 1971 5431 θε-

404 5471 640 5544 ραπεύοι
670 5469 1032 5540 πυρέττοντας
1078 5470 1172 5524 καὶ
1240 5469 1538 5537 φυγαδεύοι
1586 5470 1823 5540 πληγὰς,
1877 5469 1974 5522 καὶ

399 5562 638 5618 τοιαῦτα
669 5562 808 5616 ἄττα
841 5559 1248 5629 ἀλλοπρόσαλλὰ
1271 5577 1331 5613 τε
1381 5561 1474 5614 καὶ
1499 5554 1743 5631 ἔκφυλα,
1789 5562 1864 5625 ὼς
1906 5560 1972 5616 ἂν

401 5653 486 5723 τῷ
521 5649 814 5720 τερατῶδει
847 5647 948 5718 τῆς
980 5651 1163 5720 φήμης
1182 5649 1719 5719 ἀντιπερισπάσαιέν
1746 5666 1805 5702 τε
1837 5651 1974 5721 πρὸς

403 5745 470 5797 τὸ
503 5745 604 5812 τῆς
642 5737 954 5810 ἐκπλήξεως
985 5741 1124 5807 μάλα
1153 5740 1469 5808 καινότερον
1499 5738 1600 5807 τήν
1645 5738 1836 5806 ἀκοὴν,
1881 5740 1975 5792 καὶ

403 5834 860 5904 ἀπασχολήσαιεν
891 5833 1079 5901 πόρρω
1119 5832 1313 5903 κομιδῇ
1374 5830 1643 5899 τάληθοῦς
1702 5835 1797 5884 καὶ
1853 5833 1974 5887 ὅποι

2071 4647 2178 4702 cibi
2233 4663 2299 4701 ex
2346 4649 2501 4702 alveo
2553 4664 2649 4717 per
2698 4666 2760 4704 os
2811 4651 3254 4720 retrudebantur,
3284 4665 3338 4709 et
3379 4656 3431 4709 in
3480 4673 3638 4712 men-

2073 4741 2143 4792 tis
2171 4738 2427 4793 delirium
2451 4779 2466 4803 ,
2496 4741 2571 4794 ita
2600 4748 2661 4794 ut
2683 4741 2955 4797 violenter
2981 4754 3037 4799 et
3065 4745 3262 4800 acerbe
3287 4763 3315 4801 e
3340 4748 3448 4803 vita
3481 4753 3640 4806 abre-

2070 4838 2199 4896 ptus
2227 4825 2316 4880 sit.
2349 4827 2553 4883 Deinde
2587 4844 2719 4883 vero
2751 4828 2994 4885 haeretici
3028 4832 3121 4900 qui
3157 4833 3392 4888 maxime
3421 4837 3636 4905 cegnati

2071 4927 2127 4973 et
2166 4919 2408 4974 consocii
2451 4920 2607 4992 ejus,
2649 4923 2855 4991 quique
2894 4924 3099 4992 pariter
3138 4923 3300 4994 550
3336 4935 3500 4995 atque
3543 4929 3634 4982 ille

2073 5010 2258 5080 gloriae
2284 5011 2468 5081 cupidi
2491 5021 2668 5077 erant,
2687 5029 2810 5068 cum
2837 5016 3044 5068 obitum
3068 5017 3186 5084 ejus
3212 5017 3637 5084 ignominiosum

2072 5103 2332 5173 obtegere
2372 5104 2682 5168 studerent,
2704 5104 2902 5159 famam
2935 5105 3010 5160 rei
3037 5109 3366 5162 contrariam
3407 5125 3502 5178 per
3543 5129 3640 5164 ur-

2075 5193 2202 5248 bem
2231 5193 2686 5250 Thessalonicam
2710 5196 3042 5264 evulgabant
3067 5204 3123 5250 et
3152 5197 3636 5267 circumferebant,

2076 5293 2336 5354 tanquam
2381 5287 2696 5341 mederetur
2745 5287 2838 5341 iile
2875 5286 3082 5341 morbis
3121 5297 3176 5341 et
3212 5302 3430 5344 sanaret
3471 5291 3639 5344 febri-

2074 5376 2295 5452 culosos
2331 5385 2388 5431 et
2429 5386 2710 5432 averteret
2753 5378 2938 5448 plagas
2979 5387 3035 5431 et
3078 5379 3391 5449 hujusuiodi
3429 5382 3534 5434 alia
3567 5384 3641 5436 si-

2074 5468 2225 5521 milia
2255 5476 2310 5522 et
2346 5469 2594 5523 inaudita
2627 5486 2640 5520 :
2683 5478 2742 5524 ut
2774 5469 3104 5524 miraculosa
3137 5470 3276 5526 [ama
3313 5487 3476 5526 aures
3506 5488 3640 5526 cen-

2075 5568 2358 5613 vcrtercnt
2407 5559 2476 5614 ad
2510 5559 2810 5613 novitatem
2865 5563 3107 5630 portenti
3163 5573 3218 5618 et
3261 5563 3327 5618 de
3369 5563 3642 5619 industria

2080 5651 2270 5720 procul
2295 5666 2322 5704 a
2346 5666 2478 5705 vero
2504 5652 2886 5706 abstraherent
2910 5668 3020 5723 quo
3044 5664 3287 5709 manaret
3309 5655 3465 5709 famae
3489 5672 3644 5710 men-

2081 5742 2318 5796 dacium.
2344 5740 2449 5796 Sed
2475 5741 2590 5795 lucc
2610 5743 2791 5805 omnia
2815 5755 3160 5798 evanuerunt
3197 5755 3253 5798 ct
3285 5746 3438 5814 quasi
3479 5757 3644 5802 vento

2082 5834 2285 5888 dilllata
2343 5833 2608 5902 temporis
2670 5850 2958 5905 progressu
3020 5835 3249 5889 reiutata
3301 5847 3448 5890 sunt.
3503 5839 3639 5892 Nam
