4134 6286
517 317 624 380 437

1727 311 2144 380 ΝΪΟΕΡΙῙΟΙΠ
2187 321 2574 400 GHEGOBJS

3649 319 3745 385 488

525 430 830 486 mendaciis
869 435 978 484 tam
1011 433 1220 500 apertis
1263 429 1469 484 veritas
1511 443 1616 484 non
1653 430 1791 484 solet
1839 431 2084 490 servire,

2189 433 2252 486 τὸ
2282 435 2384 502 τῆς
2413 435 2604 502 φήμης
2626 431 2780 502 φέροι
2835 407 3208 499 πλανώμενον.
3252 427 3414 482 Ἀλλά
3462 402 3635 482 πάντα
3679 433 3737 503 δὴ

521 523 614 578 sed
650 534 863 592 tempus
890 521 1074 576 omnia
1101 519 1386 592 indagans,
1410 531 1468 576 ut
1502 520 1580 587 tit,
1603 523 1834 576 interest
1865 533 1918 575 et
1952 523 2089 592 regit

517 629 620 668 suo
676 627 824 666 more
885 622 1140 682 tauquam
1177 611 1232 666 in
1272 627 1437 666 curru
1493 612 1679 682 auriga
1731 611 2002 666 dictorum
2034 621 2089 666 et

521 706 788 762 factorum
819 704 952 758 ﬁnes
972 744 987 768 ,
1011 711 1066 758 et
1089 711 1278 757 contra
1307 717 1522 758 onmem
1550 705 1922 772 opinationem
1953 705 2086 757 alias

513 797 682 850 aliter
716 797 770 850 in
803 797 930 850 vitze
967 794 1131 850 undis
1161 795 1430 864 cujusque
1472 795 1680 866 cymbae
1715 797 2086 865 gubernacula

517 887 718 952 vertit;
752 895 807 939 et
836 885 1034 955 quibus
1063 883 1260 937 accidit
1289 899 1532 952 pugnare
1576 894 1767 938 contra
1802 885 1993 944 Deum,
2031 885 2085 937 in

513 973 683 1026 variis
708 973 1041 1040 temporibus
1073 978 1128 1024 et
1161 971 1297 1025 locis
1327 979 1382 1026 et
1415 974 1682 1036 rebus,iis
1710 973 1760 1026 iu
1787 973 1946 1026 variis
1977 974 2088 1026 for-

517 1075 660 1118 tuna:
687 1065 904 1118 casibus
932 1063 1088 1118 all'ert
1110 1065 1308 1132 justam
1337 1081 1572 1134 poenam.
1595 1065 1698 1118 Sed
1734 1077 1910 1118 tamen
1937 1065 2090 1119 l‘ala-

515 1158 668 1209 ιιιὶριε
693 1156 915 1210 haeresis
940 1155 1156 1209 fanatici
1181 1157 1399 1210 asscelae
1417 1158 1597 1210 obitus
1625 1155 2004 1224 ignominiam,
2029 1167 2088 1210 ut

516 1249 726 1300 dicmm
763 1258 870 1310 est,
905 1261 1006 1314 pro
1037 1247 1252 1301 viribus
1279 1247 1530 1315 obtegere
1559 1249 1865 1312 studentes,
1887 1249 2088 1302 multos

513 1352 766 1390 Inruimus
815 1336 1130 1400 prazbebant
1173 1337 1451 1392 nonnullis
1511 1337 1787 1406 egentium
1851 1338 1904 1392 in
1950 1337 2088 1392 vicis

513 1439 947 1497 prostratorum,
983 1439 1044 1481 ut
1081 1427 1240 1481 nobis
1284 1427 1430 1481 clare
1491 1428 1864 1496 patefecerunt
1893 1429 2087 1482 littera:

516 1517 644 1569 inde
673 1517 832 1570 nobis
857 1517 1034 1570 allatae
1061 1557 1074 1581 ,
1109 1515 1382 1584 simulque
1413 1518 1675 1592 accedere
1703 1533 1797 1570 eos
1818 1519 2088 1588 jubebant

513 1609 580 1661 ad
627 1608 858 1662 Palarme
901 1609 1234 1677 sepulcrum,
1264 1617 1318 1662 et
1378 1609 1586 1662 somnia
1631 1607 1786 1678 551
1832 1609 2086 1678 evulgare

515 1697 844 1751 miraculosa
887 1709 942 1750 et
989 1697 1116 1750 talia
1155 1711 1386 1762 canere,
1425 1712 1618 1765 magna
1657 1698 1910 1751 mercede
1949 1713 2084 1752 con-

2191 527 2259 580 τά
2292 526 2465 580 τοιαδὶ
2499 524 2701 594 φροῦδά
2722 541 2780 576 τε
2812 523 2904 576 καὶ
2931 524 3192 592 ἀνεμιαῖα
3216 521 3294 590 τῷ
3316 519 3407 572 τοῦ
3434 520 3618 590 χρόνου
3651 522 3736 592 βα-

2191 616 2390 680 δίζοντι
2424 616 2781 684 ἐξηλέγχοντο
2807 628 2822 644 ⁸
2857 614 2918 666 οὑ
2953 613 3064 682 γὰρ
3106 613 3222 672 τοῖς
3283 608 3425 662 οὕτω
3463 611 3737 680 προδήλοις

2189 706 2296 756 τῶν
2326 705 2534 772 ψευδῶν
2565 706 2598 774 ὴ
2633 703 2866 772 ἀλήθεια
2894 701 3241 754 θωπεύεσθαι
3298 696 3497 751 εἴωθεν
3521 713 3535 728 ·
3577 699 3685 752 ἀλλ’
3713 703 3738 752 ὀ

2191 797 2378 864 χρόνος
2435 795 2733 864 ἀνιχνεύων
2791 791 2990 847 ἀπανθ’
3043 792 3117 855 ὡς
3149 789 3294 854 είκὺς
3329 789 3510 842 ἔπεισί
3560 807 3616 841 τε
3651 793 3740 842 καὶ

2191 885 2492 940 ἐπιτίθεται
2522 883 2699 938 ἄλλοτ’
2734 883 2932 948 ἄλλως,
2972 882 3228 950 καθάπερ
3263 881 3320 932 ὲν
3363 880 3574 949 δίφροις
3605 883 3740 949 ἠνιο-

2191 977 2464 1045 στροφῶν,
2501 976 2570 1029 τὰ
2597 976 2706 1029 τῶν
2755 975 3066 1044 λεγομένων
3123 991 3180 1026 τε
3227 972 3322 1024 καὶ
3357 972 3740 1039 πραττομένων

2189 1069 2418 1139 πέρατα,
2448 1069 2544 1120 καὶ
2581 1068 2731 1136 παρά
2783 1068 2963 1120 πᾶσαν
2994 1065 3218 1134 δόκησιν
3269 1063 3449 1116 ἄλλοτ’
3482 1062 3652 1124 ἄλλως
3689 1065 3740 1114 ἐν

2188 1162 2254 1229 τῇ
2285 1157 2376 1212 τοῦ
2411 1159 2525 1221 βίου
2560 1158 2802 1227 θαλάσσῃ
2833 1155 3084 1225 στρέφων
3113 1155 3332 1222 ἑκάστῳ
3367 1153 3462 1205 τοῦ
3499 1154 3736 1220 σκάφους

2189 1252 2314 1312 τοὺς
2349 1251 2570 1312 οἴακαςσ
2599 1249 2690 1301 καὶ
2715 1242 2794 1310 οῖς
2823 1247 3223 1314 ξυμπέπτωκεν
3250 1245 3424 1308 άλλως
3456 1245 3514 1296 ὲν
3569 1243 3738 1305 ἄλλοις

2191 1339 2565 1410 προσκροῦσαι
2587 1339 2704 1408 Θεῷ
2737 1340 2949 1408 καιροῖς
2979 1354 3039 1390 τε
3069 1335 3163 1390 καὶ
3198 1335 3386 1398 τόποις
3443 1336 3543 1388 καὶ
3574 1335 3744 1402 πράγ-

2191 1449 2345 1504 μασι,
2371 1431 2582 1492 τούτοις
2616 1432 2790 1494 ἄλλως
2842 1433 2899 1483 ὲν
2939 1429 3128 1492 ἄλλαις
3183 1428 3529 1498 πραγμάτων
3560 1425 3743 1496 τύχαις

2188 1525 2442 1596 ἐπιφέρει
2470 1523 2568 1594 τὴν
2607 1525 2786 1592 δίκην.
2820 1524 3011 1592 Ὅμως
3039 1521 3088 1573 οἱ
3111 1521 3212 1591 τῆς
3241 1521 3566 1588 Παλαμικῆς
3597 1519 3742 1587 αἱρέ-

2189 1631 2326 1678 σεως
2373 1614 2637 1668 διασῶται
2666 1612 2727 1666 τὸ
2768 1611 2868 1680 τῆς
2898 1610 3178 1677 τελευτῆς,
3213 1609 3289 1672 ὡς
3321 1609 3560 1678 εἴρηται,
3581 1607 3746 1674 αἴσχι-

2190 1722 2312 1757 στον
2330 1704 2593 1774 κρύπτειν
2622 1703 2696 1767 ὡς
2723 1703 2949 1772 δύναμις
2965 1701 3332 1770 ἐπειγόμενοι.
3362 1699 3536 1769 συχνὰ
3569 1701 3746 1765 παρεῖ-

515 1791 732 1843 ductos.
770 1789 900 1854 Quae
937 1802 1068 1842 vero
1104 1787 1232 1842 inde
1274 1787 1593 1856 Byzantium
1642 1787 1944 1858 migrantes
1979 1789 2080 1844 viri

2186 1813 2276 1867 χον
2299 1773 2539 1865 ἀργύρια
2568 1795 2675 1848 τῶν
2707 1795 2764 1848 ὲν
2794 1796 2916 1856 ταῖς
2964 1795 3181 1860 ἀγυιαῖς
3237 1790 3592 1862 ἐρριμμένων
3646 1805 3743 1840 πε-

515 1889 744 1934 narrant
777 1881 937 1934 nobis
971 1881 1248 1949 simulque
1284 1881 1408 1934 alia:
1459 1881 1657 1935 littera:
1691 1890 1849 1936 erant
1882 1881 2082 1940 haecce.

2186 1893 2358 1959 νήτων
2411 1889 2599 1954 ἐνίοις,
2625 1885 2699 1950 ὡς
2725 1887 2794 1940 τὰ
2821 1885 3033 1938 ἐκεῖθεν
3059 1885 3197 1952 ἡμῖν
3237 1879 3618 1950 ἀφικνούμενα
3665 1879 3746 1930 δε-

519 1976 854 2043 Postquam,
896 1982 956 2026 ut
1000 1973 1281 2036 referunt,
1325 1973 1420 2042 qui
1467 1973 1708 2044 Byzantii
1758 1974 1860 2027 ista
1905 1975 1959 2028 in
1994 1990 2085 2029 co-

519 2069 677 2120 horte
706 2077 896 2131 erant,
933 2067 1072 2119 clam
1105 2065 1316 2134 singula
1349 2064 1598 2133 quzedam
1647 2079 1676 2118 e
1728 2065 1950 2134 scriptis
1983 2081 2084 2120 no-

515 2159 646 2214 stris
669 2157 918 2213 suil‘urati
946 2165 1126 2222 erant,
1143 2171 1266 2209 cum
1292 2170 1349 2209 se
1375 2171 1656 2226 opponere
1679 2170 1790 2210 non
1815 2155 2080 2222 valerent,

516 2259 578 2304 ut
611 2251 815 2304 dictum
848 2259 932 2304 est
955 2287 970 2312 ,
1008 2248 1074 2302 ad
1112 2247 1416 2302 invalidum
1450 2247 1718 2300 auxilium
1754 2247 2082 2302 necessitate

517 2343 696 2397 coacti
743 2353 805 2394 ut
853 2341 1158 2395 secundum
1189 2351 1413 2394 ventum
1443 2339 1864 2408 respectabant,
1898 2347 1952 2392 et
1984 2339 2086 2392 Pa-

517 2435 673 2488 lama:
707 2431 1150 2487 Thessalonicam
1195 2443 1260 2484 ea
1305 2430 1576 2484 miserunt
1619 2429 1915 2484 incitantes
1955 2443 2082 2484 eum

518 2527 586 2581 ad
645 2525 929 2580 audaciam
987 2521 1363 2586 defensionis,
1414 2521 1610 2576 similia
1672 2521 1936 2575 facientes
1992 2521 2079 2588 iis,

517 2619 611 2688 qui
639 2618 836 2687 exiguo
865 2617 918 2670 in
945 2615 1200 2670 naviculo
1231 2629 1439 2684 magna:
1469 2613 1627 2668 navis
1653 2629 1794 2666 onus
1824 2627 2083 2666 accumu-

517 2711 631 2764 lare
680 2709 860 2762 conati
889 2746 900 2769 ,
934 2707 988 2760 id
1023 2707 1080 2761 in
1114 2705 1446 2775 profundum
1481 2705 1582 2758 sub
1616 2719 1757 2773 aqua
1789 2703 2080 2758 demittere

518 2799 718 2854 deinde
754 2807 981 2869 repente
1011 2807 1306 2864 coguntur.
1354 2793 1629 2850 Consueta
1673 2795 1840 2864 igitur
1883 2795 2082 2848 mentis

520 2893 821 2949 ambitione
869 2893 1127 2946 inductus
1177 2889 1350 2944 etiam
1399 2897 1528 2942 tunc
1581 2889 1834 2944 Palamas
1881 2887 2084 2958 lingua:

523 2985 915 3055 malignitatem
943 2981 1213 3047 exercuit,
1245 2981 1516 3048 simulque
1546 2978 1760 3034 dulcem
1790 2979 2082 3050 quamdam

2181 1984 2392 2053 δήλωκε
2421 1983 2752 2052 γράμματα,
2785 1983 2879 2034 καὶ
2901 1981 3019 2050 ἅμα
3043 1978 3329 2050 προσιέναι
3348 1992 3406 2027 τε
3439 1973 3656 2026 ἔπειθον
3669 1971 3743 2038 τῷ

2183 2071 2488 2142 Παλαμικῷ
2517 2073 2674 2142 τάφῳ
2703 2071 2798 2124 καὶ
2825 2069 3068 2138 ὀνείρους
3112 2065 3480 2134 ἐπιφημίζειν
3515 2060 3745 2130 τερατῶ-

2179 2165 2292 2228 δεις
2313 2165 2466 2224 τινὰς
2497 2165 2594 2216 καὶ
2621 2163 2745 2215 λίαν
2767 2162 2852 2230 ἐφ’
2885 2155 2968 2221 οἷς
3017 2156 3344 2229 ἐμισθοῦντο
3397 2155 3742 2225 συνᾴδοντας.

2187 2256 2252 2308 "A
2284 2252 2327 2305 δ’
2358 2254 2406 2304 oi
2437 2251 2645 2306 ἐκεῖθεν
2665 2254 2746 2314 εἰς
2779 2249 3076 2312 Βυζάντιον
3131 2247 3529 2316 ἀφικνούμενοι
3559 2243 3744 2313 συχνό-

2181 2361 2336 2413 τερον
2368 2343 2560 2414 ἄνδρες
2593 2343 2655 2414 [ί.
2685 2343 2791 2398 969
2823 2341 2875 2413 b]
2923 2338 3102 2394 ἄλλοτ’
3135 2340 3282 2396 ἄλλοι
3327 2337 3636 2408 διηγοῦντο,
3655 2336 3743 2388 καὶ

2181 2435 2297 2503 ἅμα
2326 2433 2393 2484 τά
2424 2433 2630 2504 ἑτέροις
2660 2433 2827 2504 ἕτερα
2847 2433 2954 2486 τῶν
2980 2430 3348 2502 γραμμάτων,
3374 2425 3519 2498 ἦσαν
3541 2426 3740 2480 τοιάδε.

2183 2527 2340 2580 Μετά
2367 2526 2474 2596 γὰρ
2505 2527 2566 2577 τὸ
2597 2525 2772 2596 λάθρα
2822 2525 2930 2578 τῶν
2989 2523 3298 2594 ἡμετέρων,
3355 2522 3548 2588 φασὶν,
3603 2517 3744 2580 ἐνίας

2185 2617 2480 2685 ὑφελέσθαι
2506 2616 2723 2684 βίϐλους
2743 2618 2792 2668 oi.
2827 2619 2886 2668 ὲν
2920 2613 3200 2683 Βυζαντίῳ
3222 2613 3322 2680 τῆς
3349 2612 3632 2681 φάλαγγος
3665 2610 3746 2662 δε.-

2181 2725 2272 2772 τες
2306 2709 2545 2772 ἐκείνου,
2587 2707 2710 2760 ἐπεὶ
2741 2707 2814 2776 μὴ
2844 2705 3100 2758 ἐδύναντο
3129 2703 3457 2772 ἀντιλέγειν,
3495 2705 3571 2766 ὡς
3597 2703 3744 2770 εῖρη-

2183 2818 2294 2866 ται,
2329 2801 2467 2870 πρὸς
2493 2800 2592 2870 τὴν
2623 2799 2854 2869 συκίνην
2879 2797 3206 2868 ἐπικουρίαν
3251 2797 3309 2858 ἐς
3350 2793 3612 2874 ,ἀνάγκης
3659 2794 3746 2843 τὸν

2182 2889 2436 2960 δεύτερον
2468 2889 2698 2952 ἔϐλεψαν
2730 2888 2916 2950 πλοῦν,
2950 2887 3046 2941 καὶ
3083 2887 3160 2956 τῷ
3188 2885 3424 2954 Παλαμᾷ
3453 2887 3512 2948 ἐς
3549 2885 3744 2938 Θεσσα-

2185 2981 2408 3052 λονίκην
2448 2981 2589 3034 αὑτά
2641 2981 3084 3050 ὲπεπόμφεισαν,
3137 2980 3219 3040 είς
3281 2976 3504 3047 ἀμύνης
3549 2976 3747 3044 τόλμαν

519 3090 672 3145 spem
707 3073 1025 3144 pra-libans,
1047 3071 1249 3142 quibus
1281 3070 1666 3124 lizereticorum
1703 3080 1904 3124 sectam
1939 3085 2085 3126 com-

2188 3072 2352 3126 αὐτὸν
2385 3071 2748 3142 ἐρεθίζοντες,
2779 3070 3143 3143 παραπλήσια
3167 3067 3404 3139 δρῶντες
3431 3061 3518 3130 οἷς
3543 3066 3748 3134 ἀκατίῳ

521 3167 656 3233 pleri
694 3181 756 3218 eo
788 3175 1033 3232 tempore
1067 3163 1306 3224 accidit,
1343 3176 1523 3230 neque
1558 3163 1872 3232 repudiavit
1905 3179 2081 3232 neque

519 3265 812 3310 cunctatus
841 3263 946 3308 est.
984 3253 1090 3308 Sed
1129 3253 1180 3306 in
1215 3252 1390 3306 multo
1423 3253 1597 3323 majus
1626 3269 1786 3320 quam
1819 3270 1918 3324 pro
1950 3255 2082 3308 viri-

517 3349 622 3401 bus
653 3347 766 3400 suis
795 3353 1073 3398 certamen
1111 3359 1170 3397 se
1205 3344 1510 3397 immittens
1545 3357 1738 3410 passus
1771 3355 1854 3397 est
1889 3359 2080 3414 magna

519 3438 898 3491 exsecratione
925 3435 1089 3504 digna
1120 3443 1174 3488 et
1203 3443 1406 3502 quanta
1438 3434 1625 3487 dicere
1657 3450 1754 3490 nos
1787 3435 1946 3488 hodie
1979 3451 2078 3504 pu-

522 3533 636 3592 det,
671 3545 736 3582 ne
781 3528 906 3596 quis
934 3541 1032 3580 nos
1066 3527 1132 3580 de
1161 3527 1280 3596 ejus
1311 3523 1593 3580 doloribus
1624 3527 1860 3595 gaudere
1905 3525 2084 3594 suspi-

523 3630 698 3682 cetur,
719 3618 809 3688 qui
839 3617 1056 3688 quidem
1090 3617 1156 3671 ab
1179 3615 1362 3671 indole
1391 3623 1575 3670 nostra
1609 3631 1836 3686 prorsus
1868 3617 2083 3670 dissen-

527 3715 626 3766 tiat
656 3727 718 3764 ac
753 3709 986 3764 mendax
1041 3710 1130 3763 sit.
1175 3707 1326 3762 Clam
1377 3711 1524 3763 enim
1576 3707 1630 3761 in
1677 3723 1743 3762 eo
1787 3709 2083 3762 certamine

525 3815 668 3860 totos
694 3805 810 3856 dies
831 3811 1080 3856 versatus
1115 3809 1198 3855 est
1217 3811 1272 3855 et
1301 3810 1438 3855 totas
1462 3810 1650 3856 noctes
1673 3801 1950 3856 insomnes
1974 3803 2086 3872 egit

523 3895 846 3963 priusquam
873 3889 1077 3958 aliquid
1110 3905 1176 3943 ex
1205 3889 1402 3942 studiis
1427 3889 1540 3943 suis
1561 3889 1866 3957 proliceret,
1888 3891 2084 3941 mentis

521 3989 738 4051 delirio,
760 3997 922 4056 atque
955 3985 1184 4051 insania,
1209 3993 1267 4038 ut
1296 3983 1520 4047 dicitur,
1542 3993 1831 4051 correptus
1863 3991 2086 4052 prepter

521 4082 744 4134 nimiam
786 4077 1089 4132 siccitatam
1132 4075 1386 4131 cerebri:
1427 4073 1586 4144 552
1617 4083 1672 4128 et
1703 4075 1987 4141 sequentia
2017 4075 2083 4128 ab

524 4175 645 4228 aliis
691 4173 928 4228 testibus
967 4171 1124 4224 simul
1177 4179 1230 4222 et
1277 4168 1636 4236 scriptoribus
1683 4166 1874 4220 audire
1922 4166 2081 4232 licet;

522 4278 704 4332 neque
737 4263 884 4316 enim
917 4270 974 4315 et
1009 4267 1359 4314 accusatores
1401 4256 1528 4310 talia
1570 4271 1669 4310 nos
1711 4271 1856 4311 nunc
1893 4256 2086 4310 memi-

523 4357 747 4417 nimus;
803 4353 1010 4406 scimus
1058 4351 1206 4404 enim
1259 4349 1418 4403 malis
1468 4347 1633 4401 simul
1675 4357 1730 4400 et
1773 4347 1932 4401 bonis
1966 4348 2082 4416 pari

2189 3165 2386 3234 βραχεῖ
2418 3163 2662 3234 μεγάλης
2710 3163 2935 3225 ὁλκάδος
2973 3162 3388 3230 ὲπισωρεύσασι
3444 3160 3648 3228 φόρτον
3697 3160 3748 3220 ἐς

2185 3255 2555 3327 ὑποὸρυχίους
2587 3255 2874 3321 πυθμένας
2907 3253 3069 3306 ὠθεῖν
3101 3253 3266 3314 εὐθὺς
3321 3252 3628 3319 ἐξεγένετο.
3671 3252 3746 3319 Τῇ

2183 3349 2292 3420 γὰρ
2345 3349 2631 3421 εἰθισμένη
2690 3348 2793 3417 τῆς
2834 3345 3061 3416 γνώμης
3111 3344 3392 3414 φιλοδοξίᾳ
3447 3347 3546 3400 καὶ
3598 3344 3692 3397 νῦν
3723 3347 3748 3395 ό

2185 3441 2452 3510 Παλαμᾶς
2480 3441 2537 3494 τὸ
2566 3440 2663 3509 τῆς
2693 3439 2936 3508 γλώττης
2979 3437 3338 3508 χαριζόμενος
3387 3436 3746 3507 βλασφημού-

2189 3549 2370 3604 μενον,
2405 3533 2499 3586 καὶ
2542 3533 2657 3602 ἅμα
2705 3532 2965 3599 γλυκείας
3015 3531 3162 3593 τινὸς
3215 3530 3550 3600 παραγεύων
3603 3529 3750 3582 ὲλπί-

2183 3623 2268 3688 δας
2293 3620 2374 3688 οἷς
2415 3624 2506 3678 τὸν
2561 3623 2894 3693 αἱρεσιώτην
2943 3621 3113 3690 δῆμον
3153 3621 3396 3691 πληροῦν
3448 3620 3746 3691 τηνικαῦτα

2187 3715 2534 3780 ξυνέπιπτεν,
2565 3714 2678 3768 οὔτ’
2703 3715 3087 3784 ἀπηγόρευσεν
3141 3714 3254 3766 οὔτ’
3287 3713 3613 3778 ἀνεϐάλετο,
3635 3712 3746 3768 ἀλλ’

2185 3812 2264 3868 εἰς
2301 3805 2481 3876 μεῖζον
2517 3805 2710 3876 μακρῷ
2759 3807 2858 3874 τῆς
2915 3805 3186 3875 σφετέρας
3247 3805 3534 3874 δυνάμεως
3588 3805 3750 3876 ἐμϐε-

2186 3897 2401 3968 ϐληκὼς
2453 3897 2645 3950 ἑαυτὸν
2699 3897 2988 3967 ἀγώνισμα
3045 3896 3284 3950 πέπονθε
3335 3899 3590 3968 κατάρας
3627 3896 3746 3962 άξια

2189 3989 2431 4059 μακρᾶς,
2467 3987 2566 4040 καὶ
2588 3987 2690 4039 ὅσα
2723 3985 2906 4053 λέγειν
2937 3987 3100 4056 ἡμεῖς
3150 3986 3455 4056 αίδούμεθα
3485 3988 3744 4058 τήμερον,

2191 4081 2265 4150 μή
2296 4097 2378 4144 τις
2406 4080 2552 4148 ἡμᾶς
2583 4079 2658 4148 τῷ
2679 4078 2972 4131 πεπονθότι
2997 4079 3210 4149 χαίρειν
3234 4079 3598 4132 ὑποπτεύσειε
3625 4119 3639 4142 ,
3658 4078 3746 4130 τοῦ

2185 4169 2352 4239 ἤθους
2384 4170 2539 4237 ἡμῶν
2567 4169 2746 4230 ὁποῖός
2776 4185 2856 4230 τις
2881 4167 2948 4222 ἂν
2983 4167 3068 4238 εἴη
3100 4168 3276 4239 πάντη
3306 4167 3612 4241 διεστηκὼς
3661 4170 3748 4221 καὶ

2187 4261 2683 4330 καταψευδόμενος.
2710 4259 2800 4330 Τῷ
2843 4260 2954 4330 γὰρ
2986 4260 3162 4328 ἀγῶνι
3203 4264 3404 4331 τουτῳὶ
3465 4262 3746 4330 συνδιημε-

2189 4349 2360 4420 ρεύων
2392 4350 2486 4401 καὶ
2539 4349 2738 4413 νύκτας
2796 4349 2922 4412 ὅλας
2985 4351 3301 4418 ἀγρύπνους
3345 4349 3632 4416 διατελῶν,
3675 4349 3746 4410 ὡς

523 4445 690 4499 modo
721 4445 849 4498 talia
877 4443 1174 4496 immittere
1206 4440 1497 4495 Dominum
1531 4439 1806 4504 consiliis,
1842 4454 1962 4508 quae
1991 4453 2085 4492 no-

2199 4445 2383 4511 φασίν,
2411 4440 2592 4504 ἔλαθε,
2625 4441 2757 4509 πρὶν
2791 4439 2972 4492 ὁτιοῦν
3016 4441 3320 4493 ἀπόνασθαι
3351 4442 3450 4511 τῆς
3491 4440 3742 4508 σπουδῆς.

523 4539 604 4590 vit
637 4535 810 4591 solus.
841 4533 946 4589 Sed
975 4547 1042 4587 ex
1075 4533 1142 4586 iis
1175 4547 1296 4601 qua:
1325 4541 1455 4586 sunt
1487 4531 1542 4584 in
1589 4531 1820 4584 historia
1849 4531 1996 4601 justa
2029 4539 2085 4583 et

522 4627 740 4694 singula
783 4624 970 4678 omnia
1009 4633 1297 4692 quaerunt,
1341 4631 1398 4677 et
1444 4637 1546 4677 nos
1574 4623 1737 4677 etiam
1775 4622 1989 4676 modice
2024 4637 2088 4676 ea

522 4715 880 4784 attingimus,
907 4727 1028 4782 quas
1050 4712 1269 4782 longius
1293 4711 1552 4781 persequi
1578 4711 1669 4766 alii
1701 4711 1923 4766 minimc
1955 4727 2088 4765 cun-

521 4813 778 4856 ctantur:
810 4801 903 4855 sed
939 4809 1128 4869 aperte
1155 4801 1204 4853 ei
1236 4799 1472 4854 daemoni
1503 4801 1721 4868 culpam
1758 4801 2083 4864 ascribunt,

521 4893 612 4947 cui
645 4893 788 4945 maio
819 4891 962 4945 facto
995 4905 1093 4960 per
1125 4889 1423 4943 voluntatis
1450 4891 1748 4959 ncquitiem
1783 4894 1936 4961 quasi
1971 4907 2089 4946 sors

523 4985 773 5054 qutedam
803 4983 1006 5036 tributa
1033 4991 1116 5036 est
1141 4981 1474 5050 perniciosa,
1501 4979 1806 5049 principem
1833 4997 1952 5035 esse
1983 4983 2091 5036 bae-

523 5073 728 5126 resium
757 5071 848 5124 hic
881 5071 996 5125 illic
1026 5079 1216 5124 contra
1269 5069 1367 5123 Dei
1408 5067 1706 5122 Ecclesium
1744 5072 2086 5124 nascentium

525 5178 589 5220 ac
616 5164 1121 5231 rettascentium,jct
1153 5159 1387 5231 pessima
1414 5175 1644 5230 quicque
1677 5159 1854 5216 facere.
1883 5177 1981 5230 pro
2013 5161 2090 5214 vi-

527 5252 680 5308 ribus
727 5257 876 5317 suis,
929 5254 1202 5323 simulque
1235 5261 1450 5307 certare
1485 5251 1748 5305 continuo
1779 5261 1970 5306 contra
2005 5269 2090 5307 re-

527 5349 1012 5416 pt'atscntutionem
1065 5355 1408 5398 sanctorum.
1464 5343 1641 5412 Atque
1695 5343 1812 5397 lucc
1863 5345 2086 5414 quidem

529 5439 652 5492 illos
697 5439 788 5508 qui
837 5438 1021 5492 cultus
1075 5439 1367 5506 imperium
1415 5438 1466 5492 ei
1521 5437 1870 5492 tradiderunt
1923 5449 2087 5508 atque

531 5535 714 5589 cunnis
743 5543 798 5587 et
832 5533 938 5587 vita
968 5539 1025 5586 et
1053 5531 1248 5600 agendi
1277 5531 1416 5584 ratio
1445 5531 1511 5586 ab
1539 5531 1858 5586 orthodoxis
1888 5531 2092 5584 discer-

529 5635 670 5680 nunt
703 5638 755 5680 et
789 5643 816 5677 a
850 5627 1022 5681 choro
1055 5633 1345 5694 segregant
1373 5641 1384 5675 :
1425 5639 1491 5676 ne
1529 5623 1706 5678 dicam
1741 5639 1768 5677 a
1805 5635 1940 5692 quot
1982 5625 2090 5693 jam

529 5729 584 5776 ct
611 5717 938 5786 patriarchis
964 5729 1018 5772 et
1045 5716 1320 5786 episcopis
1347 5731 1470 5770 cum
1501 5725 1823 5771 nasceretur
1849 5717 2091 5784 haeresis,

2188 4531 2454 4600 φρενίτιδι
2499 4533 2593 4582 καὶ
2623 4529 2790 4600 μανίᾳ
2834 4532 3085 4602 κάτοχος,
3115 4530 3191 4593 ὡς
3247 4532 3486 4602 εἴρηται,
3517 4530 3744 4600 γεγονὼς

2186 4623 2274 4676 διὰ
2301 4623 2599 4694 ξηρότητος
2635 4623 2941 4692 ὑπερϐολὴν
2979 4625 3306 4692 ἐγκεφάλου.
3365 4625 3477 4676 Καὶ
3510 4627 3575 4676 τὰ
3625 4623 3745 4688 ἑξῆς

2188 4715 2452 4781 λεγόντων
2477 4713 2612 4783 ὁμοῦ
2636 4715 2730 4766 καὶ
2751 4713 3076 4782 γραφόντων
3099 4714 3186 4766 έτέ
3196 4731 3306 4784 ρων
3331 4713 3480 4766 ἐστιν
3511 4714 3740 4767 ἀκούειν.

2189 4807 2264 4858 Οὐ
2287 4806 2393 4875 γὰρ
2420 4804 2776 4868 ὀνειδίζοντες
2811 4803 3142 4876 μεμνήμεθα
3167 4807 3276 4858 τῶν
3311 4805 3574 4857 τοιούτων
3591 4804 3742 4872 ἡμεῖς

2190 4895 2303 4950 νῦν·
2349 4897 2508 4964 ἴσμεν
2530 4894 2636 4963 γάρ
2656 4894 2731 4956 ὡς
2763 4897 3019 4964 πονηροῖς
3041 4911 3100 4946 τε
3131 4895 3227 4948 καὶ
3260 4896 3485 4962 ἀγαθοῖς
3513 4895 3598 4944 ἐπ’
3632 4893 3742 4960 ῖσης

2190 4987 2369 5039 ἔπεισι
2401 4987 2468 5038 τὰ
2497 4986 2688 5050 τοιαδὶ,
2717 4981 2798 5050 οἷς
2850 4987 3010 5056 μόνος
3065 4983 3174 5039 οἶδε
3231 4987 3462 5056 κρίμασι
3505 4985 3742 5054 Κύριος·

2189 5079 2326 5131 ἀλλά
2367 5079 2473 5130 τῶν
2521 5078 2619 5148 τῆς
2671 5079 2917 5149 ἱστορίας
2966 5079 3304 5148 ἐγκειμένων
3365 5077 3606 5146 νομίμων
3655 5073 3745 5126 καὶ

2193 5169 2544 5222 καθ’ἑκαστα
2581 5169 2892 5240 ζητούντων
2926 5171 3166 5236 ἅπαντα,
3200 5172 3428 5240 μετρίως
3465 5170 3626 5237 ἡμεῖς
3654 5165 3746 5217 καὶ

2193 5261 2302 5314 τῶν
2331 5262 2588 5314 τοιούτοιν
2621 5262 2922 5331 ἁπτόμεθα.
2951 5261 3015 5314 "A
3040 5260 3367 5332 πλατύτερον
3399 5259 3577 5327 ἕτεροι
3608 5257 3740 5320 διεξ-

2197 5356 2333 5406 ιέναι
2391 5353 2570 5424 ἥκιστ’
2600 5353 2849 5406 ὀκνοῦσιν
2869 5369 2885 5386 ⁸
2912 5351 3026 5404 ἀλλ’
3054 5354 3250 5424 ἐκείνῳ
3285 5355 3378 5418 τὴν
3435 5351 3618 5402 αἰτίαν
3651 5364 3740 5400 σα-

2196 5447 2309 5515 φῶς
2339 5446 2416 5509 τῷ
2445 5446 2659 5514 δαίμονι
2703 5445 3196 5516 παραπέμπουσιν,
3223 5437 3265 5511 ᾧ
3305 5442 3535 5513 πονηρῷ
3585 5455 3736 5508 γενο-

2201 5539 2347 5606 μένῳ
2381 5537 2469 5588 διὰ
2501 5536 2810 5606 βουλήσεως
2849 5537 3156 5609 μοχθηρίαν
3189 5537 3442 5604 καθάπερ
3493 5553 3576 5597 τις
3603 5535 3742 5602 ἐφεῖο

2197 5645 2286 5680 τ;..ι
2310 5629 2506 5696 κλῆρος
2534 5629 2727 5695 ἀΐδιος,
2751 5628 2860 5682 τῶν
2917 5630 3096 5684 ἄλλοτ’
3144 5627 3317 5690 άλλως
3353 5627 3636 5696 φυομένων
3683 5638 3740 5674 τε

2199 5721 2290 5773 καὶ
2347 5721 2725 5790 ἐπιφυομένων
2767 5727 2908 5777 κατά
2959 5725 3058 5794 τῆς
3106 5721 3203 5774 τοῦ
3247 5719 3375 5774 Θεοῦ
3422 5717 3738 5786 Ἐκκλησίας
