4134 6286
1283 322 1732 386 ΒΥΖᾹΝΤῙΝΙΕ
1773 320 2161 382 HISTORUE
2198 321 2341 381 LlB.
2388 317 2690 381 XXXVII.

366 334 466 398 L83
1283 322 1732 386 BYZANTlN/E
1773 322 1948 382 IIlST

2055 320 2161 381 UE
2198 321 2341 381 LlB.
2388 319 2690 381 XXXVII.
3479 319 3584 381 490

360 445 617 520 ἡγεῖσθαί
639 462 696 496 τε
727 445 992 514 αἱρέσεων
1030 443 1124 495 καὶ
1159 441 1339 494 πάντα
1371 441 1505 510 δρᾷν
1542 441 1608 490 τὰ
1666 437 1920 507 χαλεπώ-

2055 451 2081 488 n
2120 433 2467 489 anathemata
2503 432 2841 496 incidentes,
2876 432 2929 486 in
2962 442 3224 486 aeternum
3256 433 3439 502 Ignem
3478 434 3584 490 sint

358 559 497 595 τατα
527 538 649 593 κατ’
680 537 950 603 ἐξουσίαν,
971 536 1065 588 καὶ
1084 536 1197 604 ἅμα
1223 533 1490 604 ἐρεθίζειν
1515 532 1570 595 ἐς
1593 549 1655 599 γε
1674 531 1733 583 τὸ
1748 530 1913 582 πλάτι-
2017 525 2267 582 demissi.

359 656 472 692 τειν
514 636 699 705 ἁγίους
728 634 1068 704 αὐθημερὸν,
1124 634 1217 683 καὶ
1259 630 1412 684 ταῦτ’
1451 629 1691 689 ἐκείνους
1743 626 1792 679 οἳ
1861 624 1960 692 τὴν
1998 623 2095 691 τῆς
2156 621 2414 691 λατρείας
2447 623 2746 691 ἡγεμονίαν
2778 618 2971 688 ἐκείνῳ
2995 634 3053 670 τε
3098 618 3451 682 ἐκδεδώκασι,
3501 624 3589 672 καὶ

370 736 514 797 ἄπας
551 734 749 794 αὐτοὺς
784 732 877 784 καὶ
902 731 1013 800 βίος
1042 732 1137 782 καὶ
1159 728 1314 794 λόγος
1348 729 1444 779 καὶ
1470 724 1673 797 πρᾶξις
1728 723 1823 776 τοῦ
1851 722 1959 774 τῶν
1997 719 2295 791 ὀρθοδόξων
2353 719 2522 772 πάλαι
2566 716 2823 787 διέγραφέ
2868 731 2924 768 τε
2966 716 3058 767 καὶ
3116 716 3361 785 περιεῖλε
3402 715 3591 787 χοροῦ,

366 834 452 884 ῖνα
488 832 564 901 μὴ
593 831 814 891 ὁπόσοις
850 829 993 895 λέγω
1028 826 1119 880 καὶ
1143 827 1232 892 ὑφ’
1263 826 1401 878 ὅσων
1428 822 1539 876 τῶν
1574 819 1929 891 πατριαρχῶν
1961 834 2021 869 τε
2087 818 2186 871 καὶ
2245 815 2565 867 ἐπισκόπων
2600 813 2878 883 φυομένης
2910 811 3009 883 ἤδη
3038 811 3138 881 τῆς
3167 812 3437 882 αἱρέσεως
3468 816 3593 868 ἀνα-

366 922 597 993 θέμασιν
655 919 992 989 ἐμπεσόντες
1052 916 1129 986 τῷ
1182 914 1389 985 αἰωνίῳ
1428 913 1565 984 πυρὶ
1611 908 2112 981 παρεπέμφθησαν.

439 1037 500 1109 [1⁵.
527 1036 633 1090 270
670 1034 728 1105 a]
773 1036 872 1087 IA'.
923 1034 1029 1088 Καὶ
1075 1033 1246 1086 ταῦτα
1295 1034 1392 1101 μὲν
1421 1031 1612 1084 τοῦτον
1659 1028 1785 1098 ἔσχε
1837 1026 1929 1079 τὸν

362 1129 587 1199 τρόπον·
612 1126 724 1195 ἐγὼ
745 1126 788 1177 δ’
826 1130 1001 1178 ἐκεῖνο
1031 1123 1451 1193 ἐπαναλήψομαι
1482 1122 1597 1175 νῦν.
1632 1122 1695 1174 Οἱ
1734 1122 1840 1188 γὰρ
1868 1118 1930 1168 τὸ

365 1220 762 1286 Γαλατώνυμον
832 1218 1050 1287 ἔχοντες
1096 1216 1378 1286 φρούριον,
1418 1215 1601 1280 ἐξότου
1672 1210 1931 1282 βραχείας

364 1306 583 1375 ἐκείνης
615 1306 672 1370 ἐξ
697 1306 897 1372 ἀλόγου
920 1306 1093 1374 φορᾶς
1123 1305 1219 1357 καὶ
1249 1302 1552 1371 παραδόξου
1577 1299 1745 1370 τύχης
1773 1299 1930 1365 ἐδρά-

2108 1025 2202 1077 x1.
2221 1026 2391 1093 Atque
2412 1023 2524 1077 haec
2540 1022 2758 1092 quidem
2781 1023 3068 1077 hactenus.
3086 1024 3201 1078 Jam
3224 1038 3355 1079 vero
3371 1040 3438 1079 eo
3455 1026 3598 1080 unde

2037 1114 2306 1169 declinavi
2334 1124 2596 1168 revertar.
2633 1114 2733 1180 Qui
2762 1115 3074 1169 Galatarum
3127 1116 3407 1169 caste-llum
3442 1116 3599 1187 553

2040 1206 2296 1261 tenebant
2321 1206 2445 1260 inde
2467 1207 2534 1259 ab
2555 1221 2620 1259 eo
2642 1217 2883 1274 tempore
2909 1222 3015 1275 quo
3031 1208 3236 1275 exiguze
3255 1208 3400 1262 illius
3425 1224 3491 1263 ex
3508 1210 3599 1263 ab~

2038 1296 2201 1350 surda
2228 1310 2392 1350 causa
2422 1306 2476 1349 et
2500 1296 2783 1364 inopinato
2804 1312 2932 1352 casu
2957 1307 3157 1351 exortae
3174 1298 3364 1365 primae
3397 1298 3603 1354 discor-

369 1398 526 1461 ξαντο
572 1398 846 1466 ἀφορμῆς,
896 1396 994 1465 τῆς
1033 1411 1093 1446 τε
1136 1394 1335 1463 δηλαδὴ
1378 1393 1486 1446 τῶν
1525 1391 1669 1445 δυοῖν
1722 1388 1938 1456 Ἀνδρο-

2055 1385 2133 1438 lite
2162 1395 2215 1439 et
2238 1386 2605 1439 contentionis
2636 1394 2839 1454 aperte
2886 1387 3051 1457 impp.
3082 1388 3367 1443 amborum
3393 1388 3604 1444 Andro-

368 1488 529 1540 νίκων
556 1487 665 1539 τῶν
696 1486 962 1552 βασιλέων
991 1484 1348 1552 διαστάσεως,
1388 1483 1590 1553 μᾶλλον
1618 1481 1664 1536 δ’
1695 1484 1937 1534 ἀποστα-

2034 1474 2286 1528 nicorum
2341 1485 2550 1543 partem
2600 1476 2878 1541 fecerant,
2924 1478 3009 1532 vel
3059 1478 3242 1546 potius
3284 1478 3607 1535 rebellionis

371 1578 486 1641 σίας
519 1578 614 1631 τοῦ
658 1579 778 1631 νέου
816 1577 953 1646 πρὸς
986 1576 1079 1628 τὸν
1116 1577 1315 1628 οίκεῖον
1345 1575 1590 1634 πάππον,
1625 1573 1719 1625 καὶ
1740 1567 1806 1623 αὖ
1837 1571 1938 1638 τῆς

2056 1565 2263 1620 unioris
2322 1578 2512 1620 contra
2573 1582 2758 1633 avum,
2803 1579 2858 1623 et
2904 1584 3106 1623 rursus
3151 1569 3405 1624 secundze
3439 1586 3606 1639 quant

370 1669 651 1736 δευτέρας,
704 1668 770 1737 ῆν
812 1665 1152 1735 τεθνηκότων
1205 1666 1430 1717 ἐκείνων
1489 1664 1633 1716 κατὰ
1676 1660 1771 1715 τοῦ
1813 1661 1937 1713 νέου

2055 1656 2271 1711 nortuis
2333 1656 2444 1711 illis
2470 1666 2657 1713 contra
2686 1660 2942 1728 juvenem
2986 1660 3114 1728 imp.
3150 1669 3204 1715 et
3246 1659 3464 1727 juvenis
3492 1674 3611 1714 ma-

374 1733 635 1822 βασιλέως
665 1733 880 1823 καὶτῆς
907 1733 1000 1805 τοῦ
1020 1754 1139 1804 νέου
1179 1752 1385 1821 μητρὸς
1417 1753 1446 1805 ὁ
1477 1748 1934 1818 Καντακουζηνὸς

2055 1762 2177 1802 .rem
2202 1746 2622 1804 Cantacuzenus
2658 1760 2927 1812 moverat,
2966 1750 3129 1805 variis
3166 1751 3352 1806 inultis
3390 1756 3446 1803 et.
3478 1764 3606 1804 ver-

373 1847 653 1911 κεκίνηκε,
686 1844 1050 1907 παντοδαποῖς
1082 1845 1176 1897 καὶ
1201 1842 1466 1905 ποικίλοις
1497 1842 1670 1905 δόλοις
1693 1840 1933 1903 ἐκείνους

376 1939 473 2007 μὲν
523 1938 808 2008 πρότερον,
837 1935 1061 1997 τούτους
1115 1935 1160 1987 δ’
1208 1934 1457 2004 ὕστερον,
1484 1936 1841 2003 ἐπαγγελίαις
1874 1951 1934 1987 τε

373 2028 553 2082 ἄλλοτ’
609 2027 797 2090 ἄλλαις
858 2026 1184 2097 περιιόντες,
1241 2027 1422 2081 ὁποῖαι
1481 2026 1572 2079 καὶ
1645 2028 1767 2079 ὅσαι
1821 2028 1935 2089 τοῖς

372 2122 632 2181 τοιούτοις
680 2120 955 2189 ἣρμοττον
1004 2120 1253 2186 καιροῖς,
1311 2118 1531 2186 βουλαῖς
1590 2117 1790 2187 δηλαδὴ
1840 2117 1937 2169 καὶ

374 2212 658 2283 χρήμασιν
682 2210 1081 2280 ἀφθονωτέροις
1124 2215 1219 2263 καὶ
1261 2209 1602 2279 συμμαχίαις
1632 2208 1937 2269 ὁπλιτικαῖς

374 2303 470 2357 καὶ
507 2302 769 2364 τοιούτοις
802 2300 866 2370 δή
901 2318 1044 2354 τισιν
1092 2300 1189 2368 (ἐῶ
1220 2300 1328 2371 γὰρ
1363 2300 1542 2368 λέγειν
1584 2301 1678 2353 καὶ
1702 2300 1817 2362 οἵας
1848 2300 1939 2352 ἐπὶ

374 2395 586 2457 τούτοις
632 2394 936 2463 λεληθότως
999 2391 1160 2462 δῆθεν
1209 2392 1511 2461 ὑπέφαινον
1558 2392 1658 2455 τὰς
1709 2393 1939 2457 ἀπειλὰς

377 2485 500 2542 καθ’
529 2479 604 2539 ὧν
638 2486 670 2554 η
704 2483 875 2537 πειθὼ
897 2482 1080 2553 χώραν
1110 2482 1281 2537 ἐνίοτε
1321 2483 1509 2553 ῥᾳδίαν
1540 2482 1638 2552 οὐχ
1667 2481 1938 2552 εὕρισκε),

379 2576 471 2628 καὶ
500 2575 593 2628 νῦν
635 2576 731 2645 μὲν
767 2574 978 2645 θατέρῳ
1017 2574 1435 2645 προστιθέμενοι
1471 2576 1629 2643 μέρει
1662 2575 1755 2629 καὶ
1802 2576 1941 2644 πρὸς

380 2668 607 2734 θάτερον
660 2666 819 2730 αὖθις
867 2666 1356 2734 ταλαντευόμενοι,
1414 2666 1511 2718 καὶ
1564 2665 1651 2717 ἀεὶ
1713 2664 1941 2735 θάτερον

382 2757 533 2826 παρὰ
590 2757 819 2825 θάτερον
871 2753 1164 2823 ἀμοιϐαδὸν
1206 2751 1607 2817 ἐξαπατῶντες,
1666 2751 1783 2813 πῶς
1845 2753 1942 2821 μὲν

382 2850 559 2899 ἑκοντὶ
592 2847 705 2911 πῶς
730 2847 775 2902 δ’
806 2848 866 2897 οὐ
902 2844 1045 2914 μάλα
1085 2844 1289 2906 ἑκοντὶ,
1318 2844 1418 2913 τῆς
1441 2840 1537 2894 τοῦ
1564 2840 1755 2911 καιροῦ
1788 2858 1944 2910 περι-

385 2938 628 2997 στάσεως
662 2937 849 3005 πόῤῥω
882 2934 974 2985 τοῦ
999 2933 1208 2994 δέοντος
1254 2930 1582 3003 ἐλαυνούσης
1625 2932 1715 2983 τὸν
1744 2931 1944 3002 δρόμον

381 3025 488 3079 τῶν
526 3025 839 3094 ἀνηκόντων
888 3023 1064 3090 λόγων
1118 3022 1211 3074 καὶ
1263 3020 1536 3089 πράξεων,
1578 3019 1767 3075 ἔλαθον
1817 3020 1945 3082 τοὺς

383 3118 620 3179 οἰκείους
649 3116 806 3183 ὄρους
837 3116 901 3166 ἐκ
935 3115 1075 3167 πάνυ
1121 3128 1175 3164 τι
1223 3111 1473 3173 εὐτελοῦς
1520 3127 1580 3166 τε
1623 3111 1720 3165 καὶ
1745 3127 1950 3182 χαμαι-

387 3207 551 3276 ζήλου
598 3206 855 3275 περιοχῆς
902 3201 1245 3264 ἐκτείναντές
1305 3218 1363 3256 τε
1418 3201 1509 3253 καὶ
1570 3200 1952 3271 ὀχυρώσαντες

388 3300 605 3367 πρῶτον
660 3296 759 3366 μὲν
816 3292 1048 3364 ξυλίνοις
1110 3293 1223 3345 τισὶ
1277 3292 1526 3362 θριγκοῖς
1580 3294 1673 3344 καὶ
1723 3290 1951 3362 τάφροις

394 3389 657 3458 βαθείαις,
682 3385 873 3438 ἔπειτα
922 3385 1163 3455 τείχεσιν
1220 3380 1441 3453 ὑψηλοῖς
1489 3399 1548 3433 τε
1594 3382 1688 3433 καὶ
1740 3382 1955 3452 ὀχυροῖς

390 3477 483 3527 καὶ
533 3472 1086 3541 δυσανταγωνίστοις.
1131 3469 1411 3521 Ἐντεῦθεν
1469 3469 1783 3539 ὁρμώμενοι
1828 3472 1955 3530 τοὺς

391 3565 491 3632 τῆς
540 3563 745 3624 οἰκείας
794 3561 1107 3627 πλεονεξίας
1152 3561 1313 3631 ὅρους
1359 3560 1499 3615 κατά
1546 3560 1731 3631 χώραν
1771 3560 1954 3629 μένειν

393 3657 485 3725 ἐᾷν
534 3655 748 3725 οὐδαμῆ
775 3671 841 3722 γε
870 3653 1203 3719 ἐγνώκεσαν,
1241 3651 1358 3706 ἀλλ’
1388 3652 1509 3719 ἐφ’ἀ
1540 3653 1749 3720 ἑτέροις
1788 3653 1952 3721 ἕτερα

396 3748 650 3800 ἐπενόουν
696 3748 790 3799 καὶ
834 3744 1227 3815 προσετίθεσαν
1259 3743 1387 3807 ξένα
1422 3760 1478 3795 τε
1515 3744 1610 3796 καὶ
1650 3744 1951 3814 ὑπέρογκα.

399 3841 559 3890 Ὅθεν
621 3837 716 3890 καὶ
761 3838 859 3905 τῆς
910 3837 1103 3906 τρίτης
1157 3836 1390 3901 ταυτησὶ
1442 3834 1627 3887 λοιπὸν
1694 3836 1955 3905 ἀφορμῆς

392 3930 743 3999 δραξάμενοι,
802 3928 903 3997 τῆς
962 3927 1056 3979 τοῦ
1105 3927 1561 3995 Καντακουζηνοῦ
1612 3945 1757 3996 φημι
1819 3927 1957 3995 πρὸς

392 4021 759 4087 Ιιαλαιολόγον
816 4020 908 4071 τὸν
947 4018 1066 4071 νέον
1112 4019 1241 4088 περὶ
1291 4019 1590 4088 μοναρχίας
1642 4019 1837 4087 ἔριδος,
1878 4015 1957 4086 τῷ

392 4114 498 4181 νέῳ
531 4110 1006 4180 προσεληλύθεσαν
1050 4110 1308 4180 ἐξορίστῳ
1343 4110 1481 4173 τέως
1524 4111 1719 4171 εἰπεῖν,
1751 4110 1959 4177 Τενέδῳ

391 4201 695 4271 τηνικαῦτα
724 4204 787 4271 τῇ
836 4202 984 4269 νήσῳ
1014 4201 1427 4269 ὲνδιατρίϐοντι,
1464 4201 1557 4253 καὶ
1593 4201 1776 4269 ὅρκοις
1818 4215 1957 4270 προ-

392 4297 807 4367 καταδήσαντές
837 4310 897 4346 τε
928 4293 1023 4346 καὶ
1052 4294 1358 4362 γράμματα
1392 4293 1528 4360 πρὸς
1565 4292 1712 4347 ἅπαν
1745 4291 1956 4344 ἐκεῖθεν

388 4392 451 4442 τὸ
497 4390 820 4459 βουλόμενον
857 4386 1158 4454 εἰληφότες,
1188 4384 1361 4452 λάθρα
1411 4383 1698 4453 ἐπέραινον
1740 4385 1825 4453 ἐφ’
1876 4377 1957 4448 οἷς

352 4495 357 4498 ‘
393 4480 778 4550 ὲμισθώθησαν
814 4476 910 4530 τοῦ
940 4475 1127 4555 λοιποῦ
1162 4476 1445 4547 προθυμία
1487 4476 1637 4544 πάσῃ
1660 4474 1836 4543 ψυχῆς
1867 4476 1959 4526 καὶ

334 4556 348 4567 ’
394 4574 580 4634 ὅπλοις
609 4572 706 4625 καὶ
738 4572 1013 4640 χρήμασιν
1044 4567 1380 4636 ἀφειδοῦσιν.
1414 4567 1490 4621 Οὐ
1522 4567 1683 4636 μόνον
1713 4567 1790 4635 δὲ,
1820 4566 1959 4621 ἀλλὰ

392 4668 489 4717 καὶ
524 4664 753 4723 Λατῖνος
775 4662 962 4731 ἐτερος
998 4659 1180 4727 σφίσιν
1206 4658 1476 4727 ὁμόφυλός
1507 4675 1564 4710 τε
1598 4660 1693 4712 καὶ
1717 4658 1963 4728 ὁμογνώ-

401 4772 539 4823 μων,
571 4754 700 4823 μίαν
724 4751 860 4821 ἔχων
889 4751 1088 4819 τριήρη
1116 4752 1209 4800 καὶ
1240 4748 1355 4817 βίον
1382 4749 1703 4816 πειρατικὸν
1733 4748 1959 4817 μετιὼν,

399 4845 508 4895 κάκ
536 4842 793 4895 τοιούτων
822 4840 1005 4907 πόρων
1048 4837 1315 4901 πλουτῶν,
1356 4836 1545 4906 ὥσπερ
1570 4839 1783 4909 ἐρμαίῳ
1826 4858 1961 4909 χρη-

399 4932 633 5000 σάμενος
666 4930 760 4981 καὶ
794 4930 954 4990 αὐτὸς
983 4927 1060 4996 τῷ
1090 4926 1290 4994 καιρῷ,
1313 4927 1434 4987 ταῖς
1468 4928 1685 4995 ὁμοίαις
1719 4928 1960 4995 ἐπαγγε-

397 5025 536 5083 λίαις
562 5023 659 5090 τὴν
684 5018 908 5088 γνώμην
937 5018 1032 5070 καὶ
1058 5018 1218 5077 αὐτὸς
1246 5017 1522 5085 χειροῦται
1548 5018 1641 5070 τοῦ
1671 5018 1958 5087 βασιλέως,

398 5115 613 5183 Τενέδῳ
658 5116 724 5183 τῇ
774 5114 923 5182 νήσῳ
981 5108 1296 5179 προσσχών.
1339 5110 1503 5162 Ὅθεν
1544 5111 1637 5162 καὶ
1692 5112 1964 5183 μοναρχή-

402 5223 597 5266 σαντος
642 5204 737 5257 τοῦ
783 5205 903 5256 νέου
952 5201 1170 5253 τουτουῒ
1218 5199 1481 5268 βασιλέως
1516 5200 1705 5274 ἐντελῆ
1736 5203 1807 5254 τὰ
1834 5203 1966 5257 ὑπε..

402 5297 654 5366 σχημένα
703 5297 952 5363 ἑκάτεροι
1001 5294 1397 5362 ἀπειλήφεσαν,
1445 5294 1494 5344 oi
1565 5293 1665 5362 μὲν
1720 5293 1812 5346 τὸν
1867 5296 1961 5347 τοῦ

2040 1842 2181 1895 sutis
2204 1840 2414 1894 artibus
2436 1840 2559 1894 illos
2581 1840 2757 1911 prius,
2782 1841 2884 1894 hos
2907 1851 3117 1910 postea.
3139 1850 3195 1895 et
3221 1841 3608 1910 promissioni-

2041 1930 2147 1985 bus
2180 1930 2368 1985 multis
2390 1930 2844 1995 circumiverunt,
2869 1932 3059 2000 quales
3082 1942 3139 1985 et
3162 1944 3378 2000 quanta:
3401 1942 3612 2003 tempo-

2042 2019 2198 2074 ribus
2216 2020 2327 2075 illis
2353 2021 2776 2089 conveniebant,
2794 2021 3003 2077 scilicet
3020 2024 3264 2079 consiliis
3282 2034 3337 2078 et
3360 2025 3611 2094 pecuniis

2042 2119 2125 2163 sat
2151 2110 2360 2179 magnis
2385 2118 2439 2165 et
2460 2110 2635 2179 cepiis
2656 2111 2984 2167 militaribus
3010 2121 3064 2167 et
3086 2115 3208 2167 aliis
3257 2115 3610 2184 bujusmodi;

2042 2201 2204 2255 mitto
2224 2202 2370 2255 enim
2393 2202 2573 2256 dicere
2596 2211 2831 2270 quantas
2848 2202 2902 2255 in
2925 2203 3011 2258 his
3033 2204 3167 2258 clam
3187 2205 3363 2261 minas
3380 2207 3612 2267 fecerim.

2045 2299 2236 2346 contra
2269 2298 2407 2362 quos
2446 2293 2735 2361 persuasio
2772 2294 3052 2349 interdum
3086 2295 3225 2349 nihil
3265 2298 3516 2362 valebat,
3552 2308 3612 2353 et

2047 2397 2189 2451 quas
2247 2398 2395 2438 nunc
2431 2384 2587 2439 alteri
2624 2386 2763 2454 parti
2807 2384 3159 2453 inferebant,
3197 2404 3344 2447 nunc
3374 2390 3443 2445 ad
3474 2390 3614 2446 alte-

2048 2488 2164 2526 ram
2177 2472 2558 2540 devolvebant,
2580 2478 2925 2544 etjquomodo
2948 2478 3212 2535 continuo
3236 2474 3616 2550 alteram‘post

2048 2565 2273 2620 alteram
2299 2566 2654 2637 decipientes,
2671 2570 2835 2623 modo
2859 2569 2925 2623 iis
2943 2585 3049 2624 non
3072 2572 3277 2634 invitis,
3298 2572 3618 2628 modoinviv

2049 2654 2120 2709 tis
2135 2670 2261 2709 cum
2291 2657 2550 2725 temporis
2577 2658 2818 2712 rationes
2844 2659 3010 2715 verba
3029 2661 3174 2714 ultra
3201 2661 3420 2715 modum
3446 2663 3587 2716 auda
3605 2692 3618 2701 -

2049 2745 2133 2799 cia
2156 2755 2211 2799 et
2235 2746 2380 2801 facta
2411 2747 2791 2812 admitterent,
2815 2750 3076 2817 paulatim
3103 2751 3464 2819 possessionis
3502 2767 3617 2805 sua:

2054 2835 2327 2889 terminos
2356 2850 2423 2890 ex
2454 2846 2691 2905 angusto
2719 2847 2775 2891 et
2803 2838 2998 2906 exiguo
3031 2837 3238 2892 ambitu
3270 2840 3619 2895 extenderint

2051 2933 2106 2978 et
2157 2925 2531 2988 muniverint,
2575 2925 2818 2994 primum
2858 2924 3079 2994 quidem
3117 2925 3312 2994 ligneis
3352 2926 3523 2995 septis
3558 2938 3618 2979 et

2054 3016 2216 3070 fossis
2244 3015 2531 3085 profundis
2555 3056 2570 3083 ,
2600 3016 2801 3072 deinde
2830 3031 2963 3072 vero
2992 3015 3167 3071 muris
3197 3010 3321 3074 altis
3354 3027 3410 3071 et
3441 3018 3614 3073 firmis

2052 3121 2109 3167 et
2163 3109 2253 3163 vix
2288 3109 2769 3180 expugnabilibus.
2802 3109 2937 3165 [lino
2966 3109 3171 3165 factum
3202 3122 3284 3165 est
3338 3118 3397 3165 ut
3425 3112 3613 3180 cupidi

2055 3204 2428 3278 possessionis
2494 3201 2889 3272 amplificanda:
2927 3203 3192 3257 terminos
3227 3202 3294 3255 ad
3341 3204 3616 3259 modicum

2057 3295 2322 3349 ambitum
2360 3293 2697 3347 constituere
2731 3306 2837 3343 non
2865 3291 2980 3360 jam
3016 3291 3068 3344 in
3102 3294 3287 3348 animo
3317 3293 3617 3359 baberent,

2057 3387 2151 3443 sed
2185 3388 2292 3442 alia
2326 3396 2450 3455 post
2483 3384 2644 3456 554
2675 3383 2778 3437 alia
2809 3384 2913 3437 sibi
2946 3395 3310 3450 exposcerent
3339 3398 3395 3441 et
3422 3388 3619 3458 adjun-

2056 3490 2251 3551 gercnt
2285 3480 2463 3533 aliena
2495 3488 2551 3532 et
2579 3492 2747 3546 super
2780 3478 3000 3532 modum
3036 3494 3250 3548 magna.
3282 3478 3461 3545 Quare
3495 3497 3619 3535 cum

2056 3573 2223 3627 etiam
2254 3573 2452 3631 tertiis,
2476 3586 2600 3640 qua:
2628 3572 2791 3641 paulo
2817 3581 2943 3641 post
2967 3581 3159 3625 exorta
3190 3581 3305 3637 est,
3336 3573 3458 3628 dico
3481 3574 3626 3627 Cau-

2059 3663 2307 3717 tacuzeni
2348 3664 2399 3715 in
2437 3662 2801 3732 Paiaeologum
2832 3662 3108 3731 juniorem
3146 3675 3369 3733 propter
3401 3681 3622 3723 monar-

2062 3758 2264 3821 chiam,
2328 3771 2546 3810 causam
2619 3756 2851 3825 amplexi
2927 3756 3190 3821 fuissent,
3240 3769 3295 3815 et
3365 3760 3620 3828 juvenem

2060 3847 2326 3902 adiissent
2361 3847 2453 3915 qui
2502 3846 2656 3899 exsul
2695 3847 2749 3905 in
2788 3845 3010 3900 Tenedo
3052 3848 3230 3903 insula
3269 3850 3622 3911 morabatur,

2059 3950 2114 3994 et
2144 3939 2510 4010 jurejurando
2550 3939 2653 3994 sibi
2689 3938 3027 4008 obligassent
3059 3952 3112 3993 et
3149 3941 3362 3994 litteras
3398 3943 3522 3997 inde
3554 3944 3622 3995 ad

2059 4046 2276 4086 omnem
2308 4031 2647 4085 voluntatem
2682 4029 3056 4098 accepissent,
3093 4030 3233 4085 clam
3269 4034 3623 4099 perfecerunt;

2062 4138 2162 4194 pro
2194 4122 2397 4191 quibus
2430 4121 2688 4175 conducti
2719 4131 2876 4174 erant
2905 4137 3030 4176 cum
3065 4123 3230 4175 toaius
3262 4123 3429 4175 animi
3462 4123 3623 4177 obse—

2060 4213 2191 4282 quio
2247 4222 2302 4266 et
2372 4213 2539 4269 armis
2613 4221 2669 4266 et
2730 4212 2993 4281 pecuniis.
3085 4211 3189 4266 Sed
3250 4229 3358 4268 non
3426 4214 3479 4267 lii
3536 4230 3623 4270 so-

2060 4305 2412 4369 lum,verum
2447 4305 2612 4358 etiam
2649 4301 2876 4358 Latinus
2909 4304 3048 4360 alter
3075 4318 3198 4358 cum
3236 4305 3342 4358 illis
3374 4316 3533 4375 gente
3565 4316 3620 4361 et

2064 4399 2249 4453 animo
2288 4397 2613 4466 conjunctus
2638 4439 2650 4457 ,
2684 4399 2777 4465 qui
2813 4411 2973 4449 unam
3008 4396 3280 4449 triremem
3320 4397 3539 4450 tenebat
3568 4414 3625 4451 ct

2071 4490 2232 4542 vitam
2323 4488 2611 4557 piraticnm
2696 4486 2923 4556 degebat
2985 4496 3037 4541 et
3098 4487 3384 4541 latrocinio
3470 4489 3626 4543 dives

2067 4580 2245 4632 factus
2271 4588 2422 4641 erat,
2457 4588 2701 4646 tempore
2734 4578 2837 4633 isto
2865 4589 3170 4647 opportuno
3199 4586 3455 4646 tanquam
3482 4581 3626 4633 dono

2067 4668 2282 4722 cmlesti
2327 4676 2509 4731 utens,
2545 4667 2817 4722 similibus
2851 4668 3308 4738 promissionibus
3339 4670 3471 4739 imp.
3503 4673 3625 4727 ani—

2070 4775 2218 4811 tuum
2294 4758 2396 4811 sibi
2457 4758 2732 4824 devinxit,
2779 4758 2999 4813 Tenedo
3074 4759 3265 4817 insulae
3317 4763 3623 4831 appellans:

2070 4850 2217 4902 unde
2263 4848 2481 4917 utrique
2513 4865 2539 4899 ιι
2566 4849 2786 4917 juniore
2833 4850 2964 4918 imp.
3008 4850 3079 4903 ibi
3119 4862 3380 4920 regnante
3435 4869 3630 4923 magna
3720 4918 3723 4927 ι

2070 4939 2335 5006 promissa
2367 4950 2709 5008 acceperant,
2736 4946 2790 4992 et
2815 4940 2889 4993 illi
2922 4939 3143 5008 quidem
3173 4942 3382 4996 castelli
3420 4944 3625 5000 mantia

2072 5029 2126 5081 in
2159 5029 2558 5103 longitudinem
2606 5041 2660 5083 et
2704 5032 3049 5086 latitudinem
3087 5043 3353 5100 quantum
3388 5035 3502 5088 ﬁeri
3537 5052 3630 5104 po-

2073 5118 2175 5172 tuit
2212 5120 2576 5173 extenderunt
2608 5136 2796 5173 versus
2829 5124 3171 5177 occidentem
3208 5133 3261 5176 et
3295 5128 3630 5194 septentrio-

2071 5223 2194 5261 nem
2251 5219 2307 5263 et
2360 5211 2669 5273 orientem;
2705 5213 2792 5264 hic
2842 5228 2970 5265 vero
3030 5214 3373 5281 imperatoris
3423 5218 3631 5275 sororis

2068 5315 2303 5367 sponsus
2330 5301 2508 5363 factus
2538 5313 2621 5355 est
2650 5312 2705 5355 et
2732 5302 2969 5355 Lesbum
3002 5303 3232 5358 insulam
3263 5309 3497 5378 accepit.

400 5390 667 5460 φρουρίου
728 5386 1013 5454 περίῦολον
1067 5385 1148 5444 εἰς
1199 5382 1371 5452 μῆκος
1429 5384 1524 5435 καὶ
1588 5384 1791 5447 πλάτος
1831 5386 1956 5441 ὅσον
2003 5391 2253 5443 πλεῖστον
2290 5391 2416 5458 ἐξῆν
2451 5392 2750 5460 ηὐξηκότες
2786 5393 2850 5464 [τ’
2882 5395 2987 5448 2η)
3022 5394 3100 5467 θ’]
3144 5399 3279 5467 πρός
3345 5418 3405 5453 τε
3468 5400 3623 5452 δύσιν

402 5489 500 5540 διαὶ
547 5484 748 5553 ἄρκτον
790 5478 1139 5567 καὶ,ἑῲαν,ὀ
1167 5479 1224 5531 δὲ
1293 5478 1540 5549 γαμὸρὸς
1591 5480 1677 5534 ἐπ’
1714 5481 1919 5551 ἀδελφῇ
1949 5483 2026 5553 τῷ
2065 5485 2274 5554 βασιλεῖ
2326 5491 2601 5547 καταστὰς
2659 5488 2750 5538 καὶ
2801 5487 2917 5556 ἅμα
2968 5491 3173 5544 Λέσϐον
3219 5493 3318 5564 τὴν
3352 5494 3516 5561 νῆσον
3549 5494 3629 5554 είς

402 5578 609 5655 προῖκα
639 5573 835 5627 λαϐὼν.

480 5692 581 5749 lB'.
615 5691 851 5745 Τοιαῦτα
877 5691 972 5745 καὶ
994 5689 1134 5745 οὕτω
1157 5690 1470 5759 πολύτροπα
1489 5692 1575 5744 διὰ
1599 5691 1782 5761 βιαίας
1803 5692 1967 5763 ἀνάγ-

726 5793 991 5851 i’aruoL.
1037 5788 1150 5848 Gtt.
1202 5789 1477 5851 CXLIX.

2144 5691 2439 5749 Xll.Tanta
2472 5700 2524 5747 et
2556 5701 2663 5747 tam
2697 5693 2845 5747 varia
2881 5702 3106 5765 prepter
3134 5695 3358 5750 nimiam
3386 5699 3627 5758 necessi-

3233 5799 3301 5858 16
