4134 6286
524 431 624 496 491

1721 417 2143 480 NICEPIIORI
2182 416 2569 478 GREGOIL-E

3643 424 3739 489 492

527 568 695 615 tatem
737 561 794 608 et
833 549 1112 604 fortunam
1143 545 1513 599 infortunatos
1547 535 1840 612 Byzantios
1871 547 2090 602 unaque

2216 549 2298 596 ιας
2329 531 2423 587 ml
2455 532 2624 604 τύχας
2653 532 2776 596 τοὺς
2818 531 3202 605 ταλαιπώρους
3235 532 3580 600 Βυζαντίους,
3615 538 3740 606 μᾶλ-

527 655 807 710 Romanos
839 655 1032 700 omnes
1063 639 1383 694 invaserant
1411 632 1550 686 mala
1581 640 1838 697 tanquam
1880 641 1910 680 e
1943 623 2095 678 fonte

527 741 752 800 turbido
781 747 838 793 et
866 747 1088 795 amaro,
1121 725 1414 800 tyrannide
1444 721 1654 778 scilicet
1684 728 1798 774 tum
1833 715 2096 786 temporis

527 831 903 905 regnantium,
947 823 1106 896 555
1169 819 1433 888 originem
1488 813 1728 876 ducens,
1779 823 1945 880 quam
2005 821 2094 861 se-

527 897 772 982 cundum
815 919 980 989 regia:
1021 911 1309 984 potestatis
1336 917 1388 962 et
1425 913 1642 962 sanctas
1671 903 1818 972 leges
1852 897 2096 954 tradide-

533 1027 700 1082 rant,
757 1016 1145 1081 tempestatem
1196 1012 1253 1058 et
1300 998 1668 1056 calamitatem
1718 992 2094 1066 gravissimam

526 1112 833 1166 excitantes
863 1106 918 1160 in
950 1113 1228 1172 quemque
1257 1098 1506 1161 bonum;
1543 1107 1652 1162 quo
1695 1089 1862 1148 Deus,
1889 1095 1950 1139 ut
1994 1098 2096 1152 ego

527 1205 741 1273 opinor,
759 1192 1162 1269 providentiam
1194 1201 1348 1244 suam
1377 1181 1802 1256 probavit.llinc
1827 1191 1986 1232 omne
2017 1175 2099 1228 di-

529 1267 777 1361 sciplina;
810 1299 983 1356 genus
1011 1281 1291 1337 sublatum
1319 1283 1403 1330 est
1428 1283 1482 1328 et
1509 1273 1564 1327 in
1597 1267 1938 1326 contrarium
1970 1279 2100 1319 con-

529 1397 688 1437 versa
720 1355 1009 1434 estvirtus
1043 1369 1374 1438 virtutisque
1405 1363 1740 1428 auctoritas;
1788 1367 1844 1413 et
1894 1355 2102 1410 invexit

533 1475 626 1530 illa
656 1473 802 1526 inter
830 1481 1023 1524 omnes
1055 1463 1170 1518 fere
1198 1461 1474 1516 Romanos
1499 1461 1771 1525 quotquot
1795 1459 1922 1504 sunt
1947 1461 2102 1500 novre

532 1562 770 1619 civitatis
795 1601 808 1624 ,
841 1571 1025 1612 mores
1055 1565 1232 1608 novos
1261 1557 1315 1605 et
1345 1558 1671 1618 peregrinos
1703 1551 1758 1596 et
1794 1555 1822 1594 ιι
1869 1535 2102 1608 pristina

533 1655 670 1725 regii
722 1648 942 1721 imperii
991 1655 1048 1702 et
1093 1655 1278 1697 rerum
1309 1631 1804 1693 administrationis
1833 1626 2104 1698 sapientia

533 1759 765 1818 prorsus
801 1717 1036 1795 alienos.
1077 1733 1218 1800 Quid
1259 1740 1444 1785 autem
1485 1723 1778 1781 dicendum
1820 1717 2101 1776 de-vesti-

535 1838 774 1900 mentis,
805 1845 968 1902 quam
1002 1827 1174 1882 multa
1212 1824 1266 1878 in
1298 1823 1387 1877 liis
1420 1819 1585 1875 etiam
1630 1823 1820 1871 contra
1863 1822 2103 1866 consue-

537 1927 784 1982 tudinem
819 1901 1030 1975 mutata
1061 1919 1170 1972 sint
1194 1955 1210 1980 ,
1241 1923 1296 1968 et
1327 1909 1604 1983 quomodo
1633 1923 1699 1963 ex
1731 1905 1878 1960 omni
1909 1901 2102 1958 notitia

537 2029 745 2080 remota
789 2024 844 2072 et.
889 2017 1090 2067 novata
1131 2007 1205 2061 sit
1251 2001 1598 2074 respublica.
1627 2007 1689 2054 ut
1717 2013 1828 2052 non
1867 1997 1979 2068 jam
2009 2007 2105 2049 co-

537 2111 725 2186 gnosci
755 2107 925 2180 possit
952 2099 1076 2172 quis
1102 2113 1131 2152 e
1153 2093 1419 2151 Romanis
1443 2090 1536 2154 sit,
1556 2088 1680 2160 quis
1706 2102 1772 2142 ex
1794 2085 1898 2139 alia
1923 2091 2103 2153 gente.

537 2176 950 2274 illeque'enim
1011 2189 1269 2250 Persicus
1326 2183 1508 2238 cultus
1573 2193 1606 2234 a
1693 2176 1959 2232 Romanis
2020 2185 2109 2226 re-

542 2265 736 2366 ceptus
762 2299 847 2346 est
869 2329 884 2353 ,
911 2297 1093 2352 neque
1119 2293 1292 2350 purus
1317 2275 1546 2330 Latinus
1565 2313 1580 2338 ,
1609 2283 1788 2339 neque
1814 2265 2105 2324 Gothicus,

541 2355 720 2458 neque
750 2385 794 2437 si
824 2381 948 2450 quis
963 2371 1333 2430 Triballorum
1351 2365 1436 2420 vel
1461 2363 1732 2433 Mysorum
1747 2367 1830 2413 est
1849 2357 1934 2411 vel
1961 2355 2111 2410 Paeo-

544 2447 696 2535 num.
719 2473 824 2528 Sed
844 2447 1158 2541 promiscue
1185 2475 1249 2515 ex
1278 2455 1557 2520 omnibus,
1577 2461 1639 2506 ut
1667 2451 1856 2505 dicunt
1887 2447 2106 2510 musici,

543 2583 600 2630 et
658 2573 961 2625 concentus
1017 2567 1072 2614 et
1125 2555 1356 2610 effectus
1402 2563 1431 2603 a
1479 2543 1815 2601 nostratibus
1859 2537 2109 2596 conversi

543 2677 600 2722 et
643 2665 697 2717 in
743 2671 969 2730 prorsus
1010 2648 1344 2706 contrarium
1385 2637 1661 2694 commisti
1714 2643 1844 2688 sunt
1893 2631 1946 2685 in
1982 2645 2112 2684 con-

544 2754 772 2826 geriem,
821 2756 877 2802 et
910 2743 1158 2797 videmus
1197 2737 1336 2790 intra
1361 2745 1549 2787 sacros
1577 2741 1766 2784 muros
1805 2724 2110 2778 amicorum

547 2819 689 2899 filios
721 2845 885 2910 caput
912 2832 1131 2904 quidem
1165 2827 1467 2882 referentes
1509 2819 1831 2876 Latinorum
1855 2855 1869 2878 ,
1909 2823 2112 2880 corpus

550 2950 677 2990 vero
713 2905 886 2985 tot—um
918 2926 1209 2982 Persarum
1237 2913 1332 2973 vel
1355 2913 1640 2970 Medorum
1673 2919 1826 2962 more
1857 2905 2110 2957 ornatum

547 3039 652 3082 est.
687 3025 899 3076 Rursus
926 3024 1108 3072 autem
1139 3009 1360 3066 eosdem
1401 3006 1575 3060 altero
1619 3001 1710 3056 die
1757 2997 1918 3052 modo
1967 2995 2113 3058 hunc

549 3112 712 3167 modo
767 3109 918 3162 illum
987 3114 1192 3157 morem
1225 3095 1386 3168 556
1412 3092 1572 3147 modo
1617 3099 1870 3145 neutrum
1917 3085 2111 3138 horum

551 3203 808 3276 praeferre
841 3197 1125 3258 videmus,
1153 3189 1248 3246 sed
1293 3188 1463 3241 alium
1509 3181 1682 3252 magis
1726 3177 2024 3234 absurdum
2059 3185 2114 3228 et

551 3296 898 3369 peregrinum
924 3304 1021 3360 pro
1043 3284 1384 3356 singulorum
1431 3277 1631 3334 eﬂreni
1663 3275 1909 3330 libidine.
1939 3271 2114 3338 Quam

552 3361 618 3444 ad
645 3361 1059 3456 perversitatem
1090 3375 1366 3430 Romanos
1393 3369 1522 3436 labi,
1543 3376 1606 3422 ut
1633 3383 1732 3437 ego
1755 3364 1974 3435 quidem
1999 3361 2118 3432 opi-

559 3498 686 3544 nor,
707 3478 848 3531 Deus
877 3479 1170 3544 pr0pterea
1202 3466 1431 3536 patitur,
1461 3473 1521 3516 ut
1547 3461 1846 3515 animorum
1877 3456 2116 3525 pravita-

557 3585 666 3628 tem
704 3581 759 3625 et
793 3568 1174 3622 vehementem
1211 3565 1436 3629 propter
1471 3553 1656 3610 divina
1697 3549 1953 3606 Ecclesia:
1989 3547 2120 3614 dog-

560 3671 704 3716 mata
747 3661 1125 3725 tempestatem
1168 3657 1225 3703 et
1267 3645 1635 3702 turbationem
1683 3657 1748 3695 ex
1807 3636 2117 3694 istiusmodi

556 3750 798 3806 externis
831 3747 998 3800 rebus
1050 3747 1422 3812 cognoscant,
1449 3746 1501 3790 et
1533 3743 1824 3805 propterea
1857 3741 1912 3783 ut
1943 3737 2117 3783 semet

559 3843 662 3911 ipsi
719 3843 974 3893 incusent
1029 3834 1212 3889 statim
1272 3847 1340 3886 ex
1393 3827 1571 3898 primo
1617 3825 1814 3879 intuitu
1864 3831 1917 3876 et
1967 3835 2119 3874 casu.

558 3929 1026 4003 Quemadmodum
1068 3936 1248 3980 autem
1289 3923 1345 3976 iu
1393 3921 1530 3974 mari
1571 3919 1726 3972 navis
1761 3915 1979 3984 quando
2012 3927 2106 3964 an-

560 4027 706 4082 coris
771 4025 887 4078 suis
933 4022 1123 4074 orbata
1158 4027 1261 4082 est,
1325 4017 1378 4069 in
1438 4013 1604 4067 altum
1655 4009 1892 4078 projecta
1961 4007 2123 4058 innu-

563 4131 743 4170 meras
781 4123 834 4167 et
877 4110 1122 4166 infinitas
1155 4106 1460 4161 errationes
1499 4113 1554 4156 et
1591 4099 1834 4170 pericula
1875 4097 2012 4158 init,
2047 4095 2122 4148 ita

565 4209 710 4281 apud
759 4205 883 4260 illos
931 4204 1094 4256 unius
1141 4200 1218 4254 rei
1271 4195 1632 4267 perversitate
1681 4201 1938 4258 recepta,
1983 4189 2124 4240 lianc

565 4303 870 4354 innumerae
913 4295 1030 4348 alia:
1077 4301 1278 4345 secuta:
1326 4295 1475 4342 sunt.
1525 4285 1770 4339 Primum
1817 4279 1964 4335 enim
2001 4293 2120 4331 am-

568 4391 812 4461 plissima
847 4386 1086 4452 antiqua
1142 4389 1196 4434 et
1250 4379 1610 4434 celeberrima
1669 4373 1868 4444 palatia
1919 4379 1972 4424 ct
2019 4371 2124 4422 alia

567 4497 722 4550 atque
755 4476 1038 4547 Splendida
1069 4471 1294 4526 :ndiIicia
1329 4469 1604 4524 destructa
1637 4471 1799 4527 sunt,
1831 4471 1884 4516 et
1917 4463 2124 4516 colum-

2197 619 2290 672 λον
2322 619 2366 672 δ’
2421 619 2557 688 όμοῦ
2608 617 2914 688 Ῥωμαίους
2951 621 3200 686 ἅπαντας
3247 623 3639 694 κατειλήφεσαν
3683 629 3744 680 τὰ

2197 711 2366 776 δεινὰ,
2399 710 2590 781 ὥσπερ
2627 712 2810 781 πηγῆς
2847 713 3219 784 ἐξερρυηκότα
3257 713 3355 768 καὶ
3385 713 3748 770 άποϐλύσαντα

2199 802 2426 868 θολερᾶς
2455 803 2547 854 καὶ
2583 804 2788 872 πικρᾶς
2823 804 2922 874 τῆς
2949 807 3060 860 τῶν
3095 807 3216 858 τότε
3255 806 3532 876 ἀρχόντων
3567 825 3744 878 τυραν-

2200 893 2366 958 νίδος,
2420 893 2488 962 ἦν
2519 910 2580 946 τε
2637 893 2781 948 κατὰ
2837 895 2937 964 τῆς
2967 893 3251 964 βασιλείας
3280 897 3374 950 ml.
3403 897 3470 968 ἦν
3493 899 3627 952 κατὰ
3649 901 3748 956 τῶν

2201 985 2362 1039 θείων
2415 985 2706 1055 δογμάτων
2766 985 3104 1056 ἐπήνεγκαν,
3139 987 3386 1058 χειμῶνα
3409 989 3502 1041 καὶ
3527 989 3752 1060 διωγμὸν

2199 1076 2292 1128 τὸν
2321 1075 2632 1145 βαρύτατον
2665 1077 2984 1145 ἐγείραντες
3005 1079 3148 1131 κατὰ
3175 1078 3376 1140 παντὸς
3406 1079 3612 1146 ἀγαθοῦ
3631 1096 3646 1111 ο
3691 1079 3752 1133 δι’

2200 1170 2258 1223 ὃν
2281 1171 2376 1223 καὶ
2405 1167 2558 1232 Θεὸς,
2591 1165 2770 1237 οἶμαι,
2800 1167 2902 1238 τὴν
2925 1168 3120 1221 ἐαυτοῦ
3149 1169 3460 1222 συνέστειλε
3489 1171 3754 1240 πρόνοιαν.

2202 1259 2512 1316 Κάντεῦθεν
2543 1258 2690 1312 away
2742 1259 2842 1328 μὲν
2875 1259 3126 1322 παιδείας
3157 1259 3478 1330 ἐξελήλαται
3505 1255 3640 1323 εἶδος
3672 1262 3758 1313 καὶ

2202 1354 2620 1438 ἀντέστραπται
2677 1353 2818 1422 πρὸς
2876 1353 3186 1407 τούναντίον
3237 1353 3406 1424 ἀρετὴ
3449 1355 3544 1406 καὶ
3589 1355 3642 1408 εί
3681 1372 3760 1418 τις

2204 1449 2431 1510 ἔπαινος
2451 1447 2662 1516 ἀγαθοῦ
2684 1465 2698 1478 ·
2739 1448 2837 1501 καὶ
2889 1445 3200 1500 ἐπεπόλασε
3233 1446 3373 1500 κατὰ
3402 1445 3617 1499 πάντων
3647 1465 3764 1516 σχευ

2203 1539 2294 1593 δὸν
2331 1537 2648 1608 Ῥωμαίων,
2705 1537 2821 1592 ὅσοι
2873 1537 2974 1608 τῆς
3009 1535 3134 1600 νέας
3181 1537 3292 1589 eiul
3329 1535 3623 1602 πολιτείας,
3663 1538 3762 1608 non

2205 1629 2366 1685 καινά
2407 1631 2502 1683 καὶ
2529 1629 2794 1684 ἀλλόκοτα
2827 1629 2921 1683 καὶ
2947 1627 3159 1699 οὐδαμῆ
3188 1629 3289 1698 τῆς
3325 1629 3456 1698 πρὶν
3491 1627 3765 1698 βασιλικῆς

2205 1722 2421 1790 ἐκείνης
2467 1723 2562 1776 ml
2617 1721 2902 1792 πολιτικῆς
2951 1721 3220 1782 συνέσεως
3264 1721 3359 1774 καὶ
3388 1719 3637 1783 παιδείας
3673 1721 3764 1773 καί

2207 1815 2485 1878 εὐταξίας.
2518 1814 2583 1867 Τί
2615 1813 2660 1866 δ’
2705 1813 2770 1868 ἄν
2813 1829 2897 1874 τις
2929 1815 3064 1884 φαίη
3098 1813 3192 1867 ml.
3225 1813 3353 1882 περὶ
3401 1813 3512 1866 τῶν
3542 1813 3738 1880 ἐνδυμά

2205 1925 2336 1972 των,
2375 1909 2475 1961 ὅσα
2509 1907 2614 1960 κάν
2636 1907 2849 1968 τούτοις
2887 1905 3279 1976 παρηνομήθη,
3317 1904 3413 1956 καὶ
3454 1903 3602 1965 ὅπως
3626 1905 3772 1956 ἐκτε-

2204 2000 2459 2053 τόπισται
2498 1995 2592 2051 τοῦ
2633 1995 2913 2068 γνωρίμου
2975 2011 3034 2048 τε
3075 1995 3170 2048 καὶ
3199 1993 3472 2064 συνήθους
3507 1993 3770 2054 πολιτεία.

2205 2093 2280 2156 ὡς
2317 2091 2452 2162 μηδέ
2487 2088 2856 2159 γινώσκεσθαι
2883 2087 2965 2140 ἐτι
2994 2087 3144 2150 ὅστις
3187 2085 3477 2156 Ῥωμαίων
3511 2089 3605 2140 καὶ
3632 2087 3774 2146 ὅστις

2205 2185 2313 2237 τῶν
2347 2183 2520 2246 ἄλλως
2568 2183 2804 2252 ἐχόντων
2853 2180 3028 2247 γενῶν
3049 2219 3064 2244 ,
3101 2177 3224 2231 οὔτε
3257 2178 3364 2248 γάρ
3425 2179 3671 2248 Περσική
3696 2191 3776 2237 τις

2207 2275 2446 2345 ἄκρατος
2479 2273 2512 2344 ἡ
2547 2271 2710 2340 στολὴ
2741 2265 2965 2340 γέγονεν
2994 2270 3094 2340 ήδη
3143 2269 3443 2338 Ῥωμαίοις
3463 2309 3478 2333 ,
3513 2265 3638 2320 οὔτε
3671 2267 3776 2320 Aa-

2207 2362 2388 2434 τινικὴ
2413 2362 2632 2425 τελέως,
2670 2359 2795 2414 οῦτε
2829 2361 2938 2430 μήν
2969 2375 3055 2422 τις
3077 2358 3312 2429 Γοτθική
3353 2357 3637 2422 καθάπαξ,
3658 2354 3779 2409 οὔτε

2209 2457 2366 2519 είτις
2415 2453 2731 2526 Τριϐαλλῶν
2779 2451 2871 2506 καὶ
2903 2451 3019 2522 ἅμα
3073 2451 3282 2506 Μυσῶν
3346 2451 3445 2504 καὶ
3501 2449 3779 2502 Παιόνων·

2207 2549 2326 2603 ἀλλ’
2375 2550 2438 2602 ἐκ
2494 2543 2684 2600 πασῶν
2720 2545 2779 2598 τὺ
2801 2543 2890 2596 διὰ
2944 2543 3134 2596 πασῶν
3163 2542 3337 2595 εἰπεῖν
3371 2541 3476 2610 τῆς
3519 2539 3783 2610 μουσικῆς

2209 2639 2424 2709 ἐκείνης
2454 2635 2719 2710 ἁρμονίας
2745 2635 2839 2688 καὶ
2863 2633 3064 2705 ἀρετῆς
3090 2634 3180 2686 ἐπὶ
3206 2635 3316 2686 τῶν
3345 2633 3643 2704 ἡμετέρων
3669 2632 3784 2683 ἀντι

2211 2734 2513 2803 ἐστραπται
2569 2730 2777 2800 χρόνων
2823 2727 2879 2791 ἐς
2924 2727 3070 2781 ἅπαν
3100 2725 3417 2780 τούναντίον
3464 2725 3647 2794 μίγμα
3695 2725 3788 2775 καὶ

2213 2825 2553 2894 συμφόρημα
2581 2837 2596 2854 ο
2625 2820 2722 2873 καὶ
2746 2819 2961 2887 ὁρῶμεν
2989 2818 3096 2871 τῶν
3119 2817 3280 2888 ιερῶν
3309 2815 3628 2887 περιϐόλων
3656 2813 3784 2866 εἴσω

2211 2919 2336 2980 τοὺς
2371 2917 2478 2970 τῶν
2516 2913 2687 2984 φίλων
2739 2913 2934 2974 παῖδας
2981 2911 3080 2980 τὴν
3115 2912 3212 2980 μέν
3244 2910 3496 2980 κεφαλὴν
3543 2907 3790 2966 ἐοικότας

2213 3005 2490 3070 Λατίνοις,
2529 3003 2588 3056 τὸ
2623 3002 2678 3054 δέ
2709 3001 2867 3070 σῶμα
2899 3001 3007 3054 πᾶν
3061 2998 3342 3068 Περσικῶς
3393 3015 3458 3050 τε
3491 2999 3592 3052 καὶ
3623 2995 3792 3064 Μηδι-

2215 3097 2326 3161 κῶς
2359 3097 2710 3166 ἐσταλμένον,
2765 3095 2858 3148 ml.
2895 3091 3208 3148 τούναντίον
3264 3091 3320 3154 ἐς
3351 3091 3458 3160 τὴν
3493 3089 3793 3160 ὑστεραίαν

2141 3210 2186 3268 c
2218 3191 2344 3252 τοὺς
2379 3187 2576 3248 αὐτοὺς
2610 3185 2703 3238 νῦν
2737 3183 2835 3254 μέν
2863 3184 3037 3246 άλλως
3071 3181 3164 3236 νῦν
3197 3181 3240 3235 δ’
3293 3181 3475 3246 ἄλλως
3508 3182 3606 3235 νῦν
3639 3181 3686 3234 δ’
3708 3181 3794 3232 οὐ·

2215 3279 2472 3351 δετέρως,
2519 3277 2720 3348 τρόπον
2757 3277 2814 3329 δέ
2841 3293 2963 3330 τινα
2993 3273 3472 3344 τερατωδέστερον
3511 3273 3610 3326 καὶ
3642 3271 3798 3326 ἀλλό-

2217 3391 2372 3428 κοτον
2397 3371 2536 3425 κατὰ
2565 3369 2662 3441 τὴν
2683 3369 2928 3424 ἑκάστων
2954 3367 3246 3422 ἀδέσποτον
3279 3363 3574 3435 βούλησιν,
3619 3360 3794 3434 οἶμαι,

2216 3465 2310 3518 τοῦ
2341 3463 2475 3518 Θεοῦ
2501 3459 2991 3532 συγκεχωρηκότος
3023 3461 3102 3521 εἰς
3132 3457 3293 3511 τοῦτο
3319 3458 3530 3519 κακίας
3565 3453 3803 3527 ῥαγῆναι

2227 3555 2534 3625 Ῥωμαίους
2583 3553 2726 3607 ὥστε
2753 3553 2844 3604 τὸν
2875 3551 3018 3604 ἔνδον
3066 3551 3167 3620 τῆς
3213 3549 3398 3620 ψυχῆς
3423 3551 3676 3620 χειμῶνα
3711 3555 3803 3604 καὶ

2218 3650 2315 3720 τὴν
2341 3649 2470 3718 περὶ
2503 3647 2570 3701 τά
2593 3645 2712 3698 θεῖα
2746 3641 2848 3713 τῆς
2882 3641 3207 3710 Ἐκκλησῐας
3254 3641 3516 3712 δόγματα
3551 3641 3805 3709 ποικίλην

2221 3743 2388 3810 ζάλην
2414 3739 2476 3812 [ί.
2501 3739 2604 3794 271
2641 3735 2696 3808 ο]
2730 3737 2825 3790 ml.
2855 3736 3122 3788 άστασίαν
3148 3736 3237 3788 διὰ
3267 3736 3378 3790 τῶν
3403 3737 3516 3802 ἐξω
3545 3737 3806 3790 τοιούτων

2224 3833 2521 3904 σχημάτων
2541 3828 2855 3899 δηλοῦσθαι,
2886 3828 2980 3880 καὶ
3017 3827 3164 3894 σφῶν
3201 3829 3383 3880 αὐτῶν
3409 3830 3618 3888 αὐτοὺς
3652 3827 3808 3880 αὑτό-

2223 3927 2314 3980 θεν
2365 3917 2502 3977 εἶναι
2551 3921 2912 3990 κατηγόρους,
2971 3921 3034 3972 ἐκ
3085 3919 3307 3989 πρώτης
3337 3921 3512 3984 εὐθὺς
3539 3922 3718 3990 ὄψεώς
3748 3936 3806 3972 τε

2223 4017 2318 4071 καὶ
2343 4015 2608 4084 ἐντυχίας.
2649 4012 2758 4064 Καὶ
2782 4011 2978 4080 ὥσπερ
3005 4011 3098 4064 ἐπὶ
3121 4011 3416 4082 θαλάττης,
3451 4013 3680 4066 ἐπειδὰν
3708 4013 3812 4064 των

2225 4109 2504 4176 σφετέρων
2537 4103 2793 4174 ἀγκυρῶν
2821 4103 3213 4172 ὀρφανισθείσα
3243 4105 3376 4168 ναῦς
3417 4107 3640 4174 ἐξωσθῇ
3675 4107 3810 4172 πρνς

2223 4201 2285 4251 τὸ
2320 4199 2578 4266 πέλαγος.
2643 4195 2844 4265 μυρίας
2906 4195 2998 4247 καιὶ
3047 4197 3431 4266 ἀτεκμάρτως
3495 4197 3686 4251 ἀντλεῖ
3715 4195 3810 4257 τὰς

2225 4292 2432 4352 πλάνας
2485 4289 2581 4342 ml.
2623 4287 2749 4350 τοὺς
2808 4285 3087 4349 κινδύνους
3117 4302 3129 4316 ·
3163 4286 3305 4340 οὕτω
3359 4289 3662 4342 κάνταῦθα
3696 4289 3812 4348 ἐνὸς

2224 4383 2430 4436 ἀτόπου
2460 4382 2733 4440 δοθέντος,
2759 4379 2928 4449 μυρία
2957 4381 3024 4431 τά
3049 4378 3225 4430 ἄτοπα
3255 4381 3638 4449 ἠκολούθησε,
3673 4377 3820 4448 πρῶο

2228 4490 2318 4524 τον
2373 4474 2469 4541 μὲν
2520 4475 2552 4540 ἡ
2591 4473 2698 4526 τῶν
2731 4473 3004 4540 μεγίστων
3037 4471 3100 4523 ἐκ
3134 4471 3369 4525 παλαιοῦ
3410 4473 3515 4525 καὶ
3569 4471 3822 4540 περιϐλέ-

570 4587 764 4628 narum
801 4579 855 4623 ct
889 4565 1326 4636 pavimentorum
1362 4561 1592 4629 pulchra
1621 4567 1676 4611 et
1703 4554 1950 4610 miranda
1985 4566 2114 4603 mar-

2236 4581 2383 4616 πτων
2412 4563 2688 4614 παλατίων
2719 4563 2814 4616 καὶ
2853 4563 2968 4614 ὅσοι
3022 4562 3128 4614 τῶν
3159 4563 3372 4622 τούτοις
3407 4539 3819 4632 παραπθξησίιυς

3628 4598 3818 4630 ιιιιυνιυ’

571 4679 720 4720 mora
758 4659 971 4714 vendita
1011 4665 1065 4709 et
1105 4653 1368 4707 continuo
1414 4652 1477 4703 ad
1503 4649 1818 4704 Galatarum
1842 4642 2124 4698 castellum

573 4759 974 4822 t.ran5p0rtala,
1013 4749 1196 4815 itaque
1239 4745 1346 4797 huc
1392 4743 1521 4794 illuc
1555 4739 1736 4791 omnia
1807 4741 2126 4788 ornamenta

577 4846 756 4900 delata
791 4849 952 4904 sunt,
987 4853 1040 4893 et
1075 4839 1178 4891 alia
1223 4851 1342 4904 qua:
1389 4831 1573 4887 dei-ori
1619 4838 1776 4883 erant
1826 4826 1958 4879 huic
2007 4823 2130 4875 urbi

575 4935 928 5005 amplissimae
977 4941 1032 4985 et
1083 4937 1304 4999 propter
1353 4923 1700 4994 splendorem
1745 4919 1990 4972 omnium
2038 4929 2134 4968 ore

577 5029 876 5081 celebrata.
923 5023 1164 5090 Denique
1199 5019 1341 5072 idem
1379 5015 1580 5068 accidit
1623 5009 1792 5064 sacris
1833 5020 1889 5061 et
1930 5007 2136 5059 divinis

579 5119 833 5187 templis,
879 5131 998 5184 qua:
1047 5113 1216 5166 multo
1267 5109 1528 5178 majorem
1571 5119 1733 5172 quam
1779 5099 2134 5152 aedificiorum

577 5211 798 5264 illorum
861 5204 1264 5276 magniﬁcentia
1325 5199 1447 5252 urbi
1507 5195 1857 5263 praebuerant
1911 5189 2140 5243 claritu-

577 5301 785 5355 dinem.

645 5479 787 5531 XIII.
845 5475 1028 5531 Primo
1087 5485 1212 5525 vere
1263 5465 1632 5523 Triballorum
1687 5464 1944 5532 princeps
2003 5462 2143 5517 obiit

575 5573 759 5625 Crales
792 5567 1017 5622 Serbian.
1045 5563 1201 5619 Unde
1233 5577 1320 5616 res
1351 5559 1508 5630 557
1545 5557 1896 5612 tumultuosae
1933 5565 1990 5609 et
2023 5565 2141 5609 tur-

578 5661 726 5714 bida:
759 5669 892 5714 ortae
943 5665 1073 5709 sunt
1118 5652 1334 5721 imperii
1386 5649 1714 5714 successori,
1753 5663 1862 5702 non
1897 5647 2072 5700 solum
2113 5662 2144 5701 a

580 5752 880 5821 provincia
897 5747 1176 5818 praefectis
1207 5757 1262 5800 et
1293 5743 1632 5808 civitatibus,
1671 5741 1764 5796 sed
1795 5742 1959 5794 etiam
1994 5740 2140 5809 quod

586 5842 944 5904 Nicephorus,
977 5839 1191 5894 comitis
1228 5837 1576 5906 Ceplialeniae
1611 5836 1773 5902 tilius,
1795 5850 1958 5903 quem
1981 5850 2146 5904 supra

2235 4653 2457 4718 ἐνδόξων
2513 4653 2674 4704 οίκων
2729 4653 3066 4723 καθαίρεσις,
3125 4655 3217 4706 καὶ
3245 4655 3361 4718 ἅμα
3402 4657 3438 4725 ἡ
3479 4657 3594 4710 τῶν
3626 4653 3819 4708 κιόνων

2233 4745 2328 4797 καὶ
2353 4745 2459 4795 τῶν
2488 4743 2756 4795 ἐπιπέδων
2784 4744 2875 4796 καὶ
2903 4745 3163 4798 ποικίλων
3189 4745 3279 4798 καὶ
3306 4744 3654 4816 θαυμασίων
3683 4763 3822 4816 μαρο

2239 4835 2424 4904 μάρων
2455 4836 2920 4904 πιπρασκομένων
2943 4833 3197 4903 διηνεκὴς
3227 4835 3366 4904 πρὸς
3395 4837 3463 4889 τὸ
3497 4839 3823 4890 Γαλατώνυ-

2239 4945 2337 4996 μον
2371 4928 2626 4996 φρούριον
2657 4929 2948 4996 ἀπαγωγὴ,
2981 4927 3128 4997 καὶὴ
3160 4931 3260 4994 τῆς
3293 4931 3562 4982 ἐντεῦθεν
3603 4929 3822 5000 χάριτος

2238 5022 2416 5071 ἐκεῖσε
2453 5021 2765 5086 μετάθεσις,
2801 5022 2894 5074 ml.
2921 5023 3020 5072 ὅσα
3051 5022 3255 5089 κόσμον
3283 5025 3528 5092 παρεῖχε
3557 5003 3642 5094 τῇ
3675 5025 3824 5091 μεγὶ-

2241 5123 2342 5179 στῃ
2364 5109 2534 5179 ταύτῃ
2561 5109 2666 5161 τῶν
2701 5109 2908 5162 πόλεων
2942 5111 3036 5162 ml.
3065 5111 3396 5178 περιϐόητον
3427 5117 3536 5181 τὴν
3573 5111 3824 5180 λαμπρὸ-

2239 5217 2378 5268 τητα
2399 5218 2410 5230 ·
2438 5197 2554 5251 εἶτα
2579 5201 2686 5254 τῶν
2717 5199 2879 5268 ιερῶν
2909 5201 3001 5252 καὶ
3033 5200 3192 5252 θείων
3223 5199 3360 5252 νεῶν
3409 5204 3615 5256 ὁπόσοι
3645 5206 3827 5272 μεῖξον

2243 5291 2422 5360 πολλῴ
2446 5293 2541 5361 τῆς
2573 5292 2681 5344 τῶν
2707 5291 2870 5345 οῐκων
2903 5291 3128 5346 ἐκείνων
3157 5293 3536 5363 περιφανείας
3565 5297 3826 5364 παρεῖχον

2243 5385 2310 5452 τῇ
2351 5383 2503 5434 πόλει
2544 5384 2604 5436 τὸ
2632 5385 2807 5446 κλέος.

2315 5471 2414 5526 1Γ’.
2454 5469 2560 5524 Τοῦ
2595 5470 2640 5523 δ’
2671 5467 2804 5542 ἦρος
2836 5473 3142 5543 ἀρχομένου
3167 5475 3194 5526 ὁ
3222 5473 3327 5527 τῶν
3355 5473 3700 5543 Τριϐαλλῶν
3727 5475 3828 5540 ἀρ-

2247 5563 2413 5632 χηγὸς
2439 5563 2718 5631 ἐτεθνήκει
2755 5563 2980 5633 Κράλης
3015 5565 3264 5634 Σερϐίας,
3297 5565 3402 5616 καὶ
3437 5565 3680 5636 θόρυϐον
3709 5566 3828 5634 ἔσχε

2248 5657 2346 5708 ml.
2373 5655 2542 5722 ζάλην
2573 5653 2822 5706 ἐντεῦθεν
2853 5657 2970 5707 ἐκεῖ
2997 5657 3066 5708 τὰ
3098 5657 3415 5726 πράγματα
3451 5659 3536 5728 τῷ
3583 5659 3691 5726 νέῳ
3735 5658 3828 5720 τῆς

2248 5744 2418 5812 ἀρκῆς
2450 5743 2699 5812 διαδάκφν
2724 5744 2784 5795 οὐ
2831 5745 2990 5812 μόνον
3021 5745 3085 5796 ἐκ
3119 5745 3228 5797 τῶν
3251 5743 3354 5810 τῆς
3385 5745 3588 5815 χώρας
3617 5749 3742 5798 ἐπιτ

2251 5853 2368 5890 πων
2407 5835 2572 5888 αὐτοῦ
2607 5836 2702 5887 καὶ
2743 5835 2850 5888 τῶν
2881 5836 3110 5902 πόλεων,
3145 5837 3280 5889 ἀλλὰ
3311 5841 3416 5889 καὶ
3447 5840 3772 5908 Νικηφόρος
3807 5839 3830 5887 ὁ
