4134 6286
441 411 548 475 49Ἱ

1426 406 1869 469 ΒΥΖΑΝΤίΝίΕ
1906 405 2289 487 ΙΙΙΞἸὋΒΗΕ
2330 406 2469 465 LIB.
2516 404 2814 463 XXXVII.

3574 401 3682 470 494

442 521 631 572 κόντου
667 518 1049 589 Κεφαλληνίας
1084 517 1219 581 υίὸς,
1274 516 1333 570 ὃν
1363 519 1389 571 ό
1422 518 1580 587 λόγος
1623 519 1736 574 ἄνω
1767 533 1869 570 που
1923 516 2007 570 δέ·

2114 515 2221 569 dixi
2246 517 2502 570 maritum
2526 516 2733 570 sororis
2762 513 3093 568 etcomitein
3136 508 3506 567 Cantacuzeni
3545 510 3681 586 imp.

439 610 584 679 δειχε
609 610 861 678 γαμϐρὸν
885 610 976 663 ἐπὶ
1009 607 1241 677 θυγατρὶ
1276 610 1622 664 καταστάντα
1651 609 1746 662 καὶ
1779 624 2002 677 συμπα-

445 700 828 771 ρομαρτοῦντα
847 700 924 772 τῷ
956 701 1169 771 βασιλεῖ
1192 686 1636 771 Καντακουζηνῷ
1681 700 1814 770 πρὶν
1843 699 1876 768 ἢ
1910 699 2005 769 βα-

443 793 649 858 σιλείας
669 792 995 865 δράξασθαι,
1025 794 1260 866 ἔδραμεν
1289 795 1453 861 εὐθὺς
1490 794 1628 865 πρὸς
1666 792 2003 863 Ἀκαρνᾶνας

440 887 537 943 καὶ
570 886 845 950 Αίτωλούς
869 903 882 918 ·
913 888 1007 941 καὶ
1050 888 1428 958 συλλήπτορας
1460 885 1701 958 εἰληφὼς
1734 884 2000 946 ἐκείνους,

443 980 539 1033 καὶ
560 979 678 1048 ἅμα
714 978 807 1030 τδν
836 977 1145 1046 τηνικαῦτα
1172 978 1280 1031 τῶν
1307 980 1425 1031 ἐκεῖ
1462 977 1655 1048 χωρῶν
1684 992 1743 1029 τε
1787 975 1881 1027 καὶ
1907 975 2006 1027 πό-

442 1070 577 1123 λεων
603 1069 844 1137 ἀρχηγὸν
871 1068 1090 1136 Σίμωνα
1131 1069 1223 1123 τὸν
1246 1068 1331 1122 ὶπ⁹
1368 1067 1572 1137 ἀδελφῇ
1607 1068 1704 1135 μὲν
1732 1064 2005 1135 γαμϐρὸν,

442 1161 557 1212 υίιν
611 1160 667 1211 δὲ
702 1160 795 1212 τοῦ
848 1159 1174 1227 τεθνηκότος
1234 1158 1425 1229 Κράλη
1470 1158 1722 1229 Σερϐίας,
1780 1158 2008 1211 ἐπέθετο

438 1251 557 1311 ταῖς
590 1249 715 1319 ἄχρι
735 1249 848 1303 τόθ’
876 1250 1139 1319 ὑπηκόοις
1161 1248 1239 1319 τῷ
1267 1249 1461 1321 Κρὰλῃ
1502 1249 1695 1302 πόλεσι
1741 1248 1836 1318 τῆς
1869 1248 2006 1302 Θετ-

440 1338 649 1399 ταλίας,
682 1339 1163 1407 προσκαλουμένας
1203 1341 1303 1409 μὲν
1348 1340 1511 1393 αὐτὸν
1542 1342 1606 1392 ἐκ
1638 1339 1864 1405 πολλοῦ,
1907 1339 2005 1393 νῦν

439 1428 497 1481 δὲ
552 1429 648 1483 καὶ
700 1430 1127 1500 προσχωρούσας
1196 1431 1399 1484 ἑκοντί.
1456 1432 1566 1485 Καὶ
1610 1432 2003 1502 παρεστήσατο

2109 614 2401 677 antequam
2433 607 2523 663 hic
2552 621 2723 677 regno
2754 606 2962 675 potitus
2994 613 3112 659 erat
3134 644 3148 668 ,
3177 603 3247 657 ad
3278 607 3596 658 Acarnanes
3627 613 3684 659 et

2108 698 2320 755 Etolos
2361 715 2483 755 sese
2531 698 2789 765 contulit,
2812 712 3017 767 eosque
3067 695 3247 751 socios
3299 695 3403 751 sibi
3433 694 3683 764 adjunxit

2109 804 2328 858 unaque
2358 788 2633 844 Simonem
2676 788 2770 857 qui
2796 802 2863 841 eo
2893 796 3140 856 tempore
3182 786 3401 841 illorum
3435 782 3681 838 vicorum

2104 889 2161 935 et
2191 880 2411 933 urbium
2447 880 2740 948 praefectus
2773 888 2927 941 erat,
2965 878 3033 932 ab
3066 891 3257 933 sorore
3295 889 3583 947 generum,
3630 882 3686 927 ct

2104 972 2278 1026 ﬁlium
2308 971 2482 1026 Cralis
2506 970 2733 1027 Serbim.
2758 971 2852 1026 Ille
2885 970 3049 1040 igitur
3083 971 3404 1039 praepositus
3426 977 3511 1021 cst
3539 966 3686 1020 urbi—

2106 1063 2212 1117 bus
2245 1062 2543 1118 Thessalia
2572 1077 2694 1131 qua:
2738 1066 2972 1115 antehac
3006 1059 3271 1129 subjecta
3299 1068 3457 1114 erant
3494 1055 3638 1111 Crali
3667 1092 3682 1114 .

2105 1167 2334 1224 quaeque
2362 1166 2487 1206 eum
2507 1151 2618 1221 jam
2643 1150 2815 1205 multo
2861 1159 2987 1204 ante
3018 1151 3439 1212 arcessiverant,
3470 1154 3525 1199 et
3556 1152 3687 1199 tunc

2107 1246 2256 1299 ultro
2312 1242 2369 1296 in
2418 1242 2538 1312 ejus
2587 1248 2913 1309 potestatem
2952 1253 3011 1293 se
3055 1237 3446 1307 permiserunt.
3496 1234 3684 1303 Itaque

2108 1350 2218 1391 non
2250 1346 2472 1402 parvam
2500 1331 2590 1385 ille
2613 1337 2942 1399 potestatem
2970 1328 3200 1396 recepit,
3229 1324 3535 1396 praesertim
3557 1340 3684 1382 cum

2105 1426 2241 1483 socii
2278 1441 2337 1481 se
2365 1425 2727 1494 adiungerent
2758 1422 2977 1479 ﬁnitimi
3013 1422 3210 1478 Albani
3238 1430 3294 1477 et
3331 1420 3522 1491 Illyrii.

440 1518 628 1571 τοῦτον
658 1519 748 1571 τὸν
772 1523 974 1588 τρόπον
1004 1523 1105 1576 οὐκ
1129 1524 1320 1594 ὀλίγην
1349 1524 1544 1594 ἀρχὴν,
1580 1521 2080 1595 προσερρυηκότων
2107 1519 2245 1583 τέως
2307 1518 2369 1589 [ί.
2401 1518 2502 1571 271
2568 1516 2619 1587 b]
2648 1521 2729 1583 είς
2794 1520 3115 1591 συμμαχίαν
3144 1520 3241 1575 καὶ
3268 1521 3379 1574 τῶν
3425 1517 3683 1587 γειτόνων

440 1611 627 1673 αὐταῖς
671 1610 946 1666 ’Δλϐανῶν
982 1617 1073 1665 καὶ
1117 1615 1414 1695 Ἰλλυριῶν.

510 1704 606 1756 IA'.
642 1703 795 1757 Κατὰ
828 1704 881 1757 δὲ
907 1704 1090 1758 τοῦτον
1113 1706 1202 1759 τὸν
1232 1709 1422 1775 χρόνον
1442 1701 1577 1779 ἧκεν
1606 1708 1670 1759 ὲκ
1696 1705 1898 1760 Μυσῶν
1919 1702 1999 1775 τῷ

2171 1694 2310 1750 XIV.
2336 1694 2450 1750 Hoc
2479 1696 2598 1764 ipso
2629 1709 2761 1750 vero
2793 1704 3041 1766 tempore
3070 1712 3103 1752 e
3124 1696 3290 1767 Mysia
3320 1697 3511 1767 juveni
3547 1698 3680 1766 imp.

441 1796 546 1863 νέῳ
579 1794 792 1864 βασιλεῖ
828 1794 1173 1865 Ἀνδρονίκῳ,
1204 1797 1283 1867 τῷ
1310 1797 1406 1851 τοῦ
1441 1797 1706 1867 βασιλέως
1750 1796 2000 1851 Ἰωάννου

2114 1786 2438 1850 Andronico,
2459 1786 2593 1855 imp.
2627 1786 2856 1841 Joannis
2884 1787 3172 1857 Palmologi
3198 1787 3331 1851 lilio,
3359 1800 3558 1855 sponsa
3591 1804 3683 1841 vc-

442 1885 537 1938 τοῦ
589 1885 950 1954 Παλαιολόγου
1011 1888 1183 1951 παιδὶ,
1206 1888 1405 1957 ,νύμφη
1440 1888 1625 1958 Μαρία
1656 1889 1690 1956 ὴ
1732 1886 1825 1940 τοῦ
1858 1887 2008 1956 βασι-

2114 1878 2194 1931 nit
2223 1877 2412 1943 Maria,
2444 1878 2587 1947 regis
2631 1878 2905 1948 Mysorum
2935 1879 3226 1937 Alexandri
3256 1880 3387 1943 lilia,
3415 1895 3536 1951 quae
3558 1895 3683 1936 cum

442 1977 581 2039 λέως
608 1976 809 2029 Μυσῶν
854 1974 1208 2047 Ἀλεξάνδρου
1237 1977 1505 2049 θυγάτηρ,
1537 1979 1631 2031 τὸν
1663 1978 1852 2032 ἔνατον
1883 1977 2007 2047 άρτι

442 2067 538 2134 τῆς
567 2066 779 2136 ήλικίας
820 2067 1105 2136 ἀμείϐοντι
1149 2070 1341 2139 χρόνον
1368 2069 1565 2139 ὁμῆλιξ
1589 2066 1723 2122 οὖσα
1751 2071 1843 2123 καὶ
1867 2067 2005 2135 αὕτη

445 2160 651 2227 εχεδόν.
688 2160 885 2217 Εἵπετο
914 2160 957 2211 δ’
985 2162 1196 2214 ἐκεῖθεν
1233 2162 1394 2225 εὐθὺς
1439 2163 1534 2216 καὶ
1583 2162 1787 2230 Εἰρήνη
1835 2161 1867 2228 ἡ
1913 2158 2008 2213 τοῦ

445 2234 713 2317 βασιλέως
748 2247 918 2305 αὐτοῦ
952 2249 1201 2303 Ἰωάννου
1245 2250 1340 2304 τοῦ
1376 2249 1745 2314 Παλαιολόγου
1782 2247 2005 2316 ἀδελφὴ,

446 2339 614 2394 πάλαι
641 2339 736 2408 μὲν
759 2338 947 2410 νύμφη
979 2338 1292 2408 πεμφθεῖσα
1327 2339 1409 2409 τῷ
1437 2341 1532 2395 τοῦ
1566 2340 1824 2410 ῥηθέντος
1861 2338 2011 2394 ’Δλεο

448 2428 672 2497 ξάνδρου
726 2427 897 2490 παιδὶ,
959 2426 1272 2499 χηρεύσασα
1332 2427 1391 2483 δὲ
1454 2429 1594 2499 μετὰ
1646 2428 2010 2498 παραδρομὴν

444 2520 703 2572 ἐνιαυτῶν
732 2520 900 2582 ἄπαις
923 2534 937 2551 ο
972 2519 1006 2591 ἢ
1032 2520 1098 2589 δὴ
1127 2519 1221 2574 καὶ
1248 2520 1435 2589 διῆγεν
1464 2522 1581 2576 ἐκεῖ
1610 2520 1703 2572 τὸν
1741 2519 1855 2589 βίον
1882 2519 2011 2586 ἑξῆς

445 2610 571 2678 ἄχρι
599 2611 693 2663 καὶ
710 2611 971 2682 τήμερον.
999 2612 1149 2674 Ἐνὺς
1178 2612 1276 2682 μὲν
1301 2608 1395 2665 οὖν
1424 2607 1563 2683 ἦσαν
1586 2613 1757 2665 τέκνα
1778 2612 2006 2681 πατρὸς,

458 2701 807 2771 Ἀλεξάνδρου
850 2700 1051 2771 δηλαδὴ
1080 2701 1172 2755 τοῦ
1205 2702 1314 2754 τῶν
1340 2700 1863 2769 Μυσῶν-βασιλέως,
1892 2700 1920 2752 ὅ
1949 2716 2008 2752 τε

446 2792 699 2856 συζυγεὶς
718 2792 855 2861 αὐτῇ
884 2791 1148 2861 πρότερον
1182 2791 1338 2860 καὶὴ
1377 2794 1473 2845 νῦν
1522 2792 1733 2844 ἐκεῖθεν
1779 2788 2010 2844 ἐλθοῦσα

444 2882 632 2950 νύμφη
664 2882 741 2951 τῷ
770 2880 1034 2951 ἀδελφιδῷ
1082 2883 1254 2951 αὐτῆς
1296 2883 1620 2954 Ἀνδρονίκῳ
1643 2920 1658 2944 ,
1694 2883 1919 2951 μητρῶν
1954 2882 2010 2935 δὲ

445 2975 618 3026 δυοῖν·
673 2972 852 3037 ζῶσαν
891 2974 998 3041 γὰρ
1047 2975 1146 3042 τὴν
1196 2974 1470 3045 προτέραν
1516 2972 1723 3037 ἐξώσας
1776 2973 2009 3037 σύζυγον

457 3065 807 3133 Ἀλέξανδρος
842 3066 1237 3134 ἁντεισὴγαγεν
1289 3066 1457 3135 ἄλλην
1486 3065 1543 3131 ἐξ
1583 3064 1867 3130 Ἰουδαίων,
1886 3064 2010 3134 ἄρτι

449 3154 814 3226 προσαγαγὼν
844 3156 922 3225 τῷ
955 3156 1086 3227 θείῳ
1104 3157 1308 3227 ταύτην
1336 3156 1496 3219 αὐτὸς
1524 3157 1884 3227 βαπτίσματι,
1917 3156 2010 3209 τοῦ

445 3247 675 3309 κάλλους
703 3248 891 3315 αὐτῆς,
921 3248 995 3312 ὠς
1024 3249 1208 3317 φασιν,
1237 3250 1511 3318 ἐρασθείς.

516 3340 598 3391 1Ε¹
630 3339 735 3389 Καὶ
782 3338 956 3391 ταῦτα
1015 3340 1112 3407 μὲν
1139 3339 1329 3393 τοῦτον
1371 3339 1497 3409 ἔσχε
1529 3341 1620 3394 τὸν
1661 3342 1888 3410 τρόπον,
1921 3341 2013 3392 καὶ

444 3430 506 3482 τὸ
532 3430 633 3498 έαρ
666 3430 723 3481 ἐν
754 3428 965 3491 τούτοις
1003 3428 1258 3483 ἐτελεύτα
1278 3445 1292 3459 ·
1324 3429 1417 3483 τοῦ
1462 3431 1520 3485 δὲ
1548 3429 1737 3502 θέρους
1773 3432 2005 3502 ἀρχομέ-

445 3537 537 3575 νου
582 3516 992 3570 συνεπεπτώκει
1030 3518 1139 3570 τῶν
1190 3518 1349 3573 υἱέων
1374 3517 1472 3570 ἕνα
1510 3518 1603 3571 τοῦ
1640 3519 1730 3588 τῆς
1763 3518 2014 3579 Βιθυνίας

448 3611 728 3680 σατράπου
778 3608 1049 3678 Ὑρκανοῦ
1078 3611 1367 3677 πειραταῖς
1414 3609 1640 3673 ἁλῶναι,
1671 3609 1888 3679 συμϐάν
1923 3609 2015 3660 οὐ·

450 3705 604 3765 τωσὶ,
642 3701 967 3770 προσδοκίας
1005 3700 1222 3769 ἀπάσης
1253 3701 1531 3766 ἐπέκεινα,
1557 3699 1732 3770 οίμαι,
1764 3698 1858 3752 τοῦ
1878 3698 2013 3752 θεοῦ

450 3792 967 3863 συγκεχωρηκότος,
1022 3790 1111 3844 ἴνα
1161 3791 1357 3860 μικρόν
1416 3808 1467 3845 τι
1531 3789 2015 3844 ἀναπεπνευκέναι

460 3887 748 3954 Ῥωμαίοις
798 3884 1107 3952 ἐγγένηται,
1164 3882 1260 3933 καὶ
1325 3881 1401 3951 μὴ
1464 3883 1529 3950 τῇ
1576 3881 1687 3933 τῶν
1737 3878 2016 3934 πολυετῶν

449 3978 634 4031 κακῶν
689 3974 1054 4044 ἀπειρηκέναι
1101 3971 1372 4042 συνεχείᾳ..
1407 3972 1601 4039 Γέγονε
1654 3972 1712 4025 δὲ
1763 3970 2013 4023 οὐτωσίν.

453 4070 608 4120 Ἔστι
636 4066 773 4133 μετὰ
805 4065 895 4118 τὸν
925 4062 1176 4127 Εὐξείνου
1208 4064 1403 4116 πόντου
1430 4061 1632 4130 αὐχένα
1663 4060 1905 4115 θάλασσά
1931 4076 2015 4121 τις

455 4156 699 4226 βραχεῖα,
741 4154 960 4222 μέτριον
995 4153 1192 4220 ἔχουσα
1233 4150 1294 4202 τό
1337 4167 1396 4202 τε
1440 4150 1612 4219 μῆκος
1654 4148 2012 4213 καὶλπλάτος,

454 4242 569 4302 καὶ,
586 4234 697 4293 οἷον
718 4242 887 4291 εἰπεῖν
910 4238 1154 4304 ἐκατέρῳ
1170 4237 1430 4304 ἑκάτερον
1457 4234 1829 4303 ἰσομέτρητον,
1852 4234 2016 4302 μήκει

453 4334 653 4394 πλάτος
680 4330 774 4384 καὶ
802 4330 991 4382 πλάτει
1030 4330 1227 4396 μῆκος.
1248 4326 1465 4398 Ὶάύτης
1495 4324 1643 4395 παρὰ
1671 4326 1738 4380 τὰ
1761 4324 2015 4393 εὐώνυμα

454 4426 547 4477 καὶ⁵
577 4423 712 4494 πρὸς
740 4422 814 4475 ἔω
848 4419 909 4491 [ι.
936 4420 1040 4474 27:).
1075 4416 1133 4489 a]
1162 4419 1374 4489 πλευρὰ
1405 4419 1593 4472 κατιὸν
1635 4420 1699 4471 ὲκ
1738 4417 1842 4487 γῆς
1892 4417 2014 4469 ἐπί-

451 4529 626 4582 μηκες
651 4512 992 4581 ἀκρωτήριον
1026 4510 1181 4566 δίεισι
1214 4510 1374 4579 μέχρι
1404 4510 1574 4579 μέσης
1605 4510 1788 4580 σχεδὸν
1819 4510 2011 4579 αὐτῆς,
2046 4542 2090 4599 D

447 4602 640 4672 ὥσπερ
661 4603 738 4664 είς
765 4618 888 4655 τινα
923 4600 1087 4669 σκέλη
1116 4600 1210 4652 δύο
1250 4600 1468 4669 μερίζον
1499 4600 1565 4671 ἢν
1592 4604 1781 4670 τέμνει
1811 4600 2014 4656 θάλασ-

451 4708 551 4744 σαν
603 4692 699 4743 καὶ
752 4688 996 4759 διαιροῦν
1044 4688 1129 4756 ἐφ’
1169 4690 1427 4759 ἑκάτερα,
1462 4690 1557 4744 καὶ⁴
1597 4690 1883 4758 γινόμενον
1917 4691 2016 4759 μὲν

448 4784 581 4834 αὐτὸ
634 4781 888 4851 καθάπερ
939 4781 1130 4849 ίσθμὸς
1177 4781 1303 4842 τοὺς
1349 4782 1691 4851 ἑκατέρωθεν
1741 4782 2016 4843 κλύδωνας

450 4873 759 4927 ἀνακύπτον
790 4872 884 4925 καὶ
911 4871 1129 4940 θραῦον,
1152 4870 1336 4925 ποιοῦν
1373 4872 1417 4923 δ’
1440 4874 1622 4927 ἐκεῖνα
1643 4871 1894 4942 καθάπερ
1924 4872 2015 4926 δύο

452 4966 755 5034 πορθμοὺς,
809 4964 903 5016 καὶ
962 4963 1059 5032 τὴν
1105 4963 1275 5029 αὐτὴν
1334 4964 1674 5032 ἑκατέρωθεν
1705 4967 1808 5017 ἀνὰ
1851 4965 2013 5033 μέρος

452 5061 656 5127 ἀμφοῖν
680 5058 908 5118 ἐκείνοις
930 5056 986 5107 ὲν
1013 5055 1191 5122 ταυτῴ
1221 5056 1600 5125 παρεχόμενον
1622 5059 1811 5125 χρείαν
1834 5075 1847 5087 -
1871 5057 2014 5123 άπερ

453 5154 563 5213 τοῖς
594 5150 878 5218 ἐγχωρίοις
922 5148 1113 5199 κόλποι
1137 5146 1287 5199 δυσὶν
1339 5148 1601 5216 ὀνόμασιν
1627 5148 1903 5216 διαφόροις
1936 5152 2013 5209 εἰς

454 5241 784 5294 εὐσύνοπτον
834 5238 1049 5293 σύνεσιν
1104 5241 1214 5300 τοῖς
1256 5238 1549 5292 ἁκούουσιν
1578 5236 1952 5307 ὀνομάζονται,
1987 5241 2013 5289 ὁ

458 5332 555 5400 μὲν
608 5329 920 5392 Δασκέλιος,
971 5332 998 5380 ὁ
1046 5328 1092 5380 δ’
1135 5329 1488 5397 Ἀστακηνός.
1531 5330 1604 5380 Τὸ
1650 5330 1713 5400 δὴ
1776 5329 2012 5382 το;οὖτον

459 5425 625 5492 μέρος
680 5423 776 5490 τῆς
830 5420 1081 5482 Βιθυνίας
1134 5422 1214 5482 εἰς
1267 5420 1466 5490 κλῆρον
1513 5422 1651 5490 πρὸς
1684 5420 1777 5475 τοῦ
1812 5422 2014 5490 πατρὸς

467 5513 735 5582 Ὑρκανοῦ
772 5510 947 5563 λαϐὼν
979 5513 1007 5563 ὁ
1055 5511 1191 5579 μετὰ
1221 5511 1309 5563 τὸν
1341 5512 1713 5583 πρεσϐύτερον
1744 5512 1864 5565 καθ’
1897 5514 2014 5575 ἡλι-

461 5605 583 5657 κίαν
608 5602 786 5669 τρίτος
810 5602 914 5653 τῶν
935 5600 1139 5652 παίδων
1161 5600 1252 5653 νῦν
1272 5602 1369 5669 μὲν
1390 5602 1661 5670 θαλάσσης
1688 5604 1877 5674 πόρρω
1910 5621 2011 5655 που

454 5700 552 5756 τὰς
603 5694 881 5763 διατριϐὰς
930 5694 1179 5751 ἐποιεῖτο,
1210 5691 1302 5743 νῦν
1334 5692 1376 5743 δ’
1406 5695 1686 5763 ἐγγυτέρω
1715 5696 1836 5748 κατ’
1868 5696 2015 5760 ἐξου-

457 5785 581 5836 σίαν
610 5784 921 5853 αὐτόνομον.
950 5784 1060 5847 Τὰς
1094 5783 1219 5849 γοῦν
1247 5782 1460 5853 θερινάς
1491 5786 1702 5849 ἐκείνας
1737 5787 1830 5840 τοῦ
1862 5789 2008 5859 ήλίου

2110 1969 2204 2025 illo
2250 1970 2341 2037 qui
2398 1979 2508 2023 tum
2564 1984 2770 2025 nonum
2835 1971 2951 2025 fere
2999 1974 3172 2026 artatis
3221 1989 3425 2026 annum
3488 1972 3683 2041 attige-

2115 2068 2221 2123 rat,
2296 2060 2543 2114 eamdem
2592 2060 2704 2115 fere
2766 2071 2980 2115 aetatem
3030 2062 3251 2132 agebat.
3324 2062 3519 2117 Statim
3586 2079 3685 2115 au-

2110 2157 2219 2203 tem
2270 2149 2397 2203 inde
2446 2161 2632 2204 secuta
2681 2160 2763 2205 est
2812 2150 2966 2205 lrene
3019 2152 3155 2221 imp.
3198 2152 3425 2207 Joannis
3478 2152 3686 2209 Palam-

2112 2239 2223 2309 logi
2253 2256 2433 2299 soror.
2467 2241 2598 2293 olim
2633 2241 2932 2298 Alexandri
2978 2242 3127 2297 illius
3159 2242 3271 2297 [ilio
3323 2254 3493 2311 nupta
3516 2280 3531 2305 ,
3569 2252 3682 2297 tum

2111 2343 2242 2383 vero
2274 2339 2395 2397 post
2421 2343 2690 2384 annorum
2716 2333 2955 2401 spatium
2984 2333 3148 2387 vidua
3179 2333 3298 2388 siue
3330 2333 3540 2398 liberis,
3564 2350 3686 2402 quae

2110 2420 2276 2474 vitam
2314 2436 2468 2473 suam
2504 2420 2579 2474 ibi
2625 2421 2777 2491 degit
2805 2429 2869 2475 ad
2914 2422 3060 2476 hunc
3091 2423 3259 2479 diem.
3290 2423 3550 2495 Ejusdem
3583 2441 3687 2482 au-

2112 2514 2219 2559 tem
2268 2506 2442 2575 patris
2475 2506 2639 2577 558
2671 2519 2827 2564 erant
2878 2510 3040 2564 liberi
3080 2512 3375 2566 Alexandri
3407 2512 3683 2581 Mysorum

2110 2597 2274 2667 regis,
2302 2612 2333 2653 e
2356 2599 2558 2667 quibus
2582 2612 2693 2653 tum
2719 2617 2917 2671 sponsa
2948 2605 3136 2658 lratris
3167 2606 3312 2661 illius
3338 2606 3447 2659 lilio
3478 2608 3689 2659 Andro-

2110 2693 2235 2741 nico
2261 2698 2502 2742 venerat.
2528 2690 2693 2744 Erant
2710 2704 2887 2744 autem
2912 2707 2941 2745 a
2966 2692 3180 2747 duabus
3199 2694 3465 2752 matribus
3491 2712 3504 2748 :
3533 2695 3689 2764 prio.

2112 2791 2226 2831 rem
2285 2779 2430 2833 enim
2497 2793 2719 2832 uxorem
2780 2795 2904 2835 cum
2953 2782 3295 2849 rrpudiasset
3347 2783 3685 2844 Alexander.

2109 2865 2430 2935 adjunxerat
2457 2867 2561 2922 sibi
2594 2869 2834 2925 Judaeam
2882 2872 3187 2938 mulierem,
3220 2872 3304 2925 cui
3355 2871 3687 2941 baptismum

2115 2957 2488 3013 administrari
2539 2961 2753 3014 curavit
2783 2971 2839 3015 et
2872 2962 3062 3033 cujus,
3113 2973 3167 3015 ut
3201 2964 3417 3029 dicunt,
3443 2961 3688 3033 pulchri.

2115 3050 2302 3104 tudine
2330 3054 2585 3106 incensus
2626 3060 2822 3108 luerat.

2186 3313 2299 3368 XV.
2329 3312 2455 3367 Haec
2487 3314 2652 3382 igitur
2693 3330 2758 3369 eo
2789 3322 3035 3384 tempore
3080 3326 3205 3375 acta
3238 3325 3364 3367 sunt
3416 3330 3587 3385 usque
3617 3315 3686 3375 ad

2115 3401 2260 3455 veris
2287 3402 2473 3455 tinem.
2513 3403 2673 3458 Initio
2716 3419 2847 3457 vero
2887 3405 3095 3458 asstatis
3133 3405 3338 3461 accidit
3373 3415 3433 3460 ut
3468 3422 3613 3460 unus
3654 3425 3687 3465 υ

2115 3493 2242 3548 ﬁliis
2277 3493 2510 3564 Ilyrcani
2542 3503 2774 3565 satrapae
2806 3496 3075 3567 Bithyniae
3100 3512 3127 3549 a
3158 3496 3349 3567 piratis
3375 3508 3678 3566 caperetur.

2115 3586 2270 3648 Quod
2303 3585 2562 3638 omnibus
2605 3585 2826 3654 quidem
2861 3602 2964 3641 nec
2994 3588 3232 3656 Opinatis
3276 3589 3518 3656 accidit;
3552 3589 3685 3645 mihi

2116 3690 2246 3729 vero
2273 3676 2573 3730 secundum
2593 3677 2686 3732 Dei
2716 3677 3155 3747 voluntatemgut
3186 3680 3382 3735 exinde
3409 3683 3687 3756 paulisper

2116 3769 2307 3821 saltem
2341 3770 2615 3839 respirare
2646 3779 2872 3840 possent
2919 3771 3187 3835 Romani,
3235 3787 3413 3840 neque
3462 3788 3687 3845 propter

2117 3857 2406 3913 diuturnas
2439 3862 2733 3912 multorum
2769 3876 3039 3914 annorum
3091 3865 3408 3919 vexationes
3436 3866 3681 3921 animum

2117 3949 2542 4019 desponderent.
2563 3949 2776 4005 Accidit
2814 3961 2995 4005 autem
3033 3953 3161 4007 illud
3210 3954 3681 4027 ita.Exstatjuxta

2115 4044 2349 4099 Pontum
2369 4041 2642 4097 Euxinum
2675 4043 2824 4099 lacus
2849 4044 3070 4113 quidam
3104 4057 3388 4116 angustus,
3421 4064 3531 4105 non
3567 4066 3681 4102 nia-

2117 4155 2222 4210 gna
2256 4139 2598 4210 longitudine
2636 4154 2737 4194 nec
2782 4140 3096 4206 latitudine,
3139 4156 3279 4210 pene
3321 4154 3380 4198 ut
3423 4160 3677 4198 mensura

2118 4248 2215 4301 par
2244 4232 2315 4285 sit
2342 4230 2708 4301 longitudinis
2740 4229 3042 4297 latitudini,
3071 4242 3125 4287 et
3163 4232 3472 4289 latitudinis
3509 4235 3679 4303 longi-

2121 4316 2316 4372 tudini.
2350 4315 2519 4385 Cujus
2552 4317 2619 4370 ab
2651 4318 2873 4372 sinistro
2904 4318 3076 4374 latere
3104 4336 3212 4389 quo
3240 4321 3304 4374 ad
3338 4322 3677 4376 occidentem

2117 4419 2326 4478 spectat
2354 4411 2789 4478 promontorium
2822 4410 3157 4481 prazlongum
3186 4429 3252 4467 ex
3286 4424 3429 4468 terra
3458 4431 3685 4486 procur-

2119 4498 2190 4550 rit
2221 4497 2273 4549 in
2327 4497 2502 4551 lacum
2554 4498 2667 4551 fere
2722 4514 2893 4567 usque
2935 4501 3209 4569 medium;
3246 4503 3317 4557 ita
3365 4515 3423 4557 ut
3467 4507 3518 4557 in
3573 4506 3684 4558 duo

2119 4588 2341 4643 brachia
2371 4587 2549 4641 lacum
2582 4589 2788 4643 dividat
2816 4600 2871 4643 et
2899 4590 3138 4647 dissecet
3157 4594 3223 4645 ab
3249 4603 3477 4661 utraque
3505 4604 3681 4663 parte.

2119 4695 2173 4738 et
2209 4694 2467 4755 tanquam
2524 4683 2761 4738 isthmus
2813 4685 2882 4739 sit
2929 4686 2997 4738 ab
3045 4696 3275 4755 utraque
3320 4698 3473 4757 parte
3510 4688 3683 4743 undas

2118 4776 2441 4843 propulsans
2474 4785 2528 4828 et
2566 4774 2845 4845 frangens,
2890 4787 2944 4831 ct
2990 4778 3083 4844 qui
3129 4770 3473 4845 duas‘portas
3520 4780 3687 4839 ellicit

2119 4863 2280 4937 559
2325 4873 2380 4918 et
2435 4864 2519 4917 his
2574 4866 2827 4918 eumdem
2878 4867 2946 4918 ab
2990 4878 3219 4935 utraque
3275 4878 3429 4936 parte
3479 4872 3688 4938 praebet

2122 4971 2277 5011 usum
2329 4966 2717 5025 opportunum.
2762 4957 2863 5020 Qui
2913 4957 3065 5012 sinus
3121 4962 3190 5011 ab
3236 4962 3435 5013 accolis
3470 4961 3686 5018 duobus

2119 5054 2435 5108 nominibus
2466 5063 2855 5124 nuncupantur
2898 5053 2962 5106 iis
2997 5052 3089 5121 qui
3129 5052 3361 5107 audiunt
3393 5054 3525 5105 satis
3560 5072 3685 5122 per-

2117 5144 2345 5217 spicuis.
2379 5143 2529 5198 Alter
2554 5151 2699 5198 enim
2740 5143 3031 5205 Daiselius,
3069 5144 3206 5197 alter
3243 5147 3547 5198 Astaccnus
3580 5162 3680 5198 ιιυο

2119 5234 2379 5287 minatur.
2415 5236 2772 5291 Pertinebant
2799 5246 2980 5289 autem
3011 5236 3074 5288 ad
3107 5252 3223 5289 eam
3260 5236 3519 5307 Bithynia:
3555 5255 3680 5307 par-

2120 5332 2227 5378 tem
2269 5341 2435 5394 quam
2485 5342 2513 5379 a
2539 5327 2711 5395 {patre
2754 5328 3005 5397 Hyrcano
3041 5338 3325 5396 acceperat
3370 5330 3513 5382 lilius
3558 5338 3683 5399 pOst

2118 5426 2251 5471 natu
2299 5419 2560 5488 majorem
2599 5433 2696 5487 pro
2724 5428 2882 5473 aetate
2922 5421 3134 5483 tertius,
3165 5423 3257 5490 qui
3294 5440 3439 5478 nunc
3465 5424 3681 5492 longius

2119 5513 2187 5567 ab
2231 5512 2350 5565 lacu
2388 5512 2477 5568 illo
2515 5512 2851 5566 domicilium
2894 5513 3149 5576 habebat,
3195 5532 3340 5571 nunc
3386 5516 3683 5586 inprOpiu-

2117 5604 2303 5673 quius,
2355 5620 2450 5672 pro
2483 5604 2758 5659 voluntate
2798 5622 2915 5661 sua.
2946 5606 3047 5672 Qui
3084 5625 3206 5663 cum
3240 5610 3309 5663 ibi
3362 5612 3426 5663 ad
3470 5611 3677 5663 calores

2118 5697 2335 5750 aestivos
2365 5695 2711 5765 depellemlos
2731 5713 3056 5765 moraretur,
3081 5717 3245 5753 unum
3279 5717 3343 5755 ex
3371 5702 3564 5759 int-olis
3588 5703 3681 5770 qui

2122 5791 2256 5845 retia
2290 5798 2345 5844 et
2385 5788 2672 5858 pisc'ariam
2720 5789 2993 5849 faciebant
3024 5794 3090 5848 ad
3130 5809 3187 5849 se
3217 5796 3428 5849 vocavit
3459 5807 3513 5851 et
3557 5812 3681 5855 cum
