4134 6286
427 423 531 487 497

1411 423 1848 486 ΒΥΖΑΝΤΙΝᾸΞ.
1887 422 2264 484 HISTORIE
2304 419 2448 484 LIB.
2497 419 2793 481 XXXVII.

3550 416 3658 479 ιω

431 537 621 607 βραχεῖ
648 533 896 604 θορύόων
953 535 1114 591 αὑτὸν
1165 537 1493 604 ἀπαλλάξαι.
1525 542 1633 594 Kal
1675 541 1739 610 δὴ
1777 541 1994 610 πρῶτον

2105 541 2355 613 Byzantio
2410 539 2582 594 tribus
2631 534 2966 608 longissimis
3015 533 3364 597 triremibus,
3412 535 3659 603 pluribus

438 629 538 698 μὲν
589 629 617 680 6
668 625 922 695 βασιλεὺς
971 626 1051 696 τῷ
1104 627 1211 682 τῶν
1259 631 1530 686 Φωκαέων
1584 633 1998 703 ἐπιτροπεύοντι

431 717 696 787 πρέσόεις
736 716 982 787 ἔπεμπεν
1021 719 1160 789 ὑπὲρ
1208 721 1436 775 τούτουο
1482 725 1509 776 6
1545 723 1589 776 δ’
1623 726 1884 796 ἐπαρθεὶς
1920 725 2000 796 τῷ

427 809 772 878 εὐτυχήματι
828 808 1022 878 λόγους
1081 811 1434 885 ὑπέρφρονας
1476 816 1841 884 ἀντέπεμπε,
1907 819 1999 871 καὶ

431 900 551 972 ᾔτει
586 899 844 969 χρήματα
877 901 974 954 καὶ
1000 901 1324 973 ἀξιωμάτων
1349 905 1545 973 ὄγκους
1569 908 1710 978 ὑπὲρ
1744 909 1842 978 τὴν
1874 911 2001 962 ἑαυ-

441 990 537 1044 τοῦ
571 989 761 1061 τύχην,
807 992 960 1044 Ἐπεὶ
985 992 1041 1045 δὲ
1079 992 1163 1056 δὶς
1187 995 1426 1066 καὶ.τρὶς
1459 997 1553 1050 καὶ
1596 999 1854 1062 πολλάκις
1900 1001 2001 1070 τῆς

429 1083 691 1152 τοιαύτης
726 1082 1155 1156 δοκιμασθείσης
1203 1088 1399 1158 πείρας
1453 1090 1615 1153 αὐτός
1667 1109 1725 1145 τε
1780 1093 1874 1146 καὶ
1921 1096 2001 1156 εἰς

432 1175 774 1230 ἀποστασίαν
824 1176 1018 1248 ἔϐλεψε
1049 1179 1145 1232 καὶ
1180 1179 1462 1251 ἄπρακτον
1503 1184 1714 1238 ἐδείκνυ
1763 1186 1860 1254 τὴν
1905 1187 2000 1241 τοῦ

432 1267 698 1336 βασιλέως
748 1269 1011 1339 σπουδὴν,
1047 1274 1296 1341 τριήρεις
1343 1275 1371 1326 6
1421 1275 1674 1344 βασιλεὺς
1705 1279 1767 1330 ἐκ
1796 1280 2000 1346 Βυζαν-

429 1353 548 1406 τίου
600 1353 867 1422 μεγίστας
912 1356 1015 1426 μὲν
1061 1362 1233 1426 τρεῖς,
1273 1362 1478 1432 μικρὰς
1533 1363 1592 1416 δὲ
1645 1363 1854 1436 διήρεις
1905 1367 2002 1420 καὶ

315 1487 322 1493 .
435 1443 690 1515 μονήρεις
731 1445 961 1511 πλείους
1007 1448 1266 1519 ἀθροίσας
1294 1453 1358 1505 ἐκ
1396 1454 1625 1508 Τενέδου
1672 1474 1731 1511 τε
1771 1459 1864 1510 καὶ
1899 1459 1998 1513 Λέ-

433 1535 564 1590 σϐου
597 1537 691 1590 καὶ
724 1538 970 1608 Λήμνου,
998 1543 1136 1610 ἄρας
1161 1545 1530 1601 κατέπλευσεν
1553 1551 1608 1613 ἐς
1640 1551 1730 1604 τὸν
1757 1552 1866 1605 τῶν
1888 1553 2004 1605 Φω-

434 1629 613 1682 καέων
661 1629 878 1700 λιμένα.
910 1634 1022 1689 Καὶ
1062 1636 1091 1688 6
1139 1638 1346 1708 χειμὼν
1377 1643 1436 1695 ἐν
1464 1642 1678 1706 τούτοις
1717 1645 1995 1699 ἐτελεύτα.

442 1718 604 1788 ’Λρτι
633 1719 691 1773 δὲ
717 1721 810 1775 τοῦ
839 1717 974 1794 ἦρος
1023 1727 1328 1797 ἀρχομένου
1383 1735 1828 1803 παρεσκευάζετο
1866 1737 2002 1805 πρὸς

433 1808 773 1878 πολιορκίαν.
808 1814 1173 1888 Κάπειδήπερ
1197 1820 1347 1892 αὐτῷ
1397 1822 1598 1891 ἥκιστα
1631 1823 1814 1880 εὔοδον
1839 1822 1929 1895 ἦν,
1952 1828 2001 1880 εί

2107 645 2291 690 autem
2321 633 2528 704 exiguis
2566 630 2870 686 biremibus
2894 636 2952 700 et
2981 627 3329 682 uniremibus
3373 628 3659 682 conductis

2098 740 2164 781 ex
2201 725 2422 780 Tenedo
2451 731 2505 779 et
2535 723 2715 778 Lesbo
2746 729 2801 776 et
2836 719 3062 782 Lemno,
3099 717 3385 773 confestim
3412 717 3482 784 {in
3517 717 3660 773 Pho-

2099 818 2344 872 censium
2387 826 2606 887 portum
2655 812 2947 882 navigavit.
2995 812 3210 866 Interea
3259 819 3438 864 autem
3483 811 3661 865 hiems

2102 908 2298 963 finivit.
2326 908 2608 962 Redeunte
2652 920 2784 960 vero
2831 905 3010 973 primo
3033 917 3161 956 vere
3197 899 3265 954 ad
3315 900 3659 954 obsidionem

2102 1002 2233 1071 imp.
2274 1000 2538 1065 accessit;
2589 997 2684 1054 sed
2716 1012 2838 1052 cum
2889 996 3098 1050 nullum
3130 994 3289 1065 562
3340 1007 3660 1063 prosperum

2100 1110 2413 1151 successum
2476 1094 2687 1150 videret
2750 1094 2851 1148 nisi
2903 1092 3055 1162 prius
3120 1090 3393 1163 Lydorum
3473 1105 3657 1160 regem

2104 1196 2261 1241 terrae
2296 1188 2456 1242 istius
2484 1185 2752 1240 conﬁnem
2797 1200 2827 1238 a
2875 1183 3238 1239 Phocensium
3271 1182 3511 1237 amicitia
3546 1181 3660 1235 dis-

2095 1279 2365 1349 juntisset
2391 1320 2404 1339 .
2434 1293 2558 1331 cum
2589 1279 2691 1332 hoe
2719 1277 2832 1346 ipse
2859 1275 3037 1330 fmdus
3069 1274 3190 1328 iniit
3233 1282 3290 1327 et
3324 1272 3576 1326 amicitia:
3607 1281 3664 1326 et

2101 1370 2528 1439 propinquitatis
2570 1368 2790 1423 vinculo
2833 1383 2957 1422 eum
3005 1367 3110 1420 sibi
3151 1366 3419 1436 adjunxit.
3475 1367 3661 1434 Itaque

2101 1463 2360 1516 audacter
2415 1461 2605 1515 urbem
2683 1468 2824 1513 terra
2885 1460 3129 1527 marique
3202 1456 3551 1512 circumsedit
3609 1468 3664 1509 et

2101 1568 2263 1622 grave
2335 1553 2503 1607 movit
2556 1551 2754 1604 bellum
2803 1551 2858 1604 in
2911 1565 3036 1603 eum
3089 1549 3180 1618 qui
3230 1567 3259 1602 a
3292 1547 3665 1602 Phocensihus

2101 1643 2396 1696 defecerat.
2449 1641 2758 1695 Phocenses
2807 1643 2986 1693 aute’m
3036 1638 3261 1692 invalidi
3303 1638 3442 1691 intra
3479 1652 3665 1690 muros

2101 1733 2471 1796 resistebant;
2505 1731 2602 1785 sed
2630 1733 2827 1785 eodem
2859 1740 3101 1799 tempore
3141 1738 3274 1784 noto
3304 1728 3534 1782 navibus
3568 1743 3661 1782 ve-

2102 1824 2385 1880 hementer
2413 1823 2752 1886 adversante,
2784 1821 3116 1892 imperatorii
3153 1821 3351 1874 milites
3381 1835 3410 1872 a
3433 1817 3660 1873 victoria

437 1899 513 1970 μὴ
556 1901 649 1954 τδν
691 1904 790 1972 τῆς
837 1905 943 1973 ἔξω
991 1908 1256 1980 πρότερον
1306 1911 1514 1984 χώρας,
1547 1916 1638 1970 τὸν
1666 1917 1775 1971 τῶν
1806 1917 1997 1971 Λυδῶν

2105 1931 2237 1985 pene
2255 1922 2407 1986 parta
2425 1908 2616 1986 dejecti
2646 1925 2792 1968 sunt.
2810 1913 2974 1968 Multo
3004 1924 3244 1981 tempore
3270 1911 3322 1965 in
3344 1911 3427 1964 his
3439 1911 3665 1964 absum-

434 1991 678 2062 ἡγεμόνα
707 1997 872 2065 φημὶ,
898 1998 1000 2066 τῆς
1041 2002 1153 2055 τῶν
1195 2004 1463 2060 Φωκαέων
1498 2007 1683 2076 φιλίας
1726 2010 1999 2080 ἐκστήσας

435 2081 614 2153 ἐαυτῷ
645 2083 708 2157 [ι’.
747 2088 854 2143 273
879 2091 934 2162 ὁ]
990 2096 1349 2166 καταστήσειε
1386 2098 1560 2166 φίλον,
1587 2101 1792 2172 πέμπει
1818 2104 2000 2168 δεξιὰν

436 2173 606 2246 αὐτῷ,
639 2179 734 2231 καὶ
761 2181 1051 2237 οίκειοῦται
1094 2187 1227 2256 πρός
1253 2205 1313 2242 τε
1344 2190 1527 2258 φιλίαν
1556 2195 1651 2247 καὶ
1678 2195 2001 2263 συγγενείας

437 2266 790 2334 ἀπαγγελίαν.
833 2273 940 2325 Καὶ
969 2274 1254 2347 θαρρήσας
1298 2281 1397 2352 ἤδη
1450 2287 2002 2354 περιστρατοπεδεύει

437 2357 538 2426 τὴν
588 2361 742 2414 πόλιν
784 2362 848 2418 ἐκ
894 2383 952 2420 τε
999 2368 1102 2437 γῆς
1139 2371 1232 2425 καὶ
1282 2373 1570 2442 θαλάττης,
1625 2378 1718 2429 καὶ
1773 2379 2002 2447 ῥήγνυσι

437 2448 676 2539 πόλεμον
717 2452 936 2524 ἰσχυρὸν
976 2459 1115 2512 κατά
1164 2460 1259 2516 τοῦ
1307 2463 1635 2519 ἀποστάτου.
1681 2467 2004 2539 Ἀρῤώστως

438 2538 488 2592 δ’
516 2541 871 2614 ἀμυνομένων
897 2547 1110 2602 ἔνδοθεν
1138 2552 1244 2604 τῶν
1269 2553 1556 2620 Φωκαέων,
1591 2556 1686 2610 καὶ
1708 2538 1824 2627 ἅμα
1852 2559 2004 2611 νότου

440 2631 564 2718 ταῐς
618 2634 806 2689 ναυσὶν
853 2637 1311 2706 ἀντιπνεύσαντος
1370 2646 1774 2718 κραταιότερον,
1837 2648 2004 2716 ἐγγὺς

441 2717 541 2787 τῆς
565 2718 722 2791 νίκης
769 2723 1094 2794 γενομένους
1142 2727 1473 2800 ἀντέκρουσε
1505 2735 1632 2792 τοὺς
1669 2717 2001 2803 βασιλικούς.

428 2806 610 2894 ιξΕπεὶ
631 2809 692 2863 δὲ
715 2812 906 2882 χρόνος
934 2815 1179 2885 ἐτρίϐετο
1224 2820 1318 2871 ἐπὶ
1355 2820 1566 2887 τούτοις
1611 2825 1824 2894 συχνὸς,
1855 2825 1948 2879 καὶ
1977 2830 2006 2879 6

443 2893 702 2986 βασιλεὺς
740 2899 900 2967 ἐξιὼν
949 2904 1276 2971 ἀνυπόπτως
1315 2909 1416 2979 ήδη
1463 2911 1556 2964 καὶ
1591 2893 1895 2986 σὺνίπολλῷ
1929 2913 2006 2984 τῷ

443 2985 638 3058 θάρρει
671 2991 936 3059 μετὰτῶν
959 2996 1174 3051 οἰκείων
1201 3001 1276 3064 ὡς
1303 3001 1440 3071 πρὸς
1486 3004 1673 3072 φίλους
1700 3007 1792 3060 καὶ
1825 2985 2007 3063 tma-

441 3090 607 3148 τορας
659 3083 786 3146 τοὺς
835 3085 1174 3160 Βαρσάρους,
1226 3099 1646 3165 συγκυνηγετῶν
1686 3101 1870 3164 αὐτοῖς
1914 3103 2008 3156 καὶ

2098 2016 2212 2076 plo,
2243 2023 2366 2061 cum
2394 2006 2527 2076 imp.
2556 2006 2693 2060 nihil
2727 2006 3012 2074 suspicans
3038 2015 3092 2059 et
3117 2005 3282 2057 multa
3315 2017 3436 2058 cum
3470 2003 3666 2058 fiducia

2099 2114 2221 2153 cum
2253 2098 2366 2153 suis
2387 2097 2652 2151 Barbaros
2667 2106 2921 2165 tanquam
2941 2095 3142 2149 amicos
3161 2105 3215 2148 et
3234 2094 3532 2150 familiares
3547 2095 3666 2148 adi-

2101 2201 2205 2256 ret,
2225 2201 2276 2244 et
2294 2207 2416 2246 eum
2435 2191 2502 2244 iis
2520 2199 2816 2244 venaretur
2841 2189 3101 2244 c0ntinuo
3123 2195 3177 2243 et
3196 2204 3424 2242 securus
3437 2190 3665 2261 viveret,

2100 2292 2154 2336 et
2176 2281 2505 2336 declarasset
2530 2295 2587 2334 se
2601 2295 2709 2334 non
2731 2279 2885 2350 prius
2911 2278 3036 2333 inde
3055 2279 3329 2334 abiturum
3349 2292 3508 2344 quant
3529 2276 3668 2328 fante

2102 2370 2351 2423 confecta
2385 2369 2517 2424 urbs
2547 2370 2878 2424 necessitate
2909 2376 3099 2424 coacta
3139 2369 3242 2423 sibi
3274 2369 3468 2420 tradita
3499 2377 3667 2428 esset,

2103 2461 2375 2515 Barbarus
2398 2461 2490 2515 ille
2516 2460 2699 2532 Lydiae
2729 2469 2948 2527 satrapa
2978 2474 3164 2514 secum
3192 2461 3246 2513 in
3272 2460 3456 2512 animo
3486 2459 3669 2512 volve-

2102 2552 2215 2614 bat,
2278 2551 2550 2622 quomodo
2609 2551 2765 2607 facile
2809 2551 3031 2606 vincere
3073 2558 3259 2622 posset
3301 2551 3434 2618 imp.
3483 2563 3670 2605 secuta

2102 2652 2390 2696 venantem
2425 2652 2479 2697 et
2509 2643 2840 2712 degentem,
2895 2651 2950 2696 et
3005 2641 3154 2695 brevi
3218 2641 3515 2694 multarum
3574 2653 3670 2693 co-

2104 2734 2321 2803 piarum
2362 2743 2415 2786 et
2466 2734 2764 2787 multarum
2799 2733 3018 2786 urbium
3054 2733 3429 2785 Romanarum
3463 2730 3671 2796 potire-

2105 2836 2218 2890 tur,
2239 2837 2291 2879 et
2319 2824 2477 2878 simul
2506 2839 2754 2894 magnam
2779 2822 2883 2878 sibi
2912 2822 3041 2876 inde
3068 2822 3261 2875 famam
3288 2809 3506 2890 pararet
3527 2819 3671 2890 apud

2105 2929 2234 2969 suos
2262 2923 2314 2968 et
2347 2913 2682 2984 peregrinos.
2726 2913 2924 2967 Verum
2959 2912 3104 2966 Deus
3146 2911 3278 2980 imp;
3317 2911 3541 2964 meliora
3577 2925 3674 2964 vo-

2107 3007 2209 3061 luit
2263 3017 2316 3061 et
2363 3007 2605 3060 Barbaro
2659 3015 2783 3061 ante
2829 3005 3046 3060 facinus
3097 3013 3298 3074 pratter
3356 3003 3669 3072 opinionem

2108 3099 2697 3155 aceiditeontrarium.
2739 3099 2983 3154 Consilio
3027 3099 3175 3153 enim
3211 3098 3317 3151 hoc
3357 3097 3594 3166 maligno
3641 3112 3667 3146 a

444 3167 906 3291 igitltitpe‘dw;
920 3177 1092 3291 663:3;
1120 3182 1364 3291 διετέλει,
1397 3189 1492 3291 καί
1529 3190 1893 3259 ἐπηγγέλλετο
1931 3193 2004 3264 μὴ

2108 3193 2352 3248 Barbaro
2385 3192 2622 3262 quodam
2655 3192 2766 3261 regi
2793 3189 3066 3258 nuntiato,
3109 3190 3380 3246 Barbarus
3412 3191 3501 3244 ille
3535 3190 3669 3249 nihil

444 3257 713 3368 πρότερρν
759 3264 992 3368 ἐκεῖθενΔ
1010 3271 1355 3344 ἀπηλλάχθαι
1401 3279 1531 3348 πρὶν
1571 3257 1716 3351 λιμῷ
1749 3257 2006 3351 κατατρίλ

2107 3257 2686 3355 ειιειιὶεεηεροειινὶἀὶε
2716 3257 2840 3338 cum
2871 3257 3132 3339 consueta
3161 3282 3319 3357 563
3343 3275 3671 3336 liberalitate

445 3347 556 3442 φας
610 3353 710 3422 τὴν
759 3356 910 3410 πόλιν
963 3359 1056 3431 βίᾳ
1101 3364 1192 3417 καὶ
1238 3347 1480 3421 ἄκουσαν
1521 3347 2003 3442 παραστήσασθαι,
2041 3363 2053 3398 ’ί

448 3435 742 3530 σκέπτεται
791 3444 913 3498 καθ’
947 3448 1141 3504 ἑαυτὸν
1191 3453 1220 3505 6
1265 3435 1623 3526 βάρϐαρος,ό
1669 3435 1775 3530 τῆς.
1809 3435 2007 3528 Λυδίας

447 3525 605 3624 λέγω-
637 3535 928 3608 σατράπης
979 3539 1207 3610 ἐκεῖνος,
1263 3525 1734 3622 ’παρασπονδήσας⁷
1774 3525 2008 3624 ἀπονητί

449 3619 820 3689 χειρώσασθαι
877 3629 1105 3700 βασιλέα
1162 3619 1675 3711 συγκυνηγετοῦντα
1735 3648 1830 3701 καὶ
1887 3619 2012 3702 σύν-

447 3717 802 3811 εστιιῖιμενον,
844 3726 940 3776 καὶ⁹
979 3726 1188 3781 πολλῶν
1222 3730 1322 3799 μὲν
1368 3734 1666 3804 χρημάτων
1696 3737 1753 3791 ἐν
1796 3737 2008 3811 βραχεῖ,

450 3805 662 3900 πολλῶν
697 3810 754 3864 δὲ
775 3813 984 3869 πόλεων
1026 3817 1352 3890 Ῥωμαϊκῶν
1382 3827 1637 3893 γενέσθαι
1664 3805 1874 3900 κύριος,
1902 3805 2010 3886 καὶ

450 3894 568 3991 ἅμα
602 3901 746 3969 μέγα
769 3903 908 3975 πρὸς
929 3907 1140 3976 τούτοις
1168 3914 1478 3984 κτήσασθαι
1503 3917 1662 3982 κλέος
1686 3894 1752 3972 ἐν
1782 3937 1843 3973 τε
1879 3923 2011 3991 6pc.-

2102 3392 2275 3446 equos
2307 3377 2457 3434 misit
2485 3378 2600 3448 rogi
2648 3391 2886 3447 eumque
2921 3375 3175 3437 invitavit
3213 3386 3274 3430 ut
3321 3374 3387 3429 ad
3421 3374 3670 3428 venatio-

2106 3482 2230 3521 nem
2263 3477 2320 3523 et
2347 3466 2413 3522 ad
2439 3467 2738 3535 gratiarum
2771 3468 2959 3536 plenas
2991 3465 3299 3532 voinptates
3331 3474 3380 3518 et
3417 3464 3482 3518 ad
3516 3464 3674 3518 fami-

2105 3558 2262 3614 liaria
2312 3558 2563 3614 convivia
2611 3558 2968 3630 egrederetur
2999 3573 3030 3612 e
3066 3557 3276 3612 triremi
3323 3557 3492 3626 regia.
3533 3557 3673 3625 Imp.

2107 3659 2290 3703 autem
2344 3649 2599 3706 simulato
2649 3659 2861 3705 secreto
2895 3648 3146 3712 consilio,
3183 3650 3325 3717 quod
3361 3650 3404 3702 si
3458 3649 3512 3702 in
3557 3651 3678 3717 ipsa

2109 3739 2318 3792 triremi
2349 3740 2744 3811 eijaperuisset,
2776 3748 2895 3801 tum,
2917 3755 3023 3793 una
3054 3754 3112 3794 se
3137 3753 3260 3793 cum
3282 3753 3348 3794 eo
3375 3740 3670 3802 exiturum,

2108 3846 2234 3886 eum
2270 3829 2333 3884 ad
2371 3845 2429 3885 se
2459 3832 2696 3886 vocavit.
2717 3831 2812 3886 llic
2843 3831 3010 3902 igitur
3044 3844 3165 3884 cum
3201 3827 3501 3884 obsecutus
3530 3841 3679 3882 esset

2108 3931 2168 3975 et
2214 3921 2490 3974 triremem
2539 3921 2818 3987 intrasset,
2871 3918 3054 3974 statim
3120 3918 3420 3972 retinacula
3498 3918 3676 3972 sohtta

450 3989 638 4084 φύλοις
670 3995 1128 4084 καὶῖάλλοφύλοις.
1172 4006 1333 4062 Ἀλλά
1373 4008 1468 4065 τοῦ
1503 4010 1639 4064 Θεοῦ
1679 4013 1746 4069 τά
1778 3989 2006 4084 κρείττω

2112 4019 2242 4064 sunt
2266 4019 2320 4065 et
2347 4011 2498 4065 brevi
2533 4010 2587 4064 in
2616 4009 2723 4063 alto
2767 4009 3210 4079 conspiciebatur
3247 4009 3400 4063 navis
3447 4008 3502 4063 in
3551 4015 3680 4063 reti—

451 4077 582 4172 ⁸περὶ
621 4082 714 4134 τοῦ
756 4083 1024 4154 βασιλέως
1069 4091 1508 4165 βουλευσαμένου
1550 4097 1774 4168 λέληθεν
1815 4077 2006 4172 t5de-

2113 4098 2217 4152 bus
2244 4098 2500 4170 retinens.
2526 4107 2837 4154 terrestrem
2861 4077 3015 4151 illum
3064 4098 3357 4151 Barbarum
3407 4099 3673 4152 doiosutn.

450 4165 619 4268 σαρος
649 4175 778 4268 πρὶν
829 4177 1148 4248 δεδρακέναι
1182 4187 1487 4251 πεπονθώς.
1520 4165 1868 4261 Μηνυθέντος
1906 4165 2006 4268 γάσ

2114 4187 2252 4244 Cum
2305 4188 2529 4242 sceleris
2576 4187 3044 4250 incriminaretur,
3118 4187 3332 4240 consilii
3383 4187 3675 4255 turpitudi-

453 4259 548 4360 τῷ.
562 4259 775 4360 βλασιλεί
820 4269 952 4338 παρ’
985 4273 1204 4328 ὁτουοῦν
1233 4277 1341 4331 τῶν
1384 4259 1684 4353 Βαρϐάρων
1712 4286 1805 4340 τοῦ
1849 4259 2006 4359 πονηἰ

2117 4292 2243 4332 ncm
2266 4277 2552 4333 confessus
2568 4286 2651 4332 est
2679 4288 2734 4333 et
2758 4277 2943 4332 cordis
2978 4276 3242 4332 nefandos
3265 4276 3420 4331 dolus
3440 4280 3672 4347 aperuit.

451 4347 550 4449 ροῦ
580 4347 970 4449 βουλεύματος,
998 4362 1206 4431 ἀγνοῶν
1251 4369 1278 4419 6
1323 4347 1606 4439 Βὰρέαρος
1636 4366 1771 4446 ἧκεν
1817 4375 1876 4440 ἐς
1921 4347 2006 4449 τήν

2118 4369 2280 4425 Venit
2322 4379 2506 4424 autem
2551 4379 2675 4439 post
2709 4383 2914 4439 paucos
2947 4368 3063 4424 dies
3113 4369 3335 4423 Barbari
3386 4385 3522 4423 uxor
3553 4384 3677 4423 eum

451 4435 996 4568 #:jpalarnﬁufsv,‘
1032 4457 1171 4568 μετὰ
1219 4458 1321 4568 τῆς
1365 4435 1622 4568 είωθυίας
1658 4435 2006 4536 ’ἀστειότητός

2121 4461 2307 4514 multis
2342 4435 2592 4530 pecuniis
2620 4435 2822 4533 quibus
2839 4458 3094 4515 maritum
3145 4460 3459 4525 redimeret,
3495 4458 3678 4514 etde-

478 4543 656 4628 ππους
714 4537 792 4608 τῷ
847 4539 1062 4609 βασιλεῖ
1103 4549 1346 4616 κομίζων
1389 4554 1485 4605 καὶ
1536 4557 2006 4628 προσκαλούμενος

2121 4554 2370 4620 claravit,
2445 4554 2550 4608 nisi
2584 4553 2908 4608 redderetur
2937 4554 3190 4614 maritus,
3225 4567 3286 4606 se
3319 4553 3592 4606 abituram
3627 4563 3682 4606 et

451 4621 544 4720 sui
578 4631 875 4720 κυνηγεσία
923 4635 1086 4689 πάλιν
1138 4643 1231 4693 καὶ
1272 4645 1511 4714 χαρίτων
1541 4621 1744 4716 μεστὰς
1780 4621 2006 4720 εὐῷχίαέ

2121 4646 2288 4699 alium
2339 4645 2443 4700 sibi
2483 4646 2878 4715 adjuncturam.
2906 4647 2974 4700 ad
3022 4645 3173 4715 regni
3213 4643 3558 4706 custodiam,
3613 4659 3683 4697 ne

451 4713 544 4766 καὶ
619 4719 812 4785 φιλικά
876 4727 1190 4795 συμπόσια,
1249 4713 1459 4800 ἐξιόντα
1529 4713 1630 4807 τῆς
1695 4713 2016 4809 ἡγεμονίδοξ

451 4808 731 4877 τριήρους.
784 4811 844 4886 [Ι“.
875 4817 979 4872 274
1024 4819 1082 4892 a]
1119 4821 1178 4874 Ὃ
1209 4821 1265 4875 δὲ
1315 4823 1569 4892 βασιλεὺς
1639 4807 2014 4899 ειιιροσποιπησάζ

456 4913 616 4966 μενος
662 4903 806 4973 ἔχειν
853 4925 901 4962 τι
950 4911 1360 4983 μυστικώτερον
1411 4916 1679 4987 βούλευμα
1729 4925 2013 4989 προειπεῖν

453 4994 603 5066 αύτῷ
637 4999 734 5067 τῆς
767 5003 1027 5071 τριήρους
1056 5007 1204 5070 ἐντὸς
1235 5007 1520 5079 πρότερον,
1548 5011 1740 5068 ἔπειτα
1775 5012 2014 5084 συνεξιέ-

453 5101 564 5150 ναι,
587 5088 770 5145 ἐκάλει
795 5094 933 5165 πρὸς
963 5096 1156 5149 ἑαυτόν
1175 5115 1188 5130 ο
1223 5101 1250 5152 6
1293 5099 1336 5152 δ’
1367 5101 1632 5171 ὑπήκουε.
1671 5105 1778 5156 Καὶ
1827 5106 2018 5157 εἰσιόν-

453 5198 546 5246 τος
593 5185 780 5240 ἐλύετο
823 5192 892 5244 τὰ
934 5192 1252 5262 πρυμνήσια
1302 5196 1668 5266 παραχρῆμα.
1709 5199 1805 5252 καὶ
1857 5197 2015 5269 ὤφθη

457 5283 652 5351 μικρόν
677 5299 730 5335 τι
759 5283 895 5354 πρὸς
918 5285 1154 5352 πέλαγος
1197 5285 1357 5348 εὐθὺς
1397 5287 1759 5360 ἀναχωροῦσα
1789 5291 1822 5360 ἡ
1859 5289 2012 5351 ναῦς.

2120 4737 2246 4804 quis
2285 4736 2427 4790 latro
2457 4737 2718 4791 advectus
2745 4739 3000 4792 orbatum
3046 4752 3273 4808 regnum
3307 4743 3600 4806 occuparet
3625 4744 3683 4788 et

2120 4840 2179 4878 se
2232 4841 2338 4879 una
2362 4841 2488 4879 cum
2539 4825 2732 4882 liberis
2760 4826 2820 4881 in»
2865 4827 3186 4881 servitutem
3222 4826 3516 4895 redigeret.
3549 4825 3682 4890 Quae

2117 4933 2236 4974 cum
2271 4920 2402 4988 imp.
2431 4917 2675 4973 audisset
2715 4926 2770 4972 et
2792 4933 2976 4973 secum
3020 4928 3322 4988 reputasset
3378 4917 3680 4971 secundum

2117 5011 2366 5064 mulieris
2395 5009 2545 5063 dicta
2578 5009 2836 5063 damnum
2869 5009 2973 5064 sibi
3006 5009 3251 5063 futurum
3293 5017 3346 5063 et
3391 5007 3677 5077 ingloriam

2115 5103 2258 5172 regis
2295 5102 2581 5158 victoriam
2608 5101 2674 5155 de
2703 5111 2916 5170 satrapa
2945 5140 2959 5164 ,
2991 5103 3255 5170 pecunias
3298 5115 3420 5167 qua:
3467 5100 3569 5154 sibi
3603 5099 3682 5152 al-

2112 5193 2234 5247 latae
2269 5204 2426 5247 erant
2459 5193 2689 5259 recepit,
2721 5209 2817 5261 pro
2844 5192 3056 5246 caeteris
3079 5207 3209 5245 vero
3237 5191 3437 5246 debilis
3477 5191 3680 5245 liberos

2111 5287 2229 5356 ejus
2263 5286 2485 5343 obsides
2514 5286 2744 5354 recepit,
2775 5296 2828 5340 et
2857 5286 2937 5340 sic
2978 5285 3193 5339 mulieri
3229 5287 3410 5346 virum
3441 5285 3681 5340 liberum

454 5373 604 5437 ἐντὸς
651 5374 881 5429 δικτύων
916 5378 1112 5448 ἔχουσα
1158 5379 1246 5430 τὸν
1290 5380 1606 5452 ἠπειρώτην
1663 5383 1871 5449 ἐκεῖνον
1920 5381 2014 5433 καὶ
2110 5380 2372 5436 reddidit.

453 5469 711 5541 ἐπίορκον
738 5471 1041 5543 Βάρϐαρον.
1112 5475 1217 5528 Καὶ
1250 5476 1358 5529 τῶν
1399 5474 1636 5546 ἐλέγχων
1704 5477 2074 5550 περιστάντων
2113 5477 2370 5547 ἐξαίφνης
2400 5476 2668 5547 ὡμολόγει
2717 5477 2811 5530 καὶ
2841 5476 3001 5539 αὐτὸς
3028 5478 3131 5546 τὴν
3158 5477 3388 5530 ἀτοπίαν
3417 5477 3515 5545 τῆς
3544 5472 3680 5538 γνώρ

455 5579 567 5632 μης
609 5565 707 5618 καὶ
750 5564 1092 5618 ἀνεκάλυπτε
1136 5567 1236 5629 τὰς
1263 5565 1362 5634 τῆς
1393 5568 1620 5636 καρδίας
1665 5568 2006 5639 ἀπορρήτους
2047 5563 2558 5629 ἐπιϐουλά;.Ἦκεν
2606 5565 2698 5621 οὖν
2767 5567 2887 5636 μεθ’
2921 5566 3139 5636 ἡμέρας
3199 5568 3354 5640 ἢτοῦ
3390 5565 3678 5636 Βαρδὸιρου

455 5665 710 5732 σύζυγος,
782 5661 1043 5731 χρήματά
1085 5678 1145 5714 τε
1190 5662 1329 5732 ὑπὲρ
1371 5661 1465 5714 τοῦ
1531 5662 1722 5733 ἀνδρὸς
1764 5664 2081 5732 κομίζουσα,
2121 5665 2216 5718 καὶ
2263 5665 2382 5734 ἅμα
2417 5664 2650 5730 λέγουσα
2682 5660 2757 5724 ὡς
2796 5661 2844 5713 εί
2885 5660 2961 5732 μὴ
2988 5661 3140 5717 λάϐοι
3184 5661 3276 5716 τὸν
3305 5660 3560 5728 σύζυγον,
3585 5660 3682 5730 λή-

454 5760 616 5830 ψεται
662 5760 898 5814 ἀπιοῦσα
941 5758 1129 5829 ἕτερον
1165 5758 1258 5825 ἐπὶ
1292 5756 1502 5829 φυλακῇ
1535 5760 1633 5827 τῆς
1679 5759 1999 5828 ἡγεμονίας,
2041 5760 2112 5830 μή
2144 5760 2245 5812 πού
2272 5777 2356 5823 τις
2384 5759 2491 5811 τῶν
2527 5758 2685 5828 πέριξ
2753 5756 3060 5828 λῃστρικῶς
3089 5756 3404 5827 ἐπιδραμὼν
3432 5759 3531 5812 καὶ
3560 5761 3678 5812 ἐπι-

461 5857 681 5921 θέμενος
737 5855 946 5920 ὀρφανῆ
997 5855 1059 5918 τῆ
1110 5854 1252 5919 ἀρχῇ
1305 5851 1474 5918 αὑτήν
1509 5867 1566 5902 τε
1610 5850 1704 5903 καὶ
1767 5852 1835 5905 τά
1878 5851 2040 5906 τέκνα
2080 5850 2343 5921 δουλὼσῃ.
2409 5853 2585 5918 Ὅπερ
2637 5852 2888 5918 ἀκηκοὼς
2936 5851 2962 5903 6
3014 5849 3288 5917 βασιλεὺς,
3345 5852 3440 5905 καὶ
3504 5852 3677 5918 ξυννε-
