4134 6286
461 369 570 434 499
1645 379 2060 437 NICEPHOEI
2101 381 2496 464 GREGOR/E'
3589 389 3692 444 suo

461 487 668 561 νοηκὼς
699 487 773 552 ὡς
807 491 1066 560 ὁπότερον
1110 491 1176 544 ἂν
1220 491 1328 545 τῶν
1362 492 1427 560 τῇ
1453 491 1673 557 γυναικῖ¹
1720 490 1995 562 ῥηθέντων
2031 494 2261 560 γένοιτο,
2311 497 2601 566 ἐπιζήμιόν
2647 513 2708 550 τε
2765 499 2856 552 καὶ
2897 499 3070 554 ἀκλεᾶ
3133 499 3234 572 τὴν
3303 502 3444 556 κατὰ
3475 502 3570 556 τοῦ
3599 519 3695 556 σα-

460 585 670 654 τράπου
735 585 890 645 νίκην
941 585 1036 638 τοῦ
1076 583 1342 656 βασιλέως
1387 581 1590 652 τίθησι,
1641 581 1712 634 τά
1756 599 1815 634 τε
1864 582 2202 650 κομισθέντα
2245 586 2504 658 χρήματα
2544 587 2682 652 τέως
2748 587 3018 660 ἐλάμϐανε
3044 627 3064 658 ,
3127 591 3223 644 καὶ
3267 591 3388 644 ἀντὶ
3427 591 3538 646 τῶν
3599 593 3681 644 ετι

406 703 415 713 ·
458 675 828 749 ὀφειλομένων
857 674 985 746 ἐξῆς
1024 677 1206 748 ὅμηρα
1270 675 1338 728 τὰ
1369 676 1584 744 ἐκείνης
1621 674 1836 743 δέχεται
1898 675 2088 740 τέκνα,
2145 679 2241 732 καὶ
2304 679 2477 742 οὕτως
2520 680 2798 752 ἐλεύθερον
2861 681 3056 752 ἀφίησι
3109 683 3200 738 τὸν
3251 683 3418 754 ἄνδρα
3474 683 3546 754 τῇ
3594 700 3694 752 γυι-

460 775 630 830 ναικί.

528 865 692 946 564
719 867 854 927 XVI.
886 870 998 927 Hoc
1025 869 1326 926 certamine
1358 869 1492 938 imp.
1531 883 1788 938 prospere
1829 873 1886 922 et
1913 867 2014 920 sim

2209 865 2323 931 ις’.
2365 865 2472 916 Τοῦ
2499 865 2562 935 δὴ
2599 865 2843 920 τοιούτου
2875 869 3328 939 στρατηγήματος
3361 871 3606 942 εὐτυχῶς
3633 887 3693 926 τε

458 965 688 1018 vulnere
725 961 903 1024 ﬁnito,
950 961 1003 1016 ei
1057 960 1207 1015 aliud
1257 960 1519 1032 quiddam
1564 959 1750 1015 evenit
1801 959 2014 1030 majoris

2126 955 2222 1008 καὶ
2259 957 2589 1026 τραυμάτων
2631 957 2754 1026 δίχα
2793 958 2870 1028 τῷ
2917 958 3133 1028 βασιλεῖ
3180 961 3469 1030 γεγονότος
3501 963 3692 1030 ἕτερον

458 1049 746 1114 momenti,
780 1049 867 1103 vel
902 1047 1088 1118 potius
1112 1050 1358 1104 omnium
1389 1063 1510 1118 quas
1542 1047 1870 1104 moliebatur
1909 1063 2014 1102 ma-

2124 1046 2430 1114 ἐπιγίνεται
2474 1049 2680 1118 μεῖζον,
2713 1049 2916 1118 μᾶλλον
2945 1051 3002 1105 δὲ
3039 1051 3150 1106 τῶν
3193 1053 3343 1124 αὐτῷ
3381 1055 3692 1120 σπουδαζοο

457 1139 664 1192 simum
694 1149 746 1192 et
775 1138 1184 1208 gravissimum,
1211 1148 1268 1194 et
1300 1139 1444 1209 quod
1485 1139 1678 1194 melius
1707 1147 1763 1194 et
1785 1137 2024 1194 mirabi-

455 1227 585 1290 lius.
638 1235 756 1284 sine
806 1229 916 1282 ullo
963 1229 1152 1282 labore
1204 1223 1828 1298 comparatumeedia
1871 1229 2020 1282 enim

455 1329 642 1378 testate
669 1335 774 1390 qua
808 1321 986 1376 arista:
1033 1335 1304 1375 messores
1339 1329 1396 1375 et
1425 1321 1744 1376 collectores
1774 1319 2024 1390 postula-
2065 1339 2074 1348 -

456 1413 607 1480 bant,
641 1429 764 1468 cum
797 1421 1035 1482 quatuor
1071 1411 1312 1468 millibus
1363 1413 1608 1482 equitum
1662 1414 1731 1468 ab
1772 1413 2021 1484 Hyrcano

453 1519 646 1558 socero
672 1503 911 1572 acceptis
939 1513 994 1558 et
1023 1519 1147 1558 cum
1173 1503 1388 1560 eteteris
1410 1505 1640 1574 imperio
1661 1519 1762 1560 suo
1785 1504 2021 1560 subditis

453 1595 719 1651 militibus
739 1595 1000 1650 Romanis
1026 1595 1309 1650 Matthtrus
1329 1595 1464 1664 imp.
1488 1596 1852 1652 Cantaeuzeni
1876 1596 2022 1650 ﬁlius

455 1688 672 1743 transiit
716 1687 994 1758 angustias
1053 1690 1196 1742 circa
1249 1687 1634 1757 Cbristopolim
1689 1699 1746 1742 et
1811 1687 2021 1742 vicinas

458 1777 830 1846 Philipporum
855 1777 1020 1832 urbes
1047 1778 1302 1841 vastavit,
1333 1777 1384 1830 in
1420 1777 1612 1847 primis
1639 1786 1818 1832 autem
1845 1777 2022 1847 regio-

453 1884 552 1923 nes
602 1885 722 1938 quae
757 1869 842 1922 his
868 1868 1112 1924 contines
1145 1879 1293 1932 sunt,
1342 1866 1616 1923 Romanas
1643 1868 1890 1936 quidem,
1922 1867 2018 1924 sed

451 1975 517 2014 ex
568 1961 731 2029 longo
778 1967 1024 2028 tempore
1060 1957 1316 2012 Triballis
1369 1959 1636 2012 subditas.
1685 1958 1842 2024 Quod
1892 1971 2016 2012 cum

452 2045 723 2103 Triballus
739 2049 829 2116 qui
844 2047 1139 2117 provinciae
1163 2047 1234 2100 illi
1250 2046 1573 2115 eoﬁtempore
1588 2043 1874 2114 praefectus
1892 2052 1944 2098 et
1963 2043 2018 2098 in

450 2141 616 2196 urtnis
639 2149 779 2204 erat,
795 2141 1170 2208 comperisset,
1194 2137 1472 2191 lliattltazus
1494 2137 1625 2205 imp.
1661 2136 1712 2189 vi
1736 2137 2015 2206 copiarum

450 2245 748 2301 oppressus
799 2238 854 2285 et
901 2229 1018 2294 ipse
1063 2229 1221 2282 vivus
1251 2236 1445 2296 captus
1481 2237 1582 2279 est.
1619 2222 1776 2293 Capti
1825 2233 2010 2278 autem

451 2331 578 2377 sunt
604 2337 730 2376 cum
759 2335 826 2376 eo
867 2319 980 2376 fere
1011 2333 1200 2374 omnes
1238 2319 1332 2388 qui
1367 2317 1422 2372 in
1467 2318 1654 2385 praelio
1686 2315 1864 2385 gladio
1905 2331 2014 2370 non

449 2415 616 2469 occisi
659 2421 839 2468 erant.
880 2411 995 2466 Hoc
1031 2411 1302 2473 nuntiato,
1338 2411 1470 2478 imp.
1502 2408 1788 2464 confestim
1835 2406 2016 2463 Lesbo

451 2506 728 2577 proiectus
751 2503 825 2558 ibi
854 2517 978 2560 cum
1007 2503 1192 2571 copias
1216 2500 1434 2556 navales
1471 2499 1784 2569 reliquisset
1813 2509 1870 2554 et
1893 2513 2018 2570 quae

452 2598 520 2654 ad
552 2597 836 2652 Phocaeam
866 2591 1287 2663 Oppugnandam
1316 2591 1639 2660 spectabant
1663 2600 2016 2660 praeparasset

452 2699 510 2745 et
547 2687 878 2743 instituisset
905 2727 920 2748 ,
951 2684 1124 2753 passis
1158 2683 1294 2738 velis
1326 2682 1540 2738 navalia
1572 2683 1714 2736 circa
1740 2681 2014 2736 Abderam

455 2783 738 2852 ingressus
787 2787 868 2833 est
891 2818 906 2842 ,
958 2785 1015 2832 et
1049 2775 1175 2830 hinc
1205 2776 1410 2846 legatos
1437 2774 1587 2830 misit
1615 2774 1684 2828 ad
1713 2773 2014 2830 Triballum

453 2873 548 2944 qui
585 2871 860 2941 captivum
896 2867 1118 2923 tenebat
1147 2866 1495 2930 Manlianum,
1539 2874 1596 2920 et
1625 2881 1748 2922 eum
1779 2881 1848 2922 eo
1875 2867 2016 2921 ami-

456 2965 584 3020 cttia
618 2963 752 3017 inita
775 2969 966 3015 mutua
995 2966 1052 3012 et
1081 2958 1328 3026 pecuniis
1349 2957 1493 3011 datis
1527 2972 1637 3010 non
1671 2957 1858 3022 paucis
1887 2973 2012 3012 eum

453 3057 512 3112 in
552 3061 870 3134 potestatem
907 3061 1058 3105 suam
1090 3047 1322 3117 accepit,
1357 3055 1413 3102 et
1443 3047 1590 3102 misit
1612 3063 1735 3102 eum
1759 3047 1918 3119 565
1946 3049 2000 3104 in

455 3145 733 3204 Tenedum
763 3143 994 3198 insulam
1029 3155 1136 3193 una
1175 3153 1299 3192 cum
1326 3138 1578 3208 conjuge,
1602 3139 1806 3194 liberos
1832 3149 2011 3194 autem

451 3241 574 3311 ejus
607 3233 996 3294 custodiendos
1039 3231 1190 3286 dedit
1236 3245 1441 3300 genero
1488 3231 1559 3284 ab
1603 3245 1790 3285 sorore
1819 3231 2013 3286 Latino

451 3347 519 3386 eo
549 3339 792 3397 tempore
823 3324 998 3380 Lesbo
1035 3323 1224 3376 insula:
1257 3320 1564 3391 imperanti.
1600 3321 2014 3392 Expugnaverat

453 3423 600 3476 enim
634 3435 726 3473 rex
757 3427 917 3472 antea
959 3416 1107 3470 bello
1144 3413 1388 3468 Gratiani
1426 3414 1614 3468 urbem
1649 3415 1702 3467 iu
1735 3431 1840 3484 qua
1879 3415 2012 3470 Mat-

2127 1137 2302 1206 μένων
2333 1140 2394 1192 τὸ
2425 1141 2683 1208 μέγιστόν
2713 1159 2771 1194 τε
2819 1143 2915 1196 καὶ
2948 1143 3360 1212 κραταιότατον,
3408 1149 3504 1202 καὶ
3533 1148 3594 1202 τό
3621 1167 3687 1217 γε

2125 1225 2333 1294 βέλτιον
2357 1228 2453 1280 καὶ
2481 1228 2941 1300 θαυμαστότερον,
2963 1231 3045 1284 ὅτι
3075 1233 3168 1286 καὶ
3193 1231 3288 1298 ξὺν
3309 1233 3489 1288 οὐδενὶ
3515 1239 3684 1304 πόνῳ.

2133 1317 2446 1388 Ἱσταμένου
2476 1320 2585 1390 γάρ
2614 1321 2714 1392 ἤδη
2747 1319 2839 1374 τοῦ
2876 1322 3088 1392 θέρους,
3122 1324 3216 1378 καὶ
3253 1325 3363 1380 τῶν
3397 1327 3686 1396 ἀσταχύων

2123 1410 2586 1480 προκαλουμένων
2643 1413 2769 1474 τοὺς
2829 1413 3083 1482 θεριστὰς
3133 1417 3230 1470 καὶ
3293 1418 3686 1488 ἀμαλλοδέτας,

2120 1501 2593 1571 τετρακισχιλίους
2626 1504 2824 1566 ίππέας
2861 1505 3170 1576 βαρϐάρους
3195 1507 3504 1579 ἀνειληφὼς
3547 1528 3690 1581 πεμρ

2122 1590 2354 1659 φθέντας
2382 1591 2536 1662 παρᾶ
2565 1594 2658 1648 τοῦ
2705 1596 2972 1666 Ὑρκανοῦ
2999 1596 3094 1650 τοῦ
3129 1599 3384 1670 γαμϐροῦ
3416 1599 3688 1665 Ματθαῖος

2120 1686 2149 1736 ό
2205 1683 2460 1751 βασιλεὺς
2522 1689 2550 1739 ὁ
2601 1687 2696 1740 τοῦ
2753 1687 3212 1758 Καντακουζηνοῢ
3269 1693 3422 1756 υίὸς,
3478 1695 3573 1747 καὶ
3633 1695 3689 1748 εί

2119 1774 2185 1847 [ἰ.
2217 1775 2324 1830 2'”-
2457 1793 2601 1840 τινες
2632 1775 2744 1830 εἷεν
2786 1782 2854 1850 τῇ
2885 1779 3050 1834 αὑτοῦ
3085 1781 3318 1852 βασιλίδι
3369 1783 3687 1848 ὑπείκοντες

2121 1865 2459 1934 στρατιῶται
2499 1865 2762 1936 Ῥωμαῖοι
2803 1872 2933 1940 περὶ
2978 1870 3039 1923 τὸ
3067 1869 3338 1942 Βωλερὸν,
3372 1875 3468 1928 καὶ
3493 1873 3684 1938 διαϐὰς

2118 1958 2216 2019 τὰς
2291 1961 2420 2028 περὶ
2477 1959 2914 2030 Χριστούπολιν·
2944 1963 3322 2031 ἐστενωμένας
3393 1965 3683 2034 παρόδους,

2119 2047 2368 2116 ἐληῖζετο
2417 2049 2487 2102 τὰ
2523 2049 2783 2104 ἐπέκεινα
2837 2051 3119 2106 Φιλίππων
3169 2054 3363 2120 ἄστεα,
3404 2054 3606 2123 μᾶλλον
3636 2055 3681 2106 δ’

2121 2137 2223 2190 ὅσα
2269 2139 2526 2208 περίοικα
2576 2140 2789 2206 τούτοις
2835 2141 3012 2214 χωρία
3051 2142 3341 2211 Ῥωμαίων
3389 2144 3486 2212 μὲν
3529 2145 3682 2209 ὄντα,

2120 2230 2338 2299 ὑπήκοα
2363 2230 2420 2283 δὲ
2453 2231 2776 2300 Τριϐαλλοῖς
2813 2233 2878 2286 ἐκ
2908 2231 3130 2286 πολλοῦ.
3159 2234 3225 2288 Ὃ
3269 2236 3684 2302 προεγνωκότος

2117 2315 2214 2368 τοῦ
2249 2317 2348 2385 τὴν
2379 2315 2562 2387 χώραν
2613 2317 2832 2386 ἐκείνην
2885 2319 3192 2390 τηνικαῦτα
3234 2321 3514 2383 διέποντος
3555 2320 3684 2388 Τρι-

2117 2401 2338 2464 ϐαλλοῦ,
2376 2406 2471 2456 καὶ
2515 2404 2867 2466 ἀντιστάντος
2911 2405 2968 2456 ἐν
3015 2403 3224 2470 ὅπλοις,
3279 2407 3489 2477 ἡττήθη
3541 2408 3683 2462 κατὰ

2118 2493 2315 2562 κράτος
2361 2491 2639 2556 Ματθαῖος
2669 2496 2699 2547 ὁ
2735 2494 3014 2564 βασιλεὺς,
3043 2495 3140 2550 καὶ¹
3179 2497 3323 2552 ἑάλω
3369 2501 3467 2567 μὲν
3515 2500 3682 2564 αὐτὸς

2119 2581 2249 2649 ζῶν,
2282 2583 2526 2638 ἑάλωσαν
2548 2585 2604 2637 δέ
2633 2585 2729 2639 καὶ
2757 2586 2806 2638 oi
2839 2586 2958 2656 μετ’
2983 2584 3147 2640 αὐτοῦ
3188 2587 3374 2656 σχεδὸν
3413 2588 3678 2654 ἅπαντες⁹

2117 2673 2233 2728 ὅσοι
2271 2674 2346 2746 μὴ
2368 2675 2554 2744 ξίφους
2578 2675 2737 2744 ἔργον
2767 2677 2823 2730 ἐν
2851 2678 2918 2746 τῇ
2949 2677 3103 2748 μάχῃ
3145 2679 3488 2748 γεγένηνται.
3510 2680 3682 2732 Τοῦτο

2121 2765 2310 2836 μαθὼν
2337 2767 2364 2820 ό
2391 2767 2647 2837 βασιλεὺς
2685 2771 2822 2838 ἄρας
2872 2771 2936 2820 ἐκ
2965 2769 3193 2834 Λέσϐου,
3221 2768 3350 2822 ἔνθα
3380 2770 3680 2842 τηνικαῦτα

2116 2860 2214 2928 τὴν
2245 2859 2507 2928 ναυτικὴν
2537 2860 2826 2914 διανέπαυε
2865 2859 3098 2929 δύναμιν
3141 2861 3236 2914 καὶ
3290 2860 3361 2912 τὰ
3406 2861 3542 2930 πρὸς
3576 2877 3675 2912 πο-

2116 2947 2362 3019 λιορκίαν
2403 2951 2674 3004 Φωκαέων
2723 2951 3070 3004 συντείνοντα
3115 2951 3442 3022 ήτοιμάζετό
3472 2967 3532 3005 τε
3581 2953 3680 3006 καὶ

2115 3040 2540 3110 προηυτρέπιζε,
2593 3043 2858 3112 πλήρεσιν
2918 3043 3110 3100 ἱστίοις
3171 3043 3426 3112 καταίρει
3485 3044 3547 3105 ἐς
3608 3045 3678 3098 τά

2115 3129 2275 3202 πέριξ
2342 3133 2617 3200 Ἀϐδήρων
2675 3136 2925 3188 ἐπίνεια·
2987 3134 3082 3188 καὶ
3139 3135 3397 3206 πρέσϐεις
3462 3134 3677 3189 ἐκεῖθεν

2113 3217 2418 3290 πεπομφὼς
2489 3221 2566 3288 τῷ
2634 3221 2726 3274 τὸν
2783 3220 3064 3276 Ματθαῖον
3114 3226 3400 3293 κατέχοντι
3455 3223 3676 3292 δέσμιον

2112 3309 2418 3378 Τριϐαλλῷ,
2452 3309 2547 3363 καὶ
2587 3308 2770 3378 φιλίαν
2822 3309 2946 3372 δοὺς
2973 3310 3067 3363 καὶ
3109 3309 3312 3378 λαϐὼν,
3343 3312 3438 3365 καὶ
3479 3311 3676 3382 δώροις

2111 3402 2170 3454 ού
2221 3401 2436 3469 μικροῖς
2485 3398 3049 3469 φιλοφρονησάμενος,
3095 3399 3306 3472 είληφε.
3353 3401 3464 3456 Καὶ
3511 3402 3675 3455 αὑτὸν

455 3513 580 3568 ιιικὶ
613 3525 745 3564 uxor
775 3523 898 3562 cum
932 3507 1122 3561 liberis
1169 3505 1467 3558 habitabat.
1526 3504 1604 3558 lbi
1653 3514 1836 3560 autem
1883 3520 2006 3560 cum

2116 3493 2217 3560 μὲν
2263 3491 2484 3559 δέσμιον
2520 3491 2656 3559 πρὸς
2687 3491 2914 3544 Τένεδον
2954 3491 3163 3562 πέμπει
3191 3492 3289 3562 τὴν
3329 3492 3492 3561 νῆσον
3535 3490 3674 3562 ὁμοῦ

453 3603 663 3661 litteras
711 3602 897 3672 plures
939 3615 968 3653 a
1021 3598 1290 3668 Byzantiis
1336 3598 1589 3672 Mattbmo
1636 3599 1772 3652 clam
1819 3599 2010 3653 missas

459 3671 748 3764 antequam
774 3701 965 3760 captus
991 3699 1109 3746 erat
1139 3671 1612 3756 invenisset,'qua2
1641 3688 1856 3742 illorum
1885 3703 2010 3756 erga

452 3801 578 3840 eum
620 3781 1054 3838 benevolentiam
1107 3787 1161 3832 et
1209 3777 1445 3832 favorem
1497 3777 1862 3840 testabantur,
1901 3792 2010 3830 una

456 3877 673 3932 illorum
699 3873 928 3930 insidias
953 3873 1006 3925 in
1033 3869 1418 3939 Palteologum,
1441 3883 1534 3922 rex
1557 3869 1716 3932 aliam
1747 3867 1852 3922 sibi
1883 3883 2012 3942 ope-7

455 3983 572 4024 ram
613 3967 716 4022 sub
764 3964 1017 4020 manibus
1069 3978 1191 4018 esse
1241 3960 1547 4024 simulans,
1599 3961 1704 4014 iter
1733 3960 1899 4014 vertit
1944 3957 2009 4012 ad

452 4075 611 4118 suum
639 4060 811 4130 ipsius
835 4055 1180 4112 commodqu
1215 4052 1499 4117 tuendum,
1531 4061 1586 4107 et
1611 4051 1829 4105 silentio
1871 4051 2010 4105 clam

453 4153 714 4209 omnibus
755 4149 1116 4204 familiaribus
1147 4146 1466 4216 Byzantium
1515 4159 1574 4198 se
1629 4144 1862 4198 contulit
1904 4158 2011 4198 una

451 4257 574 4300 cum
607 4241 930 4304 trireme,et
973 4239 1050 4294 ibi
1102 4254 1130 4290 a
1181 4235 1399 4290 nemine
1443 4235 1826 4306 Byzantiorum
1863 4235 2014 4304 prius

449 4335 702 4404 cognitus
729 4339 814 4387 est
843 4347 1003 4398 quam
1041 4329 1242 4398 regiam
1275 4328 1496 4383 domum
1539 4327 1795 4382 intrasset
1834 4337 1887 4381 et
1929 4341 2014 4382 τοι

447 4423 628 4499 ginam
658 4429 770 4494 ipse
796 4423 1104 4478 salutasset.
1123 4421 1274 4486 Quod
1305 4435 1428 4475 cum
1449 4419 1729 4488 Hyrcanus
1749 4419 2013 4490 Bithyniae

454 4527 668 4584 satrapa
695 4513 1036 4580 accepisset,
1083 4509 1253 4564 multo
1292 4509 1545 4564 crebrius
1573 4524 1697 4562 eum
1730 4507 2013 4577 legationi-

450 4608 556 4660 bus
586 4601 834 4659 incitavit
859 4609 919 4653 ut
951 4599 1186 4653 reditum
1215 4597 1545 4652 acceleraret
1574 4605 1794 4666 propter
1822 4597 1916 4650 lilii
1949 4597 2014 4649 li—

451 4697 791 4754 berationem
818 4734 833 4758 ,
883 4691 990 4745 nisi
1033 4703 1295 4743 novarum
1333 4689 1624 4742 turbarum
1655 4697 1712 4742 et
1743 4688 2012 4744 tumultus

451 4798 674 4841 causam
701 4783 844 4836 inter
867 4779 1143 4835 Romanos
1165 4777 1279 4830 fieri
1303 4776 1474 4846 ipsius
1492 4777 1801 4832 tarditatem
1825 4779 2006 4832 vellet.

2111 3587 2176 3652 τῇ
2204 3581 2444 3652 συζύγῳ,
2480 3583 2547 3635 τὰ
2577 3583 2634 3635 δὲ
2671 3583 2836 3636 τέκνα
2869 3582 3163 3650 φυλάττειν
3209 3587 3438 3654 παρέχει
3475 3585 3552 3654 τῷ
3585 3585 3674 3638 ἐπ’

2110 3677 2312 3747 ἀδελφῇ
2343 3673 2577 3746 γαμϐρῷ
2606 3677 2840 3744 Λατίνῳ,
2873 3674 2950 3744 τῷ
2996 3676 3301 3746 τηνικαῦτα
3331 3677 3542 3731 Λέσϐου
3571 3679 3674 3747 τῆς

2111 3773 2276 3841 νήσου
2304 3769 2746 3840 ἐπιτροπεύοντι.
2783 3766 2964 3836 Ἔφθη
3007 3768 3115 3834 γὰρ
3147 3768 3372 3833 πολέμῳ
3403 3767 3672 3837 προειλη-

2113 3863 2227 3931 φὼς
2261 3865 2288 3916 ὁ
2319 3861 2571 3931 βασιλεὺς
2615 3861 2709 3912 καὶ
2733 3861 2830 3928 τὴν
2863 3858 3164 3926 Γρατιανοῦ
3207 3858 3382 3922 πόλιν,
3415 3861 3471 3912 ἐν
3575 3861 3675 3910 καὶ

2111 3954 2144 4022 ἡ
2188 3951 2469 4005 Ματθαίου
2511 3951 2652 4018 μετὰ
2698 3949 2806 4001 τῶν
2850 3947 3053 4001 τέκνων
3101 3943 3235 4017 ᾤκει
3279 3949 3434 4016 γυνή.
3481 3948 3672 4002 Ὁπότε

2112 4045 2244 4112 παρ’
2275 4043 2408 4112 αὐτῇ
2458 4044 2554 4094 καὶ
2583 4040 2890 4110 γράμματα
2939 4037 3173 4108 εὓρηται
3211 4038 3520 4102 Βυζαντίων
3547 4039 3676 4091 πολι

2113 4135 2240 4198 λῶν,
2303 4133 2476 4202 λάθρα
2533 4133 2797 4198 Ματθαίῳ
2859 4131 3188 4197 πεμπόμενα
3255 4131 3387 4200 πρὶν
3441 4129 3670 4194 ἁλῶναι,

2110 4225 2395 4278 δεικνύντα
2434 4219 2531 4293 τὴν
2566 4222 2712 4290 σφῶν
2749 4225 2885 4289 πρὸς
2915 4221 3077 4274 αὑτὸν
3115 4222 3332 4274 εὔνοιαν
3377 4225 3470 4274 καὶ
3516 4237 3674 4286 στορ-

2111 4313 2234 4380 γὴν,
2292 4311 2387 4362 καὶ
2451 4311 2548 4363 ὅσα
2613 4309 2875 4363 ἐπίϐουλα
2943 4309 3084 4360 κατά
3147 4308 3241 4360 τοῦ
3305 4309 3672 4374 Παλαιολόγου

2113 4399 2588 4463 συνεσκευάζοντο.
2625 4399 2702 4452 Δι’
2739 4399 2772 4451 ἃ
2802 4399 2865 4468 δὴ
2897 4399 2989 4451 καὶ
3018 4397 3116 4469 τὴν
3145 4397 3248 4450 ἀνά
3288 4401 3476 4466 χεῖρας
3503 4399 3674 4468 ἄλλην

2111 4491 2345 4560 σπουδὴν
2393 4495 2419 4542 ὁ
2471 4489 2722 4558 βασιλεὺς
2775 4487 3165 4558 ὑπερθέμενος.
3217 4490 3315 4554 τήν
3362 4504 3421 4539 τε
3477 4487 3672 4556 στολὴν

2111 4583 2310 4652 ἠμειψε
2341 4582 2470 4649 πρὸς
2504 4581 2563 4631 τὸ
2591 4578 3017 4648 ἰδιωτικώτερον,
3064 4577 3128 4649 μ.
3149 4577 3254 4631 252
3281 4577 3331 4649 ὁ]
3367 4580 3456 4632 καὶ
3493 4579 3672 4630 λαθὼν

2110 4677 2315 4737 πάντας
2357 4675 2594 4732 οἰκείους
2636 4669 2736 4742 ἧκε
2792 4670 3032 4735 σπεύσας
3065 4673 3143 4734 εἰς
3193 4671 3489 4731 Βυζάντιον
3529 4671 3670 4740 μετὰ

2114 4767 2238 4837 μιά,
2274 4766 2554 4834 τριήρους.
2589 4765 2696 4816 Καὶ
2724 4763 2824 4816 οὐκ
2853 4763 3121 4830 ἔγνωσται
3153 4761 3461 4825 Βυζαντίων
3490 4764 3672 4815 οὐδενὶ

451 4871 586 4944 ltnp.
619 4874 784 4942 igitur
814 4878 1076 4940 quantum
1111 4867 1224 4921 ﬁeri
1257 4866 1436 4935 potuit
1462 4867 1739 4920 mmnibus
1761 4867 2003 4937 Byzantii

2113 4861 2237 4929 πρὶν
2287 4857 2545 4942 εἰρελθείν
2589 4859 2668 4916 εἰς
2717 4853 2782 4907 τά
2831 4853 3076 4921 βασίλεια
3133 4855 3229 4906 καὶ
3275 4853 3370 4923 τὴν
3422 4853 3672 4921 βασιλίδα

449 4963 730 5034 oppressis
763 4968 959 5031 praeter
985 4959 1230 5012 omnium
1264 4957 1577 5025 opinionem
1605 4957 1747 5010 intra
1779 4957 2014 5025 quadra-

447 5057 599 5128 ginta
633 5053 747 5108 dies
777 5067 883 5106 una
930 5065 1054 5104 eum
1089 5049 1312 5116 trireme
1347 5062 1508 5115 quam
1544 5047 1829 5100 celerrime
1865 5047 2010 5100 recli-

449 5159 563 5204 tum
589 5145 777 5202 habuit
801 5163 814 5198 :
845 5144 936 5198 sed
967 5153 1257 5210 antequam
1278 5152 1527 5194 reversus
1543 5146 1688 5192 esset
1709 5137 2006 5192 Romanam

445 5242 676 5296 classem
708 5237 990 5304 conspexit
1036 5232 1354 5303 Byzantium
1398 5229 1740 5297 navigantem
1772 5267 1787 5292 ,
1843 5227 2006 5296 idque

447 5329 598 5384 nullo
623 5328 792 5397 ipsius
821 5327 997 5395 jussu,
1025 5325 1096 5376 ita
1126 5333 1184 5374 ut
1213 5329 1422 5374 tantum
1452 5335 1559 5373 non
1589 5318 1878 5372 stationem
1911 5318 2005 5372 dc-

445 5421 710 5474 seruisset
762 5413 924 5484 566
972 5412 1230 5465 omnibus
1269 5409 1434 5480 regiis
1483 5409 1720 5462 mandati
1771 5409 2003 5466 vinculis

446 5507 710 5576 abruptis.
753 5501 1166 5558 Pet-tendebant
1193 5510 1372 5554 autem
1406 5513 1466 5554 se
1493 5500 1820 5552 necessitate
1845 5513 2002 5552 coac-

447 5609 530 5655 tos
553 5598 773 5654 Tenedo
803 5593 1120 5664 Byzantium
1155 5607 1404 5646 reversos
1443 5607 1586 5653 esse,
1634 5601 1852 5659 propter
1885 5589 2003 5642 ino—

447 5690 588 5742 niam
622 5687 1052 5744 necessariorum
1080 5725 1094 5747 ,
1139 5697 1316 5748 neque
1351 5683 1584 5746 amplius
1621 5691 1869 5734 constare
1903 5695 1998 5746 po-

453 5777 614 5833 .uisse
641 5777 1024 5836 classem.sine
1057 5773 1406 5836 imperatore.
1441 5771 1616 5826 iratus
1646 5772 1806 5830 igitur
1841 5770 1996 5838 imp.,

2103 4948 2454 5002 ἀσπάσασθαι
2487 4947 2584 4998 σὺν
2623 4945 2880 5014 ἰδιωτικῷ
2931 4943 3010 5013 τῷ
3042 4945 3304 5012 σχήματι.
3335 4945 3521 4998 Ταῦτα
3563 4961 3668 5012 μα-

2101 5041 2210 5093 θὼν
2247 5041 2511 5109 Ὑρκανὸς
2540 5040 2566 5090 ὁ
2594 5039 2690 5106 τῆς
2723 5035 2975 5098 Βιθυνίας
3015 5039 3297 5106 σατράπης
3335 5037 3666 5107 Βαρϐάρων.

2101 5131 2418 5202 πρεσϐείαις
2447 5131 2605 5182 αὑτὸν
2633 5128 2988 5196 πυκνοτέραις
3012 5127 3362 5196 ἐπιταχύνειν
3386 5130 3670 5198 ἠνάγκαζε

2100 5227 2196 5294 τὴν
2241 5225 2498 5278 ἐπάνοδον
2558 5222 2870 5290 ἐλευθερίας
2923 5223 3084 5278 ἕνεκα
3129 5223 3221 5276 τοῦ
3273 5225 3453 5288 υίέος,
3487 5227 3535 5277 εί
3589 5228 3668 5298 μὴ

2103 5317 2345 5386 βούλοιτο
2374 5315 2679 5370 σκανδάλων
2711 5309 2804 5368 καὶ
2833 5315 3077 5385 θορύϐων
3114 5313 3271 5376 αὖθις
3301 5317 3476 5386 ἀρχὴν
3509 5335 3670 5386 γεγο-

2102 5407 2247 5459 νέναι
2287 5407 2428 5458 κατὰ
2473 5403 2758 5471 Ῥωμαίων
2782 5409 2879 5474 τὴν
2909 5405 3073 5458 αὐτοῦ
3113 5407 3440 5476 βραδυτῆτα.
3481 5407 3666 5461 Σπεύ-

2107 5515 2202 5559 σας
2234 5493 2325 5550 οὖν
2354 5500 2381 5550 ὁ
2409 5497 2683 5566 βασιλεὺς,
2725 5497 2816 5548 καὶ
2845 5495 2918 5558 ὡς
2952 5497 3076 5562 ἐνῆν
3121 5499 3247 5556 τοὺς
3289 5499 3346 5548 ἐν
3381 5495 3670 5569 Βυζαντίῳ

2073 5589 2366 5658 ,θορύϐους
2415 5588 2896 5657 καταστησάμενος
2927 5589 2983 5649 ἐς
3027 5587 3087 5640 τὸ
3130 5589 3306 5656 πάντη
3353 5589 3670 5645 ἀνύποπτον

2104 5679 2252 5738 ἐντος
2287 5679 2508 5746 ἡμερῶν
2555 5679 2987 5748 τεσσαράκοντα,
3022 5679 3158 5744 μετὰ
3206 5681 3334 5747 μιᾶς
3377 5680 3476 5748 τὴν
3507 5683 3666 5748 ταχί-

2107 5788 2238 5838 στην
2278 5770 2485 5838 ἀνήχθη
2517 5771 2798 5838 τριήρους.
2843 5771 3000 5824 Ἀλλά
3051 5773 3179 5836 πρὶν
3212 5770 3529 5836 ἀναχθῆναι,
3565 5773 3666 5824 τὸν
