4134 6286
459 381 555 437 501
1433 370 1872 433 ΒΥΖΑΝΤΙΝᾹΞ
1906 368 2024 430 ΗΙΕ

2124 368 2291 429 ἨΙᾸΞ
2320 368 2462 431 LIB.
2492 367 2790 433 XXXVII.

3578 361 3695 447 50,2-

472 495 774 563 Ῥωμαϊκὸν
795 493 983 544 ἐθεᾶτο
1019 491 1202 545 στόλον
1225 493 1281 555 ἐς
1304 489 1595 553 Βυζάντιον
1619 488 2020 553 καταπλέοντα,

2125 501 2155 541 a
2181 486 2403 541 navium
2432 485 2662 542 ducibus
2697 493 2757 540 ut
2790 500 2889 556 par
2926 492 3047 541 erat
3078 498 3299 554 pcenam
3330 484 3476 538 illico
3523 487 3682 554 petiit

460 586 667 655 οὓδαμῆ
714 584 858 638 κατὰ
912 584 1140 653 γνώμην
1187 583 1374 649 αὐτοῦ,
1424 584 1508 636 ὅτι
1552 582 1629 653 μὴ
1662 581 2024 651 λειποτακτή·

461 678 633 732 σαντά
656 695 716 730 τε
748 678 845 731 καὶ
876 678 1084 740 πάντας
1110 678 1343 744 δεσμοὺς
1385 677 1703 746 προσταγῆς
1733 674 2023 744 βασιλικῆς

460 771 872 841 ἀπορρήξαντα,
907 771 1000 824 καὶ
1026 770 1086 832 ὲς
1127 769 1425 833 Βυζάντιον
1457 770 1521 822 ἐκ
1567 767 1793 821 Τενέδου
1831 765 2025 820 παλιν-

457 863 810 932 δρομήσαντα
854 861 923 915 δι’
973 861 1241 930 ἀνάγκην,
1274 860 1349 925 ὡς
1392 860 1653 929 ἔφασκον,
1689 859 1799 914 τῶν
1829 859 2025 927 ἐπιτη-

459 952 616 1006 δείων
648 952 819 1022 άρδην
863 954 1226 1007 ἐπιλιπόντων
1253 952 1533 1017 ἁπάντων,
1562 952 1657 1004 καὶ
1704 950 1889 1020 μένειν
1921 948 2023 1002 οὐκ

460 1044 544 1096 έτι
573 1044 713 1097 κατὰ
742 1046 927 1114 χώραν
950 1044 1255 1114 δυναμένης
1294 1044 1393 1112 τῆς
1437 1043 1699 1112 ναυτικῆς
1732 1041 2021 1113 ἀναρχίας.

471 1131 779 1199 Ὀργισθεὶς
815 1131 909 1185 οὖν
941 1134 1053 1196 τοῖς
1084 1131 1378 1201 ναυάρχοις
1427 1131 1521 1185 καὶ
1552 1131 1621 1183 τὰ
1653 1131 1840 1184 εἰκότα
1896 1132 2022 1183 ἐπιο

455 1222 703 1291 τιμήσας
746 1221 836 1275 διὰ
885 1220 1134 1291 βραχέων
1178 1221 1260 1292 (τὸ
1298 1222 1408 1292 γάρ
1437 1221 1538 1291 τῆς
1561 1220 1717 1291 ὥρας
1746 1219 1933 1275 στενὸν
1960 1218 2020 1270 ού

459 1314 720 1380 παρεῖχεν
747 1313 1091 1382 εὐρυχωρίαν
1128 1313 1205 1383 τῷ
1256 1314 1484 1381 πλείονι)
1520 1313 1619 1381 τῆς
1652 1310 2021 1382 προκειμένης

456 1400 634 1469 εἴχετο
666 1402 925 1471 σπουδῆς,
954 1404 1019 1474 τῇ
1049 1401 1302 1474 βασιλικῇ
1331 1392 1614 1474 ναυαρχίδι
1646 1405 1900 1472 μονήρεις
1929 1401 2024 1453 δύο

460 1492 629 1557 μόνας
658 1491 1000 1560 ἐπαγόμενος
1052 1495 1456 1563 συμπλεούσας.
1489 1494 1551 1569 [Γ.
1583 1494 1690 1549 275
1741 1494 1818 1565 b.]
1868 1494 2025 1547 Ἐπεὶ

456 1578 500 1629 δ’
534 1577 661 1648 ἄχρι
691 1580 783 1632 καὶ
834 1580 891 1643 ἐς
932 1581 1330 1653 Προικόννησον
1378 1578 1446 1653 ῆν
1489 1584 1815 1653 ἀφιγμένος,
1846 1582 2022 1646 ἔδοξεν

455 1669 665 1723 ἐκεῖθεν
702 1670 888 1737 δεξιάν
919 1672 977 1739 ἐξ
1008 1673 1201 1741 ἐφόδου
1245 1673 1321 1743 τῷ
1362 1674 1615 1746 ’Υρκανῷ
1647 1673 2021 1744 πεπομφέναι,

454 1761 554 1828 τὴν
584 1760 793 1814 ἐκείνου
820 1763 1045 1834 καρδίαν
1069 1764 1437 1835 ἠρεθισμένην
1477 1765 1558 1826 είς
1587 1764 1824 1834 ὑποψίας
1856 1780 2023 1818 σκανα

2125 577 2242 632 sine
2272 592 2419 631 mora
2463 578 2744 648 (temporis
2806 577 2953 632 enim
2997 576 3240 632 brevitas
3279 577 3685 631 cunctationem

2123 668 2325 722 nullam
2391 667 2643 734 admisit,
2699 677 2757 724 et
2824 682 2912 722 res
2962 666 3192 739 urgebat
3261 668 3681 737 maximopere).

2122 758 2331 815 Deinde
2362 758 2578 825 duabus
2612 766 2819 813 tantum
2856 758 3203 813 uniremibus
3233 759 3394 829 regiae
3427 760 3552 812 navi
3585 760 3684 812 ad-

2118 851 2342 922 junctis,
2362 866 2487 905 cum
2522 866 2694 920 usque
2726 851 2793 906 ad
2823 845 3253 906 Prmconnesum
3282 851 3541 916 venisset,
3570 854 3685 920 ipsa

2124 945 2179 999 iu
2211 944 2298 998 via
2332 942 2381 999 ei
2411 943 2545 999 utile
2575 944 2754 999 visum
2783 952 2867 999 est
2892 942 3142 1015 Hyrcano
3182 942 3480 997 amicitiam
3508 942 3687 997 decla-

2132 1047 2278 1097 rare,
2314 1040 2375 1087 ut
2404 1033 2651 1097 animum
2687 1033 2805 1103 ejus
2835 1033 2949 1102 jam
2979 1032 3048 1087 ad
3077 1032 3446 1101 suspicionem
3464 1034 3530 1085 de
3560 1047 3687 1099 pcr-

2123 1122 2250 1177 ﬁdia
2287 1139 2613 1194 propensum
2636 1124 2819 1179 denuo
2852 1124 2956 1179 sibi
2988 1125 3391 1187 reconciliaret,
3419 1133 3474 1178 et
3503 1124 3575 1177 ita
3604 1138 3681 1188 re,

2124 1230 2230 1271 non
2261 1216 2720 1291 verbo,probaret
2756 1215 2888 1285 imp.
2940 1217 3183 1269 animum
3226 1217 3498 1285 integrum
3541 1229 3684 1276 esse,

2122 1322 2301 1377 neque
2319 1309 2492 1362 ullum
2515 1308 2699 1363 dolum
2723 1307 3054 1377 expeditioni
3079 1308 3455 1361 intervenisse.
3481 1305 3685 1359 Deinde

2123 1415 2247 1457 cum
2277 1400 2453 1470 plenis
2478 1401 2614 1455 velis
2636 1398 2874 1471 primum
2902 1400 3184 1455 Tenedum
3230 1400 3564 1468 appulisset,
3610 1398 3684 1451 ibi

2122 1489 2465 1545 deliberabat
2490 1491 2555 1545 de
2582 1492 2691 1545 [ilio
2717 1490 2949 1561 Hyrcani
2985 1498 3040 1546 et
3070 1491 3137 1545 de
3169 1489 3563 1557 redemptionis
3596 1504 3689 1555 pe-

2123 1582 2300 1636 cuniis
2326 1597 2445 1649 quae
2468 1580 2842 1637 Pbocensibus
2869 1574 3152 1645 darentur,
3184 1591 3242 1635 et
3269 1579 3336 1635 de
3368 1578 3553 1633 uxoris
3579 1578 3688 1631 fra-

2125 1686 2207 1732 tre
2238 1674 2511 1739 Matthaeo,
2561 1673 2656 1743 qui
2695 1674 2902 1729 Tenedi
2946 1674 3002 1731 in
3040 1688 3169 1727 arce
3200 1671 3505 1725 cusloditus
3540 1677 3692 1724 tenc~

2125 1766 2304 1832 batur,
2344 1774 2399 1820 et
2428 1773 2652 1836 propter
2678 1780 2839 1834 quem
2888 1763 3108 1819 silentio
3138 1762 3504 1818 moliebantur
3547 1761 3692 1817 sedi-

455 1851 629 1905 δάλων
677 1828 1136 1922 ἐξομαλίνσουσαν,
1190 1828 1286 1908 καί
1342 1828 1667 1925 πράγμασιν
1707 1828 1779 1908 ὀύ
1840 1854 2020 1923 λόγοις

2124 1828 2351 1922 tionem,
2383 1828 2512 1925 quid
2531 1828 2546 1836 ’
2572 1828 2881 1910 faciendum
2924 1864 3091 1909 esset.

456 1942 736 2008 δείξουσαν
779 1944 839 1997 τὸ
876 1944 977 2013 τῆς
1020 1946 1311 2017 βασιλικῆς
1355 1948 1581 2018 γνώμης
1617 1946 1929 2015 ἀκήρατον,
1988 1945 2064 2008 ὡς
2122 1945 2273 2008 δόλος
2321 1946 2497 2005 οὐδεὶς
2545 1945 2820 2013 μεσιτεύει
2868 1947 2983 2007 τοῖς
3032 1944 3374 2012 πράγμασιν.
3426 1944 3581 1997 Μετὰ
3636 1944 3691 1996 δὲ

456 2038 629 2091 ταῦτα
698 2039 967 2110 πλήρεσιν
998 2041 1190 2105 ἱστίοις
1219 2043 1276 2106 ὲς
1331 2043 1557 2097 Τένεδον
1588 2042 1807 2112 πρῶτον
1838 2042 2087 2110 ἀφῖκται,
2131 2040 2555 2109 βουλευσόμενος
2610 2042 2789 2091 ἐκεῖσε
2849 2039 3011 2109 σχολῇ
3069 2040 3194 2108 περί
3242 2057 3301 2091 τε
3347 2038 3457 2091 τοῦθ
3504 2038 3693 2098 παιδὸς

467 2134 737 2204 Ὑρκανοῦ
804 2140 896 2191 καὶ
941 2139 1050 2203 τῶν
1077 2139 1219 2209 ὑπὲρ
1249 2141 1413 2195 αὐτοῦ
1476 2141 1761 2195 Φωκαεῦσι
1821 2137 2199 2211 δοθησομένων
2244 2138 2479 2207 λύτρων,
2514 2137 2607 2190 καὶ
2638 2136 2776 2205 πρός
2821 2152 2885 2203 γε
2951 2136 3080 2204 περὶ
3131 2136 3225 2187 τοῦ
3261 2135 3693 2202 γυναικαδέλφου

454 2226 761 2292 Ματθαίου,
798 2229 857 2291 ὃς
912 2230 1321 2300 φρουρούμενος
1372 2232 1472 2299 μὲν
1516 2226 1585 2302 ἦν
1627 2234 1692 2300 τῇ
1726 2230 1834 2284 τῶν
1864 2230 2128 2283 Τενεδίων
2168 2227 2483 2298 ἀκροπόλει,
2523 2225 2610 2281 διά
2651 2227 2697 2280 δ’
2728 2226 2890 2280 αὑτὸν
2930 2226 3296 2295 νεωτερισμός
3336 2243 3418 2288 τις
3451 2224 3697 2293 ὲξηχεῖτο

456 2321 740 2388 λαθραίος,
797 2323 893 2375 καὶ
963 2323 1064 2376 ὅσα
1132 2326 1227 2379 ἐπὶ
1276 2324 1487 2387 τούτοις
1547 2325 1806 2393 πράττειν
1866 2319 2063 2391 χρεών.

532 2418 628 2471 IZ’.
658 2418 768 2471 Καὶ
805 2419 980 2473 ταῦτα
1012 2420 1112 2487 μὲν
1151 2421 1273 2489 τῇδέ
1304 2436 1379 2489 πη
1412 2418 1666 2488 ἐφέρετο,
1693 2418 1786 2472 καὶ
1826 2417 1887 2471 τὸ
1924 2434 2020 2486 με-

2194 2412 2358 2468 XVII.
2395 2412 2522 2467 Haec
2570 2411 2736 2483 igitur
2771 2412 2844 2466 ita
2881 2426 2939 2467 se
2976 2410 3308 2475 habuerunt,
3351 2421 3407 2465 et
3440 2422 3694 2467 auctum-

457 2508 707 2578 τόπωρον
750 2511 806 2563 ὲν
851 2510 1062 2574 τούτοις
1103 2502 1359 2565 ἐτελεύτα
1386 2528 1399 2542 ·
1430 2510 1538 2575 ἐγὼ
1593 2509 1639 2563 δ’
1682 2508 2020 2577 έπανάληψιν

2125 2522 2230 2562 nus
2254 2508 2462 2561 interea
2490 2504 2685 2559 ﬁnivit.
2709 2503 2827 2559 Jam
2856 2519 2985 2559 vero
3012 2520 3111 2574 ego
3136 2519 3259 2559 cum
3292 2505 3397 2558 huc
3426 2505 3690 2565 venerim.

462 2598 712 2668 μετρίαν,
749 2601 999 2655 ἐνταυθοί
1035 2602 1129 2655 τοῦ
1152 2603 1312 2670 λόγου
1344 2603 1660 2672 γενόμενος,
1687 2601 2020 2669 ποιήσασθαι

461 2689 725 2760 βούλομαι
776 2693 884 2745 τῶν
917 2695 1028 2748 άνω
1084 2712 1187 2746 που
1237 2694 1542 2765 εἰρημένων
1591 2693 1722 2762 ὑμῖν
1752 2691 2023 2763 περὶτῶν

459 2784 555 2835 τοῦ
590 2783 825 2854 Παλαμᾶ
871 2786 1006 2855 πρὸς
1048 2787 1194 2856 ἡμᾶς
1242 2786 1549 2851 διαλέξεων,
1584 2786 1670 2838 ἵνα
1712 2785 1785 2854 μὴ
1836 2783 2025 2855 πόρρω

462 2890 567 2926 που
594 2878 694 2945 τῆς
728 2877 947 2946 μνήμης
980 2877 1070 2931 τὸν
1096 2877 1285 2946 εἱρμὸν
1330 2877 1539 2930 ἐκεῖνον
1568 2875 1818 2944 ἀφέντες,
1850 2874 2025 2926 λάθω·-

466 2983 568 3036 μεν
597 2967 1003 3032 ἀπολωλεκότες
1031 2969 1100 3024 τὰ
1132 2969 1534 3038 ἀναγκαιότατα
1564 2970 1664 3038 τῆς
1689 2965 2023 3037 δογματικῆς

462 3056 809 3125 ὑποθέσεως.

2127 2599 2396 2654 modicam
2429 2613 2619 2652 eorum
2656 2613 2776 2667 quae
2808 2612 2975 2666 supra
3012 2597 3171 2667 567
3201 2597 3267 2651 de
3295 2597 3524 2650 Palama:
3562 2612 3695 2651 cou-

2130 2702 2211 2747 tra
2238 2707 2340 2747 nos
2363 2692 2826 2761 disputationibus
2856 2690 3013 2745 vobis
3041 2689 3694 2759 exposui,repetitionem

2129 2785 2325 2840 faciam
2347 2826 2361 2850 ,
2395 2799 2466 2838 ne
2492 2784 2544 2836 in
2585 2782 2946 2852 sequentibus
2980 2796 3163 2836 rerum
3196 2795 3338 2835 nexu
3364 2795 3397 2834 e
3432 2780 3696 2834 memoria

2129 2877 2354 2940 amisso,
2402 2890 2467 2929 ea
2507 2891 2627 2944 quae
2678 2876 2763 2931 vel
2817 2875 3050 2930 maxime
3085 2871 3393 2928 necessaria
3445 2881 3575 2926 sunt
3627 2871 3696 2925 ad

2130 2967 2489 3040 dogmaticam
2525 2966 2830 3023 doctrinam
2861 2967 3174 3037 perdamus.
