4134 6286
505 357 608 424 503

1697 377 2115 439 NICEPHORI
2155 383 2534 444 GREGORE
3617 383 3722 449 504

1773 502 2422 520 :m-_g__.-_—__
2430 512 2550 518 __._.
2561 511 2684 519 ...ι-.-
2701 511 3096 520 σ-ςσ--ἐ--ν

2587 511 2684 519 η...
2701 509 3708 546 ,α--φπκη

2431 525 2583 535 ——.—_

1665 671 2535 796 ΜΑΡΤΥΡΙΟΝ

844 889 1282 1062 ΤΟΥ
1392 897 2070 1070 ΑΓΙΟΥ

2181 904 3381 1083 ΚΟΔΡΑΤΟΥ

1539 1173 1736 1262 ΚΑΙ
1807 1180 2034 1267 ΤΩΝ
2109 1181 2326 1270 ΣΥΝ
2400 1183 2694 1274 ΑΥΤΩ

1430 1356 1522 1410 ΕΝ
1611 1359 1912 1430 ΚΟΡΙΝΘῼ
2001 1359 2137 1415 ΤΗΣ
2198 1363 2796 1425 ζΠΕΛΟΠΟΝΝΗΣΟΥ.

634 1654 1804 1816 MARTYRIUM
1943 1661 2620 1820 SANCTI
2775 1667 3605 1826 CODRATI

1766 1945 1894 2023 ΕΤ
1959 1945 2472 2027 SOCIORUM

1561 2119 1945 2182 CORINTHI
1989 2122 2072 2182 IN
2115 2123 2690 2190 PELOPONNESO

1451 2281 1836 2346 AUCTORE
1873 2283 2368 2350 NICEPHORO
2396 2285 2832 2349 GREGORA'

501 2447 592 2500 (ες
620 2447 789 2496 codice
821 2447 1048 2497 Bavarico
1075 2447 1208 2497 eruit
1238 2451 1290 2497 et
1321 2445 1684 2508 interpretatus
1708 2451 1787 2495 est
1819 2443 2095 2556 Reihtliollgiiis
2112 2447 2359 2569 gehnilllls),
2386 2448 2648 2500 Societatis
2673 2449 2814 2500 Iesu.
2838 2477 2893 2487 —
2915 2453 3032 2499 Acta
3055 2452 3152 2501 SS.
3178 2449 3398 2501 Bolland.
3432 2453 3489 2501 ad
3512 2453 3645 2502 diem
3672 2455 3727 2504 ιο

1944 2523 1968 2556 a
2059 2543 2076 2566 ,
2165 2524 2228 2557 tn.
2311 2547 2322 2557 .

1944 2523 2076 2566 artu,
2112 2523 2228 2557 tom.
2263 2523 2322 2558 ιι.

1817 2775 2045 2837 CAPUT
2087 2778 2379 2836 PRIMUM.

1517 2896 1577 2953 S.
1610 2895 1830 2952 ϐοάν-αιὶ
1866 2898 2062 2967 patria,
2089 2897 2196 2951 vita
2223 2903 2347 2949 ante
2373 2899 2707 2966 martyrium.

574 3027 628 3082 l.
663 3021 842 3096 Magni
892 3023 1151 3096 martyris
1183 3022 1406 3079 Codrati
1461 3023 1628 3079 vitam
1679 3038 1905 3080 narrare
1963 3039 2050 3093 ag-

2223 3030 2292 3075 a'.
2342 3023 2496 3092 Ἐμοὶ
2529 3024 2584 3077 δὲ
2629 3025 2722 3079 τὸν
2767 3043 2861 3080 του
2899 3042 3139 3096 μεγαιου
3192 3027 3471 3100 μάρτυρος
3507 3028 3716 3100 Κοδρᾶ-

496 3117 766 3189 ετούἰοιιιί
833 3115 1010 3182 mihi,
1064 3130 1174 3169 non
1243 3115 1500 3169 humanis
1563 3115 1828 3170 duntaxat
1896 3114 2060 3169 rebus

495 3205 800 3268 immorari,
866 3204 963 3260 sed
1022 3204 1410 3259 miraculorum
1470 3204 1634 3259 etiam
1696 3204 2056 3274 quorumdam

494 3296 946 3352 excellentiorum
978 3295 1096 3360 Dei,
1152 3295 1354 3364 quibus
1383 3303 1438 3350 et
1470 3301 1722 3349 recentes
1753 3304 1810 3349 et
1840 3295 2056 3363 antiqui

492 3389 624 3444 libri
659 3386 958 3452 abundant,
983 3386 1297 3442 meminisse
1323 3401 1606 3441 necessum
1641 3395 1744 3452 est,
1795 3401 1862 3439 ne
1905 3385 2059 3438 audi-

496 3489 582 3535 tor
623 3478 958 3548 intelligens,
1020 3492 1186 3548 quam
1230 3476 1512 3542 inusitata,
1573 3490 1848 3546 quamque
1883 3473 2055 3528 divini

492 3570 653 3640 plena
683 3568 937 3624 Numinis
972 3567 1141 3624 fuerit
1178 3566 1320 3622 ratio
1365 3582 1549 3621 rerum
1600 3569 1800 3631 omnis,
1848 3580 1970 3634 qua:
2026 3581 2056 3619 a

492 3661 688 3731 primis
717 3659 958 3715 infantia
1011 3660 1168 3714 annis
1204 3658 1279 3713 illi
1309 3657 1646 3728 obtigerunt,
1678 3657 1837 3711 fidem
1859 3656 2057 3712 habere

493 3751 629 3805 mihi
653 3748 991 3804 reformidet.
1023 3748 1100 3802 Ac
1133 3748 1258 3803 illos
1297 3746 1543 3817 quidem,
1589 3745 1683 3816 qui
1736 3745 2055 3800 saacularem

490 3849 550 3894 et
590 3839 848 3894 humanis
905 3837 1196 3894 all‘ectibus
1254 3839 1416 3908 plane
1477 3837 1766 3892 obnoxiam
1814 3834 2054 3890 materia

491 3943 727 3988 nassam
762 3931 1032 3994 redolent,
1059 3929 1330 4000 quidquid
1354 3944 1383 3983 a
1419 3928 1578 3983 nobis
1609 3929 1823 3983 dicatur
1858 3927 1925 3980 ad
1956 3940 2054 3980 na-

493 4033 630 4079 turae
679 4037 928 4077 normam
987 4020 1291 4091 exigentes,
1355 4019 1615 4072 inducere
1674 4016 2051 4072 dillicillimum

490 4106 682 4173 luerit,
734 4115 795 4162 ut
841 4106 1045 4176 aliquid
1097 4107 1338 4176 cogitent
1395 4107 1482 4161 illa
1536 4105 1823 4161 sublimius
1861 4119 1874 4155 :
1906 4104 2052 4174 quod

491 4199 818 4269 quibusdam
847 4198 1000 4268 quasi
1026 4199 1281 4260 vinculis,
1311 4197 1623 4252 nullatenus
1655 4195 2050 4260 Iolerabilibus,

492 4291 834 4360 tyrannicum
865 4289 920 4341 in
951 4288 1170 4341 modum
1201 4286 1470 4350 adstricti,
1531 4294 1692 4353 atque
1733 4286 1787 4339 in
1847 4295 2050 4339 terram

2164 3133 2260 3168 του
2323 3117 2438 3186 βίον
2468 3117 2779 3187 διηγεῖσθαι
2831 3118 3205 3190 προελομένῳ,
3265 3117 3318 3171 εῐ
3354 3136 3440 3181 τις
3484 3119 3558 3188 μὴ
3591 3120 3720 3172 ἁπι-

2167 3211 2313 3260 στεῖν
2356 3209 2552 3273 ἐθέλοι,
2596 3210 2811 3263 ἀκούων
2861 3210 3151 3282 καινότερά
3179 3228 3300 3264 τινα
3346 3209 3600 3278 θεότητος
3628 3211 3717 3278 γέ-

2169 3316 2360 3367 μοντα,
2389 3300 2482 3353 ἐπ’
2509 3301 2660 3372 αὐτῷ
2705 3301 3073 3373 πεπραγμένα
3117 3303 3245 3372 ἄρτι
3280 3301 3479 3372 κομιδῆ
3525 3304 3721 3371 τυγχά-

2165 3406 2310 3442 νοντι
2352 3391 2552 3461 νηπίῳ,
2611 3389 2787 3463 χρεὼν
2832 3391 2906 3460 μὴ
2962 3392 3074 3454 τοῖς
3121 3389 3484 3462 ἀνθρωπίνοις
3516 3389 3576 3442 τὸ
3605 3389 3720 3442 ὅλον

2164 3478 2441 3548 ἐμμένειν,
2477 3480 2614 3535 ἀλλά
2646 3497 2808 3534 τινων
2835 3481 2930 3533 καὶ
2957 3479 3245 3549 θειοτέρων
3283 3477 3595 3548 μεμνῆσθαι
3628 3475 3718 3528 τοῦ

2163 3569 2297 3623 Θεοῦ
2344 3571 2670 3640 τεραστίων,
2713 3565 2788 3624 ὦν
2837 3569 3050 3624 παλαιά
3094 3587 3153 3623 τε
3201 3571 3294 3622 καὶ
3337 3570 3431 3621 νέα
3480 3567 3718 3637 βρίθουσι

2162 3658 2486 3730 γράμματα.
2512 3661 2573 3712 Ol
2609 3661 2708 3730 μὲν
2744 3662 2852 3731 γὰρ
2884 3661 2982 3730 τῆς
3008 3660 3281 3730 κοσμικῆς
3307 3675 3368 3711 τε
3400 3659 3494 3712 καὶ
3520 3657 3720 3727 ἀνθρωο

2163 3750 2442 3815 ποπαθοῦς
2477 3751 2610 3822 ῦλης
2643 3753 2920 3816 πνέοντες,
2959 3753 3050 3804 καὶ
3075 3755 3141 3823 τῇ
3177 3750 3338 3820 φύσει
3359 3751 3429 3804 τὰ
3456 3751 3718 3820 λεγόμενα

2163 3841 2565 3912 σταθμώμενοι,
2617 3845 2780 3913 σχολῇ
2831 3844 2883 3910 γ’
2931 3843 2998 3898 ἂν
3029 3843 3166 3914 πρὸς
3208 3843 3548 3914 ὑψηλοτέραν
3593 3843 3718 3894 ἀνα-

2159 3931 2343 4002 χθετεν
2377 3933 2610 3999 ἔννοιαν,
2652 3933 2898 4004 ὡσπερεί
2935 3949 3046 3987 τισι
3079 3933 3299 4004 δεσμοῖς
3343 3929 3593 4000 οὐδαμῶς
3621 3946 3715 3998 φοι

2163 4021 2348 4090 ρητοῖς
2397 4019 2846 4090 τυραννούμενοι,
2891 4022 2984 4073 καὶ
3023 4021 3089 4090 τῇ
3132 4021 3204 4089 γῇ
3257 4016 3713 4088 προσκεκυφότες,

2161 4111 2254 4163 καὶ
2279 4111 2438 4180 μόνον
2461 4111 2522 4163 οὐ
2548 4111 2714 4181 λῆρον
2743 4109 3057 4180 ἡγούμενοι,
3087 4112 3186 4164 ὅσα
3213 4109 3278 4180 δὴ
3315 4107 3412 4180 τὴν
3442 4107 3716 4176 ἀνθρωπέ-
3749 4151 3754 4155 .

2160 4219 2258 4271 νην
2284 4201 2531 4272 στάθμην
2560 4201 2965 4271 ὑπερϐἐὸληκε,
2997 4201 3100 4254 κᾶν
3133 4201 3310 4254 αὐτῶν
3343 4202 3485 4270 φανῇ
3525 4199 3716 4254 δεικτέ-

2160 4293 2269 4346 λων
2298 4293 2457 4348 Θεοῦ.
2500 4287 2595 4357 Οἷς
2641 4293 2686 4345 δ’
2728 4293 2958 4363 εὐσεϐὴς
3011 4292 3412 4362 συντέθραπται
3463 4291 3716 4360 λογισμὸς

489 4376 674 4445 proni,
702 4375 884 4428 omnia
915 4390 1035 4443 quae
1074 4375 1438 4429 humanitatis
1468 4377 1711 4445 regulam
1759 4375 2050 4442 excedunt,

2160 4384 2253 4438 καὶ
2286 4383 2511 4452 ἀσχολία
2539 4386 2605 4437 τὰ
2648 4385 2777 4454 περὶ
2813 4383 2947 4436 Θεοῦ
2983 4382 3374 4451 φαντάζεσθαι,
3403 4381 3615 4441 τούτοις
3656 4381 3714 4430 οὐ

488 4465 704 4521 etiamsi
739 4465 834 4520 Dei
892 4465 1125 4534 digitum
1189 4465 1426 4520 habeant
1477 4467 1752 4536 opiﬁcem,
1805 4466 1896 4520 vix
1943 4481 2054 4521 non

489 4574 662 4629 nugas
681 4574 801 4614 esse
830 4558 1163 4612 existiment.
1183 4557 1288 4611 Alii
1307 4567 1486 4612 autem
1509 4559 1613 4628 piis
1636 4558 2056 4628 cogitationibus

489 4647 768 4712 innutriti,
806 4661 1043 4716 quorum
1070 4647 1361 4714 occupatio
1409 4655 1493 4701 est
1529 4647 1713 4700 divina
1771 4649 2052 4709 meditari,

489 4737 711 4807 negotio
763 4736 1185 4806 haudquaquam
1235 4736 1408 4790 arduo
1440 4751 1496 4790 se
1555 4738 1960 4806 prmparabunt,
1996 4748 2056 4791 ut

488 4827 949 4898 quemadmodum
986 4829 1096 4882 Deo
1134 4825 1359 4896 dignum
1393 4836 1501 4891 est,
1568 4828 1840 4882 mirabilia
1907 4831 2056 4883 exci-

485 4929 671 4997 piant;
705 4944 826 4998 qua:
855 4928 947 4982 ille
975 4937 1028 4980 et
1060 4928 1315 4996 plurima,
1371 4935 1428 4982 et
1483 4927 1901 4995 quibuscunque
1945 4928 2116 4983 voluit

489 5027 702 5094 busque
731 5024 938 5094 placuit
965 5023 1164 5089 modis,
1196 5021 1439 5078 ostendit
1467 5037 1530 5076 ac
1553 5031 1833 5090 operatur.

557 5116 615 5169 ἓ.
641 5115 712 5171 Ut
757 5115 992 5184 apatria
1057 5115 1334 5178 exordiar,
1397 5131 1518 5186 quae
1586 5130 1842 5184 magnum
1893 5115 2049 5170 nobis

488 5207 639 5260 hunc
686 5207 863 5258 virum
925 5205 1206 5275 produxit,
1262 5205 1496 5260 isthmus
1547 5206 1769 5274 quidam
1837 5207 2050 5275 longior

485 5293 850 5364 quauﬂatior
889 5297 953 5350 ad
977 5295 1318 5350 occidentem
1352 5296 1520 5349 solem
1581 5305 1807 5364 spectat,
1874 5309 2052 5352 extre-

485 5388 590 5442 mis
621 5386 878 5455 utrinque
907 5386 1020 5440 suis
1076 5387 1228 5456 quasi
1271 5386 1525 5440 manibus
1551 5388 1843 5455 porrectis,
1870 5387 2050 5441 boreae

489 5479 636 5539 hinc,
690 5477 820 5531 inde
877 5487 1068 5531 austro
1126 5492 1444 5541 occurrens,
1500 5487 1556 5532 et
1610 5477 2048 5548 Peloponnesum

485 5583 609 5621 cum
641 5569 847 5638 reliqua
885 5567 1092 5623 Graecia
1122 5569 1193 5622 ita
1224 5578 1576 5633 connectens,
1623 5580 1683 5623 ut
1711 5585 1887 5638 neque.
1911 5571 2049 5624 hanc

490 5657 558 5706 ab
609 5657 698 5711 illa
751 5657 1036 5712 discedere
1093 5657 1337 5720 omnino,
1393 5673 1574 5726 neque
1611 5658 2047 5726 Peloponnesum

491 5745 724 5800 insulam
758 5764 876 5804 esse
909 5749 1164 5818 patiatur,
1191 5749 1319 5801 dum
1343 5749 1758 5805 imminentibus
1788 5750 2043 5817 utrinque

2157 4469 2328 4540 πολλὴ
2351 4470 2638 4539 δυσχέρεια
2665 4469 2983 4538 θεοπρεπῶς
3010 4469 3236 4530 ἑαυτοὺς
3265 4468 3560 4520 διατιθέναι
3584 4465 3716 4536 πρός

2157 4577 2220 4625 γε
2270 4560 2334 4629 δὴ
2366 4558 2435 4612 τὰ
2484 4561 2578 4612 τοῦ
2630 4559 2766 4612 Θεοῦ
2816 4559 3115 4629 θαυμάσια,
3146 4557 3182 4610 ἃ.
3240 4557 3431 4621 πολλὰ,
3469 4557 3593 4610 καθ’
3627 4554 3718 4618 οὓς

2155 4649 2316 4710 αὐτὸς
2369 4648 2543 4702 ἐθέλει
2603 4651 2827 4718 χρόνους
2886 4650 2979 4702 καὶ
3036 4647 3285 4718 καιροὺς,
3343 4649 3438 4702 καὶ
3487 4644 3718 4700 οἷστισιν

2154 4739 2454 4809 ἀνθρώπων
2483 4741 2576 4792 καὶ
2604 4741 2750 4802 ὅπως
2779 4739 2908 4793 ποτὲ
2937 4738 3266 4792 ἐνδείκνυται
3297 4755 3357 4791 τε
3391 4739 3488 4790 καὶ
3514 4737 3717 4807 διενερ-

2155 4834 2262 4898 γεῖ.
3703 4894 3742 4913 α

2197 4929 2560 4999 temporibus,
2621 4937 2680 4982 et
2714 4928 2857 4983 circa
2919 4927 3168 4982 homines
3243 4926 3542 4996 quoslibet,
3598 4922 3719 4994 qui-

2227 5115 2294 5186 β’.
2336 5115 2505 5186 Ἀρχὴ
2547 5113 2604 5170 δέ
2648 5131 2741 5184 μοι
2771 5112 2865 5166 τοῦ
2910 5113 3070 5180 λόγου
3109 5110 3260 5182 ήτοῦ
3293 5111 3557 5176 Μεγάλου
3584 5128 3716 5181 προ-

2157 5207 2357 5260 κείσθω
2384 5206 2599 5275 πατρίς.
2652 5204 2863 5274 Ἰσθμός
2893 5203 2976 5267 τίς
3011 5204 3125 5255 ἐστι
3147 5203 3283 5270 πρὸς
3327 5201 3577 5271 ἑσπέραν
3603 5201 3720 5253 κεί-

2160 5315 2341 5366 μενος,
2374 5298 2532 5368 εῦρος
2561 5296 2660 5368 μὲν
2688 5296 2750 5348 οὐ
2787 5295 2974 5360 πολὺς,
3008 5295 3180 5364 μῆκος
3204 5293 3248 5345 δ’
3288 5292 3520 5344 ἐπιπολὺ
3554 5309 3721 5362 παρα·

2155 5389 2381 5444 τείνωνο
2437 5387 2570 5457 φαίη
2621 5387 2664 5440 δ’
2718 5386 2785 5440 ἄν
2842 5403 2926 5448 τις
2977 5384 3119 5448 ίδὼν,
3169 5383 3244 5444 ὼς
3289 5382 3576 5452 ἑκατέροις
3605 5385 3719 5444 τοῖς

2157 5480 2372 5549 ἄκροις,
2424 5478 2666 5546 ὡσπερεί
2715 5493 2826 5530 τισι
2868 5475 3048 5546 χερσὶ,
3087 5473 3250 5543 βορέᾳ
3301 5473 3400 5540 μὲν
3448 5476 3544 5527 καὶ
3583 5473 3718 5542 νότῳ

2159 5571 2546 5640 προσυπαντᾷ·
2578 5569 2676 5638 τὴν
2716 5568 2774 5620 δὲ
2804 5566 2899 5618 τοῦ
2937 5565 3174 5627 Πέλοπος
3217 5563 3426 5618 Ἐλλάδι
3456 5567 3521 5636 τῇ
3558 5564 3712 5631 λοιπῇ

2161 5658 2550 5728 προσμίγνυσι,
2585 5658 2707 5711 οὔτε
2757 5656 2961 5724 ταύτην
3009 5654 3226 5722 ἐκείνης
3271 5652 3598 5719 ἀφίστασθαι
3631 5653 3714 5704 τέ-

2161 5753 2303 5804 λειον
2349 5751 2775 5818 παραχωροῦσα,
2826 5751 2915 5803 καὶ
2974 5747 3072 5814 τὴν
3124 5745 3216 5799 τοῦ
3278 5743 3519 5808 Πέλοπος
3568 5746 3710 5800 παρὰ
