4134 6286
375 396 481 460 ξοδ

1678 412 1855 475 ΥΓΓΛ
1896 418 1955 477 S.
2001 414 2332 477 CODRATI

3520 423 3627 480 δυο

371 512 628 565 τοσοῦτον
682 512 743 565 τδ
805 518 1150 571 παντάπασιν
1208 516 1373 588 νῆσον
1433 514 1573 575 εἶναι
1628 524 1937 592 κωλύουσα,

2044 526 2201 595 aquis
2229 525 2467 580 medium
2497 540 2555 580 se
2596 526 2755 596 quasi
2794 524 3005 581 obicem
3053 541 3381 597 Illurilittt‘|;!t3
3441 531 3624 585 inter-

369 605 505 674 παρ’
535 605 659 659 ὅσον
682 606 1017 677 ἀμφοτέροις
1052 610 1164 672 τοῖς
1193 611 1537 682 ἑκατέρωθεν
1564 612 1754 670 ῦδασιν
1792 618 1944 670 ἀντι-

370 694 601 767 φράττει
628 697 1021 765 μεσιτεύουσα.
1052 700 1223 770 Ὅσης
1257 702 1358 771 μὲν
1386 699 1479 757 οῦν
1508 703 1666 777 ἔλαχε
1708 707 1808 779 τῆς
1836 709 1946 761 τῶν

367 788 529 858 ὡρῶν
559 787 859 857 εὐκρασίας
886 791 979 842 καὶ
1004 791 1107 858 τῆς
1141 792 1253 844 τῶν
1278 794 1455 848 ἄλλων
1494 798 1737 868 χάριτος,
1771 801 1945 854 ὁπόσα

371 881 451 940 εἰς
483 878 651 942 ἀκοὰς
683 877 987 949 ἀνθρώπων
1018 880 1166 935 ίόντα
1196 885 1258 938 οὐ
1284 886 1545 957 βραχείας
1569 891 1822 963 ἑμπιπλᾷ
1846 893 1945 963 τῆς

368 968 588 1038 ἡδονῆς,
627 970 723 1022 xal
749 969 823 1033 ὡς
849 971 1198 1027 ἐνιαυσιαίων
1242 974 1464 1030 κύκλων
1492 982 1722 1043 τακταῖς
1756 982 1944 1053 περιό-

365 1059 479 1124 δοις
525 1060 758 1114 ἐνταῦθα
811 1061 1107 1133 συνέρρεον
1166 1063 1436 1131 Ἐλλήνων
1487 1069 1698 1136 παῖδες,
1765 1072 1943 1126 ἄθλων

366 1151 484 1219 ἅμα
512 1152 605 1205 καὶ
628 1151 882 1205 ἐπάθλων
907 1152 1095 1219 ἕνεκα,
1130 1155 1191 1208 οὐ
1221 1156 1315 1210 τοῦ
1348 1160 1617 1229 παρόντος
1648 1163 1777 1225 ἴσως
1806 1162 1943 1229 διεξ-

370 1244 506 1296 ιέναι
557 1244 777 1313 καιροῦο
840 1246 989 1298 ἴσασι
1038 1246 1149 1317 γὰρ
1204 1247 1466 1315 ἅπαντες,
1519 1254 1632 1306 ὅσοι
1680 1255 1789 1308 τῶν
1844 1257 1942 1325 τῆς

365 1335 656 1406 ἑλληνικῆς
705 1336 897 1404 σοφίας
944 1340 1239 1409 κρατήρων
1266 1342 1359 1393 καὶ
1400 1344 1647 1396 ὁπωσοῦν
1704 1346 1944 1415 ἀπεγεύ-

367 1443 551 1480 σαντο.
586 1427 806 1495 Ταύτης
832 1430 1124 1497 τοιγαροῦν
1150 1432 1302 1502 παρὰ
1329 1433 1426 1502 τὴν
1454 1436 1589 1504 πρὶς
1618 1436 1769 1488 νότον
1790 1436 1941 1502 λῆξίν

364 1521 482 1569 ἐστι
514 1518 663 1580 πόλις
701 1521 733 1588 ἡ
780 1516 1058 1589 Κόρινθος,
1109 1523 1416 1594 περιφανὴς
1461 1527 1668 1579 ἄιωθεν
1701 1529 1796 1581 καὶ
1841 1543 1939 1581 1:0-

362 1608 738 1677 λυάνθρωπος,
791 1612 883 1664 καὶ
930 1613 1072 1676 θεοῖς
1106 1614 1207 1682 μὲν
1255 1617 1520 1685 πρότερον
1565 1618 1796 1689 ἐμπύρῳ
1833 1620 1943 1673 τινὶ

364 1703 573 1771 στοργῇ
630 1703 1062 1772 προσανέχουσα,
1129 1706 1222 1760 καὶ
1271 1705 1665 1780 δεισιδαιμονίᾳ
1714 1713 1941 1782 κάτοχος

2049 615 2224 682 ponit.
2283 615 2614 684 Temporum
2661 627 2844 671 autem
2898 618 3024 671 anni
3079 618 3403 672 constitutio
3461 635 3624 687 quam

2046 704 2280 773 benigna
2313 706 2383 760 ibi
2410 706 2499 773 sit,
2535 716 2739 777 quanta
2772 709 3003 762 aliarum
3037 725 3225 763 rerum
3255 723 3375 778 quae
3429 710 3495 764 ab
3525 712 3626 765 ho-

2047 800 2290 854 minibus
2324 814 2449 854 cum
2498 801 2781 870 voluptate
2827 816 2934 854 non
2985 800 3250 854 mediocri
3300 801 3625 864 audiuntur,

2044 893 2216 961 gratia
2246 908 2308 947 ac
2347 894 2659 956 ammnitas,
2710 893 2831 963 quis
2898 893 3215 948 Graicorum
3279 893 3408 947 olim
3467 903 3626 948 statis

2044 1000 2313 1039 annorum
2346 984 2589 1055 periodis
2616 985 2682 1039 ad
2731 986 3035 1039 certamina
3088 985 3250 1039 simul
3288 995 3343 1039 et
3399 986 3621 1056 prmmia

2044 1092 2369 1142 concursus,
2400 1092 2523 1130 cum
2557 1079 2763 1132 sciatur
2799 1081 2866 1131 ab
2909 1078 3166 1132 omnibus
3216 1077 3310 1147 qui
3355 1079 3622 1148 sapientia

2044 1164 2227 1220 Graaca
2255 1168 2758 1236 quomodocnnque
2788 1167 2936 1220 labra
2986 1168 3331 1237 proluerunt,
3401 1184 3506 1222 non
3542 1177 3626 1221 est

2044 1256 2187 1310 forte
2216 1274 2364 1311 nunc
2390 1272 2613 1310 narrare
2636 1266 3028 1325 opportunum.
3090 1255 3261 1321 llnjus
3288 1257 3452 1326 igitur
3485 1256 3625 1309 isth-

2044 1348 2116 1400 mi
2149 1348 2213 1401 ad
2243 1360 2495 1402 austrum
2535 1351 2668 1401 ﬁnes
2722 1350 2854 1401 urbs
2903 1347 3204 1401 Corinthus
3235 1348 3475 1416 attingit,
3508 1347 3624 1415 pri-

2046 1440 2147 1493 mis
2173 1442 2238 1493 ab
2269 1441 2440 1494 initiis
2471 1440 2614 1494 clara
2645 1452 2698 1494 et
2738 1440 2939 1508 populo
2975 1439 3257 1507 frequens,
3289 1440 3619 1507 ardentique

2043 1535 2244 1588 atTectu
2294 1534 2401 1587 diis
2434 1532 2678 1597 addicta,
2738 1547 2975 1602 quorum
3020 1532 3172 1585 omni
3230 1530 3624 1600 superstitione

2042 1625 2402 1679 fanaticorum
2438 1625 2492 1678 in
2530 1639 2742 1679 morem
2792 1635 3048 1692 correpta
3079 1632 3198 1678 erat
3239 1642 3252 1677 :
3285 1622 3462 1677 donec
3508 1636 3625 1676 tan-

2042 1721 2164 1774 dem
2191 1719 2493 1789 evangelici
2532 1717 2790 1789 praeconii
2828 1718 3225 1787 piscatoribus,
3274 1726 3390 1771 rete
3423 1717 3622 1770 salutis

362 1792 588 1864 ἁπάσηο
618 1794 711 1862 ἀφ’
738 1788 798 1847 οὗ
846 1794 890 1847 δ’
940 1797 988 1848 oi
1023 1798 1115 1849 τοῦ
1166 1799 1530 1874 εὐαγγελικοῦ
1577 1805 1937 1873 κηρύγματος

2042 1822 2244 1865 nostra:
2307 1826 2406 1881 per
2470 1810 2793 1865 universum
2849 1809 3040 1863 orbem
3095 1808 3428 1870 laxantibus,
3506 1808 3621 1876 ipsa

361 1881 534 1946 ἁλιεῖς
574 1883 673 1972 τὴν
716 1884 818 1953 τῆς
859 1883 1016 1954 ἡμῶν
1051 1889 1326 1959 σωτηρίας
1367 1892 1611 1963 σαγήνην
1652 1895 1719 1963 τῇ
1762 1894 1937 1947 οἰκου-

2041 1917 2260 1972 quoque
2291 1902 2565 1969 extemplo
2593 1900 2890 1971 salsuginis
2922 1900 3180 1970 abyssum
3206 1914 3424 1952 onmem
3453 1914 3620 1952 excu-

366 1972 503 2042 μένῃ
535 1971 808 2042 καθῆκαν,
853 1976 1049 2028 αὐτίκα
1101 1978 1165 2047 δὴ
1209 1980 1304 2031 καὶ
1352 1981 1490 2051 αῦτη
1552 1984 1731 2036 πάντα
1778 1984 1937 2053 βυθὸν

2040 1971 2207 2055 tiens,
2241 1991 2307 2046 ad
2338 1991 2493 2046 Pauli
2538 2006 2661 2045 sese
2696 1990 2891 2045 latices
2950 1991 3299 2043 transferret.
3338 1986 3458 2042 illic
3512 1988 3617 2041 Co-

361 2062 606 2131 ἁλμυρὸν
640 2064 1052 2134 ἀποσεισαμένη
1088 2068 1222 2136 πρὸς
1271 2069 1340 2121 τὰ
1373 2069 1467 2122 τοῦ
1501 2072 1717 2126 Παύλου
1771 2092 1937 2143 μετα-

2040 2083 2509 2153 dratigenitorcs,
2551 2083 2777 2152 pietate,
2816 2092 2870 2136 et
2913 2082 3167 2138 instituto
3210 2082 3335 2135 vitae
3392 2079 3458 2134 ad
3510 2080 3621 2133 vir-

358 2153 530 2221 χωρεῖ
560 2151 654 2204 καὶ
690 2152 1040 2218 μετατίθεται
1064 2155 1302 2218 νάματα.
1332 2156 1664 2228 Γεννητορες
1689 2159 1744 2213 δὲ
1779 2161 1935 2212 εὐσε-

2041 2181 2174 2235 tutis
2202 2194 2447 2233 normam
2479 2191 2696 2244 exacto,
2727 2178 3019 2233 nobilitate
3052 2179 3181 2231 item
3212 2175 3620 2243 luculentisquc

359 2239 483 2307 62f;
513 2239 605 2292 καὶ
637 2239 877 2311 ἐναρέτῳ
903 2241 1147 2313 διαγωγῇ
1180 2242 1594 2313 διαπρέποντες,
1634 2248 1729 2300 καὶ
1772 2264 1937 2317 προσ-

2040 2248 2615 2339 ορὶὺυέίιοτυετυιιιε
2648 2286 2752 2326 nec
2803 2281 2981 2326 tamen
3017 2271 3093 2325 illi
3127 2280 3245 2324 orto
3292 2268 3384 2322 tali
3441 2266 3617 2336 patria

360 2330 444 2381 έτι
474 2345 539 2396 γε
577 2330 833 2400 εὐγενείᾳ
893 2336 988 2384 καὶ
1035 2330 1251 2403 πλούτῳ
1296 2335 1453 2403 βαθεῖ
1498 2337 1932 2407 περιόρίθοντες.

2040 2330 2348 2431 talibusque
2379 2362 2700 2423 parentibus
2726 2362 2935 2431 perfrui
2996 2361 3116 2416 istis
3166 2360 3397 2413 multum
3433 2357 3615 2412 licuit.

385 2420 535 2518 ιξρλλὰ
565 2421 673 2530 γαρ
714 2420 972 2492 τοιαύτης
1017 2423 1116 2494 μὲν
1147 2425 1245 2494 τῆς
1292 2429 1568 2500 πατρίδος,
1601 2430 1857 2493 τοιούτων
1879 2430 1935 2484 δὲ

2040 2451 2211 2507 Annis
2237 2452 2480 2507 infantiae
2512 2454 2749 2508 necdum
2786 2454 3079 2514 absolutis,
3114 2451 3352 2506 moritur
3386 2450 3465 2504 illi
3503 2464 3617 2503 ma-

357 2507 470 2558 τῶν
504 2507 707 2576 γονέων
757 2511 1072 2580 γενόμενος,
1119 2514 1219 2567 οὐκ
1266 2516 1495 2571 ἐπιπολὺ
1541 2518 1748 2572 τούτων
1784 2521 1935 2574 ἀπώ-

2040 2550 2141 2605 ter,
2175 2543 2409 2597 moritur
2434 2552 2491 2597 et
2530 2552 2707 2613 pater,
2774 2543 2930 2597 brevi
2973 2544 3132 2610 plane
3167 2541 3461 2596 intervallo
3519 2555 3618 2593 na-

358 2613 511 2706 νατο,
543 2599 679 2652 ἀλλὰ
734 2603 864 2670 πρὶν
903 2602 936 2671 ἢ
966 2603 1066 2671 τὴν
1096 2603 1364 2678 βρεφικὴν
1387 2608 1681 2679 παρελθεῖν
1709 2612 1933 2683 ἠλικίαν

2040 2643 2176 2688 tura:
2219 2633 2469 2689 debitum
2500 2599 2731 2703 uterque
2745 2634 2985 2696 solvens,
3022 2643 3083 2688 ut
3109 2632 3616 2703 gignieiidotatitttni

357 2693 569 2759 οἴχεται
600 2693 699 2761 μὲν
732 2695 763 2760 η
802 2695 1008 2765 μήτηρ,
1041 2696 1248 2766 οἴχεται
1279 2699 1325 2753 δ’
1358 2702 1387 2754 ὁ
1441 2702 1647 2773 πατὴρ,
1696 2705 1755 2757 ἐν
1801 2693 1931 2775 βρα-

2040 2724 2271 2781 Codrato
2297 2728 2466 2780 vitam
2498 2724 2683 2794 adepti
2706 2724 3046 2786 viderentur,
3079 2737 3191 2791 quo
3220 2731 3348 2777 nato
3378 2721 3619 2789 migran-

358 2785 445 2856 χεῖ
473 2785 532 2837 τὸ
561 2786 739 2853 χρεὼν
791 2788 1145 2857 ἐπιτεμόντες
1182 2790 1433 2862 ἑκάτεροι
1459 2808 1475 2824 ·
1532 2793 1725 2866 ῶσπερ
1770 2796 1837 2850 ἂν
1883 2799 1930 2850 εἰ

2040 2816 2163 2871 dum
2198 2817 2333 2887 ipsis
2372 2831 2436 2871 ac
2476 2785 2677 2887 praeter
2741 2785 3112 2870 nativitatem-
3141 2813 3277 2867 nihil
3310 2812 3422 2867 filio
3461 2785 3618 2864 extu-

357 2873 426 2927 δι’
456 2876 611 2929 οὐδὲν
630 2878 821 2947 ἓτερον
849 2881 929 2944 είς
958 2879 1050 2932 τὸν
1081 2881 1197 2951 βίον
1228 2883 1592 2954 παρήχθησαν
1624 2886 1655 2955 ἦ
1680 2887 1779 2958 τῆς
1813 2889 1932 2942 τού-

2040 2907 2275 2963 bendum
2322 2916 2474 2964 esset
2531 2922 2749 2969 eorum,
2810 2907 3014 2976 quibus
3054 2916 3246 2959 natura
3308 2903 3618 2970 insitusque

355 2985 451 3022 του
483 2968 749 3038 γενέσεως
793 2972 977 3027 ἕνεκα.
1016 2973 1126 3026 Kal
1160 2974 1231 3028 δι’
1272 2976 1405 3030 αὐτό
1435 2976 1499 3046 γέ
1533 2995 1615 3032 τοι
1660 2980 1821 3060 τοῦτο
1852 2982 1930 3052 τῷ

2040 2998 2353 3069 parentibus
2377 2997 2432 3051 in
2459 2996 2625 3053 fastus
2656 2968 2810 3050 amor
2830 2968 3061 3066 defungi
3090 3002 3315 3064 cogunt,
3342 3001 3455 3046 tota
3479 2968 3618 3045 edu-

358 3062 461 3133 βίῳ
520 3064 697 3134 τούτῳ
745 3068 1233 3135 προσενεγκόντες,
1288 3065 1409 3123 εἷτα
1470 3071 1736 3143 ἀπῆλθον,
1792 3075 1928 3147 μηδέ

2040 3062 2268 3145 sationis
2303 3103 2402 3159 spe
2440 3088 2645 3159 rejecta
2697 3087 2753 3143 in
2783 3085 2977 3140 Deum.
3014 3062 3236 3154 vitaque
3271 3081 3518 3150 suscepit
3548 3080 3614 3135 il-

357 3153 523 3209 πλέον
567 3157 834 3222 γενέσεως
871 3161 1322 3232 συγχωρηθέντες
1353 3169 1793 3236 συνεισενεγκεῖν
1821 3169 1928 3223 τῶν

2040 3181 2144 3235 lum
2178 3178 2447 3234 Dominus
2477 3177 2627 3233 omni
2660 3176 2945 3232 hominum
2978 3191 3082 3245 ope
3140 3174 3467 3229 destitutum
3492 3172 3616 3242 (ne-

357 3247 456 3302 δσα
484 3250 644 3318 φύσις
676 3253 771 3303 καὶ
799 3253 996 3322 φίλτρα
1035 3255 1228 3321 γονέας
1259 3258 1623 3326 ἀφοσιοῦσθαι
1651 3278 1932 3331 καταναγ-

2040 3287 2146 3342 que
2175 3271 2321 3325 enim
2355 3270 2498 3326 solet
2528 3269 2807 3324 hominem
2841 3269 2894 3322 in
2953 3269 3131 3322 lucem
3185 3266 3356 3323 semel
3409 3266 3615 3321 editum

357 3342 594 3409 κάζουσι
626 3348 737 3408 τοῖς
768 3345 981 3399 ἑαυτῶν
1025 3344 1316 3418 βρέφεσινο
1356 3349 1494 3403 ἀλλὰ
1536 3353 1715 3406 πᾶσαν
1746 3354 1820 3416 ὡς
1853 3357 1932 3409 εἰ-

359 3438 481 3489 πεῖν
513 3437 850 3507 κηδεμονίας
895 3436 1088 3492 ἐλπίδα
1139 3441 1277 3508 πρὸς
1321 3440 1455 3496 Θεὸν
1501 3444 1926 3517 ἀναρρίψαντες.

367 3530 741 3598 Προσελόιεετο
774 3532 873 3601 μὲν
901 3527 996 3586 οῦν
1026 3534 1054 3585 ὁ
1085 3532 1289 3601 Κύριος
1326 3534 1486 3588 αὑτὸν
1517 3537 1699 3607 πάσης
1724 3539 1930 3609 ἔρημον

359 3621 707 3691 ἀνθρωπίνης
741 3624 869 3677 ὄντα
914 3625 1238 3694 ἐπικουρίας
1270 3626 1350 3697 (οὐ
1386 3626 1493 3698 γὰρ
1547 3628 1613 3683 ἂν
1638 3630 1726 3701 εἴη
1768 3632 1930 3685 τοῦτο

356 3711 522 3781 νόμος
564 3712 703 3766 Θεοῦ
763 3714 843 3775 είς
900 3712 1014 3781 φῶς
1058 3714 1207 3781 ἅπαξ
1251 3717 1667 3787 προεληλυθότα
1715 3720 1930 3792 ἄνθρω-

357 3820 461 3856 πον
505 3804 776 3875 παριδεῖν,
841 3803 901 3867 ὃς
951 3805 1136 3859 δίδωσι
1188 3808 1397 3876 τροφὴν
1433 3810 1581 3881 πάσῃ
1611 3813 1801 3880 σαρκὶ,
1838 3816 1934 3868 καὶ

354 3897 473 3957 τοῖς
526 3896 785 3967 κτήνεσιν
833 3896 1181 3963 ἐξανατέλλει
1234 3898 1449 3968 χόρτον,
1494 3901 1589 3954 καὶ
1637 3903 1806 3956 πᾶσιν
1854 3906 1936 3967 είς

356 3986 620 4060 εὔκαιρον
666 3989 765 4059 τὴν
803 3989 1010 4060 τροφὴν
1055 3990 1411 4060 πρυτανεύει)
1460 3992 1554 4045 καὶ
1605 3994 1803 4062 μικρὸν
1836 3997 1937 4064 τῆς

354 4081 466 4134 τῶν
492 4082 705 4136 πολλῶν
724 4083 1011 4153 ἐπιμιξίας
1034 4082 1363 4152 ἀπαγαγὼν,
1388 4086 1482 4137 καὶ
1513 4088 1595 4148 είς
1622 4088 1794 4157 ἀγρόν
1812 4105 1936 4143 τινα

355 4172 586 4240 ἀγαγὼν
621 4173 937 4244 προύνοεῖτο
963 4174 1154 4226 τούτου
1186 4173 1527 4241 παραδόξως,
1564 4176 1659 4229 καὶ
1687 4177 1936 4251 ἀπορῤή-

2039 3361 2184 3417 Deus
2220 3362 2519 3433 negligere.
2580 3360 2675 3430 qui
2712 3360 2805 3414 dat
2840 3374 3023 3415 escam
3082 3359 3235 3414 omni
3286 3356 3462 3417 carni,
3519 3356 3615 3423 qui

2030 3453 2298 3524 jumentis
2327 3452 2581 3521 producit
2615 3452 2846 3516 faenum,
2905 3460 2961 3506 et
2995 3451 3211 3505 cunctis
3276 3449 3331 3503 in
3371 3458 3619 3517 tempore

2036 3556 2349 3615 opportuno
2405 3545 2589 3600 cibum
2651 3546 2878 3615 praebet)
2941 3545 3280 3614 parvuloque
3330 3557 3358 3595 a
3408 3540 3617 3608 vulgari

2036 3634 2456 3690 conversatione
2494 3636 2547 3689 in
2594 3651 2784 3706 agrum
2836 3634 3128 3703 quemdam
3179 3633 3419 3687 abducto
3446 3631 3617 3683 mira-

2036 3725 2226 3780 biliter
2288 3726 2593 3796 prospexit,
2667 3735 2724 3780 et
2789 3724 3163 3780 ineil'abilibus
3209 3722 3408 3778 modis.
3471 3722 3618 3775 sicut

2036 3816 2321 3871 alumnum
2343 3815 2497 3869 illum
2517 3814 2691 3869 eremi
2718 3814 2849 3869 olim
2896 3812 3195 3868 Salvatoris
3230 3811 3616 3874 Prodromum,

2035 3909 2320 3964 enutrivit.
2355 3906 2506 3961 Unde
2536 3921 2684 3961 cura:
2709 3914 2765 3961 et
2808 3905 3171 3974 providentiae
3233 3904 3323 3958 Dei
3355 3903 3618 3957 commis—

2037 4016 2154 4066 sus,
2184 3999 2456 4069 sapientia
2488 3998 2655 4053 simul
2685 4006 2740 4052 et
2795 3998 2969 4068 gratia
2995 3997 3278 4051 crescebat
3332 4011 3395 4049 ac
3453 3994 3619 4065 profi-

2037 4093 2238 4158 ciebat,
2274 4092 2440 4147 variis
2470 4091 2619 4146 circa
2670 4107 2798 4147 eum
2832 4091 3115 4145 miraculis
3174 4089 3424 4160 quotidie
3486 4104 3621 4142 con-

2039 4184 2399 4255 tingentibus.

350 4283 467 4328 τοις
517 4266 745 4337 τρόποις
786 4266 1059 4335 διέτρεφε,
1126 4265 1381 4334 καθάπερ
1422 4267 1692 4336 πρότερον
1728 4270 1821 4322 τὸν
1866 4276 1966 4344 τῆς
2007 4276 2223 4346 ἐρήμου
2278 4276 2552 4346 τρόφιμον
2600 4278 2694 4329 καὶ
2732 4275 2826 4330 τοῦ
2898 4277 3152 4346 Σωτῆρος
3179 4277 3512 4347 Πρόδρομον.
3559 4273 3620 4325 '0

355 4358 399 4410 δ’
428 4361 533 4414 ὑπὸ
566 4360 685 4430 Θεῷ
720 4361 980 4428 κηδεμόνι
1011 4361 1104 4413 καὶ
1143 4357 1417 4429 προμηθεῖ
1460 4358 1662 4429 ηὔξανε
1726 4364 1821 4417 καὶ
1877 4368 2181 4423 ἐτελειοῦτο
2214 4371 2378 4438 σοφίᾳ
2418 4369 2514 4422 καὶ
2583 4372 2790 4441 χάριτι,
2837 4372 3099 4427 ποικίλων
3159 4375 3218 4426 ὲν
3261 4371 3410 4444 αὐτῷ
3436 4386 3618 4440 παρα-

355 4454 521 4519 δόξων
555 4454 831 4522 ὁσημέραι
865 4452 1227 4522 τελουμένων.

423 4551 493 4619 γ’.
532 4551 698 4603 Ἀλλὰ
745 4548 855 4618 γὰρ
901 4551 1140 4605 ἐνταῦθα
1168 4552 1262 4605 τοῦ
1310 4553 1472 4620 λόγου
1504 4556 1820 4625 γενόμενος,
1851 4559 1937 4610 ἐν-

2116 4562 2171 4616 5.
2205 4563 2382 4632 Atque
2407 4564 2516 4625 hic.
2580 4578 2689 4616 non
2743 4577 2964 4632 possum
3027 4561 3308 4631 equidem,
3369 4562 3621 4614 oratione

359 4643 554 4712 θύμιον
578 4642 933 4710 ἐποιησάμην
957 4643 1047 4695 τὸν
1090 4643 1347 4698 ἐκλεκτὸν
1385 4646 1480 4701 τὸν
1521 4648 1617 4701 τοῦ
1661 4649 1799 4702 Θεοῦ
1829 4651 1939 4703 Ἰσ-

358 4732 517 4803 ραὴλ,
548 4733 644 4785 καὶ
670 4732 796 4785 ὅσον
839 4732 1029 4786 θεόθεν
1059 4735 1415 4805 πεπείραται,
1448 4737 1559 4789 τῶν
1588 4738 1774 4793 καλῶν
1810 4740 1937 4810 ἄρτι

354 4825 454 4893 τῆς
506 4824 745 4895 ἐρημίας
776 4824 915 4893 μετὰ
943 4824 1042 4895 τὴν
1076 4824 1136 4890 ἐξ
1179 4827 1462 4895 Αἰγύπτου
1502 4831 1684 4901 φυγὴν
1718 4833 1933 4898 ἐπιϐὰς,

356 4917 449 4969 καὶ
497 4915 651 4969 οὐδὲν
686 4916 917 4985 ἀνόμοια
962 4917 1031 4969 τὰ
1061 4917 1181 4968 τότε
1219 4919 1332 4978 τοῖς
1362 4920 1458 4972 νῦν
1513 4913 1838 4991 παρατιθεὶς
1883 4926 1938 4976 ἐ-

358 5008 664 5079 φευρίσκω.
694 5006 875 5077 Νέφος
910 5010 1019 5079 γὰρ
1048 5007 1145 5061 νῦν
1174 5006 1295 5077 μεθ’
1324 5010 1535 5081 ἡμέραν
1574 5014 1674 5081 μέν
1708 5014 1938 5081 ὑποτρέ-

357 5119 452 5170 χον
500 5100 593 5153 τὸν
635 5100 808 5170 ἥλιον,
847 5100 942 5152 καὶ
994 5100 1420 5169 ἀπομαχόμενον
1463 5105 1583 5167 ταῖς
1632 5104 1727 5156 τοῦ
1774 5107 1931 5176 ἡλίου

358 5192 723 5259 φλογώσεσιν,
760 5190 984 5262 ὲάρινὴν
1010 5195 1270 5262 παρεῖχεν
1293 5191 1371 5261 τῷ
1402 5194 1542 5262 ἁγίῳ
1570 5194 1668 5265 τὴν
1697 5198 1800 5265 τῆς
1839 5211 1934 5264 με-

358 5282 639 5353 σημϐρίας
674 5281 862 5349 ὥραν·
918 5282 1131 5352 νύκτωρ
1168 5283 1213 5334 δ’
1265 5282 1332 5337 αὖ
1370 5285 1534 5337 οίονεί
1579 5303 1663 5346 τις
1710 5286 1931 5353 λαμπὰς

358 5377 676 5445 ἐφεστήκει,
711 5376 808 5446 τὴν
841 5378 1168 5445 νυκτερινὴν
1201 5376 1439 5445 ζόφωσιν
1471 5380 1552 5442 είς
1586 5380 1933 5449 μεσημϐρίαν

358 5469 610 5539 ἀμεῖϐον.
646 5471 755 5522 Kal
785 5472 907 5523 τότε
930 5471 1050 5540 μὲν,
1084 5472 1267 5539 φησὶν,
1297 5474 1395 5523 οὐκ
1423 5467 1490 5542 ἦν
1513 5473 1571 5524 ἐν
1593 5477 1712 5536 ταῖς
1738 5475 1933 5543 φυλαῖς

359 5560 539 5614 αὐτῶν
574 5562 601 5611 ό
650 5560 913 5614 ἀσθενῶν.
969 5560 1080 5615 Καὶ
1113 5554 1266 5624 οὗτος
1292 5561 1349 5615 δὲ
1386 5552 1506 5627 ταῖς
1540 5565 1803 5635 ἐρημίαις
1834 5567 1932 5619 καὶ

366 5652 531 5721 μηδὲν
591 5652 844 5721 ἐχούσαις
894 5653 1047 5720 ὑγιὲς
1097 5654 1447 5724 παραμύθιον
1496 5656 1933 5727 ἐκδιαιτώμενος,

827 5813 855 5824 ιι.

434 5810 443 5837 ί
474 5809 616 5865 ΓσειΙ.
650 5827 759 5876 CIV,

2039 4650 2155 4720 ipsa
2210 4654 2560 4707 occasionem
2620 4652 3099 4714 subministrante,
3180 4667 3289 4704 non
3341 4650 3620 4706 recordari

2036 4758 2254 4808 eorum,
2295 4759 2419 4813 quae
2451 4760 2481 4798 a
2515 4744 2626 4798 Deo
2655 4744 2869 4797 electus
2930 4742 3121 4805 Israel,
3188 4742 3319 4795 dum
3370 4751 3493 4811 post
3529 4742 3619 4794 fu-

2040 4851 2161 4905 gam
2235 4850 2304 4889 ex
2350 4834 2583 4906 Egypto
2642 4835 2745 4889 frui
2806 4835 3092 4889 beneﬁciis
3142 4834 3346 4888 deserti
3406 4835 3620 4903 incipit,

2038 4926 2304 4981 divinitus
2323 4936 2407 4981 est
2441 4938 2723 4997 expertus,
2770 4929 2856 4982 his
2888 4928 2955 4982 de
2984 4929 3184 4997 quibus
3218 4928 3430 4990 agimus
3482 4943 3623 4980 neu-

2036 5017 2269 5085 tiquam,
2306 5017 2349 5070 si
2387 5028 2799 5085 comparentur,
2829 5017 3139 5070 dissimilia.
3202 5016 3386 5069 Nubes
3424 5032 3623 5084 nempe

2042 5107 2132 5161 hic
2164 5123 2384 5177 quoque
2415 5110 2654 5162 interdiu
2685 5110 2855 5161 solem
2920 5108 3145 5163 subiens
3193 5118 3247 5160 et
3314 5123 3437 5161 cum
3502 5111 3625 5175 ejus

2043 5199 2269 5253 aestibus
2296 5202 2621 5269 depugnans
2650 5200 2943 5263 efﬁciebat,
3003 5210 3061 5252 nt
3098 5201 3418 5253 meridianis
3468 5201 3624 5254 horis

2045 5290 2280 5346 Sanctus
2325 5308 2419 5345 ver
2455 5295 2698 5355 haberet,
2742 5293 2920 5345 noctis
2973 5301 3154 5345 autem
3215 5291 3477 5350 tenebras.
3529 5290 3623 5343 ad—

2040 5395 2204 5437 ventu
2244 5385 2527 5453 cujusdam
2556 5387 2709 5451 quasi
2741 5384 3026 5453 lampadis,
3068 5383 3120 5437 in
3167 5384 3452 5437 meridiem
3493 5399 3628 5438 con;

2040 5477 2421 5530 vertebantur.
2466 5477 2714 5545 Cumque
2759 5476 3044 5545 Scriptura
3084 5484 3218 5529 teste
3250 5476 3263 5506 '
3299 5477 3350 5528 in
3403 5474 3622 5529 Israeli-

2045 5578 2224 5623 larum
2280 5568 2536 5623 tribubus
2601 5584 2763 5622 nemo
2812 5576 2942 5622 tunc
3002 5568 3252 5623 infirmus
3302 5578 3471 5629 esset.
3533 5567 3624 5623 hic

2047 5676 2267 5729 quoque
2307 5660 2542 5714 desertis
2578 5660 2629 5714 in
2672 5660 2829 5722 locis,
2889 5661 3037 5716 nulla
3068 5660 3318 5717 sanitatis
3372 5658 3622 5714 subsidia
