4134 6286
514 354 616 416 5οἹ

1712 353 2129 415 NICEPIIORI
2169 353 2558 416 GREGOR/Fi

3621 353 3726 417 508

510 463 972 524 ministrantibus.
997 462 1264 523 habitans.
1294 475 1622 518 cmctancatu
1650 473 1826 520 tamen
1851 481 2066 535 semper

2194 455 2470 535 ιλικιώτην
2489 465 2575 517 ἀεὶ
2596 463 2695 534 τὴν
2719 463 2907 532 ὑγείαν
2933 459 3044 533 ε’χε
3076 462 3168 515 καὶ
3198 462 3512 532 σύντροφον.
3535 465 3699 536 Ἑσθῆ
3721 503 3726 507 -

508 556 614 611 sibi
643 555 1140 622 convictriccmque
1167 555 1396 609 habebat
1417 557 1724 612 sanitatem.
1741 555 1896 612 Veste
1920 559 2066 613 enim

2168 557 2257 618 τός
2284 573 2348 625 γε
2382 555 2488 628 μὴν
2519 557 2611 610 καὶ
2655 556 2880 625 χιτῶνος
2915 555 3004 608 καὶ
3035 554 3396 623 ὑποδημάτων
3439 556 3532 608 καὶ
3552 558 3728 612 ἄλλων

512 662 666 707 vero.
708 656 764 700 et
793 647 998 711 tunica,
1049 656 1104 700 et
1159 646 1280 700 aliis
1335 647 1644 714 hujusmodi
1705 653 1888 714 rebus,
1948 665 2070 719 quae

2199 648 2378 700 πόσων
2406 649 2500 701 καὶ
2527 649 2654 702 οἴων
2688 648 2823 714 πρὸς
2865 663 2931 698 πε
2943 645 3163 716 ριϐολὴν
3199 643 3450 715 σώματος
3479 648 3536 700 ἐν
3566 651 3730 718 χρείᾳ

516 737 722 792 homini
790 737 856 790 ad
919 738 1176 790 amictum
1225 738 1474 804 corporis
1542 741 1847 794 necessaria
1917 750 2065 805 sunt,

517 839 630 881 toto
666 828 768 882 hoc
803 837 1070 881 montana:
1099 828 1423 896 rusticzequc
1471 829 1592 882 vitae
1648 840 1891 899 tempore
1926 848 2068 886 nun-

514 934 676 988 quam
712 918 974 988 indiguit;
1009 917 1107 971 sed
1141 933 1246 986 qua
1278 927 1532 986 parentes
1560 920 1738 989 ipsutu
1777 932 2068 992 antequam

513 1017 877 1071 morerentur,
905 1007 1372 1069 instruxerant,ea
1402 1010 1476 1062 illi
1507 1011 1670 1065 vestis
1694 1011 1808 1065 sola
1833 1012 2068 1079 suffecit,

514 1095 847 1150 ineffabilem
909 1096 963 1148 in
1021 1094 1241 1149 modum
1295 1112 1420 1151 cum
1480 1111 1763 1155 crescente
1809 1100 2070 1168 Codrato,

513 1187 626 1254 ipsa
645 1201 860 1255 quoque
887 1201 1138 1240 crescens
1159 1198 1214 1240 et
1237 1187 1423 1257 vigens
1448 1203 1681 1256 semper.
1707 1189 1848 1256 Quid
1871 1193 2074 1246 multa?

515 1275 880 1330 Providentiae
930 1292 1054 1346 erga
1111 1278 1290 1346 ipsum
1340 1287 1486 1332 tanta
1533 1280 1643 1334 fuit
1710 1281 2070 1350 immensitas,

515 1367 840 1421 miraculum
877 1375 1395 1436 tantum,quantum
1459 1386 1582 1425 esse
1639 1374 1899 1428 convenit
1945 1390 2074 1446 erga

516 1474 664 1525 eum,
691 1459 780 1528 qui
821 1458 931 1513 Deo
994 1460 1161 1514 semel
1203 1471 1555 1518 consecratus
1588 1472 1692 1528 est,
1759 1463 2076 1537 dextraeque

517 1551 641 1620 ejus
669 1549 840 1604 ductu
876 1557 1022 1603 totus
1053 1551 1282 1620 regitur.

589 1639 642 1694 4.
671 1639 1003 1708 Aderatjam
1041 1639 1332 1708 perfectior
1360 1649 1514 1704 aetas,
1572 1639 1831 1712 lanugine
1884 1645 2075 1712 malas,

518 1737 759 1798 mystace
820 1728 1034 1782 labrum
1086 1727 1401 1798 obtegente,
1461 1744 1584 1782 cum
1633 1732 1699 1784 ad
1759 1732 1948 1788 urbem
1985 1735 2077 1790 ille

519 1817 822 1880 descendit,
871 1832 934 1872 ac
977 1831 1102 1872 cum
1160 1818 1472 1874 hominibus
1514 1824 1832 1877 conversari
1889 1827 2075 1896 coepit,
2109 1795 2151 1849 Β

520 1907 706 1962 divina
736 1909 958 1962 oracula
990 1909 1042 1962 in
1084 1909 1263 1962 cibum
1299 1909 1433 1978 ipsis
1452 1925 1752 1980 apponens,
1797 1929 1890 1969 rus
1925 1918 2081 1971 olen-

524 2006 632 2050 tem
669 1997 912 2066 quidem,
939 2008 994 2051 at
1019 1996 1223 2061 fertile,
1268 2009 1325 2052 et
1355 1997 1467 2062 cui,
1498 2006 1559 2052 ut
1599 1999 1957 2058 admirandus
1985 2005 2082 2059 Sa-

521 2086 700 2141 lomon
725 2087 802 2156 (Ι)
837 2087 935 2151 ait,
975 2087 1235 2142 Dominus
1264 2086 1564 2142 benedixit.
1601 2088 1814 2159 Itaque,
1871 2091 2028 2161 quasi
2051 2108 2082 2146 a

521 2177 705 2232 divina
735 2178 970 2248 quadam
1033 2179 1242 2232 visione
1301 2193 1497 2234 recens
1547 2180 1820 2246 rediisset,
1868 2183 1936 2238 ab
1965 2185 2084 2253 ejus

521 2285 619 2323 ore
660 2270 909 2324 homines
945 2269 1274 2339 pendebant,
1307 2276 1380 2326 'ct
1429 2270 1486 2324 in
1517 2273 1875 2337 eumlintenti
1924 2284 2084 2330 erant

522 2373 632 2411 non
663 2373 824 2413 secus
852 2373 916 2413 ac
954 2357 1209 2412 Israelita:
1246 2358 1300 2412 in
1334 2372 1586 2428 maguum
1615 2361 1708 2415 Dei
1744 2365 2084 2434 contempla-

523 2457 694 2501 torem
723 2448 984 2517 Moysem.
1017 2448 1121 2502 Ista
1149 2449 1228 2502 sic
1255 2448 1386 2504 dum
1441 2450 1656 2515 tierent,
1709 2452 1818 2520 jam
1851 2454 1952 2522 ipsi
1985 2454 2086 2509 ali-

524 2551 659 2608 quot
698 2539 1044 2594 adhaeserant
1075 2540 1318 2606 illorum,
1374 2556 1514 2610 quos
1565 2544 1969 2599 consuetudine
2029 2556 2088 2602 et

527 2631 775 2685 moribus
799 2631 1119 2702 conjunctos
1150 2633 1420 2703 quasique
1451 2635 1850 2705 conspirantes,
1891 2635 2084 2691 iisdem

525 2721 728 2791 quibus
778 2722 958 2792 ipsum
993 2723 1250 2792 passibus
1303 2724 1404 2779 viae
1459 2725 1588 2779 buic
1647 2725 1900 2782 insistere
1927 2727 2086 2798 juva-

525 2813 640 2876 bat,
689 2829 812 2868 cum
841 2815 1043 2882 quibus
1075 2815 1237 2869 modo
1269 2814 1594 2870 excurrebat
1621 2816 1678 2871 in
1717 2832 1898 2887 agros,
1923 2818 2087 2874 modo

526 2905 594 2959 ad
623 2905 812 2960 urbem
852 2906 1086 2972 redibat,
1125 2908 1197 2962 ita
1233 2917 1412 2963 tamen
1449 2918 1509 2962 ut
1565 2909 1924 2979 inaequalibus
1986 2911 2087 2966 ista

528 3009 837 3069 temporum
913 3001 1106 3070 spatiis
1161 3001 1548 3056 deﬁnirentur.
1607 3001 1970 3071 Frequenttor
2029 3003 2085 3057 in

2168 733 2526 788 καθίστανται
2578 734 2874 801 ἄνθρωποι,
2923 731 3138 792 οὐδενὸς
3162 732 3222 786 τὸ
3271 735 3534 801 παράπαν
3558 735 3730 790 ἐδεῖτο

2170 825 2298 896 παρ’
2320 826 2446 894 ὃλην
2465 826 2563 896 τὴν
2591 826 2808 896 ὀρεινὴν
2832 824 3049 892 ἐκείνην
3077 825 3170 876 καὶ
3196 824 3452 894 ἄγροικον
3482 825 3693 880 δίαιταν
3710 843 3728 860 σ

2169 915 2304 968 ἀλλά
2339 916 2507 986 μόνην
2540 917 2753 983 ἐκείνην
2792 914 3121 984 ἀποχρῶσαν
3161 913 3277 984 εἶχε
3314 915 3608 986 περιϐολὴν
3637 927 3732 970 και

2171 1005 2528 1074 ἀκμάζουσαν
2561 1006 2648 1058 ἀεὶ
2677 1005 2771 1058 καὶ
2795 1004 3154 1058 συνανιοῦσαν
3180 1007 3506 1077 ἀπορῤήτως
3539 1011 3605 1079 τῇ
3629 1010 3733 1078 τῆς

2173 1097 2388 1167 ἡλικίας
2416 1098 2646 1166 αὐξήσει
2677 1097 2772 1152 καὶ
2809 1097 3113 1168 ἀναδρομῇ,
3142 1097 3211 1168 ἢν
3238 1099 3388 1169 αὑτῷ
3409 1100 3541 1170 πρὶν
3575 1100 3608 1169 ἢ
3639 1103 3731 1154 τὸν

2175 1189 2288 1258 βίον
2320 1189 2611 1241 ἀπολιπεῖν
2672 1189 2720 1242 οί
2772 1188 2950 1256 γονεῖς
2995 1189 3475 1260 περιεποιήσαντο.
3528 1193 3640 1244 Καὶ
3679 1194 3732 1245 τί

2171 1278 2252 1332 δεῖ
2279 1280 2347 1333 τὰ
2387 1280 2557 1334 πολλὰ
2603 1279 2970 1346 καταλέγειν;
3025 1280 3310 1349 Τοσαύτης
3358 1283 3602 1335 ἀπέλαϐε
3631 1285 3732 1349 τῆς

2173 1372 2404 1441 ἀπείρου
2432 1372 2526 1422 καὶ
2562 1368 2867 1439 παραδόξου
2893 1367 3252 1437 κηδεμονίας,
3279 1371 3409 1438 ὅσην
3439 1372 3585 1435 είκὺς
3615 1371 3734 1440 Θεῷ

2175 1461 2431 1527 καθάπαξ
2459 1459 2782 1516 ἀνατιθέντα
2809 1458 2902 1512 καὶ
2931 1459 3068 1525 πρὸς
3094 1460 3191 1529 τῆς
3219 1460 3430 1514 ἐκείνου
3459 1478 3732 1532 χειραγωο

2176 1552 2274 1620 γού
2283 1569 2444 1621 μενον
2480 1549 2682 1614 δεξιᾶς.

2247 1643 2309 1699 δ’.
2355 1644 2492 1714 Ἤδη
2541 1642 2598 1695 δὲ
2649 1641 2744 1695 καὶ
2786 1640 3126 1714 τελειοτέρας
3164 1643 3370 1712 ἥπτετο
3395 1643 3496 1708 τῆς
3521 1642 3737 1712 ἡλικίας

2178 1733 2275 1787 καὶ
2306 1733 2476 1802 συχνή
2508 1748 2591 1793 τις
2617 1731 2876 1802 τρίχωσις
2909 1732 3214 1801 περιετίθει
3235 1732 3333 1794 τὰς
3365 1732 3617 1801 παρειὰς,
3644 1733 3741 1784 καὶ

2180 1825 2360 1894 ὑπήνη
2389 1822 2481 1876 τὸν
2521 1823 2762 1890 πώγωνα
2795 1821 3224 1886 συνεκάλυπτεν,
3256 1822 3416 1874 ὁπότε
3446 1821 3510 1892 δὴ
3536 1823 3630 1875 καὶ
3657 1823 3740 1883 είς

2178 1915 2334 1970 πόλιν
2370 1916 2470 1986 ἤδη
2499 1913 2713 1985 κατῄει,
2761 1914 2855 1965 καὶ
2886 1913 3194 1983 ἀνθρώποις
3227 1911 3444 1981 ὡμίλει,
3479 1913 3574 1964 καὶ
3606 1913 3741 1980 τρά-

2180 2004 2350 2069 πεζαν
2397 2003 2562 2057 οίονεί
2623 2018 2748 2055 τινα
2783 2000 3068 2070 παρετίθει
3126 2001 3193 2053 τά
3251 1999 3346 2053 τοῦ
3379 2000 3517 2053 Θεοῦ
3563 1999 3738 2066 λόγια,

2181 2093 2356 2164 ἀγροῦ
2388 2093 2492 2162 μέν
2532 2108 2678 2154 τινος
2717 2091 2794 2159 τῷ
2826 2091 2939 2143 δντι
2968 2089 3301 2153 ἀπάξουσαν,
3333 2089 3470 2142 ἀλλὰ
3501 2089 3742 2160 πλήρους

2180 2180 2278 2237 καὶ
2303 2179 2362 2234 ὃν
2389 2179 2652 2248 εὐλόγησε
2690 2179 2918 2246 Κύριος,
2949 2178 2975 2230 6
3006 2195 3142 2247 φησι
3185 2179 3436 2247 Σολομῶν
3469 2179 3496 2230 ὁ
3529 2177 3748 2247 θαυμά-

2183 2290 2320 2336 σιος.
2356 2271 2467 2324 Καὶ
2510 2268 2700 2340 ὥσπερ
2725 2268 2830 2321 ἀπὸ
2859 2267 3088 2337 θεωρίας
3137 2269 3281 2328 τινὸς
3310 2268 3437 2338 ἄρτι
3465 2269 3747 2332 κατιόντος

2183 2363 2390 2432 θεῖκῆς,
2447 2360 2618 2423 οὕτως
2668 2360 2963 2430 ἐξήρτηντο
3017 2358 3117 2427 τῆς
3150 2357 3316 2412 αὑτοῦ
3353 2359 3619 2429 γλώττης.
3653 2362 3746 2413 καὶ

2182 2454 2328 2510 οὕτω
2360 2455 2647 2524 προσεῖχον
2678 2451 2848 2520 αὐτῷ,
2877 2446 2964 2506 οίά
2990 2466 3132 2513 τινες
3162 2449 3496 2520 Ἰσραηλῖται
3520 2451 3766 2520 μεγάλῳ.

2184 2548 2275 2600 καὶ
2306 2547 2507 2615 θεόπτῃ
2535 2544 2746 2599 Μωσεῖ.
2777 2541 2996 2597 Τούτων
3027 2541 3170 2596 οῦτω
3211 2543 3530 2614 θεοπρεπῶς
3559 2559 3748 2611 γιγνο-

2188 2639 2389 2705 μένων,
2416 2637 2668 2704 συνήθεις
2694 2634 2841 2703 αὕτῷ
2893 2635 2990 2688 καὶ
3026 2634 3343 2704 ὁμότροποι,
3375 2635 3470 2687 καὶ
3505 2633 3573 2686 ἶν’
3606 2635 3764 2686 είπω-

2184 2731 2244 2784 τὸ
2277 2729 2408 2783 αὐτὸ
2436 2729 2708 2792 πνέοντες,
2746 2726 2953 2780 καὶτὸν
2981 2726 3094 2780 ἴσον
3117 2726 3320 2796 δρόμον
3353 2728 3546 2797 ἐκείνῳ
3581 2744 3747 2794 μετα-

2184 2822 2470 2883 διώκοντες
2505 2819 2746 2888 γίνονται
2765 2819 2792 2871 6
2820 2817 2970 2872 δεῖνα
3002 2819 3098 2870 καὶ
3132 2819 3160 2870 6
3185 2819 3333 2872 δεῖνα
3351 2835 3364 2851 ·
3411 2815 3629 2888 μεθ’,ὦν
3653 2821 3751 2874 νῦν

2189 2912 2289 2983 μὲν
2323 2911 2596 2980 ἐξεδήμει,
2638 2909 2733 2962 νῦν
2767 2909 2812 2962 δ’
2857 2908 3143 2978 ἐπεδήμει,
3183 2909 3278 2963 νῦν
3312 2909 3412 2980 μὲν
3442 2909 3520 2980 τῷ
3567 2911 3748 2980 ἀγρῷ,

2187 3005 2282 3059 νῦν
2313 3005 2369 3056 δὲ
2400 3006 2466 3074 τῇ
2517 3003 2691 3065 πόλει,
2723 3001 2862 3071 πλὴν
2902 3001 3104 3071 ἣκιστά
3133 3017 3197 3068 γε
3229 3001 3334 3072 μὴν
3371 3003 3753 3075 ἰσομετρήτοις

528 3091 759 3160 campis,
792 3093 967 3146 rarior
992 3085 1046 3146 in
1081 3091 1217 3146 urbe
1242 3092 1605 3146 commoratio
1633 3101 1787 3159 erat;
1848 3092 1977 3147 dum
2001 3109 2092 3148 sa-

2194 3093 2431 3161 καιροῖςο
2477 3088 2609 3142 ἀλλὰ
2661 3089 2830 3158 συχνὰ
2876 3088 2975 3158 μὲν
3007 3086 3086 3158 τῷ
3113 3087 3291 3158 ἀγρῷ,
3324 3090 3549 3144 σπάνιον
3583 3092 3638 3144 δὲ
3679 3096 3751 3163 τῇ

528 3182 742 3250 pienter
773 3182 987 3236 turbam
1016 3181 1172 3252 l‘ugit,
1207 3181 1381 3252 plebis
1410 3183 1700 3237 tumultum
1731 3183 2006 3242 amandat.
2033 3191 2089 3236 et

2196 3183 2369 3245 πόλει,
2405 3180 2496 3234 τὸν
2527 3179 2695 3233 πολὺν
2741 3178 2898 3248 ὄχλον
2930 3178 3107 3245 σοφῶς
3134 3180 3508 3250 παρακλίνων,
3536 3185 3629 3235 καὶ
3659 3188 3756 3236 τὸν

531 3271 731 3326 divinae
792 3271 1194 3327 conversationi
1251 3272 1378 3327 hinc
1453 3273 1800 3342 tranquillius
1863 3289 2086 3329 cursum

531 3362 657 3416 vitae
682 3376 898 3416 onmem
929 3361 1217 3431 impendit.

2195 3272 2419 3341 δημώδη
2453 3271 2690 3341 τάραχον
2724 3269 3210 3339 ἀποπεμπόμενος,
3241 3267 3538 3326 κάντεῦθεν
3565 3273 3660 3328 καὶ
3674 3276 3756 3346 τῷ

2197 3363 2318 3432 Θεῷ
2364 3362 2740 3432 σχολαιότερον
2790 3361 2886 3414 καὶ
2937 3360 3327 3432 καθαρώτερον
3381 3367 3752 3436 προσομιλῶν,

2198 3455 2291 3508 τδν
2323 3453 2520 3523 ἐφεξῆς
2541 3451 2686 3506 οὕτω
2720 3453 3034 3523 παρήμοιϐε
3059 3452 3194 3520 βίον.

1981 3575 2208 3631 CAPUT
2252 3572 2318 3628 ll.

1629 3672 1686 3727 S.
1713 3667 1930 3725 Codrati
1960 3679 2008 3722 et
2028 3669 2292 3723 sociorum
2332 3670 2667 3740 martyrium.

608 3791 662 3845 5.
692 3788 827 3842 Cum
867 3796 1048 3842 autem
1109 3795 1328 3856 sceptra
1380 3788 1592 3856 imperii
1637 3787 1865 3844 Romani
1897 3785 2101 3856 impius

537 3881 634 3938 ille
679 3878 878 3934 Decius
927 3893 1102 3948 nuper
1151 3880 1506 3950 suscepisset,
1567 3894 1630 3934 ac
1666 3879 1828 3934 Jasou
1876 3877 2101 3933 Gracia:

540 3984 822 4046 praeesset,
849 3974 1213 4043 pietatemque
1247 3973 1366 4044 ejus
1385 3971 1578 4042 dogma
1616 3970 1949 4027 contrarium
1979 3981 2103 4038 prec

541 4076 715 4122 meret
751 4066 1004 4128 validius,
1046 4063 1202 4119 multi
1254 4063 1474 4132 quidem
1515 4062 1628 4126 alii,
1675 4070 1737 4116 ut
1803 4058 2102 4128 discipulos

538 4157 744 4213 Christi
797 4157 1048 4219 decebat,
1111 4155 1324 4209 virilem
1403 4153 1773 4208 exhibuerunt
1835 4150 2103 4213 animum,

532 4249 958 4320 rpericulumque
987 4262 1094 4301 non
1129 4245 1280 4300 inviti
1307 4243 1636 4308 bubierunt;
1661 4241 1901 4296 alacrius
1923 4239 2106 4294 tam‘en

533 4353 654 4406 ,νε-ιε
681 4336 906 4405 reliquis
944 4335 1162 4390 divinus
1188 4333 1456 4388 Codratus
1491 4346 1616 4386 cum
1649 4330 1840 4385 amicis
1893 4337 1950 4384 et
1996 4343 2112 4382 mo-

535 4441 670 4480 rum
699 4425 1060 4479 similitudine
1125 4424 1291 4478 sociis
1344 4441 1359 4478 :
1396 4421 1852 4493 promptissimus
1895 4418 2112 4474 scilicet

549 4531 756 4570 annoso
782 4515 948 4570 etiam
987 4515 1040 4568 in
1071 4528 1300 4584 corpore
1322 4513 1546 4576 athleta,
1594 4511 1748 4567 senio
1781 4519 1835 4566 et
1859 4512 2110 4566 asceticis

539 4607 847 4667 laboribus,
886 4605 941 4658 in
970 4603 1169 4673 quibus
1195 4604 1360 4658 vitam
1397 4618 1534 4673 pene
1563 4617 1780 4656 omnem
1833 4609 2108 4671 transege-

541 4705 656 4764 rat,
687 4698 852 4753 etiam
879 4708 1009 4752 tunc
1045 4694 1362 4750 colluctans.
1415 4695 1634 4750 Vinctus
1661 4692 1826 4764 igitur
1853 4691 1920 4746 ad
1953 4692 2110 4748 Jaso-

543 4791 637 4845 anis
661 4789 896 4844 tribunal
924 4787 1004 4842 vir
1030 4788 1224 4844 beatus
1265 4786 1497 4850 sistitur,
1527 4799 1762 4854 eumque
1784 4782 2066 4852 alloquens
2090 4798 2105 4839 :

549 4881 725 4945 Unde,
755 4879 955 4950 inquit,
1009 4893 1044 4934 ο
1095 4878 1386 4934 scelestum
1435 4883 1620 4944 caput,
1673 4884 1857 4930 tantus
1915 4874 2014 4929 tibi
2051 4873 2108 4928 in

545 4972 833 5028 Christum
864 4985 1044 5025 meum
1073 4983 1281 5038 nosque
1306 4969 1424 5036 ejus
1459 4965 1689 5020 ramulos
1735 4964 1888 5020 furor
1915 4979 2110 5018 exsur-

546 5061 670 5132 git?
721 5060 832 5116 Cur
856 5059 923 5114 ad
949 5057 1185 5112 tribunal
1219 5054 1425 5109 trahis?
1459 5053 1567 5106 Cur
1609 5050 1885 5106 .saavitiam
1937 5047 2113 5101 inten-

550 5163 661 5215 tas,
694 5149 1134 5219 mancipiumque
1161 5145 1377 5200 efﬁcere
1429 5143 1647 5198 conaris
1694 5149 1934 5196 mentem
1963 5139 2113 5194 libe-

552 5259 672 5300 ram
706 5251 762 5298 et
790 5242 990 5297 netniui
1019 5235 1341 5296 cessuram?
1396 5234 1511 5289 Hoc
1538 5231 1738 5287 etenim
1767 5229 1908 5285 scire
1941 5228 2117 5284 infen-

551 5351 677 5390 sum
739 5333 902 5387 nobis
948 5331 1191 5386 animum
1242 5336 1392 5380 tuum
1459 5339 1620 5393 quam
1682 5320 2121 5376 manifestissime

553 5427 742 5493 velim,
787 5423 1004 5478 facilius
1046 5419 1268 5490 quidem
1324 5415 1420 5469 tibi
1459 5432 1577 5480 nos,
1631 5429 1793 5483 quam
1850 5423 1901 5466 te
1965 5409 2124 5464 nobis

550 5536 681 5577 csse
715 5533 1135 5588 persuasurum;
1192 5517 1336 5587 quod
1399 5513 1443 5568 si
1479 5523 1656 5567 tamen
1691 5507 1938 5563 fortassis
1991 5503 2124 5558 illud

637 5669 716 5733 (1)
741 5667 853 5720 lmo
880 5663 1183 5736 patriarcha
1212 5660 1376 5736 Jacob
1576 5671 1742 5736 X_X\'tl,
1774 5649 1978 5736 εἰμὶτί

564 5723 898 5794 benedicens
921 5734 999 5789 ait
1034 5751 1047 5788 :
1085 5733 1214 5786 Ecce
1243 5732 1369 5784 odor
1399 5727 1479 5792 ﬁli
1503 5727 1624 5791 mei,
1650 5727 1783 5778 sicut
1828 5723 1952 5774 odor
2007 5723 2120 5782 agri

2211 3823 2213 3825 ι
2273 3781 2338 3838 ι’.
2369 3785 2528 3852 ’Ἄρτι
2579 3784 2636 3837 δὲ
2675 3784 2786 3837 τῶν
2827 3781 3155 3852 Ῥωμαϊκῶν
3206 3781 3504 3852 σκήπτρων
3549 3783 3654 3838 ὑπὸ
3682 3786 3764 3856 τῷ

2204 3874 2458 3928 δυσσεϐεῖ
2479 3873 2650 3942 Δεκίῳ
2687 3872 2962 3943 ὴγμένων,
2986 3871 3081 3924 καὶ
3117 3870 3351 3934 Ἰάσονος
3375 3875 3478 3943 τῆς
3517 3873 3766 3939 Ἑλλάδος

2207 3965 2658 4035 ἡγεμονεύοντος,
2693 3964 2789 4016 καὶ
2819 3962 2914 4016 τοῦ
2961 3961 3212 4016 ἐναντίου
3241 3963 3310 4032 τῇ
3349 3961 3603 4034 εὐσεϐείᾳ
3638 3965 3766 4032 δόγ-

2209 4074 2379 4128 ματος
2403 4056 2462 4110 τὸ
2495 4055 2715 4125 ίσχυρὺν
2749 4054 2986 4124 ἐχοντος,
3021 4051 3209 4106 πολλοὶ
3241 4053 3342 4120 μὲν
3363 4054 3458 4106 καὶ
3477 4055 3628 4108 ἄλλοι
3662 4061 3768 4126 τῆς

2204 4146 2299 4200 τοῦ
2328 4144 2566 4214 Χριστοῦ
2600 4143 2898 4213 μαθητείας
2919 4141 3157 4206 ἐπαξίως
3182 4140 3512 4211 ἡνδρίζοντο,
3543 4143 3637 4197 καὶ
3667 4146 3769 4198 οὐκ

2205 4233 2431 4294 ἄκοντες
2483 4232 2575 4285 τδν
2631 4230 2878 4283 κίνδυνον
2935 4227 3216 4299 ὕπῄεσαν·
3254 4228 3664 4300 προθυμότερον
3712 4231 3771 4283 δέ

2205 4324 2318 4377 τῶν
2351 4322 2527 4376 ἄλλων
2555 4322 2584 4373 6
2604 4322 2744 4383 θεῖος
2774 4319 3051 4389 Κοδρᾶτος
3082 4317 3182 4370 σύν
3213 4333 3278 4384 γε
3309 4319 3422 4382 τοῖς
3469 4317 3648 4386 φίλοις
3675 4322 3774 4374 καὶ

2207 4412 2557 4480 ὁμοτρόποις,
2601 4409 2696 4461 καὶ
2736 4407 2940 4476 σφόδρα
3000 4404 3284 4473 ἐθελοντὴς
3322 4403 3640 4468 καθίστατο,
3673 4410 3772 4461 καὶ

2209 4501 2383 4558 ταῦτα
2441 4500 2808 4569 πρεσϐυτικὸν
2855 4499 3199 4566 ἐπαγόμενος
3254 4496 3435 4566 σῶμα,
3491 4499 3587 4552 καὶ
3624 4503 3775 4571 γήρᾳ

2215 4589 2608 4658 προσπαλαίων
2653 4587 2750 4639 καὶ
2791 4585 2944 4654 κόπῳ
2969 4583 3072 4650 τῆς
3108 4583 3421 4654 ἀσκήσεως,
3471 4577 3591 4656 ᾗτδ
3623 4585 3776 4638 πλεῖ-

2218 4700 2342 4737 στον
2369 4679 2517 4750 αὐτῷ
2548 4679 2641 4733 τοῦ
2677 4678 2794 4748 βίου
2823 4676 3290 4745 συμπεπόρευται.
3324 4675 3774 4745 Παρίσταταιοῦν

2215 4771 2295 4842 τῷ
2336 4773 2566 4831 Ἰάσονος
2603 4769 2810 4837 βήματι
2855 4765 3077 4833 δέσμιος
3103 4765 3130 4816 6
3171 4765 3480 4832 Μακάριος,
3542 4767 3634 4818 καὶ
3663 4783 3776 4818 τοι.

2217 4863 2356 4918 αῦτά
2381 4876 2568 4931 φησιν’
2601 4859 2666 4912 Τί
2705 4857 2900 4921 ταῦτα,
2925 4852 2971 4910 ὦ
3023 4859 3194 4926 μιαρά
3243 4856 3474 4926 κεφαλὴ,
3513 4857 3652 4909 κατά
3680 4857 3777 4909 τοῦ

2217 4954 2353 5026 ἐμοῦ
2389 4953 2556 5024 μαίνῃ
2589 4949 2827 5020 Χριστοῦ
2867 4946 2962 5002 τοῦ
3000 4947 3252 5018 Σωτῆρος
3277 4947 3555 5012 ἁπάντων,
3584 4947 3677 5000 καὶ
3715 4949 3778 5017 ή-

2221 5042 2339 5114 μῶν
2391 5039 2502 5093 τῶν
2535 5035 2735 5103 αὐτοῦς
2771 5034 2835 5090 Τί
2868 5035 2926 5088 δέ
2973 5034 3069 5089 καὶ
3105 5034 3245 5104 πρὸς
3293 5033 3446 5104 βῆμα
3488 5033 3778 5097 καθέλκεις

2219 5135 2314 5190 καὶ
2343 5129 2632 5202 τυραννίδα
2659 5127 2976 5198 προσάγεις,
3021 5125 3115 5178 καὶ
3159 5124 3262 5178 ὑπὸ
3309 5127 3467 5194 χεῖρα
3503 5124 3778 5178 ποιεῖσθαι

2214 5224 2511 5296 ἐπιχειρεῖς
2554 5219 2843 5291 ἐλεύθερον
2880 5219 3158 5288 φρόνημα,
3204 5218 3300 5270 καὶ
3338 5216 3557 5280 ὑπεῖξον
3600 5215 3782 5269 οὐδενὶ

2217 5319 2281 5370 τὸ
2309 5315 2607 5388 παράπανς
2646 5312 2860 5366 Είδέναι
2880 5311 2990 5378 γάρ
3033 5325 3128 5361 σου
3165 5307 3265 5378 τὴν
3295 5307 3619 5374 δυσμένειαν
3653 5305 3785 5375 βού-

2221 5409 2388 5476 λομαι
2429 5404 2638 5474 σφόδρα
2687 5418 2771 5455 τοι
2813 5401 3207 5466 ἐναργέστατα,
3257 5397 3332 5460 ὡς
3363 5396 3558 5450 θᾶττον
3604 5395 3703 5464 μέν
3735 5393 3785 5446 τ’

2225 5501 2292 5554 ἂν
2324 5497 2477 5552 αὐτοί
2531 5513 2592 5549 σε
2631 5491 3082 5564 μεταπείσαιμεν,
3132 5487 3166 5558 ἢ
3205 5486 3268 5540 σύ
3301 5504 3361 5555 γε
3390 5487 3574 5557 ἡμᾶς·
3627 5486 3679 5538 si
3729 5485 3790 5538 δέ

2233 5644 2392 5712 pleni,
2431 5643 2511 5716 qui
2578 5637 2857 5716 benedixit.
2889 5633 3142 5716 Dominus
3174 5646 3189 5682 :
3219 5629 3404 5696 itaque
3444 5627 3608 5682 hath
3660 5641 3792 5681 .oco

2231 5709 2408 5768 textus
2435 5711 2656 5766 Graecus
2690 5709 2859 5773 ἀγροῦ
2896 5745 2907 5756 .
2944 5743 2956 5757 .
3004 5742 3015 5755 .
3047 5709 3309 5766 πλήρους.
