4134 6286
378 354 483 416 509

1675 358 1841 423 Vl'I‘A
1881 365 1941 423 S.
1987 361 2334 432 CODRATI.

3493 375 3600 445 510

375 468 632 536 δυσχερὲς
684 468 769 534 είη
818 466 877 521 τὸ
927 469 1162 540 πρῶτον,
1219 470 1445 538 θάτερον
1522 472 1737 535 πάντως
1784 472 1935 524 ἔσται

2038 474 2270 541 primum
2296 477 2618 545 sitdiﬂicile,
2652 479 2879 534 alterum
2908 481 3151 551 profecto
3177 478 3291 537 ﬁeri
3318 499 3596 556 nunquam

375 558 659 611 ἀδύνατον.
704 560 992 630 Μελλήσας
1034 564 1213 614 τοίνυν
1269 563 1452 633 μηδὲν,
1509 563 1778 631 ἀφίστασο
1827 561 1935 616 τῶν

378 650 595 700 πάντων
644 650 873 718 μηδενὸς
914 653 1302 722 κολαστηρίου,
1348 648 1423 707 ὧν
1463 656 1490 707 ό
1518 653 1680 720 σοφὸς
1714 654 1937 722 ὑφηγεῖ-

374 740 469 793 ταί
502 757 585 793 σοι
625 741 855 810 δαίμων,
897 743 996 796 κᾶν
1024 757 1082 797 τε
1122 744 1359 813 σίδηρος,
1398 744 1500 797 κᾶν
1535 760 1597 797 τε
1628 742 1779 810 φλὸξ,
1832 742 1936 793 κᾶν

376 833 646 887 θαλάσσια
689 834 961 905 ῥεύματα,
996 835 1102 889 κᾶν
1142 836 1308 903 ἕτερά
1338 851 1460 889 τινα
1489 835 1589 904 τῆς
1616 835 1789 903 αὐτῆς
1824 833 1938 885 ίτα-

377 928 610 997 μότητος
652 928 739 996 εἴη
783 929 1150 999 τυγχάνοντα*
1192 928 1329 982 ἀλλὰ
1371 927 1531 981 πάντ’
1585 927 1758 993 ἔπαγε
1813 924 1936 977 καθ’

374 1022 532 1090 ἡμῶν
576 1022 654 1092 τῷ
706 1021 784 1092 σῷ
814 1022 1081 1092 λαμπρῶς
1125 1022 1632 1091 ἐξυπηρετούμενος
1670 1017 1838 1087 πατρί
1879 1035 1937 1070 τε

373 1115 472 1168 καὶ
499 1112 745 1184 ὑφηγετῇ
783 1114 986 1185 μιαρῷ,
1018 1115 1138 1167 Ἐπὶ
1166 1114 1423 1167 τοσοῦτον
1476 1113 1571 1165 καὶ
1594 1111 1703 1179 γὰρ
1731 1111 1938 1178 ὑπομε-

374 1205 576 1275 νοῦμεν
622 1208 861 1270 ἅπαντα,
898 1206 1092 1274 ἐφόσον
1137 1222 1195 1258 τε
1241 1206 1337 1258 καὶ
1381 1202 1600 1272 σίδηρος
1642 1201 1709 1255 τὰ
1742 1199 1939 1271 βριαρὰ

372 1297 484 1350 τῶν
514 1299 872 1367 χαλκοτύπων
901 1301 1213 1367 κρούματα.

447 1387 522 1452 ς’.
554 1386 772 1440 Τούτων
810 1387 952 1442 οὕτω
973 1388 1309 1455 λεγομένων,
1344 1385 1572 1456 ἔχαιρον
1603 1383 1704 1452 μὲν
1731 1382 1938 1437 ἄνωθεν

375 1481 618 1547 ἄγγελοι,
647 1481 901 1549 καθάπερ
938 1480 1083 1541 τινὲς
1136 1477 1421 1532 ἀθλοθέται
1468 1478 1560 1545 ἀφ’
1590 1473 1794 1543 ὑψηλοῦ
1842 1472 1936 1524 τοῦ

376 1573 608 1642 θεάτρου
657 1571 1066 1641 προκύπτοντες
1088 1586 1103 1601 ο
1134 1569 1429 1637 ἐπλήττετο
1459 1567 1504 1621 δ’
1529 1569 1556 1620 ὁ
1586 1567 1780 1635 πικρὸς
1810 1565 1939 1632 ἡγε-

376 1664 514 1734 μὼν,
545 1662 797 1731 καθάπερ
827 1660 1038 1731 συχνῶν
1061 1676 1225 1713 τινων
1254 1660 1395 1728 ἀμφ’
1425 1657 1576 1727 αὐτῷ
1603 1654 1938 1726 πρηστήρων

374 1754 877 1825 κατενηνεγμένων,
909 1755 1004 1806 καί
1035 1754 1136 1821 τῆς
1181 1753 1381 1820 πείρας
1412 1750 1591 1803 πάντα
1627 1744 1939 1816 προαπιλέ-

372 1865 524 1916 γετο,
556 1846 757 1916 χλεύην
787 1845 931 1898 οὕτω
968 1840 1313 1912 γενησόμενα
1355 1840 1513 1894 πάντ’
1561 1837 1759 1892 ἐννοῶν
1797 1836 1832 1889 ἃ
1857 1834 1934 1903 τῷ

370 1945 512 2007 τέως
540 1940 660 1992 κατ’
695 1936 875 1991 αὐτῶν
912 1934 1148 1995 ἐπενόει,
1196 1931 1293 1985 καὶ
1326 1931 1549 1995 πολλαῖς
1590 1927 1933 1997 άλλεπαλλη-

372 2035 487 2095 λοις
513 2034 636 2093 ταῖς
652 2030 884 2092 ἐννοίαις
916 2028 976 2081 τὸ
1010 2025 1361 2094 λογιζόμενον
1400 2026 1500 2092 τῆς
1538 2023 1716 2091 ψυχῆς
1753 2020 1934 2073 διεσά-

372 2122 499 2173 λευε
547 2122 643 2172 καὶ
686 2119 974 2188 ἐτάραττε,
1009 2117 1106 2169 καί⁵
1150 2113 1254 2167 ὑπὸ
1305 2113 1541 2181 σφοδρᾶς
1573 2110 1735 2163 οίονεί
1789 2124 1935 2171 τινος

375 2212 837 2283 ἀντικρουόμενος
884 2209 1206 2270 άντιπνοίας
1261 2206 1358 2259 τοῦ
1411 2204 1665 2273 γενναίου
1724 2202 1933 2254 ἐκείνου

372 2306 576 2377 δηλαδὴ
597 2309 691 2358 καὶ
717 2301 955 2369 θάρσους
988 2299 1252 2368 γέμοντος
1285 2295 1618 2366 πνεύματος.
1648 2293 1760 2347 Καὶ
1778 2293 1854 2355 ὡς
1877 2293 1935 2344 ἐν

375 2396 741 2469 βουλευτηρίῳ
785 2393 873 2447 διὰ
916 2392 1134 2445 πάντων
1165 2387 1550 2459 βουλευμάτων
1593 2384 1701 2439 ἀπὸ
1734 2382 1932 2455 συχνοῦ

372 2490 466 2545 τοῦ
488 2488 856 2557 διαστήματος
889 2485 1090 2555 ἠρχετο
1116 2482 1256 2552 μετά
1282 2496 1425 2543 τινος
1443 2479 1700 2549 ὀξύτητος
1732 2477 1807 2547 (1)
1839 2473 1933 2528 τοῦ

373 2583 467 2636 νοῦ
496 2584 591 2635 καὶ
620 2578 890 2637 άνεπόλει,
920 2577 1080 2629 τίνων
1113 2575 1212 2644 μὲν
1235 2573 1301 2627 ἂν
1331 2571 1731 2640 ἀποσχόμενος,
1768 2568 1933 2620 τίνων

372 2673 431 2729 δὲ
462 2672 743 2742 πειραθεὶς
770 2668 1047 2738 εὐτυχοίη,
1082 2670 1179 2721 καὶ
1223 2665 1298 2735 μὴ
1329 2664 1497 2734 χλεύη
1531 2660 1707 2729 σαφὴς
1738 2660 1933 2729 φανείη

375 2762 761 2833 προκείμενος,
800 2758 991 2827 ὥσπερ
1041 2757 1144 2809 ὑπὸ
1194 2753 1464 2824 βελτίονος
1509 2750 1803 2805 ἀντιπάλου
1832 2766 1934 2799 κα·-

371 2851 692 2921 ταρραγιίς.
722 2850 828 2902 Καὶ
856 2845 951 2898 νῦν
986 2846 1082 2914 μέν
1111 2844 1272 2913 ὥρμα
1303 2844 1405 2912 μιᾷ
1432 2841 1615 2909 πληγῇ
1642 2838 1768 2899 τοὺς
1796 2836 1938 2905 μάρ-

372 2959 542 3011 τυρας
578 2940 676 3009 μὲν
707 2940 802 2991 τοῦ
837 2938 976 3002 βίον,
1014 2935 1359 3004 πραγμάτων
1392 2932 1437 2984 δ’
1478 2930 1667 2984 ἑαυτὸν
1691 2927 1934 2982 ἀπαλλάσ-

374 3035 464 3102 Eat
487 3050 500 3064 ·
531 3032 626 3086 νῦν
662 3031 707 3084 δ’
749 3032 956 3097 ἐπεῖχε,
990 3028 1085 3081 καὶ
1127 3026 1201 3089 ὡς
1239 3027 1299 3077 ἐν
1333 3021 1640 3094 μεταιχμίῳ
1671 3022 1738 3090 τῇ
1766 3018 1935 3088 πείρᾳ

2040 566 2256 631 poterit.
2298 566 2443 621 Nihil
2469 584 2598 636 ergo
2629 578 2936 635 cunctatus,
2980 573 3187 626 nullum
3235 578 3452 643 penitus
3485 589 3598 632 tor-

2037 663 2280 707 mentum
2312 672 2376 710 ex
2429 657 2495 711 iis
2516 674 2636 726 qua:
2667 669 2789 713 tuus
2816 669 2866 715 te
2895 663 3111 731 sapiens
3147 664 3358 718 daamon
3416 667 3596 731 ducet,

2036 745 2309 810 omittito;
2346 747 2459 800 sive
2492 750 2624 803 illud
2656 750 2860 805 ferrum
2889 756 2978 820 sit,
3041 755 3155 809 sive
3188 756 3424 822 ﬂamma,
3483 760 3597 812 sive

2038 836 2230 888 marini
2256 836 2471 903 ﬂuctus,
2509 841 2621 895 sive
2655 841 2758 896 alia
2800 859 3159 914 quiscunque,
3216 849 3413 916 quibus
3448 867 3599 919 gras-

2036 928 2143 980 sari
2170 938 2358 982 contra
2392 947 2491 985 nos
2520 932 2726 987 soletis.
2759 935 2970 990 Adhibe
3001 938 3158 992 nobis
3188 941 3391 995 omnia.
3436 952 3600 1009 atque

2036 1020 2113 1075 sic
2144 1021 2373 1076 scelesto
2414 1033 2505 1077 tuo
2537 1027 2747 1094 parenti
2778 1042 2842 1081 ac
2877 1029 3089 1085 ductori
3122 1031 3406 1101 magniﬁce
3442 1036 3601 1087 mini-

2036 1119 2147 1165 stra
2183 1130 2196 1164 :
2228 1128 2326 1167 nos
2352 1114 2417 1167 ad
2451 1116 2551 1169 ista
2604 1133 2708 1171 non
2742 1119 2922 1174 minus
2956 1136 3115 1188 quam
3146 1122 3347 1175 ferrum
3399 1125 3465 1176 ad
3511 1141 3596 1177 ro-

2038 1202 2228 1258 bustos
2262 1205 2539 1261 fabrorum
2583 1208 2805 1264 malleus
2832 1210 3172 1265 durabimus.

2106 1384 2160 1438 6.
2196 1385 2319 1439 [hec
2344 1400 2466 1440 cum
2528 1387 2863 1452 dicerentur,
2902 1389 3211 1458 gaudebant
3264 1389 3485 1461 quidem
3539 1393 3593 1444 in

2037 1476 2177 1529 cutio
2212 1479 2410 1546 angeli,
2444 1486 2696 1547 tanquam
2726 1481 3043 1535 atblothetae
3071 1497 3134 1535 ex
3199 1498 3412 1535 summo
3453 1483 3603 1536 thea-

2039 1577 2123 1619 tro
2155 1566 2567 1636 despectantes;
2604 1584 2779 1624 savus
2802 1581 2984 1625 autem
3018 1572 3147 1636 dux,
3188 1575 3347 1641 quasi
3379 1575 3600 1629 turbine

2037 1656 2271 1724 quodam
2301 1659 2482 1712 omnia
2514 1659 2656 1713 circa
2682 1660 2857 1728 ipsum
2890 1661 3178 1727 obruente,
3212 1664 3602 1717 consterneba-

2039 1755 2147 1811 tur,
2180 1757 2233 1801 et
2259 1749 2367 1817 jam
2400 1758 2513 1802 tum
2549 1764 2609 1803 ea
2640 1766 2760 1820 quae
2789 1761 2977 1805 contra
3004 1751 3124 1807 illos
3170 1752 3433 1808 hactenus
3488 1769 3600 1806 ma-

2037 1838 2292 1892 chinatus
2313 1839 2510 1903 fuerat,
2536 1850 2733 1895 cuncta
2785 1843 3026 1897 ludibrio
3086 1844 3202 1899 fore
3254 1844 3596 1909 existimans,

2034 1928 2348 1995 rejiciebat;
2383 1928 2622 1999 dumque
2659 1931 2947 1987 redeuntes
2977 1935 3173 1989 alterni
3208 1935 3597 2004 cogitationum

2034 2018 2233 2074 ﬂuctus
2258 2031 2497 2074 mentem
2526 2022 2646 2090 ejus
2676 2036 2783 2076 non
2817 2038 2977 2078 secus
3010 2040 3073 2079 ac
3136 2027 3340 2090 navim,
3394 2027 3599 2096 iactant

2034 2108 2164 2162 hinc
2194 2107 2321 2162 inde
2357 2119 2412 2162 et
2442 2110 2791 2169 conturbant.
2822 2111 3051 2165 adverso
3099 2111 3254 2181 quasi
3305 2122 3467 2166 vento
3516 2128 3599 2166 re-

2036 2213 2269 2261 trorsum
2291 2212 2447 2257 actus
2479 2205 2702 2272 spiritus
2740 2206 2828 2259 ille
2851 2207 3101 2274 superbia
3141 2217 3195 2261 et
3239 2207 3464 2262 audacia
3517 2216 3600 2262 tu-

2035 2308 2211 2358 mens,
2236 2301 2534 2347 couvocato
2562 2293 2938 2363 frequentibus
3011 2298 3317 2353 intervallis
3364 2297 3597 2352 consilio

2035 2384 2205 2450 omni,
2250 2384 2442 2440 fortius
2461 2384 2643 2440 denuo
2670 2385 3005 2457 insurgebat,
3055 2389 3476 2456 revolvebatque
3513 2402 3596 2440 se-

2035 2488 2181 2537 cum,
2215 2474 2540 2542 quibusnam
2575 2476 2849 2531 abstinere
2894 2480 3066 2548 magis
3101 2478 3403 2547 expediret,
3451 2492 3601 2547 quae-

2034 2581 2158 2620 nam
2189 2581 2313 2620 cum
2362 2582 2457 2637 spe
2491 2582 2776 2623 successus
2832 2576 2888 2623 et
2921 2569 3125 2640 absque
3185 2577 3355 2627 metu.
3410 2569 3597 2624 smmis

2036 2657 2317 2712 hominum
2349 2658 2637 2713 manifesto
2667 2674 2725 2714 se
2759 2667 3014 2723 tanquam
3061 2676 3089 2714 a
3152 2660 3444 2730 potentiori
3507 2659 3600 2712 ad-

2036 2748 2281 2802 versario
2305 2747 2596 2817 deiectum,
2628 2748 2976 2817 propinandi,
3026 2758 3208 2817 posset
3233 2749 3494 2817 experiri.
3531 2748 3596 2801 Et

2038 2853 2187 2893 nunc
2214 2839 2433 2908 quidem
2471 2838 2548 2891 illi
2575 2838 2793 2893 animus
2836 2848 2975 2904 erat,
3026 2853 3135 2893 uno
3176 2838 3288 2893 ictu
3335 2848 3601 2907 martyres

2037 2919 2171 2992 vita,
2199 2944 2258 2983 se
2283 2928 2530 2995 molestia
2563 2943 2764 2982 exuere
2790 2944 2806 2981 :
2836 2931 3000 2997 paulo
3036 2939 3158 2997 post
3190 2936 3371 2983 autem
3425 2938 3599 2980 retra-

2040 3021 2204 3075 hebat
2237 3021 2518 3089 impetum,
2546 3020 2899 3088 experientiae
2922 3020 3168 3089 periculo
3196 3036 3464 3073 summam
3518 3020 3596 3072 ro-i

372 3129 433 3181 τδ
467 3128 575 3180 πᾶν
611 3124 931 3195 ἁνερῤίπτει
977 3120 1079 3187 (2),
1122 3118 1375 3187 καθάπερ
1406 3116 1463 3167 ἐν
1508 3114 1719 3175 κύϐοις,
1753 3113 1812 3164 ἐν
1855 3104 1934 3171 οἷς

2039 3109 2377 3165 committere
2401 3108 2723 3175 formidans,
2756 3109 2846 3164 ubi
2875 3109 3349 3180 quemadmodum.
3374 3109 3428 3163 in
3458 3109 3595 3161 talo-

369 3219 613 3288 τοσούτῳ
636 3218 861 3286 θάτερον
880 3215 1083 3285 ἥκιστα
1111 3208 1538 3281 ἀπροσδόκητον,
1568 3206 1678 3275 ὅσῳ
1702 3204 1929 3270 θάτερον

373 3310 838 3384 προσδοκήσιμον.

495 3532 509 3546 .
554 3489 720 3543 Ἀλλὰ
754 3489 862 3559 γὰρ
896 3489 1066 3558 ίωμεν
1104 3487 1196 3539 ἐπὶ
1230 3486 1291 3538 τὸ
1339 3482 1680 3554 μαρτυρικδν
1726 3480 1933 3548 γυμνά·

377 3604 515 3652 σιον,
545 3584 948 3655 ἀριθμήσοντες
979 3582 1108 3642 τοὺς
1134 3578 1416 3645 γενναίους
1440 3576 1667 3630 ἐκείνων
1690 3573 1930 3642 ἀγῶνας.

377 3680 655 3731 Τύπτουσι
709 3674 806 3743 μὲν
841 3671 938 3742 τὴν
977 3670 1150 3740 ἀρχὴν
1181 3672 1278 3723 σὺν
1321 3669 1435 3727 τοῖς
1471 3666 1781 3736 εἰρημένοις
1827 3665 1934 3717 Κο-

373 3772 570 3841 δρᾶτον
615 3764 810 3835 ἐφόσον
856 3759 923 3833 ἦν
956 3763 1272 3831 δυναμένοις
1316 3762 1427 3821 τοῖς
1458 3758 1675 3828 δημίοις
1697 3773 1710 3786 ’
1740 3755 1935 3808 ἔπειτα

376 3861 512 3930 πρὸς
543 3857 675 3925 ὕψος
702 3857 764 3907 ἐκ
792 3853 901 3907 τῶν
934 3852 1108 3905 ποδῶν
1139 3851 1376 3917 αίρουσι,
1413 3851 1506 3902 καὶ
1541 3848 1790 3917 σιδηραῖς
1831 3846 1935 3898 ἀκ-

376 3950 499 4017 μαῖς
525 3946 624 4014 τὴν
652 3944 758 3996 τῶν
787 3940 1003 4010 σαρκῶν
1025 3940 1291 4009 ἁρμονίαν
1319 3939 1749 4006 κατατέμνουσι.
1779 3935 1934 3988 Μετὰ

370 4039 425 4092 δέ
484 4038 596 4106 πῦρ
642 4035 972 4104 ὑφάπτουσι,
1034 4030 1196 4084 τοῦτο
1233 4029 1334 4099 μὲν
1372 4028 1565 4097 ὥσπερ
1599 4026 1824 4094 ἕψοντες
1867 4025 1934 4077 τά

372 4126 600 4178 ἐκείνων
636 4121 885 4189 σώματα,
915 4117 1074 4171 τοῦτο
1104 4118 1161 4169 δέ
1195 4120 1290 4170 καὶ
1320 4116 1571 4185 δριμεῖαν
1602 4111 1796 4179 ὀδύνην
1824 4113 1935 4174 τοῖς

371 4214 833 4274 ἀναπνευστικοῖς
880 4211 1071 4280 πόροις
1119 4208 1298 4262 αὐτῶν
1356 4203 1733 4276 ἐμποιοῦντες.
1771 4203 1828 4255 Ὀ
1880 4202 1936 4255 δὲ

371 4308 605 4373 Μάρτυς
627 4302 724 4357 τοῦ
748 4300 1003 4370 σώματος
1033 4296 1289 4360 καθάπαξ
1314 4296 1406 4349 τὸν
1432 4294 1558 4349 νοῦν
1592 4294 1932 4363 ἀποστήσας,

369 4396 655 4465 ἀπόδημον
681 4394 899 4448 ἔστελλε
948 4392 1086 4461 πρὸς
1141 4388 1395 4460 Χριστὸν,
1432 4386 1499 4440 δι’
1541 4385 1600 4438 ὃν
1642 4386 1935 4454 ἐκαρτέρει

2036 3217 2157 3256 rum
2182 3202 2326 3264 lusu.
2363 3202 2405 3256 si
2435 3202 2564 3270 quid
2593 3202 2811 3257 eveniat
2837 3202 3081 3272 sequius,
3114 3213 3267 3258 tanto
3298 3204 3479 3257 minus
3514 3209 3599 3255 est

2037 3292 2713 3362 inexspectatum,quanto
2754 3294 2924 3364 magis
2952 3293 3163 3349 [elicior
3202 3309 3359 3350 casus
3406 3306 3598 3362 exspe-

2035 3385 2260 3441 ctationi
2284 3385 2559 3455 congruit.

2108 3474 2164 3528 7.
2210 3473 2319 3528 Sed
2364 3474 2667 3543 palaestram
2702 3487 2999 3547 martyrum
3043 3474 3195 3531 adire
3242 3483 3456 3546 tempus
3495 3488 3599 3542 est,

2037 3565 2335 3619 certamina
2360 3565 2599 3633 ipsorum
2630 3566 3016 3621 numeraturis.
3067 3565 3369 3621 Carniﬁces
3422 3568 3601 3637 primo

2039 3653 2339 3709 Codratum
2405 3669 2528 3708 cum
2564 3656 2770 3709 sanctis
2822 3654 2991 3711 sociis
3055 3655 3268 3710 viribus
3339 3656 3600 3712 omnibus

2037 3746 2258 3801 connixi
2289 3745 2601 3801 verberant.
2630 3746 2770 3800 Hinc
2800 3747 3068 3801 sublimes
3106 3747 3341 3816 pedibus
3370 3763 3601 3817 suspen-

2040 3836 2201 3897 dunt,
2230 3834 2557 3904 angulisque
2584 3836 2780 3891 ferreis
2809 3838 3056 3892 carnium
3094 3852 3355 3907 compage
3385 3838 3599 3893 dilaceo

2039 3938 2179 3990 rata,
2230 3927 2409 3995 ignem
2458 3927 2852 3981 succendunt:
2901 3943 3067 3997 opera
3147 3944 3254 3983 una
3300 3928 3602 3996 eademque

2039 4035 2267 4089 corpora
2300 4033 2360 4074 se
2389 4028 2643 4074 cocturos
2668 4019 3012 4084 simulantes,
3068 4028 3125 4074 et
3188 4019 3461 4074 meatibus
3520 4035 3603 4073 re-

2041 4112 2323 4181 spirationi
2350 4111 2545 4165 dicatis
2609 4126 2788 4165 acrem
2848 4109 3091 4165 dolorem
3151 4110 3479 4181 inlligentes.
3535 4110 3602 4164 At

2044 4215 2246 4273 martyr
2282 4211 2519 4256 mentem
2545 4217 2695 4255 suam
2719 4216 2748 4255 a
2777 4216 3006 4270 corpore
3034 4216 3261 4270 prorsus
3288 4216 3601 4269 segregans,

2040 4291 2404 4347 adCbristum
2439 4291 2718 4359 ablegabat
2758 4309 2771 4344 :
2805 4293 2859 4345 in
2894 4292 3052 4362 cujus
3078 4292 3307 4362 gratiam
3345 4291 3445 4344 ista
3481 4306 3603 4359 per-

2044 4383 2364 4451 petiebatur.
2403 4379 2555 4435 Unde
2586 4382 2745 4437 facile
2778 4382 2852 4435 illi
2887 4383 3275 4452 eratcorporis
3323 4382 3605 4435 cruciatus

369 4492 617 4556 πάσχων,
646 4485 937 4539 κάντεῦθεν
968 4482 1074 4535 τῶν
1091 4481 1184 4534 τοῦ
1204 4480 1450 4550 σώματος
1476 4476 1738 4545 ἀλγεινῶν
1765 4476 1862 4527 ύπε
1873 4492 1933 4544 ρ-

2038 4491 2314 4544 spernere,
2354 4476 2529 4529 solum
2552 4474 2922 4529 Atlilothetam
2953 4473 3249 4544 respicere,
3289 4473 3344 4526 in
3371 4486 3605 4541 corpore

370 4572 596 4641 εφρόνει
623 4570 840 4641 ῥᾳδίως,
871 4569 967 4622 καὶ
989 4569 1124 4637 πρὸς
1159 4568 1318 4637 μόνον
1341 4566 1538 4619 ἐόλεπε
1567 4565 1658 4618 τὸν
1692 4564 1938 4619 Ἀθλοθέ-

369 4679 495 4731 την.
528 4662 624 4713 καὶ
652 4657 1113 4721 ἐνεκαλλωπίζετο
1141 4657 1232 4709 τοῦ
1266 4656 1519 4725 σώματος
1554 4656 1937 4724 ὑπορρέοντος,

373 4752 470 4805 καὶ
529 4748 698 4816 μόνην
754 4745 961 4814 ταύτην
1012 4747 1199 4814 ἠγεῖτο
1238 4745 1394 4811 νίκην
1436 4740 1581 4795 εἶναι
1614 4743 1786 4810 σαφῆ,
1840 4743 1939 4811 τὴν

369 4836 676 4907 ὑπεροψίαν
692 4836 793 4906 τῆς
821 4836 1023 4906 σαρκὸς
1050 4835 1425 4904 πληττομένης
1450 4832 1589 4903 ὑπὲρ
1615 4831 1709 4885 τοῦ
1732 4832 1935 4886 παθόν-

370 4945 465 4991 τος
489 4927 754 4997 πρότερον
791 4925 861 4978 δι’
905 4926 1079 4994 ἡμᾶς.
1129 4925 1237 4976 Καὶ
1276 4924 1413 4992 πρὸς
1447 4922 1543 4990 μὲν
1570 4923 1668 4984 τὰς
1712 4921 1804 4973 τοῦ
1829 4920 1934 4973 σώ-

377 5036 548 5089 ματος
582 5018 884 5087 ἀλγηδόνας
917 5016 1160 5078 τοιοῦτος
1194 5012 1264 5087 ἦν
1307 5018 1333 5067 ὁ
1362 5015 1637 5082 Κοδρᾶτος
1662 5031 1675 5044 ·
1715 5014 1849 5083 πρὸς
1880 5013 1937 5067 δὲ

373 5112 502 5174 τοὺς
556 5110 855 5173 συνάθλους
887 5110 1047 5162 ὁπότε
1096 5107 1485 5177 ἐπιστραφείη,
1526 5106 1750 5160 τοιαῦτα
1804 5106 1938 5160 ἄττα

371 5202 672 5267 είσηγείτο,
707 5200 869 5253 οἱονεί
899 5216 980 5262 τις
1029 5199 1349 5268 γυμναστὴς
1380 5200 1505 5265 ἄρτι
1554 5198 1939 5268 προσϐιϐάζων

374 5290 515 5359 πρὸς
541 5290 733 5359 ἀήθεις
766 5289 986 5353 ἄθλους,
1021 5292 1115 5343 καὶ
1151 5289 1379 5359 σφοδρόν
1417 5307 1468 5342 τι
1504 5290 1755 5359 ζώπυρον
1793 5291 1939 5342 ἐντι-

376 5381 491 5444 θεὶς
518 5384 639 5444 ταῖς
664 5380 889 5436 ἐκείνων
913 5380 1134 5451 ψυχαῖς.
1157 5383 1407 5450 Ἀνδρες,
1436 5386 1621 5450 φησὶν,
1642 5382 1691 5433 οί
1721 5382 1811 5433 τὸν
1842 5383 1938 5436 αύ-

447 5535 523 5615 (ί)
551 5534 649 5589 Ms.
669 5536 823 5603 όξένε
852 5539 1200 5615 manifestum
1234 5541 1459 5615 σφάλμα
1484 5542 1586 5595 hoc
1618 5540 1780 5615 modo
1808 5555 1936 5609 sup-

377 5607 763 5678 plevimusput
789 5623 980 5662 sensus
1008 5609 1096 5671 sit,
1142 5625 1257 5662 cum
1292 5611 1535 5678 gquodam
1587 5613 1771 5665 mentis
1810 5607 1935 5662 acu—

382 5677 520 5728 mine
574 5675 1020 5730 deliberationem
1076 5675 1398 5733 institutam.
1464 5681 1706 5735 Dehnius
1753 5691 1936 5735 noster

382 5745 694 5817 suapicatur
727 5746 1015 5817 legendum
1060 5752 1195 5817 μετὰ
1223 5749 1527 5816 τινεςόξὲος
1566 5750 1739 5805 τόνου.

2041 4566 2321 4622 difﬂuente
2352 4566 2598 4636 gloriari,
2655 4574 2710 4620 et
2759 4565 3043 4621 victoriam
3092 4564 3356 4635 liquidam
3411 4565 3600 4620 existi-

2039 4673 2188 4713 mare
2217 4666 2425 4712 tantum
2476 4672 2619 4722 eam,
2646 4672 2751 4726 qua
2787 4671 2916 4712 caro
2951 4658 3021 4711 ob
3054 4655 3257 4712 Christi
3303 4664 3464 4710 antea
3504 4671 3605 4725 pro

2040 4749 2199 4803 nobis
2261 4750 2408 4818 passi
2458 4764 2655 4803 nomen
2692 4752 2848 4818 plexa
2908 4749 3240 4819 despicitur.
3282 4749 3430 4803 Talis
3487 4757 3602 4803 erat

2038 4840 2309 4895 Codratus
2340 4838 2519 4909 quoad
2568 4840 2784 4895 dolores
2820 4842 2905 4895 sui
2970 4842 3259 4910 corporis:
3292 4841 3359 4895 ad
3424 4840 3605 4893 socios

2039 4940 2221 4985 autem
2250 4930 2905 4994 certaminisconversus,
2970 4930 3286 5000 hujusmodi
3345 4931 3604 4984 utebatur

2041 5021 2244 5087 verbis,
2280 5030 2537 5092 tanquam
2564 5022 2761 5092 aliptes
2787 5022 2985 5092 aliquis
3025 5023 3092 5077 ad
3124 5038 3297 5077 novos
3330 5030 3385 5075 et
3430 5023 3604 5076 inusi-

2043 5121 2182 5167 tatos
2204 5112 2490 5168 conﬂictus
2513 5113 2774 5180 incitans,
2840 5124 2899 5169 et
2949 5114 3264 5169 incendium
3304 5114 3605 5167 vehemen-

2041 5204 2308 5258 tissimum
2332 5204 2529 5260 animis
2563 5206 2805 5274 ipsorum
2861 5206 3130 5260 inserens.
3186 5205 3324 5270 Viri,
3366 5205 3603 5267 dicebat,

2042 5294 2138 5361 qui
2168 5293 2405 5348 stadium
2429 5293 2595 5356 idem,
2657 5292 2803 5362 quod
2841 5301 2897 5346 et
2925 5307 3045 5361 ego,
3097 5292 3405 5356 decurritis,
3457 5291 3601 5344 idem

2046 5384 2296 5439 bravium
2329 5384 2619 5453 respicitis,
2644 5384 2689 5439 si
2718 5392 2774 5439 et
2798 5394 3005 5438 natura:
3038 5391 3242 5437 nostra:
3271 5382 3413 5437 ﬂuxa
3448 5380 3604 5434 nubis

2103 5540 2179 5609 (Ξ)
2218 5540 2363 5594 Idem
2394 5540 2575 5607 legere
2606 5540 2787 5595 mallet
2821 5557 2834 5595 :
2872 5537 2986 5591 Νῦν
3009 5538 3052 5591 δ’
3088 5538 3387 5609 ἀπεῖχε-ᾡς
3417 5536 3475 5587 ἐν
3505 5551 3604 5600 με-

2033 5605 2273 5678 ταιχμίῳ
2304 5613 2367 5677 τῇ
2390 5605 2554 5677 πείρα
2589 5611 2649 5659 τὸ
2684 5614 2792 5661 πᾶν
2841 5605 3248 5678 ἁναρῤίπτεινξ
3272 5605 3423 5658 Nunc
3482 5621 3603 5678 vero

2035 5675 2364 5747 ιονῇιὶάαὸαῑ
2388 5675 2540 5734 velut
2594 5680 2646 5731 iu
2675 5696 2856 5750 campo
2909 5675 3081 5733 omnia
3139 5675 3607 5732 ereutuicommit-

2036 5760 2163 5803 tere.
