4134 6286
511 307 614 368 511

1706 304 2118 366 NiCEl‘l-IORI
2164 304 2550 369 GREGORE

3633 296 3738 357 512

510 412 752 469 conditio
770 412 1043 483 ignota,§ct
1084 412 1246 468 vitam
1295 415 1485 469 mortis
1531 415 2078 485 exspectationelibe-

2197 416 2272 469 ςὸν
2305 417 2428 486 ἐμοὶ
2458 415 2745 486 τρέχοντες
2778 413 3014 477 δίαυλον,
3052 411 3147 465 καὶ
3176 413 3309 480 προς
3334 409 3391 463 ἓν
3423 408 3738 479 ἀφορῶντες

511 520 627 557 ram
658 511 922 572 perpetuo
944 504 1267 573 prorogaudi
1293 514 1438 558 certa
1483 505 1674 558 fiducia
1697 516 1860 565 esset,
1881 511 2077 561 mcrito

513 609 612 648 uos
637 593 776 649 forte
806 594 925 663 ejus
949 604 1192 649 moveret
1246 596 1505 658 charitas,
1566 605 1626 649 ut
1673 597 1823 649 carui
1879 607 2078 650 nostra:

514 698 839 753 euperemus
864 699 985 739 esse
1014 685 1352 748 consultum,
1383 694 1438 739 et
1472 685 1707 754 pericula
1750 685 1865 739 hiec
1894 685 2081 757 ingen-

518 776 592 828 tia
624 784 795 839 metu,
843 790 1006 844 quem
1036 790 1197 829 nemo
1230 776 1619 845 reprehendat,
1655 777 2077 831 declinaremus.

516 865 651 918 Cum
684 880 813 919 vero
835 865 1084 918 evitanda
1118 866 1250 917 nulli
1290 866 1375 918 lex
1440 874 1650 919 naturae
1695 865 1864 919 etiam
1922 866 2081 920 nobis

523 953 825 1015 incumbat,
868 968 972 1021 qua
1028 954 1280 1021 jubcnte,
1328 956 1543 1010 etiamsi
1609 957 1773 1010 vitam
1847 956 2082 1012 fortasse

520 1054 734 1114 tempus
766 1045 1071 1106 indulserit.
1112 1047 1409 1115 aliquando
1442 1056 1623 1102 tamen
1681 1057 1777 1102 aut
1827 1058 2083 1103 senectus

520 1137 693 1199 finiet,
728 1146 821 1189 aut
851 1138 1074 1192 morbus
1106 1139 1375 1201 incidens,
1408 1140 1599 1206 quales
1648 1140 1871 1209 plurimi
1923 1141 2083 1194 varii-

516 1242 623 1297 que
652 1227 864 1281 miserae
885 1229 1037 1282 carni
1070 1229 1201 1284 huic
1250 1230 1446 1285 ordine
1473 1233 1716 1286 materiae
1759 1232 2082 1301 perturbato

519 1319 810 1373 imminent
869 1321 1089 1374 demum
1139 1321 1479 1391 abrumpet:
1515 1340 1613 1376 cur
1677 1324 1820 1388 quod
1890 1324 2086 1378 melius

520 1415 603 1460 est
637 1408 808 1475 pejori
846 1424 951 1462 non
988 1411 1369 1479 praeferimus?
1408 1413 1613 1477 Quodsi
1662 1424 1891 1468 mortem
1922 1430 2084 1484 quam

523 1507 713 1551 natura
742 1501 997 1554 immittet
1026 1503 1509 1573 exspectabimus,
1542 1504 1771 1574 ingloria
1802 1506 1905 1560 ista
1954 1522 2088 1575 pro-

522 1588 666 1642 fccto
692 1591 818 1653 erit,
852 1592 1084 1660 vitaeque
1118 1600 1320 1646 nostra:
1346 1596 1665 1649 memoriam
1696 1598 1950 1665 sepulcro
1979 1614 2085 1651 una

521 1694 645 1732 eum
680 1682 1006 1749 corporibus
1051 1684 1328 1746 recondet,
1366 1698 1490 1738 cum
1538 1687 1807 1741 incertum
1863 1689 2088 1758 insuper

524 1768 618 1831 sit,
655 1783 725 1822 an
759 1770 976 1826 fortuna
1028 1772 1270 1839 favente,
1327 1778 1651 1845 superstites
1688 1779 1843 1832 usuri
1886 1779 2080 1834 simus.

523 1860 580 1913 Si
611 1876 742 1916 vero
782 1874 1011 1917 mortem
1034 1878 1196 1933 quam
1242 1865 1485 1934 pericula
1527 1868 1822 1930 intentant,
1857 1870 2088 1940 elegeri-

524 1967 665 2018 mus,
723 1953 847 2008 vitae
867 1954 1086 2023 quidem
1117 1966 1319 2011 nostras
1344 1960 1603 2027 perennis
1620 1959 1866 2015 manebit
1890 1961 2085 2030 gloria,

523 2040 686 2112 idque
710 2044 893 2101 vivere
920 2047 1096 2116 magis
1135 2049 1243 2102 erit
1297 2064 1463 2118 quam
1494 2052 1664 2116 mori;
1696 2051 1846 2108 Deus
1902 2061 2087 2108 autem

525 2134 925 2190 immortalibus
970 2137 1208 2205 praemiis
1246 2154 1349 2195 nos
1381 2142 1842 2196 remunerabitur.

596 2225 649 2280 8.
686 2225 845 2281 Hisce
876 2227 965 2282 ille
993 2230 1347 2285 sermonibus
1400 2239 1658 2302 tanquam
1690 2233 1819 2288 belli
1853 2234 1964 2288 dux
1994 2249 2087 2289 so-

527 2317 738 2370 ciorum
772 2317 1105 2372 accendebat
1137 2319 1412 2387 fiduciam,
1474 2331 1531 2376 et
1560 2324 1624 2377 ad
1655 2325 1953 2380 certamina
1992 2327 2091 2379 im-

529 2407 795 2462 minentia
826 2409 975 2477 ipsos
1001 2410 1265 2466 reddebat
1284 2413 1668 2469 animosiores.
1694 2415 1806 2470 Nec
1840 2416 2091 2471 cessabat

530 2496 752 2551 interim
778 2497 944 2553 effera
967 2500 1177 2569 tyranni
1204 2501 1501 2557 crudelitas
1526 2502 1869 2567 aﬂirmantis,
1899 2520 2089 2559 eorum

530 2601 650 2654 quas
670 2599 857 2645 contra
889 2600 1105 2646 sanctos
1134 2593 1466 2649 moliebatur
1492 2596 1710 2651 nonnisi
1750 2598 2004 2667 exiguum
2030 2613 2089 2653 se

531 2689 851 2748 apparatum
883 2684 1230 2752 praemisisse.
1292 2686 1599 2742 Minabatur
1625 2690 1827 2743 etenim
1851 2690 1955 2744 alia
1981 2705 2090 2745 non

533 2768 829 2826 mediocria
863 2773 957 2827 sed
990 2774 1188 2830 acerba
1218 2776 1506 2846 supplicia,
1560 2788 1615 2832 et
1656 2779 1885 2833 omnino
1940 2781 2089 2843 talia,

534 2875 655 2927 quae
680 2876 880 2931 corpus
908 2864 1206 2921 humanum
1229 2868 1374 2923 ferre
1408 2870 1729 2939 neutiquam
1765 2878 1970 2939 posset.
2010 2870 2089 2924 Ad

534 2965 697 3019 quem
732 2951 999 3012 Codratus
1047 2958 1213 3012 animi
1269 2959 1520 3027 generosi
1556 2960 1832 3029 proposito
1861 2961 2094 3016 exarde-

2180 505 2450 575 βραὸεῖον,
2482 507 2531 557 εί
2548 507 2609 557 τὸ
2631 504 2731 574 τῆς
2758 502 2975 572 φύσεως
3001 502 3149 571 ἡμᾶς
3168 501 3433 569 ἐπίκηρον
3456 498 3737 562 ἐλάνθανε,

2179 598 2274 649 καὶ
2308 596 2549 649 ἀθάνατα
2600 595 2891 664 βιώσεσθαι
2945 593 3392 663 προσεδοκῶμεν,
3445 592 3591 653 είκδς
3636 592 3736 660 μὲν

2180 687 2311 748 ῐσως
2338 681 2406 756 ἧν
2440 685 2784 756 φιλοψυχεῖν,
2813 687 2912 739 καὶ
2943 686 3019 755 μὴ
3049 684 3193 737 οὕτω
3224 685 3326 751 τῆς
3355 684 3559 752 σαρκὸς
3584 682 3741 749 ἀφει-

2179 777 2311 842 δεῖν,
2350 779 2445 830 καὶ
2485 776 2625 847 πρὸς
2666 774 2926 831 τοσοῦτον
2957 776 3272 846 άποδειλιᾷν
3313 776 3593 828 κίνδυνον·
3620 774 3737 826 ἐπεὶ

2180 866 2239 918 δὲ
2288 868 2452 935 νόμος
2496 868 2734 935 φύσεως,
2771 867 3127 937 ἀπαραίτητα
3166 866 3501 936 ἐγκείμενος,
3551 864 3645 917 καὶ
3691 864 3742 917 εί

2184 957 2261 1027 μὴ
2293 958 2409 1023 νῦν,
2441 959 2557 1011 ἀλλ’
2588 958 2679 1012 οὖν
2707 962 2765 1023 ὲς
2808 960 2906 1029 τὴν
2935 959 3228 1028 ὑστεραίαν
3257 958 3290 1027 ἢ
3334 960 3481 1027 γήρᾳ
3511 957 3601 1009 τὸν
3626 956 3743 1024 βίον

2181 1048 2611 1118 τελευτήσομεν,
2637 1050 2670 1120 ἢ
2693 1050 2843 1113 νόσος
2877 1066 2964 1111 τις
2992 1048 3399 1102 ὲπεισπεσοῦσα
3435 1047 3513 1115 (αἶ
3550 1046 3743 1099 πολλαί

2183 1154 2242 1190 τε
2267 1144 2365 1196 καὶ
2396 1138 2644 1191 ποικίλαι
2664 1139 2733 1190 δι’
2763 1138 2989 1202 ἀταξίαν
3026 1138 3126 1205 τῆς
3153 1136 3287 1206 ὕλης
3317 1136 3503 1189 ἐπίασι
3536 1138 3602 1204 τῇ
3646 1153 3745 1187 τα-

2184 1229 2345 1300 λαίνῃ
2372 1230 2560 1299 σαρκὶ)
2592 1228 2895 1293 ἀπαλλάξει
2931 1227 3025 1282 τοῦ
3056 1229 3157 1299 ζῇν
3178 1242 3192 1258 ο
3224 1229 3312 1281 διὰ
3351 1228 3405 1280 τί
3438 1226 3515 1297 μὴ
3540 1228 3600 1281 τὺ
3630 1227 3745 1297 βέλ-

2184 1336 2299 1372 τιον
2330 1319 2637 1388 αἱρούμεθα
2666 1319 2773 1389 πρὸ
2801 1320 2896 1372 τοῦ
2949 1321 3229 1389 χείρονος;
3273 1321 3335 1372 Εἰ
3384 1318 3483 1387 μὲν
3516 1319 3625 1388 γὰρ
3655 1321 3746 1371 τὸν

2185 1410 2283 1477 τῆς
2317 1410 2533 1479 φύσεως
2562 1414 2761 1463 οἰκεῖον
2794 1412 3201 1481 περιμενοῦμεν
3222 1408 3525 1481 [Θάνατον].
3547 1411 3746 1478 ἀκλεὴς

2185 1502 2245 1553 τὸ
2281 1502 2571 1555 παντάπαν
2596 1505 2821 1569 ὲσεῖται,
2850 1504 2945 1555 καὶ
2979 1501 3241 1570 συνθάψει
3274 1502 3348 1571 (3)
3384 1505 3497 1564 τοῖς
3530 1499 3747 1569 σώμασι

2186 1593 2286 1659 τὴν
2333 1595 2554 1662 μνήμην
2586 1594 2762 1662 ἡμῶν,
2823 1595 2918 1647 καὶ
2963 1593 3160 1661 ἄδηλον
3219 1594 3268 1645 εί
3299 1594 3394 1645 καὶ
3450 1592 3552 1660 τῆς
3576 1591 3748 1659 τύχης

2187 1684 2316 1736 ἵλεω
2342 1685 2603 1754 τύχοιμεν
2625 1703 2639 1715 ο
2672 1688 2719 1739 εί
2743 1686 2789 1739 δ’
2834 1686 2861 1736 6
2892 1686 3030 1755 μετά
3074 1685 3334 1737 κινδύνων
3373 1684 3590 1753 αἱρετὸς
3616 1685 3749 1750 ἡμῖν

2191 1776 2497 1847 κατασταίη
2525 1776 2642 1838 νῦν,
2672 1778 2939 1831 ἀθάνατον
2986 1778 3084 1845 μὲν
3105 1779 3238 1846 ἡμῖν
3272 1776 3333 1829 τὸ
3361 1775 3518 1835 κλέος
3557 1774 3749 1841 διαμε-

2192 1864 2272 1914 νεῖ
2326 1863 2402 1931 τῷ
2453 1863 2576 1933 βίῳ,
2610 1865 2705 1916 καὶ
2754 1862 2855 1932 ζῇν
2888 1862 3033 1916 τοῦτ’
3058 1863 3213 1917 ἔσται
3252 1862 3452 1931 μᾶλλον
3482 1864 3513 1929 ἢ
3544 1861 3748 1925 θανεῖν,

2191 1955 2478 2007 ἀθανάτων
2510 1954 2567 2007 δὲ
2598 1954 2829 2008 καὶτῶν
2876 1954 3146 2024 βραδείων
3188 1953 3339 2024 παρά
3373 1952 3506 2005 Θεοῦ
3535 1950 3751 2018 ἀντιλη-

2191 2045 2405 2115 ψόμεθα

2265 2228 2336 2298 η’.
2380 2229 2606 2292 Τούτοις
2646 2231 2757 2292 τοῖς
2806 2230 2984 2298 λόγοις
3034 2224 3125 2283 οἷά
3166 2245 3248 2290 τις
3283 2227 3585 2298 στρατηγὸς
3627 2228 3753 2288 τοὺς

2196 2321 2335 2391 ἀμφ’
2365 2323 2528 2375 αὐτὸν
2558 2323 2871 2390 ὑπαλείφων
2901 2340 2959 2375 τε
2998 2322 3092 2375 καὶ
3119 2319 3580 2392 παραθαρρύνων,
3616 2317 3754 2388 πρὸς

2195 2416 2321 2476 τοὺς
2350 2414 2475 2481 ἑξῆς
2508 2414 2729 2479 ἀγῶνας
2780 2414 3217 2483 ἀνδρικωτέρους
3265 2410 3519 2465 καθίστα.
3554 2409 3696 2462 Ἀλλ’
3726 2411 3755 2461 6

2196 2507 2458 2577 τύραννος
2498 2507 2597 2559 οὐκ
2644 2506 2837 2576 ἔληγεν
2878 2506 3092 2558 οὐδέπω
3135 2504 3233 2574 τῆς
3274 2502 3511 2572 σφοδρᾶς
3540 2501 3758 2566 ἐκείνης

2197 2596 2501 2665 ὠμότητος,
2535 2596 2650 2647 ἀλλ’
2695 2591 2765 2665 ἦν
2793 2593 2966 2648 ταῦτα
3002 2594 3197 2662 ἐκείνῳ
3236 2589 3416 2662 μικρά
3465 2606 3547 2651 τις
3580 2606 3757 2657 παραυ

2200 2687 2368 2756 σκευὴ
2409 2685 2548 2739 κατά
2584 2687 2691 2738 τῶν
2719 2686 2915 2753 ἁγίων,
2950 2685 3025 2748 ὡς
3054 2684 3309 2751 ἔφασκεν.
3352 2679 3596 2735 Ἦπείλει
3646 2681 3755 2747 γάρ

2198 2779 2417 2848 ἐτέρους
2442 2782 2501 2832 οὐ
2527 2779 2779 2848 μετρίους
2810 2780 2907 2833 καὶ
2938 2776 3169 2846 πικροὺς
3192 2774 3474 2838 θανάτους,
3497 2774 3591 2826 καὶ
3611 2772 3758 2832 οἴους

2198 2872 2298 2924 οὐκ
2326 2869 2617 2940 ἀνθρώπου
2654 2869 2813 2939 σῶμα
2846 2869 3036 2939 φέρειν
3066 2868 3303 2921 δύναιτο.
3341 2866 3482 2936 Πρὸς
3503 2865 3562 2918 ὃν
3595 2864 3623 2915 6
3657 2863 3760 2917 Ko-

2197 2960 2390 3032 δρᾶτος
2416 2960 2482 3026 (ὢ
2505 2961 2759 3029 γενναίας
2797 2961 3101 3021 ἐνστάσεως
3125 2960 3219 3012 καὶ
3250 2958 3599 3027 φρονήματος
3631 2955 3761 3023 φλέ-

535 3056 693 3096 scens
726 3058 740 3095 :
772 3043 928 3100 Nulla
999 3047 1221 3115 quidem
1271 3063 1390 3117 nos,
1448 3050 1648 3119 inquit,
1706 3051 1901 3106 mortis
1961 3066 2091 3106 cura

2200 3068 2387 3120 γοντος
2414 3055 2476 3122 i),
2505 3052 2638 3122 Περὶ
2671 3051 2769 3119 μὲν
2797 3051 3028 3104 θανάτου
3052 3051 3203 3105 οὐδὲν
3235 3051 3367 3120 ἡμῖν
3396 3050 3568 3119 μέλει,
3587 3046 3726 3147 φησί
3738 3062 3756 3079 ο

537 3134 810 3201 angimur,
859 3150 1020 3206 quam
1057 3147 1267 3193 natura:
1310 3138 1521 3195 calculo
1572 3141 1737 3195 etiam
1778 3151 1905 3196 ante
1941 3149 2093 3195 tuum

2200 3145 2316 3206 πῶς
2342 3145 2451 3215 γάρ
2480 3163 2494 3209 ;
2529 3144 2589 3195 δν
2638 3142 2794 3213 ἡμῶν
2826 3143 2859 3211 ἡ
2905 3140 3068 3210 φύσις
3099 3141 3205 3209 πρό
3227 3156 3291 3207 γε
3326 3136 3420 3191 σοῦ
3448 3134 3754 3204 κατεψηφί-

538 3225 700 3281 nobis
727 3225 997 3281 decretam
1034 3242 1157 3284 esse
1211 3230 1448 3295 scimus;
1496 3246 1621 3285 cum
1688 3232 1825 3287 nulli
1881 3232 2100 3301 penitus

539 3317 661 3379 rei,
736 3332 856 3386 quae
911 3318 1187 3389 gignitur,
1268 3323 1611 3393 corruptioni
1673 3339 1736 3379 se
1786 3325 2099 3381 subducere

538 3406 774 3466 liberum
838 3409 929 3463 sit.
981 3408 1163 3475 Quare
1204 3419 1478 3468 tormenta
1538 3415 1759 3484 quidem
1818 3415 1988 3471 multa
2045 3427 2101 3473 et

538 3496 690 3553 varia
723 3499 777 3553 in
810 3513 911 3554 nos
934 3503 1298 3569 comminisci,
1330 3505 1408 3559 tui
1434 3514 1518 3561 est
1545 3506 1793 3561 arbitrii:
1826 3513 1882 3562 at
1909 3517 2100 3563 contra

543 3591 729 3644 omnia
773 3590 877 3646 ista
910 3593 1131 3662 prodire
1167 3595 1222 3649 in
1257 3597 1454 3661 aciem,
1504 3611 1841 3663 carnemque
1867 3598 2103 3667 vilipen-

542 3679 696 3747 dere,
718 3692 966 3737 nostrum
994 3696 1099 3752 est,
1127 3701 1191 3741 ac
1213 3687 1500 3744 adamante
1526 3688 1778 3744 duriores
1805 3704 1907 3744 nos
1928 3690 2102 3744 offen-

541 3772 659 3829 des.
700 3774 839 3839 Quin
870 3785 927 3830 et
952 3779 1262 3833 cumulasse
1296 3787 1348 3834 te
1376 3780 1663 3850 supplicia,
1690 3781 1851 3837 nobis
1890 3781 2099 3837 beneti-

542 3867 686 3920 cium
716 3867 842 3932 erit,
868 3870 959 3938 qui
988 3884 1086 3938 pro
1117 3870 1334 3925 illorum
1368 3887 1599 3926 numero
1619 3887 1858 3929 coronas
1878 3889 2101 3944 quoque

542 3956 704 4010 nobis
734 3969 1221 4017 annumeraturum
1266 3962 1631 4019 athlothetam
1675 3964 1846 4019 Deum
1875 3979 2103 4035 exspece

546 4056 748 4105 tamus.

617 4219 669 4275 9.
704 4219 854 4279 Adeo
884 4238 992 4280 non
1018 4226 1373 4284 emolliebant
1418 4229 1584 4286 verba
1618 4231 1734 4288 haec
1789 4241 2100 4304 tyrannum,

545 4320 607 4366 ut
640 4314 877 4370 furorem
929 4319 1049 4388 ejus
1109 4320 1273 4375 etiam
1326 4322 1501 4392 magis
1557 4322 1944 4388 accenderent,
1990 4339 2100 4379 non

2201 3254 2352 3300 σατο,
2387 3237 2481 3289 κοιλ¹
2521 3236 2619 3289 οὐκ
2653 3235 2862 3287 ἔνεστιν
2900 3234 3077 3286 οὐδενὶ
3117 3232 3226 3285 τῶν
3261 3229 3515 3284 ἁπάντων
3540 3227 3757 3295 γενέσει

2198 3326 2531 3398 χρησαμένῳ
2563 3324 2637 3394 μὴ
2676 3326 2770 3378 καὶ
2803 3323 2982 3393 φθορᾷ
3023 3321 3447 3391 καθυπαχθῆναι
3472 3335 3486 3350 ο
3524 3318 3683 3371 τοῦτο
3714 3317 3760 3370 δ’

2198 3421 2332 3488 ἡμῖν
2354 3420 2412 3471 ὲν
2442 3420 2555 3479 τοῖς
2595 3418 2830 3487 μάλιστα
2865 3416 3041 3485 μέλει,
3074 3414 3150 3485 μὴ
3182 3414 3281 3467 σὺν
3313 3412 3501 3481 ἀδοξίᾳ
3534 3410 3626 3463 τοῦ
3658 3411 3764 3480 ζῇν

2199 3505 2628 3574 ἀπαλλαγῶμεν.
2666 3503 2771 3556 Τοῦ
2811 3505 2910 3573 μὲν
2941 3501 3036 3557 οὖν
3063 3501 3263 3565 πολλάς
3291 3517 3350 3553 τε
3386 3501 3484 3554 καὶ
3515 3499 3765 3559 ποικίλας

2200 3598 2553 3667 ὲφευρίσκειν
2579 3594 2703 3649 καθ’
2731 3595 2889 3665 ἡμῶν
2916 3594 3186 3664 βασάνους
3219 3593 3285 3645 σὺ
3319 3591 3510 3662 κύριος
3535 3607 3548 3619 ·
3582 3588 3675 3643 τοῦ
3705 3588 3764 3640 δὲ

2205 3689 2341 3759 πρὸς
2369 3688 2549 3750 πάσας
2590 3685 3062 3754 ἀντιτεταγμένως
3094 3684 3260 3755 ἔχειν,
3285 3683 3381 3735 καὶ
3422 3682 3519 3751 τῆς
3558 3680 3764 3750 σαρκὸς

2201 3780 2458 3849 ἀφειδεῖν,
2498 3764 2690 3832 τούτου
2719 3778 2763 3830 δ’
2786 3779 2947 3847 ἡμεῖς
2985 3776 3190 3845 κύριοι,
3237 3774 3330 3827 καὶ
3364 3773 3491 3836 ἴδοις
3524 3772 3589 3825 ἂν
3623 3789 3765 3823 παν.-

2201 3868 2291 3929 τδς
2311 3866 2616 3932 ἀδάμαντος
2646 3863 3072 3932 άκμαιοτὲρους.
3117 3862 3279 3933 Ἡμῖν
3309 3860 3368 3914 δὲ
3408 3860 3504 3913 καὶ
3526 3864 3582 3912 ὲν
3606 3859 3765 3928 εὐερ-

2201 3953 2360 4020 γέτου
2416 3952 2580 4022 μοίρᾳ
2631 3951 2845 4022 λογίζῃ,
2897 3950 3115 4011 πλείους
3173 3949 3453 4017 ἐπιφέρων
3487 3947 3762 4009 κολάσεις,

2206 4047 2599 4115 ίσομετρὴτους
2647 4045 2755 4114 γάρ
2804 4043 2898 4096 καὶ
2932 4043 3056 4105 τοὺς
3094 4042 3391 4109 στεφάνους
3432 4037 3766 4108 ὲκδεχόμεθα

2207 4139 2357 4209 παρά
2380 4136 2472 4189 τοῦ
2500 4136 2790 4190 ἀθλοθέτου
2824 4134 2983 4187 Θεοῦ.

2274 4223 2339 4278 θ’.
2365 4223 2552 4277 Ταῦτα
2588 4222 2679 4275 τὸν
2708 4222 2971 4292 stipatva
3000 4218 3332 4291 ὲμαλάκιζεν
3362 4217 3634 4287 οὐδαμῶς,
3649 4217 3749 4269 άλλ

2204 4316 2468 4384 ἀνέφλεγε
2517 4315 2718 4383 μᾶλλον
2762 4314 2853 4366 τὸν
2896 4313 3105 4366 ἐκείνου
3146 4312 3352 4381 θυμὸν,
3403 4310 3646 4379 ὡσπερεί
3681 4328 3765 4372 τις

543 4416 704 4458 secus
736 4420 801 4461 ac
829 4409 1057 4464 materia
1086 4409 1359 4467 incendiis
1384 4422 1508 4482 apta
1535 4412 1806 4469 ﬂammam
1838 4414 1996 4470 solet.
2029 4416 2094 4471 Α(

2209 4408 2519 4479 εῦπρηστος
2542 4406 2642 4475 ῦλη
2680 4406 2853 4474 φλόγα
2884 4404 3078 4475 πυρός.
3109 4405 3217 4457 Καὶ
3246 4407 3272 4458 6
3304 4404 3401 4473 μὲν
3431 4401 3769 4470 ὲφοινίσσετο

546 4491 695 4548 illius
723 4497 940 4564 quidem
965 4498 1155 4553 faciem
1180 4500 1260 4555 ira
1285 4503 1485 4557 rubore
1516 4502 1861 4569 suffuderat;
1898 4513 2104 4575 marty-

546 4598 636 4637 res
661 4595 841 4640 autem
903 4588 1284 4645 subridebant.
1317 4592 1563 4648 Jaciebat
1603 4594 1694 4649 ille
1734 4595 2019 4649 convicia:
2048 4595 2107 4650 hi

544 4684 728 4728 autem
758 4692 856 4745 par
889 4678 1003 4747 pari
1032 4695 1140 4733 non
1166 4681 1485 4737 reddebant.
1506 4685 1740 4740 Jubebat
1761 4685 1853 4740 ille
1884 4686 2107 4740 carnifi-

545 4778 637 4817 ces
666 4766 930 4835 supplicia
963 4769 1164 4824 addere
1217 4770 1540 4839 suppliciis:
1574 4773 1629 4826 hi
1665 4782 1848 4828 autem
1914 4789 2109 4827 cumu-

546 4858 673 4914 latis
699 4871 755 4914 et
808 4862 903 4916 diu
938 4864 1233 4932 protractis
1299 4865 1535 4935 amplius
1584 4865 1933 4934 gaudebant,
1984 4879 2109 4920 cum

551 4953 705 5007 ﬁrma
754 4955 919 5010 animi
972 4972 1097 5026 spes
1155 4957 1334 5012 debile
1382 4972 1584 5026 corpus
1641 4964 1995 5020 sustentaret,
2048 4970 2113 5010 ac

546 5044 805 5114 erigeret,
840 5049 1171 5115 persuadens
1208 5049 1362 5117 ipsis,
1396 5059 1454 5103 ut
1484 5056 1753 5102 tormenta
1785 5046 1919 5100 nihil
1959 5046 2109 5099 aliud

547 5150 671 5189 esse
735 5137 1136 5203 existimarent,
1208 5156 1373 5209 quam
1442 5138 1784 5209 gymnasium
1864 5137 2110 5193 virtutis.

554 5225 748 5281 Bestiis
776 5238 1040 5297 praeterea
1099 5231 1152 5285 in
1200 5233 1381 5286 cibum
1433 5229 1657 5300 objecti,
1718 5228 1847 5283 hinc
1894 5243 2112 5296 quoque

552 5316 840 5374 indemnes
892 5331 1207 5386 evaserunt,
1289 5322 1466 5391 angeli
1521 5321 1785 5376 divinitus
1849 5321 2112 5376 submissi

553 5410 776 5477 auxilio,
800 5412 1147 5481 quifcrarum
1185 5429 1281 5468 ora
1307 5413 1600 5469 obstruxit.
1651 5413 1894 5468 Tandem
1925 5413 2112 5481 igitur,

628 5557 704 5619 (5)
730 5555 840 5610 MS.
888 5555 1155 5623 συνάψειε
1189 5556 1281 5609 sed
1331 5556 1566 5609 litteram
1612 5552 1977 5610 deficientem,
2037 5550 2113 5603 uti

558 5636 714 5679 antea
736 5626 960 5699 θάναήον
988 5624 1244 5699 suppletis
1286 5624 1652 5699 adjeci_t,_qui
1720 5623 1833 5674 hau:
1897 5634 2113 5699 summo

562 5710 684 5748 cum
732 5696 936 5763 judicio
983 5696 1323 5762 transcripsi!
1376 5695 1613 5749 Delinius
1687 5695 2112 5755 przeuomiuatus

2205 4501 2267 4553 τὸ
2303 4500 2590 4569 πρόσωπον
2622 4498 2714 4550 ὑπ’
2747 4496 2938 4567 ὀργῆς,
2984 4497 3039 4549 οι
3063 4496 3119 4548 δὲ
3150 4494 3429 4565 μάρτυρες
3479 4494 3763 4563 ὲμειδίων·

2208 4592 2306 4643 καὶ
2335 4593 2363 4643 6
2399 4589 2497 4658 μὲν
2520 4589 2760 4658 ὕϐριζεν,
2796 4590 2844 4640 οἱ
2876 4588 2921 4640 δ’
2955 4587 3056 4639 οὐκ
3082 4586 3411 4656 ἀνθύϐριζον
3432 4602 3447 4616 ·
3480 4588 3574 4638 καὶ
3604 4586 3633 4636 6
3666 4583 3771 4651 μὲν

2206 4681 2333 4742 τοὺς
2356 4680 2583 4749 δημίους
2640 4679 2894 4731 ἐκέλευεν
2953 4679 3214 4748 ὲμφορεῖν
3268 4678 3368 4738 τὰς
3415 4676 3687 4736 κολάσεις,
3719 4677 3771 4725 οἱ

2208 4772 2254 4825 δ’
2292 4771 2727 4839 ἀλλεπαλλήλους
2780 4787 2839 4822 τε
2881 4772 2972 4823 καὶ
3016 4772 3261 4839 συνεχεῖς
3290 4768 3688 4837 ἐμφορούμενοι
3719 4767 3774 4818 ἕ-

2210 4882 2401 4935 χαιρον
2461 4865 2522 4916 τὸ
2575 4863 2671 4916 τοῦ
2729 4864 2982 4933 σώματος
3022 4862 3249 4924 ἀσθενὲς
3293 4862 3393 4929 τῆς
3443 4860 3542 4927 τῆς
3585 4858 3768 4927 ψυχῆς

2210 4955 2599 5027 ὑπερειδούσης
2631 4958 2723 5007 καὶ
2746 4954 3139 5023 ἀνεγειρούσης
3168 4952 3399 5014 ἐλπίδος,
3432 4954 3524 5005 καὶ
3559 4951 3768 5017 γυμνά·

2211 5066 2324 5102 σιον
2348 5049 2420 5111 ὡς
2450 5047 2663 5116 άληθῶς
2700 5048 2900 5116 ἀρετῆς
2934 5047 3030 5108 τὰς
3064 5045 3327 5114 βασάνους
3368 5044 3619 5112 ἡγεῖσθαι
3650 5057 3777 5092 πει-

2211 5140 2433 5210 οούσης.
2467 5140 2605 5208 Ἤδη
2638 5140 2692 5191 δὲ
2727 5142 2818 5191 καὶ
2852 5137 3061 5207 θηρίοις
3092 5137 3455 5203 ὴγριωμένοις
3490 5132 3629 5201 βορά
3665 5147 3780 5184 πα-

2215 5231 2522 5302 ρατίθενται
2546 5247 2558 5260 ·
2588 5230 2701 5282 ἀλλ’
2726 5228 3040 5298 ἀπήλλαξαν
3053 5224 3304 5279 κάκεῖθεν
3334 5224 3778 5289 ἁπαθεῖς,ἀγγέ-

2212 5324 2306 5376 λου
2347 5323 2530 5376 θεόθεν
2570 5322 2893 5383 ἐπιστάντος
2930 5318 3150 5389 βοηθοῦ,
3196 5320 3288 5368 καὶ
3334 5316 3401 5367 τὰ
3432 5314 3538 5367 τῶν
3585 5314 3781 5381 θηρῶν

2217 5416 2654 5485 ἀποφράττοντος
2687 5414 2953 5481 στόματα.
2995 5410 3149 5462 Ἐπεὶ
3189 5408 3264 5470 δὲ,
3306 5405 3505 5475 μικροῦ
3549 5404 3655 5456 δέω
3689 5403 3783 5454 λέ-

2223 5553 2681 5622 quemadmodum
2714 5561 2769 5605 et
2800 5565 2979 5622 Vnum.
3009 5550 3070 5622 μ
3132 5545 3402 5617 supplevit
3450 5543 3782 5611 νοσημάτων

2222 5619 2322 5691 pro
2350 5641 2630 5692 σηματων,
2655 5630 2709 5676 et
2741 5621 2844 5676 alia
2871 5619 3137 5690 quaedam.
