4134 6286
364 401 473 463 513

1632 398 1809 459 νιΤΑ
1847 396 1907 457 S.
1947 396 2307 459 CODRATI.

3483 394 3590 456 5H

361 533 501 584 γειν,
538 513 626 567 διὰ
660 512 839 583 πάσης
866 514 1107 575 ἐπινοίας
1138 511 1308 566 ἐλθὼν
1333 510 1361 563 δ
1389 508 1657 575 κολάζων,
1682 512 1927 573 ἐκείνους

2035 527 2155 564 cum
2198 509 2333 563 nihil
2365 507 2481 563 fere
2527 506 2891 577 excogitatum
2949 506 3054 560 sibi
3117 506 3376 560 omittens
3415 516 3591 563 tortor

364 608 465 677 μὲν
492 608 737 676 νικητάς,
768 605 957 659 ἐαυτὸν
982 606 1036 658 δέ
1064 606 1161 672 τῆς
1196 605 1363 673 ἥττης
1388 605 1480 654 καὶ
1510 602 1657 654 ἄκων
1684 602 1920 672 κληροῦ⁴

361 716 457 769 χον
500 698 698 761 ἐποίει,
730 697 815 751 διὰ
847 697 1026 763 πάσης
1072 696 1395 764 προστάττει
1442 693 1672 763 συρῆναι
1702 693 1797 760 τῆς
1827 692 1925 743 πό-

356 789 525 855 λεως,
553 787 781 849 ὑπτίους
817 787 879 838 ἐκ
903 785 1080 837 ποδῶν
1117 783 1515 852 δεσμηθέντας.
1545 784 1653 833 Καὶ
1682 781 1925 832 εἴλκοντο

367 880 466 948 μὲν
499 877 736 947 ἀφειδῶς
768 877 817 927 oi
859 874 1094 945 Χριστοῦ
1125 874 1387 943 ἀθληταί·
1433 873 1720 926 ἐϐάλλοντο
1751 872 1797 924 δ’
1819 870 1926 923 ὑπὸ

364 964 587 1018 πάντων
624 964 700 1026 ὡς
750 963 924 1015 είπείν
964 961 1280 1028 συγκλύδων
1318 961 1481 1013 τινῶν
1524 962 1616 1012 καὶ
1651 959 1924 1028 ἀγοραίων

370 1054 671 1126 μειρακίων
720 1053 890 1115 λίθοις
945 1068 1004 1105 τε
1054 1052 1148 1104 καὶ
1193 1051 1394 1118 ξύλοις,
1425 1050 1518 1104 καὶ
1563 1052 1669 1120 ὅτῳ
1713 1050 1931 1103 δύναιτο

365 1150 595 1211 ἐκαστος
622 1147 832 1216 τρόπῳ,
882 1145 987 1206 ἕως
1025 1147 1123 1214 τῆς
1156 1143 1363 1206 πόλεως
1386 1141 1776 1212 ἀπηνέχθησαν
1801 1141 1926 1205 ἔξω,

366 1241 501 1292 ὅπου
550 1240 646 1291 καὶ
696 1237 797 1306 τὴν
846 1235 1104 1305 τελευτὴν
1152 1228 1310 1302 εὗρον
1364 1232 1459 1286 τοῦ
1489 1233 1626 1303 βίου,
1665 1232 1928 1301 ξίφειτάς

367 1325 611 1393 κεφαλάς
647 1323 1106 1392 ἀποϐεϐληκότες.
1156 1322 1317 1374 Ἀλλά
1349 1325 1458 1391 γὰρ
1489 1325 1515 1375 ὁ
1545 1324 1687 1384 θεῖος
1718 1323 1929 1391 Κοδρᾶ-

371 1435 461 1477 τος
497 1417 592 1468 σὺν
626 1419 739 1477 τοῖς
768 1415 907 1484 ἀμφ’
935 1415 1099 1467 αὑτὸν
1129 1413 1273 1465 οὕτω
1303 1413 1408 1481 πρὸ
1441 1412 1534 1466 τοῦ
1578 1414 1783 1474 ἄστεως
1816 1413 1930 1477 ἐξε-

372 1506 646 1567 λαθέντες.
678 1506 797 1557 ἐκεῖ
837 1521 941 1556 που
971 1503 1065 1556 τοῦ
1095 1502 1274 1571 τείχου
1319 1504 1546 1569 ἔγγιστα
1577 1502 1735 1571 δίκην
1762 1504 1931 1554 ἀστα-

371 1600 518 1666 χύων
569 1597 665 1659 τὰς
706 1595 946 1663 κεφαλάς
998 1594 1344 1665 ἀφῄρηνται,
1396 1593 1643 1662 Μαρτίου
1699 1593 1930 1661 δεκάτην

372 1689 598 1754 ἄγοντος
630 1687 770 1748 τότε,
802 1684 897 1737 τοῦ
924 1684 1084 1753 ἔαρος
1113 1683 1232 1736 νέον
1260 1683 1363 1753 ἤδη
1396 1682 1491 1752 τὴν
1528 1686 1631 1751 γῆν
1661 1683 1928 1745 ἐπιόντος.

380 1780 447 1832 Ἠ
476 1779 531 1830 δέ
560 1777 621 1830 τὸ
669 1774 1054 1847 καταῤῥεῦσαν
1097 1773 1304 1826 ἐκεῖθεν
1340 1768 1481 1842 αἷμα
1527 1772 1799 1839 δεξαμένη
1828 1772 1930 1824 πέο

2027 601 2153 667 iste,
2182 617 2213 656 a
2238 600 2538 655 victoribus
2567 609 2748 653 tamen
2777 600 2883 653 illis
2910 600 3220 654 vinceretur
3250 600 3333 653 vel
3364 601 3587 665 invitus,

2025 693 2251 762 supinos
2277 691 2508 761 pedibus
2538 690 2771 760 alligatis
2803 691 3004 759 raptari
3048 707 3144 760 per
3194 690 3382 745 urbem
3436 707 3593 744 man-

2025 783 2138 836 dat.
2174 781 2554 835 Trahebantur
2584 780 2770 848 itaque
2809 780 3027 834 athleta:
3078 780 3284 833 Christi
3331 780 3588 833 immitis-

2025 873 2179 933 sime.
2212 881 2267 924 et
2295 888 2323 925 a
2346 872 2656 940 promiscua
2711 870 2869 923 turba
2905 870 3305 940 juvenibusque
3349 872 3589 925 circum-

2024 960 2263 1015 foraneis
2291 948 2595 1030 lapidibus,
2618 961 2774 1029 lignis
2806 969 2863 1013 et
2913 962 3058 1023 aliis,
3109 976 3229 1030 quae
3259 962 3325 1014 ad
3366 977 3587 1014 manum

2027 1061 2206 1115 erant,
2262 1051 2591 1121 petebantur
2627 1050 2843 1105 :donec
2888 1051 3104 1105 tandem
3178 1059 3329 1105 extra
3398 1052 3587 1105 urbem

2027 1152 2249 1196 ventum
2280 1149 2380 1205 est,
2410 1140 2502 1195 ubi
2548 1140 2822 1208 capitibus
2871 1140 3050 1210 gladio
3100 1140 3378 1207 abscissis,
3427 1142 3591 1195 tinem

2027 1232 2153 1286 vita:
2182 1231 2530 1285 invenerunt.
2566 1231 2744 1300 Atque
2775 1232 2853 1285 sic
2876 1230 3064 1285 divino
3122 1230 3361 1285 Codrato
3418 1240 3473 1285 et
3500 1247 3591 1286 so-

2029 1326 2131 1380 ciis
2168 1324 2302 1379 urbe
2358 1325 2567 1394 ejectis,
2622 1324 2688 1379 ad
2745 1325 2860 1391 ipsa
2895 1326 3013 1393 ejus
3061 1326 3259 1379 mrenia
3314 1327 3589 1395 spicarum

2032 1416 2202 1469 instar
2228 1417 2408 1481 capita
2462 1415 2708 1469 demessa
2765 1422 2915 1477 sunt,
2972 1414 3149 1468 Martii
3202 1415 3290 1469 die
3350 1417 3589 1481 decima,

1976 1527 1992 1548 ο
2029 1520 2158 1559 vere
2176 1507 2357 1559 denuo
2388 1515 2590 1559 terram
2620 1504 2913 1558 invisente.
2945 1504 3145 1558 Saxum
3174 1504 3418 1574 quidem,
3444 1507 3588 1573 quod

2031 1595 2359 1650 deﬂuentem
2384 1596 2626 1665 ipsorum
2660 1594 2983 1663 sanguinem
3018 1595 3255 1663 excepit,
3288 1610 3443 1664 aqua:
3468 1595 3593 1650 fon-

2034 1695 2141 1740 tem
2171 1685 2458 1740 confestim
2502 1686 2708 1746 emisit,
2760 1684 3070 1753 nostrisque
3129 1686 3295 1740 etiam
3336 1685 3595 1755 tempori-

2036 1778 2137 1831 bus
2164 1776 2415 1831 emittere
2452 1776 2521 1830 ad
2563 1776 2883 1830 morborum
2950 1779 3128 1830 omnis
3157 1776 3377 1845 generis
3409 1790 3594 1831 reme-

370 1882 497 1934 τρα,
543 1863 726 1931 πηγὴν
766 1861 956 1922 ὓδατος
999 1862 1062 1913 ἐκ
1098 1860 1193 1913 τοῦ
1244 1860 1587 1929 παραχρῆμα
1620 1858 1928 1924 ἀντιδοῦσα,

2035 1866 2121 1921 dia
2141 1875 2475 1935 perseverat.
2492 1864 2840 1921 Venerandas
2856 1872 3038 1918 autem
3064 1864 3326 1933 reliquias
3350 1863 3593 1932 ipsorum

368 1955 604 2011 διατελεῖ
644 1955 734 2007 καὶ
770 1955 827 2016 ἐς
870 1950 1029 2022 δεῦρο
1073 1951 1402 2021 νοσημάτων
1448 1950 1714 2005 παντοίων
1757 1951 1931 2015 ἰάσεις

371 2046 845 2115 συναπορῤέουσα.
878 2043 960 2096 Τά
1001 2042 1058 2095 δὲ
1086 2042 1244 2111 τίμια
1268 2042 1450 2095 αὐτῶν
1484 2041 1718 2110 λείψανα
1743 2042 1930 2109 θεοφι-

368 2140 480 2202 λεῖς
517 2138 835 2207 ἀνελόμενοι
868 2135 1080 2206 ἄνδρες,
1127 2135 1229 2187 καὶ
1277 2136 1503 2204 τέμενος
1546 2134 1688 2188 θεῖον
1732 2135 1927 2203 δειμά-

373 2248 528 2301 μενοι
585 2232 692 2301 πρὸ
730 2226 826 2282 τοῦ
870 2228 1080 2290 ἄστεως
1129 2226 1304 2297 τούτῳ
1352 2226 1502 2280 ταῦτ’
1545 2225 1928 2293 ἐγκατέθεντο,

371 2322 673 2391 ἀσφάλειαν
700 2318 968 2391 μεγίστην
1007 2320 1073 2389 τῇ
1105 2318 1259 2371 πόλει
1292 2318 1388 2371 καὶ
1418 2316 1694 2388 θησαυρὸν
1732 2317 1933 2373 ἄσυλον

373 2413 428 2464 ία
434 2412 644 2481 μάτων.

2038 1958 2115 2025 pii
2178 1956 2277 2011 viri
2345 1957 2706 2027 collegerunt,
2745 1966 2802 2010 et
2862 1955 2918 2009 in
2968 1956 3190 2025 templo,
3232 1956 3377 2024 quod
3425 1968 3595 2025 prope

2037 2050 2225 2105 urbem
2258 2050 2368 2103 Deo
2408 2057 2752 2104 exstructum
2792 2047 2861 2101 ab
2917 2046 3049 2115 ipsis
3079 2046 3423 2114 postmodum
3484 2054 3591 2107 est,

2036 2142 2469 2204 collocaverunt,
2504 2140 2794 2194 maximam
2826 2139 2948 2193 urbi
2990 2139 3238 2193 tutelam.
3264 2145 3319 2192 et
3350 2137 3595 2192 sanatio-

2036 2250 2167 2289 num
2194 2235 2509 2290 thesaurum
2542 2240 2975 2289 sacrosanctum.

1798 2498 2025 2558 CAPUT
2066 2499 2160 2556 lll.

1042 2611 1362 2683 Martyrium
1399 2610 1625 2667 aliorum
1654 2612 1975 2682 quindecim,
2013 2612 2249 2682 exemplo
2292 2611 2350 2668 S.
2379 2612 2599 2668 Codrati
2627 2630 2923 2683 passorum.

446 2744 497 2799 ιι,
542 2742 706 2796 Ἀ).λά
754 2740 821 2793 τά
861 2740 960 2811 μὲν
992 2740 1136 2810 ἀμςὶ
1178 2740 1453 2811 Κοδρᾶτον
1495 2740 1588 2792 καὶ
1634 2738 1759 2802 τοδί
1791 2738 1930 2809 ἀέρ’

2108 2742 2193 2796 10.
2218 2741 2393 2812 Atque
2422 2742 2534 2797 haec
2563 2742 2629 2798 de
2652 2741 2886 2797 Codrato
2911 2743 3140 2814 ejusque
3177 2744 3360 2810 sociis,
3394 2761 3586 2819 super-

377 2834 540 2887 αὑτὸν
590 2830 850 2885 τοιαῦτα’
903 2831 1194 2883 ὑπόλοιπον
1247 2830 1291 2883 δ’
1335 2830 1401 2884 ἂν
1443 2829 1528 2899 εἴη
1566 2828 1840 2883 διαλαϐεῖν
1870 2830 1931 2883 ἐν

2035 2843 2141 2897 est,
2172 2844 2233 2888 ut
2262 2834 2556 2887 certamina
2589 2850 2809 2904 quoque
2851 2834 3039 2903 paucis
3087 2851 3449 2906 exsequamur
3500 2855 3595 2895 eo-

377 2925 571 2995 βραχεῖ
602 2913 698 2976 καὶ
728 2922 825 2993 τὴν
854 2921 962 2975 τῶν
1017 2922 1194 2975 ἄλλων
1239 2921 1486 2991 ἄθλησιν,
1538 2920 1587 2974 οἳ
1626 2920 1931 2993 διδασκάλῳ

2038 2939 2159 2977 rum
2213 2924 2304 2993 qui
2358 2924 2672 2993 magisterio
2749 2924 2970 2979 Codrati
3018 2924 3272 2996 bonoque
3343 2929 3594 2998 exemplo

379 3016 642 3085 Κοδράτῳ
689 3016 1052 3086 χρησάμενοι,
1110 3015 1203 3067 καὶ
1256 3014 1475 3085 χρηστῷ
1526 3014 1931 3085 παραδείγματι

2038 3018 2103 3068 ad
2139 3015 2486 3084 pugnandum
2542 3031 2642 3083 pro
2694 3013 2915 3070 Christo
2971 3015 3204 3070 viriliter
3257 3020 3592 3087 temporibus

376 3110 513 3178 πρὸς
538 3109 663 3171 τοὺς
693 3108 781 3161 διὰ
814 3107 1046 3177 Χριστὸν
1076 3108 1291 3174 ἀγῶνας
1319 3108 1377 3158 ἐν
1406 3107 1632 3170 ἐκείνοις
1665 3110 1776 3171 τοῖς
1798 3112 1930 3177 χρό-

2039 3104 2237 3158 iisdein
2267 3105 2567 3167 invaluere,
2596 3104 2871 3158 mentibus
2904 3104 2957 3158 in
2993 3104 3139 3159 illius
3186 3107 3589 3163 aemulationem

377 3218 492 3264 νοις
554 3198 936 3271 ἐρῤώσθησαν,
978 3199 1124 3268 ζήλῳ
1154 3199 1229 3270 τῷ
1261 3198 1397 3268 πρὸς
1442 3200 1605 3252 αὑτὸν
1636 3199 1732 3259 τὰς
1755 3199 1933 3269 ψυχάς

2037 3194 2302 3250 accensis.
2325 3194 2405 3248 Ad
2430 3209 2595 3248 unum
2622 3193 2804 3263 itaque
2832 3194 3073 3265 iudicem
3128 3211 3319 3252 omnes
3369 3200 3589 3269 quidem

375 3292 817 3362 ἐκπυρώσαντες.
852 3290 961 3343 Ἑνὶ
993 3289 1089 3357 μὲν
1117 3287 1211 3342 οὖν
1246 3289 1483 3352 ἅπαντες
1508 3289 1737 3359 δικαστῇ
1765 3290 1935 3358 παρέ-

377 3401 604 3455 στησαν,
620 3384 831 3453 Τερτίῳ
853 3380 1431 3458 άνθυπάτῳΈλλάδος,
1450 3380 1743 3451 διαφόρους
1767 3380 1935 3443 δὲτὰς

375 3473 627 3533 κολάσεις
656 3468 1231 3537 ύποστάντεςέξῆλθον
1255 3469 1344 3521 τὸν
1363 3468 1495 3537 βίον
1520 3468 1712 3538 πρῶτα
1731 3470 1827 3538 μὲν
1843 3464 1937 3521 οὖν

375 3562 779 3629 Ούῖκτουρῐνος,
811 3558 1062 3627 Ούΐκτωρ
1104 3574 1165 3609 τε
1210 3556 1669 3627 καὶιΝικηφόρος,
1716 3556 1937 3627 μυρίαις

374 3652 641 3722 πρότερον
692 3647 1115 3715 καταξανθέντες
1149 3646 1423 3716 βασάνοις,
1452 3648 1644 3701 ἔπειτα
1677 3650 1734 3701 ὲν
1784 3646 1936 3715 ὅλμῳ

376 3742 568 3811 βιαίως
599 3741 685 3805 τὰ,
713 3740 942 3807 σώματα
982 3738 1381 3807 συντριϐέντες,
1419 3737 1557 3800 σώας
1598 3740 1693 3791 καὶ
1724 3737 1939 3807 άλωϐή-

375 3850 503 3893 τους
539 3832 628 3892 τάς
669 3830 844 3899 ψυχὰς
882 3830 959 3898 τῷ
991 3827 1110 3896 Θεῷ
1163 3828 1550 3898 παρέπεμπον.
1580 3828 1844 3899 Δεύτερος
1880 3826 1937 3879 δὲ

376 3923 640 3984 Κλαύδιος
671 3921 747 3991 (4)
778 3922 873 3981 τάς
904 3922 1090 3989 χεῖρας
1121 3922 1214 3971 καὶ
1244 3919 1369 3979 τοὺς
1393 3920 1559 3982 πόδας
1591 3921 1939 3989 ἀκρωτηρια-

269 4031 279 4040 ·
380 4013 525 4072 σθεὶς
559 4010 765 4078 χαίρων
803 4008 1003 4060 ἀπεῖπε
1032 4006 1111 4075 τῷ
1149 4006 1269 4076 ζῇν,
1298 4004 1523 4075 δραμὼν
1554 4006 1688 4076 πρὸς
1717 4005 1847 4057 Θεὸν
1879 4004 1939 4058 ὃν

378 4105 583 4171 ἐζήτει.
623 4099 818 4169 Τρίτος
847 4097 903 4149 δὲ
947 4100 974 4149 ὁ
1003 4097 1293 4164 Διόδωρος,
1330 4096 1459 4164 θείῳ
1487 4095 1653 4163 ἔρωτι
1684 4094 1939 4164 ἐκπυρώ-

381 4215 475 4258 σας
498 4194 597 4262 τὴν
619 4189 816 4261 ψυχὴν,
848 4191 901 4251 ἐς
933 4190 1104 4259 μέσην
1134 4188 1231 4257 τὴν
1275 4189 1391 4240 κατ’
1426 4187 1590 4240 αὑτοῦ
1625 4203 1939 4256 παρασκευ-

379 4286 640 4342 ασθεῖσαν
677 4280 852 4350 πυρὰν
884 4281 1123 4344 ἅλλεται,
1165 4279 1299 4348 πυρὶ
1333 4276 1444 4347 πῦρ
1479 4277 1553 4339 ὡς
1588 4278 1763 4329 εἰπεῖν
1792 4278 1940 4330 ἀντι-

376 4377 566 4441 τάξας,
600 4375 676 4443 τῷ
712 4374 884 4442 ὲνύλῳ
919 4371 981 4423 τὸ
1030 4369 1193 4425 άῡλον
1219 4384 1234 4400 ⁸
1283 4369 1377 4421 καὶ
1418 4369 1616 4438 μικρὸν
1669 4367 1936 4432 ἐπιϐιοὺς,

2034 3287 2277 3352 adducti,
2312 3288 2532 3342 tertium
2567 3301 2763 3355 nempe
2795 3288 3175 3351 proconsulem
3214 3287 3460 3358 Graeciae,
3510 3294 3594 3347 di-

2033 3378 2208 3433 versis
2237 3388 2415 3433 tamen
2443 3377 2726 3446 suppliciis
2764 3378 3026 3444 toleratis,
3070 3381 3182 3435 vita
3238 3390 3595 3437 excesserunt

2033 3467 2344 3523 Victorinus
2366 3468 2627 3539 primum,
2674 3468 2878 3535 Victor,
2931 3480 2985 3525 et
3015 3470 3380 3540 Nicephorus,
3427 3474 3593 3527 innu-

2037 3559 2204 3613 meris
2232 3566 2386 3613 antea
2410 3559 2633 3613 lacerati
2659 3560 2965 3626 tormentis,
2996 3562 3050 3616 in
3078 3564 3342 3617 mortario
3374 3565 3592 3619 tandem

2037 3647 2365 3715 corporibus
2405 3647 2675 3702 violenter
2724 3649 3001 3713 contritis,
3063 3651 3175 3705 Deo
3237 3653 3596 3707 reddiderunt

2038 3740 2247 3793 animas
2283 3740 2459 3794 salvas
2505 3751 2559 3793 et
2591 3741 2915 3795 incolumes.
2966 3741 3219 3797 Secundo
3280 3744 3400 3799 loco
3431 3746 3595 3801 Clau-

2039 3830 2180 3890 dius.
2214 3830 2465 3884 manibus
2488 3830 2826 3899 pedibusque
2845 3831 3103 3886 abscissis
3133 3835 3199 3886 ad
3224 3835 3388 3887 Deum
3431 3852 3590 3903 quem

2037 3921 2313 3990 qurerebat
2341 3936 2603 3987 currens,
2658 3922 2779 3975 vita:
2819 3924 3095 3977 valedixit.
3150 3924 3366 3979 Tertius
3400 3927 3595 3979 Diodo-

2039 4024 2155 4073 rus,
2188 4025 2373 4063 amore
2406 4010 2500 4063 Dei
2533 4021 2770 4064 mentem
2810 4012 3177 4075 inﬂammatis.
3242 4015 3475 4068 medium
3540 4017 3594 4069 in

2042 4116 2228 4170 rogum
2257 4101 2360 4154 sibi
2413 4110 2665 4170 paratum
2707 4102 2951 4165 insilivit,
3010 4104 3121 4173 igni
3164 4106 3365 4173 ignem,
3416 4116 3475 4159 ut
3523 4108 3593 4159 ita

2040 4191 2238 4256 dicam,
2263 4206 2563 4260 opponens,
2594 4194 2821 4247 materia
2850 4205 3126 4249 carentem
3156 4197 3422 4251 materiali
3453 4213 3467 4250 :
3501 4197 3595 4266 qui

2039 4297 2161 4337 cum
2196 4282 2475 4351 paululum
2506 4283 2921 4352 supervixisset,
2943 4286 3159 4355 utrique
3184 4288 3292 4358 igni
3337 4302 3393 4341 se
3418 4288 3595 4357 ipsum

2040 4373 2342 4438 distribuit,
2372 4382 2590 4428 terreno
2622 4374 2889 4444 quidquid
2941 4376 2995 4430 in
3055 4392 3114 4433 se
3147 4388 3422 4435 terrenum
3482 4391 3597 4436 erat

379 4470 629 4539 ἐκατέρῳ
666 4467 799 4536 πυρὶ
832 4463 1182 4532 διεμερίσατο
1206 4461 1422 4523 ἑαυτὸν,
1456 4459 1691 4521 ἀποδοὺς
1712 4460 1802 4512 τὸν
1839 4458 1933 4527 μὲν

2042 4466 2274 4530 donans,
2313 4464 2561 4533 Spirilum
2622 4476 2804 4520 autem
2849 4468 3060 4535 divino,
3116 4480 3279 4540 atque
3306 4487 3401 4539 per
3452 4473 3597 4528 hunc

377 4560 509 4631 χοῦν
535 4558 613 4628 τῷ
643 4559 835 4628 γηΐνῳ,
868 4554 929 4605 τὸ
956 4554 1010 4607 δὲ
1045 4552 1261 4622 πνεῦμα
1288 4551 1363 4621 τῷ
1387 4550 1536 4620 θείῳ,
1569 4553 1661 4603 καὶ
1686 4550 1753 4603 δι’
1772 4548 1938 4603 αὑτοῦ

376 4654 457 4722 τῷ
487 4650 628 4721 Θεῷ.
667 4648 937 4717 Τέταρτος
969 4636 1025 4696 δὲ
1055 4643 1338 4713 Σεραπίων
1382 4641 1686 4711 κεφαλικὴν
1716 4641 1940 4710 ὑπομεί-

378 4763 473 4807 νας
506 4740 802 4809 τιμωρίαν,
825 4737 960 4806 πρὸς
993 4734 1223 4803 Χριστὸν
1257 4732 1544 4797 διαϐαίνει,
1573 4732 1670 4801 τὴν
1701 4731 1773 4794 ὡς
1806 4733 1939 4802 άλη-

378 4837 486 4898 θῶς
516 4832 681 4886 αὑτοῦ
709 4826 1247 4900 κεφαλήνιιῖέμπτος
1284 4824 1339 4876 δὲ
1383 4823 1599 4885 Παπίας
1640 4824 1820 4893 πόντῳ
1847 4824 1941 4875 καὶ

378 4928 588 4996 κύματι
633 4920 1119 4983 καταϐαπτισοεὶς,
1154 4920 1264 4978 τοῖς
1299 4915 1461 4979 θείοις
1514 4917 1609 4969 καὶ
1642 4917 1939 4985 ἀκηράτοις

373 5006 728 5089 ἐνορμίζεται
761 5014 962 5082 λιμέσι.
1006 5012 1114 5064 Καὶ
1147 5007 1632 5076 συγκατατίθενται
1677 5013 1769 5060 καὶ
1797 5000 1941 5060 οὗτοι

374 5109 456 5178 τῷ
483 5110 613 5176 θείῳ
641 5105 943 5176 διδασκάλῳ
974 5101 1257 5171 Κοδράτῳ,
1289 5099 1517 5162 πλοῦτος
1540 5099 1843 5169 ὑπέρτιμος
1873 5101 1940 5168 τῇ

375 5198 657 5270 Κορίνθῳ,
674 5199 768 5259 τάς
792 5196 1135 5265 μαρτυρικάς
1158 5192 1371 5245 ἐκεῖθεν
1396 5190 1767 5259 ὲφαπλοῦντες
1792 5189 1941 5258 πάσῃ

376 5296 449 5361 τῇ
487 5292 752 5359 περιγείῳ
789 5286 1176 5357 (εὐεργεσίας).

461 5382 548 5438 ια’.
578 5384 683 5435 Τοῦ
726 5382 769 5433 δ’
804 5380 971 5433 αὑτοῦ
1004 5396 1188 5433 τουτου
1233 5376 1422 5429 θιάσου
1477 5378 1570 5429 καὶ
1619 5377 1719 5444 τῆς
1768 5375 1938 5442 αὐτῆς

459 5560 532 5633 (4)
567 5557 785 5633 septem
816 5556 870 5610 hi
908 5565 1172 5633 martyres
1196 5554 1474 5633 __colunt_nr
1501 5551 1763 5633 a_Cr2ecis
1787 5621 1798 5633 ‘
1824 5560 1937 5633 tum

368 5621 723 5687 aliis'diebus
758 5638 870 5679 tum
912 5621 1139 5679 tnaxiine
1196 5629 1228 5678 ὖ
1254 5623 1472 5692 Aprilis.
1532 5621 1640 5675 Nos
1672 5621 1938 5690 quidquid

372 5706 497 5758 fere
524 5700 589 5752 de
622 5699 689 5749 iis
719 5696 823 5748 dici
857 5705 1067 5764 poterat
1096 5695 1411 5761 collegimus
1433 5694 1496 5745 ad
1524 5694 1591 5744 25
1620 5692 1936 5764 Februarii:

371 5771 528 5830 auod
565 5770 617 5821 in
652 5762 871 5820 Latinis
907 5764 1298 5827 Martyrologiis
1358 5773 1565 5826 septem
1627 5762 1941 5815 nominibus

2038 4557 2171 4611 Deo.
2194 4556 2434 4621 Quartus
2460 4556 2725 4627 Serapion
2762 4560 2952 4627 plexos
2976 4562 3175 4629 capite,
3200 4564 3265 4616 ad
3294 4563 3594 4630 Christum,

2043 4658 2296 4717 tanquam
2321 4649 2620 4717 genuinum
2648 4662 2811 4727 caput
2865 4668 3049 4717 suum,
3077 4657 3312 4709 transiit.
3365 4655 3601 4722 Quintus

2044 4738 2236 4809 Papias
2268 4741 2433 4793 muris
2464 4740 2719 4794 ﬂuctibus
2750 4744 3090 4811 submersus,
3142 4746 3357 4803 divinos
3402 4757 3456 4802 et
3480 4764 3602 4802 cor-

2047 4832 2315 4899 ruptionis
2345 4830 2599 4887 ﬂuctibus
2628 4850 2732 4889 non
2762 4836 3032 4892 obnoxios
3070 4849 3259 4907 portus
3288 4843 3598 4910 occupavit.

2047 4924 2220 4991 Atque
2255 4924 2342 4977 isti
2366 4924 2581 4987 eodem,
2614 4942 2722 4993 quo
2750 4927 2963 4983 divinus
2994 4928 3235 4998 ipsorum
3281 4932 3472 4985 doctor
3494 4931 3603 4986 Co-

2048 5016 2254 5082 dratus,
2284 5016 2403 5069 loco
2438 5017 2696 5086 depositi,
2728 5018 3138 5074 inaastimabiles
3190 5020 3601 5075 Corinthiorum

2042 5107 2249 5161 divitiae
2277 5117 2431 5172 sunt,
2461 5108 2675 5161 solitam
2727 5109 2855 5163 inde
2908 5111 3241 5178 martyribus
3295 5111 3607 5166 beneﬁcen-

2043 5197 2170 5249 tiam
2200 5212 2295 5265 per
2334 5208 2507 5250 totum
2536 5207 2803 5252 terrarum
2836 5200 3024 5253 orbem
3048 5201 3403 5267 explicantes.

2113 5375 2198 5427 ll.
2247 5374 2582 5430 Eﬂ‘ulserunt
2612 5392 2676 5431 ex
2705 5378 2894 5433 eodem
2924 5386 3068 5433 caatu
3100 5388 3151 5432 et
3184 5380 3438 5450 pauegyri
3485 5379 3604 5449 plu-

2049 5552 2189 5618 passi
2223 5552 2537 5621 legerentur
2574 5551 2626 5604 in
2651 5549 2883 5621 Egypto
2917 5552 3019 5606 sub
3051 5552 3384 5609 Numeriano
3423 5568 3478 5609 et
3507 5556 3605 5611 Sa-

2050 5623 2186 5694 bino
2211 5623 2349 5675 duce
2387 5639 2398 5672 :
2434 5623 2770 5694 etquamvis
2814 5623 3056 5692 martyrii
3116 5629 3277 5678 etiam
3314 5641 3483 5694 genus
3516 5641 3604 5679 es-

2048 5702 2131 5815 :et
2159 5692 2461 5814 leH‘Si‘l‘lll,
2488 5692 2541 5745 in
2575 5693 2750 5747 medio
2787 5701 2965 5747 tamen
2994 5692 3605 5763 reliquiinus‘essentne

2088 5773 2355 5820 istmguen
2403 5778 2438 5816 ι.
2774 5794 2783 5807 ι
