4134 6286
600 385 701 447 51?)

1804 368 2222 432 NICEPHORI
2259 366 2641 442 GREGORJ’.

3717 361 3812 423 Sili

601 502 693 553 res
737 495 825 549 ali’
868 500 1156 561 martyres,
1192 499 1422 556 quorum
1447 483 1838 539 certaminibus
1862 483 2162 538 Corinthus

2275 479 2630 551 πανηγύρεως
2661 476 2756 530 καὶ
2797 474 3016 539 πλείους
3045 475 3224 544 ἕτεροι
3257 469 3658 536 κατεφάνησαν,
3683 465 3800 542 ὧνή

599 594 863 643 exornata
895 591 999 637 est.
1030 580 1321 645 Postquam
1372 586 1515 630 enim
1556 590 1686 642 pura
1729 585 1784 628 et
1808 574 2020 628 sincera
2051 575 2164 644 jam

601 679 732 732 olim
765 673 979 744 pietatis
1020 669 1226 724 semina
1281 683 1310 720 a
1347 667 1516 721 Paulo
1561 665 1920 733 suscepisset,
1969 664 2165 720 latices

600 772 763 826 etiam
782 766 892 821 Cod
904 765 1000 818 rati
1018 763 1082 816 ad
1104 761 1402 816 satietatem
1423 757 1738 822 imbibisset,
1779 769 1953 810 ramos
1981 765 2169 826 protu-

606 860 670 912 lit
699 856 976 910 catholica:
1008 849 1211 906 Christi
1240 849 1494 903 Ecclesiae
1515 847 1798 915 gloriosos,
1825 841 1962 915 quos
1989 861 2166 915 neque

607 947 947 1004 inﬁdelitatis
980 945 1209 999 hiemes.
1233 955 1408 1008 neque
1446 938 1657 993 efferati
1719 947 1775 992 et
1819 937 2168 1007 impetuosis-

607 1040 728 1092 simi
786 1036 953 1096 venti,
997 1032 1186 1102 quales
1252 1029 1590 1098 temporibus
1661 1027 1768 1080 illis
1823 1027 2168 1083 adversarius

609 1141 776 1180 same
803 1125 1008 1177 militia:
1029 1121 1178 1186 gravi
1217 1134 1338 1172 cum
1373 1117 1631 1171 violentia
1667 1118 1989 1172 incumbens
2007 1117 2166 1170 eruit-

608 1218 774 1279 tebat,
815 1217 1027 1268 ratione
1047 1213 1156 1266 ulla
1199 1220 1443 1263 evertere
1491 1217 1826 1277 potuerunt:
1856 1223 1980 1262 cum
2047 1208 2165 1276 ipse

609 1308 794 1378 potius
817 1304 1008 1367 hostis,
1054 1302 1208 1357 clade
1257 1301 1309 1354 in
1345 1299 1582 1368 seipsum
1630 1313 1785 1353 versa
1831 1298 2058 1362 fractus,
2108 1309 2166 1354 et

611 1398 694 1452 sui
726 1396 828 1450 sihi
887 1391 1140 1447 mceroris
1183 1400 1394 1451 auctor,
1451 1404 1575 1442 cum
1637 1387 1932 1457 ignominia
1981 1387 2163 1455 fugam

607 1485 1063 1555 eorripuerit.Ac
1098 1481 1294 1535 tertius
1351 1478 1573 1547 quidem
1613 1478 1724 1539 ille,
1785 1478 1877 1546 qui
1937 1477 2165 1548 implere

609 1575 856 1629 dextram
882 1572 1148 1641 sanguine
1185 1579 1482 1636 martyrum
1515 1569 1820 1631 studuerat,
1883 1576 2058 1622 morte
2083 1568 2162 1624 illi

608 1677 932 1740 perpetuum
979 1662 1230 1717 exsilium
1294 1661 1592 1721 indicente,
1645 1659 1753 1713 vita
1811 1659 2054 1728 pellitur,
2109 1669 2166 1715 et

609 1758 899 1813 tormentis
921 1769 1200 1823 nunquam
1233 1753 1397 1807 tinem
1445 1751 1714 1807 habituris
1743 1752 2034 1806 addicitur.
2094 1753 2166 1810 At

2267 572 2532 644 Κόρινθος
2561 572 2675 630 τοῖς
2721 570 3074 640 μαρτυρικοῖς
3112 565 3585 620 ὲνεκαλλωπέσατο
3614 563 3800 626 ἄθλοις.

2267 663 2498 733 Καθαρὰ
2524 662 2632 730 γὰρ
2658 660 2864 716 ἄνωθεν
2891 661 2986 714 καὶ
3015 659 3286 727 ἀκίϐδηλα
3331 655 3480 725 παρὰ
3513 653 3711 706 Παύλου
3743 655 3802 705 τὰ

2264 755 2364 824 τῆς
2402 754 2687 814 εὐσεϐείας
2723 751 3095 821 ὑποδεξαμένη
3147 749 3459 817 σπέρματα.
3489 747 3545 806 ἐς
3577 751 3728 813 κόρον
3751 745 3803 796 δὲ

2265 848 2362 900 καὶ
2389 846 2498 902 τῶν
2529 845 2621 900 τοῦ
2667 844 2944 913 Κοδράτου
2981 842 3240 911 ναμάτων
3279 840 3652 908 ὲκροιρήσασα,
3683 836 3806 889 κλά-

2266 938 2394 999 δους
2433 937 2677 1000 εὐκλεεῖς
2727 935 2998 1005 ἀνήνεγκε
3061 935 3127 1000 τῇ
3161 931 3427 999 καθολικῇ
3460 929 3554 980 τοῦ
3588 926 3806 994 Χριστοῦ

2279 1027 2621 1099 Ἐκκλησία,
2691 1025 2785 1089 οὒς
2859 1024 2970 1078 οὒτ’
3039 1022 3298 1086 ἀπιστίας
3369 1021 3452 1078 ἔτι
3524 1019 3810 1089 χειμῶνες,

2269 1119 2386 1174 οὔτ’
2423 1121 2608 1190 ἄγριοι
2659 1120 2758 1172 καὶ
2808 1117 3218 1191 καταιγίζοντες
3262 1115 3476 1182 ἄνεμοι,
3533 1110 3737 1172 ὁποίους
3787 1112 3812 1162 ὁ

2265 1212 2363 1282 τῆς
2411 1214 2561 1282 ἱερᾶς
2586 1213 2844 1280 στρατιᾶς
2871 1210 3164 1274 ἀντίπαλος
3193 1210 3250 1261 έν
3296 1208 3410 1268 τοῖς
3442 1204 3652 1273 καιροῖς
3680 1202 3815 1254 ὲκεί-

2265 1319 2377 1366 νοις
2434 1302 2606 1373 βαρύς
2662 1319 2748 1365 τις
2801 1301 2897 1356 καὶ
2950 1301 3120 1371 βίαιος
3181 1296 3458 1368 ἐνσκήψας
3516 1294 3812 1354 ἐνέπνευσε.

2265 1392 2616 1464 παρατρέψαι
2659 1391 2723 1445 τὺ
2760 1392 3022 1460 παράπαν
3060 1389 3217 1458 ὤφθη
3249 1386 3516 1456 δυνηθεὶς,
3549 1383 3683 1437 ἀλλὰ
3725 1398 3820 1443 φαν

2263 1484 2428 1550 νερᾶς
2457 1482 2555 1552 τῆς
2603 1481 2774 1552 ἥττης
2798 1478 2949 1549 αὺτῷ
2999 1481 3432 1548 περιτραπείσης
3485 1472 3672 1547 ἀπῄει,
3699 1471 3822 1537 κλην

2270 1571 2499 1642 ρονόμος
2553 1573 2655 1640 τῆς
2699 1569 2966 1639 αἰσχύνης
3024 1571 3328 1633 καταστὰς,
3374 1566 3471 1621 καὶ
3531 1561 3822 1632 κατηφείας

2268 1663 2508 1734 ἀθλητὴς
2561 1662 2728 1726 αὐτὸς
2758 1660 2910 1731 αὐτῷ
2963 1663 3277 1732 γενόμενος.
3331 1659 3556 1727 Τέρτιος
3605 1655 3703 1724 μὲν
3735 1653 3821 1706 οὖν

2269 1755 2500 1821 έκεῖνος,
2555 1753 2895 1824 μαρτυρικοῦ
2944 1754 3109 1822 φόνου
3163 1752 3263 1822 τὴν
3299 1748 3481 1817 δεξιάν
3507 1745 3822 1814 πληρώσας,

609 1851 741 1906 mali
794 1849 952 1903 istius
1005 1846 1246 1903 hominis
1312 1845 1488 1898 malus
1532 1859 1841 1907 successor,
1898 1845 2170 1900 Venustus

2275 1844 2347 1909 ὡς
2371 1843 2517 1914 ὲνῆν,
2564 1845 2860 1917 ὑπερόριος
2896 1844 2995 1899 τοῦ
3028 1843 3296 1914 παρόντος
3325 1840 3442 1910 βίου
3482 1838 3825 1902 καθίσταται,

613 1942 852 2001 nomine,
877 1939 986 1992 dux
1025 1936 1224 1999 factus,
1265 1935 1536 1988 mandatis
1585 1935 1652 1986 ab
1687 1935 2017 2003 imperatore
2044 1950 2168 1988 san-

630 2031 874 2102 ;uinariis
923 2036 1114 2084 contra
1177 2026 1295 2093 pios
1363 2025 1621 2094 acceptis,
1679 2023 2004 2078 Corinthum
2055 2026 2172 2094 ple-

613 2132 720 2189 nis,
758 2132 818 2176 ut
841 2123 916 2175 ita
941 2120 1144 2183 dicam,
1180 2117 1316 2172 velis
1343 2117 1583 2186 appellit,
1610 2131 1670 2170 ac
1703 2116 1996 2184 impietatis
2034 2116 2169 2170 faci-

611 2220 710 2271 bus
745 2211 1160 2284 quamplurimis
1189 2209 1468 2271 accensis,
1529 2223 1652 2261 cum
1701 2208 1907 2262 multos
1965 2206 2167 2262 Christi

613 2321 877 2377 martyres
935 2307 1160 2365 laceret,
1213 2317 1317 2354 una
1349 2315 1470 2353 cum
1527 2299 1782 2352 omnibus
1809 2299 1938 2360 illis,
2002 2300 2168 2354 etiam

611 2401 750 2453 alios
785 2413 891 2450 non
940 2409 1140 2464 paucos
1175 2408 1338 2447 sacra'
1382 2391 1605 2446 Codrati
1648 2391 1846 2444 schola:
1873 2391 2169 2460 discipulos

610 2487 1029 2558 comprehendit
1058 2500 1159 2538 :ex
1194 2498 1426 2551 quorum
1465 2497 1692 2537 numero
1739 2483 1945 2549 primus
1973 2482 2169 2538 Leoni.

610 2585 705 2636 ἀρ,
727 2594 1023 2634 occurrens
1093 2579 1147 2630 in
1186 2579 1354 2630 altum
1412 2575 1684 2642 quoddam
1737 2576 1943 2643 lignum
2007 2575 2170 2635 initio

609 2678 857 2729 elevatus
889 2671 1194 2724 crudeliter
1224 2668 1480 2728 laniatur,
1518 2675 1572 2718 et
1607 2666 1952 2734 lampadibus
1979 2665 2172 2720 arden-

612 2764 760 2817 tibus
791 2733 1117 2812 amburitur.
1148 2755 1284 2808 Tum
1317 2754 1612 2816 demissus,
1659 2755 1930 2823 tantisque
1975 2770 2168 2807 excar_

609 2852 862 2908 nilicatus
891 2848 1195 2906 tormentis,
1232 2845 1590 2897 inhumanum
1643 2853 1820 2896 tamen
1876 2845 2067 2898 ducem
2101 2843 2167 2898 ad

611 2939 1041 2999 misericordiam
1079 2935 1214 2989 adeo
1244 2950 1350 2987 non
1402 2933 1722 2995 commovit,
1765 2942 1826 2988 ut
1855 2934 2019 2987 etiam
2043 2950 2170 2988 cru-

609 3031 784 3086 ciatus
812 3026 888 3082 illi
934 3025 1256 3079 decerneret
1304 3021 1463 3091 longe
1498 3023 1754 3089 majores,
1805 3023 1958 3090 quasi
1993 3024 2171 3081 nullos

613 3119 872 3174 hactenus
914 3114 1220 3169 tolerasset.

2273 1932 2572 2002 φυγαδείαν
2595 1933 2767 1987 ἀΐδιον
2794 1931 2888 1986 τοῦ
2915 1933 3149 1986 θανάτου
3182 1927 3710 1996 καταδιαιτήσαντος
3739 1923 3830 1976 αὖ·

2273 2022 2372 2094 τῷ.
2413 2025 2508 2080 καὶ
2557 2024 2693 2095 πρὸς
2733 2024 2955 2076 κόλασιν
2999 2023 3278 2091 άδιάδοχον
3327 2017 3829 2090 παραπέμψαντοςο

2275 2115 2571 2177 Βενοῦστος
2600 2115 2658 2168 δέ
2691 2132 2776 2176 τις
2809 2113 3003 2183 ὄνομα,
3037 2111 3275 2183 πονηροῦ
3304 2110 3546 2182 πονηρὸς
3573 2108 3834 2177 διάδοχος,

2273 2201 2501 2270 ἡγεμὼν
2529 2202 2764 2269 γίνεται.
2811 2201 2870 2264 ὃς
2921 2201 3237 2269 μιαιφόνους
3269 2199 3490 2260 ἐντολὰς
3558 2197 3715 2267 παρὰ
3744 2193 3836 2250 τοῦ

2273 2293 2543 2364 βασιλέως
2585 2294 3008 2364 ἀναδεδεγμένος
3029 2293 3182 2346 κατὰ
3224 2293 3332 2348 τῶν
3363 2292 3612 2346 εὐσεϐῶν
3640 2291 3840 2361 πλήρεν

2276 2401 2359 2436 σιν
2422 2387 2628 2451 ἱστίοις,
2680 2386 2756 2449 ὼς
2804 2387 2999 2451 είπεῖν,
3051 2387 3108 2448 ές
3146 2385 3409 2457 Κόρινθον
3458 2385 3718 2455 ἔρχαται,
3751 2383 3842 2436 καὶ

2275 2478 2444 2530 πολὺν
2481 2477 2784 2546 ἀναφλέξας
2833 2479 2952 2532 ἐκεῖ
3003 2479 3210 2549 πυρσὸν
3244 2479 3530 2542 ἀσεϐείας,
3569 2478 3668 2532 καὶ
3714 2475 3842 2530 πολ-

2273 2566 2402 2630 λοὺς
2447 2569 2524 2638 τῷ
2553 2567 2774 2639 Χριστῷ
2819 2570 3312 2638 παραστησάμενος
3371 2570 3696 2638 μάρτυρας,
3726 2569 3845 2621 συλ-

2276 2658 2543 2728 λαμϐάνει
2579 2661 2674 2713 σὺν
2707 2661 2841 2712 πᾶσι
2864 2659 3075 2721 τούτοις
3117 2663 3208 2713 καὶ
3237 2661 3458 2728 ἑτέρους
3497 2661 3599 2714 οὐκ
3636 2661 3843 2729 ὀλίγους

2275 2749 2544 2812 θιασώτας
2575 2751 2669 2820 τῆς
2708 2750 2859 2821 ἱερᾶς
2888 2750 2981 2803 τοῦ
3007 2751 3280 2820 Κοδράτου
3314 2751 3544 2822 σχολῆς.
3566 2749 3674 2806 Ὦν
3704 2755 3848 2806 Λεω-

2276 2839 2426 2907 νίδης
2461 2840 2675 2909 πρῶτος
2701 2839 2778 2910 (5)
2811 2842 2862 2902 ές
2891 2840 2952 2895 τὸ
2980 2840 3316 2910 μαρτυρικδν
3348 2841 3690 2910 ἀπαντήσας
3724 2841 3845 2894 στά-

2276 2931 2406 2998 διον,
2440 2932 2833 3004 μετεωρίζεται
2866 2933 3082 3005 πρῶτον
3112 2933 3198 3001 ἐφ’
3239 2933 3446 3003 ὑψηλοῦ
3484 2951 3636 2999 τινος
3669 2935 3845 3001 ξύλου,

2278 3023 2373 3076 καὶ
2401 3025 2626 3094 ἀπηνῶς
2653 3023 3038 3088 καταξαίνεται
3083 3025 3177 3077 καὶ
3208 3023 3382 3095 πυρὸς
3405 3026 3673 3095 λαμπάσι
3700 3043 3851 3096 περι·

2276 3114 2512 3170 καίεται.
2544 3111 2677 3170 Εἶτα
2713 3117 3082 3185 κατενεχθεὶς,
3110 3115 3210 3168 οὐκ
3243 3115 3608 3186 ὲδυσώπησσν
3640 3119 3852 3173 οὐδέπω

612 3214 672 3264 τε,
707 3211 800 3264 τοῦ
830 3208 1096 3279 ἡγεμόνος
1146 3204 1482 3274 ἀμείλικτον,
1543 3207 1811 3270 τοσαύτας
1869 3208 2110 3272 ὑποστὰς
2170 3209 2472 3274 κακώσεις·
2525 3209 2642 3263 ἀλλ’
2674 3209 2864 3280 ῶσπερ
2910 3210 2967 3277 ἐξ
3016 3212 3262 3284 ὑπαρχῆς
3311 3213 3540 3282 ἑτέραις
3608 3215 3850 3286 μείζοσιν

614 3302 764 3366 αὖθις
798 3302 1047 3355 παλαίειν
1083 3299 1586 3369 παρασκευάζεται.

689 3398 755 3452 12
800 3392 992 3450 Exulis
1024 3393 1190 3464 igitur
1216 3393 1480 3457 vestibus,
1506 3407 1669 3460 supra
1701 3393 1910 3450 ferreos
1940 3397 2172 3452 tribulos
2195 3399 2240 3462 C

618 3487 952 3548 extenditur,
983 3493 1163 3553 partes
1202 3491 1381 3534 autem
1407 3483 1652 3550 corporis
1711 3486 2028 3553 superiores
2055 3487 2171 3540 viro

617 3576 698 3644 gis
725 3571 1034 3626 immaniter
1060 3569 1368 3632 caeduntur,
1415 3584 1485 3622 ne
1519 3582 1827 3640 superesset
1876 3574 2077 3644 aliquid
2115 3576 2170 3630 in

619 3665 713 3720 illo
736 3678 932 3732 expers
964 3661 1166 3715 doloris
1191 3703 1205 3727 ,
1259 3661 1352 3714 sed
1391 3660 1594 3716 inferna
1638 3663 1854 3732 quidem
1904 3667 2168 3734 membra,

619 3754 829 3811 aculeis
880 3751 1208 3808 tribulorum
1270 3752 1334 3804 ad
1392 3753 1506 3820 ipsa
1555 3769 1676 3808 ossa
1737 3759 2172 3826 penetrantibus,

616 3845 971 3902 acerbissimo
1021 3858 1186 3897 sensu
1238 3845 1672 3913 contigerentur,
1709 3862 1944 3917 superne
1989 3862 2174 3905 autem

613 3937 888 3993 continuis
907 3945 962 3990 et
978 3935 1203 3989 alternis
1222 3935 1710 4004 virgarumictibus
1737 3941 2101 3996 miseramlum
2117 3944 2173 3998 in

616 4033 838 4083 modum
867 4040 1058 4080 carnes
1090 4026 1207 4096 ejus
1237 4026 1695 4096 discerperentur.
1717 4030 1825 4084 Nec
1849 4039 2026 4086 tamen
2061 4033 2177 4101 ipse

616 4121 866 4176 dolorem
902 4121 955 4189 (ο
983 4120 1218 4173 animam
1244 4119 1503 4185 nobilem,
1525 4131 1578 4174 et
1606 4123 2077 4190 generosissimam
2105 4135 2184 4179 to-

613 4213 927 4270 lerantiam.
948 4211 1014 4264 ad
1037 4226 1200 4280 quam
1233 4212 1410 4264 omnis
1435 4222 1651 4278 natura,
1688 4213 1803 4267 sive
1833 4222 2044 4268 terrena
2069 4217 2182 4271 sive

615 4301 876 4363 caelestis,
913 4299 1258 4370 obstupuit!)
1293 4301 1375 4355 vel
1407 4301 1637 4357 minimo
1663 4303 1932 4373 prodebat
1975 4316 2130 4374 gestu
2165 4323 2179 4359 :

614 4391 881 4460 gaudebat
908 4391 1107 4458 potius,
1129 4389 1255 4443 dum
1280 4405 1494 4445 carnem
1521 4392 1764 4460 pretioso
1796 4393 1886 4448 illo
1916 4388 2181 4464 sanguine

2346 3392 2434 3464 ιβ’.
2477 3393 2586 3448 Καὶ
2613 3390 2676 3462 δὴ
2724 3391 2835 3443 τῶν
2872 3391 3102 3459 ἱματίων
3139 3395 3455 3462 γυμνωθεὶς
3491 3398 3588 3450 ἐπὶ
3621 3399 3854 3470 σιδηρῶν

2277 3481 2542 3552 τριϐόλων
2572 3480 2827 3543 τείνεται,
2875 3479 3081 3532 ἄνωθεν
3128 3480 3180 3533 δὲ
3232 3481 3458 3550 ῥάϐδοις
3488 3486 3729 3556 ἀπηνῶς
3767 3487 3859 3541 τύ.

2278 3589 2495 3641 πτεται,
2549 3570 2620 3633 ὡς
2681 3569 2807 3641 μηδ’
2838 3570 2924 3639 ἐφ’
2981 3571 3099 3634 ένός
3132 3589 3276 3636 τινος
3326 3575 3544 3646 μέρους
3589 3579 3859 3638 ἀνώδυνο;

2278 3665 2482 3735 μένειν.
2525 3662 2688 3716 ’Δλλὰ
2719 3660 2962 3715 κάτωθεν
3005 3663 3102 3731 μὲν
3137 3662 3390 3733 δριμείας
3423 3671 3737 3738 ὑπομένειν
3769 3672 3862 3733 τὰς

2281 3755 2583 3826 ἀλγηδόνας
2619 3755 2780 3823 ἄχρις
2817 3753 3020 3806 ὀστέων
3057 3753 3237 3809 αὐτῶν
3267 3760 3732 3831 συγκαθιεμένης
3765 3761 3859 3833 τῆς

2278 3847 2387 3902 τῶν
2417 3847 2681 3916 τριϐόλων
2704 3847 2909 3917 ἀκμῆς,
2936 3846 3140 3900 ἄνωθεν
3177 3848 3235 3902 δὲ
3264 3851 3330 3920 τῇ
3369 3856 3608 3924 συνεχεῖ
3641 3857 3737 3909 καὶ
3766 3856 3859 3909 άλ-

2281 3938 2602 4010 λεπαλλήλῳ
2645 3939 2930 4009 καταφορᾷ
2960 3939 3068 3993 τῶν
3109 3940 3320 4011 ῥάϐδων
3349 3947 3722 4017 κοπτομένης
3751 3948 3861 4000 οίκο

2282 4030 2428 4102 τρῶς
2452 4031 2551 4100 τῆς
2585 4030 2785 4100 σαρκὸς
2815 4028 2879 4100 (ὣ
2909 4030 3088 4099 ψυχῆς
3130 4032 3396 4102 εὐμενοῦς
3427 4037 3535 4094 καὶ
3565 4038 3865 4108 καρτερίας

2280 4121 2676 4188 γενικωτάτης,
2718 4120 2752 4189 ἢ
2802 4120 2979 4172 πᾶσαν
3010 4119 3271 4190 ἐξέπληξε
3303 4123 3479 4191 φύσιν
3521 4127 3776 4194 ἐπίγειόν
3808 4146 3863 4181 τε

2280 4210 2376 4264 καὶ
2405 4211 2653 4280 οὐράνιον
2674 4211 2712 4282 ί)
2737 4209 2844 4262 οὐδ’
2864 4211 2989 4280 ἄχρι
3019 4209 3294 4279 σχήματος
3319 4212 3729 4283 ἐχαλέπαινεν,
3754 4217 3867 4272 ἀλλ’

2279 4300 2466 4376 ἔχαιρε
2495 4304 2591 4370 τὴν
2647 4302 2823 4370 σάρκα
2848 4301 3059 4370 βλέπων
3082 4304 3540 4376 περιρρεομένην
3568 4311 3688 4371 τοῖς
3711 4310 3869 4361 πλου-

2283 4393 2416 4454 σίοις
2458 4392 2672 4463 ἐκείνης
2706 4391 2956 4460 αἴμασιν,
3003 4391 3193 4464 ῶσπερ
3229 4397 3476 4464 νυμφίος
3519 4399 3868 4468 εὐπάρυςτος.

616 4481 859 4546 undique
928 4480 1284 4533 madefactam
1353 4481 1681 4547 intueretur,
1727 4493 1982 4554 tanquam
2040 4500 2172 4554 pra:-

2280 4483 2644 4554 χρυσοῦφέσιν
2674 4484 3053 4549 ὲστολισμένος
3079 4485 3193 4548 τοῖς
3223 4486 3502 4555 ἱματίοις.
3551 4492 3724 4546 Ἀλλὰ
3761 4495 3868 4560 γὰρ

615 4580 850 4624 tcxtatus
877 4571 1070 4635 aliquis
1101 4587 1352 4640 sponsus,
1386 4585 1590 4627 vestem
1641 4575 1866 4630 indutus
1903 4593 2040 4630 auro
2089 4577 2172 4630 in-

615 4671 923 4716 tertextam.
947 4661 1338 4717 Verumtamen
1370 4680 1584 4719 sacrum
1619 4666 1723 4723 hoc
1775 4679 1829 4721 et
1854 4669 2174 4724 certamini-

618 4753 721 4806 bus
745 4755 982 4806 dicatum
1014 4769 1210 4821 corpus
1241 4754 1361 4808 aliis
1392 4756 1569 4810 adhuc
1605 4759 1889 4811 tormentis
1929 4759 2173 4812 exerceri

619 4843 874 4905 debebat,
899 4857 999 4896 nec
1019 4843 1264 4906 dissolvi,
1300 4857 1588 4914 antequam
1639 4851 1950 4904 carniﬁcem
2010 4852 2172 4906 isruin

619 4933 1024 5003 immanemque
1061 4944 1348 5004 tyrannum
1379 4937 1648 5001 satiasset,
1671 4955 1732 4994 ac
1761 4940 1996 4996 furorem
2063 4942 2177 4997 ani-

621 5023 692 5075 mi
725 5023 874 5076 illius
910 5022 1061 5092 impii
1092 5033 1143 5076 et
1176 5023 1399 5078 bclluini
1430 5027 1776 5096 explevisset,
1800 5031 1890 5099 qui
1942 5030 2007 5085 ad
2053 5047 2176 5102 pes-

618 5115 754 5166 sima
809 5129 1033 5183 qumque
1097 5116 1325 5170 consilia
1381 5133 1602 5185 semper
1650 5121 2055 5176 connitebatur.
2107 5123 2176 5179 Et

623 5220 768 5259 nunc
804 5204 927 5260 vide
951 5206 1104 5268 mihi,
1157 5223 1402 5275 quaenam
1439 5210 1715 5264 temerarii
1773 5211 1860 5266 isti
1891 5213 2000 5267 sint
2034 5216 2175 5285 ausi,

621 5306 675 5346 et
703 5292 897 5362 quales
924 5294 1066 5348 circa
1090 5307 1378 5366 martyrem
1416 5299 1569 5351 lusus
1609 5299 1903 5354 ediderint.
1962 5301 2176 5373 Corpus

621 5384 762 5452 ejus,
802 5385 1073 5438 cruciatus
1108 5397 1286 5440 tantos
1315 5401 1621 5456 expertum,
1679 5406 1840 5460 supra
1866 5392 2068 5457 focum,
2119 5393 2175 5446 in

619 5489 728 5544 quo
755 5488 1015 5528 accensus
1071 5487 1186 5530 erat
1240 5478 1397 5547 ignis,
1435 5481 1724 5548 neglectim
1775 5483 2070 5550 explicant,
2106 5499 2172 5537 ne

618 5564 843 5622 omnino
867 5563 1089 5630 dill‘luat,
1153 5569 1443 5639 animoque
1474 5572 1734 5626 deﬁciens
1789 5574 2021 5637 l'atisCat,
2074 5575 2172 5628 sed

2275 4576 2382 4628 ἔδει
2415 4575 2826 4644 συντηρηθῆναί
2861 4591 2976 4636 πως
3004 4576 3064 4627 τὸ
3094 4576 3238 4646 ἱερὸν
3267 4577 3458 4633 έκεῖνο
3509 4584 3616 4637 καὶ
3649 4583 3868 4655 ἀθλητι-

2275 4666 2368 4718 κὸν
2404 4665 2562 4735 σῶμα
2591 4666 2684 4717 καὶ
2733 4665 2868 4736 πρὸς
2905 4665 3099 4735 ἑτέρας
3137 4667 3438 4739 βασάνους,
3475 4675 3580 4728 καὶ
3619 4677 3700 4746 μὴ
3743 4678 3871 4745 πρό-

2276 4773 2430 4827 τερον
2461 4757 2782 4826 διαρρεῠσαι
2814 4756 2942 4824 πρὶν
2991 4758 3319 4828 κορεσθῆναι
3351 4760 3455 4814 τὸν
3490 4763 3700 4834 δήμιον
3735 4767 3871 4818 ἐκεῖ·

2276 4868 2365 4904 νον
2398 4851 2490 4902 καὶ
2516 4850 2702 4920 ἀπηνῆ
2733 4850 3018 4920 τύραννον,
3052 4851 3146 4903 καὶ¹
3172 4850 3462 4920 ἐκπλῆσαι
3493 4857 3562 4909 τὺ
3594 4858 3872 4928 θυμούμε-

2276 4955 2366 4991 νον
2387 4938 2486 5007 τῆς
2505 4936 2666 4992 ἀθέου
2698 4938 2908 4991 ἐκείνου
2927 4939 3020 4991 καὶ
3049 4938 3346 5008 θηριώδους
3377 4940 3600 5016 ψυχῆς,
3624 4945 3870 5015 καὶπρὸς

2276 5027 2345 5079 τά
2393 5025 2563 5095 χείρω
2610 5024 2996 5094 γυμναζούσης
3041 5028 3096 5087 ὲς
3128 5028 3215 5083 ἀεὶ
3260 5025 3364 5096 τὴν
3425 5034 3728 5100 πρόθεσιν.
3767 5036 3872 5086 Καὶ

2280 5116 2472 5168 σκόπει
2500 5115 2562 5184 δή
2603 5131 2692 5184 μοι
2733 5109 2846 5167 οἷον
2903 5115 3290 5181 νεανιεύονται,
3325 5119 3431 5169 καὶ
3470 5116 3566 5172 οἷα
3606 5125 3754 5187 κατὰ
3781 5123 3867 5174 τοῦ

2277 5206 2574 5276 Μάρτυρος
2607 5206 2862 5270 παίζουσι
2889 5205 3138 5273 παίγνια.
3179 5206 3410 5276 Ἐπειδὴ
3445 5211 3567 5281 γὰρ
3599 5218 3869 5282 τοσαύτην

2282 5298 2672 5368 ὲνειργάσαντο
2723 5297 2822 5368 τὴν
2882 5298 3113 5366 βάσανον
3163 5298 3301 5349 κατὰ
3365 5301 3474 5352 τοῦ
3526 5304 3872 5376 μαρτυρικοῦ

2284 5388 2558 5459 σώματος,
2595 5391 2681 5442 ἐπ’
2718 5391 2978 5468 ἐσχάραις
3012 5388 3204 5458 ἀμέλει
3257 5391 3448 5458 πυρὸς
3506 5396 3869 5467 ἑφαπ).οῦσιν,

2283 5482 2367 5534 ἵνα
2421 5484 2496 5554 μὴ
2558 5485 2660 5553 ῥυῇ
2701 5482 2859 5550 δῆθεν
2901 5484 2959 5544 ἐς
3005 5483 3062 5535 τὸ
3111 5481 3382 5545 παντελὲς
3443 5489 3547 5540 καὶ
3589 5488 3872 5557 ἀποψύξαν

2281 5576 2510 5642 ἀπείπτι,
2541 5576 2675 5630 ἀλλὰ
2700 5577 2794 5630 καὶ
2817 5576 3134 5648 μαρανθῶσι
3161 5576 3258 5646 μὲν
3281 5577 3335 5633 οἰ
3361 5579 3464 5634 τοῦ
3481 5583 3724 5653 αἵματος
3748 5583 3874 5653 ῥύα·

690 5748 766 5816 (5)
794 5745 1002 5801 Colitur
1029 5763 1131 5800 una
1162 5762 1283 5801 cum
1312 5756 1518 5816 septem
1551 5748 1894 5814 mulieribus,
1952 5749 2018 5804 de
2056 5750 2256 5816 quibus
2292 5749 2452 5817 infra,
2491 5750 2556 5805 l6
2587 5752 2808 5820 Aprilis.
