4134 6286
379 371 479 434 517

1680 377 1724 437 ν
1736 376 1857 435 [TA
1902 376 1956 436 S.
2000 374 2349 435 CODRATI.

3511 382 3618 444 518

377 506 495 554 κε;,
533 489 902 560 ὲκτηγανισθῇ
941 490 999 544 δὲ
1041 493 1169 557 πᾶν,
1216 493 1269 546 εἴ
1297 509 1350 545 τι
1383 491 1715 561 φλεγμαῖνον
1744 494 1833 563 εἴη
1861 495 1947 546 καὶ

2059 487 2159 542 rivi
2228 486 2448 556 quidem
2508 488 2789 558 sanguinis
2867 489 3034 545 fluere
3109 500 3344 559 cessent,
3399 495 3443 548 si
3494 500 3621 565 quis

380 581 640 649 σεσηπός.
680 581 833 634 Ἐπεὶ
846 584 901 636 δὲ
931 583 1082 637 οὐδὲν
1116 587 1143 637 ὁ
1168 585 1433 654 τύραννος
1476 586 1660 656 ἤνυεν,
1690 586 1825 638 ἀλλά
1856 586 1942 639 διὰ

379 674 600 727 πάντων
625 673 721 726 ίὼν
752 675 847 728 καὶ
868 676 956 741 διὰ
983 678 1198 731 πάντων
1230 679 1452 747 ἡττᾶτο,
1486 679 1724 748 ῥεύμασι
1748 678 1943 732 θαλατ-

377 764 515 826 τίοις
562 766 888 834 προστάττει
930 769 1159 837 ῥιφῆναι
1188 773 1285 824 σὺν
1335 771 1581 839 γυναιξὶν
1620 769 1792 831 ὁσίαις
1845 770 1945 823 οὐκ

380 854 613 921 ὀλίγαις,
640 855 697 909 αἶ
730 856 821 911 τὸν
866 857 1027 911 αὑτὸν
1071 859 1193 911 τότε
1222 859 1438 929 διήνυον
1486 861 1625 931 ὑπὲρ
1658 860 1759 929 τῆς
1793 860 1946 912 εὐσε-
1988 898 1989 901 η

383 944 534 1009 ϐείας
565 942 751 1013 ἆθλον,
789 949 886 1001 καὶ
926 950 989 1002 τὸ
1044 952 1386 1020 μαρτυρικὸν
1419 953 1597 1005 ἐκεῖνο
1646 954 1742 1004 καὶ
1782 952 1947 1005 αὑταὶ

386 1038 748 1108 συνεκρότουν
776 1040 1046 1110 θέατρον,
1072 1042 1406 1110 ἀρδεύσασαι
1460 1043 1561 1111 τὴν
1613 1043 1773 1111 φύσιν
1827 1044 1947 1104 ταῖς

385 1130 699 1197 άρῤενικαῖς
748 1130 990 1197 ἀρδείαις
1043 1132 1138 1185 τοῦ
1191 1133 1491 1202 Κοδράτου,
1518 1127 1592 1185 ὧν
1630 1132 1709 1185 ’τὰ
1753 1133 1949 1204 ὁιινόμαο

384 1235 454 1272 τα
490 1220 579 1273 διὰ
606 1220 668 1274 τὸ
698 1220 1195 1292 ἀξιομνημόνευτον
1219 1225 1453 1278 ἐνταῦθα
1479 1224 1807 1295 ἐκθήσομαι.

464 1472 550 1543 ιγ’.
583 1476 865 1545 Χαρίεσσα
914 1478 1015 1547 μὲν
1062 1473 1129 1549 ἦν
1159 1474 1259 1554 οὖν,
1292 1481 1386 1533 καὶ
1420 1480 1709 1552 Νουνεχία,
1739 1482 1795 1536 αἱ
1842 1482 1979 1535 τῶν

296 1562 299 1563 ⁷
388 1566 611 1636 χάριτος
642 1570 738 1621 κα)⁵
762 1569 853 1622 νοῦ
880 1570 1154 1638 σώφρονος
1183 1574 1620 1642 πεπληρωμέναι
1644 1590 1658 1605 ο
1694 1574 1951 1625 Βασίλισ-

389 1660 460 1714 σά
483 1676 542 1711 τε
569 1661 665 1713 καὶ
686 1661 851 1731 Νίκη,
877 1664 932 1716 αί
963 1665 1257 1733 βασιλικῶς
1288 1669 1428 1721 κατὰ
1452 1669 1549 1737 τῆς
1577 1666 1834 1728 ἀσεῦείας
1864 1668 1954 1717 ἁν-

384 1750 735 1824 δρισάμεναι,
799 1756 891 1807 καὶ
940 1757 1096 1826 νίκης
1164 1758 1569 1828 ἀναδυσάμεναι
1625 1759 1949 1827 στέμματα·

2042 589 2225 631 autem
2250 578 2617 632 elIervescens
2644 592 2699 633 et
2731 583 3079 649 putrefactus
3110 584 3381 652 supersit,
3435 587 3621 638 omnis

2044 672 2203 736 quasi
2240 671 2293 723 in
2325 671 2600 740 sartagine
2630 673 2803 725 frixus
2828 685 3187 742 excoquatur.
3222 670 3297 728 'At
3326 690 3449 729 cum
3484 677 3620 730 nihil

2047 768 2315 830 tyrannus
2353 760 2613 827 efficeret,
2645 765 2739 818 sed
2772 766 2955 819 omnia
2987 775 3220 831 tentans,
3279 766 3330 818 in
3365 766 3626 822 omnibul

2045 850 2383 913 vinceretur,
2451 854 2672 908 tandem
2716 855 2771 908 in
2808 871 2956 909 mare
3009 857 3183 924 ipsum
3229 857 3381 926 jubet
3435 852 3625 926 projici

2047 955 2171 994 cum
2202 942 2406 995 sanctis
2437 944 2763 999 mulieribus
2798 946 2939 999 baud
2992 962 3161 1016 parvo
3202 965 3454 1014 numero,
3503 966 3627 1018 qua)

2050 1041 2161 1086 tum
2188 1041 2461 1087 certamen
2510 1036 2647 1089 idem
2682 1052 2779 1104 pro
2812 1040 3013 1105 pietate
3062 1042 3537 1106 consummabant,
3572 1052 3629 1095 et

2051 1124 2249 1177 theatri
2274 1125 2421 1179 illius
2451 1138 2751 1198 martyrum
2776 1146 2883 1184 non
2927 1132 3150 1186 minima
3188 1148 3313 1201 pars
3350 1142 3529 1195 erant,
3562 1150 3629 1188 ex

2050 1213 2306 1270 virilibus
2336 1215 2555 1273 Codrati
2608 1221 2853 1287 monitis,
2902 1232 3159 1293 tanquam
3214 1226 3629 1297 irrigatinnibus

2052 1306 2297 1360 masculo
2333 1308 2531 1363 robore
2560 1321 2827 1379 concepto
2862 1331 2874 1365 :
2913 1330 3143 1382 quarum
3193 1319 3417 1371 nomina
3479 1320 3627 1388 quod

2053 1398 2320 1452 memoria
2351 1399 2512 1467 digna
2554 1401 2681 1465 sint,
2719 1404 3227 1474 hiejuvataddere.

2128 1489 2213 1542 l3.
2241 1490 2412 1544 Erant
2446 1493 2636 1561 igitur,
2661 1495 2952 1551 Chariessa
3001 1509 3057 1553 et
3089 1499 3395 1567 Nunechia,
3453 1503 3627 1571 gratia

2052 1581 2110 1628 et
2141 1589 2323 1631 mente
2364 1580 2542 1633 sobria
2608 1583 2854 1651 repletae;
2918 1585 3172 1642 Basilissa
3192 1599 3248 1643 et
3300 1591 3456 1658 Nice,
3508 1608 3628 1660 que
3690 1611 3694 1615 '

2056 1665 2205 1734 regie
2230 1679 2420 1721 contra
2467 1670 2800 1741 impietatem
2849 1676 3228 1745 decertarunt,
3274 1691 3330 1735 et
3382 1682 3628 1738 vit-toria:

2055 1757 2277 1809 coronis
2311 1760 2581 1817 redimitae
2617 1776 2768 1829 sunt;
2798 1764 2926 1821 Cale
2953 1768 3256 1837 etGalcne,
3310 1788 3430 1842 quae
3454 1790 3627 1843 aquas

388 1840 545 1910 Καλή
580 1859 637 1894 τε
675 1844 770 1895 καὶ
813 1844 1049 1917 Γαλήνη,
1096 1849 1151 1900 αἱ
1201 1848 1383 1912 καλῶς
1434 1849 1535 1918 μὲν
1578 1848 1947 1916 παρελθοῦσαι

2058 1846 2180 1901 vita
2205 1847 2368 1919 hujus
2400 1853 2573 1907 salsas
2610 1855 2749 1912 bene
2789 1860 3147 1926 transierunt,
3202 1872 3259 1916 et
3314 1864 3367 1917 in
3405 1877 3622 1934 portum

386 1932 487 1999 τὴν
520 1932 701 2006 ἅλμην
726 1936 818 1989 τοῦ
849 1937 988 2006 βίου,
1024 1941 1121 1992 καὶ
1155 1941 1292 2012 πρὸς
1342 1942 1611 2005 ἀπαθείας
1641 1941 1956 2013 ὲληλυθυῖαι

386 2024 670 2095 γαλήνην·
721 2033 819 2082 καὶ
868 2032 1003 2101 πρός
1056 2049 1121 2101 γε
1173 2034 1255 2087 ἔτι
1311 2033 1591 2104 Θεοδώρα.
1637 2036 1670 2103 ἠ
1715 2034 1857 2086 θεῖον
1887 2036 1953 2103 τῇ

387 2116 641 2187 Κορίνθῳ
691 2122 957 2193 γενομένη
990 2124 1088 2175 σὺν
1120 2128 1236 2189 ταῖς
1286 2126 1475 2189 ἄλλαις
1527 2124 1782 2195 δώρημα.
1822 2125 1955 2177 Τότε

386 2208 473 2278 δὴ,
501 2210 621 2262 τότε
674 2211 892 2281 λέγεται
932 2217 1025 2267 καὶ
1070 2217 1171 2285 τὴν
1211 2217 1482 2272 θάλατταν
1539 2218 1855 2287 αἰδεσθῆναι
1889 2216 1955 2269 τὰ

395 2304 706 2371 μαρτυρικὰ
736 2307 920 2359 ἐκεῖνα
966 2307 1221 2377 σώματα,
1273 2310 1371 2364 καὶ
1400 2310 1474 2380 μὴ
1516 2310 1771 2377 ἐθελῆσαι
1800 2312 1958 2363 ἐκπε-

393 2390 655 2457 πωκέναι,
712 2396 833 2447 ἀλλ’
865 2398 958 2449 ἐπὶ
1002 2399 1250 2462 σταδίους
1302 2398 1757 2470 ὑπηρετήσασθαι
1799 2400 1955 2469 τριά-

391 2493 578 2542 κοντα,
608 2480 708 2533 ὅσα
734 2483 828 2535 καὶ
858 2484 1107 2557 ἤπειρος.
1145 2488 1378 2556 Λέγεται
1401 2488 1443 2540 δ’
1470 2486 1564 2541 οὖν
1593 2491 1687 2542 καὶ
1711 2490 1810 2558 τὴν
1840 2492 1953 2543 Χα-

391 2570 612 2636 ρίεσσαν
647 2577 789 2627 κατὰ
837 2576 947 2628 τῶν
998 2579 1263 2647 κυμάτων
1302 2579 1668 2647 πεξεύουσαν,
1701 2580 1846 2654 ᾠδὴν
1874 2583 1952 2654 τῷ

387 2662 579 2733 Κυρίῳ
608 2666 868 2737 τοιαύτην
894 2669 1216 2739 ἀναϐοῆσαι,
1247 2671 1756 2727 ἐπακολουθούντων
1778 2673 1955 2729 ἄλλων

346 2786 351 2789 -
387 2750 483 2802 καὶ
539 2754 910 2823 συνᾳδόντων·
947 2758 1042 2810 Ἓν
1088 2758 1267 2827 μίλιον
1313 2759 1574 2830 ἔδραμον,
1608 2762 1803 2832 Κύριεο
1836 2763 1950 2826 καὶ,

388 2846 715 2916 Στράτευμα
750 2847 994 2913 ἐδίωξας,
1033 2850 1227 2920 Κύριεο
1250 2853 1342 2904 καὶ⁵
1369 2852 1481 2905 Οὐκ
1514 2853 1837 2922 ἠρνησάμην
1870 2868 1949 2915 σε,

386 2940 586 3011 Κύριε,
627 2942 802 2994 σῶσόν
836 2960 937 3011 μου
970 2942 1030 2995 τὸ
1054 2944 1289 3015 πνεῦμα·
1327 2944 1499 2998 ταῦτα
1520 2945 1584 3016 δὴ
1610 2944 1678 2997 τὰ
1703 2945 1799 3014 τῆς
1826 2946 1955 2997 Μω-

388 3035 527 3095 σέως
573 3034 668 3085 καὶ
744 3034 955 3106 Ἀαρὼν
1007 3037 1240 3105 ἀδελφῆς
1302 3038 1509 3106 ῥήμασι
1568 3035 1951 3105 παραπλήσια.

388 3118 523 3174 Εἶτα
575 3123 757 3186 λίθους
811 3125 950 3176 κατά
1002 3125 1095 3177 τοῦ
1146 3126 1420 3195 τραχήλου
1474 3125 1821 3189 ἐξάπτοντες,
1861 3124 1953 3196 βίᾳ

388 3217 531 3267 κατὰ
557 3215 648 3267 τοῦ
691 3216 967 3285 πυθμένος
1000 3216 1254 3283 ὠθοῦσιν,
1309 3217 1384 3281 ὡς
1425 3218 1680 3270 ἀπειπεῖν
1721 3234 1778 3269 τε
1825 3218 1950 3278 τοὺς

389 3308 686 3377 Μάρτυρες
711 3311 925 3376 δεσμοῖς
956 3311 1049 3363 καὶ
1074 3311 1279 3380 κύμασι
1302 3312 1664 3381 μαχομένους,
1691 3312 1782 3364 καὶ
1808 3310 1948 3363 οὕτω

391 3399 485 3451 τοῦ
513 3400 610 3471 ζῇν
639 3403 1039 3472 ἐξεληλυθέναι,
1072 3404 1164 3457 καὶ
1192 3404 1307 3475 Θεῷ
1337 3404 1710 3476 προσαχθῆναι
1733 3403 1949 3472 θύματα

387 3494 594 3550 τέλεια.

461 3585 536 3640 ιδ’.
579 3585 813 3642 Τοιαῦτα
860 3589 952 3642 τοῦ
987 3590 1129 3643 θείου
1162 3590 1440 3660 Κοδράτου
1471 3589 1535 3642 τὰ
1578 3590 1823 3661 γεώργια
1856 3592 1949 3643 καὶ

384 3679 433 3732 οξ
459 3680 665 3746 καρποὶ
702 3680 809 3733 τῶν
844 3682 1042 3746 πόνων,
1074 3684 1170 3734 καὶ
1196 3682 1422 3734 τοιαῦτα
1455 3682 1522 3735 τὰ
1563 3683 1663 3751 τῆς
1690 3682 1945 3733 διδασκα-

382 3770 502 3831 λίας
548 3772 754 3825 ἐκείνου
804 3774 1185 3844 βλαστήματα,
1213 3775 1307 3827 καὶ
1350 3778 1403 3839 ἐς
1457 3775 1709 3827 τοσοῦτον
1741 3774 1945 3843 ηὔξησε

381 3862 445 3912 τὸ
500 3862 592 3913 τοῦ
644 3866 986 3934 χαρίσματος
1026 3868 1306 3920 τάλαντον.
1336 3868 1546 3929 Παῦλος
1602 3867 1700 3938 μὲν
1733 3868 1840 3937 γάρ
1885 3871 1947 3920 ἐκ

382 3951 481 4019 τῆς
533 3952 701 4015 ὅντως
756 3953 949 4021 σοφίας
996 3956 1176 4008 ἀντλεῖ
1224 3957 1321 4020 τὰς
1363 3958 1546 4024 πηγὰς
1572 3958 1669 4026 τῆς
1694 3958 1948 4010 διδασκα-

382 4042 504 4105 λίας
527 4057 541 4070 ·
601 4043 754 4109 οὗτος
786 4047 830 4099 δ’
885 4048 942 4112 ἐξ
973 4048 1185 4101 ἐκείνου
1241 4048 1581 4119 μετειληφὼς
1624 4052 1734 4109 τοῖς
1767 4049 1948 4112 ἄλλοις

387 4135 676 4203 μετέδωκε,
715 4139 809 4191 καὶ
835 4140 934 4191 οὐκ
967 4142 1046 4203 εἰς
1093 4141 1389 4210 τριάκοντα
1429 4143 1520 4193 καὶ
1560 4140 1823 4209 ἐξήκοντα
1855 4140 1949 4208 μό-

381 4245 493 4291 νον,
530 4229 646 4281 ἀλλ’
676 4230 773 4299 ήδη
804 4232 895 4282 καὶ
940 4231 1018 4293 είς
1064 4232 1557 4286 ὲκατονταπλάσιον
1587 4233 1647 4284 τὸ
1668 4231 1761 4293 τοῦ
1794 4231 1949 4301 χαρί-

384 4336 589 4388 σματος
611 4322 812 4392 ηὔξησε
834 4324 1093 4379 τάλαντον
1115 4343 1129 4358 ν
1161 4325 1299 4378 ὥστε
1332 4327 1422 4377 καὶ
1447 4326 1787 4393 πεπείσμεθα
1815 4326 1948 4377 πάν-

379 4430 489 4465 των
528 4417 823 4469 ἁστολαύειν
871 4418 1071 4482 ἐξεῖναι
1106 4420 1201 4471 νῦν
1231 4419 1383 4488 αὐτῷ
1448 4424 1594 4487 παρὰ
1650 4418 1785 4470 Θεοῦ
1839 4419 1946 4470 τῶν

2056 1941 2386 2008 appulerunt
2408 1946 2865 2014 nulliexpositum
2892 1953 3310 2021 perturbationi;
3337 1956 3627 2014 Thcodora

2056 2032 2313 2101 denique,
2350 2035 2552 2090 donum
2593 2039 2725 2093 illud
2781 2042 3048 2098 Corintho
3085 2061 3191 2099 una
3229 2062 3354 2101 cum
3414 2053 3626 2105 exteris

2055 2136 2086 2174 a
2126 2122 2235 2175 Deo
2279 2140 2627 2181 concessum.
2699 2129 2855 2184 Tunc
2912 2132 3212 2198 enimvero,
3274 2145 3403 2192 tunc
3457 2140 3620 2194 etiam

2057 2227 2230 2279 mare,
2266 2226 2564 2285 martyrum
2592 2220 2682 2274 illa
2713 2236 2940 2293 corpora
2993 2224 3314 2294 reverittlm,
3352 2229 3526 2284 fertur
3561 2249 3624 2287 ca

2055 2305 2351 2364 absorbere
2378 2312 2642 2377 uoluisse,
2672 2316 2765 2370 sed
2793 2318 3015 2390 triginta
3062 2321 3364 2377 stadiorum
3420 2328 3623 2394 spatio,

2058 2410 2217 2455 terrae
2241 2402 2306 2455 ad
2324 2403 2514 2468 inSIar,
2541 2405 2673 2475 ipsis
2701 2410 3061 2463 ministrasse.
3084 2410 3372 2468 Chariessa
3405 2433 3625 2487 quoque

2056 2490 2316 2548 ﬂuctibus
2347 2497 2712 2564 inambulans,
2733 2503 3008 2557 canticum
3062 2505 3168 2559 hoc
3209 2507 3627 2575 Domino,an-

2054 2587 2371 2643 cineutibus
2406 2590 2655 2660 reliquis,
2708 2608 2842 2647 voce
2883 2596 2989 2650 alta
3046 2599 3312 2655 cecinisse
3369 2603 3621 2659 dicitur:

2054 2674 2234 2759 Utrum
2266 2679 2498 2735 milliare
2550 2685 2824 2751 percurri,
2878 2686 3127 2759 Domine;
3155 2699 3231 2755 et,
3297 2691 3617 2747 Exercitum

2058 2780 2379 2834 persecutus
2398 2787 2477 2834 es,
2504 2772 2750 2839 Domine;
2791 2785 2867 2838 et,
2892 2777 3011 2832 Non
3046 2783 3235 2849 negavi
3264 2791 3336 2846 te,
3373 2784 3621 2850 Domine,

2055 2858 2205 2913 salva
2238 2861 2493 2929 spiritum
2525 2880 2707 2917 meum
2735 2881 2748 2917 :
2796 2866 2985 2931 verba,
3014 2869 3218 2937 quibus
3245 2871 3445 2926 similia
3478 2874 3627 2944 Moy-

2055 2950 2131 3004 sis
2161 2960 2215 3003 et
2240 2955 2475 3008 Aaronis
2505 2970 2662 3009 soror
2691 2959 2939 3024 protulit.
3001 2959 3188 3030 Itaque
3240 2962 3519 3033 lapidibus
3551 2968 3621 3020 ad

2053 3043 2299 3096 cervices
2334 3044 2591 3113 alligatis,
2628 3057 2896 3116 martyres
2915 3050 3044 3102 vi‘in
3074 3051 3403 3119 profundum
3436 3057 3626 3110 detru-

2057 3133 2284 3195 duntur,
2334 3144 2393 3189 ut
2441 3154 2562 3189 cum
2611 3139 2845 3195 vinculis
2877 3153 2934 3195 et
2972 3141 3228 3198 fluctibus
3276 3146 3624 3204 colluctando

1980 3194 2020 3251 θ
2055 3222 2392 3289 deﬁcientes,
2448 3226 2627 3281 vivere
2685 3230 3022 3300 desinerent,
3092 3234 3315 3306 Deoque
3388 3239 3625 3295 victimae
3710 3298 3713 3305 ν

2052 3318 2308 3386 perfectae
2336 3321 2689 3381 sisterentur.

2122 3583 2208 3637 M.
2239 3584 2552 3645 Istiusmodi
2578 3602 2707 3647 sunt
2742 3610 2948 3652 messes
2989 3598 3161 3654 divini
3210 3601 3432 3661 Codrati
3460 3616 3515 3661 et
3544 3608 3623 3663 ia-

2050 3672 2241 3728 borum
2275 3678 2525 3747 fructus;
2564 3685 2691 3738 talia
2718 3688 2986 3755 germina,
3055 3706 3175 3759 quae
3222 3695 3471 3751 doctrina
3499 3702 3621 3766 ejus

2052 3766 2328 3835 produxit,
2363 3780 2571 3825 tantum
2595 3775 2832 3843 lucrum,
2860 3795 2970 3848 quo
3001 3782 3268 3838 talentum
3308 3790 3496 3856 gratia;
3528 3810 3622 3844 nat-

2048 3859 2146 3911 xit.
2171 3862 2250 3913 Ac
2282 3861 2484 3917 Paulus
2512 3865 2737 3932 quidem
2766 3868 3033 3924 doctrinae
3059 3872 3237 3928 fontes
3290 3891 3353 3929 ex
3384 3879 3497 3940 illo,
3527 3884 3619 3948 qui

2047 3959 2131 4004 est
2176 3951 2290 4020 ipsa
2349 3956 2641 4021 sapientia,
2688 3956 2983 4025 hauserat;
3060 3963 3152 4018 hic
3185 3976 3369 4021 autem
3402 3972 3619 4027 aPaulo

2048 4053 2328 4111 acceptam
2368 4048 2958 4116 communicavitaliis,
3005 4055 3614 4128 tali-ntumquehgrntia»,

2049 4150 2158 4188 non
2194 4136 2375 4191 tricies
2405 4146 2459 4190 et
2492 4140 2739 4209 sexagies
2804 4151 3038 4207 tantum,
3073 4147 3165 4199 sed
3191 4150 3402 4202 centies
3437 4154 3620 4205 multi-

2047 4221 2287 4289 plicavit,
2340 4225 2478 4279 adeo
2532 4235 2590 4280 ut
2649 4228 2879 4284 firmiter
2942 4232 3102 4288 nobis
3158 4238 3617 4306 persuadeamus,

2047 4314 2193 4381 quod
2240 4330 2388 4369 nunc
2418 4319 2679 4373 omnibus
2700 4320 2860 4375 bonis
2912 4310 3057 4392 apud
3095 4326 3263 4381 Deum
3320 4329 3492 4385 libere
3536 4334 3614 4388 illi

2052 4405 2255 4472 perfrui
2323 4407 2530 4471 liceant
2562 4427 2625 4463 ac
2694 4415 3009 4469 mansiones
3060 4432 3168 4470 non
3204 4419 3303 4473 has
3355 4424 3439 4474 vel
3497 4425 3617 4479 illas

382 4508 589 4574 καλῶν,
623 4511 714 4562 καὶ
762 4512 839 4579 μὴ
890 4512 986 4572 τὰς
1022 4512 1121 4579 μὲν
1171 4512 1281 4564 τῶν
1317 4512 1494 4580 μονῶν
1528 4513 1609 4574 είς
1658 4510 1945 4563 κατοικίαν

2051 4499 2339 4559 duntaxat,
2363 4502 2456 4554 sed
2495 4502 2560 4555 ad
2598 4506 2855 4558 eumdem
2885 4509 3106 4561 modum
3146 4526 3338 4565 omnes
3398 4514 3617 4569 inhabi-

380 4602 810 4669 ἁπολαμΰάνειν,
846 4604 942 4664 τὰς
973 4603 1030 4657 δὲ
1066 4606 1141 4674 μή
1168 4622 1184 4639 ο
1245 4605 1357 4658 ἀλλ’
1392 4606 1471 4659 ἑνί
1526 4622 1586 4672 γε
1647 4605 1722 4672 τῷ
1758 4604 1945 4673 τρόπῳ

378 4693 487 4744 τῶν
523 4694 661 4746 ὅλων
697 4695 892 4765 ἐπίσης
940 4696 1323 4765 κληρονομεῖν,
1366 4699 1440 4761 ὼς
1488 4700 1600 4761 υἱὸς
1654 4697 1945 4766 εὐάρεστος

378 4781 675 4848 ἀναφανεὶς
705 4785 781 4852 τῷ
823 4786 941 4851 Θεῷ
979 4788 1073 4838 καὶ
1096 4789 1288 4853 Πατρὶ,
1318 4789 1411 4840 καὶ
1438 4789 1525 4841 διὰ
1573 4789 1760 4840 πασῶν
1791 4786 1943 4838 ὁδεύ-

380 4884 481 4929 σας
519 4870 626 4922 τῶν
671 4872 838 4924 αὑτοῦ
876 4874 1128 4937 ὲντολὼν,
1190 4874 1285 4926 καὶ
1346 4881 1524 4930 πάντα
1555 4872 1942 4943 κατωρθωκὼς

376 4958 573 5023 ἄριστα
608 4964 843 5026 πάντων,
882 4963 917 5016 ἆ
963 4965 1111 5033 ποιρά
1158 4968 1324 5034 μέρος
1358 4967 1599 5020 ἕκαστοι
1634 4968 1815 5036 Ταύτῃ
1846 4984 1941 5019 τοι

376 5052 473 5103 καὶ
516 5055 809 5107 ἀπολαύειν
839 5060 1018 5128 φαμὲν
1065 5063 1155 5113 καὶ
1190 5062 1340 5130 παρὰ
1393 5064 1555 5130 μέρος
1581 5064 1721 5128 ἅπερ
1753 5065 1850 5131 οὐχ
1882 5064 1941 5115 ἆ-

377 5159 601 5207 παντες,
639 5148 727 5197 καὶ
783 5150 880 5200 σύν
906 5167 969 5217 γε
1004 5155 1113 5215 τοῖς
1144 5153 1336 5217 ,ἄλλοις
1373 5154 1517 5222 άπερ
1554 5154 1810 5205 ἕκαστον
1846 5155 1941 5205 καὶ

374 5230 735 5298 γνωρίζουσιν
766 5238 1008 5301 ἅπαντες
1056 5242 1121 5293 τὰ
1151 5245 1247 5311 τῆς
1294 5243 1560 5313 συνήθους
1609 5243 1809 5311 ἀρετῆς
1851 5242 1939 5294 ἐπ’

372 5318 526 5387 αὑτῷ
557 5320 818 5390 σύμϐολα.
869 5332 979 5383 Καὶ
1012 5334 1402 5403 προσδέχονται
1443 5334 1541 5403 μὲν
1570 5336 1938 5403 συγχορευτὴν

368 5409 637 5479 ἀσκηταὶ,
677 5417 768 5468 καὶ
818 5413 1069 5476 κοινωνὸν
1106 5427 1385 5478 ποιοῦνται
1424 5428 1522 5495 τῆς
1567 5428 1715 5495 σφῶν
1750 5428 1939 5496 εὐφρο-

371 5497 563 5569 σύνης,
592 5500 781 5572 ὥσπερ
816 5506 1037 5581 ὀφειλὴν
1070 5530 1193 5567 τινα
1221 5516 1426 5584 ταύτην
1465 5517 1842 5587 ἀπαραίτητόν
1875 5534 1935 5570 τε

369 5592 467 5642 καὶ
525 5592 825 5663 ἀξιόχρεων
880 5602 1222 5668 ἐκτιννύντες
1273 5606 1443 5677 αὐτῷ’
1477 5609 1600 5660 ὲπεί
1626 5609 1707 5661 τοί
1745 5626 1805 5676 γε
1843 5609 1938 5662 καὶ⁵

368 5684 535 5746 αὐτὸς
582 5687 788 5756 πολλῆς
829 5692 1001 5757 αίτιος
1050 5696 1149 5765 τῆς
1181 5698 1521 5769 εὐφροσύνης
1554 5700 1739 5762 αὐτοῖς
1783 5701 1939 5754 καθί-

368 5790 538 5854 στατο
578 5778 866 5848 πρότερον,
925 5785 1083 5838 ὁπότε
1139 5790 1229 5841 τὸν
1290 5790 1453 5843 αὑτὸν
1514 5792 1695 5853 αὐτοῖς
1749 5791 1934 5862 ἔτρεχε

2054 4590 2218 4642 tando
2247 4604 2497 4660 occupet,
2566 4605 2827 4663 tauquam
2891 4599 3066 4654 haeres
3111 4610 3165 4655 et
3196 4602 3362 4669 filius,
3416 4608 3470 4660 in
3503 4624 3614 4677 quo

2050 4680 2193 4734 Deus
2238 4683 2400 4736 Pater
2442 4684 2544 4737 sibi
2577 4689 2929 4755 eomplacuit,
2962 4692 3139 4758 quiin
3194 4696 3451 4752 omnibus
3493 4702 3613 4769 ejus

2048 4774 2319 4825 mandatis
2362 4776 2682 4839 ambulavit,
2731 4788 2785 4831 et
2835 4783 3080 4835 omnium
3132 4788 3339 4852 optime
3406 4795 3612 4857 omnia,

2047 4880 2167 4932 qua:
2198 4864 2288 4916 alii
2352 4869 2580 4919 seorsim
2650 4869 2883 4937 singula,
2941 4877 3191 4940 perfecit.
3246 4878 3399 4935 Unde
3447 4887 3611 4939 etiam

2044 4956 2150 5007 frui
2185 4956 2336 5008 illum
2375 4960 2606 5010 seorsim
2640 4961 2805 5014 rebus
2855 4962 2924 5014 iis
2953 4964 3224 5031 dicimus;
3268 4970 3470 5037 quibus
3500 4990 3608 5031 non

2043 5064 2256 5101 omnes.
2280 5062 2334 5101 et
2368 5066 2469 5101 una
2502 5066 2626 5104 cum
2667 5053 2809 5117 aliis,
2835 5055 3036 5123 quibus
3066 5058 3265 5127 singuli
3307 5064 3608 5133 fruuntur;

2044 5157 2166 5195 cum
2199 5143 2440 5211 symbola
2486 5144 2537 5195 in
2566 5144 2911 5213 illoquilibct
2942 5162 3219 5203 consueta:
3270 5154 3373 5208 sibi
3437 5161 3614 5213 virtu.

2051 5236 2118 5287 tis
2152 5247 2432 5303 agnoscat.
2474 5236 2766 5305 Recipiunt
2795 5252 2920 5291 eum
2974 5241 3028 5293 in
3082 5245 3399 5301 societatem
3451 5252 3608 5309 chori

2047 5329 2129 5380 sui
2191 5336 2408 5391 ascetm,
2470 5331 2781 5399 laetitiaeque
2840 5348 2949 5385 suze
2993 5335 3201 5389 faciunt
3265 5343 3606 5412 pariicipem,

2042 5419 2399 5473 irrecusabile
2438 5425 2542 5474 hoc
2575 5425 2727 5490 quasi
2753 5424 2997 5478 debitum
3028 5437 3083 5479 et
3115 5426 3351 5486 Codruto
3381 5434 3605 5503 dignum

2042 5510 2350 5576 solventes;
2384 5511 2529 5579 quod
2563 5521 2619 5566 et
2644 5513 2761 5582 ipse
2820 5515 3048 5569 multum
3082 5517 3191 5571 illis
3244 5520 3490 5575 laetitiam
3515 5539 3611 5591 pe-

2041 5604 2266 5671 pererit,
2295 5604 2424 5657 dum
2452 5604 2593 5658 idem
2623 5606 2883 5674 stadium,
2937 5612 3080 5679 quod
3110 5613 3211 5680 ipsi
3244 5613 3375 5667 olim
3412 5615 3606 5669 det-ur-

2042 5707 2210 5763 reret,
2241 5708 2430 5752 contra
2472 5710 2768 5768 potestates
2804 5704 3149 5757 tenebrarum
3202 5705 3381 5760 sreculi
3438 5706 3605 5778 hujus

2043 5792 2097 5842 in
2133 5790 2247 5845 acie
2286 5792 2616 5858 consistens,
2652 5802 2707 5848 et
2740 5794 3027 5850 incruenta
3055 5796 3286 5865 singulis
3310 5810 3603 5863 momentis
