4134 6286
575 324 674 382 519

1758 320 2130 383 ΝΙΕΕΙἮΟΕ

2229 317 2601 379 GiiEGORE
3671 317 3765 379 520

574 443 772 498 tropaea
804 426 1038 497 erigens.
1096 429 1335 499 Apostoli
1386 441 1590 497 autem,
1647 442 1701 485 et
1773 441 1898 485 ante
1937 443 2129 483 omnes

2229 423 2467 487 δίαυλον,
2518 424 2652 492 πρὸς
2719 423 2814 487 τὰς
2866 422 3113 487 ἐξουσίας
3168 424 3642 493 παραταττόμενος
3682 427 3767 480 τοῦ

575 535 803 587 magnus
842 520 929 572 ille
970 520 1290 588 pra-dicator
1330 538 1395 575 ac
1422 522 1743 591 coryplizeus
1788 522 2014 581 Paulus,
2072 519 2125 572 in

574 624 885 661 consessum
919 618 973 661 et
1007 610 1319 663 societatem
1347 610 1651 663 communis
1691 610 1949 669 convivii.
1983 607 2127 677 quod

575 715 637 754 ex
674 714 817 752 nova
837 714 1137 768 magnaque
1183 700 1358 754 hostia
1419 701 1742 755 instructum
1790 712 1896 764 est,
1950 699 2127 767 ipsum

574 790 875 844 admittunt
912 803 925 839 :
961 799 1019 843 ιιι
1054 792 1143 858 qui
1184 801 1306 859 post
1340 792 1461 845 illos
1490 793 1765 846 secundus
1819 803 2127 859 praeconem

576 881 847 948 Evangelii
886 881 1100 932 illorum
1152 880 1538 933 ferventiorem
1605 881 1797 948 egerit.
1865 878 2128 945 Paulique

575 986 732 1022 voces
761 971 1147 1029 “lustraverit;
1183 972 1274 1038 qui
1301 988 1404 1022 non
1468 987 1562 1023 sua
1600 980 1807 1022 tantum
1862 968 2129 1036 quaesive-

575 1062 664 1124 rit,
696 1062 902 1113 Domini
933 1069 1111 1112 autem
1183 1062 1468 1126 talentum,
1504 1060 1968 1130 quemadmodum
2012 1075 2129 1113 ser-

576 1167 675 1204 vus
704 1152 788 1203 ille
811 1167 1059 1219 nequam,
1091 1151 1377 1217 defoderit,
1444 1163 1537 1205 aut
1594 1152 1953 1206 seminaverit
1982 1151 2131 1220 'qui-

575 1243 720 1305 dem,
754 1254 806 1295 at
852 1243 1029 1296 nonin
1068 1242 1566 1305 benedictionibus,
1619 1244 1713 1297 sed
1752 1244 1984 1311 maligne
2043 1258 2132 1297 su-

573 1348 669 1400 per
703 1348 887 1401 aquas,
923 1344 1101 1401 petras
1132 1349 1160 1387 e
1187 1335 1467 1393 senticeta,
1500 1335 1587 1389 ubi
1623 1334 2130 1389 frustraneuslabor

572 1432 625 1475 et
657 1422 863 1475 fructus
899 1435 979 1477 est
1022 1426 1414 1493 exspectationi
1465 1443 1569 1480 non
1606 1429 1943 1496 respondens
1982 1445 1995 1480 :
2035 1427 2128 1495 qui

572 1511 862 1564 multorum
890 1514 1233 1567 conditiones
1252 1515 1317 1568 ad
1345 1515 1571 1584 Lydium
1643 1516 1871 1570 rationis
1894 1516 2125 1585 lapidem

582 1603 825 1670 exigens,
860 1612 970 1656 tum
1012 1605 1316 1674 dijudicans
1353 1607 1585 1677 singula,
1626 1608 1961 1677 spiritusque
2021 1608 2130 1677 gla—

573 1691 664 1744 dio
697 1694 893 1746 bonum
926 1709 955 1746 a
990 1697 1128 1749 malo
1150 1696 1417 1758 dividens.
1453 1697 1658 1751 nudum
1700 1697 1828 1752 inde
1887 1699 2130 1767 protule—

2234 514 2460 576 σκότους
2489 514 2581 566 τοῦ
2608 515 2805 577 αίῶνος
2843 514 3061 578 τούτου,
3094 514 3187 567 καὶ
3221 514 3541 583 ἀναίμακτα
3572 516 3683 569 καθ’
3702 517 3767 571 ὦ·

2232 622 2332 672 ραν
2360 604 2656 675 ἀνεγείρων
2686 605 2941 674 τρόπαια.
2981 605 3298 657 ’Λπόστολοι
3344 605 3419 670 δὲ,
3449 607 3542 657 καὶ
3566 607 3689 675 πρός
3713 625 3769 673 γε

2230 691 2446 745 πάντων
2478 695 2505 745 ὁ
2530 693 2702 761 μέγας
2745 693 2919 764 κῆρυξ
2948 694 3044 747 καὶ
3097 696 3395 763 κορυφαῖος
3427 694 3649 761 Παῦλος,
3679 700 3771 750 πα-

2232 782 2423 851 ρεδρον
2460 783 2743 836 ποιοῦνται
2762 787 2855 838 καὶ
2884 787 3277 855 συνεστιάτορα
3327 786 3430 855 τῆς
3450 788 3627 855 κοινῆς
3650 790 3772 843 εὐω-

2230 874 2355 943 χίας
2382 873 2476 926 τοῦ
2504 873 2693 927 καινοῦ
2730 875 2824 927 καὶ
2858 875 3096 945 μεγάλου
3136 877 3396 945 θύματος,
3438 877 3512 939 ὡς
3540 878 3772 948 δεύτερον

2230 965 2325 1017 καὶ
2348 964 2678 1035 θερμότερον
2704 966 2923 1035 κήρυκα
2954 968 3051 1019 τοῦ
3096 970 3323 1021 ἐκείνων
3347 968 3667 1036 Εὐαγγελίου
3695 970 3772 1023 ἐπ’

2230 1056 2469 1118 ἐκείνους
2501 1058 2866 1125 ἀναφανέντα,
2918 1058 3011 1110 καὶ⁵
3042 1058 3487 1127 διατρανὼσαντα
3519 1057 3612 1127 τὴν
3646 1061 3775 1112 ὲκείι

2230 1164 2322 1199 νου
2354 1148 2559 1217 φωνὴν,
2593 1148 2685 1201 καὶ
2728 1149 2803 1218 μὴ
2846 1149 2906 1201 τὸ
2937 1149 3060 1202 καθ’
3091 1150 3253 1202 αὐτὸν
3297 1152 3456 1219 μόνον
3488 1150 3776 1219 προμηθευ-

2232 1235 2487 1302 σάμενον,
2521 1235 2918 1306 καταχώσαντα
2966 1237 3022 1290 δὲ
3055 1238 3116 1291 τὸ
3144 1237 3241 1290 τοῦ
3279 1238 3554 1290 Δεσπότου
3593 1238 3775 1292 τάλαν-

2230 1343 2342 1389 τον,
2406 1328 2809 1396 παραπλησίως
2864 1329 3058 1400 ἐκείνῳ
3115 1329 3191 1398 τῷ
3251 1328 3472 1399 πονηρῷ
3516 1327 3775 1398 δούληνῆ

2230 1418 2529 1488 σπείραντα
2569 1420 2689 1489 μὲν,
2730 1404 2849 1474 οὐχ’
2881 1419 2968 1473 ἐπ’
3010 1420 3288 1486 εὐλογίαις
3315 1421 3393 1485 δὲ,
3441 1420 3579 1472 ἀλλὰ
3617 1436 3775 1473 κακο-

2229 1510 2444 1577 τρόπως
2473 1511 2560 1580 ἐφ’
2590 1512 2798 1566 ὑδάτων
2825 1515 2921 1565 καὶ
2946 1514 3162 1581 πετρῶν
3190 1513 3283 1565 καὶ
3327 1511 3527 1582 βάτων,
3557 1514 3660 1581 ὅπη
3687 1514 3774 1563 καὶ

2228 1602 2289 1651 τὸ
2321 1600 2421 1669 τῆς
2456 1603 2692 1668 σπουδῆς
2725 1603 3002 1674 ἀνόνητον,
3033 1604 3125 1656 καὶ
3162 1604 3223 1655 τὺ
3252 1604 3402 1679 τέλος
3427 1604 3778 1672 ἁτελεσφόρηο

2230 1701 2322 1738 τον
2347 1701 2363 1718 ⁶
2391 1688 2506 1740 ἀλλ’
2532 1688 2775 1757 ὡσπερεί
2797 1706 2906 1743 τινι
2931 1690 3149 1761 βασάνῳ
3170 1707 3248 1759 τῳ
3275 1691 3417 1759 λόγῳ
3443 1691 3776 1759 προσάγοντα

574 1785 645 1836 rit
673 1782 1047 1852 Evangelium,
1075 1787 1357 1841 veritatem
1394 1789 1759 1858 preposuerit,
1813 1805 1933 1858 qua
1996 1791 2127 1846 solis

2229 1777 2325 1839 τὰς
2353 1779 2463 1831 τῶν
2491 1780 2705 1833 πολλῶν
2735 1781 3029 1844 διαθέσεις,
3069 1788 3164 1835 καὶ
3202 1783 3404 1853 κρίνων
3434 1782 3661 1846 ἕκαστα,
3692 1780 3782 1833 καὶ

573 1872 746 1925 instar
770 1874 964 1929 illunes
999 1887 1185 1931 noctes
1212 1880 1391 1935 omnis
1416 1880 1636 1935 malitiae
1662 1883 1923 1951 pelleret;
1965 1893 2128 1953 atque

605 1963 649 2015 ic
674 1965 933 2031 pupulum
966 1980 1183 2019 omnem
1243 1967 1309 2021 ad
1374 1969 1542 2024 Deum
1595 1971 1934 2039 perduxerit,
1989 1972 2128 2027 alios

590 2054 789 2119 pudem
828 2055 943 2108 sine
974 2057 1231 2111 athletico
1258 2062 1538 2129 sanguine,
1596 2062 1733 2116 alios
1755 2071 1936 2116 autem
1976 2074 2127 2135 post-

575 2158 731 2213 quam
764 2144 914 2198 illum
951 2147 1356 2223 profudissent;
1403 2160 1762 2221 utrorumque
1796 2154 1907 2208 dux
1954 2155 2130 2211 factus

584 2249 691 2287 non
723 2238 894 2289 verbo
926 2247 1161 2303 tantum,
1187 2239 1280 2293 sed
1314 2241 1446 2308 ipsis
1502 2248 1665 2298 etiam
1693 2247 1951 2315 operibus
2009 2248 2131 2302 ado-

572 2341 702 2379 cens
726 2326 845 2381 illos
870 2331 1340 2397 exercitationem,
1366 2348 1485 2403 qua
1508 2344 1594 2389 est
1620 2340 1918 2391 secundum
1938 2340 2127 2405 Deum,

582 2416 687 2470 hoc
715 2427 1011 2481 certamen,
1047 2420 1190 2488 quod
1224 2432 1445 2491 propter
1491 2424 1767 2479 Christum
1814 2427 2127 2497 suscipitur,

576 2521 664 2566 ne,
698 2507 841 2573 quod
874 2507 1073 2561 Paulus
1102 2510 1200 2573 ait,
1239 2513 1539 2579 praedicans
1569 2515 1711 2581 aliis,
1760 2519 1878 2586 ipse
1937 2534 2130 2588 repro-

570 2594 675 2649 bus
701 2611 820 2650 esse
843 2597 1142 2665 videretur,
1203 2613 1365 2672 atque
1422 2603 1563 2659 banc
1596 2606 1665 2659 ob
1690 2622 1909 2662 causam
1966 2620 2021 2664 et
2057 2626 2131 2667 aes

571 2696 630 2737 et
659 2686 963 2754 cymbalum
1002 2690 1273 2758 propalam
1321 2693 1554 2750 audiret.
1607 2695 1867 2766 Stigmata
1913 2698 2129 2756 Domini

575 2774 629 2825 in
665 2790 829 2830 carne
851 2780 1014 2831 etiam
1069 2781 1185 2849 ipse
1242 2793 1486 2852 portans,
1546 2801 1727 2855 praeco
1758 2788 1880 2852 fuit,
1943 2801 2003 2845 ut
2054 2792 2129 2847 ita

575 2866 772 2929 dicam,
836 2868 1144 2933 ineffabilis,
1207 2882 1263 2928 et
1316 2877 1571 2943 magister
1622 2878 1780 2935 factis
1848 2882 2127 2951 erudiens,

574 2957 728 3009 verbi
765 2961 983 3021 quidem
1037 2963 1220 3018 minus
1245 2965 1482 3036 indigus,
1517 2978 1611 3022 aut
1637 2971 1902 3025 duntaxat
1955 2989 2113 3043 quan-

573 3056 687 3100 tum
717 3050 782 3102 ad
815 3054 1096 3106 veritatem
1122 3056 1320 3111 animis
1347 3058 1657 3114 auditorum
1686 3062 2121 3119 adumbrandam
2150 3092 2195 3155 ο

572 3154 635 3191 ac
667 3140 1043 3196 delineandam
1077 3160 1214 3214 opus
1244 3159 1431 3212 esset;
1466 3165 1631 3220 opere
1666 3162 1847 3206 autem
1888 3156 2126 3223 plurimo

573 3240 698 3296 post
738 3232 900 3285 verba
933 3242 1112 3299 utens,
1145 3245 1210 3291 ut
1244 3246 1368 3307 post
1398 3240 1618 3297 umbras
1650 3244 1926 3300 coloribus
1958 3247 2131 3313 picto-

574 3334 680 3376 res.
741 3320 804 3372 ad
850 3323 1111 3390 integram
1147 3337 1308 3396 atque
1340 3331 1631 3387 dilucidam
1688 3337 1931 3392 veritatis
1953 3342 2129 3391 mani-

575 3412 917 3465 festationem
949 3424 1006 3467 et
1049 3420 1517 3486 perSpicuitatem.
1559 3425 1779 3481 Frueris
1823 3438 1877 3481 tu
1908 3431 2127 3493 quidem

573 3515 742 3562 nunc,
780 3518 812 3552 o
845 3504 1128 3559 benediete
1159 3508 1334 3563 l’atris
1384 3512 1643 3577 cmlestis,
1689 3519 2004 3585 praeparatis
2030 3520 2126 3574 tibi

578 3590 739 3643 bonis
760 3593 981 3648 astet-nis
1009 3598 1225 3665 latoque
1269 3600 1404 3653 nulli
1445 3603 1717 3666 obnoxiis,
1776 3623 1896 3674 qua-
1953 3624 2131 3678 neque

571 3681 794 3733 oculum
836 3687 1128 3742 humanum
1160 3689 1381 3753 vidisse,
1421 3708 1598 3763 neque
1631 3697 1684 3748 in
1716 3711 1811 3750 cor
1839 3708 2122 3754 terrenum

574 3772 928 3828 descendisse
962 3778 1225 3844 dicimus;
1273 3792 1329 3834 et
1370 3786 1618 3849 gaudes,
1675 3789 1802 3841 dum
1865 3791 2127 3847 athloteta

568 3863 788 3914 Christo
849 3865 967 3917 sine
1016 3869 1161 3919 omni
1223 3869 1505 3924 obstaculo
1560 3874 1773 3940 potiris.
1849 3875 2129 3931 Verumta-

577 3968 700 4006 men
722 3954 887 4008 etiam
934 3959 1105 4012 nostri
1162 3963 1473 4027 recordare,
1524 3966 1614 4034 qui
1668 3977 1940 4037 gestarum
1998 3987 2026 4024 a
2078 3982 2129 4027 te

576 4061 758 4098 rerum
783 4050 1104 4103 memoriam
1139 4051 1279 4107 festo
1299 4052 1387 4106 die
1419 4057 1731 4119 recolimns,
1768 4069 1824 4112 et
1866 4061 2127 4116 insultum

576 4152 793 4190 onmem
828 4140 1095 4204 hostium,
1136 4144 1251 4196 sive
1284 4159 1348 4197 ex
1378 4145 1593 4200 insidiis
1654 4149 1731 4202 illi
1769 4153 1883 4205 sive
1940 4163 2129 4221 aperte

576 4243 677 4281 nos
709 4230 994 4298 impetant,
1017 4233 1081 4284 ad
1137 4236 1389 4305 abyssum
1430 4239 1755 4305 perditionis
1809 4243 2009 4313 relega,
2070 4256 2125 4299 et

575 4320 838 4386 quidquid
871 4320 924 4373 in
963 4323 1071 4376 vita
1128 4325 1343 4379 dillicile
1394 4342 1759 4398 asperumque
1818 4343 1923 4395 est,
1977 4351 2128 4388 com-

578 4410 757 4474 plaua,
808 4419 865 4462 ut
896 4413 1052 4466 salsis
1086 4416 1202 4482 ejus
1266 4418 1423 4485 aquis
1476 4423 1766 4487 superatis,
1802 4424 1854 4477 in
1913 4425 2128 4480 divinos

579 4509 769 4562 portus
803 4501 1163 4567 appellamus.
1204 4506 1399 4559 directi
1420 4514 1543 4573 tua,
1579 4517 1743 4577 atque
1770 4528 1867 4580 per
1894 4524 1943 4567 te
1970 4513 2128 4569 Chri-

579 4592 647 4644 sti
696 4594 936 4653 dextera.
966 4596 1265 4653 Salvatoris
1295 4618 1358 4655 ac
1389 4603 1478 4655 Dei
1514 4608 1709 4669 nostri,
1738 4608 1825 4659 eui
1871 4613 2130 4666 convenit

573 4685 773 4751 gloria,
802 4687 973 4741 honor
1001 4701 1051 4744 et
1077 4691 1323 4749 adoratio
1348 4695 1400 4749 in
1422 4700 1634 4751 smcula.
1666 4700 1860 4757 Amen.

2235 1869 2301 1938 τῇ
2355 1868 2601 1939 μαχαίρᾳ
2646 1870 2741 1923 τοῦ
2802 1872 3116 1939 Πνεύματος
3171 1872 3395 1943 διαιρῶν
3428 1872 3495 1925 ab
3546 1875 3783 1941 κρεῖττον

2233 1957 2344 2010 ἀπὸ
2373 1958 2467 2013 τοῦ
2510 1962 2774 2031 χείρονος,
2816 1958 2937 2016 εἶτα
2972 1966 3034 2017 τὸ
3084 1964 3413 2032 Εὐαγγέλιον
3440 1962 3785 2035 παρεγύμνου

2230 2050 2324 2102 καὶ
2354 2053 2634 2121 παρετίθει
2661 2054 2763 2120 τὴν
2804 2053 3080 2123 ἀλήθειαν,
3115 2053 3304 2125 ὥσπερ
3341 2055 3497 2126 ἥλιον
3542 2056 3789 2119 ἀποπεμ-

2230 2145 2478 2214 πομένην
2504 2147 2567 2198 ὲκ
2601 2146 2766 2216 μέσου
2797 2149 2996 2210 κακίας
3049 2148 3266 2218 ἀπάσης
3310 2149 3667 2218 σκοτόμηνον,
3697 2146 3791 2199 καὶ

2230 2233 2374 2289 οὕτω
2408 2236 2657 2306 προσῆγε
2705 2237 2876 2307 δῆμον
2925 2239 3047 2292 ὅλον
3077 2237 3214 2308 θεῷ,
3247 2240 3372 2300 τοὺς
3405 2238 3508 2308 μὲν
3540 2238 3667 2290 ἄνευ
3711 2234 3793 2287 αἴη-

2234 2345 2403 2399 ματος
2436 2327 2755 2397 ἀθλητικοῦ,
2775 2331 2918 2393 ,τοὺς
2948 2328 2993 2382 δ’
3019 2330 3120 2383 οὐκ
3148 2330 3280 2383 ἄνευ
3309 2332 3504 2383 τούτου
3523 2345 3542 2362 ο
3578 2330 3669 2380 καὶ
3692 2328 3797 2395 ἀμ-

2231 2419 2475 2489 φοτέρων
2527 2422 2971 2491 καθηγούμενος,
3017 2424 3077 2476 οὐ
3133 2422 3275 2491 λόγῳ
3323 2420 3486 2490 μόνον
3513 2419 3650 2473 ἀλλὰ
3700 2420 3799 2470 καὶ

2231 2512 2413 2581 ἔργοις
2444 2513 2643 2577 αὐτοῖς,
2679 2513 2789 2564 τῶν
2847 2514 2945 2581 μὲν
2974 2515 3074 2583 τῆς
3123 2516 3264 2566 κατὰ
3315 2513 3454 2564 Θεὸν
3483 2513 3793 2582 ἀσκήσεως,

2232 2606 2341 2656 τῶν
2372 2605 2428 2655 δὲ
2457 2606 2553 2674 τῆς
2587 2604 2674 2656 διὰ
2706 2606 2942 2673 Χ,.ιστὺν
2984 2606 3300 2674 ἀθλήσεως·
3330 2607 3416 2658 ἴνα
3450 2606 3550 2676 μὴ,
3581 2608 3609 2658 ὃ
3670 2621 3802 2673 φησι

2232 2694 2469 2762 Παῦλος,
2495 2699 2606 2758 τοῖς
2636 2695 2818 2760 ἄλλοις
2850 2697 3161 2767 κηρύττων,
3188 2698 3348 2761 αὐτὸς
3388 2698 3652 2765 ἀδόκιμος
3679 2696 3804 2765 φαί-

2234 2801 2415 2855 νηται,
2458 2787 2757 2841 κάντεῦθεν
2784 2791 2879 2842 καὶ
2922 2789 3123 2859 χαλκὸς
3153 2791 3246 2843 καὶ
3300 2788 3592 2859 κύμϐαλον
3650 2790 3804 2843 ἄντιο
3860 2800 3865 2803 “

2234 2895 2368 2945 κρυς
2413 2879 2629 2949 ἀκούῃ·
2684 2879 2821 2934 ἀλλὰ
2855 2882 2923 2951 τα
2985 2883 3258 2950 στίγματα
3311 2881 3404 2933 τοῦ
3462 2881 3676 2951 Κυρίου
3708 2882 3803 2933 καὶ

2232 2968 2393 3030 αὐτὸς
2427 2974 2482 3022 ὲν
2512 2974 2575 3040 τῇ
2620 2970 2787 3040 σαρκὶ
2836 2970 3145 3040 βαστάζων,
3168 2972 3343 3041 κῆρυξ
3381 2969 3453 3042 ἦν
3492 2974 3570 3036 ὡς
3607 2975 3802 3035 εἰπεῖν,

2233 3061 2621 3132 ἀνικλάλητος,
2648 3065 2744 3116 καὶ
2775 3062 3095 3127 διδάσκαλος
3131 3064 3480 3135 ἔμπρακτος,
3515 3066 3682 3133 λόγου
3708 3065 3807 3135 μὲν

2231 3147 2393 3223 ἦττον
2422 3154 2739 3225 δεόμενοςῆ
2780 3156 2902 3208 ὅσον
2947 3162 3357 3228 σκιαγραφήσαι
3422 3159 3524 3212 καὶ
3566 3164 3811 3229 προϋπο-

2230 3245 2437 3314 γράψαι
2465 3250 2581 3309 ταῖς
2610 3248 2719 3302 τῶν
2770 3250 3077 3304 ἀκουόντων
3114 3252 3310 3320 ψυχαῖς
3345 3253 3450 3322 τὴν
3502 3254 3804 3323 ἀλήθειαν

2230 3344 2299 3394 τὰ
2338 3342 2394 3393 δὲ
2431 3343 2601 3395 πολλὰ
2639 3347 2702 3413 τῇ
2732 3349 3013 3415 πρακτικῇ
3047 3346 3327 3417 χρώμενος
3348 3349 3446 3400 ἐπὶ
3471 3350 3586 3401 τῶν
3608 3350 3805 3418 λόγων,

2230 3432 2330 3482 ὅσα
2365 3432 2501 3484 κάπὶ
2563 3433 2672 3486 τῶν
2715 3435 2883 3487 σκιῶν
2921 3438 2969 3489 oi
3026 3437 3308 3506 ζωγράφοι
3358 3442 3477 3502 τοῖς
3523 3440 3807 3511 χρώμασι,

2231 3525 2369 3591 πρὸς
2421 3522 2655 3594 δήλωσιν
2712 3526 2902 3595 εὐτελῆ
2962 3527 3055 3580 καὶ
3103 3529 3364 3598 λαμπρὰν
3395 3533 3499 3601 τῆς
3545 3534 3813 3601 ἀληθείας

2232 3616 2533 3682 ἐνέργειαν.
2571 3615 2679 3667 Καὶ
2710 3617 2805 3670 νῦν
2856 3619 3176 3683 ἀπολαύεις,
3212 3623 3239 3674 ό
3296 3622 3682 3693 εὐλογημένος
3715 3624 3809 3675 τοῦ

2230 3706 2483 3775 οὐρανίου
2529 3707 2762 3777 Πατρδς,
2799 3710 2908 3762 τῶν
2952 3711 3375 3780 ἡτοιμασμένων
3428 3732 3517 3767 σοι
3572 3713 3814 3768 αίωνίων

2230 3796 2527 3861 ἀκηράτων
2559 3795 2804 3862 ἀγαθῶν,
2830 3796 2866 3850 ἃ.
2893 3798 3031 3867 μήτε
3058 3801 3136 3860 είς
3166 3800 3287 3868 ὄψιν
3315 3802 3498 3855 ἐλθεῖν
3525 3802 3811 3873 ἀνθρωπί-

2231 3904 2329 3953 νην
2359 3887 2783 3959 μεμαθήκαμεν,
2811 3891 2938 3961 μήτ’
2974 3892 3067 3946 ἐπὶ
3101 3892 3331 3964 καρδίαν
3363 3902 3557 3966 χαμαὶ
3580 3899 3815 3967 ἐρχομέο

2230 3992 2352 4044 νην,
2390 3976 2483 4028 καὶ
2525 3978 2735 4047 χαίρεις
2773 3978 3120 4049 ἐντυγχάνων
3147 3981 3368 4049 ἀμέσως
3408 3984 3495 4053 τῷ
3543 3985 3815 4056 aenean

2230 4068 2471 4137 Χριστῷ.
2502 4069 2768 4138 Μέμνησο
2806 4070 2862 4121 δὲ
2901 4073 2996 4123 καὶ
3041 4073 3198 4141 ἡμῶν
3228 4072 3432 4142 ἑορτὴν
3462 4077 3817 4145 ποιουμένων

2230 4166 2299 4213 τὰ
2332 4165 2417 4227 σὰ,
2452 4164 2544 4215 καὶ
2571 4165 2750 4215 πᾶσαν
2773 4164 2960 4230 ἔφοδον
2986 4165 3216 4236 ἐχθρῶν,
3249 4168 3353 4220 τῶν
3381 4171 3436 4223 τ’
3469 4171 3535 4239 ἐξ
3569 4175 3815 4241 ἀφανοῦς

2234 4254 2539 4321 βαλλόντων
2583 4256 2692 4306 τῶν
2721 4255 2767 4306 τ’
2802 4259 2867 4308 ὲκ
2895 4258 2989 4308 τοῦ
3043 4263 3399 4326 φαινομένου,
3427 4265 3626 4334 βυθοῖς
3666 4269 3820 4321 ἁπω·

2230 4344 2381 4405 λείας
2414 4347 2777 4415 παράπεμπε,
2817 4348 2910 4400 καὶ
2953 4349 3132 4400 πᾶσαν
3176 4349 3514 4420 ἐξομάλισον
3551 4359 3820 4429 βιωτικὴν

2162 4409 2204 4465 D
2235 4409 2571 4508 δυσχέρειαν,
2606 4409 2679 4501 ὡς
2732 4439 2797 4492 ἂν
2829 4440 3127 4504 ἀκινδύνως
3176 4409 3283 4514 τὴν·
3325 4446 3523 4520 ἅλμην
3551 4409 3661 4505 ⁸τοῦ
3706 4409 3822 4523 βίου

2238 4530 2692 4598 παραδραμόντες
2738 4534 2848 4591 τοῖς
2877 4531 3043 4594 θείοις
3077 4536 3489 4606 καταλύσωμεν
3519 4543 3730 4611 λιμέσι,
3756 4548 3822 4614 τῇ

2240 4627 2304 4691 σῇ
2336 4623 2485 4693 δεξιᾷ
2522 4623 2945 4693 κυϐερνώμενοι,
2990 4625 3083 4676 καὶ
3136 4625 3222 4679 διὰ
3262 4627 3358 4679 σοῦ
3394 4634 3468 4699 τῇ
3506 4636 3608 4685 τοῦ
3648 4635 3830 4703 Σωτῆ-

2241 4736 2333 4786 ρος
2366 4718 2604 4786 Χριστοῦ
2638 4718 2731 4769 καὶ
2767 4717 2903 4769 Θεοῦ
2951 4719 3126 4787 ἡμῶν,
3156 4712 3199 4785 ᾧ
3234 4720 3447 4792 πρέπει
3497 4725 3654 4794 δόξαν,
3692 4728 3827 4797 τιμὴ

2240 4814 2333 4865 καὶ
2369 4810 2737 4885 προσκξνησις
2766 4811 2843 4873 είς
2869 4811 2992 4874 τοὺς
3019 4811 3243 4875 αίῶυας.
3286 4815 3502 4885 Ἀμήν.
