4134 6286
447 401 512 446 te

455 525 3574 570 mm

453 552 828 570 W

448 401 541 471 Eat
1307 406 1632 466 scnoua
1686 407 1764 465 1N
1810 393 2199 467 SYNESIUM
2247 403 2341 467 DE
2383 355 2810 469 InsonNtts.

911 705 1904 842 ΝΙΚΗΦΟΡΟΥ
1995 625 2341 840 ΤΟΥ
2381 647 2387 652 ’
2431 702 3219 842 ΓΡΗΓΟΡΑ

1901 940 2257 996 ΕΡΜΗΝΕΙΑ

797 1081 968 1174 ΕΙΣ
1043 1085 1270 1175 ΤΟΝ
1345 1083 1896 1177 ΣΥΝΕΣΙΟΥ
1969 1089 2230 1173 ΠΕΡΙ
2302 1089 2886 1174 ΕΝΥΠΝΙΩΝ
2962 1088 3371 1176 ΛΟΓΟΝ.

1013 1411 1138 1558 Ν
1152 1407 2047 1560 [CEPHORI
2161 1408 3134 1564 GREGOR/E

1837 1659 2305 1723 EXPLICATIO

891 1825 1012 1912 IN
1119 1814 1574 1911 LIBRUM
1678 1823 2150 1909 SYNESII
2270 1823 2414 1910 ne
2525 1793 3290 1916 INSOMN-ns“.

633 2021 711 2068 his
741 2015 958 2070 versione
985 2016 1171 2068 Antonii
1205 2013 1447 2072 Pichonii,
1481 2016 1610 2075 apud
1651 2017 1869 2065 Turonos
1907 2017 2017 2077 Reg.
2052 2013 2372 2078 Professoris,
2395 2031 2424 2065 α
2463 2017 2582 2068 ch.
2623 2017 2829 2070 More/Io
2859 2021 3062 2082 interpr.
3100 2021 3211 2083 Reg.
3247 2022 3506 2086 recognita.

1760 2277 2427 2362 HPOOIMION.

519 2424 688 2478 Οὐδὲν
723 2425 926 2486 καινὸν,
959 2425 1007 2475 εί
1046 2425 1212 2476 πολλὰ
1245 2423 1352 2476 τῶν
1398 2424 1565 2476 πάλαι
1605 2424 1791 2487 κακῶς
1844 2425 2008 2491 εὖρη-
2043 2436 2085 2487 Α
2118 2420 2488 2488 ὑποκειμένης
2515 2416 2794 2485 τραπέζης
2823 2418 3120 2484 ἐγείρεται.
3156 2417 3218 2470 Εἰ
3250 2417 3426 2470 δὲκαὶ
3468 2418 3696 2471 Πλάτων

463 2518 639 2586 μένων
667 2510 1085 2584 καινοτομοῦσιν
1117 2515 1207 2566 ἐπὶ
1231 2515 1290 2566 τὸ
1326 2514 1556 2583 βέλτιον,
1593 2514 1782 2584 ὥσπερ
1813 2517 1875 2566 ἐκ
1893 2531 2022 2583 χρο-

459 2609 624 2662 νικῶν
656 2608 920 2676 περιόδων
950 2608 1036 2658 ἐπ’
1095 2605 1283 2668 ἄλλαις
1331 2605 1488 2658 ἄλλαι
1531 2607 1766 2676 μεγάλαι
1832 2607 2024 2674 φύσεις

460 2697 875 2761 βλαστάνουσαι,
913 2693 1021 2746 εἴτε
1043 2693 1136 2746 τοῦ
1166 2695 1360 2764 χρόνου
1417 2694 1582 2760 φύσιν
1641 2696 1856 2765 ἔχοντος
1885 2697 2024 2750 ἄλλα

457 2788 543 2839 ἐπ’
581 2788 764 2848 ἄλλοις
800 2788 888 2839 ἀεὶ
919 2788 1204 2856 ἐπιφέρειν
1245 2787 1558 2856 καινότερα,
1596 2790 1706 2840 εἴτε
1761 2788 1862 2858 τῆς
1914 2788 2023 2840 τῶν

459 2874 766 2941 ανθρώπων
803 2875 1018 2940 φύσεως
1076 2876 1472 2946 ἀμηχανούσης
1530 2877 1690 2938 εὺθὶς
1742 2879 1803 2941 ἐξ
1848 2879 2023 2947 ἀρχῆς

457 2966 549 3016 ἐπὶ
573 2966 634 3016 τὸ
661 2966 897 3028 ἐντελές.
951 2965 1293 3035 Ἰσοκράτους
1325 2967 1433 3036 γὰρ
1466 2970 1772 3040 εἰρηκότος,
1817 2971 1940 3026 Ἐὰν
1959 2967 2022 3044 ᾖς

457 3054 788 3122 φιλομαθὴς,
811 3054 907 3125 ἔσῃ
927 3056 1272 3125 πολυμαθὴς.
1299 3058 1362 3109 σὺ
1389 3057 1448 3108 τὸ
1472 3057 1829 3128 ἀντίστροφον
1846 3061 2023 3129 πράτ-

458 3162 591 3206 τεις.
628 3145 700 3198 Τὸ
733 3145 836 3214 μὲν
864 3146 972 3216 γὰρ
992 3148 1207 3214 ἐγένου,
1237 3149 1296 3199 τὸ
1325 3147 1368 3199 δ’
1387 3148 1474 3201 ἀεὶ
1500 3149 1684 3228 γίγνῃ.
1713 3148 1890 3213 Φιλεῖς
1917 3151 2025 3228 γὰρ

457 3239 548 3290 ἀεὶ
581 3239 896 3308 μανθάνειν,
927 3239 1115 3308 ὥσπερ
1147 3241 1246 3291 οὐκ
1279 3241 1628 3312 ἀρκουμένης
1659 3259 1742 3294 σοι
1794 3242 1891 3310 τῆς
1927 3242 2028 3310 φύ-

462 3348 598 3392 σεως
622 3331 713 3385 ἐπί
744 3347 806 3397 γε
829 3333 941 3392 τοῖς
973 3331 1265 3396 φθάσασιν,
1292 3332 1341 3383 εί
1369 3333 1444 3400 μὴ
1470 3334 1564 3386 καὶ
1593 3333 1799 3402 μᾶλλον
1827 3327 2023 3404 ὑπόθε-

467 3436 552 3470 σιν
614 3421 1056 3489 φλεγμαινούσης
1103 3421 1264 3491 δίψης
1326 3417 1469 3484 τινὸς
1518 3421 1806 3493 τιθεμένης
1863 3424 2022 3490 αὐτὰ,

465 3511 710 3580 καθάπερ
750 3512 804 3563 εί
833 3529 917 3575 τις
969 3513 1100 3580 φλὸξ
1164 3513 1543 3582 ἐπιλαϐομένη
1599 3515 1876 3584 καλάμης,
1915 3517 2024 3586 ὅσῳ

465 3604 714 3673 πρόεισιν
745 3605 999 3658 ἐσθίουσα
1033 3607 1132 3673 τὴν
1184 3603 1342 3673 ὓλην,
1407 3607 1645 3671 τοσούτῳ
1708 3593 2022 3660 πολλαπλα-

463 3695 642 3758 σιάζει
701 3696 763 3748 τὸ
809 3697 1116 3766 σκίρτημα,
1171 3697 1262 3748 καὶ
1320 3697 1679 3768 σφοδρότερον
1743 3699 1884 3752 κατὰ
1923 3701 2024 3770 τῆς

2126 2514 2153 2562 ό
2189 2511 2362 2580 μέγας
2402 2506 2754 2560 ἀποδείκνυσι
2799 2506 3087 2576 παρελθὼν
3115 2507 3192 2570 ὡς
3218 2508 3512 2578 φιλόσοφος
3550 2511 3578 2561 ὁ
3606 2527 3696 2576 φι-

2128 2601 2392 2671 λομαθὴς,
2419 2600 2513 2652 ἆτε
2551 2599 2881 2668 φροντιστὴς
2906 2599 2973 2651 τά
3019 2601 3299 2669 μετέωρα,
3356 2604 3450 2654 καὶ
3481 2601 3580 2653 ὅσα
3634 2603 3696 2653 ἐκ

2128 2695 2231 2763 γῆς
2265 2693 2473 2761 ἀνίσχει
2499 2692 2799 2760 μυστήρια,
2836 2692 2894 2741 τὸ
2922 2693 3173 2759 κρεῖττον
3196 2693 3304 2762 ἄρα
3336 2710 3419 2746 σοι
3445 2694 3631 2746 λοιπὸν
3662 2697 3695 2762 ἡ

2129 2786 2289 2854 φύσις
2313 2783 2506 2836 εἵλετο.
2541 2781 2782 2834 Τοιοῦτον.
2818 2782 2926 2851 γάρ
2957 2783 3005 2834 οἱ
3035 2782 3134 2852 τῆς
3189 2783 3508 2852 φιλοσοφίας
3541 2785 3697 2838 πόθοι

2127 2876 2221 2929 καὶ
2265 2876 2485 2945 ἔρωτες,
2515 2874 2638 2926 ὅσον
2694 2873 2958 2925 ἐνδοτάτω
3014 2875 3148 2940 προς
3195 2874 3322 2936 τοὺς
3377 2875 3484 2929 τῶν
3523 2876 3695 2930 ὅντων

2123 2969 2326 3026 εἰσίασι
2355 2964 2569 3032 λόγους,
2592 2965 2687 3016 καὶ
2711 2963 2848 3032 πρὸς
2879 2963 2977 3025 τὰς
3009 2962 3217 3035 τούτων
3283 2966 3388 3037 ἤδη
3425 2968 3698 3036 σκηνοδα-

2129 3057 2317 3109 τοῦσιν
2354 3055 2546 3118 αὐλὰς,
2582 3054 2809 3106 τοσοῦτο
2862 3049 3301 3131 φλεγμαίνουσαν
3341 3059 3434 3128 κα)
3468 3059 3568 3126 τὴν
3619 3063 3700 3121 εἰς

2129 3145 2509 3217 τοῦμπροσθεν
2531 3143 2822 3214 τρέφουσιν
2849 3146 3062 3209 ἔφεσιν.
3101 3145 3313 3200 Ἐκεῖνό
3358 3164 3421 3215 γε
3460 3137 3573 3218 μὴν
3597 3152 3699 3201 οὐκ

2131 3239 2278 3290 ἔστιν
2307 3241 2394 3290 ὅτε
2451 3253 2518 3306 με
2567 3237 2666 3288 οὐκ
2698 3237 2874 3306 ἐπῆρε
2937 3237 3262 3310 θαυμάζειν,
3306 3240 3454 3302 ὅπως
3507 3242 3696 3295 ὀπόσοι

2130 3331 2224 3383 νῦν
2283 3328 2370 3396 ἐφ’
2426 3327 2582 3397 ἡμῶν
2649 3328 2999 3402 ἀκμάζουσιν
3059 3330 3345 3401 Ἕλληνες,
3414 3333 3548 3404 ὁρᾷς
3597 3334 3697 3402 μὲν

2130 3420 2397 3487 ἅπαντας,
2431 3417 2677 3490 παρορᾷς
2698 3419 2741 3472 δ’
2789 3417 2906 3494 οὖν,
2931 3420 3123 3494 ἔπειτα
3174 3422 3236 3494 σύ
3272 3440 3343 3491 ,γε
3396 3425 3544 3494 μόνῳ
3575 3426 3701 3494 ἐμοὶ

2130 3513 2198 3564 τὰ
2246 3513 2356 3566 τῶν
2387 3513 2495 3566 σῶν
2528 3513 2763 3580 λογικῶν
2814 3515 2909 3565 καὶ
2945 3516 3138 3582 σοφίας
3176 3516 3460 3584 γεμόντων
3493 3519 3701 3587 ἀπορηα

2134 3606 2324 3675 μάτων
2366 3606 2682 3658 ἀνατιθέναι
2717 3604 2911 3674 φορτία
2951 3607 3010 3656 οὐ
3068 3608 3212 3677 μάλα
3240 3608 3439 3673 ὀκνεῖς,
3474 3611 3582 3662 οὐδ’
3619 3611 3702 3665 ὅτι

2135 3696 2410 3766 μηδεμίαν
2439 3697 2624 3758 αὐτοῖς
2655 3696 3005 3759 καταλείπεις
3057 3699 3344 3769 φιλοτίμου
3391 3704 3700 3770 γυμνασίας

1738 3959 2424 4052 ΡΒᾸῈΡΔΤΙΟ.

531 4110 677 4167 Nihil
709 4125 912 4167 novum
946 4125 1126 4181 neque
1179 4110 1480 4166 absurdum
1530 4120 1635 4176 est,
1667 4113 1714 4166 si
1759 4112 2028 4182 permulta
2071 4124 2112 4178 Β
2141 4111 2455 4178 ardescens,
2491 4122 2546 4166 ct
2572 4112 2901 4171 inﬂammata
2937 4129 3232 4188 suggerat:
3271 4120 3502 4189 perinde
3549 4139 3614 4178 ac
3655 4127 3700 4180 si

461 4221 585 4275 quae
617 4205 890 4274 quondam
937 4219 1150 4258 summa
1205 4219 1330 4258 cum
1370 4202 1687 4258 dillieultate
1735 4204 2028 4259 adinventa

461 4301 706 4361 fuerunt,
737 4297 792 4351 in
822 4297 1019 4352 melius
1070 4299 1432 4352 immutentur
1458 4313 1470 4350 :
1511 4295 1970 4364 quemadmodum
1999 4311 2029 4349 e

458 4391 822 4446 conversione
845 4391 1150 4445 etcircuitu
1183 4401 1491 4459 temporum
1525 4402 1691 4457 super
1745 4388 1869 4443 aliis
1911 4389 2032 4442 alia:

466 4501 670 4553 magna:
703 4491 1166 4549 vehementesque
1194 4492 1402 4535 naturae
1427 4479 1738 4550 germinant
1769 4487 1825 4532 et
1846 4479 2032 4532 oriun-

464 4585 574 4640 tur,
606 4591 702 4630 seu
758 4576 878 4645 ipso
917 4582 1162 4643 tempore
1207 4574 1278 4628 ita
1336 4581 1676 4642 comparato,
1706 4581 1765 4626 ut
1819 4585 2034 4639 semper

460 4670 565 4722 alia
598 4683 764 4736 super
793 4667 917 4720 aliis
950 4665 1257 4721 recentiora
1288 4664 1500 4728 alierat,
1541 4679 1639 4718 seu
1693 4663 1806 4731 ipsa
1839 4661 2032 4737 huma-

461 4779 530 4814 na
567 4774 759 4816 natura
788 4760 971 4814 statim
1019 4774 1047 4811 a
1098 4759 1366 4828 principio
1415 4757 1481 4810 ad
1531 4755 1583 4810 id
1639 4755 1786 4824 quod
1833 4755 1885 4806 in
1933 4769 2034 4834 suo

466 4868 696 4906 numero
728 4852 1041 4905 absolutum
1079 4849 1497 4917 est,pervenire
1532 4856 1791 4916 nequeat.
1824 4846 2032 4900 Isocra-

464 4957 546 4997 tes
584 4943 856 5012 siquidem
890 4942 1070 4996 dicit:
1113 4940 1169 4994 Si
1224 4940 1300 4994 sis
1338 4939 1584 4996 discendi
1643 4937 1898 5008 cupidus,
1927 4937 2036 4990 eris

464 5027 746 5104 multijuga
771 5033 1023 5087 doctrina
1053 5031 1340 5100 praeditus.
1369 5031 1449 5084 Tu
1484 5029 1562 5098 (l)
1589 5028 1951 5093 contrarium,
1981 5036 2037 5082 et

463 5141 575 5176 rem
599 5129 712 5194 pari
737 5126 996 5180 aﬂinitate
1028 5125 1378 5193 coniunctam
1423 5123 1557 5177 facis
1585 5142 1600 5175 :
1631 5121 1764 5177 illud
1815 5122 2037 5190 quidem

463 5215 636 5278 fuisti,
676 5218 778 5270 hoc
803 5234 932 5272 vero
962 5232 1182 5285 semper
1212 5216 1406 5270 fueris.
1469 5214 1742 5282 Perpetuo
1772 5213 1921 5265 enim
1955 5212 2040 5265 di-

463 5306 658 5359 scendi
713 5307 990 5362 desiderio
1043 5306 1269 5370 teneris,
1325 5305 1478 5375 quasi
1525 5300 1658 5357 v'cro
1691 5313 1779 5356 tua
1827 5302 2039 5356 indoles

460 5398 663 5451 nullam
695 5400 790 5453 tibi
812 5416 968 5470 opem
1003 5401 1146 5454 ferat
1177 5403 1241 5452 ad
1263 5415 1326 5453 ea
1351 5415 1473 5468 qua:
1505 5397 1651 5452 illam
1685 5412 2037 5465 praeoccupa-

2131 4202 2349 4257 ﬂamma
2402 4203 2641 4259 calamos
2698 4207 3147 4276 apprehenderit,
3205 4225 3414 4281 quanto
3490 4209 3706 4270 avidius

2132 4294 2362 4349 devorat
2420 4297 2764 4364 alimentum,
2814 4309 2967 4355 tanto
3017 4303 3344 4372 multiplicat
3394 4308 3706 4373 saltnm,ac

2135 4388 2515 4444 vehementius
2538 4389 2592 4442 in
2621 4391 2922 4461 subjectam
2947 4409 3190 4450 mensam
3227 4400 3400 4468 surgit
3427 4411 3477 4454 et
3505 4404 3708 4458 excita-

2135 4487 2245 4532 tur.
2272 4479 2427 4544 Quod
2469 4481 2514 4535 si
2548 4481 2711 4535 ctiam
2764 4501 2994 4551 magnus
3028 4487 3121 4542 ille
3160 4489 3314 4544 Plato
3354 4492 3406 4546 in
3464 4470 3721 4550 medium-

2135 4571 2397 4640 prodiens
2421 4573 2786 4642 demonstrat,
2809 4578 3056 4634 discendi
3089 4583 3311 4637 avidum
3343 4587 3707 4655 quodammoa

2134 4666 2205 4718 do
2229 4666 2613 4734 phil030phum
2669 4683 2813 4733 esse,
2855 4671 3118 4726 nimirum
3168 4677 3315 4744 quod
3372 4679 3709 4748 cogitatione

2136 4755 2394 4809 sublimia
2425 4759 2840 4826 complectatur,
2878 4771 2935 4816 et
2972 4779 3312 4836 quaecunque
3341 4785 3372 4823 e
3415 4781 3563 4826 terra
3601 4775 3711 4828 eri-

2137 4860 2343 4916 guntur
2402 4851 2684 4919 mysteria,
2731 4853 2878 4921 quod
2940 4856 3178 4912 validius
3249 4865 3708 4934 prmstautiusque

2139 4938 2232 4990 tibi
2268 4938 2458 5007 utique
2503 4941 2774 5009 reliquum
2832 4953 2938 5009 est,
2972 4945 3024 4999 id
3080 4959 3274 5003 natura
3331 4965 3703 5011 consectatur.

2139 5026 2297 5082 Tales
2320 5029 2466 5083 enim
2498 5031 2857 5103 philosophiae
2889 5039 3119 5093 ardores
3147 5051 3202 5094 et
3233 5057 3473 5111 amores,
3501 5062 3708 5117 quanto

2138 5121 2370 5177 interius
2396 5123 2464 5177 ad
2492 5126 2733 5181 rationes
2761 5141 2952 5182 eorum
2986 5146 3108 5199 qua:
3140 5143 3268 5187 sunt
3320 5137 3709 5206 ingrediuntur

2138 5222 2270 5267 etse
2304 5214 2605 5280 insinuant,
2631 5227 2794 5286 atque
2827 5219 2881 5271 in
2930 5220 3172 5287 ipsorum
3235 5235 3386 5293 septa
3420 5227 3533 5297 jam
3580 5247 3708 5300 pro—

2139 5305 2332 5368 deunt,
2363 5316 2512 5358 tanto
2540 5306 2814 5376 turgidum
2839 5309 3002 5362 etiam
3025 5314 3091 5363 ad
3117 5316 3402 5381 superiora
3421 5321 3708 5373 enutriunt

2139 5403 2195 5448 et
2224 5403 2425 5463 augent
2455 5397 2778 5465 appetitum.
2813 5399 2950 5452 Illud
2984 5400 3256 5469 siquidem
3296 5406 3570 5462 interdum
3622 5427 3705 5463 me

460 5499 608 5554 runt,
646 5492 746 5546 nisi
779 5494 940 5546 etiam
971 5492 1143 5561 magis
1184 5495 1465 5545 materiem
1499 5488 1745 5559 quaedam
1794 5487 1912 5541 silis
1941 5503 2033 5540 ex-
2065 5483 2108 5540 C
2143 5504 2250 5540 non
2284 5489 2337 5540 in
2369 5490 2646 5542 minimam
2681 5493 2855 5546 erexit
2910 5493 3349 5562 admirationem,
3377 5517 3486 5569 quo
3548 5514 3707 5572 pacto

530 5642 546 5659 ‘
570 5637 702 5691 Vide
731 5649 932 5693 tomum
959 5645 1202 5690 nostrum
1231 5634 1409 5696 LXVI,
1443 5635 1544 5686 col.
1581 5633 1734 5686 1281.

531 5711 608 5776 (I)
644 5709 994 5761 Theodorum
1045 5708 1388 5761 hletm-hitam
1442 5703 1706 5771 intellige,
1740 5702 2018 5776 ΔΜίιιξηιιιη

459 5773 841 5847 Lugothetam,
890 5778 978 5829 cui
1011 5793 1147 5844 opus
1178 5792 1338 5827 suum
1399 5777 1674 5842 instripstt
1728 5773 2022 5840 Greguras,

737 5880 984 5935 ΡΑτ-ιιοι,
1048 5881 1158 5931 (in.
1189 5869 1460 5934 CXLIX.
1489 5914 1505 5932 .

2129 5647 2235 5690 ute
2266 5654 2397 5691 mss.
2425 5637 2687 5711 Caesareis
2715 5650 2767 5693 et
2800 5640 2980 5711 Regiis
3005 5643 3325 5702 Lambecius
3361 5658 3415 5701 et
3452 5647 3711 5705 Boivinus

2132 5711 2517 5762 observarunt.
2565 5709 2715 5762 Eutr.

3225 5878 3298 5938 17
