4134 6286
501 435 610 508 ΪΞΒ

1699 415 2136 487 ’ΝιοΕριιοιιι
2177 411 2563 482 culicem:
3645 409 3739 478 θέε

507 561 807 630 πρόφασιν,
861 553 1040 616 δέδιας
1097 549 1272 604 ὁπόσα
1332 547 1466 617 πρὸς
1515 545 1684 617 ὀργὴν
1733 543 2076 614 σχεδιάξουσι
2109 557 2150 614 Α
2180 553 2286 592 των
2349 541 2549 592 ἀδίκων
2597 537 2904 608 φροντίζειν
2953 537 3011 590 οὖ
3063 537 3168 607 χρὴ
3213 537 3501 605 φιλόσοφον
3553 535 3735 602 ἀκήν,

508 654 726 722 γνὺμαι
768 647 1066 718 φιλότιμοι,
1097 641 1318 695 ἐπειδάν
1352 657 1435 701 τις
1471 637 1744 705 ἁποκναίη
1791 636 1889 696 τὰς
1922 635 2076 703 ῥίζας

508 745 812 814 ἐκτέμνων,
850 739 905 792 αἶ
930 739 1054 795 τοὺς
1098 735 1208 788 τῶν
1239 733 1426 802 ὕμνων
1456 729 1722 800 βλαστοὺς
1757 727 2064 796 ἐξανίσχου-

512 855 620 890 σιν.
649 835 784 888 Οὑδέ
822 833 929 900 γὰρ
963 827 1070 882 οὐδ’
1111 823 1448 889 ’Ἀλεξάνδρῳ
1495 819 1574 889 τῷ
1607 819 1874 871 Φιλίππου
1929 815 2078 868 παιδὶ

511 924 1096 994 ἁνεπίφθονονιέμεινε
1128 917 1225 971 καὶ
1284 913 1591 985 βασκανίας
1655 911 1833 974 ἐκτὸς,
1879 909 2078 979 ὁρῶντι

507 1023 600 1074 τὸν
627 1020 892 1071 Φίλιππον
933 1012 1154 1081 συχναῖς
1201 1008 1322 1068 ταῖς
1372 1004 1551 1065 νίκαις
1613 999 2074 1071 ἐμπομπεύοντα,

509 1113 641 1164 ἀλλὰ
675 1105 1164 1178 μικροψυχήσαντα
1202 1097 1465 1168 βακχικόν
1505 1109 1630 1147 τινα
1659 1093 1879 1162 λέγεται
1918 1091 2078 1156 λόγον

508 1206 723 1273 ἀφεῖναι
745 1201 882 1270 πρὸς
910 1198 1034 1256 τοὺς
1065 1193 1382 1263 ἡλικιώτας,
1415 1189 1510 1240 καὶ
1539 1185 1738 1256 μεστὸν
1791 1185 1864 1246 ὼς
1904 1184 2080 1235 εἰπεῖν

509 1292 934 1362 ἐνθουσιασμοῦ.
969 1289 1142 1342 Φάναι
1165 1285 1268 1356 γὰρ
1301 1283 1542 1351 ἁγωνιᾷν
1575 1281 1647 1348 μὴ
1680 1279 1860 1331 πάντα
1893 1291 2081 1344 προει-

507 1389 694 1457 ληφὼς
719 1389 746 1440 ὁ
769 1385 974 1452 πατὴρ,
1005 1379 1280 1452 μηδεμίαν
1296 1373 1444 1444 αὐτῷ
1475 1369 1780 1442 καταλείψῃ
1799 1366 2078 1438 τροπαίων

510 1481 804 1552 πρόφασιν.
843 1475 952 1530 Καὶ
979 1469 1172 1524 σιωπῶ
1201 1467 1268 1521 τὰ
1299 1468 1526 1519 πλεῖστα
1548 1480 1560 1493 ·
1599 1463 1666 1532 ἦν
1697 1461 1752 1513 δὲ
1793 1458 1884 1512 νῦν
1919 1455 2078 1519 αὖθις

511 1550 784 1642 πρόφασιν
815 1550 1146 1634 προῦϐαλες,
1177 1558 1478 1627 ἐϐουλόμην
1505 1554 1684 1616 ἄλλοις
1726 1553 1822 1605 τοῦ
1877 1550 2081 1618 φιλοτί-

514 1683 616 1736 μου
645 1659 1078 1728 παραχωρήσας,
1118 1652 1281 1714 αὐτὸς
1305 1651 1446 1702 ἑκὼν
1478 1646 1732 1716 γενέσθαι
1751 1643 1844 1696 τοῦ
1880 1642 2078 1712 καιροῦ

507 1733 568 1808 τε
599 1753 694 1808 καὶ
729 1752 828 1819 τῆς
855 1747 1024 1816 τύχης
1051 1745 1150 1814 τῆς
1187 1743 1327 1812 ἐμῆς
1383 1739 1670 1810 προδότης.
1738 1735 1922 1788 Δεινδν
1969 1733 2079 1803 γὰρ

509 1849 606 1901 καὶ
635 1843 874 1917 σχέτλιον
903 1837 1044 1894 εἶναι
1078 1840 1174 1907 μὲν
1202 1836 1309 1888 τῶν
1351 1833 1411 1885 ού
1459 1832 1680 1901 φαύλων
1739 1830 1966 1896 ἀγώνων
2019 1826 2079 1878 τὸ

2182 634 2317 702 φέρε
2339 632 2447 702 ’τὴν
2491 631 2588 700 σὴν
2644 631 2718 693 ὡς
2775 630 2999 697 ἐφικτὸν
3061 630 3456 696 ἐκπεράνωμεν
3509 627 3734 696 αἴτησιν,

2179 725 2274 776 καὶ
2311 723 2399 775 διὰ
2463 722 2555 775 σοῦ
2603 721 2701 790 τὴν
2759 722 2866 772 τῶν
2925 719 3124 784 ἄλλων,
3159 715 3240 782 οἷς
3281 719 3344 790 δὴ
3395 719 3466 771 τὰ
3521 719 3742 786 μέγιστα

2181 817 2495 883 χαριεῖσθαι
2551 813 2785 882 ὑπισχνῇ
2823 811 2889 864 δι’
2929 813 3056 873 ’ἐνός
3109 827 3174 879 γε
3229 811 3321 864 τοῦ
3375 812 3578 880 τρόπου
3621 827 3739 862 του-

2179 921 2319 958 τουι.

2254 995 2462 1047 ’Λπασι
2495 995 2598 1064 μέν
2625 993 2708 1046 τοί
2743 1011 2804 1061 γε
2863 992 3287 1063 ὡμολογημένον
3347 989 3488 1045 εἶναι
3527 989 3604 1055 οἷς
3653 997 3746 1048 καὶ

2175 1085 2427 1140 ὁπωσοῦν
2462 1085 2555 1140 νοῦ
2585 1089 2685 1139 καὶ
2711 1089 2970 1155 κριτικῆς
3017 1087 3340 1156 ἐπιστήμης
3400 1086 3642 1156 μέτεστι,
3675 1089 3748 1156 μὴ

2180 1182 2238 1233 ’ἐν
2266 1198 2317 1232 τι
2351 1181 2540 1250 σοφίας
2573 1175 2710 1241 εἶδος
2739 1178 2831 1230 τδδ
2865 1178 3038 1248 μέγαν
3071 1177 3437 1248 ἐξησκηκέναι
3475 1179 3744 1244 Συνέσιον,
3783 1193 3788 1196 ·

2179 1275 2296 1327 ἀλλ’
2320 1271 2461 1326 εἶναι
2497 1271 2666 1341 μηδὲν
2723 1273 2860 1340 ὅπερ
2900 1269 2983 1335 οὓ,
3020 1273 3193 1342 τούτῳ
3227 1270 3271 1323 δ’
3311 1265 3449 1323 εἶναι
3483 1273 3590 1322 τῶν
3621 1271 3750 1324 πάν-

2179 1384 2286 1418 των
2317 1365 2504 1418 οὐδένα
2539 1363 2746 1432 νομίζω
2769 1363 2859 1415 τὸν
2889 1361 3246 1432 ἀντεροῦντα.
3297 1361 3450 1430 Μηδὲ
3499 1359 3605 1430 γὰρ
3657 1360 3752 1430 μ.όά

2181 1473 2272 1512 νον
2300 1457 2471 1526 ὁπόση
2507 1456 2649 1510 κατά
2685 1455 2779 1509 τὸν
2843 1453 3082 1522 Ἕλληνα
3114 1453 3275 1520 λόγον
3335 1453 3451 1504 ἐστὶ
3491 1452 3750 1518 ποικιλία,

2181 1552 2360 1618 πάσης
2393 1553 2446 1613 ἐς
2479 1549 2651 1619 ἄκρον
2687 1546 3033 1615 σπουδαστὴν
3063 1548 3424 1616 καταστῆναι,
3477 1543 3614 1596 ἀλλὰ
3660 1545 3754 1595 καὶ

2180 1643 2288 1696 τῶν
2318 1641 2638 1695 Χαλδαϊκῶν
2671 1639 2945 1706 θιασώτην
2975 1639 3233 1692 ἁπάντων
3259 1637 3462 1708 ὀργίων
3486 1653 3502 1668 ο
3529 1637 3622 1688 καὶ
3652 1635 3752 1688 ὅσα

2181 1734 2224 1785 δ’
2250 1730 2316 1786 αὖ
2353 1732 2851 1802 ἱερογραμματέων
2882 1732 2991 1783 τῶν
3023 1730 3192 1784 πάλαι
3237 1731 3368 1800 παρ’
3433 1729 3754 1792 Αἰγυπτίοις

2184 1823 2692 1894 θαυμαστωθέντων
2733 1823 2912 1894 βίϐλοι
2945 1825 3052 1876 καὶ
3075 1822 3342 1892 μυστικαὶ
3389 1821 3610 1872 τελεταὶ
3644 1823 3756 1880 rei;

511 1943 696 2012 ἔργον,
717 1937 791 2000 ὡς
824 1934 888 1988 σύ
921 1950 980 1986 τε
1017 1927 1194 1996 οἶσθα,
1231 1928 1327 1980 καὶ
1349 1925 1427 1990 οἷς
1467 1924 1530 1977 σύ
1565 1941 1628 1992 γε
1663 1922 1724 1974 τὸ
1749 1918 1989 1973 τοιοῦτον
2024 1919 2080 1980 ἐς
2113 1936 2154 1990 Β
2184 1918 2375 2012 ἕπξιτα
2401 1920 2612 1986 χρόνοις
2647 1915 2979 1986 παρέδοσαν,
3035 1916 3129 1967 καὶ
3163 1915 3262 1967 ὅσα
3323 1913 3548 1981 Δελφῶν
3609 1912 3730 1980 ἐδογ

509 2001 691 2087 κοινὸν
723 2025 1039 2098 προῦθηκας
1088 2018 1396 2087 ἐλλογίμοις
1425 2015 1683 2082 ἀνδράσιν
1705 2027 1718 2040 ⁸
1771 2009 1963 2062 ἔπειτα
1997 2001 2080 2068 οἷς

509 2125 679 2192 τῦφος
709 2121 805 2175 καὶ
833 2114 1113 2187 λογισμῶν
1159 2108 1402 2178 ἀκοσμία
1433 2106 1534 2159 οὐκ
1572 2105 1629 2167 ἐς
1660 2103 1852 2185 καιρὸν
1881 2116 2082 2168 cupav-

509 2220 592 2270 νεῖ
629 2215 723 2284 τὴν
749 2211 1014 2272 διάνοιαν,
1053 2207 1184 2272 ὃλην
1212 2219 1274 2269 γε
1319 2199 1422 2268 μὴν
1471 2198 1570 2266 τὴν
1609 2193 1802 2262 σοφίαν
1833 2192 1928 2244 ἐττί
1983 2190 2082 2258 τῆς

509 2283 711 2378 ὀφρύος
741 2305 925 2373 έχουσι
954 2297 1294 2365 καθημένην,
1327 2291 1422 2344 καὶ
1463 2290 1642 2341 πάντα
1683 2284 1845 2356 ρᾁιά
1877 2301 1936 2336 τε
1972 2283 2069 2334 καὶ

513 2372 694 2468 κοῦφα
743 2372 864 2456 ταῖς
909 2391 1020 2444 ἀπὸ
1063 2387 1312 2456 γλώττης
1367 2377 1721 2447 ἐπαγγελίαις
1774 2372 2078 2432 ποιοῦνται,

511 2494 569 2546 ἓν
589 2488 772 2544 τιτῶν
795 2483 1152 2554 φαυλοτάτων
1181 2470 1647 2544 διαθρυλλείσθαι.
1692 2469 1885 2536 Ὅμως
1931 2467 2084 2517 ἐπει-

511 2585 688 2652 δήπερ
718 2581 752 2648 ἡ
791 2575 1002 2647 μεγάλη
1045 2587 1138 2623 σου
1174 2567 1392 2636 γλῶττα
1428 2563 1523 2617 καὶ
1577 2559 1919 2628 πανταχόθεν
1957 2573 2086 2624 συγ-

509 2647 834 2744 κεχωρηκὸς
863 2663 1223 2736 καρπουμένη
1257 2657 1391 2727 πρὸς
1423 2655 1483 2708 τὸ
1531 2654 1709 2722 νικᾷν,
1746 2651 1810 2702 ἐκ
1847 2666 1900 2702 τε
1938 2647 2085 2716 φιλο-

514 2740 680 2836 σόφου
708 2740 972 2820 διανοίας,
1007 2755 1070 2807 ἐκ
1091 2771 1150 2806 τε
1180 2747 1398 2810 πειθοῦς
1424 2749 1719 2817 ῥητορικῆς
1762 2740 2065 2811 ὁρμωμένη

512 2832 666 2914 τάντε
697 2853 832 2910 ἄλλα
855 2848 1127 2921 προφέρει
1150 2845 1284 2914 ἡμῖν
1311 2843 1388 2904 εἰς
1421 2837 1616 2904 πειθὼ,
1649 2837 1744 2890 καὶ
1771 2836 1852 2886 δτι
1879 2832 2082 2900 στομά-

511 3019 699 3077 nescio
739 3031 850 3087 quo
879 3011 1041 3067 modo
1069 3008 1212 3079 apud
1251 3021 1348 3060 nos
1373 3002 1544 3059 αι’ωοί
1577 3011 1733 3054 ωιτιιε
1765 3013 1828 3053 ac
1873 2996 2084 3068 viribus

513 3114 735 3176 ﬂorent,
761 3107 919 3162 vides
949 3101 1170 3174 quidem
1192 3113 1402 3158 omnes,
1432 3107 1694 3150 caeterum
1726 3091 2041 3160 asperuaris
2067 3109 2080 3146 :

2192 2005 2428 2081 μᾶτισαν
2465 2010 2733 2077 θεολόγοι,
2765 2009 2886 2062 οὐδέ
2910 2009 3117 2060 τούτων
3147 2005 3432 2068 ἀτέλεστος
3479 2005 3696 2074 ἔμεινεν
3733 2007 3758 2058 ό
3847 2011 3862 2032 ‘

2189 2103 2350 2170 ἀνήρ.
2389 2099 2551 2153 Ἀλλὰ
2581 2099 2750 2153 ταῦτα
2773 2117 2856 2163 τε,
2883 2101 2978 2150 καὶ
3015 2099 3110 2164 ξύν
3140 2115 3201 2166 γε
3221 2099 3454 2161 τούτοις,
3489 2099 3592 2149 ὅσα
3620 2096 3760 2146 1]λὰ-

2188 2211 2353 2255 τωνες
2387 2193 2444 2258 ἐξ
2487 2191 2750 2262 Ἀθηνῶν,
2783 2192 2891 2243 κὰκ
2919 2191 3102 2260 Σάμου
3141 2189 3457 2260 Πυθαγόραι
3503 2187 3633 2257 παρ’
3673 2188 3714 2237 Α
3740 2215 3762 2224 -

2189 2283 2448 2354 γυπτίους
2485 2286 2840 2354 φοιτήσαντες
2869 2281 3096 2348 ὤναντο,
3143 2283 3235 2334 καὶ
3277 2275 3432 2342 οὗτος
3489 2280 3632 2349 ἀνὴρ
3673 2278 3765 2328 εὐ-

2194 2373 2420 2446 ρώστως
2446 2377 2576 2446 περὶ
2628 2378 2725 2444 τὴν
2761 2375 3020 2442 τοιαύτην
3084 2373 3390 2442 ἐϐάκχευσε
3427 2369 3722 2440 τράπεζαν
3747 2381 3761 2399 ⁸

2191 2469 2427 2538 ἐμέλησε
2457 2468 2500 2520 δ’
2527 2467 2671 2536 αὐτῷ
2696 2468 2786 2520 καὶ
2815 2468 2913 2520 ὅσα
2951 2467 3165 2537 γοήτων
3191 2466 3284 2518 καὶ
3338 2463 3536 2534 μάγων
3580 2465 3768 2530 ἐπιτη-

2189 2557 2436 2612 δεύουσιν
2467 2561 2678 2627 ίῦγγες,
2711 2558 3065 2629 ἐπιτηδεῦσαι
3115 2559 3214 2628 μὲν
3249 2555 3402 2609 οῦπω
3439 2554 3622 2608 ταῦτα
3645 2569 3658 2583 ⁸
3708 2555 3770 2604 τὸ

2188 2651 2244 2703 δὲ
2278 2651 2405 2714 τοὺς
2466 2650 2675 2703 τούτων
2724 2652 2781 2704 ἐν
2839 2651 3173 2721 ἀπορρήτοις
3229 2647 3528 2716 κειμένους
3575 2645 3768 2712 λόγους

2187 2745 2378 2813 ἄκροις
2407 2743 2540 2795 ὠσὶν
2579 2741 2848 2808 ἐπελθεῖν,
2911 2741 3069 2794 τοῦτο
3098 2741 3154 2793 δὲ
3191 2740 3287 2794 καὶ
3325 2739 3596 2810 μάλιστα.
3635 2737 3771 2791 Οὐδὲ

2188 2836 2297 2904 γὰρ
2323 2835 2480 2905 θέμις
2505 2834 2661 2904 ἀνδρί
2694 2851 2756 2902 γε
2789 2833 2940 2904 σοφῷ
2975 2835 3067 2888 καὶ
3098 2833 3388 2902 φιλομαθεῖ
3417 2833 3504 2894 εἰς
3529 2832 3591 2884 τὸ
3630 2847 3773 2899 παγι-

2193 3001 2416 3068 quidem
2449 2999 2728 3070 magnifica
2773 3009 2860 3052 tua
2899 2999 3077 3068 lingua
3103 3006 3160 3051 et
3217 2995 3364 3050 omni
3394 3011 3458 3050 ex
3525 3003 3680 3064 parte
3721 2993 3773 3046 id

2193 3091 2337 3161 quod
2366 3091 2420 3144 in
2445 3089 2696 3146 confesso
2731 3099 2814 3144 est
2842 3091 3142 3158 decerpens
3183 3085 3436 3140 vincendi
3495 3085 3694 3156 gratia,
3723 3093 3780 3138 et

516 3207 778 3270 deinceps
806 3207 862 3254 tu
887 3195 1108 3266 quidem
1137 3191 1269 3244 mihi
1310 3187 1410 3241 501i
1464 3193 1681 3239 tuarum
1730 3187 1794 3236 ad
1863 3181 2090 3235 rationis
2115 3201 2157 3260 c
2191 3199 2222 3237 e
2249 3191 2429 3236 tuente
2460 3182 2740 3251 sapientia:
2789 3181 3056 3244 studiosa,
3086 3189 3142 3233 et
3175 3195 3239 3232 ex
3289 3177 3615 3232 artiﬁciosa:
3663 3176 3776 3229 elo-

517 3296 789 3352 calculum
823 3289 1170 3346 reductarum
1191 3297 1254 3336 ac
1283 3279 1549 3348 sapientia
1577 3277 1905 3332 refertarmu
1939 3289 2086 3344 qua:-

519 3393 759 3444 stionum
793 3396 959 3436 onera
985 3390 1257 3447 exponere
1285 3371 1426 3426 haud
1461 3369 1622 3424 valde
1647 3369 1878 3432 vereris,
1909 3378 2088 3433 neque

518 3483 620 3536 hac
646 3479 713 3533 de
739 3491 800 3530 re
828 3473 926 3527 tibi
958 3468 1148 3538 religio
1187 3475 1292 3524 est.
1326 3473 1613 3534 propterea
1668 3459 1815 3529 quod
1879 3457 2088 3511 nullam

517 3575 573 3628 in
603 3570 738 3640 ipsis
775 3563 986 3620 deseris
1025 3557 1384 3615 contentiosa:
1427 3551 1800 3608 meditationis
1858 3565 2088 3604 excusa-

519 3666 748 3719 tionem.
773 3655 966 3712 Metuis
992 3660 1256 3723 quantunt
1289 3647 1353 3701 ad
1385 3645 1726 3700 iracundiam
1770 3653 1972 3695 temere
1995 3655 2088 3694 ac-

517 3749 1050 3822 ceduntqueruloste
1105 3741 1412 3816 opiniones.
1441 3739 1659 3807 quando
1703 3735 1827 3804 quis
1876 3733 2089 3787 radices

519 3847 826 3918 praecidens
857 3856 920 3894 ac
945 3839 1162 3906 stirpes,
1193 3850 1284 3887 eas
1310 3832 1588 3899 abrumpit
1617 3836 1674 3882 et
1713 3842 1948 3880 mwrore
1973 3825 2087 3878 alli-

519 3916 592 3996 cit
617 3954 738 4006 qua:
768 3937 1091 4005 hymnorum
1115 3925 1348 3994 virgulta
1406 3923 1644 3991 erigunt.
1677 3917 1832 3971 lIaud
1887 3916 2088 3986 quippe

515 4004 825 4086 Alesaudro
859 4015 1096 4089 Philippi
1139 4015 1249 4068 lilio
1299 4015 1433 4064 citra
1466 4008 1726 4062 invidiam
1760 4013 1817 4058 et
1865 4004 2090 4056 animia-

521 4125 724 4178 tionem
754 4114 976 4178 mansit,
1009 4109 1257 4166 cernenti
1280 4104 1586 4172 Philippum
1613 4097 1820 4153 crebris
1845 4093 2090 4148 victoriis

517 4233 578 4272 se
607 4219 783 4282 ipsum
818 4209 1114 4280 iactantem
1149 4216 1164 4254 :
1205 4197 1302 4252 sed
1349 4197 1494 4248 enim
1556 4192 1798 4245 animum
1855 4191 2088 4256 despon-

519 4277 721 4371 deuilo,
741 4277 1060 4358 baccliicum
1085 4289 1376 4364 quemdam
1407 4300 1712 4340 sermonem
1739 4283 1914 4334 fertur
1943 4277 2088 4346 apud

521 4369 824 4452 comtaueos
854 4387 1114 4450 edidisse,
1143 4392 1198 4438 et
1237 4389 1300 4434 ut
1330 4380 1401 4431 ita
1431 4375 1622 4428 dicam.
1637 4373 1822 4426 furore
1849 4369 2089 4422 numinis

521 4489 741 4557 plenum
770 4502 784 4535 :
817 4488 987 4543 metu,
1019 4491 1089 4530 ne
1107 4489 1230 4530 cum
1253 4471 1434 4526 oumia
1459 4475 1894 4540 praeoccupasset
1909 4473 2085 4531 pater,

2191 3275 2424 3344 quentiae
2453 3275 2640 3345 lepore
2673 3276 2934 3344 impetum
2969 3287 3210 3337 sumens,
3239 3281 3295 3326 et
3321 3270 3424 3324 alia
3475 3270 3646 3324 nobis
3686 3267 3782 3322 ad-

2190 3366 2343 3420 ducit
2409 3367 2478 3421 ad
2529 3367 2832 3420 faciendam
2883 3365 3076 3420 fidem:
3131 3373 3186 3419 et
3235 3361 3362 3432 quia
3421 3377 3544 3416 non
3598 3375 3782 3430 opera:

2191 3461 2422 3530 pretium
2450 3468 2549 3519 est.
2583 3469 2640 3514 ut
2662 3461 2942 3530 sapientiae
2965 3459 3201 3528 cupidus
3218 3457 3439 3510 auditus
3469 3456 3594 3510 oris
3625 3455 3778 3520 impii

2189 3553 2457 3605 rationem
2517 3549 2736 3616 habeat,
2797 3555 2880 3606 eia
2934 3559 3079 3604 tuam
3141 3549 3309 3604 veluti
3362 3548 3776 3618 comprehensu

2191 3644 2405 3698 facilem
2437 3645 2828 3698 concludamus
2885 3642 3330 3712 postulationem,
3363 3651 3419 3695 et
3449 3642 3694 3696 aliorum
3729 3653 3780 3692 te

2191 3737 2612 3799 interveniente,
2638 3737 2841 3806 quibus
2875 3749 2926 3790 te
2952 3733 3284 3804 amplissima
3319 3733 3776 3787 condonatuium

2193 3829 2296 3882 hoc
2328 3829 2488 3881 unico
2516 3829 2678 3883 modo
2704 3827 2998 3897 polliceris.

2262 3917 2528 3980 Onmilms
2559 3918 2782 3985 quidem
2809 3928 2956 3971 certe
2983 3917 3100 3970 sine
3129 3915 3296 3970 dubio
3319 3915 3640 3968 confessum
3672 3924 3778 3978 e-I,

2191 4008 2392 4077 quibus
2417 4009 2578 4060 etiam
2611 4021 2938 4077 quocunque
2968 4005 3129 4059 modo
3158 4005 3314 4057 adest
3335 4003 3779 4058 communicatio

2192 4103 2392 4154 mentis
2433 4099 2751 4154 etscientia:
2801 4097 3010 4168 judicio
3057 4094 3332 4163 pollentis,
3385 4109 3498 4146 non
3557 4092 3778 4145 unicam

2193 4189 2486 4259 quamdam
2535 4187 2819 4257 sapientia:
2888 4184 3126 4254 speciem
3177 4197 3432 4252 magnum
3481 4179 3779 4251 Syuesium

2189 4283 2524 4348 exercuisse,
2559 4289 2614 4334 at
2635 4281 2836 4333 nullam
2866 4293 3008 4338 esse,
3043 4290 3204 4345 quam
3237 4289 3344 4326 non
3367 4283 3664 4328 assecutus
3685 4271 3781 4334 sit,

2193 4373 2433 4441 huieque
2482 4376 2556 4424 rei
2600 4369 2909 4422 mortalium
2957 4369 3228 4420 uomitu-nt
3293 4365 3780 4418 contradicturum

2193 4465 2406 4532 opinor.
2433 4461 2621 4529 Neque
2645 4462 2790 4513 enim
2813 4458 2987 4512 solum
3011 4465 3212 4525 quanta
3237 4467 3321 4508 est
3345 4455 3468 4521 ejus
3491 4459 3548 4504 in
3585 4455 3784 4506 (ὶι-αιρυ

523 4581 724 4636 nullam
749 4574 852 4630 sibi
884 4569 1286 4637 triumphorum
1319 4577 1506 4616 ausam
1545 4569 1600 4614 et
1631 4559 1970 4632 occasionem
2007 4569 2087 4606 re-
2122 4579 2163 4633 υ
2193 4567 2444 4608 sermone
2474 4552 2672 4605 coloris
2705 4548 3052 4611 varietas,ad
3087 4546 3328 4616 cujusvis
3363 4543 3780 4598 excellentibsi-

521 4673 790 4742 liquisset.
820 4664 1062 4720 Plurima
1089 4661 1309 4714 silentio
1335 4653 1712 4725 praetermitto.
1741 4649 1844 4704 Sed
1867 4657 2091 4716 propter

523 4763 863 4816 mensionem
895 4767 1058 4824 quam
1097 4763 1244 4802 nunc
1278 4760 1469 4798 rursus
1499 4739 1912 4810 exprompsisti,
1947 4735 2093 4788 vole-

523 4865 646 4910 bam
678 4853 816 4920 ipse,
851 4849 950 4900 hac
983 4842 1270 4896 ambitiosa
1307 4835 1662 4891 contentione
1701 4841 2089 4900 praetenuissa.

524 4964 586 5000 ex
621 4944 792 4999 animi
817 4939 924 4994 mei
945 4935 1175 4990 arbitrio
1235 4929 1494 4998 temporis
1537 4923 1831 4996 opportuni
1879 4936 2091 4974 necnon

523 5045 752 5092 lui-tuna:
779 5049 910 5088 mea:
945 5029 1192 5099 proditor
1219 5039 1358 5078 esse.
1400 5021 1574 5075 Grave
1604 5017 1751 5072 enim
1776 5021 1940 5068 estet
1971 5025 2091 5063 mo—

521 5135 740 5190 lcbltltu,
769 5143 886 5182 esse
915 5121 1135 5192 quidem
1191 5117 1554 5171 certaminum
1608 5123 1718 5163 non
1768 5104 2092 5175 ignobilium

523 5239 682 5292 opus,
723 5214 1182 5289 quemadmodum
1215 5219 1270 5264 tu
1301 5207 1466 5283 nosti,
1503 5213 1557 5260 et
1607 5199 1932 5270 quibusdam
1983 5195 2093 5249 ele-

523 5315 773 5384 b’ullLIlJUS
805 5309 937 5363 viris
967 5307 1071 5361 tale
1103 5305 1160 5358 in
1216 5301 1454 5355 medium
1512 5291 1865 5364 proposuisti.
1899 5289 2094 5344 Postea

521 5381 668 5475 apud
720 5417 859 5473 quos
921 5400 1097 5453 fastus
1151 5392 1622 5464 etcogitatiouum
1665 5383 1966 5454 petulantia
2014 5381 2096 5434 iu-

525 5472 848 5564 tempestive
877 5494 930 5545 in
965 5488 1376 5558 intelligentiam
1403 5480 1746 5553 tyrannidem
1773 5476 2006 5538 obtinet,
2059 5472 2092 5525 ii

525 5603 692 5644 totum
735 5587 921 5655 utique
959 5583 1280 5652 sapientiam
1317 5579 1372 5631 in
1437 5571 1728 5643 supercilio
1775 5569 2094 5623 collocatam

525 5683 749 5746 habent,
775 5691 829 5732 et
872 5675 1053 5730 omnia
1087 5672 1264 5726 facilia
1289 5681 1450 5738 atque
1477 5665 1728 5735 expedita
1753 5663 1949 5729 lingu-te
2003 5675 2098 5712 νυ-

524 5773 796 5824 lublitate
857 5779 912 5823 et
969 5760 1457 5836 pollicitationibus
1514 5759 1741 5816 faciunt,
1813 5751 2095 5819 quidpiam

527 5881 760 5928 tuamne
785 5864 1018 5930 igitobilc
1063 5855 1414 5926 divulgmdo.
1455 5850 1822 5906 Nihilominus
1847 5849 2092 5915 qitando-

2193 4663 2342 4700 mum
2405 4648 2673 4699 fautorem
2747 4643 3192 4698 constituendum
3268 4647 3322 4693 et
3371 4638 3782 4696 exhibendum,

2193 4755 2382 4793 Verum
2423 4738 2587 4790 etiam
2622 4736 2864 4790 omnium
2896 4733 3340 4786 Chaldaicorutn'
3375 4733 3782 4798 mysteriorum

2193 4833 2454 4885 sodalem.
2499 4830 2564 4882 Et
2595 4843 2934 4898 quaecunque
2968 4839 3160 4878 rursus
3191 4839 3222 4876 a
3253 4837 3424 4876 sacris
3487 4819 3786 4888 scriptori-

2195 4923 2300 4977 lms
2339 4921 2534 4990 priscis
2569 4919 2710 4989 apud
2740 4918 3027 4987 Aigyptios
3059 4917 3128 4970 de
3155 4915 3317 4968 rebus
3355 4910 3790 4965 admit-abilities

2193 5014 2322 5068 libri
2353 5029 2416 5066 ae
2441 5013 2682 5081 mysticae
2711 5009 3049 5065 creremouize
3069 5003 3544 5074 subsequentibus
3567 5014 3760 5068 tempe

2194 5103 2345 5158 ribus
2383 5101 2746 5164 tradiderunt,
2788 5109 2844 5153 et
2871 5115 3210 5167 quaecunque
3239 5098 3492 5164 dogmata
3540 5092 3787 5160 Delpho-

2196 5213 2317 5252 rum
2359 5195 2596 5264 theologi
2635 5192 3110 5262 prteseripSerunt,
3147 5203 3324 5255 neque
3367 5185 3644 5236 remansit
3683 5184 3787 5243 vir,

2193 5291 2324 5360 quin
2352 5289 2436 5341 bis
2465 5285 2712 5339 initiatus
2741 5292 2904 5336 esset.
2940 5280 3132 5333 Verum
3156 5289 3208 5330 et
3243 5279 3356 5330 ltzee
3395 5278 3544 5342 ipsa,
3572 5287 3631 5328 et.
3658 5289 3786 5326 cum

2196 5382 2352 5450 ipsis,
2387 5389 2728 5448 quacunque
2758 5375 2908 5426 Plato
2950 5373 3018 5425 ab
3068 5372 3206 5424 urbe
3257 5368 3612 5430 Atheniensi,
3644 5378 3704 5419 et
3759 5387 3787 5414 ις

2197 5477 2358 5529 Samo
2389 5472 2718 5542 Pythagoras
2748 5468 2814 5521 ad
2843 5467 3128 5536 Aigyptios
3159 5462 3404 5516 discendi
3435 5460 3624 5528 gratia
3651 5475 3784 5510 ven-

2198 5568 2418 5618 tilantes
2445 5563 2680 5614 assecuti
2707 5572 2836 5612 sant
2865 5575 2879 5624 ;
2905 5560 3066 5610 etiam
3119 5557 3206 5609 ille
3249 5557 3328 5606 vir
3360 5551 3589 5605 fortiter
3637 5550 3785 5602 circa

2161 5657 2358 5718 ctalent
2415 5655 2782 5708 debacchatus
2821 5662 2904 5705 est
2953 5665 3216 5703 incusant.
3247 5651 3346 5716 ιιδέ
3406 5663 3582 5714 pmro
3640 5657 3788 5698 cura:

2197 5751 2300 5804 fuit
2329 5764 2489 5802 nosse
2516 5747 2869 5814 ouiniapqua:
2903 5745 3358 5813 prwstigiatorum
3397 5751 3452 5790 ct
3495 5755 3784 5807 magorum

2200 5857 2358 5898 voces
2385 5841 2768 5904 iistitucruut,
2805 5853 3084 5906 nunquam
3115 5849 3290 5891 tamen
3345 5835 3450 5888 ista
3511 5843 3782 5894 exercuit,
