4134 6286
359 367 469 430 529

1226 370 1552 430 SCIIOLIA
1589 370 1675 430 IN
1721 369 2110 434 SYNESIUM
2151 375 2252 435 DE
2296 375 2730 438 INSOMNIIS.

3517 378 3625 441 530

438 485 634 537 Ἔσται
664 481 710 534 δ’
739 481 872 551 ἡμῖν
904 483 965 535 τὸ
987 483 1084 552 τῆς
1122 479 1464 551 ἐξηγήσεως.
1489 481 1549 533 οὐ
1608 482 1744 550 πρὸς
1792 483 1943 534 ὲντε-
1974 491 2019 544 Α
2052 499 2216 552 σοφον
2245 485 2339 539 καὶ
2360 483 2680 538 διδάσκαλον
2721 483 3017 549 ’Υπατίαν,
3053 483 3136 538 ὅτι
3165 484 3338 539 πολλὰ
3378 487 3488 540 τῶν
3521 491 3626 559 μή-

362 575 650 647 λεστέρους
683 575 843 644 μόνον
877 576 1193 643 γενόμενον,
1228 573 1347 628 ἀλλ’
1380 575 1480 643 ἤδη
1513 577 1608 630 καὶ
1646 576 1782 642 πρὸς
1820 577 1945 629 durs-

361 670 656 737 λεστέρους
695 666 797 737 τὴν
829 668 1053 734 γνῶσιν.
1093 668 1156 720 0i
1195 667 1293 734 μὲν
1320 668 1428 736 γὰρ
1460 667 1598 736 τῷδε
1649 665 1727 734 τῷ
1785 667 1944 735 μέρει

363 759 707 823 συνέσονται,
742 760 790 810 oi
822 759 879 811 δὲ
901 758 1055 827 τῷδε,
1092 759 1141 810 oi
1169 757 1224 812 δὲ
1260 758 1566 826 ἑκατέροις,
1608 756 1682 819 ὡς
1712 757 1942 824 δύναμις

361 856 581 922 ἑκάστῳ
627 854 723 906 καὶ
757 852 1038 922 βούλησις.
1091 854 1226 920 Περὶ
1288 851 1385 920 μέν
1452 869 1536 904 τοι
1589 850 1768 920 ψυχῆς
1803 851 1835 902 ὅ
1892 865 1946 902 τι

361 946 610 1011 διέξεισι,
631 947 736 998 καὶ
765 947 876 998 τίσι
911 945 1009 1014 μὲν
1042 944 1251 1015 συνῳδά
1286 943 1586 1011 φθέγγεται
1629 943 1738 996 τῶν
1777 941 1946 995 πάλαι

369 1037 574 1104 σοφῶν,
613 1036 722 1089 τίσι
759 1037 805 1089 δ’
838 1036 1111 1107 ἀπᾴδοντα
1145 1052 1160 1067 ο
1217 1038 1310 1088 καὶ
1361 1035 1414 1088 τί
1467 1034 1564 1104 μὲν
1629 1031 1783 1097 οὗτος
1845 1035 1946 1102 τὴν

372 1131 672 1198 φαντασίαν
703 1125 841 1182 εἷναί
868 1146 1022 1198 φησι,
1071 1127 1125 1180 τί
1157 1127 1216 1180 δὲ
1262 1128 1488 1180 ἐκείνων
1547 1126 1800 1192 ἕκαστος,
1852 1126 1946 1178 καὶ

371 1225 476 1291 ὅπη
506 1221 602 1274 τοῦ
670 1220 922 1291 σώματος
953 1221 1052 1290 τῆς
1106 1223 1230 1274 καθ’
1283 1219 1453 1272 ὕπνον
1516 1219 1783 1289 μαντικῆς
1823 1219 1948 1289 ἱστᾷ

370 1314 458 1366 τὸν
483 1313 736 1383 τρίποδα,
765 1311 1008 1365 δείκνυσι
1041 1313 1140 1382 μὲν
1169 1312 1263 1364 καὶ
1297 1312 1462 1374 αὐτὸς
1496 1313 1635 1382 πρὸς
1658 1313 1758 1380 τὴν
1791 1311 1948 1379 φιλό-

440 1467 557 1520 Erit
601 1475 784 1519 autem
817 1480 848 1519 a
889 1464 1048 1518 nobis
1082 1464 1198 1518 haec
1233 1463 1550 1532 explanatio
1585 1479 1696 1520 non
1733 1472 1947 1518 tantum

367 1564 424 1617 in
475 1561 866 1632 pe-riectiorum
923 1560 1157 1631 gratiam
1214 1560 1381 1626 facta,
1427 1559 1524 1614 sed
1567 1561 1678 1631 jam
1726 1570 1970 1631 propter.

371 1653 787 1721 intelligentiam
843 1668 1038 1706 eorum
1076 1653 1170 1723 qui
1227 1663 1356 1707 sunt
1403 1653 1586 1707 minus
1631 1652 1842 1707 idonei.
1881 1651 1946 1706 Hi

369 1744 590 1814 quidem
633 1744 734 1798 hac
783 1745 836 1797 in
894 1756 1047 1813 parte
1098 1745 1494 1810 versabuntur,
1555 1747 1648 1800 alii
1703 1747 1760 1801 in
1816 1746 1947 1811 alia,

2049 593 2136 628 πω
2161 575 2644 648 φιλοσοφηθέντων
2677 576 2912 646 Ἕλλησι
2954 578 3425 648 προκεχείρισται.
3459 580 3629 647 Δῆλον

2047 665 2092 719 δ’
2119 663 2213 720 οὖν
2241 668 2338 721 καὶ
2366 669 2530 738 ἡμεῖς
2552 669 2678 722 κατ’
2704 669 2877 739 αὐτήν
2909 685 2972 736 γε
3003 669 3350 739 ποιησόμεθα
3380 671 3482 740 τὴν
3505 672 3629 741 ἑξή-

2048 776 2245 829 γησιν⁶
2307 762 2801 832 ἐπισημανούμεθα
2857 763 2965 832 γὰρ
3010 762 3217 816 ἕκαστα
3269 765 3410 816 κατὰ
3445 763 3630 834 χώραν

2049 853 2300 908 ἑκάστων
2328 854 2635 922 γενόμενοι.
2659 854 2729 907 Σὺ
2764 855 2810 907 δ’
2838 855 2980 923 ὑπὲρ
3007 853 3108 922 μὲν
3140 854 3250 908 τῶν
3279 854 3339 908 εὖ
3366 855 3457 908 καὶ
3484 857 3628 909 κατᾶ

2049 945 2275 1013 γνώμην
2304 945 2544 1014 ἑχόντων
2573 945 2804 1016 χάριτας
2834 947 2940 999 ἀπὸ
2967 947 3200 1018 γνώμης
3229 947 3325 1001 καὶ
3380 947 3630 1017 γλώττης

2051 1036 2340 1100 ἀποδιδοὺς
2365 1037 2439 1108 μὴ
2467 1038 2727 1092 κατόκνει
2745 1038 2886 1109 Θεῷο
2917 1039 3055 1110 ὑπὲρ
3082 1039 3140 1092 δὲ
3157 1039 3266 1092 τῶν
3286 1039 3458 1102 ᾶλλως
3477 1040 3630 1110 ἐχόν-

2047 1145 2156 1182 των
2174 1130 2435 1200 ).αμπρὰν
2474 1133 2608 1202 ἡμῖν
2632 1132 2731 1201 τὴν
2764 1132 2994 1203 μέμψιν.
3027 1133 3150 1187 Τῶν
3200 1133 3299 1204 μὲν
3329 1137 3440 1206 γὰρ
3469 1135 3631 1199 αὐτὸς

2049 1223 2306 1292 χορηγὸς,
2324 1222 2430 1278 τῶν
2451 1223 2498 1277 δ’
2532 1225 2695 1293 ἡμεῖς
2720 1225 2904 1278 αἴτιοι.

2053 1470 2288 1537 ipsemet
2348 1471 2414 1524 ad
2477 1471 2760 1541 sapientiae
2819 1472 3125 1526 studiosam
3187 1479 3244 1526 et
3307 1472 3630 1540 magistram

2053 1561 2366 1632 Ilypatiam,
2406 1564 2552 1632 quod
2587 1563 2757 1618 multa
2804 1578 3000 1617 eorum
3046 1577 3169 1632 quae
3197 1563 3344 1618 inter
3385 1563 3629 1632 philoso-

2051 1641 2330 1723 phandum
2393 1655 2700 1725 excogitata
2735 1656 2982 1711 nondum
3038 1672 3071 1711 a
3126 1655 3332 1712 Graecis
3385 1656 3628 1718 fuerant,

2051 1747 2301 1814 exposita
2366 1745 2675 1815 traditaque
2742 1755 2952 1801 essent.
3020 1746 3397 1816 CoriSpicsum
3461 1744 3630 1814 igitur

373 1837 624 1890 nonnulli
661 1847 843 1890 autem
894 1838 945 1891 in
981 1847 1235 1909 utraque,
1273 1851 1438 1909 prout
1490 1841 1724 1896 facultas
1751 1850 1808 1896 et
1847 1858 1945 1894 vo-
1975 1862 2022 1921 Β
2049 1839 2215 1893 etiam
2259 1854 2360 1893 nos
2390 1838 2660 1894 faciemus
2691 1840 2746 1894 in
2782 1839 2904 1908 ipsa
2940 1839 3353 1909 explanatione.
3389 1837 3469 1891 Ad
3519 1837 3633 1890 Itan:

371 1927 556 1979 Iuntas
609 1926 908 1995 unicuique
976 1927 1162 1983 fuerit.
1221 1930 1576 2000 Quaecunque
1641 1947 1809 2000 porro
1871 1932 1941 1987 de

369 2017 556 2072 animo
605 2028 1019 2084 commemorat,
1055 2034 1180 2074 eum
1222 2020 1555 2090 quibusdam
1607 2023 1809 2092 priscis
1860 2038 1948 2078 sa-

371 2110 655 2178 pientibus
686 2121 1058 2167 consentanea
1098 2123 1410 2178 enumerat,
1443 2129 1570 2169 cum
1619 2115 1949 2184 quibusdam

373 2204 597 2257 dissona
617 2203 1124 2275 discrepantiaque.
1147 2205 1216 2264 Et
1242 2205 1502 2274 quidnam
1530 2209 1749 2277 proprie
1776 2209 1952 2277 phan-

379 2297 568 2350 tasiam
607 2311 728 2351 esse
770 2297 860 2351 ille
895 2298 1059 2359 dicat,
1094 2298 1224 2368 quid
1263 2314 1396 2352 vero
1428 2314 1618 2353 eorum
1655 2301 1951 2370 unusquisc

369 2403 520 2457 que:
562 2399 617 2442 et
646 2389 701 2442 in
731 2405 838 2458 qua
871 2391 1122 2457 corporis
1160 2399 1339 2458 parte,
1365 2390 1485 2461 ejus
1511 2406 1635 2460 quae
1666 2392 1721 2446 in
1755 2407 1950 2448 somno

376 2489 461 2531 cst
495 2479 927 2545 vaticinationis,
964 2490 1169 2536 statuat
1216 2482 1484 2551 tripodem
1536 2498 1634 2538 seu
1680 2485 1949 2539 cortinam

374 2571 609 2626 edendis
687 2573 927 2626 oraculis
985 2573 1264 2639 idoneam,
1327 2575 1668 2632 demonstrat
1725 2578 1950 2648 quidem

1960 2732 2035 2745 -σι

2051 1933 2354 1990 elﬁciemus
2388 1943 2444 1987 ut
2495 1933 2710 2004 singula
2762 1934 3113 1988 innotescant
3158 1941 3216 1987 et
3263 1931 3630 1990 illustrentur,

2055 2027 2109 2080 in
2139 2027 2480 2096 singulorum
2509 2028 2746 2080 statione
2772 2025 3061 2092 degentes.
3093 2022 3175 2076 Tu
3203 2032 3390 2076 autem
3424 2036 3522 2089 pro
3550 2018 3634 2071 his

2056 2133 2176 2188 qua:
2227 2117 2478 2186 apposite
2506 2125 2564 2170 et
2593 2132 2660 2170 ex
2697 2116 2774 2170 tui
2810 2115 2978 2170 animi
3019 2113 3296 2170 sententia
3334 2112 3632 2166 constituta

2055 2219 2205 2272 sunt,
2238 2211 2444 2280 gratias
2478 2209 2662 2263 animo
2705 2218 2762 2263 et
2791 2208 2975 2277 lingua
3015 2205 3248 2261 reddere
3283 2217 3471 2258 coram
3518 2202 3632 2255 Deo

2055 2319 2123 2357 ne
2162 2313 2484 2370 torpescas:
2519 2303 2613 2357 sed
2668 2317 2768 2371 pro
2812 2302 2880 2355 iis
2929 2315 3052 2369 qua:
3085 2297 3248 2352 aliter
3299 2311 3359 2351 se
3404 2293 3634 2354 habent,

2053 2395 2391 2451 luculentam
2431 2395 2590 2451 nobis
2622 2393 3122 2464 expostulationem
3180 2388 3369 2444 facito.
3406 2387 3632 2442 Illorqu

2056 2489 2205 2543 enim
2259 2489 2374 2558 ipse
2425 2468 2554 2548 dux,
2587 2488 2844 2556 princeps
2882 2495 2938 2539 et
2987 2485 3262 2551 clioragus
3290 2489 3375 2535 est
3407 2497 3419 2533 :
3457 2478 3511 2533 in
3548 2477 3634 2533 bis

2057 2591 2243 2638 autem
2277 2596 2378 2637 nos
2407 2581 2670 2650 culpandi
2711 2594 2924 2634 sumus.

1496 2836 1704 2920 APX
1722 2838 1793 2918 H
1873 2834 2534 2923 ΕΡΜΗΝΕΙΛΣ.

458 2996 583 3052 Fac.
616 2998 760 3053 I30".
791 3001 858 3054 El
885 2999 953 3054 δέ
969 3002 1128 3055 είσιν
1142 3003 1338 3056 ὕπνοι.
1369 3001 1579 3070 ’Ὠσπερ
1606 3001 1971 3072 τὰξτῶνβασι.

386 3091 519 3144 λέων
545 3093 826 3163 κειμήλια,
856 3093 949 3147 καὶ
980 3095 1152 3148 ὁπόσα
1185 3093 1494 3164 ἀνθρώποις
1536 3094 1659 3163 ἱερά
1687 3110 1745 3147 τε
1775 3093 1868 3147 καὶ
1891 3093 1969 3146 τί·

383 3203 506 3252 μισ,
539 3187 641 3239 om
665 3188 1162 3258 παραπετάσμασιν
1195 3188 1329 3242 ἄλλα
1368 3189 1546 3243 ἄλλοις
1577 3189 1966 3252 καλύπτονται,

386 3278 476 3328 ἵνα
530 3281 665 3346 μήτε
689 3281 880 3348 δήμοις
899 3281 1135 3343 ἀνοσίοις
1177 3283 1514 3350 προκείμενα
1543 3280 1927 3348 κιίδηλεύηται
1952 3322 1964 3344 ,

2069 3001 2158 3051 Διό
2197 2998 2358 3064 σοφὸν
2392 2997 2574 3048 αὐτῶν
2605 3014 2736 3066 φησι
2794 2997 2888 3049 καὶ
2930 2998 2989 3049 τὸ
3029 2995 3104 3064 μὴ
3160 2993 3364 3062 σαφές·
3432 2990 3640 3060 βεϐαιοῖ

2067 3092 2123 3145 δὲ
2147 3091 2309 3144 τοῦτο
2340 3091 2434 3144 καὶ
2475 3091 2566 3144 διὰ
2592 3092 2702 3144 τῶν
2732 3090 2824 3143 τοῦ
2904 3088 3156 3142 Ἡσιόδου
3214 3085 3383 3138 ἐπῶν.
3422 3085 3640 3150 "Expu-

2067 3187 2194 3251 ψαν
2259 3182 2392 3252 γὰρ.
2453 3183 2642 3252 φησὶν,
2703 3187 2757 3236 οἱ
2805 3181 2927 3238 θεοὶ
2968 3180 3094 3246 τοῖς
3145 3179 3485 3246 ἀνθρώποις
3537 3175 3642 3227 τὸν

2069 3275 2307 3328 ἄπονον
2338 3275 2507 3340 βίον,
2565 3275 2663 3328 καὶ
2719 3274 2964 3328 ,πάντων
3005 3271 3212 3326 καλῶν
3258 3270 3334 3337 ιδλ
3355 3269 3475 3322 ῶτα
3520 3267 3640 3322 θεοὶ

386 3368 527 3437 μήτε
558 3373 963 3441 περιφρονῆται
989 3389 1002 3403 ο
1038 3373 1128 3425 διὰ
1175 3375 1284 3442 γὰρ
1327 3375 1427 3441 τῆς
1463 3375 1727 3444 χορηγίας
1769 3373 1968 3426 ἄπονον
1992 3403 2036 3464 C
2071 3368 2478 3436 προπάροιθεν
2502 3370 2748 3436 ἔθηκαν·
2786 3369 2857 3420 Τὸ
2879 3367 2934 3420 δὲ
2965 3357 3181 3427 ἀπό-ἐλωί
3216 3367 3510 3464 τιξγχὰἴῗιν
3534 3362 3644 3462 1.6”

390 3477 446 3510 τε
477 3463 567 3514 καί
611 3463 900 3533 πρόχειρον
924 3479 939 3495 ⁶
975 3463 1118 3518 οὕτω
1149 3467 1240 3519 καὶ
1261 3466 1359 3518 ὅσα
1380 3464 1701 3520 καθεύδουσι
1728 3467 1839 3528 τοῖς
1871 3465 1962 3516 ἁν-

396 3552 635 3620 θρώποις
664 3556 915 3623 ὁρῶνται,
941 3557 1065 3610 ἐπεὶ
1094 3557 1362 3626 θειοτέρα.
1401 3558 1556 3627 φησὶ,
1587 3558 1679 3609 καὶ
1717 3573 1963 3626 προγνω-

398 3645 556 3711 στική
594 3646 677 3707 τίς
709 3648 858 3698 ἐστιν
887 3646 1031 3716 ὄψις,
1083 3649 1176 3702 τοῦ
1214 3648 1588 3716 φανταστικοῦ
1653 3648 1964 3716 πνεύματος

393 3738 492 3804 τῆς
516 3737 694 3808 ψυχῆς
729 3742 1029 3808 τηνικαῦτα
1082 3743 1474 3814 καθαρωτέρου
1530 3742 1961 3811 καθισταμένου,

395 3829 484 3882 διὰ
513 3832 574 3882 τὸ
613 3831 966 3903 ἀπηλλάχθαι
988 3851 1104 3898 πως
1133 3835 1242 3887 τῶν
1281 3836 1611 3903 σωματικῶν
1641 3851 1699 3887 τε
1721 3834 1818 3887 καὶ
1856 3833 1968 3884 ὑλι-

396 3923 506 3973 κῶν
532 3921 797 3990 θορύϐων,
853 3927 1267 3995 αἰνιγματωδῶς
1314 3944 1431 3990 πως
1479 3926 1576 3979 καὶ
1620 3927 1818 3988 ταῦτα,
1873 3927 1969 3978 καὶ

391 4012 585 4084 ῶσπερ
609 4014 713 4067 ὑπὸ
744 4017 1208 4087 παραπετάσματι
1238 4016 1471 4072 δίδονται
1499 4019 1614 4080 τοῖς
1633 4017 1964 4085 ἀνθρώποις.

2071 3460 2294 3529 ἀγαθῶν
2323 3461 2495 3530 δῶρον
2535 3456 2675 3513 εἷναί
2718 3477 2853 3530 φησι
2899 3459 3066 3512 θεῖον.
3107 3454 3358 3509 Δίδοσθαι
3397 3455 3454 3505 δὲ
3485 3452 3668 3535 τοῦτο,

2074 3552 2148 3622 μὴ
2189 3553 2329 3606 πάνυ
2361 3551 2576 3614 πολλοῖς
2595 3569 2759 3613 τισιν,
2794 3554 2875 3604 ὅτι
2907 3549 2982 3621 μὴ
3019 3549 3223 3618 σφόδρα
3269 3546 3473 3614 ὀλίγοις
3495 3562 3509 3575 '
3535 3539 3645 3597 οἷον

2066 3645 2234 3713 σοφία
2276 3645 2374 3714 μὲν
2397 3644 2578 3696 πόνων
2609 3645 2776 3712 χωρὶς
2800 3640 3110 3712 ἐϐραϐεύθη
3169 3643 3246 3710 τῷ
3301 3637 3641 3706 Σολομῶντι·

2067 3734 2309 3804 Σαμψὼν
2338 3735 2394 3787 δὲ
2423 3737 2456 3803 ἠ
2485 3735 2576 3786 τοῦ
2623 3734 2876 3803 σώματος
2920 3733 3331 3801 ἀνυπέρϐλητος
3387 3730 3542 3800 ἰσχύς
3583 3745 3643 3779 τε

2067 3829 2160 3882 καὶ
2193 3826 2352 3898 ῥώμη
2375 3844 2387 3856 ·
2418 3829 2513 3880 καὶ
2542 3824 2638 3893 αὖέ
2663 3830 2739 3889 ὼς
2769 3827 3028 3896 Ἕλληνες
3060 3824 3309 3878 πείθουσι
3347 3823 3521 3890 λόγοι,
3559 3837 3646 3872 σο-

2068 3920 2164 3988 φία
2189 3936 2275 3983 τις
2305 3919 2365 3972 οὐ
2422 3919 2563 3972 πάνυ
2603 3935 2686 3970 τοι
2733 3918 2967 3988 ἀγεννὴς
3015 3913 3119 3990 ἦκε
3166 3916 3317 3984 παρὰ
3376 3915 3475 3982 τῆς
3532 3912 3645 3983 ἄνω

2070 4011 2334 4082 προνοίας
2376 4012 2468 4064 καὶ
2501 4010 2738 4081 Αἰσώπῳ
2762 4010 2838 4080 τῷ
2873 4011 3073 4081 Φρυγὶ,
3106 4010 3200 4063 καὶ
3232 4007 3339 4078 πρό
3388 4024 3453 4075 γε
3523 4003 3644 4057 τούς

1987 4165 2060 4178 ρ.-

1343 4279 1811 4368 INCIPIT
1917 4269 2730 4366 IEXPLANA'I‘IO.

469 4448 619 4513 Quod
678 4452 724 4504 si
786 4453 955 4505 somni
1016 4463 1139 4506 sunt
1208 4451 1432 4522 fatidici.
1493 4447 1969 4518 Quemadmodum

401 4555 587 4608 regum
642 4542 879 4608 pretiosa
948 4557 1211 4609 munera,
1267 4557 1388 4612 qua:
1445 4551 1668 4612 propter
1723 4540 1969 4595 valerem

403 4630 707 4697 majoresve
741 4632 971 4688 delicias
1021 4644 1364 4702 reponuntur
1407 4647 1461 4688 et
1507 4642 1888 4697 asservantur,
1916 4641 1974 4688 et

402 4733 741 4789 quaecunque
770 4721 914 4789 apud
944 4721 1196 4778 homines
1224 4738 1396 4786 sacra,
1423 4734 1650 4794 augusta
1681 4733 1736 4778 et
1765 4724 1974 4792 magni-

406 4809 655 4864 facienda
713 4822 864 4875 sunt,
917 4813 1021 4867 sub
1077 4814 1275 4883 tapetis
1334 4822 1386 4867 et
1447 4815 1634 4869 aulaeis
1688 4815 1794 4871 alia
1849 4813 1973 4869 aliis

2071 4444 2308 4500 obscure
2351 4443 2587 4514 quadam
2621 4443 2833 4498 ratione
2870 4441 3038 4497 etiam
3069 4441 3196 4508 ista,
3249 4450 3510 4510 tanquam
3543 4439 3646 4495 sub

2072 4535 2230 4598 velis.
2259 4535 2572 4590 hominibus
2595 4535 2996 4591 conceduntur.
3023 4533 3156 4588 Eam
3183 4535 3253 4590 ob
3277 4548 3392 4588 rem
3426 4532 3649 4602 sapiens

2071 4636 2128 4682 et
2155 4628 2488 4682 industrium
2520 4635 2606 4683 est
2638 4627 2691 4682 in
2725 4628 2859 4697 ipsis
2890 4626 2974 4698 (ut
3001 4624 3180 4697 aiunt)
3211 4627 3378 4681 etiam
3409 4625 3460 4679 id
3499 4625 3646 4693 quod

2075 4734 2186 4774 non
2237 4730 2484 4789 apertum
2540 4730 2647 4775 est.
2700 4719 2850 4775 Istud
2921 4734 3090 4789 porro
3153 4719 3408 4774 versibus
3460 4717 3650 4772 Hesio-

2075 4809 2128 4864 di
2169 4810 2547 4864 conlirmatur.
2613 4811 2961 4866 Occultarunt
3030 4811 3284 4879 siquidem
3317 4810 3435 4881 (ait
3485 4809 3650 4880 ipse)

407 4910 684 4972 teguntur,
716 4919 785 4958 ne
827 4907 1070 4974 profane
1101 4906 1414 4977 ignarusque
1454 4907 1795 4961 multitudini
1845 4923 1968 4977 pro-
1999 4901 2051 4960 D
2077 4901 2151 4954 dii
2187 4902 2478 4957 hominibus
2497 4903 2666 4957 lenem
2708 4915 2756 4957 et
2798 4902 3221 4974 facilemzvitam,
3247 4914 3294 4958 et
3326 4911 3447 4958 ante
3475 4901 3653 4957 omnia

408 4995 584 5064 posita
612 5009 1037 5067 corrumpantur
1059 5008 1116 5054 et
1150 4998 1559 5066 adulterentur,
1586 5014 1764 5070 neque
1792 4998 1976 5054 ﬂocci-

409 5088 576 5147 Iiant:
598 5104 722 5144 nam
751 5099 974 5159 propter
1000 5099 1271 5160 sumptus,
1294 5091 1344 5145 id
1375 5092 1532 5148 facile
1556 5100 1611 5146 et
1636 5093 1691 5146 in
1721 5100 1974 5161 promptu

411 5179 650 5250 positum
681 5182 896 5235 cst:ita
935 5196 1278 5252 quaecunque
1315 5182 1384 5238 ab
1422 5182 1742 5237 hominibus
1785 5196 1978 5237 somno

408 5271 645 5341 sepultis
727 5282 1052 5339 cernuntur,
1115 5273 1559 5344 quandoquidem
1621 5274 1861 5328 divinior
1917 5289 1980 5328 ac

411 5362 709 5430 praesclens
739 5363 962 5430 quitiam
996 5375 1252 5432 aspectus
1279 5363 1590 5429 denuntiat,
1631 5374 1762 5419 tunc
1803 5368 1978 5434 phan-

413 5453 610 5507 tastico
649 5455 846 5508 animae
893 5455 1087 5524 Spiritu
1143 5456 1366 5525 puriore
1421 5466 1633 5525 pacato,
1690 5468 1981 5526 propterea

412 5545 559 5613 quod
617 5547 834 5600 solutus
878 5557 966 5601 est
1017 5547 1423 5617 quodammodo
1481 5549 1764 5616 corporeis
1817 5561 1985 5619 atque

413 5635 795 5691 materialibus
827 5640 1135 5708 crassisque
1171 5637 1520 5707 tumultibus,
1549 5639 1890 5709 aenigmatice
1930 5651 1986 5695 et

2079 4993 2213 5046 bona
2262 4997 2506 5051 sudorem
2547 4999 2622 5052 dii
2659 4997 3008 5054 collocarunt.
3053 4999 3192 5054 Illud
3217 5009 3424 5064 autem,
3453 5012 3654 5068 nempe

2078 5085 2212 5139 citra
2289 5086 2535 5143 laborem
2601 5090 2870 5146 bonorum
2945 5101 3255 5161 compotem
3318 5106 3462 5161 esse,
3537 5108 3658 5145 mu-

2080 5193 2184 5233 nus
2239 5180 2494 5236 divinum
2563 5186 2766 5239 asserit
2815 5200 2974 5249 esse;
3008 5201 3198 5240 verum
3234 5185 3287 5240 id
3319 5202 3434 5241 non
3467 5188 3657 5241 admo-

2082 5272 2211 5326 dum
2243 5274 2429 5327 multis
2458 5275 2706 5340 concedi,
2749 5277 2862 5331 imo
2902 5276 3062 5332 valde
3093 5277 3286 5346 paucis
3315 5295 3328 5332 :
3367 5280 3533 5333 veluti
3565 5294 3658 5333 sa-

2082 5361 2288 5432 pientia
2318 5363 2437 5417 sine
2461 5363 2648 5419 labore
2674 5365 2954 5420 Solomoni
2985 5380 3082 5434 pro
3109 5365 3334 5435 praemio
3360 5368 3658 5422 distributa

2084 5465 2194 5519 est;
2221 5455 2511 5525 Sampsoni
2538 5471 2668 5512 vero
2699 5459 2948 5527 corporis
2971 5459 3364 5528 insuperabilis
3393 5461 3661 5514 fortitudo

2087 5549 2395 5618 roburque;
2424 5563 2487 5602 ac
2519 5565 2758 5615 rursum,
2785 5550 3117 5606 inliberales
3145 5552 3460 5608 Grtecorunt
3490 5554 3660 5608 disci-

2089 5646 2252 5715 plina:
2290 5642 2516 5697 tradunt
2552 5651 2608 5697 et
2650 5644 2906 5714 suadent,
2943 5645 3212 5717 sapientia
3253 5644 3504 5717 quietiam
3550 5662 3662 5703 non

487 5801 505 5825 ¹
543 5803 759 5873 Pagina
787 5813 916 5857 sunt
943 5802 1202 5860 editionis
1235 5802 1453 5874 Syncsii
1487 5802 1819 5870 Petaviattte,
1854 5822 1992 5875 quas
2027 5807 2080 5862 in
2115 5815 2303 5863 nostra
2349 5805 2596 5862 numeris
2637 5805 3036 5878 grandioribus
3075 5809 3470 5882 expressimus.
3510 5810 3658 5869 Eon.
