4134 6286
385 381 496 444 533

1255 383 1578 443 SCHOLIA
1625 384 1701 442 ΙΝ
1745 384 2136 444 SYNESIUM
2179 386 2272 444 DE
2313 388 2743 447 lNSOBlNilS.

3527 384 3632 445 L31

454 493 846 562 Φιλοσοφίας.
886 493 1086 557 Καλῶς
1123 491 1282 546 τοῦτο
1332 494 1568 563 εἰρήκει.
1601 496 1711 548 Καὶ
1759 496 1867 565 γὰρ
1907 497 1955 549 οἱ
1984 494 2306 566 Αγλώττης
2359 497 2678 568 ἐξήρτηται,
2727 496 2871 550 ὥστε
2929 496 2990 547 ού
3056 496 3216 564 μόνον
3264 493 3371 546 τῶν
3419 495 3631 548 ἐκείνου

295 632 299 634 .
390 585 610 651 ποιηταὶ
642 585 924 653 φιλόσοφοι
965 585 1137 649 ὄντες,
1169 584 1358 640 ἔλαθον
1387 588 1610 656 ποιηταὶ
1639 588 1794 658 παρὰ
1822 589 1958 642 πάν-

322 667 341 699 "
385 693 496 728 των
557 676 906 746 καλούμενοι.
963 679 1088 741 Τοῖς
1158 679 1266 748 γὰρ
1318 681 1526 748 ἰατροῖς
1597 681 1960 752 παραπλήσια

383 766 617 836 δρῶντες
665 770 759 822 καὶ
801 770 978 828 αὐτοὶ,
1007 769 1218 826 ἑαυτῶν
1269 770 1588 838 φιλοσοφίας
1631 772 1712 834 είς
1756 771 1959 841 μύθους

390 860 482 911 καὶ
511 861 687 929 μέτρα
733 861 828 918 καὶ
880 863 1038 931 μέλος
1077 862 1518 932 ψυχαγωγοῦντα
1562 864 1957 934 καταθέμενοι,

383 952 482 1019 τῆς
510 955 722 1006 ἐκεῖθεν
761 955 1029 1021 ὡφελείας
1071 954 1270 1011 οὑτωσὶ
1321 959 1379 1012 τὸ
1425 959 1629 1026 πικρὸν.
1663 961 1960 1014 συνεκάλυ-

382 1045 493 1113 qm
517 1062 532 1076 ·
569 1047 823 1118 καθάπερ
852 1051 948 1102 καὶ
990 1051 1196 1121 ἰατρῶν
1225 1055 1413 1116 παῖδες
1462 1053 1560 1122 τὴν
1603 1053 1710 1106 τῶν
1749 1053 1962 1106 λυσιτε-

383 1139 620 1192 λούντων
651 1141 959 1210 φαρμάκων
983 1143 1180 1213 ἀηδίαν
1207 1145 1386 1208 μέλιτι
1419 1147 1801 1217 κεραννύντες,
1827 1147 1960 1201 πολ-

380 1232 539 1294 λάκις
573 1232 1052 1303 συγκρύπτουσιν·
1090 1236 1164 1300 ὡς
1215 1234 1355 1290 εἶναι
1387 1240 1574 1292 λοιπὸν
1617 1243 1812 1296 συνετὰ
1860 1242 1961 1310 μὲν

379 1323 493 1383 τοῖς
564 1326 769 1391 σοφοῖς,
831 1328 945 1389 τοῖς
1007 1327 1063 1380 δὲ
1140 1328 1390 1399 βεϐήλοις
1446 1333 1768 1404 δημοτερπῆ
1835 1335 1957 1402 μὲν,

383 1412 618 1467 ἀσύνετα
654 1415 731 1468 δέ.
763 1415 856 1480 Εἰς
895 1418 1051 1474 οὐδὲν
1073 1421 1181 1491 γὰρ
1204 1422 1392 1493 ἕτερον
1427 1425 1831 1494 ἐκλαμϐάνουσι
1865 1428 1958 1480 τὸν

384 1509 535 1578 Δίαῆ
575 1512 653 1572 εἰς
683 1512 808 1564 νοῦν
855 1515 1231 1582 πρεσϐύτατον
1274 1521 1370 1572 καὶ
1409 1521 1799 1590 ἀρχαιότατον,
1833 1525 1963 1576 κάν-

381 1601 574 1654 τεῦθεν
600 1605 694 1656 καὶ
735 1605 1048 1674 σοφώτατον
1075 1625 1089 1640 ·
1119 1610 1308 1683 ὥσπερ
1342 1613 1438 1666 καὶ
1473 1615 1572 1684 τὴν
1613 1615 1846 1684 Ἀθηνᾶν
1877 1618 1958 1680 εἰς

381 1694 479 1762 τὴν
516 1695 801 1764 φρῦνησιν,
830 1699 897 1767 ἣν
920 1699 1016 1752 καὶ
1045 1701 1146 1770 τῆς
1182 1704 1247 1754 ὲκ
1282 1704 1377 1756 τοῦ
1409 1705 1531 1767 Διὸς
1562 1707 1806 1776 κεφαλῆς
1837 1723 1959 1772 γεν-

382 1784 578 1837 νᾶσθαί
621 1804 804 1856 φασιν.
857 1789 1194 1855 Ἀκο).ο3οως
1238 1790 1332 1847 οὖν
1388 1799 1480 1849 καὶ
1535 1800 1562 1848 ὁ
1611 1798 1772 1866 σοφὸς
1805 1791 1961 1862 οὗτος

383 1875 636 1942 Συνέσιος
662 1880 874 1934 ἐνταῦθ’
900 1884 979 1944 είς
1015 1884 1138 1938 νοῦν
1172 1887 1272 1954 μὲν
1300 1887 1638 1957 ἐκλαμϐάνει
1693 1891 1784 1943 τὸν
1824 1892 1955 1944 Δία·
1991 1870 2033 1924 Β

385 1970 468 2030 εἰς
515 1970 666 2040 ἰσχὺν
699 1973 757 2025 δὲ
790 1974 955 2028 αὐτοῦ
1007 1978 1102 2046 τὴν
1153 1980 1346 2048 σοφίαν
1374 1997 1387 2010 ·
1425 1981 1483 2034 τὸ
1516 1982 1570 2034 δὲ
1621 1987 1780 2054 γενεῇ
1825 1985 1959 2055 πρό-

382 2075 541 2128 τερος
576 2063 653 2123 εἰς
703 2064 802 2133 τὴν
848 2066 1208 2138 ἀρχαιότητα,
1236 2071 1328 2140 ἀφ’
1360 2067 1428 2142 ἧς
1455 2075 1548 2126 καὶ
1580 2076 1610 2142 ἡ
1647 2077 1813 2144 σοφία
1851 2079 1964 2140 τοῖς

383 2149 600 2220 ἔχουσιν
664 2155 739 2218 ὡς
791 2158 859 2213 τὰ
919 2160 1090 2215 πολλὰ
1141 2165 1505 2232 περιγίνεται.
1563 2169 1702 2236 Φησὶ
1757 2168 1812 2221 δὲ
1868 2169 1965 2222 καὶ

398 2243 789 2317 Ἀναξαγόρας,
814 2251 899 2303 ὄτι
930 2252 1054 2317 νοῦς
1093 2254 1242 2308 ἐστιν
1273 2257 1300 2309 ὁ
1329 2257 1647 2326 διακοσμῶν
1679 2263 1746 2313 τὰ
1783 2261 1966 2316 πάντα

388 2337 483 2386 καὶ
509 2338 728 2406 πάντων
782 2343 990 2407 αἴτιος·
1041 2347 1116 2409 ὡς
1181 2349 1432 2401 ἐντεῦθεν
1484 2352 1822 2418 δείκνυσθαι,
1879 2356 1964 2408 ὅτι

393 2427 487 2478 καὶ
516 2423 666 2494 οὗτος
693 2435 1068 2509 πρεσϐύτερον
1093 2441 1185 2493 καὶ
1220 2442 1371 2495 τοῦδε
1397 2444 1490 2496 τοῦ
1522 2446 1723 2509 παντὸς
1752 2447 1967 2514 δοξάζει

389 2515 481 2570 τὸν
515 2521 660 2574 νοῦν.

467 2612 539 2666 Ἢ
565 2615 732 2683 νοῦς.
766 2619 932 2684 Νόας,
964 2624 1157 2692 νοερᾶς
1195 2626 1401 2688 οὐσίας.

469 2709 683 2776 Ταύτῃ.
718 2712 925 2776 Οὕτως.
954 2717 1098 2770 κατὰ
1133 2721 1335 2774 τοιόνδε
1366 2722 1456 2775 τὶν
1486 2724 1709 2794 τρόπον.

468 2802 879 2873 Προσπερονᾷ.
913 2809 1068 2862 Οὕτω
1091 2828 1172 2864 τοι
1207 2813 1534 2884 αἰρεσιὼτης
1561 2817 1654 2869 τοῦ
1686 2817 1968 2882 Πλάτωνός

402 2890 545 2946 ἐστιν
575 2896 602 2948 ὁ
629 2896 820 2967 παρὼν
847 2892 1002 2963 οὗτος
1027 2902 1303 2969 Συνέσιος,
1337 2909 1429 2960 καὶ
1458 2907 1600 2961 οὕτω
1633 2909 1727 2979 τῆς
1758 2913 1970 2966 ἐκείνου

471 3051 839 3125 Ρίιίίοεορίιὶαν.
862 3059 1121 3128 Apposite
1142 3063 1284 3117 istud
1306 3062 1461 3119 dixit.
1488 3065 1768 3136 Siquidem
1794 3079 1966 3140 poeta:

395 3144 715 3216 philosotihi
765 3165 887 3204 cum
931 3166 1140 3218 essent,
1193 3156 1426 3212 latenter
1477 3161 1621 3229 quod
1673 3172 1847 3232 poetae
1895 3165 1964 3217 ab

397 3239 658 3294 omnibus
707 3246 965 3313 appellati
1017 3255 1165 3303 sunt.
1217 3249 1322 3320 lpsi
1375 3268 1610 3323 namque
1662 3255 1969 3313 consimilia

399 3331 628 3386 medicis
672 3333 934 3392 facientes
963 3354 1155 3394 eorum
1199 3343 1602 3410 philosophiam
1653 3349 1704 3402 in
1739 3350 1968 3412 fabulas.

401 3440 594 3480 versus
633 3437 694 3480 .ct
751 3431 1179 3488 modulationem
1232 3436 1299 3490 ad
1351 3439 1657 3494 animarum
1712 3443 1968 3497 solatiqu

400 3516 599 3575 litteris
629 3524 946 3591 prodentes,
967 3542 1199 3598 eamque
1235 3529 1658 3601 philosophandi
1697 3536 1968 3590 rationem

402 3616 676 3666 memoriae
709 3619 1053 3683 mandantes,
1087 3621 1237 3676 illius
1267 3639 1387 3692 qua:
1422 3626 1546 3680 inde
1579 3628 1826 3694 procedit
1860 3631 1970 3683 uti-

341 3705 570 3767 \lit.utis
619 3708 691 3761 ita
746 3712 1150 3766 amarulentam
1203 3713 1576 3771 difﬁcultatem
1617 3721 1968 3787 obtexerunt,

399 3799 863 3865 quemadmodum
891 3802 1228 3857 medicorum
1258 3804 1351 3858 lilii
1374 3805 1782 3863 fructuosorum
1809 3811 1974 3879 phar-

402 3903 680 3944 maeorum
713 3893 1066 3948 acerbitatem
1107 3905 1163 3948 et
1207 3897 1512 3951 molestiam
1557 3900 1718 3954 melle
1765 3909 1972 3971 tempe-

401 3992 588 4036 rantes
610 3983 804 4040 crebro
828 3986 1178 4042 abscondunt
1196 3999 1293 4061 aut
1326 3992 1669 4059 sapientibus
1696 3993 1968 4063 reliquum

400 4075 475 4130 sit
518 4077 752 4132 solertes
799 4079 1021 4146 quidem
1071 4090 1128 4134 et
1177 4081 1482 4137 industrios
1531 4099 1672 4148 esse,
1722 4087 1970 4155 profanis

398 4183 532 4222 vero
556 4183 619 4223 ea
647 4171 923 4231 supersint
951 4187 1073 4240 quas
1103 4173 1247 4240 plebi
1281 4173 1613 4230 hilaritatem
1647 4187 1702 4231 et
1732 4177 1975 4234 oblecta-

402 4262 605 4316 tionem
632 4261 888 4327 aﬂ'erunt,
910 4273 1166 4319 cauerunt
1199 4267 1568 4337 intelligentiae
1594 4280 1648 4322 et
1673 4272 1970 4328 recondita:

399 4353 836 4423 perspicacitatis
857 4357 1104 4422 expertia
1135 4365 1283 4413 sunt.
1315 4357 1451 4411 Nam
1478 4359 1529 4412 in
1556 4360 1766 4416 null-um
1799 4363 1968 4417 alium

400 4461 621 4500 sensum
660 4447 1093 4516 interpretantur
1138 4449 1350 4512 Jovem,
1400 4466 1563 4520 quam
1616 4452 1681 4506 ad
1731 4465 1967 4510 mentem

2060 586 2228 653 δοξῶν
2285 588 2387 650 τὰς
2443 590 2659 652 πλείους
2715 591 2775 651 ἐς
2830 588 3001 656 ἄκρον
3063 587 3491 656 ἐξεμελέτησεν,
3555 587 3633 650 ὡς

2063 678 2346 747 προϊόντες
2377 679 2646 750 δείξομεν,
2677 681 2813 734 ἀλλὰ
2844 681 2937 733 καὶ
2974 678 3164 742 αὑταῖς
3221 677 3494 748 πολλαχοῦ
3544 678 3641 732 κέ-

2059 787 2257 839 χρηται
2293 775 2409 834 ταῖς
2438 776 2648 826 ἐκείνου
2678 775 2886 839 λέξεσι.
3466 840 3484 855 ⁸

2136 863 2244 914 Καὶ
2281 863 2343 916 τὸ
2369 865 2753 934 προσπερονᾷ
2785 867 2842 919 δὲ
2871 869 2933 919 ἐκ
2979 865 3076 919 τοῦ
3123 866 3408 930 Πλάτωνος
3437 883 3638 936 παρει-

2062 953 2246 1022 λήφει.
2275 956 2414 1025 Φησὶ
2446 958 2554 1026 γὰρ
2584 961 2792 1022 ἐκεῖνος
2830 962 2889 1012 ὲν
2922 959 2999 1027 τῷ
3028 959 3280 1025 Φαίδωνι,
3313 961 3396 1012 ὅτι
3428 961 3636 1026 ἑκάστη

2062 1045 2222 1114 ἡδονὴ
2275 1047 2370 1099 καὶ
2418 1048 2583 1119 λύπη,
2618 1051 2808 1118 ὥσπερ
2840 1046 2969 1124 ἧλον
3007 1054 3204 1123 ἔχουσα
3245 1053 3508 1122 προσηλοῖ
3536 1052 3637 1120 τὴν

2061 1138 2238 1210 ψυχὴν
2289 1141 2426 1208 πρὸς
2460 1143 2519 1195 τὸ
2568 1143 2747 1212 σῶμα,
2795 1147 2889 1198 καὶ
2940 1148 3317 1216 προσπερονᾷ,
3350 1147 3444 1198 καὶ
3495 1147 3641 1197 ποιεῖ

2065 1234 2430 1304 σωματοειδῆ,
2462 1234 2794 1300 δοξάζουσαν
2847 1237 3020 1291 ταῦτα
3061 1234 3201 1290 εἶναι
3253 1236 3456 1306 ἀληθῆ,
3490 1236 3636 1305 ἆπερ

2062 1322 2130 1377 ἂν
2165 1324 2257 1378 καὶ
2303 1327 2362 1378 τὸ
2399 1327 2553 1396 σῶμα
2584 1331 2678 1398 φῇ.

2138 1416 2550 1485 Προσπερονᾷ.
2583 1418 2851 1488 Προσηλοῖ
2880 1421 2973 1482 καὶ
3008 1420 3298 1492 συγκολλᾷ.

2141 1507 2228 1572 Τῷ
2259 1512 2384 1563 κατ’
2410 1510 2631 1575 ἀλκήν.
2661 1511 2816 1564 Τοῦτ’
2846 1511 2981 1576 ἐστι,
3000 1511 3079 1580 τῷ
3116 1513 3260 1566 κατὰ
3292 1512 3450 1582 lc:be
3474 1513 3644 1582 ὑπερ-

2065 1601 2255 1672 φέρειν
2283 1602 2390 1654 τῶν
2418 1603 2618 1658 ἄλλων.

2151 1691 2570 1760 Ἀνακάμπτει.
2635 1695 2976 1764 Συνάγεται,
3039 1697 3356 1767 ἀνέρχεται,
3417 1699 3493 1761 ὡς
3551 1699 3643 1750 ἐπὶ

2066 1782 2270 1836 κύκλου
2302 1786 2767 1855 συμπεραίνεται.

2135 1872 2276 1928 Ὅτι.
2313 1876 2483 1930 Διότι.

2135 1962 2324 2021 Αὗται
2361 1968 2501 2036 μέν.
2551 1970 2736 2025 Ταῦτα
2766 1969 2922 2026 εἶπεν
2949 1975 3257 2044 ἀποδείξεις
3285 1971 3445 2035 εἶναι,
3479 1979 3645 2048 ἣγουν

2065 2055 2127 2109 τὸ
2157 2058 2257 2128 τὴν
2288 2061 2490 2127 γνῶσιν
2529 2063 2623 2118 καὶ
2661 2063 2757 2135 τὴν
2787 2067 2982 2135 σοφίαν
3009 2070 3268 2122 δύνασθαι
3303 2074 3551 2140 προορᾷν
3577 2073 3654 2124 τὰ

2067 2149 2321 2219 ἐσόμενα.
2352 2155 2448 2207 καὶ
2473 2156 2533 2209 τι
2566 2157 2665 2228 τὴν
2693 2161 2958 2229 μαντείαν
2987 2164 3482 2234 πραγματεύεσθαι
3517 2166 3646 2234 περὶ

2067 2257 2265 2298 ταυτα.

2142 2337 2212 2390 El
2270 2337 2338 2391 δὲ
2377 2345 2682 2410 σημαίνει.
2713 2346 2911 2418 Ἕλλην
2969 2350 3062 2403 καὶ
3093 2343 3249 2414 οὗτος
3279 2354 3346 2422 τῇ
3388 2351 3514 2424 δόξῃ
3545 2351 3644 2416 ὢν,

2068 2427 2137 2481 τὰ
2166 2430 2306 2484 αὐτὰ
2339 2435 2569 2497 ἐκείνοις
2618 2438 2860 2504 διέξεισι,
2895 2442 2988 2493 καί
3034 2460 3199 2513 φησιν
3237 2437 3380 2496 εἶναι
3426 2446 3516 2497 τὸν
3557 2445 3651 2496 κά-

2073 2535 2208 2588 σμον
2265 2522 2526 2594 ἔμψυχον,
2561 2531 2652 2581 καὶ
2681 2532 2888 2598 λοιπὸν,
2924 2533 3156 2603 Ὥσπερ,
3197 2536 3382 2605 φησὶν,
3414 2536 3647 2590 ἕκαστον

2071 2613 2178 2665 τῶν
2227 2615 2284 2667 ὲν
2331 2616 2408 2684 τῷ
2459 2618 2650 2690 κόσμῳ
2685 2621 2838 2686 ζώων
2871 2625 3158 2693 σύγκειται
3210 2629 3275 2682 ἐκ
3333 2630 3516 2698 μερῶν
3552 2635 3646 2687 καὶ

2075 2702 2272 2771 μελῶν,
2297 2707 2332 2758 ἃ
2369 2708 2432 2776 δὴ
2475 2713 2761 2765 κοινωνίαν
2796 2716 2889 2770 καὶ
2922 2719 3248 2784 συγγένειαν
3289 2719 3469 2790 ἔχουσι
3509 2724 3648 2793 πρὸς

2072 2794 2277 2866 ἄλληλα
2304 2816 2317 2829 ³
2367 2800 2513 2854 οὕτω
2545 2805 2639 2857 καὶ
2673 2808 2700 2858 ὁ
2731 2807 2939 2876 κόσμος
2965 2813 2990 2863 ὁ
3021 2811 3081 2874 ἐξ
3126 2813 3360 2882 ούρανοῦ
3404 2817 3497 2868 καὶ
3521 2819 3644 2885 γῆς,

2071 2891 2165 2943 καὶ
2212 2892 2320 2945 τῶν
2369 2896 2573 2964 μεταξὺ
2622 2900 3034 2969 συνιστάμενος,
3068 2902 3208 2965 ζῶον
3254 2904 3498 2976 ἔμψυχον
3547 2909 3643 2972 ὢν,

2144 3043 2408 3112 Αιιηρειῐι,
2437 3048 2523 3102 vel
2555 3051 2738 3120 afﬁgit.
2771 3051 2863 3106 Sic
2889 3053 3078 3123 utique
3103 3056 3436 3115 oblirmatus
3469 3062 3647 3117 Plato-

2077 3132 2164 3184 nis
2190 3145 2429 3190 sectator
2456 3147 2542 3192 est
2576 3140 2664 3194 hic
2702 3152 2886 3198 noster
2911 3146 3196 3215 Synesius,
3231 3159 3287 3203 et
3330 3152 3402 3207 ita
3433 3155 3500 3207 ab
3527 3156 3648 3221 ejus

2077 3219 2263 3290 lingua
2309 3228 2532 3294 pendet,
2567 3239 2627 3283 ut
2671 3246 2782 3286 non
2829 3234 2994 3290 modo
3026 3238 3340 3308 complures
3379 3243 3500 3313 ejus
3533 3219 3662 3312 opi-

2078 3314 2270 3370 niones
2298 3335 2470 3388 usque
2493 3322 2558 3376 ad
2589 3325 2800 3394 apicem
2827 3339 2884 3382 et
2909 3331 3304 3389 sublimitatem
3333 3339 3655 3396 meditando

2079 3419 2409 3464 consecutus
2451 3413 2544 3480 sit,
2592 3418 3061 3484 quemadmodum
3091 3424 3145 3478 in
3194 3427 3312 3495 ipso
3357 3445 3648 3502 progressu

2078 3499 2480 3565 enarrabimus,
2498 3519 2688 3559 verum
2714 3508 2881 3563 etiam
2912 3511 3175 3581 ipsasmet
3205 3516 3353 3574 illius
3383 3499 3656 3580 dictiones

2078 3592 2283 3655 passim
2311 3596 2657 3657 adhibuerit.

2148 3684 2214 3737 Et
2243 3685 2373 3741 illud
2397 3695 2629 3750 annectit
2661 3710 2692 3750 e
2719 3697 2945 3754 Platone
2962 3705 3280 3772 assumpsit.
3301 3705 3400 3761 Ait»
3418 3707 3564 3762 enim
3594 3709 3656 3764 in

2078 3775 2371 3844 Phaedone,
2406 3801 2791 3860 quamcunque
2818 3793 3153 3863 voluptatem
3187 3806 3244 3850 et
3269 3798 3654 3866 aegritudinem

2081 3867 2249 3922 veluti
2277 3871 2492 3928 clavum
2534 3877 2756 3946 habere,
2791 3897 2901 3952 quo
2939 3885 3186 3940 animum
3221 3889 3437 3957 corpori
3473 3889 3652 3960 alligat

2077 3971 2133 4014 et
2159 3975 2434 4033 auncctat,
2465 3972 2960 4044 eorpulentumque
2983 3976 3199 4041 elliciat,
3225 3981 3430 4049 quippe
3459 3983 3556 4051 qui
3586 3999 3654 4039 ea

2081 4072 2204 4112 vera
2239 4076 2360 4116 esse
2395 4063 2717 4134 arbitratur,
2749 4086 2871 4139 qua)
2899 4087 3102 4142 corpus
3127 4073 3353 4146 dixeriti

2148 4155 2348 4224 Aﬂigit.
2381 4158 2488 4213 Seu
2520 4160 2572 4214 iu
2609 4176 2767 4216 suum
2793 4164 2886 4234 jus
2922 4167 3138 4236 recipit,
3169 4177 3223 4222 et
3248 4173 3613 4241 conglutinat.

2153 4247 2353 4304 l'irium
2385 4257 2734 4321 prwstuntim.
2783 4257 2834 4311 Id
2871 4269 2976 4323 est,
3007 4273 3298 4331 propterea
3338 4267 3485 4334 quod
3513 4267 3651 4320 viri-

2078 4343 2180 4396 bus
2213 4335 2338 4399 aliis
2367 4350 2717 4415 praastantior
2743 4351 2832 4406 sit.
3405 4374 3423 4399 ο

2148 4436 2473 4509 Reﬂectilur.
2521 4440 2695 4496 Simul
2735 4443 3052 4511 adducitur,
3090 4446 3254 4512 redit,
3290 4458 3348 4504 et
3391 4458 3650 4521 tanquam

403 4548 534 4592 natu
580 4542 872 4596 maximam
913 4552 968 4596 et
1013 4543 1478 4611 antiquissimam,
1517 4561 1580 4600 ac
1620 4547 1850 4616 proinde
1888 4567 1968 4604 sa-

2080 4529 2140 4583 in
2166 4531 2372 4585 rirculo
2401 4534 2769 4590 concludimr.

401 4633 801 4704 pientissimam
847 4651 861 4686 :
911 4634 1080 4689 veluti
1137 4637 1434 4692 Minervam
1477 4640 1542 4694 ad
1594 4641 1966 4710 prudentiam,

402 4743 565 4796 quam
598 4727 761 4781 etiam
793 4743 821 4781 c
847 4726 999 4782 Jovis
1023 4727 1252 4782 cerebro
1281 4740 1460 4783 natam
1491 4731 1806 4800 perhibent.
1827 4734 1973 4789 Con—

404 4831 670 4875 sentanea
690 4819 858 4890 igitur
886 4819 1100 4874 ratione
1126 4822 1344 4889 sapiens
1373 4823 1462 4877 ille
1488 4824 1756 4878 Svnesius
1787 4825 1876 4879 hic
1906 4826 1970 4878 ad

405 4923 646 4968 mentem
671 4922 728 4968 et
757 4913 1166 4981 intelligentiam
1214 4915 1382 4969 refert
1411 4916 1598 4970 Jovem
1629 4936 1640 4969 :
1672 4926 1728 4971 et
1757 4917 1823 4971 ad
1859 4918 1972 4972 l‘or-

405 5008 694 5062 titudinem
747 5009 921 5077 ipsius
979 5009 1326 5077 sapientiam.
1371 5009 1526 5076 Quod
1581 5023 1763 5066 autem
1815 5022 1976 5068 aetate

407 5101 561 5169 prior
598 5100 686 5163 sit,
722 5101 787 5152 ad
821 5101 1228 5170 antiquitatem,
1265 5117 1363 5171 per
1405 5118 1567 5171 quam
1599 5102 1872 5173 sapientia
1911 5105 1976 5159 iis

408 5192 502 5261 qui
542 5191 686 5244 illam
716 5194 952 5248 assecuti
983 5203 1113 5248 sunt
1142 5193 1406 5262 suppetit,
1451 5205 1509 5248 ut
1541 5197 1812 5264 permulta
1845 5197 1971 5251 alia.

409 5283 560 5339 Dixit
599 5300 765 5354 porro
810 5285 1160 5355 Anaxagoras
1199 5297 1435 5342 mentem
1483 5304 1604 5343 esse
1636 5306 1756 5358 qua:
1795 5289 1978 5344 omnia

408 5376 699 5444 gubernat,
731 5385 785 5429 et
815 5377 1061 5430 omnium
1104 5377 1376 5431 bonorum
1410 5393 1578 5434 causa
1608 5390 1691 5432 est
1720 5399 1730 5432 :
1764 5389 1822 5432 ut
1855 5379 1981 5432 inde

409 5466 773 5526 detnnnstret,
831 5466 976 5535 quod
1038 5476 1095 5521 et
1139 5467 1232 5521 ille
1283 5467 1653 5537 antiquiorem
1713 5483 1862 5536 esse,
1927 5482 1983 5523 ct

408 5557 572 5624 hujus
605 5555 843 5611 universi
879 5567 1119 5612 mentem
1160 5558 1442 5628 opinatur.

483 5644 656 5710 Quam
705 5649 930 5702 animos.
987 5649 1215 5713 Mcntcs,
1273 5650 1606 5706 substantias
1652 5663 1706 5706 et
1761 5662 1984 5706 naturas

411 5738 840 5793 iutt-llectuales.

483 5829 601 5883 llac
632 5832 854 5886 ratione.
890 5832 1047 5891 Hunc
1078 5835 1131 5890 in
1173 5835 1417 5890 modum.

2150 4623 2274 4677 Ilu'c
2311 4627 2518 4693 quidem
2550 4637 2863 4696 argumenta
2908 4642 3054 4686 sunt.
3099 4633 3175 4688 Ea
3209 4647 3529 4704 argutuenta
3570 4637 3654 4692 in-

2077 4718 2198 4786 quit
2229 4717 2729 4775 demonstrationes
2775 4737 2921 4787 esse,
2961 4725 3106 4794 quod
3148 4727 3363 4782 scilicet
3410 4729 3653 4797 cognitio

2078 4818 2135 4864 et
2165 4811 2430 4881 sapientia
2467 4815 2640 4880 possit
2683 4827 2950 4871 eventura
2990 4818 3332 4888 prospicere,
3365 4829 3422 4875 et
3455 4822 3654 4876 vatici-

2078 4905 2246 4958 nandi
2277 4905 2570 4961 artilieium
2597 4908 3038 4980 philosophando
3064 4892 3210 4967 circa
3239 4928 3331 4968 eas
3355 4929 3444 4968 res
3497 4931 3657 4970 occu-

2080 5006 2262 5067 petur.

2152 5088 2302 5154 Quod
2342 5093 2388 5145 si
2421 5095 2598 5149 omnia
2645 5096 2855 5166 quidem
2888 5099 3033 5150 omni
3080 5113 3143 5150 ea:
3192 5109 3346 5166 parte
3379 5101 3657 5170 quidpiam

2082 5186 2420 5252 portendunt.
2471 5185 2696 5242 Graecus
2757 5204 2881 5243 eum
2938 5191 3010 5244 sit
3057 5189 3352 5257 opinione,
3401 5209 3464 5247 ea
3535 5209 3656 5262 qua:

2084 5276 2185 5346 ipsi
2236 5267 2483 5334 sentiunt
2533 5295 2928 5336 commemorat
2965 5282 3270 5336 :mundum
3309 5299 3406 5338 sua
3463 5297 3657 5340 natura

2083 5385 2201 5425 esse
2233 5372 2557 5432 animatum,
2593 5381 2648 5425 et
2677 5372 2822 5440 quod
2856 5373 3130 5440 reliquum
3162 5385 3265 5429 est.
3289 5375 3656 5440 Quemadmo-

2085 5463 2238 5525 dum,
2266 5462 2362 5527 ait,
2413 5463 2850 5532 unumquodque
2901 5463 3267 5519 animantium
3334 5466 3387 5520 in
3451 5467 3660 5522 nmndo

2085 5555 2450 5623 compositum
2479 5564 2648 5608 estex
2679 5554 2930 5623 partibus
2959 5563 3016 5610 et
3041 5557 3324 5622 membris,
3356 5574 3476 5627 qua}
3505 5569 3660 5613 certo

2086 5646 2402 5701 socii-tatem
2456 5653 2512 5698 et
2556 5643 2940 5713 Cognationmn
2993 5654 3238 5699 mutuam
3279 5649 3423 5700 inter
3469 5662 3528 5699 se
3566 5648 3662 5701 ba-

2086 5741 2260 5792 lwnt:
2296 5738 2376 5792 sic
2425 5746 2482 5792 et
2524 5736 2763 5790 mundus
2816 5753 2846 5790 θ
2896 5737 3035 5792 coelo
3083 5752 3147 5792 ac
3187 5749 3330 5792 terra
3386 5737 3660 5808 rebusque

2091 5830 2390 5901 interjeetis
2418 5838 2697 5890 constans,
2731 5829 2931 5883 animal
2961 5845 3087 5886 cum
3117 5829 3189 5885 sit
3217 5829 3340 5884 vita:
3361 5827 3658 5901 particeps,
