4134 6286
395 323 497 385 5i?

1269 327 1593 387 SCIIOLIA
1642 326 1718 386 ΙΝ
1765 327 2150 387 SYNESIUM
2194 329 2291 388 DE
2333 329 2763 389 INSOMNHS.

3545 333 3649 395 538

392 435 807 502 δυσοιωνίστους
838 441 960 495 καθ’
984 441 1122 506 ὁδὸν,
1156 441 1184 493 ὃ
1225 441 1315 494 καὶ
1349 442 1516 494 κακδιν
1548 442 1597 494 οἱ
1628 441 1795 495 κοινοί
1828 457 1960 510 φασι
1993 448 2036 502 Λ
2067 445 2348 515 ἑκατέροις
2395 444 2489 498 καὶ
2541 445 2763 498 παλαιοὶ
2810 449 2902 501 καὶ
2953 447 3083 499 νέοι.
3139 446 3348 520 ’Ὠσπερ
3412 446 3505 503 οὖν
3534 455 3646 513 τοῖς

395 529 746 598 συνάντημα’
779 531 812 599 ἦ
846 547 969 585 τινα
1010 533 1073 585 ἐκ
1120 531 1214 585 τοῦ
1262 535 1605 602 παρήκοντος
1639 531 1972 600 λαληθεῖσαν

397 620 602 689 φωνὴν,
639 619 830 691 ὥσπερ
877 624 1290 676 συνεπεπτώκει
1346 625 1478 677 ποτὲ
1525 628 1618 678 καὶ
1664 624 1862 694 Παύλῳ
1893 623 1972 693 τῷ

396 711 664 782 Αἰμυλίῳ,
696 713 774 781 τῷ
808 715 872 766 ἐκ
916 714 1210 780 Ῥωμαίων
1257 717 1622 770 ἀποσταλέντι
1682 716 1972 786 στρατηγῷ

397 805 475 865 είς
500 805 791 858 ἀντίπαλον
826 808 1005 876 μάχην
1030 808 1122 861 τἰὖ
1171 809 1422 880 Περσέως
1466 810 1559 862 τοῦ
1588 811 1696 863 τῶν
1729 809 1974 863 Μακεδό-

395 911 502 946 νων
532 894 814 961 βασιλέως.
854 897 1132 950 Μέλλοντα
1185 899 1292 968 γὰρ
1336 899 1561 963 ἐξιέναι,
1595 901 1760 966 φασὶν
1791 901 1972 952 ἀσπι-

395 985 623 1054 ζόμενον
674 987 732 1039 τὸ
779 987 1071 1058 θυγάτριον
1120 991 1302 1060 εὑρεῖν
1355 991 1487 1045 αὐτὸ
1539 992 1965 1061 δεδακρυμένον,

398 1077 494 1128 καὶ
525 1077 625 1147 τὴν
674 1079 853 1131 αἰτίαν
911 1081 1010 1150 τῆς
1063 1080 1239 1151 λύπης
1273 1081 1570 1152 ἀκηκοέναι
1602 1083 1734 1151 παρ’
1780 1083 1967 1146 αὑτοῦ,

401 1167 549 1246 Ὅτι,
590 1171 743 1238 φησὶ,
767 1171 794 1222 6
822 1172 1059 1239 Περσεὺς
1085 1172 1386 1241 ἐτεθνήκει.
1415 1169 1522 1226 Ἦν
1559 1173 1617 1226 δὲ
1658 1177 1686 1227 6
1727 1167 1970 1245 Περσεὺς

395 1259 454 1309 ὃν
499 1257 725 1326 ἔφασκε,
771 1261 1006 1315 κυνίδιον
1066 1267 1366 1334 σύντροφον
1410 1265 1488 1335 τῷ
1529 1265 1841 1336 θυγατρίῳ·
1878 1267 1968 1319 τὸν

395 1351 476 1412 δὲ,
520 1351 718 1422 Ἀγαθῇ
779 1353 936 1426 τύχῃ.
971 1355 1156 1421 φάναι,
1188 1351 1232 1409 ὦ
1282 1357 1540 1427 θυγάτερ,
1599 1360 1691 1411 καὶ
1738 1359 1967 1428 δέχομαι

397 1440 488 1491 τὸν
523 1443 706 1494 οἰωνόν
730 1459 746 1474 ο
778 1443 948 1497 ταῦτα
998 1445 1254 1511 διέξεισιν
1286 1451 1343 1501 ἑν
1375 1451 1489 1512 τοῖς
1541 1451 1669 1520 περὶ
1698 1450 1966 1520 μαντικῆς

397 1536 423 1586 6
466 1535 624 1601 σοφὸς
664 1536 932 1606 Κικέρων.

465 1628 841 1696 Καλούμενιι.
872 1631 1028 1700 Παρὰ
1053 1632 1162 1685 τῶν
1198 1633 1428 1690 πολλῶν.

466 1717 852 1786 Συγκὺρσεις.
889 1721 1194 1791 Συντυχίαι,
1241 1727 1654 1795 συναντήματα,
1688 1727 1780 1780 ἐπ’
1816 1728 1962 1798 ἄλλῳ
1999 1769 2038 1827 Β

398 1808 496 1876 μὲν
557 1809 844 1878 πράγματι
905 1813 1207 1880 γινόμεναι,
1265 1814 1352 1867 ἐπ’
1412 1816 1558 1887 ἄλλῳ
1621 1818 1678 1870 δὲ
1735 1818 1965 1872 ἀποϐαί-

397 1917 604 1954 νουσαι.

467 1993 706 2048 Ἅπασι.
755 1997 1028 2069 Ἀλλήλοις
1061 2001 1326 2071 ἀλλήλων.

468 2087 634 2140 Ὢστ’
667 2090 718 2141 εὶ
756 2091 962 2158 σοφία.
997 2091 1178 2144 Θὲλων
1220 2095 1618 2165 ἐναργέστερον
1668 2096 1747 2148 ἔτι
1793 2095 1964 2162 δεῖξαι

393 2173 494 2241 τὴν
522 2175 633 2226 τῶν
661 2177 843 2246 μερῶν
882 2179 976 2232 τοῦ
1011 2181 1220 2250 κόσμου
1257 2183 1542 2237 κοινωνίαν
1582 2185 1715 2253 πρὸς
1761 2187 2002 2255 ἄλληλα·

399 2267 492 2319 καὶ
550 2271 889 2337 συγγένειαν,
939 2275 1126 2340 φησὶν,
1172 2275 1276 2338 ὅτι,
1347 2280 1394 2330 εἰ
1447 2279 1542 2329 καὶ
1596 2283 1705 2341 τοῖς
1760 2279 1965 2346 ὄρνισιν

397 2357 522 2424 ἐνῆν
583 2360 744 2426 σοφία
805 2379 909 2427 τις,
967 2363 1157 2435 ὥσπερ
1214 2371 1325 2426 τοῖς
1393 2369 1704 2437 ἀνθρώποις
1763 2370 1962 2436 ἔνεστι,

396 2450 592 2519 τέχνην
641 2451 706 2503 ἂν
763 2456 858 2505 καὶ
907 2457 955 2508 οἱ
1002 2457 1218 2528 ὄρνιθες
1266 2460 1323 2525 ἐξ
1369 2461 1674 2530 ἀνθρώπων
1708 2466 1966 2531 συνεστή-

398 2556 579 2604 σαντο,
626 2541 814 2612 ὥσπερ
869 2546 964 2599 καὶ
1013 2550 1060 2600 oi
1120 2549 1394 2620 ἄνθρωποι
1456 2553 1520 2603 ἐκ
1566 2553 1674 2604 τῶν
1733 2553 1966 2622 ὀρνίθων

398 2637 789 2704 συνεστήσαντο
823 2639 1016 2710 τέχνην
1064 2643 1349 2712 μαντικὴν,
1379 2645 1446 2712 ἢν
1501 2644 1761 2698 καλοῦσιν
1790 2649 1966 2698 οἰωνι-

401 2727 591 2795 στικὴν
621 2730 713 2779 καὶ
739 2729 1215 2801 ὀρνιθοσκοπικήν.
1259 2735 1365 2786 Καὶ
1394 2734 1501 2802 γὰρ
1531 2735 1719 2806 ὥσπερ
1751 2737 1964 2805 ὄρνιθες

402 2818 486 2883 ἀεί
543 2822 678 2871 εἰσιν
721 2822 779 2885 ἐξ
836 2825 1009 2893 ἀρχῆς
1059 2827 1150 2893 ἀφ’
1211 2818 1272 2878 οὗ
1320 2828 1553 2896 συνέστη
1608 2828 1725 2880 τόδε
1766 2830 1826 2881 τὸ
1860 2831 1966 2881 πᾶν

403 2907 564 2977 μέχρι
591 2909 706 2974 νῦν,
736 2909 876 2964 οὕτω
906 2914 996 2966 καὶ
1025 2914 1074 2966 oi
1103 2914 1378 2984 tivepwrt'.t
1421 2917 1506 2970 ἀεί
1540 2919 1677 2970 εἰσιν
1717 2900 1968 2988 ἑκάτεροι

2076 538 2387 607 ἀνθρώποις
2459 538 2509 592 οἱ
2568 538 2782 609 ὄρνιθες
2855 538 2991 609 πρὸς
3047 538 3148 601 τὰς
3221 541 3480 604 μαντείας
3538 545 3647 595 εἰσὶ

2073 631 2238 697 δεξιοί
2267 649 2324 683 τε
2350 631 2443 682 καὶ
2477 631 2769 699 ἐπιτήδειοι
2801 631 2938 700 πρὸς
2970 630 3262 701 μαντικὴν,
3297 631 3471 694 οὕτως
3500 629 3643 702 ἦσαν

2075 722 2140 776 ἃν
2169 725 2262 775 καὶ
2305 720 2417 786 τοῖς
2455 723 2663 793 ὄρνισιν
2708 724 2759 775 oi
2796 721 3073 794 ἄνθρωποι
3107 724 3248 776 κατὰ
3274 723 3336 776 τὸ
3364 725 3648 789 ἀντίστρο-

2074 831 2174 884 φον
2205 814 2368 878 δεξιοὶ
2411 815 2504 867 καὶ
2538 815 2830 881 ἐπιτήδειοι
2873 815 3009 884 πρὸς
3056 815 3358 885 μαντικὴν,
3403 818 3451 868 εί
3486 820 3646 884 σοφία

2075 909 2167 960 καὶ
2193 909 2305 970 τοῖς
2340 907 2545 975 ὄρνισιν
2583 907 2729 974 ἐνῆν.
2779 907 3105 970 ’Δναγκαῖον
3137 906 3245 977 γὰρ
3289 904 3357 977 ἧν
3383 908 3452 959 τὰ
3503 907 3643 977 μέρη

2074 1000 2166 1052 τοῦ
2191 999 2396 1067 κόσμου
2425 1000 2703 1051 κοινωνεῖν
2732 998 3018 1068 ἁλλήλοις,-
3036 997 3133 1051 ἅτε
3168 1000 3285 1060 ἑνός
3315 1016 3460 1062 τινος
3503 999 3644 1062 ζώου

2077 1090 2212 1160 μέλη
2243 1091 2596 1160 τυγχάνοντα,
2629 1092 2724 1143 καὶ
2747 1091 2836 1142 διὰ
2867 1090 3025 1142 τοῦτο
3060 1092 3407 1153 συμπάθειαν
3452 1090 3644 1160 ἔχοντα

2075 1185 2210 1253 πρὸς
2256 1183 2480 1252 ἄλληλα,
2518 1184 2615 1236 καὶ
2679 1177 2789 1234 οἷον
2849 1184 3024 1234 εἰπεῖν
3075 1183 3402 1251 σύμπνοιαν.
3459 1185 3642 1237 Ταῦτα

2073 1275 2243 1343 λέγων
2282 1273 2471 1344 ὥσπερ
2516 1274 2886 1341 ἀναλαμϐάνει
2931 1276 3144 1338 ἑαυτὸν,
3176 1278 3269 1328 καὶ
3301 1277 3642 1343 διαπορεῖται

2073 1369 2167 1420 καὶ
2211 1368 2372 1419 οἱονεὶ
2408 1368 2588 1437 ἐρωτᾷ
2623 1367 2811 1418 ἑαυτὸν
2853 1366 3046 1434 λέγων,
3079 1367 3308 1434 Μήποτε
3358 1368 3415 1420 αἱ
3450 1369 3642 1434 μάγων

2074 1461 2260 1526 τῦγγες
2305 1454 2464 1511 αὗταί
2507 1461 2647 1524 sisi;
2695 1460 2802 1511 Καὶ
2855 1458 2965 1526 γὰρ
3008 1460 3036 1510 6
3065 1457 3227 1525 σοφὸς
3270 1460 3300 1511 6
3340 1458 3496 1521 εἰδὼς
3543 1459 3642 1527 τὴν

2071 1550 2318 1619 ἀλλήλων
2342 1550 2548 1601 τούτων
2575 1549 2915 1616 συγγένειαν,
2945 1550 3089 1615 ὁρῶν
3118 1549 3201 1600 ὅτι
3233 1549 3489 1615 θέλγεται
3511 1549 3642 1617 παρ’

2071 1642 2316 1711 ἀλλήλων
2349 1640 2574 1709 ἄλληλα,
2617 1642 2711 1692 καὶ
2737 1640 2969 1709 δήλωσιν
2995 1639 3262 1708 λαμϐάνει
3299 1641 3431 1708 παρ’
3476 1641 3641 1707 ἀλλή-

2073 1732 2176 1784 λων
2227 1732 2452 1801 ἆλληλα,
2478 1732 2625 1785 ἓλκει
2667 1731 2796 1784 ἄλλο
2845 1732 2911 1784 δι’
2961 1732 3121 1786 άλλου
3148 1747 3164 1764 ο
3190 1729 3305 1786 οἷον
3338 1735 3527 1802 ὥσπερ
3555 1733 3640 1785 διὰ

2067 1824 2161 1890 τῆς
2217 1822 2532 1889 μαγνίτιδος
2575 1823 2666 1874 τὸν
2709 1823 2949 1893 σίδηρον,
2996 1823 3139 1877 οὕτω
3202 1825 3298 1877 καὶ
3344 1824 3430 1877 διὰ
3477 1824 3640 1892 τῆσδε

2066 1913 2098 1982 ἢ
2143 1913 2308 1980 τῆσδε
2357 1914 2457 1981 τῆς
2510 1912 2666 1982 ὕλης,
2709 1913 2805 1965 καὶ
2855 1913 3007 1966 τοῦδε
3061 1915 3154 1967 τοῦ
3205 1917 3506 1984 σχήματος,
3550 1917 3644 1969 καὶ

2065 2007 2227 2074 τῆσδε
2261 2006 2360 2074 τῆς
2392 2007 2596 2073 φωνῆς,
2623 2006 2740 2058 τάδε
2773 2005 2806 2074 ἦ
2837 2006 2974 2071 τόδε,
3004 2007 3078 2068 ὡς
3113 2007 3392 2076 εἰρήσεται
3421 2009 3644 2076 προϊοῦ-

2067 2115 2153 2150 σιν
2179 2099 2310 2167 ἡμίν
2339 2096 2714 2167 ἐκδηλότερον.
2751 2095 2828 2149 Οὐ
2863 2098 3024 2165 μόνον
3046 2097 3154 2167 γὰρ
3183 2097 3376 2168 δένδρα
3399 2097 3642 2168 δένδρεσι

2068 2191 2352 2258 θέλγεται,
2415 2188 2667 2257 καθάπερ
2727 2189 2930 2256 φοίνικι
3000 2188 3212 2257 φοίνιξ,
3267 2191 3363 2242 καὶ
3419 2189 3641 2259 βοτάναι

2070 2281 2348 2349 βοτάναις,
2375 2281 2467 2332 καὶ
2497 2281 2611 2343 ζῶα
2637 2277 2818 2342 ζώοις,
2850 2279 2986 2333 ἀλλὰ
3019 2283 3114 2334 καὶ
3163 2281 3407 2350 σκορόδῳ
3434 2281 3462 2332 6
3490 2281 3640 2334 δεῖνα

2071 2373 2239 2441 ἰχθὺς,
2274 2374 2366 2424 καὶ
2400 2371 2538 2425 ἄλλα
2571 2371 2772 2433 ἄλλοις,
2809 2372 2904 2423 καὶ
2951 2371 3010 2424 τό
3055 2388 3120 2438 γε
3170 2371 3643 2442 θαυμασιώτερον,

2067 2466 2320 2534 δαίμονες
2382 2465 2442 2530 ἐξ
2497 2463 2658 2533 ἀέρος
2704 2463 2798 2514 καὶ
2841 2465 2942 2530 γῆς
2982 2463 3263 2529 θέλγονται
3305 2465 3480 2517 τοῖσδε
3530 2468 3642 2527 τοῖς

2067 2555 2324 2624 λίθοις,ἢ
2372 2555 2553 2605 ταῖσδε
2599 2555 2718 2614 ταῖς
2766 2553 3041 2620 βοτάναις,
3072 2553 3104 2622 ἢ
3137 2554 3320 2606 ταῖσδε
3368 2557 3487 2616 ταῖς
3531 2573 3644 2622 φω-

2068 2643 2267 2711 ναί;,ῆ
2320 2643 2496 2695 τοῖσδε
2547 2642 2663 2702 τοῖς·
2719 2642 3014 2708 σχήμασιν,
3055 2640 3091 2693 ἃ
3142 2643 3237 2692 καὶ
3288 2641 3644 2708 χαρακτῆρας

2069 2735 2356 2789 καλοῦσιν·
2392 2727 2546 2802 οἶμαι
2587 2733 2642 2785 δὲ
2690 2730 2861 2785 ταῦτα
2905 2733 3055 2799 napis
3085 2732 3369 2784 Χαλδαίων
3423 2733 3518 2784 καὶ
3550 2733 3646 2783 Λί-

2069 2826 2312 2892 γυπτίωθ
2341 2824 2581 2892 ἀρχῆθεν
2621 2822 2886 2893 εὑρῆσθαι
2921 2821 3157 2874 ἕκαστον
3190 2821 3401 2889 ἑκάστῳ
3426 2821 3644 2889 δαίμονι

2068 2918 2430 2987 γνωριστικδν
2482 2916 2730 2985 σημεῖον.
2765 2913 2876 2978 Τὴν
2934 2914 2989 2966 δὲ
3035 2911 3203 2981 τυγγά
3244 2930 3410 2980 φασιν
3459 2912 3644 2980 ὄρνεον

397 3078 563 3120 eunte
604 3069 1010 3135 pronuntiatam
1047 3072 1450 3128 inconsiderate
1499 3091 1686 3130 vocem
1722 3080 1967 3142 :que‘m-
1996 3113 2040 3174 Ο
2074 3092 2189 3129 nete
2219 3074 2285 3129 ad
2325 3087 2509 3128 rerum
2545 3071 2854 3125 futurarum
2894 3069 3316 3140 prieseientiam,
3341 3069 3422 3124 sie
3459 3079 3644 3124 essent

399 3156 692 3210 admodum
757 3159 1052 3228 aliquando
1110 3162 1308 3216 accidit
1362 3164 1527 3218 Paulo
1585 3164 1808 3219 ASmilio
1860 3167 1969 3220 llo—

406 3262 695 3315 nianorum
766 3251 1086 3319 imperatori
1158 3254 1404 3324 ablegato
1459 3257 1511 3308 in
1595 3257 1968 3311 adversarium

409 3340 651 3406 przelium
671 3341 856 3397 Persei
899 3343 1253 3397 Macedonqu
1286 3347 1446 3416 regis,
1474 3363 1636 3416 quem
1668 3349 1820 3403 aiunt
1859 3366 1973 3403 am-

411 3429 624 3497 plexum
662 3431 829 3486 fuisse
862 3435 1114 3502 ﬁliolam,
1147 3448 1201 3489 ct
1250 3452 1367 3490 eam
1411 3438 1686 3493 invenisse
1723 3441 1975 3509 lacrymis

409 3524 684 3592 perfusam
709 3566 722 3588 ,
759 3541 1094 3596 causamque
1150 3530 1404 3583 turpioris
1451 3531 1520 3585 ab
1553 3547 1613 3584 ea
1667 3532 1923 3587 didicisse
1957 3552 1970 3590 :

404 3615 698 3682 Quoniam,
733 3617 930 3688 inquit,
968 3619 1200 3674 Perseus
1257 3631 1503 3676 mertuus
1551 3631 1653 3678 est.
1701 3624 1826 3677 Erat
1879 3641 1977 3678 au-

406 3716 512 3759 tem
542 3706 632 3770 ille
667 3709 901 3763 Perseus
936 3726 1096 3777 quem
1126 3712 1263 3766 dixit
1299 3713 1526 3767 catellus
1577 3712 1759 3769 ﬁliola:
1798 3717 1972 3768 :Illlm'

347 3799 350 3802 ’
405 3813 509 3862 nus
543 3815 557 3850 :
587 3814 712 3852 eum
744 3815 894 3865 vero,
923 3802 1193 3870 Prospera
1221 3803 1465 3865 fortuna,
1491 3805 1697 3859 dixisse
1721 3823 1736 3861 ι
1764 3807 1976 3874 accipio

403 3905 584 3957 omen,
619 3906 739 3946 mea
772 3891 900 3946 illia.
947 3894 1050 3947 Ista
1081 3904 1480 3950 commemorat
1521 3897 1787 3967 eloquens
1811 3909 1978 3968 atque

405 3983 611 4052 peritus
639 3983 834 4038 Cicero
868 3983 920 4038 in
961 3985 1059 4039 lib.
1091 3985 1164 4038 De
1199 3985 1554 4042 Divinatione.

473 4075 832 4144 Portentaque
857 4086 1133 4132 vocantur.
1168 4071 1210 4132 Δ
1244 4080 1452 4133 multis.

479 4166 728 4226 Eventus.
781 4168 987 4230 Casus,
1036 4183 1348 4233 oet-ursus,
1414 4171 1508 4238 qui
1561 4181 1784 4240 propter
1827 4173 1977 4227 aliud

406 4262 566 4326 ﬁunt,
605 4271 830 4330 propter
870 4264 1018 4317 aliud
1061 4266 1408 4334 contingunt.

475 4353 722 4408 Omnium
767 4357 1146 4424 signiﬁcativa.
1183 4358 1372 4412 Mutuo
1428 4357 1663 4428 quodam
1705 4369 1976 4414 COIIBCDSII

404 4446 761 4500 colimrentia.

477 4537 662 4604 Itaque
692 4541 738 4591 si
758 4538 1019 4606 sapientia
1051 4549 1209 4591 esset.
1232 4538 1434 4593 Volens
1454 4540 1770 4594 evidentius
1792 4541 1977 4595 adhuc

403 4630 692 4684 ostendere
723 4630 955 4698 partium
987 4631 1174 4685 mundi
1210 4634 1656 4687 communionem
1703 4644 1759 4689 et
1793 4635 1976 4689 ailini-

406 4732 593 4786 tatem,
649 4723 702 4777 Si
735 4723 898 4777 etiam
944 4724 1159 4786 avibus,
1209 4723 1406 4791 inquit,
1458 4727 1662 4780 inesset
1709 4729 1976 4797 sapitntia

404 4814 677 4883 qnazdain,
706 4816 1166 4886 quemadmodum
1199 4816 1514 4872 hominibus
1544 4832 1608 4872 ea
1657 4818 1820 4875 insita
1849 4828 1934 4874 est
1958 4861 1975 4887 ,

403 4911 575 4958 artem
608 4906 770 4958 etiam
804 4921 932 4963 aves
955 4922 1018 4958 ex
1054 4906 1372 4962 hominibus
1398 4907 1836 4973 constituissent,
1877 4909 1980 4963 sic-

409 5006 467 5047 ut
500 4996 752 5052 homines
786 5014 853 5052 ex
886 4999 1078 5053 avibus
1142 4999 1421 5057 finxerunt
1455 5011 1510 5055 ct
1567 5002 1978 5057 constituerunt

349 5161 354 5163 ν
404 5089 579 5142 artem
629 5089 933 5156 divinandi,
968 5107 1131 5160 quam
1189 5100 1382 5146 vocant
1423 5094 1775 5163 auguralem,
1809 5102 1864 5147 et
1908 5110 1975 5148 ex

404 5181 587 5234 avium
627 5182 973 5251 inspectione
1031 5184 1422 5259 depromptum
1485 5186 1767 5240 divinandi
1801 5187 1976 5238 artili-

404 5273 573 5326 cium.
611 5274 825 5330 Etenim
892 5278 1354 5345 quemadmodum
1386 5292 1516 5330 aves
1543 5293 1761 5346 semper
1795 5287 1924 5332 sunt
1947 5294 1976 5331 a

407 5361 685 5432 principio
715 5374 772 5420 et
799 5367 1013 5436 origine
1055 5369 1265 5430 mundi,
1298 5377 1354 5423 et
1389 5383 1453 5423 ex
1491 5385 1601 5438 quo
1631 5379 1878 5424 creatum
1922 5376 1980 5423 et

403 5466 844 5524 coagmentatum
872 5469 955 5513 cst
989 5460 1091 5514 hoc
1116 5461 1431 5515 universum
1459 5477 1626 5530 usque
1655 5461 1708 5514 in
1735 5477 1978 5529 prmsens

406 5559 640 5616 tempus,
668 5549 744 5603 sic
770 5559 824 5604 ct
845 5551 1092 5607 homines
1117 5570 1334 5620 semper
1363 5561 1511 5614 sunt,
1530 5561 1732 5607 etsunt
1754 5553 1974 5621 utrique

407 5639 657 5708 utrisque
676 5644 880 5711 antiqui
920 5653 972 5698 et
1011 5645 1157 5698 novi.
1193 5645 1257 5699 Ut
1301 5646 1464 5710 igitur
1489 5645 1803 5698 hominibus
1829 5661 1976 5710 aves,

407 5727 587 5806 qui-ul
641 5730 1008 5788 til\'itt:tl.iullt‘5
1043 5743 1093 5788 et
1125 5735 1380 5801 oracula,
1420 5746 1549 5791 sunt
1593 5745 1730 5802 aptae
1781 5745 1831 5790 rt
1864 5737 1977 5790 idn~

2073 3162 2241 3222 etiam
2270 3166 2464 3220 avibus
2500 3164 2750 3216 homines
2782 3177 2880 3229 per
2926 3162 3418 3231 reciprocatione":
3445 3174 3501 3216 et
3525 3163 3644 3217 vice

2075 3275 2230 3313 versa
2263 3257 2374 3326 apti
2417 3265 2470 3310 et
2500 3254 2678 3308 idonei
2721 3253 2786 3307 ad
2823 3253 3239 3319 divinationem,
3291 3255 3332 3307 si
3379 3255 3644 3322 sapientia

2076 3353 2240 3406 etiam
2277 3349 2470 3404 avibus
2500 3348 2723 3402 inesset
2759 3363 2773 3400 :
2806 3347 3075 3414 siquidem
3110 3346 3477 3399 necessarium
3504 3358 3646 3398 esset

2079 3443 2264 3497 mundi
2313 3453 2498 3512 partes
2549 3440 2938 3495 commercium
2983 3447 3037 3492 et
3082 3438 3642 3493 communicationem

2079 3546 2322 3588 mutuam
2374 3532 2598 3596 habere,
2637 3532 2839 3600 quippe
2870 3547 2990 3600 qum
3023 3531 3182 3584 unius
3216 3529 3498 3598 cujusdam
3531 3527 3646 3580 ani-

2081 3627 2284 3680 mantis
2341 3624 2586 3679 membra
2649 3633 2776 3676 sunt
2815 3641 2828 3675 :
2863 3623 3120 3691 quocirca
3181 3621 3542 3689 sympathiam
3591 3628 3647 3671 ct

2079 3715 2429 3770 concordiam
2491 3714 2691 3768 habent
2727 3715 2869 3766 inter
2900 3729 2978 3777 se,
3012 3721 3065 3765 et
3115 3714 3157 3765 si
3197 3711 3276 3763 fas
3315 3721 3400 3763 est
3433 3713 3638 3769 iliclére,

2078 3807 2563 3876 Conspirationcm.
2601 3803 2803 3857 Eadem
2861 3805 3146 3872 proferens
3176 3819 3237 3856 ac
3273 3803 3315 3855 si
3359 3819 3416 3855 se
3460 3819 3646 3870 repre-

2080 3900 2305 3962 hendat,
2345 3896 2603 3964 ambigat,
2638 3906 2692 3948 et
2719 3893 2873 3962 quasi
2908 3909 2966 3946 sc
3005 3892 3183 3960 ipsum
3228 3891 3530 3961 interroget
3565 3891 3646 3944 di-

2080 3992 2209 4045 cens
2254 4008 2265 4042 :
2314 3979 2588 4056 Numquid
2681 3988 2962 4053 magorum
3020 3981 3288 4037 illecebrze
3336 3983 3643 4037 istiusmodi

2081 4083 2247 4137 sunt?
2294 4080 2507 4134 Etenim
2564 4076 2920 4146 sapiensfqui
2960 4074 3111 4128 novit
3159 4082 3401 4124 mutuam
3452 4073 3645 4133 horum

2081 4173 2487 4242 Cogitationem,
2524 4184 2647 4222 eum
2677 4168 2779 4220 alia
2813 4171 2880 4220 ab
2908 4164 3031 4219 aliis
3071 4164 3216 4218 allici
3248 4172 3410 4230 atque
3447 4164 3644 4216 attrahi

2080 4263 2260 4318 'vitlcat
2287 4302 2302 4325 ,
2349 4269 2399 4314 et
2443 4257 2894 4329 signiﬁcationem
2933 4271 2960 4308 a
2995 4271 3053 4310 se
3091 4256 3320 4309 invicem
3371 4255 3645 4322 accipi-re,

2081 4353 2227 4407 aliud
2283 4347 2448 4404 trahit
2505 4365 2602 4417 per
2636 4347 2806 4400 aliud.
2852 4347 3052 4407 Veluti,
3103 4346 3560 4413 quemadmmlnm
3617 4365 3645 4397 a

2004 4453 2050 4507 υ
2083 4456 2332 4515 magncte
2369 4443 2572 4496 ferrum
2613 4441 2867 4503 trahitur,
2907 4445 2977 4492 ita
3008 4440 3074 4492 ab
3103 4440 3203 4493 hac
3233 4443 3329 4491 aut
3354 4439 3442 4491 illa
3475 4451 3646 4492 mate-

2082 4541 2160 4593 ria
2193 4548 2248 4592 et
2280 4538 2370 4590 tali
2407 4539 2600 4605 hgura,
2631 4545 2721 4587 aut
2762 4535 2851 4587 tali
2887 4549 3044 4598 voce,
3073 4533 3174 4586 hoc
3204 4541 3297 4585 aut
3329 4531 3460 4585 illud
3491 4531 3646 4586 elici-

2084 4642 2194 4695 tur,
2221 4640 2280 4684 ut
2322 4628 2670 4681 manifestius
2699 4630 2752 4679 in
2787 4642 3082 4696 pregressu
3118 4635 3316 4679 nostrae
3352 4625 3648 4694 expositio-

2082 4725 2165 4777 nis
2191 4715 2580 4790 explicabitur.
2636 4719 2753 4773 Non
2789 4720 2934 4774 enim
2969 4729 3178 4772 tantum
3213 4720 3436 4772 arbores
3462 4717 3529 4772 ah
3559 4736 3649 4771 ar-

2079 4815 2308 4870 boribds
2344 4813 2687 4877 alliciuntur,
2746 4821 2807 4865 ut
2854 4813 3029 4880 palma
3081 4811 3318 4864 trahitur
3367 4827 3397 4863 a
3450 4810 3647 4880 palma,

2078 4908 2279 4976 stirpes
2307 4922 2336 4960 a
2376 4903 2671 4976 stirpibus,
2711 4915 2766 4958 et
2795 4906 3103 4959 animantes
3130 4906 3195 4957 ah
3227 4903 3602 4958 animantibus
3638 4947 3647 4967 _.

2079 5015 2274 5055 verum
2307 5001 2475 5054 etiam
2519 4999 2585 5053 ab
2615 4999 2743 5052 allio
2798 4999 2964 5068 piscis
3017 4997 3237 5066 quidam
3287 4997 3534 5060 ducitur,
3594 5005 3650 5049 et

2078 5092 2181 5145 alia
2199 5091 2265 5146 ab
2290 5091 2428 5152 aliis,
2456 5091 2584 5160 quin
2605 5091 2791 5154 etiam,
2823 5090 2966 5159 quod
2987 5087 3368 5143 admirabilius
3399 5098 3504 5152 est,
3537 5088 3644 5141 die-

2080 5197 2268 5236 ntones
2287 5198 2353 5236 ex
2383 5187 2508 5236 aere
2536 5191 2590 5235 et
2618 5189 2760 5235 terra
2788 5181 3109 5234 alliciunlu'r
3137 5181 3305 5234 certis
3335 5180 3634 5247 lapidibus,

2079 5287 2173 5330 aut
2202 5276 2589 5346 leguminibus,
2613 5285 2707 5329 aut
2733 5275 3060 5342 quibusdam
3087 5263 3342 5339 vocibus,
3390 5286 3484 5329 aut
3533 5275 3648 5328 ἰειὶέ

2081 5365 2291 5421 usmodi
2317 5365 2525 5434 ﬁguris,
2555 5378 2691 5434 quas
2712 5364 2877 5419 etiam
2904 5365 3246 5420 characteres
3287 5376 3501 5421 vocant.
3523 5365 3646 5417 Haec

2081 5474 2211 5513 vero
2237 5458 2494 5512 existimo
2541 5473 2568 5511 a
2601 5456 2868 5512 Chaldaais
2917 5466 2972 5511 cl.
3020 5457 3290 5531 {Egyptiis
3312 5458 3643 5530 jampridem

2081 5551 2325 5613 itm-uta,
2363 5562 2421 5603 ut
2451 5551 2732 5620 proprium
2762 5551 3062 5620 uniquique
3085 5555 3312 5607 damioni
3346 5553 3644 5622 agnitionis

2080 5644 2292 5711 signum
2315 5642 2404 5695 sit.
2442 5649 2507 5694 At
2541 5641 2695 5711 iynga
2725 5642 2880 5696 aiunt
2913 5660 3067 5697 avent
3093 5661 3212 5699 esse
3248 5660 3366 5712 qua:
3409 5647 3641 5702 caudam

2081 5751 2298 5805 semper
2331 5747 2527 5802 movet,
2556 5751 2714 5806 quam
2748 5753 2887 5806 saga:
2913 5739 3172 5804 mulieres
3193 5739 3256 5794 ad
3293 5753 3449 5792 usum
3483 5739 3638 5792 adhi-
