4102 6294
511 265 612 324 5ςει

1745 265 2160 326 Νιεειιιιοιιι
2207 233 2596 323 caecout:

3653 253 3752 316 544

492 375 669 444 ὄνομα
699 375 806 428 ἀπὸ
835 375 939 428 τῶν
971 377 1132 444 γόων,
1165 379 1236 440 ὡς
1288 378 1499 447 θρήνων
1545 378 1669 442 ἄξια
1710 379 2028 446 πράττουσι
2056 393 2067 408 ·
2103 381 2148 436 Α
2177 374 2508 446 συμφωνιῶν
2540 373 2649 424 τῶν
2684 367 2915 440 πρώτων
2941 383 2952 396 ⁸
2997 368 3148 430 τέλος
3196 367 3295 433 μὲν
3327 367 3422 434 τῆς
3455 365 3542 418 διὰ
3567 369 3760 420 τεσσά-

505 467 707 534 μαγεία
745 468 800 520 δὲ
842 467 952 519 ἔστ’
990 469 1138 538 ἡδιὰ
1180 470 1287 522 τῶν
1339 470 1523 538 μέσων
1567 469 1844 537 δαιμόνων
1896 468 2076 520 eam

499 576 559 609 τε
597 560 688 610 καὶ
727 559 928 612 ὲνύλων
955 560 1287 630 ὲνεργοῦσα·
1315 560 1638 630 φαρμακεία
1809 560 1896 612 διὰ
1934 561 2078 631 βρώ-

505 668 642 714 σεως
677 651 710 719 ἢ
743 655 974 714 πόσεως.
1007 655 1131 706 Ἔτι
1161 653 1386 721 ὁμοίως.
1416 651 1546 704 ἄλλο
1577 654 1695 704 ἐστὶ
1722 655 2076 722 κακοτεχνία,

505 744 598 795 καὶ
671 743 800 797 ἇλὶρ
861 743 1240 812 ψευδοτεχνία,
1301 746 1395 798 καὶ
1461 745 1592 800 ἄλλο
1669 749 2078 816 ματαιοτεχνία.

499 836 845 906 Κακοτεχνία
889 837 988 905 μὲν
1014 838 1120 906 γάρ
1149 838 1295 891 ἐστιν
1333 839 1501 907 ἡτῶν
1541 837 1752 908 γοήτων
1798 841 1892 892 καὶ
1935 858 2078 908 φαρ-

497 928 695 994 -μακῶν
721 929 814 980 καὶ
853 929 1044 996 μάγων
1093 931 1184 980 ἐπὶ
1227 930 1381 998 κακῷ
1422 930 1528 982 τῶν
1571 931 1878 1002 ἀνθρώπων
1919 932 2080 1002 εὑρη-

503 1019 676 1086 μένη·
728 1020 1078 1089 ψευδοτεχνία
1126 1021 1252 1090 δὲὴ
1303 1021 1476 1090 ψευδῆ
1519 1023 1867 1086 δεικνύουσα,
1917 1025 1991 1086 ὡς
2045 1025 2076 1092 ἡ

499 1113 1048 1183 παροφθαλμιστική’
1083 1117 1471 1186 ματαιοτεχνία
1502 1117 1556 1169 δὲ
1594 1119 1626 1186 ἠ
1659 1118 1794 1186 ὁμοῦ
1831 1118 1908 1188 τῷ
1945 1119 2079 1188 πλη-

497 1204 650 1272 γέντι
687 1205 811 1273 ἀέρι
844 1205 1194 1276 διαλυομένη.

578 1298 853 1364 Ὑπάτην.
876 1298 1059 1351 Ταῦτα
1085 1300 1149 1351 ὲκ
1170 1300 1267 1368 τῆς
1296 1302 1611 1370 κατατομῆς
1643 1302 1736 1353 τοῦ
1769 1302 2070 1371 ἁρμονικοῦ

497 1393 720 1453 κανόνος
753 1391 1009 1459 εἴληπται
1037 1392 1585 1460 παραδειγματικῶς.
1617 1395 1711 1446 Δεῖ
1741 1393 1836 1446 οὖν
1867 1396 2081 1447 ἐκεῖθεν

499 1485 646 1550 ἡμᾶς
687 1483 1034 1553 ἀρξαμένους
1073 1484 1384 1549 ἀναπτύξαι
1436 1471 1534 1536 καὶ
1581 1487 1755 1538 ταῦτα
1801 1487 1940 1554 πρὸς
1986 1505 2080 1539 σπι-

496 1576 722 1642 φήνειαν
755 1575 862 1625 τῶν
889 1575 1334 1642 ἐντυγχανόντων
1369 1573 1560 1626 ἕνεκα.
1609 1575 1932 1642 Συέλ-φωνίαι
1979 1577 2080 1644 μὲν

493 1665 588 1717 οὖν
625 1667 693 1718 δι’
733 1659 810 1720 ῶν
839 1665 908 1718 τὰ
955 1665 1231 1734 ἁρμονικὰ
1263 1665 1506 1732 γίνονται
1543 1668 1890 1736 συστήματα,
1929 1668 2081 1720 πλεῖ-

501 1755 624 1808 σταί
666 1756 825 1818 εἰσιν,
880 1749 954 1809 ὧν
1001 1755 1194 1826 πρώτη
1241 1758 1276 1826 ἡ
1328 1758 1606 1828 ἐπιτρίτη,
1661 1759 1749 1810 διὰ
1798 1760 2080 1827 τεσσάρων

497 1849 632 1902 οὖσα
682 1850 930 1919 χορδῶν·
994 1851 1314 1902 συνίσταται
1371 1851 1430 1904 δὲ
1493 1852 1558 1904 ὲκ
1611 1851 1706 1904 δύο
1760 1854 1931 1906 τόνων
1991 1854 2084 1906 καὶ

503 1941 825 2010 λείμματος,
863 1942 958 1995 τοῦ
998 1943 1092 1996 καὶ
1135 1943 1420 2013 ἡμιτόνιον
1489 1947 1947 2015 καταχρηστικῶς
1985 1963 2083 2000 κα-

497 2033 760 2102 λουμένου
785 2049 800 2066 ⁰
828 2036 884 2086 ὲν
976 2035 1406 2105 συγκρινόμενος
1439 2037 1468 2088 ό
1503 2038 1597 2108 τῆς
1636 2039 1910 2107 τετάρτης
1951 2055 2082 2108 χορ-

491 2126 592 2195 δῆς
621 2127 862 2195 φθόγγος
915 2127 1056 2196 πρὸς
1105 2128 1198 2181 τὸν
1241 2128 1344 2199 τῆς
1392 2131 1621 2199 πρώτης
1673 2129 1960 2200 ἐπίτριτον
1999 2131 2085 2184 del.

495 2219 815 2289 εὑρίσκεται
847 2217 988 2288 ἔχων
1017 2219 1197 2286 λόγον.
1235 2219 1478 2290 Δευτέρα
1507 2220 1565 2272 δὲ
1608 2221 1902 2290 συμφωνία
1935 2223 2085 2276 ἐστὶν

491 2312 526 2376 ἡ
587 2309 856 2378 ἡμιόλιος,
905 2311 1027 2380 ἥτις
1085 2311 1180 2364 καὶ
1229 2309 1318 2364 διὰ
1369 2311 1532 2365 πέντε
1587 2314 1798 2380 γίνεται
1855 2314 2081 2384 χορδῶν,

493 2402 617 2470 ἦτοι
663 2403 727 2454 ὲκ
761 2402 874 2454 τῶν
921 2403 1094 2470 τριῶν
1137 2404 1232 2456 καὶ
1280 2403 1610 2474 λείμματος.
1643 2407 2084 2477 Συγκρινόμενος

499 2492 685 2558 μέντοι
734 2493 1017 2546 κάνταῦθα
1065 2496 1093 2547 ὁ
1125 2497 1226 2566 τῆς
1281 2499 1544 2565 πέμπτης
1597 2499 1794 2568 χορδῆς
1845 2500 2084 2569 φθόγγος

495 2587 638 2654 πρὶς
669 2585 762 2639 τὸν
816 2587 916 2655 τῆς
968 2587 1194 2656 πρώτης
1255 2589 1575 2656 εὑρίσκεται
1623 2593 1712 2647 ἀεὶ
1754 2592 1894 2660 ἔχων
1925 2593 2084 2656 λόγον

497 2678 770 2744 ἡμιόλιον.
831 2678 1062 2746 Πρώτην
1115 2679 1170 2731 δὲ
1229 2681 1434 2752 χορδὴν
1489 2682 1634 2748 λέγω
1699 2683 1934 2736 ἐνταῦθα
1984 2685 2084 2752 τὴν

495 2769 764 2838 τετάρτην
821 2769 920 2836 τῆς
973 2768 1202 2839 πρώτης
1251 2774 1572 2840 συμφωνίας
1603 2773 1706 2842 τῆς
1749 2775 1840 2827 διὰ
1884 2777 2083 2827 τεσσὰ-

499 2878 630 2930 ρων.
667 2859 836 2932 Κοινὴ
874 2861 986 2930 γάρ
1042 2864 1189 2914 ἐστιν
1239 2864 1272 2933 ἡ
1327 2864 1568 2933 τετάρτη
1623 2865 1790 2935 χορδή
1839 2867 1945 2920 τῶν
1992 2867 2085 2920 δύο

2184 483 2316 536 ρων,
2341 465 2484 536 ἀρχὴ
2521 465 2578 516 δὲ
2616 465 2714 530 τῆς
2757 463 2848 514 διὰ
2902 459 3089 522 πέντε,
3118 461 3288 531 ἤγουν
3336 458 3485 518 τέλος
3523 459 3621 526 μὲν
3660 460 3758 526 τῆς

2181 558 2498 628 ἐπιτρίτης,
2539 555 2684 625 ἀρχὴ
2714 555 2770 607 δὲ
2796 555 2892 622 τῆς
2917 553 3190 623 ἡμιολίου.
3225 553 3393 606 Αυται
3425 551 3553 618 γοῦν
3585 553 3641 604 αἱ
3669 552 3757 604 δύο

2187 650 2501 718 συμφωνίαι
2562 649 2762 701 οὑτωσὶ
2816 647 3239 716 συντιθέμεναι,
3289 643 3506 696 ποιοῦσι
3559 644 3617 696 τὸ
3674 645 3758 696 διὰ

2182 743 2372 794 πασῶν
2401 741 2683 810 ὁμόφωνον
2713 740 3048 809 καλούμενον
3082 737 3358 808 σύστημα.
3395 739 3504 800 Τὰς
3545 738 3640 805 μὲν
3669 735 3760 789 οὖν

2181 831 2347 895 ἄλλας
2389 834 2712 902 συμφωνίας
2744 833 2931 884 ἐατέον
2980 831 3095 896 νῦν,
3129 830 3203 894 ὼς
3232 831 3292 882 ού
3327 829 3468 890 πάνυ
3515 847 3596 881 τοι
3643 847 3760 881 συν-

2181 905 2442 986 τελούσας
2470 927 2606 994 ἡμῖν
2629 926 2712 984 εἰς
2729 925 2790 975 τὸ
2812 925 2983 988 δεῖξαι
3005 923 3064 976 τὸ
3090 923 3478 993 προκείμενον.
3507 922 3760 974 Συνίστα-

2181 1035 2268 1069 ται
2301 1017 2486 1087 μέντοι
2535 1017 2628 1068 καὶ
2671 1015 2731 1067 τὸ
2785 1013 2876 1067 διὰ
2912 1015 3104 1067 πασῶν
3154 1015 3442 1082 ὁμόφωνον
3487 1017 3637 1064 τουτί
3673 1013 3760 1064 σύ-

2184 1125 2370 1178 στημα
2416 1109 2478 1160 ἐκ
2513 1107 2728 1176 χορδῶν
2769 1105 2892 1176 μὲν,
2923 1106 3041 1176 ἢτοι
3085 1105 3346 1174 φθόγγων
3391 1103 3558 1167 ὀκτὼ,
3595 1105 3762 1158 τόνων

2182 1199 2238 1252 δὲ
2288 1199 2471 1263 πέντε,
2523 1201 2620 1252 καὶ
2673 1198 2997 1266 λειμμάτων
3037 1198 3163 1252 δύο⁸
3221 1197 3652 1264 συγκρινόμενος
3707 1197 3763 1250 δὲ

2184 1291 2422 1345 ἐνταῦθα
2454 1293 2481 1344 ό
2505 1293 2606 1361 τῆς
2639 1290 2836 1359 ὀγδόης
2873 1291 3070 1360 χορδῆς
3113 1289 3250 1358 πρὸς
3280 1289 3373 1342 τὸν
3404 1289 3508 1358 τῆς
3542 1288 3762 1359 πρώτης

2185 1381 2446 1449 φθόγγον,
2503 1380 2828 1434 διπλασίονα
2877 1381 2965 1432 ἀεὶ¹
3025 1379 3340 1450 εὑρίσκεται
3391 1379 3532 1448 ἔχων
3587 1379 3761 1446 λόγον.

2198 1473 2263 1526 Ἦ
2298 1475 2397 1543 μέν
2439 1491 2524 1526 τοι
2561 1474 2750 1544 πρώτη
2779 1473 2944 1544 χορδὴ
2992 1473 3240 1526 καλεῖται
3285 1473 3444 1542 νήτη,
3490 1473 3608 1542 ἡδὲ
3650 1474 3766 1526 δευ-

2185 1565 2319 1634 τέρα
2348 1566 2661 1634 παρανήτη,
2692 1567 2724 1633 ἡ
2756 1565 2812 1616 δὲ
2841 1565 3000 1635 τρίτη
3033 1564 3348 1634 παραμέση,
3381 1565 3414 1634 ἠ
3453 1565 3510 1616 δὲ
3539 1563 3764 1632 πέμπτη

2186 1655 2659 1724 ύπερπαρυπάτη,
2692 1657 2724 1724 ἡ
2756 1656 2811 1708 δὲ
2879 1655 3011 1725 ἕκτη
3050 1655 3433 1725 παρυπάτη,ή
3475 1655 3531 1707 δὲ
3569 1655 3765 1724 ἑϐδόμη

2137 1727 2394 1816 ιὑπείιτη,
2439 1749 2472 1816 ἡ
2529 1749 2585 1800 δὲ
2641 1749 2804 1815 ὀγδόη
2861 1748 3450 1816 προσλαμϐανόμενος.
3505 1747 3768 1814 ’Υστερον

2187 1841 2293 1908 γὰρ
2335 1840 2688 1908 προσελήφθη
2722 1839 2800 1908 τῷ
2831 1839 3148 1910 Πυθαγόρᾳ.
3193 1839 3256 1894 Ἠ
3293 1839 3400 1908 γὰρ
3445 1837 3765 1909 ἀρχαιότρο-

2187 1949 2290 1996 πος
2335 1933 2476 2000 λύρα
2525 1931 2623 1984 τοῦ
2663 1931 2911 2002 Ὀρφέως
2942 1931 3277 2002 ἑπτάχορδος
3323 1925 3418 2000 ἦν.
3465 1930 3590 1982 Τῶν
3641 1929 3768 1998 γοῦν

2188 2023 2453 2078 τοιούτων
2501 2023 2711 2094 χορδῶν
2767 2025 2825 2078 al
2883 2024 2981 2094 μέν
3036 2026 3175 2078 εἰσιν
3233 2025 3402 2090 ὀξεῖαι
3449 2024 3596 2076 κατὰ
3648 2023 3768 2086 τοὺς

2188 2115 2487 2185 φθόγγους,
2524 2117 2580 2170 αἱ
2611 2116 2669 2168 δὲ
2712 2116 2957 2186 βαρεῖαι,
2989 2117 3044 2170 αἱ
3070 2115 3126 2168 δὲ
3161 2116 3346 2186 μέσαι.
3385 2117 3497 2168 Καὶ
3549 2115 3765 2183 βαρεῖαι

2189 2209 2291 2278 μέν
2319 2210 2458 2260 είσιν
2509 2210 2566 2262 αἱ
2596 2209 2824 2274 ύπάται,
2877 2207 3048 2272 ὀξεῖαι
3095 2209 3152 2260 δὲ
3191 2209 3247 2261 αἱ
3285 2209 3470 2278 νῆται.
3515 2209 3678 2275 μέσαι
3717 2207 3770 2262 δὲ

2187 2302 2244 2354 al
2285 2301 2514 2371 μεταξύ.
2547 2302 2688 2370 Πρὸς
2729 2301 2915 2370 μέντοι
2955 2303 3262 2370 σαφήνειαν
3321 2301 3550 2354 πλείονα
3585 2299 3770 2367 ἐξεθή-

2187 2407 2366 2461 καμεν
2398 2393 2809 2461 γραμματικῶς
2862 2394 2956 2446 καὶ
2997 2392 3200 2446 κανόνα
3241 2392 3600 2462 ὀκτάχορδον,
3629 2389 3772 2444 τοῦτ’

2188 2483 2306 2536 ἐστι
2342 2483 2404 2537 τὸ
2433 2484 2519 2537 δ.ὰ
2541 2483 2730 2537 πασῶν
2759 2484 3045 2553 ὁμόφωνον
3101 2486 3380 2554 σύστημα,
3411 2483 3774 2552 συγκείμενον

2188 2577 2250 2627 ἐκ
2292 2575 2383 2628 δύο
2442 2578 2821 2644 τετραχόρδων
2861 2579 2954 2629 καὶ
3001 2581 3160 2628 τόνου
3207 2577 3348 2638 ἐνὸς,
3386 2577 3516 2647 ³ἦτοι
3569 2578 3632 2628 ἐκ
3679 2575 3771 2627 δύο

2189 2672 2485 2740 ἐπιτρίτων
2518 2671 2714 2740 λόγων,
2746 2671 3008 2740 ἐπογδόου
3061 2672 3202 2734 ἑνὸς,
3243 2671 3276 2740 ἢ
3325 2671 3533 2740 μᾶλλον
3564 2669 3622 2736 ἐξ
3653 2672 3772 2724 ἑπι-

2186 2761 2373 2831 τρίτου
2429 2761 2546 2823 ἑνὸς
2609 2763 2704 2816 καὶ
2751 2763 3004 2833 ἡμιολίου
3056 2765 3195 2826 ἑνός.
3263 2761 3320 2817 '0
3369 2765 3478 2834 γὰρ
3523 2764 3773 2832 ἐπόγδοος

2188 2854 2346 2921 λόγος
2398 2855 2807 2926 συναπτόμενος
2839 2855 2916 2927 τῷ
2959 2856 3041 2910 ἑνὶ
3091 2855 3374 2928 ἐπιτρίτῳ,
3419 2858 3571 2932 ποιεῖ
3617 2856 3774 2924 λόγον

497 3031 670 3101 Magia
724 3047 856 3086 vero
895 3042 982 3087 est
1035 3047 1098 3086 ea
1153 3034 1234 3088 ris
1287 3048 1410 3102 quae
1439 3050 1539 3104 per
1567 3035 1781 3090 medios
1809 3036 2086 3092 daemonas
2117 3057 2162 3113 ο
2195 3024 2318 3080 dem
2354 3025 2474 3094 eius
2499 3025 2588 3092 "illi
2631 3041 2728 3096 Per
2751 3035 2990 3096 (ἶιιθιυοτ
3019 3025 3108 3094 δι’
3163 3026 3386 3082 initium
3440 3037 3623 3081 3010'“
3659 3025 3776 3096 eius

499 3122 746 3176 materiae
796 3131 1054 3191 expertes
1093 3132 1142 3176 et
1176 3123 1422 3194 ejusdem
1473 3125 1772 3195 participes
1800 3138 2091 3196 operatur.

495 3212 824 3268 ‘Pharmacia
882 3213 1126 3280 denique
1173 3222 1258 3268 est
1317 3213 1400 3266 vis
1440 3217 1601 3268 noxia
1663 3231 1762 3284 per
1820 3217 2002 3271 cibum
2039 3229 2096 3274 et

501 3315 718 3374 potum.
778 3303 1099 3373 Eodemque
1127 3306 1288 3359 modo
1325 3305 1474 3358 aliud
1506 3315 1592 3361 est
1622 3307 1970 3377 κακοτεχνία,
2005 3324 2098 3362 ars

503 3395 792 3458 maleﬁca;
825 3403 881 3449 et
907 3395 1056 3449 aliud
1093 3396 1470 3466 ψευδοτεχνία,
1503 3413 1593 3454 ars
1628 3400 1799 3465 falsa;
1850 3401 2096 3470 itemque

495 3487 648 3542 aliud
680 3497 768 3542 est
795 3487 1206 3556 ματαιοτεχνία,
1237 3504 1324 3543 ars
1358 3487 1554 3544 futilis.
1581 3491 1794 3545 Etenim
1815 3509 1904 3546 ars
1932 3496 2098 3548 male-

507 3583 604 3636 lica
635 3590 720 3634 est
755 3579 1216 3649 prsestigiatorum
1246 3621 1260 3645 ,
1293 3580 1666 3636 veneﬁcorum
1699 3593 1752 3638 et
1785 3600 2096 3654 magorum,

507 3673 562 3726 in
589 3673 854 3728 damnum
883 3672 1167 3726 hominum
1201 3672 1444 3728 inventa.
1482 3677 1584 3728 Ars
1608 3685 1788 3730 autem
1827 3677 1960 3731 falsa
1989 3689 2096 3746 est,

505 3779 626 3832 quae
655 3761 788 3816 falsa
817 3761 1044 3826 iudicat,
1082 3771 1140 3816 ut
1187 3777 1249 3816 ea
1289 3779 1413 3832 qua:
1451 3766 1642 3820 oculos
1678 3765 1820 3820 l‘allit
1852 3786 1865 3822 :
1923 3787 2098 3840 παρο-

510 3854 916 3922 φθαλμιστικὴν
939 3853 1114 3908 Graeci
1165 3867 1382 3910 vorant.
1417 3855 1701 3912 Postremo
1717 3876 1807 3931 ars
1845 3861 2015 3918 futilis
2043 3873 2100 3918 et

510 3947 690 4001 inanis
716 3956 802 4002 est
835 3963 956 4017 qua:
995 3963 1118 4002 cum
1147 3948 1294 4002 aeris
1327 3950 1684 4016 percussione
1717 3953 1883 4022 perit.

584 4037 862 4092 Summam
889 4038 946 4090 in
981 4037 1175 4105 ﬁdibus
1205 4037 1478 4092 chordam.
1537 4039 1662 4094 ΙΙιεο
1700 4053 1918 4112 sumpta
1968 4054 2097 4098 sunt

511 4145 574 4184 ex
603 4131 921 4186 concisione
951 4131 1259 4184 harmoniei
1292 4133 1520 4185 canonis
1545 4149 1668 4186 cum
1705 4136 2086 4203 exemplorum

511 4225 879 4292 oppositione.
913 4221 1144 4292 Oportet
1166 4225 1331 4293 igitur
1351 4241 1451 4280 nos
1480 4226 1752 4295 principio
1780 4227 1908 4282 inde
1932 4229 2098 4283 ducto

505 4315 802 4382 explanare
852 4315 980 4376 ista,
1025 4325 1084 4368 ut
1127 4315 1366 4370 lectores
1403 4317 1750 4386 perspicuam
1793 4336 1976 4374 rerum
2011 4323 2088 4374 in-

2198 3118 2290 3186 qui
2325 3133 2426 3187 per
2451 3119 2716 3188 quinque,
2749 3120 2854 3175 hoc
2886 3131 2992 3180 est.
3042 3131 3350 3176 extremum
3396 3121 3624 3192 quidem
3666 3135 3776 3175 δινσε

2198 3210 2494 3278 quitertiae,
2537 3211 2870 3280 principium
2917 3227 3046 3268 vero
3110 3213 3552 3281 sesquialterius.
3589 3213 3778 3282 Itaque

2198 3298 2308 3354 duo
2343 3311 2650 3356 concentus
2686 3303 2792 3356 hoc
2837 3309 3001 3372 pacto
3041 3303 3332 3372 compositi
3365 3305 3616 3360 ciliciuut
3659 3320 3776 3359 eam

2199 3393 2672 3456 constitutionem,
2699 3410 2864 3464 quam
2893 3411 2992 3464 per
3016 3410 3207 3450 onmes
3237 3411 3540 3452 consonam
3571 3414 3778 3452 nuncu-

2199 3497 2352 3556 pant.
2399 3487 2556 3543 Nunc
2580 3497 2762 3544 autem
2797 3499 3026 3545 cancros
3057 3501 3360 3546 concentus
3387 3494 3589 3548 missos
3623 3493 3780 3548 facia—

2203 3595 2348 3644 mus,
2381 3581 2588 3651 quippe
2625 3596 2751 3635 cum
2787 3597 2978 3651 parum
3023 3582 3320 3637 admodum
3355 3588 3674 3642 conducant
3714 3587 3777 3640 ad

2206 3672 2503 3742 prepositae
2554 3672 2714 3726 nobis
2770 3672 3095 3742 qua-stionis
3144 3675 3598 3744 explicatiOnem.
3661 3677 3780 3731 Haec

2197 3771 2346 3820 Certe
2368 3762 2683 3818 constitutio
2709 3779 2804 3832 per
2826 3779 3018 3834 oumes
3044 3778 3285 3819 consona
3307 3765 3365 3819 ﬁt
3389 3781 3424 3820 e
3439 3765 3659 3831 ﬁdibus,
3681 3766 3780 3821 hoc

2201 3864 2304 3920 est,
2329 3857 2480 3911 sonis
2505 3866 2650 3922 octo,
2667 3857 2912 3926 quinque
2933 3873 3060 3912 veru
3085 3858 3228 3912 tonis
3245 3869 3300 3913 et
3321 3860 3633 3914 semitoniis
3651 3859 3781 3913 duo-

2203 3950 2327 4003 bus.
2349 3948 2528 4004 Sonus
2549 3959 2730 4004 autem
2761 3961 2968 4004 octavas
2984 3951 3203 4006 chorda:
3225 3950 3458 4006 collatus
3492 3953 3580 4008 hic
3613 3963 3778 4020 atque

2203 4052 2553 4110 comparatus
2587 4043 2654 4097 ad
2684 4043 2870 4112 prima:
2897 4046 3162 4110 sonitum,
3195 4059 3465 4114 perpetuo
3501 4045 3774 4100 invenitur

2200 4130 2422 4200 duplam
2456 4135 2659 4190 habere
2686 4136 3120 4204 proportionem.
3198 4135 3378 4190 Prima
3416 4151 3552 4192 sane
3571 4137 3771 4190 chorda

2202 4231 2432 4278 vocatur
2451 4235 2599 4288 nete,
2628 4226 3010 4280 acutissimum
3035 4241 3232 4282 sonum
3267 4225 3550 4289 emitteus,
3599 4229 3770 4280 altera

2207 4317 2987 4385 paranete,tertiaparamese,
3037 4318 3230 4387 quinta
3280 4319 3774 4390 super-parhypate.

508 4405 862 4475 telligentiam
915 4406 1174 4459 habeant.
1235 4408 1550 4463 Concentus
1611 4411 1830 4480 itaque,
1882 4413 2086 4482 quibus
2120 4400 2160 4454 Ι)
2192 4417 2342 4460 36W!
2367 4409 2693 4478 parhypate.
2719 4411 3107 4478 gravissimum
3141 4411 3313 4464 edens
3349 4425 3572 4476 sonum,
3595 4423 3780 4468 octava

507 4497 842 4552 harmoniae
869 4497 1292 4554 constitutiones
1320 4499 1709 4570 conﬁciuntur,
1741 4505 1926 4572 plures
1949 4515 2099 4573 sunt,

507 4605 740 4658 quorum
776 4591 990 4660 primus
1046 4592 1399 4659 sesquitertia
1453 4604 1560 4659 est,
1609 4606 1849 4664 quatuor
1903 4599 2101 4654 [idibus

507 4693 812 4740 constans:
868 4682 988 4740 haec
1025 4699 1154 4738 vero
1190 4700 1255 4738 ex
1295 4686 1515 4742 duobus
1564 4689 1708 4744 tonis
1757 4699 1814 4745 et
1857 4692 2100 4748 limmate

509 4775 683 4844 (quod
724 4787 781 4829 et
807 4776 1161 4832 scmitonium
1191 4778 1490 4850 improprie
1515 4783 1764 4854 vocatur)
1801 4786 2096 4842 coalescit:

511 4869 566 4920 iu
591 4885 694 4937 qua
715 4885 840 4924 eum
863 4884 1030 4924 sonus
1045 4880 1251 4938 quarta:
1273 4871 1493 4929 chordae
1514 4876 1798 4930 confertur
1819 4893 1942 4930 cum
1961 4895 2098 4934 sono

509 4961 726 5029 primm,
763 4963 1170 5032 sesquitertiatn
1211 4968 1620 5037 proportionem
1653 4969 1853 5024 habere
1881 4987 2101 5040 compe-

513 5055 676 5106 ritur.
732 5055 1022 5111 Secundus
1061 5072 1369 5114 concentus
1415 5070 1502 5114 est
1561 5061 1922 5130 scsquialtera
1973 5079 2096 5131 pro-

516 5147 720 5216 portio,
756 5164 877 5216 quae
902 5149 1126 5216 quidem
1155 5166 1184 5204 e
1205 5152 1453 5221 quinque
1485 5153 1681 5207 ﬁdibus
1709 5155 1957 5207 exoritur
1985 5172 1998 5209 :
2029 5170 2100 5208 ex

517 5239 699 5293 tribus
727 5239 984 5295 videlicet
1027 5253 1087 5297 et
1137 5245 1452 5298 semitouio.
1527 5243 1664 5300 Hinc
1711 5245 1878 5300 etiam
1931 5262 2102 5302 sonus

511 5333 963 5400 quintaechordae
977 5348 1324 5404 comparatus
1353 5339 1416 5390 ad
1447 5353 1642 5391 sonum
1671 5339 1858 5408 prima:
1886 5355 2102 5409 semper

525 5425 934 5492 proportionem
965 5427 1127 5480 habet
1157 5429 1596 5497 scsquialteram.
1653 5427 1888 5484 Primam
1918 5442 2100 5484 autem

523 5515 786 5572 chordam
833 5520 1048 5587 appello
1098 5519 1200 5574 hoc
1237 5520 1288 5574 iu
1333 5521 1453 5576 loco
1491 5533 1739 5590 quartam
1774 5523 1932 5591 primi
1973 5539 2100 5576 con-

529 5619 725 5664 centus
753 5613 846 5680 qui
877 5627 968 5680 per
1003 5621 1238 5677 quatuor
1293 5613 1367 5664 lit.
1429 5613 1746 5665 (Iomumnis
1781 5621 1864 5665 est
1906 5620 2098 5679 quarta

533 5697 739 5753 chorda
777 5701 1012 5756 duorum
1051 5711 1418 5756 conccutuum
1450 5703 1790 5772 primorum,
1827 5703 1948 5754 linis
1981 5702 2096 5769 qui-

2209 4512 2340 4551 γε·ιο
2365 4513 2524 4552 tenus
2562 4511 2874 4566 assumptus
2897 4519 2912 4569 ;
2933 4519 2960 4554 a
2981 4503 3285 4574 Pythagora
3309 4504 3577 4574 siquidem
3601 4515 3780 4574 posma

2213 4601 2527 4658 assumptus
2555 4603 2662 4644 est.
2715 4591 2849 4646 Nam
2875 4594 3056 4662 prisca
3090 4595 3206 4666 lyra
3236 4593 3442 4665 Orphei
3475 4607 3542 4652 ex
3577 4593 3777 4666 septem

2211 4680 2540 4734 chordarum
2581 4691 2854 4738 concentu
2893 4685 3202 4740 constabat.
3245 4685 3484 4756 Ideoque
3512 4687 3777 4742 nonnulla:

2213 4771 2526 4843 huiusmodi
2585 4773 2915 4830 chordarum
2967 4776 3144 4846 quoad
3191 4793 3355 4833 sonos
3409 4789 3587 4834 acutae
3631 4791 3774 4842 sunt,

2209 4868 2331 4924 alia:
2375 4884 2588 4938 graves,
2629 4869 2750 4926 alia:
2781 4868 2996 4925 mediae.
3067 4871 3133 4926 Et
3158 4887 3353 4942 graves
3383 4873 3610 4942 quidem
3649 4881 3774 4928 sunt

2211 4960 2442 5032 hypatas,
2473 4972 2646 5016 acuta:
2677 4973 2843 5028 nette,
2882 4961 3075 5018 tricdizc
3128 4980 3258 5020 vero
3313 4965 3638 5037 iuterjectaz.
3695 4964 3771 5019 Ad

2211 5054 2536 5123 ampliorem
2585 5055 3038 5124 perspicuitatem
3105 5057 3462 5124 exposuimus
3519 5058 3772 5114 linearum

2211 5145 2686 5199 demonstratione
2723 5146 2968 5216 regulam
3001 5147 3415 5212 octachordam,
3451 5149 3557 5204 hoc
3588 5156 3688 5210 est,
3711 5161 3772 5200 ex

2211 5237 2414 5306 duplici
2455 5239 2811 5308 proportione
2842 5241 3131 5296 conﬂatam
3169 5242 3499 5298 concordem
3527 5249 3768 5296 tonorum

2213 5331 2665 5398 modulationem,
2703 5333 3063 5400 compositam
3091 5349 3154 5388 ex
3187 5333 3398 5388 duobus
3425 5330 3770 5388 tetracirordis

2209 5433 2266 5480 et
2294 5423 2455 5478 unico
2489 5434 2652 5479 tono:
2677 5424 2932 5478 videlicet
2964 5441 2994 5480 e
3023 5425 3239 5480 duabus
3265 5425 3626 5504 sesquitertiis
3649 5439 3765 5494 pro-

2211 5517 2578 5586 portionibus.
2622 5517 2783 5571 unico
2819 5518 3216 5584 scsquioctavo,
3261 5519 3340 5571 vel
3375 5519 3557 5587 potius
3594 5531 3623 5569 e
3652 5529 3760 5568 ses—

2211 5609 2594 5678 quitertiauna
2627 5623 2682 5664 et
2713 5627 2816 5664 una
2835 5611 3211 5680 sesquialtera.
3233 5611 3361 5664 Nam
3393 5609 3760 5678 sesquiocnra

2213 5701 2493 5770 proportio
2523 5701 2772 5770 copulata
2803 5717 2924 5756 cum
2953 5701 3112 5756 unica
3146 5700 3515 5772 scsquitcrtia,
3549 5711 3762 5768 μηνυτ-
