4102 6294
323 436 426 502 {.i'l

1201 435 1524 494 SCHOLIA
1569 434 1651 492 ΙΝ
1695 430 2083 493 SYNESIUM
2127 430 2222 489 DE
2267 421 2687 490 lNSOMNlIS.

3473 415 3583 480 55)

319 552 616 607 ἀποκλίνον
653 547 799 601 ἆπαν
849 546 968 598 ἐστὶ
1013 547 1338 612 παίέητικτὲν.
1399 547 1708 616 Διαιρεῖται
1754 544 1810 595 δὲ
1848 541 1906 594 τὸ
1929 549 1977 602 Α
2006 558 2126 602 πεις
2154 542 2318 604 αὐτὰ,
2361 541 2422 594 ἓν
2456 558 2506 590 τι
2539 537 2775 607 βλέπεις,
2807 530 3125 600 συγγένειαν
3162 529 3350 598 ἔχοντα
3385 543 3587 580 παντα-

319 646 629 713 παθητικὺν
669 642 767 708 τῆς
821 639 998 709 ψυχῆς
1046 638 1124 702 εἷς
1165 656 1222 691 τε
1284 639 1343 690 τὸ
1375 637 1698 706 πειθόμενον
1740 636 1904 704 λόγῳ,

320 740 418 791 καὶ
447 739 526 798 εἰς
565 735 626 786 τὸ
664 733 737 803 μὴ
763 731 1090 800 πειθόμενον
1122 730 1267 798 λόγῳ
1297 727 1545 783 διπλοῦν.
1575 729 1648 782 Τὸ
1679 728 1774 796 μὲν
1797 727 1907 796 γάρ

320 848 505 898 φαμεν
542 826 837 896 θρεπτικὸν
879 827 973 876 καὶ
1010 823 1264 891 φυσικὸνο
1294 823 1355 875 τὸ
1383 822 1439 874 δὲ
1476 819 1782 890 σφυγμικδν
1813 821 1908 873 καὶ

322 922 575 988 ζωτικὸν·
609 920 780 988 ἄμφω
803 918 859 969 δὲ
886 916 1062 969 ταῦτα
1094 915 1154 968 ού
1183 915 1342 983 λόγῳ
1370 914 1658 967 πείθεσθαι
1695 913 1898 966 ἴσασιν.

323 1012 461 1067 Οὐδὲ
493 1010 603 1079 γὰρ
655 1006 982 1076 προαίρεσιν
1019 1006 1142 1058 οὐδὲ
1197 1009 1456 1074 κριτικήν
1499 1022 1622 1058 τινα
1676 1003 1907 1072 δύναμιν

325 1103 475 1172 ἔχει’
537 1098 742 1169 ὁμοίως
786 1097 842 1149 δὲ
885 1095 982 1148 καὶ
1035 1096 1096 1148 τὺ
1144 1096 1428 1158 ὲπιπειθὲς
1481 1094 1623 1163 λόγῳ
1679 1094 1906 1148 διπλοῦν

328 1198 463 1246 ἐστι.
496 1190 568 1244 Τὸ
607 1189 706 1260 μὲν
736 1189 846 1258 γάρ
878 1205 1061 1257 φαμεν
1095 1186 1525 1256 ἐπιθυμητικὸν,
1564 1187 1622 1240 τὸ
1655 1189 1713 1240 δὲ
1747 1187 1909 1256 θυμι-

327 1287 444 1338 κόν.
474 1285 547 1335 Τὸ
583 1283 682 1352 μέν
724 1298 806 1333 τοι
841 1278 1242 1348 ἐπιθυμητικὸν
1271 1278 1562 1345 διαιρεῖται
1596 1271 1676 1340 εἰς
1716 1278 1908 1347 ἡδονὴν

330 1377 430 1429 καὶ
488 1375 706 1442 λύπην·
751 1371 1114 1439 ἐπιτυγχάνον
1164 1371 1272 1438 γὰρ
1327 1368 1517 1438 ἡδονὴν
1573 1369 1905 1436 ἐργάζεταιο

329 1464 710 1532 ἀποτυγχάνον
762 1461 839 1520 δὲ,
897 1459 1114 1529 λύπην·
1159 1460 1219 1510 τδ
1271 1459 1327 1508 δὲ
1365 1457 1593 1524 θυμικὸν
1620 1458 1908 1524 διαιρεῖται

326 1559 406 1616 εἰς
450 1555 595 1623 τρία,
627 1555 706 1614 εἰς
739 1551 934 1621 ὀργὴν,
978 1551 1046 1620 ἢν
1077 1550 1142 1619 δὴ
1185 1549 1279 1601 καὶ
1312 1549 1474 1617 χολὴν
1507 1549 1603 1599 καὶ
1629 1547 1783 1616 χόλον
1812 1565 1910 1598 κα-

327 1648 504 1702 λοῦσι·
536 1647 631 1700 καὶ
677 1648 757 1708 είς
790 1645 973 1714 μῆνιν,
1007 1646 1101 1696 καὶ
1133 1645 1210 1703 εἰς
1247 1643 1422 1696 κότον.
1468 1642 1628 1692 Ἔστι
1677 1640 1733 1693 δέ
1771 1638 1908 1709 ὀργὴ

329 1739 500 1806 θυμὸς
521 1736 684 1805 Ἰπρὸς
729 1736 1019 1805 ἐνέργειαν
1067 1733 1243 1803 ἀρχὴν
1295 1733 1387 1782 καὶ
1436 1730 1649 1797 κίνησιν
1679 1729 1906 1798 έχων,ἢ

330 1815 504 1900 θυμὲς
571 1827 1003 1898 ὲνεργούμενοςο
1040 1826 1200 1894 μῆνις
1253 1823 1309 1874 δὲ
1358 1825 1451 1874 καὶ
1497 1822 1655 1884 κότος
1689 1821 1836 1873 ἐστὶν
1880 1821 1908 1872 ὁ

325 1921 608 1989 ἐπιμένων
637 1919 733 1970 καὶ
764 1916 1084 1984 ἐγκείμενος
1113 1914 1307 1984 θυμός.

405 2011 754 2074 Μαντείαις.
781 2007 893 2076 Τὴν
921 2007 1181 2076 μαντείαν
1213 2006 1468 2074 πολυειδῆ
1518 2022 1684 2074 φασιν
1707 2004 1910 2075 ’Έλλη-

326 2121 421 2164 νες
477 2098 638 2165 εἶναι,
677 2100 772 2153 καὶ
821 2098 1095 2168 διαφόρως
1133 2097 1490 2167 ἐνεργοῦσαν,
1545 2096 1619 2158 ὡς
1672 2095 1912 2164 μετρίως

326 2197 433 2247 κάν
457 2197 569 2250 τοῖς
603 2190 916 2262 ἔμπροσθεν
940 2190 1036 2242 τοῦ
1067 2189 1335 2259 παρόντος
1369 2189 1575 2258 βιϐλίου
1609 2191 1908 2258 εἰρήσεται·

327 2291 558 2357 τελετὴν
595 2288 651 2340 δέ
681 2303 813 2354 φασι
852 2285 950 2354 τὴν
979 2282 1086 2334 τῶν
1128 2282 1449 2352 μυστηρίων
1488 2281 1802 2349 μετάδοσιν,
1836 2281 1909 2342 ὼς

329 2383 649 2436 τελειοῦσαν
677 2382 803 2443 τοὺς
856 2377 1222 2447 μυουμένους.
1260 2376 1384 2427 Ἔτι
1417 2375 1474 2427 δὲ
1518 2375 1644 2437 τοὺς
1673 2377 1754 2437 εἰς
1797 2373 1912 2437 ἕξιν

334 2475 593 2538 ἐλθόντας
619 2471 718 2540 τῆς
748 2469 1102 2539 παραδόσεως
1134 2467 1334 2535 ταύτης
1365 2465 1787 2534 τετελεσμένους
1817 2465 1914 2517 καὶ

329 2567 574 2626 τελείους
611 2566 762 2632 φασί.

370 2656 806 2728 ,Διίιστάγτωικ
863 2655 945 2707 Τὰ
995 2656 1052 2705 ἐν
1094 2653 1282 2721 κόσμῳ
1333 2651 1511 2704 πάντα
1548 2649 1776 2702 σύνθετα
1817 2652 1912 2705 καὶ

338 2748 799 2816 εἰδοπεποιημὲνα
846 2748 1171 2815 πράγματα,
1222 2745 1271 2795 εἰ
1322 2745 1421 2814 μὲν
1462 2743 1537 2807 ὡς
1576 2743 1763 2807 οὐσίας
1792 2745 1912 2814 βλέ-

346 2931 488 3001 ψιυό
521 2939 698 2984 autem
726 2929 781 2982 in
814 2928 1099 2982 materiam
1127 2926 1318 2995 vergit,
1351 2925 1402 2978 id
1433 2941 1593 2978 omne
1621 2924 1912 2979 affectibus

349 3023 669 3091 impellitur.
706 3019 1072 3088 Distinguitur
1113 3029 1294 3071 autem
1333 3017 1385 3070 id
1415 3017 1560 3086 quod
1591 3017 1756 3070 animi
1794 3034 1914 3086 pas-

342 3114 591 3167 sionibus
609 3123 694 3166 est
713 3111 1034 3172 obnoxium,
1071 3109 1123 3161 in
1154 3110 1204 3161 id
1239 3109 1383 3177 quod
1421 3108 1618 3162 rationi
1646 3119 1819 3178 paret,
1856 3117 1912 3163 et

2010 635 2166 704 χύθεν
2197 634 2332 704 πρὸς
2365 631 2568 684 ἑαυτόν
2609 632 2655 681 εἰ
2689 629 2745 681 δὲ
2794 626 2868 688 ὡς
2916 622 3377 690 εἷδοπε-ποιημένα
3407 621 3588 688 πράγ-

2013 744 2182 795 ματα,
2219 724 2426 791 πλῆθος
2462 723 2678 792 βλέπεις
2710 719 2966 787 διάφορον
3003 715 3098 766 καὶ
3149 713 3432 765 διάστασιν
3465 710 3588 778 ἕχον

2010 818 2146 888 πρδς
2180 818 2342 870 ἑαυτὸ
2375 817 2444 869 δι’
2475 813 2676 882 ὅλουοῆ
2709 811 2932 882 μᾶλλον,
2979 809 3105 860 ὅταν
3137 803 3259 857 κατ’
3289 799 3428 864 εἶδος
3464 802 3587 872 βλέ-

2010 927 2118 984 πῃς
2147 911 2214 962 τὰ
2256 911 2406 974 ὄντα,
2441 909 2502 960 τὸ
2539 908 2598 960 ἐν
2641 904 2862 975 βλέπεις
2900 898 3337 967 διακεκριμένον·
3374 894 3502 945 ὅταν
3531 892 3590 944 δὲ

2009 1004 2150 1055 κατὰ
2179 1001 2278 1069 τὴν
2326 1000 2416 1054 τοῦ
2441 999 2593 1062 ὄντος
2622 997 2809 1066 φύσιν,
2845 994 2904 1048 τὸ
2954 991 3010 1044 ἐν
3042 990 3260 1058 βλέπεις
3297 985 3590 1056 συνηθροι-

2013 1095 2230 1164 σμένον.

2091 1185 2172 1250 Τῷ
2200 1186 2386 1255 νόμῳ.
2436 1183 2543 1238 Kal.
2593 1181 2701 1252 γὰρ
2747 1178 2948 1232 κωλύει
2999 1175 3097 1228 καὶ
3141 1175 3174 1242 ἡ
3210 1170 3461 1223 πολιτεία
3492 1178 3590 1229 τὰς

2011 1277 2256 1340 τελετάς.

2090 1371 2199 1425 Καὶ
2257 1370 2333 1437 δὴ
2383 1367 2450 1422 τὸ
2495 1365 2664 1418 ὅλον.
2709 1360 2850 1414 Ἀλλ’
2893 1359 3052 1428 ἡμεῖς
3103 1354 3221 1424 μὲν,
3273 1353 3428 1422 φησι,
3469 1350 3592 1402 καθ’

2009 1471 2133 1522 ὅσον
2166 1461 2234 1537 ἢν
2265 1465 2397 1533 ἡμῖν
2423 1457 2667 1527 ἐφικτὸν,
2705 1451 2992 1546 καθρλικὺν
3032 1446 3386 1515 διεξήλθομεν
3418 1442 3594 1546 evadi-

2022 1578 2146 1631 μιον
2174 1559 2355 1623 πάσης
2394 1547 2681 1622 μαντικῆς,
2710 1528 3122 1609 καὶ“γε.ὡρ;σμα
3152 1535 3431 1602 ἐδείξαμεν
3459 1528 3594 1581 είνειι

2011 1624 2191 1707 κοινὸν
2223 1649 2322 1717 τῆς
2354 1646 2582 1715 ἀρίστης
2618 1638 2885 1710 μαντικῆς
2922 1635 3020 1703 τὴν
3049 1631 3345 1698 ἀσάφειαν.
3380 1625 3462 1717 Tal
3485 1624 3595 1717 γαρ

2014 1741 2200 1811 σαφῶς
2251 1712 2347 1790 καὶ
2397 1712 2648 1803 ἐναργῶς
2698 1723 3048 1794 θεωρούμενα
3099 1719 3219 1770 οὐδὲ
3253 1712 3486 1785 μαντεία
3525 1713 3592 1764 ἂν

2012 1837 2100 1904 εῐη
2135 1849 2240 1894 τις,
2276 1827 2396 1881 οὐδὲ
2427 1820 2758 1884 ἀποδείξεως
2791 1811 3014 1882 δεηθείη
3048 1810 3114 1864 ἂν
3147 1823 3313 1868 τινος·
3346 1807 3378 1874 ὴ
3411 1805 3468 1856 δὲ
3500 1803 3594 1852 νῦν

1941 1891 1983 1945 Β
2013 1890 2270 1996 πρδθεσις
2303 1919 2397 1972 καὶ
2429 1919 2458 1970 ὁ
2499 1914 2699 1972 σκοπὸς
2729 1907 2891 1979 ἡμῶν
2931 1905 3080 1956 ἐστιν
3128 1890 3481 1968 ἐνδιατρίψαι
3517 1895 3596 1961 τίς)

2013 1989 2143 2088 περὶ
2196 2014 2366 2081 αὐτὴν
2409 2009 2474 2076 δὴ
2520 2007 2620 2076 τὴν
2655 2003 2882 2072 ἀρίστην
2936 1995 3241 2063 σκέμματι,
3295 1989 3392 2042 καὶ
3429 1989 3596 2056 ἀκρι-

2015 2109 2281 2176 ϐεστέραν
2308 2105 2406 2171 τὴν
2438 2090 2642 2165 ταύτης
2674 2095 2924 2160 ἐξέτασιν
2955 2085 3310 2156 ποιήσασθαι.

2090 2201 2162 2255 Τὸ
2196 2200 2363 2252 ὅλον.
2392 2193 2628 2252 Γενικώς
2657 2188 2752 2240 καὶ
2801 2182 3056 2236 καθόλου.

2085 2291 2315 2358 Αὐτῆς.
2351 2287 2464 2354 Τῆς
2500 2281 2796 2351 μαντικῆς.

2102 2383 2422 2436 Ἐνόντων.
2455 2374 2612 2428 Κατὰ
2642 2371 2893 2438 δύναμιν.

2099 2468 2624 2542 Ἐγκεκωμίασται.
2673 2459 2810 2528 Παρ’
2845 2456 3024 2527 ἡμῶν.

2098 2564 2404 2631 Ἀρίστην.
2444 2557 2576 2610 Ἀπὸ
2601 2555 2710 2605 τῶν
2735 2551 2911 2603 ἄλλων
2939 2543 3236 2617 μαντειῶν.

2096 2655 2588 2722 Ἀποτεμόμενον.
2640 2644 2886 2703 Εἰδικὼς.

2083 2745 2385 2816 Χαρακῖῆέ
2406 2759 2463 2796 α.
2498 2737 2814 2804 Γνὼρισμα.

2012 2933 2196 2988 omnia
2233 2934 2490 2984 concreta
2526 2930 2580 2975 et
2608 2921 2663 2973 in
2699 2929 2852 2971 suam
2891 2914 3122 2966 formam
3149 2906 3416 2977 producta
3441 2912 3593 2968 sunt,

2014 3029 2058 3083 si
2087 3042 2150 3079 ca
2196 3019 2363 3075 veluti
2416 3014 2686 3071 essentias
2713 3015 2962 3078 spectes.
2993 3001 3275 3072 quidpiam
3313 3013 3481 3051 unum
3515 2999 3599 3049 in-

2018 3118 2210 3179 tueris,
2231 3111 2724 3182 cognationemque
2747 3112 2801 3154 et
2827 3092 3324 3164 al'liuitatcmjomni
3346 3107 3409 3145 ex
3438 3100 3598 3159 parte

339 3208 397 3260 in
443 3208 494 3259 id
560 3206 708 3275 quod
768 3205 1033 3258 rationein
1095 3212 1423 3269 aSpernatur
1464 3201 1739 3255 bifariam.
1777 3201 1908 3255 Illud

2025 3214 2170 3265 inter
2206 3225 2266 3262 se
2306 3205 2537 3258 habens.
2569 3197 2722 3264 Quod
2758 3195 2803 3249 si
2826 3194 3015 3246 eadrn‘.
3047 3189 3273 3242 formata
3306 3196 3359 3239 et
3393 3185 3446 3238 in
3476 3197 3602 3251 pro-

2306 3297 2311 3298 ⁷
2680 3287 2690 3298 ⁸
2946 3281 2998 3298 1η
3045 3287 3089 3298 ι-.
3187 3272 3596 3298 -....Ι.Ξι..,1ἰ..ηη·ι

335 3299 490 3352 enim
518 3298 750 3351 dicimus
773 3297 1043 3355 naturale,
1069 3304 1231 3363 atque
1263 3294 1466 3347 habere
1494 3293 1602 3346 vim
1629 3296 1914 3363 vegetaudi

337 3406 405 3445 ac
435 3390 715 3443 nutriendi
759 3405 774 3442 :
813 3389 917 3441 hoc
945 3401 1074 3440 vero
1129 3386 1482 3440 excitativum
1544 3394 1600 3438 et
1659 3386 1914 3442 animale.

339 3481 451 3536 Sed
479 3482 641 3535 ambo
681 3481 795 3535 haec
829 3479 972 3533 haud
1012 3478 1206 3532 rationi
1245 3478 1626 3544 obtemperare
1671 3489 1914 3533 norunt:

340 3589 522 3642 neque
551 3574 700 3626 enim
733 3572 1050 3633 consilium,
1081 3586 1258 3638 neque
1299 3571 1436 3623 ullas
1465 3569 1744 3639 judicandi
1775 3571 1918 3625 vires

340 3667 570 3719 habent.
612 3662 900 3717 Consimili
956 3660 1119 3714 modo
1179 3661 1230 3713 id
1282 3659 1427 3728 quod
1477 3657 1670 3712 rationi
1710 3659 1922 3712 obtem-

338 3766 521 3826 perat,
588 3754 815 3823 «Inplum
865 3765 967 3806 cst.
1007 3752 1122 3806 l-loc
1172 3753 1319 3805 enim
1373 3766 1759 3821 nuncupamus
1809 3753 1918 3804 vim

340 3845 802 3912 concupisceudi,
837 3844 969 3897 illud
1002 3859 1132 3897 vero
1162 3843 1271 3896 vim
1301 3843 1592 3896 irascendi.
1631 3842 1696 3894 Et
1725 3842 1812 3894 illa
1842 3841 1926 3895 vis

341 3937 777 4007 concupiscendi
810 3935 1078 3988 dividitur
1112 3934 1164 3986 in
1205 3934 1540 4002 voluptatem
1570 3948 1633 3987 ac
1657 3932 1921 3986 dolorem.

342 4031 484 4085 Diam
522 4029 667 4098 quod
701 4044 964 4097 prospere
991 4038 1046 4080 ct
1076 4043 1140 4079 ex
1192 4026 1360 4080 animi
1395 4027 1662 4080 sententia
1693 4027 1875 4080 evenit
1908 4064 1924 4089 ,

343 4120 685 4188 voluptatem
721 4116 878 4170 allert
922 4128 975 4170 et
1006 4118 1286 4185 ingenerat
1321 4132 1333 4168 :
1372 4116 1517 4184 quod
1561 4125 1739 4168 autem
1768 4115 1928 4168 aber-

339 4213 520 4264 rando
549 4210 842 4263 infaustum
867 4220 970 4270 est,
1001 4208 1246 4260 dolorem
1273 4219 1325 4259 et
1349 4207 1750 4275 aegritudinem.
1771 4205 1926 4271 Quod

342 4317 514 4373 porro
555 4299 827 4354 irascendi
861 4299 964 4350 vim
1021 4299 1206 4362 habet,
1246 4297 1298 4350 in
1341 4297 1439 4350 tria
1489 4295 1925 4360 diﬁ'unditur,'in

341 4393 717 4468 iracundiam,
753 4407 915 4460 quam
950 4407 1078 4442 sane
1114 4390 1276 4442 bilem
1327 4401 1382 4442 et
1417 4389 1549 4442 iram
1602 4398 1799 4442 vocant
1827 4429 1841 4449 ,
1873 4398 1928 4442 et

343 4489 403 4541 in
461 4486 758 4539 ulciscendi
797 4484 1111 4536 aviditatem
1167 4495 1222 4538 ct
1265 4482 1798 4537 exeandcscentiam.
1836 4483 1932 4537 Est

2028 3303 2198 3372 priam
2231 3297 2497 3366 cujusque
2543 3287 2782 3358 speciem
2828 3281 3128 3351 producta,
3187 3272 3598 3328 multitudinem

2025 3368 2208 3449 cernis
2245 3389 2561 3442 distinctam
2613 3393 2676 3432 ac
2729 3373 3024 3430 dissidium
3081 3368 3397 3428 habentem,
3429 3378 3604 3432 quan-

2029 3496 2144 3538 tum
2197 3479 2264 3533 ad
2311 3492 2432 3531 eam
2481 3479 2693 3540 spectat
2753 3467 2806 3519 in
2858 3464 3222 3519 universum,
3282 3455 3368 3508 vel
3419 3453 3603 3535 potius

2027 3571 2250 3642 quando
2285 3567 2442 3620 vides
2477 3578 2572 3630 per
2597 3557 2839 3625 singulas
2877 3551 3091 3618 species
3118 3564 3182 3602 ea
3216 3562 3336 3615 quae
3373 3556 3504 3599 sunt
3546 3543 3602 3597 in

2031 3681 2211 3720 rerum
2247 3671 2466 3718 natura,
2499 3669 2670 3707 unum
2710 3647 2943 3703 intueris
2972 3645 3270 3697 discretum
3295 3653 3358 3691 ac
3381 3651 3606 3705 separa-

2032 3768 2146 3811 tum
2188 3774 2201 3808 :
2237 3769 2361 3806 eum
2392 3764 2523 3802 vero
2547 3743 2850 3798 secundum
2901 3736 3074 3804 ipsius
3120 3731 3263 3784 entis
3307 3738 3602 3792 naturam,

2031 3863 2200 3903 unum
2231 3853 2447 3912 Spectas
2471 3839 2524 3891 in
2552 3834 2867 3901 congeriem
2909 3836 3283 3898 aggregatutn.

2101 3937 2226 4007 Legi
2258 3908 2450 3986 inorem
2485 3943 2686 3998 gerens.
2722 3922 2939 3977 Etenim
2995 3924 3147 3970 vetat.
3208 3912 3386 3966 civilis
3429 3908 3606 3964 admi-

2031 4027 2292 4086 nistratio
2325 4018 2636 4091 bujusmodi
2672 4011 3047 4069 cazrenmnias.

2103 4120 2233 4174 Ideo
2256 4113 2578 4169 summatim.
2608 4112 2676 4162 At
2708 4119 2809 4158 nos
2873 4102 3130 4171 quidem,
3165 4095 3386 4164 inquit,
3425 4091 3605 4162 quoad

2032 4213 2194 4268 nobis
2257 4207 2390 4263 illud
2425 4201 2643 4271 assequi
2684 4198 2867 4259 datur,
2909 4190 3238 4246 catholicum
3273 4196 3327 4240 et
3382 4189 3608 4238 imiver-

2032 4325 2152 4362 sum
2190 4301 2601 4373 percurrimus,
2657 4300 2964 4356 nostra'que
3005 4281 3269 4338 orationis
3309 4281 3448 4349 stylo
3490 4294 3612 4346 per-

2032 4370 2393 4452 lustravimus
2446 4385 2777 4458 praeconium
2857 4379 3023 4432 totius
3089 4370 3483 4432 divinationis,
3544 4386 3610 4422 ac

2033 4489 2312 4558 specimen
2377 4487 2875 4552 argumentumque
2941 4464 3439 4524 demonstravimus
3488 4478 3610 4514 esse

341 4593 530 4632 au-em
566 4577 846 4630 iracundia
883 4574 1050 4626 animi
1087 4576 1341 4643 impetus,
1391 4575 1458 4628 ad
1489 4574 1784 4627 efficaciam
1809 4590 1916 4628 mur

2037 4554 2328 4636 commune
2356 4574 2547 4642 Optimi
2579 4566 2820 4624 vaticinii
2860 4560 3272 4616 obscuritatem.
3303 4555 3432 4620 ρυευ
3462 4554 3609 4606 enim

342 4671 604 4738 uerisque
643 4668 980 4722 functionein
1019 4667 1350 4736 principium
1401 4678 1456 4721 et
1500 4666 1920 4720 cauniotionern

344 4763 580 4827 liabeus,
613 4761 695 4814 vel
748 4761 914 4813 animi
967 4758 1314 4812 vehementia
1379 4757 1446 4810 ad
1499 4758 1778 4827 quidpiam
1811 4755 1925 4809 eili-

343 4854 605 4906 cicnduiu
647 4869 663 4906 :
704 4851 797 4904 sed
850 4849 1148 4904 ulciSi-endi
1205 4848 1479 4917 cupiditas
1537 4859 1591 4903 et
1650 4848 1922 4902 excande-

342 4945 558 4999 scentia
594 4954 677 4997 est
706 4957 1037 5011 permanens
1064 4951 1117 4993 et
1142 4940 1338 4993 insitus
1366 4942 1537 4994 furor.

424 5036 489 5089 In
561 5034 990 5112 diviqutionibus.
1053 5034 1458 5087 Divinationem
1535 5033 1924 5089 multiformem

345 5137 607 5182 asserunt
641 5125 837 5189 Gra-ci,
874 5141 1107 5194 eamque
1140 5126 1411 5178 diversam
1449 5126 1722 5180 efliciendi
1757 5126 1928 5180 facul-

353 5231 524 5273 tatem
554 5217 804 5272 sortitam
844 5234 986 5281 esse,
1017 5217 1482 5287 quemadmodum
1524 5219 1711 5284 paucis
1747 5219 1803 5272 in
1831 5219 1929 5273 de-

348 5325 521 5362 (UI'SII
560 5309 723 5377 hujus
761 5307 888 5361 libri
919 5308 1156 5362 dicetur.
1186 5308 1579 5362 Cacreuioniam
1620 5319 1803 5363 autem
1849 5309 1933 5362 di-

349 5407 488 5454 cunt
531 5400 920 5468 mysteriorum
977 5398 1556 5461 communicationem,
1595 5401 1759 5455 veluti
1804 5417 1931 5470 per-

353 5494 636 5544 licientem
671 5505 767 5544 eos
796 5533 810 5557 ,
864 5491 954 5559 qui
1013 5491 1190 5544 sacris
1227 5489 1425 5543 initiati
1478 5502 1622 5544 sunt.
1661 5492 1931 5546 l’ra'tcrea

350 5599 486 5636 vero
520 5583 585 5636 ad
615 5583 782 5635 animi
830 5584 1175 5638 alie-clientem
1219 5583 1580 5651 habitumque
1611 5585 1934 5639 accedentes

353 5675 522 5742 hujus
555 5675 1070 5728 communicationis
1112 5679 1284 5744 gratia
1338 5675 1644 5743 adoptatus.
1703 5679 1936 5732 eximios

351 5776 413 5820 et.
456 5765 732 5835 perfectos
763 5777 981 5820 verant.

441 5859 843 5916 Dissidentium.
895 5863 968 5916 Ea
1010 5880 1130 5932 quae
1184 5865 1237 5916 in
1298 5861 1504 5917 mundo
1561 5864 1938 5932 continentur,

2031 4670 2270 4728 dilucide
2300 4677 2355 4721 et
2386 4673 2574 4734 aperte
2628 4669 2987 4730 patenterque
3039 4653 3182 4704 inter
3217 4647 3608 4718 speculandum

2025 4769 2414 4821 observantur,
2459 4769 2638 4822 neque
2667 4746 3022 4804 divinationis
3057 4741 3342 4810 cujusdam
3383 4737 3608 4798 fui-rint,

2025 4869 2205 4926 neque
2238 4845 2724 4906 demonstraaionis
2751 4843 2955 4910 indiga.
2984 4836 3138 4891 Nunc
3169 4846 3332 4902 porro
3367 4839 3610 4883 nostrum

2029 4946 2345 5002 institutum
2381 4949 2680 5005 nosterque
2711 4945 2912 5000 seopus
2945 4937 3028 4981 est
3051 4968 3063 4992 ,
3103 4934 3383 4978 immorari
3436 4935 3486 4971 in
3518 4934 3614 4985 0p—

2034 5043 2165 5094 tima
2241 5031 2802 5106 praestantssimaque
2864 5022 3037 5092 ipsius
3119 5011 3611 5074 consideratione,

2033 5147 2244 5188 necnon
2275 5129 2608 5183 exactiorem
2636 5120 2882 5192 ejusdem
2914 5111 3319 5177 indagatiouem
3369 5108 3612 5160 efﬁcere.

2109 5223 2447 5277 Sumniatim.
2484 5213 2828 5272 Generaliter
2856 5217 2912 5262 et
2947 5207 3226 5260 universe.

2108 5316 2254 5384 Ipsa.
2291 5307 2633 5366 Vaticinandi
2673 5321 2780 5356 ars.

2109 5381 2214 5458 lb'o
2245 5404 2384 5459 virili
2422 5410 2590 5470 parte.
2619 5397 2893 5462 Quantum
2939 5387 3140 5442 virium
3186 5395 3495 5441 nostrarum
3530 5381 3612 5434 fa.

2034 5502 2209 5556 cultas
2250 5498 2471 5566 patitur.

2109 5593 2387 5646 Exornata
2413 5588 2502 5640 sit.
2537 5586 2578 5638 A
2619 5582 2800 5637 nobis.

2112 5683 2401 5752 Optimam.
2440 5681 2708 5746 Respeetu
2744 5677 2972 5729 aliarum
3010 5670 3430 5727 divinationum.

2113 5777 2177 5829 1ζὶ
2230 5771 2319 5846 qui
2374 5772 2779 5844 depromuserit.
2827 5768 3133 5824 Detraxcrit
3185 5774 3241 5819 ct
3293 5755 3564 5826 eripuerit
3596 5792 3612 5819 ,

2043 5870 2377 5934 specialiter,
2407 5879 2459 5922 et
2491 5863 2732 5919 adhibita
2767 5867 3065 5921 formarqu
3099 5857 3472 5919 distinctione.
