4102 6294
392 394 499 456 553

385 511 452 603 β’,
482 515 576 565 καί
627 515 774 568 ἐστιν
809 519 1110 589 ἡγούμενος
1142 523 1170 575 6
1213 522 1286 588 ις’
1317 526 1410 578 τοῦ
1445 534 1512 598 η’.
1551 531 1816 599 Ἐναλλὰξ
1861 536 1952 590 οὖν
1981 546 2030 603 Α

383 601 598 667 γίνεται
647 605 824 672 λόγος,
875 610 1004 661 ὅταν
1056 611 1226 682 λᾶὄης
1260 615 1351 667 τὸν
1388 619 1690 686 ἡγούμενον
1723 626 1814 678 τὸν
1854 626 1950 691 ις’,

383 698 480 748 καὶ
527 699 828 772 συγκρίνῃς
862 704 998 772 πρὸς
1029 705 1123 759 τὸν
1157 709 1461 779 ἡγούμενον
1498 714 1591 766 τὸν
1639 715 1704 779 δ’,
1741 720 1835 772 καὶ
1865 720 1956 772 τὸν

384 790 651 858 ἑπόμενον
711 794 802 847 τδν
859 794 912 866 η’
966 799 1103 867 πρὸς
1151 801 1242 855 τὸν
1299 806 1568 876 ἑπόμενον
1620 811 1714 864 τὸν
1749 811 1816 880 β’.
1851 815 1960 867 Καὶ

383 883 666 977 δείκνυται
708 888 873 942 πάλιν
903 893 1108 961 ὁμοίως
1127 895 1210 948 ὅτι
1236 896 1296 949 ὃν
1325 897 1490 967 λόγον
1512 901 1626 974 ἔχει
1657 906 1688 957 6
1719 904 1795 969 ις’
1821 908 1962 977 πρὸς

383 976 475 1027 τὸν
509 975 574 1038 δ’,
601 978 691 1030 τὸν
725 981 894 1034 αὑτὸν
925 982 1040 1053 ἔχει
1068 987 1164 1039 καὶ
1191 989 1219 1039 6
1243 995 1296 1056 η’
1318 991 1455 1061 πρὸς
1502 995 1596 1047 τὸν
1640 994 1703 1063 β’.
1737 975 1963 1053 Δεὲκνυ·

390 1084 475 1160 σιν
506 1067 627 1160 ,οὖν
687 1071 963 1136 ἐντεῦθεν,
998 1077 1080 1130 ὅτι
1138 1078 1198 1130 ὃν
1253 1079 1414 1149 λόγον
1465 1084 1582 1154 ἔχει
1611 1087 1640 1138 6
1671 1087 1794 1151 νοῦς
1827 1090 1964 1160 πρὸς

385 1158 584 1229 ψυχὴν,
635 1161 727 1214 τὸν
777 1165 944 1217 αὐτὸν
974 1166 1085 1235 ἔχει
1129 1170 1196 1224 τὰ
1233 1170 1362 1225 ὄντα
1387 1175 1526 1240 πρὸς
1560 1177 1629 1228 τὰ
1656 1158 1920 1247 γινόμενα
1948 1205 1961 1217 ·

389 1255 485 1306 καὶ
517 1255 748 1320 ἐναλλὰξ
797 1259 856 1310 ὃν
896 1259 1051 1327 λόγον
1091 1263 1204 1332 ἔχει
1238 1265 1366 1328 νοῦς
1399 1268 1538 1337 πρὸς
1560 1270 1712 1337 ὄντα,
1745 1272 1836 1324 τὸν
1868 1274 1964 1326 αὒ’

298 1354 301 1358 ’
385 1345 477 1398 τὸν
503 1345 634 1416 ἔχει,
665 1349 812 1420 ψυχὴ
844 1355 983 1422 πρὸς
1005 1357 1287 1424 γινόμενα.

475 1508 831 1564 Ἀνάπαλιν.
868 1511 980 1564 Καὶ
1016 1513 1177 1566 τοῦτο
1224 1516 1289 1569 ἐκ
1340 1519 1449 1570 τῶν
1500 1519 1597 1578 τοῦ
1649 1521 1960 1576 Εὐκλείδου.

337 1611 342 1615 ·
389 1600 528 1669 Φησὶ
557 1601 666 1672 γὰρ
714 1602 920 1667 ἐκεῖνος
963 1607 1021 1658 ὲν
1055 1607 1170 1670 τοῖς
1193 1607 1376 1672 αὐτοῖς
1399 1611 1546 1680 ὅροις
1579 1612 1672 1666 τοῦ
1698 1615 1962 1680 πέμπτου

397 1696 700 1763 στοιχείου,
733 1697 816 1750 ὃτι
848 1697 1122 1752 ἀνάπαλιν
1167 1700 1324 1768 λόγος
1363 1704 1480 1757 ἐστὶ
1509 1703 1671 1774 λῆψις
1714 1705 1808 1760 τοῦ
1842 1707 1970 1761 ἑπο-

395 1787 560 1857 μένου
593 1788 668 1852 ὡς
701 1789 1009 1860 ἡγουμένου
1042 1792 1179 1861 πρὸς
1213 1793 1275 1846 τὸ
1321 1794 1628 1865 ἡγούμενον
1653 1797 1729 1861 ὼς
1761 1798 1967 1866 ἑπόμε-

1259 411 1584 472 SCHULIA
1632 419 1709 478 ΙΝ
1753 423 2132 486 SYNESIUM
2185 429 2280 488 DE
2331 432 2748 496 lNSUMNliS.
3444 443 3448 446 ’
3535 437 3638 502 554

2541 547 2648 601 νοῦς
3046 550 3174 610 ψυχὴ

2593 693 3080 868 (><)

2530 969 2642 1014 ὄντα

2139 1054 2491 1120 Πρυϐἁλλει.
2535 1051 2599 1104 Ἢ
2629 1039 2794 1120 ψυχή.

2154 1145 2536 1213 Ἑνοπτρίζει.
2570 1143 2822 1207 Φωτίζει,
2856 1143 3117 1196 διδάσκει.

2143 1238 2292 1306 Πρὶν
2328 1237 2409 1302 τῷ
2462 1237 2668 1302 κοινῷ.
2709 1236 2886 1302 Λόγῳ,
2922 1236 2954 1302 ἦ
2985 1235 3060 1296 ὡς
3087 1236 3174 1286 διὰ
3212 1233 3304 1284 τοῦ
3337 1233 3642 1288 ἐνδιαθέτου

2980 967 3201 1026 γινόμενοι

2071 1333 2254 1400 λόγου.

2154 1418 2604 1483 Ἐπιστατικήν.
2637 1419 2705 1471 Ἦ
2736 1419 2810 1482 ὡς
2847 1419 2938 1471 τὸν
2969 1418 3112 1470 νοῦν.

2140 1514 2426 1580 Δύναμιν.
2465 1511 2526 1563 Ὀ
2577 1511 2676 1579 μὲν
2711 1509 2838 1571 νοῦς
2883 1512 3134 1562 κοινωνεῖ
3172 1513 3236 1579 τῇ
3276 1511 3465 1580 λογικῇ
3495 1510 3642 1580 ψυχῇ

2071 1608 2156 1660 διὰ
2189 1607 2354 1674 μέσου
2385 1605 2489 1657 τοῦ
2523 1605 2707 1672 λόγου·
2749 1605 2783 1672 ἡ
2818 1603 2874 1656 δὲ
2900 1605 3092 1673 λογικὴ
3125 1605 3272 1674 ψυχὴ
3304 1609 3552 1658 κοινωνεῖ
3578 1610 3645 1678 τῇ

2071 1699 2367 1768 αἰσθητικῇ
2395 1737 2408 1759 ,
2469 1698 2706 1758 καὶτοῖς
2761 1695 3083 1764 ὀργανικοῖς
3127 1698 3526 1767 αἰσθητηρίοις,
3559 1699 3647 1752 διὰ

2083 1786 2247 1854 μέσου
2287 1786 2381 1838 τοῦ
2411 1785 2775 1854 φανταστικοῦ
2804 1784 3133 1854 πνεύματος·
3164 1788 3196 1855 ἡ
3230 1787 3272 1837 6‘
3301 1783 3368 1839 αὖ
3403 1787 3642 1858 αἰσθητι-

389 1899 502 1935 νον.
539 1884 677 1952 Πρὸς
708 1883 764 1936 δὲ
818 1886 1118 1955 σαφήνειαν
1165 1887 1260 1940 τοῦ
1324 1886 1485 1955 λυγου
1540 1889 1846 1945 κείσθωσαν
1897 1894 1964 1946 ὲκ
1995 1889 2040 1945 Β
2069 1877 2138 1946 κὴ
2164 1877 2312 1947 ψυχὴ
2344 1878 2597 1930 κοινωνεῖ
2627 1879 2694 1947 τῇ
2734 1877 2940 1945 φυσικῇ
2963 1877 3052 1930 διὰ
3081 1875 3174 1930 τοῦ
3205 1877 3502 1946 θρεπτικοῦ
3550 1880 3645 1931 καὶ

387 1974 496 2027 τῶν
530 1977 908 2045 προκειμένων
934 1978 1184 2048 ἀριθμῶν
1214 1979 1243 2030 6
1273 1986 1346 2044 ις’
1378 1980 1517 2034 καὶό
1548 1987 1621 2049 η’.
1653 1983 1842 2036 Ἔστιν
1865 1979 1958 2037 οὖν

384 2067 413 2116 6
445 2072 519 2130 ις’
546 2066 873 2137 ἡγούμενος,
903 2070 931 2122 6
957 2068 1015 2122 δὲ
1060 2077 1112 2139 η’
1152 2071 1446 2140 ἑπόμενος·
1479 2072 1576 2126 ἐὰν
1603 2072 1661 2124 δὲ
1699 2071 1957 2142 λάϐωμεν

386 2159 478 2210 τὸν
505 2156 554 2227 η’
599 2158 674 2224 ὡς
715 2159 1044 2229 ἡγούμενον,
1086 2164 1184 2218 καὶ
1232 2166 1618 2233 συγκρίνωμεν
1669 2165 1832 2219 αὑτὸν
1880 2168 1956 2233 ὡς

387 2251 522 2320 πρὸς
565 2252 834 2320 ἑπόμενον
883 2253 974 2306 τὸν
1011 2261 1115 2319 ις’,
1170 2255 1378 2322 γίνεται
1412 2257 1441 2310 6
1468 2257 1743 2312 ἀνάπαλιν
1775 2258 1954 2325 λόγος.

384 2341 556 2412 Φησὶν
593 2338 686 2396 οὖν
716 2343 798 2396 ὅτι
833 2345 1132 2407 κάνταῦθα,
1169 2345 1266 2399 ἐὰν
1304 2346 1560 2415 λάϐωμεν
1602 2349 1678 2410 ὡς
1707 2349 1953 2418 ἡγούμε-

388 2454 477 2489 νον
533 2435 657 2506 ὅρον
709 2438 808 2507 τὴν
857 2438 1059 2509 ψυχὴν,
1109 2447 1208 2494 καὶ
1261 2441 1647 2512 συγκρίνωμεν
1707 2443 1783 2504 ὠς
1820 2444 1956 2513 πρὸς

389 2532 657 2600 ἑπόμενον
691 2532 781 2586 τὸν
830 2533 988 2598 νοῦν,
1027 2535 1122 2590 καὶ
1145 2534 1346 2602 ὁμοίως
1391 2535 1461 2588 τὰ
1513 2535 1772 2605 γινόμενα.
1821 2535 1956 2602 πρὸς

388 2627 454 2679 τὰ
479 2626 630 2689 ὄντα,
664 2626 877 2691 γίνεται
914 2627 944 2678 ὁ
973 2628 1241 2682 ἀνάπαλιν
1271 2626 1452 2696 λόγος,
1481 2627 1574 2681 καὶ
1603 2627 1757 2680 οὐδὲν
1793 2623 1956 2699 ἦττον

393 2719 705 2788 εὖρίσκεται
736 2719 832 2771 καὶ
867 2719 1040 2780 οὕτως
1081 2718 1278 2787 ἀληθὲς
1314 2719 1374 2770 τὸ
1395 2717 1502 2787 ,ὑφ’
1534 2719 1694 2789 ἡμῶν
1724 2717 1957 2772 ἐνταῦθα

399 2810 523 2878 περὶ
553 2809 758 2863 τούτων
793 2809 868 2872 ὡς
900 2809 1116 2878 ἀξίωμα
1146 2809 1556 2880 προτιθέμενον.

477 2966 881 3035 Ἀξιούμενον.
914 2964 1408 3036 Δογματιζόμενον.

466 3059 843 3128 Ἕχειψυχή.
892 3058 980 3122 Ὦς
1029 3063 1087 3111 ὲν
1133 3059 1309 3129 τούτῳ
1357 3059 1434 3129 τῷ
1476 3059 1738 3128 σχήματι,

2066 1968 2363 2037 αὐξητικοῦ
2396 1968 2736 2037 πνεύματος.
2780 1969 2920 2038 Φησὶ
2948 1969 3004 2020 δὲ
3035 1969 3131 2022 καὶ
3172 1971 3200 2022 6
3243 1969 3531 2033 ῐιλωτῖιιος,
3562 1970 3646 2022 ὅτι

2065 2063 2256 2133 ὥσπερ
2301 2065 2326 2114 6
2349 2063 2421 2114 ’ἐν
2451 2062 2702 2132 προφορᾷ
2751 2061 2908 2128 λόγος
2939 2061 3100 2116 εἰκών
3133 2062 3252 2116 ἐστι
3276 2062 3370 2116 τοῦ
3402 2063 3459 2115 ἐν

2064 2154 2247 2222 λόγου,
2276 2153 2420 2207 οὕτω
2449 2155 2545 2206 καὶ
2583 2156 2617 2222 ἡ
2647 2152 2797 2222 ψυχὴ
2831 2151 2926 2206 τοῦ
2962 2151 3077 2205 νοῦ.

2147 2246 2556 2315 Ἀπαγγεῖλαι.
2607 2246 2757 2314 Αὐτῇ
2795 2247 2862 2314 τῇ
2897 2243 3071 2314 ψυχῇ.

2139 2335 2342 2404 Ψυχῇ.
2376 2337 2454 2406 Τῇ
2480 2336 2696 2405 λογικῇ.

2151 2427 2485 2495 Ἐκμιιγεῒα.
2526 2427 2601 2478 Τύ
2609 2445 2764 2490 πους.

2133 2518 2296 2584 Αὕτη
2351 2515 2484 2584 ζωή.
2556 2518 2623 2570 Ἢ
2679 2525 3020 2593 φανταστικὴ
3061 2524 3157 2576 καὶ
3212 2522 3333 2576 κατ’
3387 2522 3640 2592 αἴσθησιν

2066 2610 2201 2680 ζωὴ,
2256 2610 2323 2662 δι’
2372 2605 2439 2682 ἦς
2487 2611 2856 2682 κοινωνοῦμεν
2887 2616 3003 2677 τοῖς
3053 2615 3294 2683 ἀλόγοις,
3349 2616 3383 2686 ἢ
3437 2614 3642 2684 μᾶλλον

2067 2705 2098 2770 ἡ
2134 2701 2276 2755 κατὰ
2305 2704 2431 2765 τοὺς
2462 2702 2664 2767 ὕπνους
2689 2705 2940 2775 ἐνέργεια
2965 2706 3062 2759 τοῦ
3095 2706 3461 2774 φανταστικοῦ
3475 2708 3642 2758 πνεύ-

2068 2808 2260 2861 ματος.

2137 2884 2246 2935 Kul
2282 2883 2351 2935 ἐν
2402 2881 2671 2950 ἰδιότητι.
2740 2885 2968 2954 Ὀρᾶται
3021 2887 3130 2958 γὰρ
3189 2888 3371 2951 ξδικῶς
3427 2890 3484 2940 ὲν
3524 2894 3636 2953 τοῖς

2064 2973 2302 3039 λογικοῖς
2329 2973 2508 3040 ζώοις.
3231 2991 3242 2996 ·

2125 3066 2516 3133 Αὶσθητήριιι.
2582 3065 2788 3136 Ἀφανῆ
2825 3069 2917 3120 καὶ
2939 3070 3190 3136 κρείττω,
3221 3071 3288 3122 δι’
3327 3063 3400 3123 ὧν
3443 3071 3538 3123 καὶ
3568 3072 3637 3125 τὰ

387 3237 620 3278 numero
648 3222 701 3277 8.
730 3222 870 3294 Ergo
902 3222 1092 3278 ordine
1113 3222 1422 3277 alternatim
1467 3233 1674 3277 mutato
1707 3225 1954 3278 occurrit
1979 3229 2023 3291 ς
2059 3237 2277 3294 postera
2303 3229 2466 3294 ratio,
2512 3241 2568 3283 et
2607 3228 2966 3285 nihilominus
3009 3233 3292 3286 invenitur
3334 3231 3500 3287 etiam
3556 3235 3630 3287 ita

391 3317 699 3388 preportio,
732 3326 1090 3386 posteaquam
1145 3317 1445 3386 sumpseris
1483 3332 1770 3372 numerum
1804 3325 1956 3372 ante-

388 3411 671 3466 cedentem
693 3409 778 3474 16,
803 3417 860 3464 et
890 3408 1292 3476 comparaveris
1317 3422 1444 3462 cum
1477 3422 1708 3463 numero
1733 3419 1953 3464 antece-

388 3505 556 3560 dente
582 3501 616 3556 4
639 3543 655 3569 ,
701 3510 756 3556 et
805 3509 1239 3570 consequentem
1274 3499 1307 3553 8
1344 3515 1469 3554 eum
1501 3510 1868 3568 consequente
1903 3499 1952 3554 2.

387 3595 565 3650 Etiam
596 3608 790 3648 rursus
837 3592 1248 3647 demonstratur
1278 3591 1442 3645 simili
1475 3592 1660 3658 modo,
1692 3603 1752 3646 ut
1793 3610 1954 3663 quam

390 3689 561 3745 habet
603 3686 1022 3758 proportionem
1055 3699 1320 3738 numerus
1357 3684 1418 3738 l6
1466 3684 1534 3738 ad
1577 3701 1864 3739 numerum
1901 3686 1955 3748 4,

387 3781 639 3838 eamdem
673 3778 839 3834 habet
867 3777 1036 3832 etiam
1066 3792 1324 3831 rutu'ierus
1347 3777 1379 3832 8
1415 3776 1481 3830 ad
1519 3776 1574 3831 2.
1610 3776 1748 3834 Hinc
1795 3778 1959 3848 igitur

387 3873 594 3928 indicat
623 3882 676 3926 et
695 3869 938 3928 ostendit
965 3869 1111 3940 quod
1146 3885 1306 3938 quam
1331 3869 1597 3923 rationem
1627 3878 1681 3923 et
1727 3885 1960 3940 propor-

390 3967 592 4020 tionem
630 3965 792 4018 habet
831 3977 983 4017 mens
1017 3961 1086 4015 ad
1133 3960 1370 4016 animam
1398 4001 1412 4024 ,
1454 3960 1701 4015 eamdem
1755 3962 1959 4016 habent

385 4075 450 4116 ea
507 4074 627 4127 quae
661 4071 848 4110 revera
889 4055 1162 4110 exsistunt
1220 4055 1285 4106 ad
1321 4068 1383 4107 ea
1423 4067 1544 4123 quae
1590 4053 1725 4108 ﬁunt
1754 4064 1809 4109 et
1834 4071 1962 4109 eve-

389 4152 582 4214 niunt;
615 4160 671 4202 et
701 4149 1011 4202 alternatim
1047 4147 1241 4201 ordine
1294 4157 1500 4200 mutato
1531 4191 1543 4210 ,
1601 4164 1762 4215 quam
1796 4148 1961 4203 habet

390 4244 663 4297 rationem
707 4256 860 4294 tuens
891 4240 956 4291 ad
989 4254 1052 4292 ea
1079 4254 1199 4307 qua;
1254 4251 1443 4291 revera
1493 4237 1781 4301 exsistunt,
1813 4254 1960 4292 eam-

388 4335 510 4387 dem
540 4331 705 4384 habet
733 4330 911 4383 anima
948 4327 1011 4381 ad
1052 4343 1116 4381 ea
1147 4341 1267 4397 qua:
1304 4325 1442 4378 ﬂuuit
1466 4325 1818 4380 etevcuiunt.

462 4424 534 4476 Ac
565 4430 908 4492 prwpustere.
960 4419 1023 4472 Et
1077 4419 1222 4472 istud
1254 4433 1284 4471 e
1329 4417 1550 4486 scriptis
1587 4417 1830 4471 Euclidis
1861 4418 1958 4472 de-

386 4524 698 4584 promptum
753 4521 857 4565 est.
917 4510 1005 4563 Ait
1061 4510 1207 4562 enim
1266 4510 1320 4561 iu
1374 4512 1490 4563 suis
1545 4509 1960 4565 deﬁnitionibus

2064 3335 2256 3373 verum
2303 3320 2356 3375 id
2395 3321 2542 3390 quod
2576 3337 2604 3375 a
2637 3321 2796 3377 nobis
2845 3321 2934 3375 his
2982 3322 3049 3377 de
3080 3324 3245 3379 rebus
3295 3326 3634 3394 propositum

2062 3422 2164 3472 est,
2195 3411 2344 3464 velut
2379 3411 2593 3465 axioma
2624 3422 2679 3468 et
2708 3413 3146 3482 pronuntiatum.

2136 3499 2513 3556 Constitutum.
2546 3503 2936 3573 Praescriptum
2971 3515 3078 3557 est.

2139 3590 2364 3644 Premit.
2396 3592 2603 3662 Nempe
2627 3594 2828 3647 anima.

2143 3681 2207 3734 Et
2243 3682 2534 3738 illuminat.
2569 3685 2814 3740 Illustrat
2847 3702 2910 3739 ac
2942 3685 3122 3741 docet.

2134 3774 2459 3841 Priusquam
2513 3790 2602 3827 ea:
2640 3777 3016 3829 communioni.
3049 3776 3292 3840 Rationi,
3329 3776 3412 3830 vel
3443 3777 3648 3846 utique.

2066 3880 2163 3932 per
2193 3866 2458 3918 rationem
2486 3874 2666 3918 mente
2702 3875 3046 3933 conceptam.

2148 3954 2234 4008 Vis
2258 3956 2424 4009 animi
2460 3958 2805 4010 moderatrix.
2833 3957 2930 4011 Vel
2965 3957 3153 4025 utique
3191 3974 3367 4013 mens.

2145 4046 2257 4100 Vis.
2296 4047 2447 4101 Mens
2478 4050 2851 4101 communicat
2881 4061 3004 4101 cum
3034 4049 3283 4103 rationali
3320 4049 3500 4104 anima
3535 4066 3634 4121 per

2066 4142 2491 4212 interjaeentem
2523 4139 2787 4195 rationem
2817 4160 2828 4193 :
2871 4153 2925 4195 at
2958 4143 3236 4197 rationalis
3268 4146 3447 4198 anima
3478 4159 3634 4199 com-

2069 4233 2314 4286 munirat
2336 4248 2460 4286 cum
2492 4231 2777 4296 sensitiva,
2806 4241 2861 4284 et
2900 4247 3024 4285 cum
3063 4234 3336 4302 organicis
3357 4235 3632 4290 sentiendi

2065 4324 2314 4392 partibus
2345 4366 2357 4389 ,
2391 4338 2489 4392 per
2519 4323 2757 4376 medium
2817 4333 2871 4376 et
2932 4322 3318 4391 interpositum
3377 4325 3636 4393 spiritum

2067 4416 2503 4482 phantasticum.
2531 4415 2745 4468 Rursus
2764 4415 2946 4468 anima
2966 4415 3227 4470 sensitiva
3263 4419 3635 4474 communicat

2065 4524 2188 4560 cum
2221 4507 2457 4560 naturali
2497 4523 2595 4575 per
2647 4506 2862 4570 alendi,
2920 4508 3242 4576 vcgetandi,
3283 4510 3628 4578 augendique

386 4602 564 4672 quinti
600 4602 884 4665 elementi,
925 4599 1131 4653 Ordine
1177 4600 1398 4654 inverso
1421 4600 1671 4655 eamdem
1729 4615 1956 4670 propor-
1991 4593 2033 4646 Ι)
2065 4600 2343 4666 spiritum.
2376 4599 2466 4652 Ait
2494 4615 2658 4668 porro
2690 4600 2960 4662 Plotinus,
2985 4600 3129 4668 quod
3169 4603 3631 4668 quemadmodum

389 4697 597 4750 tionem
630 4710 693 4748 ae
729 4695 998 4748 rationem
1023 4709 1144 4748 esse
1179 4693 1511 4762 sumptionis
1540 4693 1953 4763 consequentis,

387 4795 448 4840 ut
469 4785 870 4847 antecedentis,
914 4785 1054 4837 facta
1076 4784 1484 4852 comparatione
1503 4782 1570 4837 ad
1599 4783 1956 4845 antecedens,

389 4888 449 4932 ut
481 4878 549 4931 ad
584 4891 952 4945 consequens.
987 4874 1093 4928 Sed
1129 4876 1194 4928 ad
1227 4873 1671 4944 perspicuitatem
1697 4885 1751 4927 et
1774 4875 1960 4942 expla-

392 4973 671 5025 nationem
698 4969 864 5037 bujus
903 4966 1134 5020 rationis
1170 4977 1448 5034 ponantur
1474 4982 1504 5020 c
1536 4965 1831 5034 propositis
1861 4982 1958 5018 nu-

385 5062 576 5125 meris,
613 5075 877 5115 numcrus
912 5056 981 5112 16
1009 5066 1064 5113 et
1097 5072 1362 5112 numerus
1399 5058 1452 5111 8.
1504 5059 1601 5112 Est
1651 5058 1816 5126 igitur
1849 5075 1951 5110 uu-

382 5168 571 5207 merus
601 5154 668 5206 ili
723 5151 1076 5212 antecedens,
1125 5160 1181 5203 at
1210 5149 1242 5202 8
1283 5165 1644 5218 consequens.
1681 5149 1835 5214 Quod
1905 5149 1950 5201 si

383 5260 651 5300 sumanus
695 5257 985 5297 numerum
1035 5242 1069 5296 8
1121 5253 1378 5311 tauquam
1429 5241 1867 5302 antecedentem,
1896 5253 1952 5294 Cl

384 5350 768 5403 comparemus
815 5334 991 5404 ipsum
1045 5335 1194 5388 velut
1222 5335 1288 5387 ad
1313 5333 1744 5401 ‘consequentem
1772 5332 1860 5396 16,
1893 5334 1951 5385 lit

385 5428 580 5482 ordine
616 5427 832 5481 inverso
863 5427 1166 5496 proportio.
1198 5425 1291 5480 Ait
1312 5439 1442 5494 ergo
1475 5424 1566 5479 hic
1592 5439 1811 5493 quoque
1847 5440 1862 5478 :
1893 5423 1948 5478 Si

387 5533 673 5573 sumamus
697 5519 849 5571 velut
887 5519 1303 5571 antecedentem
1338 5515 1629 5569 terminum
1662 5515 1897 5568 animam
1943 5553 1957 5578 ,

386 5620 442 5664 et
470 5625 855 5678 comparemus
911 5619 1166 5679 tanquam
1200 5608 1266 5660 ad
1321 5617 1746 5675 consequentcm
1803 5623 1956 5661 men-

390 5715 523 5766 tem,
558 5700 814 5756 similiter
829 5702 992 5752 etiam
1022 5716 1084 5753 ea
1107 5715 1227 5767 qua:
1249 5701 1390 5760 iiunt
1417 5707 1472 5750 et
1505 5698 1768 5751 eveniunt
1792 5699 1858 5752 ad
1891 5715 1954 5754 ea

394 5806 514 5860 qua:
549 5806 736 5844 revera
773 5791 1067 5852 exsistunt,
1115 5787 1360 5842 occurrit
1395 5801 1656 5839 conversa
1702 5797 1757 5840 et
1817 5805 1958 5858 praes

720 5885 985 5942 PATROL.
1033 5886 1150 5942 Gn.
1198 5880 1382 5939 CXLI
1398 5881 1475 5938 Χ.

2063 4693 2116 4744 in
2151 4693 2537 4745 enuntiatione
2586 4693 2765 4744 oratio
2791 4693 2999 4762 efﬁgies
3055 4707 3120 4746 ac
3149 4693 3502 4747 simulacrum
3546 4705 3631 4749 cst

2058 4785 2294 4837 rationis
2343 4800 2464 4853 qua:
2513 4794 2601 4837 est
2654 4785 2962 4848 inanima,
3015 4785 3087 4837 ita
3139 4786 3305 4838 etiam
3337 4788 3517 4839 anima
3547 4797 3630 4840 est

2059 4877 2236 4946 imago
2267 4876 2488 4931 mentis.
2942 4934 2949 4940 _

2132 4967 2444 5034 Manifestus
2469 4968 2668 5036 fecerit.
2707 4968 2813 5037 Ipsi
2843 4969 3061 5022 anima).

2135 5059 2402 5112 Primaria
2435 5061 2601 5113 animi
2635 5069 2808 5128 parte.
2844 5060 3068 5113 Scilicet
3114 5061 3388 5115 rationali.

2130 5133 2414 5221 Imagines.
2452 5151 2612 5220 Typi,
2646 5151 2833 5204 formae
2856 5160 2912 5204 et
2939 5151 3253 5204 simulacra.

2137 5240 2252 5293 Vita
2285 5243 2414 5294 Iure.
2453 5241 2824 5300 l’hantastica,
2858 5250 2914 5293 et
2941 5240 3121 5308 quoad
3151 5243 3424 5296 sentiendi
3455 5243 3627 5300 facul-

2060 5339 2224 5385 tatem
2256 5332 2389 5394 vita,
2426 5347 2522 5400 per
2556 5346 2717 5401 quam
2745 5331 3215 5386 communicamus
3240 5347 3364 5387 cum
3398 5335 3627 5390 rationis

2056 5423 2409 5493 expertibus;
2432 5425 2514 5478 vel
2533 5425 2717 5493 potius
2733 5425 2873 5478 actio
2891 5423 3119 5492 spiritus
3139 5426 3625 5496 phantasticqunm

2056 5514 2200 5586 viget
2232 5517 2376 5570 inter
2416 5517 2823 5570 soumiaudum.

2127 5606 2195 5662 1n
2234 5609 2555 5677 proprietate
2587 5616 2816 5663 naturas.
2861 5608 3089 5664 Videtur
3121 5611 3264 5666 enim
3308 5611 3534 5665 seorsim
3566 5612 3624 5668 in

2057 5697 2388 5753 animalibus
2423 5698 2633 5754 ratione
2669 5699 2972 5753 utentibus.

2128 5789 2386 5846 Semnum
2417 5809 2638 5861 organa.
2673 5791 2916 5846 Obscura
2936 5805 2991 5847 et
3019 5795 3349 5862 potentiora,
3378 5809 3476 5863 per
3503 5809 3628 5865 qua

3113 5889 3186 5948 18
