  <div class='ocr_page' id='page_1' title='image "/cluster/home/n/w/nwhite01/storage/ocr_20150623/149/mdp.39015078384750/286.png"; bbox 0 0 4102 6294; ppageno 0'>
   <div class='ocr_carea' id='block_1_1' title="bbox 368 415 465 475">
    <p class='ocr_par' dir='ltr' id='par_1_1' title="bbox 368 415 465 475">
     <span class='ocr_line' id='line_1_1' title="bbox 368 415 465 475; baseline -0.021 -1"><span class='ocrx_word' id='word_1_1' title='bbox 368 415 465 475; x_wconf 67' lang='lat'><strong>531</strong></span> 
     </span>
    </p>
   </div>
   <div class='ocr_carea' id='block_1_2' title="bbox 1254 406 2752 473">
    <p class='ocr_par' dir='ltr' id='par_1_2' title="bbox 1254 406 2752 473">
     <span class='ocr_line' id='line_1_2' title="bbox 1254 406 2752 473; baseline -0.002 -3"><span class='ocrx_word' id='word_1_2' title='bbox 1254 410 1579 471; x_wconf 81' lang='lat' dir='ltr'><strong>SCHOLIA</strong></span> <span class='ocrx_word' id='word_1_3' title='bbox 1623 411 1704 469; x_wconf 82' lang='lat' dir='ltr'><strong>IN</strong></span> <span class='ocrx_word' id='word_1_4' title='bbox 1749 410 2140 473; x_wconf 86' lang='lat' dir='ltr'><strong>SYNESIUM</strong></span> <span class='ocrx_word' id='word_1_5' title='bbox 2181 410 2279 470; x_wconf 90' lang='lat' dir='ltr'><strong>DE</strong></span> <span class='ocrx_word' id='word_1_6' title='bbox 2320 406 2752 469; x_wconf 84' lang='lat' dir='ltr'><strong>lNSOMNllS.</strong></span> 
     </span>
    </p>
   </div>
   <div class='ocr_carea' id='block_1_3' title="bbox 3498 406 3603 469">
    <p class='ocr_par' dir='ltr' id='par_1_3' title="bbox 3498 406 3603 469">
     <span class='ocr_line' id='line_1_3' title="bbox 3498 406 3603 469; baseline 0.019 -2"><span class='ocrx_word' id='word_1_7' title='bbox 3498 406 3603 469; x_wconf 78' lang='lat'><strong>558</strong></span> 
     </span>
    </p>
   </div>
   <div class='ocr_carea' id='block_1_4' title="bbox 359 514 3608 595">
    <p class='ocr_par' dir='ltr' id='par_1_4' title="bbox 359 514 3608 595">
     <span class='ocr_line' id='line_1_4' title="bbox 359 514 3608 595; baseline -0 -19"><span class='ocrx_word' id='word_1_8' title='bbox 359 526 560 595; x_wconf 74' lang='grc' dir='ltr'>’ῥήτωρ</span> <span class='ocrx_word' id='word_1_9' title='bbox 582 538 594 551; x_wconf 90' lang='grc'><strong>·</strong></span> <span class='ocrx_word' id='word_1_10' title='bbox 636 521 858 592; x_wconf 79' lang='grc' dir='ltr'>δηλοῦσι</span> <span class='ocrx_word' id='word_1_11' title='bbox 890 524 945 577; x_wconf 85' lang='grc' dir='ltr'><strong>δὲ</strong></span> <span class='ocrx_word' id='word_1_12' title='bbox 992 522 1152 578; x_wconf 87' lang='grc' dir='ltr'>τοῦτο</span> <span class='ocrx_word' id='word_1_13' title='bbox 1184 525 1280 578; x_wconf 78' lang='grc' dir='ltr'>καὶ</span> <span class='ocrx_word' id='word_1_14' title='bbox 1339 526 1391 578; x_wconf 81' lang='grc' dir='ltr'>οἱ</span> <span class='ocrx_word' id='word_1_15' title='bbox 1446 524 1589 578; x_wconf 80' lang='grc' dir='ltr'>οὕτω</span> <span class='ocrx_word' id='word_1_16' title='bbox 1647 542 1762 585; x_wconf 85' lang='grc' dir='ltr'><strong>πως</strong></span> <span class='ocrx_word' id='word_1_17' title='bbox 1796 521 1933 592; x_wconf 79' lang='grc' dir='ltr'>ίεροὶ</span> <span class='ocrx_word' id='word_1_18' title='bbox 1962 530 2009 584; x_wconf 77' lang='grc' dir='ltr'>Α</span> <span class='ocrx_word' id='word_1_19' title='bbox 2110 520 2185 574; x_wconf 80' lang='grc' dir='ltr'><strong>Τὸ</strong></span> <span class='ocrx_word' id='word_1_20' title='bbox 2211 519 2321 588; x_wconf 78' lang='grc' dir='ltr'><strong>γὰρ</strong></span> <span class='ocrx_word' id='word_1_21' title='bbox 2349 519 2735 589; x_wconf 78' lang='grc' dir='ltr'>ἐγκαρπίσαι.</span> <span class='ocrx_word' id='word_1_22' title='bbox 2766 514 2952 570; x_wconf 85' lang='grc' dir='ltr'>Θέλων</span> <span class='ocrx_word' id='word_1_23' title='bbox 2984 516 3339 586; x_wconf 68' lang='grc' dir='ltr'><strong>παραστῆσαι</strong></span> <span class='ocrx_word' id='word_1_24' title='bbox 3378 518 3462 572; x_wconf 79' lang='grc' dir='ltr'><strong>ὅτι</strong></span> <span class='ocrx_word' id='word_1_25' title='bbox 3505 522 3608 575; x_wconf 83' lang='grc' dir='ltr'><strong>οὐκ</strong></span> 
     </span>
    </p>
   </div>
   <div class='ocr_carea' id='block_1_5' title="bbox 367 617 1197 685">
    <p class='ocr_par' dir='ltr' id='par_1_5' title="bbox 367 617 1197 685">
     <span class='ocr_line' id='line_1_5' title="bbox 367 617 1197 685; baseline 0.005 -17"><span class='ocrx_word' id='word_1_26' title='bbox 367 617 802 685; x_wconf 71' lang='grc' dir='ltr'><strong>ἐπιγραφόμενοι</strong></span> <span class='ocrx_word' id='word_1_27' title='bbox 829 619 977 685; x_wconf 78' lang='grc' dir='ltr'>λόγοι</span> <span class='ocrx_word' id='word_1_28' title='bbox 1007 618 1197 673; x_wconf 84' lang='grc' dir='ltr'>αὐτοῦ.</span> 
     </span>
    </p>
   </div>
   <div class='ocr_carea' id='block_1_6' title="bbox 449 711 1129 781">
    <p class='ocr_par' dir='ltr' id='par_1_6' title="bbox 449 711 1129 781">
     <span class='ocr_line' id='line_1_6' title="bbox 449 711 1129 781; baseline 0.007 -20"><span class='ocrx_word' id='word_1_29' title='bbox 449 711 742 779; x_wconf 61' lang='grc' dir='ltr'><strong>Ἀγωγεήν.</strong></span> <span class='ocrx_word' id='word_1_30' title='bbox 775 712 888 781; x_wconf 84' lang='grc' dir='ltr'><strong>Τὴν</strong></span> <span class='ocrx_word' id='word_1_31' title='bbox 918 713 1129 766; x_wconf 77' lang='grc' dir='ltr'><strong>ἄνοδον.</strong></span> 
     </span>
    </p>
   </div>
   <div class='ocr_carea' id='block_1_7' title="bbox 435 802 1934 875">
    <p class='ocr_par' dir='ltr' id='par_1_7' title="bbox 435 802 1934 875">
     <span class='ocr_line' id='line_1_7' title="bbox 435 802 1934 875; baseline 0.001 -19"><span class='ocrx_word' id='word_1_32' title='bbox 435 802 564 856; x_wconf 78' lang='grc' dir='ltr'>ΡΔῦ.</span> <span class='ocrx_word' id='word_1_33' title='bbox 596 802 720 856; x_wconf 79' lang='grc'><strong>155.</strong></span> <span class='ocrx_word' id='word_1_34' title='bbox 757 802 1115 857; x_wconf 81' lang='grc' dir='ltr'>Ἀκουσὰτω.</span> <span class='ocrx_word' id='word_1_35' title='bbox 1147 805 1311 874; x_wconf 87' lang='grc' dir='ltr'>Ζήτει</span> <span class='ocrx_word' id='word_1_36' title='bbox 1358 806 1576 857; x_wconf 77' lang='grc' dir='ltr'>ἐκεῖνα·</span> <span class='ocrx_word' id='word_1_37' title='bbox 1616 806 1798 875; x_wconf 84' lang='grc' dir='ltr'><strong>σιωπᾷ</strong></span> <span class='ocrx_word' id='word_1_38' title='bbox 1823 806 1934 875; x_wconf 83' lang='grc' dir='ltr'>γὰρ</span> 
     </span>
    </p>
   </div>
   <div class='ocr_carea' id='block_1_8' title="bbox 365 883 1505 965">
    <p class='ocr_par' dir='ltr' id='par_1_8' title="bbox 365 883 1505 965">
     <span class='ocr_line' id='line_1_8' title="bbox 365 883 1505 965; baseline 0.002 -19"><span class='ocrx_word' id='word_1_39' title='bbox 365 883 555 954; x_wconf 74' lang='grc' dir='ltr'>οῦτοςο</span> <span class='ocrx_word' id='word_1_40' title='bbox 593 892 654 945; x_wconf 81' lang='grc' dir='ltr'><strong>οὐ</strong></span> <span class='ocrx_word' id='word_1_41' title='bbox 692 893 802 961; x_wconf 85' lang='grc' dir='ltr'>γὰρ</span> <span class='ocrx_word' id='word_1_42' title='bbox 824 892 973 959; x_wconf 82' lang='grc' dir='ltr'>λέγει</span> <span class='ocrx_word' id='word_1_43' title='bbox 1003 893 1179 946; x_wconf 88' lang='grc' dir='ltr'>ταῦτα</span> <span class='ocrx_word' id='word_1_44' title='bbox 1213 893 1505 965; x_wconf 76' lang='grc' dir='ltr'>ολόκληρα.</span> 
     </span>
    </p>
   </div>
   <div class='ocr_carea' id='block_1_9' title="bbox 436 982 1938 1057">
    <p class='ocr_par' dir='ltr' id='par_1_9' title="bbox 436 982 1938 1057">
     <span class='ocr_line' id='line_1_9' title="bbox 436 982 1938 1057; baseline 0.003 -20"><span class='ocrx_word' id='word_1_45' title='bbox 436 982 512 1037; x_wconf 84' lang='grc' dir='ltr'><strong>Τὸ</strong></span> <span class='ocrx_word' id='word_1_46' title='bbox 544 983 819 1047; x_wconf 65' lang='grc' dir='ltr'>ἔνδοθεν.</span> <span class='ocrx_word' id='word_1_47' title='bbox 853 983 964 1053; x_wconf 83' lang='grc' dir='ltr'><strong>Τὴν</strong></span> <span class='ocrx_word' id='word_1_48' title='bbox 996 984 1417 1055; x_wconf 78' lang='grc' dir='ltr'><strong>ἐνυπάρχουσαν</strong></span> <span class='ocrx_word' id='word_1_49' title='bbox 1444 985 1678 1057; x_wconf 83' lang='grc' dir='ltr'>δύναμιν</span> <span class='ocrx_word' id='word_1_50' title='bbox 1706 1004 1938 1056; x_wconf 88' lang='grc' dir='ltr'>γνωστι-</span> 
     </span>
    </p>
   </div>
   <div class='ocr_carea' id='block_1_10' title="bbox 372 1081 496 1149">
    <p class='ocr_par' dir='ltr' id='par_1_10' title="bbox 372 1081 496 1149">
     <span class='ocr_line' id='line_1_10' title="bbox 372 1081 496 1149; baseline 0 -16"><span class='ocrx_word' id='word_1_51' title='bbox 372 1081 496 1149; x_wconf 81' lang='grc' dir='ltr'>κήν.</span> 
     </span>
    </p>
   </div>
   <div class='ocr_carea' id='block_1_11' title="bbox 450 1172 1369 1244">
    <p class='ocr_par' dir='ltr' id='par_1_11' title="bbox 450 1172 1369 1244">
     <span class='ocr_line' id='line_1_11' title="bbox 450 1172 1369 1244; baseline 0.003 -17"><span class='ocrx_word' id='word_1_52' title='bbox 450 1173 610 1240; x_wconf 84' lang='grc' dir='ltr'>Ἐἦς.</span> <span class='ocrx_word' id='word_1_53' title='bbox 654 1172 749 1226; x_wconf 84' lang='grc' dir='ltr'>Ἐκ</span> <span class='ocrx_word' id='word_1_54' title='bbox 768 1172 870 1241; x_wconf 77' lang='grc' dir='ltr'>τῆς</span> <span class='ocrx_word' id='word_1_55' title='bbox 904 1172 1036 1237; x_wconf 89' lang='grc' dir='ltr'>ἰδίας</span> <span class='ocrx_word' id='word_1_56' title='bbox 1064 1174 1369 1244; x_wconf 76' lang='grc' dir='ltr'>ένέσπειρε.</span> 
     </span>
    </p>
   </div>
   <div class='ocr_carea' id='block_1_12' title="bbox 456 1266 1049 1334">
    <p class='ocr_par' dir='ltr' id='par_1_12' title="bbox 456 1266 1049 1334">
     <span class='ocr_line' id='line_1_12' title="bbox 456 1266 1049 1334; baseline 0.003 -15"><span class='ocrx_word' id='word_1_57' title='bbox 456 1266 640 1332; x_wconf 72' lang='grc' dir='ltr'>Ἀλκή</span> <span class='ocrx_word' id='word_1_58' title='bbox 647 1287 700 1332; x_wconf 89' lang='grc' dir='ltr'><strong>ς.</strong></span> <span class='ocrx_word' id='word_1_59' title='bbox 730 1267 1049 1334; x_wconf 84' lang='grc' dir='ltr'>Δυνάμεως.</span> 
     </span>
    </p>
   </div>
   <div class='ocr_carea' id='block_1_13' title="bbox 440 1355 1582 1432">
    <p class='ocr_par' dir='ltr' id='par_1_13' title="bbox 440 1355 1582 1432">
     <span class='ocr_line' id='line_1_13' title="bbox 440 1355 1582 1432; baseline 0.007 -26"><span class='ocrx_word' id='word_1_60' title='bbox 440 1355 779 1421; x_wconf 56' lang='lat' dir='ltr'><strong>Eone/play.</strong></span> <span class='ocrx_word' id='word_1_61' title='bbox 828 1355 985 1407; x_wconf 74' lang='grc' dir='ltr'>Ἐπεὶ</span> <span class='ocrx_word' id='word_1_62' title='bbox 1006 1356 1217 1423; x_wconf 87' lang='grc' dir='ltr'>γίνεται</span> <span class='ocrx_word' id='word_1_63' title='bbox 1242 1359 1373 1429; x_wconf 89' lang='grc' dir='ltr'>παρ’</span> <span class='ocrx_word' id='word_1_64' title='bbox 1403 1359 1582 1432; x_wconf 75' lang='grc' dir='ltr'>ἡμῶν.</span> 
     </span>
    </p>
   </div>
   <div class='ocr_carea' id='block_1_14' title="bbox 442 1446 1199 1519">
    <p class='ocr_par' dir='ltr' id='par_1_14' title="bbox 442 1446 1199 1519">
     <span class='ocr_line' id='line_1_14' title="bbox 442 1446 1199 1519; baseline 0.008 -22"><span class='ocrx_word' id='word_1_65' title='bbox 442 1447 649 1512; x_wconf 84' lang='grc' dir='ltr'>Ὀνσρ.</span> <span class='ocrx_word' id='word_1_66' title='bbox 688 1446 783 1498; x_wconf 84' lang='grc' dir='ltr'>Ἐκ</span> <span class='ocrx_word' id='word_1_67' title='bbox 815 1447 923 1499; x_wconf 80' lang='grc' dir='ltr'><strong>τῶν</strong></span> <span class='ocrx_word' id='word_1_68' title='bbox 953 1448 1199 1519; x_wconf 82' lang='grc' dir='ltr'>ὀνείρων.</span> 
     </span>
    </p>
   </div>
   <div class='ocr_carea' id='block_1_15' title="bbox 441 1531 1937 1617">
    <p class='ocr_par' dir='ltr' id='par_1_15' title="bbox 441 1531 1937 1617">
     <span class='ocr_line' id='line_1_15' title="bbox 441 1531 1937 1617; baseline 0.007 -25"><span class='ocrx_word' id='word_1_69' title='bbox 441 1531 549 1604; x_wconf 80' lang='grc' dir='ltr'><strong>ἾΙς</strong></span> <span class='ocrx_word' id='word_1_70' title='bbox 587 1537 1010 1606; x_wconf 76' lang='grc' dir='ltr'>ἐνεκάρπισεν.</span> <span class='ocrx_word' id='word_1_71' title='bbox 1047 1536 1218 1607; x_wconf 76' lang='grc' dir='ltr'>Οὗτος</span> <span class='ocrx_word' id='word_1_72' title='bbox 1243 1544 1343 1613; x_wconf 80' lang='grc' dir='ltr'>μὲν</span> <span class='ocrx_word' id='word_1_73' title='bbox 1371 1547 1437 1600; x_wconf 79' lang='grc' dir='ltr'>ὲκ</span> <span class='ocrx_word' id='word_1_74' title='bbox 1461 1546 1599 1601; x_wconf 80' lang='grc' dir='ltr'>Θεοῦ</span> <span class='ocrx_word' id='word_1_75' title='bbox 1632 1546 1785 1617; x_wconf 79' lang='grc' dir='ltr'>λέγει</span> <span class='ocrx_word' id='word_1_76' title='bbox 1810 1551 1937 1612; x_wconf 82' lang='grc' dir='ltr'>τοὺς</span> 
     </span>
    </p>
   </div>
   <div class='ocr_carea' id='block_1_16' title="bbox 368 1632 1937 1713">
    <p class='ocr_par' dir='ltr' id='par_1_16' title="bbox 368 1632 1937 1713">
     <span class='ocr_line' id='line_1_16' title="bbox 368 1632 1937 1713; baseline 0.01 -30"><span class='ocrx_word' id='word_1_77' title='bbox 368 1632 617 1703; x_wconf 82' lang='grc' dir='ltr'><strong>ὀνείρους</strong></span> <span class='ocrx_word' id='word_1_78' title='bbox 654 1634 847 1703; x_wconf 69' lang='grc' dir='ltr'><strong>ἥκειν⁸</strong></span> <span class='ocrx_word' id='word_1_79' title='bbox 885 1636 914 1685; x_wconf 87' lang='grc' dir='ltr'><strong>ὁ</strong></span> <span class='ocrx_word' id='word_1_80' title='bbox 946 1635 1001 1688; x_wconf 75' lang='grc' dir='ltr'>δὲ</span> <span class='ocrx_word' id='word_1_81' title='bbox 1044 1637 1423 1709; x_wconf 81' lang='grc' dir='ltr'><strong>Ἀριστοτέλης</strong></span> <span class='ocrx_word' id='word_1_82' title='bbox 1488 1642 1591 1695; x_wconf 79' lang='grc' dir='ltr'><strong>οὐκ</strong></span> <span class='ocrx_word' id='word_1_83' title='bbox 1619 1640 1761 1699; x_wconf 78' lang='grc' dir='ltr'>εἷναί</span> <span class='ocrx_word' id='word_1_84' title='bbox 1801 1661 1937 1713; x_wconf 85' lang='grc' dir='ltr'>φησι</span> 
     </span>
    </p>
   </div>
   <div class='ocr_carea' id='block_1_17' title="bbox 366 1719 1938 1803">
    <p class='ocr_par' dir='ltr' id='par_1_17' title="bbox 366 1719 1938 1803">
     <span class='ocr_line' id='line_1_17' title="bbox 366 1719 1938 1803; baseline 0.01 -31"><span class='ocrx_word' id='word_1_85' title='bbox 366 1721 435 1773; x_wconf 82' lang='grc' dir='ltr'>τὰ</span> <span class='ocrx_word' id='word_1_86' title='bbox 464 1719 693 1773; x_wconf 79' lang='grc' dir='ltr'>ἐνύπνια</span> <span class='ocrx_word' id='word_1_87' title='bbox 744 1721 1087 1792; x_wconf 83' lang='grc' dir='ltr'>θεόπεμπτα.</span> <span class='ocrx_word' id='word_1_88' title='bbox 1130 1727 1194 1779; x_wconf 79' lang='grc' dir='ltr'><strong>Εἰ</strong></span> <span class='ocrx_word' id='word_1_89' title='bbox 1241 1730 1349 1799; x_wconf 74' lang='grc' dir='ltr'><strong>γὰρ</strong></span> <span class='ocrx_word' id='word_1_90' title='bbox 1386 1726 1549 1800; x_wconf 78' lang='grc' dir='ltr'>ἦσαν,</span> <span class='ocrx_word' id='word_1_91' title='bbox 1610 1734 1762 1803; x_wconf 79' lang='grc' dir='ltr'>φησὶ,</span> <span class='ocrx_word' id='word_1_92' title='bbox 1821 1735 1938 1788; x_wconf 83' lang='grc' dir='ltr'>θεό-</span> 
     </span>
    </p>
   </div>
   <div class='ocr_carea' id='block_1_18' title="bbox 367 1813 1933 1894">
    <p class='ocr_par' dir='ltr' id='par_1_18' title="bbox 367 1813 1933 1894">
     <span class='ocr_line' id='line_1_18' title="bbox 367 1813 1933 1894; baseline 0.008 -29"><span class='ocrx_word' id='word_1_93' title='bbox 367 1830 617 1883; x_wconf 85' lang='grc' dir='ltr'>πεμπτα,</span> <span class='ocrx_word' id='word_1_94' title='bbox 648 1813 962 1881; x_wconf 75' lang='grc' dir='ltr'>ἐπέμποντο</span> <span class='ocrx_word' id='word_1_95' title='bbox 1016 1817 1083 1868; x_wconf 84' lang='grc' dir='ltr'><strong>ἂν</strong></span> <span class='ocrx_word' id='word_1_96' title='bbox 1104 1818 1301 1886; x_wconf 85' lang='grc' dir='ltr'>’μόνοις</span> <span class='ocrx_word' id='word_1_97' title='bbox 1346 1822 1463 1883; x_wconf 79' lang='grc' dir='ltr'>τοῖς</span> <span class='ocrx_word' id='word_1_98' title='bbox 1496 1823 1664 1894; x_wconf 79' lang='grc' dir='ltr'>ἀρετῇ</span> <span class='ocrx_word' id='word_1_99' title='bbox 1706 1824 1933 1891; x_wconf 82' lang='grc' dir='ltr'>συζῶσι,</span> 
     </span>
    </p>
   </div>
   <div class='ocr_carea' id='block_1_19' title="bbox 365 1905 1937 1986">
    <p class='ocr_par' dir='ltr' id='par_1_19' title="bbox 365 1905 1937 1986">
     <span class='ocr_line' id='line_1_19' title="bbox 365 1905 1937 1986; baseline 0.006 -27"><span class='ocrx_word' id='word_1_100' title='bbox 365 1908 461 1961; x_wconf 74' lang='grc' dir='ltr'><strong>καὶ</strong></span> <span class='ocrx_word' id='word_1_101' title='bbox 488 1906 619 1976; x_wconf 76' lang='grc' dir='ltr'>περὶ</span> <span class='ocrx_word' id='word_1_102' title='bbox 648 1905 718 1959; x_wconf 78' lang='grc' dir='ltr'>τὰ</span> <span class='ocrx_word' id='word_1_103' title='bbox 744 1905 865 1959; x_wconf 79' lang='grc' dir='ltr'>θεία</span> <span class='ocrx_word' id='word_1_104' title='bbox 895 1908 1318 1978; x_wconf 76' lang='grc' dir='ltr'>ἀσχολουμένοις</span> <span class='ocrx_word' id='word_1_105' title='bbox 1343 1918 1373 1944; x_wconf 87' lang='grc'><strong>·’</strong></span> <span class='ocrx_word' id='word_1_106' title='bbox 1407 1913 1547 1967; x_wconf 79' lang='grc' dir='ltr'>ἀλλὰ</span> <span class='ocrx_word' id='word_1_107' title='bbox 1592 1915 1690 1968; x_wconf 85' lang='grc' dir='ltr'><strong>νῦν</strong></span> <span class='ocrx_word' id='word_1_108' title='bbox 1741 1916 1937 1986; x_wconf 77' lang='grc' dir='ltr'>βλέπο-</span> 
     </span>
    </p>
   </div>
   <div class='ocr_carea' id='block_1_20' title="bbox 370 1999 1935 2078">
    <p class='ocr_par' dir='ltr' id='par_1_20' title="bbox 370 1999 1935 2078">
     <span class='ocr_line' id='line_1_20' title="bbox 370 1999 1935 2078; baseline 0.008 -28"><span class='ocrx_word' id='word_1_109' title='bbox 370 2016 472 2067; x_wconf 87' lang='grc' dir='ltr'><strong>μεν</strong></span> <span class='ocrx_word' id='word_1_110' title='bbox 497 2001 579 2052; x_wconf 82' lang='grc' dir='ltr'><strong>δτι</strong></span> <span class='ocrx_word' id='word_1_111' title='bbox 628 2000 722 2053; x_wconf 71' lang='grc' dir='ltr'>καὶ</span> <span class='ocrx_word' id='word_1_112' title='bbox 758 1999 954 2066; x_wconf 84' lang='grc' dir='ltr'>φαῦλοί</span> <span class='ocrx_word' id='word_1_113' title='bbox 1009 2017 1154 2063; x_wconf 85' lang='grc' dir='ltr'>τινες</span> <span class='ocrx_word' id='word_1_114' title='bbox 1195 2002 1477 2073; x_wconf 81' lang='grc' dir='ltr'>ἄνθρωποι</span> <span class='ocrx_word' id='word_1_115' title='bbox 1529 2008 1627 2060; x_wconf 81' lang='grc' dir='ltr'><strong>καὶ</strong></span> <span class='ocrx_word' id='word_1_116' title='bbox 1681 2009 1935 2078; x_wconf 82' lang='grc' dir='ltr'>ἀμαθεῖς,</span> 
     </span>
    </p>
   </div>
   <div class='ocr_carea' id='block_1_21' title="bbox 372 2090 1937 2166">
    <p class='ocr_par' dir='ltr' id='par_1_21' title="bbox 372 2090 1937 2166">
     <span class='ocr_line' id='line_1_21' title="bbox 372 2090 1937 2166; baseline 0.008 -28"><span class='ocrx_word' id='word_1_117' title='bbox 372 2090 509 2157; x_wconf 76' lang='grc' dir='ltr'>μήτε</span> <span class='ocrx_word' id='word_1_118' title='bbox 531 2090 690 2156; x_wconf 83' lang='grc' dir='ltr'>λόγον</span> <span class='ocrx_word' id='word_1_119' title='bbox 719 2090 944 2155; x_wconf 76' lang='grc' dir='ltr'>ειδότες,</span> <span class='ocrx_word' id='word_1_120' title='bbox 977 2090 1116 2161; x_wconf 78' lang='grc' dir='ltr'>μήτε</span> <span class='ocrx_word' id='word_1_121' title='bbox 1144 2091 1369 2163; x_wconf 76' lang='grc' dir='ltr'>ἀρετὴν,</span> <span class='ocrx_word' id='word_1_122' title='bbox 1409 2094 1602 2164; x_wconf 81' lang='grc' dir='ltr'>ὁρῶσι,</span> <span class='ocrx_word' id='word_1_123' title='bbox 1636 2097 1937 2166; x_wconf 86' lang='grc' dir='ltr'>Συμϐαίνει</span> 
     </span>
    </p>
   </div>
   <div class='ocr_carea' id='block_1_22' title="bbox 366 2181 1936 2259">
    <p class='ocr_par' dir='ltr' id='par_1_22' title="bbox 366 2181 1936 2259">
     <span class='ocr_line' id='line_1_22' title="bbox 366 2181 1936 2259; baseline 0.006 -27"><span class='ocrx_word' id='word_1_124' title='bbox 366 2181 478 2251; x_wconf 76' lang='grc' dir='ltr'>γὰρ</span> <span class='ocrx_word' id='word_1_125' title='bbox 505 2183 600 2234; x_wconf 84' lang='grc' dir='ltr'>καί</span> <span class='ocrx_word' id='word_1_126' title='bbox 622 2183 903 2245; x_wconf 74' lang='grc' dir='ltr'>τοιούτους</span> <span class='ocrx_word' id='word_1_127' title='bbox 933 2184 1083 2246; x_wconf 83' lang='grc' dir='ltr'>τινὰς</span> <span class='ocrx_word' id='word_1_128' title='bbox 1127 2184 1509 2255; x_wconf 81' lang='grc' dir='ltr'>εὐθυονείρους</span> <span class='ocrx_word' id='word_1_129' title='bbox 1541 2188 1687 2243; x_wconf 79' lang='grc' dir='ltr'>εἶναι</span> <span class='ocrx_word' id='word_1_130' title='bbox 1733 2190 1936 2259; x_wconf 82' lang='grc' dir='ltr'>μᾶλλον</span> 
     </span>
    </p>
   </div>
   <div class='ocr_carea' id='block_1_23' title="bbox 364 2272 1938 2348">
    <p class='ocr_par' dir='ltr' id='par_1_23' title="bbox 364 2272 1938 2348">
     <span class='ocr_line' id='line_1_23' title="bbox 364 2272 1938 2348; baseline 0.004 -23"><span class='ocrx_word' id='word_1_131' title='bbox 364 2273 474 2327; x_wconf 90' lang='grc' dir='ltr'><strong>τῶν</strong></span> <span class='ocrx_word' id='word_1_132' title='bbox 501 2274 753 2343; x_wconf 88' lang='grc' dir='ltr'>χρηστῶν</span> <span class='ocrx_word' id='word_1_133' title='bbox 773 2272 861 2325; x_wconf 85' lang='grc' dir='ltr'>διὰ</span> <span class='ocrx_word' id='word_1_134' title='bbox 878 2274 978 2344; x_wconf 85' lang='grc' dir='ltr'>τὴν</span> <span class='ocrx_word' id='word_1_135' title='bbox 1008 2274 1105 2328; x_wconf 89' lang='grc' dir='ltr'><strong>τοῦ</strong></span> <span class='ocrx_word' id='word_1_136' title='bbox 1130 2276 1383 2345; x_wconf 85' lang='grc' dir='ltr'>σώματος</span> <span class='ocrx_word' id='word_1_137' title='bbox 1403 2278 1725 2347; x_wconf 82' lang='grc' dir='ltr'><strong>εὐκρασίαν.</strong></span> <span class='ocrx_word' id='word_1_138' title='bbox 1744 2280 1938 2348; x_wconf 81' lang='grc' dir='ltr'><strong>Ἀσύγ-</strong></span> 
     </span>
    </p>
   </div>
   <div class='ocr_carea' id='block_1_24' title="bbox 364 2357 1939 2436">
    <p class='ocr_par' dir='ltr' id='par_1_24' title="bbox 364 2357 1939 2436">
     <span class='ocr_line' id='line_1_24' title="bbox 364 2357 1939 2436; baseline 0.006 -21"><span class='ocrx_word' id='word_1_139' title='bbox 364 2381 503 2435; x_wconf 84' lang='grc' dir='ltr'>χυτα</span> <span class='ocrx_word' id='word_1_140' title='bbox 532 2364 635 2435; x_wconf 87' lang='grc' dir='ltr'><strong>γὰρ</strong></span> <span class='ocrx_word' id='word_1_141' title='bbox 658 2357 804 2416; x_wconf 72' lang='grc' dir='ltr'>οὗτοι</span> <span class='ocrx_word' id='word_1_142' title='bbox 830 2365 1093 2427; x_wconf 72' lang='grc' dir='ltr'>πολλάκις</span> <span class='ocrx_word' id='word_1_143' title='bbox 1122 2368 1456 2436; x_wconf 84' lang='grc' dir='ltr'>φυλάττουσι</span> <span class='ocrx_word' id='word_1_144' title='bbox 1482 2371 1551 2423; x_wconf 84' lang='grc' dir='ltr'>τὰ</span> <span class='ocrx_word' id='word_1_145' title='bbox 1578 2371 1689 2423; x_wconf 91' lang='grc' dir='ltr'><strong>τῶν</strong></span> <span class='ocrx_word' id='word_1_146' title='bbox 1719 2372 1939 2425; x_wconf 85' lang='grc' dir='ltr'>θεαθέν-</span> 
     </span>
    </p>
   </div>
   <div class='ocr_carea' id='block_1_25' title="bbox 364 2454 1938 2526">
    <p class='ocr_par' dir='ltr' id='par_1_25' title="bbox 364 2454 1938 2526">
     <span class='ocr_line' id='line_1_25' title="bbox 364 2454 1938 2526; baseline 0.004 -20"><span class='ocrx_word' id='word_1_147' title='bbox 364 2471 472 2507; x_wconf 88' lang='grc' dir='ltr'><strong>των</strong></span> <span class='ocrx_word' id='word_1_148' title='bbox 512 2454 708 2507; x_wconf 77' lang='grc' dir='ltr'>εἴδωλα</span> <span class='ocrx_word' id='word_1_149' title='bbox 765 2455 859 2506; x_wconf 70' lang='grc' dir='ltr'>καὶ</span> <span class='ocrx_word' id='word_1_150' title='bbox 889 2454 1202 2525; x_wconf 84' lang='grc' dir='ltr'>τυπώματα</span> <span class='ocrx_word' id='word_1_151' title='bbox 1260 2456 1357 2509; x_wconf 87' lang='grc' dir='ltr'><strong>τοῦ</strong></span> <span class='ocrx_word' id='word_1_152' title='bbox 1408 2458 1806 2526; x_wconf 81' lang='grc' dir='ltr'>φανταστικοῦ,</span> <span class='ocrx_word' id='word_1_153' title='bbox 1860 2455 1938 2512; x_wconf 78' lang='grc' dir='ltr'><strong>ὧν</strong></span> 
     </span>
    </p>
   </div>
   <div class='ocr_carea' id='block_1_26' title="bbox 365 2544 1938 2619">
    <p class='ocr_par' dir='ltr' id='par_1_26' title="bbox 365 2544 1938 2619">
     <span class='ocr_line' id='line_1_26' title="bbox 365 2544 1938 2619; baseline 0.003 -22"><span class='ocrx_word' id='word_1_154' title='bbox 365 2545 484 2598; x_wconf 76' lang='grc' dir='ltr'>ἔνια</span> <span class='ocrx_word' id='word_1_155' title='bbox 508 2544 797 2615; x_wconf 81' lang='grc' dir='ltr'>ἀληθεύειν</span> <span class='ocrx_word' id='word_1_156' title='bbox 839 2545 1150 2616; x_wconf 85' lang='grc' dir='ltr'>συμϐαίνει.</span> <span class='ocrx_word' id='word_1_157' title='bbox 1191 2549 1557 2618; x_wconf 84' lang='grc' dir='ltr'>’Λπαγορεὺει</span> <span class='ocrx_word' id='word_1_158' title='bbox 1589 2551 1689 2619; x_wconf 85' lang='grc' dir='ltr'>μὲν</span> <span class='ocrx_word' id='word_1_159' title='bbox 1718 2549 1812 2603; x_wconf 84' lang='grc' dir='ltr'><strong>οῦν</strong></span> <span class='ocrx_word' id='word_1_160' title='bbox 1838 2553 1938 2603; x_wconf 76' lang='grc' dir='ltr'><strong>καὶ</strong></span> 
     </span>
    </p>
   </div>
   <div class='ocr_carea' id='block_1_27' title="bbox 380 2638 1936 2708">
    <p class='ocr_par' dir='ltr' id='par_1_27' title="bbox 380 2638 1936 2708">
     <span class='ocr_line' id='line_1_27' title="bbox 380 2638 1936 2708; baseline 0.001 -18"><span class='ocrx_word' id='word_1_161' title='bbox 380 2638 759 2707; x_wconf 79' lang='grc' dir='ltr'>Ἀριστοτέλης</span> <span class='ocrx_word' id='word_1_162' title='bbox 792 2638 886 2691; x_wconf 80' lang='grc' dir='ltr'><strong>καὶ</strong></span> <span class='ocrx_word' id='word_1_163' title='bbox 928 2638 1116 2690; x_wconf 78' lang='grc' dir='ltr'>πολλοὶ</span> <span class='ocrx_word' id='word_1_164' title='bbox 1150 2639 1260 2692; x_wconf 90' lang='grc' dir='ltr'><strong>τῶν</strong></span> <span class='ocrx_word' id='word_1_165' title='bbox 1313 2639 1420 2702; x_wconf 74' lang='grc' dir='ltr'>ἔξω</span> <span class='ocrx_word' id='word_1_166' title='bbox 1480 2638 1788 2708; x_wconf 87' lang='grc' dir='ltr'>φιλοσόφων</span> <span class='ocrx_word' id='word_1_167' title='bbox 1818 2641 1936 2692; x_wconf 78' lang='grc' dir='ltr'>ἓτε-</span> 
     </span>
    </p>
   </div>
   <div class='ocr_carea' id='block_1_28' title="bbox 373 2726 1935 2801">
    <p class='ocr_par' dir='ltr' id='par_1_28' title="bbox 373 2726 1935 2801">
     <span class='ocr_line' id='line_1_28' title="bbox 373 2726 1935 2801; baseline 0.001 -18"><span class='ocrx_word' id='word_1_168' title='bbox 373 2747 458 2800; x_wconf 88' lang='grc' dir='ltr'><strong>ροι</strong></span> <span class='ocrx_word' id='word_1_169' title='bbox 514 2730 895 2800; x_wconf 83' lang='grc' dir='ltr'>θεοπέμπτους</span> <span class='ocrx_word' id='word_1_170' title='bbox 957 2726 1100 2782; x_wconf 71' lang='grc' dir='ltr'>εἶναι</span> <span class='ocrx_word' id='word_1_171' title='bbox 1172 2732 1299 2794; x_wconf 75' lang='grc' dir='ltr'>τοὺς</span> <span class='ocrx_word' id='word_1_172' title='bbox 1373 2731 1643 2801; x_wconf 58' lang='grc' dir='ltr'>ὀνείρους</span> <span class='ocrx_word' id='word_1_173' title='bbox 1698 2727 1838 2785; x_wconf 74' lang='grc' dir='ltr'>εἶναι</span> <span class='ocrx_word' id='word_1_174' title='bbox 1887 2732 1935 2785; x_wconf 89' lang='grc' dir='ltr'>δ’</span> 
     </span>
    </p>
   </div>
   <div class='ocr_carea' id='block_1_29' title="bbox 371 2818 1935 2893">
    <p class='ocr_par' dir='ltr' id='par_1_29' title="bbox 371 2818 1935 2893">
     <span class='ocr_line' id='line_1_29' title="bbox 371 2818 1935 2893; baseline 0.001 -18"><span class='ocrx_word' id='word_1_175' title='bbox 371 2818 463 2875; x_wconf 81' lang='grc' dir='ltr'><strong>οὖν</strong></span> <span class='ocrx_word' id='word_1_176' title='bbox 493 2824 611 2876; x_wconf 67' lang='grc' dir='ltr'>τινὰ</span> <span class='ocrx_word' id='word_1_177' title='bbox 632 2823 797 2893; x_wconf 80' lang='grc' dir='ltr'>φύσιν</span> <span class='ocrx_word' id='word_1_178' title='bbox 836 2823 1109 2892; x_wconf 79' lang='grc' dir='ltr'>δαιμόνων</span> <span class='ocrx_word' id='word_1_179' title='bbox 1141 2824 1238 2893; x_wconf 84' lang='grc' dir='ltr'>τὴν</span> <span class='ocrx_word' id='word_1_180' title='bbox 1269 2824 1383 2877; x_wconf 88' lang='grc' dir='ltr'><strong>τῶν</strong></span> <span class='ocrx_word' id='word_1_181' title='bbox 1420 2824 1545 2876; x_wconf 88' lang='grc' dir='ltr'>καθ’</span> <span class='ocrx_word' id='word_1_182' title='bbox 1571 2822 1774 2885; x_wconf 77' lang='grc' dir='ltr'>ὕπνους</span> <span class='ocrx_word' id='word_1_183' title='bbox 1805 2841 1935 2892; x_wconf 85' lang='grc' dir='ltr'>φαι-</span> 
     </span>
    </p>
   </div>
   <div class='ocr_carea' id='block_1_30' title="bbox 373 2913 1934 2986">
    <p class='ocr_par' dir='ltr' id='par_1_30' title="bbox 373 2913 1934 2986">
     <span class='ocr_line' id='line_1_30' title="bbox 373 2913 1934 2986; baseline 0.003 -21"><span class='ocrx_word' id='word_1_184' title='bbox 373 2914 608 2983; x_wconf 79' lang='grc' dir='ltr'>νομένων</span> <span class='ocrx_word' id='word_1_185' title='bbox 660 2916 961 2986; x_wconf 75' lang='grc' dir='ltr'>κυριότητα</span> <span class='ocrx_word' id='word_1_186' title='bbox 1016 2914 1270 2984; x_wconf 77' lang='grc' dir='ltr'>έχουσαν,</span> <span class='ocrx_word' id='word_1_187' title='bbox 1323 2913 1483 2968; x_wconf 89' lang='grc' dir='ltr'>τοῦτο</span> <span class='ocrx_word' id='word_1_188' title='bbox 1530 2915 1589 2969; x_wconf 78' lang='grc' dir='ltr'>δὲ</span> <span class='ocrx_word' id='word_1_189' title='bbox 1626 2915 1934 2970; x_wconf 76' lang='grc' dir='ltr'>συντίθεται</span> 
     </span>
    </p>
   </div>
   <div class='ocr_carea' id='block_1_31' title="bbox 374 3006 590 3077">
    <p class='ocr_par' dir='ltr' id='par_1_31' title="bbox 374 3006 590 3077">
     <span class='ocr_line' id='line_1_31' title="bbox 374 3006 590 3077; baseline 0.014 -18"><span class='ocrx_word' id='word_1_190' title='bbox 374 3006 590 3077; x_wconf 70' lang='grc' dir='ltr'>ῥαδίως.</span> 
     </span>
    </p>
   </div>
   <div class='ocr_carea' id='block_1_32' title="bbox 364 3178 2005 3268">
    <p class='ocr_par' dir='ltr' id='par_1_32' title="bbox 364 3178 2005 3268">
     <span class='ocr_line' id='line_1_32' title="bbox 364 3178 2005 3268; baseline 0.003 -36"><span class='ocrx_word' id='word_1_191' title='bbox 364 3178 628 3249; x_wconf 88' lang='lat' dir='ltr'><strong>ptiosum,</strong></span> <span class='ocrx_word' id='word_1_192' title='bbox 664 3194 767 3234; x_wconf 88' lang='lat' dir='ltr'><strong>nec</strong></span> <span class='ocrx_word' id='word_1_193' title='bbox 800 3194 830 3233; x_wconf 85' lang='lat' dir='ltr'><strong>a</strong></span> <span class='ocrx_word' id='word_1_194' title='bbox 875 3179 979 3234; x_wconf 77' lang='lat' dir='ltr'><strong>fide</strong></span> <span class='ocrx_word' id='word_1_195' title='bbox 1010 3180 1249 3235; x_wconf 85' lang='lat' dir='ltr'><strong>alienum</strong></span> <span class='ocrx_word' id='word_1_196' title='bbox 1304 3181 1491 3236; x_wconf 87' lang='lat' dir='ltr'><strong>fuerit.</strong></span> <span class='ocrx_word' id='word_1_197' title='bbox 1543 3182 1686 3237; x_wconf 79' lang='lat' dir='ltr'><strong>Ante</strong></span> <span class='ocrx_word' id='word_1_198' title='bbox 1740 3197 1934 3237; x_wconf 88' lang='lat' dir='ltr'><strong>omnes</strong></span> <span class='ocrx_word' id='word_1_199' title='bbox 1957 3203 2005 3268; x_wconf 71' lang='grc' dir='ltr'>ρ</span> 
     </span>
    </p>
   </div>
   <div class='ocr_carea' id='block_1_33' title="bbox 364 3268 1933 3329">
    <p class='ocr_par' dir='ltr' id='par_1_33' title="bbox 364 3268 1933 3329">
     <span class='ocr_line' id='line_1_33' title="bbox 364 3268 1933 3329; baseline 0.005 -8"><span class='ocrx_word' id='word_1_200' title='bbox 364 3268 635 3325; x_wconf 76' lang='lat' dir='ltr'><strong>Aristides</strong></span> <span class='ocrx_word' id='word_1_201' title='bbox 665 3280 853 3324; x_wconf 83' lang='lat' dir='ltr'><strong>oratur</strong></span> <span class='ocrx_word' id='word_1_202' title='bbox 888 3271 941 3325; x_wconf 89' lang='lat' dir='ltr'><strong>in</strong></span> <span class='ocrx_word' id='word_1_203' title='bbox 972 3286 1165 3325; x_wconf 85' lang='lat' dir='ltr'><strong>eorum</strong></span> <span class='ocrx_word' id='word_1_204' title='bbox 1200 3287 1435 3327; x_wconf 88' lang='lat' dir='ltr'><strong>numero</strong></span> <span class='ocrx_word' id='word_1_205' title='bbox 1469 3274 1767 3329; x_wconf 90' lang='lat' dir='ltr'><strong>aseribitur</strong></span> <span class='ocrx_word' id='word_1_206' title='bbox 1802 3291 1817 3327; x_wconf 90' lang='lat'><strong>:</strong></span> <span class='ocrx_word' id='word_1_207' title='bbox 1850 3276 1933 3329; x_wconf 86' lang='lat' dir='ltr'><strong>in-</strong></span> 
     </span>
    </p>
   </div>
   <div class='ocr_carea' id='block_1_34' title="bbox 363 3361 1935 3434">
    <p class='ocr_par' dir='ltr' id='par_1_34' title="bbox 363 3361 1935 3434">
     <span class='ocr_line' id='line_1_34' title="bbox 363 3361 1935 3434; baseline 0.001 -18"><span class='ocrx_word' id='word_1_208' title='bbox 363 3361 553 3416; x_wconf 88' lang='lat' dir='ltr'><strong>dicant</strong></span> <span class='ocrx_word' id='word_1_209' title='bbox 604 3362 709 3417; x_wconf 88' lang='lat' dir='ltr'><strong>hoc</strong></span> <span class='ocrx_word' id='word_1_210' title='bbox 737 3363 1141 3433; x_wconf 87' lang='lat' dir='ltr'><strong>quodammodo</strong></span> <span class='ocrx_word' id='word_1_211' title='bbox 1170 3379 1337 3418; x_wconf 77' lang='lat' dir='ltr'><strong>sacrae</strong></span> <span class='ocrx_word' id='word_1_212' title='bbox 1366 3365 1489 3434; x_wconf 79' lang='lat' dir='ltr'><strong>ejus</strong></span> <span class='ocrx_word' id='word_1_213' title='bbox 1520 3364 1666 3419; x_wconf 86' lang='lat' dir='ltr'><strong>hunc</strong></span> <span class='ocrx_word' id='word_1_214' title='bbox 1711 3364 1767 3419; x_wconf 90' lang='lat' dir='ltr'><strong>in</strong></span> <span class='ocrx_word' id='word_1_215' title='bbox 1812 3382 1935 3419; x_wconf 89' lang='lat' dir='ltr'><strong>mo-</strong></span> 
     </span>
    </p>
   </div>
   <div class='ocr_carea' id='block_1_35' title="bbox 363 3455 1126 3524">
    <p class='ocr_par' dir='ltr' id='par_1_35' title="bbox 363 3455 1126 3524">
     <span class='ocr_line' id='line_1_35' title="bbox 363 3455 1126 3524; baseline 0.005 -16"><span class='ocrx_word' id='word_1_216' title='bbox 363 3455 495 3509; x_wconf 88' lang='lat' dir='ltr'><strong>dum</strong></span> <span class='ocrx_word' id='word_1_217' title='bbox 523 3456 797 3524; x_wconf 75' lang='lat' dir='ltr'><strong>inscripta:</strong></span> <span class='ocrx_word' id='word_1_218' title='bbox 828 3457 1126 3512; x_wconf 87' lang='lat' dir='ltr'><strong>orationes.</strong></span> 
     </span>
    </p>
   </div>
   <div class='ocr_carea' id='block_1_36' title="bbox 437 3547 1544 3605">
    <p class='ocr_par' dir='ltr' id='par_1_36' title="bbox 437 3547 1544 3605">
     <span class='ocr_line' id='line_1_36' title="bbox 437 3547 1544 3605; baseline 0.004 -4"><span class='ocrx_word' id='word_1_219' title='bbox 437 3547 730 3602; x_wconf 74' lang='lat' dir='ltr'><strong>Institutio.</strong></span> <span class='ocrx_word' id='word_1_220' title='bbox 760 3549 884 3603; x_wconf 72' lang='lat' dir='ltr'><strong>Haec</strong></span> <span class='ocrx_word' id='word_1_221' title='bbox 914 3552 1001 3603; x_wconf 87' lang='lat' dir='ltr'><strong>via</strong></span> <span class='ocrx_word' id='word_1_222' title='bbox 1035 3566 1256 3605; x_wconf 87' lang='lat' dir='ltr'><strong>accessu</strong></span> <span class='ocrx_word' id='word_1_223' title='bbox 1285 3549 1544 3605; x_wconf 84' lang='lat' dir='ltr'><strong>diﬂlcilis.</strong></span> 
     </span>
    </p>
   </div>
   <div class='ocr_carea' id='block_1_37' title="bbox 441 3640 1934 3712">
    <p class='ocr_par' dir='ltr' id='par_1_37' title="bbox 441 3640 1934 3712">
     <span class='ocr_line' id='line_1_37' title="bbox 441 3640 1934 3712; baseline 0.004 -21"><span class='ocrx_word' id='word_1_224' title='bbox 441 3642 658 3693; x_wconf 80' lang='lat' dir='ltr'><strong>Audiat.</strong></span> <span class='ocrx_word' id='word_1_225' title='bbox 702 3640 797 3694; x_wconf 87' lang='lat' dir='ltr'><strong>Illa</strong></span> <span class='ocrx_word' id='word_1_226' title='bbox 830 3641 1071 3710; x_wconf 90' lang='lat' dir='ltr'><strong>inquirat</strong></span> <span class='ocrx_word' id='word_1_227' title='bbox 1095 3652 1151 3696; x_wconf 91' lang='lat' dir='ltr'><strong>et</strong></span> <span class='ocrx_word' id='word_1_228' title='bbox 1178 3642 1504 3711; x_wconf 77' lang='lat' dir='ltr'><strong>investiget;</strong></span> <span class='ocrx_word' id='word_1_229' title='bbox 1529 3657 1594 3695; x_wconf 88' lang='lat' dir='ltr'><strong>ea</strong></span> <span class='ocrx_word' id='word_1_230' title='bbox 1628 3642 1830 3712; x_wconf 85' lang='lat' dir='ltr'><strong>quippe</strong></span> <span class='ocrx_word' id='word_1_231' title='bbox 1861 3642 1934 3697; x_wconf 90' lang='lat' dir='ltr'><strong>si-</strong></span> 
     </span>
    </p>
   </div>
   <div class='ocr_carea' id='block_1_38' title="bbox 363 3730 1665 3803">
    <p class='ocr_par' dir='ltr' id='par_1_38' title="bbox 363 3730 1665 3803">
     <span class='ocr_line' id='line_1_38' title="bbox 363 3730 1665 3803; baseline 0.003 -19"><span class='ocrx_word' id='word_1_232' title='bbox 363 3730 538 3786; x_wconf 87' lang='lat' dir='ltr'><strong>lentio</strong></span> <span class='ocrx_word' id='word_1_233' title='bbox 571 3734 959 3802; x_wconf 65' lang='lat' dir='ltr'><strong>praetermittit,</strong></span> <span class='ocrx_word' id='word_1_234' title='bbox 996 3749 1176 3803; x_wconf 89' lang='lat' dir='ltr'><strong>neque</strong></span> <span class='ocrx_word' id='word_1_235' title='bbox 1207 3734 1417 3802; x_wconf 82' lang='lat' dir='ltr'><strong>integra</strong></span> <span class='ocrx_word' id='word_1_236' title='bbox 1453 3733 1665 3789; x_wconf 86' lang='lat' dir='ltr'><strong>recitat.</strong></span> 
     </span>
    </p>
   </div>
   <div class='ocr_carea' id='block_1_39' title="bbox 437 3820 1933 3896">
    <p class='ocr_par' dir='ltr' id='par_1_39' title="bbox 437 3820 1933 3896">
     <span class='ocr_line' id='line_1_39' title="bbox 437 3820 1933 3896; baseline 0.001 -20"><span class='ocrx_word' id='word_1_237' title='bbox 437 3820 623 3877; x_wconf 82' lang='lat' dir='ltr'><strong><em>Semen</em></strong></span> <span class='ocrx_word' id='word_1_238' title='bbox 664 3826 913 3878; x_wconf 79' lang='lat' dir='ltr'><strong>interius.</strong></span> <span class='ocrx_word' id='word_1_239' title='bbox 960 3826 1180 3879; x_wconf 83' lang='lat' dir='ltr'><strong>Insitam</strong></span> <span class='ocrx_word' id='word_1_240' title='bbox 1220 3825 1558 3896; x_wconf 80' lang='lat' dir='ltr'><strong>intelligendi</strong></span> <span class='ocrx_word' id='word_1_241' title='bbox 1609 3826 1933 3895; x_wconf 88' lang='lat' dir='ltr'><strong>potentiam.</strong></span> 
     </span>
    </p>
   </div>
   <div class='ocr_carea' id='block_1_40' title="bbox 438 3918 1275 3975">
    <p class='ocr_par' dir='ltr' id='par_1_40' title="bbox 438 3918 1275 3975">
     <span class='ocr_line' id='line_1_40' title="bbox 438 3918 1275 3975; baseline -0.001 -2"><span class='ocrx_word' id='word_1_242' title='bbox 438 3918 561 3973; x_wconf 77' lang='lat' dir='ltr'><strong>Sua:</strong></span> <span class='ocrx_word' id='word_1_243' title='bbox 598 3920 827 3974; x_wconf 80' lang='lat' dir='ltr'><strong>virtutis.</strong></span> <span class='ocrx_word' id='word_1_244' title='bbox 866 3920 1071 3975; x_wconf 87' lang='lat' dir='ltr'><strong>lusevit</strong></span> <span class='ocrx_word' id='word_1_245' title='bbox 1096 3938 1126 3974; x_wconf 91' lang='lat' dir='ltr'><strong>e</strong></span> <span class='ocrx_word' id='word_1_246' title='bbox 1153 3934 1275 3975; x_wconf 85' lang='lat' dir='ltr'><strong>sua.</strong></span> 
     </span>
    </p>
   </div>
   <div class='ocr_carea' id='block_1_41' title="bbox 451 4009 1012 4066">
    <p class='ocr_par' dir='ltr' id='par_1_41' title="bbox 451 4009 1012 4066">
     <span class='ocr_line' id='line_1_41' title="bbox 451 4009 1012 4066; baseline 0.005 -4"><span class='ocrx_word' id='word_1_247' title='bbox 451 4009 692 4065; x_wconf 78' lang='lat' dir='ltr'><strong>Virtutis.</strong></span> <span class='ocrx_word' id='word_1_248' title='bbox 727 4010 1012 4066; x_wconf 66' lang='lat' dir='ltr'><strong>Potentius.</strong></span> 
     </span>
    </p>
   </div>
   <div class='ocr_carea' id='block_1_42' title="bbox 441 4101 1825 4172">
    <p class='ocr_par' dir='ltr' id='par_1_42' title="bbox 441 4101 1825 4172">
     <span class='ocr_line' id='line_1_42' title="bbox 441 4101 1825 4172; baseline -0.001 -15"><span class='ocrx_word' id='word_1_249' title='bbox 441 4103 797 4157; x_wconf 71' lang='lat' dir='ltr'><strong>Felicitatem.</strong></span> <span class='ocrx_word' id='word_1_250' title='bbox 828 4103 1281 4172; x_wconf 85' lang='lat' dir='ltr'><strong>Quandoquidem</strong></span> <span class='ocrx_word' id='word_1_251' title='bbox 1313 4102 1564 4157; x_wconf 78' lang='lat' dir='ltr'><strong>exoritur</strong></span> <span class='ocrx_word' id='word_1_252' title='bbox 1591 4116 1620 4156; x_wconf 91' lang='lat' dir='ltr'><strong>a</strong></span> <span class='ocrx_word' id='word_1_253' title='bbox 1641 4101 1825 4156; x_wconf 88' lang='lat' dir='ltr'><strong>nobis.</strong></span> 
     </span>
    </p>
   </div>
   <div class='ocr_carea' id='block_1_43' title="bbox 434 4194 1541 4264">
    <p class='ocr_par' dir='ltr' id='par_1_43' title="bbox 434 4194 1541 4264">
     <span class='ocr_line' id='line_1_43' title="bbox 434 4194 1541 4264; baseline -0.001 -15"><span class='ocrx_word' id='word_1_254' title='bbox 434 4194 584 4249; x_wconf 86' lang='lat' dir='ltr'><strong>Inter</strong></span> <span class='ocrx_word' id='word_1_255' title='bbox 611 4194 1007 4249; x_wconf 76' lang='lat' dir='ltr'><strong>somniandum.</strong></span> <span class='ocrx_word' id='word_1_256' title='bbox 1039 4196 1120 4249; x_wconf 82' lang='lat' dir='ltr'><strong>Ab</strong></span> <span class='ocrx_word' id='word_1_257' title='bbox 1149 4195 1282 4264; x_wconf 89' lang='lat' dir='ltr'><strong>ipsis</strong></span> <span class='ocrx_word' id='word_1_258' title='bbox 1311 4194 1541 4248; x_wconf 79' lang='lat' dir='ltr'><strong>somnis.</strong></span> 
     </span>
    </p>
   </div>
   <div class='ocr_carea' id='block_1_44' title="bbox 432 4284 1930 4356">
    <p class='ocr_par' dir='ltr' id='par_1_44' title="bbox 432 4284 1930 4356">
     <span class='ocr_line' id='line_1_44' title="bbox 432 4284 1930 4356; baseline 0 -16"><span class='ocrx_word' id='word_1_259' title='bbox 432 4284 553 4340; x_wconf 82' lang='lat' dir='ltr'><strong>Sua:</strong></span> <span class='ocrx_word' id='word_1_260' title='bbox 585 4286 794 4340; x_wconf 78' lang='lat' dir='ltr'><strong>virtutis</strong></span> <span class='ocrx_word' id='word_1_261' title='bbox 843 4287 1044 4355; x_wconf 80' lang='lat' dir='ltr'><strong>fructus</strong></span> <span class='ocrx_word' id='word_1_262' title='bbox 1087 4286 1398 4355; x_wconf 78' lang='lat' dir='ltr'><strong>participem</strong></span> <span class='ocrx_word' id='word_1_263' title='bbox 1432 4286 1584 4356; x_wconf 79' lang='lat' dir='ltr'><strong>facit.</strong></span> <span class='ocrx_word' id='word_1_264' title='bbox 1615 4284 1666 4340; x_wconf 86' lang='lat' dir='ltr'><strong>Is</strong></span> <span class='ocrx_word' id='word_1_265' title='bbox 1710 4284 1930 4354; x_wconf 83' lang='lat' dir='ltr'><strong>quidem</strong></span> 
     </span>
    </p>
   </div>
   <div class='ocr_carea' id='block_1_45' title="bbox 362 4375 1932 4445">
    <p class='ocr_par' dir='ltr' id='par_1_45' title="bbox 362 4375 1932 4445">
     <span class='ocr_line' id='line_1_45' title="bbox 362 4375 1932 4445; baseline -0.002 -12"><span class='ocrx_word' id='word_1_266' title='bbox 362 4379 563 4433; x_wconf 84' lang='lat' dir='ltr'><strong>asserit</strong></span> <span class='ocrx_word' id='word_1_267' title='bbox 595 4378 806 4433; x_wconf 88' lang='lat' dir='ltr'><strong>somnia</strong></span> <span class='ocrx_word' id='word_1_268' title='bbox 842 4392 871 4430; x_wconf 88' lang='lat' dir='ltr'><strong>a</strong></span> <span class='ocrx_word' id='word_1_269' title='bbox 900 4375 1011 4430; x_wconf 89' lang='lat' dir='ltr'><strong>Deo</strong></span> <span class='ocrx_word' id='word_1_270' title='bbox 1038 4376 1357 4445; x_wconf 86' lang='lat' dir='ltr'><strong>procedere,</strong></span> <span class='ocrx_word' id='word_1_271' title='bbox 1388 4375 1713 4432; x_wconf 86' lang='lat' dir='ltr'><strong>Aristoteles</strong></span> <span class='ocrx_word' id='word_1_272' title='bbox 1748 4386 1932 4431; x_wconf 87' lang='lat' dir='ltr'><strong>autem</strong></span> 
     </span>
    </p>
   </div>
   <div class='ocr_carea' id='block_1_46' title="bbox 364 4468 1935 4535">
    <p class='ocr_par' dir='ltr' id='par_1_46' title="bbox 364 4468 1935 4535">
     <span class='ocr_line' id='line_1_46' title="bbox 364 4468 1935 4535; baseline -0.003 -8"><span class='ocrx_word' id='word_1_273' title='bbox 364 4473 444 4527; x_wconf 87' lang='lat' dir='ltr'><strong>ait</strong></span> <span class='ocrx_word' id='word_1_274' title='bbox 472 4471 747 4527; x_wconf 89' lang='lat' dir='ltr'><strong>insomnia</strong></span> <span class='ocrx_word' id='word_1_275' title='bbox 795 4485 906 4526; x_wconf 90' lang='lat' dir='ltr'><strong>non</strong></span> <span class='ocrx_word' id='word_1_276' title='bbox 934 4484 1054 4525; x_wconf 90' lang='lat' dir='ltr'><strong>esse</strong></span> <span class='ocrx_word' id='word_1_277' title='bbox 1088 4486 1119 4523; x_wconf 88' lang='lat' dir='ltr'><strong>a</strong></span> <span class='ocrx_word' id='word_1_278' title='bbox 1146 4470 1258 4525; x_wconf 90' lang='lat' dir='ltr'><strong>Deo</strong></span> <span class='ocrx_word' id='word_1_279' title='bbox 1288 4469 1449 4525; x_wconf 89' lang='lat' dir='ltr'><strong>missa</strong></span> <span class='ocrx_word' id='word_1_280' title='bbox 1484 4486 1499 4523; x_wconf 90' lang='lat'><strong>:</strong></span> <span class='ocrx_word' id='word_1_281' title='bbox 1534 4468 1588 4524; x_wconf 92' lang='lat' dir='ltr'><strong>Si</strong></span> <span class='ocrx_word' id='word_1_282' title='bbox 1621 4470 1767 4523; x_wconf 90' lang='lat' dir='ltr'><strong>enim</strong></span> <span class='ocrx_word' id='word_1_283' title='bbox 1796 4510 1814 4535; x_wconf 94' lang='lat'><strong>,</strong></span> <span class='ocrx_word' id='word_1_284' title='bbox 1851 4469 1935 4523; x_wconf 87' lang='lat' dir='ltr'><strong>in-</strong></span> 
     </span>
    </p>
   </div>
   <div class='ocr_carea' id='block_1_47' title="bbox 2039 606 3607 681">
    <p class='ocr_par' dir='ltr' id='par_1_47' title="bbox 2039 606 3607 681">
     <span class='ocr_line' id='line_1_47' title="bbox 2039 606 3607 681; baseline -0.007 -14"><span class='ocrx_word' id='word_1_285' title='bbox 2039 614 2260 667; x_wconf 79' lang='grc' dir='ltr'>ἐλαττόν</span> <span class='ocrx_word' id='word_1_286' title='bbox 2289 613 2493 665; x_wconf 80' lang='grc' dir='ltr'>ὲστιτδ</span> <span class='ocrx_word' id='word_1_287' title='bbox 2518 610 2811 681; x_wconf 80' lang='grc' dir='ltr'>τυγχάνειν</span> <span class='ocrx_word' id='word_1_288' title='bbox 2869 607 2966 662; x_wconf 86' lang='grc' dir='ltr'><strong>τοῦ</strong></span> <span class='ocrx_word' id='word_1_289' title='bbox 3018 606 3337 678; x_wconf 84' lang='grc' dir='ltr'>μανθάνειν,</span> <span class='ocrx_word' id='word_1_290' title='bbox 3387 613 3453 665; x_wconf 71' lang='grc' dir='ltr'>ἐκ</span> <span class='ocrx_word' id='word_1_291' title='bbox 3509 629 3607 665; x_wconf 71' lang='grc' dir='ltr'><strong>πει</strong></span> 
     </span>
    </p>
   </div>
   <div class='ocr_carea' id='block_1_48' title="bbox 2042 697 3607 773">
    <p class='ocr_par' dir='ltr' id='par_1_48' title="bbox 2042 697 3607 773">
     <span class='ocr_line' id='line_1_48' title="bbox 2042 697 3607 773; baseline -0.001 -17"><span class='ocrx_word' id='word_1_292' title='bbox 2042 704 2289 773; x_wconf 85' lang='grc' dir='ltr'>ριουσίας</span> <span class='ocrx_word' id='word_1_293' title='bbox 2335 702 2506 769; x_wconf 82' lang='grc' dir='ltr'>λέγει,</span> <span class='ocrx_word' id='word_1_294' title='bbox 2557 702 2641 755; x_wconf 80' lang='grc' dir='ltr'>ὅτι</span> <span class='ocrx_word' id='word_1_295' title='bbox 2694 699 2791 753; x_wconf 71' lang='grc' dir='ltr'><strong>καὶ</strong></span> <span class='ocrx_word' id='word_1_296' title='bbox 2837 699 3001 752; x_wconf 82' lang='grc' dir='ltr'>πλέον</span> <span class='ocrx_word' id='word_1_297' title='bbox 3032 697 3206 763; x_wconf 70' lang='grc' dir='ltr'>ιστὶν,</span> <span class='ocrx_word' id='word_1_298' title='bbox 3238 698 3325 751; x_wconf 75' lang='grc' dir='ltr'>ἵνα</span> <span class='ocrx_word' id='word_1_299' title='bbox 3381 700 3484 752; x_wconf 78' lang='grc' dir='ltr'>κᾶν</span> <span class='ocrx_word' id='word_1_300' title='bbox 3512 701 3607 754; x_wconf 85' lang='grc' dir='ltr'><strong>τοῦ</strong></span> 
     </span>
    </p>
   </div>
   <div class='ocr_carea' id='block_1_49' title="bbox 2039 796 2343 868">
    <p class='ocr_par' dir='ltr' id='par_1_49' title="bbox 2039 796 2343 868">
     <span class='ocr_line' id='line_1_49' title="bbox 2039 796 2343 868; baseline 0.003 -21"><span class='ocrx_word' id='word_1_301' title='bbox 2039 796 2159 850; x_wconf 76' lang='grc' dir='ltr'>ἴσου</span> <span class='ocrx_word' id='word_1_302' title='bbox 2181 796 2343 868; x_wconf 77' lang='grc' dir='ltr'>τύχη.</span> 
     </span>
    </p>
   </div>
   <div class='ocr_carea' id='block_1_50' title="bbox 2108 910 3607 982">
    <p class='ocr_par' dir='ltr' id='par_1_50' title="bbox 2108 910 3607 982">
     <span class='ocr_line' id='line_1_50' title="bbox 2108 910 3607 982; baseline 0 -16"><span class='ocrx_word' id='word_1_303' title='bbox 2108 913 2440 981; x_wconf 57' lang='lat' dir='ltr'><strong>(Danaeia.</strong></span> <span class='ocrx_word' id='word_1_304' title='bbox 2488 911 2575 964; x_wconf 85' lang='lat' dir='ltr'><strong>‘Ev</strong></span> <span class='ocrx_word' id='word_1_305' title='bbox 2606 910 2788 975; x_wconf 79' lang='grc' dir='ltr'>ἄλλοις</span> <span class='ocrx_word' id='word_1_306' title='bbox 2819 912 2921 981; x_wconf 84' lang='grc' dir='ltr'>μὲν</span> <span class='ocrx_word' id='word_1_307' title='bbox 2945 912 3054 965; x_wconf 91' lang='grc' dir='ltr'><strong>τῶν</strong></span> <span class='ocrx_word' id='word_1_308' title='bbox 3079 911 3302 982; x_wconf 86' lang='grc' dir='ltr'>βιϐλίων</span> <span class='ocrx_word' id='word_1_309' title='bbox 3329 912 3607 981; x_wconf 81' lang='grc' dir='ltr'>γράφεται</span> 
     </span>
    </p>
   </div>
   <div class='ocr_carea' id='block_1_51' title="bbox 2037 1004 3611 1079">
    <p class='ocr_par' dir='ltr' id='par_1_51' title="bbox 2037 1004 3611 1079">
     <span class='ocr_line' id='line_1_51' title="bbox 2037 1004 3611 1079; baseline -0.001 -20"><span class='ocrx_word' id='word_1_310' title='bbox 2037 1006 2185 1079; x_wconf 79' lang='grc' dir='ltr'>ζωήν</span> <span class='ocrx_word' id='word_1_311' title='bbox 2202 1023 2219 1040; x_wconf 79' lang='grc' dir='ltr'><strong><em>ο</em></strong></span> <span class='ocrx_word' id='word_1_312' title='bbox 2248 1007 2307 1058; x_wconf 82' lang='grc' dir='ltr'><strong>ὲν</strong></span> <span class='ocrx_word' id='word_1_313' title='bbox 2329 1005 2511 1068; x_wconf 82' lang='grc' dir='ltr'>ἄλλοις</span> <span class='ocrx_word' id='word_1_314' title='bbox 2535 1006 2593 1059; x_wconf 80' lang='grc' dir='ltr'>δὲ</span> <span class='ocrx_word' id='word_1_315' title='bbox 2618 1005 2789 1073; x_wconf 80' lang='grc' dir='ltr'>ζωῆς.</span> <span class='ocrx_word' id='word_1_316' title='bbox 2821 1004 2971 1059; x_wconf 85' lang='grc' dir='ltr'>Ἔδει</span> <span class='ocrx_word' id='word_1_317' title='bbox 2994 1006 3104 1075; x_wconf 77' lang='grc' dir='ltr'>γὰρ</span> <span class='ocrx_word' id='word_1_318' title='bbox 3155 1006 3446 1077; x_wconf 83' lang='grc' dir='ltr'>ἀμφότερα</span> <span class='ocrx_word' id='word_1_319' title='bbox 3498 1008 3611 1058; x_wconf 84' lang='grc' dir='ltr'>κεί-</span> 
     </span>
    </p>
   </div>
   <div class='ocr_carea' id='block_1_52' title="bbox 2038 1093 3610 1164">
    <p class='ocr_par' dir='ltr' id='par_1_52' title="bbox 2038 1093 3610 1164">
     <span class='ocr_line' id='line_1_52' title="bbox 2038 1093 3610 1164; baseline -0.003 -14"><span class='ocrx_word' id='word_1_320' title='bbox 2038 1097 2203 1150; x_wconf 73' lang='grc' dir='ltr'>σθαιο</span> <span class='ocrx_word' id='word_1_321' title='bbox 2258 1095 2347 1147; x_wconf 81' lang='grc' dir='ltr'>διὰ</span> <span class='ocrx_word' id='word_1_322' title='bbox 2376 1095 2438 1148; x_wconf 86' lang='grc' dir='ltr'>τὸ</span> <span class='ocrx_word' id='word_1_323' title='bbox 2487 1093 2748 1164; x_wconf 81' lang='grc' dir='ltr'>φορτικὸν</span> <span class='ocrx_word' id='word_1_324' title='bbox 2794 1093 2854 1147; x_wconf 80' lang='grc' dir='ltr'>δὲ</span> <span class='ocrx_word' id='word_1_325' title='bbox 2906 1093 3193 1163; x_wconf 79' lang='grc' dir='ltr'>ὲσιωπήθη</span> <span class='ocrx_word' id='word_1_326' title='bbox 3240 1094 3301 1147; x_wconf 77' lang='grc' dir='ltr'>τὸ</span> <span class='ocrx_word' id='word_1_327' title='bbox 3329 1095 3411 1149; x_wconf 75' lang='grc' dir='ltr'>ἓν.</span> <span class='ocrx_word' id='word_1_328' title='bbox 3451 1094 3610 1147; x_wconf 83' lang='grc' dir='ltr'>Τίθε-</span> 
     </span>
    </p>
   </div>
   <div class='ocr_carea' id='block_1_53' title="bbox 2035 1179 3607 1255">
    <p class='ocr_par' dir='ltr' id='par_1_53' title="bbox 2035 1179 3607 1255">
     <span class='ocr_line' id='line_1_53' title="bbox 2035 1179 3607 1255; baseline 0 -16"><span class='ocrx_word' id='word_1_329' title='bbox 2035 1204 2128 1240; x_wconf 88' lang='grc' dir='ltr'><strong>ται</strong></span> <span class='ocrx_word' id='word_1_330' title='bbox 2192 1186 2251 1239; x_wconf 85' lang='grc' dir='ltr'><strong>δὲ</strong></span> <span class='ocrx_word' id='word_1_331' title='bbox 2306 1186 2368 1237; x_wconf 81' lang='grc' dir='ltr'><strong>τὸ</strong></span> <span class='ocrx_word' id='word_1_332' title='bbox 2406 1185 2465 1238; x_wconf 80' lang='grc' dir='ltr'>ἒν</span> <span class='ocrx_word' id='word_1_333' title='bbox 2518 1185 2580 1250; x_wconf 78' lang='grc' dir='ltr'><strong>ἐξ</strong></span> <span class='ocrx_word' id='word_1_334' title='bbox 2650 1184 3004 1255; x_wconf 81' lang='grc' dir='ltr'>ἀμφοτέρων,</span> <span class='ocrx_word' id='word_1_335' title='bbox 3056 1179 3170 1237; x_wconf 79' lang='grc' dir='ltr'>οἷον</span> <span class='ocrx_word' id='word_1_336' title='bbox 3218 1186 3285 1239; x_wconf 80' lang='grc' dir='ltr'><strong>ἄν</strong></span> <span class='ocrx_word' id='word_1_337' title='bbox 3342 1203 3427 1249; x_wconf 91' lang='grc' dir='ltr'><strong>τις</strong></span> <span class='ocrx_word' id='word_1_338' title='bbox 3479 1186 3607 1255; x_wconf 80' lang='grc' dir='ltr'>βού-</span> 
     </span>
    </p>
   </div>
   <div class='ocr_carea' id='block_1_54' title="bbox 2038 1275 3606 1347">
    <p class='ocr_par' dir='ltr' id='par_1_54' title="bbox 2038 1275 3606 1347">
     <span class='ocr_line' id='line_1_54' title="bbox 2038 1275 3606 1347; baseline -0.002 -16"><span class='ocrx_word' id='word_1_339' title='bbox 2038 1278 2219 1332; x_wconf 88' lang='grc' dir='ltr'>λοιτο·</span> <span class='ocrx_word' id='word_1_340' title='bbox 2281 1277 2554 1346; x_wconf 85' lang='grc' dir='ltr'>λαμϐάνει</span> <span class='ocrx_word' id='word_1_341' title='bbox 2602 1276 2661 1329; x_wconf 79' lang='grc' dir='ltr'>δὲ</span> <span class='ocrx_word' id='word_1_342' title='bbox 2713 1275 2918 1340; x_wconf 80' lang='grc' dir='ltr'>ἔξωθεν</span> <span class='ocrx_word' id='word_1_343' title='bbox 2961 1276 3059 1329; x_wconf 81' lang='grc' dir='ltr'>καὶ</span> <span class='ocrx_word' id='word_1_344' title='bbox 3099 1275 3160 1329; x_wconf 82' lang='grc' dir='ltr'>τὸ</span> <span class='ocrx_word' id='word_1_345' title='bbox 3195 1275 3382 1347; x_wconf 67' lang='grc' dir='ltr'>ἕτερον</span> <span class='ocrx_word' id='word_1_346' title='bbox 3430 1276 3606 1330; x_wconf 74' lang='grc' dir='ltr'>ἐλλει-</span> 
     </span>
    </p>
   </div>
   <div class='ocr_carea' id='block_1_55' title="bbox 2037 1385 2271 1431">
    <p class='ocr_par' dir='ltr' id='par_1_55' title="bbox 2037 1385 2271 1431">
     <span class='ocr_line' id='line_1_55' title="bbox 2037 1385 2271 1431; baseline 0.004 -9"><span class='ocrx_word' id='word_1_347' title='bbox 2037 1385 2271 1431; x_wconf 87' lang='grc' dir='ltr'>πτικως.</span> 
     </span>
    </p>
   </div>
   <div class='ocr_carea' id='block_1_56' title="bbox 2107 1483 3611 1564">
    <p class='ocr_par' dir='ltr' id='par_1_56' title="bbox 2107 1483 3611 1564">
     <span class='ocr_line' id='line_1_56' title="bbox 2107 1483 3611 1564; baseline 0.001 -26"><span class='ocrx_word' id='word_1_348' title='bbox 2107 1486 2261 1553; x_wconf 87' lang='grc' dir='ltr'>Πρὸς</span> <span class='ocrx_word' id='word_1_349' title='bbox 2294 1485 2457 1549; x_wconf 84' lang='grc' dir='ltr'>τούς.</span> <span class='ocrx_word' id='word_1_350' title='bbox 2488 1485 2624 1538; x_wconf 77' lang='grc' dir='ltr'><strong>Οὐδὲ</strong></span> <span class='ocrx_word' id='word_1_351' title='bbox 2654 1485 2764 1539; x_wconf 92' lang='grc' dir='ltr'><strong>τῶν</strong></span> <span class='ocrx_word' id='word_1_352' title='bbox 2824 1484 3129 1539; x_wconf 75' lang='grc' dir='ltr'>ἐλαττόνων</span> <span class='ocrx_word' id='word_1_353' title='bbox 3158 1483 3379 1564; x_wconf 26' lang='grc' dir='ltr'>θκαλῶν</span> <span class='ocrx_word' id='word_1_354' title='bbox 3425 1483 3611 1539; x_wconf 85' lang='grc' dir='ltr'>αὐτῶν</span> 
     </span>
    </p>
   </div>
   <div class='ocr_carea' id='block_1_57' title="bbox 2036 1569 3423 1643">
    <p class='ocr_par' dir='ltr' id='par_1_57' title="bbox 2036 1569 3423 1643">
     <span class='ocr_line' id='line_1_57' title="bbox 2036 1569 3423 1643; baseline 0.003 -12"><span class='ocrx_word' id='word_1_355' title='bbox 2036 1577 2336 1643; x_wconf 80' lang='grc' dir='ltr'>ἀξιοῦνται.</span> <span class='ocrx_word' id='word_1_356' title='bbox 3416 1569 3423 1577; x_wconf 64' lang='grc'><em>’</em></span> 
     </span>
    </p>
   </div>
   <div class='ocr_carea' id='block_1_58' title="bbox 2108 1667 3335 1739">
    <p class='ocr_par' dir='ltr' id='par_1_58' title="bbox 2108 1667 3335 1739">
     <span class='ocr_line' id='line_1_58' title="bbox 2108 1667 3335 1739; baseline 0.003 -18"><span class='ocrx_word' id='word_1_357' title='bbox 2108 1667 2465 1722; x_wconf 56' lang='lat' dir='ltr'><strong>Pcw-(irascetur.</strong></span> <span class='ocrx_word' id='word_1_358' title='bbox 2496 1668 2706 1731; x_wconf 78' lang='grc' dir='ltr'>Αὐτοὺς</span> <span class='ocrx_word' id='word_1_359' title='bbox 2738 1670 2864 1732; x_wconf 81' lang='grc' dir='ltr'>τοὺς</span> <span class='ocrx_word' id='word_1_360' title='bbox 2887 1669 3335 1739; x_wconf 76' lang='grc' dir='ltr'>δοξοσοφοῦντας.</span> 
     </span>
    </p>
   </div>
   <div class='ocr_carea' id='block_1_59' title="bbox 2122 1761 3611 1834">
    <p class='ocr_par' dir='ltr' id='par_1_59' title="bbox 2122 1761 3611 1834">
     <span class='ocr_line' id='line_1_59' title="bbox 2122 1761 3611 1834; baseline 0.003 -19"><span class='ocrx_word' id='word_1_361' title='bbox 2122 1761 2613 1830; x_wconf 78' lang='grc' dir='ltr'>Ἀποκηρύκτοις.</span> <span class='ocrx_word' id='word_1_362' title='bbox 2634 1763 3027 1830; x_wconf 78' lang='grc' dir='ltr'>Αἰγυπτιακῶν</span> <span class='ocrx_word' id='word_1_363' title='bbox 3058 1764 3225 1817; x_wconf 80' lang='grc' dir='ltr'>θείων</span> <span class='ocrx_word' id='word_1_364' title='bbox 3248 1765 3611 1834; x_wconf 84' lang='grc' dir='ltr'>προσταγμά-</span> 
     </span>
    </p>
   </div>
   <div class='ocr_carea' id='block_1_60' title="bbox 1969 1871 2193 1930">
    <p class='ocr_par' dir='ltr' id='par_1_60' title="bbox 1969 1871 2193 1930">
     <span class='ocr_line' id='line_1_60' title="bbox 1969 1871 2193 1930; baseline -0.004 -24"><span class='ocrx_word' id='word_1_365' title='bbox 1969 1875 2011 1930; x_wconf 73' lang='lat' dir='ltr'><strong>B</strong></span> <span class='ocrx_word' id='word_1_366' title='bbox 2037 1871 2166 1908; x_wconf 88' lang='grc' dir='ltr'>των.</span> <span class='ocrx_word' id='word_1_367' title='bbox 2182 1898 2193 1905; x_wconf 78' lang='lat'><strong>.</strong></span> 
     </span>
    </p>
   </div>
   <div class='ocr_carea' id='block_1_61' title="bbox 2105 1944 2971 2015">
    <p class='ocr_par' dir='ltr' id='par_1_61' title="bbox 2105 1944 2971 2015">
     <span class='ocr_line' id='line_1_61' title="bbox 2105 1944 2971 2015; baseline -0.001 -17"><span class='ocrx_word' id='word_1_368' title='bbox 2105 1948 2191 2000; x_wconf 81' lang='grc' dir='ltr'><strong>Οὐ</strong></span> <span class='ocrx_word' id='word_1_369' title='bbox 2220 1945 2472 2000; x_wconf 82' lang='grc' dir='ltr'>θυσιῶν.</span> <span class='ocrx_word' id='word_1_370' title='bbox 2506 1947 2576 1999; x_wconf 87' lang='grc' dir='ltr'><em>Ἢ</em></span> <span class='ocrx_word' id='word_1_371' title='bbox 2599 1944 2671 2007; x_wconf 83' lang='grc' dir='ltr'>ὡς</span> <span class='ocrx_word' id='word_1_372' title='bbox 2697 1946 2758 1998; x_wconf 77' lang='grc' dir='ltr'><strong>οὐ</strong></span> <span class='ocrx_word' id='word_1_373' title='bbox 2791 1946 2971 2015; x_wconf 86' lang='grc' dir='ltr'>χρεία.</span> 
     </span>
    </p>
   </div>
   <div class='ocr_carea' id='block_1_62' title="bbox 2114 2038 3174 2109">
    <p class='ocr_par' dir='ltr' id='par_1_62' title="bbox 2114 2038 3174 2109">
     <span class='ocr_line' id='line_1_62' title="bbox 2114 2038 3174 2109; baseline 0.004 -17"><span class='ocrx_word' id='word_1_374' title='bbox 2114 2038 2249 2092; x_wconf 77' lang='grc' dir='ltr'>Τάδ⁸</span> <span class='ocrx_word' id='word_1_375' title='bbox 2280 2039 2619 2108; x_wconf 67' lang='grc' dir='ltr'>ἀθύρματα.</span> <span class='ocrx_word' id='word_1_376' title='bbox 2636 2038 2872 2107; x_wconf 86' lang='grc' dir='ltr'>Παίγνια</span> <span class='ocrx_word' id='word_1_377' title='bbox 2904 2040 3013 2109; x_wconf 84' lang='grc' dir='ltr'><strong>γάρ</strong></span> <span class='ocrx_word' id='word_1_378' title='bbox 3046 2041 3174 2098; x_wconf 90' lang='grc' dir='ltr'>είσι.</span> 
     </span>
    </p>
   </div>
   <div class='ocr_carea' id='block_1_63' title="bbox 2104 2128 3616 2208">
    <p class='ocr_par' dir='ltr' id='par_1_63' title="bbox 2104 2128 3616 2208">
     <span class='ocr_line' id='line_1_63' title="bbox 2104 2128 3616 2208; baseline 0.001 -26"><span class='ocrx_word' id='word_1_379' title='bbox 2104 2128 2316 2190; x_wconf 81' lang='grc' dir='ltr'>οἱ,δέ.</span> <span class='ocrx_word' id='word_1_380' title='bbox 2363 2131 2427 2183; x_wconf 86' lang='grc' dir='ltr'><strong>οι</strong></span> <span class='ocrx_word' id='word_1_381' title='bbox 2480 2128 2570 2181; x_wconf 84' lang='grc' dir='ltr'><strong>διὰ</strong></span> <span class='ocrx_word' id='word_1_382' title='bbox 2640 2129 2845 2183; x_wconf 83' lang='grc' dir='ltr'>θυσιῶν</span> <span class='ocrx_word' id='word_1_383' title='bbox 2912 2131 3008 2183; x_wconf 80' lang='grc' dir='ltr'><strong>καὶ</strong></span> <span class='ocrx_word' id='word_1_384' title='bbox 3072 2132 3316 2202; x_wconf 71' lang='grc' dir='ltr'>ἐντόμων</span> <span class='ocrx_word' id='word_1_385' title='bbox 3397 2153 3616 2208; x_wconf 79' lang='grc' dir='ltr'>προφη.</span> 
     </span>
    </p>
   </div>
   <div class='ocr_carea' id='block_1_64' title="bbox 2038 2214 2310 2278">
    <p class='ocr_par' dir='ltr' id='par_1_64' title="bbox 2038 2214 2310 2278">
     <span class='ocr_line' id='line_1_64' title="bbox 2038 2214 2310 2278; baseline 0.004 -10"><span class='ocrx_word' id='word_1_386' title='bbox 2038 2214 2310 2278; x_wconf 84' lang='grc' dir='ltr'>τεύοντες.</span> 
     </span>
    </p>
   </div>
   <div class='ocr_carea' id='block_1_65' title="bbox 2109 2332 3609 2411">
    <p class='ocr_par' dir='ltr' id='par_1_65' title="bbox 2109 2332 3609 2411">
     <span class='ocr_line' id='line_1_65' title="bbox 2109 2332 3609 2411; baseline 0.009 -25"><span class='ocrx_word' id='word_1_387' title='bbox 2109 2332 2333 2401; x_wconf 78' lang='grc' dir='ltr'>Τέχνας</span> <span class='ocrx_word' id='word_1_388' title='bbox 2354 2333 2492 2402; x_wconf 82' lang='grc' dir='ltr'>μέν.</span> <span class='ocrx_word' id='word_1_389' title='bbox 2521 2334 2739 2399; x_wconf 83' lang='grc' dir='ltr'>Ταύτας</span> <span class='ocrx_word' id='word_1_390' title='bbox 2755 2336 2905 2404; x_wconf 86' lang='grc' dir='ltr'>λέγει</span> <span class='ocrx_word' id='word_1_391' title='bbox 2929 2336 2995 2401; x_wconf 81' lang='grc' dir='ltr'>ἃς</span> <span class='ocrx_word' id='word_1_392' title='bbox 3028 2340 3220 2409; x_wconf 87' lang='grc' dir='ltr'>μάγων</span> <span class='ocrx_word' id='word_1_393' title='bbox 3251 2340 3446 2411; x_wconf 83' lang='grc' dir='ltr'>ίυγγας</span> <span class='ocrx_word' id='word_1_394' title='bbox 3465 2344 3609 2399; x_wconf 81' lang='grc' dir='ltr'>ἁνυ-</span> 
     </span>
    </p>
   </div>
   <div class='ocr_carea' id='block_1_66' title="bbox 2037 2425 3608 2502">
    <p class='ocr_par' dir='ltr' id='par_1_66' title="bbox 2037 2425 3608 2502">
     <span class='ocr_line' id='line_1_66' title="bbox 2037 2425 3608 2502; baseline 0.01 -25"><span class='ocrx_word' id='word_1_395' title='bbox 2037 2425 2181 2493; x_wconf 89' lang='grc' dir='ltr'>τέρω</span> <span class='ocrx_word' id='word_1_396' title='bbox 2234 2428 2469 2496; x_wconf 81' lang='grc' dir='ltr'>εἰρήκει,</span> <span class='ocrx_word' id='word_1_397' title='bbox 2529 2427 2738 2497; x_wconf 84' lang='grc' dir='ltr'>μάγους</span> <span class='ocrx_word' id='word_1_398' title='bbox 2782 2430 2885 2497; x_wconf 77' lang='grc' dir='ltr'>μὲν</span> <span class='ocrx_word' id='word_1_399' title='bbox 2939 2430 3176 2495; x_wconf 86' lang='grc' dir='ltr'>καλέσας</span> <span class='ocrx_word' id='word_1_400' title='bbox 3221 2434 3349 2498; x_wconf 86' lang='grc' dir='ltr'>τοὺς</span> <span class='ocrx_word' id='word_1_401' title='bbox 3402 2438 3608 2502; x_wconf 83' lang='grc' dir='ltr'>ταύτας</span> 
     </span>
    </p>
   </div>
   <div class='ocr_carea' id='block_1_67' title="bbox 2037 2516 3608 2598">
    <p class='ocr_par' dir='ltr' id='par_1_67' title="bbox 2037 2516 3608 2598">
     <span class='ocr_line' id='line_1_67' title="bbox 2037 2516 3608 2598; baseline 0.01 -30"><span class='ocrx_word' id='word_1_402' title='bbox 2037 2516 2327 2581; x_wconf 80' lang='grc' dir='ltr'>ἀξιοῦντας</span> <span class='ocrx_word' id='word_1_403' title='bbox 2379 2519 2754 2587; x_wconf 79' lang='grc' dir='ltr'>ἐργάζεσθαι·</span> <span class='ocrx_word' id='word_1_404' title='bbox 2792 2523 2991 2589; x_wconf 79' lang='grc' dir='ltr'>ἵυγγας</span> <span class='ocrx_word' id='word_1_405' title='bbox 3050 2523 3107 2577; x_wconf 79' lang='grc' dir='ltr'>δὲ</span> <span class='ocrx_word' id='word_1_406' title='bbox 3162 2526 3262 2589; x_wconf 81' lang='grc' dir='ltr'>τὰς</span> <span class='ocrx_word' id='word_1_407' title='bbox 3314 2527 3608 2598; x_wconf 88' lang='grc' dir='ltr'>διαφόρους</span> 
     </span>
    </p>
   </div>
   <div class='ocr_carea' id='block_1_68' title="bbox 2037 2615 3609 2696">
    <p class='ocr_par' dir='ltr' id='par_1_68' title="bbox 2037 2615 3609 2696">
     <span class='ocr_line' id='line_1_68' title="bbox 2037 2615 3609 2696; baseline 0.009 -31"><span class='ocrx_word' id='word_1_408' title='bbox 2037 2615 2256 2683; x_wconf 77' lang='grc' dir='ltr'>τέχνας,</span> <span class='ocrx_word' id='word_1_409' title='bbox 2302 2616 2428 2668; x_wconf 75' lang='grc' dir='ltr'>ὅσαι</span> <span class='ocrx_word' id='word_1_410' title='bbox 2489 2615 2787 2681; x_wconf 83' lang='grc' dir='ltr'>πολυειδῶς</span> <span class='ocrx_word' id='word_1_411' title='bbox 2839 2617 2927 2671; x_wconf 81' lang='grc' dir='ltr'><strong>διὰ</strong></span> <span class='ocrx_word' id='word_1_412' title='bbox 2976 2618 3179 2680; x_wconf 80' lang='grc' dir='ltr'>θυσιῶν</span> <span class='ocrx_word' id='word_1_413' title='bbox 3230 2622 3325 2677; x_wconf 73' lang='grc' dir='ltr'>καὶ</span> <span class='ocrx_word' id='word_1_414' title='bbox 3362 2623 3609 2696; x_wconf 79' lang='grc' dir='ltr'>ὲντὸμων</span> 
     </span>
    </p>
   </div>
   <div class='ocr_carea' id='block_1_69' title="bbox 2038 2706 2673 2769">
    <p class='ocr_par' dir='ltr' id='par_1_69' title="bbox 2038 2706 2673 2769">
     <span class='ocr_line' id='line_1_69' title="bbox 2038 2706 2673 2769; baseline 0.009 -13"><span class='ocrx_word' id='word_1_415' title='bbox 2038 2706 2269 2769; x_wconf 80' lang='grc' dir='ltr'>ἐκείνοις</span> <span class='ocrx_word' id='word_1_416' title='bbox 2300 2706 2673 2763; x_wconf 76' lang='grc' dir='ltr'>ἐπετελοῦντο.</span> 
     </span>
    </p>
   </div>
   <div class='ocr_carea' id='block_1_70' title="bbox 2111 2814 3608 2896">
    <p class='ocr_par' dir='ltr' id='par_1_70' title="bbox 2111 2814 3608 2896">
     <span class='ocr_line' id='line_1_70' title="bbox 2111 2814 3608 2896; baseline 0.007 -25"><span class='ocrx_word' id='word_1_417' title='bbox 2111 2817 2177 2872; x_wconf 80' lang='grc' dir='ltr'>Τί</span> <span class='ocrx_word' id='word_1_418' title='bbox 2204 2814 2341 2875; x_wconf 74' lang='grc' dir='ltr'>οὖν.</span> <span class='ocrx_word' id='word_1_419' title='bbox 2372 2820 2436 2872; x_wconf 86' lang='grc' dir='ltr'>Τί</span> <span class='ocrx_word' id='word_1_420' title='bbox 2462 2817 2576 2885; x_wconf 82' lang='grc' dir='ltr'>οὖν,</span> <span class='ocrx_word' id='word_1_421' title='bbox 2602 2824 2793 2891; x_wconf 82' lang='grc' dir='ltr'>φησὶν,</span> <span class='ocrx_word' id='word_1_422' title='bbox 2815 2824 3038 2889; x_wconf 80' lang='grc' dir='ltr'>ἄτοπον,</span> <span class='ocrx_word' id='word_1_423' title='bbox 3063 2825 3147 2879; x_wconf 82' lang='grc' dir='ltr'>ὅτι</span> <span class='ocrx_word' id='word_1_424' title='bbox 3180 2826 3343 2896; x_wconf 78' lang='grc' dir='ltr'>σοφὸς</span> <span class='ocrx_word' id='word_1_425' title='bbox 3361 2824 3437 2881; x_wconf 84' lang='grc' dir='ltr'>ὢν</span> <span class='ocrx_word' id='word_1_426' title='bbox 3462 2829 3490 2881; x_wconf 85' lang='grc' dir='ltr'>ὁ</span> <span class='ocrx_word' id='word_1_427' title='bbox 3514 2845 3608 2882; x_wconf 88' lang='grc' dir='ltr'>σο-</span> 
     </span>
    </p>
   </div>
   <div class='ocr_carea' id='block_1_71' title="bbox 2037 2910 3607 2991">
    <p class='ocr_par' dir='ltr' id='par_1_71' title="bbox 2037 2910 3607 2991">
     <span class='ocr_line' id='line_1_71' title="bbox 2037 2910 3607 2991; baseline 0.007 -28"><span class='ocrx_word' id='word_1_428' title='bbox 2037 2910 2159 2977; x_wconf 79' lang='grc' dir='ltr'>φὸς,</span> <span class='ocrx_word' id='word_1_429' title='bbox 2206 2914 2301 2965; x_wconf 81' lang='grc' dir='ltr'>καὶ</span> <span class='ocrx_word' id='word_1_430' title='bbox 2337 2912 2501 2966; x_wconf 82' lang='grc' dir='ltr'>πλέον</span> <span class='ocrx_word' id='word_1_431' title='bbox 2534 2915 2635 2967; x_wconf 65' lang='grc' dir='ltr'>καὶ</span> <span class='ocrx_word' id='word_1_432' title='bbox 2660 2915 2920 2969; x_wconf 77' lang='grc' dir='ltr'>ἐπέκεινα</span> <span class='ocrx_word' id='word_1_433' title='bbox 2951 2916 3189 2987; x_wconf 77' lang='grc' dir='ltr'>ὑπάρχει</span> <span class='ocrx_word' id='word_1_434' title='bbox 3226 2921 3327 2989; x_wconf 76' lang='grc' dir='ltr'>τῆς</span> <span class='ocrx_word' id='word_1_435' title='bbox 3358 2920 3607 2991; x_wconf 86' lang='grc' dir='ltr'>κοινότη-</span> 
     </span>
    </p>
   </div>
   <div class='ocr_carea' id='block_1_72' title="bbox 2036 3004 3605 3082">
    <p class='ocr_par' dir='ltr' id='par_1_72' title="bbox 2036 3004 3605 3082">
     <span class='ocr_line' id='line_1_72' title="bbox 2036 3004 3605 3082; baseline 0.01 -29"><span class='ocrx_word' id='word_1_436' title='bbox 2036 3017 2150 3068; x_wconf 90' lang='grc' dir='ltr'>τος,</span> <span class='ocrx_word' id='word_1_437' title='bbox 2192 3004 2453 3077; x_wconf 75' lang='grc' dir='ltr'>καὶκατὰ</span> <span class='ocrx_word' id='word_1_438' title='bbox 2483 3004 2671 3058; x_wconf 88' lang='grc' dir='ltr'>τοῦτον</span> <span class='ocrx_word' id='word_1_439' title='bbox 2708 3006 2775 3061; x_wconf 86' lang='grc' dir='ltr'><strong>ἂν</strong></span> <span class='ocrx_word' id='word_1_440' title='bbox 2800 3006 2893 3061; x_wconf 78' lang='grc' dir='ltr'>τὸν</span> <span class='ocrx_word' id='word_1_441' title='bbox 2918 3010 3118 3080; x_wconf 88' lang='grc' dir='ltr'>τρόπον</span> <span class='ocrx_word' id='word_1_442' title='bbox 3146 3010 3358 3079; x_wconf 87' lang='grc' dir='ltr'>γένοιτο</span> <span class='ocrx_word' id='word_1_443' title='bbox 3398 3014 3560 3082; x_wconf 86' lang='grc' dir='ltr'>σοφός</span> <span class='ocrx_word' id='word_1_444' title='bbox 3587 3031 3605 3080; x_wconf 90' lang='lat'><strong>;</strong></span> 
     </span>
    </p>
   </div>
   <div class='ocr_carea' id='block_1_73' title="bbox 2037 3175 3608 3247">
    <p class='ocr_par' dir='ltr' id='par_1_73' title="bbox 2037 3175 3608 3247">
     <span class='ocr_line' id='line_1_73' title="bbox 2037 3175 3608 3247; baseline 0.01 -20"><span class='ocrx_word' id='word_1_445' title='bbox 2037 3182 2162 3229; x_wconf 89' lang='lat' dir='ltr'><strong>rent</strong></span> <span class='ocrx_word' id='word_1_446' title='bbox 2197 3175 2456 3247; x_wconf 71' lang='lat' dir='ltr'><strong>istudque</strong></span> <span class='ocrx_word' id='word_1_447' title='bbox 2489 3180 2768 3234; x_wconf 90' lang='lat' dir='ltr'><strong>communi</strong></span> <span class='ocrx_word' id='word_1_448' title='bbox 2811 3194 3085 3238; x_wconf 85' lang='lat' dir='ltr'><strong>consensu</strong></span> <span class='ocrx_word' id='word_1_449' title='bbox 3131 3184 3293 3240; x_wconf 77' lang='lat' dir='ltr'><strong>facile</strong></span> <span class='ocrx_word' id='word_1_450' title='bbox 3320 3187 3608 3243; x_wconf 79' lang='lat' dir='ltr'><strong>statuitur.</strong></span> 
     </span>
    </p>
   </div>
   <div class='ocr_carea' id='block_1_74' title="bbox 2115 3267 3611 3339">
    <p class='ocr_par' dir='ltr' id='par_1_74' title="bbox 2115 3267 3611 3339">
     <span class='ocr_line' id='line_1_74' title="bbox 2115 3267 3611 3339; baseline 0.009 -18"><span class='ocrx_word' id='word_1_451' title='bbox 2115 3267 2261 3323; x_wconf 87' lang='lat' dir='ltr'><strong>Nam</strong></span> <span class='ocrx_word' id='word_1_452' title='bbox 2301 3269 2625 3339; x_wconf 75' lang='lat' dir='ltr'><strong>fructuosum</strong></span> <span class='ocrx_word' id='word_1_453' title='bbox 2671 3272 2909 3327; x_wconf 80' lang='lat' dir='ltr'><strong>reddere.</strong></span> <span class='ocrx_word' id='word_1_454' title='bbox 2954 3274 3093 3329; x_wconf 84' lang='lat' dir='ltr'><strong>Ante</strong></span> <span class='ocrx_word' id='word_1_455' title='bbox 3149 3277 3343 3332; x_wconf 86' lang='lat' dir='ltr'><strong>oculos</strong></span> <span class='ocrx_word' id='word_1_456' title='bbox 3390 3290 3611 3335; x_wconf 81' lang='lat' dir='ltr'><strong>nostros</strong></span> 
     </span>
    </p>
   </div>
   <div class='ocr_carea' id='block_1_75' title="bbox 2039 3362 3613 3439">
    <p class='ocr_par' dir='ltr' id='par_1_75' title="bbox 2039 3362 3613 3439">
     <span class='ocr_line' id='line_1_75' title="bbox 2039 3362 3613 3439; baseline 0.006 -22"><span class='ocrx_word' id='word_1_457' title='bbox 2039 3362 2316 3430; x_wconf 85' lang='lat' dir='ltr'><strong>subjicere</strong></span> <span class='ocrx_word' id='word_1_458' title='bbox 2346 3365 2524 3427; x_wconf 85' lang='lat' dir='ltr'><strong>voles,</strong></span> <span class='ocrx_word' id='word_1_459' title='bbox 2557 3362 2703 3417; x_wconf 83' lang='lat' dir='ltr'><strong>haud</strong></span> <span class='ocrx_word' id='word_1_460' title='bbox 2737 3365 2925 3421; x_wconf 86' lang='lat' dir='ltr'><strong>minus</strong></span> <span class='ocrx_word' id='word_1_461' title='bbox 2969 3379 3093 3422; x_wconf 89' lang='lat' dir='ltr'><strong>esse</strong></span> <span class='ocrx_word' id='word_1_462' title='bbox 3129 3369 3349 3439; x_wconf 84' lang='lat' dir='ltr'><strong>assequi</strong></span> <span class='ocrx_word' id='word_1_463' title='bbox 3384 3380 3441 3426; x_wconf 89' lang='lat' dir='ltr'><strong>et</strong></span> <span class='ocrx_word' id='word_1_464' title='bbox 3467 3371 3613 3427; x_wconf 87' lang='lat' dir='ltr'><strong>obti-</strong></span> 
     </span>
    </p>
   </div>
   <div class='ocr_carea' id='block_1_76' title="bbox 2036 3456 3609 3532">
    <p class='ocr_par' dir='ltr' id='par_1_76' title="bbox 2036 3456 3609 3532">
     <span class='ocr_line' id='line_1_76' title="bbox 2036 3456 3609 3532; baseline 0.008 -25"><span class='ocrx_word' id='word_1_465' title='bbox 2036 3470 2194 3519; x_wconf 86' lang='lat' dir='ltr'><strong>nere,</strong></span> <span class='ocrx_word' id='word_1_466' title='bbox 2220 3471 2382 3525; x_wconf 87' lang='lat' dir='ltr'><strong>quam</strong></span> <span class='ocrx_word' id='word_1_467' title='bbox 2411 3456 2643 3521; x_wconf 85' lang='lat' dir='ltr'><strong>discere,</strong></span> <span class='ocrx_word' id='word_1_468' title='bbox 2678 3471 2746 3511; x_wconf 80' lang='lat' dir='ltr'><strong>ex</strong></span> <span class='ocrx_word' id='word_1_469' title='bbox 2775 3458 3076 3514; x_wconf 81' lang='lat' dir='ltr'><strong>abundanti</strong></span> <span class='ocrx_word' id='word_1_470' title='bbox 3125 3460 3261 3515; x_wconf 85' lang='lat' dir='ltr'><strong>dicit</strong></span> <span class='ocrx_word' id='word_1_471' title='bbox 3302 3462 3423 3532; x_wconf 87' lang='lat' dir='ltr'><strong>plus</strong></span> <span class='ocrx_word' id='word_1_472' title='bbox 3450 3478 3609 3531; x_wconf 77' lang='lat' dir='ltr'><strong>esse;</strong></span> 
     </span>
    </p>
   </div>
   <div class='ocr_carea' id='block_1_77' title="bbox 2037 3545 3131 3619">
    <p class='ocr_par' dir='ltr' id='par_1_77' title="bbox 2037 3545 3131 3619">
     <span class='ocr_line' id='line_1_77' title="bbox 2037 3545 3131 3619; baseline 0.006 -21"><span class='ocrx_word' id='word_1_473' title='bbox 2037 3554 2100 3600; x_wconf 90' lang='lat' dir='ltr'><strong>ut</strong></span> <span class='ocrx_word' id='word_1_474' title='bbox 2128 3545 2184 3599; x_wconf 90' lang='lat' dir='ltr'><strong>id</strong></span> <span class='ocrx_word' id='word_1_475' title='bbox 2215 3546 2362 3615; x_wconf 88' lang='lat' dir='ltr'><strong>quod</strong></span> <span class='ocrx_word' id='word_1_476' title='bbox 2387 3556 2475 3601; x_wconf 87' lang='lat' dir='ltr'><strong>est</strong></span> <span class='ocrx_word' id='word_1_477' title='bbox 2500 3549 2714 3617; x_wconf 65' lang='lat' dir='ltr'><strong>mquale</strong></span> <span class='ocrx_word' id='word_1_478' title='bbox 2742 3561 3131 3619; x_wconf 76' lang='lat' dir='ltr'><strong>consequatur.</strong></span> 
     </span>
    </p>
   </div>
   <div class='ocr_carea' id='block_1_78' title="bbox 2108 3635 3612 3713">
    <p class='ocr_par' dir='ltr' id='par_1_78' title="bbox 2108 3635 3612 3713">
     <span class='ocr_line' id='line_1_78' title="bbox 2108 3635 3612 3713; baseline 0.009 -24"><span class='ocrx_word' id='word_1_479' title='bbox 2108 3635 2171 3690; x_wconf 81' lang='grc' dir='ltr'><strong>ιη</strong></span> <span class='ocrx_word' id='word_1_480' title='bbox 2199 3637 2535 3706; x_wconf 76' lang='lat' dir='ltr'><strong>phatttastt&#39;ca</strong></span> <span class='ocrx_word' id='word_1_481' title='bbox 2573 3640 2705 3692; x_wconf 80' lang='lat' dir='ltr'><strong>vita.</strong></span> <span class='ocrx_word' id='word_1_482' title='bbox 2736 3638 2793 3694; x_wconf 92' lang='lat' dir='ltr'><strong>ln</strong></span> <span class='ocrx_word' id='word_1_483' title='bbox 2819 3641 3146 3710; x_wconf 87' lang='lat' dir='ltr'><strong>quibusdam</strong></span> <span class='ocrx_word' id='word_1_484' title='bbox 3176 3643 3612 3713; x_wconf 65' lang='lat' dir='ltr'><strong>librisjscriptum</strong></span> 
     </span>
    </p>
   </div>
   <div class='ocr_carea' id='block_1_79' title="bbox 2036 3724 3611 3804">
    <p class='ocr_par' dir='ltr' id='par_1_79' title="bbox 2036 3724 3611 3804">
     <span class='ocr_line' id='line_1_79' title="bbox 2036 3724 3611 3804; baseline 0.006 -22"><span class='ocrx_word' id='word_1_485' title='bbox 2036 3724 2123 3782; x_wconf 68' lang='lat' dir='ltr'><strong>est</strong></span> <span class='ocrx_word' id='word_1_486' title='bbox 2149 3725 2316 3796; x_wconf 82' lang='grc' dir='ltr'>ζωὴν,</span> <span class='ocrx_word' id='word_1_487' title='bbox 2344 3730 2551 3792; x_wconf 81' lang='lat' dir='ltr'><strong>vitam;</strong></span> <span class='ocrx_word' id='word_1_488' title='bbox 2584 3732 2640 3784; x_wconf 89' lang='lat' dir='ltr'><strong>in</strong></span> <span class='ocrx_word' id='word_1_489' title='bbox 2662 3730 2786 3785; x_wconf 86' lang='lat' dir='ltr'><strong>aliis</strong></span> <span class='ocrx_word' id='word_1_490' title='bbox 2817 3732 2986 3802; x_wconf 81' lang='grc' dir='ltr'>ζωῆς.</span> <span class='ocrx_word' id='word_1_491' title='bbox 3005 3734 3153 3789; x_wconf 66' lang='lat' dir='ltr'><strong>vitae.</strong></span> <span class='ocrx_word' id='word_1_492' title='bbox 3179 3734 3439 3804; x_wconf 91' lang='lat' dir='ltr'><strong>Oportuit</strong></span> <span class='ocrx_word' id='word_1_493' title='bbox 3462 3740 3611 3792; x_wconf 85' lang='lat' dir='ltr'><strong>enim</strong></span> 
     </span>
    </p>
   </div>
   <div class='ocr_carea' id='block_1_80' title="bbox 2038 3821 3611 3894">
    <p class='ocr_par' dir='ltr' id='par_1_80' title="bbox 2038 3821 3611 3894">
     <span class='ocr_line' id='line_1_80' title="bbox 2038 3821 3611 3894; baseline 0.008 -21"><span class='ocrx_word' id='word_1_494' title='bbox 2038 3828 2338 3890; x_wconf 89' lang='lat' dir='ltr'><strong>utrumque</strong></span> <span class='ocrx_word' id='word_1_495' title='bbox 2369 3821 2655 3889; x_wconf 87' lang='lat' dir='ltr'><strong>collocari,</strong></span> <span class='ocrx_word' id='word_1_496' title='bbox 2683 3824 2779 3878; x_wconf 88' lang='lat' dir='ltr'><strong>sed</strong></span> <span class='ocrx_word' id='word_1_497' title='bbox 2804 3834 3032 3894; x_wconf 88' lang='lat' dir='ltr'><strong>propter</strong></span> <span class='ocrx_word' id='word_1_498' title='bbox 3060 3826 3407 3884; x_wconf 89' lang='lat' dir='ltr'><strong>insolentiam</strong></span> <span class='ocrx_word' id='word_1_499' title='bbox 3438 3847 3611 3886; x_wconf 88' lang='lat' dir='ltr'><strong>unum</strong></span> 
     </span>
    </p>
   </div>
   <div class='ocr_carea' id='block_1_81' title="bbox 2035 3911 3611 3987">
    <p class='ocr_par' dir='ltr' id='par_1_81' title="bbox 2035 3911 3611 3987">
     <span class='ocr_line' id='line_1_81' title="bbox 2035 3911 3611 3987; baseline 0.008 -21"><span class='ocrx_word' id='word_1_500' title='bbox 2035 3911 2302 3967; x_wconf 87' lang='lat' dir='ltr'><strong>subtieuit</strong></span> <span class='ocrx_word' id='word_1_501' title='bbox 2344 3926 2361 3966; x_wconf 90' lang='lat'><strong>:</strong></span> <span class='ocrx_word' id='word_1_502' title='bbox 2404 3926 2597 3967; x_wconf 79' lang='lat' dir='ltr'><strong>verum</strong></span> <span class='ocrx_word' id='word_1_503' title='bbox 2646 3915 2876 3983; x_wconf 89' lang='lat' dir='ltr'><strong>ponitur</strong></span> <span class='ocrx_word' id='word_1_504' title='bbox 2909 3918 3146 3973; x_wconf 84' lang='lat' dir='ltr'><strong>alterum</strong></span> <span class='ocrx_word' id='word_1_505' title='bbox 3190 3936 3259 3975; x_wconf 78' lang='lat' dir='ltr'><strong>ex</strong></span> <span class='ocrx_word' id='word_1_506' title='bbox 3304 3922 3611 3987; x_wconf 86' lang='lat' dir='ltr'><strong>ambobus,</strong></span> 
     </span>
    </p>
   </div>
   <div class='ocr_carea' id='block_1_82' title="bbox 2035 4005 3608 4076">
    <p class='ocr_par' dir='ltr' id='par_1_82' title="bbox 2035 4005 3608 4076">
     <span class='ocr_line' id='line_1_82' title="bbox 2035 4005 3608 4076; baseline 0.008 -18"><span class='ocrx_word' id='word_1_507' title='bbox 2035 4005 2198 4074; x_wconf 86' lang='lat' dir='ltr'><strong>quale</strong></span> <span class='ocrx_word' id='word_1_508' title='bbox 2222 4005 2346 4076; x_wconf 87' lang='lat' dir='ltr'><strong>quis</strong></span> <span class='ocrx_word' id='word_1_509' title='bbox 2368 4005 2607 4060; x_wconf 89' lang='lat' dir='ltr'><strong>voluerit</strong></span> <span class='ocrx_word' id='word_1_510' title='bbox 2629 4024 2645 4062; x_wconf 92' lang='lat'><strong>:</strong></span> <span class='ocrx_word' id='word_1_511' title='bbox 2666 4008 2837 4062; x_wconf 83' lang='lat' dir='ltr'><strong>sumit</strong></span> <span class='ocrx_word' id='word_1_512' title='bbox 2855 4019 3039 4064; x_wconf 91' lang='lat' dir='ltr'><strong>autem</strong></span> <span class='ocrx_word' id='word_1_513' title='bbox 3070 4011 3413 4069; x_wconf 75' lang='lat' dir='ltr'><strong>extrinsecus</strong></span> <span class='ocrx_word' id='word_1_514' title='bbox 3443 4016 3608 4071; x_wconf 87' lang='lat' dir='ltr'><strong>etiam</strong></span> 
     </span>
    </p>
   </div>
   <div class='ocr_carea' id='block_1_83' title="bbox 2035 4096 2570 4152">
    <p class='ocr_par' dir='ltr' id='par_1_83' title="bbox 2035 4096 2570 4152">
     <span class='ocr_line' id='line_1_83' title="bbox 2035 4096 2570 4152; baseline 0.004 -2"><span class='ocrx_word' id='word_1_515' title='bbox 2035 4096 2267 4150; x_wconf 88' lang='lat' dir='ltr'><strong>alterum</strong></span> <span class='ocrx_word' id='word_1_516' title='bbox 2301 4096 2570 4152; x_wconf 81' lang='lat' dir='ltr'><strong>defective</strong></span> 
     </span>
    </p>
   </div>
   <div class='ocr_carea' id='block_1_84' title="bbox 2104 4189 3602 4266">
    <p class='ocr_par' dir='ltr' id='par_1_84' title="bbox 2104 4189 3602 4266">
     <span class='ocr_line' id='line_1_84' title="bbox 2104 4189 3602 4266; baseline 0.009 -27"><span class='ocrx_word' id='word_1_517' title='bbox 2104 4189 2363 4243; x_wconf 76' lang='lat' dir='ltr'><strong>Adversus</strong></span> <span class='ocrx_word' id='word_1_518' title='bbox 2398 4204 2505 4244; x_wconf 82' lang='lat' dir='ltr'><strong>eos.</strong></span> <span class='ocrx_word' id='word_1_519' title='bbox 2537 4189 2638 4256; x_wconf 87' lang='lat' dir='ltr'><strong>Qui</strong></span> <span class='ocrx_word' id='word_1_520' title='bbox 2662 4205 2843 4260; x_wconf 90' lang='lat' dir='ltr'><strong>neque</strong></span> <span class='ocrx_word' id='word_1_521' title='bbox 2876 4191 3010 4262; x_wconf 88' lang='lat' dir='ltr'><strong>ipsis</strong></span> <span class='ocrx_word' id='word_1_522' title='bbox 3040 4190 3347 4250; x_wconf 82' lang='lat' dir='ltr'><strong>minoribus</strong></span> <span class='ocrx_word' id='word_1_523' title='bbox 3374 4197 3602 4266; x_wconf 59' lang='lat' dir='ltr'><strong>praecla-</strong></span> 
     </span>
    </p>
   </div>
   <div class='ocr_carea' id='block_1_85' title="bbox 2033 4281 2832 4352">
    <p class='ocr_par' dir='ltr' id='par_1_85' title="bbox 2033 4281 2832 4352">
     <span class='ocr_line' id='line_1_85' title="bbox 2033 4281 2832 4352; baseline 0.009 -19"><span class='ocrx_word' id='word_1_524' title='bbox 2033 4283 2112 4336; x_wconf 89' lang='lat' dir='ltr'><strong>ris</strong></span> <span class='ocrx_word' id='word_1_525' title='bbox 2144 4281 2310 4336; x_wconf 86' lang='lat' dir='ltr'><strong>rebus</strong></span> <span class='ocrx_word' id='word_1_526' title='bbox 2335 4281 2483 4352; x_wconf 77' lang='lat' dir='ltr'><strong>digni</strong></span> <span class='ocrx_word' id='word_1_527' title='bbox 2514 4294 2832 4340; x_wconf 83' lang='lat' dir='ltr'><strong>censentur.</strong></span> 
     </span>
    </p>
   </div>
   <div class='ocr_carea' id='block_1_86' title="bbox 2104 4371 3605 4448">
    <p class='ocr_par' dir='ltr' id='par_1_86' title="bbox 2104 4371 3605 4448">
     <span class='ocr_line' id='line_1_86' title="bbox 2104 4371 3605 4448; baseline 0.005 -21"><span class='ocrx_word' id='word_1_528' title='bbox 2104 4371 2162 4427; x_wconf 89' lang='lat' dir='ltr'><strong>Si</strong></span> <span class='ocrx_word' id='word_1_529' title='bbox 2187 4374 2265 4427; x_wconf 84' lang='lat' dir='ltr'><strong>ita</strong></span> <span class='ocrx_word' id='word_1_530' title='bbox 2286 4374 2605 4443; x_wconf 81' lang='lat' dir='ltr'><strong>intelligant.</strong></span> <span class='ocrx_word' id='word_1_531' title='bbox 2634 4375 2713 4429; x_wconf 89' lang='lat' dir='ltr'><strong>llli</strong></span> <span class='ocrx_word' id='word_1_532' title='bbox 2744 4376 2846 4447; x_wconf 88' lang='lat' dir='ltr'><strong>ipsi</strong></span> <span class='ocrx_word' id='word_1_533' title='bbox 2868 4377 2964 4447; x_wconf 89' lang='lat' dir='ltr'><strong>qui</strong></span> <span class='ocrx_word' id='word_1_534' title='bbox 2986 4377 3245 4448; x_wconf 87' lang='lat' dir='ltr'><strong>opinione</strong></span> <span class='ocrx_word' id='word_1_535' title='bbox 3276 4389 3436 4436; x_wconf 88' lang='lat' dir='ltr'><strong>tenus</strong></span> <span class='ocrx_word' id='word_1_536' title='bbox 3475 4393 3605 4437; x_wconf 89' lang='lat' dir='ltr'><strong>sunt</strong></span> 
     </span>
    </p>
   </div>
   <div class='ocr_carea' id='block_1_87' title="bbox 2037 4466 3379 4536">
    <p class='ocr_par' dir='ltr' id='par_1_87' title="bbox 2037 4466 3379 4536">
     <span class='ocr_line' id='line_1_87' title="bbox 2037 4466 3379 4536; baseline 0.003 -16"><span class='ocrx_word' id='word_1_537' title='bbox 2037 4466 2331 4536; x_wconf 87' lang='lat' dir='ltr'><strong>sapientes.</strong></span> <span class='ocrx_word' id='word_1_538' title='bbox 3370 4466 3379 4473; x_wconf 87' lang='grc'><em>’</em></span> 
     </span>
    </p>
   </div>
   <div class='ocr_carea' id='block_1_88' title="bbox 365 4557 3611 4638">
    <p class='ocr_par' dir='ltr' id='par_1_88' title="bbox 365 4557 3611 4638">
     <span class='ocr_line' id='line_1_88' title="bbox 365 4557 3611 4638; baseline 0.001 -21"><span class='ocrx_word' id='word_1_539' title='bbox 365 4563 509 4634; x_wconf 89' lang='lat' dir='ltr'><strong>quit,</strong></span> <span class='ocrx_word' id='word_1_540' title='bbox 564 4579 593 4616; x_wconf 91' lang='lat' dir='ltr'><strong>a</strong></span> <span class='ocrx_word' id='word_1_541' title='bbox 636 4563 747 4616; x_wconf 87' lang='lat' dir='ltr'><strong>Deo</strong></span> <span class='ocrx_word' id='word_1_542' title='bbox 786 4561 912 4616; x_wconf 87' lang='lat' dir='ltr'><strong>data</strong></span> <span class='ocrx_word' id='word_1_543' title='bbox 943 4571 1150 4625; x_wconf 90' lang='lat' dir='ltr'><strong>essent,</strong></span> <span class='ocrx_word' id='word_1_544' title='bbox 1190 4561 1544 4616; x_wconf 88' lang='lat' dir='ltr'><strong>mitterentur</strong></span> <span class='ocrx_word' id='word_1_545' title='bbox 1573 4562 1834 4615; x_wconf 82' lang='lat' dir='ltr'><strong>duntaxat</strong></span> <span class='ocrx_word' id='word_1_546' title='bbox 1865 4562 1929 4614; x_wconf 87' lang='lat' dir='ltr'><strong>ad</strong></span> <span class='ocrx_word' id='word_1_547' title='bbox 1963 4577 2011 4633; x_wconf 79' lang='grc' dir='ltr'>ο</span> <span class='ocrx_word' id='word_1_548' title='bbox 2107 4557 2237 4623; x_wconf 65' lang='lat' dir='ltr'><strong>Quae</strong></span> <span class='ocrx_word' id='word_1_549' title='bbox 2266 4561 2557 4629; x_wconf 72' lang='lat' dir='ltr'><strong>repudiata:</strong></span> <span class='ocrx_word' id='word_1_550' title='bbox 2583 4570 2706 4614; x_wconf 78' lang='lat' dir='ltr'><strong>sunt</strong></span> <span class='ocrx_word' id='word_1_551' title='bbox 2731 4562 2795 4615; x_wconf 85' lang='lat' dir='ltr'><strong>ab</strong></span> <span class='ocrx_word' id='word_1_552' title='bbox 2822 4562 3071 4619; x_wconf 79' lang='lat' dir='ltr'><strong>oraculis.</strong></span> <span class='ocrx_word' id='word_1_553' title='bbox 3104 4562 3298 4620; x_wconf 87' lang='lat' dir='ltr'><strong>Divina</strong></span> <span class='ocrx_word' id='word_1_554' title='bbox 3329 4563 3611 4638; x_wconf 67' lang='lat' dir='ltr'><strong>Egyptio-</strong></span> 
     </span>
    </p>
   </div>
   <div class='ocr_carea' id='block_1_89' title="bbox 362 4651 1937 4723">
    <p class='ocr_par' dir='ltr' id='par_1_89' title="bbox 362 4651 1937 4723">
     <span class='ocr_line' id='line_1_89' title="bbox 362 4651 1937 4723; baseline -0.004 -12"><span class='ocrx_word' id='word_1_555' title='bbox 362 4670 463 4711; x_wconf 85' lang='lat' dir='ltr'><strong>cos</strong></span> <span class='ocrx_word' id='word_1_556' title='bbox 501 4655 593 4723; x_wconf 82' lang='lat' dir='ltr'><strong>qui</strong></span> <span class='ocrx_word' id='word_1_557' title='bbox 642 4668 765 4707; x_wconf 91' lang='lat' dir='ltr'><strong>cum</strong></span> <span class='ocrx_word' id='word_1_558' title='bbox 796 4653 999 4705; x_wconf 87' lang='lat' dir='ltr'><strong>virtute</strong></span> <span class='ocrx_word' id='word_1_559' title='bbox 1030 4660 1085 4705; x_wconf 91' lang='lat' dir='ltr'><strong>et</strong></span> <span class='ocrx_word' id='word_1_560' title='bbox 1135 4651 1259 4705; x_wconf 78' lang='lat' dir='ltr'><strong>vitae</strong></span> <span class='ocrx_word' id='word_1_561' title='bbox 1301 4651 1613 4721; x_wconf 81' lang='lat' dir='ltr'><strong>integritate</strong></span> <span class='ocrx_word' id='word_1_562' title='bbox 1664 4667 1937 4707; x_wconf 84' lang='lat' dir='ltr'><strong>commer-</strong></span> 
     </span>
    </p>
   </div>
   <div class='ocr_carea' id='block_1_90' title="bbox 365 4740 1937 4811">
    <p class='ocr_par' dir='ltr' id='par_1_90' title="bbox 365 4740 1937 4811">
     <span class='ocr_line' id='line_1_90' title="bbox 365 4740 1937 4811; baseline -0.003 -12"><span class='ocrx_word' id='word_1_563' title='bbox 365 4745 512 4799; x_wconf 88' lang='lat' dir='ltr'><strong>cium</strong></span> <span class='ocrx_word' id='word_1_564' title='bbox 542 4743 766 4805; x_wconf 82' lang='lat' dir='ltr'><strong>habent,</strong></span> <span class='ocrx_word' id='word_1_565' title='bbox 803 4753 859 4797; x_wconf 87' lang='lat' dir='ltr'><strong>et</strong></span> <span class='ocrx_word' id='word_1_566' title='bbox 904 4741 1049 4796; x_wconf 88' lang='lat' dir='ltr'><strong>circa</strong></span> <span class='ocrx_word' id='word_1_567' title='bbox 1094 4755 1184 4794; x_wconf 91' lang='lat' dir='ltr'><strong>res</strong></span> <span class='ocrx_word' id='word_1_568' title='bbox 1222 4740 1436 4797; x_wconf 81' lang='lat' dir='ltr'><strong>divinas</strong></span> <span class='ocrx_word' id='word_1_569' title='bbox 1469 4752 1832 4811; x_wconf 83' lang='lat' dir='ltr'><strong>occupantur.</strong></span> <span class='ocrx_word' id='word_1_570' title='bbox 1866 4742 1937 4795; x_wconf 87' lang='lat' dir='ltr'><strong>At</strong></span> 
     </span>
    </p>
   </div>
   <div class='ocr_carea' id='block_1_91' title="bbox 366 4832 1939 4905">
    <p class='ocr_par' dir='ltr' id='par_1_91' title="bbox 366 4832 1939 4905">
     <span class='ocr_line' id='line_1_91' title="bbox 366 4832 1939 4905; baseline -0.003 -14"><span class='ocrx_word' id='word_1_571' title='bbox 366 4851 515 4891; x_wconf 88' lang='lat' dir='ltr'><strong>nunc</strong></span> <span class='ocrx_word' id='word_1_572' title='bbox 542 4834 806 4905; x_wconf 84' lang='lat' dir='ltr'><strong>quosdam</strong></span> <span class='ocrx_word' id='word_1_573' title='bbox 832 4833 1086 4887; x_wconf 85' lang='lat' dir='ltr'><strong>videmus</strong></span> <span class='ocrx_word' id='word_1_574' title='bbox 1109 4832 1449 4887; x_wconf 83' lang='lat' dir='ltr'><strong>facinorosos</strong></span> <span class='ocrx_word' id='word_1_575' title='bbox 1473 4834 1724 4888; x_wconf 87' lang='lat' dir='ltr'><strong>homines</strong></span> <span class='ocrx_word' id='word_1_576' title='bbox 1753 4844 1810 4888; x_wconf 91' lang='lat' dir='ltr'><strong>et</strong></span> <span class='ocrx_word' id='word_1_577' title='bbox 1836 4833 1939 4887; x_wconf 86' lang='lat' dir='ltr'><strong>im-</strong></span> 
     </span>
    </p>
   </div>
   <div class='ocr_carea' id='block_1_92' title="bbox 364 4924 1935 4998">
    <p class='ocr_par' dir='ltr' id='par_1_92' title="bbox 364 4924 1935 4998">
     <span class='ocr_line' id='line_1_92' title="bbox 364 4924 1935 4998; baseline -0.003 -15"><span class='ocrx_word' id='word_1_578' title='bbox 364 4928 596 4998; x_wconf 86' lang='lat' dir='ltr'><strong>peritos,</strong></span> <span class='ocrx_word' id='word_1_579' title='bbox 627 4942 729 4981; x_wconf 89' lang='lat' dir='ltr'><strong>nec</strong></span> <span class='ocrx_word' id='word_1_580' title='bbox 756 4926 1003 4980; x_wconf 88' lang='lat' dir='ltr'><strong>doctrina</strong></span> <span class='ocrx_word' id='word_1_581' title='bbox 1029 4940 1130 4979; x_wconf 90' lang='lat' dir='ltr'><strong>nec</strong></span> <span class='ocrx_word' id='word_1_582' title='bbox 1152 4924 1352 4979; x_wconf 84' lang='lat' dir='ltr'><strong>virtute</strong></span> <span class='ocrx_word' id='word_1_583' title='bbox 1379 4926 1638 4994; x_wconf 61' lang='lat' dir='ltr'><strong>praeditos</strong></span> <span class='ocrx_word' id='word_1_584' title='bbox 1663 4925 1935 4981; x_wconf 82' lang='lat' dir='ltr'><strong>insomnia</strong></span> 
     </span>
    </p>
   </div>
   <div class='ocr_carea' id='block_1_93' title="bbox 363 5016 1934 5087">
    <p class='ocr_par' dir='ltr' id='par_1_93' title="bbox 363 5016 1934 5087">
     <span class='ocr_line' id='line_1_93' title="bbox 363 5016 1934 5087; baseline -0.003 -13"><span class='ocrx_word' id='word_1_585' title='bbox 363 5020 579 5074; x_wconf 80' lang='lat' dir='ltr'><strong>videre.</strong></span> <span class='ocrx_word' id='word_1_586' title='bbox 608 5016 892 5087; x_wconf 81' lang='lat' dir='ltr'><strong>Contingit</strong></span> <span class='ocrx_word' id='word_1_587' title='bbox 922 5016 1071 5070; x_wconf 89' lang='lat' dir='ltr'><strong>enim</strong></span> <span class='ocrx_word' id='word_1_588' title='bbox 1108 5023 1168 5069; x_wconf 93' lang='lat' dir='ltr'><strong>ut</strong></span> <span class='ocrx_word' id='word_1_589' title='bbox 1204 5016 1342 5071; x_wconf 90' lang='lat' dir='ltr'><strong>tales</strong></span> <span class='ocrx_word' id='word_1_590' title='bbox 1372 5016 1519 5070; x_wconf 87' lang='lat' dir='ltr'><strong>inter</strong></span> <span class='ocrx_word' id='word_1_591' title='bbox 1548 5016 1934 5069; x_wconf 81' lang='lat' dir='ltr'><strong>somniandum</strong></span> 
     </span>
    </p>
   </div>
   <div class='ocr_carea' id='block_1_94' title="bbox 366 5100 1937 5181">
    <p class='ocr_par' dir='ltr' id='par_1_94' title="bbox 366 5100 1937 5181">
     <span class='ocr_line' id='line_1_94' title="bbox 366 5100 1937 5181; baseline -0.001 -17"><span class='ocrx_word' id='word_1_592' title='bbox 366 5100 617 5181; x_wconf 90' lang='lat' dir='ltr'><strong>probatis</strong></span> <span class='ocrx_word' id='word_1_593' title='bbox 648 5110 777 5164; x_wconf 90' lang='lat' dir='ltr'><strong>viris</strong></span> <span class='ocrx_word' id='word_1_594' title='bbox 811 5110 922 5164; x_wconf 90' lang='lat' dir='ltr'><strong>sint</strong></span> <span class='ocrx_word' id='word_1_595' title='bbox 950 5108 1222 5163; x_wconf 88' lang='lat' dir='ltr'><strong>feliciores</strong></span> <span class='ocrx_word' id='word_1_596' title='bbox 1252 5107 1323 5161; x_wconf 91' lang='lat' dir='ltr'><strong>oh</strong></span> <span class='ocrx_word' id='word_1_597' title='bbox 1346 5122 1664 5178; x_wconf 87' lang='lat' dir='ltr'><strong>prosperam</strong></span> <span class='ocrx_word' id='word_1_598' title='bbox 1688 5108 1937 5177; x_wconf 82' lang='lat' dir='ltr'><strong>corporis</strong></span> 
     </span>
    </p>
   </div>
   <div class='ocr_carea' id='block_1_95' title="bbox 366 5198 1939 5270">
    <p class='ocr_par' dir='ltr' id='par_1_95' title="bbox 366 5198 1939 5270">
     <span class='ocr_line' id='line_1_95' title="bbox 366 5198 1939 5270; baseline -0.003 -15"><span class='ocrx_word' id='word_1_599' title='bbox 366 5200 740 5256; x_wconf 78' lang='lat' dir='ltr'><strong>valetudinem</strong></span> <span class='ocrx_word' id='word_1_600' title='bbox 787 5209 842 5255; x_wconf 88' lang='lat' dir='ltr'><strong>et</strong></span> <span class='ocrx_word' id='word_1_601' title='bbox 878 5200 1227 5270; x_wconf 85' lang='lat' dir='ltr'><strong>temperiem.</strong></span> <span class='ocrx_word' id='word_1_602' title='bbox 1265 5198 1343 5252; x_wconf 94' lang='lat' dir='ltr'><strong>Illi</strong></span> <span class='ocrx_word' id='word_1_603' title='bbox 1379 5198 1581 5268; x_wconf 88' lang='lat' dir='ltr'><strong>quippe</strong></span> <span class='ocrx_word' id='word_1_604' title='bbox 1611 5198 1810 5252; x_wconf 85' lang='lat' dir='ltr'><strong>crebro</strong></span> <span class='ocrx_word' id='word_1_605' title='bbox 1839 5198 1939 5251; x_wconf 90' lang='lat' dir='ltr'><strong>mi-</strong></span> 
     </span>
    </p>
   </div>
   <div class='ocr_carea' id='block_1_96' title="bbox 368 5292 1940 5356">
    <p class='ocr_par' dir='ltr' id='par_1_96' title="bbox 368 5292 1940 5356">
     <span class='ocr_line' id='line_1_96' title="bbox 368 5292 1940 5356; baseline -0.003 -7"><span class='ocrx_word' id='word_1_606' title='bbox 368 5294 518 5349; x_wconf 88' lang='lat' dir='ltr'><strong>nime</strong></span> <span class='ocrx_word' id='word_1_607' title='bbox 544 5292 771 5347; x_wconf 87' lang='lat' dir='ltr'><strong>confusa</strong></span> <span class='ocrx_word' id='word_1_608' title='bbox 810 5308 995 5346; x_wconf 90' lang='lat' dir='ltr'><strong>rerum</strong></span> <span class='ocrx_word' id='word_1_609' title='bbox 1039 5293 1456 5346; x_wconf 83' lang='lat' dir='ltr'><strong>observatarum</strong></span> <span class='ocrx_word' id='word_1_610' title='bbox 1494 5301 1709 5356; x_wconf 90' lang='lat' dir='ltr'><strong>spectra</strong></span> <span class='ocrx_word' id='word_1_611' title='bbox 1755 5300 1940 5345; x_wconf 86' lang='lat' dir='ltr'><strong>custo-</strong></span> 
     </span>
    </p>
   </div>
   <div class='ocr_carea' id='block_1_97' title="bbox 365 5382 1935 5453">
    <p class='ocr_par' dir='ltr' id='par_1_97' title="bbox 365 5382 1935 5453">
     <span class='ocr_line' id='line_1_97' title="bbox 365 5382 1935 5453; baseline -0.004 -13"><span class='ocrx_word' id='word_1_612' title='bbox 365 5386 549 5450; x_wconf 91' lang='lat' dir='ltr'><strong>diunt,</strong></span> <span class='ocrx_word' id='word_1_613' title='bbox 579 5394 634 5439; x_wconf 91' lang='lat' dir='ltr'><strong>et</strong></span> <span class='ocrx_word' id='word_1_614' title='bbox 660 5383 964 5453; x_wconf 62' lang='lat' dir='ltr'><strong>phantasia:</strong></span> <span class='ocrx_word' id='word_1_615' title='bbox 988 5382 1306 5449; x_wconf 85' lang='lat' dir='ltr'><strong>simulacra,</strong></span> <span class='ocrx_word' id='word_1_616' title='bbox 1343 5383 1635 5450; x_wconf 89' lang='lat' dir='ltr'><strong>evenitque</strong></span> <span class='ocrx_word' id='word_1_617' title='bbox 1668 5390 1935 5435; x_wconf 88' lang='lat' dir='ltr'><strong>uteorum</strong></span> 
     </span>
    </p>
   </div>
   <div class='ocr_carea' id='block_1_98' title="bbox 366 5472 1940 5543">
    <p class='ocr_par' dir='ltr' id='par_1_98' title="bbox 366 5472 1940 5543">
     <span class='ocr_line' id='line_1_98' title="bbox 366 5472 1940 5543; baseline -0.004 -12"><span class='ocrx_word' id='word_1_618' title='bbox 366 5477 630 5532; x_wconf 89' lang='lat' dir='ltr'><strong>nonnulla</strong></span> <span class='ocrx_word' id='word_1_619' title='bbox 651 5476 793 5529; x_wconf 85' lang='lat' dir='ltr'><strong>seria</strong></span> <span class='ocrx_word' id='word_1_620' title='bbox 810 5490 1047 5543; x_wconf 84' lang='lat' dir='ltr'><strong>veraque</strong></span> <span class='ocrx_word' id='word_1_621' title='bbox 1070 5475 1200 5527; x_wconf 86' lang='lat' dir='ltr'><strong>sint.</strong></span> <span class='ocrx_word' id='word_1_622' title='bbox 1225 5472 1459 5527; x_wconf 88' lang='lat' dir='ltr'><strong>Proinde</strong></span> <span class='ocrx_word' id='word_1_623' title='bbox 1481 5480 1642 5541; x_wconf 80' lang='lat' dir='ltr'><strong>negat</strong></span> <span class='ocrx_word' id='word_1_624' title='bbox 1664 5472 1940 5525; x_wconf 84' lang='lat' dir='ltr'><strong>Aristote-</strong></span> 
     </span>
    </p>
   </div>
   <div class='ocr_carea' id='block_1_99' title="bbox 367 5563 1939 5633">
    <p class='ocr_par' dir='ltr' id='par_1_99' title="bbox 367 5563 1939 5633">
     <span class='ocr_line' id='line_1_99' title="bbox 367 5563 1939 5633; baseline -0.005 -10"><span class='ocrx_word' id='word_1_625' title='bbox 367 5569 451 5623; x_wconf 89' lang='lat' dir='ltr'><strong>les</strong></span> <span class='ocrx_word' id='word_1_626' title='bbox 476 5577 531 5623; x_wconf 89' lang='lat' dir='ltr'><strong>ct</strong></span> <span class='ocrx_word' id='word_1_627' title='bbox 558 5567 870 5631; x_wconf 84' lang='lat' dir='ltr'><strong>complures</strong></span> <span class='ocrx_word' id='word_1_628' title='bbox 890 5567 979 5620; x_wconf 84' lang='lat' dir='ltr'><strong>alii</strong></span> <span class='ocrx_word' id='word_1_629' title='bbox 1002 5566 1214 5621; x_wconf 78' lang='lat' dir='ltr'><strong>externi</strong></span> <span class='ocrx_word' id='word_1_630' title='bbox 1237 5581 1300 5620; x_wconf 87' lang='lat' dir='ltr'><strong>ac</strong></span> <span class='ocrx_word' id='word_1_631' title='bbox 1324 5564 1611 5625; x_wconf 79' lang='lat' dir='ltr'><strong>saeculares</strong></span> <span class='ocrx_word' id='word_1_632' title='bbox 1633 5563 1939 5633; x_wconf 75' lang='lat' dir='ltr'><strong>philosophi</strong></span> 
     </span>
    </p>
   </div>
   <div class='ocr_carea' id='block_1_100' title="bbox 368 5642 1943 5731">
    <p class='ocr_par' dir='ltr' id='par_1_100' title="bbox 368 5642 1943 5731">
     <span class='ocr_line' id='line_1_100' title="bbox 368 5642 1943 5731; baseline -0.005 -16"><span class='ocrx_word' id='word_1_633' title='bbox 368 5678 397 5715; x_wconf 88' lang='lat' dir='ltr'><strong>a</strong></span> <span class='ocrx_word' id='word_1_634' title='bbox 430 5676 690 5731; x_wconf 84' lang='lat' dir='ltr'><strong>supremo</strong></span> <span class='ocrx_word' id='word_1_635' title='bbox 723 5642 947 5713; x_wconf 79' lang='lat' dir='ltr'><strong>numine</strong></span> <span class='ocrx_word' id='word_1_636' title='bbox 980 5660 1144 5712; x_wconf 82' lang='lat' dir='ltr'><strong>missa</strong></span> <span class='ocrx_word' id='word_1_637' title='bbox 1189 5672 1311 5711; x_wconf 88' lang='lat' dir='ltr'><strong>esse</strong></span> <span class='ocrx_word' id='word_1_638' title='bbox 1348 5654 1654 5719; x_wconf 86' lang='lat' dir='ltr'><strong>insomnia;</strong></span> <span class='ocrx_word' id='word_1_639' title='bbox 1683 5670 1807 5708; x_wconf 84' lang='lat' dir='ltr'><strong>esse</strong></span> <span class='ocrx_word' id='word_1_640' title='bbox 1841 5656 1943 5723; x_wconf 83' lang='lat' dir='ltr'><strong>igi-</strong></span> 
     </span>
    </p>
   </div>
   <div class='ocr_carea' id='block_1_101' title="bbox 369 5749 1938 5823">
    <p class='ocr_par' dir='ltr' id='par_1_101' title="bbox 369 5749 1938 5823">
     <span class='ocr_line' id='line_1_101' title="bbox 369 5749 1938 5823; baseline -0.006 -15"><span class='ocrx_word' id='word_1_641' title='bbox 369 5766 460 5808; x_wconf 89' lang='lat' dir='ltr'><strong>tur</strong></span> <span class='ocrx_word' id='word_1_642' title='bbox 508 5755 801 5823; x_wconf 86' lang='lat' dir='ltr'><strong>quamdam</strong></span> <span class='ocrx_word' id='word_1_643' title='bbox 854 5752 1140 5822; x_wconf 82' lang='lat' dir='ltr'><strong>geniorum</strong></span> <span class='ocrx_word' id='word_1_644' title='bbox 1200 5766 1265 5803; x_wconf 87' lang='lat' dir='ltr'><strong>ac</strong></span> <span class='ocrx_word' id='word_1_645' title='bbox 1316 5749 1625 5801; x_wconf 66' lang='lat' dir='ltr'><strong>daemonum</strong></span> <span class='ocrx_word' id='word_1_646' title='bbox 1685 5757 1938 5799; x_wconf 72' lang='lat' dir='ltr'><strong>naturam</strong></span> 
     </span>
    </p>
   </div>
   <div class='ocr_carea' id='block_1_102' title="bbox 371 5840 1941 5911">
    <p class='ocr_par' dir='ltr' id='par_1_102' title="bbox 371 5840 1941 5911">
     <span class='ocr_line' id='line_1_102' title="bbox 371 5840 1941 5911; baseline -0.006 -10"><span class='ocrx_word' id='word_1_647' title='bbox 371 5846 675 5901; x_wconf 88' lang='lat' dir='ltr'><strong>dominium</strong></span> <span class='ocrx_word' id='word_1_648' title='bbox 713 5846 1001 5901; x_wconf 81' lang='lat' dir='ltr'><strong>habentem</strong></span> <span class='ocrx_word' id='word_1_649' title='bbox 1034 5859 1222 5899; x_wconf 87' lang='lat' dir='ltr'><strong>eorum</strong></span> <span class='ocrx_word' id='word_1_650' title='bbox 1263 5858 1382 5911; x_wconf 76' lang='lat' dir='ltr'><strong>qua:</strong></span> <span class='ocrx_word' id='word_1_651' title='bbox 1422 5842 1474 5895; x_wconf 89' lang='lat' dir='ltr'><strong>in</strong></span> <span class='ocrx_word' id='word_1_652' title='bbox 1507 5840 1735 5894; x_wconf 84' lang='lat' dir='ltr'><strong>somniis</strong></span> <span class='ocrx_word' id='word_1_653' title='bbox 1773 5854 1941 5907; x_wconf 83' lang='lat' dir='ltr'><strong>appa-</strong></span> 
     </span>
    </p>
   </div>
   <div class='ocr_carea' id='block_1_103' title="bbox 2040 4650 3305 4719">
    <p class='ocr_par' dir='ltr' id='par_1_103' title="bbox 2040 4650 3305 4719">
     <span class='ocr_line' id='line_1_103' title="bbox 2040 4650 3305 4719; baseline 0.002 -16"><span class='ocrx_word' id='word_1_654' title='bbox 2040 4665 2162 4703; x_wconf 88' lang='lat' dir='ltr'><strong>rum</strong></span> <span class='ocrx_word' id='word_1_655' title='bbox 2187 4650 2500 4719; x_wconf 73' lang='lat' dir='ltr'><strong>prmscripta</strong></span> <span class='ocrx_word' id='word_1_656' title='bbox 2533 4652 2732 4705; x_wconf 88' lang='lat' dir='ltr'><strong>innuit.</strong></span> <span class='ocrx_word' id='word_1_657' title='bbox 3300 4700 3305 4705; x_wconf 83' lang='lat'><strong>.</strong></span> 
     </span>
    </p>
   </div>
   <div class='ocr_carea' id='block_1_104' title="bbox 2111 4740 3607 4807">
    <p class='ocr_par' dir='ltr' id='par_1_104' title="bbox 2111 4740 3607 4807">
     <span class='ocr_line' id='line_1_104' title="bbox 2111 4740 3607 4807; baseline 0.007 -13"><span class='ocrx_word' id='word_1_658' title='bbox 2111 4740 2307 4794; x_wconf 78' lang='lat' dir='ltr'><strong>&quot;ostiis</strong></span> <span class='ocrx_word' id='word_1_659' title='bbox 2338 4757 2462 4794; x_wconf 82' lang='lat' dir='ltr'><strong>non.</strong></span> <span class='ocrx_word' id='word_1_660' title='bbox 2495 4741 2650 4807; x_wconf 88' lang='lat' dir='ltr'><strong>Quod</strong></span> <span class='ocrx_word' id='word_1_661' title='bbox 2681 4742 2939 4797; x_wconf 88' lang='lat' dir='ltr'><strong>videlicet</strong></span> <span class='ocrx_word' id='word_1_662' title='bbox 2973 4748 3277 4801; x_wconf 67' lang='lat' dir='ltr'><strong>commoda:</strong></span> <span class='ocrx_word' id='word_1_663' title='bbox 3315 4761 3427 4802; x_wconf 91' lang='lat' dir='ltr'><strong>non</strong></span> <span class='ocrx_word' id='word_1_664' title='bbox 3472 4749 3607 4806; x_wconf 92' lang='lat' dir='ltr'><strong>sint.</strong></span> 
     </span>
    </p>
   </div>
   <div class='ocr_carea' id='block_1_105' title="bbox 2109 4832 2995 4890">
    <p class='ocr_par' dir='ltr' id='par_1_105' title="bbox 2109 4832 2995 4890">
     <span class='ocr_line' id='line_1_105' title="bbox 2109 4832 2995 4890; baseline 0.005 -4"><span class='ocrx_word' id='word_1_665' title='bbox 2109 4832 2354 4887; x_wconf 84' lang='lat' dir='ltr'><strong>Ludicra.</strong></span> <span class='ocrx_word' id='word_1_666' title='bbox 2388 4833 2528 4888; x_wconf 92' lang='lat' dir='ltr'><strong>Sunt</strong></span> <span class='ocrx_word' id='word_1_667' title='bbox 2552 4834 2699 4888; x_wconf 89' lang='lat' dir='ltr'><strong>enim</strong></span> <span class='ocrx_word' id='word_1_668' title='bbox 2734 4835 2995 4890; x_wconf 90' lang='lat' dir='ltr'><strong>ludibria.</strong></span> 
     </span>
    </p>
   </div>
   <div class='ocr_carea' id='block_1_106' title="bbox 2112 4923 3608 4989">
    <p class='ocr_par' dir='ltr' id='par_1_106' title="bbox 2112 4923 3608 4989">
     <span class='ocr_line' id='line_1_106' title="bbox 2112 4923 3608 4989; baseline 0.007 -13"><span class='ocrx_word' id='word_1_669' title='bbox 2112 4923 2215 4989; x_wconf 85' lang='lat' dir='ltr'><strong>Qui</strong></span> <span class='ocrx_word' id='word_1_670' title='bbox 2247 4926 2523 4978; x_wconf 78' lang='lat' dir='ltr'><strong>nimirum.</strong></span> <span class='ocrx_word' id='word_1_671' title='bbox 2550 4925 2655 4980; x_wconf 85' lang='lat' dir='ltr'><strong>Per</strong></span> <span class='ocrx_word' id='word_1_672' title='bbox 2676 4926 2931 4982; x_wconf 87' lang='lat' dir='ltr'><strong>victimas</strong></span> <span class='ocrx_word' id='word_1_673' title='bbox 2986 4937 3042 4983; x_wconf 87' lang='lat' dir='ltr'><strong>et</strong></span> <span class='ocrx_word' id='word_1_674' title='bbox 3067 4937 3190 4984; x_wconf 77' lang='lat' dir='ltr'><strong>exta</strong></span> <span class='ocrx_word' id='word_1_675' title='bbox 3220 4930 3608 4988; x_wconf 86' lang='lat' dir='ltr'><strong>vaticinantur.</strong></span> 
     </span>
    </p>
   </div>
   <div class='ocr_carea' id='block_1_107' title="bbox 2108 5017 3615 5091">
    <p class='ocr_par' dir='ltr' id='par_1_107' title="bbox 2108 5017 3615 5091">
     <span class='ocr_line' id='line_1_107' title="bbox 2108 5017 3615 5091; baseline 0.008 -23"><span class='ocrx_word' id='word_1_676' title='bbox 2108 5018 2261 5069; x_wconf 77' lang='lat' dir='ltr'><strong>Artes</strong></span> <span class='ocrx_word' id='word_1_677' title='bbox 2306 5017 2537 5084; x_wconf 74' lang='lat' dir='ltr'><strong>quidem.</strong></span> <span class='ocrx_word' id='word_1_678' title='bbox 2590 5017 2697 5071; x_wconf 85' lang='lat' dir='ltr'><strong>Eas</strong></span> <span class='ocrx_word' id='word_1_679' title='bbox 2732 5017 2887 5082; x_wconf 86' lang='lat' dir='ltr'><strong>dicit,</strong></span> <span class='ocrx_word' id='word_1_680' title='bbox 2924 5035 3061 5088; x_wconf 86' lang='lat' dir='ltr'><strong>quas</strong></span> <span class='ocrx_word' id='word_1_681' title='bbox 3097 5037 3382 5091; x_wconf 78' lang='lat' dir='ltr'><strong>magorum</strong></span> <span class='ocrx_word' id='word_1_682' title='bbox 3429 5025 3615 5080; x_wconf 85' lang='lat' dir='ltr'><strong>illece-</strong></span> 
     </span>
    </p>
   </div>
   <div class='ocr_carea' id='block_1_108' title="bbox 2040 5104 3613 5179">
    <p class='ocr_par' dir='ltr' id='par_1_108' title="bbox 2040 5104 3613 5179">
     <span class='ocr_line' id='line_1_108' title="bbox 2040 5104 3613 5179; baseline 0.008 -19"><span class='ocrx_word' id='word_1_683' title='bbox 2040 5104 2169 5161; x_wconf 80' lang='lat' dir='ltr'><strong>bras</strong></span> <span class='ocrx_word' id='word_1_684' title='bbox 2197 5123 2358 5175; x_wconf 87' lang='lat' dir='ltr'><strong>supra</strong></span> <span class='ocrx_word' id='word_1_685' title='bbox 2401 5108 2740 5176; x_wconf 82' lang='lat' dir='ltr'><strong>nuncupavit</strong></span> <span class='ocrx_word' id='word_1_686' title='bbox 2766 5149 2780 5173; x_wconf 93' lang='lat'><strong>,</strong></span> <span class='ocrx_word' id='word_1_687' title='bbox 2816 5125 3004 5179; x_wconf 81' lang='lat' dir='ltr'><strong>magos</strong></span> <span class='ocrx_word' id='word_1_688' title='bbox 3036 5112 3258 5179; x_wconf 90' lang='lat' dir='ltr'><strong>quidem</strong></span> <span class='ocrx_word' id='word_1_689' title='bbox 3287 5130 3488 5169; x_wconf 86' lang='lat' dir='ltr'><strong>vocans</strong></span> <span class='ocrx_word' id='word_1_690' title='bbox 3516 5132 3613 5172; x_wconf 79' lang='lat' dir='ltr'><strong>eos</strong></span> 
     </span>
    </p>
   </div>
   <div class='ocr_carea' id='block_1_109' title="bbox 2039 5200 3612 5273">
    <p class='ocr_par' dir='ltr' id='par_1_109' title="bbox 2039 5200 3612 5273">
     <span class='ocr_line' id='line_1_109' title="bbox 2039 5200 3612 5273; baseline 0.006 -21"><span class='ocrx_word' id='word_1_691' title='bbox 2039 5200 2133 5267; x_wconf 92' lang='lat' dir='ltr'><strong>qui</strong></span> <span class='ocrx_word' id='word_1_692' title='bbox 2182 5214 2291 5252; x_wconf 85' lang='lat' dir='ltr'><strong>non</strong></span> <span class='ocrx_word' id='word_1_693' title='bbox 2339 5210 2636 5268; x_wconf 79' lang='lat' dir='ltr'><strong>gravantur</strong></span> <span class='ocrx_word' id='word_1_694' title='bbox 2668 5216 2766 5253; x_wconf 86' lang='lat' dir='ltr'><strong>eos</strong></span> <span class='ocrx_word' id='word_1_695' title='bbox 2812 5200 2984 5254; x_wconf 90' lang='lat' dir='ltr'><strong>illices</strong></span> <span class='ocrx_word' id='word_1_696' title='bbox 3010 5200 3077 5254; x_wconf 91' lang='lat' dir='ltr'><strong>ad</strong></span> <span class='ocrx_word' id='word_1_697' title='bbox 3112 5218 3268 5256; x_wconf 91' lang='lat' dir='ltr'><strong>usum</strong></span> <span class='ocrx_word' id='word_1_698' title='bbox 3303 5205 3612 5273; x_wconf 88' lang='lat' dir='ltr'><strong>adhibere;</strong></span> 
     </span>
    </p>
   </div>
   <div class='ocr_carea' id='block_1_110' title="bbox 2042 5290 3613 5366">
    <p class='ocr_par' dir='ltr' id='par_1_110' title="bbox 2042 5290 3613 5366">
     <span class='ocr_line' id='line_1_110' title="bbox 2042 5290 3613 5366; baseline 0.005 -21"><span class='ocrx_word' id='word_1_699' title='bbox 2042 5291 2230 5360; x_wconf 76' lang='lat' dir='ltr'><strong>iyngas</strong></span> <span class='ocrx_word' id='word_1_700' title='bbox 2255 5306 2386 5345; x_wconf 85' lang='lat' dir='ltr'><strong>vero</strong></span> <span class='ocrx_word' id='word_1_701' title='bbox 2418 5290 2553 5344; x_wconf 90' lang='lat' dir='ltr'><strong>dicit</strong></span> <span class='ocrx_word' id='word_1_702' title='bbox 2584 5291 2764 5344; x_wconf 75' lang='lat' dir='ltr'><strong>varias</strong></span> <span class='ocrx_word' id='word_1_703' title='bbox 2792 5300 2848 5343; x_wconf 82' lang='lat' dir='ltr'><strong>ct</strong></span> <span class='ocrx_word' id='word_1_704' title='bbox 2874 5291 3117 5347; x_wconf 87' lang='lat' dir='ltr'><strong>diversas</strong></span> <span class='ocrx_word' id='word_1_705' title='bbox 3145 5305 3313 5359; x_wconf 88' lang='lat' dir='ltr'><strong>artes,</strong></span> <span class='ocrx_word' id='word_1_706' title='bbox 3349 5313 3613 5366; x_wconf 62' lang='lat' dir='ltr'><strong>quaecun-</strong></span> 
     </span>
    </p>
   </div>
   <div class='ocr_carea' id='block_1_111' title="bbox 2040 5379 3614 5449">
    <p class='ocr_par' dir='ltr' id='par_1_111' title="bbox 2040 5379 3614 5449">
     <span class='ocr_line' id='line_1_111' title="bbox 2040 5379 3614 5449; baseline 0.007 -18"><span class='ocrx_word' id='word_1_707' title='bbox 2040 5395 2149 5449; x_wconf 88' lang='lat' dir='ltr'><strong>que</strong></span> <span class='ocrx_word' id='word_1_708' title='bbox 2178 5379 2468 5447; x_wconf 79' lang='lat' dir='ltr'><strong>multiplici</strong></span> <span class='ocrx_word' id='word_1_709' title='bbox 2503 5381 2698 5444; x_wconf 89' lang='lat' dir='ltr'><strong>forma,</strong></span> <span class='ocrx_word' id='word_1_710' title='bbox 2732 5394 2830 5449; x_wconf 88' lang='lat' dir='ltr'><strong>per</strong></span> <span class='ocrx_word' id='word_1_711' title='bbox 2854 5380 3108 5436; x_wconf 79' lang='lat' dir='ltr'><strong>victimas</strong></span> <span class='ocrx_word' id='word_1_712' title='bbox 3151 5392 3206 5438; x_wconf 92' lang='lat' dir='ltr'><strong>et</strong></span> <span class='ocrx_word' id='word_1_713' title='bbox 3231 5398 3482 5441; x_wconf 65' lang='lat' dir='ltr'><strong>extorum</strong></span> <span class='ocrx_word' id='word_1_714' title='bbox 3529 5389 3614 5442; x_wconf 83' lang='lat' dir='ltr'><strong>in-</strong></span> 
     </span>
    </p>
   </div>
   <div class='ocr_carea' id='block_1_112' title="bbox 2041 5470 3023 5541">
    <p class='ocr_par' dir='ltr' id='par_1_112' title="bbox 2041 5470 3023 5541">
     <span class='ocr_line' id='line_1_112' title="bbox 2041 5470 3023 5541; baseline -0.002 -14"><span class='ocrx_word' id='word_1_715' title='bbox 2041 5470 2303 5527; x_wconf 85' lang='lat' dir='ltr'><strong>cisiouem</strong></span> <span class='ocrx_word' id='word_1_716' title='bbox 2331 5474 2399 5524; x_wconf 89' lang='lat' dir='ltr'><strong>ab</strong></span> <span class='ocrx_word' id='word_1_717' title='bbox 2434 5471 2542 5524; x_wconf 89' lang='lat' dir='ltr'><strong>illis</strong></span> <span class='ocrx_word' id='word_1_718' title='bbox 2576 5472 3023 5541; x_wconf 85' lang='lat' dir='ltr'><strong>perliciebautur.</strong></span> 
     </span>
    </p>
   </div>
   <div class='ocr_carea' id='block_1_113' title="bbox 2114 5562 3611 5634">
    <p class='ocr_par' dir='ltr' id='par_1_113' title="bbox 2114 5562 3611 5634">
     <span class='ocr_line' id='line_1_113' title="bbox 2114 5562 3611 5634; baseline 0.007 -20"><span class='ocrx_word' id='word_1_719' title='bbox 2114 5562 2256 5627; x_wconf 78' lang='lat' dir='ltr'><strong>Quid</strong></span> <span class='ocrx_word' id='word_1_720' title='bbox 2292 5563 2477 5629; x_wconf 89' lang='lat' dir='ltr'><strong>igitur.</strong></span> <span class='ocrx_word' id='word_1_721' title='bbox 2523 5562 2664 5628; x_wconf 87' lang='lat' dir='ltr'><strong>Quid</strong></span> <span class='ocrx_word' id='word_1_722' title='bbox 2704 5578 2855 5628; x_wconf 73' lang='lat' dir='ltr'><strong>ergo,</strong></span> <span class='ocrx_word' id='word_1_723' title='bbox 2907 5565 3107 5633; x_wconf 89' lang='lat' dir='ltr'><strong>inquit,</strong></span> <span class='ocrx_word' id='word_1_724' title='bbox 3152 5565 3451 5623; x_wconf 82' lang='lat' dir='ltr'><strong>absurdum</strong></span> <span class='ocrx_word' id='word_1_725' title='bbox 3489 5580 3571 5624; x_wconf 87' lang='lat' dir='ltr'><strong>est</strong></span> <span class='ocrx_word' id='word_1_726' title='bbox 3596 5609 3611 5634; x_wconf 86' lang='lat'><strong>,</strong></span> 
     </span>
    </p>
   </div>
   <div class='ocr_carea' id='block_1_114' title="bbox 2043 5656 3614 5730">
    <p class='ocr_par' dir='ltr' id='par_1_114' title="bbox 2043 5656 3614 5730">
     <span class='ocr_line' id='line_1_114' title="bbox 2043 5656 3614 5730; baseline 0.004 -22"><span class='ocrx_word' id='word_1_727' title='bbox 2043 5656 2190 5724; x_wconf 75' lang='lat' dir='ltr'><strong>quml</strong></span> <span class='ocrx_word' id='word_1_728' title='bbox 2225 5656 2464 5724; x_wconf 74' lang='lat' dir='ltr'><strong>sapiens,</strong></span> <span class='ocrx_word' id='word_1_729' title='bbox 2503 5664 2778 5726; x_wconf 86' lang='lat' dir='ltr'><strong>quatenus</strong></span> <span class='ocrx_word' id='word_1_730' title='bbox 2799 5667 2882 5710; x_wconf 89' lang='lat' dir='ltr'><strong>est</strong></span> <span class='ocrx_word' id='word_1_731' title='bbox 2906 5658 3147 5727; x_wconf 85' lang='lat' dir='ltr'><strong>sapiens,</strong></span> <span class='ocrx_word' id='word_1_732' title='bbox 3177 5661 3342 5714; x_wconf 85' lang='lat' dir='ltr'><strong>etiam</strong></span> <span class='ocrx_word' id='word_1_733' title='bbox 3373 5662 3614 5730; x_wconf 85' lang='lat' dir='ltr'><strong>amplius</strong></span> 
     </span>
    </p>
   </div>
   <div class='ocr_carea' id='block_1_115' title="bbox 2046 5748 3616 5824">
    <p class='ocr_par' dir='ltr' id='par_1_115' title="bbox 2046 5748 3616 5824">
     <span class='ocr_line' id='line_1_115' title="bbox 2046 5748 3616 5824; baseline 0.006 -23"><span class='ocrx_word' id='word_1_734' title='bbox 2046 5749 2220 5813; x_wconf 82' lang='lat' dir='ltr'><strong>ferat;</strong></span> <span class='ocrx_word' id='word_1_735' title='bbox 2253 5757 2310 5801; x_wconf 86' lang='lat' dir='ltr'><strong>et</strong></span> <span class='ocrx_word' id='word_1_736' title='bbox 2341 5748 2483 5801; x_wconf 87' lang='lat' dir='ltr'><strong>ultra</strong></span> <span class='ocrx_word' id='word_1_737' title='bbox 2526 5748 2976 5803; x_wconf 87' lang='lat' dir='ltr'><strong>communitatem</strong></span> <span class='ocrx_word' id='word_1_738' title='bbox 3012 5751 3413 5821; x_wconf 77' lang='lat' dir='ltr'><strong>progrediatur,</strong></span> <span class='ocrx_word' id='word_1_739' title='bbox 3446 5759 3616 5824; x_wconf 81' lang='lat' dir='ltr'><strong>atque</strong></span> 
     </span>
    </p>
   </div>
   <div class='ocr_carea' id='block_1_116' title="bbox 2048 5838 2950 5908">
    <p class='ocr_par' dir='ltr' id='par_1_116' title="bbox 2048 5838 2950 5908">
     <span class='ocr_line' id='line_1_116' title="bbox 2048 5838 2950 5908; baseline 0.003 -17"><span class='ocrx_word' id='word_1_740' title='bbox 2048 5838 2195 5891; x_wconf 86' lang='lat' dir='ltr'><strong>hunc</strong></span> <span class='ocrx_word' id='word_1_741' title='bbox 2231 5838 2282 5891; x_wconf 90' lang='lat' dir='ltr'><strong>in</strong></span> <span class='ocrx_word' id='word_1_742' title='bbox 2317 5839 2539 5894; x_wconf 84' lang='lat' dir='ltr'><strong>modum</strong></span> <span class='ocrx_word' id='word_1_743' title='bbox 2573 5838 2665 5893; x_wconf 86' lang='lat' dir='ltr'><strong>liat</strong></span> <span class='ocrx_word' id='word_1_744' title='bbox 2693 5840 2950 5908; x_wconf 85' lang='lat' dir='ltr'><strong>sapiens?</strong></span> 
     </span>
    </p>
   </div>
  </div>
