4102 6294
579 389 684 452 563

1792 398 2210 460 ΝΙΩΕΡἾΟΒΙ
2253 401 2638 462 ΟΙῖΕϐΟἷῖιΕ

3721 405 3818 468 596

656 504 728 558 Τὸ
758 509 1196 574 φανταστικόν.
1240 511 1338 564 Διὰ
1361 511 1470 582 γὰρ
1525 515 1830 584 μοχθηρίαν
1891 518 2144 585 προαιρὲ-
2182 523 2227 578 Λ
2330 521 2774 587 ιςἀονηριτμενον
2854 519 2952 573 διὰ
3021 517 3296 572 τελετῶν.
3367 519 3544 590 Ὅπερ
3632 523 3817 574 καθαί-

576 614 714 660 σεως
734 601 963 666 κατάγει
991 601 1090 672 τὴν
1122 601 1300 675 ψυχὴν
1326 607 1406 667 εἰς
1427 605 1525 674 τὴν
1567 605 1700 676 ὓλην
1751 610 1779 660 ὁ
1835 608 2138 680 ἄνθρωπος,

577 692 876 746 κάντεῦθεν
927 698 1341 764 παρασκευάζει
1393 701 1570 751 νοσεῖν
1642 700 1704 752 τὺ
1751 705 2143 769 φανταστικὸν,

575 782 765 855 ὥσπερ
796 787 932 853 φασὶ
962 787 1280 858 συμϐαίνειν
1335 791 1475 859 μετὰ
1499 795 1600 860 τὴν
1627 793 1833 863 τροφὴν
1869 796 1982 854 τοῖς
2015 797 2146 846 πολ-

575 873 708 939 λοῖς,
751 879 846 930 καὶ
878 877 1114 946 μάλιστα
1135 883 1250 944 τοῖς
1281 883 1535 946 παιδίοις.
1569 883 1744 952 Πολλὴ
1785 885 1897 956 γὰρ
1953 886 1986 954 ή
2037 887 2146 940 ἀπὸ

574 969 673 1035 τῆς
706 972 913 1039 τροφῆς
943 969 1330 1040 ἀναθυμίασις,
1375 976 1469 1027 καὶ
1524 977 1556 1044 ἡ
1603 973 1816 1046 κίνησις
1869 993 2142 1047 συγκεχυ-

575 1059 714 1126 μένη
743 1076 800 1110 τε
831 1059 924 1112 καὶ
957 1060 1268 1132 ἀνώμαλος,
1293 1066 1382 1118 καὶ
1417 1065 1820 1135 δυσδιάκριτος,
1852 1064 1933 1130 οἷς
1960 1066 2025 1136 δὴ
2051 1069 2146 1121 καὶ

573 1147 916 1216 ῆπαντελῶς
939 1153 1001 1206 οὺ
1022 1154 1269 1222 γίνονται
1318 1158 1567 1222 ἐνύπνια,
1623 1160 1656 1229 ἢ
1691 1159 1930 1227 γίνονται
1984 1161 2146 1214 ἄνισα

571 1245 668 1294 καὶ
697 1243 928 1312 ἀνόμοια
957 1248 1053 1298 καὶ
1085 1247 1451 1303 δυσείκαστα·
1508 1247 1622 1303 οἷον
1670 1251 1882 1318 γίνεται
1916 1253 2020 1306 κάν
2066 1253 2146 1320 τῷ

574 1331 751 1388 ὕδατι.
791 1335 1162 1406 Ἦρεμοῦντος
1178 1341 1288 1410 γὰρ
1317 1341 1414 1393 καὶ
1453 1343 1699 1411 καθαροῦ
1725 1342 1902 1410 ὄντος,
1937 1343 2144 1413 ἐναργῆ

571 1425 642 1478 τὰ
672 1426 865 1479 εἴδωλα
891 1429 1208 1494 φαίνονται·
1235 1434 1560 1502 κινουμένου
1590 1435 1646 1487 δὲ
1673 1436 1768 1488 καὶ
1805 1436 2146 1506 ταραττομέ-

574 1533 690 1582 νου,
719 1518 751 1586 ἦ
783 1519 892 1572 οὐδ’
920 1521 1058 1586 ὅλως
1091 1524 1386 1594 ὲνορῶνται
1411 1525 1628 1589 εἴδωλα,
1677 1527 1712 1596 ἦ
1769 1526 2002 1594 ἀνόμοια
2052 1529 2148 1580 καὶ

574 1609 936 1666 δυσείκαστα.

660 1703 782 1772 Ὑφ’
811 1701 906 1775 ἧς.
925 1708 1272 1780 Φιλοσοφίας.

648 1799 1116 1870 Καθαιρόμενον.
1181 1803 1340 1873 Παρὰ
1405 1805 1504 1874 μὲν
1557 1808 1672 1867 τοῖς
1734 1805 1960 1876 Ἕλλησι
2013 1805 2148 1875 φησὶ

575 1889 938 1950 καθαίρεσθαι
965 1898 1064 1961 τὴν
1083 1899 1387 1964 φαντασίαν
1415 1899 1505 1952 διὰ
1549 1897 1814 1951 τελετῶν·
1868 1901 1919 1952 oi
1949 1899 2008 1952 δὲ
2048 1899 2148 1968 τῆς

573 1983 698 2035 καθ’
727 1985 878 2051 ἡμᾶς
909 1987 1518 2057 εὐσεϐοῦςἘκκλησίας
1547 1989 1826 2061 ἄνθρωποι
1859 1991 2149 2061 καθαίρου-

575 2091 662 2129 σιν
713 2076 880 2147 αὐτὴν
919 2067 1007 2132 διδι
1031 2081 1390 2150 σωφροσύνης
1417 2083 1513 2134 καὶ
1543 2083 1856 2152 ἀγρυπνίας
1904 2084 2002 2136 καὶ
2054 2102 2148 2153 νη-

575 2165 782 2228 στείας.
817 2167 975 2221 Οὕτω
1011 2169 1070 2224 δὲ
1098 2171 1470 2242 καθαιρομένη
1515 2174 1548 2242 ἠ
1601 2173 1859 2242 αἴσθησις
1922 2167 2146 2243 δεκτικὴ

573 2257 788 2323 γίνεται
819 2259 955 2313 Θεοῦ
986 2279 1002 2293 ·
1035 2261 1186 2332 ὅμως
1207 2267 1338 2334 πρὶν
1375 2265 1806 2320 εἰσκαλέσασθαι
1847 2267 1946 2320 καὶ
1995 2270 2146 2322 είσαο

575 2354 770 2418 γαγεῖν
817 2355 877 2404 ἐν
913 2354 1086 2426 ἑαυτῇ
1131 2357 1228 2410 τδν
1275 2355 1414 2410 Θεὸν
1465 2358 1664 2423 ἐξωθεῖ
1715 2355 1986 2430 πρότερον
2045 2363 2147 2426 τὰς

581 2447 1067 2516 προγεγενημένας
1095 2449 1455 2520 ὲιραμᾶρτους
1515 2450 1840 2523 εἰσκρίσεις,
1875 2454 1998 2507 ὅσαι
2031 2455 2148 2506 είσ-

581 2536 858 2606 κρίνονται
900 2543 997 2594 καὶ
1025 2543 1446 2612 εἰσπορεύονται
1468 2547 1548 2607 είς
1577 2549 1680 2614 τὴν
1717 2549 2024 2614 φαντασίαν
2057 2549 2146 2603 διὰ

584 2633 690 2682 τῶν
716 2633 1026 2699 ὀργανικῶν
1043 2633 1441 2706 αἰσθητηρίων.
1471 2637 1582 2690 Καὶ
1595 2637 1786 2690 τοῦτόν
1815 2655 1978 2710 φησιν
2005 2637 2146 2694 εἶναι

577 2723 724 2776 κατὰ
755 2724 920 2791 φύσιν
948 2725 1086 2796 βίον,
1111 2727 1174 2780 τὸ
1210 2731 1402 2798 τηρεῖν
1439 2729 1540 2795 τὴν
1567 2730 1876 2798 φαντασίαν
1895 2732 2144 2804 καθαρὰν

573 2817 682 2869 ἀπὸ
703 2817 813 2870 τῶν
839 2819 1122 2874 τοιούτων.
1147 2820 1312 2890 Κοινὴ
1346 2822 1453 2893 γάρ
1489 2824 1606 2874 ὲστι
1658 2822 1842 2892 ψυχῆς
1901 2825 1996 2877 καὶ
2034 2823 2142 2878 σώ-

581 2927 774 2976 ματος,
805 2911 898 2964 καὶ
930 2911 1010 2964 δεῖ
1027 2911 1280 2980 καθαρὰν
1309 2912 1456 2984 ἔχειν
1480 2913 1580 2986 τὴν
1613 2913 1752 2982 πρὸς
1793 2913 1978 2986 ψυχὴν
2023 2933 2142 2970 κοι-

574 3002 796 3059 γωνίαν.

2257 629 2414 679 ρεται
2443 613 2542 664 καὶ
2573 611 2730 678 παρὰ
2755 611 2864 663 τῶν
2899 611 3024 666 καθ’
3051 611 3202 680 ἡμᾶς
3257 611 3567 664 σπουδαίων
3601 613 3688 664 διὰ
3719 631 3820 682 νη-

2256 701 2462 764 στείας,
2499 701 2594 754 καὶ
2625 703 2958 770 ἀγρυπνίας,
2984 703 3081 754 καὶ
3113 702 3224 753 τῶν
3249 703 3424 756 ἄλλων
3447 703 3677 771 ἀρετῶν.

2323 796 2397 848 Αἵ
2435 812 2500 848 τε
2536 798 2646 862 είς.
2687 795 2781 858 Ὠς
2813 795 3066 848 ἐντεῦθεν
3103 798 3198 849 καὶ
3227 795 3326 859 τὰς
3353 783 3440 849 διᾶ
3463 799 3567 850 τῶν
3603 799 3822 866 ὀργανιο

2253 891 2368 942 κῶν
2393 887 2768 956 αἰσθητηρίων
2801 889 3094 957 γινομένας
3137 889 3438 958 είσγρίσεις
3473 889 3682 941 ὲκΘέειν
3727 889 3824 942 καὶ

2252 981 2562 1048 ὑποχωρεῖν
2580 979 2871 1050 πρότερον,
2899 979 3030 1046 πρὶν
3063 979 3154 1032 τὸν
3181 979 3318 1032 Θεὸν
3357 979 3608 1032 ἐπελθεῖν
3641 981 3722 1043 είς
3759 981 3820 1032 ab

2250 1071 2617 1138 φανταστικὸν
2656 1071 2732 1134 ὡς
2766 1072 3012 1138 ἐφικτόν.
3051 1071 3319 1126 Φθάνουσι
3373 1072 3482 1139 γὰρ
3533 1073 3822 1125 ἔκϐέουσαι

2249 1164 2582 1218 αἱτοιαῦται
2631 1165 2954 1235 είσκρίσεις,
3025 1163 3132 1233 πρὸ
3175 1163 3270 1215 τοῦ
3321 1163 3676 1230 εἰσκληοῆναι
3727 1162 3821 1215 τδν

2249 1255 2386 1308 Θεὸν
2401 1257 2553 1324 παρὰ
2575 1255 2670 1310 τοῦ
2699 1253 3076 1324 φανταστικοῦ
3097 1271 3112 1286 ο
3143 1255 3397 1309 ἐκθέουσι
3428 1255 3484 1307 δὲ
3507 1253 3595 1307 διὰ
3613 1255 3822 1324 2:1in-

2251 1367 2393 1412 σεως
2425 1349 2827 1419 πνευματικῆς.

2325 1443 2432 1496 Διά
2457 1441 2568 1496 τοῦ
2595 1439 2747 1494 κατὰ
2767 1441 2980 1510 φύσιν.
3013 1439 3118 1492 Τοῦ
3157 1437 3456 1508 ἐγκρατοῦς
3481 1439 3576 1492 καὶ
3613 1438 3728 1507 otius
3741 1455 3824 1507 ρο-

2249 1554 2340 1598 νος
2364 1535 2458 1588 καὶ
2485 1533 2801 1588 σπουδαίου.

2321 1627 2518 1682 Πάλιν
2539 1624 2714 1681 εἶναι.
2749 1628 2825 1681 Οὐ
2863 1628 3023 1697 μόνον
3053 1628 3162 1696 γὰρ
3217 1625 3494 1695 σώματος,
3538 1623 3674 1676 alia
3727 1622 3824 1675 καὶ

2250 1719 2354 1788 τῆς
2381 1717 2610 1786 λογικῆς
2639 1718 2822 1789 ψυχῆς
2857 1719 2954 1772 καὶ
2983 1717 3078 1770 τοῦ
3113 1715 3227 1771 νοῦ.

2329 1811 2536 1866 Τοῦτο.
2577 1811 2653 1864 To
2682 1811 3074 1879 φανταστικόν.

2326 1905 2452 1958 Οὐκ
2481 1903 2866 1980 ἀσύμπαθες.
2930 1904 3044 1957 Οὐκ
3110 1901 3392 1974 ἀλλότριον
3439 1903 3538 1970 τῆς
3602 1901 3821 1971 φύσεως

2247 1997 2349 2064 τῆς
2383 1996 2566 2068 ψυχῆς
2588 1997 2759 2062 ἐστιν,
2797 1995 2937 2049 ἀλλὰ
2985 1997 3081 2048 καὶ
3135 1995 3424 2065 συντρέχει
3444 1995 3542 2047 καὶ
3595 1994 3816 2062 συμπά-

2251 2106 2370 2158 σχει
2388 2090 2550 2160 αὐτῇ,
2575 2089 2672 2141 καὶ
2693 2091 2752 2142 οὐ
2780 2089 2908 2142 καθ’
2939 2089 3101 2143 ἑαυτὸ
3134 2089 3285 2158 μένει
3319 2089 3622 2161 ίδιότροπον
3653 2088 3822 2156 φύσιν

2248 2179 2376 2247 ἕχον
2404 2179 2659 2251 καθάπερ
2688 2180 2752 2233 ab
2781 2179 2962 2249 σῶμα,
3011 2181 3150 2248 ὅπερ
3187 2179 3283 2233 καὶ
3313 2179 3616 2250 ὀστρεῶδες
3661 2179 3820 2250 ⁸ιτερί-

2249 2273 2435 2344 ϐλημα
2475 2273 2628 2339 λέγει
2659 2273 2752 2326 διὰ
2781 2273 2881 2343 τὴν
2916 2272 3262 2344 σκληρότητα
3325 2275 3420 2326 καὶ
3461 2273 3562 2344 τὴν
3609 2275 3819 2328 ἀντιτυο

2248 2367 2403 2430 πίαν,
2433 2369 2501 2438 ἢν
2527 2367 2640 2437 ἔχει
2671 2367 2807 2436 πρὸς
2836 2367 3040 2436 ψυχήν.

2318 2459 2542 2514 Ρ.157.
2621 2457 3004 2527 Ὀστρεῶδες.
3055 2456 3396 2528 Πολλαχόθεν
3464 2457 3742 2512 δείκνυται
3789 2459 3817 2512 ὁ

2249 2554 2414 2621 σοφδς
2459 2545 2618 2613 οὗτος
2673 2551 2933 2614 Συνέσιος
2988 2549 3318 2621 αἱρεσιώτης
3377 2549 3472 2604 τοῦ
3529 2549 3819 2612 Πλάτωνος

2245 2645 2439 2714 ἄκρος.
2475 2646 2550 2698 Οὐ
2581 2645 2744 2713 μόνον
2777 2643 2890 2712 γὰρ
2918 2643 2983 2696 ὲκ
3025 2643 3126 2714 τῆς
3167 2643 3328 2710 δόξης
3357 2643 3439 2695 ὅτι
3464 2643 3532 2694 τὰ
3557 2643 3696 2696 αὐτὰ
3721 2643 3820 2696 καὶ

2245 2734 2406 2799 οὗτος
2433 2737 2634 2806 ἐκείνῳ
2673 2737 2912 2802 δοξάζει,
2949 2735 3085 2788 ἀλλὰ
3107 2735 3202 2789 καὶ
3231 2737 3296 2788 ἐκ
3321 2735 3429 2787 τῶν
3453 2733 3693 2799 ἐννοιῶν,
3720 2735 3819 2786 καὶ

2245 2831 2308 2882 ἐκ
2329 2830 2436 2882 τῶν
2465 2829 2731 2899 μεθόδων,
2769 2828 2866 2881 καὶ
2901 2825 2960 2886 ἐξ
3015 2827 3198 2880 αὐτῶν
3221 2827 3330 2879 τῶν
3359 2826 3577 2890 λέξεων.
3605 2825 3679 2878 To
3705 2826 3817 2896 γὰρ

2245 2920 2434 2987 λέγειν
2461 2919 2766 2990 ὀστρεῶδες
2803 2918 3124 2987 περίδλημα
3148 2918 3207 2971 τὸ
3240 2917 3402 2986 σῶμα
3451 2917 3663 2969 ἐκεῖθεν
3699 2917 3817 2986 ἔχει

2241 3013 2345 3084 τὴν
2397 3015 2600 3085 ἀρχήν.
2633 3011 2778 3082 Φησὶ
2806 3013 2914 3084 γὰρ
2933 3013 3189 3074 κάκεῖνος
3213 3011 3271 3064 ὲν
3291 3011 3370 3082 τῷ
3393 3009 3644 3078 Φαίδρῳ,
3677 3009 3818 3064 ἄνω-

647 3163 879 3232 Spirims
905 3163 1225 3232 phantastici
1255 3163 1430 3216 morbo
1463 3161 1941 3223 laborat-Nam;ob
1962 3163 2142 3233 pravi-
2165 3203 2213 3266 α
2243 3185 2390 3236 rum,
2457 3170 2791 3239 vigiliarum,
2855 3179 2911 3226 et
2974 3171 3204 3226 aliarum
3273 3171 3540 3224 virtutum
3580 3169 3814 3225 auxilio.

576 3264 746 3310 tatem
779 3254 998 3310 consilii
1022 3253 1184 3307 homo
1209 3253 1434 3308 deducit
1465 3253 1703 3307 animam
1734 3254 1788 3307 in
1819 3254 2100 3309 materiam
2124 3293 2142 3319 ,

577 3357 630 3400 et
658 3346 788 3402 hinc
819 3347 1058 3415 disponit
1082 3344 1424 3415 phantasiam
1453 3344 1744 3399 ad-vltium
1769 3346 2140 3418 etlangorem,

577 3442 724 3494 sit-ul.
761 3440 919 3494 aiunt
953 3439 1138 3492 nmltis
1181 3437 1408 3492 evenire
1439 3445 1568 3506 post
1599 3437 1804 3501 cibum,
1839 3446 1896 3490 et
1924 3435 2145 3508 potissi-

573 3545 726 3586 mum
755 3529 1016 3600 parvulis.
1045 3528 1140 3584 Est
1165 3528 1370 3598 quippe
1407 3528 1704 3583 vehemens
1726 3543 1758 3582 a
1781 3527 1908 3583 cibo
1931 3527 2143 3583 sumtus

573 3637 954 3690 iaporumque
988 3620 1246 3684 emissio,
1287 3627 1344 3674 et
1395 3627 1576 3674 motus
1613 3619 1872 3674 confusus
1905 3633 1970 3673 ac
2019 3619 2145 3674 ina:-

575 3718 776 3784 quilis.
825 3725 882 3770 et
927 3727 1071 3784 aegre
1115 3712 1452 3768 discernitur
1499 3713 1570 3768 ab
1617 3711 1728 3766 illis
1767 3725 1900 3765 sane
1937 3709 2143 3780 quibus

573 3808 804 3864 omnino
831 3821 940 3860 non
966 3805 1234 3861 eveniunt
1263 3803 1558 3862 insomnia.
1593 3813 1688 3859 aut
1709 3805 2034 3872 contingunt
2057 3802 2142 3854 in-

573 3899 826 3970 mqualia,
847 3897 1136 3954 dissimilia
1167 3905 1226 3952 et
1251 3896 1506 3967 coniectu
1525 3895 1788 3962 ditﬁcilia,
1817 3897 2054 3966 qualiter
2085 3893 2145 3947 fit

573 3995 630 4049 in
669 4007 836 4062 aqua.
863 3991 999 4046 Nam
1027 3991 1250 4060 quietas,
1281 4005 1434 4060 pura:
1455 4027 1473 4053 ,
1497 3989 1835 4058 sinceraque
1866 3987 2142 4043 evidentia

573 4102 640 4140 ac
669 4085 909 4140 dilucida
953 4091 1164 4153 spectra
1198 4091 1504 4154 apparent:
1535 4081 1592 4136 in
1623 4089 1892 4136 commota
1919 4095 2050 4134 vero
2087 4089 2143 4136 et

577 4180 928 4233 conturbata
955 4179 1040 4232 vel
1069 4177 1230 4247 plane
1267 4192 1376 4230 non
1406 4175 1776 4245 inspiciuntur
1825 4173 2137 4238 simulacra,

573 4281 670 4327 aut
697 4269 1010 4340 inaequalia,
1039 4268 1328 4326 dissimilia
1349 4277 1408 4324 et
1437 4266 1662 4338 cognitu
1695 4269 1888 4322 ardua.

637 4367 812 4438 Aqua.
841 4365 1212 4434 Philosophia.

639 4459 942 4514 Lusii-atus.
977 4457 1135 4528 Apud
1177 4457 1396 4514 Gnaeos
1437 4457 1656 4528 quidem
1698 4459 2140 4528 imaginationem

2315 3263 2732 3318 Insinuationes.
2771 3263 2844 3320 Ita
2891 3273 2952 3318 ut
3002 3262 3131 3318 hinc
3177 3261 3342 3316 etiam
3389 3279 3488 3333 per
3531 3264 3819 3332 organicos

2247 3371 2446 3411 sensus
2493 3359 2768 3426 productio
2815 3355 3219 3411 insinuationcs
3270 3365 3565 3410 excurrant
3600 3369 3655 3410 et
3691 3373 3819 3424 pro-

2245 3450 2584 3520 grediantur,
2611 3457 2902 3518 antequam
2931 3449 3076 3504 Deus
3097 3448 3448 3516 superveniat
3477 3459 3532 3503 et
3559 3449 3822 3504 illahatur

2245 3535 2302 3588 in
2336 3535 2800 3606 imaginationem,
2849 3547 3120 3606 quatenus
3165 3537 3554 3607 comprehendi
3611 3549 3818 3609 potest.

2245 3627 2552 3682 Confestim
2611 3628 2760 3682 enim
2819 3637 3111 3698 pr0perant
3179 3629 3317 3684 tales
3372 3631 3817 3696 insinuationes,

2245 3722 2562 3789 priusquam
2603 3723 2745 3776 Deus
2777 3721 3104 3776 admittatur
3134 3737 3164 3776 a
3219 3723 3412 3792 spiritu
3445 3724 3816 3793 phantastico.

2245 3813 2560 3867 Excurrnnt
2591 3825 2774 3868 autem
2803 3828 2900 3884 per
2932 3813 3270 3882 spiritualem
3302 3817 3708 3888 purgationem.

2243 3919 2258 3942 ο
2316 3905 2613 3960 Secundum
2641 3907 2755 3975 ejus
2792 3913 3062 3961 naturam.
3091 3905 3469 3975 Continentis,
3507 3917 3816 3980 temperan-

2245 3999 2315 4052 tls
2339 4007 2394 4050 et
2419 3997 2595 4066 probi.

2317 4088 2542 4142 Rursum
2595 4089 2686 4142 sit.
2735 4087 2854 4143 Non
2902 4087 3066 4143 modo
3123 4089 3390 4159 corporis,
3421 4105 3610 4145 verum
3643 4089 3813 4146 etiam

2245 4181 2442 4234 animas
2477 4179 2762 4234 rationalis
2794 4195 2858 4234 ac
2885 4181 3106 4235 mentis.

2321 4270 2553 4341 Spiritus
2570 4273 2684 4325 iste.
2705 4271 3091 4326 Phantasticus
3118 4281 3174 4326 et
3205 4271 3535 4342 imaginandi
3567 4273 3813 4344 potentia

2245 4366 2565 4422 instruetus.

2317 4458 2427 4512 Nec
2461 4459 2724 4530 aﬁ'ectibus
2751 4459 3036 4528 spoliatur.
3067 4457 3185 4513 Non
3207 4465 3292 4512 est
3316 4457 3528 4512 alienus
3555 4474 3584 4512 a
3617 4469 3812 4512 natura

567 4553 770 4608 asserit.
801 4550 1010 4620 expiari
1039 4559 1096 4605 et
1123 4549 1344 4606 lustrari
1369 4551 1818 4605 ceremoniarum
1853 4549 2141 4606 beneﬁcio.
2177 4547 2220 4602 Ι)
2243 4552 2462 4612 animm,
2487 4551 2580 4606 sed
2609 4551 2862 4606 convenit
2888 4561 2944 4605 et
2965 4550 3238 4605 consentit
3265 4565 3388 4604 cum
3415 4565 3499 4616 ea,
3521 4549 3814 4604 similium-

565 4647 640 4700 At
679 4645 780 4714 piae
811 4643 1188 4714 religiosaque
1217 4653 1419 4698 nostra:
1453 4643 1708 4699 Ecclesiae
1735 4641 1987 4696 homines
2015 4653 2135 4694 eam

565 4738 809 4792 lustrant
843 4735 1144 4800 modestia,
1181 4735 1540 4806 temperantia
1561 4771 1578 4800 ,
1609 4734 1884 4802 vigilantia
1915 4741 1967 4788 et
1997 4731 2142 4801 jeju-

568 4831 683 4886 nio.
710 4829 780 4884 Et
811 4829 882 4883 ita
913 4837 1176 4900 purgatus
1204 4827 1296 4883 ille
1323 4841 1518 4884 sensus
1541 4843 1708 4897 capax
1739 4834 1820 4881 est
1845 4826 1938 4896 qui
1965 4825 2136 4880 Deum

566 4921 824 4976 admittat
851 4935 868 4974 :
900 4921 1262 4975 nihilominus
1283 4935 1600 4990 priusquam
1627 4921 1680 4974 in
1703 4919 1942 4988 seipsum
1965 4918 2136 4972 Deum

568 5013 808 5084 excipiat
839 5023 896 5069 et
932 5012 1279 5078 introducat,
1305 5023 1463 5083 urget
1491 5023 1546 5067 et
1573 5010 1818 5066 extrudit
1851 5009 2005 5079 prius
2034 5025 2136 5062 an-

569 5108 890 5164 tecedentes
917 5122 1168 5162 errorum
1211 5106 1630 5166 insinuationes,
1671 5117 2010 5173 quaecunque
2054 5102 2138 5156 in-

569 5199 898 5266 grediuntur
923 5207 980 5253 et
1019 5197 1226 5253 adeunt
1273 5195 1716 5266 imaginationem
1746 5209 1845 5264 per
1873 5209 2136 5248 sensuum

567 5307 792 5362 organa.
821 5292 892 5346 Et
919 5293 1064 5346 hanc
1091 5291 1289 5345 asserit
1315 5291 1483 5345 vitam
1511 5288 1812 5344 secundum
1839 5297 2092 5342 naturam
2119 5330 2133 5352 ,

565 5399 849 5440 asservare
883 5399 1074 5453 puram
1095 5423 1110 5448 ,
1139 5383 1408 5438 sinceram
1441 5395 1506 5436 ac
1527 5379 1754 5434 nitidam
1797 5378 2140 5448 imaginatio-

566 5493 691 5534 nem
723 5478 792 5532 ab
818 5477 1127 5532 istiusmodi
1157 5483 1507 5546 peccatorum
1563 5474 1830 5544 ingressu.
1877 5473 2136 5542 Corporis

565 5571 711 5624 c-nim
743 5579 800 5624 et
833 5569 1030 5624 animae
1057 5567 1364 5624 communis
1397 5575 1514 5630 est,
1563 5580 1616 5620 et
1667 5580 1846 5629 operte
1897 5565 2134 5632 pretium

566 5665 670 5721 est,
700 5665 758 5710 ut
791 5671 982 5725 puram
1017 5657 1210 5712 haheat
1241 5671 1363 5709 cum
1397 5657 1574 5708 anima
1601 5653 2063 5709 communionem.

641 5747 746 5801 Per
778 5749 1107 5816 expiationes
1143 5748 1416 5802 tustmtus.
1441 5747 1655 5816 Quippe
1685 5747 1778 5814 qui
1807 5745 2058 5814 expiatur
2081 5756 2135 5798 ct

573 5851 836 5902 purgatur
881 5841 1020 5900 apud
1069 5849 1285 5894 nostros
1334 5839 1536 5902 probos
1583 5839 1854 5902 homines,
1905 5837 2134 5903 ieiunio-

2245 4657 2352 4712 que
2407 4644 2724 4710 passionum
2775 4651 2861 4697 est
2909 4641 3205 4711 particeps,
3244 4656 3347 4695 nec
3377 4656 3476 4711 per
3519 4655 3578 4695 se
3628 4653 3812 4696 manet

2241 4735 2581 4806 peculiarem
2630 4735 2843 4790 habens
2889 4745 3141 4788 naturam
3189 4733 3340 4787 velut
3387 4748 3608 4802 corpus,
3663 4735 3810 4804 quod

2241 4829 2465 4898 quidem
2503 4836 2814 4882 ostreorum
2849 4825 3188 4880 involucrum
3227 4824 3381 4890 dicit,
3415 4833 3636 4894 propter
3661 4825 3810 4879 duri-

2244 4923 2398 4986 tiem,
2431 4922 2670 4991 rigorem
2705 4929 2760 4974 et
2786 4918 2973 4974 formae
3001 4916 3378 4973 dissidentium
3399 4957 3414 4984 ,
3446 4933 3609 4988 quam
3643 4917 3810 4973 habet

2239 5014 2506 5070 adversus
2531 5013 2792 5068 animam.

2310 5105 2636 5160 Ostreorum.
2663 5103 2847 5159 Multis
2866 5119 2932 5159 ex
2961 5103 3207 5173 partibus
3231 5102 3470 5159 ostendit
3501 5103 3809 5158 industrius

2239 5199 2330 5254 hic
2357 5197 2638 5270 Synesius,
2666 5211 2794 5252 acer
2819 5205 2876 5252 et
2906 5195 3201 5265 singularis
3228 5195 3472 5251 Platonis
3496 5195 3805 5261 temnlntor,

2238 5293 2366 5362 quia
2399 5305 2506 5346 non
2554 5291 2731 5345 solum
2759 5305 2824 5344 ex
2848 5290 3108 5360 Opinione
3129 5290 3320 5343 eadem
3349 5303 3471 5343 cum
3499 5289 3593 5343 illo
3616 5289 3804 5356 sentit,

2239 5385 2334 5441 sed
2379 5385 2546 5438 etiam
2577 5399 2642 5437 ex
2675 5381 2842 5436 animi
2873 5382 3232 5450 conceptione
3283 5390 3339 5435 et
3387 5396 3551 5436 sensu
3603 5381 3807 5436 docen-

2238 5479 2404 5546 dique
2445 5477 2678 5536 ratione,
2721 5473 2832 5526 imo
2867 5487 2934 5526 ex
2975 5471 3223 5541 ipsismct
3255 5471 3619 5526 dictionibus.
3669 5453 3803 5526 Nam

2237 5566 2382 5636 quod
2417 5579 2620 5634 corpus
2653 5563 3090 5630 integumentum
3123 5570 3179 5614 et
3209 5560 3556 5614 involucrum
3588 5567 3803 5613 ostrea-

2239 5670 2360 5710 rum
2391 5656 2614 5721 dicitur,
2649 5653 2778 5707 hinc
2813 5653 2980 5707 habet
3014 5651 3366 5722 principium.
3408 5653 3494 5706 Ait
3525 5652 3672 5706 enim
3713 5651 3802 5704 ille

2238 5747 2290 5799 in
2344 5747 2568 5800 Pha'dro
2625 5745 2788 5798 altius
2843 5759 3067 5799 suorum
3121 5745 3474 5801 consiliorum
3533 5745 3800 5798 rationem

2239 5839 2536 5902 repetendo
2563 5853 2816 5900 exorsus,
2859 5847 2913 5891 et
2958 5837 3084 5898 alia,
3121 5845 3172 5892 ct
3202 5837 3314 5892 lucc
3357 5847 3660 5896 pratcroa:
3698 5837 3800 5900 Qui
