4102 6294
335 383 445 446 569

408 499 637 566 Ἔσχε-ν
665 497 892 564 εἴδους.
932 498 1003 552 Ἦ
1033 498 1108 561 ὡς
1141 498 1290 562 Θείας
1319 499 1665 569 anapesti);

407 592 480 645 Τὸ
502 591 571 643 δὲ
587 591 1047 661 ὑπερκύψαι.Ἣ
1091 593 1165 656 ὡς
1190 595 1290 662 τὴν
1352 593 1540 661 νόησιν
1605 593 1916 662 ὑπερϐῆναι
1951 673 1954 676 4

335 683 433 754 τὴν
473 684 806 750 φαντασίαν.

397 779 700 834 Χαλεπόν.
736 777 901 830 Ὅσον
923 777 1034 848 γάρ
1081 781 1200 831 ἐστι
1234 779 1497 847 χαλεπὸν,
1528 777 1786 833 τοσοῦτον
1816 775 1915 828 καὶ

333 867 594 939 εὔδαιμον
625 869 688 922 τὸ
711 870 1055 940 ὑπερκύψαι.

405 963 588 1029 Φησὶ.
629 962 690 1014 Ὀ
717 963 968 1017 Πλάτων.
1111 953 1124 970 “

410 1055 529 1121 Τὴν
559 1053 975 1121 ἁφάνταστον.
1014 1055 1129 1124 Τὴν
1163 1057 1383 1124 νοεράν.

400 1147 892 1215 Προὲεϐλημένη.
971 1148 1347 1218 Προτιοεμένη
1418 1151 1515 1204 καὶ
1585 1151 1912 1220 φαινομένη.

414 1238 486 1288 Τό
536 1237 604 1303 τέ
653 1253 745 1290 τοι
789 1238 1052 1306 πνεῦμα.
1107 1240 1219 1310 Τὴν
1259 1240 1566 1309 φαντασίαν
1632 1243 1764 1294 ποτὲ
1815 1242 1915 1310 μὲν

333 1329 705 1394 φανταστικόν
737 1347 873 1398 φησι
899 1331 1144 1399 πνεῦμα,
1169 1333 1299 1384 ποτὲ
1335 1334 1392 1385 δὲ
1409 1333 1643 1404 ψυχικὸν
1667 1335 1910 1405 πνεῦμα,

333 1420 468 1472 ποτὲ
501 1419 560 1472 δὲ
599 1423 758 1490 σῶμα
799 1423 1019 1490 πρῶτον
1071 1424 1276 1494 ψυχῆς,
1313 1429 1445 1480 ποτὲ
1500 1427 1557 1479 δὲ
1602 1443 1912 1496 πνευματι-

335 1513 436 1579 κὴν
487 1512 685 1582 ψυχὴν,
740 1514 873 1566 ποτὲ
907 1515 963 1568 δὲ
1001 1518 1182 1570 κοινὸν
1233 1520 1361 1589 ὅρον
1414 1519 1598 1590 ψυχῆς
1645 1521 1744 1573 καὶ
1800 1519 1913 1572 σώ-

334 1619 531 1671 ματος.

409 1697 705 1764 Ψυχικόν.
747 1699 817 1752 Ἦ
850 1699 926 1762 ὡς
959 1701 1021 1753 τὸ
1055 1705 1450 1769 φανταστικόν.

405 1791 471 1840 Οί
496 1790 876 1859 εὐδαίμονες.
907 1794 969 1847 Οί
995 1796 1103 1847 τῶν
1155 1798 1475 1862 Αἰγυπτίων
1521 1799 1909 1869 ἱερογραμμα-

330 1884 469 1945 τείς.

405 1975 511 2028 Καὶ
543 1976 789 2047 δαίμων.
824 1981 982 2050 κατὰ
1008 1981 1107 2051 τὴν
1139 1983 1336 2036 ἑαυτοῦ
1361 1986 1694 2056 προήχησιν.

401 2068 640 2133 Ποινάς.
691 2069 974 2134 Κολάσεις.

414 2160 517 2212 Ἑν
544 2163 758 2227 τούτῳ.
809 2164 1262 2222 ’Λνταποδίδωσι.

401 2253 679 2321 Χρησμοί
702 2271 784 2311 τε.
819 2257 1075 2311 Παλαιοί.

403 2347 588 2415 Ὄναρ
635 2352 1025 2418 φαντασίαις.
1093 2348 1220 2416 (lio;
1269 2354 1379 2425 γὰρ
1423 2356 1451 2407 ὁ
1503 2354 1618 2424 βίος
1668 2357 1908 2429 ἑκάστῳ,

328 2439 582 2492 τοιαῦται
623 2443 720 2494 καὶ
767 2443 902 2512 ὄναρ
947 2444 1264 2510 φαντασίαι,
1327 2446 1423 2498 καλ¹
1477 2448 1618 2500 κατὰ
1653 2449 1714 2500 τὸ
1765 2450 1912 2514 είκδς

328 2532 480 2601 αὑτῴ
511 2533 760 2598 ἕπονται,
802 2537 968 2587 οἱονεὶ
1025 2535 1418 2606 μεθημερινῶν
1447 2539 1746 2606 φροντίδων
1771 2541 1911 2610 ἁπη-

328 2628 554 2693 χήματα
640 2623 838 2680 οὖσαν
906 2629 1003 2681 καὶ
1077 2624 1194 2682 οἷαι
1259 2631 1318 2682 αί
1394 2631 1525 2700 ὄναρ
1593 2634 1908 2700 φαντασίαι,

329 2719 594 2790 τοιαύτην
664 2720 819 2782 εἰκὸς
873 2720 970 2772 καὶ
1032 2722 1133 2790 τὴν
1195 2722 1540 2774 κατάστασιν
1602 2722 1741 2790 μετὰ
1811 2722 1912 2792 τὴν

333 2810 427 2861 τοῦ
485 2812 734 2882 σώματος
785 2813 1112 2884 ἀπαλλαγὴν
1167 2814 1448 2883 εὑρίσκειν
1507 2817 1625 2867 ἐκεῖ
1673 2815 1772 2886 τὴν
1811 2815 1912 2886 ψυ-

337 2903 464 2972 χήν·

401 3059 881 3116 Coutrectationem
911 3063 1154 3118 habuerit
1181 3063 1365 3137 [orntu-
1395 3063 1632 3116 materia'
1661 3064 1908 3129 expertis.

330 3154 538 3224 Nempe
567 3157 833 3212 doctrinas
871 3157 1143 3210 divinitus
1177 3157 1476 3225 inspirata).

399 3246 568 3314 Super
598 3249 846 3317 phantas.
879 3250 1200 3317 prospicere.
1251 3249 1318 3303 Ut
1371 3266 1496 3306 cum
1549 3252 1906 3323 intelligentia

330 3341 730 3410 transgreditur
757 3342 1127 3411 phantasiam.

397 3457 640 3512 Arduum
693 3467 788 3512 est.
841 3457 1061 3524 Quanto
1113 3473 1201 3513 res
1259 3469 1344 3513 est
1401 3459 1701 3522 dimcilior,
1753 3469 1908 3515 tanto

331 3551 546 3605 beatior
582 3558 724 3606 ultra
755 3552 1166 3621 imaginationis
1205 3544 1521 3610 facultatem
1563 3559 1906 3626 prospicere.

404 3647 439 3697 Α
452 3646 510 3699 ἱι.
542 3644 714 3699 Plato.

397 3739 791 3808 Imuginatione
833 3741 1121 3809 privatam.
1167 3740 1399 3795 Ratione
1437 3749 1496 3796 et
1544 3739 1907 3810 intelligentia

326 3831 613 3902 pneditam
624 3872 637 3885 .

399 3947 638 4017 Objeclu.
661 3948 831 4004 Nobis
853 3949 1097 4004 exhibita
1118 3959 1174 4004 et
1197 3951 1252 4003 in
1273 3961 1630 4019 conspectum
1661 3960 1907 4002 nom-um

325 4052 578 4092 νοιιιειιε.

403 4151 457 4207 Is
485 4155 675 4224 quippe
707 4155 948 4220 spiritus.
987 4155 1441 4224 imaginationem
1478 4156 1773 4225 aliquoties
1809 4172 1909 4210 vo—

328 4256 422 4303 cat
485 4248 738 4316 spiritum
798 4247 1223 4316 phantasticnm,
1268 4249 1564 4317 aliquando
1620 4250 1908 4302 animalem

329 4341 610 4410 Spiritum.
672 4342 946 4395 interdum
1013 4358 1214 4414 corpus
1254 4345 1490 4413 primum
1525 4345 1740 4407 auium,
1775 4361 1909 4398 non-

329 4451 616 4506 nunquam
667 4434 1012 4502 spiritualem
1070 4435 1337 4497 animum,
1392 4437 1722 4506 quandoque
1777 4454 1909 4492 vero

331 4505 683 4584 communem
721 4533 1016 4584 terminum
1046 4534 1295 4600 corporis
1321 4542 1375 4586 et
1403 4533 1622 4587 animm.

399 4619 683 4674 Animalia.
716 4621 919 4689 Nempe
958 4621 1350 4690 phantasticus.

402 4708 629 4767 Felices.
662 4713 816 4780 Apud
851 4710 1137 4781 Egyptios
1161 4713 1299 4766 sacri
1338 4718 1656 4783 scriptores.

402 4800 624 4855 Genius.
663 4802 977 4857 Secundum
1014 4803 1136 4872 ejus
1171 4802 1443 4858 habitum.

409 4893 616 4949 Poenas.
654 4894 1078 4964 Castigationes,
1117 4897 1554 4954 emendationes.

408 4986 476 5040 In
501 5004 560 5040 eo
589 4988 708 5041 luit.
744 4989 1040 5044 Retribuit.

366 5139 370 5142 _
404 5077 658 5132 Oracula.
693 5080 903 5135 Prisca.

417 5191 736 5247 Visionibus.
774 5192 963 5260 Qualis
991 5203 1078 5247 est
1117 5193 1262 5247 enim
1298 5196 1566 5265 cujusque
1600 5197 1730 5264 vita,
1775 5199 1912 5252 tales

326 5289 501 5344 etiam
533 5287 678 5341 inter
700 5288 1083 5342 dormiendum
1113 5289 1558 5358 imaginationes,
1591 5298 1645 5344 ct
1676 5305 1910 5343 consen-

329 5391 509 5434 tanea:
537 5395 662 5434 eum
690 5387 1018 5448 sequuntur,
1043 5396 1164 5449 qua:
1193 5381 1359 5434 veluti
1392 5380 1714 5434 t‘liurnarum
1746 5397 1910 5435 cura-

328 5483 457 5521 rum
509 5467 758 5537 reliquias
797 5477 1154 5538 extremaque
1189 5469 1415 5538 vestigia
1442 5477 1592 5524 sunt.
1631 5471 1693 5522 Et
1725 5470 1910 5538 cujus-

329 5559 483 5614 modi
515 5569 648 5613 sunt
675 5560 730 5614 in
755 5562 941 5630 quiete
966 5563 1253 5630 imagines,
1275 5579 1372 5632 par
1394 5572 1447 5616 et
1475 5573 1906 5617 consentaneum

325 5666 557 5720 quoque
597 5661 702 5717 est,
745 5665 805 5708 ut
845 5655 1005 5708 talem
1045 5655 1251 5723 pariter
1295 5655 1748 5709 constitutionem
1786 5667 1909 5724 post

329 5745 722 5810 nigrationcm
783 5757 838 5801 et
901 5747 1150 5816 corporis
1210 5748 1489 5799 interitum
1553 5747 1660 5801 illic
1725 5748 1908 5802 anima

329 5839 591 5905 reperiat.

1247 383 1576 445 SCHOLIA
1617 381 1699 442 ΙΝ
1743 383 2134 444 ΒΥΝΕὸΙΠΜ
2169 384 2268 445 DE
2310 381 2741 444 INSOMNIIS.

3492 379 3596 443 570

2094 501 2258 555 Ἐκεῖ
2275 499 2676 568 διεξαγωγὴν.
2703 497 2868 566 Ζήτει
2889 491 3051 562 λόγον
3083 491 3179 546 τοῦ
3203 491 3512 555 Πλάτωνος,
3532 493 3594 545 ὃν

2020 596 2320 662 ἐπιγράφει
2337 591 2630 645 Φαίδωνα.

2089 687 2198 740 Καὶ
2231 687 2269 751 ἡ
2299 687 2659 753 φιλοσοφία.
2702 680 2840 747 Φησὶ
2897 678 3009 749 γὰρ
3062 679 3090 731 ὁ
3138 676 3365 730 Πλάτων
3423 677 3477 726 ὲν
3511 673 3594 743 τῷ

2019 778 2144 846 περὶ
2174 777 2354 845 ψυχῆς
2409 777 2555 846 λόγῳ
2593 775 2703 826 ἀπὸ
2737 772 3035 842 προσώπου
3083 770 3178 823 τοῦ
3241 769 3592 838 Σωκράτους,

2017 869 2099 920 ὅτι
2133 868 2309 938 Πολλὴ
2341 868 2497 928 ἐλπὶς
2528 866 2850 934 ἀφικομένῳ
2884 857 3098 925 τινὶ,ὀῦ
3123 861 3235 930 ἐγὼ
3260 861 3591 927 πορεύομαι,
3638 873 3652 894 -’

2021 961 2224 1022 ἱκανῶς
2256 962 2394 1024 ἐκεῖ,
2430 961 2591 1030 εἴπερ
2615 978 2718 1011 που
2773 958 2978 1022 ἄλλοῦι,
3045 956 3353 1026 κτήσασθαι
3404 954 3590 1038 τοῦτρ,

2017 1054 2076 1106 οὗ
2109 1055 2272 1108 ἕνεκα
2302 1056 2435 1124 ἡμῖν
2461 1057 2496 1123 ἡ
2531 1053 2702 1124 πολλὴ
2731 1053 3091 1122 πραγματεία
3131 1053 3190 1104 ἐν
3252 1051 3328 1118 τῷ
3360 1050 3592 1116 παρόντι

2018 1147 2118 1218 βίῳ
2147 1149 2410 1216 γέγονεν·
2449 1147 2590 1199 ὥστε
2619 1147 2652 1217 ἦ
2684 1163 2744 1199 τε
2774 1146 3059 1215 ἀποδημία
3086 1147 3119 1214 ἡ
3151 1144 3248 1197 νῦν
3272 1145 3396 1212 ἐμοὶ
3415 1159 3590 1212 προσ-

2016 1244 2330 1308 τεταγμένη
2371 1239 2510 1308 μετὰ
2535 1239 2749 1305 ἀγαθῆς
2772 1237 2987 1298 ἐλπίδος
3028 1237 3266 1304 γίνεται,
3302 1236 3396 1288 καὶ
3445 1234 3592 1302 ἄλλῳ

2016 1333 2174 1402 ἀνδρὶ
2205 1331 2265 1394 ὃς
2295 1331 2512 1401 ἡγεῖταί
2545 1333 2592 1382 οἱ
2631 1328 3167 1398 παρασκευάσασθαι
3204 1327 3304 1395 τὴν
3348 1327 3594 1378 διάνοιαν

2015 1424 2205 1494 ὥσπερ
2235 1424 2685 1492 κεκαθαρμένην.
2726 1421 3018 1489 Κάοαρσις
3052 1421 3107 1472 δὲ
3135 1420 3302 1486 αὐτῆς
3332 1419 3394 1470 τὸ
3425 1418 3592 1487 χωρί-

2014 1515 2130 1580 ζειν
2161 1491 2244 1568 ὅτι
2274 1515 2509 1583 μάλιστα
2541 1491 2650 1567 ἀπο
2694 1512 2789 1566 τοῦ
2827 1512 3080 1583 σώματος
3115 1513 3214 1582 τὴν
3261 1511 3462 1579 ψυχὴν,
3499 1510 3592 1561 καὶ
3647 1491 3704 1538 ”³

2013 1607 2217 1670 ἐθίζειν
2241 1607 2414 1675 αὐτὴν
2447 1605 2788 1675 πανταχόθεν
2848 1606 2914 1656 ὲκ
2965 1603 3062 1655 τοῦ
3115 1603 3369 1670 σώματος
3427 1616 3592 1650 συνα-

2012 1699 2294 1768 γείρεσθαί
2363 1717 2423 1752 τε
2501 1701 2602 1753 καὶ
2646 1695 3096 1768 συναθροίζεσθαι
3155 1694 3347 1759 ὥσπερ
3393 1691 3594 1761 ὲκσδε-

2014 1792 2188 1862 σμῶν.

1943 1847 1986 1901 Β
2051 1847 2196 1936 ⁸Καὶ
2232 1883 2270 1949 ἡ
2302 1885 2658 1952 φιλοσοφία.
2703 1883 2769 1936 'll
2822 1883 2916 1935 τοῦ
2953 1881 3264 1942 Πλάτωνος,
3327 1877 3423 1930 καὶ
3475 1876 3592 1929 ὅσοι

2013 1974 2137 2028 κατ’
2168 1976 2380 2027 ἐκεῖνον
2409 1975 2472 2027 σύ
2482 1994 2718 2044 μφωνοι.

2087 2064 2256 2122 Εἶναι
2279 2067 2596 2136 δευτέρων.
2619 2069 2738 2120 Τῶν
2780 2067 2922 2137 μετὰ
2959 2066 3212 2120 Θάνατον.

2093 2161 2243 2226 Τοὺς
2270 2161 2564 2228 πρώτους.
2613 2163 2750 2232 Περὶ
2793 2161 2887 2225 οὓς
2936 2159 3179 2214 ἐνταῦθα
3225 2162 3259 2230 ἡ
3319 2161 3593 2230 φαντασία

2015 2254 2241 2322 ἑνασχολ
2251 2257 2413 2307 εἷται.

2017 2367 2020 2370 ·
2080 2347 2252 2400 Αὐτό.
2291 2349 2364 2399 Τὸ
2399 2348 2793 2415 φανταστικόν.

2084 2441 2757 2512 Ἐναποιιοργνυμένης.
2833 2441 2942 2494 Καὶ
3008 2435 3104 2494 οὖν
3166 2441 3267 2509 τῆς
3345 2439 3593 2510 χείρονος

2014 2531 2207 2597 ἕξεως.

2089 2624 2342 2691 Κηλῖὸα.
2382 2625 2668 2695 ’Λφιείσης
2696 2627 2776 2686 εἰς
2805 2625 2940 2678 αὐτὸ
2972 2624 3167 2694 ῥύπον.

2086 2719 2215 2770 Ριιο.
2247 2718 2371 2772 158.
2405 2718 2670 2784 Αἷρεται.
2704 2718 2779 2768 Τὸ
2805 2717 3199 2784 φανταστικόν.

2089 2812 2450 2877 Θερμότητα.
2488 2812 2555 2862 ‘A
2586 2811 2980 2879 προσγίνονται
3029 2811 3119 2864 διὰ
3167 2811 3444 2880 νηστείας,
3497 2809 3595 2865 καὶ

2016 2902 2345 2971 ἀγρυπνίας,
2385 2904 2479 2958 καὶ
2508 2905 2919 2967 ταπεινώσεως.
3049 2905 3052 2908 ’

2088 3063 2267 3117 Animi
2294 3064 2478 3118 vitam.
2509 3065 2753 3119 Platonis
2800 3078 3112 3119 sermonem
3145 3063 3383 3133 inquire,
3427 3079 3592 3133 quem

2016 3154 2335 3208 Phaedonem
2366 3155 2673 3224 inscripsit.

2091 3247 2156 3298 ιςι
2199 3246 2556 3316 philosophia.
2597 3248 2688 3300 Ait
2734 3247 2882 3300 enim
2912 3245 3068 3299 Plato
3108 3246 3160 3297 in
3192 3243 3282 3298 illa
3315 3243 3383 3298 de
3422 3240 3594 3298 animi

2016 3338 2429 3392 immortalitate
2485 3338 2738 3392 oratione
2811 3336 2916 3390 sub
2976 3335 3222 3390 Socratis
3279 3347 3515 3402 persona
3575 3350 3590 3386 :

2015 3430 2283 3494 Quoniam
2342 3446 2534 3499 magna
2585 3431 2995 3498 vehemensque
3042 3443 3170 3496 spes
3213 3437 3301 3481 est
3349 3425 3592 3494 enipi-as:

2018 3520 2149 3574 illuc
2195 3521 2372 3582 eunti,
2425 3536 2538 3590 quo
2585 3536 2686 3590 ego
2743 3519 3086 3589 proﬁciscor,
3124 3518 3167 3571 si
3210 3517 3435 3581 alicubi,
3485 3515 3595 3569 illic

2015 3615 2178 3668 etiam
2216 3613 2423 3670 aﬂ‘atim
2451 3630 2517 3669 ac
2538 3613 2879 3668 sutlicieuter
2917 3613 3038 3682 ejus
3069 3612 3146 3664 rei
3188 3625 3247 3664 se
3277 3617 3590 3676 compotem

2018 3706 2318 3773 ﬁeri,cujus
2342 3707 2514 3776 gratia
2537 3707 2590 3758 in
2622 3706 2722 3758 hac
2751 3705 3004 3774 praesenti
3029 3713 3083 3757 et
3106 3703 3314 3758 caduca
3341 3701 3453 3754 vita
3481 3713 3589 3753 tam

2015 3797 2235 3852 assidua
2262 3797 2678 3866 frequentiaque
2705 3798 3039 3864 suscipimus
3067 3793 3300 3862 negotia.
3323 3791 3592 3857 Quocirca

2018 3890 2134 3945 haec
2181 3891 2434 3960 migratio
2489 3890 2542 3944 in
2597 3891 2890 3958 prmsentia
2940 3888 3074 3942 mihi
3129 3885 3372 3957 injuncta
3428 3896 3592 3951 atque

2017 3983 2336 4052 praescripta
2369 3999 2493 4036 eum
2532 3984 2672 4037 bona
2705 3998 2801 4052 spe
2831 3981 3122 4049 contingit,
3154 3993 3385 4045 eamque
3413 3978 3590 4031 liben-

2018 4062 2102 4129 ter
2128 4075 2390 4143 suscipio.
2423 4075 2690 4129 Similiter
2728 4074 2910 4143 quivis
2947 4073 3088 4125 alius
3110 4072 3203 4139 qui
3237 4077 3390 4138 putat
3433 4083 3591 4122 suam

2017 4177 2256 4223 mentem
2283 4169 2434 4222 velut
2463 4169 2752 4236 exitiatam,
2781 4178 2836 4222 et
2862 4167 3121 4220 vitiorum
3156 4161 3593 4231 inquinamentis

2017 4276 2080 4315 ac
2137 4261 2395 4316 sordibus
2445 4270 2752 4331 purgatam.
2806 4261 2940 4329 Ejus
3005 4273 3172 4329 porro
3229 4255 3486 4312 lustratio
3536 4263 3594 4306 et

2017 4354 2260 4422 ettpialio
2291 4365 2400 4417 est,
2451 4364 2510 4407 ut
2557 4369 2721 4422 quam
2759 4352 2996 4405 maxime
3026 4350 3271 4403 animum
3299 4363 3327 4399 a
3360 4357 3593 4412 corpore

2019 4461 2389 4516 segregemus,
2441 4455 2499 4499 et
2556 4461 2683 4499 eum
2739 4443 3172 4498 assuefaciamus
3226 4439 3592 4505 undecunque

2017 4551 2168 4593 extra
2196 4554 2398 4607 corpus
2437 4539 2619 4608 colligi
2653 4549 2707 4593 et
2742 4535 3062 4600 convocari,
3100 4542 3360 4602 tanquam
3403 4531 3596 4583 vincu~

2015 4631 2085 4684 lis
2118 4631 2333 4686 solutus
2367 4634 2458 4686 sit.

2089 4719 2155 4774 Et
2192 4723 2542 4790 philosophia.
2595 4723 2816 4778 Scilicet
2854 4720 3118 4784 Platonis,
3163 4729 3446 4784 eteorum
3496 4715 3594 4784 qui

2015 4811 2160 4866 idem
2189 4827 2312 4866 cum
2342 4815 2434 4868 illo
2461 4816 2731 4875 sentiunt,
2765 4824 3040 4884 quotquot
3073 4823 3226 4866 sunt.

2091 4906 2479 4960 Secundarum.
2519 4910 2842 4978 Earumqua:
2872 4918 2994 4977 post
3026 4915 3258 4961 mortem
3299 4902 3594 4958 eveniunt.

2089 4999 2281 5054 Privus
2313 5002 2518 5055 vivendi
2549 5005 2801 5056 rationes.
2827 5002 2987 5056 Circa
3014 5016 3153 5069 quas
3186 4999 3239 5051 in
3275 4998 3438 5066 hujus
3470 4995 3597 5049 vitae

2015 5094 2237 5149 caducae
2263 5097 2543 5150 curriculo
2569 5096 2903 5166 imaginandi
2941 5096 3174 5147 facultas
3199 5099 3524 5160 occupatur.

2082 5191 2242 5242 Eum.
2277 5188 2540 5258 Spiritum
2575 5189 3005 5258 phantasticum.

2089 5280 2466 5351 Abstergentis.
2505 5282 2566 5333 Et
2603 5281 2809 5351 pejoris
2841 5280 3011 5348 igitur
3051 5279 3295 5332 habitus.

2087 5372 2421 5440 Squalerem.
2457 5373 2512 5426 In
2559 5388 2683 5427 eum
2719 5371 3024 5427 emittcntis
3075 5370 3417 5425 immundam
3470 5371 3600 5425 illu-

2015 5467 2186 5520 vicm.
2769 5479 2776 5486 '
3201 5462 3206 5467 ’

2085 5560 2362 5614 Eleuatur.
2396 5559 2634 5629 Spiritus
2665 5558 3064 5629 phantasticus.

2086 5656 2312 5723 Propter
2340 5654 2591 5708 calorem.
2623 5652 2754 5719 Quae
2784 5651 3164 5706 interveniunt
3208 5655 3431 5719 propter
3456 5645 3599 5716 jeju-

2013 5748 2125 5810 nia,
2157 5746 2392 5816 vigilias,
2440 5761 2654 5801 necnon
2709 5745 3075 5800 lmn‘iilitatcm
3109 5741 3388 5806 animique
3439 5737 3594 5807 abje-

2015 5851 2276 5894 ctmnem.
