4102 6294
528 370 626 434 571

1730 363 2152 427 NICEPHORI
2201 363 2590 426 GREGORB

3675 361 3800 427 57‘!

603 482 712 536 Kal
749 479 926 535 τοῦτο
955 477 1088 548 ἄρα.
1121 483 1188 535 Ai
1217 482 1346 551 περὶ
1385 481 1445 536 τὸ
1477 481 1638 550 σῶμα
1674 482 1773 550 τῆς
1794 478 1974 548 ψυχῆς
2003 477 2098 530 δυ·
2126 473 2172 534 Α
2213 477 2493 545 τάσματα,
2519 475 2607 531 οἷα
2633 478 2970 550 παρέχονται
3004 478 3060 532 αἱ
3093 477 3340 532 τοιαῦται
3359 475 3532 548 ψυχαὶ
3559 477 3786 543 εῐδωλα,

527 575 720 641 vigui;
756 573 1006 636 πλείονες
1030 573 1212 636 οὖσαι,
1243 575 1300 626 ἐν
1331 573 1470 645 μόνῃ
1515 577 1580 642 τῇ
1636 572 1952 642 διανοητικῇ
1987 587 2104 622 κοι-

532 665 764 716 νωνοῦσι
796 665 872 733 τῷ
903 665 1056 734 θείῳ,
1112 667 1178 734 ἢν
1225 665 1287 734 δὴ
1324 666 1465 718 κατὰ
1511 657 1570 715 τὸ
1616 665 1762 720 εἰκὸς
1797 664 1826 714 ὁ
1877 661 2105 714 Πλάτων

531 759 624 810 καὶ
659 761 860 827 πτερὸν
887 760 1366 828 προσηγόρευσεν,
1402 760 1499 812 ἆτε
1531 758 1842 825 ἁνάγουσαν
1869 754 1982 808 ἀπὸ
1999 755 2106 806 τῶν

531 851 746 918 θνητῶν
794 851 892 902 καὶ
953 850 1217 916 ἐπιγείων
1271 851 1370 918 τὴν
1425 849 1608 919 ψυχὴν
1687 848 1824 916 πρὸς
1888 847 1956 898 τὰ
2012 845 2108 896 οὐ·

534 947 694 1012 ρᾶνια
771 943 868 995 καὶ
941 941 1218 1008 θειότερα,
1291 943 1387 994 καὶ
1467 942 1568 994 οὐκ
1635 940 1816 992 ἐῶσαν
1876 937 2106 1008 μολύνε-

534 1037 658 1087 σθαι
692 1035 752 1087 τὸ
797 1035 1166 1103 φανταστικὸν
1198 1035 1372 1104 αὐτῆς
1425 1037 1548 1096 ταῖς
1599 1033 1820 1095 ὑλικαῖς
1851 1047 2108 1102 προσπα-

531 1129 725 1187 θείαις.

605 1219 708 1272 Καὶ
743 1219 919 1272 τοῦτο
953 1219 1090 1287 ἄρα.
1116 1219 1274 1273 Τοῦτ’
1309 1219 1457 1272 ἔστιν
1490 1219 1523 1289 ἡ
1581 1219 1678 1272 τοῦ
1731 1216 2104 1288 φανταστικοῦ

533 1311 828 1382 κάθαρσις.

605 1405 920 1472 Χηραιιοῖς.
957 1406 1084 1468 Τοῖς
1107 1404 1313 1474 βυθοῖς.

611 1493 725 1562 Τῆς
775 1497 890 1562 γῆς
927 1497 1229 1550 ἐνδύεται.
1271 1497 1611 1565 Ἐπειδήπερ
1659 1497 1690 1548 ὁ
1740 1497 1904 1564 σοφὸς
1953 1495 2108 1558 οὗτος

533 1587 792 1647 Συνέσιος
845 1587 1202 1656 αἱρεσιὼτης,
1261 1589 1338 1650 ὡς
1404 1590 1746 1658 εἰρήκειμεν,
1795 1591 1912 1642 ἐστὶ
1967 1588 2110 1642 κατὰ

537 1678 717 1729 πάντα
770 1677 867 1731 τοῦ
919 1679 1229 1742 Πλάτωνος,
1289 1681 1568 1733 κάνταῦθά
1623 1699 1682 1733 τε
1725 1683 1848 1743 ταῖς
1895 1681 2110 1733 πλείοσι

534 1768 644 1820 τῶν
681 1768 893 1820 ἐκείνου
929 1771 1134 1839 χρῆται
1160 1771 1350 1834 δοξῶν,
1383 1772 1590 1825 δίκαιον
1645 1773 1710 1826 ἂν
1743 1774 1830 1842 εἴη
1883 1773 1978 1826 καὶ
2011 1773 2110 1836 τὰς

535 1863 750 1914 ἐκείνου
793 1863 988 1932 ῥήσεις
1023 1865 1262 1916 ἐνταῦθα
1296 1866 1543 1918 ἐκθεῖναι
1589 1867 1707 1919 ἀντ’
1763 1865 1932 1936 ἄλλης
1966 1868 2112 1929 τινος

535 1955 856 2023 ἑρμηνείας.
890 1957 1060 2024 Φησὶν
1090 1951 1184 2008 οὖν
1223 1958 1430 2022 ἐκεῖνος
1455 1961 1512 2011 ἐν
1541 1959 1620 2028 τῷ
1663 1959 1920 2012 Φαίδωνι
1985 1959 2114 2029 περὶ

535 2050 637 2115 τῆς
668 2050 1055 2118 μεμιασμένης
1091 2051 1184 2102 καὶ
1216 2052 1534 2122 ἀκαθάρτου
1564 2053 1770 2121 ψυχῆς,
1833 2053 1916 2106 ὅτι
1975 2053 2112 2106 διει-

535 2140 792 2210 λημμένη
853 2141 972 2194 ἐστὶ
1035 2142 1141 2194 ὑπὸ
1190 2143 1286 2196 τοῦ
1361 2145 1780 2212 σωματοειδοῦς,
1841 2145 1870 2198 ὃ
1907 2145 2044 2215 αὐτὴ
2079 2147 2112 2214 ἠ

531 2233 720 2300 ὁμιλία
749 2249 809 2298 τε
838 2234 932 2285 καὶ
963 2234 1226 2287 συνουσία
1243 2235 1338 2288 τοῦ
1371 2236 1622 2304 σώματος
1644 2236 1732 2289 διὰ
1757 2235 1818 2289 τὸ
1864 2239 1950 2290 ἀεὶ
1992 2237 2116 2301 ξυν-

535 2326 700 2388 εἶναι,
733 2327 822 2377 καὶ
851 2325 940 2378 διὰ
967 2326 1067 2392 τὴν
1101 2325 1302 2394 πολλὴν
1343 2328 1577 2396 μελέτην
1619 2328 1845 2398 ἐποίησε
1895 2329 2114 2398 ξύμφο-

534 2431 650 2467 τον.
693 2415 992 2483 Ἐμϐριθὲς
1020 2417 1078 2468 δὲ
1108 2417 1321 2470 οἴεσθαι
1347 2418 1453 2489 χρὴ
1469 2419 1632 2472 τοῦτο
1659 2416 1800 2474 εἶναι
1833 2423 1926 2474 καὶ
1948 2423 2110 2491 βαρὺ,

535 2506 632 2557 καὶ
671 2506 895 2573 γεῶδες,
924 2509 1022 2559 καὶ
1046 2510 1245 2578 ὁρατόν
1268 2526 1282 2540 ·
1311 2510 1338 2562 ὃ
1370 2511 1435 2581 δὴ
1463 2513 1561 2564 καὶ
1591 2512 1787 2581 ἔχουσα
1822 2516 1853 2584 ἡ
1884 2515 2110 2584 τοιαύτη

533 2597 702 2666 ψυχὴ,
741 2599 1036 2664 βαρύνεται
1071 2603 1164 2654 καὶ
1191 2602 1414 2655 ἕλκεται
1439 2604 1603 2657 πάλιν
1657 2609 1738 2667 εἰς
1787 2607 1878 2659 τὸν
1917 2611 2113 2676 ὁρατὸν

535 2692 702 2741 τόπον
735 2691 887 2759 φόϐῳ
920 2691 1018 2744 τοῦ
1047 2693 1261 2755 ἀειδοῦς
1283 2713 1344 2748 τε
1368 2698 1462 2750 καὶ
1489 2697 1638 2768 ᾅδου,
1665 2698 1858 2767 ὥσπερ
1891 2701 2111 2768 λέγεται

537 2782 665 2849 περὶ
703 2782 772 2834 τὰ
835 2785 1092 2852 μνήματά
1112 2803 1168 2838 τε
1207 2787 1300 2840 καὶ
1343 2791 1473 2849 τοῦς
1506 2790 1718 2856 τάφους
1752 2793 2113 2862 καλινδουμέ-

534 2889 622 2942 νη,
653 2879 776 2944 περί
803 2875 838 2928 ἃ
868 2876 930 2945 δὴ
959 2881 1054 2932 καὶ
1083 2877 1239 2948 ὤφθη
1281 2881 1420 2934 ἄττα
1459 2882 1650 2950 ψυχῶν
1705 2885 1944 2955 σκιοειδῆ
1976 2903 2112 2954 φαν-

607 3048 674 3102 Εε
703 3051 746 3102 is
785 3054 962 3121 utique
1001 3053 1240 3122 spiritus.
1285 3055 1553 3112 Potentiae
1585 3073 1706 3126 quae
1750 3061 1936 3129 plures
1984 3071 2114 3116 sunt

532 3141 678 3194 circa
714 3157 920 3210 corpus
956 3145 1150 3208 animi,
1189 3145 1242 3198 in
1280 3147 1436 3200 miica
1471 3148 1736 3204 dumtaxat
1769 3152 2105 3222 intelligendi

531 3241 590 3286 ct
619 3235 984 3288 ratiocinandi
1013 3237 1065 3289 vi
1099 3251 1222 3290 cum
1256 3253 1515 3308 supremo
1545 3244 1772 3298 numine
1811 3253 2106 3314 menteque

533 3325 724 3376 ntnndi
755 3326 1122 3382 moderatrice
1157 3331 1591 3397 communicant,
1623 3347 1786 3401 quam
1821 3350 1952 3388 sane
1982 3337 2105 3406 jure

533 3417 744 3483 optimo
791 3415 941 3472 Plato
989 3435 1209 3488 quoque
1264 3423 1403 3475 alam
1441 3425 1797 3494 nuncupavit,
1841 3427 2104 3482 nimirum

533 3505 894 3560 deducentem
924 3521 952 3561 a
981 3509 1290 3579 fragilibus,
1313 3521 1370 3566 et
1391 3513 1636 3569 interimi
1662 3517 1915 3571 obnoxiis
1941 3519 2108 3574 rebus

534 3606 700 3664 atque
733 3599 970 3654 terrenis
1000 3603 1244 3656 animum
1289 3605 1354 3658 ad
1392 3607 1666 3668 caelestes,
1700 3618 1756 3662 et
1783 3609 2105 3676 diviniores,

534 3704 712 3754 neque
762 3693 1032 3746 sinetrtem
1069 3695 1386 3750 labefactari
1431 3703 1898 3770 conspurcarique
1947 3717 2106 3758 suam

535 3775 978 3848 imaginationem
1015 3785 1392 3840 materialibus
1421 3789 1825 3844 affectionibus.

603 3871 674 3924 Et
707 3873 841 3926 illud
869 3891 1080 3931 rursus.
1103 3877 1373 3934 Nimirum
1401 3881 1804 3950 imaginationis
1827 3885 2104 3954 purgatio.

611 3967 784 4018 Terra:
815 3983 1096 4022 cavernas.
1141 3969 1285 4024 lnios
1313 3972 1576 4040 gurgites.

606 4055 936 4126 Ingreditur.
1003 4061 1460 4132 Quandoquidem
1524 4066 1698 4120 solers
1767 4065 1859 4121 hic
1917 4077 2109 4123 noster

534 4149 819 4220 Synesius,
857 4153 1016 4208 sicuti
1048 4154 1307 4218 diximus,
1346 4157 1604 4212 omnibus
1633 4159 1688 4212 in
1725 4157 1890 4214 rebus
1922 4161 2112 4216 Plato-

533 4246 621 4298 nis
651 4255 733 4299 est
769 4247 1074 4302 acerrimus
1119 4257 1380 4313 sectator,
1415 4251 1504 4304 hic
1551 4265 1770 4321 quoque
1817 4253 2108 4320 permultis

533 4338 724 4391 abillo
765 4339 1070 4407 desumptis
1113 4343 1290 4393 utitur
1331 4343 1645 4410 sententiis,
1685 4359 1901 4413 :equum
1942 4344 2112 4400 fuerit

537 4429 686 4482 illius
729 4429 872 4482 dicta
927 4430 1032 4484 hoc
1077 4432 1128 4484 in
1166 4431 1286 4486 loco
1315 4443 1592 4500 exponere
1641 4449 1744 4502 pro
1777 4435 1882 4489 alia
1916 4438 2110 4505 quavis

2141 3967 2168 3998 Χ

2208 568 2367 638 δίκην
2411 571 2661 622 τίνουσαι
2709 570 2804 622 τοῦ
2863 569 3136 639 προτέρου
3187 569 3305 639 βίου
3361 568 3533 622 κακοῦ
3583 569 3784 631 ὄντος⁸

2213 663 2304 712 καὶ
2341 661 2501 731 μέχρι
2525 662 2716 715 τούτου
2750 663 3080 724 πλανῶνται,
3106 663 3300 732 μέχρις
3349 661 3416 715 ἂν
3446 665 3513 731 τῇ
3541 661 3634 714 τοῦ
3667 661 3794 723 Ξυν-

3279 753 3551 822 ὲπιθυμῐᾳ
3617 755 3784 806 πάλιν

2203 845 2500 898 ἐνδεθῶσιν
2533 849 2614 909 εἱς
2647 847 2839 916 adipa-
2876 847 3154 900 ἐνδοῦνται
3193 846 3248 898 δὲ
3279 845 3472 914 ὥσπερ
3505 845 3654 906 εἰκὸς
3703 847 3802 906 εἰς·

2207 937 2278 989 τὰ
2307 937 2532 990 τοιαῦτα
2557 938 2686 1009 ἤθη,
2722 939 2884 992 ὁποῖά
2920 939 3040 991 ποτ’
3089 937 3156 991 ἂν
3209 939 3304 991 καὶ
3357 937 3806 1008 μεμελετηκυῖαι,

2207 753 2708 810 επακολουθοῦντος
2789 756 3190 824 σωματοειδοῦς

2209 1034 2557 1102 τυγχάνωσιν
2593 1038 2651 1086 ἐν
2677 1035 2756 1104 τῷ
2803 1033 2904 1104 βίῳ
2925 1050 2939 1064 ·
2973 1029 3085 1088 οἷον
3118 1035 3248 1096 τοὺς
3297 1034 3397 1104 μὲν
3431 1050 3786 1103 γαστριμαρ-

2211 1125 2335 1192 γίας
2359 1143 2417 1178 τε
2454 1129 2548 1178 καὶ
2583 1126 2772 1197 ὕϐρεις
2795 1127 2890 1179 καὶ
2942 1127 3272 1196 φιλοποσίας
3335 1126 3786 1196 μεμελετηκότας

2211 1219 2291 1280 εὶς
2319 1218 2387 1270 τὰ
2441 1219 2552 1271 τῶν
2584 1219 2722 1271 ὄνων
2748 1223 2882 1288 γένη
2925 1219 3020 1272 καὶ
3056 1220 3166 1272 τῶν
3201 1220 3408 1290 ὁμοίων
3461 1219 3670 1288 θηρίων
3708 1221 3798 1271 ετ-.

2211 1309 2306 1372 κὸς
2333 1310 2649 1363 ἐνδύεσθαι·
2689 1315 2814 1374 τοὺς
2842 1312 2901 1365 δέ
2931 1329 2994 1380 γε
3033 1311 3252 1376 ἀδικίας
3291 1329 3350 1364 τε
3387 1315 3483 1364 καὶ
3527 1313 3792 1381 τυραννέ-

2209 1399 2307 1460 δας
2347 1403 2438 1453 καὶ
2475 1403 2734 1471 ἁρπαγὰς
2767 1403 3251 1473 προτετιμηκότας
3281 1405 3362 1466 εἰς
3423 1407 3493 1457 τὰ
3530 1405 3641 1458 τῶν
3691 1404 3802 1455 7.6--

2211 1509 2326 1545 κων
2358 1509 2416 1544 τε
2439 1497 2532 1545 καὶ
2563 1495 2800 1564 ἱεράκων
2835 1497 2930 1548 καὶ
2961 1495 3184 1549 ἰκτίνων
3213 1496 3348 1563 γένη
3375 1513 3390 1526 ·
3421 1497 3549 1558 τοὺς
3601 1496 3658 1548 δὲ
3687 1497 3788 1564 τὴν

2214 1583 2503 1652 πολιτικήν
2540 1602 2599 1636 τε
2636 1588 2730 1638 καὶ
2759 1587 3064 1656 δημοτικὴν
3097 1587 3596 1655 ἐπιτετηδευκὸτας
3647 1587 3798 1655 ἀρε-

2211 1676 2330 1744 τὴν,
2367 1676 2434 1745 ἢν
2461 1675 2526 1744 δὴ
2555 1675 2782 1729 καλοῦσι
2819 1677 3178 1747 σωφροσύνην
3209 1690 3270 1729 τε
3297 1677 3390 1729 καὶ
3434 1677 3790 1746 δικαιοσύνην

2213 1767 2274 1830 ἐξ
2300 1767 2461 1830 ἔθους
2479 1769 2584 1821 «αἱ
2619 1769 2855 1838 μελέτης
2907 1771 3226 1837 γεγονυῖαν,
3283 1769 3412 1822 ἄνευ
3463 1769 3788 1838 φιλοσοφίας

2215 1861 2310 1912 καὶ
2338 1859 2432 1912 νοῦ
2461 1862 2612 1924 εἰκός
2639 1863 2792 1914 ἐστιν
2815 1861 3059 1914 τοιοῦτον
3112 1863 3276 1914 πάλιν
3311 1863 3672 1931 ἀφικνεῖσθαι
3691 1879 3790 1914 πο-

2215 1952 2418 2006 λιτικὸν
2449 1957 2542 2006 καὶ
2563 1955 2770 2023 ἥμερον
2799 1954 2980 2020 γένος,
3006 1953 3040 2024 ἦ
3079 1969 3184 2006 που
3216 1953 3508 2024 μελιττῶν,
3541 1953 3574 2022 ἢ
3639 1969 3786 2024 σφη-

2213 2043 2346 2104 κῶν,
2376 2044 2409 2114 ἢ
2449 2046 2784 2114 μυρμήκων,
2810 2046 2843 2114 ἢ
2873 2047 2966 2097 καὶ
3001 2046 3082 2107 εἰς
3109 2047 3276 2100 ταυτό
3307 2063 3373 2114 γε
3406 2047 3574 2099 πάλιν
3602 2047 3665 2099 τὸ
3695 2049 3788 2098 ἀν·

2215 2135 2490 2210 θρώπινον
2525 2137 2704 2203 γένος,
2737 2141 2831 2190 καὶ
2877 2139 3127 2206 γενεσθαι
3161 2140 3218 2206 ἐξ
3249 2139 3428 2193 αὐτῶν
3463 2139 3665 2208 ἄνδρας
3685 2157 3788 2207 με·
3837 2125 3842 2130 ’

2213 2226 2400 2294 τρίους
2435 2227 2614 2290 εἰκὸςι
2646 2229 2728 2290 εἰς
2763 2227 2822 2280 δέ
2877 2245 2942 2295 γε
2979 2227 3116 2281 Θεοῦ
3163 2229 3319 2298 γένος
3359 2229 3434 2300 μὴ
3491 2230 3784 2300 φιλοσοφή·

2215 2335 2370 2371 σαντι
2397 2321 2494 2372 καὶ
2519 2318 2745 2388 καθαρῷ
2775 2321 3056 2383 παντελῶς
3092 2321 3311 2374 ἀπιόντι
3348 2323 3408 2373 οὐ
3441 2323 3604 2390 θέμις
3649 2323 3787 2390 ἀφι-

2214 2411 2461 2466 κνεῖσθαι
2517 2413 2634 2466 ἀλλ’
2682 2413 2716 2482 ἢ
2771 2413 2850 2483 τῷ
2901 2413 3229 2484 φιλομαθεϊ·
3295 2415 3573 2483 φιλομαθῆ
3607 2415 3666 2467 δὲ
3695 2415 3804 2466 τὸν.

2215 2505 2509 2574 φιλόσοφον
2527 2504 2700 2572 λέγει,
2729 2504 2806 2567 ὡς
2843 2505 3269 2575 φιλοπράγμονα
3291 2505 3386 2558 καὶ
3428 2505 3802 2576 ἐρευνητικουι

2215 2599 2344 2663 περὶ
2377 2597 2479 2664 τὴν
2511 2595 2677 2664 φύσιν
2709 2597 2820 2649 τῶν
2841 2596 3036 2651 ὄντων.

2287 2689 2702 2757 Κακοὸαίμων.
2727 2689 3031 2757 Δυστυχὴς.

2292 2779 2400 2832 (70';-
2418 2797 2488 2844 ῳ.
2515 2779 2628 2831 Καὶ
2661 2779 2918 2832 κολάσεσι
2945 2780 3032 2832 διὰ
3072 2780 3292 2850 χρόνου.

2289 2873 2748 2942 Καθηραμένην.
2784 2872 2894 2944 Τὴν
2931 2875 3258 2941 φαντασίαν.

2214 3047 2718 3118 circnmvagantnr,
2751 3047 2932 3117 quoad
2965 3047 3268 3118 cupiditate
3335 3057 3547 3104 natura:
3577 3063 3796 3120 corpo-

2215 3155 2322 3194 rea:
2367 3141 2684 3203 comitante,
2737 3154 2928 3194 rursus
2984 3139 3218 3194 induant
3275 3154 3494 3210 corpus.
3543 3139 3796 3195 Iudnunt

2214 3241 2419 3296 autem,
2453 3241 2514 3284 ut
2555 3231 2855 3286 verisimile
2897 3239 3006 3296 est,
3049 3231 3318 3304 ejusmodi
3367 3247 3565 3296 mores,
3594 3233 3788 3301 quales

2214 3325 2269 3380 in
2301 3325 2412 3380 vita
2454 3333 2846 3382 exercuerunt.
2885 3327 3064 3382 Veluti
3099 3343 3196 3383 eos
3239 3329 3332 3400 qui
3371 3327 3576 3382 ventris
3607 3328 3791 3398 inglu-

2216 3419 2318 3474 vici
2351 3417 2520 3472 dediti
2567 3418 2747 3484 fuere,
2771 3430 2828 3476 et
2867 3422 3242 3486 contumeliis,
3273 3419 3516 3490 ﬂagitiis,
3563 3437 3790 3488 compo-

2216 3511 2622 3581 tatienibusquc
2653 3523 2912 3568 vacantes
2935 3515 3172 3569 inertem
3208 3521 3373 3584 atque
3411 3515 3671 3569 lascivam
3703 3515 3788 3568 vi-

2215 3610 2323 3654 tam
2347 3603 2962 3674 cgere,necquidquam
2987 3604 3140 3674 pensi
3163 3605 3500 3675 pudorisque
3520 3606 3788 3668 habuere,

2214 3703 2640 3749 consentaneum
2669 3705 2756 3751 est
2779 3699 3060 3752 asinorum
3091 3707 3150 3752 et
3184 3699 3446 3754 similium
3479 3700 3784 3754 belluarum

2216 3802 2448 3855 corpora
2477 3789 2702 3842 subire:
2735 3805 2831 3844 eos
2859 3805 2992 3844 vero
3028 3791 3122 3860 qui
3155 3791 3407 3862 injurias,
3443 3794 3799 3862 tyranuides,_

2218 3880 2440 3944 rapinas
2479 3894 2592 3948 prae
2618 3882 2831 3936 caeteris
2858 3881 3028 3936 secuti
3062 3893 3214 3948 sunt,
3245 3882 3299 3936 in
3328 3883 3604 3952 luporum,
3637 3885 3788 3939 acci-

2215 3969 2461 4037 pitrum,
2514 3972 2919 4043 milvorumquc
2969 3989 3172 4042 genera
3219 3975 3466 4045 migrare
3532 3991 3632 4046 par
3683 3991 3784 4038 es,

2214 4079 2394 4131 neque
2434 4065 2544 4119 alio
2581 4067 2815 4120 transire
2859 4066 3154 4121 dicendum
3193 4076 3308 4133 est;
3361 4082 3457 4122 eos
3489 4083 3651 4137 porro
3690 4070 3784 4138 qui

2217 4155 2432 4210 civilem
2481 4157 2914 4226 popularemque
2963 4157 3250 4220 virtutem,
3278 4173 3442 4228 quam
3477 4169 3788 4228 temperan-

2217 4249 2349 4304 tiam
2396 4259 2448 4304 et
2491 4241 2761 4319 iustitiam
2809 4249 3115 4313 nominant.
3167 4267 3234 4304 cx
3279 4253 3680 4308 consuetudine
3729 4264 3788 4306 et

2217 4342 2611 4396 exercitatione
2650 4341 2976 4411 acquisitam
3014 4342 3221 4411 absque
3255 4343 3600 4411 pltiloSOphia
3633 4359 3788 4399 men-

2220 4434 2400 4502 tisque
2431 4426 2726 4502 sagacitate
2749 4448 3071 4497 exercuere,
3097 4433 3302 4489 decens
3335 4445 3422 4489 est
3457 4437 3556 4490 hos
3589 4437 3642 4489 in
3677 4437 3786 4489 tale

535 4521 1012 4590 interpretatione.
1049 4523 1209 4592 Ergo,
1253 4524 1432 4594 inquit
1474 4526 1566 4579 ille
1621 4527 1675 4580 in
1727 4526 2010 4592 Phaedone,
2042 4527 2112 4584 de
2147 4533 2189 4587 ι)
2215 4523 2492 4593 quoddam
2523 4537 2695 4592 genus
2725 4521 2926 4575 iterum
2953 4521 3119 4578 civile
3147 4539 3210 4578 ac
3235 4535 3583 4578 mansuetum
3614 4525 3790 4579 demi-

535 4615 716 4668 anima
749 4615 954 4684 polluta
997 4625 1054 4670 et
1084 4616 1298 4684 impura
1329 4618 1496 4672 verba
1541 4617 1766 4682 faciens,
1798 4621 1944 4689 quod
1975 4635 2108 4674 con-

535 4703 750 4770 tagione
779 4719 1044 4772 corporca
1075 4704 1274 4760 infecta
1304 4707 1654 4775 involutaqne
1681 4708 1770 4770 sit,
1802 4725 1964 4778 quam
1993 4711 2106 4779 ipsa

534 4794 876 4847 consuetudo
927 4811 1364 4866 congressusque
1403 4813 1528 4853 cum
1571 4815 1824 4869 corpore,
1879 4813 2107 4870 propter

534 4884 863 4948 continuam,
916 4885 1381 4951 familiaritatem,
1441 4889 1762 4958 cultumque
1822 4891 2105 4945 assiduum

533 4978 878 5044 congenitam
905 4987 962 5032 et
1005 4977 1278 5048 geminam
1321 4980 1522 5034 eil'ecit.
1566 4981 1940 5037 Ponderosum
1973 4999 2108 5039 vero

536 5068 587 5120 id
613 5068 912 5134 putandum
947 5078 1053 5130 est,
1088 5085 1274 5138 grave,
1306 5079 1582 5126 terrenum
1616 5081 1673 5126 et
1715 5074 1951 5138 visibile,
1995 5091 2104 5145 quo

535 5175 660 5211 cum
703 5159 1000 5227 prmpcdita
1029 5161 1103 5215 sit
1139 5160 1262 5216 talis
1289 5163 1491 5223 anima,
1515 5173 1776 5233 gravatur
1805 5173 1972 5233 atque
1997 5174 2110 5221 tra-

537 5249 689 5304 hitur
717 5266 936 5305 rursum
985 5251 1040 5306 in
1089 5251 1270 5308 locant
1304 5254 1580 5308 visibilem
1613 5256 1909 5312 formidine
1953 5267 2109 5314 tene-

537 5343 706 5406 brosi.
734 5344 1017 5414 caliginosi
1051 5355 1108 5400 et
1138 5347 1192 5400 in
1237 5361 1368 5402 orco
1391 5347 1614 5410 occulti,
1640 5349 2106 5419 quemadmodum

536 5437 713 5492 fertur
757 5438 900 5491 circa
945 5449 1298 5494 monumenta
1346 5441 1702 5510 sepulcraque
1737 5442 1959 5498 assidue
1989 5459 2112 5498 ver-

537 5539 712 5594 satur,
751 5531 896 5584 circa
944 5547 1066 5600 quze
1115 5533 1362 5601 profecto
1401 5534 1514 5602 jam
1549 5535 1810 5588 nonnulla
1847 5551 2112 5604 apparue-

539 5630 669 5674 runt
703 5621 1010 5676 animarum
1043 5625 1296 5678 urnbrosa
1329 5623 1732 5692 phantasmata,
1758 5626 1938 5693 qualia
1971 5641 2112 5694 prte-

543 5713 728 5769 Ierunt
766 5725 822 5770 ct
853 5717 1116 5770 exhibent
1161 5717 1452 5770 simulacra
1497 5716 1630 5770 tales
1661 5716 1876 5780 animae,
1919 5733 2112 5786 pecu-is

545 5809 763 5865 luentes
809 5809 930 5865 vita:
977 5808 1298 5865 facinorosae
1345 5817 1624 5863 anteactm.
1670 5809 1859 5874 Itaque
1917 5811 2104 5866 landin

2218 4631 2377 4686 grare
2415 4615 2844 4685 quodammodo,
2887 4631 3074 4686 apum,
3119 4631 3410 4685 vesparum
3455 4625 3550 4671 aut
3596 4617 3788 4671 formi-

2218 4724 2430 4771 carum,
2463 4709 2720 4778 deinceps
2755 4708 2807 4761 in
2853 4707 2994 4762 idem
3035 4723 3226 4762 rursus
3256 4725 3430 4778 genus
3461 4709 3782 4775 humanum,

2218 4799 2606 4868 modestosque
2629 4814 2694 4853 ex
2739 4799 2848 4854 illis
2894 4799 3146 4853 homines
3181 4799 3295 4852 fieri
3327 4815 3628 4870 congruum
3679 4810 3783 4856 est.

2218 4890 2324 4945 Sed
2363 4891 2416 4944 in
2447 4891 2675 4944 deorum
2711 4889 3060 4960 gcnusmuili
3093 4889 3176 4942 fas
3207 4900 3292 4944 est
3335 4891 3644 4959 pervenire,
3680 4892 3786 4946 nisi

2221 4983 2328 5036 illis
2354 4983 2446 5052 qui
2481 4982 2727 5036 discendi
2762 4981 3064 5053 cupiditate
3091 4981 3385 5052 flagrantes
3421 4982 3794 5052 philosOplmti

2218 5085 2369 5141 sunt,
2396 5083 2452 5128 et
2477 5076 2592 5144 puri
2617 5075 2845 5129 omnino
2867 5089 2932 5128 ex
2957 5073 3058 5128 bac
3079 5073 3189 5127 vita
3217 5074 3541 5143 migrarunt.
3567 5073 3788 5128 Discen-

2220 5168 2270 5220 di
2307 5167 2607 5236 cupiditate
2636 5164 2957 5236 ﬂagrantem
2988 5175 3150 5220 vocat
3175 5165 3590 5235 philosophum,
3617 5165 3784 5220 veluti

2219 5259 2498 5314 curiosum
2527 5267 2583 5314 et
2611 5267 2976 5314 scrutatorem
3007 5267 3213 5312 naturae
3239 5271 3430 5312 eorum
3460 5274 3582 5324 quas
3610 5257 3794 5327 reipsa

2219 5360 2370 5406 Sunt.

2290 5442 2503 5512 Infelix.
2537 5441 2751 5506 Misera,
2783 5439 3118 5498 calamitosa.

2294 5535 2520 5588 Labore.
2557 5533 2626 5588 Et
2652 5532 3107 5604 castigationibus
3143 5541 3266 5602 post
3311 5532 3532 5602 longum
3567 5531 3782 5590 diutur-

2225 5641 2467 5693 numqnc
2499 5636 2734 5692 tempus.

2303 5715 2367 5768 Ut
2438 5716 2644 5768 animus
2677 5725 2932 5784 purgatus
2969 5723 3222 5783 emergat.
3263 5711 3486 5766 Scilicet
3517 5721 3780 5780 paantas-

2229 5819 2387 5863 tlcus.
