4102 6294
448 357 521 414 73
1299 363 1620 417 summa
1665 364 1738 420 IN
1786 366 2175 423 hY'MSblUM
2220 368 2317 426 DE
2360 369 2795 432 tNSOMNltS.
3537 381 3650 444 574

486 463 796 532 Γενομένη
823 464 956 534 γάρ.
990 466 1060 518 Ἦ
1091 465 1164 529 ὡς
1191 465 1250 530 ἐξ
1276 467 1450 538 ἀρχῆς
1496 471 1577 531 εἰς
1611 469 1848 540 ὓπαρξιν
1901 471 1985 523 ὲλ-
2009 476 2060 535 Α

413 554 582 610 θοῦσα
614 556 647 624 ἡ
689 556 1036 626 φανταστικὴ
1069 557 1246 628 ψυχή.

485 647 618 713 Τοῖς
648 647 904 716 χείροσι.
933 650 1060 712 Τοῖς
1093 651 1320 712 ὑλικοῖς.

491 740 622 805 Τοῖς
648 741 1016 808 κρείττοσιν.
1049 742 1176 805 Τοῖς
1207 748 1442 816 νοεροῖς.

489 834 606 884 Ἦν
639 830 990 893 δανείζεται.
1021 834 1243 906 Ταύτην
1294 838 1396 908 τὴν
1453 843 1830 910 φανταστικὴν
1883 842 1990 911 ψυ-

412 925 534 994 χήν.

436 1012 438 1014 ’
491 1018 632 1072 Ἀπὸ
676 1018 797 1073 τῶν
822 1021 1122 1089 σφαιρῶν.
1156 1023 1395 1091 Σφαῖραι
1436 1024 1671 1078 ἐνταῦθα
1705 1029 1990 1097 γοητεύον-

412 1128 500 1164 ται
524 1112 635 1166 ἀπὸ
657 1112 757 1181 τῆς
780 1112 1010 1185 πρώτης
1037 1114 1131 1168 καὶ
1159 1116 1438 1186 ἀνάστρου
1465 1117 1649 1187 πάσης
1681 1119 1846 1190 μέχρι
1883 1122 1988 1190 τῆς

414 1202 727 1272 σεληνικῆς.

487 1295 815 1352 Κατιοῦσα.
859 1297 927 1351 Ἦ
959 1297 1157 1368 λογικὴ
1180 1299 1276 1353 καὶ
1313 1303 1502 1370 νοερὰ.

491 1387 576 1452 Τῷ
621 1389 962 1458 σωματικῷ.
1017 1392 1208 1462 Τούτῳ
1265 1393 1341 1464 τῷ
1380 1395 1489 1447 ἀπὸ
1543 1396 1644 1466 τῆς
1691 1397 1987 1468 σεληνικῆς

417 1480 657 1548 σφαίρας
700 1482 862 1551 μέχρι
901 1483 1006 1552 τῆς
1050 1487 1156 1556 γῆς
1194 1487 1274 1557 τῷ
1307 1489 1583 1560 γινομένῳ
1637 1491 1731 1542 καὶ
1762 1489 1985 1560 φθειρο-

420 1591 588 1642 μενῳ.

484 1666 564 1720 Ἦ
590 1667 984 1748 συναγαγεῖν.
1010 1669 1148 1722 Μεθ’
1178 1671 1381 1743 ἑαυτῆς
1405 1674 1501 1725 καὶ
1536 1673 1637 1744 τὴν
1687 1691 1984 1743 φανταστι-

413 1758 516 1828 κὴν
538 1757 722 1830 ψυχήν

484 1849 674 1913 Μόλις
705 1848 826 1918 μὲν
855 1849 986 1918 γάρ.
1029 1849 1281 1913 Σπανίως
1331 1851 1432 1921 μὲν
1467 1852 1683 1920 γίνεται
1735 1854 1896 1908 τοῦτο
1924 1853 1990 1906 τδ-
2019 1859 2060 1918 3

410 1941 656 2008 ἀφεῖναι..

493 2031 682 2086 Ἀλλὰ
698 2032 939 2102 γένοιτ’.
966 2032 1113 2085 Ἀλλ’
1134 2033 1286 2104 ὅμως
1306 2036 1547 2105 ἐγχωρεῖ
1573 2035 1831 2104 γενέσθαι
1851 2037 1986 2090 ποτὲ

406 2124 506 2176 καὶ
528 2124 713 2178 τοῦτο.

477 2216 574 2283 Μὴ
605 2217 1055 2286 συνεπόμενον.
1093 2214 1168 2268 Τὸ
1207 2218 1574 2285 φανταστικὸν
1597 2218 1841 2287 πνεῦμα.

485 2310 568 2363 Οὑ
598 2309 710 2377 γὰρ
743 2309 927 2378 θέμις.
964 2308 1039 2363 Οὐ
1071 2309 1178 2379 γὰρ
1209 2309 1418 2378 πρέπον
1447 2309 1565 2362 ἐστὶ
1597 2311 1676 2381 τῷ
1709 2310 1985 2380 ἀνθρώπῳ

407 2400 638 2477 ἐκείνοις
665 2402 942 2454 ἀπιστεῖν.
973 2400 1215 2471 Πρώτως
1259 2403 1603 2468 ὲγνωσμὲναι
1637 2403 1775 2454 εἰσὶν
1806 2403 1860 2454 αἱ
1895 2418 1987 2454 τε·

406 2493 582 2547 λεταί.
627 2493 864 2556 Τελετὰς
893 2493 953 2545 δέ
987 2509 1123 2563 φησι
1146 2492 1216 2546 τὰ
1263 2493 1509 2563 μυστικὰ
1569 2493 1662 2546 καὶ
1693 2494 1815 2566 ἱερὰ
1861 2495 1986 2563 δόγ-

413 2602 582 2653 ματα.

479 2677 733 2746 Αἰσχρά.
769 2677 1248 2747 Κατησχυμμένη,
1269 2679 1487 2742 ἄδικος.

492 2767 854 2834 Ἐπὰνοδος.
897 2769 1032 2830 Ταῖς
1060 2769 1312 2837 λογικαῐς
1343 2769 1548 2840 ψυχαῖς
1579 2770 1844 2832 ἐκείναις.

480 2861 549 2916 Τὸ
591 2861 940 2930 ἀλλότριον.
996 2859 1163 2914 Τοῦτ’
1211 2860 1329 2913 ἔστι
1366 2861 1746 2932 φανταστικὴν
1774 2862 1980 2932 ψυχήν.

482 3033 686 3090 Emorta
715 3035 877 3088 enim.
911 3033 1051 3100 Quia
1092 3032 1368 3104 principio
1401 3049 1458 3088 In
1507 3030 1878 3088 substantiam
1927 3043 1986 3089 et

409 3128 576 3182 vitam
599 3127 811 3184 accedit
844 3126 1028 3180 anima
1050 3126 1417 3196 phantastica.

2161 476 2448 531 Ἀνωθεν.
2488 479 2587 532 Ἐκ
2615 479 2724 532 τῶν
2752 481 3019 551 σφαιρῶν,
3052 484 3128 547 ὡς
3144 485 3382 556 προέφη.

2164 569 2273 622 Καὶ
2295 570 2493 626 τοῦτο.
2529 572 2638 625 Καὶ
2674 574 2840 626 ταυτὸ
2872 575 2992 642 μὲν,
3029 579 3188 647 φησὶ,
3251 580 3312 632 τὸ
3365 580 3662 652 δυνηθῆναι

2094 659 2324 730 λογικὴν
2353 662 2532 733 ψυχὴν
2560 665 2780 730 ἀφεῖναι
2806 666 2868 718 τὸ
2900 671 3272 735 φανταστικὸν
3315 672 3530 742 πνεῦμα
3562 675 3663 743 βα-

2097 753 2291 824 ρυνθὲν
2324 754 2495 818 κάτω,
2560 758 2654 810 καὶ
2703 758 2948 812 ἀνελθεῖν
2978 761 3274 828 ἐλευθέραν
3308 767 3408 831 τῆς
3471 765 3656 834 ὑλικῆς

2095 843 2332 914 σχέσεως
2355 846 2528 917 αὐτὴν
2554 848 2691 917 πρὸς
2719 849 2790 902 τὰ
2821 849 3098 918 μετέωρα,
3124 852 3296 922 δῶρον
3320 854 3385 906 ἂν
3417 855 3500 923 εἴη
3523 855 3658 907 Θεοῦ

2091 952 2152 987 τε
2204 939 2598 1007 συναιρομένου
2651 940 2876 1010 τρόποις
2930 943 3216 1013 ἀρρήτοις,
3271 946 3366 998 καὶ
3412 945 3654 1014 τελετῆς,

2093 1023 2238 1076 τοῦτ’
2272 1025 2386 1076 ἔστι
2423 1027 2694 1097 μυστικῆς
2725 1031 2820 1082 καὶ
2848 1029 3128 1103 θειοτέρας
3162 1035 3508 1096 διδασκαλίας
3537 1052 3661 1087 παι-

2089 1113 2450 1180 δαγωγούσης
2500 1117 2595 1170 καὶ
2656 1120 3106 1189 σωφρονιζούσης
3157 1124 3372 1192 αὑτήνο
3408 1124 3546 1194 πλὴν
3596 1123 3658 1175 οὐ

2092 1206 2315 1270 πολλαῖς
2350 1208 2417 1260 ἂν
2475 1210 2686 1276 γένοιτο
2721 1211 2884 1264 τοῦτο
2929 1213 3156 1282 ψυχαῖς.
3201 1213 3340 1266 ἀλλὰ
3371 1214 3524 1284 μόλις
3558 1214 3662 1285 μιᾷ

2088 1315 2213 1361 τινι,
2277 1299 2309 1369 ἢ
2361 1300 2456 1353 καὶ
2506 1301 2736 1373 δευτέρᾳ
2762 1320 2776 1333 ·
2809 1303 2958 1371 ὅμως
2996 1306 3089 1356 καὶ
3137 1305 3340 1374 ταύτης
3376 1310 3441 1376 τῇ
3481 1308 3660 1376 ἀνόδῳ

2093 1394 2393 1461 μέμφεται.
2441 1393 2683 1464 Αἱσχρὰν
2716 1395 2823 1467 γὰρ
2885 1395 3010 1466 ἔφη,
3048 1399 3140 1450 καὶ
3196 1400 3661 1470 κατῃσχυμμένην

2089 1484 2279 1550 αὐτὴν,
2308 1484 2383 1547 ὡς
2417 1485 2602 1538 ἄδικον
2643 1489 2931 1554 φανεῖσαν,
2971 1489 3060 1543 διὰ
3112 1491 3174 1542 τὸ
3225 1492 3300 1560 μὴ
3347 1491 3661 1546 ἀποδιδόναι

2038 1578 2040 1580 ’
2089 1574 2149 1626 τὸ
2171 1576 2476 1645 ἀλλότριον,
2507 1576 2635 1628 ὅθεν
2658 1578 2976 1647 ἠρανίσατο.

2157 1668 2353 1721 Φύσιν
2374 1667 2464 1723 δέ.
2495 1669 2653 1721 Τοῦτ’
2689 1670 2826 1737 ἐστι,
2868 1672 3098 1740 φυσικὸν
3126 1673 3310 1741 δέσὲστι
3334 1672 3498 1728 τοῦτο

2166 1760 2403 1829 Ψυχὴν.
2438 1762 2701 1832 Λογικήν.

2170 1851 2579 1920 Ὃμορῤοθεῖν.
2628 1854 2973 1908 ’Λκολουθείν
3003 1857 3290 1921 ἑκουσίως.

2163 1945 2436 2000 Ἔλκειν.
2477 1948 2776 2004 Ἀκουσαν.

2159 2037 2511 2093 Ἔλκεσθαι.
2553 2035 2624 2092 *Δ
2633 2059 2747 2097 κον.

2169 2129 2318 2182 Ὑπὸ
2352 2132 2567 2198 κάκης.
2609 2131 2747 2186 Ὑπὸ
2777 2136 2874 2205 τῆς
2907 2134 3101 2206 ὑλικῆς
3152 2137 3554 2206 προσπὰθείας.

2167 2220 2469 2290 Ἐφεῖσαν.
2512 2225 2689 2277 Ἐνδοῦ
2699 2243 2816 2281 σαν.
3512 2229 3521 2237 ’

2160 2317 2270 2369 Καὶ
2309 2317 2470 2370 τοῦτ’
2491 2317 2686 2372 ἔστιν.
2721 2320 3058 2390 ιῖαραινοῦσι
3103 2321 3212 2392 γὰρ
3248 2321 3318 2375 τὰ
3370 2323 3657 2376 Χαλδαϊκὰ

2086 2407 2245 2476 λόγια
2274 2410 2386 2463 ἅνω
2409 2410 2604 2464 τείνειν
2633 2411 2895 2482 διηνεκῶς
2923 2415 3017 2468 τὸν
3051 2415 3174 2467 νοῦν
3206 2416 3344 2484 πρὸς
3370 2415 3527 2478 Θεὸν,
3561 2416 3659 2468 καὶ

2090 2503 2167 2572 μὴ
2207 2507 2562 2574 παραχωρεῖν
2601 2505 2764 2558 αὑτὸν
2796 2506 2948 2559 κάτω
3006 2505 3186 2560 νεύειν
3246 2509 3328 2567 εἰς
3358 2507 3450 2558 τὸν
3495 2506 3657 2572 περί-

2086 2609 2237 2660 γειον
2259 2596 2491 2664 κόσμον,
2527 2595 2827 2649 ἐνθαούδὲν
2881 2598 3096 2661 πιστὸν,
3148 2599 3181 2667 ἢ
3226 2597 3468 2667 βέϐαιον,
3517 2599 3657 2650 ἀλλὰ

2087 2685 2268 2737 πάντα
2300 2687 2507 2754 μάταια
2539 2689 2635 2738 καὶ
2655 2686 2850 2756 ψευδῆ.
2888 2687 3131 2739 Σκοπεῖν
3161 2687 3218 2739 δὲ
3250 2686 3358 2758 χρὴ
3405 2687 3520 2748 πῶς
3557 2703 3656 2754 με-

2086 2775 2362 2844 λαναυγέα
2389 2776 2642 2848 ὠνόμασε
2675 2779 2765 2830 τὸν
2792 2796 2856 2830 πε
2869 2779 3072 2849 ρίγειον
3099 2779 3308 2848 κόσμον
3350 2778 3565 2840 τοῦτον,
3599 2776 3659 2829 ὃν

2086 2872 2278 2942 εἴρηκε
2310 2873 2403 2926 καὶ
2437 2873 2758 2944 ἁμφικνεφῆ
2784 2892 2798 2905 ο
2825 2874 2888 2926 οὐ
2916 2873 3076 2941 μόνον
3104 2872 3182 2935 δὲ,
3211 2872 3348 2923 ἀλλὰ
3377 2871 3475 2924 καὶ
3521 2870 3657 2942 eam

2160 3043 2225 3098 Et
2291 3043 2450 3097 istud.
2511 3041 2660 3096 Istud
2708 3040 2949 3111 quidem,
3006 3039 3204 3108 inquit,
3256 3053 3452 3106 nempe
3507 3037 3655 3090 illam

2085 3138 2285 3192 animae
2329 3145 2562 3206 partem.
2619 3151 2740 3205 quae
2778 3133 3152 3204 intelligentia:
3194 3141 3251 3186 et
3299 3130 3527 3184 rationis
3572 3139 3656 3183 est

481 3219 616 3273 Cum
655 3218 942 3289 pejoribus.
990 3217 1130 3273 Cum
1185 3203 1591 3283 materialibus,
1643 3217 1874 3284 crassis,
1928 3227 1984 3273 et

2089 3231 2393 3301 particeps,
2421 3244 2583 3299 posse
2609 3230 2832 3281 missum
2857 3227 3036 3280 facere
3069 3225 3320 3295 spiritum
3349 3222 3657 3291 phantasti-

405 3311 740 3366 carnalibus.

477 3402 552 3456 Ac
584 3402 906 3456 melioribus.
951 3401 1023 3458 Ut
1070 3402 1414 3475 intelligendi
1457 3405 1512 3459 vi
1555 3403 1822 3475 praeditis,
1867 3411 1924 3457 et
1954 3417 1984 3456 a

408 3499 640 3551 materia
672 3497 959 3565 sejunctis.

480 3592 653 3657 Quam
671 3600 970 3646 mutuatur.
1005 3590 1274 3647 Videlicet
1301 3591 1698 3662 phantasticam
1719 3595 1981 3651 animam.

482 3687 530 3740 E
557 3687 723 3754 globis
762 3685 1071 3740 coelestibus.
1118 3685 1234 3740 Hoc
1280 3687 1334 3740 in
1371 3686 1492 3740 loco
1538 3687 1685 3755 globi
1729 3689 1984 3744 ctelestes

406 3781 635 3833 omnino
661 3788 966 3833 cernuntur
991 3789 1046 3832 et
1079 3778 1292 3833 ratione
1323 3778 1708 3849 intelliguntur
1728 3782 1798 3835 ab
1829 3781 1981 3835 omni

405 3874 585 3941 prima
617 3872 827 3940 sphzera
859 3871 1023 3926 astris
1059 3878 1280 3926 carente
1309 3886 1480 3940 usque
1506 3872 1572 3925 ad
1601 3871 1873 3926 lunarem.

485 3964 832 4018 Descendens.
878 3963 1187 4018 Rationalis
1236 3972 1291 4017 et
1347 3963 1735 4018 intellectualis
1785 3965 1983 4018 animae

407 4058 674 4127 potentia.

479 4149 741 4219 Cat-porco
772 4149 984 4202 mundo.
1013 4147 1113 4211 Eo,
1146 4148 1342 4216 inquit.
1374 4148 1580 4198 mundo
1611 4147 1702 4215 qui
1733 4149 1983 4202 contine-

409 4255 501 4298 tur
528 4257 556 4296 a
590 4241 769 4295 lunari
821 4241 1030 4294 circulo
1077 4241 1140 4293 ad
1183 4250 1382 4293 terram
1439 4241 1611 4308 usque
1651 4238 1978 4308 proﬂuente,

407 4336 552 4389 ortui
583 4344 639 4389 et
674 4333 922 4388 interitui
962 4332 1227 4386 obnoxio.

479 4427 589 4482 Sibi
620 4426 881 4483 conciliet.
919 4425 1113 4480 Secum
1157 4424 1534 4495 imaginariam
1567 4424 1762 4478 animae
1787 4433 1980 4491 poten-

407 4521 565 4574 tiam.

489 4612 587 4666 Vix
623 4613 787 4665 enim.
823 4611 968 4664 Raro
1000 4611 1147 4664 enim
1173 4609 1321 4664 istud
1346 4611 1531 4666 evenit
1562 4619 1622 4664 ut
1653 4625 1712 4666 se
1742 4609 1979 4665 invicem

406 4705 691 4760 dimittant
719 4719 782 4757 ac
809 4703 1089 4756 deserant.
1908 4705 1914 4716 ‘

481 4796 584 4852 Sed
610 4795 731 4863 ﬁeri
760 4797 944 4865 possit.
979 4795 1286 4864 Aliquoties
1322 4804 1504 4850 tamen
1545 4795 1868 4865 contingere
1894 4809 1983 4848 so-

410 4893 486 4946 lct
514 4901 569 4945 ut
597 4890 743 4945 istud
779 4891 891 4944 liat.

481 4983 700 5038 Minime
719 4993 1012 5053 parentem.
1043 4980 1251 5050 Nempe
1274 4975 1525 5049 spiritum
1552 4979 1979 5051 phantasticum.

483 5076 640 5129 Haud
666 5077 855 5146 quippe
897 5074 977 5145 fas
1027 5084 1122 5129 est.
1151 5075 1269 5128 Non
1300 5075 1445 5127 cnim
1475 5073 1740 5128 decorum
1771 5081 1856 5126 est
1884 5071 1979 5126 ho-

363 5179 386 5187 ‘
409 5167 546 5223 mini
574 5167 696 5223 illas
721 5183 982 5237 respuere
1009 5185 1022 5222 :
1054 5173 1110 5221 in
1141 5167 1332 5236 primis
1355 5176 1650 5237 comperta:
1671 5173 1727 5220 et
1753 5165 1983 5235 cognita:

411 5271 539 5315 sunt
570 5262 884 5332 hujnsmodi
909 5261 1274 5330 expiationes.
1295 5260 1649 5330 Expiationes
1676 5273 1842 5328 porro
1867 5258 1982 5311 sive

411 5354 770 5408 carremonias
791 5355 924 5408 dicit
951 5353 1202 5424 mystica,
1224 5367 1422 5407 arcana
1448 5361 1504 5406 et
1525 5366 1680 5406 sacra
1705 5351 1980 5421 dogmata.

486 5445 698 5516 Turpis.
733 5445 952 5503 Pudore
984 5461 1296 5515 oppressus,
1329 5445 1589 5514 iniustus.

480 5537 718 5592 Reditus.
757 5538 872 5592 Illis
903 5538 1103 5591 animis
1139 5536 1369 5590 rationis
1403 5534 1772 5604 compotihus.

484 5631 749 5684 Alienum.
780 5631 892 5685 Hoc
913 5639 996 5685 est
1023 5628 1454 5696 anitnazuiartcm
1476 5642 1594 5695 quae
1619 5627 1671 5679 in
1695 5626 1981 5696 phantasia

416 5735 470 5776 et
500 5724 892 5793 imaginatione
932 5720 1335 5776 consideratur.

489 5816 740 5884 Desuper.
774 5815 1022 5884 E-globis
1055 5814 1391 5878 coelestibus,
1421 5825 1479 5869 ut
1511 5831 1673 5886 supra
1703 5815 1861 5869 dixit.

2087 3337 2210 3376 cum
2245 3321 2710 3388 ingravescentem
2750 3327 2806 3370 et
2855 3315 3150 3370 immodito
3183 3313 3429 3384 pondere
3474 3311 3540 3365 ad
3576 3311 3660 3364 in-

2084 3415 2284 3469 feriora
2305 3413 2422 3467 loca
2456 3411 2792 3473 tendentem,
2815 3423 3047 3478 eamque
3078 3405 3348 3461 materiali
3379 3405 3567 3458 habitu
3595 3419 3658 3457 ac

2085 3515 2341 3560 movente
2366 3503 2566 3558 adectu
2607 3501 2893 3575 liberatam
2926 3499 3226 3553 ascendere
3258 3498 3326 3551 ad
3375 3495 3658 3556 sublimio-

2085 3611 2142 3649 ra
2179 3595 2480 3655 domicilia,
2515 3593 2607 3646 Dei
2642 3608 2840 3646 munus
2885 3592 3071 3655 fuerit,
3097 3592 3298 3646 abditis
3325 3599 3381 3644 et
3431 3587 3654 3643 silentio

2084 3686 2568 3756 przetcrmittendis
2587 3686 2914 3747 rationibus,
2941 3685 3391 3752 eterernonithue
3406 3681 3656 3734 eamdem

2085 3779 2420 3834 sublvvantis
2450 3794 2512 3832 ac
2549 3779 2836 3847 crigentis,
2873 3778 2976 3829 hoc
3037 3776 3281 3847 mysticae
3335 3773 3643 3826 divinioris-

2085 3891 2192 3944 que
2244 3875 2549 3942 disciplina:
2576 3873 2747 3942 ipsam
2805 3873 3144 3926 moderantis
3189 3886 3252 3924 ac
3289 3869 3658 3923 refraenantis.

2085 3966 2286 4019 Verum
2328 3965 2469 4018 istud
2501 3965 2789 4032 perpaucis
2823 3963 3103 4031 contingat
3149 3960 3368 4021 aniinis,
3408 3959 3518 4011 imo
3566 3974 3654 4010 νιιι

2089 4059 2180 4113 nni
2200 4058 2441 4121 cuidam,
2473 4068 2528 4110 et
2557 4057 2740 4117 alteri,
2766 4063 3142 4110 verumtamen
3174 4054 3240 4106 de
3270 4052 3389 4120 ejus
3426 4066 3656 4106 ascensu

2084 4151 2464 4220 conqueritur.
2506 4149 2743 4216 Turpem
2778 4147 2925 4201 enim
2953 4161 3017 4199 ac
3052 4144 3307 4198 fmdatam
3343 4157 3461 4196 eam
3498 4142 3654 4204 dicit,

2085 4255 2146 4299 ut
2178 4260 2298 4314 qua:
2334 4244 2534 4314 injusta
2562 4250 2808 4312 apparet,
2839 4256 2906 4294 co
2939 4241 3085 4308 quod
3117 4239 3358 4293 alienum
3390 4251 3498 4290 non
3531 4237 3660 4290 rcd—

2085 4337 2304 4394 diderit,
2329 4334 2474 4388 unde
2496 4334 2952 4387 emendicaverat.

2156 4429 2368 4481 Animo.
2409 4427 2703 4480 Rationali.

2013 4549 2056 4602 ο
2122 4522 2476 4591 Ἀάλαηιεηιο
2503 4523 2592 4572 sit.
2627 4519 2760 4570 Eum
2792 4533 2889 4572 sua
2913 4527 3106 4586 sponte
3125 4515 3439 4571 comitetur.

2155 4615 2371 4667 Traltal.
2406 4612 2638 4666 Invitum
2665 4628 2728 4665 ac
2751 4611 3157 4680 innnorigcrtnn
3188 4608 3442 4678 Spiritum
3481 4606 3652 4678 phan-

2086 4709 2359 4761 tasticum.

2155 4799 2418 4852 Trahamr
2444 4801 2508 4854 ab
2541 4819 2617 4855 eo.
2655 4801 2886 4855 Invitus.

2151 4892 2520 4962 Improbitate.
2556 4896 2596 4948 Α
2628 4895 2868 4948 materiae
2899 4889 3210 4946 vehementi
3252 4888 3476 4943 all'ectu.

2156 4984 2257 5049 Qui
2297 4985 2599 5040 indulserit.
2625 4985 2992 5040 Concesscrit.

2157 5078 2226 5132 Et
2283 5079 2424 5132 istud
2479 5089 2576 5132 est.
2626 5078 2737 5133 Nos
2771 5078 2974 5146 quippe
3029 5076 3392 5129 adhortantur
3435 5071 3658 5126 oracula

2083 5167 2396 5234 Chaldaica,
2457 5180 2519 5222 ut
2590 5168 2888 5223 identidem
2977 5181 3196 5220 sursum
3273 5165 3656 5222 extendamus,

2086 5270 2436 5329 mentemque
2476 5261 2756 5314 elevemus
2794 5259 2860 5314 ad
2905 5259 3096 5323 Deum,
3139 5274 3206 5311 ne
3243 5259 3358 5326 ipsa
3390 5271 3558 5325 prona
3599 5268 3657 5305 se

2063 5353 2312 5422 ,recipiat
2339 5353 2592 5406 deorsum
2624 5369 2678 5406 ιιι
2707 5351 2969 5404 mundum
3002 5361 3158 5404 terra:
3186 5348 3656 5418 propinquiorem,

2086 5446 2174 5498 uhi
2203 5445 2336 5498 nihil
2373 5444 2538 5497 lidum
2581 5460 2642 5497 ac
2664 5443 2857 5496 stabile
2892 5451 2997 5513 est,
3029 5456 3217 5496 verum
3245 5441 3426 5494 omnia
3456 5439 3657 5500 iutilia,

2086 5552 2222 5590 vana
2242 5546 2296 5589 et
2334 5535 2572 5589 fallacia.
2611 5533 2716 5589 Sed
2749 5535 3097 5589 considerare
3131 5534 3212 5588 las
3237 5542 3320 5588 est
3349 5547 3454 5601 qua
3490 5531 3661 5584 ratio-

2087 5645 2155 5683 ne
2217 5628 2537 5693 obscurum,
2589 5639 2790 5690 atrum,
2853 5643 2916 5681 ac
2970 5627 3327 5698 nigricantrm
3381 5623 3659 5676 vocaverit

2087 5721 2353 5775 mundum
2431 5721 2598 5784 hunc,
2663 5735 2825 5788 quem
2882 5719 3247 5785 undecunque
3295 5716 3654 5783 caliginosum

2089 5814 2225 5867 dixit
2255 5830 2268 5868 :
2307 5829 2408 5869 nec
2434 5829 2564 5868 vero
2598 5813 2770 5867 solum
2796 5814 2888 5868 sed
2918 5812 3081 5866 etiam
3119 5811 3293 5879 ipsum
3329 5807 3528 5863 Orcum
3562 5822 3660 5861 no-
