4102 6294
487 361 554 422 ΞιἾ
558 363 591 424 5

491 571 769 622 Χαλδαῖοι.
800 569 930 621 Θεόν
957 587 1016 621 τε
1053 570 1160 638 γὰρ
1207 569 1467 636 ἡγοῦνται
1530 571 1746 635 τοῦτον,
1801 576 1895 626 καὶ
1963 575 2059 642 τῆς

490 663 728 732 ἐσχάτης
777 662 870 714 καὶ
905 659 1188 727 περιγεὶου
1227 661 1438 731 λήξεως
1492 663 1761 734 ἀρχηγόν.
1813 667 1971 718 Ἐστι
2014 667 2058 719 δ’

490 755 576 806 ὅτε
611 753 830 805 καὶτὸν
887 754 992 804 ὑπο
1059 753 1290 822 σελήνην
1346 756 1570 821 κόσμον,
1629 757 1687 808 ὃν
1732 753 2060 828 ἀμφικνεφῆ

495 863 648 913 φασι.
683 849 777 897 καὶ
815 844 1008 898 τοῦτον
1037 844 1170 915 ᾅδην
1209 846 1436 897 καλοῦσι
1459 862 1472 875 ⁸
1499 847 1631 900 ποτὲ
1654 849 1710 900 δὲ
1743 849 1913 918 αὐτὴν
1962 850 2060 920 τὴν

461 935 823 1016 ,σεληνιακὴν
855 939 1112 1004 σφαῖραν,
1145 936 1212 1006 ῆν
1246 936 1339 989 καὶ
1372 937 1627 1008 μεθόριον
1666 940 1912 994 τίθενται
1964 941 2062 994 τοῦ

491 1043 550 1079 τε
581 1027 824 1097 αἰθερίου
855 1029 1061 1096 κόσμου
1097 1029 1186 1079 καὶ
1220 1029 1314 1080 τοῦ
1340 1029 1548 1084 ὖλαίου.
1615 1031 1786 1084 Βυθὸν
1842 1032 1899 1085 δέ
1931 1051 2065 1102 φασι

493 1119 590 1187 τὴν
629 1117 784 1186 ὕλην,
827 1117 894 1189 ἢν
927 1120 984 1170 ὲν
1013 1119 1090 1188 τῷ
1137 1119 1243 1172 ὑπὸ
1289 1120 1389 1190 τὴν
1447 1121 1677 1193 σελήνην
1724 1125 1876 1193 τόπῳ
1937 1127 2067 1178 τάτ-

490 1225 668 1262 τουσι.

569 1301 640 1352 Ὃ
667 1299 1018 1356 δεδίττεται.
1039 1301 1370 1370 Ἐκφοσοῦσι
1405 1304 1476 1358 τὰ
1501 1305 1625 1374 ἱερὰ
1649 1307 1757 1360 τῶν
1781 1307 2066 1362 Χαλδαίων

491 1393 672 1461 λόγια.

571 1485 820 1552 Νοερέν.
853 1484 962 1554 Τὴν
980 1485 1161 1556 ψυχήν
1185 1504 1371 1556 φησιν,
1394 1487 1470 1552 ὡς
1501 1491 1565 1544 ὲκ
1594 1489 1731 1544 Θεοῦ
1756 1492 1853 1562 τὴν
1892 1492 2070 1565 ὕπαρ-

495 1579 578 1643 ξιν
605 1579 850 1648 ἔλουσαν.

575 1672 874 1735 Ἀπιστος.
919 1671 1220 1734 ’Λῦἑϐαιος.

583 1759 1016 1829 Ἀιιρικνεφής.
1052 1761 1361 1825 Σκοτεινός.

1685 367 2111 426 NlCEl‘llOlil
2155 367 2546 427 GllEGORE
2977 419 2981 423 .
3633 358 3744 416 576

489 477 652 530 αὐτὸν
679 475 959 543 ὀνομάζει·
989 475 1082 527 τὸν
1114 475 1226 546 γὰρ
1287 475 1423 546 ᾅδην
1482 479 1768 547 πολλαχῶς
1817 479 2058 538 ,καλοῦσι
2090 484 2134 538 Α

2247 483 2459 552 Ὀμοίῳ
2495 483 2627 552 γάρ.
2670 479 2824 532 Ἐπεὶ
2869 476 2975 546 γὰρ
3003 477 3064 528 τὺ
3100 473 3468 543 φανταστικὴν
3497 473 3742 539 πνεῦμα,

2166 579 2286 630 dwtl.
2311 578 2406 629 τοῦ
2443 578 2629 647 φέρειν
2657 575 2842 628 εἰκόνα
2867 572 3066 642 ψυχῆς,
3089 569 3184 622 καὶ
3217 563 3358 620 εἶναι
3383 565 3599 617 εἴδωλον
3637 565 3704 615 αὑ
3723 593 3744 604 -

2167 670 2286 732 τῆς.
2325 669 2545 735 ἐγένετο
2572 667 2773 736 μᾶλλον
2811 668 2878 718 ὲκ
2900 659 3264 730 παρατροπῆς
3303 658 3522 710 εἴδωλον
3551 657 3746 722 ὅμοιον

2168 759 2418 826 δαίμοσιν
2455 757 2682 820 ύλαίοις,
2711 753 2936 816 εἰκότως
2967 751 3064 805 καὶ
3113 748 3406 819 συνήδεται
3435 749 3502 816 τῇ
3529 747 3746 798 τούτων

2171 851 2564 919 συνδιαιτήσει.
3335 899 3340 910 ,

2247 945 2314 1000 Ei
2354 942 2422 996 δὲ
2473 943 2563 996 ἓν.
2629 941 2692 994 El
2741 938 2798 992 δὲ
2856 932 3275 1004 συγωτηνὲχθη
3342 933 3404 1001 τῇ
3469 929 3746 1000 φαντασῑᾳ

2173 1037 2268 1090 καὶ
2318 1038 2344 1088 ὁ
2374 1035 2520 1099 νοῦς,
2552 1033 2649 1088 καὶ
2673 1032 2928 1100 ἐγένοντο
2956 1028 3016 1082 ἓν
3054 1043 3108 1079 τι
3167 1027 3402 1096 πρᾶγμα
3451 1022 3514 1087 ἐξ
3557 1022 3748 1093 ἀμφο-

2172 1129 2364 1196 τέρων.

2249 1219 2358 1276 Καὶ
2412 1222 2446 1272 ὁ
2505 1217 2674 1282 νοῦς.
2747 1213 2904 1277 Ἰσως
2947 1211 3016 1266 ἂν
3063 1211 3160 1264 καὶ
3191 1209 3220 1262 ὀ
3268 1225 3394 1270 νους
3447 1204 3749 1260 εἰδωλικὼ-

2173 1330 2331 1382 τερος
2391 1311 2688 1382 γενόμενος
2725 1309 2822 1364 καὶ
2851 1307 3168 1378 παχύτερος
3213 1301 3429 1368 δέξαιτο
3465 1299 3528 1352 τὸ
3576 1300 3750 1368 συνή-

2173 1405 2384 1460 δεσθαι.

2247 1497 2450 1552 Καίτοι
2501 1493 2678 1548 τοῦτο
2737 1488 2964 1543 κακῶν.
3025 1486 3100 1539 Τὸ
3156 1485 3230 1556 μὴ
3287 1482 3750 1548 ὲπαισθάνεσθαι,

2177 1591 2336 1664 φησὶ,
2371 1588 2543 1642 κακοῦ
2577 1586 2869 1658 παρόντος,
2900 1582 3035 1638 ἀλλὰ
3093 1579 3419 1648 συνήδεσθαι
3477 1577 3631 1646 αὐτῷ
3669 1576 3746 1640 ὡς

2175 1683 2424 1756 χρηστῷ,
2450 1679 2638 1734 κακῶν
2671 1677 2756 1746 εἴη
2781 1675 2840 1730 τὸ
2869 1676 3152 1744 μέγιστον.
3181 1672 3253 1726 Τὸ
3286 1672 3394 1738 γὰρ
3419 1667 3744 1738 συνήδεσθαι

2175 1779 2290 1838 τοῖς
2318 1771 2696 1835 τοιούτοιςκαὶ
2727 1767 2802 1838 μὴ
2857 1765 3214 1822 αἰσθάνεσθαι
3269 1764 3376 1816 τῶν
3429 1762 3568 1832 μηδὲ
3613 1763 3744 1814 ἀνα-

579 1855 848 1909 Ῥυπόων
897 1855 1330 1924 εὶδωλοχαρ-ής.
1363 1858 1583 1927 Χαῖρων
1640 1863 1756 1923 τοῖς
1811 1861 2070 1926 εἰδώλοις,
2107 1833 2149 1893 Β
2177 1833 2348 1936 κύιξλαι
2407 1867 2503 1920 καὶ
2562 1833 2854 1932 διόρθωσιν
2901 1859 3090 1912 λαὸεῖν
3118 1856 3425 1926 ζητούντων
3479 1854 3618 1908 ἐστι.
3651 1853 3774 1932 Τί·-

499 1941 688 2019 ᾗθεοὶ
758 1948 1000 2012 οἰκεῦσι,
1065 1949 1162 2000 κοιλ⁵
1200 1949 1581 2003 ὲνδιαιτῶνται
1634 1953 1682 2004 oi
1749 1953 2072 2024 ὑλικώτεροι

499 2039 786 2107 δαίμονες’
815 2042 908 2092 καὶ
933 2027 993 2091 τὸ
1035 2041 1427 2106 φανταστικὸν,
1485 2043 1644 2111 φησὶ,
1697 2045 1915 2116 πνεῦμα
1969 2065 2074 2100 πα-

500 2131 713 2200 χυνθέν.

572 2225 978 2291 Ἕμπληκτος.
1011 2229 1192 2283 Οἰονεὶ
1218 2230 1610 2300 ὲμὸρόντητος.

573 2315 657 2380 Τῷ
679 2316 748 2368 δὲ
766 2317 1011 2382 εἰδώλῳ.
1049 2319 1281 2374 Εἴδωλον
1313 2323 1594 2376 κάνταῦθα
1628 2325 1726 2393 τὴν
1762 2325 2073 2392 φαντασίαν

496 2407 668 2476 λέγει,
703 2409 736 2477 ἡ
776 2410 1010 2478 ψυχικὸν
1068 2413 1288 2481 πνεῦμα
1333 2413 1468 2467 οὖσα
1525 2416 1618 2467 καὶ
1671 2417 1888 2481 λεπτζν,
1925 2421 2075 2488 ὅμως

495 2502 587 2554 διὰ
656 2501 964 2572 μοχθηρίαν
1026 2505 1404 2572 προαιρέσεως
1465 2506 1632 2560 ἐνίοτε
1704 2509 1830 2577 ἔσχε
1895 2509 2074 2579 παχύ-

497 2611 638 2660 τητα
699 2594 937 2656 τοιάνδε,
974 2594 1005 2662 ἣ
1043 2595 1281 2658 τοιάνδε,
1307 2597 1376 2666 ἦν
1423 2616 1559 2666 φησι
1589 2601 1753 2652 ποιὰν
1779 2601 1872 2653 τοῦ
1901 2601 2068 2655 πνεύ-

501 2700 672 2752 ματος
729 2683 993 2735 σύστασιν
1020 2699 1035 2715 ο
1070 2688 1164 2736 καὶ
1215 2687 1335 2738 τότε
1366 2688 1428 2760 δὴ
1455 2691 1662 2757 γίνεται
1693 2693 1785 2746 καὶ
1825 2697 1964 2762 αὑτὴ
2002 2697 2076 2748 εῖ-

497 2775 854 2840 δωλον,τοὺτ’
890 2775 1040 2830 ἔστιν
1077 2777 1264 2848 ὅμοιον
1311 2783 1426 2844 τοῖς
1483 2784 1788 2850 εἰδωλικοίς
1837 2789 2074 2851 ἐκείνοις

496 2869 771 2935 δαίμοσιν,
1823 2865 1826 2867 λ

523 2960 640 3108 ἴἩ
698 2964 878 3021 κάτω.
943 2969 1049 3021 Ἦν
1129 2969 1478 3039 μελαναυγέα
1547 2972 1754 3039 κόσμον
1816 2970 2074 3041 ἀνωτέρω

559 3073 674 3108 πεν.

495 3073 547 3108 ει
559 3073 674 3109 πεν.

500 3228 692 3284 minat.
729 3229 864 3283 Nam
915 3229 1116 3286 Orcum
1175 3247 1270 3286 seu
1333 3231 1618 3288 Tartarum
1671 3236 1822 3291 vario
1881 3247 2078 3292 vorant

495 3315 737 3370 Chaldzci
765 3336 779 3383 ;
819 3317 987 3371 Deum
1018 3319 1166 3374 enim
1197 3335 1322 3372 eum
1353 3319 1693 3388 existimant,
1719 3316 1790 3375 ρι’
1819 3333 2078 3377 extrema:

497 3417 770 3477 terraeque
814 3409 1116 3475 adjacentis
1167 3411 1520 3478 hzereditatis,
1541 3429 1660 3482 qua:
1687 3413 1736 3467 ei
1773 3423 1920 3468 sorte
1948 3429 2081 3468 con—

498 3499 641 3567 tigit,
675 3501 1003 3570 principem.
1045 3501 1326 3557 Interdum
1363 3519 1494 3558 vero
1555 3505 1820 3559 mundum
1884 3508 1974 3574 qui
2024 3507 2078 3562 in

492 3605 741 3645 concavo
767 3591 909 3646 lunae
939 3594 1272 3657 continetur,
1306 3611 1469 3664 quem
1509 3597 1658 3650 onmi
1682 3613 1748 3652 ex
1796 3609 1950 3667 parte
1985 3615 2079 3654 ne-

499 3679 754 3734 lulosum
789 3692 1062 3746 asserunt.
1086 3691 1142 3738 et
1186 3683 1334 3739 hunc
1373 3685 1648 3740 infernum
1703 3688 1968 3742 vocitant.
1997 3689 2081 3741 lu-

498 3771 717 3826 terdum
784 3784 966 3828 autem
1032 3775 1202 3845 ipsam
1250 3777 1498 3831 lunarem
1568 3779 1860 3848 Sphazram,
1915 3795 2078 3849 quam

493 3865 900 3920 conterminam
930 3876 986 3922 et
1015 3869 1285 3924 conﬁnem
1320 3879 1569 3924 statuunt
1623 3871 1814 3926 mundi
1863 3873 2076 3927 a:therii

493 3963 555 4009 et
580 3957 634 4009 in
663 3958 889 4011 materia
938 3958 1290 4016 luxuriantis.
1319 3960 1598 4017 Materiam
1651 3977 1816 4030 porro
1852 3961 2081 4031 profun-

492 4047 725 4104 ditatem
745 4049 958 4117 dicunt,
988 4067 1148 4122 quam
1187 4053 1240 4106 in
1267 4053 1388 4107 loco
1426 4054 1528 4108 sub
1561 4055 1688 4107 luna
1731 4054 1839 4108 sito
1885 4054 2076 4108 deter-

501 4141 738 4196 minant.

569 4233 856 4290 Territum.
927 4235 1396 4291 Perterrefaciunt
1468 4251 1620 4292 sacra
1699 4235 2079 4292 Chaldaeorum

495 4327 742 4382 oracula.

577 4419 814 4474 Rationis
853 4435 1046 4489 capax.
1071 4418 1326 4474 Animam
1354 4419 1488 4474 dicit
1521 4437 1642 4491 quae
1669 4423 1834 4476 vitam
1863 4429 1918 4475 et
1951 4421 2081 4476 sub-

499 4513 760 4566 stantiam
798 4527 826 4566 a
869 4511 979 4565 Deo
1019 4521 1316 4567 consecuta
1347 4519 1454 4566 est.

573 4601 800 4663 luﬁdus.
833 4603 1155 4656 lncoustans
1183 4613 1236 4656 et
1263 4601 1552 4657 instabilis.

576 4693 807 4761 Spectris
828 4703 878 4746 et
903 4695 1221 4764 imaginibus
1260 4697 1504 4765 gestiens.
1534 4695 1612 4749 Ex
1647 4693 1806 4748 idolis
1833 4697 2083 4765 voluplau

499 4793 612 4837 tem
639 4785 967 4854 percipimus,
1004 4785 1096 4838 ubi
1135 4785 1210 4838 dii
1263 4783 1534 4844 habitant,
1566 4793 1620 4839 et
1647 4793 1936 4839 versantur
1971 4787 2084 4842 (ιω-

506 4891 694 4928 mones
729 4876 781 4928 in
823 4876 1063 4930 materiae
1094 4876 1337 4930 illuviem
1401 4877 1762 4946 procliviorcs
1796 4896 1808 4931 :
1841 4887 1896 4932 et
1940 4879 2086 4934 hunc

497 4965 754 5033 Spiritum
774 4966 1195 5036 phantasticum,
1221 4967 1499 5038 pinguem,
1530 4978 1831 5022 crassumet
1856 4969 2084 5024 obesum

495 5057 655 5112 dicit.
935 5085 940 5090 -
1365 5071 1368 5074 '

579 5151 695 5202 l-‘ita
723 5149 943 5204 stolida.
977 5151 1089 5206 Ceu
1121 5152 1369 5206 attonita.

569 5241 868 5296 Simulacro
885 5245 1402 5298 vero.Simulacrum
1425 5241 1529 5295 hoc
1545 5241 1602 5295 in
1619 5241 1738 5295 loco
1749 5241 2089 5312 phantasiam

499 5333 651 5398 dicit,
671 5351 792 5404 qua:
811 5337 1060 5390 animalis
1081 5335 1311 5404 spiritus
1331 5349 1393 5387 ac
1413 5333 1629 5387 subtilis
1649 5347 1773 5386 cum
1797 5333 2094 5393 sit.nihilo-

503 5427 686 5480 minus
717 5427 1086 5481 obeleetionis
1102 5435 1160 5480 et
1189 5423 1400 5478 consilii
1441 5421 1784 5492 pravitatem,
1804 5425 2094 5493 aliquoties

501 5517 641 5571 hanc
690 5519 857 5572 habet
926 5517 1236 5572 crassitirm
1304 5525 1360 5570 et
1409 5515 1751 5581 obesitatem,
1805 5515 2095 5585 aliquoties

503 5608 840 5678 illam,quam
863 5618 1060 5662 vocant
1076 5607 1368 5674 quamdam
1385 5607 1608 5676 spiritus
1625 5609 2093 5680 constitutionem:

503 5707 554 5750 et
575 5708 704 5753 tunc
721 5703 966 5769 profecto
1009 5703 1120 5769 ipsa
1147 5699 1378 5753 edicitur
1407 5700 1631 5763 idolum,
1660 5700 1710 5752 id
1737 5713 1838 5759 est.
1875 5717 2097 5770 compar

505 5800 556 5850 ει
573 5791 766 5849 Similis
781 5793 994 5849 idolicis
1021 5809 1081 5847 ac
1101 5793 1371 5849 umbrosis
1393 5793 1510 5846 istis
1528 5793 1882 5846 da:n:onibus.

2177 1960 2304 2027 θησι
2353 1956 2412 2010 δὲ
2463 1955 2543 2016 εἰς
2577 1953 2888 2021 ὑπόδειγμα
2937 1951 3032 2003 καὶ
3067 1949 3160 2002 τὸν
3219 1949 3478 2018 σκίρρον·
3523 1947 3746 2016 σκίῤῥος

2177 2054 2286 2118 γάρ
2353 2050 2470 2101 ἐστι
2517 2046 2692 2114 ῥύπος
2741 2041 3136 2102 δυσέκπλυτος.
3187 2041 3283 2093 καὶ
3321 2038 3745 2098 δυσαπόνιπτος.

2178 2143 2337 2194 Δοκεῖ
2363 2140 2422 2192 δὲ
2454 2137 2664 2206 ἀσαφὲς
2685 2139 2799 2198 τοῖς
2835 2136 3051 2196 πολλοῖς
3083 2133 3142 2186 τὸ
3175 2132 3366 2202 ῥητὸν,
3397 2131 3532 2184 διότι
3563 2144 3748 2181 συντοο

2180 2235 2280 2304 μία
2309 2233 2596 2302 χρώμενος
2628 2230 2656 2280 ὀ
2685 2227 2962 2290 Συνὲσιος,
2999 2228 3099 2280 οὐκ
3147 2224 3414 2278 ὲπλάτυνε
3452 2223 3514 2275 τὸ
3571 2219 3750 2273 τοιοῦ-

2177 2344 2272 2379 τον
2301 2325 2634 2392 ὑπόδειγμα,
2660 2321 2804 2374 ἀλλὰ
2837 2319 3134 2384 συνέπλεξε
3162 2317 3242 2383 τῷ
3273 2317 3538 2385 κειμένῳ.
3571 2314 3750 2382 Σαφε-

2179 2431 2370 2484 στερον
2411 2413 2477 2466 ἂν
2497 2409 2584 2484 ἦν,
2611 2413 2660 2464 εἰ
2687 2409 2860 2470 οὕτως
2889 2409 3122 2476 ἕλεγεν¹,
3183 2409 3268 2462 ὅτι
3298 2406 3514 2474 Ὠσπερ
3539 2407 3568 2462 ὸ
3599 2405 3750 2476 σκξρς

2181 2505 2663 2577 ρος,εἱσδυὸμενος
2690 2504 2768 2564 εἰς
2822 2501 2988 2573 βάθος
3039 2499 3132 2554 τοῦ
3188 2498 3556 2567 ὑποκειμένου
3603 2497 3752 2559 τινος

2181 2603 2455 2668 σώματος,
2491 2595 2862 2656 δυσέκπλυτος
2896 2592 3130 2662 γίνεται,
3167 2594 3264 2643 καὶ
3308 2589 3624 2650 δευσοποιὸς
3657 2589 3750 2640 καὶ

2177 2693 2615 2752 δυσαπόνιπτος·
2643 2688 2788 2742 οὓτω
2840 2687 2938 2740 καὶ
2981 2687 3016 2755 ἡ
3059 2683 3406 2756 προσπάθεια
3463 2683 3564 2749 τῆς
3617 2680 3753 2748 ὕλης

2177 2781 2642 2839 καταϐαπτίσασα
2671 2780 2763 2832 τὸν
2792 2778 2939 2838 νοῦν,
2962 2778 3052 2830 καὶ
3074 2779 3154 2841 εἰς
3183 2774 3346 2844 βάθος
3367 2775 3547 2826 εἰπεῖν
3573 2787 3754 2826 κατα-

2181 2878 2388 2948 σχοῦσα
2436 2874 2652 2934 τοῦτον,
2687 2873 2782 2926 xal.
2808 2873 2973 2925 οἱονεὶ
3001 2869 3310 2940 παχύτερον
3333 2869 3753 2935 καταστήσασα,

2181 2971 2404 3026 κλέπτει
2456 2968 2548 3022 διὰ
2576 2968 2674 3034 τῆς
2701 2965 2901 3034 ἡδονῆς
2948 2967 3049 3034 τὴν
3105 2961 3272 3016 αὐτοῦ
3321 2960 3755 3028 συγκατάθεσιν,

2183 3065 2279 3118 καὶ
2309 3063 2410 3133 τὴν
2445 3064 2573 3131 γῆν,
2609 3061 2704 3114 καὶ
2730 3059 2834 3113 οὐκ
2865 3059 2936 3129 ὲᾷ
2973 3059 3288 3127 ὑπόμνησιν
3314 3055 3502 3109 λαϐεῖν
3543 3054 3575 3121 ἢ
3605 3051 3734 3105 ὲνθύ

2250 3233 2370 3288 Ima
2393 3233 2556 3303 regio.
2589 3232 2760 3298 Quam
2789 3230 3058 3284 hactenus
3095 3215 3356 3282 mundum
3397 3225 3758 3296 caliginosum

2181 3335 2236 3382 et
2265 3325 2616 3380 tenebrosum
2679 3323 2839 3378 dixit.

2253 3417 2441 3471 Simile
2456 3415 2804 3486 quippe.Quia
2820 3413 2967 3469 enim
2990 3413 3217 3482 spiritus
3238 3410 3759 3481 phantasticusicnm

2182 3507 2388 3562 referre
2419 3503 2590 3560 animi
2621 3503 2914 3572 imaginem
2949 3502 3224 3568 debuerit,
3255 3510 3312 3568 et
3336 3514 3456 3554 esse
3509 3496 3760 3564 ejusdem

2180 3601 2557 3666 simulacrum,
2592 3597 2768 3652 evasit
2822 3596 3006 3664 potius
3070 3591 3139 3648 ob
3189 3591 3635 3662 depravationem
3701 3589 3768 3642 in.

2182 3693 2388 3748 idolum
2422 3689 2602 3746 simile
2643 3687 3026 3744 materialibus
3059 3682 3426 3747 damouibus,
3450 3697 3516 3736 ac
3563 3680 3760 3736 merito

2181 3785 2380 3839 horum
2405 3780 2660 3838 sodalilio
2715 3778 3195 3846 familiaritateque
3221 3775 3547 3832 oblectatur.

2253 3875 2403 3942 Quod
2434 3875 2480 3930 si
2509 3889 2692 3928 unum.
2722 3870 2779 3927 Si
2805 3885 2936 3926 vero
2984 3883 3139 3924 mens
3185 3875 3310 3922 ruat
3351 3881 3420 3922 ac
3477 3863 3764 3922 delabatur.

2181 3985 2306 4026 cum
2335 3966 2640 4038 phantasia,
2661 3973 2718 4020 et
2751 3963 2843 4018 ﬁat
2871 3978 2979 4017 una
3011 3960 3257 4028 quaadam
3287 3973 3356 4014 ex
3394 3958 3684 4014 ambobus.

2251 4062 2394 4118 Mens
2422 4061 2604 4116 etiam.
2635 4057 2787 4113 Mens
2813 4053 3064 4109 fortassis
3099 4055 3166 4108 ad
3201 4051 3476 4108 idolorum
3507 4058 3759 4104 naturam

2182 4153 2408 4225 propius
2465 4149 2735 4206 accedens
2799 4157 2858 4202 et
2914 4145 3159 4208 obesior,
3219 4160 3331 4200 non
3389 4140 3760 4213 repudiaverit

2180 4258 2523 4301 communem
2551 4238 2819 4312 ejusmodi
2854 4237 3300 4292 oblectationem.

2253 4337 2524 4390 Maiorum
2549 4336 2645 4388 hoc
2683 4341 2974 4388 extremum
2999 4337 3094 4383 est.
3129 4327 3248 4382 Non
3299 4325 3527 4390 sentire,
3558 4326 3760 4394 inquit,

2182 4440 2425 4496 pramens
2447 4423 2674 4484 malum,
2695 4420 2791 4475 sed
2823 4435 2892 4476 eo
2921 4418 3086 4473 veluti
3135 4416 3426 4472 commodo
3489 4431 3555 4470 ac
3616 4415 3761 4470 facili

2117 4517 2156 4571 D
2189 4516 2470 4580 delectari,
2504 4513 2770 4568 malorum
2807 4511 3052 4566 omnium
3081 4509 3248 4565 fuerit
3277 4509 3594 4564 maximum.
3627 4507 3762 4562 Nam

2187 4611 2386 4664 talibus
2410 4605 2692 4678 gratulari,
2719 4612 2776 4660 et
2795 4617 2862 4658 ea
2907 4618 3018 4657 non
3053 4602 3282 4665 sentire,
3307 4616 3500 4655 eorum
3537 4609 3624 4654 est
3667 4600 3761 4668 qui

2186 4714 2366 4768 neque
2393 4705 2682 4764 emergunt
2717 4709 2782 4748 ex
2819 4693 3082 4752 tenebris.
3104 4707 3283 4759 neque
3315 4691 3760 4746 emendationem

2185 4789 2507 4860 perquirere
2531 4787 2740 4840 volunt.
2786 4784 3067 4840 Scirrhum
3128 4798 3296 4853 porro
3348 4782 3403 4836 in
3455 4783 3762 4848 exemplum

2186 4883 2432 4938 adducit.
2461 4880 2552 4934 Est
2573 4878 2718 4932 enim
2738 4877 2983 4934 scirrhus
3018 4875 3231 4930 illuvies
3261 4875 3404 4930 foeda
3431 4885 3486 4930 et
3512 4877 3762 4929 abstersu

2189 4973 2448 5029 diliicilis.
2490 4971 2723 5026 Videtur
2771 4979 2955 5024 autem
2989 4955 3094 5024 hoc
3122 4968 3327 5022 dictum
3355 4966 3643 5036 permultis
3671 4967 3764 5020 ob-

2190 5081 2438 5128 scurum,
2477 5072 2766 5134 prepterea
2797 5061 2944 5132 quod
3005 5059 3275 5115 brevitate
3327 5059 3548 5113 concisa
3607 5069 3766 5114 utens

2192 5156 2478 5227 Synesius,
2510 5155 2616 5210 tale
2648 5155 2958 5222 exemplum
3009 5167 3118 5206 non
3145 5151 3416 5208 dilatavit.
3451 5150 3544 5204 sed
3580 5162 3763 5206 conte-

2191 5251 2312 5306 xuit
2369 5261 2423 5305 et
2473 5245 2907 5304 accommodavit
2943 5245 3251 5316 proposito.
3285 5245 3548 5313 Aperlius
3583 5255 3776 5298 autem-

2195 5343 2408 5406 l‘uisset,
2474 5341 2520 5396 si
2595 5340 2671 5394 ita
2739 5338 3012 5393 dixisset:
3069 5335 3226 5403 Quod
3302 5336 3760 5405 quemadmodum

2195 5433 2440 5488 scirrhus
2518 5431 2810 5486 interiores
2864 5427 3096 5498 subjecti
3175 5426 3459 5495 cujusdam
3517 5427 3776 5494 corporis.

2197 5535 2394 5591 partes-
2417 5523 2663 5588 subiens,
2697 5521 2882 5576 ablutu
2929 5531 3094 5590 atque
3143 5527 3374 5590 purgatu
3427 5517 3663 5573 diﬂicilis
3711 5531 3761 5573 et

2201 5611 2507 5666 indelebilis
2533 5613 2803 5675 redditur,
2833 5611 2912 5666 sic
2943 5625 3172 5678 magnus
3203 5607 3290 5662 ille
3319 5617 3376 5662 et
3398 5607 3762 5662 inhaarcscens

2201 5705 2427 5758 allectus
2490 5714 2726 5758 mentem
2779 5707 2832 5756 in
2888 5701 3210 5769 profundam
3252 5701 3531 5770 abyssum,
3587 5709 3644 5752 ut
3689 5699 3760 5752 ita

2203 5795 2412 5854 loquar.
2471 5797 2810 5854 dcmcruens.
2867 5809 3096 5852 eantque
3148 5791 3415 5848 detinens.
3484 5801 3539 5846 et
3598 5789 3760 5845 veluti
