4102 6294
451 331 557 390 571i

452 535 685 604 θεώμενοι
721 536 768 584 oi.
800 532 986 584 πολλοὶ
1021 530 1269 598 εὐτυχίας
1300 529 1464 589 αὑτὰς
1495 519 1634 578 εἷναι
1661 520 2012 591 θρυλλοῢσιν.

1615 317 2046 382 NlCEPIlURI
2088 315 2479 378 GREGOIL‘E

525 442 844 511 Εὐτυχῐας.
875 440 1052 502 Οὓσας
1076 441 1184 509 γὰρ
1218 435 1488 498 ἀπωλείας
1519 434 1838 503 προξένους,
1865 433 2011 483 ἀπα.-
2042 437 2086 488 Α

3585 312 3693 374 530

2186 431 2429 496 Πρῶτον
2453 431 2618 494 βίον.
2653 431 2873 502 Πρῶτον
2907 431 3020 500 βίον
3057 430 3214 499 φησὶ,
3243 427 3696 482 ἀντ;διαστέλλων

2119 521 2256 592 πρὸς
2289 524 2414 586 τοὺς
2444 524 2730 592 δευτέρους
2758 521 2849 574 καὶ
2881 521 3123 591 τρίτους,
3157 518 3252 583 οὓς
3291 536 3455 587 φασιν
3493 519 3696 586 Ἔλλη-

523 626 621 680 Δεῐ
640 625 851 692 λόχον.
899 623 1158 690 Ἐνὲδραν
1207 620 1304 673 καὶ
1346 618 1552 686 παγίδα
1585 616 1723 670 κατὰ
1765 613 1876 666 τῶν
1915 614 2018 682 ψυ-
2120 632 2208 677 νες
2237 613 2484 680 γίνεσθαι
2512 615 2598 665 διὰ
2637 613 2736 675 τὰς
2765 613 3240 684 μετεμψυχώσεις.

491 739 588 772 ων.

455 739 665 874 lmine;
689 807 950 878 ἐφόροις.
987 803 1145 875 Παρὰ
1186 803 1296 856 τῶν
1324 802 1594 872 δαιμόνων
1625 801 1680 854 οἵ
1721 802 1860 854 εἰσιν
1891 800 2018 869 ἐφοο

495 919 564 953 οι.

495 919 564 953 οι.

459 919 490 972 ρ
532 993 752 1055 Ἄλλος
780 989 1019 1042 εἰπάτω.
1062 985 1124 1041 Ὀ
1161 986 1452 1053 Ἑλληνικὰ
1485 985 1715 1053 φρονῶν.

527 1083 930 1148 Eleis-1001562].
974 1079 1114 1148 Ἐγὼ
1139 1080 1194 1132 δὲ
1225 1081 1366 1148 φημὶ
1395 1077 1660 1145 δηλονότι.

539 1175 856 1242 Ὀρέγεται.
891 1172 1126 1226 Δίδοται.

531 1268 602 1320 Τὸ
632 1263 774 1330 τῇδε
814 1261 954 1330 ἡδύ.
987 1262 1060 1312 Τὸ
1091 1260 1368 1330 ἀπατηλὸν
1399 1261 1496 1328 τῆς
1528 1259 1684 1330 ὕλης.

525 1356 862 1421 Μειλίχιον.
897 1355 964 1404 Ὅ
999 1369 1133 1422 φησι
1173 1352 1414 1404 τοιοῦτόν
1467 1355 1620 1403 ἐστι’
1665 1349 1891 1420 Χρείας,
1925 1365 2027 1417 φη·

457 1451 564 1508 σὶν,
603 1445 938 1513 ἀπαιτούσης
973 1445 1316 1513 ὑπηρετῆσαι
1364 1445 1431 1512 τῇ
1467 1442 1628 1511 φύσει
1677 1441 1774 1493 τοῦ
1817 1441 2025 1508 κόσμου

455 1540 556 1609 τὴν
585 1538 784 1608 ψυχὴν,
812 1537 1053 1590 κάτεισιν
1085 1535 1291 1590 ἄνωθεν
1319 1532 1406 1587 οἷα
1451 1534 1744 1604 μισθωτὸς,
1775 1535 1858 1586 ἵνα
1891 1535 2028 1602 πρὸς

460 1631 624 1702 ῥητὸν
679 1630 1070 1698 ὑπηρετήσασα
1115 1628 1255 1698 λάϐῃ
1313 1629 1404 1679 τὸν
1461 1627 1676 1694 μισθὸν,
1733 1626 1924 1693 ὥσπερ
1973 1642 2028 1677 τι

459 1721 712 1784 ἔπαθλον,
757 1723 852 1773 καὶ
897 1717 1096 1788 ἀνέλθῃ
1139 1719 1261 1770 ὅθεν
1298 1718 1554 1783 κατῆλθε.
1607 1718 1790 1770 Πάντα
1839 1717 1947 1787 γὰρ
1994 1717 2030 1770 ἃ

459 1816 672 1883 γένεσιν
726 1815 865 1882 ἴσχει
895 1813 990 1865 καὶ
1038 1810 1288 1880 αὔξησιν,
1321 1811 1513 1880 χρῄζει
1542 1809 1642 1878 τῆς
1685 1811 1863 1879 ψυχῆς
1889 1825 1904 1840 °
1935 1809 2031 1862 καὶ

459 1905 602 1958 τοῦτ’
631 1906 788 1957 ἐστὶν
824 1905 857 1974 ή
887 1904 984 1971 τῆς
1027 1901 1530 1970 ψυχῆςεύπηρεσία,
1563 1902 1658 1953 καὶ
1691 1900 2028 1968 λειτουργία,

463 2000 549 2051 ἵνα
578 1997 900 2066 ὺπηρετήσῃ
947 1998 1012 2062 τῇ
1043 1997 1260 2061 γενέσει
1297 1993 1406 2044 τῶν
1443 1995 1502 2045 ὲν
1537 1995 1728 2064 κόσμῳ
1775 1992 2032 2064 πραγμά-
2083 2013 2094 2022 ·

461 2108 588 2154 των,
625 2091 815 2158 μέχρις
845 2089 911 2140 ἂν
941 2088 1017 2156 τῷ
1049 2087 1285 2155 δεκτικῷ
1321 2086 1517 2156 ἐκείνῳ
1545 2087 1778 2138 ἑκάστου
1812 2084 2030 2154 σώματι

463 2181 688 2249 δύναμις
755 2180 1034 2248 ὲνυπάρχῃ
1086 2177 1271 2246 φέρειν
1313 2175 1516 2246 ψυχὴν,
1547 2177 1642 2228 καὶ
1707 2175 1781 2244 μὴ
1840 2175 2032 2245 ἐνοχλῇ

461 2275 644 2343 γῆρας
684 2272 718 2342 ἢ
779 2271 1066 2340 Pagasae;
1111 2267 1358 2321 ὁστισοῦν
1407 2271 1501 2321 καὶ
1554 2269 1727 2338 φθορὰ
1774 2267 2033 2336 γηγενὴς,

465 2365 660 2416 ὁπόσαι
717 2364 847 2432 περὶ
875 2363 966 2414 τὸν
1005 2361 1118 2430 βίον
1151 2361 1464 2414 πλανῶνται
1510 2359 1839 2430 πολύτροποι
1871 2359 2036 2412 πολυ-

464 2456 679 2526 τρόπως
705 2469 718 2483 ·
749 2456 782 2524 ἡ
807 2453 863 2506 δὲ
891 2455 965 2515 ὡς
987 2453 1054 2504 τὰ
1075 2452 1246 2504 πολλὰ
1273 2454 1396 2513 ταῖς
1423 2453 1609 2514 ὁλκαίς
1635 2450 2038 2520 προσππιθείαις

465 2550 562 2602 καὶ
610 2548 824 2617 ἡδοναῖς
875 2545 1237 2614 ἀπατηθεῖσα,
1267 2543 1430 2596 οἱονεὶ
1478 2543 1833 2616 μεθυσθείσα,
1877 2543 2036 2596 ἔλαθε

466 2636 661 2706 ψεῦδος
701 2633 816 2689 ἀντ’
861 2633 1142 2704 ἀληθείας,
1177 2635 1270 2687 καὶ
1304 2631 1467 2686 σκιὰν
1502 2633 1626 2687 ἀντὶ
1653 2633 1846 2696 οὐσίας
1877 2634 2038 2687 κατέ-

467 2747 660 2799 χουσα.

542 2820 774 2888 ϐῆσσα.
809 2805 1120 2882 Μισοωτὸς.

549 3001 795 3072 l’ulgares
827 2997 1125 3070 felicitates.
1159 2995 1294 3052 Cum
1325 2994 1472 3050 enim
1507 2991 1937 3049 internecionem
1979 3007 2042 3046 ac

2191 707 2494 760 Δουλεύει.
2549 707 2622 758 Ἦ
2661 707 2736 769 ὡς
2783 706 3173 777 ἀργυρωνήτου
3223 703 3379 770 τάξιν
3425 701 3699 773 λαμὸἅνει

2121 799 2243 852 ἀντὶ
2283 799 2585 868 μισθωτοῦ.

2204 890 2607 958 ’Δὸραστείας.
2639 889 2994 958 Εἱμαρμένης

2194 981 2485 1044 Γοητευθ.
2517 978 2857 1047 Πλανηθεῖσα
2883 977 2950 1030 δι’
2979 977 3194 1048 ἡδονῆς.

2201 1071 2325 1126 Τῶν
2349 1070 2486 1138 δώρ.
2523 1071 2665 1124 Ὅσα
2687 1068 3080 1139 ιθεραπεύουσι
3119 1069 3214 1122 καὶ
3248 1069 3532 1140 ήδύνουσιν
3563 1069 3702 1140 ὅρα-

2128 1177 2234 1228 σιν,
2267 1163 2478 1230 γεῦσιν,
2504 1163 2694 1228 ἀκοὴν,
2712 1161 3003 1230 δσφρησιν,
3033 1161 3123 1214 καὶ
3165 1161 3330 1236 ἁφὴν,
3359 1161 3536 1215 πάντα
3555 1161 3706 1232 δῶρα

2127 1255 2227 1324 τῆς
2256 1254 2389 1324 ὕλης
2420 1254 2574 1323 φησι.

2128 1364 2149 1398 ις
2200 1350 2429 1416 Δώρων.
2459 1347 2580 1400 Τῶν
2626 1347 2830 1418 ἡδονῶν
2877 1347 2936 1402 ὲν
2969 1346 3050 1418 τῷ
3097 1347 3414 1419 συνεχισμῷ
3461 1349 3562 1418 τῆς
3597 1347 3706 1416 φύ-

2131 1457 2288 1502 σεως.

2213 1531 2344 1586 Ἐπὶ
2383 1533 2803 1602 συγκείμενον.
2851 1530 3195 1602 Ὠρισμὲνον.

2204 1625 2546 1678 Δουλεύειν.
2595 1625 2808 1693 Ὠσπερ
2853 1623 3134 1694 ἔγγραφον
3179 1623 3496 1692 συμφωνίαν
3546 1623 3706 1692 ποιή-

2135 1733 2342 1778 σαντες.

2061 1776 2108 1836 Β
2215 1776 2546 1876 Ἠσθῶμεν.
2577 1808 3005 1878 Εὐφρανϐὦμεν.

2203 1899 2494 1965 Θυραίων.
2521 1899 2731 1952 Νόθων.

2215 1991 2575 2059 Ὀμολογεῖν.
2621 1993 3144 2062 ’Υπερσυντῐοεσοαι
3179 1996 3270 2062 ὲγγ
3285 1993 3489 2064 ράφως.

2213 2081 2286 2138 ⁸11
2317 2083 2403 2137 δέ.
2449 2085 2512 2137 Ἦ
2555 2084 2877 2154 Ἀδράστεια
2905 2101 2920 2117 ο
2956 2087 2988 2156 η
3025 2087 3211 2154 φύσις.

2218 2173 2610 2243 Ἀπόρῤητον.
2635 2177 2913 2230 Μυστικὸν
2942 2179 3034 2230 καὶ
3062 2180 3124 2230 οὐ
3149 2177 3238 2232 διὰ
3268 2177 3515 2248 γλώττης
3541 2195 3719 2258 atpos-

2117 2267 2458 2336 ¹φερόμβνον.

2206 2356 2707 2426 Βουλευσώμεθιι.
2739 2358 2878 2427 Περὶ
2918 2359 3126 2412 τούτων
3177 2357 3280 2413 οὐκ
3321 2359 3389 2414 ἂν
3434 2359 3586 2428 γνοίη
3629 2375 3716 2421 τις

2137 2449 2382 2521 ἀκριϐῶς
2431 2450 2506 2521 μὴ
2549 2449 2948 2520 προπεπονϐὼς
3001 2453 3098 2504 καὶ
3153 2452 3287 2522 μηδὲ
3338 2455 3538 2522 πεῖράν
3590 2471 3716 2505 τινα

2137 2541 2318 2596 λαϐὼν
2363 2544 2626 2614 πρότερον
2647 2559 2659 2574 ·
2698 2546 2874 2610 γνοῖεν
2905 2543 2952 2596 δ’
2979 2545 3044 2598 ἂν
3079 2545 3278 2613 μᾶλλον
3311 2548 3360 2599 οἱ
3413 2545 3561 2614 πόθῳ
3591 2547 3720 2599 παί-

2138 2636 2244 2688 δων
2294 2636 2387 2690 καὶ
2439 2637 2715 2704 γυναικῶν
2768 2637 3138 2710 ἐνσχεθέντες.
3187 2639 3551 2708 Στερούμενοι
3599 2639 3730 2706 γάρ,

2141 2743 2270 2779 ποτε
2298 2728 2523 2790 τούτων,
2556 2731 2588 2799 ἢ
2621 2731 2834 2794 ἑκόντες
2889 2731 3304 2794 καταλιπόντες,
3338 2733 3538 2802 μυρέας
3587 2734 3719 2800 ὑφί-

2144 2834 2366 2872 στανται
2416 2819 2714 2890 ἀλγηδόνας
2749 2820 3196 2892 κατατεμνούσας
3228 2823 3303 2887 ὡς
3333 2823 3508 2876 εἰπεῖν
3537 2823 3718 2892 διηνε-

2219 2996 2458 3051 Primam
2509 2999 2691 3052 vitam.
2725 2999 2961 3054 Primam
3013 2999 3200 3066 vitam,
3236 3001 3432 3070 inquit,
3465 3016 3582 3055 eam
3636 3001 3721 3057 di-

471 3095 769 3167 perniciem
804 3091 963 3146 nobis
999 3089 1312 3156 concilient,
1345 3089 1398 3142 in
1447 3088 1692 3142 fraudem
1733 3087 2043 3156 complures
2070 3117 2115 3177 ο
2147 3089 2479 3160 stinguensa
2504 3090 2744 3146 secunda
2797 3099 2854 3145 et
2891 3091 3069 3157 tertia,
3105 3107 3266 3163 quam
3324 3092 3514 3146 dicunt
3545 3091 3718 3146 (ἔτωοί

472 3187 640 3242 illecti
701 3199 796 3240 eas
851 3197 973 3238 esse
1025 3195 1314 3251 prosperas
1367 3181 1615 3236 fortunas
1669 3191 1931 3251 spargunt
1987 3179 2044 3234 in

470 3279 688 3348 vulgus.

545 3368 796 3422 Insidias.
831 3365 1059 3422 Dolosas
1105 3363 1368 3422 excubias
1393 3373 1451 3419 et
1509 3362 1731 3434 laqueos
1783 3361 2047 3418 adversus

473 3464 746 3514 humanos
792 3459 1026 3512 animos.

545 3551 844 3620 inferorum
873 3547 1203 3620 praesidibus.
1233 3549 1278 3604 A
1307 3547 1650 3604 daemonibus
1675 3547 1768 3617 qui
1808 3555 1936 3604 sunt
1959 3548 2045 3602 in-

473 3652 748 3712 spectores
771 3657 832 3697 ac
870 3642 1132 3711 praefecti.

545 3732 805 3802 Ingresso.
846 3731 960 3800 Ego
1001 3747 1132 3784 vero
1171 3730 1316 3794 dico,
1349 3730 1626 3786 videlicet.

549 3824 817 3877 Suavitas.
855 3823 1118 3891 Voluptas
1164 3830 1222 3874 et
1271 3821 1500 3876 subdola
1552 3822 1792 3876 materiae
1836 3820 2050 3876 frauda-

479 3921 576 3968 tio.
605 3912 757 3980 Quod
793 3922 974 3967 autem
1019 3911 1176 3974 dicit,
1216 3910 1322 3965 tale
1367 3920 1496 3966 est:
1535 3911 1888 3974 Necessitate,
1949 3910 2047 3974 ait,

477 4007 748 4074 exigente,
780 4003 1016 4057 animam
1047 4002 1235 4056 niundi
1269 4012 1478 4056 natura:
1515 4000 1799 4066 inservire,
1833 4017 1860 4054 e
1884 4001 2050 4060 subli-
2071 4029 2086 4042 -

481 4097 552 4149 mi
581 4095 862 4150 descendit
885 4105 1142 4162 tanquam
1185 4091 1438 4148 mercede
1469 4093 1702 4161 quadam
1757 4091 2047 4154 conducta,

483 4197 542 4241 ut
571 4188 635 4240 ad
664 4186 948 4240 deﬁnitum
986 4195 1200 4252 tempus
1233 4183 1478 4237 serviens
1511 4183 1939 4236 emolumentum
1962 4196 2054 4236 ac-

479 4278 646 4346 cipiat
669 4276 834 4330 veluti
872 4275 1153 4344 praemium
1196 4273 1490 4344 quoddam,
1523 4283 1579 4328 et
1615 4275 1874 4328 ascendat
1907 4275 2050 4330 unde

479 4369 648 4421 venit.
693 4367 1041 4434 Qu-ncunque
1093 4363 1241 4420 enim
1290 4374 1468 4419 ortum
1521 4377 1578 4419 et
1651 4365 2050 4420 incrementum

2156 3183 2272 3236 iieri
2303 3190 2525 3251 propter
2557 3182 3076 3252 metempsycbosin,
3111 3201 3154 3236 St
3174 3198 3206 3237 ιι
3240 3183 3295 3237 in
3325 3181 3431 3237 alia
3483 3183 3719 3240 subinde

2154 3285 2315 3345 atque
2339 3276 2442 3330 alia
2473 3291 2702 3346 corpora
2727 3275 3126 3345 migrationem.

2227 3367 2536 3422 Servitutem
2583 3367 2772 3421 induit.
2806 3367 2942 3433 Quia
2993 3367 3084 3422 hic
3147 3367 3393 3422 ordinem
3440 3376 3495 3423 et
3539 3369 3720 3424 locum

2155 3459 2416 3527 mancipii
2446 3458 2676 3526 pecunia
2709 3457 2876 3526 empti
2899 3459 3096 3526 accipit
3123 3457 3245 3512 loco
3269 3457 3613 3511 mercenarii.

2225 3551 2504 3605 Adrastia’.
2541 3551 2678 3614 Fati,
2711 3550 2896 3613 sortis,
2952 3550 3132 3605 fatalis
3176 3549 3540 3604 necessitatis.

2227 3641 2422 3697 Htusa.
2452 3641 2510 3694 ln
2533 3655 2775 3695 errorem
2803 3660 2829 3692 a
2853 3640 3133 3708 voluptate
3159 3639 3404 3693 inducta.

2227 3735 2268 3786 A
2301 3733 2541 3786 materiis
2592 3729 2764 3784 donis.
2819 3729 3167 3800 Quaacuuque
3217 3729 3506 3793 deliniunt,
3539 3730 3720 3784 oblec-

2155 3836 2272 3882 tant
2293 3841 2357 3880 ae
2386 3823 2700 3879 demulcent
2724 3825 2922 3889 visum,
2957 3833 3198 3894 gustum,
3255 3821 3524 3887 auditum,
3553 3821 3719 3878 olfac-

2158 3929 2270 3973 tum
2302 3927 2358 3972 et
2389 3926 2612 3982 tactum,
2647 3931 2710 3970 ea
2745 3918 2985 3971 materiae
3018 3915 3158 3970 dona
3207 3925 3507 3985 nuncupat.

2227 4011 2410 4065 Donis.
2445 4009 2790 4080 Voluptatem
2822 4010 2873 4062 in
2891 4021 3102 4063 natura:
3122 4007 3472 4064 colnerentia.

2227 4101 2307 4154 Ad
2322 4101 2640 4154 condictum.
2669 4099 2985 4153 Deﬁnitum.

2231 4193 2508 4248 Inservire.
2533 4193 2698 4259 Quasi
2727 4195 2796 4248 ei-
2824 4191 3031 4263 scripto
3081 4193 3220 4249 facta
3277 4193 3639 4249 conventione
3667 4203 3723 4249 et

2158 4286 2584 4356 conspiratione.

2233 4377 2488 4433 Fortunae
2515 4389 2562 4434 et
2603 4391 2818 4433 externa
2843 4381 2998 4434 bona.
3026 4381 3157 4447 Qua:
3172 4391 3301 4438 sunt
3327 4384 3497 4438 notha
3525 4391 3582 4438 et
3610 4382 3726 4438 illc~

480 4459 708 4522 habent,
736 4458 971 4510 animam
1014 4464 1069 4510 et
1098 4456 1260 4509 vitam
1317 4455 1654 4513 desiderant.
1691 4457 1757 4510 Et
1786 4457 1917 4512 illud
1973 4469 2059 4514 est
2093 4467 2134 4521 ι)
2164 4469 2370 4538 gitima,

481 4551 678 4603 animae
725 4547 1046 4614 obsequium
1101 4560 1166 4600 ac
1211 4545 1599 4608 ministerium,
1635 4557 1694 4600 ut
1748 4547 2055 4603 subserviat

481 4640 816 4711 generationi
849 4647 904 4692 et
935 4636 1137 4706 origini
1169 4653 1350 4691 rerum
1392 4654 1512 4706 quae
1545 4640 1598 4691 in
1647 4638 1850 4692 mundo
1881 4643 2056 4694 conti-

483 4743 710 4793 nentur,
739 4745 1024 4798 quousque
1056 4729 1128 4783 illi
1155 4729 1338 4799 capaci
1372 4729 1804 4798 uniuscujusque
1841 4732 2056 4800 corpori

484 4827 566 4879 vis
598 4835 653 4878 et
683 4823 916 4878 facultas
945 4822 1086 4876 adsit
1128 4819 1372 4892 gestandi
1413 4825 1675 4885 animam,
1705 4837 1880 4890 neque
1941 4839 2057 4876 eam

485 4915 674 4985 iatiget
699 4923 974 4976 senectus,
1008 4922 1102 4966 aut
1125 4912 1332 4981 quasvis
1358 4912 1511 4965 tabes
1543 4923 1599 4966 et
1639 4914 1852 4980 jactura
1897 4912 2060 4966 terri-

485 5023 622 5079 gena
667 5007 858 5075 quales
921 5005 976 5058 in
1039 5003 1148 5058 vita
1200 5003 1458 5057 oberrant
1520 5005 1804 5058 versatiles
1875 5003 2060 5058 multis

485 5099 686 5154 modis.
721 5097 850 5164 Qua:
872 5113 1034 5166 porro
1062 5096 1244 5150 anima
1277 5105 1334 5148 ut
1364 5095 1658 5162 plurimum
1687 5095 2062 5149 matcrialibus

486 5213 551 5253 ac
577 5195 954 5251 vehementius
985 5193 1380 5248 inhaerentibus
1427 5189 1714 5244 affectibus
1745 5191 2064 5260 "voluptati.

488 5293 701 5360 hosque
750 5290 802 5342 in
843 5303 1089 5343 errorem
1141 5299 1197 5340 et
1262 5285 1528 5338 fallaciam
1582 5283 1812 5338 deducta
1873 5293 1972 5348 est,
2006 5295 2063 5338 et

487 5384 643 5453 quasi
701 5381 968 5436 iuebriala
1036 5377 1352 5445 imprudens
1409 5376 1634 5438 lallitur,
1681 5391 1778 5445 pro
1833 5361 2064 5431 veritate

488 5478 854 5538 mendacium,
887 5483 943 5528 et
974 5473 1220 5526 umbram
1254 5483 1354 5540 pro
1393 5467 1697 5524 substantia
1747 5481 1803 5524 et
1833 5483 1892 5522 re
1947 5468 2062 5537 ipsa

488 5566 848 5634 aniplcctcns.

562 5655 894 5725 l’aupercula
937 5655 1192 5724 siquidem
1247 5665 1295 5709 et
1342 5655 1604 5708 indotata.
1641 5653 1888 5710 Mercede
1934 5669 2064 5708 con-

489 5743 672 5800 ducta.

2229 4561 2554 4616 Consentire.
2595 4561 2730 4617 Cum
2775 4565 2997 4635 scriptis
3051 4569 3368 4638 transigere.

2235 4653 2313 4707 Ea
2349 4671 2524 4722 porro.
2583 4655 2834 4711 Adrastia
2874 4673 2971 4713 seu
3015 4659 3282 4724 Nemesis,
3343 4677 3438 4716 seu
3489 4662 3728 4717 vindicta

2159 4746 2343 4834 divina
2370 4745 2669 4802 verborum
2701 4749 3069 4818 superborum
3129 4751 3510 4824 factorumque
3571 4767 3730 4825 petu-

2161 4835 2388 4891 lantium
2425 4839 2623 4905 ultrix;
2660 4839 2772 4908 ipsa
2814 4851 3027 4896 natura.

2233 4927 2528 4984 Occultam.
2567 4934 2858 4997 Areanam,
2891 4949 2995 4990 nec
3039 4933 3238 5006 lingua:
3291 4937 3597 4994 ministerio
3633 4938 3731 4994 ad-

2163 5019 2536 5090 miniculoque
2578 5022 2981 5091 proferendam.

2233 5108 2551 5165 Statuimus.
2581 5111 2753 5169 Nemo
2780 5115 2866 5170 his
2888 5115 2956 5170 de
2981 5115 3143 5172 rebus
3176 5130 3364 5174 exacte
3407 5121 3614 5176 sentire
3669 5137 3730 5176 ac

2159 5201 2408 5272 judicare
2440 5214 2642 5274 potest,
2675 5207 2781 5260 nisi
2831 5222 3046 5262 summo
3075 5209 3270 5264 aﬂectu
3321 5212 3401 5266 eis
3455 5213 3734 5278 inhaereat,

2167 5307 2232 5346 ac
2259 5293 2412 5362 prius
2433 5296 2832 5365 experientiam
2861 5299 3151 5366 quamdam
3182 5303 3497 5372 sumpserit,
3525 5303 3735 5370 pericu-

2166 5383 2391 5454 lumque
2423 5387 2659 5453 iecerit;
2695 5394 2949 5443 noverint
2985 5393 3168 5460 potius
3214 5393 3250 5447 ii
3299 5393 3394 5463 qui
3447 5395 3733 5449 mulierum

2167 5487 2220 5528 et
2247 5491 2546 5543 puerorum
2595 5495 2781 5535 annue
2830 5481 3165 5538 detinentur.
3223 5485 3354 5540 Nam
3393 5486 3590 5541 iisdem
3642 5487 3737 5541 ali-

2169 5567 2389 5636 quando
2419 5569 2638 5638 privati,
2679 5573 2763 5626 vel
2796 5575 2839 5628 si
2873 5575 3109 5631 ultronei
3139 5587 3195 5632 et
3233 5592 3333 5632 sua
3400 5590 3595 5647 sponte
3645 5593 3739 5634 eos

2168 5659 2533 5724 deseruerint,
2568 5662 2808 5718 iniinitos
2837 5681 3070 5735 angores
3123 5679 3179 5724 et
3233 5671 3511 5727 cruciatus
3569 5671 3737 5726 mole-

2170 5747 2411 5817 stiasque
2445 5751 2718 5816 sustinent
2749 5793 2762 5818 ,
2799 5755 3057 5824 animam,
3092 5761 3245 5816 utita
3276 5761 3502 5829 loquar.
3522 5762 3737 5824 assidue
