4102 6294
313 447 316 450 .
368 378 475 444 £89

1252 374 1573 436 SCHOLIA
1616 374 1699 433 ΙΝ
1743 372 2130 434 SYNESIUM
2170 373 2270 433 DE
2315 369 2752 433 INSOMNIIS.

3509 374 3614 438 590

362 491 766 562 ὲπιιὶυμητικδιν
798 491 859 543 ἐκ
889 490 984 558 τῆς
1026 488 1278 557 σελήνης.
1309 487 1483 557 Ὑγρᾶ
1516 486 1613 557 τὴν
1643 487 1805 555 φύσιν
1836 489 1930 538 καὶ
1971 493 2006 548 Α
2039 486 2171 553 rugis
2206 487 2303 561 μὲν
2328 504 2422 539 του
2460 487 2551 540 νοῦ
2588 488 2681 540 καὶ
2717 486 2815 556 τῆς
2847 487 3030 559 ψυχῆς
3062 491 3094 558 ἡ
3135 489 3366 556 διάνοια,
3401 493 3612 561 μεταξὺ

367 591 400 659 ή
430 586 626 659 σελήνη
658 584 753 636 καὶ
774 582 1106 652 διαῤῥέουσά
1137 583 1273 634 ἐστι.
1301 581 1397 631 Διὰ
1431 581 1537 647 γὰρ
1567 579 1721 632 τοῦτο
1753 580 1847 629 καὶ
1882 581 1937 630 at

348 656 754 748 -ττεριὲρώτων
786 676 1118 745 μαγγανείαι
1141 671 1276 741 πρὸς
1305 669 1476 741 αὐτὴν
1514 672 1781 738 γίνονται.
1805 667 1938 723 Εἶτα

368 770 570 841 ἑφεξῆς
600 771 665 822 ἐκ
697 768 804 821 τῶν
840 764 1118 837 στοιχείων
1142 764 1414 834 λαμϐάνει
1439 763 1537 833 τὴν
1563 761 1657 816 τοῦ
1691 761 1942 832 σώματος

371 861 644 914 σύνθεσιν.
684 857 867 909 Ταῦτα
918 856 1017 924 μὲν
1064 852 1160 907 οὖν
1209 869 1376 922 φασιν
1404 852 1689 921 Ἕλληνες,
1715 851 1853 905 ἄλλα
1883 851 1941 904 δὲ

370 951 660 1019 Αἰγύπτιοι
693 950 790 1002 καὶ
808 946 1067 1001 Χαλδαῖοι
1087 960 1102 974 ⁸
1134 946 1259 997 ἐπεὶ
1287 944 1345 997 δὲ
1368 943 1774 1013 διαφωνοῦντας
1798 930 1943 995 οΰτω

372 1043 594 1104 τούτους
644 1043 673 1095 ὁ
727 1041 981 1102 Συνέσιος
1042 1038 1167 1109 ὁρᾷ,
1215 1036 1310 1090 καὶ
1357 1036 1608 1091 ἀπιστεῖν
1660 1050 1796 1103 φησι
1850 1034 1943 1086 καὶ

372 1136 676 1190 πιστεύειν.

442 1222 816 1292 Σωματικήν.
854 1222 1020 1292 Ὅρα,
1044 1220 1209 1274 πάλιν
1231 1218 1292 1271 τὸ
1330 1218 1701 1285 φανταστικὸν
1726 1215 1945 1287 πνεῦμα

377 1317 700 1386 σωματικὴν
737 1317 926 1369 οὐσίαν
960 1316 1148 1383 φησιν,
1179 1313 1207 1367 ὃ
1236 1313 1497 1382 ἀνωτέρω
1533 1312 1694 1371 σῶμα
1726 1311 1945 1382 πρῶτον

375 1408 577 1478 ψυχῆς,
607 1410 704 1460 καὶ
731 1407 1023 1461 θεσπέσιον
1067 1406 1140 1459 αὖ
1169 1407 1329 1475 σῶμα
1378 1406 1618 1475 εἰρήκει,
1645 1405 1740 1458 καὶ
1780 1404 1945 1457 πάλιν

374 1500 538 1570 σῶμα
572 1500 870 1570 ἀκήρατον.

453 1590 703 1645 Οὐσίαν.
732 1590 803 1642 Ἢ
829 1590 904 1652 ὡς
937 1589 999 1642 τὸ
1024 1590 1392 1658 φανταστικὸν
1426 1591 1668 1659 πνεῦμα.

452 1682 734 1751 Οὐδεμία.
768 1682 835 1734 Ἢ
889 1680 964 1745 ὡς
1007 1681 1291 1752 ἀμήχανόν
1331 1683 1449 1735 ἐστι
1493 1680 1638 1736 κατὰ
1686 1684 1747 1736 τὸ
1780 1699 1948 1755 προσ-

380 1774 532 1842 ἧκον.

452 1865 804 1932 Συγεξᾶραι.
829 1864 921 1935 Μὴ
948 1864 1317 1919 σννανελΟεῖν.

452 1955 571 2010 Καὶ
600 1956 729 2023 ταῖς
756 1957 1065 2026 σφαίραις.
1113 1957 1232 2027 Ἀφ’
1265 1952 1342 2011 ὧν
1371 1957 1592 2027 πρῶτον
1620 1957 1881 2029 κατῆλθε.

456 2052 770 2118 Ἐσχαται.
804 2050 1140 2119 Βουλόμενος
1167 2050 1262 2103 καὶ
1296 2050 1427 2118 περὶ
1456 2051 1565 2104 τῶν
1599 2052 1807 2121 μεταξὺ
1846 2068 1956 2119 χω-

379 2140 496 2211 ρῶν
526 2140 724 2204 είπείν,
756 2141 1209 2211 ἑπαναλαμϐἀνει
1237 2140 1305 2195 τὰ
1331 2142 1600 2213 εἰρημένα
1631 2143 1728 2197 καὶ
1764 2144 1957 2197 ἀποτί-

383 2234 532 2302 θησι.
559 2233 731 2301 Φησὶν
780 2231 875 2287 οὖν
931 2234 1013 2286 ὅτι
1076 2233 1303 2304 ἔσχαται
1361 2233 1465 2303 μὲν
1499 2234 1594 2288 οὖν
1636 2235 1732 2288 δύο
1770 2234 1954 2304 λήξεις

383 2323 502 2392 ἦτοι
534 2321 842 2391 ἀκρότητες
867 2320 966 2374 τοῦ
998 2323 1204 2385 παντὸς
1246 2316 1411 2377 αὗταί
1459 2323 1624 2388 εἰσιν,
1645 2323 1679 2392 ἦ
1710 2339 1770 2376 τε
1806 2325 1956 2376 κάτω

383 2416 417 2482 ἡ
445 2412 818 2484 ἀμφικνεφὴς,
845 2415 944 2468 καὶ
993 2415 1027 2484 ἠ
1072 2413 1187 2467 ἄνω
1216 2414 1250 2485 ἡ
1283 2414 1576 2485 ἁμφιφαής
1600 2431 1615 2447 ο
1649 2416 1684 2485 ὴ
1719 2414 1819 2484 μὲν
1851 2431 1954 2467 κα·
2020 2409 2027 2416 “

385 2506 662 2576 κοδαίμων
714 2503 872 2568 οὖσα,
904 2507 938 2574 ἡ
982 2505 1042 2559 δὲ
1082 2506 1380 2574 εὐδαίμων.
1418 2506 1576 2559 Ἐπεὶ
1632 2507 1688 2560 δὲ
1739 2509 1957 2561 ἐναντία

384 2599 608 2668 ἀμέσως
657 2598 1030 2653 συνάπτεσθαι
1069 2598 1133 2651 οὐ
1178 2597 1457 2663 δύνανται,
1492 2598 1660 2668 φησὶν
1690 2599 1774 2651 ὅτι
1824 2598 1957 2651 κᾶν·

387 2692 562 2746 ταῦοα
589 2692 798 2762 μεταξὺ
819 2690 928 2744 τῶν
956 2690 1068 2744 δύω
1100 2690 1310 2744 τούτων
1356 2690 1565 2761 λήξεών
1595 2691 1739 2745 εἰσιν
1769 2692 1956 2761 ἕτεραι

392 2790 565 2859 χῶραι
592 2788 786 2842 πολλαὶ
823 2787 919 2840 καὶ
954 2787 1225 2858 διάφοροι,
1254 2785 1320 2849 ἃς
1347 2787 1667 2857 ἐτεροφαεῖς
1692 2786 1957 2855 ὀνομάζει

396 2883 489 2934 καὶ
518 2881 912 2952 ἑτεροκνεφεῐς,
940 2880 1060 2950 ἦτοι
1094 2880 1438 2951 μετεχούσας
1475 2880 1585 2933 τῶν
1617 2879 1959 2950 ἑκατέρωθεν

397 2970 598 3041 λήξεων
641 2971 740 3024 καὶ
784 2970 916 3040 παρ’
954 2969 1298 3039 ἀμφιφαοῦς,
1331 2965 1442 3023 οἷον
1474 2968 1665 3039 ὥσπερ
1708 2970 1826 3021 ἐστὶ
1865 2986 1962 3040 με-

393 3140 565 3210 ipsam
589 3137 936 3208 contingunt.
974 3135 1242 3206 Deinceps
1287 3134 1481 3191 ordine
1512 3143 1734 3191 servato
1760 3135 1829 3190 ab
1847 3135 1961 3190 ele-

395 3232 595 3286 mentis
622 3228 727 3284 sibi
771 3228 1011 3283 vindicat
1030 3226 1277 3297 corporis
1323 3227 1802 3296 compositionem.
1850 3226 1961 3281 ista

397 3320 564 3390 igitur
616 3320 789 3374 Graeci
838 3328 1133 3385 asserunt;
1192 3319 1301 3373 alia
1356 3333 1487 3373 vero
1513 3316 1751 3387 [Egyptii
1802 3327 1968 3388 atque

394 3410 656 3467 Chaldmi.
687 3410 792 3465 Sed
829 3410 1089 3481 quoniam
1120 3424 1218 3465 eos
1253 3410 1331 3464 ita
1365 3408 1701 3463 dissidentes
1721 3406 1970 3464 animadL

395 3503 561 3559 vertit
589 3503 876 3574 Synesius,
937 3505 1014 3557 ait
1059 3502 1219 3556 ﬁdem
1260 3500 1371 3555 illis
1415 3501 1615 3571 partim
1669 3499 1965 3557 detrahen-

396 3594 548 3659 dam,
580 3602 636 3649 et
657 3593 854 3663 partim
889 3592 1258 3647 adhibendam
1296 3606 1440 3647 esse.

468 3687 733 3756 Corporea
756 3687 1076 3741 substantia.
1118 3685 1272 3749 Vide,
1297 3700 1488 3740 rursus
1518 3686 1770 3755 spiritum
1800 3686 1972 3758 phan-

401 3780 653 3833 tasticum
680 3794 997 3849 corpoream
1028 3777 1394 3833 substantiam
1433 3778 1593 3842 dicit,
1622 3779 1769 3848 quod
1798 3793 1968 3848 supra

400 3887 603 3941 corpus
620 3871 855 3941 primum
879 3870 1097 3936 animae,
1126 3880 1183 3925 ct
1212 3870 1461 3923 divinum
1498 3885 1698 3939 corpus
1727 3869 1887 3935 dixit,
1909 3884 1972 3924 ac

401 3963 585 4018 denuo
614 3976 813 4031 corpus
843 3962 1122 4030 integrum
1154 3969 1211 4016 et
1237 3961 1567 4016 immortale.

475 4053 806 4109 Substantia.
840 4053 1109 4107 Nimirum
1136 4052 1367 4122 spiritus
1393 4053 1794 4123 phantasticus.

473 4145 612 4200 Fieri
632 4146 845 4199 omnino
872 4146 1071 4215 nequit.
1104 4144 1446 4199 Perarduutn
1470 4153 1555 4200 est
1580 4159 1678 4214 pro
1709 4145 1974 4216 dignitate

407 4238 579 4292 illius.

475 4329 651 4385 Simul
688 4330 938 4383 elevatur.
976 4329 1118 4393 Quin
1146 4329 1309 4384 simul
1340 4316 1620 4384 ascendat.

478 4421 759 4490 Globisque
807 4420 1121 4477 calonibus.
1182 4422 1258 4476 De
1284 4419 1488 4492 quibus
1537 4421 1694 4491 prius
1743 4423 1975 4477 descen-

409 4515 587 4570 derat.

487 4605 772 4660 Extrema.
830 4605 1026 4660 Volens
1054 4606 1218 4661 etiam
1249 4606 1318 4660 de
1345 4604 1689 4673 interpositis
1715 4604 1980 4660 tractibus

409 4699 590 4767 loqui,
651 4698 876 4752 reiterat
909 4712 1033 4766 qua:
1077 4697 1234 4766 prius
1263 4696 1407 4750 dicta
1440 4706 1592 4760 sunt,
1657 4706 1713 4751 et
1753 4696 1979 4751 refutat.

412 4787 502 4841 Ait
549 4787 714 4855 igitur
773 4794 1049 4841 extremas
1071 4787 1208 4840 duas
1265 4786 1446 4846 sedes,
1495 4785 1763 4840 nimirum
1820 4787 1983 4856 hujus

414 4876 657 4931 universi
714 4875 899 4945 apices
949 4890 1096 4941 esse,
1153 4891 1317 4929 unam
1383 4875 1700 4931 inferiorem
1739 4878 1984 4948 undique

413 4969 792 5038 caliginosum,
837 4979 894 5023 et
920 4969 1149 5023 alteram
1182 4969 1528 5036 superiorem
1559 4969 1802 5038 undique
1825 4970 1987 5024 lumi-

413 5076 638 5125 nosam;
674 5061 820 5114 illam
866 5060 1164 5119 infelicem.
1225 5059 1367 5113 hanc
1409 5075 1544 5115 vero
1576 5060 1816 5115 beatam.
1876 5061 1983 5116 Sed

414 5152 676 5222 quoniam
735 5152 1052 5205 immediate
1104 5152 1355 5220 opposita
1387 5152 1551 5206 simul
1598 5154 1841 5222 copulari
1874 5170 1984 5208 non

412 5252 679 5312 possunt,
717 5244 914 5297 asserit
957 5243 1049 5298 hic
1076 5245 1243 5296 etiam
1278 5245 1331 5297 in
1380 5244 1561 5299 medio
1617 5246 1809 5299 harum
1850 5247 1985 5300 dua-

418 5350 539 5387 rum
575 5335 788 5389 sedium
822 5350 946 5389 esse
974 5334 1295 5403 complures
1330 5334 1471 5390 alios
1509 5345 1717 5391 tractus
1756 5340 1900 5392 inter
1926 5353 1985 5391 se

420 5425 778 5490 dissidentes,
811 5440 950 5494 quos
974 5441 1042 5480 ex
1062 5415 1229 5478 altera
1260 5435 1416 5494 parte
1473 5425 1782 5481 luminosos
1810 5428 1988 5481 nomi-

418 5526 538 5580 nat,
565 5533 631 5570 ex
667 5518 836 5571 altera
857 5518 1147 5579 obscuros.
1175 5516 1431 5571 videlicet
1453 5518 1751 5587 participes
1773 5519 1985 5572 sedinm

421 5611 552 5663 hinc
579 5620 636 5665 et
667 5610 819 5665 illinc
846 5610 1264 5674 collocatarum,
1304 5620 1361 5664 et
1390 5609 1533 5664 infra
1567 5612 1844 5681 regionem
1882 5627 1988 5664 uu-

417 5700 586 5768 diqne
604 5700 926 5771 fulgentem.
971 5700 1134 5769 Verbi
1162 5715 1347 5766 causa,
1401 5701 1865 5770 quemadmodum
1907 5703 1988 5756 in-

422 5792 722 5861 telligentia
746 5803 828 5850 est
855 5793 909 5847 in
937 5792 1119 5849 medio
1152 5792 1348 5848 mentis
1380 5800 1435 5846 ct
1463 5792 1681 5860 animm,
1711 5793 1763 5848 in
1803 5792 1986 5847 medio

2040 580 2095 633 δὲ
2126 581 2306 650 ψυχῆς
2347 581 2444 634 καὶ⁸
2488 581 2792 649 φαντασίας
2835 581 2867 651 ἡ
2900 580 3049 646 δόξα,
3083 582 3288 651 μεταξὺ
3320 582 3376 637 δὲ
3406 600 3616 652 φανταε-

2044 673 2166 733 σίας
2222 672 2316 724 καὶ
2376 671 2628 742 σώματος
2690 673 2724 741 ἡ
2786 672 3065 743 αἴσθησις.
3110 673 3221 727 Καὶ
3273 675 3412 728 εἰσὶν
3454 669 3617 728 αὗται

2048 762 2349 832 μεσότητες
2377 762 2667 832 διήκουσαι
2694 762 2761 815 δι’
2795 762 3044 833 ἀλλήλων
3078 763 3187 816 ἀπὸ
3232 763 3329 817 τοῦ
3365 766 3619 835 σώματος

2042 853 2175 922 ἄχρι
2200 850 2294 903 τοῦ
2323 852 2439 913 νοῦ,
2475 853 2570 905 καὶ
2609 851 2901 922 μετέχουσι
2944 872 3060 917 πως
3096 854 3310 909 ἅπασαι
3358 856 3468 910 τῶν
3500 874 3618 925 γει-

2042 941 2342 996 τονούντων
2378 943 2742 1013 ἑκατέρωθεν.
2783 946 2996 1016 Ὥσπερ
3029 947 3126 1000 καὶ
3154 949 3183 1000 ὁ
3213 947 3321 1018 ἀὴρ
3350 947 3447 1001 δύο
3478 947 3622 1019 ἔχων

2045 1030 2390 1101 ἑκατέρωθεν
2441 1033 2752 1104 ἀκρότητας
2800 1037 2895 1088 καὶ
2937 1036 3141 1106 λήξεις,
3175 1039 3317 1092 κατὰ
3372 1041 3471 1110 μὲν
3520 1041 3622 1107 τὴν

2045 1122 2159 1174 ἄνω
2192 1121 2365 1192 λῆξιν,
2392 1123 2494 1194 τὴν
2526 1123 2605 1193 τῷ
2654 1128 2981 1198 στοιχειακῷ
3013 1132 3147 1199 πυρὶ
3185 1130 3620 1199 πλήσιάζουσαν,

2047 1214 2165 1266 ἐστὶ
2195 1214 2421 1284 Θερμόςο
2456 1217 2598 1270 κατὰ
2642 1216 2700 1270 δὲ
2726 1217 2826 1288 τὴν
2857 1200 3007 1275 κάτω
3046 1225 3142 1277 καὶ
3183 1224 3321 1295 πρὸς
3355 1226 3434 1296 τῷ
3468 1225 3622 1281 ὕδατι

2049 1306 2236 1374 ὑγρός.

2123 1400 2199 1455 Τὰ
2228 1399 2403 1468 ἄκρα.
2439 1400 2521 1457 Τὰ
2553 1403 2766 1476 καίρια.

2117 1491 2342 1558 Χώρας.
2384 1492 2610 1565 Ἐτέρας
2645 1497 2829 1567 λήξεις
2860 1504 2953 1552 και
2980 1505 3203 1566 τόπους.

2123 1578 2235 1631 Τοῦ
2261 1581 2517 1648 κόσμου.
2548 1585 2684 1654 Περὶ
2706 1587 2805 1655 τὴν
2828 1588 3149 1662 σεληνιακὴν
3186 1595 3447 1663 σφαῖραν.

2126 1669 2323 1737 Ψυχή.
2365 1671 2524 1741 Ἐμοὶ
2547 1673 2696 1727 δοκεῖ
2723 1676 2799 1728 ἔτι
2828 1679 2885 1731 ἐν
2912 1681 2989 1748 τῷ
3026 1683 3241 1751 σώματι
3271 1681 3427 1739 οὖσα.

2126 1758 2239 1812 Τυῦ
2269 1760 2633 1829 πνεύματος.
2672 1765 2777 1817 Τοῦ
2807 1772 3201 1835 φανταστικοῦ.

1987 1842 2031 1898 Β
2129 1848 2277 1916 Εῖδη
2308 1867 2373 1903 τε
2406 1854 2525 1907 καί.
2554 1853 2736 1926 Ὅπερ
2781 1858 2882 1929 ἤδη
2922 1862 3209 1931 γινόμενον
3248 1868 3499 1933 φαίνεται
3533 1868 3630 1924 ἐπὶ

2055 1939 2163 1992 τῶν
2199 1941 2454 2012 καθαρῶς
2489 1946 2586 1998 καὶ
2628 1948 2935 2019 ἀμέμπτως
2969 1955 3061 2006 καὶ
3091 1957 3214 2009 κατ’
3246 1959 3451 2031 ἀρετὴν
3484 1962 3623 2026 ζών-

2054 2034 2163 2125 των
2204 2033 2531 2102 ἀνθρώπων,
2568 2040 2661 2091 καὶ
2709 2042 2936 2112 νοερῶς.
2972 2038 3132 2099 Οὗτοι
3178 2049 3287 2119 γὰρ
3329 2053 3433 2103 κάν
3463 2056 3530 2124 τῇ
3556 2055 3627 2125 γῇ

2054 2122 2227 2189 ὄντες,
2258 2126 2754 2200 αἰθεροδρομοῢντα
2786 2135 3084 2205 κέκτηνται
3123 2140 3272 2193 νοῦν.

2140 2215 2265 2268 Ἐπί
2292 2215 2410 2285 τὴν
2434 2221 2685 2275 οὶκείιιν.
2717 2223 2786 2275 Ἢ
2835 2223 2912 2286 ὡς
2955 2227 3049 2279 ἐπὶ
3078 2228 3179 2297 τὴν
3219 2232 3430 2286 οἰκείαν
3471 2234 3630 2307 λῆξιν

2055 2304 2155 2372 τὴν
2187 2307 2465 2380 ἀμφιφιῆο

2126 2402 2592 2458 Καταπεσοῦσα.
2629 2404 2722 2468 Et;
2746 2406 2844 2476 τὴν
2873 2408 3023 2463 κάτω
3046 2409 3145 2481 τὴν
3172 2413 3522 2488 ἁμφικνεφῆ.

2128 2494 2243 2548 Καὶ
2282 2494 2574 2563 ἀοριστεῖ.
2609 2499 2898 2569 Διαχὲεται
2937 2504 3033 2556 καὶ
3070 2505 3398 2562 πλατύνεται
3426 2514 3506 2574 είς
3535 2512 3635 2584 τὴν

2058 2586 2336 2643 ποικιλίαν
2363 2587 2465 2657 τῆς
2500 2587 2656 2659 ὕλης.

2130 2680 2372 2745 Μεταξὺ
2404 2679 2493 2736 δέ.
2535 2683 2604 2735 Ἦ
2632 2682 2707 2747 ὡς
2740 2687 2805 2756 τῇ
2857 2685 2996 2760 μέσῃ
3027 2688 3182 2761 λήξει
3230 2696 3324 2747 καὶ
3363 2696 3518 2769 χώρᾳ
3567 2700 3634 2769 τῇ

2060 2769 2412 2838 ἑτεροκνεφεί
2440 2773 2536 2824 καὶ
2568 2772 2882 2843 ὲτεροφαεῖ.

2059 2861 2261 3025 λήΤῶν
2282 2863 2420 2932 μέν.
2457 2864 2571 2935 Τῆς
2625 2881 2684 2917 τε
2736 2867 3060 2940 εὐδαίμονος
3094 2874 3190 2927 καὶ
3235 2876 3638 2948 κακοδαίμονος

2135 2953 2288 3020 ξεως.

2135 2953 2288 3020 ξεως.

2065 3139 2197 3181 vero
2219 3126 2491 3215 animae'ct
2514 3129 2816 3201 phantasim
2841 3134 3026 3206 opinio
3044 3153 3059 3191 :
3079 3148 3135 3193 at
3164 3139 3219 3193 in
3249 3139 3429 3195 medio
3454 3143 3635 3212 phan-

2072 3219 2221 3273 tasiae
2244 3235 2341 3275 seu
2379 3221 2790 3291 imaginationis
2822 3238 2879 3281 et
2928 3232 3182 3301 corporis
3209 3248 3406 3289 sensus
3435 3248 3536 3290 est.
3575 3237 3645 3292 Et

2074 3307 2177 3361 ista
2205 3318 2333 3364 sunt
2361 3312 2540 3365 media
2573 3325 2767 3368 mutuo
2810 3315 2953 3370 inter
2980 3333 3039 3373 se
3071 3324 3418 3388 penetrantia
3449 3335 3504 3379 et
3540 3342 3638 3380 ex-

2071 3411 2322 3469 porrecta
2346 3418 2375 3456 a
2399 3418 2630 3473 corpore
2663 3405 2729 3459 ad
2766 3418 3007 3463 mentem
3040 3426 3234 3480 usque,
3264 3423 3319 3469 et
3352 3417 3644 3488 participia

2071 3502 2201 3547 sunt
2254 3495 2658 3564 quodammodo
2721 3500 2906 3555 omnia
2943 3502 3251 3560 vicinorum
3285 3523 3352 3562 ex
3405 3519 3640 3582 utroque

2073 3583 2265 3637 latere.
2296 3585 2770 3651 Quemadmodum
2817 3605 2912 3643 aer
2961 3594 3222 3662 utrinque
3272 3597 3410 3653 duas
3434 3599 3649 3655 habens

2071 3676 2447 3730 extremitates
2488 3685 2545 3732 et
2576 3680 2757 3743 sedes,
2817 3678 2996 3748 quoad
3050 3697 3371 3750 supremum
3412 3695 3645 3742 tractum

2072 3764 2395 3819 elementari
2432 3766 2539 3836 igni
2572 3767 2911 3836 adjacentem
2949 3768 3163 3824 calidus
3193 3782 3297 3839 est,
3331 3775 3428 3829 sed
3464 3779 3646 3846 quoad

2074 3854 2415 3918 inferiorem,
2438 3857 2590 3926 juxta
2618 3871 2836 3927 aquam,
2870 3858 3150 3916 humidus.

2146 3945 2445 4001 Postrema.
2473 3947 2816 4018 Opportuna.

2148 4039 2424 4111 Regiones.
2454 4042 2604 4098 Alios
2635 4053 2841 4101 tractus
2866 4058 2922 4102 et
2943 4047 3120 4105 locus.

2145 4130 2208 4185 In
2235 4133 2417 4186 mundi
2447 4133 2753 4190 latitudine.
2788 4137 2946 4193 Circa
2977 4140 3229 4197 lunarem
3254 4143 3504 4214 globum.

2160 4224 2296 4278 Vivit
2335 4227 2563 4280 animus.
2594 4227 2819 4297 Opinor,
2849 4231 3035 4287 adhuc
3068 4233 3124 4288 in
3161 4249 3391 4305 corpore
3420 4237 3652 4309 degens.

2149 4314 2282 4370 Cum
2305 4318 2399 4370 hoc
2415 4319 2625 4387 spiritu.
2666 4319 3038 4379 Phantastico.

2152 4407 2375 4463 Formas
2414 4421 2680 4467 clmores.
2715 4413 2870 4480 Quod
2921 4417 3145 4486 quidem
3194 4420 3306 4490 jam
3354 4423 3655 4490 contigisse

2008 4534 2055 4589 η
2081 4501 2301 4554 videtur
2345 4503 2401 4557 in
2443 4520 2599 4573 pure,
2639 4505 2914 4576 inculpate
2944 4518 2999 4562 et
3032 4512 3337 4568 secundum
3389 4514 3653 4572 virtutem

2082 4602 2139 4646 et
2164 4593 2578 4664 intelligentiam
2610 4597 3264 4658 viventihushominibus
3296 4621 3310 4659 :
3343 4604 3421 4659 illi
3450 4607 3657 4677 quippe

2083 4685 2184 4739 etsi
2236 4683 2290 4738 in
2327 4697 2471 4741 terra
2512 4696 2662 4753 sunt,
2690 4700 2926 4745 mentem
2966 4694 3252 4761 possident
3293 4696 3350 4750 in
3385 4698 3527 4752 caelo
3559 4715 3656 4753 va-

2084 4786 2326 4846 g‘antcm.

2159 4871 2239 4923 Ad
2270 4873 2545 4941 propriam
2577 4858 3009 4944 gcni‘rosita‘tcm.
3067 4879 3229 4934 Velut
3280 4882 3345 4936 ad
3377 4883 3655 4955 propriam
3701 4866 3715 4923 in

2086 4977 2147 5015 ac
2178 4962 2535 5019 domesticam
2572 4980 2802 5045 squetn,
2835 4970 2985 5023 omni
3015 4988 3080 5023 ex
3116 4982 3272 5040 parte
3303 4975 3661 5033 luminosam.
3710 5021 3716 5041 ε

2164 5054 2447 5123 Dclapsus.
2506 5057 2563 5110 ln
2598 5058 2975 5115 hareditatem
3032 5063 3352 5119 inferiorem
3417 5067 3660 5137 undique

2089 5146 2460 5201 tenebrosam.

2159 5236 2510 5293 lnardinutus
2537 5242 2776 5309 efﬁcitur.
2808 5243 3016 5297 Dillluit
3061 5258 3126 5298 ac
3156 5243 3418 5302 dilatatur
3445 5248 3501 5302 in
3523 5249 3662 5318 ξιιιιιη

2091 5328 2240 5382 tcria:
2264 5331 2609 5384 varietatem.

2160 5419 2226 5474 In
2269 5422 2440 5476 medio
2479 5438 2599 5475 vero
2635 5439 2753 5476 cum
2779 5427 2866 5479 sit.
2892 5424 3161 5481 Nimirum
3200 5429 3254 5483 in
3299 5428 3477 5483 Inedia
3511 5437 3662 5484 sorte

2088 5528 2144 5572 et
2177 5517 2399 5588 regione
2447 5531 2515 5569 ex
2545 5517 2719 5571 altera
2777 5527 2930 5588 parte
2962 5520 3201 5576 obscura
3264 5532 3319 5578 et
3370 5539 3436 5577 ex
3488 5523 3665 5580 altera

2090 5611 2385 5665 luminosa.

2162 5701 2223 5755 In
2259 5699 2602 5755 luminosam.
2634 5701 2831 5757 Felicis
2858 5712 2913 5758 et
2945 5703 3302 5775 inauspicata
3332 5705 3518 5758 sortis.

2161 5793 2266 5873 mu
2284 5810 2401 5848 vero
2421 5794 2735 5864 assequitur.
2762 5793 2893 5862 Quae
2913 5796 3089 5853 media
3106 5807 3154 5853 et
3176 5796 3498 5871 interposita
3514 5800 3668 5855 sunt.
