4102 6294
529 330 634 394 535

607 444 723 510 Ὧς.
753 445 963 512 ”οπως.

607 537 1049 609 Ἐπιϐλητικήν.
1077 548 1186 618 Τὴν
1205 551 1599 611 ἐπιϐάλλουσαν
1619 559 1708 610 καὶ
1729 559 1964 632 ἁρμόζον
1975 583 2094 621 σαν.

593 633 824 698 Προϐολ
835 635 928 701 ἦν.
957 639 1209 706 Πρὸοδον.

593 723 874 793 Δύναμις.
913 731 1070 784 Κατὰ
1096 734 1346 805 δύναμιν.

591 818 1158 891 Προλαμϐιὶνοντας.
1187 829 1497 897 Νικῶντας,
1531 838 2026 909 προεκτέμνοντας.

595 907 917 976 Ἀσχετον.
955 915 1255 987 "Alc-mou.

587 997 890 1067 Χείρονος.
933 1003 1068 1058 Ὑπὸ
1093 1009 1183 1061 τοῦ
1232 1012 1504 1082 σώματος.

587 1089 764 1145 Ὅσα.
795 1093 1005 1150 ’Υπνον
1045 1100 1290 1172 μέτριον,
1320 1106 1486 1178 ὕδωρ,
1514 1111 1606 1162 καὶ
1641 1113 1807 1183 ἄρτον
1833 1115 2033 1184 ὀλίγον.

589 1180 904 1252 ”Επι6ὀλή.
947 1190 1187 1262 Ἐπαφὴ,
1227 1199 1618 1274 κατάληψις,ἢ
1658 1180 1731 1268 ὧς
1762 1180 1987 1277 θεωρία.

583 1277 1076 1346 Συνισταμένων.
1116 1288 1186 1342 Ἢ
1221 1290 1296 1354 ὡς
1327 1292 1438 1347 τῶν
1468 1295 1942 1368 ἐπανισταμένων.

597 1366 729 1422 Ἐπὶ
761 1374 828 1426 τὸ
856 1377 1111 1446 πνεῦμα.
1149 1382 1306 1434 Κατὰ
1341 1384 1400 1437 τὸ
1432 1391 1800 1454 φανταστικοῦ
1849 1393 2084 1447 καταλυ-

511 1476 840 1520 τικωτατον.

579 1558 843 1627 Πνεῦμα.
889 1563 990 1616 Τὸν
1025 1565 1180 1620 Θεὸν.

578 1647 1017 1737 ’Ὠσπεριᾶωπ
1057 1659 1271 1729 Ὥσπερ
1305 1665 1413 1734 γὰρ
1458 1667 1802 1740 ἀναλυόμενά
1833 1691 1954 1728 τινα
1986 1678 2080 1730 καὶ

503 1733 887 1809 λεπτυνόμενα
950 1749 1289 1816 μηκύνονται
1362 1756 1456 1807 καὶ
1515 1759 1914 1827 πλατύνονται,
1987 1766 2080 1817 καὶ

507 1829 734 1884 πλείονα
793 1837 956 1888 τόπον
1007 1843 1550 1920 καταλαμϐάνουσιν,
1615 1852 1692 1915 ὡς
1733 1855 1830 1906 καὶ¹
1874 1857 1942 1910 τὰ
1999 1859 2080 1920 εἰς

503 1918 677 1986 ἀτμὸν
709 1923 1101 1996 ἐκθυμιὼμενα
1143 1934 1254 1988 τῶν
1301 1940 1538 2006 στερεῶν
1587 1945 1864 2010 σωμάτων
1889 1962 1904 1978 ⁸
1935 1946 2078 2001 οὕτω

501 2007 567 2078 δὴ
597 2013 908 2070 τούναντίον
940 2021 1154 2087 γίνεται
1207 2033 1600 2096 συναγομένων
1639 2037 1731 2088 καὶ
1760 2041 2076 2108 παχυνομέσ-

501 2117 629 2158 νων.
665 2106 1052 2168 Συστὲλλονται
1083 2118 1189 2187 γὰρ
1219 2123 1298 2182 εἰς
1326 2122 1584 2178 ἐλάττονα
1607 2127 1792 2196 ὄγκον,
1826 2132 1921 2183 καὶ
1949 2149 2079 2185 κατ-

504 2195 722 2263 έχουσιν
777 2203 980 2270 ἥττονα
1032 2209 1263 2283 τόπονῆ
1329 2217 1620 2289 πρότερον.
1654 2195 1734 2285 νὼς
1783 2225 1875 2277 καὶ
1904 2228 1932 2278 ὁ
1968 2227 2078 2297 ἀὴρ

500 2297 878 2363 παχυνόμενος
907 2303 1003 2354 καὶ
1030 2305 1321 2372 γινόμενος
1373 2310 1539 2383 ὕδωρ,
1576 2315 1658 2376 εἰς
1682 2317 1942 2374 ἐλάττονα
1979 2319 2075 2390 τοῦ

500 2385 772 2454 προτέρου
803 2389 967 2456 ὄγκον
1001 2395 1322 2465 συνάγεται,
1358 2403 1454 2454 καὶ
1484 2403 1552 2456 αὖ
1584 2405 1646 2458 τὸ
1677 2405 1820 2480 ὕδωρ
1863 2387 2077 2478 πηγνύ-

501 2491 664 2542 μενον
696 2481 776 2540 εἰς
827 2483 1192 2550 κρύσταλλον.
1245 2489 1406 2546 Οὕτω
1453 2495 1658 2560 τοίνυν,
1694 2501 1849 2565 φησὶ,
1882 2503 1978 2554 καὶ
2014 2502 2076 2553 τὸ

501 2574 867 2634 φανταστικὸν
899 2575 1119 2648 πνεῦμα
1153 2579 1490 2636 διαπλασθὲν
1539 2588 1643 2640 ὑπὸ
1673 2589 1770 2643 τοῦ
1813 2590 2076 2662 δημιουρ-

499 2661 598 2724 γοῦ
625 2660 896 2733 αὔταρκες
918 2669 999 2724 εἰς
1021 2671 1080 2720 τὸ
1107 2672 1349 2742 πληροῦν
1379 2676 1479 2738 τὰς
1505 2678 1598 2730 τοῦ
1624 2660 1930 2748 ἐγκεφάλου
1957 2701 2073 2736 κοι-

497 2749 642 2815 λίας.
675 2755 771 2808 ὲάν
802 2756 908 2810 ὑπὸ
937 2761 1227 2833 συμϐάσης
1259 2767 1406 2830 τινὸς
1459 2770 1771 2842 παχύτητος
1827 2777 2070 2846 συσταλῇ

564 2923 732 2979 Juxta
761 2929 1068 2994 facultatem
1098 2937 1430 2990 conuenienti
1465 2938 1826 3008 speculatione
1873 2943 2070 2998 intelli-

481 3027 718 3086 ‘gentem.
765 3019 1002 3092 Smpum
1036 3028 1379 3098 pertingente
1406 3038 1462 3084 et
1487 3043 1845 3102 congruente.

563 3107 926 3170 Procinctum.
956 3115 1334 3186 Progressum.

563 3197 675 3253 Pro
704 3203 923 3258 viribus.
955 3205 1226 3272 Quantum
1263 3209 1515 3268 humanae
1540 3225 1749 3270 natura:
1780 3215 1924 3271 vires
1956 3217 2072 3272 clli-

497 3303 623 3346 cere
660 3303 914 3360 possunt.

566 3381 967 3444 Prwveuiendo.
1005 3389 1242 3449 Palmam
1275 3396 1378 3451 illis
1409 3400 1768 3471 praeripiendo
1799 3413 1853 3456 et
1879 3404 2068 3473 prteci-

494 3473 699 3530 dendo.

567 3569 817 3625 Tolerare
841 3591 944 3628 non
975 3593 1148 3646 posse.
1177 3580 1234 3632 lu
1249 3581 1446 3636 rictum
1469 3599 1610 3639 esse.

567 3661 834 3718 Deterius.
864 3666 1079 3724 Scilicet
1114 3686 1332 3742 corpus.

569 3753 864 3819 Quatenus.
893 3759 1076 3817 lnnuit
1107 3779 1357 3820 somnum
1388 3769 1742 3836 mediocrem,
1764 3787 1979 3842 aquam,
2011 3783 2066 3829 et

493 3861 688 3915 panem
720 3861 1031 3922 angustum.

571 3943 762 3997 Mentis
790 3958 1084 4002 concentus.
1116 3949 1505 4020 Contrcctatio,
1539 3956 1980 4027 comprehensio,
2007 3967 2064 4013 ut

494 4037 905 4104 contemplatio.

565 4129 694 4194 Once
723 4135 1046 4201 conspirant.
1095 4135 1445 4208 InSIigautur.

559 4219 822 4274 Adversus
843 4224 1115 4291 spiritum.
1149 4225 1428 4282 Adversus
1453 4228 1503 4282 id
1538 4230 1682 4300 quod
1714 4235 1944 4291 maxime
1969 4237 2054 4292 de-

491 4311 655 4364 struit
693 4320 748 4364 et
776 4314 970 4368 ενοι-’ἧι
1000 4316 1461 4386 imaginationem.

567 4400 808 4454 Divinum
831 4402 1111 4472 Spiritum.
1149 4407 1412 4476 Spiritum
1452 4415 1544 4467 Dei
1577 4419 1831 4473 Viventis.

555 4488 720 4542 Veluti
745 4494 956 4560 quando
997 4496 1459 4560 Quemadmodum
1483 4506 1627 4558 enim
1653 4511 1888 4564 resoluta
1911 4529 2056 4582 quae-
2089 4543 2133 4596 ι)

494 4580 618 4634 dam
651 4592 704 4635 et
737 4593 1027 4638 extenuata
1078 4589 1461 4654 producuntur
1489 4605 1544 4650 et
1570 4580 1960 4669 extenduntur,
1997 4619 2052 4661 et

493 4675 814 4742 ampliorem
847 4675 1028 4730 locum
1064 4692 1351 4749 occupant.
1391 4695 1450 4740 ut
1486 4688 1656 4744 solida
1689 4707 1752 4746 ea
1780 4710 2006 4765 corpora
2035 4740 2048 4762 ,

489 4783 612 4836 qua:
659 4768 713 4820 in
765 4783 1014 4834 vaporem
1054 4771 1196 4828 facto
1246 4777 1436 4832 nidore
1485 4797 1549 4836 ac
1589 4785 1770 4842 sullitu
1829 4790 2051 4847 incensa

485 4870 646 4916 sunt:
674 4862 752 4915 sic
783 4873 930 4916 certe
961 4867 1233 4938 contingit
1261 4876 1555 4932 contrariis
1582 4880 1634 4933 in
1668 4898 1837 4938 unum
1873 4887 2050 4941 addu-

487 4953 594 5005 ctis
643 4962 698 5006 et
745 4954 1112 5012 erassioribus
1163 4961 1396 5040 eﬂ'ectis.
1443 4967 1761 5028 Cernuntur
1799 4977 1944 5031 enim
1996 4991 2052 5034 et

485 5045 888 5098 contrahuntur
921 5047 974 5100 in
1020 5050 1374 5110 minutiorcm
1421 5063 1846 5133 paucioremque
1893 5084 2047 5124 acer-

483 5150 636 5198 vum,
669 5152 731 5190 ac
767 5146 950 5191 tenent
981 5143 1243 5196 minorem
1281 5145 1460 5200 locum
1487 5165 1646 5214 quam
1679 5156 1852 5222 prius,
1876 5161 2048 5214 veluti

481 5227 648 5280 etiam
685 5243 779 5280 aer
821 5233 1059 5285 crassior
1091 5243 1147 5288 et
1192 5237 1424 5306 spissior
1467 5240 1522 5294 in
1555 5257 1751 5309 aquam
1789 5251 2047 5316 vertitur,

481 5327 538 5371 et
572 5319 626 5372 in
663 5321 939 5374 cumulum
975 5325 1285 5388 pauciorem
1316 5333 1844 5406 contractioremque
1871 5342 2048 5396 addu-

480 5411 628 5463 citur
657 5424 672 5462 :
704 5417 760 5464 et
792 5427 983 5466 rursus
1009 5431 1148 5482 aqua
1187 5417 1383 5485 frigore
1423 5433 1678 5478 concreta
1705 5426 1760 5480 in
1790 5430 2042 5496 glaciem.

485 5499 574 5552 Sit:
606 5498 791 5568 igitur,
814 5501 904 5560 ait.
927 5503 1152 5570 Spiritus
1180 5507 1552 5574 phantasticus
1579 5531 1606 5566 a
1640 5520 1822 5572 mundi
1857 5526 2046 5576 condi-

483 5599 600 5644 tore
633 5593 898 5646 formatus
927 5596 1129 5664 alioqui
1177 5599 1452 5659 sullicicns
1500 5614 1554 5660 et
1583 5608 1810 5664 idoneus
1839 5615 1902 5666 aal
1940 5618 2042 5668 itii-

471 5681 714 5756 _plendos
759 5685 968 5737 cerebri
1024 5687 1196 5750 sinus.
1248 5694 1292 5746 si
1337 5711 1365 5747 a
1417 5698 1764 5769 contingente
1806 5707 2039 5772 quadam

476 5770 809 5842 pinguedine
845 5777 1204 5835 contrahatur
1253 5783 1306 5837 in
1356 5789 1620 5846 minorem
1651 5811 1929 5860 acervum,
1961 5798 2042 5852 di-

1737 357 2154 425 NICEPHORI
2193 368 2578 434 GREGORE

3661 387 3772 450 5’36

2121 487 2160 536 Α
2192 481 2274 543 εἰς
2307 482 2566 538 ἐλάττονα
2611 485 2798 553 ὄγκον,
2857 487 3078 557 λέγεται
3121 486 3268 544 εἶναι
3317 491 3457 562 μέρη
3509 495 3630 548 τινὰ
3659 499 3773 552 τῶν

2203 576 2423 630 κοιλιῶν
2455 577 2550 632 τοῦ
2607 581 2915 650 ἐγκεφάλου
2960 585 3116 638 κενά.
3181 579 3316 639 Εἶτα
3349 586 3474 640 ἐπεὶ
3509 588 3608 640 οὐκ
3650 592 3772 644 ἐστι

2197 669 2358 724 τοῦτο
2391 673 2456 740 τῇ
2518 671 2679 739 φύσει
2739 673 2970 730 δυνατὸν
2998 677 3060 730 τὸ
3106 672 3250 730 εἶναι
3282 679 3440 732 κενόν
3487 696 3541 732 τι
3571 681 3628 730 ὲν
3655 685 3771 742 τοῖς

2195 757 2374 826 οὖσιν,
2402 761 2599 816 ἕπεται
2630 764 2692 828 ἐξ
2721 765 2969 836 ἀνάγκης
3007 767 3380 839 εἰσκρινεσθαι
3423 771 3481 822 ὲν
3513 772 3625 833 τοῖς
3655 789 3740 824 τοι

2195 850 2374 914 οὐτοις
2401 852 2681 920 κενώμασι
2706 858 2948 927 πονηρόν
2979 874 3032 910 τι
3055 857 3302 928 πνεῦμα,
3324 858 3414 930 ὑφ’
3441 851 3503 912 οὗ
3533 861 3768 930 πάσχειν

2193 941 2410 1013 ἀνάγκη
2435 945 2575 1014 μετὰ
2610 946 2712 1016 τῆς
2738 949 3045 1016 φαντασίας
3075 949 3136 1002 τδ
3159 951 3319 1014 ζῶον.

2259 1036 2623 1105 Συνειληθῇ.
2651 1039 2898 1108 Συσταλῇ
2927 1039 3006 1102 εἰς
3049 1041 3240 1109 μείονα
3273 1042 3458 1110 ὄγκον.

2265 1127 2395 1194 Τοῖς
2413 1125 2572 1184 οὖσι.
2597 1130 2783 1200 Δόγμα
2799 1132 2906 1201 γάρ
2926 1133 3041 1186 ἐστι
3059 1133 3364 1204 φιλόσοφον,
3385 1135 3465 1188 ὅτι
3487 1133 3546 1188 οὗ
3577 1133 3763 1190 κενόν.

2260 1222 2538 1289 Πλήρεις.
2569 1224 2758 1294 Πεπλη
2771 1224 3046 1294 ρωμένας.

2258 1312 2424 1379 Δίκη.
2455 1315 2765 1386 Καταδίκη.

2270 1405 2526 1462 Ἐκεῖνο.
2559 1408 2624 1460 Ὃ
2649 1409 2754 1479 ἔφη
2777 1411 2972 1480 νοεράν
2995 1409 3281 1480 ἐπιϐολήν.

2251 1499 2602 1566 Εὐσεϐειας.
2635 1500 2933 1571 Τελειότης
2965 1503 3247 1571 θεότητος.

2257 1586 2384 1642 I’ac.
2440 1590 2565 1643 H5.
2638 1589 2838 1660 Ἡμεῖς
2897 1593 3035 1662 μέν.
3101 1592 3351 1648 Ἐνταῦθ’
3413 1594 3762 1665 ὲπανάλτςψιν

2183 1681 2508 1749 ποιούμενος
2528 1682 2634 1736 τῶν
2665 1684 2970 1753 λεχθέντων
3002 1685 3292 1752 ἀναφαίνει
3310 1687 3407 1738 aut
3427 1687 3518 1740 τὸν
3551 1691 3762 1742 σκοπὲν

2180 1773 2274 1825 τοῦ
2335 1773 2580 1843 βιϐλίου*
2614 1777 2696 1828 ὄτι
2729 1777 2862 1848 Περὶ
2899 1779 3000 1846 τῆς
3055 1777 3181 1830 καθ’
3232 1778 3436 1841 ὕπνους
3491 1783 3763 1849 μαντικῆς

2185 1867 2285 1938 μὲν
2311 1869 2663 1938 προεθέμεθα
2683 1871 2891 1939 λέγειν,
2923 1873 3074 1941 ὅμως
3108 1871 3551 1939 ἀναγκασθέντες
3581 1872 3762 1926 πολύν

2180 1977 2301 2013 τινα
2340 1961 2498 2029 λόγον
2527 1963 2913 2034 ἐποιησάμεθα
2959 1965 3054 2017 καὶ
3083 1965 3212 2034 περὶ
3255 1963 3350 2016 τοῦ
3389 1967 3760 2032 φανταστικοῦ

2180 2053 2491 2124 πνεύματος
2525 2054 2599 2118 ὡς
2619 2057 2926 2128 ἡγουμένου
2950 2058 3042 2110 καὶ
3079 2055 3386 2123 ἀναγκαίου
3422 2055 3758 2125 πράγματος

2177 2148 2332 2211 ὄντος
2369 2148 2646 2219 λεχθῆναι.

2258 2240 2734 2309 Ἐπιόαλόμενοι.
2775 2239 3288 2312 Ἐπιχειρήσαντες.

2261 2331 2392 2384 Ἐπὶ
2424 2333 2638 2399 τούτῳ.
2688 2333 2984 2386 Ἐπέκεινα
3007 2333 3226 2386 τούτου.

2245 2425 2770 2493 Περιεφγάονμεθα.
2807 2426 2968 2495 Περιε
2977 2427 3136 2495 ργότε
3146 2443 3233 2494 ρον
3266 2424 3642 2496 διεξήλθομεν.

2251 2513 2368 2568 Τοῦ
2399 2515 2610 2585 λόγου.
2644 2516 2755 2585 Τῆς
2786 2515 3142 2580 ἀποδείξεως.

2259 2605 2526 2659 Ἐνθάδε.
2558 2606 2694 2676 Περὶ
2728 2606 2827 2675 τὴν
2862 2609 3162 2678 μαντικήν.

2258 2697 2698 2768 Ἐναπέφηνεν.
2747 2702 3086 2773 ⁹Απεφὰνθη.

2245 2791 2618 2860 Πνεύματος.
2648 2794 3043 2849 Φανταστικοῦ.

2173 2970 2376 3018 cuntur
2403 2978 2526 3020 esse
2553 2965 2800 3034 quaedam
2842 2974 3024 3036 partes
3052 2967 3270 3021 sinuum
3299 2963 3508 3020 cerebri
3535 2975 3748 3017 vacuae.

2171 3051 2378 3108 Deinde
2411 3055 2671 3122 quoniam
2707 3055 2814 3110 hoc
2843 3071 2952 3110 non
2982 3061 3067 3111 est
3094 3055 3149 3109 in
3183 3063 3394 3108 natura:
3425 3051 3652 3110 viribus,
3685 3061 3748 3106 ut

2095 3172 2136 3229 ε
2173 3145 2381 3216 aliquid
2405 3147 2475 3202 sit
2505 3163 2738 3202 vacuum
2774 3155 2830 3202 et
2855 3147 3018 3202 inane
3057 3147 3116 3202 in
3145 3146 3233 3202 his
3256 3160 3378 3215 quin
3411 3159 3598 3198 revera
3645 3158 3742 3196 su-

2173 3247 2402 3308 persunt
2427 3249 2484 3294 et
2515 3238 2814 3304 exsistunt,
2841 3243 3086 3309 sequitur
3115 3237 3447 3302 necessario,
3477 3235 3745 3336 ut-malus

2169 3331 2370 3399 aliquis
2396 3331 2626 3400 spiritus
2655 3331 2998 3402 ingrediatur
3023 3331 3075 3384 in
3101 3329 3373 3401 ejusmodi
3405 3329 3522 3382 loca
3555 3328 3740 3380 inania

2169 3431 2224 3476 et
2268 3431 2554 3488 evacuata,
2607 3436 2636 3475 a
2669 3437 2780 3491 quo
2836 3421 3208 3476 necessarium
3253 3427 3340 3474 est.
3383 3416 3580 3472 animal
3632 3430 3740 3468 una

2168 3525 2291 3565 cum
2319 3512 2706 3581 imaginatione
2742 3512 3088 3568 incommodo
3119 3511 3279 3566 allici.

2239 3625 2304 3680 1η
2325 3609 2544 3680 arctam
2576 3627 2736 3682 simul
2767 3629 3041 3699 redigitur.
3076 3626 3430 3682 Contrahitur
3469 3625 3523 3679 in
3560 3625 3741 3679 mino-

2168 3733 2284 3772 rem
2311 3732 2590 3774 acervum.

2241 3831 2306 3885 In
2340 3834 2472 3900 ipsis
2507 3833 2678 3887 rebus.
2725 3835 2928 3898 Dogma
2965 3834 3096 3888 illud
3139 3834 3581 3906 philosophicum
3609 3845 3734 3900 cst,

2165 3923 2394 3986 scilicet,
2426 3923 2560 3977 nihil
2590 3925 2751 3979 inane.
2784 3937 2839 3980 et
2873 3941 3104 3980 vacuum
3137 3941 3282 3982 esse.

2236 4013 2406 4069 Plena
2442 4017 2566 4070 sint.
2595 4017 2899 4086 Completa.

2237 4107 2423 4160 Pcena.
2449 4109 2870 4172 Condemnatio,
2909 4110 3131 4162 mulcta.

2237 4198 2351 4252 Hoc
2373 4215 2514 4254 vero.
2543 4201 2704 4266 Quod
2733 4203 2947 4256 vocavit
2987 4203 3354 4257 intellectuale
3387 4202 3728 4273 propositum

2163 4301 2218 4344 et
2259 4291 2594 4345 institutum.

2235 4379 2477 4436 Pietatis.
2519 4383 2805 4454 lntcgritas
2835 4394 2889 4440 et
2917 4387 3184 4456 perfectio
3213 4385 3409 4441 divinae
3437 4387 3730 4455 providen-

2165 4471 2270 4526 tim.

2233 4581 2374 4636 Sane
2404 4588 2610 4656 quidem
2644 4605 2755 4642 nos.
2808 4590 2918 4645 Hoc
2953 4596 3004 4645 in
3037 4594 3180 4660 loco,
3225 4595 3364 4652 facta
3400 4602 3724 4669 repetitione

2159 4690 2348 4728 eorum
2377 4693 2499 4745 quae
2532 4679 2676 4733 dicta
2713 4693 2860 4748 sunt,
2893 4699 3118 4756 scopum
3147 4690 3268 4743 libri
3287 4692 3508 4747 exhibet
3534 4713 3548 4749 :
3575 4695 3723 4762 Quo-

2157 4767 2304 4820 niam
2337 4767 2404 4822 de
2435 4771 2772 4825 somniorum
2807 4775 3146 4832 divinatione
3178 4782 3400 4848 quidem
3435 4787 3724 4840 constitui-

2156 4873 2280 4912 mus
2306 4859 2467 4914 verba
2497 4861 2694 4926 facere,
2725 4864 3088 4923 nihilominus
3111 4875 3432 4929 necessitate
3456 4880 3718 4946 compulsi

2157 4952 2441 5019 copiosum
2475 4956 2766 5020 quemdam
2791 4971 3099 5013 sermonem
3123 4965 3493 5031 protraximus
3515 4969 3584 5022 de
3613 4973 3722 5039 spi-

2155 5043 2265 5094 ritu
2289 5041 2656 5111 phantastico,
2679 5055 2932 5118 tanquam
2951 5051 3164 5132 dicatur
3186 5070 3304 5110 esse
3319 5055 3429 5111 dux
3454 5071 3509 5114 et
3531 5060 3718 5118 elIicas

2154 5136 2255 5190 rei.

2224 5238 2441 5296 Curiose
2469 5251 2831 5306 tractavimus.
2861 5253 3186 5313 Accuratius
3211 5268 3267 5312 et
3289 5260 3566 5330 coniosius
3597 5275 3718 5330 per-

2153 5333 2329 5386 secuti
2369 5349 2574 5391 sumus.

2219 5433 2302 5487 Ea
2333 5437 2396 5490 de
2423 5454 2604 5494 causa.
2639 5442 2812 5509 Supra
2838 5461 2985 5500 eum.

2220 5524 2301 5578 Ea:
2327 5529 2424 5582 hac
2454 5547 2610 5599 porro
2639 5535 3012 5606 disputatione.
3045 5541 3443 5612 Explicatione.

2221 5617 2343 5673 llic.
2377 5621 2435 5675 lu
2475 5625 2576 5678 hac
2608 5637 2724 5682 arte
2756 5628 3060 5688 divinandi.

2217 5709 2394 5765 Minus
2421 5714 2681 5772 elucescit.
2723 5719 3071 5780 Enuntiatum
3098 5737 3200 5784 est.

2215 5801 2316 5854 Sed
2345 5805 2576 5872 spiritus.
2609 5809 2964 5870 Phantastici.
