4102 6294
321 385 420 448 δ·ιι
1209 391 1534 454 SCIIOLIA
1576 394 1660 456 IN
1698 394 2082 460 SYNESIUM
2128 401 2226 462 DE
2264 400 2697 472 INSOMNIIS.
3478 414 3600 478 δοῖ

400 500 533 570 Ὁρᾷ
557 499 695 569 μέν.
753 499 848 564 Εἰς
902 502 1143 572 τέσσαρα
1198 505 1329 572 τέλη
1362 506 1756 578 διαιρουμένης
1792 511 1891 579 τῆς
1924 519 1972 574 Α
2006 513 2107 583 σθη
2143 514 2308 568 τινῶν
2337 517 2576 570 ἐνταῦθα
2607 517 2684 582 ὡς
2713 519 2771 570 ἐν
2803 519 3019 590 βραχεῖ,
3052 522 3350 591 ἀναγκαῖον
3380 531 3585 588 ταύτας

315 597 595 657 πολιτείας
626 594 736 646 τῶν
772 594 1094 664 Ἀθηναίων,
1127 596 1188 647 τὺ
1215 597 1315 666 μὲν
1347 600 1584 652 ἐκάλουν
1605 600 1714 652 τῶν
1762 618 1892 653 πεν-
2001 605 2278 676 πρότερον
2321 608 2634 676 ἀναπτύξαι
2681 613 2978 681 σαφηνείας
3036 614 3198 668 ἕνεκα
3247 616 3342 669 τοῦ
3389 617 3574 684 λόγου.

311 684 845 755 τακοσιομεὸίμνων,
870 686 930 738 τὸ
961 686 1016 738 δὲ
1039 687 1149 739 τῶν
1177 689 1414 752 ἱππέων,
1446 691 1504 742 τὸ
1543 693 1598 744 δὲ
1627 692 1737 743 τῶν
1766 693 1891 754 ζευ-
1999 695 2137 764 Περὶ
2170 696 2269 767 τὴν
2305 697 2640 769 Ἀντιόχειαν
2662 702 2761 772 τῆς
2786 704 2984 773 Συρίας
3022 705 3140 758 ἐστι
3171 709 3321 777 πηγή
3354 726 3436 771 τις
3457 711 3580 761 avo.

310 781 498 850 τιτῶν,
533 781 592 832 τὸ
623 781 678 832 δὲ
712 780 820 832 τῶν
846 779 1050 850 θητῶν.
1089 781 1260 836 Τοῦτο
1284 783 1341 836 δὲ
1371 784 1432 836 τὸ
1457 784 1680 853 θητικὸν
1703 781 1769 854 ἦν
1796 786 1890 838 καὶ
1995 801 2074 854 μα
2105 787 2414 853 Κασταλία,
2445 791 2504 841 ὲν
2530 784 2994 862 ᾗχρησμολογείν
3029 795 3213 860 ἔλεγον
3255 798 3346 849 τὸν
3386 799 3582 852 Ἀπολι-

309 874 690 946 ἀπορώτατον,
749 880 840 932 ἐπὶ
877 878 1054 948 μισθῷ
1089 877 1190 948 τὴν
1241 879 1556 948 ἡμερησίαν
1586 880 1673 931 ἀεὶ
1704 880 1892 932 ποιού-
1993 876 2141 928 λωνα
2173 877 2376 931 οὑτωσί
2405 897 2555 943 πως⁶
2596 881 2684 934 Ἐν
2732 886 2798 953 τῇ
2832 886 2999 955 ἐκροῇ
3033 887 3127 939 τοῦ
3162 887 3355 949 ὓδατος
3401 893 3578 944 ἀνεδί-

313 989 477 1041 μενον
527 971 818 1040 ἐργασίαν.
858 971 937 1024 Τὰ
997 972 1181 1040 μέντοι
1210 971 1339 1042 τέλη
1372 967 1546 1024 ταῦτα
1594 971 1688 1024 καὶ
1724 973 1888 1042 τιμή-
1989 969 2111 1022 δοτο
2146 970 2391 1040 πνεῦμα,
2445 974 2583 1044 ὅπερ
2617 976 2808 1030 ἄλλοτε
2871 979 3041 1049 ἄλλην
3075 980 3310 1034 καθίστα
3337 984 3433 1051 τὴν
3479 985 3574 1037 τοῦ

312 1077 458 1132 ματα
499 1059 685 1127 ἔλεγον
713 1062 760 1114 οἱ
808 1061 1109 1130 Ἀθηναῖοι.
1991 1061 2184 1126 ὓδατος
2241 1064 2488 1133 κίνησιν,
2549 1068 2618 1138 ἢν
2651 1071 3121 1137 περισκοποῦντες
3167 1075 3213 1127 oi
3253 1075 3476 1145 μάντεις
3505 1077 3578 1129 τὰ

377 1154 561 1208 Ὥστε
583 1152 836 1221 ἀποζῆν.
871 1154 1043 1216 Μόλις
1068 1155 1189 1223 ζῇν.
1992 1154 2260 1223 μέλλοντα
2297 1156 2626 1226 προῦλεγον.
2663 1162 2779 1215 Μία
2826 1165 2924 1231 μὲν
2948 1160 3044 1218 οὖν
3071 1166 3210 1235 αὕτη
3250 1169 3399 1221 ἐστὶν
3433 1169 3575 1222 ἱστο-

377 1248 770 1315 Πρόσκωπος.
823 1247 920 1300 Διὰ
954 1246 1045 1299 τοῦ
1077 1246 1329 1300 ἀκατίου.
1989 1247 2111 1315 ρία·
2149 1248 2313 1318 ἑτέρα
2341 1249 2396 1302 δὲ
2429 1252 2460 1319 ἡ
2492 1251 2620 1320 περὶ
2645 1253 2744 1322 τῆς
2769 1254 2882 1307 τῶν
2912 1256 3133 1325 Δελφῶν
3168 1259 3396 1328 πέτρας.
3418 1263 3572 1314 Ἔστι

387 1338 451 1390 '0
481 1338 612 1402 θής.
659 1337 718 1389 Ὀ
753 1337 1051 1405 μισθωτός.
1985 1340 2041 1392 δὲ
2077 1339 2214 1410 αὕτη
2246 1342 2385 1393 κατὰ
2415 1345 2516 1412 τὴν
2541 1344 2641 1414 τῆς
2671 1345 2912 1406 Φωκίδος
2949 1349 3243 1417 ἐπαρχίαν,
3276 1351 3573 1420 νοτιωτέρα

388 1429 450 1483 '0
488 1429 690 1495 τιθείς.
746 1429 908 1492 Ἐθος
940 1425 1008 1500 ἦν
1054 1431 1168 1492 τοῖς
1212 1429 1523 1500 Ἀθηναίοις
1577 1429 1884 1500 λαμϐάνειν
1989 1431 2089 1498 μὲν
2123 1435 2286 1502 ὄρους
2317 1433 2413 1486 τοῦ
2451 1435 2740 1503 Παρνασοῦ
2780 1438 3017 1501 σταδίοις
3071 1442 3434 1508 τριακοσίοις,
3467 1444 3568 1510 ἀρ-

306 1523 432 1577 καθ’
459 1525 686 1577 ἕκαστον
718 1523 839 1588 ἔτος
874 1525 1128 1594 δραχμὰς
1166 1525 1232 1594 ιβ’
1261 1526 1324 1577 ἐκ
1353 1524 1460 1576 τῶν
1485 1521 1692 1586 ἔξωθεν
1723 1527 1883 1594 ὲρΑο-
1985 1525 2300 1593 κτικωτέρα
2336 1525 2393 1578 δὲ
2418 1527 2512 1579 τοῦ
2546 1528 2914 1596 Κορινθιακοῦ
2948 1530 3155 1584 κόλπου
3184 1532 3416 1594 σταδίοις
3448 1533 3566 1584 δια-

307 1615 486 1687 μένων
517 1619 596 1680 ei;
673 1617 909 1688 Ἀθήνας
962 1618 1130 1681 ξένων
1186 1617 1473 1680 κατοικίας
1531 1617 1720 1680 ἕνεκα,
1790 1617 1882 1670 καὶ
1985 1615 2192 1678 κοσίοις
2224 1617 2475 1684 ἔγγιστα.
2500 1613 2606 1671 Ἷὶν
2629 1619 2688 1672 δὲ
2719 1620 2868 1690 ἱερὸν
2900 1623 3017 1674 ἐκεῖ
3051 1624 3179 1692 περί
3212 1642 3264 1675 τι
3293 1626 3569 1694 πετρῶδες

301 1709 463 1762 τοῦτο
495 1711 744 1762 ἐκαλεῖτο
769 1709 1069 1779 μετοίκιον.
1983 1704 2134 1775 ὄρος,
2166 1708 2262 1760 καὶ
2293 1709 2350 1760 ὲν
2380 1709 2531 1779 αὖτῷ
2555 1713 2582 1762 ὁ
2621 1713 2884 1780 μαντικὸς
2930 1713 3028 1766 τοῦ
3077 1715 3263 1767 ’Λπόλλ
3279 1733 3416 1778 ωνος
3446 1717 3566 1785 τρία

370 1803 710 1858 Μετοίκιον.
741 1803 858 1857 Τῶν
882 1801 1082 1868 ἔξωθεν
1116 1801 1589 1872 μετοικιζομένων
1620 1803 1701 1865 εἰς
1725 1799 1883 1872 Ἀοήο
1917 1855 1962 1910 Β.
1985 1813 2144 1862 πους.
2180 1799 2351 1869 Τρίτη
2383 1801 2440 1853 δέ
2497 1802 2644 1854 ἐστιν
2705 1803 2940 1872 ἱστορία,
2971 1805 3002 1874 ἡ
3037 1807 3170 1877 περὶ
3192 1799 3270 1864 ,οὗ
3301 1824 3435 1878 φησι
3472 1808 3572 1877 χά-

306 1914 431 1959 νας,
1917 1891 1957 1910 ⁸³
1987 1907 2193 1960 σματος
2220 1891 2342 1959 γῆς·
2376 1892 2488 1960 εχει
2509 1892 2564 1944 δὲ
2590 1892 2766 1956 οὕτως
2787 1911 2800 1923 ·
2846 1895 3097 1962 Ἑγένετό
3129 1914 3213 1961 τις
3249 1897 3396 1968 ἀνὴρ
3430 1899 3567 1968 Τροι

385 1988 870 2057 Ἐτεοὸουτάδης.
923 1988 1334 2043 Ἐτεοϐουτάδαι
1369 1986 1527 2054 γένος
1574 2005 1629 2040 τι
1652 1989 1884 2058 ἀρχαῖον
1988 1983 2193 2052 stimo;
2219 1983 2415 2052 ὄνομα,
2451 1985 2646 2052 μάντις
2675 1985 2776 2052 τὴν
2799 1987 3023 2056 τέχνην·
3060 1985 3232 2050 Οὗτος
3280 1990 3384 2042 ὑπὸ
3416 2007 3568 2043 κενε-

301 2081 573 2152 ὲπίσημον
600 2082 656 2134 ὲν
691 2080 943 2150 Ἀθήναις
974 2080 1070 2134 καὶ
1093 2079 1412 2149 περιφανὲς,
1456 2078 1551 2145 ἀφ’
1607 2069 1669 2131 οὗ
1704 2077 1877 2147 αὐτῆς
1985 2074 2166 2139 δοξίας
2196 2073 2276 2136 είς
2309 2092 2359 2126 τι
2390 2078 2656 2143 σπήλαιον
2693 2077 2888 2130 ἑαυτὸν
2939 2078 3200 2149 ἐμϐαλὼν
3259 2082 3356 2134 καὶ
3397 2098 3565 2134 κατα-

314 2174 552 2244 ⁹Αθηνᾶς
589 2173 907 2240 ἐξελέγοντο
929 2173 1150 2240 ἱέρειαι.
1186 2159 1642 2242 Ἐτυμολογεῖται
1691 2171 1747 2224 δὲ
1779 2171 1885 2225 ἀπὸ
1987 2167 2208 2238 κρύψας
2247 2168 2414 2222 αὑτοῦ
2443 2169 2534 2222 τὸν
2573 2168 2688 2238 βίον
2735 2169 3084 2240 ἀπήλλαξενο
3110 2171 3142 2223 ὃ·
3178 2172 3246 2240 δὴ
3277 2172 3566 2243 σπήλαιον,

298 2267 400 2320 τοῦ
429 2266 580 2318 ἐτεὸν
608 2266 669 2319 τὸ
703 2266 923 2336 ἀληθὲς,
951 2263 1099 2318 τοῦτ’
1129 2264 1278 2318 ἔστιν
1320 2265 1370 2316 οἱ
1407 2263 1626 2333 ἀληθῶς
1678 2266 1740 2316 ὲκ
1785 2267 1883 2334 τῆς
1985 2263 2146 2330 φησι,
2184 2261 2450 2331 μαντείας
2498 2261 2746 2316 ἀνεδίδου
2781 2265 2897 2325 τοῖς
2931 2263 3162 2316 εἰσιοῦσι
3199 2266 3294 2316 καὶ
3317 2266 3567 2334 ἐρωτῶσι

296 2357 395 2410 τοῦ
430 2357 636 2410 Βούτου
678 2359 874 2427 γενεᾶς
919 2357 1323 2426 καταγόμενοι’
1389 2354 1589 2426 βούταν
1635 2355 1694 2406 δὲ
1730 2349 1885 2407 καλεῖ
1982 2355 2116 2423 περὶ
2144 2354 2386 2409 ὁτουοῦν.
2440 2354 2662 2408 Τούτων
2719 2353 2792 2424 δὴ.
2814 2355 2922 2408 τῶν
2976 2356 3234 2427 ἱστοριῶν
3272 2349 3506 2410 ἐνταῦθα
3534 2360 3570 2410 ὁ

298 2449 392 2502 τὸν
438 2449 724 2518 πανόπτην
773 2450 979 2519 Ἀργον
1028 2448 1056 2499 ὁ
1115 2446 1378 2517 τραγικὸς
1433 2446 1724 2516 Αἰσχύλος,
1751 2443 1784 2514 ἢ
1808 2445 1882 2507 ὡς
1984 2444 2242 2507 Συνέσιος
2265 2443 2522 2514 ἐμνήσθη·
2547 2444 2637 2496 διὰ
2668 2445 2894 2498 πλείονα
2934 2447 3035 2516 τῆς
3069 2445 3194 2498 καθ’
3225 2439 3392 2501 ὕπνον
3427 2465 3564 2516 μαν-

299 2539 580 2609 βουκόλον,
618 2539 694 2601 ὡς
725 2538 1127 2592 ἐπιστατοῦντα
1163 2538 1260 2590 καὶ
1291 2536 1561 2606 ἑπόμενον
1591 2539 1658 2606 τῇ
1697 2536 1782 2588 Ἰοῖ
1813 2533 1879 2605 τῇ
1981 2540 2142 2606 τικῆς
2185 2535 2426 2602 ἔπαινον,
2476 2537 2620 2604 λέγω
2671 2539 2758 2591 ὅτι·
2802 2541 2990 2592 ἐκεῖνα
3056 2539 3155 2609 μὲν
3210 2539 3282 2592 τὰ
3335 2542 3565 2609 μαντεῖα

299 2628 538 2695 θυγατρὶ
565 2627 660 2680 τοῦ
703 2628 936 2698 Ἰνάχου.
961 2628 1120 2698 Φέρει
1147 2627 1254 2698 γὰρ
1278 2627 1450 2696 αὐτὴν
1491 2629 1758 2695 λέγουσαν
1793 2627 1882 2678 οὐ-
1981 2628 2166 2682 κόπων
2200 2629 2296 2682 καὶ
2323 2628 2701 2698 ἀναλωμάτων
2751 2631 3025 2684 πλείστων
3071 2630 3280 2683 ἐδέοντο
3303 2649 3316 2661 ·
3347 2629 3492 2702 αὕτη
3515 2631 3565 2684 δ’

299 2721 457 2782 τωσὶ,
490 2720 792 2789 Φοϐοῦμαι
821 2722 928 2774 τὸν
961 2721 1276 2790 μυριωπὸν
1297 2719 1602 2789 εἰσορῶσα
1620 2720 1878 2773 Βούταν.
1980 2721 2197 2783 ἀπόνως
2227 2722 2414 2774 δίδωσι
2441 2721 2540 2786 τὰς
2580 2722 2844 2791 μαντείας
2872 2714 3100 2776 ἅπασιν.

373 2811 723 2879 Δημοτικόν.
753 2811 1113 2864 Κοινωνικόν.
2051 2815 2162 2867 Καὶ
2199 2813 2286 2882 μὴ
2321 2813 2705 2868 θῖαταλαϐεἴν.
2759 2815 2832 2866 Τὸ
2869 2814 2945 2884 μὴ
2979 2815 3309 2883 κατοικῆσαι
3343 2819 3424 2878 εἰς
3455 2817 3558 2868 ἕνα.

379 2903 696 2970 Παγταχοῦ
726 2900 1027 2970 παρεῖναι.
1069 2900 1402 2972 Ἐπειδήπερ
1431 2901 1682 2972 ἱστοριῶν
1711 2900 1880 2970 ὲμνή-
1979 2904 2166 2969 τόπον,
2201 2904 2237 2974 ἦ
2265 2904 2340 2967 ὡς
2387 2905 2420 2975 ἢ
2455 2906 2533 2969 είς
2561 2907 2623 2960 τὸ
2671 2909 2769 2976 τῆς
2820 2905 3142 2969 Κασταλίας
3189 2906 3359 2978 ὕδωρ,
3405 2908 3440 2975 ἢ
3475 2911 3565 2971 ei;

377 3074 554 3131 Cernit
586 3075 820 3141 quidem.
845 3073 982 3128 Cum
1018 3073 1075 3128 in
1109 3082 1351 3143 quatuor
1393 3073 1651 3130 ordinum
1680 3091 1878 3148 genera
2052 3077 2361 3148 Papularis.
2395 3078 2728 3147 Familiaris,
2753 3081 3000 3136 socialis.

301 3170 561 3226 distincta
598 3177 743 3222 esset
783 3167 1200 3226 Atheniensium
1229 3167 1540 3236 respublica
1586 3177 1643 3222 et
1690 3169 1868 3224 civilis
1910 3204 1958 3264 c
2062 3170 2368 3239 Ubicunque
2414 3181 2608 3242 pra'sto
2653 3183 2750 3228 est.
2789 3173 3248 3244 Quandoquidem
3296 3173 3387 3229 hic
3433 3188 3574 3242 quam

299 3261 709 3320 administratio
742 3277 755 3314 :
795 3275 965 3314 unum
998 3259 1224 3328 quidem
1257 3259 1885 3340 nuncupabant'eorum
1921 3259 1955 3264 ⁷
1990 3263 2239 3317 rumdam
2273 3264 2632 3319 historiarum
2665 3265 3001 3320 mentionem
3032 3265 3196 3329 fecit,
3227 3267 3417 3336 paucis
3445 3266 3570 3320 vcr-

298 3353 397 3422 qui
448 3367 672 3407 censum
722 3351 1152 3420 quingentorum
1199 3350 1608 3405 medimnorum
1641 3351 1887 3420 posside—
1989 3354 2074 3409 bis
2105 3369 2286 3424 operae
2314 3356 2550 3424 pretium
2591 3366 2676 3412 est
2706 3372 2800 3412 eas
2830 3357 2983 3427 prius
3032 3358 3309 3428 explicare
3354 3359 3570 3428 perapi-

298 3443 434 3498 baut
460 3459 475 3496 :
500 3445 733 3501 alterum
761 3442 1035 3512 equitum,
1070 3441 1290 3497 tertium
1328 3441 1690 3508 zeugitarum,
1721 3458 1882 3511 quar-
1989 3445 2213 3500 cuitatis
2256 3446 2527 3502 orationis
2569 3448 2767 3518 gratia.
2817 3447 2972 3502 Circa
3009 3446 3358 3503 Antiochiam
3395 3447 3565 3518 Syria:

300 3545 415 3593 tum
437 3538 818 3606 operariorum
845 3535 1100 3591 mercede
1134 3535 1555 3590 conductorum.
1591 3534 1691 3589 llic
1715 3550 1882 3605 porro
1988 3543 2074 3590 est
2097 3535 2222 3590 fons
2253 3536 2478 3606 quidam
2517 3538 2740 3593 nomine
2767 3539 3038 3605 Castalia,
3073 3540 3128 3594 in
3173 3555 3284 3609 quo
3327 3540 3566 3594 tradide-

297 3626 558 3696 opiﬁcum
589 3635 645 3680 et
685 3624 1150 3680 mercenariorum
1181 3624 1401 3680 inﬂatus
1422 3625 1555 3678 ordo
1581 3634 1698 3679 erat
1722 3624 1881 3678 valde
1987 3634 2118 3680 runt
2142 3626 2452 3695 Apollinem
2483 3627 2565 3682 sic
2592 3628 2701 3682 fata
2725 3629 3086 3697 praedixisse:
3123 3629 3176 3684 in
3201 3639 3383 3683 meatu
3409 3644 3565 3698 aquae

296 3716 496 3787 inops,
543 3717 813 3773 mercedis
861 3732 1024 3772 causa
1080 3715 1335 3771 diurnam
1382 3731 1601 3775 semper
1655 3731 1878 3787 operam
1989 3717 2326 3773 reddebatur
2360 3717 2541 3784 ﬂatus,
2569 3720 2663 3788 qui
2695 3719 2918 3789 quidem
2947 3721 3081 3775 alias
3109 3721 3272 3774 aliam
3298 3721 3564 3776 efﬁciebat

296 3818 589 3880 prtestaus.
635 3810 743 3864 Eos
769 3809 993 3879 quidem
1025 3818 1171 3864 certe
1205 3807 1430 3863 ordines
1476 3818 1532 3863 et
1574 3824 1770 3864 census
1801 3809 1882 3862 di-
1985 3825 2140 3880 aquae
2175 3811 2621 3874 commotionem,
2663 3826 2826 3879 quam
2856 3811 3371 3882 circumspicientes
3409 3820 3570 3866 vates.

295 3901 499 3957 cebaut
530 3901 920 3956 Athenienses.
1987 3902 2172 3957 futura
2203 3903 2602 3972 prmdicebant.
2649 3903 2768 3960 Una
2821 3903 2984 3974 igitur
3018 3903 3135 3959 hzec
3174 3913 3258 3958 est
3310 3904 3558 3957 historia.

377 3991 646 4046 Traducat
680 3992 843 4045 vitam
877 3991 1129 4045 sobriam.
1162 3989 1245 4045 Ita
1277 3999 1339 4044 ut
1386 4004 1512 4044 cum
1561 3987 1882 4045 difﬁcultate
1985 3994 2172 4048 Altera
2205 4008 2338 4049 vero
2367 3993 2436 4048 de
2469 4008 2602 4048 saxo
2640 3991 2992 4064 Delphorum.
3044 3995 3142 4048 Est
3180 4003 3363 4048 autem
3411 3994 3560 4048 istud

299 4087 478 4140 vivat.
1622 4138 1624 4140 ,
1987 4104 2156 4160 prope
2194 4087 2452 4143 Phocidis
2491 4087 2834 4157 provinciam
2883 4088 3060 4156 magis
3105 4087 3344 4140 australe
3393 4100 3559 4156 quam

370 4175 586 4230 Remex.
624 4175 737 4246 Ope
766 4175 1048 4246 navigioli,
1087 4190 1184 4232 seu
1214 4175 1453 4246 scaphae.
1988 4194 2148 4235 mons
2183 4180 2504 4244 Parnassus,
2554 4178 2815 4232 trecentis
2846 4177 3073 4244 stadiis;
3108 4178 3203 4232 sed
3248 4176 3422 4245 magis
3468 4189 3561 4228 se-

373 4267 676 4338 Operarius.
709 4267 1100 4323 Mercenarius.
1987 4273 2378 4343 ptcmtrionalc
2407 4288 2571 4342 quam
2603 4271 2757 4327 sinus
2782 4271 3190 4336 Corinthiacus,
3217 4269 3412 4324 stadiis
3453 4268 3563 4322 fer-

373 4359 442 4414 Et
477 4363 560 4430 qui
581 4359 734 4415 solvit
766 4358 1115 4417 colonariam.
1146 4361 1262 4417 Mos
1305 4375 1422 4418 erat
1450 4363 1878 4421 Atheniensibus
1981 4380 2079 4441 tuo
2103 4366 2374 4421 ducentis.
2407 4366 2476 4420 At
2502 4365 2610 4419 illic
2639 4365 2900 4433 templum
2944 4373 3066 4419 erat
3103 4365 3256 4434 juxta
3301 4375 3558 4416 saxosum

299 4453 552 4520 accipere
582 4450 816 4518 singulis
845 4453 1004 4506 annis
1029 4450 1320 4508 duodecim
1352 4456 1645 4511 drachmas
1679 4459 1743 4512 ah
1775 4475 1874 4512 ex-
1986 4458 2224 4526 aliquem
2257 4465 2523 4519 montem,
2555 4463 2612 4508 et
2647 4454 2698 4508 in
2745 4470 2812 4508 eo
2861 4453 3118 4508 fatidicus
3167 4453 3435 4521 Apollinis
3465 4452 3565 4506 tri-

301 4543 476 4597 ternis
508 4543 838 4612 hospitibus,
879 4544 974 4612 qui
1011 4545 1253 4600 Athenas
1301 4546 1580 4601 habitandi
1617 4551 1786 4617 gratia
1822 4564 1882 4604 se
1914 4554 1965 4613 Ι)
1997 4566 2120 4618 pus.
2152 4549 2335 4603 Tertia
2365 4563 2532 4618 porro
2562 4546 2795 4601 historia
2822 4557 2907 4601 est
2949 4546 3016 4602 de
3061 4561 3127 4600 eo
3162 4543 3420 4600 barathro
3453 4554 3563 4598 ter-

299 4637 681 4704 conferehant,
721 4646 777 4692 et
805 4637 856 4692 id
895 4638 1196 4692 vocabatur
1225 4639 1453 4710 vectigal
1482 4641 1775 4695 incolatus.

1989 4642 2168 4706 ra‘que
2209 4635 2362 4689 hiatu
2393 4651 2555 4704 quem
2586 4644 3014 4699 commemorat;
3045 4649 3110 4689 ea
3138 4636 3218 4689 sic
3246 4650 3304 4688 se
3336 4634 3501 4688 habet
3541 4651 3555 4689 :

377 4729 671 4784 Tributum.
733 4730 1134 4785 Extraneorum
1220 4731 1315 4799 qui
1390 4733 1884 4801 proﬁciscebantur
1988 4728 2113 4783 Fuit
2146 4729 2366 4799 quidam
2406 4729 2739 4784 vir'nominc
2763 4729 3116 4798 Trophonius
3143 4728 3448 4798 augurandi
3476 4743 3562 4782 ar-

297 4818 564 4883 Athenas,
595 4828 654 4874 ut
686 4819 799 4874 illic
831 4818 1014 4873 sedem
1049 4819 1312 4874 domicilii
1353 4821 1706 4876 collocarent.
1990 4821 2506 4876 tilicioinstructus.
2542 4822 2638 4876 llle
2667 4821 2816 4875 inani
2847 4822 3017 4891 gloria
3051 4820 3252 4876 ductus
3281 4821 3339 4874 in
3373 4835 3564 4888 quam-

374 4911 746 4970 Eteobutades.
781 4912 1135 4968 Eteobutadze
1162 4915 1449 4983 progenies
1479 4908 1726 4983 quaedam
1766 4921 1885 4968 erat
1985 4911 2109 4965 dam
2138 4911 2454 4980 speluncam
2500 4909 2644 4964 facto
2672 4910 2879 4979 impetu
2916 4925 2975 4964 se
3011 4909 3345 4978 praecipitem
3381 4907 3561 4960 ἱιηιιιί-

301 5008 552 5077 autiqua,
585 5006 818 5076 insignis
850 5015 905 5061 et
952 5005 1242 5074 splendida
1278 5007 1509 5059 Athenis
1535 5048 1550 5071 ,
1582 5022 1610 5058 a
1641 5021 1746 5075 qua
1779 5005 1882 5059 Mi-
1984 5004 2076 5068 sit,
2102 5005 2234 5058 etin
2263 5017 2325 5058 ea
2362 5002 2617 5056 conditus
2640 5017 2670 5057 e
2707 5003 2815 5056 vita
2847 5001 3081 5056 decessit
3111 5016 3126 5054 :
3156 5016 3278 5070 quae
3319 4996 3561 5069 proiecto

300 5115 486 5154 nerva:
522 5097 837 5152 sacerdotes
872 5095 1238 5166 eligebantur.
1274 5091 1378 5150 Sed
1413 5096 1566 5166 juxta
1599 5112 1784 5149 veram
1817 5110 1882 5148 ac
1986 5094 2272 5162 spelunca,
2304 5100 2363 5146 ut
2415 5092 2592 5154 aiunt,
2649 5090 2873 5146 oracula
2901 5090 3168 5144 reddebat
3206 5104 3327 5143 eam
3375 5089 3557 5155 ingrc-

299 5191 575 5262 geminam
625 5189 1082 5256 significationem
1121 5189 1430 5258 explicatur
1475 5188 1620 5257 quod
1659 5187 1879 5256 proprie
1983 5185 2287 5248 dientihus,
2321 5183 2478 5240 etde
2508 5185 2757 5254 qualibet
2805 5200 2863 5237 re
2906 5182 3301 5251 quaerentibus.
3351 5181 3555 5234 [larum

299 5286 394 5350 sit,
444 5284 494 5338 id
542 5283 690 5353 quod
724 5297 908 5337 verum
949 5297 1013 5335 ac
1049 5293 1264 5334 certum
1300 5289 1385 5334 est
1425 5297 1438 5333 :
1480 5280 1586 5334 hoc
1633 5289 1748 5342 cst,
1783 5279 1877 5348 qni
1980 5283 2129 5332 certe
2155 5279 2511 5332 historiarum
2544 5278 2724 5331 hocin
2757 5277 2878 5329 loco
2917 5272 3167 5328 meminit
3199 5273 3459 5343 Syucsius
3488 5275 3555 5325 ad

300 5391 494 5432 revera
519 5391 549 5430 e
585 5375 733 5429 Butae
763 5373 1112 5445 generatione
1147 5371 1366 5426 deducti
1403 5381 1580 5425 erant.
1607 5367 1875 5424 Caeterum
1983 5369 2304 5438 ampliorem
2341 5369 2556 5422 laudem
2587 5365 2946 5421 divinationis
2975 5379 3096 5433 qua:
3132 5364 3193 5416 fit
3225 5379 3320 5432 per
3352 5364 3557 5417 insom-

303 5464 498 5520 Butam
529 5465 764 5534 appellat
796 5465 1074 5518 oculatum
1115 5464 1317 5533 Argum
1369 5462 1606 5532 tragicus
1648 5461 1878 5533 Aischy-
1981 5460 2073 5515 nia
2101 5500 2114 5523 ,
2146 5460 2342 5514 dicens
2373 5461 2427 5513 in
2454 5460 2564 5513 illis
2591 5456 2923 5513 vaticinandi
2950 5455 3088 5509 locis
3114 5470 3254 5526 opus
3288 5470 3409 5509 esse
3447 5469 3554 5505 ntu-

303 5558 414 5618 lus.
444 5558 598 5626 quasi
629 5556 948 5610 bubulcum.
983 5566 1039 5608 ut
1090 5558 1494 5609 moderatorem
1542 5571 1605 5610 ae
1639 5567 1877 5610 sectato—
1980 5553 2141 5608 ximis
2178 5551 2614 5621 fatigationibus,
2651 5548 2920 5603 molestiis
2966 5563 3030 5602 ac
3075 5547 3406 5618 sumptibus,
3453 5547 3550 5598 sed

304 5666 424 5706 rem
446 5649 744 5704 luslnachi
778 5647 1124 5703 ﬁliaa.Tradit
1154 5647 1301 5701 enim
1334 5647 1505 5716 ipsam
1544 5648 1614 5701 ita
1649 5648 1874 5713 dixisse,
1979 5645 2123 5699 hanc
2152 5642 2509 5712 praesagiendi
2543 5641 2815 5695 rationem
2853 5641 2989 5695 citra
3022 5639 3264 5694 laborem
3291 5637 3548 5708 omnibus

308 5744 658 5798 Per-horresco
690 5741 999 5812 multiplicat
1053 5741 1317 5796 iubentem
1349 5739 1522 5795 vultus
1550 5740 1739 5795 intuita
1771 5740 1876 5795 Bu-
1979 5738 2198 5792 oracula
2232 5733 2482 5792 reddere.

303 5845 438 5891 tam.
2051 5827 2255 5898 Aquom
2289 5829 2501 5883 minime
2553 5827 2791 5881 assumit.
2835 5825 2970 5893 Quia
3002 5838 3108 5878 non
3139 5839 3274 5892 opus
3326 5836 3412 5878 est
3457 5836 3555 5877 ac-
