4102 6294
280 413 386 475 605

1172 419 1507 480 SCHOLlA
1557 421 1640 481 ΙΝ
1675 420 2072 484 SYNESIUM
2113 420 2209 483 DE
2251 419 2675 482 INSOMNIIS.

3420 418 3535 482 606

282 526 570 589 τοιούτοις.
602 528 743 597 Φησὶ¹
785 534 881 586 καὶ
923 535 950 585 ὁ
985 532 1279 595 Πλωτῖνος,
1331 534 1414 586 ὅτι
1455 535 1553 603 οὐχ
1593 536 1626 603 ἠ
1659 534 1855 603 προαί-
1884 541 1929 598 Α
1962 535 2230 600 ἅπαντας,
2284 533 2576 598 πλουσίους
2637 533 2734 586 καὶ
2778 533 3037 603 πένητας,
3071 531 3271 601 ἄνδρας
3316 533 3410 584 καὶ
3440 549 3538 599 γυ·

286 635 460 686 ρεσις,
507 618 616 670 οὐδ’
649 620 677 670 ὀ
704 620 861 685 λόγος
905 622 1010 674 ὑπὸ
1048 624 1316 691 μουσικῆς
1354 624 1386 693 ἢ
1418 624 1675 693 γοητείας
1708 626 1860 676 ἕλκε-

278 708 369 760 ταί
421 726 571 773 ποτε,
602 702 715 762 ἀλλ’
747 713 778 781 ἡ
827 712 1021 779 ἄλογος
1076 713 1247 783 ψυχή.
1283 715 1477 767 Καίτοι
1513 714 1730 781 φιλοῦσι
1759 732 1860 768 κα-

279 799 557 870 λούμενοι,
611 803 718 855 κᾶν
752 804 829 870 μὴ
860 804 1021 857 τοῦτο
1072 806 1339 860 αίτῶνται
1365 821 1379 837 ·
1415 805 1527 859 οὐδ’
1562 808 1693 859 ὅταν
1728 824 1859 875 γοη-

276 892 409 964 τεύῃ
448 911 553 955 τις,
586 893 804 947 σύνεσιν
846 897 874 948 ὀ
904 898 1304 965 γοητευόμενος
1334 898 1471 967 ἔχει,
1520 896 1629 948 οὐδ’
1663 897 1857 951 αἱσθά-

277 1002 450 1049 vetat,
502 986 639 1039 ἀλλά
680 987 950 1054 γινώσκει
980 989 1079 1059 ἤδη
1118 989 1311 1042 παθὼν
1350 991 1432 1042 ὅτι
1462 990 1752 1048 πέπονθεν,
1785 990 1859 1052 ὡς

278 1078 357 1141 τὸ,
398 1080 518 1130 ἐπεὶ
556 1079 652 1132 καὶ
683 1082 738 1133 αί
768 1080 1023 1133 τοιαῦται
1053 1084 1246 1150 φύσεις
1273 1081 1383 1134 τῶν
1428 1081 1702 1150 δαιμόνων
1733 1096 1861 1147 γοηο

280 1172 460 1234 τείαις
494 1173 589 1224 καὶ
653 1175 891 1243 ἐπῳδαῖς
922 1174 1495 1243 ἡττῶνται,ίδηλονότι
1553 1175 1649 1227 καὶ
1700 1167 1860 1226 αὗται

280 1263 479 1329 ἄλογον
513 1265 701 1332 ἔχουσι
738 1265 941 1335 ψυχὴν,
987 1268 1083 1320 καί⁹
1117 1266 1397 1333 σύνθεσιν,
1431 1269 1529 1321 καὶ
1558 1268 1752 1337 πάχος.

351 1357 641 1424 Μοχλείᾳ.
680 1356 771 1420 Ὠς
808 1359 858 1410 oi
897 1358 1174 1421 τέκτονες.

350 1446 747 1517 Βιαζομένοις.
772 1450 1162 1520 Τυραννοῦσιν,
1188 1450 1593 1517 ἀναγκάζουσιν
1651 1448 1863 1520 ἀνθρώ-

284 1558 447 1604 πους.

364 1632 729 1703 Ἐνέργειαν.
787 1634 902 1703 Τῆς
962 1634 1339 1704 πολυασχόλου
1392 1637 1515 1688 ἐκεῖ
1570 1634 1860 1704 μαντικῆς,

276 1724 410 1777 ἔνθα
450 1726 713 1795 δυσχερὲς
746 1726 1149 1798 συμπεριάγειν
1178 1729 1249 1782 τὰ
1297 1728 1437 1799 πρὸς
1470 1730 1569 1798 τὴν
1599 1726 1863 1796 μαντείαν

280 1820 573 1887 ἐπιτήδεια
609 1820 838 1890 ὄργανα.

347 1913 696 1966 Βασκάνου.
725 1912 1005 1979 Φθονερῶν
1039 1929 1200 1966 τινων
1230 1911 1487 1966 πολιτῶν.

362 2007 732 2074 Ἀρχομένης
773 2006 899 2059 Ὑπ’
931 2005 1097 2059 αὐτοῦ
1132 2005 1362 2067 πόλεως.

366 2097 679 2165 Ἀνοήτου.
722 2098 979 2167 Ἀνοήτου
1020 2098 1130 2168 γὰρ
1154 2096 1244 2151 ,ἂν
1284 2096 1395 2165 εἴη,
1446 2097 1633 2165 φησιν,
1666 2095 1862 2163 ἀνδρ“νς

284 2190 697 2259 ἀποκηρύττειν
745 2191 809 2243 ἐκ
845 2191 948 2259 τῆς
989 2190 1303 2260 ἀρχομένης
1341 2187 1434 2240 ὑπ’
1458 2187 1626 2241 αὑτοῦ
1652 2188 1862 2247 πόλεως

274 2279 340 2330 τὸ
371 2277 676 2340 καθεύδειν,
707 2278 841 2331 διότι
872 2278 1133 2331 ἀδύνατον
1172 2277 1330 2331 τοῦτό
1358 2294 1443 2343 γε.
1487 2276 1569 2332 Ob
1615 2277 1776 2347 μόνον
1804 2274 1859 2326 δέ

280 2386 452 2439 φησιν
486 2370 743 2437 ἀνοήτου,
776 2369 910 2422 ἀλλὰ.
938 2370 1032 2422 καὶ
1062 2369 1315 2432 ἀσεϐοῦς,
1368 2370 1501 2421 διότι
1537 2368 1756 2420 ἐναντία
1782 2366 1861 2434 τῷ

280 2458 403 2529 Θεῷ
432 2460 528 2511 καὶ
568 2462 635 2531 τῇ
694 2458 857 2528 φύσει
906 2459 1212 2528 νομοθετεῖ.
1242 2459 1354 2511 Καὶ
1400 2460 1509 2529 γὰρ
1536 2459 1631 2511 καὶ
1670 2460 1696 2510 ὀ
1730 2457 1865 2517 Θεὸς

1961 631 2176 689 ναῖκας,
2204 628 2303 679 καὶ
2333 628 2519 681 πᾶσαν
2547 624 2733 689 ἁπλῶς
2774 626 2948 679 εἰπεῖν
2978 622 3217 693 ἡλικίαν.

2038 716 2139 785 οῖς
2166 718 2339 772 door.
2372 719 2541 773 Διότι.

2042 809 2143 877 Οἷς
2171 813 2340 866 erat“.
2373 813 2540 868 Διότι.

2048 903 2174 956 Ἐπ’
2205 903 2425 966 αὑτήν.
2451 901 2563 968 Τὴν
2603 900 2669 953 δι’
2690 899 2918 967 ὀνείρων
2961 899 3251 968 μαντικήν.

2033 995 2163 1048 Pas.
2217 991 2342 1045 HG.
2390 990 2713 1061 Προφῆτις.
2776 989 2844 1042 Ἦ
2888 988 2957 1041 δι’
3004 988 3231 1058 ὀνείρων
3277 985 3534 1056 μαντική.

2033 1086 2441 1154 Μακροτέραν.
2468 1086 2727 1148 Μείζονα.

2028 1179 2245 1243 Οὕτως.
2282 1177 2351 1230 ’Ἡ
2384 1177 2458 1239 ὡς
2500 1176 2758 1247 βεϐαίως.

2048 1270 2538 1337 Ἀναπειθόμεθα.
2591 1268 2680 1330 Ὠς
2715 1266 3153 1334 ἀναπειθόμενος
3200 1264 3304 1318 ὑπὸ
3337 1264 3444 1317 τῶν
3479 1265 3537 1317 ὲν

1964 1362 2199 1428 ὀνείροις
2249 1362 2507 1414 ἐλπίδων.

2038 1452 2115 1519 Τῇ
2134 1454 2339 1521 φύσει.
2374 1453 2497 1505 Τῶν
2527 1451 2854 1522 ἀνθρώπων.

2040 1546 2158 1611 Τὴν
2187 1544 2408 1613 ἀρχήν.
2455 1545 2546 1598 Ἐν
2579 1545 2762 1615 πενίᾳ,
2794 1545 2890 1597 καὶ
2932 1543 3178 1613 μόχθοις,
3212 1540 3310 1596 καὶ
3342 1538 3538 1608 στερή-

1967 1653 2047 1689 σει
2081 1636 2189 1688 τῶν
2235 1636 2500 1703 ὀρεκτῶν.

2036 1726 2553 1795 Περικεχυμένων.
2593 1722 2698 1781 ’Ὣν
2727 1744 2859 1779 ποτε
2895 1722 3044 1795 εἶχον
3072 1728 3119 1777 οἱ
3154 1724 3324 1777 πίθοι.

2046 1820 2100 1871 Ὀ
2138 1819 2513 1887 Προμηθεύς.
2554 1819 2620 1871 Ἠ
2662 1816 2827 1886 φύσις
2865 1818 2959 1870 τοῦ
3006 1819 3234 1885 κόσμου,
3291 1813 3385 1866 καὶ
3432 1812 3540 1865 τῶν

1895 1877 1935 1931 Β
1965 1912 2024 1963 ἐν
2055 1877 2374 1981 atticum-pia.
2415 1877 2500 1973 13-;
2531 1877 3051 1979 οὖσαπολυὼνυμον
3078 1877 3338 1976 ἔσχεττὴν
3369 1921 3546 1976 προαν

1965 2007 2225 2076 ηγορίαν,
2256 2004 2325 2057 δι’
2355 2004 2422 2067 ἃς
2471 2005 2589 2072 ἔχει
2637 2004 2931 2072 διαφόρους
2976 2002 3238 2069 δυνάμεις
3266 2000 3360 2051 καὶ
3386 1999 3541 2064 ἐνερ-

1964 2099 2141 2166 γείας.
2189 2097 2281 2160 Ὠς
2322 2096 2421 2165 μὲν
2468 2096 2578 2165 γὰρ
2633 2097 2854 2148 πάντων
2910 2094 3082 2158 αίτία,
3120 2093 3338 2159 λέγεται
3380 2089 3540 2157 τύχη,

1964 2193 2073 2246 ἀπὸ
2121 2189 2217 2243 τοῦ
2253 2189 2471 2258 τεύχειν
2502 2188 2642 2257 μόνη
2674 2188 2743 2241 τά
2774 2187 2975 2241 πάντα·
3006 2186 3097 2238 διὰ
3124 2185 3180 2236 δὲ
3221 2184 3313 2235 τὸν
3349 2182 3540 2251 είρμὶν

1961 2286 2064 2353 τῆς
2092 2284 2396 2351 ἐπιπλοκῆς
2420 2282 2530 2334 τῶν
2570 2282 2761 2333 αἰτιῶν
2803 2280 3023 2346 λέγεται
3063 2275 3381 2345 εἱμαρμένη
3405 2288 3420 2302 ·
3452 2271 3540 2323 διὰ

1963 2377 2019 2428 δὲ
2069 2374 2131 2428 τὸ
2189 2374 2473 2442 ἀνίκητον,
2546 2372 2760 2440 ἀνάγκη
2784 2385 2800 2402 ⁸
2829 2370 2919 2422 διὰ
2962 2368 3104 2422 δὲτὸ
3142 2363 3546 2436 μεμερισμένον

1962 2468 2107 2535 ἄλλῳ
2155 2466 2283 2519 ἄλλο
2325 2464 2542 2530 λέγεται
2581 2464 2743 2533 μοῖρα
2768 2479 2783 2495 ο
2817 2462 2910 2513 διὰ
2946 2461 3003 2512 δὲ
3032 2459 3092 2511 τὺ
3121 2454 3544 2524 ἀπαράτρεπτον

280 2554 380 2608 καὶ
411 2556 443 2622 ἡ
482 2551 645 2621 φύσιὲ
703 2552 950 2621 μεγάλην
1001 2553 1095 2604 καὶ
1146 2551 1586 2619 ἀναγκαιοτάτην
1630 2550 1730 2619 τὴν
1770 2550 1864 2600 σύ·
1963 2560 2071 2615 τῶν
2098 2560 2278 2629 ἔργων
2308 2557 2484 2625 αὐτῆς
2522 2555 2748 2623 λέγεται
2786 2556 3041 2625 ᾶτροπος·
3077 2550 3166 2603 διὰ
3201 2548 3258 2600 δὲ
3289 2548 3347 2598 τὸ
3370 2561 3545 2597 πεπεο

283 2659 476 2696 στασιν
503 2642 582 2711 τῷ
613 2640 738 2709 ζώῳ
770 2643 1059 2711 ἐνέσπειρε
1084 2641 1146 2693 τὸ
1174 2641 1485 2694 καθεύδειν.
1522 2642 1679 2693 Ἐπεὶ
1704 2638 1857 2706 γοῦν,

262 2738 475 2805 φησιν,
498 2735 798 2805 ἀπεδείχθη
820 2736 901 2788 ὅτι
935 2736 1232 2803 ἀναγκαῖον
1262 2734 1549 2788 καθεύδειν
1578 2733 1824 2794 ἅπαντας
1844 2770 1859 2793 ,

286 2830 385 2881 καὶ
438 2827 800 2889 καθεύδοντας
850 2829 1083 2897 ὀνείρων
1134 2828 1380 2894 γίνεσθαι
1439 2827 1667 2888 θεατὰς,
1710 2825 1861 2887 ἀξιον

289 2918 359 2973 ἂν
386 2918 470 2989 εῐη
524 2919 619 2972 καὶ
658 2918 752 2971 ἐπὶ
806 2919 907 2988 τὴν
956 2918 1023 2971 δι’
1086 2917 1315 2989 ὀνείρων
1368 2918 1520 2971 ίέναι
1594 2914 1860 2987 μαντικὴν

283 3108 383 3148 sua
413 3101 625 3162 sponte,
652 3090 847 3161 partim
880 3102 1011 3145 vero
1054 3089 1238 3145 invitae
1270 3089 1472 3144 talibus
1498 3087 1665 3143 rebus
1693 3097 1863 3141 attra—

1967 2650 2239 2724 ρασμένον
2275 2650 2373 2718 τῆς
2419 2649 2742 2717 διοικήσεως
2789 2647 2981 2715 αὐτῆς,
3016 2643 3356 2712 πεπρωμένη
3385 2657 3398 2670 ·
3450 2640 3545 2693 διὰ

1964 2746 2022 2798 δὲ
2073 2747 2135 2797 τὸ
2195 2742 2477 2812 συμφέρον
2509 2742 2621 2793 τῶν
2651 2739 3063 2792 ἀποϐαινόντων
3096 2739 3208 2798 τοῖς
3234 2734 3547 2803 ἀνθρώποις

1962 2837 2187 2903 λέγεται
2230 2836 2458 2906 πρόνοια
2503 2834 2598 2885 καὶ
2630 2829 2977 2901 Προμηθεύς.
3010 2827 3303 2880 Κάνταῦθα
3349 2825 3534 2878 τοίνυν

1965 2932 1993 2983 ὀ
2028 2931 2281 2993 Συνέσιος
2324 2929 2386 2980 τὸ
2444 2926 2805 2999 προνοητικὸν
2847 2926 2946 2978 καὶ
2986 2921 3403 2996 προμηθητικον
3446 2921 3545 2990 τῆς

1966 3114 2030 3154 ac
2055 3097 2394 3154 dormientes
2420 3095 2762 3152 somniorum
2782 3094 2913 3149 ﬁant
2936 3096 3296 3164 inspectores,
3328 3102 3545 3160 a'quum

284 3186 497 3240 buntur
534 3182 1020 3253 pelliciunturque.
1048 3182 1139 3236 Ait
1195 3182 1340 3236 enim
1393 3180 1645 3235 Plotinus
1684 3192 1861 3248 neque

1971 3189 2131 3243 etiam
2165 3187 2330 3242 fuerit
2352 3185 2611 3241 omnibus
2642 3185 2809 3240 licere
2850 3194 2911 3239 ut
2946 3201 3005 3240 se
3038 3184 3322 3239 conferant
3368 3182 3433 3235 ad
3466 3181 3547 3234 tli-

280 3275 514 3330 liberam
540 3275 898 3338 voluntatem,
935 3288 1113 3342 neque
1148 3271 1417 3327 rationem
1452 3285 1484 3324 a
1532 3269 1739 3324 musica
1770 3277 1866 3322 aut

279 3368 653 3423 ludiﬁcatione
702 3380 943 3435 unquam
989 3363 1212 3429 attrahi,
1260 3363 1357 3418 sed
1405 3362 1642 3417 animam
1692 3362 1864 3415 ratio-

284 3463 375 3515 nis
401 3468 705 3529 expertem.
738 3457 1059 3527 Quanquam
1081 3465 1268 3510 amant
1297 3453 1535 3519 invitari,
1561 3453 1693 3508 licet
1718 3451 1864 3506 istud

286 3552 510 3607 minime
542 3551 866 3619 deposcant.
912 3548 1102 3617 Neque
1155 3545 1379 3617 quando
1412 3543 1613 3613 aliquis
1652 3541 1863 3613 praesti-

281 3647 390 3716 giis
422 3644 645 3713 decipit,
670 3641 1119 3712 pcrspicientiam
1153 3637 1523 3710 acjudicandi
1561 3638 1669 3691 vim
1708 3634 1872 3688 habet

282 3741 379 3795 ille
416 3739 626 3791 dmmon
668 3734 760 3804 qui
792 3732 1112 3801 imposmris
1145 3730 1411 3794 eluditur,
1449 3744 1627 3798 neque
1676 3727 1865 3791 sentit,

284 3837 343 3884 at
374 3827 714 3896 exploratum
776 3824 941 3878 habet
967 3823 1077 3893 jam
1111 3820 1397 3876 lacessitus
1429 3833 1487 3873 se
1518 3817 1868 3873 incommodo

284 3918 450 3973 allici.
478 3916 545 3971 Et
575 3915 832 3984 quoniam
871 3910 1143 3980 ejusmodi
1171 3909 1480 3964 daemonum
1537 3920 1747 3961 natura:
1781 3904 1868 3959 in-

284 4008 711 4071 cantationibus,
745 4005 1034 4075 prtestigiis
1090 4014 1145 4057 et
1200 4000 1538 4057 carminibus
1577 3999 1872 4052 tincuntur

288 4102 809 4173 opprimunturque,
830 4096 1179 4167 perspicuum
1204 4106 1287 4150 est
1305 4094 1469 4148 etiam
1495 4093 1643 4160 ipsas
1668 4091 1871 4144 habere

287 4200 526 4251 animam
562 4192 793 4248 rationis
812 4206 1117 4261 expertem,
1143 4186 1601 4257 compositionem
1630 4192 1685 4238 et
1716 4197 1871 4238 cras-

290 4290 612 4345 situdinem.

379 4380 668 4434 l’exatione
695 4394 758 4431 ac
790 4375 1078 4430 molitione.
1112 4375 1184 4431 Ut
1210 4374 1375 4439 fabri,
1412 4382 1733 4435 structores,
1782 4388 1873 4425 ar-

290 4472 541 4529 cliitecti.

372 4565 435 4620 Ut
467 4566 623 4617 actio.
654 4560 910 4616 Fatidica
941 4558 1295 4628 scientiaeque
1352 4557 1462 4611 illic
1509 4557 1746 4610 maxime
1778 4572 1873 4609 ne-
1910 4539 1949 4592 ί)

291 4658 535 4729 ςοιὶοεω,
572 4654 623 4708 in
650 4670 754 4722 qua
793 4652 1189 4713 molestum,est
1234 4649 1648 4704 circumducere
1684 4663 1874 4702 neces-

292 4749 437 4805 saria
472 4747 537 4799 ad
571 4744 970 4798 divinationem
999 4741 1387 4795 instrumenta.

368 4839 620 4909 Maligna:
653 4837 896 4903 civitatis.
926 4834 1241 4888 lnvidorum
1270 4832 1614 4902 quorundam
1644 4832 1870 4887 civium.

368 4935 450 4987 Ex
483 4931 725 4999 imperio.
758 4929 801 4982 E
832 4942 929 4980 sua
970 4926 1210 4980 civitate.

374 5027 637 5092 [nsipiens
664 5030 759 5075 est.
794 5020 1045 5073 Ilominis
1070 5019 1213 5071 enim
1248 5018 1519 5072 dementis
1548 5018 1735 5075 fuerit.
1790 5018 1874 5069 iu-

296 5118 437 5187 quit,
470 5112 841 5168 exterminare
885 5126 949 5162 ex
997 5109 1132 5162 urbe
1178 5108 1281 5162 sibi
1313 5107 1530 5161 subdita
1566 5108 1871 5160 dormiendi

298 5206 613 5261 f-cultatem
652 5242 667 5265 ,
726 5201 959 5269 ideoque
1000 5200 1142 5253 istud
1206 5199 1431 5268 quidem
1493 5198 1605 5251 ﬁeri
1660 5198 1872 5265 nequit.

295 5299 418 5353 Non
472 5296 669 5359 solum,
722 5293 819 5356 ait,
855 5289 1151 5345 inconsulti
1211 5306 1274 5344 ac
1316 5291 1628 5350 temerarii.
1684 5304 1872 5341 verum

298 5390 465 5444 etiam
500 5386 650 5453 impii
674 5385 861 5445 fuerit,
900 5394 1186 5451 propterea
1228 5384 1373 5451 quod
1405 5384 1577 5452 legem
1624 5382 1795 5435 sant-it
1822 5390 1875 5433 et

298 5484 415 5537 Deo
448 5486 503 5533 et
531 5486 738 5530 naturae
770 5476 1120 5531 contrariam.
1157 5474 1369 5528 Etenim
1402 5474 1515 5526 sive
1544 5474 1708 5536 Deus,
1759 5472 1875 5525 sive

301 5582 498 5629 natura
532 5584 785 5638 magnum
827 5568 974 5621 hunc
1034 5567 1298 5636 valdeque
1344 5566 1717 5619 necessarium
1767 5575 1876 5617 sta-

306 5676 421 5720 tum
482 5664 820 5717 etaﬂectum
876 5661 1096 5715 animali
1152 5660 1366 5721 insevit,
1426 5668 1486 5709 ut
1540 5659 1872 5726 quiesceret.

300 5756 575 5821 Quoniam
637 5755 823 5823 igitur,
873 5753 1070 5821 inquit,
1121 5752 1386 5804 hactenus
1438 5748 1875 5803 demonstratum

300 5856 388 5903 est
421 5845 787 5902 neccswrium
811 5860 930 5899 esse
973 5856 1028 5898 ut
1054 5858 1243 5897 omnes
1283 5841 1529 5896 homines
1554 5839 1825 5895 dormiant
1859 5883 1873 5908 ,

1967 3279 2192 3335 vinandi
2228 3279 2544 3342 artiﬁcium,
2576 3277 2720 3347 quod
2758 3276 2818 3330 [lt
2846 3293 2945 3346 per
2979 3276 3213 3335 somnia,
3268 3273 3382 3327 sive
3412 3272 3550 3326 divi-

1969 3382 2071 3437 tes,
2122 3372 2237 3426 sive
2272 3384 2541 3439 pauperes
2592 3370 2723 3436 sint,
2777 3368 2879 3422 viri
2913 3375 3007 3422 aut
3059 3366 3336 3429 mulieres,
3365 3375 3441 3429 et,
3490 3370 3551 3421 ut

1970 3462 2159 3533 paucis
2189 3460 2543 3530 complectar,
2571 3459 2815 3530 cujusvis
2846 3458 3024 3513 aetatis
3059 3457 3329 3511 homines.

2043 3554 2122 3608 Ad
2154 3556 2342 3623 ipsam.
2378 3552 2724 3607 Somniorum
2751 3551 3168 3606 divinationem.

2047 3644 2404 3715 Proplietissa.
2454 3645 2731 3700 Divinatio
2760 3659 2883 3714 qua:
2915 3643 3148 3715 contigit
3194 3659 3294 3713 per
3336 3645 3451 3700 visa
3496 3651 3555 3699 et

1971 3748 2185 3809 spectra
2203 3737 2550 3792 dormientis.

2046 3830 2309 3901 Ampliori
2332 3830 2616 3898 voluptate.
2647 3828 2861 3899 Majori,

2044 3924 2362 3979 Incitamur.
2400 3920 2581 3990 thui
2614 3919 2914 3975 assentitur
2939 3933 3003 3974 ac
3034 3919 3281 3989 indulget
3324 3917 3439 3987 spei
3493 3923 3551 3971 et

1975 4011 2369 4084 exspectationi
2402 4010 2765 4065 somniorum.

2045 4106 2112 4158 In
2142 4088 2337 4157 natura
2364 4111 2458 4155 est.
2483 4100 2796 4155 Hominum.

2054 4196 2118 4252 Ut
2145 4198 2209 4251 ab
2250 4196 2423 4259 initio,
2468 4204 2520 4248 ut
2572 4195 2739 4263 prius.
2790 4193 2846 4247 In
2898 4192 3149 4262 penuria,
3205 4191 3468 4247 aerumnis
3500 4197 3558 4246 et

1977 4289 2291 4362 privatione
2329 4302 2513 4341 rerum
2550 4291 3002 4355 expetendarum.

2025 4370 2037 4388 ’
2063 4383 2237 4436 Vitam
2270 4381 2749 4434 circumvenientes.
2780 4378 2928 4444 Quas
2964 4378 3222 4433 nimirum
3246 4376 3384 4431 dolia
3420 4391 3557 4431 con-

1978 4474 2249 4529 tinebant.

2052 4566 2414 4618 Prometheus.
2464 4562 2652 4617 Mundi
2696 4572 2913 4628 natura,
2967 4572 3239 4618 eteorum
3273 4577 3392 4631 qua:
3429 4567 3560 4616 sunt

1985 4657 2037 4709 in
2081 4654 2307 4717 mundo,
2336 4670 2442 4708 una
2475 4669 2597 4707 cum
2632 4655 2724 4718 sit,
2754 4654 2944 4708 multis
2976 4653 3296 4709 nominibus
3314 4651 3559 4720 designa-

1983 4756 2089 4799 tam
2114 4744 2538 4814 appellationem
2565 4744 2830 4809 obtinuit,
2863 4744 2933 4797 ob
2961 4744 3246 4797 distinctas
3273 4742 3560 4795 facultates

1981 4848 2036 4891 et
2085 4837 2328 4891 occultas
2358 4836 2527 4889 vires.
2565 4835 2725 4889 Verbi
2783 4835 2980 4904 gratia,
3039 4834 3255 4887 fortuna
3311 4833 3557 4886 omnium

1982 4942 2143 4979 causa
2169 4925 2374 4979 dicitur
2409 4939 2551 4990 esse,
2586 4939 2653 4977 eo
2673 4924 2818 4993 quod
2859 4924 2974 4979 sola
3008 4924 3189 4977 omnia
3218 4921 3412 4986 struit;
3463 4921 3557 4973 scd

1983 5026 2207 5087 promer
2238 5016 2437 5070 seriem
2473 5030 2645 5069 nexus
2675 5031 2970 5070 causarum
3013 5014 3215 5069 dicitur
3253 5012 3447 5075 fatum,
3506 5020 3561 5065 et

1982 5110 2053 5163 ob
2098 5108 2521 5177 insuperabilem
2573 5109 2940 5177 invictamque
2979 5110 3101 5177 ejus
3149 5107 3430 5166 virtutem,
3469 5121 3563 5157 ne-

1982 5202 2211 5255 cessitas
2260 5200 2601 5268 appellatur;
2648 5216 2837 5254 verum
2876 5199 3003 5266 quia
3060 5198 3209 5251 aliud
3249 5196 3339 5250 alii
3377 5195 3564 5249 distri-

1984 5293 2191 5355 buitur,
2217 5302 2275 5345 ut
2306 5292 2378 5345 sit
2415 5292 2662 5360 ejusdem
2700 5292 2993 5359 particeps,
3033 5298 3383 5357 nuncuyatur
3421 5304 3560 5340 sors.

1983 5389 2053 5439 At
2112 5384 2372 5453 quoniam
2423 5384 2545 5452 ejus
2594 5398 2761 5451 Opera
2797 5381 3063 5435 declinari
3118 5381 3402 5448 avertique
3455 5395 3561 5430 non

1984 5482 2236 5548 possunt,
2262 5474 2462 5527 dicitur
2483 5473 2719 5541 Atropos
2745 5488 2759 5536 ;
2791 5487 2939 5524 mors
2965 5471 3109 5524 enim
3134 5472 3338 5525 nemini
3368 5473 3561 5539 parcit,

1984 5583 2107 5622 cum
2145 5568 2218 5621 sit
2247 5564 2635 5619 inexorabilis:
2688 5565 2784 5618 sed
2833 5574 3061 5633 propter
3104 5566 3445 5619 exactionem
3498 5578 3562 5613 ac

1988 5656 2426 5710 terminationem
2462 5654 2637 5722 ipsius
2669 5654 3121 5723 dispensationis,
3157 5656 3351 5709 Parca:
3398 5662 3453 5704 et
3490 5652 3562 5705 ub

1985 5751 2269 5805 commoda
2303 5764 2425 5817 qua:
2477 5746 2795 5800 hominibus
2842 5749 3169 5812 adveniunt,
3206 5743 3555 5815 providentia

1986 5850 2043 5897 et
2078 5840 2457 5897 Prometheus.
2490 5837 2762 5903 Quocirca
2792 5840 2894 5896 hoc
2930 5841 2983 5894 iu
3020 5839 3137 5894 loco
3172 5837 3432 5909 Synesius
3466 5853 3565 5893 na-
