4102 6294
531 383 658 449 ‘i’i‘ii’i

1759 375 2186 436 NICEPIIORI
2229 373 2618 436 GREGORAI

3705 374 3814 440 616

545 519 641 561 01,:
677 499 878 568 μὲνδτι
905 495 1084 566 ἀγαθὴ
1111 490 1510 549 συνεκπλεῦσαί
1569 507 1624 544 τε
1655 491 1751 543 καὶ
1787 491 1844 542 τὸ
1873 490 2124 558 ποιῆται,
2158 493 2205 552 Α
2235 491 2662 557 νεκυομαντεία,
2707 487 2769 543 τὸ
2797 489 2927 542 αὖτὸ
2971 488 3112 542 ἐστι.
3149 489 3386 556 Λέγεται
3423 488 3467 541 δ’
3512 487 3656 543 οὕτω
3701 493 3832 544 πολ·

547 594 644 644 καὶ
683 593 742 643 τὺ
795 593 930 644 πᾶσι
990 592 1168 643 πάντα
1213 589 1388 642 ταῦτα
1447 585 2006 654 συγκατεργάσασθαι
2035 625 2050 648 ,
2097 582 2132 635 5t

551 685 735 756 μικρῷ
788 685 1027 754 πρόσθεν
1089 679 1264 746 εἷπον,
1327 681 1396 733 τὰ
1445 679 1501 730 δὲ
1533 680 1614 740 εἰς
1656 676 1953 744 αὑτὸνὲμὲ
2001 675 2132 745 παρ’

549 775 724 844 αὐτῆς
758 776 940 842 ἁγαθὰ
977 773 1133 826 οὔπω
1166 771 1562 841 δημοσιεύσας.

625 870 746 924 l’ac.
785 869 908 921 148.
938 865 1398 933 Πυνθανομέίιικρ.
1435 863 1538 918 Τὸν
1567 862 1778 931 ὄνειρον
1817 861 1864 914 εί
1899 859 2130 930 ὄνειρος.

621 960 728 1012 Καὶ
760 959 822 1010 τὸ
847 957 985 1026 μέν.
1014 957 1238 1023 Νὸημα.
1291 999 1296 1006 .

622 1048 984 1118 Ὀνομάτων.
1031 1045 1366 1115 Ποιητικῶν.

629 1141 738 1208 Τῆς
784 1141 1061 1208 ἀρχαίας.
1122 1141 1381 1207 Ἀρχαίαν
1427 1135 1640 1188 Ἀτθίδα
1691 1135 1850 1204 φησὶ,
1887 1135 1983 1204 τὴν
2027 1133 2135 1186 ἀπὸ

549 1235 784 1304 Γοργίου
825 1232 1169 1302 ἀρξαμένην,
1207 1225 1276 1300 ἧς
1318 1229 1562 1299 ἀρχηγὸς
1601 1229 1770 1290 αὐτὸς
1799 1230 1826 1280 ὁ
1853 1228 2134 1288 Λεοντῖνος

551 1327 806 1397 Γοργίας·
865 1327 1066 1396 ἐχρῆτο
1115 1325 1226 1392 γὰρ
1265 1323 1362 1376 καὶ
1419 1324 1729 1390 ποιητικοῖς
1769 1321 2000 1390 ὀνόμασι
2045 1319 2136 1371 διὰ

553 1419 867 1488 σεμνότητα
917 1417 1010 1469 καὶ
1064 1414 1570 1484 παραδοξολογίαν·
1608 1415 1640 1480 ἡ
1697 1412 1752 1464 δὲ
1800 1412 1895 1463 νέα
1955 1409 2135 1472 ’Λτθὶς

539 1513 755 1582 ’ἤρξατο
789 1511 882 1564 ἀπ’
917 1509 1176 1579 Αἰσχίνου
1213 1507 1308 1562 καὶ
1353 1506 1756 1574 Δημοσθένους·
1789 1500 1856 1576 ἦν
1895 1503 1953 1556 δὲ
1994 1501 2134 1572 αὕτη

552 1604 806 1671 λειοτέρα
846 1602 943 1654 καὶ
981 1603 1047 1672 τῇ
1095 1603 1231 1670 ἀκοῇ
1265 1593 1570 1670 προσηνής.

636 1695 698 1750 Ἡ
730 1694 819 1748 δέ.
865 1693 1040 1762 Αὕτη.

627 1787 696 1841 Τὸ
733 1786 850 1856 μέν
883 1804 964 1842 τι.
1003 1787 1128 1838 Ὅτι
1157 1786 1356 1856 πρᾶξιν
1391 1784 1422 1856 ἢ
1455 1784 1708 1839 ἕκαστον.

2237 582 2348 644 λοῐς
2377 583 2614 650 ὀνόμασι
2643 583 2880 651 πρᾶγμα
2907 579 2966 634 ἒν
2995 581 3148 652 παρὰ
3187 583 3298 641 τοῖς
3331 581 3614 650 Ἕλλησιν,
3640 582 3830 655 ὥσπερ

2238 674 2333 725 καὶ
2363 675 2467 726 οὐκ
2500 673 2660 741 ὀλίγα
2699 674 2810 726 τῶν
2855 673 3054 725 ἄλλων.
3092 673 3248 724 Ἔστι
3289 672 3346 726 δὲ
3389 673 3448 724 τὸ
3485 675 3829 744 σημαινόμε-

2237 783 2328 818 νον
2359 765 2624 818 τοιοῦτον·
2661 763 3029 836 μαγγανείαις
3069 765 3182 816 τισὶ
3219 763 3498 834 χρώμενοί
3527 782 3700 829 τινες,
3735 769 3828 818 καὶ

2238 859 2375 911 ἄλλα
2411 857 2512 927 μὲν
2562 857 2852 929 τερατώδη
2911 857 3129 908 ποιοῦσι
3157 899 3172 923 ,
3209 857 3574 910 διατείνονται
3619 859 3676 912 δὲ
3733 861 3830 912 καὶ

2229 951 2416 1022 ψυχὰς
2447 951 2674 1018 ἀνάγειν
2705 950 2917 1020 νεκρῶν
2961 944 3034 1003 ὧν
3089 952 3156 1004 ἂν
3189 951 3342 1004 αὐτοὶ
3377 950 3702 1020 βούλωνται.
3737 955 3833 1006 Δο-

2237 1043 2400 1096 κοῦσι
2435 1041 2536 1111 μὲν
2563 1041 2656 1096 οὖν
2693 1043 2920 1103 ἀνάγειν
2951 1042 3127 1112 ψυχὰς
3157 1041 3225 1094 δι’
3257 1043 3484 1112 ἐπῳδῶν
3525 1044 3622 1096 καὶ
3661 1045 3833 1114 ἀφορ-

2237 1133 2452 1202 κισμῶν
2505 1151 2670 1186 τινων
2707 1151 2722 1166 ·
2773 1135 3054 1202 φαίνονται
3110 1134 3218 1202 γὰρ
3277 1135 3372 1186 καὶ
3438 1136 3828 1206 ἀποκρίνονται

2239 1232 2371 1300 περὶ
2399 1231 2508 1284 τῶν
2555 1231 2931 1300 ὲρωτωμὲνων
2955 1245 2970 1262 ο
3005 1230 3120 1282 ἀλλ’
3146 1231 3245 1284 οὐκ
3285 1231 3394 1283 εἰσὶ
3422 1231 3491 1284 τὰ
3523 1232 3830 1301 φαινόμενα

2237 1323 2432 1394 ψυχαὶ,
2468 1323 2607 1378 ἀλλὰ
2637 1323 2894 1392 δαιμόνιά
2925 1341 3078 1388 τινα,
3105 1323 3140 1377 ὃ.
3177 1324 3242 1392 δὴ
3285 1326 3380 1376 καὶ
3417 1325 3693 1392 ἁγγελικὰ
3729 1325 3830 1396 μὲν

2235 1418 2498 1486 τάγματα
2529 1413 2670 1488 ἦσαν
2719 1416 2782 1470 τὸ
2823 1417 3094 1487 πρότερον
3139 1417 3234 1468 καὶ
3287 1417 3563 1485 φωτεινὰ,
3603 1413 3724 1471 εἶτα
3758 1419 3828 1470 δι’

2237 1509 2476 1578 ἔπαρσιν
2506 1509 2602 1564 καὶ
2625 1510 2828 1562 κακίαν
2871 1508 3021 1573 ἅπαξ
3056 1507 3151 1561 τοῦ
3185 1509 3332 1562 θείου
3362 1508 3576 1561 ἐκείνου
3601 1509 3830 1580 ῥιφέντα

2229 1601 2424 1672 ⁸χοροῦ,
2456 1601 2598 1654 κατὰ
2621 1600 2713 1653 τὸν
2751 1599 3034 1670 περίγειον
3058 1599 3248 1652 τοῦτον
3278 1599 3594 1652 πλανῶνται
3625 1601 3826 1670 χῶρον,

2235 1693 2336 1760 τήν
2368 1707 2429 1743 τε
2456 1689 2822 1761 λαμπρότητα
2863 1689 2984 1760 ἅμα
3028 1692 3124 1744 καὶ
3152 1689 3252 1759 τὴν
3281 1689 3593 1758 λεπτότητα
3621 1691 3830 1742 ἀποϐε-

2238 1782 2480 1853 ϐληκότα
2505 1783 2749 1852 ἐκείνην,
2785 1783 2884 1834 καὶ
2911 1781 3259 1851 μεταθέμενα
3293 1783 3430 1851 πρός
3471 1797 3532 1833 τε
3559 1781 3619 1833 τὸ
3647 1783 3830 1852 ἀμαν-

625 1879 688 1934 Τί
717 1845 891 1932 ἐστιν
914 1845 1214 1944 εἰπόντος;
1250 1845 1598 1956 Πνρὶσθέντος
1631 1876 1726 1930 καὶ
1747 1875 1848 1948 τὴν
1877 1875 2138 1948 ποιότητα
2169 1845 2214 1906 Β
2246 1845 2340 1947 ρδν
2371 1919 2384 1941 ,
2444 1877 2541 1928 καὶ
2595 1845 2730 1946 πρίις
2775 1845 2950 1945 πάχος
2988 1845 3250 1943 διάφορον
3303 1845 3397 1927 καὶ
3453 1845 3822 1945 πολύτροπον.

539 1971 636 2022 ὅτι
669 1971 854 2025 καλόν.

633 2061 1108 2130 Ἐκπεφυκότας.
1149 2061 1650 2132 ’Υπερανέχοντας.

629 2153 734 2220 Εἰς
765 2157 1004 2222 κυρίαν.
1048 2154 1378 2226 Ὠρισμένην
1412 2155 1644 2225 ἡμέραν.

613 2247 1042 2316 -Θυραυλῆσαι,
1077 2249 1418 2318 Προσμεῖναι
1449 2249 1518 2318 τῇ
1565 2246 1728 2317 θύραν
1763 2245 1869 2298 ἀπὸ
1895 2247 1988 2299 τοῦ
2021 2247 2134 2300 ai)-

541 2337 680 2400 αλλ’ζο
679 2356 811 2408 μαι.

637 2436 694 2486 Ἠ
728 2433 910 2502 τύχη.
941 2431 1140 2494 Εὐθύς.

631 2523 1082 2590 Πεπρέσσευινία.
1113 2521 1174 2574 Ei
1213 2521 1290 2591 μὴ
1320 2521 1534 2591 διέκοψέ
1567 2539 1697 2574 ποτε
1728 2522 1760 2592 ἡ
1797 2521 2065 2590 πρεσϐεία
2099 2523 2132 2592 ἡ

541 2623 690 2684 ’πρὸς
721 2622 812 2670 τὸν
846 2617 1074 2688 βασιλέα
1119 2617 1430 2685 Ἀρκάδιον.

623 2709 730 2764 Καὶ
758 2709 908 2778 μήν.
942 2707 1131 2777 Ὅμως
1168 2713 1258 2760 καὶ
1286 2711 1430 2760 τοτε.
1467 2753 1470 2756 ι

627 2798 1085 2870 Ψυχοπομπῶν.
1119 2797 1516 2868 Ψυχοπομπία,
1541 2797 1637 2850 καὶ
1665 2795 2014 2867 ψυχαγωγία,
2039 2795 2135 2848 καὶ

545 2980 774 3036 modum
813 2978 1122 3035 insolentia:
1145 2993 1272 3034 reus
1305 2987 1563 3047 peractus
1593 2994 1738 3042 sum,
1765 2977 1986 3046 publice
2011 2976 2136 3046 qui-

547 3077 675 3128 dem
717 3075 888 3128 edens
917 3082 1092 3126 artem
1127 3071 1432 3136 divinandi,
1479 3080 1536 3125 et
1566 3085 1664 3140 per
1701 3069 1973 3124 insomnia
2002 3083 2136 3138 pra:-

2237 1967 2414 2022 Φασὶν
2445 1961 2539 2020 οὖν
2573 1965 2846 2037 Ἑλλήνων
2882 1983 2942 2018 τε
2991 1967 3089 2018 καὶ
3117 1965 3402 2018 Χαλδαίων
3431 1965 3590 2034 σοφοὶ
3621 1966 3688 2019 τὰ
3723 1965 3824 2035 μὲν

2241 2057 2424 2111 αὐτῶν
2455 2054 2597 2112 εἶναι
2652 2060 2833 2130 ἀέρια,
2873 2059 2944 2112 τὰ
2979 2060 3037 2112 δὲ
3069 2060 3266 2130 ὐδραϊα
3299 2059 3396 2112 καὶ
3425 2059 3636 2122 ὲνᾶλια,
3665 2059 3736 2111 τὰ
3769 2059 3826 2111 δὲ

2244 2152 2460 2222 χθόνια,
2493 2151 2562 2206 τὰ
2584 2153 2639 2204 δὲ
2671 2152 2994 2222 ὑποχθόνια·
3027 2151 3121 2203 καὶ
3159 2152 3228 2204 τᾶ
3261 2151 3360 2222 μὲν
3395 2151 3577 2204 αὐτῶν
3607 2152 3824 2221 χαίρειν

2237 2245 2514 2310 κνίσσαις,
2538 2245 2604 2298 τὰ
2632 2245 2689 2298 δὲ
2723 2245 2944 2313 αἵμασι,
2977 2244 3044 2297 τὰ
3079 2243 3136 2297 δὲ
3171 2245 3469 2314 μολυσμοῖς
3491 2259 3624 2308 τισι,
3653 2244 3722 2296 τὰ
3767 2243 3824 2296 δὲ

2241 2337 2448 2400 ἄλλοις,
2501 2337 2596 2390 καλ¹
2633 2336 2771 2389 ἄλλα
2807 2337 3014 2400 ἄλλοις.
3065 2336 3164 2388 Διά
3207 2335 3318 2406 γὰρ
3355 2336 3514 2388 τοῦτο
3565 2335 3660 2388 καὶ
3685 2352 3825 2405 κρη-

2241 2429 2457 2499 σμῳδδς
2506 2430 2782 2482 Ἀπόλλων
2813 2429 3004 2492 ἄλλα-ις
3043 2430 3140 2500 μὲν
3167 2428 3402 2500 χρῆσθαι
3442 2429 3656 2493 θυσίαις
3693 2431 3824 2492 τοὺς

2240 2523 2683 2591 νεκυομαντείαν
2715 2521 3021 2591 μετιόντας,
3057 2521 3243 2584 ἄλλαις
3288 2523 3345 2576 δὲ
3395 2524 3520 2587 τοὺς
3549 2525 3824 2596 ὑδρομαν-

2239 2611 2422 2679 τείαν,
2479 2613 2670 2676 ἄλλαις
2727 2613 2783 2666 δὲ
2835 2614 2957 2675 τοὺς
3017 2613 3452 2683 ἁερομαντείαν,
3501 2615 3596 2667 καὶ
3647 2615 3824 2676 ἄλλως

2237 2704 2454 2769 ἄλλους.
2503 2707 2696 2778 Ἡμεῖς
2731 2709 2830 2778 μὲν
2881 2725 2964 2760 τοι
3005 2709 3072 2758 τὰ
3116 2707 3287 2759 πολλὰ
3320 2707 3538 2776 χαίρειν
3569 2707 3820 2772 ἀαέντες,

2238 2800 2332 2851 ἐπὶ
2379 2803 2505 2866 τοὺς
2551 2803 2741 2872 λόγους
2785 2803 3064 2874 μετίωμεν
3095 2801 3257 2872 μόνον
3292 2801 3402 2854 τῶν
3433 2800 3820 2872 ψυχοπομπῶν

2235 2978 2642 3034 evocandarum
2697 2979 3004 3033 animarum
3067 2979 3321 3048 scientia,
3369 2988 3424 3034 et
3477 2988 3821 3034 mortuorum

2235 3073 2510 3138 evocatio,
2549 3073 2690 3127 idem
2734 3081 2953 3128 sonant.
3005 3073 3098 3128 Sic.
3133 3089 3297 3144 porro
3329 3073 3556 3128 ciiertur
3581 3090 3686 3128 una
3727 3089 3825 3128 ea-

552 3165 822 3234 sagiendi.
878 3163 1131 3217 idoneam
1164 3176 1284 3217 esse
1315 3162 1380 3216 ad
1431 3163 1592 3216 simul
1626 3161 2014 3232 navigandum,
2061 3159 2128 3218 ad
2163 3190 2207 3250 α
2242 3165 2477 3234 demque
2511 3181 2600 3220 res
2623 3166 2809 3220 multis
2843 3165 3164 3220 nominibus
3191 3167 3334 3236 apud
3361 3166 3604 3230 Griecos,
3631 3181 3826 3235 quein-

551 3255 964 3323 exsequendum
1021 3265 1076 3308 et
1129 3253 1478 3309 efﬁciendum
1539 3269 1666 3309 cum
1725 3254 1984 3308 omnibus
2039 3253 2132 3308 illa

549 3346 762 3410 omnia,
798 3361 917 3415 quae
951 3345 1114 3415 paulo
1161 3356 1287 3401 ante
1331 3347 1688 3401 enumeravi:
1719 3347 1966 3416 quaedam
2005 3360 2136 3401 vero

553 3437 608 3491 in
636 3438 926 3506 propatulo
955 3439 1194 3491 nondum
1223 3437 1564 3492 manifestavi
1594 3437 1902 3504 commoda,
1935 3454 2054 3508 quae
2081 3437 2136 3493 in

551 3546 644 3585 me
677 3533 854 3598 ipsum
881 3544 945 3583 ex
983 3530 1174 3585 eadem
1216 3541 1334 3586 arte
1373 3530 1780 3586 redundarunt.

637 3622 702 3677 Ut
735 3624 838 3676 sim
869 3623 1309 3677 sciscitabimdus.
1345 3623 1566 3679 Scilicet
1603 3641 1632 3678 a
1669 3605 1906 3680 somnio.

640 3713 836 3768 Veteris
863 3716 1066 3770 Atticm.
1141 3717 1388 3771 Veterem
1435 3715 1672 3771 Atticam
1720 3719 1876 3784 dicit,
1927 3735 2048 3788 qua:
2103 3735 2136 3774 a

555 3806 752 3878 Gorgia
803 3810 1046 3879 incepit,
1100 3811 1258 3880 cujus
1309 3812 1566 3882 princeps
1621 3824 1738 3867 erat
1769 3812 1998 3886 Gorgias
2045 3813 2136 3868 ille

553 3901 890 3956 Leontinus:
940 3903 1198 3958 utebatur
1227 3904 1574 3959 enimctiam
1626 3905 1854 3974 poeticis
1902 3904 2135 3960 nomini-

549 3994 658 4050 bus
709 4003 932 4064 promer
999 3997 1319 4066 gravitatem
1372 4009 1429 4053 et
1484 3997 1749 4052 orationis
1796 3999 2130 4052 novitatem:

551 4101 746 4142 recens
779 4103 908 4141 vero
944 4089 1124 4143 Attica
1151 4089 1431 4145 inchoavit
1463 4089 1532 4144 ab
1557 4089 1823 4144 IEscliiue
1841 4105 1905 4144 ac
1944 4091 2137 4144 Demo-

550 4181 768 4236 sthene.
829 4183 959 4237 Erat
1017 4193 1200 4238 autem
1251 4185 1370 4254 ipsa
1427 4183 1652 4252 politior
1691 4167 2136 4254 nitidiorque,,et

551 4273 652 4340 ipsi
691 4273 904 4327 auditui
937 4274 1180 4328 suavior.

624 4365 832 4418 Partim
859 4365 1130 4436 quidpiam
1159 4365 1436 4422 dicentem.
1469 4367 1676 4438 Nempe
1708 4369 2004 4434 actionem,
2041 4375 2135 4422 aut

549 4473 1022 4527 unumquemque,

2237 3257 2533 3312 admodum
2565 3275 2626 3311 ex
2663 3259 2787 3313 aliis
2817 3273 2928 3313 non
2961 3274 3158 3329 pauca.
3205 3258 3360 3325 Quod
3391 3269 3572 3314 autem
3607 3257 3821 3329 signiti-

2235 3363 2394 3408 catur
2428 3353 2532 3408 tale
2581 3363 2704 3410 est:
2759 3355 3020 3408 Nonnulli
3055 3355 3381 3424 quibusdam
3415 3356 3736 3424 imposturis
3769 3365 3826 3409 et

2239 3443 2716 3500 incantationibus
2767 3453 3010 3508 utentes,
3067 3445 3232 3498 etiam
3271 3447 3378 3500 alia
3413 3457 3728 3500 monstrosa
3766 3453 3824 3500 et

2237 3537 2547 3607 prodigiosa
2605 3539 2857 3602 faciunt,
2919 3539 3372 3608 contendantque
3419 3538 3822 3593 defunctorum

2235 3643 2690 3698 quorumcunque
2717 3630 3006 3698 ,voluerint
3047 3630 3257 3684 animas
3301 3631 3535 3684 educere
3569 3646 3583 3682 :
3637 3629 3822 3700 itaque

2239 3719 2496 3772 videntur
2541 3733 2639 3787 per
2669 3721 2877 3790 magica
2917 3721 3158 3774 carmina
3195 3729 3251 3775 et
3290 3721 3553 3788 quasdam
3595 3721 3820 3790 abiura-

2239 3809 2416 3872 tiones
2438 3810 2649 3866 animas
2671 3811 2914 3881 adigere.
2969 3810 3248 3880 Apparth
3271 3813 3521 3876 enim,.et
3545 3815 3610 3864 ad
3645 3813 3820 3866 inter-

2237 3911 2420 3972 rogata
2492 3903 2864 3972 respondent,
2917 3903 3011 3958 sed
3065 3919 3130 3958 ea
3163 3919 3284 3972 quin
3349 3904 3402 3956 in
3461 3915 3816 3972 conspectuin

2237 3993 2468 4046 veniunt
2495 4009 2602 4048 non
2629 4003 2760 4050 sunt
2789 3993 3175 4048 defunctorum
3208 3995 3426 4058 anima),
3453 4004 3506 4049 at
3548 3995 3816 4050 dannonia

2237 4084 2515 4154 quaedam,
2549 4102 2670 4154 quae
2685 4096 2840 4142 certe
2869 4087 3023 4156 prius
3049 4096 3210 4141 erant
3239 4088 3456 4158 agmina
3487 4089 3734 4158 angelica
3761 4097 3817 4142 et

2236 4177 2442 4242 lucida.
2496 4179 2694 4233 deinde
2743 4191 2970 4248 propter
3025 4189 3320 4246 tumorem,
3371 4180 3592 4243 fastum,
3637 4181 3816 4236 eleva-

2237 4272 2466 4337 tionem,
2491 4273 2808 4342 superbiam
2855 4283 2910 4328 et
2937 4275 3236 4344 nequitiam
3268 4275 3321 4328 in
3351 4285 3677 4344 perpetuum
3705 4275 3816 4332 dis-

2232 4365 2378 4434 je'cta
2427 4381 2494 4418 ex
2543 4366 2637 4420 illo
2693 4368 2901 4426 cmlest-i
2952 4382 3016 4423 ac
3063 4368 3249 4422 divino
3301 4368 3472 4422 choro
3535 4377 3813 4437 emtuque,

2237 4459 2382 4512 circa
2431 4460 2580 4514 hunc
2611 4471 2771 4514 terra:
2802 4461 3142 4531 adjacentem
3203 4473 3436 4518 tractum
3467 4463 3684 4530 fallunt,
3717 4464 3817 4516 ho-

621 4547 764 4613 Quid
787 4551 856 4602 sit
879 4549 1268 4604 enuntiantcm.
1304 4551 1780 4621 Superaddentem
1811 4553 1976 4608 etiam
2003 4568 2137 4622 qua-
2169 4567 2212 4624 ι)
2243 4553 2554 4623 minesque,
2583 4553 2882 4619 seducunt,
2929 4555 3279 4626 splendorem
3307 4557 3486 4611 lucem
3516 4572 3582 4610 ac
3604 4557 3816 4612 subtili-

551 4639 788 4701 litatem,
831 4641 972 4708 quod
1007 4641 1078 4694 sit
1101 4643 1227 4696 vitae
1259 4643 1453 4698 decus.

621 4733 872 4788 Exortus.
906 4733 1082 4803 Supra
1119 4733 1494 4806 insurgenter.

620 4825 704 4876 Ad
733 4826 873 4876 diem
898 4825 1239 4892 pra'ﬁnitum.
1269 4826 1352 4880 Ad
1381 4827 1803 4882 determinatam
1837 4843 1898 4882 ac.
1925 4829 2136 4899 praesti-

553 4925 735 4969 tutum
769 4917 939 4970 diem.

619 5007 684 5061 In
705 5009 930 5062 statione
949 5011 1042 5063 sub
1065 5011 1150 5064 dio
1170 5027 1616 5077 pcrmaneremus.
1647 5011 1724 5066 Ad
1747 5011 1966 5082 januam
1995 5031 2134 5084 pra:-

549 5101 838 5154 stolando:
892 5115 922 5155 a
979 5104 1145 5157 verbo
1177 5103 1472 5172 αὐλίζομαι
1495 5143 1509 5168 ,
1537 5105 1680 5174 quod
1709 5115 1812 5168 est,
1847 5121 2128 5176 pernocto,

548 5191 880 5254 abscondor,
907 5191 1171 5246 excludor
1197 5199 1365 5247 tecto.

619 5281 690 5334 Et
715 5282 950 5351 fortuna.
993 5283 1293 5350 Continuo,
1354 5281 1655 5352 derepente
1693 5285 1884 5340 aderat
1909 5287 2130 5342 fortuna

550 5390 660 5427 non
699 5385 1040 5443 exspectata.

620 5467 924 5538 Legationis
981 5485 1172 5522 munus
1203 5469 1358 5523 obivi.
1428 5467 1542 5522 Nisi
1592 5485 1678 5524 me
1704 5471 2128 5540 interpellasset,

554 5562 886 5630 tandemque
945 5562 1330 5631 interrupisset
1387 5561 1588 5632 legatio
1624 5563 1692 5617 ad
1744 5565 2128 5634 imperatorem

551 5652 868 5708 Amulium.

623 5741 692 5794 Et
711 5753 908 5798 tamen.
955 5745 1325 5800 Veruntamen
1355 5747 1517 5802 etiam
1551 5758 1704 5804 tunc.

625 5831 806 5886 Manes
837 5834 1173 5896 elicientium.
1255 5839 1494 5896 lilanium
1553 5842 1966 5899 educcndorum
2019 5859 2129 5914 ars,

2240 4649 2404 4694 tatem
2439 4643 2584 4702 illam
2612 4657 2736 4696 eum
2767 4631 2958 4698 semel
2985 4641 3345 4712 repudiarint,
3375 4657 3499 4698 eam
3541 4659 3678 4697 cum
3711 4641 3813 4696 ob-

2237 4733 2502 4788 scuritate
2523 4747 2586 4786 ac
2609 4733 2975 4802 ignobilitate,
3003 4744 3062 4788 et
3087 4749 3212 4788 cum
3243 4735 3592 4790 dissentienti
3617 4737 3816 4790 crassi-

2241 4825 2437 4894 tudine,
2466 4841 2680 4880 necnon
2717 4827 2962 4882 versatili
3009 4836 3302 4896 astutaque
3343 4827 3622 4897 spissitatc
3659 4843 3808 4883 com-

2237 4927 2541 4974 mutarunt.
2579 4919 2722 4989 Ergo
2742 4929 2995 4976 asserunt
3017 4921 3330 4978 Graecorum
3350 4929 3405 4974 et.
3432 4919 3811 5004 Chaldaeorum

2237 5010 2516 5080 sapientes
2545 5027 2625 5066 .ex
2659 5013 2794 5082 ipsis
2821 5013 3092 5072 nonnulla
3135 5015 3282 5068 aeria
3313 5028 3465 5078 esse,
3502 5013 3608 5068 alia
3637 5028 3811 5084 aquea

2235 5113 2292 5159 et
2325 5105 2557 5172 marina,
2588 5105 2696 5160 alia
2733 5114 2974 5172 terrena,
3021 5107 3130 5162 alia
3157 5123 3289 5163 vero
3321 5109 3718 5168 subterranea:
3757 5118 3810 5163 et

2236 5199 2486 5268 quaedam
2544 5212 2735 5252 eorum
2791 5199 2984 5254 nidore
3037 5214 3101 5254 ac
3155 5201 3556 5262 sacrificiorum
3621 5211 3810 5256 ustura

2235 5291 2498 5361 fumoque
2535 5290 2838 5356 delectari,
2876 5291 2979 5344 alia
3026 5293 3294 5361 sanguine
3343 5292 3484 5357 fuso,
3515 5293 3624 5348 alia
3656 5294 3812 5348 reali-

2239 5389 2348 5435 tate
2402 5391 2459 5436 ct
2515 5381 2848 5451 quibusdam
2910 5381 3362 5449 inquinamentis,
3417 5383 3523 5436 alia
3574 5385 3808 5453 denique

2235 5473 2359 5528 aliis
2393 5489 2456 5528 ac
2493 5474 2692 5528 talibus
2725 5473 2917 5542 magis.
2984 5471 3118 5527 Nam
3173 5489 3292 5529 eam
3331 5475 3400 5530 ob
3426 5491 3647 5531 causam
3683 5477 3810 5532 fati-

2235 5567 2394 5622 dicus
2426 5568 2625 5638 Apollo
2661 5570 2842 5640 jubet,
2863 5579 2931 5624 ιιι
2979 5571 3036 5624 lii
3072 5572 3166 5642 qui
3201 5573 3270 5626 ad
3303 5583 3650 5628 mortuorum
3681 5591 3806 5630 evo-

2236 5659 2512 5712 cationem
2549 5661 2854 5727 accedunt,
2885 5661 3008 5716 aliis
3051 5663 3340 5718 sacriﬁciis
3389 5673 3636 5732 utantur,
3687 5666 3807 5721 aliis

2235 5767 2366 5806 vero
2399 5753 2490 5822 qui
2523 5769 2588 5807 ex
2633 5770 2774 5824 aqua
2839 5766 2984 5811 artes
3037 5757 3276 5826 magicas
3325 5735 3624 5824 exerdcnt,
3687 5761 3804 5815 aliis

2237 5844 2476 5914 denique
2509 5847 2601 5916 qui
2635 5863 2700 5902 ex
2735 5863 2861 5905 acre
2917 5848 3252 5905 vaticinandi
3309 5849 3602 5906 artificium
3650 5852 3804 5908 adhi-
