4102 6294
435 421 534 488 621

1318 431 1638 492 SCHOLlA
1690 434 1770 492 IN‘
1811 435 2193 496 SYNESlUM
2233 439 2328 496 DE
2367 437 2786 501 lNSUMNHS.

3581 441 3694 509 622

513 537 635 592 Eh'
663 538 887 592 ἔθεσιν.
922 539 1030 608 Τὴν
1054 540 1245 609 ἠθικήν
1280 558 1412 608 φησι
1437 543 1533 612 τὴν
1560 544 1666 595 ἀπὸ
1684 543 2002 597 διδασκάλου
2037 559 2078 605 Α
2114 549 2390 602 κάνταῦθα
2419 551 2444 602 ὁ
2468 552 2717 610 Suvis-.0;
2753 549 3096 619 ἅπνιρῤἑοντα
3129 549 3324 604 εἴδωλα
3356 551 3462 605 τῶν
3500 555 3693 620 αἰσθη-

438 632 534 681 καὶ
580 629 757 694 ἔθους.
1243 690 1268 712 θ

513 721 716 784 ’Ἄλλῳ
747 738 844 788 τῳ.
880 722 970 790 Μὴ
1007 723 1278 791 σπουδαίῳ
1299 725 1592 795 ἀνθρώπῳ.

513 815 633 866 Οὐκ
681 814 800 865 ἐπί.
850 813 991 865 Ἀλλ’
1025 815 1120 867 ἐπὶ
1150 816 1370 886 μεγάλῳ
1411 819 1505 870 καὶ
1536 819 1822 890 ἀναγκαίῳ
1861 823 2010 890 πρα-

435 921 631 974 γματι.

520 995 818 1060 Ἀρίστων.
871 995 1082 1067 Ὠσπερ
1129 997 1208 1066 τῷ
1259 998 1486 1067 Βαλαάμ
1537 1017 1667 1053 ποτε
1726 1003 1802 1070 τῷ
1857 1005 2014 1057 ἁλλο-

437 1085 609 1156 φύλῳ.
963 1102 965 1106 ·
1173 1077 1176 1082 ’

508 1180 717 1245 Γένος.
760 1180 1081 1235 Ἐνυπνίων.

508 1272 881 1338 Γενομένων.
925 1271 1339 1342 Παρελθόντων.

519 1362 681 1414 Ἐπεὶ
735 1361 831 1414 καὶ
879 1362 1078 1416 τοῦτο.
1127 1362 1200 1416 T'o
1251 1364 1443 1433 μέλλον
1488 1367 1618 1418 ποτὲ
1659 1368 1736 1430 είς
1776 1366 2012 1436 ὕπαρξιν

440 1450 785 1506 ἐλεύσεσθαι.

519 1542 878 1611 ’Υπὰρξειῡᾳ
909 1547 975 1598 Οἱ
1010 1547 1168 1614 σοφοὶ
1205 1546 1302 1599 τὸν
1327 1549 1576 1618 παρόντα
1615 1553 1821 1619 κόσμον
1858 1553 2012 1604 εῖδωε

436 1635 527 1687 λὸν
551 1653 684 1703 φασι
702 1636 791 1688 τοῦ
826 1637 1024 1700 αἰῶνος
1051 1657 1061 1668 ·
1099 1638 1409 1702 ἀκολούθως
1439 1640 1496 1692 δὲ
1528 1643 1618 1694 καὶ
1651 1643 1716 1695 τὰ
1750 1646 1806 1695 ἐν
1835 1646 2012 1713 τούτῳ

436 1727 759 1796 πράγματα,
805 1727 1000 1781 εἴδωλα
1037 1730 1144 1781 τῶν
1198 1729 1620 1799 ἐνυπαρχόντων
1662 1734 1857 1802 ἐκείνῳ
1884 1749 1896 1760 ⁸
1949 1740 2010 1788 οὔ

440 1819 602 1888 μόνον
641 1821 720 1882 δὲ,
755 1821 890 1873 ἀλλὰ
921 1822 1017 1874 καὶ
1057 1821 1126 1872 τὰ
1167 1822 1223 1886 ἐξ
1266 1822 1510 1889 ἀλλήλων
1544 1826 1676 1891 πρδς
1701 1826 1904 1896 ἄλληλα
1931 1845 2013 1895 γι-

436 1912 639 1981 νόμενα
710 1914 1004 1982 ἐκμαγεῖα,
1055 1914 1252 1967 εἴδωλα
1323 1919 1417 1969 καὶ
1471 1918 1614 1970 αὐτὰ
1661 1919 2010 1988 ὀνομάζουσι.

438 2002 660 2056 Πάντων
693 2004 751 2055 δὲ
781 2004 988 2057 τούτων
1021 2001 1160 2057 εἶναί
1199 2023 1333 2074 φασι
1371 2007 1620 2059 δεκτικὸν
1649 2008 2014 2079 ὑποκείμενον

435 2093 692 2162 τδν¹ἀέρα
717 2113 730 2126 ·
765 2091 878 2149 οἷον
909 2099 984 2160 ὡς
1016 2099 1073 2152 ὲν
1104 2099 1490 2170 ὑποδείγματι,
1541 2102 1633 2152 τὸν
1676 2104 2013 2170 προφορικδν

435 2188 533 2240 καὶ
561 2187 827 2257 ἔναρθρον
856 2189 1013 2255 λόγον
1034 2192 1407 2260 διαδεχόμενος
1443 2198 1469 2246 ὁ
1513 2196 1620 2262 ἀὴρ
1652 2196 2011 2258 ἁκολόϐωτον,
2058 2260 2062 2264 ,

435 2282 530 2332 καὶ
549 2279 735 2334 τυπῶν
766 2283 957 2334 ἑαυτὸν
986 2283 1340 2356 ἁπορῤἡτως,
1369 2285 1558 2357 ὥσπερ
1593 2289 1902 2356 κάτοπτρον
1934 2292 2012 2350 εἰς

439 2372 640 2442 μυρίας
683 2375 1078 2445 διαπορθμεύει
1125 2377 1366 2446 μερίζων
1416 2381 1605 2442 ἀκοὰς,
1639 2383 1748 2432 τεῖιν
1793 2382 2013 2451 ἄρθρων

435 2465 637 2534 ὁμοίως
680 2467 824 2520 κατὰ
867 2469 928 2521 τὸ
983 2468 1408 2534 ἀπαράλλακτον
1451 2471 1670 2540 ἔχοντα·
1707 2473 1768 2524 τὸ
1795 2472 1838 2524 δ’
1883 2475 2015 2524 αὐτὸ

437 2560 583 2610 ποιεῖ
621 2561 716 2612 καὶ
748 2560 882 2628 πρὸς
918 2561 1095 2612 πάντα
1127 2561 1422 2631 χρώματα.
1481 2566 1573 2616 καὶ
1622 2567 1758 2633 πρὸς
1803 2567 2012 2626 πάντας

435 2648 667 2718 ἀτμοὺς,
688 2650 937 2722 καὶπρὸς
968 2652 1067 2704 ὃσα
1085 2654 1193 2703 τῶν
1218 2654 1274 2705 ὲν
1300 2655 1490 2724 κόσμῳ
1512 2659 1632 2718 ταῖς
1660 2656 2012 2724 αἰσθητικαίς

435 2741 731 2810 δυνάμεσιν
779 2743 1114 2798 ὑπόκεινται.
1151 2743 1334 2798 Ταῦτα
1367 2744 1499 2812 γοῦν
1529 2751 1622 2800 καὶ
1678 2749 1743 2800 τὰ
1788 2751 2010 2803 τοιαῦτα

439 2932 556 2972 sum
605 2919 819 2982 tendit,
853 2936 953 2975 nec
984 2939 1225 2992 unquam
1258 2932 1438 2991 potest
1469 2926 1786 2992 assnclieri,
1825 2941 1882 2985 ut
1917 2931 2012 2985 de-

437 3023 628 3064 orsum
666 3011 895 3077 feratur,
928 3023 983 3068 et
1013 3016 1094 3068 sic
1119 3015 1186 3068 de
1217 3016 1361 3070 aliis.
1621 3019 1626 3022 ’
1969 3009 1972 3014 ’

508 3100 632 3165 Sive
685 3105 914 3157 moribus
971 3105 1232 3174 ingenita.
1293 3107 1525 3164 Etliiccn
1581 3125 1676 3166 seu
1743 3114 2012 3170 moralem

2119 642 2228 694 τῶν
2262 642 2539 708 ὀνομάζει,
2573 651 2666 695 καὶ
2697 645 2894 709 ἐκροὰς
2933 643 3042 694 τῶν
3072 643 3366 699 συνθέτων.
3415 646 3546 698 Ἀπὸ
3593 648 3693 716 μὲν

2119 737 2229 798 γαρ
2252 732 2351 800 τῆς
2383 732 2506 786 καθ’
2537 735 2806 802 Ἕλληνας
2834 735 3056 804 πρώτης
3078 737 3169 788 καὶ
3201 736 3502 805 ἀρχεγὸνου
3533 736 3687 805 ὕλης,

2121 824 2210 886 ἀφ’
2242 819 2311 897 ἦς
2339 824 2406 876 τα
2443 829 2702 894 στοιχεῖα,
2756 826 2835 887 τίς
2865 826 2929 879 ἂν
2967 828 3050 896 εἴη
3082 827 3272 897 ἐκροὴ.
3315 829 3453 898 μόνῃ
3480 831 3546 898 τῇ
3572 830 3694 881 tm-

2119 915 2236 982 νοία
2306 916 2726 986 πλαττομένηςς
2787 918 3176 987 Καταπδοοῦμεν
3248 919 3305 972 δὲ
3355 924 3453 988 τὴν
3522 922 3694 990 αὐτῆς

2119 1008 2314 1076 ἐκροὴν
2351 1009 2414 1060 ὲκ
2443 1008 2551 1060 τῶν
2584 1013 2725 1061 κατὰ
2768 1011 3030 1062 σύνθεσιν
3056 1012 3557 1079 είδοπεττοιημένων
3593 1030 3694 1081 με-

2122 1096 2288 1163 ρικῶν
2315 1095 2407 1148 τοῦ
2437 1098 2640 1166 κόσμου
2671 1100 3026 1168 πραγμάτων.
3053 1099 3234 1152 Ταῦτα
3267 1101 3373 1170 γὰρ
3403 1101 3487 1153 ἀεὶ
3519 1101 3696 1169 γίνον-

2117 1203 2227 1248 ται,
2278 1185 2615 1239 ἀλλοιοῦνται
2650 1190 2744 1240 καὶ
2776 1188 3110 1258 φθείρονται.
3168 1193 3240 1243 Οὐ
3272 1196 3410 1246 κατὰ
3453 1194 3611 1262 μόνον
3635 1193 3694 1244 δὲ

2116 1280 2176 1328 τὸ
2209 1277 2306 1344 τῆς
2339 1277 2470 1349 ὕλης
2499 1281 2744 1347 ῥευστδν,
2773 1281 2887 1333 ἀλλ’
2911 1279 3024 1334 οἷον
3046 1285 3219 1335 εἰπεῖν
3255 1283 3692 1338 συναπολαύουσι

2116 1371 2211 1421 καὶ
2242 1369 2414 1423 ταῦτα
2449 1371 2515 1424 τὰ
2549 1373 2665 1440 εῐδη
2709 1371 2804 1425 τοῦ
2861 1374 3066 1436 πάθους
3096 1374 3194 1440 τῆς
3229 1376 3436 1444 φθορᾶς
3463 1375 3691 1442 ταύτης,

2097 1464 2205 1526 ,καὶ
2236 1462 2407 1526 οὕτως
2459 1465 2774 1534 ἀρνοῦνται,
2813 1470 2966 1535 φησὶ,
3003 1469 3070 1520 τὰ
3098 1468 3155 1520 ἐν
3195 1468 3272 1537 τῷ
3312 1470 3502 1537 κόσμῳ
3547 1469 3692 1538 πρά-

2115 1572 2297 1622 γματα
2325 1557 2422 1623 τὴν
2453 1556 2546 1606 τοῦ
2583 1557 2735 1619 ὄντος
2769 1558 2948 1621 ἀξίαν.
2994 1560 3146 1622 Ἀξία
3175 1560 3230 1612 δὲ
3255 1559 3350 1610 τοῦ
3385 1560 3536 1620 ὄντος
3572 1559 3691 1611 ἐστὶ

2113 1647 2174 1697 τὸ
2209 1647 2294 1697 ἀεὶ
2335 1643 2470 1699 εἶναι
2501 1663 2513 1676 °
2548 1649 2720 1700 ταῦτα
2777 1650 2834 1701 δὲ
2877 1651 3189 1703 τούναντίον
3223 1652 3312 1704 ἀεὶ
3364 1651 3464 1703 οὐκ
3513 1651 3690 1713 είσῖν,

2113 1737 2212 1788 οὐκ
2236 1738 2320 1804 ἐφ’
2337 1739 2456 1800 ἑνὸς
2479 1740 2729 1792 ἵστασθαι
2749 1739 3020 1801 δύνανται,
3043 1742 3180 1794 ἀλλὰ
3199 1743 3267 1795 τὰ
3295 1742 3394 1810 μὲν
3420 1743 3690 1808 ἐγένοντο,

2115 1829 2182 1880 τὰ
2203 1830 2258 1881 δὲ
2285 1830 2545 1896 γίνονται,
2571 1833 2636 1882 τὰ
2661 1832 2714 1884 δὲ
2751 1832 3038 1899 μέλλουσιν
3069 1833 3319 1886 ἔσεσθαι·
3359 1834 3427 1887 τὰ
3453 1834 3586 1900 γοῦν
3629 1835 3692 1885 ἐκ

2115 1922 2320 1974 τούτων
2365 1923 2623 1975 ἁπάντων
2675 1924 3019 1994 ἀπορῥέοντα
3060 1925 3256 1978 εἴδωλα
3306 1924 3702 1994 περινοστοῦστ

2116 2013 2210 2066 καὶ
2233 2013 2654 2068 δτολισθαὶνουσι
2678 2015 3010 2086 πλανώμενα
3037 2020 3168 2088 περὶ⁹
3197 2020 3288 2071 τὸν
3311 2018 3449 2086 ἀέρα
3471 2035 3484 2049 ·
3518 2035 3692 2086 προσ-

2117 2106 2472 2174 απερείδοντα
2507 2107 2584 2170 δὲ,
2614 2109 2704 2160 καὶ
2752 2111 2923 2179 μονήν
2959 2128 3083 2163 τινα
3113 2110 3207 2162 καὶ
3251 2112 3561 2164 ἀνάπαυσιν
3601 2111 3694 2162 εὑ·-

2119 2195 2394 2263 ρίσκουσιν
2422 2199 2477 2247 ὲν
2500 2196 2577 2264 τῷ
2612 2196 2964 2267 φανταστικῷ
2984 2199 3080 2266 τῆς
3103 2197 3302 2267 ψυχῆς,
3341 2197 3548 2266 εἰδώλῳ
3574 2197 3691 2250 ὄντι

2113 2291 2207 2339 καὶ
2238 2288 2387 2355 αὐτῷ
2419 2288 2518 2353 τῆς
2547 2289 2749 2358 ψυχῆς.
2782 2290 2894 2341 Νοῦ
2932 2292 3032 2359 μὲν
3065 2290 3285 2343 εἴδωλον
3319 2291 3523 2360 ἡψυχὴ
3555 2304 3568 2318 ⁸
3591 2290 3694 2357 ψυ-

2113 2367 2292 2445 χῆς’δ’
2323 2373 2389 2429 αὖ
2420 2378 2638 2430 εἴδωλον
2661 2380 2721 2430 τὸ
2750 2379 3120 2447 φανταστικὸν
3139 2378 3378 2446 πνεῦμα.
3418 2379 3562 2430 Ὅσα
3592 2377 3695 2446 μὲν

2114 2465 2227 2532 οὖν,
2265 2469 2452 2535 φησιν,
2489 2469 2680 2524 εἴδωλα
2712 2471 3081 2540 ἀποῤῥέουσιν
3119 2470 3181 2522 ἐκ
3211 2486 3270 2522 τε
3318 2468 3426 2521 τῶν
3457 2470 3694 2538 γενομὲο

2115 2575 2240 2618 νων,
2276 2558 2339 2610 ἐκ
2372 2575 2428 2610 τε
2455 2558 2562 2610 τῶν
2585 2562 2912 2629 γινομένων,
2943 2561 3088 2631 σαφῆ
3125 2562 3222 2614 καὶ
3247 2559 3479 2631 ἀρίδηλα
3519 2559 3693 2612 ἀπόλ-

2115 2651 2323 2715 λυνται,
2355 2653 2454 2704 ὅσα
2497 2651 2541 2704 δ’
2566 2653 2631 2704 ὲκ
2654 2653 2764 2705 τῶν
2799 2653 3126 2722 μελλόντων,
3166 2652 3340 2705 ταῦτα
3373 2652 3419 2705 δ’
3461 2653 3694 2720 ἀόριστα.

2114 2743 2209 2792 καὶ
2236 2741 2564 2795 δυσείκαστα
2583 2743 2676 2795 καὶ
2711 2744 3107 2812 αἰνιγματώδη.
3151 2745 3363 2810 Ὠσπερ
3398 2743 3506 2812 γὰρ
3539 2743 3693 2806 εἴτίς

2112 2921 2420 2988 subjaeent.
2455 2921 2561 2974 Ista
2601 2919 2768 2990 igitur
2800 2934 2865 2976 ac
2903 2920 3029 2975 talia
3074 2919 3240 2975 etiam
3277 2919 3369 2974 hic
3418 2919 3687 2990 Syncsius

2113 3012 2392 3067 eminentia
2429 3013 2571 3066 idola
2619 3027 2804 3067 rerum
2842 3012 2944 3066 sub
2976 3024 3199 3067 sensum
3237 3011 3554 3066 cadentium
3591 3027 3691 3082 ap-

2113 3104 2312 3171 pellat,
2341 3113 2396 3157 et
2425 3113 2816 3156 concretorum
2849 3101 3078 3156 ﬂuenta.
3111 3103 3328 3156 Etenim
3359 3101 3550 3170 prima:
3580 3102 3694 3183 pri-

439 3191 725 3246 scientiam
765 3193 900 3247 dicit
934 3196 1307 3263 a,monitore,
1356 3213 1456 3253 usu
1498 3206 2005 3274 consuetudineque
2037 3229 2082 3288 ο
2117 3197 2479 3266 migcnimque
2555 3195 2862 3249 SPCIIndum
2925 3193 3146 3251 GF=PCOS
3192 3193 3474 3256 "Valeriae.
3521 3209 3551 3248 ει
3581 3209 3691 3262 qua

438 3284 868 3354 contingentem.
1179 3322 1202 3348 .

507 3373 755 3444 Caipi‘am
794 3378 912 3433 alii.
957 3380 1178 3435 Minime
1218 3381 1466 3437 studioso
1502 3384 1743 3449 homini,
1815 3406 1999 3460 neque

438 3464 719 3523 industrio
751 3485 814 3524 ac
847 3471 1050 3526 virtute
1083 3473 1334 3540 praedito.

506 3558 622 3612 Non
661 3562 852 3628 exigua
891 3561 1073 3630 aliqua
1115 3580 1300 3618 causa.
1347 3565 1453 3620 Sed
1489 3578 1714 3636 propter
1751 3562 2008 3639 magnum

436 3667 500 3706 ac
530 3655 900 3707 necessarium
938 3655 1217 3723 quoddam
1254 3672 1412 3726 opus.

507 3743 707 3812 Optimi
744 3749 972 3812 generis.
1015 3746 1490 3818 Quemadmodum
1541 3747 1744 3816 elapsis
1797 3758 2005 3818 tempo-

437 3836 591 3890 ribus
636 3837 819 3890 cvenit
865 3836 1079 3891 Balaam
1126 3838 1332 3892 homini
1385 3841 1672 3909 peregrino
1721 3849 1776 3893 et
1813 3841 2008 3894 alieni~

437 3940 608 3996 getae.

509 4017 637 4083 Qua:
679 4020 910 4088 fuerunt.
955 4019 1157 4075 Eorum
1206 4021 1326 4090 qua:
1383 4020 1436 4073 in
1489 4017 1730 4073 medium
1787 4017 2009 4088 prodie-

437 4117 567 4162 runt
610 4117 663 4162 et
696 4109 974 4178 prmterita
1008 4120 1158 4164 sunt.

507 4198 967 4268 Quandoquidem.
1008 4200 1160 4266 Quod
1205 4203 1451 4255 futurum
1501 4203 1795 4272 aliquando
1845 4211 1900 4255 ct
1953 4203 2005 4254 in

435 4292 801 4346 substantiam
834 4307 896 4345 ac
930 4301 1182 4346 naturam
1217 4305 1512 4348 venturum
1547 4304 1650 4348 est.

508 4382 892 4438 Subsistemus.
919 4383 1219 4454 Sapientes
1267 4387 1415 4440 hunc
1468 4396 1795 4456 przesentem
1850 4402 2008 4438 mun-

434 4476 566 4528 dum
601 4477 956 4530 simulacrum
992 4489 1050 4531 et
1093 4477 1327 4548 elligiem
1377 4477 1701 4532 aeternitatis
1748 4493 1868 4531 esse
1921 4477 2008 4530 di-

2114 3287 2387 3340 elementa
2434 3295 2557 3339 orta
2603 3293 2762 3348 sunt,
2800 3290 2916 3338 solo
2948 3286 3149 3339 mentis
3182 3294 3452 3353 conceptu
3487 3295 3687 3338 creatte

2114 3389 2277 3445 atque
2308 3379 2662 3446 cmnpositaa,
2695 3378 2919 3446 quidam
2953 3377 3118 3431 fuerit
3149 3387 3384 3430 meatus.
3416 3376 3687 3432 Conside-

2117 3486 2304 3523 ramus
2338 3481 2520 3523 autem
2559 3471 2732 3538 ipsius
2766 3471 2978 3538 lapsum
3014 3486 3080 3524 ex
3128 3470 3216 3523 his
3262 3486 3383 3539 qua:
3422 3476 3550 3523 sunt
3599 3483 3687 3522 sc-

2113 3557 2354 3618 cundum
2407 3564 2943 3633 coagineutationem
2991 3564 3564 3631 compositionemque
3597 3577 3686 3615 re-

2114 3671 2232 3707 rum
2269 3655 2686 3724 particularium
2723 3653 2827 3707 hoc
2878 3653 2934 3705 in
2988 3654 3193 3706 mundo
3241 3667 3393 3706 suam
3442 3653 3687 3720 speciem

2111 3744 2572 3798 constituentium
2604 3760 2618 3797 :
2671 3744 2755 3798 lue
2789 3744 3062 3812 siquidem
3101 3759 3322 3811 semper
3357 3754 3686 3804 nascuntur,

2112 3835 2417 3888 alteranlur
2451 3875 2465 3896 ,
2526 3835 2580 3888 in
2645 3835 2920 3903 aliamque
2975 3843 3227 3886 naturam
3283 3844 3578 3889 vertuntur
3632 3842 3690 3893 et

2111 3937 2568 3994 corrumpuntur.
2623 3926 2734 3980 Nec
2770 3942 2902 3980 vero
2941 3926 3214 3980 duntaxat
3255 3928 3557 3979 secundum
3602 3926 3685 3993 ip-

2113 4019 2230 4071 sius
2283 4017 2526 4071 materize
2576 4017 2903 4080 ﬂuxionein,
2934 4031 3126 4070 verum
3166 4017 3371 4078 etiam,
3407 4025 3466 4068 ut
3502 4017 3575 4069 ita
3608 4016 3690 4068 loc

2112 4126 2272 4180 quar,
2327 4110 2600 4182 ejusmodi
2651 4109 2864 4180 species
2913 4107 3155 4163 fructum
3210 4109 3372 4162 simul
3421 4110 3688 4163 hauriunt

2111 4198 2358 4267 ejusdem
2385 4199 2694 4254 aﬂ‘ectionis
2721 4210 2776 4253 et
2799 4198 3215 4266 corruptionis;
3246 4210 3298 4252 et
3331 4199 3404 4251 ita
3429 4249 3442 4270 ,
3470 4199 3568 4259 ait,
3599 4217 3687 4252 res

2110 4305 2232 4359 quae
2265 4292 2320 4344 in
2353 4293 2559 4344 mundo
2589 4291 2970 4352 continentur,
3009 4299 3271 4344 recusant
3309 4307 3370 4344 ac
3406 4291 3686 4358 repellunt

2110 4382 2435 4450 dignitatem
2467 4383 2584 4451 ejus
2609 4384 2755 4452 quod
2787 4397 2977 4456 revera
3026 4390 3111 4436 est
3133 4423 3148 4447 ,
3183 4397 3482 4450 veramque
3518 4381 3684 4435 habet

2110 4473 2496 4528 substantiam.
2529 4472 2683 4528 Entis
2708 4481 2892 4528 autem
2919 4473 3158 4544 dignitas
3181 4485 3264 4567 est
3291 4491 3509 4542 semper
3531 4489 3680 4529 esse.

433 4577 609 4621 cunt:
647 4568 901 4636 sequitur
938 4583 1068 4635 ergo
1119 4584 1284 4637 opera
1319 4585 1438 4638 qua
1475 4571 1528 4623 in
1566 4585 1632 4622 eo
1667 4581 1793 4620 sunt
1827 4569 2001 4622 simu-
2037 4583 2081 4637 ο
2111 4563 2204 4616 Ηευ
2249 4562 2437 4617 contra
2482 4566 2695 4633 species
2727 4579 2910 4618 rerum
2943 4579 3054 4618 non
3100 4562 3319 4633 semper
3366 4567 3643 4620 exsistunt
3669 4607 3684 4628 .

437 4654 577 4708 lacra
625 4671 747 4708 esse
795 4671 985 4709 eorum
1037 4671 1158 4723 qua:
1229 4671 1288 4710 re
1336 4657 1449 4726 ipsa
1497 4656 1801 4712 subsistunt
1864 4659 2008 4711 etin

436 4745 528 4799 illo
569 4749 967 4812 continentur;
1019 4762 1129 4800 non
1177 4749 1354 4800 solum
1407 4749 1532 4812 hoc,
1586 4763 1776 4802 verum
1829 4751 2000 4801 etiam

437 4835 700 4906 imagines
726 4847 782 4891 et
825 4837 1115 4891 simulacra
1137 4853 1257 4908 quae
1307 4840 1540 4893 invicem
1578 4840 1722 4892 ultro
1757 4841 2009 4905 citroque

435 4929 539 4982 alia
575 4945 638 4981 ex
677 4929 800 4983 aliis
837 4930 974 4982 liunt
1002 4940 1059 4985 et
1093 4930 1452 5000 contingunt,
1487 4932 1630 4986 idola
1667 4941 1722 4984 et
1757 4933 1871 5000 ipsa
1913 4947 2009 4984 no-

438 5021 668 5074 minant.
717 5020 921 5074 Horum
971 5031 1151 5076 autem
1194 5023 1439 5076 omnium
1478 5023 1788 5093 subjectum
1823 5039 2006 5078 aerem

434 5128 688 5181 capacem
719 5128 840 5167 esse
870 5123 1126 5168 asserunt
1153 5132 1166 5167 :
1203 5115 1371 5168 veluti
1401 5117 1640 5183 exempli
1675 5130 1861 5180 causa,
1896 5131 2009 5167 ser-

436 5219 650 5256 monem
670 5205 1009 5259 ennutiative
1028 5215 1084 5260 et.
1103 5206 1436 5259 articulatim
1466 5205 1879 5266 pronuntiatiun
1908 5206 2008 5258 ini-

435 5295 689 5364 nimeque
719 5306 1028 5351 truncatum
1056 5314 1149 5353 aer
1179 5299 1482 5365 excipiens,
1507 5308 1561 5352 et
1586 5298 1856 5367 seipsum,
1887 5307 2004 5350 tan-

433 5403 594 5453 quam
625 5389 908 5456 speculum
935 5390 1234 5458 quoddam,
1264 5391 1480 5444 occulte
1507 5391 1751 5457 partiens
1783 5391 1834 5443 in
1870 5391 2010 5443 mul-

437 5477 655 5545 tiplices
705 5480 968 5534 transfert
1002 5481 1350 5545 auditiones,
1389 5483 1517 5550 quia
1571 5483 1738 5535 simili
1794 5483 2006 5536 ratione

434 5568 662 5621 allectus
693 5579 778 5624 est
806 5584 928 5623 cum
953 5573 1310 5643 articulorum
1342 5573 2005 5643 vocisquejuncturarum

433 5663 762 5713 constantia.
813 5661 958 5716 Istud
1006 5666 1181 5732 ipsum
1219 5663 1351 5716 facit
1381 5665 1547 5717 etiam
1587 5665 1652 5717 ad
1687 5681 1880 5719 omnes
1911 5679 2008 5718 co-

435 5749 585 5801 lores
608 5791 622 5812 ,
656 5761 993 5821 cunctosque
1028 5770 1295 5824 vapores.
1343 5765 1398 5808 et
1447 5755 1513 5807 ad
1563 5758 1746 5808 omnia
1780 5772 1902 5825 quae
1949 5756 2005 5808 in

437 5843 645 5896 mundo
707 5843 1060 5902 facultatibus
1119 5848 1228 5900 vim
1286 5835 2003 5901 sentiendi'obtinentibus

2113 4669 2216 4707 nec
2260 4653 2329 4707 ab
2379 4670 2488 4709 uno
2537 4666 2782 4725 perstare
2825 4667 3091 4726 possunt,
3136 4658 3231 4711 sed
3275 4662 3524 4727 qua-dam
3569 4661 3688 4713 fue-

2116 4756 2273 4806 runt.
2320 4747 2571 4815 quaedam
2617 4758 2941 4812 nascuntur,
2981 4749 3233 4817 quiedam
3267 4766 3395 4803 vero
3438 4769 3562 4804 esse
3593 4753 3688 4804 de-

2115 4841 2264 4892 bent.
2301 4841 2572 4906 Quocirca
2629 4854 2694 4896 ex
2735 4841 2820 4894 liis
2882 4842 3144 4896 omnibus
3193 4843 3466 4896 ellluentia
3517 4845 3689 4896 simu-

2111 4933 2254 4985 lacra
2304 4934 2485 4986 oinnia
2541 4933 2920 5000 perlustrant,
2970 4945 3259 5003 vagantur,
3312 4943 3366 4986 et
3418 4935 3686 5003 ell'ugiunt

2114 5041 2207 5091 per
2238 5040 2418 5079 aerem
2454 5025 2770 5077 aberrantia
2797 5043 2811 5077 :
2849 5027 2943 5078 sed
2976 5026 3043 5078 ad
3076 5026 3282 5093 aliquid
3314 5027 3680 5095 applicantur,

2114 5116 2353 5185 liuieque
2401 5117 2760 5176 incumbunt,
2807 5125 2862 5169 et
2913 5117 3129 5170 urticam
3181 5117 3429 5169 laborum
3476 5119 3683 5172 relaxa-

2113 5207 2315 5259 tionem
2354 5207 2405 5260 in
2441 5209 2636 5260 anima:
2671 5208 2867 5276 spiritu
2906 5207 3198 5261 fantastico
3230 5207 3550 5272 inveniunt,
3584 5209 3679 5277 qui

2110 5299 2333 5367 quidem
2369 5311 2455 5351 est
2487 5298 2697 5350 idolum
2731 5314 2793 5350 ac
2826 5297 3184 5350 simulacrum
3219 5299 3434 5355 aniune.
3486 5301 3682 5354 Mentis

2109 5391 2333 5459 quidem
2369 5390 2576 5442 idolum
2611 5401 2689 5443 est
2726 5390 2905 5442 anima
2929 5432 2942 5452 ,
2980 5405 3175 5444 rursus
3209 5393 3408 5445 anima.-
3454 5393 3682 5445 simula-

2109 5496 2262 5534 crum
2297 5480 2526 5548 spiritus
2567 5488 2650 5532 est
2697 5481 3045 5534 fantasticus.
3092 5485 3447 5551 Quaecunque
3491 5483 3677 5551 igitur,

2113 5573 2326 5640 inquit.
2368 5572 2512 5625 idola
2542 5571 2872 5654 ellluunt‘ex
2903 5571 2988 5626 his
3032 5589 3154 5641 quae
3202 5575 3462 5635 fuerunt,
3515 5584 3569 5627 et
3614 5591 3686 5628 ex

2110 5665 2196 5718 liis
2229 5680 2348 5733 qua
2382 5672 2684 5718 naSCuntur
2716 5665 3085 5733 oriunturque
3117 5667 3408 5734 perspicue
3437 5680 3500 5720 ac
3530 5666 3684 5721 dilu-

2111 5756 2234 5809 cide
2283 5764 2519 5824 pereunt
2549 5772 2563 5806 :
2597 5771 2721 5825 quae
2752 5771 2886 5810 vero
2918 5757 3230 5812 futurorum
3266 5766 3429 5817 sunt,
3466 5758 3566 5810 ista
3602 5757 3685 5809 in-

2112 5859 2300 5916 certa,
2349 5849 2603 5915 coniectu
2668 5849 2878 5914 ardua,
2933 5853 3166 5906 obscura
3221 5859 3276 5903 et
3325 5850 3687 5918 aenigmaticis
