4102 6294
470 401 574 467 69.3

2473 305 2484 310 -
2503 301 2593 314 -ιοᾎ-

1662 419 2082 482 NiCEPiIORI
2124 424 2506 488 GliEGOli.‘E
3607 435 3702 502 θοι

472 531 577 566 που
627 517 854 586 παριὼν
874 517 1126 598 θεάσαιτο
1157 522 1327 587 ’ἄνθος
1366 497 1708 594 anu-780053;.
1745 529 1902 599 γνοίη
1944 532 2044 602 μὲν
2079 559 2118 610 Α
2225 539 2343 606 Τὴν
2366 541 2576 609 φύσιν.
2611 541 2722 612 Τὴν
2753 543 3122 613 ἀνθρωπίνην.

467 607 539 658 ἂν
577 606 742 670 εὐθὺς
767 609 1099 679 ὅτιικαρπδς
1143 613 1468 681 ἀμυγδαλῆ-ς
1503 616 1930 684 ἐπακολουθήσει
1965 619 2042 687 τῷ

470 699 624 753 ἄνθει
649 713 668 732 ⁶
711 703 808 763 τὰς
845 703 1030 771 μέντοι
1067 706 1384 774 ποιότητας,
1432 708 1524 758 καὶ
1555 708 1614 758 τὸ
1674 709 1924 776 μέγεθος,
1955 713 2048 763 καὶ

471 791 860 862 τελεπφὸρημα
887 793 981 846 τοῦ
1009 796 1224 866 καρποῦ
1261 797 1362 849 οὐκ
1403 797 1464 850 ἂν
1493 799 1817 868 ὡρισμένως
1855 803 2010 868 γνοίη
2031 821 2045 834 ·

470 882 611 936 οὕτω
638 888 732 939 καὶ
761 887 865 940 ὅσα
888 888 948 938 ἐκ
979 888 1086 940 τῶν
1115 888 1422 957 μελλόντων
1439 893 1807 964 ἀπορρέουσιν
1830 893 2048 960 εἴδωλα,

470 976 986 1042 προαπαγγέλλουσι
1031 980 1130 1048 μὲν
1162 983 1242 1034 ὅτι
1280 981 1436 1034 ἔσται
1485 985 1605 1037 τόδε
1638 1001 1688 1037 τι
1717 999 1732 1014 ⁸
1773 987 1832 1038 οὐ
1866 987 2049 1054 μέντοι

469 1068 544 1131 ὡς
577 1070 670 1120 ἐπὶ
697 1070 753 1121 τὸ
783 1070 1037 1125 πλεῖστον
1067 1073 1164 1138 τὴν
1190 1075 1282 1127 τοῦ
1307 1079 1643 1146 πράγματος
1675 1082 1937 1148 ποιότητα
1959 1099 2049 1132 σα-

471 1162 604 1228 φῶς.

545 1252 800 1308 Hiddila.
853 1257 924 1308 ’Ἢ
974 1258 1048 1322 ὡς
1101 1261 1454 1330 χαρακτῆρες
1503 1262 1596 1314 καὶ
1652 1264 1927 1332 ἐκμαγεῖα
1957 1265 2052 1316 καλ

471 1345 654 1401 τύποι.

557 1443 570 1458 '
583 1443 976 1510 Υποστάσεως
989 1485 1002 1498 .
1045 1446 1270 1510 Οὐσίας.

546 1531 668 1600 Τῆς
695 1534 868 1602 ὕλης.
909 1537 980 1588 Ἥ
1012 1537 1086 1600 ὼς
1125 1539 1188 1590 ὲκ
1222 1539 1332 1590 τῶν
1368 1540 1643 1593 συνθέτων
1667 1539 1918 1609 γίνεσθαι
1940 1555 1952 1570 ·
1989 1541 2052 1592 ἐκ

471 1623 565 1674 τοῦ
595 1627 856 1696 ἀπορρεῖν
884 1629 1109 1697 ἐποίησε
1145 1631 1241 1700 τὴν
1273 1631 1495 1702 ἐκροήν.

542 1719 722 1783 Αίρεῖ.
757 1721 824 1772 Ἢ
853 1721 927 1781 ὡς
963 1725 1157 1788 κρατεῖ
1193 1725 1286 1774 καὶ
1322 1706 1559 1793 δέχεται.

555 1813 1067 1880 Ἐξοχετεύεσθαι.
1115 1815 1331 1886 Ἐκρεῖν
1373 1819 1437 1868 ὲκ
1465 1817 1573 1869 τῶν
1607 1817 1880 1870 συνθέτων
1912 1833 2052 1872 κατα
2087 1845 2126 1896 Β

473 1905 572 1972 τὴν
603 1905 755 1972 ὓλην,
787 1910 876 1957 καὶ
915 1908 972 1959 τὸ
1005 1903 1166 1970 εἶδος,
1206 1909 1349 1977 ἅπερ
1381 1909 1552 1977 ἄμφω
1579 1911 1810 1980 τρεπτὰ.

542 1995 662 2049 ιΤοῡ
698 1997 890 2064 ὄντος.
919 1999 1025 2050 Τοῦ
1061 2001 1264 2070 κυρίως
1296 2002 1470 2064 ὄντος.

553 2091 628 2140 Τὰ
661 2093 964 2158 γινόμενα.
1000 2093 1079 2144 Τὰ
1113 2095 1347 2162 τρεπτὰ.

550 2180 799 2232 Toc'vrwr.
855 2182 968 2235 Ἐκ.

464 2293 466 2295 ν
545 2273 1065 2330 Διολισθαίνοντα.
1119 2277 1504 2348 ’Λστοχοῦντα.

548 2363 630 2430 Τῇ
657 2381 720 2417 τε
747 2367 1042 2434 domat/gr.
1078 2369 1252 2422 Τύποι
1301 2371 1410 2441 γὰρ
1441 2371 1611 2425 ὄντων
1651 2373 1745 2425 καὶ
1777 2373 1952 2440 σκιαὶ,
1993 2375 2052 2426 οὗ

481 2457 588 2523 μὴν
627 2455 777 2510 ὄντα.

556 2549 679 2604 Τῶν
714 2551 924 2608 ὄντων.
960 2555 1082 2609 Τῶν
1110 2557 1312 2628 κυρίως
1351 2560 1541 2614 ὄντων.

561 2646 1114 2714 Ἐπιγινὼσκεσθαι.

477 2735 722 2790 ἐκείνων.

557 2828 687 2894 Τοῖς
711 2832 1018 2900 ψυχικοῖς.
1043 2835 1171 2899 Τοῖς
1205 2845 1611 2906 φανταστικοῖς.

543 2921 850 2990 Εἱδώλοις.
887 2919 965 2997 Ἶιῐ
1000 2929 1088 2981 καὶ
1114 2930 1353 3000 πρόσθεν
1383 2933 1512 3004 ἔφη.

1191 2651 1279 2716 Ὠς
1346 2653 1605 2723 ἀλλότρια
1671 2654 1770 2724 τῆς
1843 2653 2056 2724 φύσεως

479 3096 809 3152 velamentis
852 3099 1068 3155 obtecta
1118 3113 1271 3158 sunt.
1316 3103 1792 3172 Quemadmodum
1827 3109 1976 3165 enim
2009 3109 2053 3166 si

2161 655 2168 662 ο
2231 631 2356 708 Τῷν
2381 635 2499 702 μὲν
2530 631 2664 690 οὖν.
2701 636 2914 707 Ὥσπερ
2943 638 2979 706 ή
3013 637 3114 706 ἤδη
3159 637 3416 706 γινομένη
3455 640 3592 691 οἰκία
3618 641 3704 708 οὐκ

2152 721 2301 775 ἔστιν
2330 724 2408 778 ὃν.
2432 725 2568 778 Οὐδὲ
2595 726 2705 796 γὰρ
2728 728 2806 790 εἰς
2839 727 3045 780 τελείαν
3071 724 3234 798 ἦλθεν
3260 726 3491 797 ὓπαρξιν
3511 745 3524 757 ·
3549 729 3703 792 οὕτως

2153 817 2364 882 εἰκάζει
2429 818 2660 872 ἐνταῦθα
2709 820 2801 874 καὶ
2847 821 2876 872 ὁ
2929 821 3208 884 Συνέσιος,
3258 821 3352 872 καὶ
3397 817 3706 890 διεξέρχεται

2155 906 2190 960 ἃ
2225 925 2412 980 φησιν.
2441 905 2569 964 οἷον
2600 911 2691 963 τὸν
2721 911 3009 981 ἄνθρωπον
3044 912 3246 982 δηλαδὴ
3287 912 3475 982 μέχρις
3515 913 3578 966 ἂν
3627 912 3707 982 ζῇ,

2153 999 2446 1069 γινόμενον
2499 1003 2736 1072 πρᾶγμα
2774 1001 3052 1070 λογίζεται
3078 1017 3090 1032 ·
3122 1003 3246 1056 ὅταν
3299 1003 3356 1056 δὲ
3407 1002 3707 1072 τελευτήσῃ,

2155 1091 2277 1144 τότε
2307 1093 2584 1161 λογίζεται
2614 1094 2779 1146 αὐτὸν
2805 1096 2918 1162 ἀπη
2930 1093 3216 1164 ρτισμένον
3238 1093 3298 1147 ὃν
3328 1093 3575 1165 ἐνεργείᾳ
3598 1095 3708 1164 ἥδη,

2155 1182 2232 1246 ὠς
2263 1187 2615 1254 παυσάμενον
2645 1184 2741 1238 τοῦ
2768 1185 3042 1252 γίνεσθαι,
3073 1185 3167 1240 καὶ
3197 1184 3348 1250 τέλος
3377 1184 3598 1239 λαϐόντα
3625 1183 3710 1238 τοῦ

2153 1275 2386 1346 δυνάμει
2417 1279 2573 1340 δντος
2603 1281 2919 1348 πρότερον.·

2236 1369 2474 1437 Ἐμϐιά.
2507 1371 2713 1425 Ζῶντα.

2241 1467 2544 1533 Ἀτελοῦς.
2576 1468 2796 1534 Ἀτελὲς
2843 1469 2953 1540 γὰρ
2983 1469 3045 1522 τὸ
3091 1467 3308 1539 μέλλον,
3341 1466 3432 1521 διὰ
3470 1465 3529 1520 τὸ
3561 1465 3714 1534 μήπω

2155 1559 2235 1620 είς
2265 1559 2481 1626 γένεσιν
2518 1559 2716 1630 ἐλθεῖν.

2228 1649 2358 1706 ΡΑῦ.
2410 1651 2535 1706 150.
2583 1653 3016 1724 Ἐξαλλόμενα.
3081 1653 3215 1707 ’Λπὸ
3265 1650 3579 1724 μεταφορᾶς
3620 1648 3716 1701 τῶν

2156 1742 2364 1796 ἀνθέων
2388 1742 2424 1796 ἃ
2464 1746 2570 1814 πρὸ
2601 1747 2712 1799 τῶν
2741 1749 2972 1816 καρπῶν
3007 1747 3340 1812 ἐξάλλονται.

2241 1835 2360 1888 Ἀπ’
2385 1839 2592 1892 αὐτοῦ.
2623 1839 2719 1909 Γρ.
2751 1841 2840 1894 ἐπ’
2871 1839 3060 1893 αὑτοῦ.

2239 1923 2391 1978 Ἀλλ’
2435 1923 2573 1994 ἤδη.
2627 1927 2913 1982 Ἐντεῦθεν
2940 1930 3167 2000 ἄρχεται
3205 1929 3480 1983 διδάσκειν
3511 1925 3621 1988 πῶς
3648 1923 3720 1977 δεῖ

2157 2019 2714 2088 προπαρασκευάζειν
2749 2020 2974 2085 ἑαυτοὺς
3006 2024 3086 2084 εἰς
3117 2019 3386 2092 ὑποδοχὴν
3425 2019 3518 2089 τῆς
3543 2019 3718 2088 τέχνης

2156 2112 2257 2178 τῆς
2285 2107 2353 2160 δι’
2379 2107 2607 2180 ὀνείρων
2639 2115 2935 2182 μαντικῆς.

2234 2198 2302 2252 Τὸ
2339 2199 2604 2271 πνεῦμα.
2639 2202 2712 2254 Τὸ
2747 2203 3138 2270 φανταστικόν.

2238 2291 2434 2358 Τροφὴ
2470 2292 2559 2346 δέ.
2595 2293 2850 2346 Διδάσκει
2885 2295 3005 2358 πῶς
3045 2295 3128 2348 δεῖ
3155 2295 3380 2364 τρέφειν
3421 2293 3516 2347 καὶ
3551 2291 3720 2356 αὒξειν

2157 2384 2257 2452 τὴν
2289 2386 2486 2453 τέχνην
2513 2384 2612 2452 τῆς
2649 2384 2772 2439 καθ’
2818 2383 2984 2438 ὕπνον
3032 2387 3322 2456 μαντικῆς.
3377 2385 3540 2453 Λέγει
3579 2383 3620 2436 δ’
3646 2385 3722 2433 ὅτι

2157 2477 2246 2530 διὰ
2276 2478 2615 2547 φιλοσοφίας,
2657 2479 2778 2548 ἦτοι
2808 2479 3040 2549 μελέτης
3075 2463 3332 2540 θανάτου,
3373 2479 3468 2532 καὶ
3512 2477 3596 2529 διὰ
3637 2491 3719 2540 με·

2157 2571 2318 2638 τριας
2344 2569 2582 2639 διαίτης.
2615 2571 2800 2624 Ταῦτα
2829 2571 2939 2642 γάρ
2974 2573 3091 2623 ἐστι
3139 2570 3356 2642 χαλινὸς
3395 2569 3504 2622 τῶν
3548 2563 3723 2618 παθῶν

2162 2661 2253 2713 καὶ
2281 2661 2540 2729 ἀκινησία
2571 2679 2674 2724 τις.
2711 2661 2772 2716 Ἦ
2799 2663 2854 2716 δὲ
2883 2665 3290 2732 άσωφρονιστος
3321 2663 3414 2715 καὶ
3442 2660 3723 2717 ἀκόλαστος

2159 2752 2339 2805 δίαιτα
2372 2751 2640 2818 κλύδωνα,
2671 2754 2825 2824 φησὶ,
2854 2757 2948 2808 καὶ
2975 2754 3146 2825 ζάλην
3174 2755 3399 2824 ἐμποιεῖ
3423 2751 3498 2821 τῷ
3523 2750 3726 2820 ἐσχάτῳ

2162 2843 2399 2914 σώματι,
2451 2845 2588 2913 ὅπερ
2642 2847 2735 2898 καὶ
2786 2841 2940 2910 οὗτος
2989 2845 3302 2899 ἀκολουθῶν
3355 2843 3437 2914 τῷ
3493 2843 3726 2910 Πλάτωνι

2158 2935 2464 3006 ὀστρεῶδες
2518 2935 2622 3006 ἔφη
2683 2936 3044 3008 περίδλημα⁶
3091 2936 3153 2989 τὸ
3191 2936 3236 2988 δ’
3283 2937 3354 2990 αὖ
3402 2933 3560 3006 σῶμα
3595 2927 3727 2984 κατὰ

2163 3114 2389 3185 jamjam
2418 3112 2670 3168 exoritur
2720 3123 2778 3167 et
2809 3111 3077 3183 emergit,
3107 3127 3219 3167 non
3249 3119 3334 3166 est
3377 3124 3516 3166 ens:
3559 3117 3726 3174 neque

481 3190 605 3258 quis
659 3192 833 3244 viator
889 3196 1216 3262 praeteriens
1266 3199 1536 3267 amygdali
1589 3201 1780 3257 liorem
1826 3218 2057 3272 conspe-
2087 3173 2133 3233 θ
2163 3173 2315 3259 enim
2345 3203 2401 3257 in
2431 3202 2732 3270 perfectam
2765 3203 2999 3272 suisque
3039 3201 3299 3256 omnibus
3345 3197 3595 3269 partibus
3635 3189 3726 3245 ab-

481 3283 626 3336 xcrit
647 3324 662 3348 ,
691 3285 845 3336 novit
871 3289 1136 3340 continuo
1163 3290 1289 3358 quia
1322 3291 1536 3348 fructus
1563 3295 1832 3365 amygdali
1863 3294 2056 3349 ﬂorem

483 3370 887 3437 subsequitur:
936 3371 1258 3441 qualitatem
1291 3389 1441 3433 certe
1470 3421 1485 3444 ,
1525 3383 1958 3452 magnitudinem
2004 3391 2060 3438 ct

483 3459 704 3530 frugum
737 3464 1137 3532 perfectionem
1169 3472 1755 3542 opportunitateinque
1792 3475 1938 3528 haud
1970 3475 2062 3528 dc-

487 3551 642 3605 tinite
677 3555 850 3608 novit.
888 3555 1043 3610 Hunc
1077 3557 1130 3612 in
1166 3560 1390 3615 modum
1441 3578 1788 3634 quaecunque
1834 3565 2061 3620 simula-

486 3659 580 3696 cra
610 3660 638 3698 e
692 3647 856 3701 rebus
906 3648 1108 3704 futuris
1150 3655 1365 3728 tltuint,
1415 3659 1789 3726 praenuntiant
1838 3657 2058 3728 quidem

487 3737 770 3808 quidpiam
819 3737 1185 3810 eventurum,
1241 3763 1350 3801 non
1407 3759 1585 3804 tamen
1641 3760 1708 3806 ut
1763 3751 2059 3821 plurimum

486 3841 676 3900 aperte
715 3833 792 3886 rei
827 3835 1174 3902 qualitatem.

557 3923 849 3994 Imagines.
879 3925 946 3981 Ut
971 3937 1099 3981 sunt
1121 3913 1491 3998 characteres,
1516 3934 1810 3990 simulacra
1839 3946 1896 3990 ct
1923 3937 2058 4008 typi.

557 4016 864 4088 Ilypostasi.
899 4019 939 4072 E
969 4034 1065 4074 sua
1097 4023 1336 4078 essentia
1368 4035 1424 4079 et
1457 4036 1676 4080 natura.

557 4109 811 4165 Materia.
863 4109 976 4167 Hoc
1019 4123 1102 4167 est
1123 4155 1140 4180 ,
1171 4129 1237 4169 ex
1271 4117 1593 4186 compositis
1627 4116 1773 4173 ﬁeri.
1805 4117 1883 4174 Eo
1913 4119 2060 4188 quod

483 4201 696 4258 decidit
727 4218 790 4257 ac
817 4203 1103 4272 dilabitur,
1137 4203 1370 4276 lapsum
1391 4209 1539 4264 facit.

553 4297 854 4354 Couvincit.
887 4298 1056 4365 Quasi
1090 4299 1354 4368 superior
1385 4303 1605 4366 evadit,
1638 4313 1696 4359 et
1723 4304 1987 4362 admittit.

551 4389 881 4462 Trausforri.
915 4389 1152 4445 Emuere
1190 4405 1260 4444 ex
1307 4393 1650 4462 compositis,
1686 4409 1954 4466 quantum
1993 4401 2061 4454 ad

2161 3302 2403 3352 solutam
2436 3305 2691 3352 naturam
2741 3296 2937 3350 venit:
2991 3293 3069 3348 ita
3105 3294 3199 3348 hic
3240 3293 3406 3346 etiam
3460 3292 3729 3356 comparat

2161 3389 2426 3462 Synesius
2455 3399 2512 3444 et
2541 3397 2796 3444 recenset
2819 3403 2885 3442 ea
2918 3401 3041 3455 qua:
3073 3385 3229 3443 dicit.
3263 3381 3516 3452 Exempli
3549 3391 3726 3480 causa.

2162 3482 2308 3538 haud
2343 3481 2508 3536 dubie
2541 3481 2820 3536 hominem
2851 3477 3095 3550 quandiu
3124 3477 3282 3542 vivit,
3337 3487 3400 3532 ut
3419 3487 3530 3529 rem
3563 3477 3731 3528 const-

2162 3581 2398 3630 stentem
2436 3569 2749 3627 considerat
2783 3589 2798 3626 :
2850 3569 2946 3625 sed
2978 3579 3332 3641 posteaquam
3365 3574 3597 3622 mortem
3615 3571 3728 3616 cum

2161 3668 2273 3722 vita
2319 3665 2711 3730 eommutarit,
2745 3675 2882 3719 tunc
2933 3663 3090 3719 illum
3152 3659 3448 3732 perpendit
3487 3667 3731 3711 consum-

2164 3771 2395 3823 matum,
2429 3757 2632 3828 et,jam
2663 3765 2748 3811 est
2775 3770 2877 3810 ens
2903 3753 2958 3810 vi
2989 3751 3237 3817 occulta,
3266 3749 3440 3806 veluti
3471 3751 3646 3812 cesset
3673 3753 3732 3792 ac

2164 3851 2394 3909 desistat
2423 3849 2494 3904 ab
2529 3849 2806 3914 essentia,
2861 3855 2918 3904 et
2969 3843 3508 3902 consummationem
3562 3839 3733 3892 sumat

2163 3947 2283 4017 ejus
2332 3945 2480 4016 quod
2521 3943 2674 4012 prius
2705 3941 2948 4013 potentia
2980 3949 3118 3994 erat.

2243 4037 2566 4093 Vivaciores.
2598 4035 2864 4092 Viventes
2884 4076 2899 4101 ,
2935 4033 3285 4105 superstites.

2238 4130 2460 4186 Natura:
2511 4131 2852 4200 imperfectae.
2911 4125 3307 4196 Imperfectum
3359 4133 3449 4181 est
3491 4122 3638 4178 enim
3685 4115 3732 4170 id

2165 4222 2312 4296 quod
2349 4222 2598 4277 futurum
2651 4229 2774 4286 est,
2831 4228 3129 4290 propterea
3181 4215 3330 4287 quod
3387 4215 3632 4271 nondum
3684 4209 3734 4262 in

2163 4318 2440 4387 originem
2469 4315 2646 4370 venit.

2241 4408 2582 4464 Eminentia.
2617 4409 2662 4460 Α
2689 4405 2919 4460 ﬂoribus
2953 4403 3282 4473 deprompta
3314 4410 3400 4456 est
3423 4401 3540 4456 haec
3573 4406 3737 4452 mcta-

489 4483 772 4536 materiam
816 4492 872 4536 et
901 4481 1178 4552 speciem.
1217 4498 1340 4552 qua:
1372 4485 1594 4554 quidem
1637 4489 1804 4582 ambo
1849 4491 2061 4562 fragilia
2095 4507 2140 4564 ι)
2167 4497 2341 4569 phora
2364 4535 2380 4561 ,
2412 4498 2508 4568 qui
2539 4504 2664 4551 ante
2697 4497 2912 4550 {ructus
2939 4493 3204 4547 exsiliunt
3231 4503 3286 4546 et
3313 4496 3638 4582 erumpunt.

488 4581 616 4628 sunt
653 4567 964 4628 eLt-aduca.

561 4663 693 4733 Ejus
719 4663 857 4734 quod
885 4673 982 4719 est.
1011 4663 1110 4718 Rei
1141 4679 1263 4734 quae
1291 4669 1516 4738 proprie
1541 4679 1628 4726 est
1657 4671 1711 4727 in
1741 4689 1928 4730 rerum
1961 4692 2060 4731 na-

493 4763 638 4810 tura.

565 4847 698 4914 Qum
727 4853 991 4908 eveniunt.
1033 4854 1164 4920 ρυω
1191 4865 1324 4910 sunt
1355 4855 1608 4912 interltui
1639 4857 1876 4914 obnoxia
1902 4897 1919 4925 ,
1949 4859 2064 4916 fra-

491 4940 620 5010 gilia
642 4981 658 5004 ,
691 4945 1000 5000 mutabilia.
1037 5001 1044 5010 ,

567 5033 906 5106 ΕίῙιιρὶειιιεε.
937 5041 978 5094 A
1007 5055 1178 5112 scopo
1208 5041 1555 5100 aberrantes.
1969 5091 1972 5096 ι

563 5127 634 5180 Ει
660 5131 1031 5186 inrertimdine
1055 5133 1392 5190 substantiw.
1422 5135 1562 5190 Cum
1590 5134 1700 5189 sint
1724 5133 1838 5206 typi
1865 5149 1928 5191 ac
1955 5138 2068 5190 for-

494 5237 596 5276 mae
623 5239 813 5278 eorum
834 5241 954 5294 qua:
976 5237 1106 5282 sunt
1133 5230 1184 5282 in
1207 5243 1390 5284 rerum
1415 5237 1608 5282 natura
1631 5237 1686 5283 et
1709 5228 1936 5294 umbra,
1957 5243 2068 5282 non

501 5324 682 5368 tamen
711 5319 1004 5372 exsistunt.
1387 5365 1400 5370 -

567 5407 766 5463 Eorum
798 5426 916 5480 qua:
945 5421 1088 5466 siml.
1117 5413 1248 5479 Quae
1277 5414 1455 5482 reipsa
1484 5421 1540 5469 ct
1559 5428 1658 5482 per
1684 5428 1744 5468 sc
1772 5413 2066 5470 exsistunt.

567 5500 962 5570 Agnoscantur.
993 5505 1274 5574 Tanquam
1303 5507 1497 5562 alienae
1529 5516 1586 5562 et
1613 5505 1976 5562 abhorrentes
2001 5507 2068 5560 ab

501 5591 717 5650 illorum
748 5608 970 5652 natura.

570 5685 634 5740 In
665 5691 948 5745 animales.
986 5691 1042 5744 In
1075 5692 1305 5759 spiritus
1335 5693 1762 5763 imaginationis.

574 5777 640 5831 In
679 5792 898 5837 natura.
931 5785 1204 5839 Iliunana.

573 5871 732 5940 Atqui
769 5878 932 5932 ιιι-[δίε
971 5895 1106 5948 qum.
1153 5877 1624 5946 Quemadmodum
1671 5881 1904 5948 domus,
1951 5897 2071 5952 qua:

2241 4588 2374 4643 Inde
2405 4587 2832 4658 proﬁciscuntur.
2865 4585 2948 4642 Ab
2981 4599 3048 4639 eo
3079 4583 3278 4653 Spiritu
3314 4581 3636 4636 fantastico.

2239 4679 2346 4736 Sed
2389 4680 2508 4750 jam
2543 4678 2747 4748 aliquid
2784 4677 2847 4731 de
2886 4685 3003 4731 arte
3041 4678 3340 4730 dicendum.
3390 4675 3533 4730 Hinc
3587 4687 3736 4726 exor-

2170 4771 2323 4828 ditur
2373 4773 2601 4836 docere,
2632 4786 2744 4840 quo
2793 4778 2956 4838 pacto
3013 4768 3384 4837 nosmetipsos
3443 4775 3738 4836 praeparare

2171 4871 2430 4933 Oporteat
2459 4861 2528 4916 ad
2541 4861 2975 4930 susceptionem
3007 4861 3145 4913 artis
3177 4856 3509 4922 divinandi,
3538 4868 3658 4924 qua}
3687 4849 3738 4902 ﬁt

2171 4969 2272 5027 per
2302 4954 2539 5009 somnia.

2243 5047 2531 5116 Spiritum.
2573 5045 2972 5102 Fantasticum.
3733 5121 3736 5123 ἓ

2243 5140 2461 5196 Pastas.
2499 5141 2668 5195 Docet
2713 5155 2821 5209 qua
2865 5138 3125 5194 methodo
3168 5153 3350 5208 opera:
3369 5137 3614 5208 pretium
3663 5137 3738 5184 est

2173 5235 2429 5288 enutrirc
2459 5241 2515 5288 et
2545 5247 2752 5302 augere
2779 5243 2952 5288 artem
2981 5233 3348 5286 divinationis
3375 5228 3736 5285 somniorum.

2173 5325 2385 5380 Asserit
2431 5335 2616 5380 autem
2667 5325 2719 5379 id
2743 5325 2860 5378 fieri
2909 5325 3113 5379 debere
3165 5341 3263 5395 per
3295 5321 3737 5393 philosophiam,

2175 5420 2378 5490 quippe
2404 5435 2527 5489 quae
2553 5419 2748 5473 mortis
2779 5418 3067 5474 meditatio
3094 5427 3212 5484 est,
3241 5427 3298 5473 et
3325 5432 3424 5488 per
3455 5417 3738 5470 molestum

2175 5523 2232 5568 et
2283 5513 2493 5580 frugale
2543 5513 2670 5567 vita:
2693 5513 3024 5568 institutum.
3077 5511 3181 5567 Ista
3203 5515 3350 5568 enim
3405 5521 3539 5564 sunt
3581 5501 3738 5560 veluti

2155 5608 2330 5662 .l‘reua
2360 5606 2662 5660 affectuum
2695 5616 2750 5660 et
2789 5607 3131 5676 appetituum
3153 5647 3166 5670 ,
3195 5616 3361 5675 atque
3393 5599 3743 5658 immobilitas

2177 5700 2450 5770 quaedam.
2503 5700 2572 5753 At
2611 5701 2974 5768 incomposita
2999 5739 3014 5763 ,
3061 5712 3318 5768 proterva
3357 5707 3416 5751 et
3450 5694 3741 5751 libidinosa

2179 5791 2398 5846 vivendi
2431 5791 2568 5844 ratio
2589 5833 2604 5858 ,
2635 5791 3046 5846 ﬂuctuationem
3071 5832 3085 5853 ,
3119 5792 3228 5851 ait,
3263 5805 3326 5844 ac
3357 5795 3738 5856 tempestatem

2183 5887 2238 5938 in
2277 5891 2526 5939 extremo
2563 5899 2794 5954 corpore
2837 5885 3144 5954 ingenerat.
3199 5881 3352 5948 Quod
3395 5879 3620 5948 quidem
3657 5873 3740 5926 ille
