4102 6294
229 401 326 464 637

1102 408 1422 469 scaeua
1465 409 1546 469 IN
1586 375 1972 467 SYNESIUM
2013 403 2110 463 DE
2154 401 2578 462 INSOMNIIS.

3352 404 3458 465 638

229 515 416 583 εφεξῆς
455 515 682 581 ὁμοίως·
722 517 842 570 ὅθεν
867 518 972 570 ὑπὸ
1025 523 1120 574 τοῦ
1176 523 1305 585 Διὸς
1353 521 1784 592 κεραυνωθέντες
1816 524 1871 618 A\
1970 514 2160 570 Οὐδὲν
2192 513 2300 584 γὰρ
2328 513 2536 579 οὕτως.
2579 511 2746 566 Οὐδὲν
2789 512 2896 579 γὰρ
2946 510 3133 618 ἕτερον
3180 511 3287 618 τῶν
3336 513 3459 562 ὲνυ-

228 614 254 659 ά
265 607 518 661 πώλοντο.

297 702 360 751 Οἱ
400 700 518 768 μὲν
563 696 699 756 οὖν.
756 704 818 757 Ol
869 704 961 757 τοῦ
994 705 1239 771 Ἀλωέως
1276 709 1465 768 παῖδες
1493 703 1657 771 Ὦτος
1697 708 1791 760 καὶ

229 790 514 859 ’Ἐφιάλτης
548 795 698 863 παρὰ
729 795 823 847 τοῦ
861 798 980 860 Διὸς
1013 798 1434 866 κεραυνοῦνται.

297 884 465 949 Ὀρη.
496 884 705 937 Ὄσσαν
736 887 831 940 καὶ
856 888 918 940 τὸ
951 889 1375 956 Πήλιον.Ταῦτα
1404 890 1513 960 γὰρ
1541 891 1641 959 ὅρη
1665 890 1792 958 περὶ

227 973 542 1028 Θετταλίαν.
587 975 836 1047 Ὄμηρος
882 978 938 1032 δέ
1001 997 1134 1049 φησι
1184 981 1243 1032 ὲν
1272 981 1578 1048 Ὀδυσσείᾳ,

207 1094 209 1096 ’
233 1084 468 1140 Ὄσσαν
495 1087 590 1140 ἐπ’
626 1089 916 1159 Ὀλύμπῳ
936 1091 1220 1162 μέμασαν
1248 1092 1448 1162 θέμεν,
1484 1093 1672 1158 αὐτὰρ
1700 1093 1792 1162 ἐπ’

1498 1165 1659 1216 Ὀσσ

230 1230 456 1301 Πήλιον
497 1231 957 1299 εἰνοσίφυλλον,
984 1231 1063 1283 ἵν’
1091 1235 1348 1301 οὐρανὸς
1387 1161 1792 1302 ἀμϐαίίνῖἵΐέίη.

307 1343 565 1411 Ἰκάρου.
607 1345 666 1396 '0
699 1345 754 1398 δὲ
784 1345 1009 1415 Ἴκαρος
1035 1347 1326 1417 ἄνθρωπος
1355 1343 1424 1417 ἦν
1464 1349 1557 1401 καὶ
1587 1347 1751 1409 αὑτός
1776 1365 1789 1378 ·

231 1433 501 1502 ἠϐουλήθη
530 1435 585 1487 δὲ
629 1435 730 1502 τὴν
754 1436 1127 1506 ἀστρονομίαν
1162 1437 1376 1506 μαθεῖν,
1404 1439 1498 1490 καὶ
1523 1439 1657 1501 τοὺς
1682 1439 1794 1491 τῶν

229 1526 475 1594 ἀστέρων
526 1525 798 1596 δρόμουςο
853 1528 927 1598 μὴ
972 1530 1275 1597 δυνάμενος
1333 1530 1390 1582 δὲ
1441 1532 1642 1602 ῥᾳδίως
1701 1534 1796 1594 τὰς

228 1616 336 1666 τῶν
374 1615 550 1682 λόγων
578 1616 883 1681 ἀποδείξεις
917 1619 1180 1683 συνιέναι,
1219 1622 1422 1673 ἀπεῖπε
1465 1623 1669 1691 μεταξὺ
1695 1623 1796 1687 τῆς

233 1707 524 1776 μαθήσεως
547 1723 561 1738 ·
599 1709 690 1764 διὰ
729 1709 886 1764 τοῦτο
917 1712 1199 1782 ὲμυθεύθη
1227 1715 1310 1766 ὅτι
1353 1716 1796 1784 προσεκόλλησεν

229 1799 410 1869 ἑαυτῷ
454 1784 671 1871 κήρινιί
700 1803 899 1871 πτερὰ,
941 1805 1026 1857 ἵνα
1064 1805 1308 1875 πετασθῇ
1354 1808 1491 1875 πρὸς
1529 1807 1792 1875 οὐρανόν·

233 1891 438 1958 μεταξὺ
485 1893 542 1946 δὲ
583 1895 683 1963 τῆς
727 1897 983 1965 πτήσεως
1028 1896 1124 1949 τοῦ
1175 1898 1330 1965 ἡλίου
1389 1899 1794 1968 προσϐαλόντος

229 1984 377 2052 αὐτῷ
427 1985 808 2056 σφοδρότερον,
838 1989 1117 2055 ἐτάκησαν
1153 1991 1251 2058 μὲν
1281 1991 1348 2043 τὰ
1397 1991 1596 2060 πτερὰ,
1635 1993 1798 2054 αὐτὸς

228 2077 284 2129 δὲ
311 2079 621 2131 ἐπεπτώκει
650 2082 708 2131 ἐν
738 2073 784 2149 ᾧ
818 2081 976 2150 μέρει
1009 2083 1111 2150 τῆς
1147 2082 1426 2153 θαλάσσης
1457 2083 1671 2154 ἔτυχεν,
1703 2085 1797 2151 ἀφ’

227 2163 293 2223 οὗ
320 2171 504 2225 καὶτὸ
542 2172 782 2240 πέλαγος
822 2172 1030 2244 ἐκλήθη
1075 2172 1308 2244 Ἰκάριον
1334 2193 1348 2207 '
1399 2177 1799 2247 εὐτυχεστέραν

230 2258 324 2315 οὖν
375 2281 508 2335 φησι
559 2265 657 2336 τὴν
706 2266 943 2336 πτῆσινο
990 2269 1086 2321 καὶ
1130 2251 1316 2321 πεσὼν
1371 2269 1567 2336 ὲπνίγη
1625 2269 1682 2320 ὲν
1727 2265 1799 2338 τῇ

230 2356 496 2428 θαλάσσῃ.

315 2447 672 2516 Ὀρωμένηικ
709 2448 820 2520 Τὴν
849 2449 979 2518 γῆν.

305 2541 682 2608 Σημαίνεται.
716 2541 790 2612 Ση
799 2541 1065 2612 μειοῦται.

303 2634 602 2687 Χαλεπόν.
629 2628 802 2687 Εἶναι.

307 2726 670 2794 Λεγόμενον.
707 2726 861 2795 Μεθη
872 2725 938 2794 μέ
948 2743 1070 2796 ραν.

308 2817 565 2872 Γίνεται.
619 2816 706 2867 Ἐν
733 2815 944 2880 ὕπνοις.
1370 2878 1373 2880 _

308 2908 468 2963 Μετὰ
513 2907 624 2977 γὰρ
667 2911 903 2978 μικρόν.
937 2909 1007 2960 Ἦ
1059 2908 1136 2973 ὡς
1163 2913 1377 2981 ’ἑνιαχῆ
1419 2913 1527 2983 γὰρ
1576 2915 1668 2966 ἐπὶ
1702 2915 1807 2981 γῆς

237 2998 574 3068 εὑρίσκεται.
605 2999 820 3076 υθγὰρ
856 2998 1151 3068 ἀπεδήμει,
1187 2999 1277 3053 ἵνα
1300 2999 1488 3070 φῶμεν
1522 3001 1604 3054 ὅτι
1641 2996 1807 3071 ἢλθεν

229 3094 327 3144 ἐπὶ
357 3092 479 3160 γῆς.

1893 607 2063 659 πνίων
2110 606 2240 659 ἴδιον
2280 606 2354 668 ὡς
2406 606 2467 657 τὸ
2511 604 2707 672 κλέψαι
2733 605 2826 656 τὸν
2866 603 3075 673 μεταξὺ
3113 603 3327 672 χρόνον,
3361 605 3457 654 καὶ

1891 697 2134 765 άχρὸνως
2172 697 2343 760 δεῖξαι
2379 696 2448 749 τὰ
2493 698 2590 750 σὺν
2621 697 2798 767 χρόνῳ
2830 697 2922 749 καὶ
2957 696 3107 763 πόνῳ
3151 693 3457 761 τελούμενα

1889 791 2004 850 τοῖς
2048 789 2432 858 ἐγρηγορόσιν,
2491 785 2602 841 οἷον
2666 790 2967 858 χρημάτων
3025 788 3243 855 κτῆσιν,
3293 786 3460 838 οἴκων

1891 879 2266 938 πολυτέλειαν,
2298 880 2491 947 σοφίας
2537 882 2879 950 περιουσίαν,
2911 871 3144 942 διάλεξιν
3183 878 3314 948 πρὸς
3356 880 3457 944 ἀγ·
3503 903 3512 910 ·

1893 969 2105 1037 τέλους,
2128 972 2219 1021 καὶ
2253 971 2351 1022 ὅσα
2381 972 2631 1026 τοιαῦτα.

1965 1059 2089 1127 Τὴν
2112 1062 2388 1129 βληχήν.
2417 1064 2530 1131 Τὴν
2559 1063 2667 1116 τῶν
2693 1065 3002 1136 προϐάτων.

1963 1151 2194 1218 Φωνήν.
2237 1155 2370 1208 Ἕνα
2378 1153 2440 1225 ρθ
2448 1173 2561 1224 ρον.

1976 1244 2364 1300 Ὑποθέσεων.
2396 1248 2516 1301 Τῶν
2553 1251 2610 1300 ὲν
2646 1248 2858 1313 ὕπνοις.

1971 1337 2113 1402 Τοὺς
2146 1339 2388 1406 λόγους.
2423 1339 2496 1392 Τὸ
2526 1341 2909 1411 λογογραφεῖν.

1976 1429 2126 1498 Ἐγὼ
2169 1429 2278 1499 γὰρ
2315 1429 2496 1500 οἶμαι.
2532 1436 2643 1487 Καὶ
2682 1435 2787 1504 γὰρ
2841 1435 2945 1488 κάν
2977 1436 3092 1496 τοῖς
3143 1432 3332 1493 ’ὑπνοις
3376 1433 3464 1484 δο-

1896 1519 2088 1573 κοῦσιν
2117 1523 2351 1591 ὁρᾶσθαι
2391 1525 2488 1576 καὶ
2525 1525 2660 1578 ἄλλα
2705 1525 2822 1588 ζῶα
2852 1526 3115 1587 πολλάκις
3154 1524 3464 1592 ἀνθρώποις

1895 1612 2280 1682 διαλεγόμενοι,
2315 1616 2413 1668 καὶ
2463 1616 2609 1683 φυτά
2655 1617 3027 1685 μεθιστάμενα
3076 1614 3463 1683 αὐθορμήτως,

1899 1704 1995 1756 καὶ
2047 1704 2326 1775 ἄνθρωποι
2379 1707 2538 1776 δίκην
2593 1709 2814 1776 πτηνῶν
2881 1709 3199 1776 ίπτάμενοι,
3251 1709 3346 1759 καὶ
3406 1705 3469 1756 τὸ

1903 1798 2088 1866 σχῆμα
2140 1801 2277 1866 πρὸς
2325 1799 2496 1868 ἄλογα
2541 1799 2976 1866 μεταϐάλλοντες
3026 1797 3160 1860 ζῶα,
3195 1798 3289 1850 καὶ
3332 1797 3468 1850 ἄλλα

1905 1889 2075 1959 μυρία
2109 1889 2357 1960 θεάματα
2380 1888 2683 1962 τερατώδη.
2703 1893 2872 1963 Φησὶν
2903 1887 2996 1946 οὖν
3030 1892 3111 1944 ὄτι
3143 1894 3236 1944 καὶ
3266 1890 3315 1943 οἱ
3342 1889 3467 1950 τοὺς

1901 1983 2103 2050 μύθους
2132 1983 2442 2046 πλάσαντες
2464 1985 2704 2054 ἀρχῆθεν
2729 1987 2793 2036 ὲκ
2825 1987 2934 2038 τῶν
2967 1985 3151 2037 ὕπνων
3180 1984 3338 2053 ἔσχον
3369 1982 3466 2043 τὰς

1897 2077 2178 2145 ἀφορμάς.
2217 2077 2304 2140 Ὡς
2337 2077 2444 2147 γὰρ
2482 2080 2514 2146 ἡ
2543 2077 2648 2129 τῶν
2685 2076 2868 2130 ὕπνων
2904 2077 3123 2141 ἐξουσία
3172 2075 3266 2126 καὶ
3313 2074 3468 2126 αὐτο-

1899 2169 2062 2236 νομία
2094 2169 2368 2222 δείκνυσιν
2400 2170 2725 2233 ἀλλοκότους
2756 2169 2907 2233 θέας,
2941 2171 3180 2239 ἔμφασιν
3217 2165 3469 2235 ἀμυδρὰν

1900 2260 1997 2310 καὶ
2037 2261 2222 2312 εἰκόνα
2280 2261 2377 2329 τῆς
2441 2262 2701 2332 ἀληθείας
2751 2260 3151 2332 αίνιγματώδη,
3201 2260 3295 2313 καὶ
3357 2253 3470 2309 οἷον

1901 2352 2077 2403 εἰπεῖν
2130 2355 2570 2423 προχαράγματα
2623 2355 2732 2407 τῶν
2781 2353 2930 2424 ὕπαρ
2977 2353 3279 2422 ἐσομένων·
3327 2351 3472 2403 οὕτω

1902 2442 1998 2494 καὶ
2019 2444 2068 2495 οἱ
2099 2443 2259 2510 μῦθοι
2294 2444 2411 2514 μετ’
2446 2445 2697 2510 ἐξουσίας
2717 2446 2862 2508 τινὸς
2893 2445 3223 2498 πλάττουσιν
3263 2443 3470 2512 ἀνθρω-

1903 2537 2033 2607 πίνῃ
2073 2542 2225 2610 φωνῇ
2255 2540 2618 2608 διαλεγόμενα
2655 2541 2797 2608 φυτά
2823 2541 2917 2592 καὶ
2945 2539 3128 2600 λίθους
3157 2539 3251 2590 καὶ
3298 2537 3469 2603 ἄλογα

1905 2629 2041 2692 ζῶα,
2085 2634 2176 2683 καὶ
2225 2631 2393 2700 μυρία
2435 2632 2686 2699 τοιαῦτα,
2729 2635 2786 2686 ἐν
2827 2629 2904 2695 οἷς
2955 2629 3333 2700 ἐμφωλεύουσι
3371 2631 3472 2698 μὲν

1908 2721 2268 2789 σκιαγραφίαι
2297 2723 2442 2786 τινὲς
2485 2726 2580 2776 καὶ
2615 2725 2904 2792 σπέρματα
2937 2723 3316 2792 παραινέσεων
3343 2720 3472 2787 άληο

1907 2808 2052 2860 θῶνσ
2107 2811 2295 2880 ἡδονῆς
2326 2812 2383 2864 δὲ
2421 2814 2714 2880 πρόσωπον
2758 2813 3118 2882 οἰκονομικῶς
3162 2809 3472 2887 δεικνύουσι

1905 2903 2026 2964 ταῖς
2059 2903 2260 2972 λίχνοις
2287 2904 2397 2956 τῶν
2434 2905 2645 2958 πολλῶν
2676 2907 2884 2968 ἀκοαῖς.

1982 2993 2082 3060 Οἷς
2114 2997 2212 3049 καὶ
2240 2997 2414 3062 ταώς.
2447 2999 2573 3060 Τοῖς
2607 2999 2818 3067 μύθοις.

1967 3087 2133 3154 -Πρὸς
2161 3086 2277 3154 τὴν
2308 3091 2696 3159 αὐτονομίαν.
2744 3090 3046 3156 Ἐξουσίαν,
3079 3092 3386 3149 αὐθεντίαν.

226 3266 384 3323 Ossae
416 3281 546 3320 vero
575 3266 807 3330 Pelium,
840 3280 904 3320 ae
951 3265 1212 3336 deinceps
1246 3266 1528 3332 similiter,
1588 3269 1732 3324 unde
1769 3286 1796 3323 a
1829 3249 1872 3308 ο
1906 3263 2148 3323 νυηίῑιΐι’
2194 3263 2252 3310 lli
2297 3263 2646 3314 nummorum
2704 3263 3128 3332 Ροεεθεεῖοηθηιο
3181 3264 3472 3318 domorum

225 3359 369 3414 Jove
408 3357 634 3426 fulmine
657 3359 782 3412 tacti
821 3358 1131 3426 perierunt.

307 3450 551 3519 Ideoque.
584 3449 737 3505 Aloei
763 3450 854 3503 lilii
882 3449 1018 3505 Otus
1055 3463 1112 3504 et
1143 3451 1427 3520 Ephialtes
1459 3469 1488 3507 a
1520 3452 1652 3507 Jove
1707 3453 1807 3508 l'ul-

227 3542 385 3596 niiue
416 3547 540 3595 tacti
567 3543 812 3595 luerunt.
1373 3523 1384 3531 '

309 3625 530 3689 Montes.
567 3635 652 3688 Isti
695 3635 967 3704 siquidem
1006 3647 1217 3704 montes
1245 3649 1370 3692 sunt
1402 3638 1457 3692 iu
1503 3638 1780 3694 Thessalia

224 3727 328 3781 Ait
360 3741 519 3792 porro
542 3723 810 3778 [loinerus
839 3724 1180 3796 in~Odyssea,
1215 3727 1253 3787 l.
1290 3743 1329 3780 ll
1367 3744 1380 3779 :

314 3816 386 3869 lli
415 3825 538 3869 sunt
561 3818 740 3869 conati
769 3819 1035 3885 imponere
1072 3817 1216 3871 Pelio
1243 3817 1452 3881 Ossam,

308 3886 540 3950 Scilicet,
563 3897 720 3956 atque
737 3886 1206 3960 Osswfrondosum
1227 3888 1487 3943 involvere
1504 3889 1805 3960 Olympum.

314 3998 490 4052 Icaro.
517 3999 702 4051 Icarus
727 4008 784 4052 et
816 3998 930 4066 ipse
954 3997 1115 4053 homo
1143 4009 1260 4052 erat
1289 4015 1304 4052 :
1336 4014 1594 4052 cat-erum
1635 4011 1811 4053 astro-

223 4091 478 4149 nomiam
513 4089 726 4144 discere
756 4090 948 4151 voluit,
999 4105 1062 4142 ac
1119 4090 1358 4143 siderum
1425 4107 1640 4144 cursus.
1667 4117 1672 4122 -
1702 4091 1809 4144 Sed

223 4199 365 4241 cum
408 4198 517 4236 non
559 4190 744 4251 posset
769 4180 927 4235 facile
979 4181 1254 4234 rationum
1291 4182 1811 4236 demonstrationes

224 4277 564 4346 intelligere,
595 4275 888 4342 despondit
910 4275 1152 4328 animum
1177 4276 1395 4328 interim
1414 4276 1482 4329 ab
1510 4276 1608 4330 hac
1641 4277 1814 4329 scien-

227 4372 316 4423 tia
343 4386 356 4421 :
389 4385 492 4437 qua
521 4369 586 4422 de
618 4382 778 4422 causa
807 4366 1107 4419 fabulatum
1149 4378 1232 4420 est
1281 4383 1404 4420 eum
1460 4368 1564 4420 sibi
1623 4384 1812 4421 cereas

223 4464 356 4516 alas
385 4461 811 4530 conglutiuasse,
848 4469 904 4510 ut
936 4459 988 4512 in
1029 4446 1226 4513 etelum
1277 4459 1543 4524 evolaret,
1604 4461 1699 4514 sed
1759 4461 1812 4521 iu

223 4558 362 4622 ipso
387 4556 568 4606 volatu
601 4554 715 4607 sole
741 4552 918 4605 eidem
941 4561 1263 4606 occurrente
1318 4569 1380 4605 ac
1432 4553 1811 4606 vehementius

222 4647 562 4708 insultante,
589 4645 892 4715 liquefacta:
915 4655 1043 4698 sunt
1069 4661 1280 4712 penna),
1310 4648 1424 4714 ipse
1455 4661 1582 4699 vero
1605 4647 1811 4700 cecidit

217 4739 295 4792 in
327 4747 447 4788 eam
485 4747 695 4805 partem
731 4737 920 4798 maris,
953 4751 1072 4803 qua:
1098 4736 1148 4788 ei
1185 4747 1330 4790 sorte
1368 4738 1614 4805 contigit,
1645 4753 1672 4790 a
1705 4753 1812 4806 quo

219 4831 466 4902 pelagus
493 4830 725 4882 Icarium
772 4829 1104 4897 appellatum
1145 4839 1230 4882 est
1269 4829 1588 4885 (feliciorem
1631 4832 1815 4894 itaque

214 4928 376 4980 dicit
433 4925 770 4976 somniorum
823 4922 1110 4989 volatum),
1146 4937 1209 4974 ac
1266 4922 1520 4990 delapsus
1580 4924 1633 4975 in
1676 4923 1837 4976 mari‘

214 5019 541 5074 aulide-atus
572 5025 674 5068 est.

310 5109 564 5161 Aduolat.
591 5106 833 5172 Quodam
864 5107 1018 5176 quasi
1055 5107 1212 5176 signo
1242 5116 1391 5160 nota.

319 5201 528 5254 iivun’ir.
567 5199 712 5252 inter
738 5198 1142 5252 somniandum.

275 5315 287 5327 -
317 5291 459 5345 Nam
485 5291 646 5359 patth
663 5299 798 5359 post.
829 5291 1040 5344 Alicubi
1061 5293 1220 5363 enim
1247 5305 1414 5359 super
1444 5301 1644 5344 terram
1665 5292 1814 5346 iuve-

205 5387 390 5441 nitur
426 5403 438 5436 :
473 5399 651 5451 neque
671 5399 896 5451 peregre
927 5383 1136 5447 aberat,
1163 5393 1223 5436 ut
1275 5382 1527 5437 dicamus
1559 5398 1684 5438 eum
1725 5401 1817 5437 ve-

201 5480 386 5535 nisse
419 5477 470 5528 iu
507 5485 734 5542 terram.
802 5503 804 5505 -

315 5567 467 5621 Nihil
503 5571 663 5621 enim.
689 5568 832 5622 Nihil
859 5568 1061 5636 quippe
1084 5567 1233 5620 aliud
1269 5567 1672 5622 insomniorum
1730 5580 1816 5624 est

195 5664 526 5736 proprium
580 5677 642 5714 ac
677 5662 968 5728 peculiare,
1003 5677 1164 5728 quam
1214 5671 1430 5729 tempus
1462 5663 1812 5734 interiectum

191 5759 522 5823 obtegere,
552 5761 606 5806 et
646 5753 779 5804 citra
804 5755 1064 5822 temporis
1092 5768 1409 5806 mensuram
1437 5755 1814 5812 demonstrare

191 5868 291 5908 22:4
342 5866 456 5918 qua:
492 5861 616 5900 cum
651 5855 890 5914 tempore
921 5859 971 5902 et
1003 5849 1190 5903 labore
1225 5847 1575 5917 vigilantibus
1633 5851 1812 5905 absol-

1905 3350 2092 3404 luxum
2125 3359 2181 3404 et
2213 3351 2688 3420 magniﬁcentiam,
2732 3357 3012 3424 sapientiae
3060 3357 3473 3419 abundantiam,

1907 3456 2029 3495 cum
2095 3442 2302 3513 angelis
2335 3447 2873 3514 sermocinationem,
2926 3457 2980 3504 et
3024 3450 3234 3520 reliqua
3287 3449 3478 3518 hujus-

1907 3533 2076 3587 modi.

1980 3626 2282 3686 Balantem.
2313 3633 2513 3687 Vocem
2544 3633 2752 3687 ovium.

1985 3719 2188 3775 Vocem.
2224 3724 2578 3780 Articulatam
2601 3738 2656 3780 et
2688 3726 3006 3794 perfectam.

1983 3812 2450 3882 Argumentormn.
2476 3817 2606 3882 Quae
2633 3817 2684 3870 in
2711 3821 2939 3875 somniis
2970 3835 3090 3874 sese
3117 3820 3378 3874 oli'erunt.

1983 3904 2280 3960 Sermones.
2316 3909 2508 3963 Libros
2540 3910 2874 3978 scriptitare.

1981 3998 2199 4068 Opinor.
2231 4001 2364 4053 Nam
2388 4012 2443 4055 et
2477 4003 2529 4054 in
2567 4003 2792 4057 somniis
2821 4002 2922 4090 sibi
2953 4002 3207 4057 videntur
3231 4006 3330 4058 alia
3365 4007 3479 4058 ani-

1913 4090 2116 4142 mantia
2140 4090 2432 4144 identidem
2461 4107 2583 4145 cum
2606 4094 2918 4148 hominibus
2958 4093 3281 4162 disceptare,
3318 4096 3478 4147 arbo-

1915 4194 2000 4232 res
2025 4192 2444 4248 suopte-conatu
2497 4196 2550 4236 et
2587 4184 2821 4252 impulsu
2873 4188 3243 4248 transmutari,
3304 4195 3356 4239 ct
3384 4187 3478 4238 hu—

1915 4269 2090 4326 mines
2115 4272 2287 4325 instar
2316 4273 2598 4329 volucrum
2633 4277 2836 4339 volare,
2864 4287 2917 4330 et
2947 4288 3210 4345 quantum
3244 4283 3308 4332 ad
3367 4279 3479 4332 for-

1919 4375 2057 4412 mam
2091 4361 2428 4432 ﬁguramque
2459 4365 2510 4417 in
2553 4366 2760 4421 belluas
2796 4368 3024 4422 rationis
3058 4383 3310 4437 expertes
3353 4386 3480 4423 con-

1917 4452 2076 4513 verti,
2113 4460 2169 4504 et
2200 4452 2303 4506 alia
2341 4454 2548 4507 inliuita
2585 4468 2890 4509 monstrosa
2947 4466 3180 4525 spectra.
3247 4457 3483 4512 Proinde
3522 4453 3530 4467 Χ

1919 4553 2171 4597 asserunt
2201 4544 2235 4597 ii
2265 4547 2356 4614 qui
2391 4546 2600 4600 fabulas
2627 4557 3058 4616 composuerunt
3111 4549 3178 4602 ab
3229 4549 3386 4603 initio
3413 4564 3478 4602 ex

1917 4637 2050 4704 ipsis
2078 4640 2306 4692 somniis
2339 4639 2591 4694 habuisse
2625 4641 2990 4695 Occasionem.
3036 4641 3104 4696 Ut
3137 4644 3283 4695 enim
3334 4657 3482 4694 som-

1915 4732 2132 4785 niorum
2161 4733 2377 4786 licentia
2424 4741 2478 4785 et
2501 4733 2729 4788 lacullas
2753 4735 3088 4806 prodigiosas
3144 4746 3308 4805 atque
3341 4738 3482 4791 inso-

1913 4825 2091 4877 lentes
2121 4825 2360 4878 visiones
2404 4825 2661 4890 ostendit,
2720 4827 3048 4882 imbecillam
3107 4830 3368 4894 speciem,
3426 4842 3483 4885 et

1915 4917 2206 4983 imaginem
2238 4901 2513 4972 veritatis'
2539 4922 2893 4989 :cnigtuaticis
2929 4921 3288 4976 velaminibus
3325 4937 3484 4991 0per~

1915 5018 2046 5070 tam,
2081 5021 2154 5072 et,
2185 5021 2242 5062 ut
2266 5011 2335 5066 ita
2369 5013 2582 5081 loquar,
2624 5015 2865 5081 priurum
2902 5016 3355 5069 lineamentorum
3391 5017 3484 5070 de-

1915 5103 2251 5170 signationes
2279 5121 2494 5168 eorum,
2531 5123 2651 5175 qua:
2677 5093 2817 5160 inter
2841 5108 3172 5174 vigilandum
3220 5122 3485 5166 eventura

1915 5208 2044 5250 sunt
2079 5217 2092 5252 :
2120 5199 2198 5252 sic
2225 5210 2281 5253 et
2312 5201 2508 5254 fabulae
2541 5217 2663 5254 cum
2699 5202 2918 5253 licentia
2961 5201 3193 5270 quadam
3223 5204 3485 5274 alliugunt

1915 5300 1970 5344 et
1998 5291 2488 5346 comminiscuntur
2521 5293 2753 5358 plantas,
2801 5291 3026 5358 lapides,
3072 5309 3284 5346 necnon
3330 5296 3486 5349 bruta

1916 5383 2214 5436 animantia
2253 5382 2489 5435 humana
2515 5397 2648 5435 voce
2681 5381 2974 5446 disserere,
3008 5384 3359 5451 etcomplura
3404 5392 3486 5435 ta-

1916 5458 2099 5538 lia,in
2142 5475 2342 5545 quibus
2372 5476 2587 5529 latitant
2616 5473 2955 5528 adumbratae
2991 5474 3239 5542 qumdam
3283 5476 3488 5528 deseri-

1917 5569 2156 5638 ptiones,
2186 5576 2242 5621 et
2275 5582 2525 5620 verarum
2576 5566 3015 5620 eohortatiouum
3076 5567 3390 5622 seminaria.
3435 5577 3487 5620 et

1917 5661 2211 5729 voluptatis
2238 5661 2439 5714 larvam
2470 5661 2523 5713 in
2577 5661 2652 5714 rei
2705 5660 3022 5714 domesticze
3079 5659 3488 5727 dispensatione

1918 5755 2090 5807 avidae
2125 5754 2418 5808 multorum
2451 5753 2714 5808 auditiuni
2753 5753 3154 5808 demonstrant.

1991 5848 2297 5905 Ln‘tidinrm.
2338 5847 2655 5912 Licentiam,
2706 5846 3019 5900 facultatem
3051 5855 3101 5901 et
3128 5851 3479 5910 potestatem.
