4102 6294
667 389 775 448 639

1859 381 2284 442 NlCEPlIOiiI
2325 382 2712 444 GREGORrE

3821 381 3932 446 650

739 501 866 554 PAG.
930 493 1529 563 le.‘[1upttc-‘xemjr.
1581 493 1918 564 Γυμνασίαν,
1975 493 2238 562 λογογρα-
2275 497 2578 554 Απλεῖστα
2636 493 3020 564 διαδεχόμενος
3079 496 3106 546 ὁ
3169 493 3430 556 Λιὸἀνιος
3503 493 3775 564 ἐμελέτα,
3827 498 3930 566 τὴν

665 611 816 661 conv.

739 681 839 750 Οἷς
867 683 1048 752 ἀρχή.
1095 681 1452 750 Ἀνθρώποις.

740 777 844 842 Tt];
877 777 1116 842 τέχνης.
1153 773 1334 840 ⁴¹Οπερ
1371 770 1803 840 προγύμνασμα.

742 867 940 930 Τέλος.
978 866 1165 934 Τούτῳ
1207 864 1406 924 σκοπὸς
1444 862 1542 930 τῆς
1581 861 1840 928 σπουδῆς.

739 961 964 1027 ”.Ωσπερ
1010 959 1133 1012 ἐπί.
1179 957 1264 1020 Ὡς
1316 957 1493 1028 μάτην
1547 953 1810 1008 ἀσκοῦσιν
1859 953 1952 1006 ἐπὶ
1995 955 2104 1006 τῶν
2139 953 2242 1022 p.23--

659 1056 787 1106 Otuv.

733 1144 1055 1214 Εὐμάρεια.
1081 1141 1314 1195 Εὑκολία
1344 1141 1490 1209 ζωῆς
1516 1140 1778 1210 ἁμόχθου.

733 1237 806 1290 Ἢ
846 1237 1038 1301 λέξις.
1083 1235 1248 1288 Ἀλλὰ
1297 1235 1388 1287 καὶ
1442 1235 1474 1303 ἡ
1516 1233 1688 1298 λέξις,
1725 1233 1882 1302 φησὶ,
1933 1231 2236 1300 περισπού-

657 1332 852 1384 δαστον
907 1329 973 1382 ἂν
1027 1330 1111 1398 εἰη
1164 1327 1404 1380 ἐνταῦθα
1460 1329 1575 1388 τοῖς
1638 1325 1942 1394 φιλοτίμως
1999 1327 2237 1394 γράφειν

657 1422 903 1474 ἐθέλουσι
959 1423 1090 1489 περὶ
1148 1421 1397 1488 ὀνείρων.
1462 1417 1718 1486 Ἑφόλκια
1775 1417 1832 1470 δέ
1889 1420 2236 1485 πραγμάτων

657 1516 795 1582 ensi.
833 1515 930 1574 τὰς
976 1513 1172 1578 λέξεις,
1205 1513 1279 1575 ὡς
1309 1512 1586 1580 ἑπομένας
1631 1513 1744 1575 τοῖς
1800 1510 2126 1580 πράγμασιν
2157 1512 2236 1571 εἰς

654 1607 888 1675 δήλωσιν
921 1607 1124 1660 αὐτῶν.

725 1701 997 1754 Γένοιτο.
1041 1700 1105 1752 Ἡ
1136 1698 1280 1763 λέξις
1316 1700 1346 1767 ἡ
1379 1697 1748 1766 ἐπιδεικτική.

726 1791 1021 1846 Χίιλῶντι.
1065 1790 1322 1844 Κατιόντι
1356 1792 1419 1842 ἐκ
1447 1789 1540 1842 τοῦ
1570 1788 1737 1858 ὕψους
1765 1790 1864 1857 τῆς
1889 1789 2233 1858 φιλοσοφίας,

655 1886 746 1938 ὅτε
772 1885 1060 1954 βουληθείη
1094 1887 1278 1956 γραφῇ
1319 1881 1658 1950 παραδοῦναί
1687 1899 1740 1934 τι
1781 1881 2070 1952 θεώρημα.
2181 1943 2184 1946 _

738 1973 1127 2044 Ἑμμελετᾷν.
1169 1975 1254 2038 Ὠς
1285 1976 1312 2028 ὁ
1357 1975 1698 2044 Ἀριστείδης
1743 1974 1801 2026 ἐν
1846 1973 1922 2042 τῷ
1957 1973 2095 2042 ὑπὲρ
2123 1972 2232 2026 τῶν

649 2070 958 2136 τεσσάρων.

727 2161 1030 2222 ΙΙλουσίιρ.
1065 2161 1278 2229 ’Ὠσπερ
1311 2161 1338 2212 ὁ
1365 2157 1624 2222 Λιϐάνιος
1649 2159 1705 2212 ἐν
1740 2159 2016 2227 μελέταις.

723 2257 982 2324 "ﬂatur.
1023 2255 1164 2325 ’Υπῆ
1173 2272 1318 2325 ρχον.
1985 2252 1994 2256 ”

715 2347 1006 2400 Τάλων-τα.
1045 2347 1143 2400 Λίτ
1151 2363 1270 2415 ρας.

734 2441 1138 2505 Ἐπιτηδείων.
1172 2439 1346 2490 Φίλων
1372 2437 1622 2501 ἐκείνοις.

721 2529 1078 2592 Μεταδιδιίξ.
1116 2530 1408 2598 ’Ὑστερον.

723 2623 816 2686 Μὴ
849 2621 959 2676 ὅτι.
997 2623 1070 2674 Οὐ
1105 2623 1266 2692 μόνον
1294 2625 1355 2678 οὐ
1397 2623 1592 2692 φίλων.

721 2717 1004 2779 Πολίτην.
1071 2713 1315 2768 Τοιαῦτα
1367 2703 1736 2786 προϐλήματα
1795 2719 1972 2772 πολλὰ
2031 2737 2222 2790 προτι-

648 2809 835 2862 θέασιν
865 2807 914 2860 oi
958 2807 1190 2876 ῥήτορες
1225 2807 1478 2876 ἀλλήλοις
1514 2810 1830 2878 γυμνασίας
1865 2795 2042 2864 ¹ἕνεκα
2069 2827 2085 2843 ⁶
2127 2812 2224 2865 καὶ

649 2902 886 2970 μάλιστα
919 2902 1164 2952 ,πάντων
1215 2899 1560 2970 Ἑρμογένης
1608 2903 1636 2954 ὁ
1694 2902 1966 2972 Ταρσεύς.
2013 2898 2113 2960 Ὧν
2154 2903 2224 2956 τὰ

717 3075 800 3127 Ad
854 3072 1311 3142 comparationem
1373 3072 1704 3126 elocutionis.
1756 3071 2218 3128 Exercitationem

641 3183 707 3221 ac
739 3168 970 3220 solutam
1000 3166 1326 3220 orationem.

717 3257 915 3321 Quibus
938 3261 1072 3312 artis
1105 3261 1332 3326 princip.
1367 3258 1714 3314 “cluiuilius.

717 3349 882 3402 Artis.
921 3350 1050 3414 Qun:
1084 3350 1230 3416 prior
1265 3359 1350 3402 est
1381 3353 1731 3404 exercitatio.

715 3441 890 3495 Finis.
925 3441 1062 3496 lluic
1089 3451 1176 3495 est
1203 3457 1401 3510 sc0pus
1435 3443 1622 3498 studii.

716 3534 1173 3599 Quemadmodum
1221 3533 1275 3586 in
1309 3535 1524 3603 fabulis.
1571 3535 1727 3601 Quod
1761 3535 2038 3593 incassum
2063 3540 2221 3596 fabu-

639 3627 720 3681 las
739 3626 879 3680 medi
891 3634 1094 3678 lantur.
1127 3627 1132 3632 ’

717 3715 929 3768 Vivendi
961 3716 1218 3784 facilitas.
1243 3716 1455 3773 Merum
1481 3721 1728 3776 suavitas
1783 3721 1836 3777 in
1893 3723 2003 3778 vita
2037 3726 2212 3780 otiosa

637 3807 868 3862 minime
893 3807 1190 3864 laboriosa.
1783 3859 1785 3861 ,
1889 3821 1897 3832 '

717 3899 906 3953 Dictio.
943 3899 1048 3952 Sed
1109 3899 1212 3954 hoc
1268 3900 1502 3968 inloco,
1555 3903 1753 3973 inquit.
1822 3907 1998 3974 stylus
2050 3883 2220 3961 fuerit

641 3991 1045 4062 maguo‘studio
1071 3991 1360 4048 aﬂectatus
1389 3994 1458 4048 ah
1495 3995 1581 4050 his
1635 3997 1733 4065 qui
1769 4000 2115 4076 contentiose
2151 4001 2217 4054 de

639 4080 869 4135 somniis
891 4081 1138 4134 scribere
1169 4083 1359 4136 volunt
1394 4093 1691 4138 :caaterum
1727 4084 1997 4140 dictiones
2031 4099 2216 4140 rerum

639 4175 971 4244 appendices
1005 4172 1160 4238 dicit,
1195 4181 1382 4242 utpote
1411 4190 1533 4240 qua:
1563 4191 1650 4230 res
1679 4185 1986 4246 sequuntur
2037 4176 2105 4230 ad
2133 4191 2218 4230 ea-

636 4281 758 4320 rum
792 4264 1234 4334 explicationem,
1264 4265 1730 4336 quemadmodum
1778 4267 1981 4336 scapha
2019 4267 2213 4346 sequi-

638 4368 728 4410 tur
755 4357 960 4410 navim.

710 4448 880 4530 Llusus
942 4449 1122 4504 fuerit.
1179 4449 1357 4504 Dictio
1381 4449 1446 4502 ad
1511 4451 1936 4504 ostentationem
1979 4465 2216 4522 compa-

635 4553 746 4598 rata
757 4584 770 4599 .

707 4633 1012 4692 Relaxanti.
1047 4632 1090 4687 E
1119 4631 1454 4686 sublimitate
1484 4633 1813 4704 lastigioque
1843 4635 2207 4706 philosophiae

635 4725 1018 4787 descendenti,
1043 4723 1262 4793 quando
1284 4724 1520 4780 voluerit
1541 4719 1850 4782 litterarum
1886 4743 2210 4784 monumen-

636 4824 704 4876 tis
726 4819 945 4888 aliquod
985 4817 1298 4886 disciplinae-
1346 4819 1817 4886 speculameutum
1869 4819 2202 4876 condonare.

707 4913 988 4966 Exercere.
1042 4909 1514 4976 Quemadmodum
1569 4910 1840 4964 Aristides
1887 4911 1944 4966 in
1997 4913 2095 4967 lib.
2131 4915 2205 4968 De

669 5015 882 5060 ualuor.

669 5025 882 5060 uatuor.

629 5025 662 5079 η
704 5097 1008 5168 Locuplete.
1039 5096 1215 5152 Sicuti
1251 5095 1597 5151 Libaniusiu
1648 5095 1766 5150 suis
1825 5095 2204 5152 meditationi-

629 5189 754 5246 bus.

697 5279 891 5335 Erunt.
919 5279 989 5334 Se
1015 5279 1180 5350 hujus
1212 5275 1449 5331 instituti
1501 5287 1757 5332 auctores
1815 5280 2198 5336 estemlebant.

697 5373 1150 5426 Necessariorum.
1180 5368 1526 5435 Quibuscum
1558 5368 1940 5427 falniliaritate
1962 5385 2017 5427 et
2063 5375 2202 5426 ami-

626 5466 754 5520 citia
781 5465 956 5534 juncti
993 5472 1172 5534 erant.

659 5557 897 5611 .Givem.
971 5556 1138 5610 Multa
1189 5554 1458 5622 ejusmodi
1507 5556 1848 5626 problemata
1917 5567 1974 5612 et
2019 5559 2200 5612 anl‘ra-

533 5659 540 5664 ‘
625 5648 1206 5717 ctuosasqumstioucs
1263 5649 1516 5718 rhetores
1564 5650 1982 5706 exercitationis
2029 5667 2195 5708 causa

623 5742 856 5796 invicem
883 5749 1219 5810 proponunt,
1254 5751 1311 5794 et
1352 5741 1588 5796 maxime
1629 5743 1876 5796 omnium
1901 5743 2198 5814 Hermoge-

623 5849 716 5884 ιιι-δ
744 5833 830 5886 ille
869 5832 1172 5888 Ttil‘St‘llSiB.
1229 5833 1526 5906 Exquihus
1589 5836 1856 5904 permulta
1891 5851 2194 5908 excerpens

2350 588 2479 654 ὅλην
2527 587 2786 640 ὑπόθεσιν
2834 587 2915 650 είς
2971 587 3145 657 μῆκος
3185 585 3466 652 ἐκτείνων,
3507 587 3603 638 καὶ
3647 586 3927 652 πλάττων,

2347 682 2441 732 καὶ
2487 679 2677 748 ὥσπερ
2723 663 3073 750 σκιαμαχῶν,
3126 681 3224 732 καὶ
3272 679 3683 748 ἀγωνιζόμενος
3728 680 3928 744 οὕτως.

2345 775 2634 843 Μέμνηται
2666 773 2758 828 οὖν
2792 773 3027 826 ἐνταῦθα
3061 773 3088 826 ὁ
3115 773 3370 836 Συνέσιος
3404 772 3521 836 ἑνὸς
3547 769 3658 825 τῶν
3687 772 3932 843 προϐλη-

2347 867 2534 936 μάτων
2583 865 2809 920 ἐκείνων
2833 882 2847 897 ·
2885 865 3092 920 ἔστιδὲ
3135 865 3257 918 τόδε
3283 880 3297 894 ·
3341 864 3538 932 Πένης
3589 865 3690 917 καὶ
3731 867 3926 919 πλού-

2343 973 2479 1021 σιος
2539 957 2781 1025 ἐχθροίο
2849 951 3157 1026 ὗπέσχετο
3210 958 3244 1010 ό
3302 956 3606 1022 πλούσιος
3675 955 3930 1024 θρέψειν

2341 1049 2482 1113 τοὺς
2516 1050 2793 1113 πολίτας,
2819 1051 2870 1104 ει
2903 1049 3080 1103 λάϐοι
3123 1047 3232 1102 τὸν
3280 1047 3510 1114 πένητα
3554 1046 3708 1113 πρὸς
3754 1047 3926 1100 dral-

2333 1133 2554 1208 ρεσινέ
2583 1140 2808 1194 ἔδωκεν
2861 1145 2894 1194 ὀ
2939 1139 3136 1209 δῆμος
3161 1155 3175 1170 ⁶
3217 1141 3331 1194 οὐκ
3375 1139 3635 1208 ἔθρεψεν
3666 1141 3700 1194 ό
3735 1141 3928 1194 πλού-

2340 1249 2484 1299 (νιος¹
2513 1235 2656 1300 τοὺς
2688 1234 2795 1290 τοῦ
2825 1235 3092 1300 πένητος
3129 1232 3282 1299 υἱεῖς
3301 1250 3317 1264 ·
3363 1232 3680 1288 ἀπέθανον
3728 1231 3922 1298 λιμῷ·

2339 1329 2440 1381 καὶ
2495 1328 2760 1397 κρίνεται
2813 1329 3032 1398 φόνου.
3091 1327 3402 1382 Μελετᾶται
3451 1326 3509 1380 δὲ
3560 1326 3622 1380 τὸ
3675 1325 3924 1380 τοιοῦτον
4023 1351 4034 1370 κ

2341 1422 2634 1492 πρόϐλημα
2666 1421 2809 1476 κατὰ
2843 1421 3006 1491 ῥητὸν
3035 1420 3132 1474 καὶ
3156 1421 3418 1476 διάνοιαν.

2422 1513 3032 1578 Ἐννενηκοντούτης.
3074 1509 3344 1564 Ἐνταῦθα
3377 1509 3473 1564 τοῦ
3527 1507 3793 1576 σοφιστοῦ
3829 1509 3922 1560 Λι-

2339 1607 2525 1660 ϐανίου
2577 1607 2954 1660 καθάπτεσθαι
3013 1603 3230 1668 ἔοικεν,
3281 1603 3340 1668 ὂς
3399 1604 3454 1668 ἐς
3513 1603 3684 1672 ἄκρον
3740 1600 3922 1670 γῆρας

2339 1700 2559 1764 ἐλάσας,
2609 1699 2888 1769 προῦργου
2939 1698 3000 1754 τὸ
3051 1697 3285 1768 μελετᾷν
3345 1698 3608 1750 ἐποιεῖτο.
3665 1697 3742 1748 Οὐ
3809 1697 3922 1764 γὰρ

2338 1793 2498 1846 ἄλλου
2549 1792 2764 1856 οὐδενὸς
2823 1792 3178 1861 εὑρίσκονται
3239 1785 3468 1859 μελέταῖ
3525 1788 3750 1851 πλείους
3807 1787 3922 1840 τῶν

2335 1886 2525 1950 αὑτοῦ,
2556 1887 2678 1938 οὐδὲ
2729 1887 2912 1938 τόσαι.
2953 1884 3020 1938 Ἦ
3060 1883 3120 1936 δέ
3173 1881 3402 1952 μελέτη,
3438 1883 3594 1948 φησὶ,
3641 1897 3924 1948 σκιαγρα-

2335 1981 2436 2048 φία
2496 1978 2582 2040 τίς
2623 1983 2738 2032 ἐστι
2771 1979 2870 2032 καὶ
2906 1975 3322 2046 προγύμνασμά
3361 1991 3510 2036 τινος
3535 1973 3723 2042 ἔργου.
3761 1973 3822 2025 '0
3865 1973 3922 2025 δὲ

2333 2067 2431 2136 τὴν
2482 2065 2644 2120 σκιὰν
2693 2066 2788 2120 τοῦ
2841 2067 3006 2134 ἔργου
3063 2064 3332 2140 διηνεκῶς
3387 2064 3462 2128 ὥς
3512 2065 3675 2134 ἔργον
3725 2065 3920 2116 ἀσκῶν

2333 2159 2522 2212 ἔλαθεν
2577 2158 2693 2212 ἀντ’
2749 2157 3012 2229 ἀληθείας
3052 2156 3252 2226 ψεῦδος
3296 2153 3542 2226 κρατῶν,
3579 2157 3677 2210 καὶ
3719 2155 3922 2210 -πονιῖη

2336 2254 2533 2322 μάτην.

2409 2345 2526 2412 Τὴν
2548 2343 2971 2412 παρασκευήν.
3003 2343 3116 2415 Τὴν
3151 2345 3332 2400 σκιάν.

2401 2439 2529 2492 Ριιο.
2581 2437 2705 2492 156.
2752 2436 3150 2505 Παγκράτιον.
3219 2437 3632 2504 Ὀλυμπιακοῖς
3689 2435 3918 2504 ἀγῶνας

2331 2531 2494 2582 πέντε
2553 2532 2722 2598 φασὶ,
2774 2531 3032 2598 πυγμὴν,
3093 2530 3308 2598 πάλην,
3353 2529 3590 2599 δρόμον,
3659 2531 3916 2582 ἀκόντιον

2329 2626 2422 2677 καὶ
2462 2625 2668 2679 δίσκον.
2702 2623 2774 2676 Τὸ
2829 2623 3018 2694 μέντοι
3075 2623 3422 2694 παγκράτιον
3467 2623 3658 2693 ἕτερσξν
3711 2641 3766 2676 τι

2329 2716 2594 2768 Σύνθετον
2624 2716 2733 2786 γὰρ
2767 2717 2830 2768 ἐκ
2857 2716 3086 2785 πυγμῆς
3111 2716 3206 2768 καὶ
3241 2715 3420 2785 πάλης
3452 2711 3540 2785 ἦν.
3596 2715 3760 2782 Ἐξῆν
3799 2717 3910 2785 γὰρ

2326 2806 2402 2874 τῷ
2447 2805 2887 2874 παγκρατιάζειν
2937 2805 3177 2858 ἐθέλοντι
3226 2805 3286 2860 οὐ
3335 2807 3517 2874 μόνοις
3571 2808 3686 2868 τοῖς
3717 2808 3910 2874 νίμοες

2325 2900 2423 2968 τῆς
2449 2896 2806 2972 πάληςιὰλλὰ
2836 2897 2932 2952 καὶ
2957 2899 3072 2961 τοῖς
3107 2897 3208 2968 τῆς
3234 2898 3459 2969 πυγμῆς
3493 2896 3736 2970 χρῆσθαι
3767 2901 3908 2968 πρὶς

2325 3072 2586 3126 Lihauius
2621 3088 2684 3127 ea
2723 3072 3116 3137 meditabatur,
3168 3073 3306 3127 etin
3337 3073 3424 3127 his
3445 3075 3642 3144 Stylum
3679 3089 3910 3129 exerce—

2244 3173 2288 3236 α
2325 3163 2438 3226 hat,
2468 3173 2641 3218 totum
2674 3175 3056 3234 argumentum
3083 3166 3137 3219 in
3167 3165 3570 3235 longitudinem
3623 3177 3684 3220 ct
3714 3169 3908 3236 ampli-

2327 3257 2641 3310 ﬁcationem
2702 3256 3028 3320 extendens,
3075 3265 3133 3312 et
3183 3271 3548 3328 componens,
3600 3273 3668 3313 ac
3729 3260 3904 3314 veluti

2325 3349 2616 3404 umbratile
2651 3357 2934 3404 certamen
2973 3363 3260 3414 exercens,
3309 3359 3366 3404 et
3399 3349 3474 3404 ita
3525 3351 3896 3406 contendens.

2323 3443 2514 3510 Itaque
2569 3440 2819 3498 meminit
2849 3441 2954 3496 hoc
2987 3433 3199 3496 in'loco
3238 3441 3502 3511 Synesius
3556 3443 3722 3497 unius
3789 3443 3908 3496 illo-

2323 3548 2444 3586 rum
2485 3529 2882 3601 problematum
2911 3547 2926 3586 :
2967 3543 3022 3588 et
3051 3535 3129 3589 sic
3173 3549 3231 3590 se
3257 3535 3422 3590 habet
3449 3553 3460 3588 τ
3487 3533 3724 3600 Quidam
3771 3553 3906 3600 pau—

2324 3645 2418 3697 per
2479 3637 2530 3680 et
2593 3627 2731 3682 alter
2791 3627 3072 3697 opulentus
3133 3637 3316 3682 mutuo
3374 3631 3495 3682 odio
3553 3632 3904 3700 ﬂagrabant:

2322 3719 2587 3789 pollicitus
2615 3729 2690 3772 est
2717 3727 2894 3774 autem
2926 3721 3066 3774 diues
3113 3735 3169 3773 se
3216 3721 3410 3776 civibus
3463 3721 3722 3776 alimenta
3773 3727 3900 3776 sub-

2322 3811 2772 3877 ministraturum,
2787 3811 2832 3864 si
2856 3827 3062 3881 pauper
3075 3821 3242 3866 morte
3263 3811 3584 3882 plecteretur
3607 3831 3626 3869 :
3643 3819 3900 3870 concessit

2319 3900 2566 3970 populus.
2597 3901 2663 3953 At
2693 3902 2830 3970 ﬁlios
2881 3903 3130 3972 pauperis
3173 3919 3282 3956 non
3327 3905 3568 3958 educauit
3615 3908 3782 3976 dives,
3809 3909 3900 3960 sed

2318 3992 2463 4060 fame
2513 3993 2832 4062 perierunt:
2871 4003 3128 4062 tanquam
3165 3995 3220 4048 in
3264 3997 3504 4050 sordibus
3533 4006 3584 4050 et
3633 3999 3690 4051 in
3745 4011 3898 4052 reatu

2317 4084 2476 4138 credis
2501 4095 2654 4149 esset,
2713 4094 2994 4138 accusatur
3027 4085 3259 4155 locuples
3287 4103 3306 4140 :
3337 4087 3458 4140 talis
3493 4090 3724 4157 quassatio
3781 4105 3896 4145 nie-

2317 4173 2545 4228 ditando
2579 4175 2886 4245 exagitatur
2909 4176 3210 4232 secundum
3247 4177 3456 4233 dictum
3493 4189 3546 4234 et
3573 4196 3820 4234 sensum.

2391 4268 2830 4339 Nonagenarius.
2889 4268 2989 4323 Hic
3042 4269 3344 4338 sophistam
3425 4269 3717 4326 Libauium
3769 4289 3892 4344 per-

2317 4360 2586 4430 stringere
2639 4360 2880 4424 videtur,
2935 4361 3030 4430 qui
3067 4363 3135 4415 ad
3189 4373 3496 4417 extremam
3549 4376 3890 4418 sent-mutem

2318 4469 2642 4522 progressus
2696 4469 2875 4522 opera:
2939 4455 3178 4522 pretium
3219 4454 3376 4508 duxit
3417 4456 3472 4510 iu
3527 4455 3892 4512 declamando

2244 4539 2288 4594 Ι)
2315 4549 2558 4602 studium
2591 4547 2898 4612 collocare;
2931 4549 3138 4602 nullius
3173 4550 3318 4602 enim
3347 4549 3537 4618 plures
3581 4551 3888 4604 meditatio-

2311 4655 2412 4694 nes
2447 4640 2796 4708 reperiuntur
2822 4655 2986 4709 quam
3015 4640 3212 4710 ipsius,
3239 4655 3344 4694 nec
3390 4649 3488 4694 tot.
3551 4643 3622 4695 At
3655 4642 3886 4696 medita-

2312 4731 2413 4796 tio,
2445 4731 2646 4801 inquit,
2707 4731 3032 4787 adumbrata
3065 4735 3316 4802 quazdam
3361 4744 3450 4789 est
3487 4733 3785 4805 descriptio
3819 4753 3886 4791 ac

2309 4823 2630 4893 praecedens
2653 4823 2978 4878 exercitatio
3009 4825 3298 4894 cujusdam
3325 4826 3531 4894 operis.
3564 4827 3668 4892 Qui
3699 4839 3880 4881 autem

2307 4917 2492 4985 operis
2525 4916 2774 4972 umbram
2810 4918 3110 4974 identidem
3137 4927 3202 4972 ιιι·
3221 4933 3360 4988 opus
3381 4929 3620 4982 exercet,
3675 4921 3880 4991 impru-

2307 5009 2504 5062 denter
2529 5019 2586 5063 et
2606 5010 2822 5064 occulte
2850 5011 3198 5064 mendacium
3255 5025 3356 5080 pro
3403 5011 3636 5067 veritate
3687 5029 3880 5084 appre-

2305 5096 2519 5162 hendit,
2555 5111 2607 5154 et
2635 5100 2916 5156 incassum
2947 5099 3184 5154 laborat.

2379 5191 2860 5260 Prwparationem.
2885 5191 3166 5248 Umbram.

2377 5283 2748 5338 Pancratium.
2795 5283 3075 5354 Olympica
3125 5286 3428 5340 certamina
3481 5288 3728 5357 quinque
3755 5303 3872 5343 esse

2303 5379 2516 5446 dicunt,
2547 5386 2796 5438 cazstum.
2829 5377 3050 5442 luctam,
3101 5392 3349 5446 cursum,
3407 5379 3650 5450 jaculum
3707 5380 3874 5436 etdi-

2303 5484 2456 5523 scum
2493 5488 2506 5521 :
2544 5477 2661 5522 crat
2693 5469 2916 5537 quidem
2947 5479 3098 5524 certe
3134 5471 3282 5524 aliud
3311 5473 3480 5526 etiam
3507 5474 3868 5541 pancratium,

2302 5563 2448 5631 quod
2477 5563 2768 5617 constabat
2791 5577 2821 5616 e
2855 5563 3100 5632 pugilatu
3153 5574 3208 5618 et
3237 5563 3405 5620 lucta.
3445 5563 3680 5622 Liccbat
3729 5568 3870 5621 enim

2300 5653 2350 5707 ei
2375 5653 2470 5722 qui
2491 5654 2846 5723 quinquertio
2873 5655 2950 5708 uti
2977 5655 3198 5709 volebat
3238 5667 3293 5710 et
3318 5658 3372 5710 in
3395 5671 3464 5711 eo
3490 5673 3548 5712 se
3594 5673 3868 5718 exercere,

2300 5763 2410 5800 non
2433 5747 2593 5801 modo
2615 5748 2958 5818 legesluctac,
2999 5750 3094 5804 sed
3128 5751 3291 5804 ctiam
3316 5751 3596 5820 pugilatus
3621 5749 3865 5806 vincendi

2301 5837 2471 5912 gratia
2507 5840 2788 5896 adhibere.
2821 5842 2918 5897 llic
2965 5843 3126 5913 igitur
3171 5843 3432 5916 Syncsius
3469 5845 3702 5902 abusive
3733 5845 3862 5899 lianc
