4102 6294
570 291 664 354 ﬁlii
1747 299 2166 362 NICEPIIORI
2205 306 2588 369 GREGORIE
3687 320 3777 380 63‘!

559 410 868 468 Academiae
899 415 1210 462 sectatores
1239 408 1500 478 affectans;
1533 411 1626 466 sul
1659 411 1782 466 rudi
1814 411 2128 480 incultaque
2161 414 2181 472 Α

2246 415 2400 476 Mra;
2451 412 2768 479 γεγονότας,
2813 411 2950 466 ἀλλὰ
2993 411 3120 486 ξένῃ
3163 414 3378 482 φύσεως
3427 417 3560 490 ἀνὴρ
3595 422 3776 488 ἐκεῖνος

561 501 733 555 solius
764 509 974 554 natura:
1009 502 1208 554 virtute
1240 502 1325 554 vir
1359 503 1460 554 iste
1499 519 1652 566 usus,
1683 503 1990 573 prodigium
2027 518 2136 556 non

2246 504 2468 574 δυνάμει
2493 506 2836 576 χρησάμενος
2867 509 3029 576 τέρας
3073 509 3218 574 ἔδοξε
3252 513 3367 573 τοῖς
3409 511 3588 567 ἔπειτα
3618 523 3776 586 σοφοῖς

561 593 851 646 minimum
898 593 1180 662 sequentis
1230 593 1329 646 τοιιί
1379 595 1722 664 sapientibus
1773 611 1829 648 se
1861 595 2134 657 exhibuit,

560 699 723 754 quem
763 697 862 754 ego
902 700 1142 754 quoque,
1190 701 1315 738 cum
1361 686 1602 754 primum
1656 687 1724 741 de
1767 702 1832 740 eo
1865 688 2135 746 audirem,

561 779 707 832 inter
742 777 972 840 fabulas,
1003 776 1072 830 ab
1101 777 1298 830 Atticis
1331 777 1496 830 alium
1536 778 1590 830 in
1625 779 1846 832 modum
1877 778 2134 832 eﬂ‘orma-

563 881 663 948 tas,
695 869 946 936 interque
975 869 1230 938 ﬁgmenta
1267 869 1373 922 {ide
1403 886 1632 937 prorsus
1664 871 1885 940 indigna
1919 871 2138 938 rejicie-

2241 596 2300 646 οὗ
2365 597 2578 666 μικρὸν,
2642 598 2765 666 ἐμοὶ
2824 599 2882 650 δὲ
2935 601 3028 652 καὶ
3071 600 3242 670 μῦθος
3287 603 3458 666 ἄλλως
3523 609 3778 672 ἀττικίζων

2243 689 2495 742 ἀκούοντι
2529 691 2888 758 κατεφαίνετο
2911 691 3176 764 πρότερον
3215 693 3308 749 καὶ
3331 695 3552 765 πλάσμα
3578 699 3778 764 πίστεως

2244 779 2466 847 ἀπάσης
2495 779 2811 848 ὑπερόριον,
2858 781 2944 834 ἐπ’
2975 782 3160 846 ἄλλοις
3193 785 3288 837 καὶ
3329 786 3489 838 τοῦτο
3521 791 3777 860 προτέροις

2241 863 2327 920 οἷα
2354 870 2524 922 πολλά
2553 871 2620 922 τὰ
2667 871 2941 942 Ἐλλήνων
2972 874 3354 942 ξυμϐάλλοντι.

561 961 707 1026 ham,
738 959 841 1012 huc
875 960 1065 1018 etiam,
1116 960 1577 1028 quemadmodum
1617 961 1770 1028 plura
1799 959 2136 1028 Graecorum,

558 1050 963 1120 antiquioribus
995 1050 1174 1118 gentis
1218 1051 1380 1120 hujus
1411 1051 1626 1105 lusibus
1663 1052 2030 1106 act-ensendo.
2129 1045 2136 1053 ’

627 1143 827 1196 Verum
867 1151 1156 1212 postquam
1201 1143 1332 1196 mihi
1372 1143 1793 1199 consuetudinis
1829 1135 1941 1198 tuae
1987 1145 2136 1213 peri-

2323 1139 2440 1208 'Acp‘
2470 1133 2529 1192 οὗ
2557 1140 2613 1193 δὲ
2642 1139 2743 1208 τῆς
2785 1139 2888 1208 σῆς
2935 1141 3152 1210 ὁμιλίας
3181 1144 3260 1207 είς
3295 1149 3490 1218 πεῖραν
3519 1150 3646 1202 ίέναι
3678 1153 3784 1216 Euv-

493 1233 500 1252 '
556 1236 737 1288 culum
765 1235 943 1288 facere
973 1233 1155 1296 licuit,
1183 1235 1532 1304 uativamque
1567 1235 1770 1305 ingenii
1805 1239 1878 1290 tui
1906 1237 2139 1290 faculta-

2246 1231 2554 1284 επεπτώκει
2611 1248 2744 1301 μοι,
2801 1234 2898 1285 καὶ
2962 1233 3062 1302 τὴν
3115 1235 3365 1305 αὐτοφυῆ
3433 1238 3656 1303 ξυνιέναι
3702 1245 3784 1312 τῆς

558 1343 665 1383 tem
723 1328 1006 1397 experiri,
1067 1327 1648 1396 expeditissimamque
1719 1329 1868 1381 illam
1939 1329 2137 1398 linguae

2246 1325 2481 1386 διανοίας
2520 1324 2882 1392 παρασκευὴν
2914 1327 3010 1377 καὶ
3043 1327 3141 1396 τὴν
3175 1329 3238 1380 ού
3291 1329 3437 1398 μάλα
3468 1330 3656 1404 πολλῆς
3681 1334 3785 1404 δεη-

530 1421 1078 1492 ‘promptitudinem,
1137 1419 1382 1474 scientia:
1426 1421 1640 1475 cultura
1699 1421 1844 1475 haud
1903 1422 2135 1476 multum

2246 1418 2424 1470 θεῖσαν
2448 1417 2880 1486 ὲπιστημονικῆς
2911 1421 3186 1488 γεωργίας
3219 1421 3452 1491 ἀρίστην
3481 1425 3578 1492 τῆς
3629 1427 3784 1492 γλώτ.

556 1513 892 1584 indigentem
925 1527 940 1564 :
985 1527 1094 1578 non
1143 1510 1380 1580 amplius
1405 1510 1621 1575 eadem,
1654 1523 1712 1564 ut
1741 1513 1918 1580 prius,
1952 1511 2137 1578 pervi—

2246 1526 2338 1577 της
2365 1506 2682 1578 περιϐολὴν,
2713 1509 2812 1564 οὐκ
2844 1509 2921 1561 ἔθ’
2947 1510 3023 1571 ὡς
3059 1511 3328 1580 πρότερον
3362 1514 3684 1578 ὲνστατικῶς
3705 1517 3783 1568 τοῦ

557 1605 710 1658 racia
741 1605 1030 1658 sententia:
1062 1617 1195 1656 meae
1229 1601 1588 1666 inha'rebam,
1625 1618 1801 1671 neque
1833 1618 1946 1656 rem
1979 1611 2138 1656 natu-

2246 1599 2509 1668 δόγματος
2533 1600 2781 1670 είχόμήν,
2819 1601 2939 1654 οὐδὲ
2995 1603 3104 1654 τῶν
3137 1602 3354 1671 φύσεως
3401 1606 3560 1674 ὅρους
3589 1609 3788 1677 παριόν-

556 1709 632 1748 rae
660 1693 798 1746 ﬂues
828 1692 1185 1746 excedentem
1222 1691 1571 1756 arbitrabar;
1617 1693 1710 1745 sed
1748 1693 1984 1746 inhibito
2045 1707 2137 1745 na-
2172 1763 2181 1766 4

2246 1707 2348 1742 των
2377 1690 2437 1742 ’ἐν
2471 1708 2521 1743 τι
2549 1691 2615 1743 τὸ
2637 1692 2874 1762 πρᾶγμα
2902 1691 3182 1760 ἐνόμιζον,
3208 1693 3346 1748 ἀλλὰ
3375 1694 3626 1766 πρύμναν
3651 1713 3787 1766 κρου-

557 1785 686 1854 vigii
719 1785 1036 1853 cursu,jatn
1073 1783 1376 1852 pauxillum
1410 1785 1479 1838 de
1526 1785 1628 1838 hac
1673 1797 1854 1837 mente
1897 1784 2138 1852 deponc-
2171 1763 2181 1821 Ῑ

2246 1785 2480 1847 cupavo;
2521 1779 2770 1850 ἀφῄρουν
2798 1781 2902 1850 ήδη
2928 1799 2978 1834 τι
3039 1783 3199 1836 τοῦτο
3231 1783 3324 1837 νοῦ
3379 1763 3784 1856 καὶ-παρέλυον,

557 1873 680 1926 bam
743 1872 1208 1940 relaxabamque,
1260 1874 1422 1926 εἰιιιιιι
1471 1888 1602 1928 vero
1670 1873 1858 1936 etiam,
1928 1883 1989 1927 ut
2038 1889 2139 1950 par

2246 1872 2357 1941 ἅμα
2387 1873 2443 1924 δὲ
2480 1873 2569 1925 καὶ
2617 1873 2761 1942 λόγῳ
2795 1875 3110 1943 βασανίζειν
3164 1879 3497 1950 ἐπεχείρουν
3549 1877 3644 1950 τήν
3691 1879 3786 1932 τῶν

555 1974 661 2030 est,
721 1965 891 2032 ipsam
953 1979 1137 2017 rerum
1197 1973 1449 2018 naturam
1503 1965 1717 2018 ratione
1767 1965 2140 2035 pervestigare

2246 1966 2410 2018 ὅντων
2435 1964 2621 2035 φύσιν,
2657 1967 2732 2030 ὡς
2761 1967 2908 2030 είκδς
2941 1969 3038 2021 καὶ
3064 1968 3278 2038 ἔλεγον,
3310 1971 3386 2036 ὡς
3415 1971 3505 2042 ἄρ’
3539 1971 3714 2040 ἐπειδὴ
3741 1971 3790 2024 τὸ

553 2057 818 2120 conabar,
856 2059 1101 2128 dixique.
1145 2075 1270 2114 cum
1314 2076 1476 2130 aqua,
1523 2078 1553 2114 e
1585 2061 1828 2116 nubibus
1875 2062 1940 2116 ad
1977 2071 2139 2118 terrae

2246 2057 2330 2109 διὰ
2358 2057 2538 2126 νεφῶν
2571 2059 2876 2128 καταρρέον
2917 2058 3060 2130 ὕδωρ
3091 2063 3149 2124 ἐς
3184 2063 3282 2133 τὴν
3319 2064 3544 2134 ἀρδείαν
3569 2066 3662 2135 τῆς
3703 2066 3790 2132 γῆς

557 2153 1022 2207 humectationem
1054 2153 1332 2221 deﬂuens,
1374 2170 1440 2208 ex
1471 2155 1630 2225 aquis
1675 2156 1900 2212 marinis
1946 2173 2008 2210 ac
2040 2155 2138 2210 llu-

2246 2151 2304 2202 ἔκ
2331 2167 2388 2203 τε
2420 2149 2724 2204 θαλαττίων
2756 2154 2848 2204 καὶ
2883 2155 3174 2221 ποταμίων
3203 2155 3414 2210 ὑδάτων
3455 2159 3602 2211 ἐστίν
3622 2173 3635 2190 ·
3667 2156 3792 2218 είκὸς

2241 2238 2414 2304 δήπου
2448 2239 2541 2292 καὶ
2567 2239 2812 2310 ποταμὸν
2837 2243 2958 2310 δίχα
2987 2243 3164 2311 νεφῶν
3193 2245 3380 2316 ἄρδειν
3405 2245 3660 2300 δύνασθαι
3685 2244 3791 2312 γῆν,

2245 2332 2496 2404 καθάπερ
2520 2333 2712 2386 Νεῖλον
2737 2335 3014 2405 ἀκούομεν
3036 2339 3100 2389 ὲκ
3135 2339 3237 2408 γῆς
3268 2338 3552 2402 ὐετίζοντα
3576 2337 3665 2391 καὶ
3686 2337 3795 2404 ὃλην

2241 2425 2341 2496 τὴν
2372 2425 2650 2492 Αἴγυπτον
2679 2425 2934 2493 άρδοντα.
2969 2428 3030 2481 Et
3058 2428 3116 2480 δὲ
3147 2427 3295 2482 τοῦθ’
3329 2429 3500 2496 οὓτω,
3541 2427 3712 2496 πολλῷ
3743 2442 3796 2492 γε

2241 2517 2415 2588 δήπου
2450 2517 2656 2586 μᾶλλον
2684 2517 2775 2570 ἐπ’
2810 2516 3101 2587 ἀνθρώπου
3135 2519 3333 2584 δέξαιτ’
3368 2521 3436 2575 ἄν
3470 2538 3522 2573 τι
3555 2517 3796 2578 τοιοῦτον,

2244 2608 2297 2659 el.’
2331 2625 2414 2671 τις
2461 2607 2866 2676 συλλογίσαιτο,
2897 2610 2996 2680 τὴν
3048 2613 3148 2682 τῆς
3202 2613 3398 2681 νοερᾶς
3449 2613 3624 2682 ψυχῆς
3656 2611 3798 2680 φύσιν

2244 2700 2552 2770 προειδέναι
2587 2701 2687 2770 μὲν
2740 2703 2836 2766 τὰς
2873 2705 3204 2774 ἐπιστήμας,
3231 2705 3320 2758 διὰ
3373 2705 3432 2758 δὲ
3467 2709 3566 2774 τήν
3594 2703 3682 2764 τοῦ
3711 2699 3798 2753 σώ-

556 2245 794 2299 vialibus
833 2247 1119 2308 consistat,
1169 2247 1420 2315 profecto
1468 2249 1636 2302 etiam
1687 2249 1914 2303 fluvium
1962 2249 2138 2304 solum

556 2338 766 2404 absque
799 2337 1046 2391 nubibus
1076 2346 1278 2392 terram
1317 2341 1637 2394 humectare
1669 2355 1854 2410 posse,
1877 2342 2140 2411 quemad-

559 2430 782 2483 modum
809 2429 991 2482 Nilum
1025 2429 1286 2484 audimus
1318 2431 1530 2486 haustis
1578 2448 1608 2486 e
1643 2441 1800 2488 terrae
1833 2433 2140 2488 visceribus

562 2519 723 2574 undis
766 2521 964 2589 pluvize
991 2521 1164 2574 vicem
1199 2521 1412 2586 subire,
1459 2537 1791 2592 omnemque
1839 2521 2137 2594 Egyptum

558 2611 808 2680 irrigare.
838 2611 968 2676 Quae
1003 2627 1127 2665 cum
1179 2611 1254 2665 ita
1281 2610 1412 2677 sint,
1458 2612 1632 2666 multo
1665 2613 1836 2682 magis
1869 2613 1976 2667 tale
2005 2613 2138 2682 quid

558 2704 626 2756 de
661 2704 885 2758 homine
913 2713 1160 2759 statuere
1189 2705 1396 2768 licebit,
1432 2707 1474 2760 si
1513 2706 1638 2776 quis
1669 2721 1854 2760 secum
1895 2715 2138 2776 reputet,

561 2799 799 2850 animam
823 2797 1148 2851 rationalem
1192 2813 1258 2851 ex
1296 2807 1490 2852 natura
1519 2799 1744 2868 quidem
1789 2815 1889 2852 sua
1937 2799 2140 2868 pra-via

2247 2809 2414 2861 ματος
2445 2792 2828 2846 συνθο).οὖσθαι
2889 2795 3232 2863 ἐμϐρίθειαν,
3259 2796 3558 2850 κάντεῦθεν
3577 2793 3798 2862 ἀναμνή-

559 2891 809 2956 omnium
843 2891 1200 2944 scientiarum
1229 2891 1424 2945 notitia
1452 2890 1718 2949 imbutam
1749 2907 1891 2956 esse,
1915 2899 2142 2961 propter

2247 2901 2360 2947 σεις
2406 2883 2652 2952 γίνεσθαι
2697 2886 2794 2949 τὰς
2841 2886 3078 2957 θύραθεν
3129 2889 3266 2958 αὐτῇ
3310 2891 3578 2961 μαθήσει.
3631 2887 3799 2950 ὥσπερ

559 2983 812 3053 corporis
843 2997 976 3038 vero
1017 2983 1344 3054 gravitatem
1382 2983 1734 3053 perturbari,
1777 2983 2018 3052 hincque
2049 2998 2144 3037 ne-

2246 2975 2632 3044 ὲπιγενομὲνου
2674 2977 2980 3046 νοσήματος
3011 2978 3330 3046 φαρμάκου,
3363 2981 3427 3032 ού
3467 2981 3574 3049 μὴν
3599 2980 3656 3030 ὲν
3675 2976 3800 3029 ᾶπα-

558 3077 870 3130 cessitate‘m
919 3075 1074 3138 oriri,
1121 3083 1184 3128 ut
1232 3076 1580 3130 extrinsecus
1629 3091 1728 3144 per
1760 3075 2181 3162 disciplinam.‘

2247 3083 2351 3131 σιν,
2386 3065 2460 3129 ὥς
2494 3067 2546 3134 γ’
2569 3067 2774 3121 ἔοικεν.
2809 3069 2969 3132 Είκὸς
3000 3071 3109 3139 γὰρ
3133 3071 3226 3122 καὶ
3259 3071 3449 3142 ψυχῶν
3476 3072 3610 3140 πρὸς
3641 3064 3800 3138 ψυχὰς

560 3167 718 3236 quasi
742 3166 1004 3237 applicita
1039 3165 1218 3220 morbi
1257 3165 1495 3230 medela,
1531 3166 1960 3220 reminiscentia:
1995 3165 2143 3219 exci—
2177 3158 2181 3162 ’

2246 3158 2412 3229 οὔσης
2439 3159 2702 3229 διαφορᾶς
2754 3164 2850 3213 καὶ
2891 3163 3188 3230 σωμάτων,
3239 3164 3377 3234 πρὸς
3421 3164 3666 3232 σώματα,
3699 3158 3800 3226 ξυν-

563 3265 771 3322 tentur,
817 3271 884 3311 eo
938 3264 1118 3310 tamen
1159 3255 1378 3324 ordine,
1437 3265 1497 3308 ut
1533 3255 1649 3310 haec
1697 3255 1996 3310 necessitas
2033 3270 2142 3308 non

2247 3251 2478 3321 δραμεῖν
2524 3251 2617 3304 καὶ
2671 3252 3026 3322 συνεζεῦχθαι
3071 3254 3249 3324 δήπου
3297 3256 3396 3308 καὶ
3443 3250 3830 3325 γενναιοτέρων

559 3348 680 3418 pari
707 3347 870 3402 modo
899 3360 960 3401 se
1005 3345 1072 3400 ad
1121 3359 1314 3400 omnes
1361 3344 1646 3400 extendat.
1693 3345 2142 3398 Consentaneum

2249 3341 2430 3412 ψυχὴν
2451 3343 2900 3416 εἰλικρινεστέρῳ
2927 3349 3057 3398 ποτὲ
3089 3346 3331 3416 σώματι,
3357 3347 3652 3402 κάντεῦθεν
3673 3343 3802 3396 obto-

561 3441 766 3509 quippe
814 3447 923 3504 est,
967 3453 1090 3491 cum
1141 3437 1356 3490 animas
1401 3437 1546 3490 inter
1593 3451 1658 3489 ac
1708 3449 1935 3504 corpora
1981 3448 2138 3502 aeque

2249 3435 2342 3488 θεν
2371 3435 2514 3505 ἔχειν
2535 3434 2754 3498 ἀπόνως
2773 3440 2971 3506 χωρεῖν
2997 3441 3052 3500 ὲς
3085 3440 3183 3509 τήν
3210 3440 3318 3492 τῶν
3341 3439 3518 3494 ὄντων
3541 3436 3799 3508 περίνοιαν

561 3547 820 3601 magnum
848 3531 1154 3601 reperietur
1183 3529 1501 3594 discrimen,
1537 3537 1596 3583 ut
1621 3527 1921 3582 nobiliores
1942 3529 2146 3580 anima:

2252 3526 2375 3596 δίχα
2404 3525 2513 3579 τῶν
2542 3525 2779 3596 θύραθεν
2814 3529 3179 3599 μαθημάτων.

563 3609 692 3680 cum
719 3623 1120 3680 sincerioribus
1173 3622 1499 3693 corporibus
1549 3629 1886 3676 concurrant
1933 3635 1998 3673 ac
2069 3628 2544 3690 coagmententur,
2601 3620 2793 3689 sicque
2833 3621 2904 3674 ab
2961 3623 3180 3692 origine
3235 3637 3332 3678 sua
3405 3623 3659 3680 facultate
3696 3631 3804 3689 gau-

562 3723 748 3784 deant,
783 3719 934 3774 nnllo
967 3719 1187 3790 negetio
1217 3717 1428 3786 absque
1458 3717 1705 3770 externis
1737 3714 2046 3784 disciplinis
2079 3714 2132 3768 in
2179 3715 2398 3785 plenam
2429 3731 2618 3770 rerum
2653 3717 2902 3772 omnium
2931 3717 3185 3772 notitiam
3210 3719 3568 3788 pervadendi.

637 3812 923 3882 Multiplici
957 3811 1126 3881 igitur
1151 3827 1220 3866 ex
1257 3809 1439 3881 capite
1477 3808 1744 3864 maximas
1788 3807 1887 3862 tibi
1933 3807 2138 3876 gratias

561 3908 757 3967 debeo.
782 3904 928 3976 quod
954 3905 1214 3959 videlicet
1245 3917 1330 3956 me
1357 3903 1594 3974 primum
1624 3900 1886 3956 diuturna
1921 3899 2141 3954 dubita-

563 4002 712 4055 tione
756 3998 1012 4052 liberaris
1038 3995 1306 4065 praeclaro
1335 4007 1399 4047 ac
1445 3991 1740 4063 magniﬁco
1768 3991 1990 4062 ingenio
2023 3999 2136 4056 tuo,

563 4109 594 4146 e
648 4107 758 4161 quo
813 4088 1242 4161 prudentissima
1299 4086 1470 4142 veluti
1528 4086 1838 4141 scaturiuut
1883 4082 2138 4145 consilia,

561 4182 823 4251 quodque
871 4179 998 4234 dein
1039 4177 1483 4233 benevolentiam
1532 4177 1680 4232 illam
1723 4175 1948 4230 minime
1993 4176 2142 4228 fuca-

2317 3809 2418 3861 Διά
2465 3807 2529 3879 δὴ
2567 3807 2748 3863 ταῦτα
2793 3809 2976 3863 πάντα
3023 3810 3380 3874 παντοδαπὰς
3420 3808 3702 3881 ὁμολογεῖν
3735 3812 3804 3856 σοι

2243 3901 2342 3964 τάς
2376 3902 2608 3971 χάριτας
2632 3901 2920 3972 ὀφειλέτης
2957 3902 3099 3972 είμὶ,
3137 3905 3218 3955 ὅτι
3248 3919 3308 3956 τε
3343 3905 3566 3974 μακρᾶς
3589 3896 3804 3968 ἀπορίας

2245 3995 2389 4064 ἔχεις
2429 3993 2750 4059 ἀπαλλάξας
2785 3995 2887 4066 ιμὲ
2921 3994 3126 4066 δηλαδὴ
3172 3999 3241 4066 τῇ
3273 3998 3504 4067 γενναίᾳ
3534 3996 3626 4048 καὶ
3655 4006 3806 4062 μεγα-

2244 4090 2437 4157 λοφυεῖ
2467 4087 2673 4158 διανοίᾳ
2701 4106 2818 4152 σου,
2849 4087 2908 4154 ἐξ
2937 4083 3004 4160 ἧς
3037 4090 3209 4142 εἰπεῖν
3239 4089 3308 4144 τὰ
3337 4089 3504 4144 κεδνὰ
3537 4084 3806 4158 βλαστάνει

2253 4178 2600 4248 βουλεύματα
2624 4179 2724 4232 καὶ
2758 4179 2840 4232 ὅτι
2887 4180 3030 4234 πάνυ
3063 4197 3144 4233 τοι
3183 4181 3388 4250 σφόδρα
3423 4179 3658 4250 γνησίως
3706 4174 3806 4226 δια-

565 4285 695 4339 tam,
727 4287 892 4342 quam
929 4270 1090 4325 nobis
1125 4270 1386 4325 exhibere
1432 4268 1670 4338 coepisti,
1711 4267 1828 4337 pari
1877 4265 2040 4320 modo
2073 4265 2141 4320 dc

2250 4270 2362 4326 θεὶς
2416 4272 2642 4323 σεαυτὸν
2697 4271 2784 4340 ἐφ’
2817 4271 2988 4342 ἡμᾶς,
3025 4273 3086 4324 ού
3137 4271 3438 4336 διαλείπεις
3499 4271 3592 4324 τὸν
3645 4269 3808 4337 ὄμῦιον

563 4369 654 4422 die
685 4367 740 4420 in
772 4365 923 4418 diem
950 4363 1262 4429 continues,
1294 4362 1530 4416 maxime
1564 4369 1773 4426 autem,
1803 4363 1952 4430 quod
2011 4359 2140 4414 illu-

2249 4363 2451 4432 τρόπον
2483 4363 2539 4426 ἐς
2573 4363 2640 4416 τὰ
2668 4363 2857 4434 πρόσω
2889 4363 2966 4432 τῷ
3001 4363 3196 4434 χρόνῳ
3233 4363 3578 4434 προϐαίνειν,
3612 4360 3805 4414 πάντως

569 4459 700 4512 stris
730 4457 913 4526 lingua
951 4465 1040 4510 tua
1069 4455 1250 4524 largas
1281 4451 1422 4506 adeo
1449 4452 1504 4505 in
1537 4465 1624 4507 me
1667 4449 1862 4505 laudes
1885 4449 2153 4505 eﬂ‘undat.

2259 4455 2317 4506 δὲ
2341 4454 2573 4507 καὶτῶν
2599 4454 2838 4506 ἐπαίνων
2885 4452 3095 4518 ἕνεκεν,
3153 4453 3249 4516 οὓς
3284 4454 3580 4516 πλουσίους
3613 4449 3737 4520 ἡμῖν
3778 4445 3806 4511 ἡ

563 4551 776 4604 Censeo
805 4561 960 4612 vero,
990 4546 1156 4600 etiam
1197 4542 1498 4613 Phrygium
1527 4541 1688 4596 illum
1725 4539 2054 4610 sapientem,
2085 4549 2143 4595 ct

2253 4541 2483 4611 λαμπρά
2513 4559 2607 4595 σου
2657 4541 2951 4612 χαρίζεται
3013 4543 3259 4609 γλῶσσα.
3309 4543 3452 4610 Ἐγὼ
3505 4543 3561 4596 δὲ
3593 4540 3682 4591 καὶ
3724 4533 3803 4586 τὸν

565 4649 839 4711 quotquot
897 4637 1036 4692 alios
1085 4635 1262 4690 eidem
1322 4633 1532 4688 similes
1596 4641 1815 4702 tempus
1885 4632 2140 4702 protulit,

2247 4635 2483 4706 Φρύγιον
2537 4637 2745 4688 ἐκεῖνον
2801 4635 2963 4702 σοφδν
3001 4635 3380 4706 ἀποφαίνομαι
3441 4635 3541 4688 καὶ
3593 4631 3644 4683 εἰ
3665 4639 3808 4684 τινας

567 4744 792 4801 magnas
827 4729 894 4799 (si
945 4726 1072 4797 quis
1117 4725 1226 4780 illis
1269 4722 1489 4793 sensus)
1547 4732 1760 4778 natura:
1808 4733 1912 4778 tua:
1940 4722 2146 4792 gratias

2251 4727 2370 4780 κατ’
2404 4727 2610 4780 ἐκεῖνον
2647 4728 2678 4780 ὁ
2703 4726 2894 4796 χρόνος
2933 4727 3160 4797 ἐτέρους
3192 4729 3527 4799 προήνεγκε,
3587 4719 3808 4793 μεγάλας

565 4819 788 4884 debere,
815 4834 910 4888 per
939 4833 1104 4887 quam
1141 4815 1278 4868 mira
1309 4813 1378 4868 de
1408 4814 1542 4883 ipsis
1577 4813 1778 4868 tradita
1803 4815 1914 4881 jam
1961 4823 2142 4868 astru-

2253 4817 2330 4889 (εῐ
2354 4835 2438 4882 τις
2471 4818 2746 4889 αἴσθησις)
2787 4819 3072 4888 ὁμολογεῖν
3104 4837 3197 4872 σου
3233 4823 3300 4892 τῇ
3329 4821 3490 4890 φύσει
3542 4819 3638 4880 τὰς
3667 4813 3804 4884 χάρτ-

568 4920 760 4974 untur,
790 4919 955 4978 atque
985 4906 1235 4961 confessa
1260 4915 1315 4960 et
1351 4913 1508 4960 extra
1532 4921 1694 4960 omne
1714 4905 1943 4960 dubium
1973 4904 2144 4960 collo-

2251 4927 2371 4975 τας,
2426 4907 2494 4962 δι’
2522 4903 2589 4982 ἦς
2618 4911 2678 4963 τὸ
2712 4909 2894 4964 αὐτῶν
2955 4911 3355 4980 βεϐαιώσαντες
3409 4909 3596 4982 θαῦμα
3635 4903 3805 4976 ὁμολο⁹

569 5015 688 5058 cata
725 5001 1057 5057 redduntur.
1375 5029 1378 5032 -

2252 4999 2347 5067 γού
2357 5017 2520 5068 μενον
2541 5003 2676 5069 ήμῖν
2703 4987 3007 5070 πᾶρέδοσαν
3040 5003 3140 5072 ήδη
3167 5003 3260 5058 καὶ
3287 5001 3680 5072 ἀναμφίὸολον.

1187 5137 1248 5193 ΙΙ.
1275 5137 1513 5192 Zaridaz.

2779 5143 2856 5198 ΒῩ.
2895 5143 2979 5210 Τῷ
3027 5145 3276 5213 Ζαρίδῃ.

1410 5253 1474 5316 (Ν
1482 5250 1703 5313 oticesIet
1723 5249 1938 5303 Extraits
1968 5253 2052 5304 d'es
2077 5268 2220 5319 ιιιεδ..
2252 5265 2372 5310 tom.
2397 5257 2505 5320 XII,
2533 5263 2745 5321 parten,
2771 5271 2821 5321 p.
2855 5259 2962 5322 22.)

781 5343 1141 5418 Proverhium
1171 5361 1412 5428 dicens',

640 5457 796 5526 Quod
834 5455 992 5511 amici
1021 5455 1142 5510 loco
1167 5464 1380 5510 remoto
1415 5453 1664 5508 viventes
1711 5453 1824 5524 jam
1878 5469 1985 5508 non
2019 5463 2149 5509 sunt

570 5553 754 5620 amici,
779 5550 906 5608 inde
937 5565 966 5604 a
993 5549 1158 5618 longo
1185 5556 1434 5618 tempore
1463 5561 1626 5602 aures
1651 5561 1798 5602 meas
1827 5548 2151 5615 obstrepue-

569 5655 680 5712 rat,
711 5643 874 5700 [idem
896 5649 953 5698 et
979 5651 1218 5696 mentem
1243 5655 1420 5695 meam
1450 5639 1791 5704 lacessendo,
1826 5640 1898 5694 ita
1925 5639 2146 5708 quidem
2173 5669 2176 5672 -

573 5747 638 5797 ut
660 5752 939 5811 nunquam
973 5751 1040 5793 ex
1073 5734 1256 5790 animo
1299 5749 1362 5789 ac
1388 5733 1812 5804 cogitationibus
1859 5731 2022 5800 plane
2055 5745 2149 5786 ex-

1261 5829 1292 5864 ᾗ

2485 5363 2545 5418 Ἦ
2576 5366 2676 5433 μὲν
2715 5366 3012 5436 παροιμία,

2329 5456 2506 5526 Τηλοῧ
2542 5457 2689 5525 φίλοι
2719 5457 2959 5519 ναίοντες
2989 5457 3090 5509 οὐκ
3125 5457 3265 5509 είσὶν
3299 5457 3442 5526 φίλοι.
3469 5495 3485 5522 ,
3519 5457 3802 5524 φάσκουσα,

2255 5549 2375 5606 ταῖς
2400 5549 2560 5618 ἐμαῖς
2581 5549 2749 5603 πάλαι
2775 5547 2941 5600 πολὺν
2963 5547 3064 5618 ήδη
3090 5550 3282 5619 χρόνον
3301 5547 3617 5618 ἠνώχληκεν
3635 5543 3804 5602 ἀκοαῖς

2254 5643 2496 5704 πίστεως
2545 5641 2854 5696 ἀπαιτοῦσα
2897 5643 3137 5712 ἐχέγγυα
3159 5684 3173 5708 ,
3207 5645 3300 5695 καί
3327 5661 3448 5696 τινα
3490 5639 3665 5693 πειθὼ
3689 5652 3805 5706 προ-

2254 5731 2562 5805 ϐαλλομένη
2623 5733 2980 5802 εὐπρόσωπον
3032 5735 3088 5798 ὲς
3149 5735 3268 5788 τὲδε
3331 5733 3636 5800 παρέμεινε
3690 5728 3802 5784 τοὺς
