  <div class='ocr_page' id='page_1' title='image "/cluster/home/n/w/nwhite01/storage/ocr_20150623/149/mdp.39015078384750/337.png"; bbox 0 0 4102 6294; ppageno 0'>
   <div class='ocr_carea' id='block_1_1' title="bbox 538 358 652 422">
    <p class='ocr_par' dir='ltr' id='par_1_1' title="bbox 538 358 652 422">
     <span class='ocr_line' id='line_1_1' title="bbox 538 358 652 422; baseline 0 0"><span class='ocrx_word' id='word_1_1' title='bbox 538 358 652 422; x_wconf 68' lang='lat'><strong>659‘</strong></span> 
     </span>
    </p>
   </div>
   <div class='ocr_carea' id='block_1_2' title="bbox 1752 365 2594 430">
    <p class='ocr_par' dir='ltr' id='par_1_2' title="bbox 1752 365 2594 430">
     <span class='ocr_line' id='line_1_2' title="bbox 1752 365 2594 430; baseline 0.007 -6"><span class='ocrx_word' id='word_1_2' title='bbox 1752 365 2166 429; x_wconf 79' lang='lat' dir='ltr'>NICEPHORI</span> <span class='ocrx_word' id='word_1_3' title='bbox 2207 370 2594 430; x_wconf 76' lang='lat' dir='ltr'>GREGOR/E</span> 
     </span>
    </p>
   </div>
   <div class='ocr_carea' id='block_1_3' title="bbox 3649 370 3748 434">
    <p class='ocr_par' dir='ltr' id='par_1_3' title="bbox 3649 370 3748 434">
     <span class='ocr_line' id='line_1_3' title="bbox 3649 370 3748 434; baseline 0.02 -2"><span class='ocrx_word' id='word_1_4' title='bbox 3649 370 3748 434; x_wconf 84' lang='lat'><strong>660</strong></span> 
     </span>
    </p>
   </div>
   <div class='ocr_carea' id='block_1_4' title="bbox 537 469 3754 556">
    <p class='ocr_par' dir='ltr' id='par_1_4' title="bbox 537 469 3754 556">
     <span class='ocr_line' id='line_1_4' title="bbox 537 469 3754 556; baseline 0.003 -30"><span class='ocrx_word' id='word_1_5' title='bbox 537 471 635 526; x_wconf 71' lang='grc' dir='ltr'>ην.</span> <span class='ocrx_word' id='word_1_6' title='bbox 679 472 789 527; x_wconf 87' lang='grc' dir='ltr'>Τοῦ</span> <span class='ocrx_word' id='word_1_7' title='bbox 820 473 1007 528; x_wconf 82' lang='grc' dir='ltr'>αὑτοῦ</span> <span class='ocrx_word' id='word_1_8' title='bbox 1040 472 1598 556; x_wconf 47' lang='grc' dir='ltr'>τῷμρ-ωτονοζαρίῳ</span> <span class='ocrx_word' id='word_1_9' title='bbox 1638 469 2098 548; x_wconf 77' lang='grc' dir='ltr'>Θεσσαλονίκης</span> <span class='ocrx_word' id='word_1_10' title='bbox 2127 490 2174 548; x_wconf 77' lang='grc' dir='ltr'><strong>Α</strong></span> <span class='ocrx_word' id='word_1_11' title='bbox 2203 483 2297 535; x_wconf 76' lang='grc' dir='ltr'>καὶ</span> <span class='ocrx_word' id='word_1_12' title='bbox 2334 483 2399 536; x_wconf 80' lang='grc' dir='ltr'>σὺ</span> <span class='ocrx_word' id='word_1_13' title='bbox 2433 483 2494 535; x_wconf 77' lang='grc' dir='ltr'>τὸ</span> <span class='ocrx_word' id='word_1_14' title='bbox 2519 484 2636 538; x_wconf 87' lang='grc' dir='ltr'>δέον</span> <span class='ocrx_word' id='word_1_15' title='bbox 2663 483 2876 554; x_wconf 78' lang='grc' dir='ltr'>ἠνυκώς</span> <span class='ocrx_word' id='word_1_16' title='bbox 2908 483 3008 556; x_wconf 79' lang='grc' dir='ltr'>ἔσῃ</span> <span class='ocrx_word' id='word_1_17' title='bbox 3029 499 3044 517; x_wconf 79' lang='grc' dir='ltr'><strong>ο</strong></span> <span class='ocrx_word' id='word_1_18' title='bbox 3073 483 3370 554; x_wconf 78' lang='grc' dir='ltr'>ὀλόκληρον</span> <span class='ocrx_word' id='word_1_19' title='bbox 3397 482 3504 552; x_wconf 78' lang='grc' dir='ltr'>γὰρ</span> <span class='ocrx_word' id='word_1_20' title='bbox 3529 481 3594 536; x_wconf 82' lang='grc' dir='ltr'>ἂν</span> <span class='ocrx_word' id='word_1_21' title='bbox 3619 483 3754 536; x_wconf 77' lang='grc' dir='ltr'>οὕτω</span> 
     </span>
    </p>
   </div>
   <div class='ocr_carea' id='block_1_5' title="bbox 1078 547 1550 618">
    <p class='ocr_par' dir='ltr' id='par_1_5' title="bbox 1078 547 1550 618">
     <span class='ocr_line' id='line_1_5' title="bbox 1078 547 1550 618; baseline -0.002 -19"><span class='ocrx_word' id='word_1_22' title='bbox 1078 547 1157 610; x_wconf 85' lang='grc' dir='ltr'>τῷ</span> <span class='ocrx_word' id='word_1_23' title='bbox 1187 547 1550 618; x_wconf 80' lang='grc' dir='ltr'>Σωτηριὼτῃ.</span> 
     </span>
    </p>
   </div>
   <div class='ocr_carea' id='block_1_6' title="bbox 627 655 2102 734">
    <p class='ocr_par' dir='ltr' id='par_1_6' title="bbox 627 655 2102 734">
     <span class='ocr_line' id='line_1_6' title="bbox 627 655 2102 734; baseline 0.005 -26"><span class='ocrx_word' id='word_1_24' title='bbox 627 655 716 721; x_wconf 81' lang='grc' dir='ltr'>Ἐξ</span> <span class='ocrx_word' id='word_1_25' title='bbox 769 658 1026 727; x_wconf 78' lang='grc' dir='ltr'>ἡμισείας</span> <span class='ocrx_word' id='word_1_26' title='bbox 1061 674 1155 727; x_wconf 90' lang='grc' dir='ltr'>μοι</span> <span class='ocrx_word' id='word_1_27' title='bbox 1204 660 1370 730; x_wconf 82' lang='grc' dir='ltr'>φαίνῃ</span> <span class='ocrx_word' id='word_1_28' title='bbox 1405 661 1675 730; x_wconf 75' lang='grc' dir='ltr'>χρηστόςο</span> <span class='ocrx_word' id='word_1_29' title='bbox 1715 662 1796 714; x_wconf 84' lang='grc' dir='ltr'>ὅτι</span> <span class='ocrx_word' id='word_1_30' title='bbox 1846 663 1945 730; x_wconf 78' lang='grc' dir='ltr'>μὲν</span> <span class='ocrx_word' id='word_1_31' title='bbox 1991 665 2102 734; x_wconf 80' lang='grc' dir='ltr'>γὰρ</span> 
     </span>
    </p>
   </div>
   <div class='ocr_carea' id='block_1_7' title="bbox 540 747 2102 826">
    <p class='ocr_par' dir='ltr' id='par_1_7' title="bbox 540 747 2102 826">
     <span class='ocr_line' id='line_1_7' title="bbox 540 747 2102 826; baseline 0.006 -26"><span class='ocrx_word' id='word_1_32' title='bbox 540 747 834 816; x_wconf 72' lang='grc' dir='ltr'>ἐπιθυμεῖς</span> <span class='ocrx_word' id='word_1_33' title='bbox 863 750 1211 818; x_wconf 81' lang='grc' dir='ltr'>γραμμάτων</span> <span class='ocrx_word' id='word_1_34' title='bbox 1236 752 1408 818; x_wconf 89' lang='grc' dir='ltr'>ἐμῶν,</span> <span class='ocrx_word' id='word_1_35' title='bbox 1436 753 1675 817; x_wconf 73' lang='grc' dir='ltr'>παλαιᾶς</span> <span class='ocrx_word' id='word_1_36' title='bbox 1713 755 1930 824; x_wconf 84' lang='grc' dir='ltr'>ἐκείνης</span> <span class='ocrx_word' id='word_1_37' title='bbox 1960 773 2102 826; x_wconf 86' lang='grc' dir='ltr'>μεμ-</span> 
     </span>
    </p>
   </div>
   <div class='ocr_carea' id='block_1_8' title="bbox 544 840 2103 917">
    <p class='ocr_par' dir='ltr' id='par_1_8' title="bbox 544 840 2103 917">
     <span class='ocr_line' id='line_1_8' title="bbox 544 840 2103 917; baseline 0.007 -27"><span class='ocrx_word' id='word_1_38' title='bbox 544 840 777 910; x_wconf 79' lang='grc' dir='ltr'>νημένος</span> <span class='ocrx_word' id='word_1_39' title='bbox 823 840 1150 910; x_wconf 81' lang='grc' dir='ltr'>διατριϐῆς,</span> <span class='ocrx_word' id='word_1_40' title='bbox 1201 841 1392 913; x_wconf 77' lang='grc' dir='ltr'>ἀνδρὸς</span> <span class='ocrx_word' id='word_1_41' title='bbox 1442 843 1723 906; x_wconf 76' lang='grc' dir='ltr'>ἐπιεικοῦς</span> <span class='ocrx_word' id='word_1_42' title='bbox 1765 846 1946 909; x_wconf 80' lang='grc' dir='ltr'>δοκεῖς</span> <span class='ocrx_word' id='word_1_43' title='bbox 2011 865 2103 917; x_wconf 90' lang='grc' dir='ltr'>μοι</span> 
     </span>
    </p>
   </div>
   <div class='ocr_carea' id='block_1_9' title="bbox 545 931 2105 1010">
    <p class='ocr_par' dir='ltr' id='par_1_9' title="bbox 545 931 2105 1010">
     <span class='ocr_line' id='line_1_9' title="bbox 545 931 2105 1010; baseline 0.014 -30"><span class='ocrx_word' id='word_1_44' title='bbox 545 932 775 1000; x_wconf 78' lang='grc' dir='ltr'>πρᾶγμα</span> <span class='ocrx_word' id='word_1_45' title='bbox 823 935 1026 984; x_wconf 84' lang='grc' dir='ltr'>ποιεῖν·</span> <span class='ocrx_word' id='word_1_46' title='bbox 1072 931 1150 1001; x_wconf 90' lang='grc' dir='ltr'>τῷ</span> <span class='ocrx_word' id='word_1_47' title='bbox 1193 933 1261 999; x_wconf 84' lang='grc' dir='ltr'>δ’,</span> <span class='ocrx_word' id='word_1_48' title='bbox 1301 935 1418 999; x_wconf 63' lang='grc' dir='ltr'>ἐξὸν</span> <span class='ocrx_word' id='word_1_49' title='bbox 1459 939 1647 1006; x_wconf 75' lang='grc' dir='ltr'>τυχεῖν</span> <span class='ocrx_word' id='word_1_50' title='bbox 1695 932 1772 990; x_wconf 83' lang='grc' dir='ltr'>ὧν</span> <span class='ocrx_word' id='word_1_51' title='bbox 1816 940 1967 1008; x_wconf 78' lang='grc' dir='ltr'>ἐρᾷς,</span> <span class='ocrx_word' id='word_1_52' title='bbox 2027 939 2105 1010; x_wconf 77' lang='grc' dir='ltr'>μὴ</span> 
     </span>
    </p>
   </div>
   <div class='ocr_carea' id='block_1_10' title="bbox 543 1025 2107 1100">
    <p class='ocr_par' dir='ltr' id='par_1_10' title="bbox 543 1025 2107 1100">
     <span class='ocr_line' id='line_1_10' title="bbox 543 1025 2107 1100; baseline 0.005 -22"><span class='ocrx_word' id='word_1_53' title='bbox 543 1025 756 1094; x_wconf 86' lang='grc' dir='ltr'>πρῶτος</span> <span class='ocrx_word' id='word_1_54' title='bbox 783 1025 944 1088; x_wconf 87' lang='grc' dir='ltr'>αὐτὸς</span> <span class='ocrx_word' id='word_1_55' title='bbox 977 1026 1287 1096; x_wconf 88' lang='grc' dir='ltr'>χρήσασθαι</span> <span class='ocrx_word' id='word_1_56' title='bbox 1334 1030 1447 1091; x_wconf 89' lang='grc' dir='ltr'>τοῖς</span> <span class='ocrx_word' id='word_1_57' title='bbox 1495 1029 1590 1081; x_wconf 74' lang='grc' dir='ltr'>ἐπὶ</span> <span class='ocrx_word' id='word_1_58' title='bbox 1623 1029 1800 1086; x_wconf 85' lang='grc' dir='ltr'>ταῦτα</span> <span class='ocrx_word' id='word_1_59' title='bbox 1849 1033 2107 1100; x_wconf 81' lang='grc' dir='ltr'>κινήσου-</span> 
     </span>
    </p>
   </div>
   <div class='ocr_carea' id='block_1_11' title="bbox 543 1113 2108 1196">
    <p class='ocr_par' dir='ltr' id='par_1_11' title="bbox 543 1113 2108 1196">
     <span class='ocr_line' id='line_1_11' title="bbox 543 1113 2108 1196; baseline 0.006 -27"><span class='ocrx_word' id='word_1_60' title='bbox 543 1119 594 1169; x_wconf 90' lang='grc' dir='ltr'>σί</span> <span class='ocrx_word' id='word_1_61' title='bbox 629 1135 718 1186; x_wconf 87' lang='grc' dir='ltr'>με,</span> <span class='ocrx_word' id='word_1_62' title='bbox 751 1114 856 1171; x_wconf 75' lang='grc' dir='ltr'>κᾶν</span> <span class='ocrx_word' id='word_1_63' title='bbox 883 1119 1084 1188; x_wconf 88' lang='grc' dir='ltr'>βραδύς</span> <span class='ocrx_word' id='word_1_64' title='bbox 1116 1137 1201 1183; x_wconf 89' lang='grc' dir='ltr'>τις</span> <span class='ocrx_word' id='word_1_65' title='bbox 1254 1113 1298 1172; x_wconf 83' lang='grc' dir='ltr'><strong>ὧ</strong></span> <span class='ocrx_word' id='word_1_66' title='bbox 1330 1123 1425 1174; x_wconf 76' lang='grc' dir='ltr'>καὶ</span> <span class='ocrx_word' id='word_1_67' title='bbox 1455 1123 1650 1193; x_wconf 76' lang='grc' dir='ltr'>νωθής,</span> <span class='ocrx_word' id='word_1_68' title='bbox 1705 1124 1876 1196; x_wconf 84' lang='grc' dir='ltr'>ταύτῃ</span> <span class='ocrx_word' id='word_1_69' title='bbox 1923 1143 2016 1194; x_wconf 88' lang='grc' dir='ltr'>μοι</span> <span class='ocrx_word' id='word_1_70' title='bbox 2045 1125 2108 1178; x_wconf 78' lang='grc' dir='ltr'>τὸ</span> 
     </span>
    </p>
   </div>
   <div class='ocr_carea' id='block_1_12' title="bbox 543 1209 2110 1277">
    <p class='ocr_par' dir='ltr' id='par_1_12' title="bbox 543 1209 2110 1277">
     <span class='ocr_line' id='line_1_12' title="bbox 543 1209 2110 1277; baseline 0.006 -15"><span class='ocrx_word' id='word_1_71' title='bbox 543 1209 664 1263; x_wconf 83' lang='grc' dir='ltr'>δέον</span> <span class='ocrx_word' id='word_1_72' title='bbox 727 1210 1089 1277; x_wconf 80' lang='grc' dir='ltr'>παραλείπειν</span> <span class='ocrx_word' id='word_1_73' title='bbox 1143 1215 1342 1276; x_wconf 82' lang='grc' dir='ltr'>δοκεῖς.</span> <span class='ocrx_word' id='word_1_74' title='bbox 1395 1215 1549 1269; x_wconf 72' lang='grc' dir='ltr'>Ἐπεὶ</span> <span class='ocrx_word' id='word_1_75' title='bbox 1616 1217 1671 1269; x_wconf 78' lang='grc' dir='ltr'>δὲ</span> <span class='ocrx_word' id='word_1_76' title='bbox 1719 1217 1799 1272; x_wconf 86' lang='grc' dir='ltr'>δεῖ</span> <span class='ocrx_word' id='word_1_77' title='bbox 1825 1235 1948 1273; x_wconf 87' lang='grc' dir='ltr'>τινα</span> <span class='ocrx_word' id='word_1_78' title='bbox 2001 1219 2110 1272; x_wconf 83' lang='grc' dir='ltr'>τῶν</span> 
     </span>
    </p>
   </div>
   <div class='ocr_carea' id='block_1_13' title="bbox 542 1301 2110 1374">
    <p class='ocr_par' dir='ltr' id='par_1_13' title="bbox 542 1301 2110 1374">
     <span class='ocr_line' id='line_1_13' title="bbox 542 1301 2110 1374; baseline 0.006 -22"><span class='ocrx_word' id='word_1_79' title='bbox 542 1301 848 1355; x_wconf 79' lang='grc' dir='ltr'>καλλίστων</span> <span class='ocrx_word' id='word_1_80' title='bbox 897 1304 1144 1374; x_wconf 83' lang='grc' dir='ltr'>ἡγεμόνα</span> <span class='ocrx_word' id='word_1_81' title='bbox 1195 1306 1471 1372; x_wconf 84' lang='grc' dir='ltr'>γενέσθαι,</span> <span class='ocrx_word' id='word_1_82' title='bbox 1505 1309 1568 1361; x_wconf 82' lang='grc' dir='ltr'>σὺ</span> <span class='ocrx_word' id='word_1_83' title='bbox 1627 1309 1684 1361; x_wconf 87' lang='grc' dir='ltr'>δὲ</span> <span class='ocrx_word' id='word_1_84' title='bbox 1728 1309 1891 1363; x_wconf 88' lang='grc' dir='ltr'>τοῦτο</span> <span class='ocrx_word' id='word_1_85' title='bbox 1923 1310 2110 1363; x_wconf 82' lang='grc' dir='ltr'>λαϐεῖν</span> 
     </span>
    </p>
   </div>
   <div class='ocr_carea' id='block_1_14' title="bbox 543 1395 2109 1469">
    <p class='ocr_par' dir='ltr' id='par_1_14' title="bbox 543 1395 2109 1469">
     <span class='ocr_line' id='line_1_14' title="bbox 543 1395 2109 1469; baseline 0.006 -26"><span class='ocrx_word' id='word_1_86' title='bbox 543 1395 643 1444; x_wconf 67' lang='grc' dir='ltr'>οὐκ</span> <span class='ocrx_word' id='word_1_87' title='bbox 693 1395 962 1463; x_wconf 75' lang='grc' dir='ltr'>ἠνέσχου,</span> <span class='ocrx_word' id='word_1_88' title='bbox 1017 1396 1137 1462; x_wconf 82' lang='grc' dir='ltr'>ἐξόν</span> <span class='ocrx_word' id='word_1_89' title='bbox 1193 1413 1274 1449; x_wconf 88' lang='grc' dir='ltr'>σοι</span> <span class='ocrx_word' id='word_1_90' title='bbox 1320 1399 1431 1461; x_wconf 84' lang='grc' dir='ltr'>τοῖς</span> <span class='ocrx_word' id='word_1_91' title='bbox 1488 1399 1749 1461; x_wconf 85' lang='grc' dir='ltr'>τοιούτοις</span> <span class='ocrx_word' id='word_1_92' title='bbox 1797 1401 2109 1469; x_wconf 79' lang='grc' dir='ltr'>ἀμέμπτως</span> 
     </span>
    </p>
   </div>
   <div class='ocr_carea' id='block_1_15' title="bbox 545 1484 2113 1562">
    <p class='ocr_par' dir='ltr' id='par_1_15' title="bbox 545 1484 2113 1562">
     <span class='ocr_line' id='line_1_15' title="bbox 545 1484 2113 1562; baseline 0.006 -27"><span class='ocrx_word' id='word_1_93' title='bbox 545 1484 916 1553; x_wconf 78' lang='grc' dir='ltr'>πλεονεκτεῖν,</span> <span class='ocrx_word' id='word_1_94' title='bbox 949 1488 1061 1554; x_wconf 84' lang='grc' dir='ltr'>ἐγώ</span> <span class='ocrx_word' id='word_1_95' title='bbox 1097 1505 1182 1541; x_wconf 91' lang='grc' dir='ltr'>σοι</span> <span class='ocrx_word' id='word_1_96' title='bbox 1211 1489 1434 1558; x_wconf 81' lang='grc' dir='ltr'>γίνομαι</span> <span class='ocrx_word' id='word_1_97' title='bbox 1459 1491 1666 1544; x_wconf 87' lang='grc' dir='ltr'>τούτων</span> <span class='ocrx_word' id='word_1_98' title='bbox 1700 1492 2011 1562; x_wconf 82' lang='grc' dir='ltr'>ὑφηγητὴς,</span> <span class='ocrx_word' id='word_1_99' title='bbox 2044 1493 2113 1544; x_wconf 76' lang='grc' dir='ltr'>ῖν’</span> 
     </span>
    </p>
   </div>
   <div class='ocr_carea' id='block_1_16' title="bbox 541 1575 2114 1652">
    <p class='ocr_par' dir='ltr' id='par_1_16' title="bbox 541 1575 2114 1652">
     <span class='ocr_line' id='line_1_16' title="bbox 541 1575 2114 1652; baseline 0.006 -25"><span class='ocrx_word' id='word_1_100' title='bbox 541 1575 710 1638; x_wconf 71' lang='grc' dir='ltr'>οὕτως</span> <span class='ocrx_word' id='word_1_101' title='bbox 740 1579 869 1647; x_wconf 86' lang='grc' dir='ltr'>γοῦν</span> <span class='ocrx_word' id='word_1_102' title='bbox 895 1578 1049 1633; x_wconf 80' lang='grc' dir='ltr'>ἒποιό</span> <span class='ocrx_word' id='word_1_103' title='bbox 1063 1597 1173 1649; x_wconf 89' lang='grc' dir='ltr'>μοι,</span> <span class='ocrx_word' id='word_1_104' title='bbox 1210 1580 1342 1650; x_wconf 80' lang='grc' dir='ltr'>πρὸς</span> <span class='ocrx_word' id='word_1_105' title='bbox 1379 1582 1723 1650; x_wconf 84' lang='grc' dir='ltr'>παράδειγμα</span> <span class='ocrx_word' id='word_1_106' title='bbox 1743 1583 1954 1652; x_wconf 78' lang='grc' dir='ltr'>βλέπων</span> <span class='ocrx_word' id='word_1_107' title='bbox 1993 1584 2114 1637; x_wconf 84' lang='grc' dir='ltr'>τοὺ-</span> 
     </span>
    </p>
   </div>
   <div class='ocr_carea' id='block_1_17' title="bbox 545 1669 2112 1746">
    <p class='ocr_par' dir='ltr' id='par_1_17' title="bbox 545 1669 2112 1746">
     <span class='ocr_line' id='line_1_17' title="bbox 545 1669 2112 1746; baseline 0.007 -28"><span class='ocrx_word' id='word_1_108' title='bbox 545 1669 660 1736; x_wconf 69' lang='grc' dir='ltr'>μίν.</span> <span class='ocrx_word' id='word_1_109' title='bbox 693 1669 753 1720; x_wconf 81' lang='lat' dir='ltr'><strong>Ei</strong></span> <span class='ocrx_word' id='word_1_110' title='bbox 787 1669 886 1738; x_wconf 80' lang='grc' dir='ltr'>μὲν</span> <span class='ocrx_word' id='word_1_111' title='bbox 907 1669 1000 1726; x_wconf 78' lang='grc' dir='ltr'>οὖν</span> <span class='ocrx_word' id='word_1_112' title='bbox 1024 1671 1363 1740; x_wconf 75' lang='grc' dir='ltr'>τούντεῦθεν,</span> <span class='ocrx_word' id='word_1_113' title='bbox 1383 1675 1442 1726; x_wconf 80' lang='grc' dir='ltr'>τὸ</span> <span class='ocrx_word' id='word_1_114' title='bbox 1467 1675 1735 1746; x_wconf 73' lang='grc' dir='ltr'>ῥᾳθυμεῖν</span> <span class='ocrx_word' id='word_1_115' title='bbox 1753 1675 2112 1745; x_wconf 79' lang='grc' dir='ltr'>ἀποθέμενος,</span> 
     </span>
    </p>
   </div>
   <div class='ocr_carea' id='block_1_18' title="bbox 541 1761 2108 1839">
    <p class='ocr_par' dir='ltr' id='par_1_18' title="bbox 541 1761 2108 1839">
     <span class='ocr_line' id='line_1_18' title="bbox 541 1761 2108 1839; baseline 0.007 -31"><span class='ocrx_word' id='word_1_116' title='bbox 541 1761 635 1812; x_wconf 72' lang='grc' dir='ltr'>ἐπὶ</span> <span class='ocrx_word' id='word_1_117' title='bbox 679 1761 741 1814; x_wconf 74' lang='grc' dir='ltr'>τὸ</span> <span class='ocrx_word' id='word_1_118' title='bbox 779 1762 1017 1832; x_wconf 76' lang='grc' dir='ltr'>γράφειν</span> <span class='ocrx_word' id='word_1_119' title='bbox 1053 1761 1228 1839; x_wconf 74' lang='grc' dir='ltr'>ἥξεις,</span> <span class='ocrx_word' id='word_1_120' title='bbox 1264 1766 1426 1836; x_wconf 87' lang='grc' dir='ltr'>ήμεῖς</span> <span class='ocrx_word' id='word_1_121' title='bbox 1482 1767 1540 1818; x_wconf 86' lang='grc' dir='ltr'>τέ</span> <span class='ocrx_word' id='word_1_122' title='bbox 1578 1783 1634 1820; x_wconf 86' lang='grc' dir='ltr'>σε</span> <span class='ocrx_word' id='word_1_123' title='bbox 1683 1766 2108 1836; x_wconf 80' lang='grc' dir='ltr'>ἐπαινεσόμεθα,</span> 
     </span>
    </p>
   </div>
   <div class='ocr_carea' id='block_1_19' title="bbox 2206 573 3756 645">
    <p class='ocr_par' dir='ltr' id='par_1_19' title="bbox 2206 573 3756 645">
     <span class='ocr_line' id='line_1_19' title="bbox 2206 573 3756 645; baseline 0.002 -20"><span class='ocrx_word' id='word_1_124' title='bbox 2206 576 2299 626; x_wconf 73' lang='grc' dir='ltr'>τὸν</span> <span class='ocrx_word' id='word_1_125' title='bbox 2330 573 2527 627; x_wconf 84' lang='grc' dir='ltr'>σαυτοῦ</span> <span class='ocrx_word' id='word_1_126' title='bbox 2572 575 2773 644; x_wconf 86' lang='grc' dir='ltr'>τρόπον</span> <span class='ocrx_word' id='word_1_127' title='bbox 2816 576 2950 644; x_wconf 80' lang='grc' dir='ltr'>ἡμῖν</span> <span class='ocrx_word' id='word_1_128' title='bbox 2982 577 3079 629; x_wconf 76' lang='grc' dir='ltr'>καὶ</span> <span class='ocrx_word' id='word_1_129' title='bbox 3111 576 3210 628; x_wconf 85' lang='grc' dir='ltr'>οὐκ</span> <span class='ocrx_word' id='word_1_130' title='bbox 3260 575 3427 645; x_wconf 81' lang='grc' dir='ltr'>ἀτελῆ</span> <span class='ocrx_word' id='word_1_131' title='bbox 3459 592 3543 643; x_wconf 90' lang='grc' dir='ltr'>γε,</span> <span class='ocrx_word' id='word_1_132' title='bbox 3574 575 3756 645; x_wconf 81' lang='grc' dir='ltr'>ῶσπερ</span> 
     </span>
    </p>
   </div>
   <div class='ocr_carea' id='block_1_20' title="bbox 2206 661 3757 735">
    <p class='ocr_par' dir='ltr' id='par_1_20' title="bbox 2206 661 3757 735">
     <span class='ocr_line' id='line_1_20' title="bbox 2206 661 3757 735; baseline 0 -18"><span class='ocrx_word' id='word_1_133' title='bbox 2206 661 2323 725; x_wconf 88' lang='grc' dir='ltr'>νῦν,</span> <span class='ocrx_word' id='word_1_134' title='bbox 2351 666 2760 735; x_wconf 85' lang='grc' dir='ltr'>παραστήσαις.</span> <span class='ocrx_word' id='word_1_135' title='bbox 2799 665 2918 717; x_wconf 83' lang='grc' dir='ltr'>Κᾶν</span> <span class='ocrx_word' id='word_1_136' title='bbox 2948 661 3086 734; x_wconf 80' lang='grc' dir='ltr'>πρὸς</span> <span class='ocrx_word' id='word_1_137' title='bbox 3127 665 3185 716; x_wconf 71' lang='grc' dir='ltr'>σὲ</span> <span class='ocrx_word' id='word_1_138' title='bbox 3222 663 3424 734; x_wconf 71' lang='grc' dir='ltr'>βλέπω,</span> <span class='ocrx_word' id='word_1_139' title='bbox 3457 665 3554 716; x_wconf 84' lang='grc' dir='ltr'>οὐκ</span> <span class='ocrx_word' id='word_1_140' title='bbox 3584 665 3757 734; x_wconf 81' lang='grc' dir='ltr'>ἀνήσω</span> 
     </span>
    </p>
   </div>
   <div class='ocr_carea' id='block_1_21' title="bbox 2201 754 3763 825">
    <p class='ocr_par' dir='ltr' id='par_1_21' title="bbox 2201 754 3763 825">
     <span class='ocr_line' id='line_1_21' title="bbox 2201 754 3763 825; baseline 0.001 -18"><span class='ocrx_word' id='word_1_141' title='bbox 2201 757 2313 817; x_wconf 84' lang='grc' dir='ltr'>τοῖς</span> <span class='ocrx_word' id='word_1_142' title='bbox 2352 756 2492 816; x_wconf 84' lang='grc' dir='ltr'>ίσοις</span> <span class='ocrx_word' id='word_1_143' title='bbox 2523 755 2850 822; x_wconf 68' lang='grc' dir='ltr'>ἀμείῆεσθαί</span> <span class='ocrx_word' id='word_1_144' title='bbox 2874 771 2934 808; x_wconf 85' lang='grc' dir='ltr'>σε</span> <span class='ocrx_word' id='word_1_145' title='bbox 2965 770 2980 786; x_wconf 76' lang='grc' dir='ltr'>ο</span> <span class='ocrx_word' id='word_1_146' title='bbox 3047 755 3262 809; x_wconf 80' lang='grc' dir='ltr'>δίκαιον</span> <span class='ocrx_word' id='word_1_147' title='bbox 3293 755 3402 825; x_wconf 87' lang='grc' dir='ltr'>γάρ</span> <span class='ocrx_word' id='word_1_148' title='bbox 3438 772 3528 824; x_wconf 88' lang='grc' dir='ltr'>με,</span> <span class='ocrx_word' id='word_1_149' title='bbox 3561 754 3654 807; x_wconf 85' lang='grc' dir='ltr'>τοῦ</span> <span class='ocrx_word' id='word_1_150' title='bbox 3692 773 3763 822; x_wconf 87' lang='grc' dir='ltr'>γι-</span> 
     </span>
    </p>
   </div>
   <div class='ocr_carea' id='block_1_22' title="bbox 2205 845 3762 916">
    <p class='ocr_par' dir='ltr' id='par_1_22' title="bbox 2205 845 3762 916">
     <span class='ocr_line' id='line_1_22' title="bbox 2205 845 3762 916; baseline 0.002 -20"><span class='ocrx_word' id='word_1_151' title='bbox 2205 846 2470 914; x_wconf 79' lang='grc' dir='ltr'>γνομένου</span> <span class='ocrx_word' id='word_1_152' title='bbox 2497 848 2696 910; x_wconf 77' lang='grc' dir='ltr'>παντὸς</span> <span class='ocrx_word' id='word_1_153' title='bbox 2710 846 3048 916; x_wconf 81' lang='grc' dir='ltr'>τυγχάνοντα</span> <span class='ocrx_word' id='word_1_154' title='bbox 3081 847 3232 916; x_wconf 83' lang='grc' dir='ltr'>παρὰ</span> <span class='ocrx_word' id='word_1_155' title='bbox 3258 845 3372 912; x_wconf 91' lang='grc' dir='ltr'>σοῦ,</span> <span class='ocrx_word' id='word_1_156' title='bbox 3405 847 3497 899; x_wconf 75' lang='grc' dir='ltr'>καὶ</span> <span class='ocrx_word' id='word_1_157' title='bbox 3520 847 3680 899; x_wconf 78' lang='grc' dir='ltr'>αὐτὸν</span> <span class='ocrx_word' id='word_1_158' title='bbox 3706 848 3762 900; x_wconf 64' lang='lat'>1’)</span> 
     </span>
    </p>
   </div>
   <div class='ocr_carea' id='block_1_23' title="bbox 2204 937 3765 1009">
    <p class='ocr_par' dir='ltr' id='par_1_23' title="bbox 2204 937 3765 1009">
     <span class='ocr_line' id='line_1_23' title="bbox 2204 937 3765 1009; baseline -0.003 -15"><span class='ocrx_word' id='word_1_159' title='bbox 2204 937 2324 994; x_wconf 78' lang='grc' dir='ltr'>δέον</span> <span class='ocrx_word' id='word_1_160' title='bbox 2352 938 2713 993; x_wconf 79' lang='grc' dir='ltr'>ἀντιδιδόναι·</span> <span class='ocrx_word' id='word_1_161' title='bbox 2758 957 2777 989; x_wconf 73' lang='grc' dir='ltr'>ι</span> <span class='ocrx_word' id='word_1_162' title='bbox 2818 940 2916 1002; x_wconf 75' lang='grc' dir='ltr'>Δὸς</span> <span class='ocrx_word' id='word_1_163' title='bbox 2958 939 3067 1009; x_wconf 82' lang='grc' dir='ltr'>γάρ</span> <span class='ocrx_word' id='word_1_164' title='bbox 3097 956 3150 992; x_wconf 89' lang='grc' dir='ltr'>τι</span> <span class='ocrx_word' id='word_1_165' title='bbox 3191 940 3285 992; x_wconf 84' lang='grc' dir='ltr'>καὶ</span> <span class='ocrx_word' id='word_1_166' title='bbox 3345 939 3476 992; x_wconf 83' lang='grc' dir='ltr'>λάσε</span> <span class='ocrx_word' id='word_1_167' title='bbox 3532 955 3620 1005; x_wconf 61' lang='grc' dir='ltr'>τι,,</span> <span class='ocrx_word' id='word_1_168' title='bbox 3639 938 3765 1007; x_wconf 89' lang='grc' dir='ltr'>φησί</span> 
     </span>
    </p>
   </div>
   <div class='ocr_carea' id='block_1_24' title="bbox 2205 1029 3762 1101">
    <p class='ocr_par' dir='ltr' id='par_1_24' title="bbox 2205 1029 3762 1101">
     <span class='ocr_line' id='line_1_24' title="bbox 2205 1029 3762 1101; baseline -0.001 -17"><span class='ocrx_word' id='word_1_169' title='bbox 2205 1045 2291 1090; x_wconf 83' lang='grc' dir='ltr'>τις</span> <span class='ocrx_word' id='word_1_170' title='bbox 2335 1029 2446 1082; x_wconf 87' lang='grc' dir='ltr'>σῶν</span> <span class='ocrx_word' id='word_1_171' title='bbox 2497 1030 2745 1083; x_wconf 84' lang='grc' dir='ltr'>παλαιῶν</span> <span class='ocrx_word' id='word_1_172' title='bbox 2768 1045 2780 1057; x_wconf 90' lang='lat'><strong>&#39;</strong></span> <span class='ocrx_word' id='word_1_173' title='bbox 2815 1031 2850 1084; x_wconf 84' lang='grc' dir='ltr'>ἀ</span> <span class='ocrx_word' id='word_1_174' title='bbox 2872 1031 2982 1100; x_wconf 82' lang='grc' dir='ltr'>γὰρ</span> <span class='ocrx_word' id='word_1_175' title='bbox 3011 1031 3130 1100; x_wconf 73' lang='grc' dir='ltr'>χεὶρ</span> <span class='ocrx_word' id='word_1_176' title='bbox 3156 1031 3258 1084; x_wconf 89' lang='grc' dir='ltr'>τάν</span> <span class='ocrx_word' id='word_1_177' title='bbox 3281 1032 3438 1101; x_wconf 87' lang='grc' dir='ltr'>χεῖρα</span> <span class='ocrx_word' id='word_1_178' title='bbox 3465 1031 3621 1095; x_wconf 81' lang='grc' dir='ltr'>νίζει.</span> <span class='ocrx_word' id='word_1_179' title='bbox 3658 1049 3676 1083; x_wconf 73' lang='grc' dir='ltr'>ι</span> <span class='ocrx_word' id='word_1_180' title='bbox 3706 1032 3762 1083; x_wconf 80' lang='lat' dir='ltr'><strong>Ei</strong></span> 
     </span>
    </p>
   </div>
   <div class='ocr_carea' id='block_1_25' title="bbox 2207 1120 3764 1192">
    <p class='ocr_par' dir='ltr' id='par_1_25' title="bbox 2207 1120 3764 1192">
     <span class='ocr_line' id='line_1_25' title="bbox 2207 1120 3764 1192; baseline 0.001 -20"><span class='ocrx_word' id='word_1_181' title='bbox 2207 1120 2254 1173; x_wconf 91' lang='grc' dir='ltr'>δ’</span> <span class='ocrx_word' id='word_1_182' title='bbox 2292 1122 2550 1190; x_wconf 88' lang='grc' dir='ltr'>ἐμμενεῖς</span> <span class='ocrx_word' id='word_1_183' title='bbox 2577 1124 2640 1191; x_wconf 81' lang='grc' dir='ltr'>τῇ</span> <span class='ocrx_word' id='word_1_184' title='bbox 2679 1124 2830 1192; x_wconf 78' lang='grc' dir='ltr'>σιγῇ,</span> <span class='ocrx_word' id='word_1_185' title='bbox 2867 1121 3061 1192; x_wconf 75' lang='grc' dir='ltr'>μηκέτ’</span> <span class='ocrx_word' id='word_1_186' title='bbox 3091 1121 3192 1190; x_wconf 83' lang='grc' dir='ltr'>ἐμέ</span> <span class='ocrx_word' id='word_1_187' title='bbox 3239 1122 3403 1174; x_wconf 87' lang='grc' dir='ltr'>δίωκε</span> <span class='ocrx_word' id='word_1_188' title='bbox 3431 1122 3764 1188; x_wconf 80' lang='grc' dir='ltr'>σκαιότητος,</span> 
     </span>
    </p>
   </div>
   <div class='ocr_carea' id='block_1_26' title="bbox 2208 1214 3769 1284">
    <p class='ocr_par' dir='ltr' id='par_1_26' title="bbox 2208 1214 3769 1284">
     <span class='ocr_line' id='line_1_26' title="bbox 2208 1214 3769 1284; baseline 0 -18"><span class='ocrx_word' id='word_1_189' title='bbox 2208 1214 2241 1283; x_wconf 87' lang='grc' dir='ltr'>ἢ</span> <span class='ocrx_word' id='word_1_190' title='bbox 2276 1214 2386 1270; x_wconf 87' lang='grc' dir='ltr'>τῶν</span> <span class='ocrx_word' id='word_1_191' title='bbox 2413 1216 2583 1284; x_wconf 86' lang='grc' dir='ltr'>φίλων</span> <span class='ocrx_word' id='word_1_192' title='bbox 2627 1215 2963 1284; x_wconf 74' lang='grc' dir='ltr'>ὑπεροψίαςο</span> <span class='ocrx_word' id='word_1_193' title='bbox 3023 1214 3219 1269; x_wconf 77' lang='grc' dir='ltr'>σαυτὸν</span> <span class='ocrx_word' id='word_1_194' title='bbox 3247 1215 3302 1268; x_wconf 84' lang='grc' dir='ltr'>δὲ</span> <span class='ocrx_word' id='word_1_195' title='bbox 3350 1215 3509 1269; x_wconf 89' lang='grc' dir='ltr'>αίτιῶ</span> <span class='ocrx_word' id='word_1_196' title='bbox 3549 1215 3610 1266; x_wconf 83' lang='grc' dir='ltr'>τὸ</span> <span class='ocrx_word' id='word_1_197' title='bbox 3660 1214 3769 1267; x_wconf 79' lang='grc' dir='ltr'>δέον</span> 
     </span>
    </p>
   </div>
   <div class='ocr_carea' id='block_1_27' title="bbox 2209 1301 3768 1376">
    <p class='ocr_par' dir='ltr' id='par_1_27' title="bbox 2209 1301 3768 1376">
     <span class='ocr_line' id='line_1_27' title="bbox 2209 1301 3768 1376; baseline 0.001 -19"><span class='ocrx_word' id='word_1_198' title='bbox 2209 1306 2581 1369; x_wconf 80' lang='grc' dir='ltr'>ἐκλελοιπότα,</span> <span class='ocrx_word' id='word_1_199' title='bbox 2615 1301 2660 1374; x_wconf 82' lang='grc' dir='ltr'>ᾧ</span> <span class='ocrx_word' id='word_1_200' title='bbox 2709 1307 2766 1376; x_wconf 85' lang='grc' dir='ltr'>μ’</span> <span class='ocrx_word' id='word_1_201' title='bbox 2797 1309 2998 1370; x_wconf 80' lang='grc' dir='ltr'>ἐκίνεις</span> <span class='ocrx_word' id='word_1_202' title='bbox 3045 1307 3113 1360; x_wconf 87' lang='grc' dir='ltr'>ἂν</span> <span class='ocrx_word' id='word_1_203' title='bbox 3151 1307 3244 1360; x_wconf 75' lang='grc' dir='ltr'>ἐπὶ</span> <span class='ocrx_word' id='word_1_204' title='bbox 3307 1306 3366 1360; x_wconf 79' lang='grc' dir='ltr'>τὸ</span> <span class='ocrx_word' id='word_1_205' title='bbox 3411 1306 3644 1375; x_wconf 86' lang='grc' dir='ltr'>γράφειν</span> <span class='ocrx_word' id='word_1_206' title='bbox 3669 1305 3768 1359; x_wconf 88' lang='grc' dir='ltr'>ἀεί.</span> 
     </span>
    </p>
   </div>
   <div class='ocr_carea' id='block_1_28' title="bbox 2212 1397 3771 1469">
    <p class='ocr_par' dir='ltr' id='par_1_28' title="bbox 2212 1397 3771 1469">
     <span class='ocr_line' id='line_1_28' title="bbox 2212 1397 3771 1469; baseline -0.003 -17"><span class='ocrx_word' id='word_1_207' title='bbox 2212 1399 2378 1468; x_wconf 77' lang='grc' dir='ltr'>Σιγήν</span> <span class='ocrx_word' id='word_1_208' title='bbox 2415 1399 2524 1469; x_wconf 82' lang='grc' dir='ltr'>γὰρ</span> <span class='ocrx_word' id='word_1_209' title='bbox 2553 1398 2666 1463; x_wconf 78' lang='grc' dir='ltr'>ἄξω</span> <span class='ocrx_word' id='word_1_210' title='bbox 2699 1399 2872 1467; x_wconf 88' lang='grc' dir='ltr'>κάγὼ,</span> <span class='ocrx_word' id='word_1_211' title='bbox 2908 1398 3000 1452; x_wconf 84' lang='grc' dir='ltr'>τοῦ</span> <span class='ocrx_word' id='word_1_212' title='bbox 3035 1399 3281 1461; x_wconf 87' lang='grc' dir='ltr'>κινοῦτος</span> <span class='ocrx_word' id='word_1_213' title='bbox 3309 1399 3408 1451; x_wconf 82' lang='grc' dir='ltr'>οὒκ</span> <span class='ocrx_word' id='word_1_214' title='bbox 3438 1397 3620 1458; x_wconf 78' lang='grc' dir='ltr'>ὖντοςο</span> <span class='ocrx_word' id='word_1_215' title='bbox 3656 1397 3771 1449; x_wconf 83' lang='grc' dir='ltr'>ἐπεὶ</span> 
     </span>
    </p>
   </div>
   <div class='ocr_carea' id='block_1_29' title="bbox 2213 1487 3773 1560">
    <p class='ocr_par' dir='ltr' id='par_1_29' title="bbox 2213 1487 3773 1560">
     <span class='ocr_line' id='line_1_29' title="bbox 2213 1487 3773 1560; baseline -0.003 -14"><span class='ocrx_word' id='word_1_216' title='bbox 2213 1491 2308 1546; x_wconf 74' lang='grc' dir='ltr'>καὶ</span> <span class='ocrx_word' id='word_1_217' title='bbox 2335 1491 2429 1544; x_wconf 87' lang='grc' dir='ltr'>νῦν</span> <span class='ocrx_word' id='word_1_218' title='bbox 2451 1491 2550 1544; x_wconf 82' lang='grc' dir='ltr'>οὐκ</span> <span class='ocrx_word' id='word_1_219' title='bbox 2576 1491 2643 1545; x_wconf 87' lang='grc' dir='ltr'>ἂν</span> <span class='ocrx_word' id='word_1_220' title='bbox 2676 1487 2957 1560; x_wconf 77' lang='grc' dir='ltr'>ἐμνήσθην</span> <span class='ocrx_word' id='word_1_221' title='bbox 3007 1489 3146 1560; x_wconf 81' lang='grc' dir='ltr'>πρὸς</span> <span class='ocrx_word' id='word_1_222' title='bbox 3185 1490 3245 1543; x_wconf 78' lang='grc' dir='ltr'>σὲ</span> <span class='ocrx_word' id='word_1_223' title='bbox 3271 1489 3648 1560; x_wconf 76' lang='grc' dir='ltr'>γραμμάτων,</span> <span class='ocrx_word' id='word_1_224' title='bbox 3679 1489 3773 1541; x_wconf 81' lang='grc' dir='ltr'>οὐκ</span> 
     </span>
    </p>
   </div>
   <div class='ocr_carea' id='block_1_30' title="bbox 2215 1581 3772 1657">
    <p class='ocr_par' dir='ltr' id='par_1_30' title="bbox 2215 1581 3772 1657">
     <span class='ocr_line' id='line_1_30' title="bbox 2215 1581 3772 1657; baseline -0.003 -19"><span class='ocrx_word' id='word_1_225' title='bbox 2215 1585 2423 1648; x_wconf 77' lang='grc' dir='ltr'>εἰωθὼς</span> <span class='ocrx_word' id='word_1_226' title='bbox 2453 1586 2718 1657; x_wconf 78' lang='grc' dir='ltr'>πρότερον</span> <span class='ocrx_word' id='word_1_227' title='bbox 2749 1585 2909 1638; x_wconf 86' lang='grc' dir='ltr'>τοῦτο</span> <span class='ocrx_word' id='word_1_228' title='bbox 2957 1587 3154 1651; x_wconf 84' lang='grc' dir='ltr'>ποιεῖν,</span> <span class='ocrx_word' id='word_1_229' title='bbox 3175 1585 3224 1637; x_wconf 84' lang='grc' dir='ltr'>εί</span> <span class='ocrx_word' id='word_1_230' title='bbox 3267 1585 3342 1654; x_wconf 87' lang='grc' dir='ltr'>μή</span> <span class='ocrx_word' id='word_1_231' title='bbox 3381 1600 3450 1654; x_wconf 91' lang='grc' dir='ltr'>με</span> <span class='ocrx_word' id='word_1_232' title='bbox 3481 1585 3511 1637; x_wconf 83' lang='grc' dir='ltr'>ὁ</span> <span class='ocrx_word' id='word_1_233' title='bbox 3550 1581 3772 1653; x_wconf 69' lang='grc' dir='ltr'>χρηστὸς</span> 
     </span>
    </p>
   </div>
   <div class='ocr_carea' id='block_1_31' title="bbox 2218 1675 2906 1740">
    <p class='ocr_par' dir='ltr' id='par_1_31' title="bbox 2218 1675 2906 1740">
     <span class='ocr_line' id='line_1_31' title="bbox 2218 1675 2906 1740; baseline 0.006 -13"><span class='ocrx_word' id='word_1_234' title='bbox 2218 1675 2401 1728; x_wconf 71' lang='grc' dir='ltr'>οὐτοσὶ</span> <span class='ocrx_word' id='word_1_235' title='bbox 2427 1675 2646 1740; x_wconf 79' lang='grc' dir='ltr'>νεανίας</span> <span class='ocrx_word' id='word_1_236' title='bbox 2673 1693 2876 1731; x_wconf 88' lang='grc' dir='ltr'>κατε...</span> <span class='ocrx_word' id='word_1_237' title='bbox 2894 1719 2906 1731; x_wconf 96' lang='grc'>.</span> 
     </span>
    </p>
   </div>
   <div class='ocr_carea' id='block_1_32' title="bbox 621 1876 3697 1960">
    <p class='ocr_par' dir='ltr' id='par_1_32' title="bbox 621 1876 3697 1960">
     <span class='ocr_line' id='line_1_32' title="bbox 621 1876 3697 1960; baseline -0 -24"><span class='ocrx_word' id='word_1_238' title='bbox 621 1878 819 1954; x_wconf 75' lang='lat' dir='ltr'>(Hanc.</span> <span class='ocrx_word' id='word_1_239' title='bbox 849 1880 1180 1958; x_wconf 75' lang='lat' dir='ltr'>epistolam</span> <span class='ocrx_word' id='word_1_240' title='bbox 1211 1896 1350 1940; x_wconf 63' lang='lat' dir='ltr'>(tum</span> <span class='ocrx_word' id='word_1_241' title='bbox 1383 1882 1674 1960; x_wconf 76' lang='lat' dir='ltr'>sequenti</span> <span class='ocrx_word' id='word_1_242' title='bbox 1709 1881 1983 1943; x_wconf 78' lang='lat' dir='ltr'>edidit].</span> <span class='ocrx_word' id='word_1_243' title='bbox 2014 1884 2085 1943; x_wconf 84' lang='lat' dir='ltr'>A.</span> <span class='ocrx_word' id='word_1_244' title='bbox 2117 1884 2389 1943; x_wconf 81' lang='lat' dir='ltr'>Cramer.</span> <span class='ocrx_word' id='word_1_245' title='bbox 2420 1882 2484 1942; x_wconf 88' lang='lat' dir='ltr'><strong>in</strong></span> <span class='ocrx_word' id='word_1_246' title='bbox 2510 1881 2814 1960; x_wconf 71' lang='lat' dir='ltr'>Anecdot.</span> <span class='ocrx_word' id='word_1_247' title='bbox 2852 1879 3084 1960; x_wconf 65' lang='lat' dir='ltr'>Oxum,</span> <span class='ocrx_word' id='word_1_248' title='bbox 3123 1886 3272 1942; x_wconf 82' lang='lat' dir='ltr'>tom.</span> <span class='ocrx_word' id='word_1_249' title='bbox 3307 1880 3408 1953; x_wconf 84' lang='lat' dir='ltr'>IV,</span> <span class='ocrx_word' id='word_1_250' title='bbox 3443 1893 3524 1940; x_wconf 80' lang='lat' dir='ltr'>ex</span> <span class='ocrx_word' id='word_1_251' title='bbox 3561 1876 3697 1938; x_wconf 82' lang='lat' dir='ltr'>cod.</span> 
     </span>
    </p>
   </div>
   <div class='ocr_carea' id='block_1_33' title="bbox 1404 1958 2971 2040">
    <p class='ocr_par' dir='ltr' id='par_1_33' title="bbox 1404 1958 2971 2040">
     <span class='ocr_line' id='line_1_33' title="bbox 1404 1958 2971 2040; baseline -0.003 -20"><span class='ocrx_word' id='word_1_252' title='bbox 1404 1958 1597 2022; x_wconf 65' lang='lat' dir='ltr'>Ldud.</span> <span class='ocrx_word' id='word_1_253' title='bbox 1629 1961 1735 2020; x_wconf 87' lang='lat' dir='ltr'>Gr.</span> <span class='ocrx_word' id='word_1_254' title='bbox 1775 1960 1873 2036; x_wconf 84' lang='lat'>10,</span> <span class='ocrx_word' id='word_1_255' title='bbox 1905 1961 2130 2036; x_wconf 63' lang='lat' dir='ltr'>chart,</span> <span class='ocrx_word' id='word_1_256' title='bbox 2160 1960 2348 2022; x_wconf 83' lang='lat' dir='ltr'>form.</span> <span class='ocrx_word' id='word_1_257' title='bbox 2388 1958 2578 2022; x_wconf 67' lang='lat' dir='ltr'>in-L&#39;.</span> <span class='ocrx_word' id='word_1_258' title='bbox 2611 1977 2757 2022; x_wconf 64' lang='lat' dir='ltr'>saec.</span> <span class='ocrx_word' id='word_1_259' title='bbox 2791 1959 2923 2040; x_wconf 79' lang='lat' dir='ltr'>xv.)</span> <span class='ocrx_word' id='word_1_260' title='bbox 2965 2028 2971 2035; x_wconf 92' lang='lat'><strong>_</strong></span> 
     </span>
    </p>
   </div>
   <div class='ocr_carea' id='block_1_34' title="bbox 821 2083 1830 2156">
    <p class='ocr_par' dir='ltr' id='par_1_34' title="bbox 821 2083 1830 2156">
     <span class='ocr_line' id='line_1_34' title="bbox 821 2083 1830 2156; baseline 0.007 -22"><span class='ocrx_word' id='word_1_261' title='bbox 821 2084 916 2138; x_wconf 87' lang='grc' dir='ltr'>ῐΔ’.</span> <span class='ocrx_word' id='word_1_262' title='bbox 974 2083 1062 2150; x_wconf 85' lang='grc' dir='ltr'>Τῷ</span> <span class='ocrx_word' id='word_1_263' title='bbox 1083 2085 1558 2154; x_wconf 70' lang='grc' dir='ltr'>φιλοσοφωτὰτῳ</span> <span class='ocrx_word' id='word_1_264' title='bbox 1584 2085 1830 2156; x_wconf 75' lang='grc' dir='ltr'>Ἰωσήφ.</span> 
     </span>
    </p>
   </div>
   <div class='ocr_carea' id='block_1_35' title="bbox 621 2191 2111 2267">
    <p class='ocr_par' dir='ltr' id='par_1_35' title="bbox 621 2191 2111 2267">
     <span class='ocr_line' id='line_1_35' title="bbox 621 2191 2111 2267; baseline 0.004 -21"><span class='ocrx_word' id='word_1_265' title='bbox 621 2191 996 2267; x_wconf 81' lang='grc' dir='ltr'>Ἀριστοτέλης</span> <span class='ocrx_word' id='word_1_266' title='bbox 1032 2198 1408 2267; x_wconf 85' lang='grc' dir='ltr'>ὀΝικομάχου</span> <span class='ocrx_word' id='word_1_267' title='bbox 1465 2199 1557 2252; x_wconf 74' lang='grc' dir='ltr'>καὶ</span> <span class='ocrx_word' id='word_1_268' title='bbox 1615 2199 1730 2252; x_wconf 87' lang='grc' dir='ltr'>ὅσοι</span> <span class='ocrx_word' id='word_1_269' title='bbox 1786 2197 2111 2267; x_wconf 85' lang='grc' dir='ltr'>αίρεσιῶται</span> 
     </span>
    </p>
   </div>
   <div class='ocr_carea' id='block_1_36' title="bbox 546 2283 2111 2356">
    <p class='ocr_par' dir='ltr' id='par_1_36' title="bbox 546 2283 2111 2356">
     <span class='ocr_line' id='line_1_36' title="bbox 546 2283 2111 2356; baseline 0.003 -21"><span class='ocrx_word' id='word_1_270' title='bbox 546 2283 607 2335; x_wconf 75' lang='grc' dir='ltr'>τὸ</span> <span class='ocrx_word' id='word_1_271' title='bbox 645 2285 745 2352; x_wconf 86' lang='grc' dir='ltr'>τῆς</span> <span class='ocrx_word' id='word_1_272' title='bbox 776 2284 960 2352; x_wconf 83' lang='grc' dir='ltr'>φιλίας</span> <span class='ocrx_word' id='word_1_273' title='bbox 993 2286 1089 2356; x_wconf 82' lang='grc' dir='ltr'>οὐχ</span> <span class='ocrx_word' id='word_1_274' title='bbox 1118 2286 1323 2340; x_wconf 83' lang='grc' dir='ltr'>ἁπλοῦν</span> <span class='ocrx_word' id='word_1_275' title='bbox 1370 2285 1738 2342; x_wconf 86' lang='grc' dir='ltr'>ἐκδεδώκασιν</span> <span class='ocrx_word' id='word_1_276' title='bbox 1782 2287 1976 2356; x_wconf 75' lang='grc' dir='ltr'>ὄνομα,</span> <span class='ocrx_word' id='word_1_277' title='bbox 2013 2288 2111 2342; x_wconf 90' lang='grc' dir='ltr'>ἀλ-</span> 
     </span>
    </p>
   </div>
   <div class='ocr_carea' id='block_1_37' title="bbox 548 2373 2113 2450">
    <p class='ocr_par' dir='ltr' id='par_1_37' title="bbox 548 2373 2113 2450">
     <span class='ocr_line' id='line_1_37' title="bbox 548 2373 2113 2450; baseline 0.004 -24"><span class='ocrx_word' id='word_1_278' title='bbox 548 2373 615 2427; x_wconf 81' lang='grc' dir='ltr'>λά</span> <span class='ocrx_word' id='word_1_279' title='bbox 658 2375 1021 2444; x_wconf 82' lang='grc' dir='ltr'>πολλαπλοῦν,</span> <span class='ocrx_word' id='word_1_280' title='bbox 1064 2379 1159 2430; x_wconf 73' lang='grc' dir='ltr'>καὶ</span> <span class='ocrx_word' id='word_1_281' title='bbox 1191 2379 1434 2449; x_wconf 86' lang='grc' dir='ltr'>πολλαχῆ</span> <span class='ocrx_word' id='word_1_282' title='bbox 1485 2378 1853 2450; x_wconf 85' lang='grc' dir='ltr'>διαφερόντως</span> <span class='ocrx_word' id='word_1_283' title='bbox 1903 2379 2028 2450; x_wconf 79' lang='grc' dir='ltr'>ἔχον</span> <span class='ocrx_word' id='word_1_284' title='bbox 2055 2382 2113 2433; x_wconf 89' lang='grc' dir='ltr'>ἐν</span> 
     </span>
    </p>
   </div>
   <div class='ocr_carea' id='block_1_38' title="bbox 549 2466 2113 2541">
    <p class='ocr_par' dir='ltr' id='par_1_38' title="bbox 549 2466 2113 2541">
     <span class='ocr_line' id='line_1_38' title="bbox 549 2466 2113 2541; baseline 0.005 -25"><span class='ocrx_word' id='word_1_285' title='bbox 549 2467 660 2526; x_wconf 82' lang='grc' dir='ltr'>τοῖς</span> <span class='ocrx_word' id='word_1_286' title='bbox 697 2466 1030 2538; x_wconf 82' lang='grc' dir='ltr'>ἱδικωτέροις</span> <span class='ocrx_word' id='word_1_287' title='bbox 1061 2468 1424 2538; x_wconf 83' lang='grc' dir='ltr'>ἀπλούμενον.</span> <span class='ocrx_word' id='word_1_288' title='bbox 1457 2469 1547 2540; x_wconf 79' lang='grc' dir='ltr'>Μὴ</span> <span class='ocrx_word' id='word_1_289' title='bbox 1577 2470 1685 2540; x_wconf 85' lang='grc' dir='ltr'>γὰρ</span> <span class='ocrx_word' id='word_1_290' title='bbox 1720 2471 1801 2524; x_wconf 84' lang='grc' dir='ltr'>ὅτι</span> <span class='ocrx_word' id='word_1_291' title='bbox 1827 2470 2113 2541; x_wconf 78' lang='grc' dir='ltr'>πολιτικὴν</span> 
     </span>
    </p>
   </div>
   <div class='ocr_carea' id='block_1_39' title="bbox 549 2556 2115 2634">
    <p class='ocr_par' dir='ltr' id='par_1_39' title="bbox 549 2556 2115 2634">
     <span class='ocr_line' id='line_1_39' title="bbox 549 2556 2115 2634; baseline 0.005 -26"><span class='ocrx_word' id='word_1_292' title='bbox 549 2556 732 2617; x_wconf 80' lang='grc' dir='ltr'>ἁπλῶς</span> <span class='ocrx_word' id='word_1_293' title='bbox 770 2561 864 2611; x_wconf 74' lang='grc' dir='ltr'>καὶ</span> <span class='ocrx_word' id='word_1_294' title='bbox 893 2559 1225 2634; x_wconf 63' lang='grc' dir='ltr'>φυλετικὴν.</span> <span class='ocrx_word' id='word_1_295' title='bbox 1242 2559 1323 2613; x_wconf 76' lang='grc' dir='ltr'>ἔτι</span> <span class='ocrx_word' id='word_1_296' title='bbox 1352 2562 1461 2630; x_wconf 83' lang='grc' dir='ltr'>μὴν</span> <span class='ocrx_word' id='word_1_297' title='bbox 1492 2563 1828 2633; x_wconf 81' lang='grc' dir='ltr'>συγγενικὴν</span> <span class='ocrx_word' id='word_1_298' title='bbox 1852 2564 1945 2616; x_wconf 76' lang='grc' dir='ltr'>καὶ</span> <span class='ocrx_word' id='word_1_299' title='bbox 1968 2564 2115 2616; x_wconf 89' lang='grc' dir='ltr'>ἐται-</span> 
     </span>
    </p>
   </div>
   <div class='ocr_carea' id='block_1_40' title="bbox 554 2647 2114 2724">
    <p class='ocr_par' dir='ltr' id='par_1_40' title="bbox 554 2647 2114 2724">
     <span class='ocr_line' id='line_1_40' title="bbox 554 2647 2114 2724; baseline 0.006 -25"><span class='ocrx_word' id='word_1_300' title='bbox 554 2647 730 2717; x_wconf 80' lang='grc' dir='ltr'>ρικὴν,</span> <span class='ocrx_word' id='word_1_301' title='bbox 769 2647 861 2702; x_wconf 74' lang='grc' dir='ltr'>καὶ</span> <span class='ocrx_word' id='word_1_302' title='bbox 884 2650 1006 2702; x_wconf 84' lang='grc' dir='ltr'>ὅσαι</span> <span class='ocrx_word' id='word_1_303' title='bbox 1029 2650 1129 2721; x_wconf 85' lang='grc' dir='ltr'>τήν</span> <span class='ocrx_word' id='word_1_304' title='bbox 1159 2652 1343 2721; x_wconf 83' lang='grc' dir='ltr'>σχέσιν</span> <span class='ocrx_word' id='word_1_305' title='bbox 1373 2651 1567 2721; x_wconf 86' lang='grc' dir='ltr'>ὁμοίαν</span> <span class='ocrx_word' id='word_1_306' title='bbox 1596 2655 1690 2706; x_wconf 78' lang='grc' dir='ltr'>καὶ</span> <span class='ocrx_word' id='word_1_307' title='bbox 1717 2653 2114 2724; x_wconf 65' lang='grc' dir='ltr'>ἀντιστρόφου-</span> 
     </span>
    </p>
   </div>
   <div class='ocr_carea' id='block_1_41' title="bbox 549 2742 2112 2815">
    <p class='ocr_par' dir='ltr' id='par_1_41' title="bbox 549 2742 2112 2815">
     <span class='ocr_line' id='line_1_41' title="bbox 549 2742 2112 2815; baseline 0.006 -22"><span class='ocrx_word' id='word_1_308' title='bbox 549 2756 649 2794; x_wconf 87' lang='grc' dir='ltr'>σαν</span> <span class='ocrx_word' id='word_1_309' title='bbox 683 2742 918 2810; x_wconf 79' lang='grc' dir='ltr'>ἔχουσιν,</span> <span class='ocrx_word' id='word_1_310' title='bbox 951 2743 1084 2796; x_wconf 81' lang='grc' dir='ltr'>ἀλλὰ</span> <span class='ocrx_word' id='word_1_311' title='bbox 1119 2745 1214 2798; x_wconf 80' lang='grc' dir='ltr'>καὶ</span> <span class='ocrx_word' id='word_1_312' title='bbox 1247 2745 1438 2798; x_wconf 83' lang='grc' dir='ltr'>ὀπόσοι</span> <span class='ocrx_word' id='word_1_313' title='bbox 1466 2745 1714 2815; x_wconf 88' lang='grc' dir='ltr'>ἀνόμοιοί</span> <span class='ocrx_word' id='word_1_314' title='bbox 1750 2763 1808 2799; x_wconf 87' lang='grc' dir='ltr'>τε</span> <span class='ocrx_word' id='word_1_315' title='bbox 1843 2746 1937 2802; x_wconf 76' lang='grc' dir='ltr'>καὶ</span> <span class='ocrx_word' id='word_1_316' title='bbox 1997 2749 2112 2804; x_wconf 78' lang='grc' dir='ltr'>ἄνι-</span> 
     </span>
    </p>
   </div>
   <div class='ocr_carea' id='block_1_42' title="bbox 553 2835 2115 2909">
    <p class='ocr_par' dir='ltr' id='par_1_42' title="bbox 553 2835 2115 2909">
     <span class='ocr_line' id='line_1_42' title="bbox 553 2835 2115 2909; baseline 0.004 -23"><span class='ocrx_word' id='word_1_317' title='bbox 553 2849 657 2887; x_wconf 79' lang='grc' dir='ltr'>σοι’</span> <span class='ocrx_word' id='word_1_318' title='bbox 702 2835 802 2888; x_wconf 83' lang='grc' dir='ltr'>ὅσα</span> <span class='ocrx_word' id='word_1_319' title='bbox 851 2852 912 2904; x_wconf 91' lang='grc' dir='ltr'>γε</span> <span class='ocrx_word' id='word_1_320' title='bbox 976 2837 1104 2890; x_wconf 77' lang='grc' dir='ltr'>κατ’</span> <span class='ocrx_word' id='word_1_321' title='bbox 1134 2838 1294 2906; x_wconf 77' lang='grc' dir='ltr'>ἀξίαν</span> <span class='ocrx_word' id='word_1_322' title='bbox 1337 2839 1432 2892; x_wconf 77' lang='grc' dir='ltr'>καὶ</span> <span class='ocrx_word' id='word_1_323' title='bbox 1483 2838 1701 2909; x_wconf 77' lang='grc' dir='ltr'>χρόνον,</span> <span class='ocrx_word' id='word_1_324' title='bbox 1759 2842 1852 2894; x_wconf 76' lang='grc' dir='ltr'>καὶ</span> <span class='ocrx_word' id='word_1_325' title='bbox 1908 2840 2115 2894; x_wconf 89' lang='grc' dir='ltr'>τούτων</span> 
     </span>
    </p>
   </div>
   <div class='ocr_carea' id='block_1_43' title="bbox 547 2926 2114 3006">
    <p class='ocr_par' dir='ltr' id='par_1_43' title="bbox 547 2926 2114 3006">
     <span class='ocr_line' id='line_1_43' title="bbox 547 2926 2114 3006; baseline 0.008 -28"><span class='ocrx_word' id='word_1_326' title='bbox 547 2926 594 2978; x_wconf 75' lang='grc' dir='ltr'>δ’</span> <span class='ocrx_word' id='word_1_327' title='bbox 632 2928 828 2981; x_wconf 79' lang='grc' dir='ltr'>εἰδέναι</span> <span class='ocrx_word' id='word_1_328' title='bbox 871 2929 1055 2996; x_wconf 83' lang='grc' dir='ltr'>φιλίας</span> <span class='ocrx_word' id='word_1_329' title='bbox 1101 2929 1327 2984; x_wconf 75' lang='grc' dir='ltr'>ἔπεισαν</span> <span class='ocrx_word' id='word_1_330' title='bbox 1359 2933 1565 2996; x_wconf 80' lang='grc' dir='ltr'>αὐτοῖς.</span> <span class='ocrx_word' id='word_1_331' title='bbox 1612 2933 1892 2997; x_wconf 84' lang='grc' dir='ltr'>Μειζόνων</span> <span class='ocrx_word' id='word_1_332' title='bbox 1917 2932 2114 3006; x_wconf 80' lang='grc' dir='ltr'>δηλαδὴ</span> 
     </span>
    </p>
   </div>
   <div class='ocr_carea' id='block_1_44' title="bbox 549 3017 2116 3094">
    <p class='ocr_par' dir='ltr' id='par_1_44' title="bbox 549 3017 2116 3094">
     <span class='ocr_line' id='line_1_44' title="bbox 549 3017 2116 3094; baseline 0.006 -25"><span class='ocrx_word' id='word_1_333' title='bbox 549 3017 686 3088; x_wconf 68' lang='grc' dir='ltr'>πρὸς</span> <span class='ocrx_word' id='word_1_334' title='bbox 712 3018 989 3082; x_wconf 75' lang='grc' dir='ltr'>ἐλάττουςο</span> <span class='ocrx_word' id='word_1_335' title='bbox 1038 3019 1131 3076; x_wconf 72' lang='grc' dir='ltr'>καὶ</span> <span class='ocrx_word' id='word_1_336' title='bbox 1159 3022 1493 3076; x_wconf 62' lang='grc' dir='ltr'>τούναντίον</span> <span class='ocrx_word' id='word_1_337' title='bbox 1526 3023 1622 3076; x_wconf 60' lang='grc' dir='ltr'>καὶ⁸</span> <span class='ocrx_word' id='word_1_338' title='bbox 1653 3023 1931 3094; x_wconf 79' lang='grc' dir='ltr'>θειοτέραν</span> <span class='ocrx_word' id='word_1_339' title='bbox 1978 3025 2116 3094; x_wconf 84' lang='grc' dir='ltr'>πρὸς</span> 
     </span>
    </p>
   </div>
   <div class='ocr_carea' id='block_1_45' title="bbox 548 3110 2116 3188">
    <p class='ocr_par' dir='ltr' id='par_1_45' title="bbox 548 3110 2116 3188">
     <span class='ocr_line' id='line_1_45' title="bbox 548 3110 2116 3188; baseline 0.005 -26"><span class='ocrx_word' id='word_1_340' title='bbox 548 3110 1040 3182; x_wconf 85' lang='grc' dir='ltr'>ἀνθρωπικώτερα·</span> <span class='ocrx_word' id='word_1_341' title='bbox 1071 3116 1164 3166; x_wconf 71' lang='grc' dir='ltr'>καὶ</span> <span class='ocrx_word' id='word_1_342' title='bbox 1190 3113 1524 3167; x_wconf 77' lang='grc' dir='ltr'>τούναντίον⁸</span> <span class='ocrx_word' id='word_1_343' title='bbox 1564 3115 1818 3168; x_wconf 82' lang='grc' dir='ltr'>ἐντεῦθεν</span> <span class='ocrx_word' id='word_1_344' title='bbox 1873 3117 1981 3188; x_wconf 85' lang='grc' dir='ltr'>γὰρ</span> <span class='ocrx_word' id='word_1_345' title='bbox 2022 3118 2116 3170; x_wconf 77' lang='grc' dir='ltr'>καὶ</span> 
     </span>
    </p>
   </div>
   <div class='ocr_carea' id='block_1_46' title="bbox 549 3201 2116 3275">
    <p class='ocr_par' dir='ltr' id='par_1_46' title="bbox 549 3201 2116 3275">
     <span class='ocr_line' id='line_1_46' title="bbox 549 3201 2116 3275; baseline 0.004 -21"><span class='ocrx_word' id='word_1_346' title='bbox 549 3201 612 3254; x_wconf 71' lang='grc' dir='ltr'>τὸ</span> <span class='ocrx_word' id='word_1_347' title='bbox 639 3201 888 3270; x_wconf 75' lang='grc' dir='ltr'>θεοφιλὲς</span> <span class='ocrx_word' id='word_1_348' title='bbox 923 3202 1231 3272; x_wconf 73' lang='grc' dir='ltr'>εἰσάγεται,</span> <span class='ocrx_word' id='word_1_349' title='bbox 1277 3206 1370 3258; x_wconf 76' lang='grc' dir='ltr'>καὶ</span> <span class='ocrx_word' id='word_1_350' title='bbox 1409 3205 1684 3274; x_wconf 85' lang='grc' dir='ltr'>φιλόθεον,</span> <span class='ocrx_word' id='word_1_351' title='bbox 1736 3208 1832 3260; x_wconf 73' lang='grc' dir='ltr'>καὶ</span> <span class='ocrx_word' id='word_1_352' title='bbox 1885 3207 2116 3275; x_wconf 75' lang='grc' dir='ltr'>φιλοπα-</span> 
     </span>
    </p>
   </div>
   <div class='ocr_carea' id='block_1_47' title="bbox 548 3293 2114 3370">
    <p class='ocr_par' dir='ltr' id='par_1_47' title="bbox 548 3293 2114 3370">
     <span class='ocr_line' id='line_1_47' title="bbox 548 3293 2114 3370; baseline 0.006 -25"><span class='ocrx_word' id='word_1_353' title='bbox 548 3310 646 3360; x_wconf 86' lang='grc' dir='ltr'>τορ</span> <span class='ocrx_word' id='word_1_354' title='bbox 674 3293 810 3364; x_wconf 82' lang='grc' dir='ltr'>ὁμοῦ</span> <span class='ocrx_word' id='word_1_355' title='bbox 840 3295 932 3346; x_wconf 78' lang='grc' dir='ltr'>καὶ</span> <span class='ocrx_word' id='word_1_356' title='bbox 971 3295 1309 3364; x_wconf 87' lang='grc' dir='ltr'>φιλότεκνον.</span> <span class='ocrx_word' id='word_1_357' title='bbox 1361 3297 1426 3350; x_wconf 75' lang='lat' dir='ltr'>EE</span> <span class='ocrx_word' id='word_1_358' title='bbox 1457 3297 1514 3350; x_wconf 81' lang='grc' dir='ltr'>δέ</span> <span class='ocrx_word' id='word_1_359' title='bbox 1546 3299 1740 3366; x_wconf 87' lang='grc' dir='ltr'>ταῦτα,</span> <span class='ocrx_word' id='word_1_360' title='bbox 1799 3300 1895 3353; x_wconf 76' lang='grc' dir='ltr'>καὶ</span> <span class='ocrx_word' id='word_1_361' title='bbox 1929 3301 2114 3370; x_wconf 85' lang='grc' dir='ltr'>φιλίαν</span> 
     </span>
    </p>
   </div>
   <div class='ocr_carea' id='block_1_48' title="bbox 2143 2045 3778 2155">
    <p class='ocr_par' dir='ltr' id='par_1_48' title="bbox 2143 2045 3778 2155">
     <span class='ocr_line' id='line_1_48' title="bbox 2143 2045 3778 2155; baseline -0.004 -18"><span class='ocrx_word' id='word_1_362' title='bbox 2143 2094 2185 2149; x_wconf 85' lang='grc' dir='ltr'><strong>Β</strong></span> <span class='ocrx_word' id='word_1_363' title='bbox 2213 2084 2386 2140; x_wconf 82' lang='grc' dir='ltr'>ταῦτα</span> <span class='ocrx_word' id='word_1_364' title='bbox 2418 2084 2620 2155; x_wconf 76' lang='grc' dir='ltr'>πολλὴν</span> <span class='ocrx_word' id='word_1_365' title='bbox 2667 2086 2779 2148; x_wconf 88' lang='grc' dir='ltr'>τοῖς</span> <span class='ocrx_word' id='word_1_366' title='bbox 2819 2045 3116 2152; x_wconf 79' lang='grc' dir='ltr'>θεωμένοις</span> <span class='ocrx_word' id='word_1_367' title='bbox 3141 2079 3484 2152; x_wconf 74' lang='grc' dir='ltr'>χαριζόμενα</span> <span class='ocrx_word' id='word_1_368' title='bbox 3520 2078 3620 2150; x_wconf 77' lang='grc' dir='ltr'>τὴν</span> <span class='ocrx_word' id='word_1_369' title='bbox 3642 2078 3778 2146; x_wconf 79' lang='grc' dir='ltr'>ώφέ·</span> 
     </span>
    </p>
   </div>
   <div class='ocr_carea' id='block_1_49' title="bbox 2212 2167 3778 2244">
    <p class='ocr_par' dir='ltr' id='par_1_49' title="bbox 2212 2167 3778 2244">
     <span class='ocr_line' id='line_1_49' title="bbox 2212 2167 3778 2244; baseline -0.004 -17"><span class='ocrx_word' id='word_1_370' title='bbox 2212 2174 2384 2237; x_wconf 78' lang='grc' dir='ltr'>λειαν,</span> <span class='ocrx_word' id='word_1_371' title='bbox 2417 2173 2484 2226; x_wconf 74' lang='grc' dir='ltr'>τὰ</span> <span class='ocrx_word' id='word_1_372' title='bbox 2513 2173 2558 2226; x_wconf 86' lang='grc' dir='ltr'>δ’</span> <span class='ocrx_word' id='word_1_373' title='bbox 2586 2173 2833 2244; x_wconf 78' lang='grc' dir='ltr'>ἡμέτερα</span> <span class='ocrx_word' id='word_1_374' title='bbox 2862 2171 3198 2238; x_wconf 86' lang='grc' dir='ltr'>τούναντίον,</span> <span class='ocrx_word' id='word_1_375' title='bbox 3235 2171 3331 2224; x_wconf 73' lang='grc' dir='ltr'>καὶ</span> <span class='ocrx_word' id='word_1_376' title='bbox 3377 2167 3557 2222; x_wconf 86' lang='grc' dir='ltr'>ταῦτα</span> <span class='ocrx_word' id='word_1_377' title='bbox 3585 2167 3778 2235; x_wconf 83' lang='grc' dir='ltr'>πολλὴν</span> 
     </span>
    </p>
   </div>
   <div class='ocr_carea' id='block_1_50' title="bbox 2214 2260 3777 2338">
    <p class='ocr_par' dir='ltr' id='par_1_50' title="bbox 2214 2260 3777 2338">
     <span class='ocr_line' id='line_1_50' title="bbox 2214 2260 3777 2338; baseline -0.005 -18"><span class='ocrx_word' id='word_1_378' title='bbox 2214 2266 2583 2336; x_wconf 82' lang='grc' dir='ltr'>ἐπισυρόμενα</span> <span class='ocrx_word' id='word_1_379' title='bbox 2609 2265 2708 2338; x_wconf 77' lang='grc' dir='ltr'>τὴν</span> <span class='ocrx_word' id='word_1_380' title='bbox 2736 2264 3067 2333; x_wconf 86' lang='grc' dir='ltr'>φαυλότητα,</span> <span class='ocrx_word' id='word_1_381' title='bbox 3099 2262 3358 2334; x_wconf 89' lang='grc' dir='ltr'>χωλεύειν</span> <span class='ocrx_word' id='word_1_382' title='bbox 3384 2263 3543 2316; x_wconf 80' lang='grc' dir='ltr'>οὐδὲν</span> <span class='ocrx_word' id='word_1_383' title='bbox 3592 2260 3777 2318; x_wconf 78' lang='grc' dir='ltr'>κωλύει</span> 
     </span>
    </p>
   </div>
   <div class='ocr_carea' id='block_1_51' title="bbox 2214 2346 3779 2428">
    <p class='ocr_par' dir='ltr' id='par_1_51' title="bbox 2214 2346 3779 2428">
     <span class='ocr_line' id='line_1_51' title="bbox 2214 2346 3779 2428; baseline -0.003 -16"><span class='ocrx_word' id='word_1_384' title='bbox 2214 2360 2260 2412; x_wconf 86' lang='grc' dir='ltr'>τ’</span> <span class='ocrx_word' id='word_1_385' title='bbox 2286 2359 2516 2428; x_wconf 78' lang='grc' dir='ltr'>ἀγαθόν.</span> <span class='ocrx_word' id='word_1_386' title='bbox 2579 2359 2652 2412; x_wconf 88' lang='grc' dir='ltr'>Τὸ</span> <span class='ocrx_word' id='word_1_387' title='bbox 2685 2358 2794 2427; x_wconf 82' lang='grc' dir='ltr'>γὰρ</span> <span class='ocrx_word' id='word_1_388' title='bbox 2828 2356 2888 2422; x_wconf 79' lang='grc' dir='ltr'>ἐξ</span> <span class='ocrx_word' id='word_1_389' title='bbox 2939 2354 3073 2426; x_wconf 88' lang='grc' dir='ltr'>ἐμοῦ</span> <span class='ocrx_word' id='word_1_390' title='bbox 3131 2373 3213 2409; x_wconf 86' lang='grc' dir='ltr'>σοι</span> <span class='ocrx_word' id='word_1_391' title='bbox 3247 2355 3510 2418; x_wconf 74' lang='grc' dir='ltr'>ἀνενδεές,</span> <span class='ocrx_word' id='word_1_392' title='bbox 3545 2356 3620 2418; x_wconf 88' lang='grc' dir='ltr'>ὼς</span> <span class='ocrx_word' id='word_1_393' title='bbox 3651 2346 3779 2420; x_wconf 77' lang='grc' dir='ltr'>ἐγῷ-</span> 
     </span>
    </p>
   </div>
   <div class='ocr_carea' id='block_1_52' title="bbox 2217 2444 3775 2521">
    <p class='ocr_par' dir='ltr' id='par_1_52' title="bbox 2217 2444 3775 2521">
     <span class='ocr_line' id='line_1_52' title="bbox 2217 2444 3775 2521; baseline -0.003 -18"><span class='ocrx_word' id='word_1_394' title='bbox 2217 2468 2340 2521; x_wconf 87' lang='grc' dir='ltr'>μαι,</span> <span class='ocrx_word' id='word_1_395' title='bbox 2373 2451 2614 2521; x_wconf 74' lang='grc' dir='ltr'>ἐρχεται·</span> <span class='ocrx_word' id='word_1_396' title='bbox 2663 2451 2724 2504; x_wconf 82' lang='grc' dir='ltr'>τὸ</span> <span class='ocrx_word' id='word_1_397' title='bbox 2756 2450 2811 2502; x_wconf 79' lang='grc' dir='ltr'>δὲ</span> <span class='ocrx_word' id='word_1_398' title='bbox 2844 2451 2934 2504; x_wconf 83' lang='grc' dir='ltr'>σὺν</span> <span class='ocrx_word' id='word_1_399' title='bbox 2959 2452 3018 2512; x_wconf 92' lang='grc' dir='ltr'>ἐς</span> <span class='ocrx_word' id='word_1_400' title='bbox 3051 2451 3220 2521; x_wconf 73' lang='grc' dir='ltr'>ἡμᾶς,</span> <span class='ocrx_word' id='word_1_401' title='bbox 3256 2447 3359 2502; x_wconf 84' lang='grc' dir='ltr'>οὒκ</span> <span class='ocrx_word' id='word_1_402' title='bbox 3423 2449 3537 2518; x_wconf 72' lang='grc' dir='ltr'>ἔχω</span> <span class='ocrx_word' id='word_1_403' title='bbox 3563 2448 3646 2501; x_wconf 83' lang='grc' dir='ltr'>ὅτι</span> <span class='ocrx_word' id='word_1_404' title='bbox 3675 2444 3775 2516; x_wconf 87' lang='grc' dir='ltr'>φῶ.</span> 
     </span>
    </p>
   </div>
   <div class='ocr_carea' id='block_1_53' title="bbox 2287 2557 3778 2632">
    <p class='ocr_par' dir='ltr' id='par_1_53' title="bbox 2287 2557 3778 2632">
     <span class='ocr_line' id='line_1_53' title="bbox 2287 2557 3778 2632; baseline -0.004 -16"><span class='ocrx_word' id='word_1_405' title='bbox 2287 2565 2483 2617; x_wconf 82' lang='grc' dir='ltr'>Καίτοι</span> <span class='ocrx_word' id='word_1_406' title='bbox 2509 2563 2823 2617; x_wconf 81' lang='grc' dir='ltr'>τούναντίον</span> <span class='ocrx_word' id='word_1_407' title='bbox 2864 2563 3069 2632; x_wconf 81' lang='grc' dir='ltr'>μᾶλλον</span> <span class='ocrx_word' id='word_1_408' title='bbox 3123 2561 3231 2614; x_wconf 81' lang='grc' dir='ltr'>ἔδει</span> <span class='ocrx_word' id='word_1_409' title='bbox 3265 2559 3467 2629; x_wconf 85' lang='grc' dir='ltr'>πολλῷ,</span> <span class='ocrx_word' id='word_1_410' title='bbox 3532 2559 3606 2612; x_wconf 81' lang='grc' dir='ltr'><strong>Σὺ</strong></span> <span class='ocrx_word' id='word_1_411' title='bbox 3676 2557 3778 2629; x_wconf 86' lang='grc' dir='ltr'>γὰρ</span> 
     </span>
    </p>
   </div>
   <div class='ocr_carea' id='block_1_54' title="bbox 2215 2652 3780 2725">
    <p class='ocr_par' dir='ltr' id='par_1_54' title="bbox 2215 2652 3780 2725">
     <span class='ocr_line' id='line_1_54' title="bbox 2215 2652 3780 2725; baseline -0.003 -18"><span class='ocrx_word' id='word_1_412' title='bbox 2215 2655 2399 2707; x_wconf 76' lang='grc' dir='ltr'>εξκόνα</span> <span class='ocrx_word' id='word_1_413' title='bbox 2419 2654 2606 2725; x_wconf 78' lang='grc' dir='ltr'>φέρεις</span> <span class='ocrx_word' id='word_1_414' title='bbox 2631 2654 2726 2708; x_wconf 83' lang='grc' dir='ltr'>τοῦ</span> <span class='ocrx_word' id='word_1_415' title='bbox 2765 2655 3006 2724; x_wconf 80' lang='grc' dir='ltr'>μεγάλου</span> <span class='ocrx_word' id='word_1_416' title='bbox 3069 2655 3298 2725; x_wconf 73' lang='grc' dir='ltr'>πατρὸς,</span> <span class='ocrx_word' id='word_1_417' title='bbox 3337 2654 3395 2716; x_wconf 87' lang='grc' dir='ltr'>δς</span> <span class='ocrx_word' id='word_1_418' title='bbox 3425 2652 3635 2722; x_wconf 78' lang='grc' dir='ltr'>μᾶλλόν</span> <span class='ocrx_word' id='word_1_419' title='bbox 3669 2652 3780 2705; x_wconf 83' lang='grc' dir='ltr'>ἐστι</span> 
     </span>
    </p>
   </div>
   <div class='ocr_carea' id='block_1_55' title="bbox 2217 2747 3778 2820">
    <p class='ocr_par' dir='ltr' id='par_1_55' title="bbox 2217 2747 3778 2820">
     <span class='ocr_line' id='line_1_55' title="bbox 2217 2747 3778 2820; baseline -0.002 -18"><span class='ocrx_word' id='word_1_420' title='bbox 2217 2749 2620 2819; x_wconf 87' lang='grc' dir='ltr'>φιλάνθρωπος,</span> <span class='ocrx_word' id='word_1_421' title='bbox 2649 2750 2682 2820; x_wconf 78' lang='grc' dir='ltr'><strong>ἢ</strong></span> <span class='ocrx_word' id='word_1_422' title='bbox 2711 2748 2956 2818; x_wconf 85' lang='grc' dir='ltr'>φιλόθεον</span> <span class='ocrx_word' id='word_1_423' title='bbox 2987 2749 3046 2803; x_wconf 84' lang='grc' dir='ltr'>τὸ</span> <span class='ocrx_word' id='word_1_424' title='bbox 3075 2748 3438 2820; x_wconf 67' lang='grc' dir='ltr'>ἀνθρώπινονι</span> <span class='ocrx_word' id='word_1_425' title='bbox 3471 2749 3667 2802; x_wconf 69' lang='grc' dir='ltr'>ἔπειτα</span> <span class='ocrx_word' id='word_1_426' title='bbox 3693 2747 3778 2800; x_wconf 72' lang='grc' dir='ltr'>καὶ</span> 
     </span>
    </p>
   </div>
   <div class='ocr_carea' id='block_1_56' title="bbox 2215 2839 3778 2911">
    <p class='ocr_par' dir='ltr' id='par_1_56' title="bbox 2215 2839 3778 2911">
     <span class='ocr_line' id='line_1_56' title="bbox 2215 2839 3778 2911; baseline -0.003 -16"><span class='ocrx_word' id='word_1_427' title='bbox 2215 2841 2309 2895; x_wconf 86' lang='grc' dir='ltr'>τοῦ</span> <span class='ocrx_word' id='word_1_428' title='bbox 2343 2842 2504 2911; x_wconf 84' lang='grc' dir='ltr'>χάριν</span> <span class='ocrx_word' id='word_1_429' title='bbox 2525 2841 2688 2895; x_wconf 77' lang='grc' dir='ltr'>ἄλλου</span> <span class='ocrx_word' id='word_1_430' title='bbox 2716 2841 2768 2894; x_wconf 85' lang='grc' dir='ltr'>τί</span> <span class='ocrx_word' id='word_1_431' title='bbox 2790 2841 3015 2909; x_wconf 85' lang='grc' dir='ltr'>γίγνοιτ’</span> <span class='ocrx_word' id='word_1_432' title='bbox 3045 2843 3112 2894; x_wconf 86' lang='grc' dir='ltr'>ἂν</span> <span class='ocrx_word' id='word_1_433' title='bbox 3137 2840 3367 2908; x_wconf 81' lang='grc' dir='ltr'>ἀγαθοῦ,</span> <span class='ocrx_word' id='word_1_434' title='bbox 3390 2840 3456 2905; x_wconf 76' lang='grc' dir='ltr'>νὴ</span> <span class='ocrx_word' id='word_1_435' title='bbox 3486 2840 3583 2894; x_wconf 67' lang='grc' dir='ltr'>τὸν</span> <span class='ocrx_word' id='word_1_436' title='bbox 3613 2839 3778 2909; x_wconf 85' lang='grc' dir='ltr'>φίλιον</span> 
     </span>
    </p>
   </div>
   <div class='ocr_carea' id='block_1_57' title="bbox 2215 2930 3780 3003">
    <p class='ocr_par' dir='ltr' id='par_1_57' title="bbox 2215 2930 3780 3003">
     <span class='ocr_line' id='line_1_57' title="bbox 2215 2930 3780 3003; baseline -0.004 -17"><span class='ocrx_word' id='word_1_437' title='bbox 2215 2935 2315 3003; x_wconf 79' lang='grc' dir='ltr'>οὐχ</span> <span class='ocrx_word' id='word_1_438' title='bbox 2337 2933 2467 2998; x_wconf 81' lang='grc' dir='ltr'>ὁρῶ·</span> <span class='ocrx_word' id='word_1_439' title='bbox 2513 2936 2564 2986; x_wconf 85' lang='grc' dir='ltr'>εί</span> <span class='ocrx_word' id='word_1_440' title='bbox 2621 2933 2678 2986; x_wconf 81' lang='grc' dir='ltr'>δέ</span> <span class='ocrx_word' id='word_1_441' title='bbox 2719 2933 2792 3002; x_wconf 81' lang='grc' dir='ltr'>μὴ</span> <span class='ocrx_word' id='word_1_442' title='bbox 2861 2933 2921 2985; x_wconf 74' lang='grc' dir='ltr'>σὲ</span> <span class='ocrx_word' id='word_1_443' title='bbox 2961 2931 3218 2985; x_wconf 70' lang='grc' dir='ltr'>τοσοῦτον</span> <span class='ocrx_word' id='word_1_444' title='bbox 3275 2930 3607 3000; x_wconf 77' lang='grc' dir='ltr'>καταϐῆναι,</span> <span class='ocrx_word' id='word_1_445' title='bbox 3663 2931 3780 2983; x_wconf 79' lang='grc' dir='ltr'>ὅσον</span> 
     </span>
    </p>
   </div>
   <div class='ocr_carea' id='block_1_58' title="bbox 2215 3017 3777 3097">
    <p class='ocr_par' dir='ltr' id='par_1_58' title="bbox 2215 3017 3777 3097">
     <span class='ocr_line' id='line_1_58' title="bbox 2215 3017 3777 3097; baseline -0.005 -18"><span class='ocrx_word' id='word_1_446' title='bbox 2215 3026 2365 3097; x_wconf 80' lang='grc' dir='ltr'>ήμᾶς</span> <span class='ocrx_word' id='word_1_447' title='bbox 2394 3024 2696 3095; x_wconf 82' lang='grc' dir='ltr'>ἀναχθῆναι</span> <span class='ocrx_word' id='word_1_448' title='bbox 2724 3023 2826 3076; x_wconf 79' lang='grc' dir='ltr'>δεῖο</span> <span class='ocrx_word' id='word_1_449' title='bbox 2858 3023 2959 3091; x_wconf 88' lang='grc' dir='ltr'>φεῦ</span> <span class='ocrx_word' id='word_1_450' title='bbox 2984 3022 3086 3084; x_wconf 82' lang='grc' dir='ltr'>τῆς</span> <span class='ocrx_word' id='word_1_451' title='bbox 3124 3021 3266 3092; x_wconf 77' lang='grc' dir='ltr'>ἐμῆς</span> <span class='ocrx_word' id='word_1_452' title='bbox 3293 3021 3489 3091; x_wconf 80' lang='grc' dir='ltr'>τύχηςο</span> <span class='ocrx_word' id='word_1_453' title='bbox 3554 3017 3588 3074; x_wconf 84' lang='grc' dir='ltr'>ἆ</span> <span class='ocrx_word' id='word_1_454' title='bbox 3613 3019 3777 3087; x_wconf 85' lang='grc' dir='ltr'>δειλή⁶</span> 
     </span>
    </p>
   </div>
   <div class='ocr_carea' id='block_1_59' title="bbox 2215 3109 3782 3188">
    <p class='ocr_par' dir='ltr' id='par_1_59' title="bbox 2215 3109 3782 3188">
     <span class='ocr_line' id='line_1_59' title="bbox 2215 3109 3782 3188; baseline -0.006 -17"><span class='ocrx_word' id='word_1_455' title='bbox 2215 3118 2268 3172; x_wconf 80' lang='grc' dir='ltr'>τί</span> <span class='ocrx_word' id='word_1_456' title='bbox 2301 3117 2356 3188; x_wconf 88' lang='grc' dir='ltr'>μ’</span> <span class='ocrx_word' id='word_1_457' title='bbox 2387 3119 2444 3180; x_wconf 90' lang='grc' dir='ltr'>ἐς</span> <span class='ocrx_word' id='word_1_458' title='bbox 2483 3117 2738 3170; x_wconf 87' lang='grc' dir='ltr'>τοσοῦτον</span> <span class='ocrx_word' id='word_1_459' title='bbox 2785 3114 3132 3187; x_wconf 79' lang='grc' dir='ltr'>ἀχορήγητον</span> <span class='ocrx_word' id='word_1_460' title='bbox 3194 3113 3399 3184; x_wconf 74' lang='grc' dir='ltr'>ἐθηκας</span> <span class='ocrx_word' id='word_1_461' title='bbox 3453 3113 3634 3165; x_wconf 81' lang='grc' dir='ltr'>ὁπόσα</span> <span class='ocrx_word' id='word_1_462' title='bbox 3680 3109 3782 3163; x_wconf 90' lang='grc' dir='ltr'>τῶν</span> 
     </span>
    </p>
   </div>
   <div class='ocr_carea' id='block_1_60' title="bbox 2218 3202 3782 3278">
    <p class='ocr_par' dir='ltr' id='par_1_60' title="bbox 2218 3202 3782 3278">
     <span class='ocr_line' id='line_1_60' title="bbox 2218 3202 3782 3278; baseline -0.006 -15"><span class='ocrx_word' id='word_1_463' title='bbox 2218 3211 2326 3263; x_wconf 85' lang='grc' dir='ltr'>σῶν</span> <span class='ocrx_word' id='word_1_464' title='bbox 2352 3209 2574 3275; x_wconf 84' lang='grc' dir='ltr'>ἀγαθῶν</span> <span class='ocrx_word' id='word_1_465' title='bbox 2620 3209 2698 3270; x_wconf 87' lang='grc' dir='ltr'>ὡς</span> <span class='ocrx_word' id='word_1_466' title='bbox 2755 3207 3047 3278; x_wconf 79' lang='grc' dir='ltr'>ὑπερόριον</span> <span class='ocrx_word' id='word_1_467' title='bbox 3095 3204 3385 3274; x_wconf 90' lang='grc' dir='ltr'>γίγνεσθαι</span> <span class='ocrx_word' id='word_1_468' title='bbox 3428 3205 3526 3258; x_wconf 79' lang='grc' dir='ltr'>καὶ</span> <span class='ocrx_word' id='word_1_469' title='bbox 3580 3202 3782 3275; x_wconf 83' lang='grc' dir='ltr'>φυγάδα</span> 
     </span>
    </p>
   </div>
   <div class='ocr_carea' id='block_1_61' title="bbox 2215 3296 3781 3370">
    <p class='ocr_par' dir='ltr' id='par_1_61' title="bbox 2215 3296 3781 3370">
     <span class='ocr_line' id='line_1_61' title="bbox 2215 3296 3781 3370; baseline 0.001 -20"><span class='ocrx_word' id='word_1_470' title='bbox 2215 3301 2314 3370; x_wconf 86' lang='grc' dir='ltr'>τῆς</span> <span class='ocrx_word' id='word_1_471' title='bbox 2344 3300 2454 3352; x_wconf 88' lang='grc' dir='ltr'>τῶν</span> <span class='ocrx_word' id='word_1_472' title='bbox 2481 3299 2663 3354; x_wconf 87' lang='grc' dir='ltr'>καλῶν</span> <span class='ocrx_word' id='word_1_473' title='bbox 2693 3298 2905 3370; x_wconf 85' lang='grc' dir='ltr'>ἀνδρῶν</span> <span class='ocrx_word' id='word_1_474' title='bbox 2950 3298 3238 3360; x_wconf 78' lang='grc' dir='ltr'>κοινωνίας</span> <span class='ocrx_word' id='word_1_475' title='bbox 3295 3296 3467 3369; x_wconf 86' lang='grc' dir='ltr'>χωρίς</span> <span class='ocrx_word' id='word_1_476' title='bbox 3511 3313 3666 3360; x_wconf 89' lang='grc' dir='ltr'>τινος</span> <span class='ocrx_word' id='word_1_477' title='bbox 3697 3296 3781 3362; x_wconf 82' lang='grc' dir='ltr'>δη·</span> 
     </span>
    </p>
   </div>
   <div class='ocr_carea' id='block_1_62' title="bbox 550 3384 3780 3473">
    <p class='ocr_par' dir='ltr' id='par_1_62' title="bbox 550 3384 3780 3473">
     <span class='ocr_line' id='line_1_62' title="bbox 550 3384 3780 3473; baseline -0.001 -34"><span class='ocrx_word' id='word_1_478' title='bbox 550 3387 649 3440; x_wconf 85' lang='grc' dir='ltr'>οὐκ</span> <span class='ocrx_word' id='word_1_479' title='bbox 669 3387 736 3440; x_wconf 77' lang='grc' dir='ltr'>ἂν</span> <span class='ocrx_word' id='word_1_480' title='bbox 765 3387 872 3439; x_wconf 90' lang='grc' dir='ltr'>τῶν</span> <span class='ocrx_word' id='word_1_481' title='bbox 908 3387 1218 3441; x_wconf 85' lang='grc' dir='ltr'>ἀπεικότων</span> <span class='ocrx_word' id='word_1_482' title='bbox 1268 3390 1354 3459; x_wconf 71' lang='grc' dir='ltr'>εἴη</span> <span class='ocrx_word' id='word_1_483' title='bbox 1387 3392 1576 3442; x_wconf 83' lang='grc' dir='ltr'>καλεῖν</span> <span class='ocrx_word' id='word_1_484' title='bbox 1615 3392 1714 3459; x_wconf 83' lang='grc' dir='ltr'>τὴν</span> <span class='ocrx_word' id='word_1_485' title='bbox 1753 3393 1958 3461; x_wconf 77' lang='grc' dir='ltr'>μεταξὺ</span> <span class='ocrx_word' id='word_1_486' title='bbox 1993 3395 2115 3462; x_wconf 56' lang='lat'>012&#39;-</span> <span class='ocrx_word' id='word_1_487' title='bbox 2145 3415 2188 3473; x_wconf 69' lang='grc' dir='ltr'><strong>ο</strong></span> <span class='ocrx_word' id='word_1_488' title='bbox 2226 3389 2450 3460; x_wconf 86' lang='grc' dir='ltr'>μοτικοῦ</span> <span class='ocrx_word' id='word_1_489' title='bbox 2501 3390 2879 3460; x_wconf 79' lang='grc' dir='ltr'>ψηφίσματος’</span> <span class='ocrx_word' id='word_1_490' title='bbox 2937 3391 3034 3443; x_wconf 73' lang='grc' dir='ltr'>καὶ</span> <span class='ocrx_word' id='word_1_491' title='bbox 3103 3391 3232 3459; x_wconf 74' lang='grc' dir='ltr'>πρὶν</span> <span class='ocrx_word' id='word_1_492' title='bbox 3299 3387 3662 3458; x_wconf 80' lang='grc' dir='ltr'>κληρονομεῖν</span> <span class='ocrx_word' id='word_1_493' title='bbox 3693 3384 3780 3438; x_wconf 85' lang='grc' dir='ltr'>τοῦ</span> 
     </span>
    </p>
   </div>
   <div class='ocr_carea' id='block_1_63' title="bbox 554 3479 2118 3553">
    <p class='ocr_par' dir='ltr' id='par_1_63' title="bbox 554 3479 2118 3553">
     <span class='ocr_line' id='line_1_63' title="bbox 554 3479 2118 3553; baseline 0.004 -23"><span class='ocrx_word' id='word_1_494' title='bbox 554 3495 638 3531; x_wconf 88' lang='grc' dir='ltr'>σιν</span> <span class='ocrx_word' id='word_1_495' title='bbox 674 3480 830 3549; x_wconf 81' lang='grc' dir='ltr'>ἡμῶν</span> <span class='ocrx_word' id='word_1_496' title='bbox 855 3494 914 3530; x_wconf 90' lang='grc' dir='ltr'>τε</span> <span class='ocrx_word' id='word_1_497' title='bbox 942 3479 1036 3532; x_wconf 74' lang='grc' dir='ltr'>καὶ</span> <span class='ocrx_word' id='word_1_498' title='bbox 1063 3479 1328 3549; x_wconf 86' lang='grc' dir='ltr'>μεγέθους</span> <span class='ocrx_word' id='word_1_499' title='bbox 1353 3481 1445 3534; x_wconf 90' lang='grc' dir='ltr'>τοῦ</span> <span class='ocrx_word' id='word_1_500' title='bbox 1477 3481 1592 3534; x_wconf 79' lang='grc' dir='ltr'>σοῦ’</span> <span class='ocrx_word' id='word_1_501' title='bbox 1628 3482 1707 3552; x_wconf 84' lang='grc' dir='ltr'>τῷ</span> <span class='ocrx_word' id='word_1_502' title='bbox 1767 3483 1869 3553; x_wconf 79' lang='grc' dir='ltr'>μὲν</span> <span class='ocrx_word' id='word_1_503' title='bbox 1897 3485 2118 3537; x_wconf 86' lang='grc' dir='ltr'>ὑποκει-</span> 
     </span>
    </p>
   </div>
   <div class='ocr_carea' id='block_1_64' title="bbox 558 3569 2116 3646">
    <p class='ocr_par' dir='ltr' id='par_1_64' title="bbox 558 3569 2116 3646">
     <span class='ocr_line' id='line_1_64' title="bbox 558 3569 2116 3646; baseline 0.004 -24"><span class='ocrx_word' id='word_1_504' title='bbox 558 3570 703 3640; x_wconf 86' lang='grc' dir='ltr'>μένῳ</span> <span class='ocrx_word' id='word_1_505' title='bbox 737 3569 1156 3642; x_wconf 81' lang='grc' dir='ltr'>ταυτιζομένην,</span> <span class='ocrx_word' id='word_1_506' title='bbox 1212 3573 1278 3642; x_wconf 79' lang='grc' dir='ltr'>τῇ</span> <span class='ocrx_word' id='word_1_507' title='bbox 1314 3573 1369 3625; x_wconf 86' lang='grc' dir='ltr'>δέ</span> <span class='ocrx_word' id='word_1_508' title='bbox 1427 3575 1609 3642; x_wconf 85' lang='grc' dir='ltr'>σχέσει</span> <span class='ocrx_word' id='word_1_509' title='bbox 1652 3573 2116 3646; x_wconf 82' lang='grc' dir='ltr'>διαφορουμένην.</span> 
     </span>
    </p>
   </div>
   <div class='ocr_carea' id='block_1_65' title="bbox 561 3661 2122 3742">
    <p class='ocr_par' dir='ltr' id='par_1_65' title="bbox 561 3661 2122 3742">
     <span class='ocr_line' id='line_1_65' title="bbox 561 3661 2122 3742; baseline 0.005 -30"><span class='ocrx_word' id='word_1_510' title='bbox 561 3662 672 3715; x_wconf 77' lang='grc' dir='ltr'>Καὶ</span> <span class='ocrx_word' id='word_1_511' title='bbox 701 3661 787 3714; x_wconf 84' lang='grc' dir='ltr'>ἵνα</span> <span class='ocrx_word' id='word_1_512' title='bbox 831 3663 969 3716; x_wconf 86' lang='grc' dir='ltr'>κατά</span> <span class='ocrx_word' id='word_1_513' title='bbox 1001 3663 1204 3716; x_wconf 83' lang='grc' dir='ltr'>σκοπὸν</span> <span class='ocrx_word' id='word_1_514' title='bbox 1232 3665 1258 3716; x_wconf 79' lang='grc' dir='ltr'><strong>ὁ</strong></span> <span class='ocrx_word' id='word_1_515' title='bbox 1291 3663 1444 3731; x_wconf 80' lang='grc' dir='ltr'>λόγος</span> <span class='ocrx_word' id='word_1_516' title='bbox 1480 3664 1787 3734; x_wconf 84' lang='grc' dir='ltr'>πορεύοιτο,</span> <span class='ocrx_word' id='word_1_517' title='bbox 1857 3665 1974 3720; x_wconf 78' lang='grc' dir='ltr'>ἔστι</span> <span class='ocrx_word' id='word_1_518' title='bbox 2025 3684 2122 3742; x_wconf 79' lang='grc' dir='ltr'>με·</span> 
     </span>
    </p>
   </div>
   <div class='ocr_carea' id='block_1_66' title="bbox 563 3753 2118 3826">
    <p class='ocr_par' dir='ltr' id='par_1_66' title="bbox 563 3753 2118 3826">
     <span class='ocr_line' id='line_1_66' title="bbox 563 3753 2118 3826; baseline 0.004 -21"><span class='ocrx_word' id='word_1_519' title='bbox 563 3753 695 3817; x_wconf 81' lang='grc' dir='ltr'>ταξὺ</span> <span class='ocrx_word' id='word_1_520' title='bbox 725 3755 817 3806; x_wconf 89' lang='grc' dir='ltr'>τοῦ</span> <span class='ocrx_word' id='word_1_521' title='bbox 849 3754 1117 3824; x_wconf 77' lang='grc' dir='ltr'>Περσικοῦ</span> <span class='ocrx_word' id='word_1_522' title='bbox 1143 3755 1343 3808; x_wconf 83' lang='grc' dir='ltr'>κόλπου</span> <span class='ocrx_word' id='word_1_523' title='bbox 1376 3757 1468 3809; x_wconf 81' lang='grc' dir='ltr'>καὶ</span> <span class='ocrx_word' id='word_1_524' title='bbox 1512 3755 1653 3826; x_wconf 81' lang='grc' dir='ltr'>ὀρῶν</span> <span class='ocrx_word' id='word_1_525' title='bbox 1682 3757 1790 3810; x_wconf 87' lang='grc' dir='ltr'>τῶν</span> <span class='ocrx_word' id='word_1_526' title='bbox 1819 3757 2118 3826; x_wconf 81' lang='grc' dir='ltr'>μεγίστων,</span> 
     </span>
    </p>
   </div>
   <div class='ocr_carea' id='block_1_67' title="bbox 563 3835 2122 3920">
    <p class='ocr_par' dir='ltr' id='par_1_67' title="bbox 563 3835 2122 3920">
     <span class='ocr_line' id='line_1_67' title="bbox 563 3835 2122 3920; baseline 0.001 -20"><span class='ocrx_word' id='word_1_527' title='bbox 563 3845 598 3900; x_wconf 72' lang='grc' dir='ltr'>ἀ</span> <span class='ocrx_word' id='word_1_528' title='bbox 628 3835 1081 3916; x_wconf 80' lang='grc' dir='ltr'>Παρασύραςκαὶ</span> <span class='ocrx_word' id='word_1_529' title='bbox 1110 3847 1391 3917; x_wconf 79' lang='grc' dir='ltr'>Δαράνδας</span> <span class='ocrx_word' id='word_1_530' title='bbox 1426 3846 1652 3920; x_wconf 78' lang='grc' dir='ltr'>χωρίζει</span> <span class='ocrx_word' id='word_1_531' title='bbox 1696 3849 1836 3916; x_wconf 87' lang='grc' dir='ltr'>πρὸς</span> <span class='ocrx_word' id='word_1_532' title='bbox 1883 3848 1959 3902; x_wconf 84' lang='grc' dir='ltr'>’ἑω</span> <span class='ocrx_word' id='word_1_533' title='bbox 2022 3851 2122 3903; x_wconf 71' lang='grc' dir='ltr'>καὶ</span> 
     </span>
    </p>
   </div>
   <div class='ocr_carea' id='block_1_68' title="bbox 561 3938 2122 4011">
    <p class='ocr_par' dir='ltr' id='par_1_68' title="bbox 561 3938 2122 4011">
     <span class='ocr_line' id='line_1_68' title="bbox 561 3938 2122 4011; baseline 0.003 -21"><span class='ocrx_word' id='word_1_534' title='bbox 561 3939 802 4009; x_wconf 74' lang='grc' dir='ltr'>ποταμὸν</span> <span class='ocrx_word' id='word_1_535' title='bbox 819 3940 912 3994; x_wconf 64' lang='grc' dir='ltr'>τὶν</span> <span class='ocrx_word' id='word_1_536' title='bbox 946 3938 1132 4005; x_wconf 73' lang='grc' dir='ltr'>Ἰνδὸν,</span> <span class='ocrx_word' id='word_1_537' title='bbox 1190 3939 1342 4009; x_wconf 84' lang='grc' dir='ltr'>χώρα</span> <span class='ocrx_word' id='word_1_538' title='bbox 1380 3957 1462 4004; x_wconf 90' lang='grc' dir='ltr'>τις</span> <span class='ocrx_word' id='word_1_539' title='bbox 1497 3941 1597 4009; x_wconf 70' lang='grc' dir='ltr'>οὐχ</span> <span class='ocrx_word' id='word_1_540' title='bbox 1669 3939 1850 4008; x_wconf 81' lang='grc' dir='ltr'>ἁπλῆν</span> <span class='ocrx_word' id='word_1_541' title='bbox 1883 3941 2122 4011; x_wconf 84' lang='grc' dir='ltr'>τοῦνομα</span> 
     </span>
    </p>
   </div>
   <div class='ocr_carea' id='block_1_69' title="bbox 564 4031 2124 4103">
    <p class='ocr_par' dir='ltr' id='par_1_69' title="bbox 564 4031 2124 4103">
     <span class='ocr_line' id='line_1_69' title="bbox 564 4031 2124 4103; baseline 0 -19"><span class='ocrx_word' id='word_1_542' title='bbox 564 4033 878 4102; x_wconf 80' lang='grc' dir='ltr'>Καρμανία.</span> <span class='ocrx_word' id='word_1_543' title='bbox 907 4031 985 4084; x_wconf 76' lang='grc' dir='ltr'>Τὸ</span> <span class='ocrx_word' id='word_1_544' title='bbox 1017 4032 1116 4103; x_wconf 78' lang='grc' dir='ltr'>μὲν</span> <span class='ocrx_word' id='word_1_545' title='bbox 1147 4033 1254 4102; x_wconf 84' lang='grc' dir='ltr'>γὰρ</span> <span class='ocrx_word' id='word_1_546' title='bbox 1279 4033 1464 4095; x_wconf 78' lang='grc' dir='ltr'>αὐτοῖς</span> <span class='ocrx_word' id='word_1_547' title='bbox 1487 4031 1668 4096; x_wconf 79' lang='grc' dir='ltr'>άϐιον,</span> <span class='ocrx_word' id='word_1_548' title='bbox 1695 4033 1757 4084; x_wconf 84' lang='grc' dir='ltr'>τὸ</span> <span class='ocrx_word' id='word_1_549' title='bbox 1785 4032 1832 4085; x_wconf 83' lang='grc' dir='ltr'>δ’</span> <span class='ocrx_word' id='word_1_550' title='bbox 1865 4033 2124 4103; x_wconf 85' lang='grc' dir='ltr'>οίκουμέ-</span> 
     </span>
    </p>
   </div>
   <div class='ocr_carea' id='block_1_70' title="bbox 557 4123 2124 4198">
    <p class='ocr_par' dir='ltr' id='par_1_70' title="bbox 557 4123 2124 4198">
     <span class='ocr_line' id='line_1_70' title="bbox 557 4123 2124 4198; baseline -0.001 -20"><span class='ocrx_word' id='word_1_551' title='bbox 557 4144 622 4198; x_wconf 91' lang='grc' dir='ltr'>νη</span> <span class='ocrx_word' id='word_1_552' title='bbox 647 4127 743 4194; x_wconf 82' lang='grc' dir='ltr'>γῆ·</span> <span class='ocrx_word' id='word_1_553' title='bbox 773 4126 1024 4196; x_wconf 83' lang='grc' dir='ltr'>Μηδικὴν</span> <span class='ocrx_word' id='word_1_554' title='bbox 1057 4125 1156 4195; x_wconf 70' lang='grc' dir='ltr'>μὲν</span> <span class='ocrx_word' id='word_1_555' title='bbox 1187 4126 1333 4178; x_wconf 85' lang='grc' dir='ltr'>ἐῶσα</span> <span class='ocrx_word' id='word_1_556' title='bbox 1357 4125 1490 4196; x_wconf 75' lang='grc' dir='ltr'>πρὸς</span> <span class='ocrx_word' id='word_1_557' title='bbox 1522 4123 1742 4194; x_wconf 76' lang='grc' dir='ltr'>ἄρκτον·</span> <span class='ocrx_word' id='word_1_558' title='bbox 1783 4125 1915 4193; x_wconf 80' lang='grc' dir='ltr'>πρὸς</span> <span class='ocrx_word' id='word_1_559' title='bbox 1945 4123 2002 4177; x_wconf 86' lang='grc' dir='ltr'>δέ</span> <span class='ocrx_word' id='word_1_560' title='bbox 2026 4140 2124 4193; x_wconf 82' lang='grc' dir='ltr'>με-</span> 
     </span>
    </p>
   </div>
   <div class='ocr_carea' id='block_1_71' title="bbox 560 4217 2118 4291">
    <p class='ocr_par' dir='ltr' id='par_1_71' title="bbox 560 4217 2118 4291">
     <span class='ocr_line' id='line_1_71' title="bbox 560 4217 2118 4291; baseline -0.001 -20"><span class='ocrx_word' id='word_1_561' title='bbox 560 4219 856 4291; x_wconf 80' lang='grc' dir='ltr'>σημϐρίαν,</span> <span class='ocrx_word' id='word_1_562' title='bbox 905 4218 1100 4281; x_wconf 87' lang='grc' dir='ltr'>Ἰνδούς</span> <span class='ocrx_word' id='word_1_563' title='bbox 1132 4235 1191 4271; x_wconf 90' lang='grc' dir='ltr'>τε</span> <span class='ocrx_word' id='word_1_564' title='bbox 1253 4217 1347 4271; x_wconf 70' lang='grc' dir='ltr'>καὶ</span> <span class='ocrx_word' id='word_1_565' title='bbox 1383 4217 1600 4285; x_wconf 89' lang='grc' dir='ltr'>πελάγη</span> <span class='ocrx_word' id='word_1_566' title='bbox 1654 4217 1722 4270; x_wconf 82' lang='grc' dir='ltr'>τὰ</span> <span class='ocrx_word' id='word_1_567' title='bbox 1753 4218 1860 4271; x_wconf 88' lang='grc' dir='ltr'>τῶν</span> <span class='ocrx_word' id='word_1_568' title='bbox 1921 4217 2118 4270; x_wconf 85' lang='grc' dir='ltr'>Ἰνδῶν.</span> 
     </span>
    </p>
   </div>
   <div class='ocr_carea' id='block_1_72' title="bbox 571 4305 2123 4380">
    <p class='ocr_par' dir='ltr' id='par_1_72' title="bbox 571 4305 2123 4380">
     <span class='ocr_line' id='line_1_72' title="bbox 571 4305 2123 4380; baseline -0.001 -18"><span class='ocrx_word' id='word_1_569' title='bbox 571 4311 659 4362; x_wconf 85' lang='grc' dir='ltr'>Ἐν</span> <span class='ocrx_word' id='word_1_570' title='bbox 681 4309 859 4380; x_wconf 77' lang='grc' dir='ltr'>ταύτῃ</span> <span class='ocrx_word' id='word_1_571' title='bbox 891 4307 1050 4375; x_wconf 82' lang='grc' dir='ltr'>λόγος</span> <span class='ocrx_word' id='word_1_572' title='bbox 1085 4305 1248 4372; x_wconf 81' lang='grc' dir='ltr'>εἶναι⁷</span> <span class='ocrx_word' id='word_1_573' title='bbox 1282 4307 1336 4360; x_wconf 77' lang='grc' dir='ltr'>οῖ</span> <span class='ocrx_word' id='word_1_574' title='bbox 1375 4307 1561 4376; x_wconf 87' lang='grc' dir='ltr'>φιλίαν</span> <span class='ocrx_word' id='word_1_575' title='bbox 1587 4307 1750 4360; x_wconf 83' lang='grc' dir='ltr'>ὁπότε</span> <span class='ocrx_word' id='word_1_576' title='bbox 1786 4308 1922 4378; x_wconf 56' lang='grc' dir='ltr'>προς</span> <span class='ocrx_word' id='word_1_577' title='bbox 1956 4308 2123 4377; x_wconf 81' lang='grc' dir='ltr'>ἀλλή-</span> 
     </span>
    </p>
   </div>
   <div class='ocr_carea' id='block_1_73' title="bbox 559 4399 2122 4471">
    <p class='ocr_par' dir='ltr' id='par_1_73' title="bbox 559 4399 2122 4471">
     <span class='ocr_line' id='line_1_73' title="bbox 559 4399 2122 4471; baseline -0.001 -17"><span class='ocrx_word' id='word_1_578' title='bbox 559 4405 682 4465; x_wconf 78' lang='grc' dir='ltr'>λους</span> <span class='ocrx_word' id='word_1_579' title='bbox 708 4403 1017 4471; x_wconf 77' lang='grc' dir='ltr'>ὁμολογοῖεν</span> <span class='ocrx_word' id='word_1_580' title='bbox 1047 4401 1265 4452; x_wconf 60' lang='grc' dir='ltr'>λύοδσιν</span> <span class='ocrx_word' id='word_1_581' title='bbox 1314 4399 1426 4452; x_wconf 78' lang='grc' dir='ltr'>ἐστι</span> <span class='ocrx_word' id='word_1_582' title='bbox 1454 4399 1518 4462; x_wconf 75' lang='grc' dir='ltr'>ἃς</span> <span class='ocrx_word' id='word_1_583' title='bbox 1545 4399 1654 4451; x_wconf 89' lang='grc' dir='ltr'>τῶν</span> <span class='ocrx_word' id='word_1_584' title='bbox 1699 4400 1792 4450; x_wconf 75' lang='grc' dir='ltr'>ἐπὶ</span> <span class='ocrx_word' id='word_1_585' title='bbox 1827 4400 1921 4452; x_wconf 80' lang='grc' dir='ltr'>τοῦ</span> <span class='ocrx_word' id='word_1_586' title='bbox 1955 4417 2122 4470; x_wconf 74' lang='grc' dir='ltr'>προσ⁶</span> 
     </span>
    </p>
   </div>
   <div class='ocr_carea' id='block_1_74' title="bbox 559 4487 2126 4564">
    <p class='ocr_par' dir='ltr' id='par_1_74' title="bbox 559 4487 2126 4564">
     <span class='ocr_line' id='line_1_74' title="bbox 559 4487 2126 4564; baseline -0.001 -16"><span class='ocrx_word' id='word_1_587' title='bbox 559 4496 711 4549; x_wconf 78' lang='grc' dir='ltr'>ώπου</span> <span class='ocrx_word' id='word_1_588' title='bbox 744 4495 978 4563; x_wconf 79' lang='grc' dir='ltr'>φλεόῶν·</span> <span class='ocrx_word' id='word_1_589' title='bbox 1031 4493 1123 4546; x_wconf 76' lang='grc' dir='ltr'>καὶ</span> <span class='ocrx_word' id='word_1_590' title='bbox 1157 4492 1478 4546; x_wconf 84' lang='grc' dir='ltr'>τούντεῦθεν</span> <span class='ocrx_word' id='word_1_591' title='bbox 1502 4493 1810 4562; x_wconf 72' lang='grc' dir='ltr'>καταρρέον</span> <span class='ocrx_word' id='word_1_592' title='bbox 1866 4487 2008 4562; x_wconf 73' lang='grc' dir='ltr'>αἷμα</span> <span class='ocrx_word' id='word_1_593' title='bbox 2047 4493 2126 4564; x_wconf 80' lang='grc' dir='ltr'>τῷ</span> 
     </span>
    </p>
   </div>
   <div class='ocr_carea' id='block_1_75' title="bbox 563 4584 2124 4658">
    <p class='ocr_par' dir='ltr' id='par_1_75' title="bbox 563 4584 2124 4658">
     <span class='ocr_line' id='line_1_75' title="bbox 563 4584 2124 4658; baseline -0.001 -19"><span class='ocrx_word' id='word_1_594' title='bbox 563 4592 770 4658; x_wconf 83' lang='grc' dir='ltr'>πόματι</span> <span class='ocrx_word' id='word_1_595' title='bbox 803 4585 1274 4656; x_wconf 83' lang='grc' dir='ltr'>ἀνακεραννύντες</span> <span class='ocrx_word' id='word_1_596' title='bbox 1302 4584 1553 4655; x_wconf 87' lang='grc' dir='ltr'>ἀλλήλοις</span> <span class='ocrx_word' id='word_1_597' title='bbox 1607 4585 1934 4654; x_wconf 88' lang='grc' dir='ltr'>προπίνουσι</span> <span class='ocrx_word' id='word_1_598' title='bbox 1965 4600 1979 4614; x_wconf 86' lang='grc'><strong>·</strong></span> <span class='ocrx_word' id='word_1_599' title='bbox 2038 4585 2124 4655; x_wconf 87' lang='grc' dir='ltr'>βε-</span> 
     </span>
    </p>
   </div>
   <div class='ocr_carea' id='block_1_76' title="bbox 2221 3478 3782 3552">
    <p class='ocr_par' dir='ltr' id='par_1_76' title="bbox 2221 3478 3782 3552">
     <span class='ocr_line' id='line_1_76' title="bbox 2221 3478 3782 3552; baseline -0.004 -16"><span class='ocrx_word' id='word_1_600' title='bbox 2221 3482 2648 3552; x_wconf 84' lang='grc' dir='ltr'>κατατρέχοντος</span> <span class='ocrx_word' id='word_1_601' title='bbox 2680 3482 2739 3545; x_wconf 77' lang='grc' dir='ltr'>ἐξ</span> <span class='ocrx_word' id='word_1_602' title='bbox 2783 3480 3036 3551; x_wconf 73' lang='grc' dir='ltr'>’Δττικῆς</span> <span class='ocrx_word' id='word_1_603' title='bbox 3067 3480 3362 3551; x_wconf 87' lang='grc' dir='ltr'>ὀστράκου,</span> <span class='ocrx_word' id='word_1_604' title='bbox 3394 3478 3575 3543; x_wconf 78' lang='grc' dir='ltr'>ἄλλως</span> <span class='ocrx_word' id='word_1_605' title='bbox 3607 3494 3664 3531; x_wconf 79' lang='grc' dir='ltr'>τε</span> <span class='ocrx_word' id='word_1_606' title='bbox 3697 3478 3782 3530; x_wconf 77' lang='grc' dir='ltr'>καὶ</span> 
     </span>
    </p>
   </div>
   <div class='ocr_carea' id='block_1_77' title="bbox 2223 3567 3784 3644">
    <p class='ocr_par' dir='ltr' id='par_1_77' title="bbox 2223 3567 3784 3644">
     <span class='ocr_line' id='line_1_77' title="bbox 2223 3567 3784 3644; baseline -0.004 -18"><span class='ocrx_word' id='word_1_607' title='bbox 2223 3576 2406 3627; x_wconf 80' lang='grc' dir='ltr'>πᾶσαν</span> <span class='ocrx_word' id='word_1_608' title='bbox 2429 3574 2695 3644; x_wconf 81' lang='grc' dir='ltr'>ἁρμονίαν</span> <span class='ocrx_word' id='word_1_609' title='bbox 2726 3574 3039 3644; x_wconf 68' lang='grc' dir='ltr'>ἐξαιρετέον</span> <span class='ocrx_word' id='word_1_610' title='bbox 3088 3572 3275 3625; x_wconf 84' lang='grc' dir='ltr'>λοιπὸν</span> <span class='ocrx_word' id='word_1_611' title='bbox 3296 3573 3361 3626; x_wconf 72' lang='grc' dir='ltr'>ἐκ</span> <span class='ocrx_word' id='word_1_612' title='bbox 3391 3571 3620 3635; x_wconf 76' lang='grc' dir='ltr'>παντὸς,</span> <span class='ocrx_word' id='word_1_613' title='bbox 3653 3570 3699 3622; x_wconf 80' lang='grc' dir='ltr'>σί</span> <span class='ocrx_word' id='word_1_614' title='bbox 3725 3567 3784 3636; x_wconf 77' lang='grc' dir='ltr'>δή</span> 
     </span>
    </p>
   </div>
   <div class='ocr_carea' id='block_1_78' title="bbox 2222 3662 3782 3737">
    <p class='ocr_par' dir='ltr' id='par_1_78' title="bbox 2222 3662 3782 3737">
     <span class='ocr_line' id='line_1_78' title="bbox 2222 3662 3782 3737; baseline -0.004 -17"><span class='ocrx_word' id='word_1_615' title='bbox 2222 3667 2571 3737; x_wconf 81' lang='grc' dir='ltr'>πολυμιγέων</span> <span class='ocrx_word' id='word_1_616' title='bbox 2599 3665 2793 3728; x_wconf 74' lang='grc' dir='ltr'>ἓνωσις</span> <span class='ocrx_word' id='word_1_617' title='bbox 2824 3665 2963 3735; x_wconf 76' lang='grc' dir='ltr'>αὕτη</span> <span class='ocrx_word' id='word_1_618' title='bbox 3003 3665 3099 3718; x_wconf 68' lang='grc' dir='ltr'>καὶ</span> <span class='ocrx_word' id='word_1_619' title='bbox 3123 3663 3247 3733; x_wconf 84' lang='grc' dir='ltr'>δίχα</span> <span class='ocrx_word' id='word_1_620' title='bbox 3284 3662 3624 3732; x_wconf 79' lang='grc' dir='ltr'>φρονεόντων</span> <span class='ocrx_word' id='word_1_621' title='bbox 3651 3677 3782 3730; x_wconf 78' lang='grc' dir='ltr'>συμο</span> 
     </span>
    </p>
   </div>
   <div class='ocr_carea' id='block_1_79' title="bbox 2224 3752 3784 3830">
    <p class='ocr_par' dir='ltr' id='par_1_79' title="bbox 2224 3752 3784 3830">
     <span class='ocr_line' id='line_1_79' title="bbox 2224 3752 3784 3830; baseline -0.006 -17"><span class='ocrx_word' id='word_1_622' title='bbox 2224 3763 2506 3829; x_wconf 80' lang='grc' dir='ltr'>φρόνησις.</span> <span class='ocrx_word' id='word_1_623' title='bbox 2539 3759 2613 3815; x_wconf 80' lang='grc' dir='ltr'>Οὐ</span> <span class='ocrx_word' id='word_1_624' title='bbox 2639 3759 2747 3830; x_wconf 87' lang='lat'>7&amp;9</span> <span class='ocrx_word' id='word_1_625' title='bbox 2779 3757 2846 3812; x_wconf 80' lang='grc' dir='ltr'>ἂν</span> <span class='ocrx_word' id='word_1_626' title='bbox 2865 3757 3068 3824; x_wconf 77' lang='grc' dir='ltr'>ἄλλως,</span> <span class='ocrx_word' id='word_1_627' title='bbox 3097 3752 3275 3826; x_wconf 73' lang='grc' dir='ltr'>οἶμαι,</span> <span class='ocrx_word' id='word_1_628' title='bbox 3307 3754 3524 3823; x_wconf 78' lang='grc' dir='ltr'>γένοιτο</span> <span class='ocrx_word' id='word_1_629' title='bbox 3555 3753 3784 3812; x_wconf 73' lang='grc' dir='ltr'>ἀνέσεως</span> 
     </span>
    </p>
   </div>
   <div class='ocr_carea' id='block_1_80' title="bbox 2222 3835 3775 3916">
    <p class='ocr_par' dir='ltr' id='par_1_80' title="bbox 2222 3835 3775 3916">
     <span class='ocr_line' id='line_1_80' title="bbox 2222 3835 3775 3916; baseline -0.006 -12"><span class='ocrx_word' id='word_1_630' title='bbox 2222 3851 2353 3904; x_wconf 80' lang='grc' dir='ltr'>ἀνευ</span> <span class='ocrx_word' id='word_1_631' title='bbox 2379 3849 2475 3903; x_wconf 78' lang='grc' dir='ltr'>καὶ</span> <span class='ocrx_word' id='word_1_632' title='bbox 2504 3850 2828 3912; x_wconf 87' lang='grc' dir='ltr'>ἐπιτάσεως.</span> <span class='ocrx_word' id='word_1_633' title='bbox 2902 3847 3043 3900; x_wconf 84' lang='grc' dir='ltr'>Ἀλλ’</span> <span class='ocrx_word' id='word_1_634' title='bbox 3065 3849 3116 3900; x_wconf 87' lang='grc' dir='ltr'>εί</span> <span class='ocrx_word' id='word_1_635' title='bbox 3149 3845 3250 3916; x_wconf 73' lang='grc' dir='ltr'>μὲν</span> <span class='ocrx_word' id='word_1_636' title='bbox 3317 3843 3494 3899; x_wconf 85' lang='grc' dir='ltr'>ταῦτα</span> <span class='ocrx_word' id='word_1_637' title='bbox 3518 3845 3690 3913; x_wconf 86' lang='grc' dir='ltr'>λέγων</span> <span class='ocrx_word' id='word_1_638' title='bbox 3720 3835 3775 3894; x_wconf 73' lang='grc' dir='ltr'>εὖ</span> 
     </span>
    </p>
   </div>
   <div class='ocr_carea' id='block_1_81' title="bbox 2223 3935 3780 4010">
    <p class='ocr_par' dir='ltr' id='par_1_81' title="bbox 2223 3935 3780 4010">
     <span class='ocr_line' id='line_1_81' title="bbox 2223 3935 3780 4010; baseline -0.004 -17"><span class='ocrx_word' id='word_1_639' title='bbox 2223 3941 2385 4010; x_wconf 84' lang='grc' dir='ltr'>λέγω,</span> <span class='ocrx_word' id='word_1_640' title='bbox 2419 3941 2669 4006; x_wconf 81' lang='grc' dir='ltr'>πλούτιζε</span> <span class='ocrx_word' id='word_1_641' title='bbox 2697 3943 2810 4004; x_wconf 88' lang='grc' dir='ltr'>τοῖς</span> <span class='ocrx_word' id='word_1_642' title='bbox 2849 3942 3035 4008; x_wconf 86' lang='grc' dir='ltr'>σοφοῖς</span> <span class='ocrx_word' id='word_1_643' title='bbox 3067 3955 3162 3992; x_wconf 90' lang='grc' dir='ltr'>σου</span> <span class='ocrx_word' id='word_1_644' title='bbox 3213 3939 3392 4008; x_wconf 87' lang='grc' dir='ltr'>λόγοις</span> <span class='ocrx_word' id='word_1_645' title='bbox 3423 3938 3597 4010; x_wconf 76' lang='grc' dir='ltr'>ἡμᾶς.</span> <span class='ocrx_word' id='word_1_646' title='bbox 3623 3935 3780 3992; x_wconf 74' lang='grc' dir='ltr'>Τουτὶ</span> 
     </span>
    </p>
   </div>
   <div class='ocr_carea' id='block_1_82' title="bbox 2224 4027 3781 4104">
    <p class='ocr_par' dir='ltr' id='par_1_82' title="bbox 2224 4027 3781 4104">
     <span class='ocr_line' id='line_1_82' title="bbox 2224 4027 3781 4104; baseline -0.004 -17"><span class='ocrx_word' id='word_1_647' title='bbox 2224 4034 2334 4104; x_wconf 78' lang='grc' dir='ltr'>γὰρ</span> <span class='ocrx_word' id='word_1_648' title='bbox 2372 4036 2504 4104; x_wconf 89' lang='grc' dir='ltr'>ήμῖν</span> <span class='ocrx_word' id='word_1_649' title='bbox 2532 4037 2560 4087; x_wconf 83' lang='grc' dir='ltr'>ὁ</span> <span class='ocrx_word' id='word_1_650' title='bbox 2610 4034 2832 4097; x_wconf 80' lang='grc' dir='ltr'>σκοπός⁹</span> <span class='ocrx_word' id='word_1_651' title='bbox 2864 4034 2914 4085; x_wconf 80' lang='grc' dir='ltr'>εί</span> <span class='ocrx_word' id='word_1_652' title='bbox 2946 4032 2996 4086; x_wconf 84' lang='grc' dir='ltr'>δ’</span> <span class='ocrx_word' id='word_1_653' title='bbox 3017 4028 3134 4095; x_wconf 82' lang='grc' dir='ltr'>οὖν,</span> <span class='ocrx_word' id='word_1_654' title='bbox 3173 4030 3471 4100; x_wconf 86' lang='grc' dir='ltr'>σύγγνωθι·</span> <span class='ocrx_word' id='word_1_655' title='bbox 3523 4032 3635 4092; x_wconf 84' lang='grc' dir='ltr'>τοῖς</span> <span class='ocrx_word' id='word_1_656' title='bbox 3680 4027 3781 4096; x_wconf 82' lang='grc' dir='ltr'>γὰρ</span> 
     </span>
    </p>
   </div>
   <div class='ocr_carea' id='block_1_83' title="bbox 2225 4117 3782 4191">
    <p class='ocr_par' dir='ltr' id='par_1_83' title="bbox 2225 4117 3782 4191">
     <span class='ocr_line' id='line_1_83' title="bbox 2225 4117 3782 4191; baseline -0.006 -11"><span class='ocrx_word' id='word_1_657' title='bbox 2225 4126 2491 4188; x_wconf 88' lang='grc' dir='ltr'>ἀκουσίως</span> <span class='ocrx_word' id='word_1_658' title='bbox 2520 4127 2810 4180; x_wconf 86' lang='grc' dir='ltr'>πταίσασιν</span> <span class='ocrx_word' id='word_1_659' title='bbox 2860 4124 3107 4180; x_wconf 76' lang='grc' dir='ltr'>ἑκούσιον</span> <span class='ocrx_word' id='word_1_660' title='bbox 3137 4123 3370 4177; x_wconf 72' lang='grc' dir='ltr'>ἕπεσθαι</span> <span class='ocrx_word' id='word_1_661' title='bbox 3398 4121 3497 4191; x_wconf 82' lang='grc' dir='ltr'>τὴν</span> <span class='ocrx_word' id='word_1_662' title='bbox 3547 4117 3782 4189; x_wconf 80' lang='grc' dir='ltr'>συγγνώ-</span> 
     </span>
    </p>
   </div>
   <div class='ocr_carea' id='block_1_84' title="bbox 2229 4212 3781 4288">
    <p class='ocr_par' dir='ltr' id='par_1_84' title="bbox 2229 4212 3781 4288">
     <span class='ocr_line' id='line_1_84' title="bbox 2229 4212 3781 4288; baseline -0.005 -17"><span class='ocrx_word' id='word_1_663' title='bbox 2229 4237 2336 4288; x_wconf 82' lang='grc' dir='ltr'>μην</span> <span class='ocrx_word' id='word_1_664' title='bbox 2360 4220 2586 4274; x_wconf 86' lang='grc' dir='ltr'>δίκαιον.</span> <span class='ocrx_word' id='word_1_665' title='bbox 2635 4217 2724 4282; x_wconf 81' lang='grc' dir='ltr'>Ὠς</span> <span class='ocrx_word' id='word_1_666' title='bbox 2757 4218 2866 4287; x_wconf 81' lang='grc' dir='ltr'>γὰρ</span> <span class='ocrx_word' id='word_1_667' title='bbox 2897 4215 2958 4269; x_wconf 77' lang='grc' dir='ltr'>εὖ</span> <span class='ocrx_word' id='word_1_668' title='bbox 2987 4216 3176 4286; x_wconf 71' lang='grc' dir='ltr'>ἔμοιγε</span> <span class='ocrx_word' id='word_1_669' title='bbox 3201 4217 3433 4285; x_wconf 87' lang='grc' dir='ltr'>λέγοντι,</span> <span class='ocrx_word' id='word_1_670' title='bbox 3487 4215 3672 4268; x_wconf 68' lang='grc' dir='ltr'>ἑκόντι</span> <span class='ocrx_word' id='word_1_671' title='bbox 3700 4212 3781 4281; x_wconf 84' lang='grc' dir='ltr'>γί-</span> 
     </span>
    </p>
   </div>
   <div class='ocr_carea' id='block_1_85' title="bbox 2225 4307 3784 4379">
    <p class='ocr_par' dir='ltr' id='par_1_85' title="bbox 2225 4307 3784 4379">
     <span class='ocr_line' id='line_1_85' title="bbox 2225 4307 3784 4379; baseline -0.003 -17"><span class='ocrx_word' id='word_1_672' title='bbox 2225 4328 2416 4379; x_wconf 81' lang='grc' dir='ltr'>γνεται</span> <span class='ocrx_word' id='word_1_673' title='bbox 2443 4310 2620 4376; x_wconf 86' lang='grc' dir='ltr'>τοῦτο,</span> <span class='ocrx_word' id='word_1_674' title='bbox 2649 4309 2826 4373; x_wconf 80' lang='grc' dir='ltr'>οὕτως</span> <span class='ocrx_word' id='word_1_675' title='bbox 2875 4309 2924 4362; x_wconf 83' lang='grc' dir='ltr'>εί</span> <span class='ocrx_word' id='word_1_676' title='bbox 2959 4309 3146 4372; x_wconf 86' lang='grc' dir='ltr'>κακῶς</span> <span class='ocrx_word' id='word_1_677' title='bbox 3177 4310 3386 4364; x_wconf 77' lang='grc' dir='ltr'>ἀκοντι’</span> <span class='ocrx_word' id='word_1_678' title='bbox 3439 4307 3550 4362; x_wconf 83' lang='grc' dir='ltr'>τῶν</span> <span class='ocrx_word' id='word_1_679' title='bbox 3574 4309 3680 4377; x_wconf 87' lang='grc' dir='ltr'>γὰρ</span> <span class='ocrx_word' id='word_1_680' title='bbox 3701 4308 3784 4358; x_wconf 82' lang='grc' dir='ltr'>ἐν·</span> 
     </span>
    </p>
   </div>
   <div class='ocr_carea' id='block_1_86' title="bbox 2226 4398 3784 4472">
    <p class='ocr_par' dir='ltr' id='par_1_86' title="bbox 2226 4398 3784 4472">
     <span class='ocr_line' id='line_1_86' title="bbox 2226 4398 3784 4472; baseline -0.007 -15"><span class='ocrx_word' id='word_1_681' title='bbox 2226 4403 2425 4458; x_wconf 79' lang='grc' dir='ltr'>αντίων</span> <span class='ocrx_word' id='word_1_682' title='bbox 2458 4404 2588 4472; x_wconf 80' lang='grc' dir='ltr'>μιᾶς</span> <span class='ocrx_word' id='word_1_683' title='bbox 2630 4400 2801 4470; x_wconf 75' lang='grc' dir='ltr'>οὔσης</span> <span class='ocrx_word' id='word_1_684' title='bbox 2860 4403 2958 4470; x_wconf 84' lang='grc' dir='ltr'>τῆς</span> <span class='ocrx_word' id='word_1_685' title='bbox 3019 4401 3356 4472; x_wconf 86' lang='grc' dir='ltr'>ἐπιστήμης,</span> <span class='ocrx_word' id='word_1_686' title='bbox 3411 4399 3489 4463; x_wconf 81' lang='grc' dir='ltr'>ὡς</span> <span class='ocrx_word' id='word_1_687' title='bbox 3541 4401 3591 4452; x_wconf 84' lang='grc' dir='ltr'>οῖ</span> <span class='ocrx_word' id='word_1_688' title='bbox 3625 4398 3784 4452; x_wconf 78' lang='grc' dir='ltr'>πάλαι</span> 
     </span>
    </p>
   </div>
   <div class='ocr_carea' id='block_1_87' title="bbox 2228 4488 3783 4563">
    <p class='ocr_par' dir='ltr' id='par_1_87' title="bbox 2228 4488 3783 4563">
     <span class='ocr_line' id='line_1_87' title="bbox 2228 4488 3783 4563; baseline -0.006 -17"><span class='ocrx_word' id='word_1_689' title='bbox 2228 4494 2384 4563; x_wconf 69' lang='grc' dir='ltr'>σοφοὶ</span> <span class='ocrx_word' id='word_1_690' title='bbox 2408 4491 2850 4555; x_wconf 77' lang='grc' dir='ltr'>δογματίζουσιν,</span> <span class='ocrx_word' id='word_1_691' title='bbox 2885 4490 3078 4543; x_wconf 73' lang='grc' dir='ltr'>ἕπεται</span> <span class='ocrx_word' id='word_1_692' title='bbox 3126 4490 3250 4543; x_wconf 70' lang='grc' dir='ltr'>τῶνε</span> <span class='ocrx_word' id='word_1_693' title='bbox 3282 4489 3468 4543; x_wconf 88' lang='grc' dir='ltr'>καλῶν</span> <span class='ocrx_word' id='word_1_694' title='bbox 3529 4488 3783 4542; x_wconf 86' lang='grc' dir='ltr'>ἐκουσίων</span> 
     </span>
    </p>
   </div>
   <div class='ocr_carea' id='block_1_88' title="bbox 2229 4580 3785 4654">
    <p class='ocr_par' dir='ltr' id='par_1_88' title="bbox 2229 4580 3785 4654">
     <span class='ocr_line' id='line_1_88' title="bbox 2229 4580 3785 4654; baseline -0.004 -18"><span class='ocrx_word' id='word_1_695' title='bbox 2229 4583 2594 4654; x_wconf 87' lang='grc' dir='ltr'>γιγνομένων,</span> <span class='ocrx_word' id='word_1_696' title='bbox 2623 4583 2856 4636; x_wconf 84' lang='grc' dir='ltr'>ἀκούσια</span> <span class='ocrx_word' id='word_1_697' title='bbox 2886 4581 3206 4652; x_wconf 81' lang='grc' dir='ltr'>νομίζεσθαι</span> <span class='ocrx_word' id='word_1_698' title='bbox 3259 4581 3331 4635; x_wconf 84' lang='grc' dir='ltr'>τὰ</span> <span class='ocrx_word' id='word_1_699' title='bbox 3389 4581 3558 4636; x_wconf 80' lang='grc' dir='ltr'>κακά’</span> <span class='ocrx_word' id='word_1_700' title='bbox 3608 4580 3785 4647; x_wconf 80' lang='grc' dir='ltr'>ῶσπερ</span> 
     </span>
    </p>
   </div>
   <div class='ocr_carea' id='block_1_89' title="bbox 562 4670 3782 4748">
    <p class='ocr_par' dir='ltr' id='par_1_89' title="bbox 562 4670 3782 4748">
     <span class='ocr_line' id='line_1_89' title="bbox 562 4670 3782 4748; baseline -0.002 -18"><span class='ocrx_word' id='word_1_701' title='bbox 562 4680 723 4742; x_wconf 76' lang='grc' dir='ltr'>σαίας</span> <span class='ocrx_word' id='word_1_702' title='bbox 750 4678 852 4748; x_wconf 69' lang='grc' dir='ltr'>ἤδη</span> <span class='ocrx_word' id='word_1_703' title='bbox 935 4677 1030 4729; x_wconf 77' lang='grc' dir='ltr'>καὶ</span> <span class='ocrx_word' id='word_1_704' title='bbox 1088 4674 1375 4744; x_wconf 79' lang='grc' dir='ltr'>ἀσφαλοῦς</span> <span class='ocrx_word' id='word_1_705' title='bbox 1431 4675 1614 4743; x_wconf 88' lang='grc' dir='ltr'>φιλίας</span> <span class='ocrx_word' id='word_1_706' title='bbox 1673 4677 1936 4746; x_wconf 85' lang='grc' dir='ltr'>ἐνέχυρον</span> <span class='ocrx_word' id='word_1_707' title='bbox 1979 4675 2126 4746; x_wconf 86' lang='grc' dir='ltr'>ἐχειν</span> <span class='ocrx_word' id='word_1_708' title='bbox 2230 4678 2339 4748; x_wconf 89' lang='lat'>7&amp;9</span> <span class='ocrx_word' id='word_1_709' title='bbox 2384 4677 2548 4739; x_wconf 80' lang='grc' dir='ltr'>καλὸς</span> <span class='ocrx_word' id='word_1_710' title='bbox 2591 4679 2741 4732; x_wconf 81' lang='grc' dir='ltr'>ἄκων</span> <span class='ocrx_word' id='word_1_711' title='bbox 2802 4676 2996 4742; x_wconf 73' lang='grc' dir='ltr'>οὐδεὶς,</span> <span class='ocrx_word' id='word_1_712' title='bbox 3051 4677 3222 4738; x_wconf 80' lang='grc' dir='ltr'>οὓτως</span> <span class='ocrx_word' id='word_1_713' title='bbox 3280 4674 3390 4728; x_wconf 78' lang='grc' dir='ltr'>οὐδ’</span> <span class='ocrx_word' id='word_1_714' title='bbox 3423 4672 3568 4727; x_wconf 85' lang='grc' dir='ltr'>έκὼν</span> <span class='ocrx_word' id='word_1_715' title='bbox 3627 4670 3782 4731; x_wconf 82' lang='grc' dir='ltr'>κακὸς</span> 
     </span>
    </p>
   </div>
   <div class='ocr_carea' id='block_1_90' title="bbox 563 4752 2426 4839">
    <p class='ocr_par' dir='ltr' id='par_1_90' title="bbox 563 4752 2426 4839">
     <span class='ocr_line' id='line_1_90' title="bbox 563 4752 2426 4839; baseline 0.002 -17"><span class='ocrx_word' id='word_1_716' title='bbox 563 4771 854 4839; x_wconf 72' lang='grc' dir='ltr'>ἡγούμενοι</span> <span class='ocrx_word' id='word_1_717' title='bbox 913 4770 973 4821; x_wconf 82' lang='grc' dir='ltr'>τὸ</span> <span class='ocrx_word' id='word_1_718' title='bbox 1011 4766 1267 4836; x_wconf 87' lang='grc' dir='ltr'>γεύεσθαι</span> <span class='ocrx_word' id='word_1_719' title='bbox 1295 4765 1390 4820; x_wconf 87' lang='grc' dir='ltr'>τοῦ</span> <span class='ocrx_word' id='word_1_720' title='bbox 1425 4768 1672 4836; x_wconf 84' lang='grc' dir='ltr'>ἀλλήλων</span> <span class='ocrx_word' id='word_1_721' title='bbox 1710 4767 1962 4837; x_wconf 82' lang='grc' dir='ltr'>αἵματος.</span> <span class='ocrx_word' id='word_1_722' title='bbox 2162 4752 2206 4804; x_wconf 72' lang='grc' dir='ltr'>θ</span> <span class='ocrx_word' id='word_1_723' title='bbox 2229 4771 2426 4833; x_wconf 80' lang='grc' dir='ltr'>οὐδείς.</span> 
     </span>
    </p>
   </div>
   <div class='ocr_carea' id='block_1_91' title="bbox 633 4860 3783 4933">
    <p class='ocr_par' dir='ltr' id='par_1_91' title="bbox 633 4860 3783 4933">
     <span class='ocr_line' id='line_1_91' title="bbox 633 4860 3783 4933; baseline -0.003 -13"><span class='ocrx_word' id='word_1_724' title='bbox 633 4863 792 4916; x_wconf 78' lang='grc' dir='ltr'>Τοῦτ’</span> <span class='ocrx_word' id='word_1_725' title='bbox 832 4861 994 4920; x_wconf 74' lang='grc' dir='ltr'>αὐτὸς</span> <span class='ocrx_word' id='word_1_726' title='bbox 1065 4861 1253 4932; x_wconf 80' lang='grc' dir='ltr'>ὥσπερ</span> <span class='ocrx_word' id='word_1_727' title='bbox 1307 4862 1568 4930; x_wconf 78' lang='grc' dir='ltr'>ἐχέγγυον</span> <span class='ocrx_word' id='word_1_728' title='bbox 1628 4860 1927 4930; x_wconf 80' lang='grc' dir='ltr'>ἀκραιφνὲς</span> <span class='ocrx_word' id='word_1_729' title='bbox 1984 4862 2130 4930; x_wconf 73' lang='grc' dir='ltr'>εἱλη-</span> <span class='ocrx_word' id='word_1_730' title='bbox 2302 4863 2374 4916; x_wconf 84' lang='grc' dir='ltr'>Σὺ</span> <span class='ocrx_word' id='word_1_731' title='bbox 2404 4862 2461 4914; x_wconf 85' lang='grc' dir='ltr'>δέ</span> <span class='ocrx_word' id='word_1_732' title='bbox 2493 4861 2644 4932; x_wconf 86' lang='grc' dir='ltr'>κρίνε</span> <span class='ocrx_word' id='word_1_733' title='bbox 2672 4864 2831 4915; x_wconf 59' lang='grc' dir='ltr'>ταυτὶ⁷</span> <span class='ocrx_word' id='word_1_734' title='bbox 2865 4863 2957 4914; x_wconf 79' lang='grc' dir='ltr'>καὶ</span> <span class='ocrx_word' id='word_1_735' title='bbox 3008 4863 3208 4930; x_wconf 87' lang='grc' dir='ltr'>διαίρει</span> <span class='ocrx_word' id='word_1_736' title='bbox 3260 4863 3325 4933; x_wconf 79' lang='grc' dir='ltr'>τῇ</span> <span class='ocrx_word' id='word_1_737' title='bbox 3352 4864 3419 4933; x_wconf 78' lang='grc' dir='ltr'>σῇ</span> <span class='ocrx_word' id='word_1_738' title='bbox 3466 4860 3783 4933; x_wconf 75' lang='grc' dir='ltr'>μεγαλονοίᾳ</span> 
     </span>
    </p>
   </div>
   <div class='ocr_carea' id='block_1_92' title="bbox 564 4950 3782 5024">
    <p class='ocr_par' dir='ltr' id='par_1_92' title="bbox 564 4950 3782 5024">
     <span class='ocr_line' id='line_1_92' title="bbox 564 4950 3782 5024; baseline -0.002 -16"><span class='ocrx_word' id='word_1_739' title='bbox 564 4955 700 5024; x_wconf 85' lang='grc' dir='ltr'>φὼς,</span> <span class='ocrx_word' id='word_1_740' title='bbox 730 4954 882 5022; x_wconf 75' lang='grc' dir='ltr'>τάμά</span> <span class='ocrx_word' id='word_1_741' title='bbox 911 4969 1014 5017; x_wconf 90' lang='grc' dir='ltr'>σοι,</span> <span class='ocrx_word' id='word_1_742' title='bbox 1039 4952 1282 5006; x_wconf 79' lang='grc' dir='ltr'>θειότατε</span> <span class='ocrx_word' id='word_1_743' title='bbox 1303 4952 1580 5020; x_wconf 82' lang='grc' dir='ltr'>ἄνθρωπε,</span> <span class='ocrx_word' id='word_1_744' title='bbox 1599 4953 1971 5022; x_wconf 85' lang='grc' dir='ltr'>παρεσχήκειν</span> <span class='ocrx_word' id='word_1_745' title='bbox 2002 4951 2130 5022; x_wconf 79' lang='grc' dir='ltr'>ἐζη-</span> <span class='ocrx_word' id='word_1_746' title='bbox 2236 4950 2564 5024; x_wconf 83' lang='grc' dir='ltr'>σοφώτερον,</span> <span class='ocrx_word' id='word_1_747' title='bbox 2592 4954 2684 5006; x_wconf 79' lang='grc' dir='ltr'>καὶ</span> <span class='ocrx_word' id='word_1_748' title='bbox 2719 4953 2795 5022; x_wconf 78' lang='grc' dir='ltr'>μὴ</span> <span class='ocrx_word' id='word_1_749' title='bbox 2815 4953 3004 5021; x_wconf 82' lang='grc' dir='ltr'>λήγοις</span> <span class='ocrx_word' id='word_1_750' title='bbox 3028 4951 3365 5022; x_wconf 76' lang='grc' dir='ltr'>σοφρονίζων</span> <span class='ocrx_word' id='word_1_751' title='bbox 3386 4953 3480 5005; x_wconf 86' lang='grc' dir='ltr'>καὶ</span> <span class='ocrx_word' id='word_1_752' title='bbox 3509 4951 3782 5022; x_wconf 77' lang='grc' dir='ltr'>ῥυθμίζων</span> 
     </span>
    </p>
   </div>
   <div class='ocr_carea' id='block_1_93' title="bbox 561 5044 3784 5117">
    <p class='ocr_par' dir='ltr' id='par_1_93' title="bbox 561 5044 3784 5117">
     <span class='ocr_line' id='line_1_93' title="bbox 561 5044 3784 5117; baseline 0 -15"><span class='ocrx_word' id='word_1_753' title='bbox 561 5049 750 5116; x_wconf 87' lang='grc' dir='ltr'>τηκότι</span> <span class='ocrx_word' id='word_1_754' title='bbox 782 5047 1112 5117; x_wconf 87' lang='grc' dir='ltr'>γράμματα,</span> <span class='ocrx_word' id='word_1_755' title='bbox 1154 5045 1447 5115; x_wconf 79' lang='grc' dir='ltr'>ἀσώματος</span> <span class='ocrx_word' id='word_1_756' title='bbox 1470 5046 1571 5112; x_wconf 79' lang='grc' dir='ltr'>μὲν</span> <span class='ocrx_word' id='word_1_757' title='bbox 1603 5047 1705 5098; x_wconf 83' lang='grc' dir='ltr'>οὐκ</span> <span class='ocrx_word' id='word_1_758' title='bbox 1744 5047 1811 5099; x_wconf 77' lang='grc' dir='ltr'>ἄν</span> <span class='ocrx_word' id='word_1_759' title='bbox 1860 5063 1944 5108; x_wconf 89' lang='grc' dir='ltr'>τις</span> <span class='ocrx_word' id='word_1_760' title='bbox 1996 5045 2127 5107; x_wconf 85' lang='grc' dir='ltr'>ῐσως</span> <span class='ocrx_word' id='word_1_761' title='bbox 2233 5048 2325 5101; x_wconf 84' lang='grc' dir='ltr'>καὶ</span> <span class='ocrx_word' id='word_1_762' title='bbox 2357 5045 2594 5115; x_wconf 86' lang='grc' dir='ltr'>θύραθεν</span> <span class='ocrx_word' id='word_1_763' title='bbox 2648 5046 2716 5099; x_wconf 81' lang='grc' dir='ltr'>τὰ</span> <span class='ocrx_word' id='word_1_764' title='bbox 2766 5047 3030 5116; x_wconf 79' lang='grc' dir='ltr'>ἡμέτερα.</span> <span class='ocrx_word' id='word_1_765' title='bbox 3083 5047 3156 5098; x_wconf 81' lang='grc' dir='ltr'>Σὺ</span> <span class='ocrx_word' id='word_1_766' title='bbox 3189 5047 3297 5115; x_wconf 82' lang='grc' dir='ltr'>γάρ</span> <span class='ocrx_word' id='word_1_767' title='bbox 3356 5063 3446 5116; x_wconf 90' lang='grc' dir='ltr'>μοι</span> <span class='ocrx_word' id='word_1_768' title='bbox 3503 5048 3597 5100; x_wconf 82' lang='grc' dir='ltr'>καὶ</span> <span class='ocrx_word' id='word_1_769' title='bbox 3633 5044 3784 5110; x_wconf 80' lang='grc' dir='ltr'>σοφὸς</span> 
     </span>
    </p>
   </div>
   <div class='ocr_carea' id='block_1_94' title="bbox 561 5129 3778 5211">
    <p class='ocr_par' dir='ltr' id='par_1_94' title="bbox 561 5129 3778 5211">
     <span class='ocr_line' id='line_1_94' title="bbox 561 5129 3778 5211; baseline -0.002 -17"><span class='ocrx_word' id='word_1_770' title='bbox 561 5139 702 5211; x_wconf 74' lang='grc' dir='ltr'>αἷμα</span> <span class='ocrx_word' id='word_1_771' title='bbox 732 5143 948 5209; x_wconf 81' lang='grc' dir='ltr'>φήσειε·</span> <span class='ocrx_word' id='word_1_772' title='bbox 985 5140 1162 5209; x_wconf 81' lang='grc' dir='ltr'>ψυχῆς</span> <span class='ocrx_word' id='word_1_773' title='bbox 1195 5155 1257 5203; x_wconf 89' lang='grc' dir='ltr'>γε</span> <span class='ocrx_word' id='word_1_774' title='bbox 1305 5137 1411 5209; x_wconf 79' lang='grc' dir='ltr'>μὴν</span> <span class='ocrx_word' id='word_1_775' title='bbox 1441 5139 1629 5207; x_wconf 73' lang='grc' dir='ltr'>ἕτερον</span> <span class='ocrx_word' id='word_1_776' title='bbox 1673 5139 1877 5206; x_wconf 75' lang='grc' dir='ltr'>τρόπον</span> <span class='ocrx_word' id='word_1_777' title='bbox 1927 5138 2026 5192; x_wconf 81' lang='grc' dir='ltr'>οὐκ</span> <span class='ocrx_word' id='word_1_778' title='bbox 2061 5138 2126 5191; x_wconf 77' lang='grc' dir='ltr'>ἂν</span> <span class='ocrx_word' id='word_1_779' title='bbox 2231 5129 2476 5210; x_wconf 82' lang='grc' dir='ltr'>ἀπλανὴς</span> <span class='ocrx_word' id='word_1_780' title='bbox 2549 5140 2642 5193; x_wconf 73' lang='grc' dir='ltr'>καὶ</span> <span class='ocrx_word' id='word_1_781' title='bbox 2688 5139 2881 5208; x_wconf 84' lang='grc' dir='ltr'>κριτὴς</span> <span class='ocrx_word' id='word_1_782' title='bbox 2953 5139 3226 5210; x_wconf 80' lang='grc' dir='ltr'>ἀῤῥεπὴς,</span> <span class='ocrx_word' id='word_1_783' title='bbox 3283 5140 3377 5191; x_wconf 71' lang='grc' dir='ltr'>καὶ</span> <span class='ocrx_word' id='word_1_784' title='bbox 3415 5139 3600 5199; x_wconf 85' lang='grc' dir='ltr'>Μίνως</span> <span class='ocrx_word' id='word_1_785' title='bbox 3657 5135 3778 5201; x_wconf 80' lang='grc' dir='ltr'>ζῶν,</span> 
     </span>
    </p>
   </div>
   <div class='ocr_carea' id='block_1_95' title="bbox 562 5227 3778 5303">
    <p class='ocr_par' dir='ltr' id='par_1_95' title="bbox 562 5227 3778 5303">
     <span class='ocr_line' id='line_1_95' title="bbox 562 5227 3778 5303; baseline -0.004 -13"><span class='ocrx_word' id='word_1_786' title='bbox 562 5235 844 5301; x_wconf 82' lang='grc' dir='ltr'>τοσοῦτον,</span> <span class='ocrx_word' id='word_1_787' title='bbox 897 5229 1077 5303; x_wconf 84' lang='grc' dir='ltr'>οἶμαι,</span> <span class='ocrx_word' id='word_1_788' title='bbox 1144 5235 1321 5302; x_wconf 82' lang='grc' dir='ltr'>φήσας</span> <span class='ocrx_word' id='word_1_789' title='bbox 1380 5232 1637 5302; x_wconf 79' lang='grc' dir='ltr'>ἁμάρτοιο</span> <span class='ocrx_word' id='word_1_790' title='bbox 1693 5231 1911 5293; x_wconf 85' lang='grc' dir='ltr'>ἐλπίδας</span> <span class='ocrx_word' id='word_1_791' title='bbox 1963 5231 2119 5294; x_wconf 79' lang='grc' dir='ltr'>αὐτὸς</span> <span class='ocrx_word' id='word_1_792' title='bbox 2233 5234 2329 5285; x_wconf 73' lang='grc' dir='ltr'>καὶ</span> <span class='ocrx_word' id='word_1_793' title='bbox 2361 5231 2699 5301; x_wconf 81' lang='grc' dir='ltr'>χρησμῳδῶν</span> <span class='ocrx_word' id='word_1_794' title='bbox 2732 5232 3026 5285; x_wconf 76' lang='grc' dir='ltr'>Ἀπόλλων.</span> <span class='ocrx_word' id='word_1_795' title='bbox 3086 5231 3231 5282; x_wconf 84' lang='grc' dir='ltr'>Ἀλλ’</span> <span class='ocrx_word' id='word_1_796' title='bbox 3263 5230 3310 5282; x_wconf 82' lang='grc' dir='ltr'><strong>ὣ</strong></span> <span class='ocrx_word' id='word_1_797' title='bbox 3358 5231 3441 5292; x_wconf 71' lang='grc' dir='ltr'>τίς</span> <span class='ocrx_word' id='word_1_798' title='bbox 3480 5230 3545 5283; x_wconf 80' lang='grc' dir='ltr'>ἀν</span> <span class='ocrx_word' id='word_1_799' title='bbox 3597 5227 3778 5298; x_wconf 79' lang='grc' dir='ltr'>μεθείη</span> 
     </span>
    </p>
   </div>
   <div class='ocr_carea' id='block_1_96' title="bbox 564 5321 3782 5397">
    <p class='ocr_par' dir='ltr' id='par_1_96' title="bbox 564 5321 3782 5397">
     <span class='ocr_line' id='line_1_96' title="bbox 564 5321 3782 5397; baseline -0.004 -15"><span class='ocrx_word' id='word_1_800' title='bbox 564 5328 786 5397; x_wconf 85' lang='grc' dir='ltr'>ἐμαυτῷ</span> <span class='ocrx_word' id='word_1_801' title='bbox 817 5326 1067 5390; x_wconf 77' lang='grc' dir='ltr'>δεδωκὼς</span> <span class='ocrx_word' id='word_1_802' title='bbox 1099 5324 1384 5396; x_wconf 77' lang='grc' dir='ltr'>ῥᾳστώνης</span> <span class='ocrx_word' id='word_1_803' title='bbox 1418 5324 1623 5393; x_wconf 77' lang='grc' dir='ltr'>μεστὰς</span> <span class='ocrx_word' id='word_1_804' title='bbox 1647 5323 1744 5376; x_wconf 76' lang='grc' dir='ltr'>καὶ</span> <span class='ocrx_word' id='word_1_805' title='bbox 1761 5324 1995 5393; x_wconf 84' lang='grc' dir='ltr'>τρυφῆς,</span> <span class='ocrx_word' id='word_1_806' title='bbox 2047 5323 2124 5386; x_wconf 91' lang='grc' dir='ltr'>ώς</span> <span class='ocrx_word' id='word_1_807' title='bbox 2236 5324 2377 5377; x_wconf 85' lang='grc' dir='ltr'>κατά</span> <span class='ocrx_word' id='word_1_808' title='bbox 2409 5324 2556 5393; x_wconf 86' lang='grc' dir='ltr'>μῆνα</span> <span class='ocrx_word' id='word_1_809' title='bbox 2587 5323 2810 5394; x_wconf 85' lang='grc' dir='ltr'>ἡμερῶν</span> <span class='ocrx_word' id='word_1_810' title='bbox 2845 5325 3072 5376; x_wconf 81' lang='grc' dir='ltr'>ἐκείνων</span> <span class='ocrx_word' id='word_1_811' title='bbox 3131 5324 3291 5375; x_wconf 75' lang='grc' dir='ltr'>ὁπότε</span> <span class='ocrx_word' id='word_1_812' title='bbox 3337 5339 3398 5375; x_wconf 89' lang='grc' dir='ltr'>συ</span> <span class='ocrx_word' id='word_1_813' title='bbox 3410 5324 3506 5392; x_wconf 81' lang='grc' dir='ltr'>χνά</span> <span class='ocrx_word' id='word_1_814' title='bbox 3546 5321 3782 5390; x_wconf 81' lang='grc' dir='ltr'>ὁμιλοῦσι</span> 
     </span>
    </p>
   </div>
   <div class='ocr_carea' id='block_1_97' title="bbox 564 5412 3778 5490">
    <p class='ocr_par' dir='ltr' id='par_1_97' title="bbox 564 5412 3778 5490">
     <span class='ocr_line' id='line_1_97' title="bbox 564 5412 3778 5490; baseline -0.003 -16"><span class='ocrx_word' id='word_1_815' title='bbox 564 5421 848 5490; x_wconf 72' lang='grc' dir='ltr'>ξψεταιτῇ</span> <span class='ocrx_word' id='word_1_816' title='bbox 895 5417 1055 5472; x_wconf 87' lang='grc' dir='ltr'>δώσει</span> <span class='ocrx_word' id='word_1_817' title='bbox 1108 5419 1172 5470; x_wconf 83' lang='grc' dir='ltr'>τὸ</span> <span class='ocrx_word' id='word_1_818' title='bbox 1227 5417 1444 5488; x_wconf 68' lang='grc' dir='ltr'>λῆμμω</span> <span class='ocrx_word' id='word_1_819' title='bbox 1483 5416 1632 5469; x_wconf 76' lang='grc' dir='ltr'>τουτὶ</span> <span class='ocrx_word' id='word_1_820' title='bbox 1685 5415 1749 5487; x_wconf 79' lang='grc' dir='ltr'>δή</span> <span class='ocrx_word' id='word_1_821' title='bbox 1806 5417 1951 5485; x_wconf 85' lang='grc' dir='ltr'>λέγω</span> <span class='ocrx_word' id='word_1_822' title='bbox 2007 5418 2133 5478; x_wconf 71' lang='grc' dir='ltr'>τοῦς</span> <span class='ocrx_word' id='word_1_823' title='bbox 2234 5417 2494 5469; x_wconf 82' lang='grc' dir='ltr'>παντοίαν</span> <span class='ocrx_word' id='word_1_824' title='bbox 2547 5412 2869 5484; x_wconf 76' lang='grc' dir='ltr'>κομίζεσθαι</span> <span class='ocrx_word' id='word_1_825' title='bbox 2922 5415 3019 5485; x_wconf 77' lang='grc' dir='ltr'>τήν</span> <span class='ocrx_word' id='word_1_826' title='bbox 3074 5414 3343 5484; x_wconf 70' lang='grc' dir='ltr'>ὠφέλειαν</span> <span class='ocrx_word' id='word_1_827' title='bbox 3397 5413 3502 5468; x_wconf 84' lang='grc' dir='ltr'>ἀπὸ</span> <span class='ocrx_word' id='word_1_828' title='bbox 3544 5413 3778 5482; x_wconf 85' lang='grc' dir='ltr'>γλώττης</span> 
     </span>
    </p>
   </div>
   <div class='ocr_carea' id='block_1_98' title="bbox 567 5506 3780 5590">
    <p class='ocr_par' dir='ltr' id='par_1_98' title="bbox 567 5506 3780 5590">
     <span class='ocr_line' id='line_1_98' title="bbox 567 5506 3780 5590; baseline -0.004 -26"><span class='ocrx_word' id='word_1_829' title='bbox 567 5515 693 5575; x_wconf 76' lang='grc' dir='ltr'>σοὺς</span> <span class='ocrx_word' id='word_1_830' title='bbox 727 5513 914 5579; x_wconf 86' lang='grc' dir='ltr'>λόγους</span> <span class='ocrx_word' id='word_1_831' title='bbox 939 5510 1032 5574; x_wconf 75' lang='grc' dir='ltr'>οὓς</span> <span class='ocrx_word' id='word_1_832' title='bbox 1066 5513 1126 5562; x_wconf 80' lang='grc' dir='ltr'>οὐ</span> <span class='ocrx_word' id='word_1_833' title='bbox 1161 5511 1255 5562; x_wconf 91' lang='grc' dir='ltr'>σοῦ</span> <span class='ocrx_word' id='word_1_834' title='bbox 1279 5527 1341 5590; x_wconf 81' lang='grc' dir='ltr'>γε</span> <span class='ocrx_word' id='word_1_835' title='bbox 1373 5509 1533 5580; x_wconf 81' lang='grc' dir='ltr'>χάριν</span> <span class='ocrx_word' id='word_1_836' title='bbox 1586 5510 1879 5578; x_wconf 82' lang='grc' dir='ltr'>ἐπόνησας,</span> <span class='ocrx_word' id='word_1_837' title='bbox 1942 5506 2129 5576; x_wconf 80' lang='grc' dir='ltr'>ὥσπερ</span> <span class='ocrx_word' id='word_1_838' title='bbox 2238 5510 2370 5578; x_wconf 90' lang='grc' dir='ltr'>ήμῖν</span> <span class='ocrx_word' id='word_1_839' title='bbox 2397 5506 2543 5577; x_wconf 82' lang='grc' dir='ltr'>ἐξείη</span> <span class='ocrx_word' id='word_1_840' title='bbox 2580 5509 2679 5576; x_wconf 90' lang='grc' dir='ltr'>τῆς</span> <span class='ocrx_word' id='word_1_841' title='bbox 2738 5507 2858 5576; x_wconf 74' lang='grc' dir='ltr'>σῆς..</span> <span class='ocrx_word' id='word_1_842' title='bbox 2928 5508 3124 5561; x_wconf 83' lang='grc' dir='ltr'>ἀλιέων</span> <span class='ocrx_word' id='word_1_843' title='bbox 3174 5507 3527 5576; x_wconf 78' lang='grc' dir='ltr'>μιμουμένοις</span> <span class='ocrx_word' id='word_1_844' title='bbox 3573 5507 3780 5575; x_wconf 71' lang='grc' dir='ltr'>τρόπον,</span> 
     </span>
    </p>
   </div>
   <div class='ocr_carea' id='block_1_99' title="bbox 563 5598 3777 5671">
    <p class='ocr_par' dir='ltr' id='par_1_99' title="bbox 563 5598 3777 5671">
     <span class='ocr_line' id='line_1_99' title="bbox 563 5598 3777 5671; baseline -0.003 -13"><span class='ocrx_word' id='word_1_845' title='bbox 563 5607 687 5659; x_wconf 65' lang='grc' dir='ltr'>οὐδὲ</span> <span class='ocrx_word' id='word_1_846' title='bbox 733 5606 972 5658; x_wconf 78' lang='grc' dir='ltr'>θάλαττα</span> <span class='ocrx_word' id='word_1_847' title='bbox 1021 5603 1220 5666; x_wconf 75' lang='grc' dir='ltr'>ἑαυτῆς</span> <span class='ocrx_word' id='word_1_848' title='bbox 1269 5604 1455 5656; x_wconf 80' lang='grc' dir='ltr'>εἵνεκα</span> <span class='ocrx_word' id='word_1_849' title='bbox 1487 5601 1548 5653; x_wconf 80' lang='grc' dir='ltr'>τὸ</span> <span class='ocrx_word' id='word_1_850' title='bbox 1602 5600 1743 5670; x_wconf 72' lang='grc' dir='ltr'>ὕδωρ</span> <span class='ocrx_word' id='word_1_851' title='bbox 1779 5600 1966 5664; x_wconf 80' lang='grc' dir='ltr'>ἁπλοῖ,</span> <span class='ocrx_word' id='word_1_852' title='bbox 2014 5599 2130 5651; x_wconf 83' lang='grc' dir='ltr'>ἀλλ’</span> <span class='ocrx_word' id='word_1_853' title='bbox 2237 5599 2456 5652; x_wconf 78' lang='grc' dir='ltr'>ἐπειδὰν</span> <span class='ocrx_word' id='word_1_854' title='bbox 2476 5601 2618 5652; x_wconf 82' lang='grc' dir='ltr'>κατά</span> <span class='ocrx_word' id='word_1_855' title='bbox 2646 5598 2916 5668; x_wconf 83' lang='grc' dir='ltr'>θαλάττης</span> <span class='ocrx_word' id='word_1_856' title='bbox 2943 5600 3139 5652; x_wconf 79' lang='grc' dir='ltr'>ἐκεῖνοι</span> <span class='ocrx_word' id='word_1_857' title='bbox 3168 5603 3265 5671; x_wconf 73' lang='grc' dir='ltr'>τὴν</span> <span class='ocrx_word' id='word_1_858' title='bbox 3294 5600 3536 5670; x_wconf 84' lang='grc' dir='ltr'>σαγήνην</span> <span class='ocrx_word' id='word_1_859' title='bbox 3591 5598 3777 5649; x_wconf 81' lang='grc' dir='ltr'>καθέν-</span> 
     </span>
    </p>
   </div>
   <div class='ocr_carea' id='block_1_100' title="bbox 562 5691 3553 5766">
    <p class='ocr_par' dir='ltr' id='par_1_100' title="bbox 562 5691 3553 5766">
     <span class='ocr_line' id='line_1_100' title="bbox 562 5691 3553 5766; baseline -0.002 -17"><span class='ocrx_word' id='word_1_860' title='bbox 562 5699 676 5751; x_wconf 79' lang='grc' dir='ltr'>ὂσοι</span> <span class='ocrx_word' id='word_1_861' title='bbox 701 5697 1023 5753; x_wconf 78' lang='grc' dir='ltr'>τούντεῦθεν</span> <span class='ocrx_word' id='word_1_862' title='bbox 1049 5695 1309 5751; x_wconf 85' lang='grc' dir='ltr'>διώκουσι</span> <span class='ocrx_word' id='word_1_863' title='bbox 1345 5693 1553 5766; x_wconf 80' lang='grc' dir='ltr'>κέρδοςο</span> <span class='ocrx_word' id='word_1_864' title='bbox 1588 5697 1635 5746; x_wconf 85' lang='grc' dir='ltr'>εί</span> <span class='ocrx_word' id='word_1_865' title='bbox 1671 5694 1727 5746; x_wconf 79' lang='grc' dir='ltr'>δὲ</span> <span class='ocrx_word' id='word_1_866' title='bbox 1773 5695 1839 5746; x_wconf 77' lang='grc' dir='ltr'>σὺ</span> <span class='ocrx_word' id='word_1_867' title='bbox 1877 5695 1944 5745; x_wconf 90' lang='grc' dir='ltr'>τά</span> <span class='ocrx_word' id='word_1_868' title='bbox 1999 5709 2130 5744; x_wconf 84' lang='grc' dir='ltr'>σαυ-</span> <span class='ocrx_word' id='word_1_869' title='bbox 2235 5708 2326 5754; x_wconf 85' lang='grc' dir='ltr'>τες</span> <span class='ocrx_word' id='word_1_870' title='bbox 2362 5691 2609 5760; x_wconf 78' lang='grc' dir='ltr'>ποικίλην</span> <span class='ocrx_word' id='word_1_871' title='bbox 2637 5691 3175 5761; x_wconf 72' lang='grc' dir='ltr'>ἐκεῖθεν,ἀνιμῶνται</span> <span class='ocrx_word' id='word_1_872' title='bbox 3205 5692 3300 5759; x_wconf 83' lang='grc' dir='ltr'>τὴν</span> <span class='ocrx_word' id='word_1_873' title='bbox 3329 5692 3504 5760; x_wconf 79' lang='grc' dir='ltr'>ἄγραν</span> <span class='ocrx_word' id='word_1_874' title='bbox 3539 5706 3553 5753; x_wconf 86' lang='lat'><strong>;</strong></span> 
     </span>
    </p>
   </div>
   <div class='ocr_carea' id='block_1_101' title="bbox 569 5776 3782 5861">
    <p class='ocr_par' dir='ltr' id='par_1_101' title="bbox 569 5776 3782 5861">
     <span class='ocr_line' id='line_1_101' title="bbox 569 5776 3782 5861; baseline -0.002 -22"><span class='ocrx_word' id='word_1_875' title='bbox 569 5787 662 5840; x_wconf 75' lang='grc' dir='ltr'>τοῦ</span> <span class='ocrx_word' id='word_1_876' title='bbox 699 5790 976 5861; x_wconf 82' lang='grc' dir='ltr'>ἀνέκφορα</span> <span class='ocrx_word' id='word_1_877' title='bbox 1003 5791 1189 5860; x_wconf 78' lang='grc' dir='ltr'>μένειν</span> <span class='ocrx_word' id='word_1_878' title='bbox 1239 5787 1396 5858; x_wconf 79' lang='grc' dir='ltr'>ἡμῶν</span> <span class='ocrx_word' id='word_1_879' title='bbox 1434 5803 1496 5856; x_wconf 83' lang='grc' dir='ltr'>γε</span> <span class='ocrx_word' id='word_1_880' title='bbox 1552 5787 1730 5839; x_wconf 84' lang='grc' dir='ltr'>εἵνεκα</span> <span class='ocrx_word' id='word_1_881' title='bbox 1784 5786 1978 5852; x_wconf 78' lang='grc' dir='ltr'>ἀξιοῖς,</span> <span class='ocrx_word' id='word_1_882' title='bbox 2034 5789 2134 5838; x_wconf 76' lang='grc' dir='ltr'>καὶ.</span> <span class='ocrx_word' id='word_1_883' title='bbox 2308 5785 2650 5855; x_wconf 81' lang='grc' dir='ltr'>Παρίσταται</span> <span class='ocrx_word' id='word_1_884' title='bbox 2696 5785 2760 5855; x_wconf 77' lang='grc' dir='ltr'>δή</span> <span class='ocrx_word' id='word_1_885' title='bbox 2809 5801 2901 5856; x_wconf 84' lang='grc' dir='ltr'>μοι</span> <span class='ocrx_word' id='word_1_886' title='bbox 2935 5786 3029 5844; x_wconf 72' lang='grc' dir='ltr'>καὶ</span> <span class='ocrx_word' id='word_1_887' title='bbox 3093 5785 3260 5838; x_wconf 65' lang='grc' dir='ltr'>ἀὐτὸν</span> <span class='ocrx_word' id='word_1_888' title='bbox 3300 5787 3473 5838; x_wconf 81' lang='grc' dir='ltr'>ἐκεῖνο</span> <span class='ocrx_word' id='word_1_889' title='bbox 3531 5776 3782 5848; x_wconf 66' lang='grc' dir='ltr'>πιιιεῖν,ὃ</span> 
     </span>
    </p>
   </div>
  </div>
