4102 6294
406 379 475 448 6.5
491 378 508 434 1

1849 392 2260 454 EPISTOL‘E.

3539 393 3652 455 662

397 501 522 559 τοὺς
562 497 997 562 ῐῐοσειδωνιάτας
1025 498 1188 552 πάλαι
1220 500 1404 568 φασίν.
1453 484 1866 572 Ἀποικίανγάρ
1897 506 1960 556 ἐκ
1997 511 2034 565 Α
2067 504 2244 557 κοινὸν
2279 505 2374 557 καὶ
2420 503 2679 572 δημόσιον
2714 502 3023 574 προύθηκεν
3073 503 3254 556 ἀπασι
3311 502 3649 573 πολλαχόθεν

399 589 494 657 τῆς
512 587 870 656 Ἀττικῆςξέπὶ
891 589 1206 660 Τυρρηνοὺς
1226 591 1305 660 (1)
1329 594 1722 664 ποιησαμένοις
1741 594 1971 656 ἐκείνοις

399 678 587 731 ἔπειτα
613 677 688 745 τῷ
723 679 899 750 χρόνῳ
925 681 1025 750 τὴν
1060 679 1257 753 εὐγενῆ
1319 683 1506 754 φωνὴν
1561 685 1973 739 ἀπολελωκόσιν

399 771 635 837 ἐκείνην,
669 773 761 822 καὶ
795 771 851 834 ἐς
871 771 932 823 τὸ
954 771 1231 842 βάρσαρον
1259 775 1681 842 ἀποξενωθείσιν
1731 777 1828 846 τῆς
1862 778 1976 830 δια-

400 863 613 925 λέκτου,
647 861 794 926 ἔδοξε
865 863 995 932 μίαν
1059 864 1498 934 ἀπολεξαμένους
1549 867 1658 921 τῶν
1713 855 1974 926 Ἀττικῶν

401 953 575 1007 τελεῖν
599 953 982 1026 πανηγύρεων·
1009 959 1068 1011 ἐν
1094 950 1125 1032 ᾖ
1151 960 1296 1012 κατά
1321 960 1530 1032 δήμους
1574 963 1667 1014 καὶ
1698 962 1975 1032 φρατρίας

401 1048 555 1115 κοινῇ
584 1045 875 1114 ξυνιόντες,
900 1049 980 1112 είς
1003 1050 1313 1120 ἀνάμνησιν
1343 1054 1485 1121 σφᾶς
1512 1053 1712 1116 αὐτοὺς
1744 1054 1975 1124 ὁμιλιῶν

401 1138 602 1206 ἀνῆγον
626 1139 871 1205 ἐκείνων,
903 1142 1000 1194 καὶ
1048 1143 1148 1194 ὅσα
1179 1144 1288 1196 τῶν
1327 1145 1504 1199 ἀλλων
1537 1146 1784 1217 πατρίων
1837 1146 1975 1198 ἐθῶν

403 1247 459 1280 τε
494 1231 590 1282 καὶ
626 1230 829 1301 νόμων·
868 1234 963 1284 καὶ
993 1233 1246 1304 δακρύων
1279 1236 1498 1305 νάματα
1530 1235 1708 1307 θερμά
1736 1236 1974 1307 ῥηγνύν-

403 1338 490 1385 τες
522 1323 615 1374 ἐπὶ
649 1323 882 1387 τούτοις,
915 1324 1111 1378 ἔπειτα
1139 1327 1569 1396 ἀπηλλάττοντο.
1614 1327 1776 1382 Τοῦτ’
1800 1331 1978 1382 ἐκεῖνο

405 1417 579 1467 ποιεῖν
610 1415 872 1486 ἄντικρυς
902 1419 998 1471 νῦν
1031 1419 1126 1472 καὶ
1161 1419 1324 1483 αὐτὸς
1355 1421 1453 1473 οὐκ
1477 1422 1642 1475 ὀκνῶ·
1721 1422 1860 1474 ἀλλά
1889 1439 1980 1473 συ-

405 1507 504 1574 χνά
538 1508 691 1577 παρὰ
730 1508 830 1579 τὴν
873 1509 972 1576 σὴν
1023 1509 1367 1582 Ἀκαδημίαν
1412 1514 1503 1566 καὶ
1541 1515 1632 1568 τὸν
1679 1513 1981 1583 περίπατον

404 1596 633 1667 ἔρχομαι
677 1603 918 1667 τουτονὶ,
957 1603 1056 1656 καλ⁸
1087 1604 1392 1657 συνουσιῶν
1451 1606 1677 1658 ἐκείνων
1736 1607 1886 1658 ἐστιν
1941 1604 1977 1658 ἀ

404 1689 490 1742 διὰ
518 1692 743 1761 μνήμης
794 1693 933 1761 ἄγω.
979 1697 1212 1750 Κάπειτ’
1263 1696 1458 1767 ἐπειδὴ
1515 1697 1616 1766 τὴν
1667 1697 1865 1766 ἑορτήν
1921 1713 1980 1747 σε

405 1780 509 1833 τῶν
554 1782 702 1852 ἐμῶν
724 1783 1021 1856 ὀφθαλμῶν
1068 1789 1165 1842 καὶ
1224 1787 1328 1858 τῆς
1358 1789 1526 1856 ἀκοῆς
1556 1790 1652 1856 οὐχ
1687 1787 1981 1855 εὑρίσκων,

405 1873 664 1944 ἔνδακρυς
689 1877 781 1930 καὶ
815 1879 1133 1948 συγχύσεως
1171 1881 1589 1950 ἀπαλλάττομαι
1623 1880 1860 1949 πλήρης·
1903 1879 1968 1930 σὺ

407 1965 461 2016 δέ
496 1967 570 2035 μὴ
600 1967 786 2037 λήγοις
810 1971 1014 2024 οὑτωσὶ
1085 1975 1428 2044 μεμνημένος
1464 1974 1559 2027 καὶ
1605 1973 1772 2035 αὐτὸς
1822 1974 1968 2024 ὁπω-

407 2058 534 2111 σοῦν
579 2063 928 2132 μεμνημένος
963 2079 978 2094 ·
1035 2064 1162 2118 είδέ
1202 2067 1294 2118 καὶ
1324 2066 1585 2136 ἀλλήλους
1613 2064 1769 2127 αὖθις
1820 2065 1970 2134 ὀψοί-

408 2151 547 2218 μεθα
571 2155 699 2222 πρὶν
717 2155 948 2229 ἐπιλίπῃ
968 2159 1028 2212 τὸ
1055 2159 1155 2227 ζῇν
1171 2199 1188 2224 ,
1210 2159 1400 2213 τούτου
1425 2159 1470 2212 δ’
1489 2159 1603 2222 ἐνὸς
1631 2159 1818 2228 ἔμοιγε
1847 2158 1973 2226 σφί-

409 2241 506 2312 δρα
531 2245 594 2297 ἂν
618 2246 832 2302 ἅπαντα
865 2253 1040 2322 ῥᾷστα
1074 2255 1323 2306 πωλοῖτο.

759 2342 860 2398 lE'.
892 2343 974 2409 Τῷ
988 2347 1234 2415 μεγάλῳ
1266 2345 1622 2416 ὃομεστίκῳ.

480 2427 552 2481 Σὺ
571 2432 665 2482 καὶ
695 2431 886 2502 παρὼν
915 2436 1047 2504 ἡμῖν
1073 2437 1252 2506 τρυφὴ
1292 2437 1454 2508 γίγνῃ
1487 2436 1596 2490 τῶν
1649 2434 1970 2504 ὀφθαλμῶν.

413 2523 505 2575 καὶ
529 2523 683 2577 ἀπὼν
713 2526 947 2593 ἄφθονον
965 2522 1032 2581 αὖ
1049 2529 1308 2596 παρέχεις
1335 2531 1455 2591 ταῖς
1483 2545 1542 2581 τε
1575 2529 1766 2590 ἀκοαῖς
1791 2532 1887 2579 καὶ
1908 2530 1974 2596 τῇ

413 2615 624 2688 γλώττῃ
657 2619 720 2671 τὸ
757 2619 1004 2690 θέατρον·
1029 2621 1150 2676 οὐδὲ
1177 2622 1286 2693 γάρ
1321 2621 1440 2675 οὐδὲ
1474 2621 1694 2693 Κροίσῳ
1716 2623 1808 2675 καὶ
1831 2622 1976 2691 Μίδα⁸

413 2709 667 2761 τοσοῦτον
707 2711 1110 2776 πολυτάλαντος
1146 2713 1350 2785 ῆρκεσε
1393 2714 1624 2778 πλοῦτος
1680 2715 1816 2785 πρὸς
1857 2714 1978 2784 ἡδο-

416 2801 533 2864 νὴν,
563 2801 685 2853 ὅσον
727 2804 852 2869 ἐμοὶ
880 2805 1190 2869 διεξιόντων
1211 2823 1272 2859 τε
1331 2807 1509 2860 ἄλλων
1545 2807 1826 2878 ἀκροατὴν
1875 2824 1978 2861 κα·

417 2892 615 2963 θῆσθαι
644 2896 763 2955 τῶνζ
800 2895 907 2950 σῶν
935 2898 1249 2968 ἐγκωμίων·
1294 2902 1390 2952 καὶ
1430 2898 1499 2952 αὖ
1531 2899 1862 2953 σιωπώντων
1889 2897 1982 2952 άλ-

417 2984 545 3048 λων,
582 2987 744 3039 αὐτὸν
768 2988 991 3058 κήρυκα
1007 2992 1254 3057 γίνεσθαι
1281 2991 1635 3062 διαπρύσιον.
1671 2991 1828 3045 Ἐπεὶ
1860 2990 1981 3045 οὐδέ

417 3079 568 3132 ἐστιν
590 3079 765 3142 οὐδεὶς
785 3081 891 3133 τῶν
917 3081 1202 3147 ἀπάντων,
1253 3083 1312 3148 δς
1347 3085 1422 3155 μὴ
1483 3084 1816 3155 πεπείραται
1864 3100 1980 3148 σου,

2075 596 2304 660 όκοινδς
2367 599 2474 649 τῶν
2527 597 2708 650 καλῶν
2762 595 3062 666 παροχεύς.
3110 595 3197 658 Ὠς
3253 593 3454 662 μᾶλλον
3510 596 3649 647 ἀπο-

2075 688 2259 741 λαύειν
2282 686 2530 750 ἅπαντας
2586 687 2766 756 σοῦ,ῆ
2815 686 3065 741 σεαυτοῦ.
3128 685 3341 754 Πολλὴν
3391 688 3490 755 μὲν
3544 687 3651 755 γάρ

2076 780 2167 831 ἐπὶ
2193 777 2288 830 τοῦ
2325 777 2617 849 προσώπου
2642 777 2741 849 τὴν
2775 777 3120 847 εὐφροσύνην
3147 779 3180 846 ή
3238 777 3401 844 φύσις
3450 776 3652 829 ἐκένω-

2079 884 2190 920 σεν·
2219 867 2482 936 ἀφθόνους
2517 868 2571 927 δὲ
2597 871 2689 922 ἐπὶ
2748 870 2845 939 τῆς
2879 869 3060 936 δεξιᾶς
3111 869 3211 932 τὰς
3240 867 3340 936 τῆς
3386 867 3640 929 εὐποιίας

2079 963 2281 1032 πηγάς·
2315 963 2575 1033 λαμπρὰς
2597 963 2652 1016 δέ
2677 965 2741 1033 τῇ
2780 962 2998 1034 γλώττῃ
3046 955 3336 1034 ἐφήρμοσε
3378 963 3480 1032 τῆς
3521 963 3652 1031 άλη-

2079 1055 2228 1118 θείας
2258 1053 2355 1114 τάς
2383 1055 2753 1122 πλάστιγγας.
2794 1055 2955 1109 Ὥστε
2985 1056 3168 1123 λέγειν
3200 1055 3373 1124 ὀρθῶς
3401 1057 3486 1108 ἀεὶ
3513 1058 3653 1108 κατά

2081 1145 2362 1208 Πλάτωνα,
2389 1145 2480 1197 καὶ
2518 1145 2617 1197 ὅσα
2643 1143 2742 1209 δεῖ,
2773 1149 2866 1198 καὶ
2887 1145 3030 1216 άπερ
3059 1145 3158 1211 δεῖ,
3195 1148 3289 1198 καὶ
3308 1147 3396 1199 ὅτε
3423 1145 3528 1208 δεῖ,
3561 1147 3652 1197 καί¹

2091 1244 2226 1295 ὅπου
2260 1243 2359 1292 δεῖ·
2397 1241 2473 1308 τῷ
2498 1239 2553 1293 δέ
2579 1239 2703 1308 ἤθει
2735 1239 2793 1293 τὸ
2827 1240 3012 1309 ίλαρὶν
3054 1240 3147 1292 καὶ
3176 1239 3370 1309 σεμνὸν
3401 1236 3658 1306 ἐφαπλώ·

2081 1351 2224 1386 σασα
2248 1333 2482 1402 τερπνόν
2514 1349 2564 1383 τι
2595 1333 2691 1384 καὶ
2715 1331 2900 1384 ἔνθεον
2939 1331 3270 1402 ἐπιπρέπειν
3302 1329 3658 1398 παρασκευά-

2081 1425 2184 1488 ζει.
2217 1427 2428 1492 ’Ὠσπερ
2461 1426 2569 1493 γάρ
2596 1422 2671 1492 τῷ
2699 1423 2823 1491 ἀέρι
2873 1423 3204 1493 κιρνάμενον
3263 1421 3326 1472 τὸ
3375 1419 3476 1488 τῆς
3504 1420 3659 1488 ἡλια-

2084 1517 2185 1584 κῆς
2222 1516 2438 1578 ἀκτῖνος
2476 1514 2617 1583 φῶς,
2647 1515 2847 1584 χρῶμα
2876 1514 3091 1580 γίνεται
3116 1513 3364 1595 ποιότης,
3413 1510 3562 1562 οὕτω
3592 1509 3655 1578 δὴ

2085 1612 2182 1663 καὶ
2244 1608 2490 1678 πραότης
2571 1607 2834 1675 ἀποίητος
2872 1605 3104 1674 οπολλῆς
3174 1604 3268 1658 καὶ
3339 1602 3655 1672 ἀπορρήτου

2085 1701 2321 1752 πνέουσα
2347 1699 2445 1766 τῆς
2471 1699 2688 1767 ἡδονῆς,
2715 1701 2825 1760 τοῖς
2857 1698 3019 1767 ῆθεσι
3067 1698 3388 1766 κιρνωμένη
3450 1711 3508 1746 τε
3559 1695 3657 1745 καὶ

2086 1793 2398 1845 ἐπανθοῦσα
2421 1795 2531 1853 τοῖς
2565 1793 2704 1856 σοῖς,
2733 1792 2937 1860 χρῶμά
2968 1807 3026 1842 τε
3076 1789 3194 1857 ἅμα
3242 1789 3338 1841 καὶ
3391 1786 3658 1855 αὐτοχάλ-

2087 1901 2279 1947 κευτος
2311 1886 2524 1954 γίνεται
2556 1887 2781 1954 ποιότης
2803 1885 3004 1946 αὐτοῖς·
3037 1885 3132 1935 καί⁵
3187 1877 3300 1936 οἷον
3336 1881 3548 1950 σαγήνη
3575 1897 3656 1954 τις

2077 1978 2454 2049 ἄφυκτοςτοῖς
2477 1980 2641 2051 ὁρῶσι
2672 1953 3037 2033 καθίσταται·
3070 1978 3132 2030 οὐ
3157 2008 3160 2011 -
3184 1977 3349 2046 βιαίῳ
3409 1975 3520 2028 τινὶ
3569 1953 3661 2025 καὶ

2079 2072 2572 2143 κατηναγκασμένη
2611 2073 2774 2142 τέχνῃ
2831 2071 3050 2134 τούτους
3110 2067 3472 2138 ἐφελκομένη,
3516 2066 3654 2118 ἀλλά

2083 2169 2226 2239 μάλα
2252 2169 2658 2238 εὐφραινομένη
2689 2170 2757 2238 τῇ
2791 2166 2983 2238 γνώμῃ
3015 2166 3110 2236 τὴν
3163 2165 3426 2234 τοιαύτην
3487 2155 3660 2234 ἧτταν

2081 2262 2316 2327 πάσχειν
2353 2261 2634 2322 ἐθέλοντας
2655 2259 2923 2321 ἅπαντας·
2962 2259 3090 2327 περὶ
3118 2257 3173 2310 δὲ
3205 2255 3447 2325 γαλήνης
3481 2254 3656 2320 ὁπόση

2081 2357 2190 2416 τοῖς
2222 2355 2330 2416 σοῖς
2363 2354 2690 2423 άπορῥήτως
2723 2351 3014 2419 ἐπιφύεται
3039 2349 3338 2418 ὀφθαλμοῖς
3395 2346 3652 2413 καθάπερ

2082 2445 2229 2514 αὐγὴ
2257 2445 2492 2516 πρωῖνὴ.
2525 2445 2577 2497 τί
2603 2443 2669 2497 ἄν
2697 2461 2781 2507 τις
2835 2442 2995 2512 φαίη,
3031 2443 3180 2504 ὅπως
3211 2443 3306 2494 καὶ⁸
3373 2435 3660 2508 πόρρωθεν

2086 2538 2381 2591 ὑπαντῶσα
2407 2535 2681 2602 δεξιοῦται
2721 2536 2820 2598 τὰς
2868 2533 2977 2587 τῶν
3002 2532 3352 2603 λπροσιόντων
3408 2527 3658 2598 γνώμας.

2084 2632 2177 2685 καὶ
2211 2595 2553 2700 ὑπισχνεῖται
2588 2630 2659 2682 τὰ
2684 2595 2903 2700 βελτίω,
2951 2595 3278 2696 κοῒ-ὥσπερ
3339 2595 3660 2692 ἐγγοητεύει

2086 2723 2257 2794 χαρὰν
2287 2720 2666 2790 τελεσιουργὸν
2701 2722 2820 2782 ταῖς
2849 2718 3062 2772 ἐλπίσιν
3092 2717 3291 2770 αὐτίκα
3317 2715 3456 2784 πρὸς
3481 2714 3660 2783 πέρας

2085 2815 2343 2887 ῆξουσαν·
2368 2813 2636 2883 τοσαύτην
2675 2829 2736 2878 γε
2772 2804 2890 2881 μῆν’
2933 2809 3254 2880 συμφωνίαν
3311 2810 3344 2878 ή
3396 2805 3518 2877 χείρ
3567 2822 3660 2857 σου

2087 2911 2152 2977 τῇ
2193 2907 2409 2976 γλώττῃ
2429 2904 2738 2975 χαρίζεται,
2768 2904 2900 2958 ὥσθ’
2920 2905 3024 2957 ὅσα
3053 2903 3151 2972 μὲν
3171 2903 3238 2971 τῇ
3273 2902 3419 2971 χειρὶ
3457 2899 3533 2969 μὴ
3571 2915 3657 2950 νε-

2089 3002 2344 3069 νόμισται
2373 2998 2558 3051 δίκαια
2587 2997 2872 3068 πράττειν,
2895 2995 3069 3050 ταῦτα
3101 2996 3196 3050 καὶ
3232 2997 3264 3063 ή
3299 2993 3512 3063 γλῶττα
3557 2993 3663 3061 μάο

2088 3109 2238 3146 ταιον
2270 3091 2484 3162 ἡγεῖται
2514 3091 2869 3160 λέγειν.”υσα
2885 3089 2931 3143 δ’
2963 3084 3030 3144 αὖ
3086 3091 3154 3160 τῇ
3186 3089 3406 3158 γλώττῃ
3429 3087 3664 3156 ςγίνεται

419 3171 668 3242 καθάπερ
693 3171 1030 3263 πολυτελοῦς¹
1053 3178 1348 3245 γινομένης
1384 3175 1652 3246 διανομῆς
1713 3175 1820 3230 τῶν
1874 3177 1983 3229 σῶν
2013 3207 2056 3263 c
2088 3186 2144 3246 ις
2176 3184 2236 3236 τὸ
2264 3183 2468 3253 βέλτιον
2498 3182 2788 3253 εἰρημένα,
2818 3181 2989 3236 ταῦτα
3021 3181 3115 3234 καὶ
3134 3182 3202 3250 τῇ
3231 3181 3377 3250 χειρὶ
3406 3193 3662 3247 πεπραγ-

418 3265 661 3333 ἀγαθῶν,
682 3261 795 3320 οἷον
843 3269 908 3321 ἐκ
966 3266 1302 3340 παραδείσού
1365 3269 1722 3332 πολυανθοῦς.
1770 3270 1984 3322 Γίνεται
2026 3261 2054 3263 ’⁷
2094 3277 2230 3348 μένα
2266 3278 2440 3347 ῥᾷστα
2490 3276 2839 3330 καθίσταται·
2904 3274 2999 3327 καὶ
3046 3273 3234 3335 ἀπλῶς
3273 3274 3474 3337 εἰπεῖν,
3523 3269 3662 3340 όμοῦ

421 3360 528 3428 γὰρ
566 3361 660 3412 καὶ
693 3359 888 3429 δήμοις
916 3362 1011 3414 καὶ
1033 3361 1255 3415 πόλεσιν
1305 3362 1524 3433 ἥδιστον
1569 3365 1897 3434 ἐντρύφημα
1919 3363 1987 3415 τὰ

359 3437 364 3440 ’
422 3454 491 3505 σὰ
515 3452 851 3522 διηγήματα·
879 3455 973 3508 καὶ
1002 3454 1346 3525 πανηγύρεις
1397 3457 1497 3508 οὐκ
1534 3457 1673 3508 είσὶν
1723 3455 1832 3509 οὐδ’
1862 3459 1990 3523 ἀγο-

425 3546 617 3614 ραὶ,αἳ
652 3547 727 3616 μὴ
787 3548 983 3616 μεσταὶ
1027 3548 1360 3617 τυγχάνουσι
1417 3548 1540 3602 σοῦ.
1606 3549 1668 3603 Ὀ
1718 3549 1816 3620 μὶν
1878 3548 1988 3617 γὰρ

425 3641 795 3710 ἀνακηρύττει
818 3642 917 3710 τὴν
943 3641 1055 3694 τῶν
1086 3641 1233 3711 ἠθῶν
1267 3642 1536 3711 ἁρμονίαν
1590 3645 1683 3696 καὶ
1711 3644 1992 3713 ἀστειότη-

425 3748 516 3785 τα·
542 3733 648 3786 όδέ
680 3733 778 3804 τήν
808 3734 908 3804 τῆς
965 3733 1213 3805 γλώττης
1264 3735 1546 3805 ἀλήθειαν·
1604 3736 1709 3790 ὁδέ
1756 3737 1855 3804 τὴν
1894 3736 1993 3804 τῆς

427 3825 610 3894 χειρὸς
639 3825 776 3895 πρὸς
815 3827 911 3887 τάς
946 3826 1265 3897 εὐεργεσίας
1322 3826 1681 3897 ἑτοιμότητα·
1748 3829 1776 3880 ό
1841 3827 1898 3879 δέ
1933 3826 1995 3878 τὸ

425 3919 565 3988 πρὸς
589 3918 805 3980 ἁπάσας
837 3919 1066 3989 χάριτας
1089 3919 1535 3988 αὐτεπάγγελτον
1558 3920 1674 3989 ἅμα
1704 3919 1800 3971 καὶ
1849 3917 1997 3971 τελε-

431 4013 711 4080 σιουργόν·
741 4015 769 4066 ό
805 4012 862 4066 δὲ
898 4013 1000 4083 τὴν
1033 4011 1145 4065 τῶν
1178 4012 1353 4079 λόγων
1393 4013 1711 4065 ἀναϐίωσιν·
1747 4009 1838 4073 οὒς
1903 4027 1998 4062 πε-

2091 3369 2270 3423 πάντα
2293 3367 2773 3438 συναθροισθέντα,
2810 3369 2902 3419 καὶ
2949 3365 3189 3432 γλῶττα,
3223 3368 3319 3420 καὶ
3369 3366 3513 3435 χεὶρ,
3568 3365 3665 3417 καὶ

2088 3459 2377 3527 ὀφθαλμοὶ,
2407 3459 2500 3511 καὶ
2528 3459 2773 3528 παρειαί,
2807 3459 2899 3511 καὶ
2924 3456 3156 3526 ὀφρύες,
3187 3459 3282 3510 καὶ
3345 3457 3408 3509 τὸ
3468 3456 3667 3526 σεμνὸν

2095 3550 2378 3618 μειδίαμα,
2405 3552 2497 3602 καὶ
2523 3549 2693 3602 τὸτοῦ
2723 3549 2884 3620 ῆθους
2911 3549 3036 3618 ἔαρ,
3070 3551 3167 3602 καὶ
3190 3551 3224 3619 ή
3252 3549 3464 3612 τούτοις
3498 3547 3666 3618 ἐφέρ-

2093 3656 2269 3692 πουσα
2290 3641 2547 3710 ἁρμονία,
2581 3639 2912 3709 αὐτάγγελοι
2937 3641 3296 3694 καθίστανται
3317 3639 3495 3692 πάντα
3518 3639 3669 3704 μάλα

2095 3733 2286 3800 σαφεῖς
2316 3731 2424 3785 τῶν
2449 3733 2784 3784 σιωπώντων
2816 3731 2963 3801 ἠθῶν
2993 3732 3092 3800 τῆς
3143 3729 3328 3802 ψυχῆς
3388 3747 3508 3783 σου.
3577 3729 3670 3791 Ὠς

2100 3827 2283 3897 ῥᾴδιον
2319 3822 2458 3878 εἶναι
2487 3825 2562 3896 μὴ
2598 3825 2759 3894 μόνον
2786 3824 3236 3894 φυσιογνώμονας
3256 3823 3480 3894 ἄνδρας,
3532 3822 3672 3876 ἀλλά

2097 3919 2191 3971 καὶ
2219 3918 2428 3980 πάντας
2481 3916 2667 3978 ἁπλῶς
2722 3916 3050 3984 αὐτομάτως
3101 3913 3524 3986 τεκμαίρεσθαι,
3576 3916 3672 3967 καὶ

2097 4011 2268 4063 ὁπόσα
2298 4027 2379 4062 σοι
2403 4009 2512 4063 τῶν
2566 4008 2752 4063 καλῶν
2797 4011 2924 4080 περὶ
2981 4009 3050 4062 τὰ
3076 4009 3173 4079 τῆς
3221 4009 3462 4072 διανοίας
3524 4008 3672 4062 ἔνδον

429 4104 714 4167 πτωκότας
734 4105 1063 4175 ἀνέστησας,
1090 4100 1148 4158 εἶ
1179 4104 1345 4158 ποιῶν
1373 4103 1469 4158 καὶ
1499 4103 1682 4168 πόλεις
1702 4105 1794 4156 καὶ
1824 4102 1999 4168 φυλὰς
2103 4104 2377 4174 μυστήρια
2399 4102 2818 4172 θαλαμεύονται,
2849 4102 3039 4173 ὥσπερ
3065 4103 3152 4156 διὰ
3206 4103 3514 4170 κατόπτρου
3561 4102 3674 4154 τῶν

429 4199 526 4251 καὶ
558 4197 763 4268 δήμους
797 4197 893 4250 καὶ
950 4197 1243 4268 φρατρίας.
1311 4195 1419 4249 Καὶ
1483 4195 1764 4264 συγχαίρω
1821 4192 1997 4262 ἐγωγε
2100 4195 2204 4260 ἔξω
2237 4196 2333 4262 ξὺν
2373 4194 2493 4267 ὥρᾳ
2528 4195 2657 4266 περ).
2691 4192 2753 4247 σέ
2789 4193 3132 4265 χορευόντων
3157 4194 3326 4266 ὴθῶν·
3363 4193 3676 4264 καῖ’ξυνιῤ-

430 4291 699 4355 λεγόντων
762 4290 1019 4344 ἁπάντων
1073 4289 1288 4344 ἀκούων
1346 4288 1593 4343 τοιαῦτα·
1645 4286 2000 4357 συγχαίρουσι
2104 4288 2307 4358 ρύηκεν
2329 4289 2419 4340 ἐπὶ
2461 4288 2540 4340 σοὶ
2562 4289 2627 4340 τὰ
2657 4289 2770 4351 τοῖς
2820 4284 3175 4356 αίρεσιώταις
3235 4285 3329 4338 τοῦ
3385 4285 3676 4347 Πλάτωνος

428 4382 474 4434 δ’
507 4381 657 4444 αὖθις
685 4380 871 4452 ἔμοιγε
890 4380 1101 4444 λέγοντι
1135 4380 1354 4444 πάντες.
1393 4379 1600 4434 Ὀπόσα
1629 4380 1736 4449 γὰρ
1759 4379 1876 4432 κατ’
1906 4378 2002 4430 ἀν·
2105 4377 2522 4448 θαυμαζόμενα·
2565 4376 2857 4446 κράτιστον
2905 4374 3046 4431 εἶναι
3098 4379 3368 4445 φάσκουσι
3421 4379 3520 4446 τὴν
3578 4379 3679 4446 μὲν

435 4472 684 4542 θρώπους
707 4472 1023 4542 ὑμνούμενα
1071 4473 1284 4542 πέφυκε
1315 4471 1492 4526 πάντα
1548 4469 2000 4541 συναθροισθιντα
2105 4471 2305 4540 ἀρετὴν
2339 4471 2586 4538 ὀργάνων
2630 4472 3012 4540 ἐπιτυγχάνειν
3056 4472 3172 4540 ἆμα
3220 4471 3550 4540 σωματικῶν
3583 4472 3679 4524 καὶ

436 4565 574 4631 πρὸς
652 4561 710 4614 ἐν
736 4603 751 4627 ,
836 4562 965 4631 μίαν
1045 4562 1375 4630 είργάσαντο
1439 4560 1601 4630 φύσιν
1678 4561 1778 4631 τὴν
1855 4559 1957 4629 σήν
1981 4575 1998 4592 ·
2033 4568 2076 4624 D
2103 4561 2273 4632 τύχης
2309 4562 2594 4632 λαμπρᾶς,
2626 4559 2724 4622 τὴν
2753 4562 2798 4613 δ’
2828 4562 3116 4630 εὐγένειαν
3158 4563 3233 4632 μὴ
3265 4562 3525 4615 τοσοῦτον
3565 4564 3675 4617 ἀπὺ

617 4655 710 4708 νῦν
769 4653 1158 4726 οὐζτοσοῦτον
1245 4653 1308 4706 σὺ
1397 4655 1633 4717 σαυτοῦ,
1706 4655 1831 4707 ὅσον
1913 4651 2006 4706 σοῦ
2109 4651 2393 4720 προγόνων
2425 4653 2711 4716 ἐπιεικῶν,
2740 4653 2866 4705 ὅσον
2895 4653 3001 4705 ἀπὸ
3058 4652 3157 4720 τῆς
3187 4654 3386 4706 ἐαυτοῦ
3443 4654 3678 4707 καλοκα-

437 4753 643 4810 πάντες
717 4748 1092 4802 ἀπολαύουσιν
1161 4747 1379 4816 ἕτεροι·
1450 4749 1542 4800 καὶ
1599 4747 1744 4816 μάλα
1801 4749 1865 4815 γέ
1922 4763 2005 4805 τοι
2110 4743 2310 4812 γαθίας
2351 4743 2745 4820 γνωρίζεσθᾳι-
2795 4745 2856 4797 Et
2877 4745 2934 4798 δὲ
2964 4746 3055 4799 καί
3086 4763 3170 4807 τις
3201 4747 3264 4798 ὲκ
3304 4747 3414 4800 τῶν
3471 4747 3570 4816 τῆς
3598 4748 3679 4800 οί·

436 4841 578 4895 κατά
608 4841 667 4894 τὸ
718 4840 865 4904 εἰκός
890 4856 907 4872 ·
933 4840 1089 4894 κοινά
1117 4838 1224 4909 γάρ
1261 4840 1418 4908 ἴσμεν
1454 4839 1544 4892 τὸν
1579 4839 1914 4909 δημιουργὸν
1941 4845 2006 4896 τὰ
2111 4837 2384 4904 κουμὲνης
2415 4838 2670 4906 περάτων
2704 4836 2866 4889 ποθὲν
2892 4837 3130 4908 ἐραστὴς
3159 4837 3218 4900 ἐξ
3253 4839 3424 4907 ἀκοῆς
3451 4839 3561 4893 τῶν
3581 4838 3683 4907 τῆς

439 4935 670 5002 μέγιστα
701 4932 798 4984 καὶ
828 4931 1235 4999 ἀναγκαιότατα
1267 4930 1619 4999 προτίθεσθαι
1645 4932 1755 4985 τῶν
1785 4933 1987 4987 καλῶν·
2115 4929 2508 5002 βασιλευούσης
2561 4929 2767 4992 πόλεως
2815 4932 3048 5000 ταυτησὶ
3102 4931 3382 4994 καταστάς
3434 4931 3678 4998 ἀγαθῶν,

439 5027 551 5078 ίδοὺ
616 5024 724 5095 γὰρ
758 5025 853 5077 καὶ
899 5023 1047 5092 ήλιος
1102 5025 1197 5075 καὶ
1227 5022 1334 5092 ἀὴρ
1383 5024 1479 5076 καὶ
1534 5022 1678 5094 ὕδωρ
1720 5025 1878 5078 κοινά
1904 5027 1999 5080 καὶ
2109 5019 2243 5093 ἧκεν
2270 5023 2544 5092 αὐτόπτης
2573 5023 2829 5091 ἐσόμενος
2858 5025 2957 5092 τῆς
2973 5041 3031 5076 τε
3054 5022 3258 5085 θέσεως
3294 5025 3392 5076 καὶ
3416 5023 3513 5076 τοῦ
3552 5024 3681 5077 κάλ-

433 5117 670 5183 δημόσια
741 5116 1027 5184 πρόκειται
1075 5116 1243 5167 πᾶσιν
1291 5113 1556 5184 ἐμψύχοις
1596 5117 1682 5168 διά
1746 5117 1843 5186 τὴν
1902 5119 2002 5189 τῆς
2112 5113 2237 5175 λους
2266 5112 2455 5182 αὐτῆς·
2495 5113 2592 5166 καὶ
2617 5115 2715 5167 ὅσα
2772 5115 3063 5185 θεαμάτων
3115 5114 3500 5184 πεπλούτηκεν
3532 5115 3681 5168 ἐνδον

436 5210 628 5279 χρείας
654 5211 924 5277 ἀνάγκην·
959 5209 1054 5260 καὶ
1078 5208 1317 5268 ἆπαντες
1352 5206 1555 5276 μᾶλλον
1583 5208 1785 5274 αὐτῶν,
1812 5207 2004 5278 ἢαύτὰ
2112 5198 2549 5274 ἀξιοθαύμαστα,
2591 5201 2714 5260 εἶτα
2761 5209 2855 5260 καὶ
2915 5206 3223 5275 ἀνθρωπονι
3250 5205 3437 5275 ἐζήτει
3482 5205 3682 5259 θεάσα-

2116 5295 2262 5361 σθαι,
2299 5299 2497 5360 πάντες
2548 5300 2616 5352 ἂν
2644 5298 2836 5369 ὥσπερ
2865 5300 2973 5352 ἀπὸ
3005 5299 3357 5370 συνθήματος
3405 5298 3680 5370 ὁρμηθέν-

434 4659 529 4710 καὶ

440 5301 651 5354 ἑαυτῶν
702 5300 1062 5353 ἀπολαύουσι.
1126 5298 1390 5369 Καθάπερ
1449 5300 1543 5352 καὶ
1589 5300 1771 5370 ψυχῆς
1830 5305 2005 5356 ὁπόσα

439 5393 664 5448 δεκτικά
727 5391 836 5445 τῶν
897 5391 1169 5461 σωμάτων
1234 5393 1331 5444 καὶ
1385 5390 1658 5463 θαλάττης
1714 5393 1898 5462 ἰχθύες
1943 5410 2006 5447 τε

441 5484 560 5553 ἅμα
591 5483 684 5536 καλ
713 5483 841 5546 ὅσας
864 5482 971 5535 τῶν
1001 5481 1242 5535 ὁλκάδων
1303 5479 1387 5534 ἐπ’
1413 5483 1552 5553 αὐτῇ
1619 5483 2007 5538 ναυστολοῦσαι

439 5573 554 5627 τῶν
577 5574 784 5645 κερδῶν
817 5573 944 5637 τοὺς
968 5573 1199 5643 φόρτους
1226 5573 1618 5643 ἀνιχνεύουσιν·
1645 5573 1788 5628 οὖτω
1816 5574 1910 5628 καὶ
1949 5576 2008 5630 σὲ

446 5668 708 5739 μέγιστον
747 5667 876 5724 ὄντα
919 5669 1108 5735 καλὸν,
1157 5670 1251 5722 καὶ
1300 5667 1380 5739 τῷ
1410 5667 1509 5740 βίῳ
1555 5670 2006 5740 ἀναγκαιότατον,

535 5852 609 5920 (1)
639 5850 724 5905 Cf.
756 5849 990 5905 Aristox.
1027 5866 1113 5919 ap.
1151 5849 1340 5906 Athon.
1374 5865 1424 5915 ι,
1457 5867 1520 5907 ιι.

2116 5405 2205 5450 τες
2234 5389 2506 5443 ἐδείκνυον
2537 5390 2598 5443 σέ
2623 5394 2717 5443 καὶ
2745 5393 2842 5461 οὐχ
2873 5391 3064 5461 ἕτερον
3104 5391 3214 5444 τῶν
3275 5391 3535 5445 ἁπάντων
3586 5391 3682 5442 οὐο

2115 5477 2264 5532 δένα.
2328 5479 2399 5532 Σὺ
2450 5481 2562 5551 γὰρ
2605 5480 2764 5551 μόνος
2823 5483 2880 5534 ἐν
2936 5483 3006 5552 γῇ
3065 5481 3395 5552 περισώζεις
3463 5481 3532 5534 τά
3581 5479 3684 5548 τῆς

2117 5572 2378 5643 ἀληθινῆς
2451 5573 2594 5637 ίδέας
2649 5577 2748 5645 τῆς
2796 5575 3220 5647 ἀνθρωπότητος
3269 5575 3536 5646 ἀκίϐδηλα
3587 5573 3688 5629 καὶ

2121 5669 2270 5740 σαφῆ
2299 5670 2367 5721 τά
2392 5669 2769 5741 γνωρίσματα.
2827 5668 2948 5724 Τῶν
2982 5671 3166 5743 μέντοι
3201 5669 3503 5741 ἀνθρώπων
3557 5667 3688 5732 τοὺς
