4102 6294
341 345 447 407 665

1745 348 1864 411 ΕΡΙ
1876 348 2150 410 STOL

3487 357 3594 425 666

338 459 433 511 καὶ
452 440 689 525 ὁπηνίκα
709 456 855 510 δοκεῖ
881 472 991 510 τισι
1021 458 1164 512 κοιτά
1201 458 1419 513 παιδιάν
1435 476 1488 513 τι
1521 462 1716 524 ποιεῖν,
1748 460 1781 531 ἢ
1821 459 1923 527 μύ-
1953 476 1995 530 Α
2029 462 2161 524 ἴσως
2204 461 2499 532 ἀσχήμονι,
2565 461 2962 531 συγκαλύπτει,
3022 465 3119 518 καὶ
3177 463 3270 518 τὸν
3331 463 3592 521 Ὀδυσσέα

339 552 465 613 θους
487 548 683 617 λέγων,
700 549 733 621 ή
751 551 992 618 γενέσεις
1009 548 1171 613 θεῶν,
1188 550 1222 621 ἢ
1237 550 1423 620 φιλίας
1439 551 1689 621 aanimi}
1712 551 1914 619 ἔριδας,

342 643 377 712 ή
397 657 549 705 τινας
573 640 784 712 ἔρωτας
802 642 1171 713 φαυλοτέρους
1216 641 1312 697 καὶ
1344 641 1703 713 ζηλοτύπους·
1725 645 1850 707 τοὺς
1871 643 1916 696 δ’

340 733 539 797 αὐτοὺς
566 734 659 786 καὶ
682 732 999 795 ἐπιϐούλους
1030 731 1487 803 γνωριζομένους·
1518 733 1554 788 ἀ
1576 735 1670 787 καὶ
1694 734 1917 801 εὐπερι-

343 826 594 888 σκέπτως
612 824 757 895 δρῶν
784 842 867 888 τις
902 824 1215 894 μωμήσαιτ’
1247 823 1314 877 ἂν
1341 825 1598 886 ἐπιεικῶς
1620 822 1696 893 τῷ
1736 822 1911 893 ἀνδρί.

340 920 485 975 Νοῦν
508 922 616 993 γὰρ
635 923 662 974 ὁ
693 922 834 984 θεῖος
861 920 1016 984 οὗτος
1048 920 1142 975 ἀνθ
1152 937 1332 989 ρωπος
1353 917 1753 990 προϊστησιτοῦ
1774 935 1913 971 παν-

339 1015 431 1077 τὸς
450 1013 696 1083 ἡγεμόνα
722 1030 734 1043 ·
762 1011 930 1083 μηδὲν
953 1010 1191 1081 φλαῦρον
1218 1011 1417 1076 είπεῖν,
1442 996 1565 1079 μηδ’
1579 1008 1909 1074 ἀλυσιτελὲς,

337 1108 383 1159 εί
412 1105 506 1158 καὶ
535 1106 628 1173 τῆς
656 1104 947 1174 ποιητικῆς
976 1104 1187 1157 ἐκείνου
1228 1101 1424 1173 μανίας
1445 1141 1461 1165 ,
1501 1103 1601 1171 οὐχ
1628 1095 1732 1153 οἷοί
1756 1100 1805 1153 τ’
1860 1102 1911 1153 ἐ-

343 1198 481 1267 σμὲν
519 1196 722 1259 ἱκανῶς
759 1195 1108 1259 καθικέσθαι,
1140 1198 1168 1250 ὃ
1190 1212 1241 1247 τι
1274 1195 1339 1249 ἂν
1372 1194 1637 1263 βούλοιτο.
1667 1193 1781 1247 Νῦν
1810 1194 1908 1263 μὲν

338 1291 446 1360 γάρ
478 1290 760 1357 θεολογίας
782 1288 1176 1359 περιδιδάσκει,
1216 1288 1311 1342 νῦν
1343 1287 1398 1340 δὲ
1433 1287 1776 1350 θεοσεϐείας·
1817 1284 1906 1339 ὁτὲ

337 1382 392 1435 δέ
455 1383 667 1450 γένεσιν
696 1379 792 1434 τοῦ
830 1381 1030 1443 παντὸς
1079 1379 1356 1444 διέξεισιν,
1399 1378 1592 1431 ἄλλοτε
1631 1376 1906 1446 φυσικούς

336 1490 490 1535 τινας
517 1473 765 1525 ἐκδίδωσι
796 1471 1008 1539 λόγους·
1049 1470 1146 1525 καὶ
1188 1469 1472 1540 στοιχείων
1506 1470 1647 1539 πρὸς
1702 1468 1908 1536 ἄλληλα

336 1566 430 1617 νῦν
465 1564 563 1634 μὲν
592 1565 901 1628 κοινωνίαν,
929 1565 1024 1619 νῦν
1075 1564 1121 1618 δ’
1171 1564 1492 1617 ἐναντίωσιν
1521 1562 1824 1631 φιλοσοφεῖ,
1857 1562 1904 1613 εί

334 1653 430 1706 καὶ
455 1652 629 1705 ταῦτά
657 1669 721 1719 γε
751 1654 854 1724 δρᾷ
889 1655 945 1705 ἐν
972 1653 1327 1723 προσχήματι
1374 1652 1713 1722 φαυλοτέρῳ·
1746 1648 1904 1713 αὖθις

334 1743 391 1796 δέ
424 1743 769 1797 καταϐαίνων
814 1744 1026 1798 ἐκεῖθεν
1078 1744 1155 1806 ὡς
1208 1745 1317 1798 ἀπό
1370 1760 1519 1805 τινος
1575 1742 1899 1810 περιωπῆς,

334 1834 686 1888 πολιτεύεται
743 1834 883 1904 μετά
946 1836 1055 1888 τῶν
1114 1836 1236 1889 δποι
1296 1836 1514 1905 δεήσει,
1566 1835 1662 1888 καὶ
1709 1833 1900 1903 τέχνας

335 1918 601 1990 παντοίας
645 1929 740 1981 καῖ
777 1928 1188 2000 ἐπιτηδεύματα
1246 1928 1524 1999 μεθοδεύει
1555 1928 1648 1981 καὶ
1680 1925 1900 1979 διατάτ·

332 2037 510 2087 τεται,
562 2022 640 2083 ὡς
689 2021 795 2092 χρὴ
821 2021 1071 2089 γίνεσθαι
1097 2021 1273 2076 ταῦτα
1321 2022 1416 2074 καὶ
1449 2020 1523 2082 ώς
1571 2019 1899 2089 γινομένων.

332 2113 554 2182 ἄριστον
577 2112 653 2176 ώς
688 2113 831 2176 είκδς
856 2113 1159 2181 ἀπαντήσει
1188 2113 1284 2165 καὶ
1309 2112 1480 2176 τέλος·
1521 2111 1583 2165 ού
1624 2110 1732 2181 μὴν
1765 2110 1902 2163 ἀλλὰ

332 2204 429 2257 καὶ
463 2204 627 2267 λαοὺς
674 2203 791 2274 μετ’
827 2204 1147 2273 ἐπιστήμης
1176 2204 1397 2273 κοσμεῖ,
1426 2204 1520 2255 καὶ
1554 2202 1904 2269 παιδαγωγεῖ

334 2295 598 2366 τρόπους·
642 2297 738 2349 καὶ
784 2296 1040 2367 ῥυθμίζει
1069 2296 1269 2366 ψυχάς,
1314 2297 1378 2349 οὐ
1411 2295 1546 2365 πρὸς
1573 2296 1775 2358 ἑαυτὰς
1804 2294 1901 2364 μό-

334 2404 474 2453 νον,
540 2387 679 2441 ἀλλά
742 2389 840 2441 καὶ
897 2388 1034 2459 πρὸς
1084 2388 1318 2457 ἀλλήλας
1378 2382 1439 2440 εὖ
1501 2386 1898 2456 ἁρμοζόμενος.

346 2481 592 2551 Ἑλέγχει
628 2481 674 2534 δ’
703 2480 817 2535 ἐσθ’
856 2482 945 2534 ὅτε
997 2481 1094 2533 καὶ
1139 2480 1386 2550 διασύρει
1422 2481 1716 2546 σκαιότητα
1757 2480 1899 2547 γνώο

339 2591 474 2644 μης,
520 2576 615 2628 καὶ
643 2574 886 2645 ἀμαθίαν
926 2574 1022 2627 καὶ
1049 2572 1279 2641 ἄγνοιαν
1303 2589 1317 2603 ·
1350 2573 1445 2625 καὶ
1482 2573 1588 2625 πᾶν
1616 2571 1798 2625 ὁτιοῦν
1820 2572 1899 2637 είς

330 2664 530 2728 κακίας
562 2665 900 2735 ἀναφέρεται
926 2664 1130 2734 τρόπον
1154 2702 1171 2730 ,
1224 2663 1318 2717 καὶ¹
1344 2665 1444 2733 τῆς
1474 2664 1721 2734 χείρονος
1746 2664 1902 2734 μερίο

330 2756 418 2819 δος
444 2756 809 2826 γνωρίζεται·
840 2756 1035 2826 ἐχθρὸν
1071 2754 1169 2824 μὲν
1203 2756 1272 2825 τῇ
1305 2755 1447 2819 θεία,
1483 2755 1674 2825 ἐχθρὸν
1723 2756 1781 2809 δὲ
1829 2758 1897 2826 τῇ

332 2849 651 2921 ἀνθρωπίνῃ
700 2850 862 2916 φύσει
901 2848 1115 2904 τελοῦν.
1161 2848 1426 2913 Καθάπαξ
1467 2849 1510 2901 δ’
1551 2851 1746 2912 εἰπεῖν,
1789 2865 1901 2902 κοι-

334 2946 423 2998 νὸν
456 2944 651 2998 ἐαυτὸν
697 2942 993 3013 καθίστησι
1027 2946 1139 3006 τοῖς
1185 2942 1495 3013 ἀνθρώποις
1527 2941 1899 2995 διδασκαλεῖον

330 3038 479 3091 θείου
512 3037 610 3090 καὶ
634 3035 979 3105 ἀνθρωπίνου
1015 3035 1366 3104 μαθήματος.

2023 553 2316 623 προῖστησι
2372 554 2670 623 κεφάλαιον
2722 553 2818 606 τοῦ
2854 552 3062 624 βιϐλίου
3090 569 3104 584 ·
3150 554 3302 619 ὅπως
3328 556 3466 626 μετά
3492 556 3593 626 τὴν

2020 646 2223 699 ἂλωσιν
2252 644 2349 700 τοῦ
2395 646 2574 713 Ἰλίου,
2606 647 2797 700 νόστου
2846 648 2943 701 σὺν
2992 648 3105 711 τοῖς
3136 647 3345 718 ἐτέροις
3370 646 3589 718 ἁψάμε-

2017 754 2128 801 νος,
2157 738 2377 803 πολλοῖς
2411 739 2558 809 μάλα
2607 739 2930 793 τούντεῦθεν
2956 741 3052 794 καὶ
3085 739 3344 811 μεγάλοις
3372 741 3587 804 κακοῖς,

2017 830 2112 882 καί⁵
2186 830 2310 900 μηδ’
2352 832 2615 901 ἀριθμεῖν
2660 833 2866 895 ίκανοῖς
2919 831 3072 884 οὖσιν
3107 833 3260 897 ῐσως,
3311 831 3411 902 οὐχ
3439 831 3590 893 ὅπως

2016 920 2112 975 καὶ
2146 923 2287 977 κατά
2335 923 2566 993 μέγεθος
2607 923 2867 988 καθάπαξ
2902 925 3152 987 σκοπεῖν,
3180 925 3207 977 δ
3240 924 3407 987 πολὺς
3441 925 3588 978 ἐκεῖ·

1974 1052 1977 1053 ν
2014 1029 2104 1077 νος
2135 1015 2235 1078 τὰς
2287 1016 2482 1085 τέχνας
2513 1017 2608 1069 καὶ
2651 1016 2723 1069 τά
2758 1016 3112 1087 βουλεύματα
3140 1018 3491 1083 περιέπεσεν.
3524 1018 3588 1071 El

2011 1110 2121 1178 γάρ
2160 1109 2321 1171 εὐθὺς
2341 1109 2482 1162 οῦτω
2515 1110 2750 1179 κατέστη
2784 1111 2877 1162 ἐπὶ
2911 1110 2973 1163 τὸ
3009 1111 3269 1181 πρᾶγμα,
3300 1108 3490 1173 ὕπτιος
3521 1110 3589 1163 ἂν

2011 1200 2156 1265 εδοξε
2189 1204 2288 1254 καὶ
2325 1203 2529 1271 ἀχρους
2572 1205 2685 1265 τοῖς
2718 1202 2960 1267 πολλοῖς,
3011 1202 3111 1255 οὐκ
3152 1202 3291 1272 ἔχων
3319 1201 3587 1271 οὐμενοῦν

2010 1291 2287 1355 τοσοῦτον,
2321 1291 2437 1346 οὔτ’
2465 1293 2522 1359 ἐξ
2558 1293 2803 1361 ἱστορίας
2829 1292 3040 1358 ἁπλῶς,
3067 1290 3181 1346 οὔτ’
3204 1294 3269 1344 ἐκ
3296 1292 3393 1360 τῆς
3418 1291 3587 1362 άλλης

2010 1385 2308 1453 ποιητικῆς
2338 1383 2594 1447 ἐξουσίας
2640 1384 2820 1437 ἐλθεῖν
2856 1383 2948 1437 ἐπὶ
3001 1382 3102 1451 τὴν
3155 1382 3438 1435 ὑπόθεσιν.
3471 1381 3587 1434 Νῦν

2007 1473 2053 1525 δ’
2083 1477 2165 1527 ὅτι
2210 1491 2317 1544 περ
2347 1474 2520 1536 οὕτως
2554 1474 2904 1543 ἐμεθόδευσε,
2946 1473 3041 1526 τὸν
3099 1472 3303 1525 σκοπὸν
3338 1473 3585 1543 ἐκατέρῳ

2011 1568 2164 1637 μέρει
2193 1568 2253 1619 τὺ
2296 1568 2574 1637 προσῆκον
2621 1566 2824 1635 ἔνειμε·
2858 1569 2923 1636 τῇ
2958 1583 3018 1618 τε
3064 1566 3172 1636 γὰρ
3222 1565 3441 1633 ποιήσει
3485 1565 3586 1634 τὴν

2013 1660 2222 1729 συνήθη
2261 1660 2569 1730 παρέσχετο
2606 1659 2793 1729 χλιδὴν
2824 1660 2920 1711 καὶ
2976 1658 3183 1727 ἁϐρῶς,
3224 1655 3367 1709 ὥστε
3419 1656 3587 1725 μηδα-

2012 1751 2131 1821 μῶς
2171 1753 2379 1805 ἐκεῖθεν
2431 1752 2775 1813 κολούεσθαι,
2802 1751 2898 1804 καὶ
2924 1749 3001 1818 τῷ
3038 1750 3325 1818 πράγματι
3358 1749 3402 1801 δ’
3437 1746 3585 1817 αὐτῷ

2006 1839 2067 1892 τὸ
2116 1840 2295 1908 πάντη
2331 1840 2441 1893 σῶν
2469 1838 2630 1905 εἶναι,
2674 1843 2771 1894 καὶ
2806 1838 3030 1911 μηδενός
3070 1856 3133 1907 γε
3161 1840 3441 1905 λελεῖφθαι
3475 1837 3585 1888 τῶν

2004 1932 2085 1991 είς
2147 1932 2309 1985 τοῦτο
2365 1933 2661 2000 φερόντων.
2721 1932 2843 1986 Κᾶν
2927 1933 3035 2003 γὰρ
3103 1932 3365 2001 ἱστορίαις
3436 1929 3584 1998 μάλα

2004 2020 2232 2084 πολλαῖς
2296 2023 2392 2074 καὶ
2451 2021 2647 2091 μύθοις
2696 2023 2845 2086 ὅσοις
2894 2022 3266 2091 ποικίλληται,
3310 2020 3426 2073 ἀλλ’
3473 2019 3580 2071 οὐδ’

2003 2112 2177 2178 οὕτως
2216 2115 2514 2184 ἀφίσταται
2564 2114 2754 2185 πόρρω
2779 2116 2875 2184 τῆς
2905 2115 3236 2178 ὑποθέσεως,
3267 2112 3341 2175 ὡς
3378 2111 3452 2182 μὴ
3484 2110 3583 2181 τὴν

2004 2207 2264 2276 ταχίστην
2325 2206 2636 2272 ἐπανιέναι,
2684 2206 2780 2259 καὶ
2844 2206 2914 2259 τά
2962 2205 3106 2259 κατὰ
3156 2209 3248 2257 τὸν
3311 2203 3579 2257 Ὀδυσσέα

2006 2298 2153 2368 πάθη
2176 2296 2450 2362 διεξιέναι,
2489 2292 2566 2352 ὧν
2600 2298 2787 2351 εἵνεκα
2818 2298 3066 2365 πλαγίως
3112 2296 3200 2348 ἐπ’
3222 2286 3410 2348 ἐκεῖνα
3446 2294 3579 2364 ἐλή-

2003 2390 2160 2444 λυθε.
2194 2391 2305 2443 Καὶ
2338 2392 2412 2461 μή
2447 2408 2530 2455 τις
2587 2390 2823 2461 οἰηθείη,
2854 2390 2930 2453 ὡς
2954 2389 3179 2458 πλάσμα
3221 2388 3281 2440 τὸ
3315 2387 3581 2457 παράπαν

2005 2484 2207 2554 ἐστὶνή
2237 2485 2458 2552 ποίησις
2491 2485 2736 2555 Ὁμήρῳ,
2762 2482 2932 2552 ἄνδρα
2964 2482 3088 2536 τινὰ
3112 2481 3579 2551 προστησαμένῳ,

2002 2577 2060 2638 ὃς
2081 2577 2217 2647 μήτε
2243 2576 2483 2640 τοιοῦτος
2506 2576 2694 2645 γέγονε
2726 2575 2945 2629 πώποτε
2968 2576 3109 2644 μήτε
3127 2575 3440 2643 γενήσεται,
3469 2566 3580 2625 οἷον

2000 2660 2158 2731 οὗτός
2189 2682 2355 2736 φησι·
2388 2668 2628 2721 τοιοῦτόν
2656 2684 2708 2719 τι
2737 2668 2801 2720 ἐκ
2825 2666 3110 2737 ποιητικῆς
3133 2665 3315 2726 ἀδείας
3350 2663 3580 2733 ἐτόλμη-

2007 2777 2124 2824 σεν,
2149 2760 2260 2814 οὐδ’
2286 2758 2461 2822 οὕτως
2485 2758 2549 2812 ἂν
2586 2759 2893 2829 ἐλυμήνατο
2922 2757 3000 2826 τῷ
3034 2757 3245 2827 σκοπῷ,
3272 2756 3373 2819 ἕως
3399 2757 3466 2809 τὰ
3483 2749 3578 2808 ἐί-

2003 2853 2144 2906 κότα
2176 2850 2319 2904 κατά
2349 2849 2552 2918 πολλὴν
2583 2848 2905 2920 περιουσίαν
2936 2848 3108 2901 ἐδίδου
3135 2848 3215 2916 τῷ
3245 2847 3553 2916 πράγματι.

2075 2945 2257 2997 Ἴσασι
2289 2942 2489 3005 πάντες
2518 2942 2640 2994 καθ’
2679 2941 2736 2993 ἓν
2767 2942 2860 2995 κα¹ι
2896 2939 2994 2992 σὺν
3027 2939 3121 2992 δύο
3163 2939 3446 3001 πολλάκις,
3483 2938 3579 2990 καὶ

2001 3038 2164 3091 πλέον
2216 3037 2250 3107 ἢ
2298 3037 2395 3089 σὺν
2426 3035 2518 3088 δύο
2553 3034 2780 3088 τοιαῦτα
2829 3034 2978 3103 πάθη
3027 3031 3404 3103 συμϐαίνοντα
3453 3033 3571 3090 τοῖς

405 3129 545 3184 Ἀλλ’
576 3128 629 3182 εί
651 3129 759 3199 πέρ
787 3144 891 3193 τις,
926 3130 952 3180 ὁ
974 3126 1145 3196 μέγας
1174 3118 1333 3189 οὗτος
1363 3126 1514 3196 ἥρως
1544 3130 1608 3196 τῇ
1638 3127 1894 3198 ποιητικῇ
1929 3153 1971 3210 c
2004 3128 2312 3199 ἀνθρώποις
2336 3145 2350 3159 ·
2384 3129 2478 3181 καὶ
2525 3128 2702 3191 οὐδεὶς
2736 3126 2858 3179 οὔτε
2904 3127 2998 3179 τοῦ
3054 3126 3290 3194 πάσχειν
3320 3122 3445 3177 οὕτε
3479 3122 3575 3175 τοῦ

334 3222 509 3294 μούσῃ
536 3220 906 3289 ἐξείργασται,
934 3220 1029 3271 καὶ
1061 3218 1176 3271 τόδε
1226 3219 1370 3288 μάλα
1408 3218 1757 3286 ἐξείργασται
1786 3217 1898 3271 ῶσο

335 3331 443 3387 περ
471 3332 524 3368 τι
561 3312 793 3383 μάθημα
822 3309 964 3364 θεῖον
1008 3312 1121 3373 τοῖς
1164 3309 1474 3380 ἀνθρώποις
1525 3310 1779 3363 ἐνθεῖναι·
1815 3310 1900 3364 ἵνα

329 3406 575 3477 δηλονότι
618 3407 756 3475 πρὸς
783 3405 855 3457 τά
887 3402 1279 3473 συμπίπτοντα
1320 3405 1472 3473 παρὰ
1503 3401 1606 3471 τῆς
1638 3402 1772 3473 ὕλης
1805 3403 1902 3456 καὶ

326 3499 439 3553 τῶν
466 3498 571 3565 ἔξω
612 3495 984 3569 πραγμάτων,
1024 3495 1124 3548 ὅσα
1179 3493 1317 3565 τύχη
1364 3495 1476 3548 τινὶ
1528 3496 1622 3548 καὶ
1666 3496 1901 3567 πονηρίᾳ

330 3590 655 3663 ἀνθρώπων,
686 3589 780 3643 καὶ
809 3589 874 3661 δὴ
911 3590 1004 3643 καὶ
1028 3588 1257 3659 γνώμης
1296 3588 1596 3659 φαυλότητι
1639 3588 1739 3658 τῆς
1772 3606 1899 3657 σφε-

328 3685 517 3757 τέρας,
553 3683 646 3737 καῖ
671 3681 883 3755 ἀμαθίᾳ
916 3682 1068 3736 τουτὶ
1095 3681 1176 3735 δεῖ
1202 3684 1380 3734 ποιεῖν
1421 3681 1612 3744 κακῶς
1662 3682 1898 3751 μάλιστα

332 3779 641 3849 πάσχομεν,
692 3776 977 3847 φρονίμως
1033 3773 1180 3843 μάλα
1227 3775 1323 3827 καὶ
1363 3772 1757 3843 μεγαλοψύχως
1808 3778 1901 3827 καὶ

333 3870 602 3940 γενναίως
664 3867 999 3936 ἀπαντῶμεν
1029 3884 1042 3897 ·
1078 3866 1197 3921 ἀλλ’
1256 3867 1524 3935 οὐμενοῦν
1574 3867 1894 3940 ἐκδιδῶμεν,

326 3963 449 4016 ούδέ
496 3958 988 4031 καταπροδιδῶμεν
1016 3960 1076 4011 τὸ
1105 3959 1205 4029 τῆς
1241 3958 1455 4028 φύσεως
1485 3959 1727 4028 ἀξίωμα,
1759 3978 1898 4030 συμ-

331 4053 801 4123 μεταϐαλλόμενοι
834 4054 949 4114 τοῖς
981 4050 1291 4119 γινομένοις
1324 4051 1585 4104 ἐκάστοτε
1608 4091 1622 4113 ,
1652 4053 1751 4105 καὶ
1778 4052 1902 4106 τού-

325 4164 437 4199 των
464 4145 626 4198 πλέον
652 4146 765 4208 τοῖς
791 4142 1133 4213 ἀϐουλήτοις.
1159 4140 1280 4197 Είδε
1305 4145 1411 4213 γὰρ
1447 4145 1510 4196 ἐκ
1539 4145 1641 4214 τῆς
1672 4147 1894 4215 πείρας,

326 4232 440 4291 οἷον
477 4236 717 4305 μάλιστα
782 4235 892 4289 τῶν
950 4233 1129 4288 ἄλλων
1178 4234 1367 4287 κακῶν
1419 4234 1532 4297 τοῖς
1591 4236 1897 4306 ἀνθρώποις

326 4325 650 4398 ἐπηρεάζει,
708 4327 803 4379 καὶ
855 4326 992 4395 πρὸς
1042 4326 1204 4379 ἐαυτδ
1252 4325 1346 4378 τὸν
1395 4326 1597 4395 τρόπον
1627 4328 1894 4396 ἐξίστησι,

329 4420 505 4488 συχνά
536 4418 839 4488 συμϐαῖνον
873 4419 935 4471 ἐκ
965 4418 1260 4470 πολυειδῶν
1288 4417 1399 4471 τῶν
1432 4417 1641 4485 αἰτίων,
1671 4420 1829 4472 ὁποία
1861 4421 1894 4489 ή

2005 3218 2146 3274 εἶναι
2197 3222 2367 3291 χωρὶς
2402 3222 2651 3289 γέγονεν,
2706 3219 2765 3285 ὃς
2803 3219 2954 3273 ταῦτ’
3000 3220 3211 3287 ἀγνοεῖ·
3271 3216 3444 3279 ἄλλως
3482 3232 3573 3279 τε,

2002 3314 2149 3366 τοῦτ’
2178 3315 2299 3385 au)
2333 3314 2435 3384 τῆς
2464 3314 2757 3384 ποιητικῆς
2787 3312 3100 3383 ἐλευθερίας
3127 3309 3195 3381 ἦν
3224 3310 3362 3373 ὅλως
3401 3309 3574 3374 ἀξιον,

2004 3405 2145 3459 ὥστε
2213 3404 2426 3460 τοιοῦτό
2471 3423 2526 3458 τι
2588 3407 2718 3476 περὶ
2778 3402 2941 3458 αὐτοῦ
2993 3403 3335 3473 λογίσασθαι,
3389 3402 3423 3472 ἢ
3477 3402 3577 3469 τῆς

2003 3497 2261 3567 ἀληθείας
2302 3499 2473 3567 αὐτῆς
2516 3499 2609 3553 καὶ
2652 3497 2748 3552 τοῦ
2795 3497 3170 3567 πράγματος,
3202 3495 3262 3548 ἐν
3300 3489 3344 3563 ᾧ
3374 3494 3576 3556 πάντες

2006 3590 2163 3657 ἴσμεν
2192 3590 2453 3643 Ὀδυσσέα
2484 3589 2609 3642 τινὰ
2656 3590 3046 3658 πολυμήχανον
3080 3587 3365 3656 ἄνθρωπον
3414 3602 3577 3654 γεγο-

2001 3681 2151 3746 νότα,
2189 3682 2419 3751 βασιλέα
2475 3679 2694 3750 Ἰθάκης
2743 3680 2841 3732 καὶ
2899 3677 3312 3747 Κεφαλλήνων,
3348 3677 3575 3747 προσέτι

2001 3777 2093 3832 καὶ
2132 3778 2346 3848 πατέρα
2383 3776 2642 3845 Σίσυφον,
2688 3777 2785 3829 καὶ
2842 3775 3070 3830 πάππον
3100 3774 3406 3826 Αὐτόλυκον
3430 3786 3445 3802 ·
3479 3768 3575 3834 οὓς

2001 3870 2096 3922 καὶ
2127 3869 2280 3932 δίκας
2327 3867 2498 3920 τίνειν
2570 3867 2629 3919 ἐν
2672 3865 2799 3936 ᾅδου
2854 3865 2988 3933 φασὶ
3041 3863 3327 3934 μοχθηρᾶς
3387 3862 3575 3915 εἵνεκα

2001 3961 2248 4032 γνώμης·
2280 3959 2377 4012 καὶ
2415 3958 2479 4028 δὴ
2527 3958 2626 4011 καὶ
2648 3959 2886 4026 γυναῖκα
2947 3957 3267 4026 Πηνελόπην
3292 3995 3306 4019 ,
3341 3956 3574 4026 ἀρίστην

2000 4057 2273 4125 γυναικῶν
2304 4054 2400 4108 καὶ
2436 4056 2695 4124 σώφρονα
2756 4054 2853 4105 καὶ
2902 4051 3174 4121 κοσμίαν·
3228 4049 3323 4101 καὶ
3356 4049 3571 4116 πατέρα

1998 4149 2204 4217 ταύτης
2234 4147 2491 4218 Ἰκάριον,
2541 4147 2637 4199 καὶ
2681 4146 2797 4199 υίὸν
2830 4145 2887 4200 δὲ
2928 4143 3192 4214 μονογενῆ
3221 4142 3566 4212 Τηλέμαχον.

1997 4242 2061 4297 EE
2091 4241 2185 4296 τὸν
2216 4238 2477 4293 Ὀδυσσέα
2520 4238 2747 4307 πλάσμα
2783 4237 3008 4307 δοίημεν
3044 4229 3185 4289 εἶναι
3216 4234 3295 4304 τῷ
3341 4236 3541 4302 ποιητῆ

1999 4329 2115 4392 πῶς
2153 4328 2329 4382 ταῦτα
2353 4326 2528 4395 τούτῳ
2558 4327 2937 4397 συμϐήσεται,
2966 4326 3063 4379 καὶ
3091 4324 3270 4395 πολλῷ
3299 4324 3355 4376 δέ
3387 4320 3579 4376 πλειο-’

1999 4439 2067 4475 να
2100 4420 2306 4474 τούτων
2342 4417 2588 4487 ὀνόματά
2632 4435 2693 4470 τε
2740 4419 2836 4470 καὶ
2896 4418 3242 4487 πράγματα;
3279 4417 3340 4469 El
3381 4415 3438 4468 δέ
3477 4416 3572 4469 καὶ

327 4511 668 4580 πολύτροπος
707 4511 817 4563 τῶν
856 4512 1206 4580 πραγμάτων
1252 4511 1472 4582 κίνησις
1504 4510 1742 4581 δαψιλῶς
1776 4515 1895 4566 ἐπι·-
1928 4504 1969 4557 Ι)
2003 4514 2227 4582 δοίημεν
2255 4510 2412 4575 ὅλως,
2444 4511 2537 4562 καὶ
2576 4508 2742 4579 λῆρος
2779 4511 2963 4563 ἐκεῖνα
3004 4509 3161 4563 πάντ’
3192 4510 3277 4579 εἴη
3319 4509 3569 4580 Ὁμήρῳ,
3618 4547 3624 4563 ,λ

326 4606 577 4676 χορηγεῖ·
610 4603 705 4656 νῦν
742 4604 841 4671 μὲν
882 4602 1025 4657 οῦτω
1066 4605 1298 4674 πάσχειν
1326 4605 1497 4674 ἡμᾶς,
1520 4604 1614 4657 νῦν
1645 4606 1702 4658 δὲ
1731 4605 1895 4660 οὕτω·

326 4696 425 4751 καὶ
465 4692 546 4759 οἷς
575 4696 672 4748 καὶ
730 4687 791 4747 οῦ
844 4694 1018 4747 ταῦτα
1053 4695 1284 4763 γίνεται·
1316 4692 1359 4764 ᾧ
1406 4696 1469 4765 δὴ
1509 4698 1604 4750 καὶ
1648 4700 1901 4768 κρεῖττον

325 4789 423 4857 τῆς
456 4789 733 4859 ποιήσεως
766 4788 846 4841 ἔνι
883 4788 1073 4859 μέρος,
1106 4788 1181 4851 ὡς
1232 4788 1314 4851 είς
1367 4790 1549 4859 μάχην
1580 4792 1702 4844 τινὰ
1748 4792 1903 4861 μεγί-

326 4898 462 4951 στην
485 4883 711 4952 ἀνδρίας
778 4881 1201 4943 άντικαταστάς,
1232 4884 1331 4935 καὶ
1379 4883 1764 4951 περιγενέσθαι
1809 4902 1898 4952 φι-

322 4973 648 5040 λονεικήσας
695 4973 872 5026 δεινοῦ
933 4990 1081 5033 τινος
1146 4974 1242 5025 καὶ
1291 4974 1509 5043 ἀμάχου
1546 4976 1897 5044 πράγματος·

322 5064 476 5119 οὐδὲν
505 5065 616 5136 γὰρ
662 5065 840 5118 ἐδόκει
890 5066 1131 5118 τοιοῦτον
1179 5064 1256 5134 τῷ
1311 5069 1534 5136 ποιητῇ,
1569 5065 1684 5120 οἷον
1716 5067 1897 5136 ψυχάς

324 5157 632 5226 ἀνθρώπων
688 5157 908 5210 ὁπλίσαι
964 5158 1043 5219 είς
1101 5157 1396 5227 καρτερίαν
1423 5158 1530 5208 τῶν
1573 5158 1891 5227 συμφορῶν,

302 5246 419 5312 αἶς
452 5251 584 5319 ἡμῖν
617 5250 877 5302 ἑκάστοτε
908 5250 1270 5316 περιπίπτειν
1307 5248 1621 5317 συμϐαίνει.

403 5341 562 5393 Οὕτω
617 5341 673 5392 δέ
723 5341 860 5407 πρὸς
894 5340 1054 5392 τοῦτο
1100 5338 1282 5401 καλῶς
1341 5343 1893 5410 παρεσκευασμένος,

328 5434 426 5485 οὐκ
457 5434 521 5485 ἐκ
551 5431 646 5485 τοῦ
673 5433 983 5501 προφανοῦς
1010 5432 1108 5497 τὴν
1140 5432 1394 5500 βούλησιν
1439 5432 1775 5501 ἀνομολογεῖ,
1820 5434 1897 5496 ὡς

329 5525 681 5593 προκηρύξαι
704 5526 763 5576 τὸ
792 5526 1024 5593 πρᾶγμα
1056 5524 1150 5576 καὶ
1174 5524 1297 5575 ὅτου
1325 5524 1484 5592 χάριν
1513 5525 1895 5592 διαγωνίζεται

328 5616 614 5683 προειπεῖν
638 5629 655 5645 ·
685 5613 824 5665 ἀλλά
864 5616 957 5664 καὶ
1000 5613 1096 5683 τῆς
1128 5613 1224 5664 τοῦ
1260 5613 1421 5680 λόγου
1452 5614 1630 5678 ἀξίας.
1666 5617 1756 5667 καὶ
1789 5616 1891 5685 μά-

326 5704 485 5758 λιστα
534 5706 635 5775 τῆς
687 5706 978 5775 ποιητικῆς
1024 5706 1225 5774 ἀρετῆς
1274 5705 1533 5774 φροντίδα
1586 5706 1891 5776 τιθέμενος,

333 5796 469 5859 τέως
511 5797 609 5866 μὲν
657 5797 752 5852 τὸν
793 5803 994 5852 σκοπὸν
1038 5796 1366 5867 προσωπείῳ
1417 5797 1545 5864 τινὶ,
1579 5798 1700 5852 οὐδὲ
1734 5798 1895 5853 τοῦτο

2003 4606 2098 4658 καὶ
2134 4604 2248 4666 τοῖς
2280 4601 2462 4662 ἄλλοις
2512 4600 2621 4653 τῶν
2656 4600 2922 4670 ποιητῶν,
2961 4600 3244 4663 αίδεστέος
3277 4601 3516 4670 μάλιστα
3544 4603 3573 4655 ὁ
3616 4615 3623 4669 ;

2002 4697 2160 4766 ἀνὴρ,
2194 4698 2278 4749 ὅτι
2334 4695 2505 4765 μηδὲν
2554 4693 2691 4763 έχων
2746 4695 2923 4747 εἰπεῖν
2979 4710 3102 4746 τινα
3156 4693 3266 4746 τῶν
3316 4693 3573 4746 ἁπάντων
3617 4680 3621 4708 ³

2001 4784 2244 4840 τοσαῦτα
2277 4785 2586 4839 πεπονθότα
2614 4786 2954 4856 πράγματα,
2998 4787 3151 4855 ὅμως
3183 4786 3347 4849 αὐτὸς
3389 4786 3573 4839 τετόλ-

2007 4895 2149 4948 μηκε
2178 4878 2512 4943 πλάσασθαι,
2554 4878 2623 4932 ἵν’
2665 4880 2728 4933 ἐκ
2758 4879 3210 4950 παραδείγματος
3250 4879 3573 4949 τηλικούτου

2000 4972 2229 5038 διδάξειε
2256 4973 2383 5033 τοὺς
2409 4971 2736 5043 ἀνθρώπους
2771 4972 2847 5043 μὴ
2877 4972 3262 5041 δυσχεραίνειν
3284 4973 3406 5034 ταῖς
3436 4988 3573 5042 συμ-

2002 5067 2214 5132 φοραῖς,
2257 5064 2393 5135 μηδὲ
2452 5067 2565 5127 τοῖς
2611 5064 2805 5124 δεινοῖς
2857 5062 3278 5129 ὑποκλίνεσθαι,
3308 5064 3433 5117 ἀλλ’
3471 5066 3571 5118 άν-

2000 5159 2192 5226 δρείως
2222 5159 2533 5213 ἐνίστασθαι
2562 5158 2705 5212 κατὰ
2734 5157 2866 5225 γοῦν
2901 5158 3131 5225 δύναμιν
3180 5157 3554 5228 ἀνθρωπίνην,

2001 5247 2138 5317 πρὸς
2183 5249 2444 5316 τοιαύτην
2476 5248 2769 5317 βλέποντες
2803 5248 3028 5316 στήλην.
3066 5246 3203 5300 Οὔτε
3228 5250 3357 5323 γὰρ,
3393 5245 3572 5319 οἴμαι,

2002 5339 2194 5392 πενίαν
2231 5337 2442 5406 ὀδύρετ’
2475 5337 2542 5389 ἀν
2590 5354 2674 5399 τις
2734 5336 2926 5391 ἐνθάδε
2977 5338 3145 5407 ὁρῶν,
3200 5340 3294 5392 καὶ
3354 5339 3422 5394 τά
3474 5339 3571 5394 τοῦ

1998 5430 2183 5500 ἥρωος
2224 5427 2447 5480 σκοπῶν
2498 5410 2856 5497 ἀίτυχήματα,
2904 5428 3028 5481 οὔτε
3084 5431 3410 5501 γύμνωσιν,
3457 5431 3571 5485 οὒτ’

1999 5521 2216 5589 ἐξορίαν
2239 5559 2255 5584 ,
2298 5522 2359 5572 οὐ
2390 5521 2652 5586 ναυάγιον
2676 5560 2692 5582 ,
2745 5522 3011 5588 οὐμενοῦν
3059 5523 3120 5574 οὐ
3173 5524 3476 5587 κινδύνους,
3506 5526 3570 5575 οὐ

1999 5614 2234 5683 πλάνην,
2271 5614 2369 5666 οὐκ
2421 5612 2718 5683 ἐπιϐουλὴν
2768 5613 2959 5682 φίλων,
2991 5615 3087 5685 οὐχ
3111 5615 3345 5685 ἑταίρων
3369 5618 3564 5670 ἀποϐι-

2001 5708 2122 5777 λὴν,
2151 5708 2211 5759 οὐ
2241 5706 2469 5760 θάνατον
2496 5706 2682 5773 αὐτὸν,
2712 5706 2746 5761 ἢ
2777 5707 2930 5778 παρά
2956 5710 3056 5778 τῆς
3090 5707 3305 5776 φύσεως
3349 5710 3382 5782 ή
3419 5713 3571 5782 παρὰ

1998 5798 2095 5868 τῆς
2126 5797 2327 5862 ἔξωθεν
2355 5797 2560 5868 ἥκοντα
2606 5797 2725 5867 βίας
2752 5814 2765 5829 ⁸
2816 5799 2939 5852 οὐδὲ
2978 5800 3138 5853 πάνθ’
3170 5800 3270 5855 ὅσα
3305 5805 3566 5874 συμπτώ-
