4102 6294
333 368 442 432 673
1771 368 2104 431 ΝΟΤΙἸῚΛ.
3479 365 3585 431 674
3652 362 3657 363 ί

344 499 447 539 nec
480 482 653 537 divini
676 483 815 554 juris
860 499 1002 549 esse,
1037 484 1130 537 sed
1170 493 1376 538 tantum
1414 500 1441 536 a
1482 483 1740 539 Palribus
1771 494 1828 538 et
1880 479 2310 551 imperatoribus
2347 491 2691 542 concessum,
2728 491 2830 534 nec
2868 488 3047 533 tamen
3080 479 3242 535 talem
3293 487 3349 534 et
3378 489 3579 537 tantam

339 588 453 624 rem
482 586 594 623 sure
623 570 1046 638 prmemincntia:
1077 586 1219 635 esse,
1246 579 1501 639 quantam
1535 586 1668 639 papa
1697 586 1846 625 nunc
1871 571 2025 625 nullo
2078 570 2181 624 sibi
2210 569 2336 638 jure
2361 577 2609 635 usurpat.
2645 566 2843 620 Verum
2875 575 2978 626 est,
3011 567 3156 621 hunc
3218 567 3476 623 infamem
3524 578 3582 624 et

341 669 719 717 sexcentarum
750 660 1075 727 ﬂagitiorum
1096 659 1324 713 maculis
1349 660 1691 712 notissimum
1729 659 2166 721 Schismaticum,
2204 656 2319 711 sive
2351 655 2534 724 potius
2566 656 2902 716 heereticum,
2961 656 3182 721 similia,
3226 655 3339 709 imo
3397 657 3580 727 pejora

335 747 538 815 scripta
565 746 801 814 posteris
829 747 1155 811 tradidisse;
1187 746 1282 799 sed
1322 747 1650 814 quibusnam
1688 746 2031 801 documentis
2054 745 2453 814 probabilibus.
2488 752 2579 813 aut
2606 745 2944 807 necessariis,
2961 746 3043 799 vel
3076 754 3135 799 ut
3158 748 3473 815 expressius
3497 746 3582 799 di-

335 851 481 897 cam,
507 836 801 890 atneutatis
830 836 1045 890 hastis?
1069 836 1235 890 Levia
1290 848 1440 897 sunt,
1472 846 1527 891 ct
1569 837 1748 898 nihili,
1780 846 1835 889 et
1866 852 1971 889 non
2009 851 2088 896 re.
2118 835 2211 888 sed
2241 836 2305 888 ad
2358 836 2589 901 gratiam
2625 836 3083 903 nequissintorum
3113 838 3393 892 hominum
3423 853 3584 908 argu-

341 934 522 979 menta
542 934 815 993 contorta,
845 926 990 994 quod
1019 941 1085 978 ex
1108 926 1468 979 conclusione
1520 926 1703 994 Operis
1730 924 1961 977 manich

1959 934 2021 976 .to
2049 923 2344 992 colligitur.
2377 924 2687 990 Κεφάλαιον
2720 926 2829 978 τῶν
2860 926 3200 993 λεγομένων.
3242 927 3389 989 Ἕως
3420 928 3519 995 μὲν
3552 928 3579 979 ὁ

342 1014 577 1073 πάππας
616 1011 780 1071 σώζει
809 1012 908 1080 τὴν
940 1014 1119 1078 τάξιν,
1164 1014 1262 1065 καὶ
1294 1014 1431 1082 μετὰ
1462 1014 1560 1081 τῆς
1588 1013 1846 1081 ἀληθείας
1873 1012 2096 1078 ἕστηκε,
2123 1011 2216 1062 καὶ
2250 1010 2349 1077 τῆς
2380 1010 2602 1078 πρώτης
2663 1012 2757 1063 καὶ
2789 1013 2980 1079 κυρίας
3010 1014 3179 1082 ἀρχῆς
3217 1015 3315 1066 οὐκ
3347 1016 3581 1082 ἀφίστα-

339 1118 452 1163 ται,
487 1103 580 1152 καλ⁸
617 1099 828 1169 κεφαλὴ
857 1100 955 1168 τῆς
986 1099 1337 1169 Ἐκκλησίας,
1370 1100 1465 1153 καὶ
1494 1100 1785 1168 ἀρχιερεὺς
1825 1100 2023 1168 ἄκρος,
2066 1098 2161 1150 καὶ
2198 1098 2437 1166 Πέτρου,
2470 1101 2564 1150 καὶ
2596 1100 2816 1152 πάντων
2851 1102 3169 1154 ἀποστόλων
3189 1103 3454 1171 διάδοχος,
3487 1104 3581 1154 καὶ

337 1190 418 1239 δεῖ
442 1194 650 1251 πάντας
681 1188 832 1258 αὐτῷ
861 1188 1170 1250 πείθεσθαι,
1202 1191 1295 1241 καὶ
1339 1188 1511 1250 οὐδὲν,
1562 1188 1711 1255 ὂτὴν
1756 1188 1922 1255 τιμὴν
1968 1187 2181 1238 ἐκείνου
2231 1190 2421 1255 χωρεῖ.
2476 1188 2535 1240 Εἰ
2559 1188 2617 1240 δὲ
2663 1192 2761 1254 τῆς
2793 1190 3053 1258 ἀληθείας
3090 1191 3481 1261 ἀποχωρήσας,
3514 1193 3575 1244 οὐ

339 1276 586 1345 βούλεται
624 1275 787 1327 πάλιν
818 1276 953 1345 πρὸς
984 1278 1199 1343 ἐκείνην
1229 1276 1535 1335 ἐπανιέναι,
1576 1275 1677 1342 τὴν
1692 1273 1805 1325 (ὧν
1837 1292 1959 1325 κατε

1959 1274 2143 1326 ιδίκων
2175 1275 2442 1329 πείσεται.
2483 1274 2704 1329 Summa
2727 1277 2986 1329 dictorum
3017 1278 3125 1329 lucc
3154 1287 3228 1329 est
3254 1293 3272 1330 :
3311 1279 3579 1342 Quamdiu

337 1370 542 1437 quidem
576 1385 715 1437 papa
757 1367 995 1419 ordinem
1022 1375 1219 1428 servat,
1247 1375 1293 1417 et
1324 1383 1443 1418 cum
1477 1368 1696 1418 veritate
1725 1375 1852 1428 stat,
1888 1383 1918 1419 a
1947 1368 2118 1436 primo
2147 1375 2197 1419 et
2254 1369 2466 1436 proprio
2516 1370 2815 1437 principatu
2856 1386 2960 1422 non
3004 1381 3316 1431 removetur,
3348 1383 3395 1426 et
3424 1384 3584 1443 caput

337 1459 437 1509 erit
470 1456 716 1509 Ecclesia:
739 1463 787 1507 et
813 1470 1047 1506 summus
1081 1454 1338 1522 pontifex,
1362 1462 1408 1505 et
1432 1452 1577 1506 Petri
1640 1452 2071 1522 reliquorumque
2091 1454 2449 1524 apostolorum
2478 1472 2763 1515 successor,
2800 1473 3079 1524 omnesque
3117 1459 3165 1509 ei
3187 1458 3394 1512 obedire
3408 1477 3568 1529 opor-

339 1552 410 1595 tet
437 1566 449 1597 :
476 1542 705 1610 nihilque
736 1550 807 1594 est
847 1541 985 1609 quod
1014 1541 1176 1610 ipsius
1201 1541 1385 1593 honori
1415 1540 1681 1593 detrahat.
1714 1539 1770 1593 Si
1801 1556 1919 1592 vero
1944 1558 1973 1593 a
2011 1558 2112 1609 qua
2141 1542 2303 1593 semel
2322 1545 2539 1594 veritate
2564 1544 2848 1604 recesserit,
2878 1545 2946 1595 ad
2970 1562 3085 1597 eam
3110 1546 3278 1598 redire
3336 1548 3583 1609 noluerit,

338 1632 713 1682 damnatorum
746 1628 909 1697 poenis
939 1628 1036 1679 erit
1062 1628 1333 1680 obnoxius.
1367 1627 1558 1693 Fulget
1579 1626 1914 1679 orichalcum
1946 1666 1961 1689 ,
1994 1628 2087 1680 sed
2123 1629 2331 1696 pallens
2354 1645 2548 1681 aurum
2575 1631 2773 1684 melius
2825 1643 2927 1684 est.
2978 1633 3227 1686 Nondum
3270 1634 3353 1687 vel
3386 1648 3415 1687 a
3438 1634 3584 1695 Nilo,

347 1718 429 1770 vel
461 1718 529 1770 ab
560 1717 670 1768 ullo
700 1716 809 1768 alio
857 1715 1166 1768 rationibus
1192 1716 1513 1782 conquisitis
1562 1714 1849 1781 probatum
1900 1723 2005 1777 est,
2059 1731 2159 1769 nec
2192 1716 2519 1784 probabitur
2561 1718 2614 1769 in
2644 1727 2923 1786 posterum
2958 1735 2987 1772 a
3052 1736 3350 1788 quoquam,
3385 1737 3577 1791 papam

338 1811 585 1864 ordinem
619 1824 729 1861 non
757 1823 1025 1868 servasse,
1050 1818 1104 1861 et
1137 1809 1428 1861 veritatem
1466 1808 1686 1860 missam
1718 1808 1932 1861 iecisse.
1965 1812 2215 1876 Quanam
2275 1828 2404 1881 ergo
2446 1813 2661 1865 ratione
2713 1828 2744 1866 a
2774 1814 2951 1879 primo
3006 1824 3063 1866 et
3125 1816 3349 1881 proprio
3379 1816 3587 1885 princi-

340 1907 469 1966 patu
502 1905 745 1951 remotus
772 1896 904 1950 est?
938 1895 1171 1962 ideoque
1198 1910 1298 1948 nee
1326 1906 1488 1963 caput
1520 1895 1799 1956 Ecclesim,
1823 1912 1921 1947 nec
1950 1909 2198 1946 summus
2228 1894 2493 1961 pontifex,
2536 1911 2635 1949 nec
2660 1911 2954 1949 successor
3028 1898 3192 1959 Petri,
3234 1912 3332 1950 nec
3366 1908 3586 1965 aposto-

342 1988 520 2039 lorum
571 1986 698 2039 est?
754 1984 1098 2038 constituant
1135 1984 1191 2036 in
1244 1984 1421 2037 oculis
1482 1984 1790 2046 hominum,
1856 1983 2000 2051 quod
2053 1982 2186 2034 illttd
2238 1982 2454 2034 tandem
2488 1983 2592 2043 sit,
2650 1983 2794 2051 quod
2847 1983 3021 2052 ipsius
3069 1985 3262 2039 honori
3323 1986 3583 2039 detraxit.

248 2126 251 2129 .
338 2074 510 2127 Nec-a
558 2074 681 2127 Nilo
713 2074 942 2127 dissidet
973 2072 1179 2141 reliqua
1209 2072 1688 2125 schisntaticorum
1723 2072 1944 2123 cohors.
2006 2070 2070 2122 Et
2099 2069 2166 2121 dc
2200 2070 2282 2122 his
2312 2070 2446 2123 alias
2506 2069 2719 2124 fusius;
2787 2072 2949 2124 modo
2978 2075 3113 2126 satis
3139 2074 3209 2127 sit
3233 2082 3581 2128 attrectasse.

418 2164 492 2216 De
515 2164 619 2216 hoc
650 2161 1253 2215 NiloThessalouicensi
1315 2161 1695 2213 Bonaventura
1732 2160 2049 2217 Vulcanius,
2115 2159 2209 2223 Ep.
2269 2157 2335 2210 ad
2373 2160 2632 2211 lectorem
2686 2160 2899 2226 praefixa
2934 2161 3082 2214 dicto
3131 2163 3433 2230 opusculo:
3511 2163 3585 2216 De

344 2262 555 2305 auctore
589 2252 743 2319 hujus
770 2251 953 2319 scripti
974 2251 1183 2302 variant
1219 2248 1489 2301 doctorum
1516 2250 1813 2300 sentcntiw.
1850 2246 2086 2299 Varietas
2122 2247 2241 2298 hinc
2316 2256 2467 2305 nata,
2506 2247 2643 2315 quod
2667 2246 2787 2299 Nilo
2814 2248 2963 2301 multi
2998 2250 3208 2318 fuerunt
3232 2254 3583 2319 cognomines.

344 2344 544 2397 Subdit
583 2343 837 2396 Neander
866 2362 879 2395 :
914 2342 1072 2395 Nilus
1103 2342 1315 2411 quando
1345 2342 1554 2400 vixerit,
1581 2358 1684 2394 non
1711 2343 1840 2393 satis
1869 2347 2093 2392 constat.
2130 2340 2259 2391 Vixit
2280 2355 2409 2391 sane
2430 2349 2547 2409 post
2588 2340 2767 2393 Caroli
2794 2340 2977 2409 Magni
3004 2343 3162 2410 primi
3190 2341 3585 2397 Germanorum

362 2433 994 2500 imperatoristempora;
1018 2432 1254 2499 septima:
1303 2446 1532 2497 namque
1566 2430 1755 2499 synodi
1788 2427 2066 2496 aliquoties
2102 2428 2413 2479 mentionem
2442 2429 2567 2495 facit
2602 2430 2693 2493 lc).
2729 2428 2892 2481 Esto:
2917 2428 3462 2497 vixeritpost‘Caroli
3512 2432 3585 2484 Μ.

347 2530 613 2589 tempora,
636 2532 761 2571 cum
792 2519 1034 2585 septimae
1064 2518 1255 2587 synodi
1284 2532 1481 2569 nomen
1507 2517 1754 2585 attingat.
1782 2516 1896 2568 Non
1919 2515 2054 2567 satis
2082 2525 2297 2568 constat
2325 2516 2564 2576 interim,
2590 2531 2700 2583 quo
2729 2526 2978 2582 tempore
3004 2518 3219 2570 vixerit.
3260 2517 3586 2581 Salmasius,

343 2607 409 2660 de
466 2605 743 2674 opusculis
799 2605 901 2657 Nili
931 2604 1436 2659 Thessalonicensis
1462 2602 1530 2657 ad
1552 2604 1815 2657 lectorem
1861 2602 2073 2665 scribit,
2107 2603 2212 2655 sibi
2245 2616 2518 2665 eonsmre,
2554 2604 2696 2656 hunc
2724 2604 2906 2657 Nilum
2929 2620 3050 2659 esse
3110 2606 3577 2671 recentissimum;

345 2697 565 2751 Thomas
590 2698 735 2750 enim
768 2697 1058 2765 Aquinutis
1085 2697 1139 2748 in
1181 2696 1304 2749 aliis
1331 2696 1555 2763 scriptis
1580 2695 1717 2755 suis,
1752 2709 1873 2762 quze
1910 2691 2152 2747 nondum
2184 2690 2329 2743 edita
2380 2701 2531 2751 sunt,
2564 2693 2835 2751 mentinit,
2864 2700 2921 2744 et
2965 2691 3203 2745 Thomas
3251 2694 3337 2747 ille
3390 2710 3586 2748 recen-

346 2787 589 2838 tissimus
609 2795 714 2839 est.
747 2786 963 2839 Poterat
984 2793 1164 2837 tamen
1194 2784 1429 2837 certiora
1449 2794 1693 2851 tempora
1714 2782 1987 2851 prasiinire
2014 2780 2173 2843 ,dum
2201 2794 2229 2832 a
2257 2778 2468 2832 Thoma
2496 2779 2762 2845 Aquinate
2789 2778 2856 2831 ad
2916 2780 3062 2832 hunc
3086 2779 3264 2834 Nilum
3286 2798 3393 2836 non
3422 2784 3584 2837 breve

348 2879 613 2948 temporis
647 2879 882 2948 spatium
918 2878 1242 2933 intercedat.
1278 2878 1435 2932 llunc
1465 2891 1597 2948 ergo
1633 2876 1813 2931 Nilum
1847 2889 1949 2929 nos
1982 2876 2085 2927 sub
2116 2873 2325 2927 Joanne
2356 2870 2743 2925 Cantaeuzeno
2777 2872 2980 2925 vixisse
3013 2872 3249 2941 ﬁgimus,
3296 2890 3401 2928 una
3457 2891 3582 2929 cum

346 2967 571 3020 Nicolao
603 2966 877 3022 Cabasila.
905 2965 971 3018 ad
1005 2980 1167 3034 quem
1196 2966 1273 3019 uti
1307 2967 1446 3035 πρὸς
1467 2966 1557 3017 τὸν
1596 2964 1759 3017 αὐτοῦ
1783 2962 1966 3033 avecta

1965 2978 2005 3013 ιν
2035 2960 2111 3030 (d)
2167 2958 2416 3027 ejusdem
2464 2958 2571 3012 Nili
2610 2967 2789 3011 exstat
2838 2958 3060 3027 epistola
3097 2960 3384 3029 theologica
3424 2963 3585 3029 cujus

350 3054 716 3123 principium:
768 3054 904 3123 Περὶ
938 3055 1149 3116 ἐννοίας
1184 3056 1292 3107 τῶν
1323 3054 1773 3122 συγγραμμάτων
1796 3068 1889 3103 σου
1929 3052 1970 3103 in

1967 3068 1981 3103 t
2010 3050 2213 3105 Codice
2246 3051 2505 3105 Vaticano
2525 3048 2648 3109 (352,
2686 3049 2960 3101 Demetrio
2990 3049 3353 3118 Chrysoloraa,
3392 3052 3584 3119 Deme;

350 3143 457 3195 trio
518 3152 574 3195 et
616 3140 895 3195 Prochoro
925 3141 1185 3212 (Iydoniis
1230 3141 1515 3205 fratribus,
1545 3156 1643 3210 pro
1682 3155 1792 3208 quo
1824 3138 2103 3193 Prochoro
2133 3147 2303 3192 exstat
2351 3138 2610 3191 Demetrii
2630 3136 2818 3190 Oratio
2845 3137 2910 3189 ad
2943 3138 3287 3191 Philotheum
3342 3140 3582 3206 patriar—

347 3231 528 3282 eham.
569 3230 807 3297 Princip.
847 3228 956 3281 Νῦν
989 3230 1144 3298 μόλις
1170 3230 1334 3298 ἔργον
1357 3230 1546 3298 ἀνδρὸς
1569 3227 1860 3291 ἀπεδείξω,
1891 3228 1966 3293 μὴ

2007 3227 2170 3295 μέχρι
2196 3224 2511 3278 πολλοῦ.Έι
2551 3223 2694 3292 quod
2735 3220 2909 3291 magis
2978 3242 3092 3279 rem
3134 3226 3352 3294 probat,
3387 3227 3586 3297 legitur

347 3321 511 3371 etiam
543 3317 778 3372 modoiu
805 3318 1159 3372 Bibliotheca)
1210 3317 1482 3371 Vaticana:
1539 3317 1701 3370 codd.
1736 3316 1862 3381 675,
1906 3316 2011 3369 674
2040 3326 2096 3369 et
2123 3315 2283 3377 1222,
2309 3312 2533 3368 Joannis
2569 3312 2936 3366 Cantacuzeni
2985 3314 3275 3383 responsio
3334 3314 3401 3368 ad
3437 3316 3583 3370 dicta

355 3411 648 3465 I’rochori:
698 3411 832 3478 Περὶ
863 3411 1051 3473 οὐσίας
1087 3411 1181 3463 καὶ
1209 3409 1491 3481 ἐνεργείας
1517 3408 1673 3473 Θεοῦ,
1713 3409 1785 3462 De
1824 3424 1971 3462 essen

1966 3410 2051 3461 ilia
2083 3418 2132 3461 et
2167 3410 2469 3478 operatione
2516 3407 2719 3459 divina.
2757 3406 2996 3475 Princip.
3052 3407 3333 3475 Περὶιμὲν
3356 3404 3449 3461 οὖν
3477 3409 3586 3461 τῶν

349 3500 449 3568 τῆς
473 3499 753 3568 ἐνεργείας
782 3499 877 3551 τοῦ
903 3498 1039 3552 Θεοῦ
1068 3499 1228 3552 εἱδῶν
1259 3499 1402 3551 κατὰ
1430 3500 1531 3569 τὴν
1569 3501 1626 3551 ἐν
1653 3499 1965 3567 προοιμίοις
2015 3497 2374 3563 ἐπαγγελίαν.
2409 3497 2538 3549 Item
2570 3495 2816 3565 ejusdem
2856 3514 2868 3549 :
2904 3495 3299 3567 ’Λντιρρητικὰ
3330 3498 3468 3565 πρὸς
3518 3499 3587 3551 τὰ

351 3588 709 3657 προαγόμενα
741 3589 881 3657 ῥητὰ
909 3588 1017 3640 τῶν
1050 3588 1225 3655 ἁγίων
1267 3588 1372 3640 ὑπὸ
1404 3589 1682 3658 ΙΙροχόρου
1709 3586 1803 3639 τοῦ
1838 3586 1971 3638 Κυδι

1967 3586 2085 3655 ὐνη.
2125 3584 2475 3637 Antirrhetica
2506 3584 2574 3635 ad
2613 3584 2749 3635 dicta
2794 3581 3019 3635 Patrum
3063 3585 3234 3638 allata
3266 3584 3587 3639 aProchoro

350 3676 604 3745 Cydonio.
647 3676 1027 3746 Principium:
1062 3675 1242 3739 Ὂλως
1286 3677 1385 3745 μὲν
1420 3678 1522 3730 οὐκ
1569 3677 1697 3741 ἔδει,
1722 3671 1774 3738 ὦ,
1834 3673 1970 3725 οὗτοι

1968 3688 2013 3734 ς,
2064 3660 2531 3737 ἀπολογήσασθαί
2572 3687 2637 3737 με
2706 3670 2840 3738 πρὸς
2890 3670 2959 3722 τὰ
3012 3671 3302 3743 λεγόμενα.
3354 3676 3588 3730 Probant

349 3764 511 3815 etiam
572 3762 817 3816 eamdem
877 3772 1093 3817 aetatem
1146 3763 1264 3816 alia:
1318 3764 1803 3818 commentationes
1840 3761 2033 3814 eodem
2093 3769 2336 3826 tempore
2366 3758 2722 3814 concinnatae.
2760 3759 2835 3809 uti
2901 3757 3158 3815 Demetrii
3225 3761 3588 3832 Chrysolerae.

353 3850 507 3902 Κατὰ
531 3850 777 3902 Λατίνων
806 3849 963 3918 λόγος
1029 3851 1374 3915 συνοπτικὸς,
1412 3850 1503 3917 ἀφ’
1534 3846 1609 3903 ὧν
1641 3850 1861 3919 ἐποίησε
1883 3847 2075 3910 Νεῖλος
2102 3846 2533 3916 ἀρχιεπίσκοπος
2565 3842 2988 3912 Θεσσαλονίκης.
3045 3846 3381 3915 Principium
3413 3865 3426 3899 :
3463 3852 3588 3918 ’Δρ-

351 3937 479 4006 χαία
499 3937 626 4003 δόξα
658 3938 755 4005 τῆς
812 3937 1142 4006 Ἐκκλησίας
1189 3938 1264 4000 ὠς
1321 3940 1384 3989 ἑκ
1413 3937 1505 3989 τοῦ
1543 3937 1672 3990 Υξοῦ
1702 3937 1762 3989 τὸ
1802 3934 2046 4003 Πνεῦμα.
2073 3934 2204 3987 Item
2250 3931 2494 3998 ejusdem
2525 3932 2780 3996 Διάλογος
2811 3931 3154 4001 ἀναιρετικὸς
3181 3933 3274 3986 τοῦ
3308 3934 3488 4003 λόγου,
3524 3938 3586 3990 ὃν

352 4024 589 4093 ἔγραψεν
618 4023 931 4095 Δημήτριος
954 4028 982 4077 ὁ
1018 4025 1276 4093 Κυδώνης
1305 4026 1447 4077 κατὰ
1478 4025 1570 4077 τοῦ
1601 4025 2006 4094 Θεσσαλονίκης
2036 4026 2231 4093 κυρίου
2284 4022 2475 4074 Νείλου
2510 4020 2604 4073 τοῦ
2630 4020 2936 4076 Καόασίλα.
2970 4021 3305 4093 Principium
3342 4042 3354 4078 :
3394 4028 3588 4094 Μέγας

354 4111 456 4178 μὲν
487 4115 514 4164 ὁ
540 4113 646 4164 τῶν
688 4113 980 4181 ὁμοφύλων
1012 4112 1136 4166 καθ’
1176 4114 1335 4183 ἡμῶν
1358 4113 1616 4183 πόλεμος,
1653 4120 1709 4165 ct
1733 4116 1974 4173 tandem,

1962 4151 1974 4173 ,
2004 4128 2071 4165 ne
2096 4112 2253 4180 plura
2296 4110 2404 4163 huc
2431 4123 2705 4179 aggeram,
2743 4108 3002 4163 Demetrii
3033 4110 3265 4179 Cydonii
3298 4114 3435 4182 πρὸς
3457 4117 3582 4176 τοὺς

350 4201 446 4253 τοῦ
477 4200 758 4254 Καὸασίλα
792 4201 1051 4269 ἐλέγχους
1079 4202 1219 4255 κατὰ
1246 4202 1354 4253 τῶν
1381 4204 1509 4268 περὶ
1536 4202 1631 4269 τῆς
1656 4201 2045 4269 ὲκπορεύσεως
2094 4199 2188 4251 τοῦ
2220 4199 2379 4265 ἁγίου
2438 4197 2758 4265 [Ινεύματος
2800 4196 3112 4261 κεφαλαίων
3152 4198 3246 4250 τοῦ
3305 4202 3585 4270 μακαρίου

352 4290 545 4358 Gitona.
584 4289 923 4358 Principium
955 4306 970 4342 :
1016 4289 1079 4341 'H
1114 4291 1215 4358 μὲν
1262 4291 1407 4343 κατὰ
1456 4289 1707 4343 Λατίνων
1736 4286 1972 4357 προθυμί

1964 4288 2017 4341 ία
2045 4287 2139 4340 τοῦ
2168 4287 2361 4356 ἀνδρὸς
2417 4285 2608 4337 τούτου
2654 4282 2870 4354 μεγάλη
2923 4284 3017 4336 καὶ
3066 4285 3376 4357 θαυμαστή.
3415 4288 3481 4341 Ει
3518 4304 3584 4344 ne

354 4379 613 4445 patientia
645 4388 736 4432 tua
776 4381 989 4435 abutar,
1025 4378 1229 4432 videsis
1264 4393 1361 4447 per
1394 4386 1445 4431 te
1469 4378 1645 4447 ipsum
1676 4376 2120 4431 Cantacuzenum
2161 4375 2213 4429 in
2252 4374 2510 4437 Historia,
2545 4381 2601 4426 et
2632 4372 2974 4441 potissimum
3011 4372 3108 4426 lib.
3140 4390 3192 4436 ν,
3221 4390 3339 4444 cap.
3387 4376 3475 4429 l6.
3506 4377 3584 4431 lbi

354 4476 539 4520 narrat
572 4468 868 4536 imperator
902 4464 1318 4521 Cantacuzenus
1361 4482 1418 4520 se
1450 4467 1714 4521 molestiis
1757 4467 1964 4521 exsolvi
2016 4465 2350 4534 cupientem,
2379 4479 2443 4518 ac
2498 4478 2673 4532 genus
2712 4464 2931 4516 vivendi
2986 4464 3260 4533 placidum
3323 4466 3584 4521 minime-

352 4572 458 4623 que
490 4555 829 4624 negotiosum
852 4554 1242 4622 suspirautem,
1275 4570 1398 4608 cum
1438 4555 1720 4609 statuisset
1771 4555 2034 4609 translato
2066 4554 2297 4622 imperio
2327 4552 2719 4605 monachorum
2771 4551 3024 4607 instituta
3061 4553 3282 4617 sectari,
3340 4555 3407 4607 ad
3439 4555 3582 4610 hanc

351 4642 715 4695 st-cessionem
746 4642 925 4695 socios
950 4640 1222 4694 addidisse
1250 4640 1530 4694 Nicolaum
1559 4639 1863 4695 Cabasilam
1927 4649 1983 4694 et
2034 4640 2369 4694 Demetrium
2395 4637 2692 4707 Cydonem,
2718 4641 2810 4707 qui
2839 4648 3067 4693 externa:
3128 4641 3401 4710 sapientia:
3433 4644 3588 4711 [asti-

350 4735 494 4798 gium
524 4730 832 4797 attigerant,
867 4738 917 4780 et
945 4727 1171 4780 moribus
1218 4727 1639 4798 philosophantes
1666 4730 1827 4782 vitam
1874 4730 2129 4790 calibem,
2163 4726 2629 4797 conjugaliumque
2690 4726 3144 4796 perturbationum
3177 4741 3440 4800 expertem
3470 4750 3586 4785 am-

351 4816 491 4887 plexi
520 4817 750 4883 fuerant.
784 4812 1039 4879 Quocirca
1070 4814 1597 4886 prtecipuumgratite
1645 4818 1910 4879 amicitite,
1946 4826 1993 4869 et
2032 4806 2417 4884 fantﬂiaritutis
2470 4812 2641 4867 locum
2671 4816 2812 4884 apud
2868 4816 3237 4883 imperatorem
3263 4818 3586 4872 obtinebant.

354 4911 517 4965 Notat
540 4921 798 4979 praeterea
824 4908 1122 4963 Salmasius
1146 4908 1349 4963 ibidem
1379 4925 1485 4964 non
1520 4909 1873 4964 mediocriter
1902 4925 2090 4964 errare
2129 4910 2306 4963 virum
2329 4892 2767 4962 eruditissim’um
2802 4910 2900 4982 (ε),
2934 4912 3030 4980 qui
3070 4909 3254 4965 Nilum
3286 4910 3587 4966 Thessalo-

431 5023 501 5090 (r)
534 5020 733 5075 Eadem
767 5018 929 5073 Flacii
979 5020 1140 5074 verba
1171 5029 1321 5085 sunt,
1353 5020 1561 5091 praefat.
1614 5022 1681 5075 ad
1713 5020 1818 5075 Nili
1847 5021 1918 5074 li-
2024 5030 2166 5075 stam
2196 5019 2430 5091 esse_ait
2454 5056 2470 5081 ,
2494 5020 2768 5091 iquareiin
2811 5019 3012 5074 Codice
3037 5021 3130 5075 illo
3179 5018 3425 5074 Caesareo
3454 5020 3588 5075 Ora-

352 5088 577 5145 bellum.
801 5157 815 5159 _
1354 5088 1367 5091 ⁷
1928 5105 1981 5159 f"
2029 5093 2271 5144 tionibtts
2309 5088 2573 5145 Cubaxilte
2659 5090 2763 5144 Nili
2790 5091 3031 5157 Epistoia
3056 5092 3436 5159 subjungatur.

425 5165 499 5227 (tt)
530 5162 584 5213 In
613 5162 644 5210 b
672 5159 748 5212 bl.
786 5157 1028 5213 Cmsarca
1063 5168 1199 5214 teste
1227 5159 1490 5220 Nessclio,
1512 5175 1563 5227 p.
1588 5160 1713 5220 355,
1742 5156 1997 5213 exstat“
2099 5162 2169 5227 (e)
2228 5160 2425 5213 BonaV.
2496 5160 2814 5213 Vulcanium
2841 5156 2899 5212 in
2963 5162 3109 5226 νηοί.
3150 5156 3214 5211 ad
3241 5156 3346 5211 Nili
3380 5164 3580 5215 librum

348 5233 517 5286 etiam
539 5230 646 5283 Nili
681 5230 843 5296 hujus
878 5230 1113 5296 Epistola
1145 5232 1208 5283 ad
1236 5236 1441 5283 sororis
1480 5247 1591 5284 suae
1629 5230 1795 5283 tilium
1829 5228 1922 5283 Ni-
2033 5228 2107 5280 De
2134 5231 2362 5296 primatu
2392 5245 2542 5296 papae
2566 5230 2774 5282 editum
2813 5248 2841 5282 a
2868 5245 2924 5282 se
2956 5244 2986 5281 e
3014 5244 3115 5282 tus.
3148 5228 3288 5280 Bibl.
3316 5230 3585 5285 νυιιυηιηυ

350 5302 567 5385 culpam
596 5298 929 5385 Cabasilani,
955 5299 1022 5353 de
1051 5298 1478 5385 Drationemejus
1532 5298 1918 5385 encomiastiea
2028 5310 2083 5385 et
2121 5298 2313 5385 {satine
2330 5300 2609 5385 :edgitu_ut
2633 5298 2802 5385 Lugd.
2848 5298 3177 5385 Bat."l§95,.
3214 5304 3265 5361 8,
3297 5301 3439 5385 apud
3475 5301 3576 5353 Ita-

354 5374 409 5424 in
435 5368 491 5422 S.
544 5382 836 5437 martyrem
893 5370 1260 5426 Demetrium:
1320 5367 1605 5436 Ἑττιστολὴ
1634 5370 1727 5421 τοῦ
1783 5372 1920 5435 πρὸς
2030 5368 2401 5436 phelengium.
2433 5367 2731 5435 Subjunxit
2760 5384 2923 5436 porro
2956 5368 3254 5437 Vulcanius
3311 5367 3497 5422 Graece
3525 5382 3580 5423 et

356 5439 561 5508 μητρὸς
620 5436 764 5489 θείου
814 5439 967 5510 supr};
1015 5440 1266 5510 Νικολᾲῳ
1300 5439 1376 5508 τῷ
1409 5439 1919 5510 καὸασίηηάγιω-

2030 5438 2223 5510 Latine
2252 5438 2467 5510 initium
2496 5439 2910 5510 disceptationis
2934 5436 3104 5491 Grzcci
3133 5448 3187 5492 et
3217 5442 3579 5510 quorumdam

249 5538 263 5549 ο
351 5506 518 5560 τατου
563 5506 962 5575 μητροπολίτου
1007 5506 1426 5578 Θεσσαλονίκὴς,
1485 5506 1869 5577 κυροιῖΝείλοι

354 5578 690 5630 l’rincintum
726 5578 887 5630 huius
922 5575 1172 5630 Epistolas
1203 5593 1307 5630 non
1329 5589 1411 5630 est
1442 5596 1469 5630 ιι
1505 5579 1720 5630 verbis:
1767 5577 1831 5629 'H
1860 5580 1869 5626 ί

2021 5506 2395 5574 καλδηναρίων
2428 5506 2830 5630 (εανιίἰηαίὶιιᾝ
2858 5517 3019 5574 atque
3055 5506 3307 5577 excerpta
3335 5509 3580 5576 quit-dam

2023 5577 2200 5630 eiusd.
2231 5578 2608 5630 armimentiex
2638 5578 2757 5629 aliis
2835 5578 2889 5629 ili
2920 5577 3142 5630 scriptis
3166 5590 3219 5630 et
3246 5578 3489 5630 libellum
3516 5579 3580 5630 de

354 5578 690 5641 Principium
726 5578 887 5646 hujus
922 5575 1172 5646 Epistolas
1203 5593 1307 5630 non
1329 5575 1411 5631 est
1442 5596 1469 5631 a
1505 5575 1720 5631 verbis:
1767 5577 1831 5629 'H
1860 5578 1916 5629 δὲ
2023 5577 2200 5645 ejusd.
2231 5578 2608 5645 argumentiex
2638 5578 2757 5629 aliis
2783 5575 2889 5630 Nili
2920 5577 3142 5646 scriptis
3166 5575 3489 5633 etilihellunt
3516 5579 3584 5633 de

352 5648 503 5698 αἰτία
536 5646 670 5713 δήλη
694 5645 759 5716 διξ
789 5642 858 5714 ἣν
879 5642 980 5698 καί
1022 5642 1121 5698 ὧδε
1146 5649 1423 5705 τέτακται,
1460 5658 1514 5699 ιιι
1545 5650 1691 5716 legas
1742 5649 1797 5699 itt
1830 5663 1922 5715 ap-

2028 5642 2152 5711 ignc
2196 5642 2529 5716 purgatorio,
2566 5646 2810 5715 ejusdem
2840 5642 3178 5701 utcredibile
3203 5659 3303 5713 est,
3324 5648 3451 5712 Nili,
3474 5646 3582 5709 nisi

355 5717 584 5785 pendice
615 5716 682 5767 ad
718 5714 777 5769 ν.
802 5717 863 5768 (1.
888 5716 1037 5769 Guil.
1066 5716 1253 5769 CaVei.
1284 5717 1415 5769 Hist.
1449 5714 1793 5777 litterariam,
1827 5714 1920 5769 scd
2032 5716 2212 5769 Marco
2252 5715 2487 5782 Ephesio
2510 5714 2661 5768 illum
2705 5718 2948 5770 tribuere
2996 5719 3171 5772 malis.
3206 5716 3397 5770 Latine
3430 5717 3587 5771 deni-

357 5788 521 5839 Verba
544 5786 633 5836 illa
662 5786 874 5837 librarii
925 5797 1089 5850 sunt,
1138 5788 1335 5852 quibus
1375 5788 1654 5848 rationem]
1704 5787 1926 5838 nmuil’e-

1783 5787 1926 5838 mil'e-
2035 5802 2141 5847 quc
2177 5785 2459 5846 subiunxit
2492 5787 2803 5841 Excerotae
2828 5787 3038 5843 svnodo
3069 5788 3403 5841 Florentino.
