4102 6294
321 366 425 429 677
1755 368 1980 431 ΝΟΊΊΤ
1992 370 2009 428 Ι
2022 370 2082 430 Α.
3454 360 3561 427 6⁸78

321 478 489 532 etiam
526 478 849 549 opusculum
878 480 1136 538 Matthiae
1174 486 1250 554 (li)
1279 484 1527 553 Illyricus
1579 495 1797 536 versum
1845 495 1915 534 ex
1972 476 2163 533 Grzeco
2207 474 2260 529 iu
2318 472 2572 527 Latinum
2629 486 2938 527 sermonem
2984 472 3172 537 vertit,
3216 483 3291 529 ut
3366 477 3562 530 scribit

320 566 649 635 epitomator
700 566 1089 624 Gesnerianus.
1144 570 1257 626 lloc
1293 569 1623 625 scliismatici
1654 571 1715 636 li)
1736 581 1875 636 opus
1900 568 2080 635 negari
2114 579 2220 619 non
2253 571 2432 633 potest
2463 578 2490 614 ιι
2530 576 2759 622 veneno,
2792 577 2968 630 eoque
2995 579 3253 631 perquam
3300 563 3560 632 pestifero

329 651 534 705 sutlusa
556 652 736 723 lingua
797 655 1060 713 dictatum
1099 656 1287 721 fuisse,
1332 657 1564 726 ideoque
1591 654 2030 724 acceptissimum
2075 650 2345 705 haereticis
2373 649 2688 703 accessisse.
2732 647 2834 702 Sed
2860 665 2997 717 quas
3053 650 3142 703 ille
3184 650 3554 719 blaspliemias

322 741 377 792 in
437 739 735 793 Romanam
762 741 1057 796 Erclesiam
1109 744 1337 810 evomit,
1364 752 1419 797 et
1449 727 1790 812 argumenta,
1819 741 2022 809 quibus
2046 739 2099 792 in
2120 739 2226 792 illis
2246 735 2668 791 disseminandis
2689 736 2918 790 ell‘uudit
2969 736 3243 799 tenebras,
3302 754 3332 792 a
3368 737 3558 791 multis

320 834 541 902 explosa
597 842 725 889 sunt
756 835 809 889 in
864 837 978 906 ipsa
1009 836 1322 893 Florontiua
1380 838 1611 908 synodo,
1645 846 1697 889 et
1730 845 1851 906 post
1905 834 2174 905 synodum
2228 833 2294 886 ab
2326 832 2447 884 aliis
2492 832 2748 901 perdocte
2806 842 2968 902 atque
3022 836 3267 899 erudite;
3320 845 3377 890 et
3417 850 3559 891 num'

319 921 537 976 demum
578 924 643 991 υ)
685 923 953 977 inﬁrmata
1001 935 1161 993 atque
1194 926 1463 996 perfracta
1494 924 1740 977 funditus
1777 931 1906 975 sunt
1938 937 1967 975 a
1995 920 2202 974 Joanne
2228 917 2489 970 Mattlisao
2518 917 2884 989 CaryOpbyllo
2925 921 3181 990 episcopo
3205 914 3560 977 lconiensi‘in

316 1006 707 1064 Confutatione
750 1010 855 1065 Nili
884 1010 1407 1077 Thessalonicensis,
1441 1012 1589 1066 edita
1639 1010 1862 1065 l'arisiis
1886 1008 2072 1064 Greece
2112 1017 2166 1061 et
2195 1006 2410 1069 Latine,
2486 1005 2641 1067 1662,
2699 1010 2751 1060 in
2809 1010 2861 1061 8.

390 1100 522 1167 Quae
560 1103 677 1172 ipse
699 1103 833 1168 vidi,
870 1116 999 1159 sunt
1028 1122 1042 1158 :
1074 1106 1303 1159 Βιϐλίων
1335 1108 1477 1157 κατὰ
1506 1106 1778 1166 Λατίνων,
1812 1105 1870 1155 ὲν
1895 1094 1937 1167 ᾧ
1968 1118 2005 1151 π

1968 1102 2291 1170 περιέχεται
2323 1101 2633 1168 ἀπάντησις
2662 1103 2801 1170 πρὸς
2842 1102 3107 1164 Λατίνους
3151 1102 3340 1174 ὥσπερ
3375 1105 3561 1173 ἐγχει-

322 1187 487 1257 ρίδιόν
507 1207 560 1242 τι
592 1191 957 1259 προκείμενον
985 1194 1099 1256 τοῖς
1128 1194 1476 1263 βουλομένοις
1505 1192 1874 1259 ἀγωνίζεσθαι
1906 1208 1942 1240 π

1942 1189 2041 1257 πρὸς
2073 1187 2338 1249 ἐκείνους·
2377 1188 2634 1241 Adversus
2664 1185 2883 1241 Latinos
2922 1191 3141 1242 certatio
3180 1190 3350 1244 instar
3373 1178 3562 1244 Euclii-

320 1276 465 1338 ridii,
494 1274 601 1329 illis
630 1280 947 1344 deserviens,
970 1281 1059 1348 qui
1082 1295 1203 1333 cum
1226 1281 1415 1333 eisdem
1445 1288 1752 1331 concertare
1801 1278 1940 1348 cupii

1940 1284 2036 1329 int.
2092 1276 2430 1344 Principium
2470 1293 2482 1328 :
2518 1274 2636 1327 Τῶν
2660 1277 2717 1326 ὲν
2754 1279 2819 1346 τῇ
2867 1276 3117 1347 θεολογίᾳ
3163 1277 3455 1345 δογμάτων
3493 1278 3560 1331 τὰ

324 1363 420 1429 μέν
442 1365 557 1415 ἐστι
593 1364 769 1432 ῥητῶς
801 1366 1053 1431 κείμενα.
1079 1366 1213 1432 Quae
1248 1366 1553 1424 modestius
1584 1368 1801 1419 locutus
1824 1374 1907 1418 est

1948 1364 2079 1431 ipsis
2132 1364 2404 1417 haereticis
2439 1380 2452 1416 :
2483 1377 2660 1429 neque
2702 1363 2845 1416 enim
2903 1364 3020 1431 ipse
3055 1363 3163 1417 vidi
3198 1365 3342 1433 quod
3373 1367 3551 1434 epito—

322 1460 500 1504 mator
538 1452 609 1521 Ui)
638 1452 874 1507 iusulllat
907 1471 920 1506 :
958 1454 1216 1508 Adversus
1245 1470 1398 1524 papa:
1432 1452 1768 1523 tyrannidem
1818 1459 1866 1504 et
1900 1449 2140 1506 Latinos.
2193 1450 2383 1505 Omnia
2447 1453 2556 1503 [uec
2610 1448 2788 1503 Graece
2849 1451 3209 1520 manuscripta
3242 1462 3471 1516 exstant,
3513 1466 3560 1508 et

322 1535 509 1591 Latine
535 1539 672 1591 edita
701 1548 821 1593 sunt
855 1556 1005 1594 versa
1042 1542 1105 1595 ab
1138 1541 1379 1610 Illyrico.
3440 1542 3453 1551 ’

392 1631 529 1701 Περὶ
559 1630 652 1683 τοῦ
684 1633 841 1700 ἀγίου
866 1634 1185 1703 Πνεύματος
1216 1636 1362 1702 λόγοι
1391 1635 1660 1701 Λατίνων,
1697 1634 1757 1700 ἐξ
1786 1629 1860 1686 ὧν
1904 1631 2105 1685 οῐονται
2138 1632 2198 1684 τὸ
2232 1631 2391 1697 ἅγιον
2434 1629 2657 1697 Πνεῦμα
2712 1632 2807 1683 καὶ
2853 1634 2917 1684 ὲκ
2950 1631 3045 1684 τοῦ
3078 1631 3210 1684 Υἱοῦ
3260 1632 3563 1702 ἐκπορευό-

325 1735 503 1790 μενον·
538 1719 615 1773 De
638 1719 841 1791 Spiritu
862 1734 1052 1778 sancto
1079 1734 1395 1794 argumenta
1434 1723 1767 1787 Latinorum,
1797 1722 1982 1792 quibus
2016 1736 2073 1773 se
2095 1721 2455 1772 demonstrare
2497 1725 2709 1786 putant,
2739 1717 2995 1787 Spiritum
3034 1729 3278 1772 sanctum
3331 1735 3394 1773 ex
3421 1717 3559 1773 Filio

320 1824 524 1879 quoque
544 1810 841 1879 procedere.
873 1810 1214 1881 Principium
1245 1830 1258 1866 :
1290 1814 1513 1882 Πρῶτον
1540 1815 1639 1880 μὲν
1674 1810 1881 1881 ἀρχαία
1898 1811 1940 1861 τί

1540 1815 1639 1880 μὲν
1674 1810 1881 1881 ἀρχαία
1898 1808 1993 1887 τίς.
2018 1809 2135 1859 ἐστι
2170 1805 2298 1869 δόξα
2324 1804 2423 1869 τῆς
2454 1802 2751 1873 καθολικῆς
2780 1805 3138 1874 Ἐκκλησίας.

397 1898 537 1963 Πρὸς
570 1894 633 1950 τὸ
662 1899 1058 1967 συμπέρασμα,
1091 1901 1125 1970 ἢ
1166 1903 1296 1973 περὶ
1328 1901 1424 1954 τοῦ
1473 1899 2014 1967 ἀγίου.[ῑνεύματος.

1935 1915 2014 1960 ος.
2075 1896 2251 1961 Λόγος
2290 1898 2361 1956 α’,
2391 1893 2470 1946 Ad
2504 1891 2914 1957 conclusionem,
2946 1895 3051 1947 sive
3099 1895 3159 1946 de
3188 1892 3393 1964 Spiritu
3426 1912 3555 1948 sau-

322 1993 426 2048 cto,
458 1982 740 2054 0ratio(l)
764 1988 958 2055 prium.
983 1988 1319 2066 Principium
1354 2005 1369 2042 :
1407 1990 1518 2042 Καὶ
1548 1985 1723 2040 ταῦτα
1744 1987 1801 2040 δὲ
1832 1986 1865 2056 ἡ
1909 2004 1937 2038 τ

1944 1985 2017 2039 ὦν
2055 1984 2302 2039 Λατίνων
2336 1979 2641 2050 Ἐκκλησία
2665 1980 3037 2051 συνηγοροῦσα
3066 1985 3132 2053 τῇ
3168 1984 3295 2053 δόξῃ
3335 1986 3399 2054 τῇ
3430 1985 3558 2035 ἐαυ-

320 2073 442 2141 τῆς.

402 2158 575 2226 Λόγος
603 2157 667 2225 β’.
708 2157 1049 2227 Principium
1074 2174 1087 2211 :
1132 2156 1257 2209 Ὀτι
1286 2158 1379 2210 καὶ
1405 2159 1438 2225 ἡ
1488 2157 1596 2210 τῶν
1621 2156 1936 2209 ἀποστόλων
1969 2172 2022 2208 πί

708 2157 1049 2227 Principium
1074 2174 1087 2211 :
1132 2156 1257 2209 Ὀτι
1286 2158 1379 2210 καὶ
1405 2159 1438 2225 ἡ
1488 2157 1596 2210 τῶν
1621 2156 1936 2209 ἀποστόλων
1969 2156 2295 2225 παράδοσις.

396 2247 567 2313 Λόγος
591 2252 660 2312 γ’.
703 2245 1081 2313 Principium:
1119 2246 1239 2296 Ἔτι
1263 2262 1324 2310 γε
1362 2247 1469 2314 μὴν
1509 2245 1605 2298 καὶ
1635 2247 1697 2296 ὲκ
1733 2243 1842 2295 τῶν
1872 2245 2016 2312 ἀποφ

748 2245 1081 2313 rincipium:
1119 2246 1239 2296 Ἔτι
1263 2262 1324 2310 γε
1362 2247 1469 2314 μὴν
1509 2245 1605 2298 καὶ
1635 2247 1697 2296 ὲκ
1733 2243 1842 2295 τῶν
1872 2245 2204 2312 ἀποφάσεων
2232 2248 2363 2302 τῶν.

394 2334 565 2400 Λόγος
598 2330 661 2387 δ’.
703 2332 1080 2401 Principium:
1114 2331 1189 2385 Οὐ
1226 2331 1333 2401 μὴν
1363 2332 1499 2384 ἀλλά
1529 2332 1621 2385 καὶ
1652 2332 1759 2383 ἀπὸ
1791 2330 1891 2400 τῆς
1917 2332 2078 2399 ἀγίας
2117 2336 2210 2387 καὶ
2245 2338 2632 2409 οίκουμενικῆς
2657 2340 2899 2395 συνόδου.

396 2424 567 2490 Λόγος
599 2422 659 2475 ε’.
692 2422 1027 2491 Principium
1054 2436 1069 2472 :
1112 2422 1223 2475 Καὶ
1259 2421 1364 2491 μὴν
1389 2422 1483 2474 καὶ
1514 2424 1577 2473 ὲκ
1602 2420 1701 2487 τῆς
1733 2420 1896 2486 ἀγίας
1928 2421 2023 2473 καὶ
2048 2422 2435 2493 οίκουμενικῆς
2464 2425 2630 2495 ἕκτης
2673 2428 2919 2485 συνόδου.

397 2510 594 2572 Λύσεις
624 2510 732 2562 τῶν
761 2509 1080 2579 προτάσεων
1111 2507 1220 2561 τῶν
1255 2508 1523 2574 Λατίνων,
1549 2507 1608 2571 ἐξ
1639 2503 1714 2560 ὧν
1738 2507 1996 2573 συνάγειν
2022 2508 2229 2561 οῐονται
2259 2510 2319 2560 τὸ
2358 2510 2577 2578 Πνεῦμα
2603 2514 2664 2564 τὸ
2696 2514 2851 2579 ἅγιον
2883 2516 2944 2567 ἐκ
2971 2514 3063 2567 τοῦ
3101 2515 3231 2569 Υίοῦ
3264 2517 3562 2587 ἐκπορεύε-

328 2598 469 2653 σθαι·
508 2597 805 2652 Solutiones
844 2596 1258 2666 propositionum
1282 2594 1612 2659 Latinorum,
1635 2596 1822 2663 quibus
1849 2607 1904 2645 se
1932 2594 2238 2648 concludere
2263 2597 2569 2666 opinantur,
2606 2597 2865 2670 Spiritum
2904 2611 3146 2657 sanctum
3175 2619 3236 2656 ea:
3264 2601 3404 2658 Filio
3432 2623 3561 2676 pro-

322 2689 523 2741 cedere.
566 2686 942 2755 Principium:
984 2685 1165 2738 Πάντι
1207 2684 1431 2751 μᾶλλον,
1468 2684 1500 2752 ἦ
1531 2682 1594 2734 τὰ
1622 2681 1850 2734 τοιαῦτα
1886 2684 1942 2748 γέ

792 2686 942 2739 ium:
984 2685 1165 2738 Πάντα
1207 2684 1431 2751 μᾶλλον,
1468 2684 1500 2752 ἦ
1531 2682 1594 2734 τὰ
1622 2681 1850 2734 τοιαῦτα
1886 2684 2082 2748 γένοιτ’
2120 2686 2185 2736 ἂν
2209 2683 2406 2755 ἀληθῆ.

399 2780 522 2833 Ὀτι
549 2778 651 2830 οὐκ
681 2777 800 2829 ἐστι
829 2776 1081 2838 Λατίνοις
1114 2775 1498 2841 συλλογισμοῖς
1536 2773 1844 2844 χρωμένοις
1880 2772 2162 2835 ἀποδεῖξαι
2211 2774 2271 2825 τὸ
2305 2773 2528 2843 Πνεῦμα
2560 2777 2621 2828 τὸ
2655 2778 2813 2844 ᾰγιον
2848 2777 2912 2830 ἐκ
2956 2779 3050 2833 τοῦ
3086 2780 3218 2833 Υἱοῦ
3251 2785 3551 2854 ἐκπορευό-

331 2884 489 2935 μενον
519 2881 531 2896 ο
565 2864 782 2919 Latinos
820 2879 923 2916 non
947 2877 1098 2931 posse
1124 2863 1234 2915 suis
1264 2860 1583 2932 syllogismis
1623 2862 1994 2913 demonstrare
2020 2859 2274 2929 Spiritum
2308 2872 2548 2917 sanctum
2597 2880 2660 2917 ex
2687 2863 2827 2919 Filio
2855 2869 3154 2937 procedere.
3184 2868 3517 2942 Principium
3548 2892 3561 2929 :

330 2955 508 3009 Λοιπά
530 2954 587 3007 δὲ
610 2954 661 3007 oi
690 2950 1060 3019 συλλογισμοὶ,
1078 2946 1158 3011 οἷς
1179 2948 1429 3003 τοσοῦτον
1468 2950 1649 3019 ἰσχύος
1687 2950 1960 3018 μέτεστιν.

405 3050 602 3110 Λύσεις
629 3047 738 3101 τῶν
763 3046 1138 3116 συλλογισμῶν
1169 3048 1278 3099 τῶν
1314 3047 1559 3099 Λατίνων
1593 3047 1721 3116 περὶ
1742 3046 1839 3114 τῆς
1874 3045 2025 3114 ἐκποι

1942 3046 2253 3114 πορεύσεως
2282 3044 2375 3096 τοῦ
2404 3046 2561 3113 ἀγίου
2585 3047 2925 3118 Πνεύματοςο
2961 3048 3257 3105 Solutiones
3279 3068 3562 3122 argumen-

335 3150 509 3191 torum
543 3136 855 3190 Latinorum
881 3135 945 3188 de
986 3135 1309 3203 processiane
1354 3133 1585 3205 Spiritus
1632 3134 1824 3188 sancti.
1870 3132 1955 3186 Pri

1945 3131 2208 3200 incipium
2238 3150 2251 3185 :
2281 3131 2454 3186 Τοῦτο
2482 3134 2540 3186 δὶ
2570 3136 2665 3187 καὶ
2710 3136 2771 3199 ἐξ
2812 3137 3159 3209 ἀντιρῤήτων
3193 3140 3365 3208 λόγων
3400 3142 3560 3211 δῆλόν

330 3234 425 3284 ἔστ
435 3248 505 3284 ιν.

403 3317 511 3370 Τοῦ
536 3314 702 3371 αὐτοῦ
738 3314 870 3386 περὶ⁵
920 3315 1019 3385 τῆς
1046 3314 1429 3386 ἑκπορεύσεως
1466 3316 1563 3370 τοῦ
1619 3316 1776 3385 ἁγίου
1834 3316 2023 3387 Πνιὺμ

1946 3316 2148 3387 ὑματός
2183 3334 2305 3371 τινα
2335 3334 2348 3348 ·
2377 3316 2632 3388 Ejusdem
2676 3320 2742 3374 de
2785 3322 3111 3391 processione
3137 3324 3367 3395 Spiritus
3393 3330 3562 3384 sancti

333 3414 599 3478 excerpta.

403 3500 477 3553 De
501 3498 643 3552 male
682 3497 945 3551 immensa
975 3492 1136 3561 huius
1156 3492 1347 3548 Niliaci
1377 3494 1669 3549 voluminis
1696 3494 1945 3550 Bessario
1992 3495 2289 3552 cardinalis
2321 3496 2465 3567 apud
2519 3498 2848 3569 Syropulum
2891 3501 2946 3556 in
2976 3504 3196 3559 concilii
3253 3505 3559 3562 Florentini

330 3591 461 3643 bist.
502 3594 637 3640 sect.
661 3586 716 3651 6,
753 3600 804 3639 c.
837 3584 1068 3650 12.(m),
1094 3580 1160 3635 ad
1182 3581 1396 3636 Graecos
1416 3598 1431 3635 :
1455 3581 1647 3649 Ὀμως
1677 3582 1727 3634 εί
1757 3582 1816 3634 τὸ
1838 3583 1950 3652 περ

1942 3583 1968 3635 υἱ
2009 3583 2343 3654 προσθήκης*
2367 3583 2517 3652 λέγει
2548 3588 2575 3637 ό
2607 3586 2923 3649 Καόασίλας
2958 3590 3135 3658 φύλλα
3168 3593 3435 3663 τέσσαρα,
3469 3599 3562 3649 καὶ

330 3676 381 3728 oi
412 3674 560 3740 λόγοι
610 3672 703 3735 οὒς
729 3671 958 3741 εἴπομεν
987 3671 1147 3740 ἡμεῖς
1174 3669 1255 3730 είς
1282 3667 1433 3732 αὐτὸ,
1465 3668 1573 3721 εἰσὶ
1608 3668 1813 3736 βιϐλίον
1843 3668 1921 3733 ἓν,
1952 3671 2032 3732 είς
2062 3669 2119 3723 δὲ
2141 3670 2203 3723 τὸ
2226 3672 2359 3740 περὶ
2382 3672 2481 3740 τῆς
2516 3671 2693 3742 δόξης,
2722 3673 2853 3727 ἔνθα
2887 3676 3085 3746 γράφει
3112 3678 3319 3741 ἐκεῖνος
3360 3680 3564 3747 βιϐλίον

328 3764 644 3831 ὁλόκληρον,
680 3761 740 3812 οὐ
771 3756 1116 3827 δυνησόμεθα
1151 3758 1244 3809 καὶ
1278 3756 1438 3824 ἡμεῖς
1460 3757 1658 3821 εἰπεῖν,
1691 3755 1863 3808 πολλὰ
1892 3771 1948 3808 κο

1940 3758 1985 3808 Il
2006 3755 2145 3834 καλά
2167 3770 2180 3785 ·
2215 3755 2321 3809 Nec
2361 3758 2505 3834 enim
2543 3772 2639 3811 nos
2670 3769 2873 3826 oportet
2934 3761 3151 3815 Latinos
3196 3780 3560 3833 expavescere,

322 3852 374 3917 ,ἱ
403 3829 605 3917 quidem
634 3844 929 3901 Cabasilas.
960 3858 1078 3895 cum
1104 3843 1166 3895 de
1205 3842 1562 3895 additamenta
1590 3841 1852 3904 scriberet,
1892 3829 2099 3898 tantum
2139 3844 2294 3897 unius
2332 3829 2452 3896 libri
2488 3843 2618 3911 {alia
2637 3845 2874 3915 implevit
2907 3863 2925 3901 .'
2960 3864 3078 3917 qua
3098 3866 3191 3903 nos
3228 3829 3310 3904 hic
3364 3854 3427 3905 de
3477 3829 3563 3909 eo;

329 3937 447 3989 dem
479 3940 786 4004 argumento
815 3929 1067 3999 fudimus,
1093 3938 1316 3999 surgunt
1344 3928 1412 3981 ad
1473 3926 1733 3983 volumen.
1763 3927 1906 3998 Ergo
1935 3930 2022 3983 ubi
2044 3929 2320 3984 Cabasilas
2337 3931 2507 4000 ipsum
2529 3930 2722 3999 dogma
2756 3931 3075 3988 illustraudo
3103 3936 3367 4006 integrum
3417 3943 3560 3995 codi-

332 4047 445 4086 cem
477 4027 723 4096 confecit,
762 4024 1014 4094 numquid
1042 4038 1134 4076 nos
1157 4023 1212 4075 in
1271 4019 1405 4074 illud
1436 4020 1559 4073 item
1591 4021 1780 4090 dogma
1832 4036 1941 4074 nou
2003 4021 2289 4092 poterimus
2320 4019 2485 4075 multo
2533 4019 2902 4090 praclarioru,
2930 4039 3092 4092 quam
3149 4043 3267 4096 quia
3312 4031 3563 4085 hactenus

332 4117 579 4174 evulaare
595 4114 621 4169 ἵ

401 4135 701 4270 ἕὲίιάινὲτο
730 4197 786 4251 in
822 4194 1125 4266 praegrandi
1173 4193 1280 4247 hoc
1334 4207 1519 4260 opere,
1577 4200 1836 4263 vastaque
1856 4194 2190 4267 ,scriptionis
2244 4198 2388 4255 mole
2416 4200 2691 4269 peregerit
2740 4200 2828 4255 hic
2856 4200 3032 4267 Nilus,
3065 4210 3123 4256 et
3174 4205 3452 4272 quomodo
3505 4208 3560 4262 in

330 4290 468 4346 mari
491 4296 548 4343 et
572 4287 763 4357 pelago
786 4283 1051 4338 malorum
1077 4293 1267 4335 contra
1290 4279 1511 4335 Latinos
1544 4295 1642 4334 sua
1676 4280 1961 4348 direxerit,
1998 4286 2051 4339 iu
2104 4286 2270 4341 corde
2299 4289 2817 4353 concenturiaverit,
2876 4298 2933 4344 et
2984 4291 3196 4359 scripto
3228 4292 3418 4361 copias
3480 4294 3566 4347 in-

329 4376 619 4441 struxerit,
703 4387 812 4426 non
876 4368 1273 4425 inconsiderate
1330 4367 1490 4421 nobis
1571 4367 1816 4423 distinxit
1879 4370 1934 4425 in
1998 4374 2313 4442 protheoria
2370 4374 2534 4445 hujus
2580 4377 2767 4444 oneris
2817 4377 3075 4433 Nicolaus
3129 4378 3381 4435 Cabasila
3431 4381 3573 4438 dicti-

332 4466 440 4521 Nili
490 4478 556 4518 ex
604 4462 771 4516 fratre
837 4471 1037 4525 nepos,
1091 4470 1282 4525 quam,
1359 4469 1429 4508 ne
1475 4454 1529 4508 in
1586 4454 1692 4510 illis
1737 4456 2119 4526 perquirendis
2174 4461 2354 4515 oleum
2404 4474 2461 4516 et
2508 4477 2731 4531 operam
2774 4465 2990 4533 perdas,
3043 4465 3132 4521 hic
3189 4481 3567 4537 apponemus:

337 4556 664 4629 Προθεωρία
689 4550 978 4606 ὲκτεθεῖσα
1007 4550 1195 4618 σαφῶς
1223 4550 1364 4617 ἀγαν
1395 4548 1550 4618 παρὰ
1576 4549 1672 4602 τοῦ
1698 4550 1981 4621 ἀδελφιδοῦ
2007 4555 2099 4607 τοῦ
2148 4554 2246 4625 τὴν
2279 4555 2509 4625 ἀρίστην
2544 4559 2748 4625 ταύτην
2773 4557 3161 4627 πραγματείαν
3217 4561 3579 4629 συστησαμέ-

342 4665 439 4702 νου
464 4646 554 4700 ὃιά
583 4644 832 4715 βραχέων
869 4639 1153 4712 ῥημάτων,
1182 4638 1258 4702 ὡς
1290 4634 1403 4692 οἷόν
1436 4655 1493 4692 τε
1523 4639 1587 4693 τδ
1611 4640 1719 4693 πᾶν
1756 4640 1857 4710 τῆς
1907 4640 2221 4704 ὑποθέσεως
2252 4641 2603 4712 ὲκτιθεμένη.
2661 4643 2834 4697 Τοῦτο
2861 4645 2922 4697 τὸ
2959 4644 3161 4714 βιϐλίον
3191 4646 3424 4716 συνέστη
3466 4648 3580 4716 μὲν.

407 4809 484 4877 (Ιι)
510 4808 749 4863 Flacius.
2003 4803 2250 4877 εει-ιαιὶοᾷ
2266 4803 2459 4877 Videat
2486 4804 2931 4877 _porro_Allatius
2960 4807 3052 4877 qui
3078 4822 3130 4877 p.
3187 4806 3315 4869 858,
3340 4806 3421 4877 iDe
3440 4823 3573 4862 con-

415 4873 476 4948 (ἱ)
514 4877 641 4932 Nili.
683 4946 690 4948 Α
763 4945 786 4948 μ
963 4943 977 4948 _
1039 4942 1072 4948 __
1295 4940 1307 4948 _
1349 4941 1384 4948 __
1435 4942 1472 4948 _
1513 4942 1547 4948 η
1674 4941 1686 4948 _
1733 4943 1744 4948 _
1893 4946 1901 4948 _
2005 4890 2161 4929 sensu
2207 4873 2452 4948 Ecclesia:
2472 4873 2563 4948 Or.
2594 4883 2643 4927 et
2676 4874 2857 4948 Occid.
2892 4873 3013 4930 Nilo
3071 4873 3241 4948 libros
3287 4876 3454 4930 XLIX
3500 4878 3569 4932 de

414 4940 482 5019 (ᾖ
512 4946 721 5002 Insistit
751 4942 1145 5015 Caryophyllus
1174 4940 1417 5012 vestigiis
1435 4941 1770 5007 Bellarmini,
1810 4946 1903 5009 qui
2006 4944 2356 5068 grocessioue
2392 4942 2632 5013 Spiritus
2666 4947 2837 4999 sancti
2885 4957 3075 5000 contra
3108 4946 3328 5000 Latinos
3355 4948 3567 5001 tribuit.

414 5027 535 5068 ntra
556 5016 738 5068 Nilum
759 5016 1021 5068 disuutat.
1051 5013 1150 5067 lib.
1180 5029 1218 5066 ιι
1244 5012 1312 5065 de
1349 5011 1593 5066 Romano
1624 5015 1901 5068 pontiﬁce.
2048 5029 2149 5068 sne
2188 5012 2355 5066 XLIX
2419 5023 2733 5068 araumenta
2795 5014 3113 5068 Latinorum
3173 5016 3458 5068 orounsuit
3513 5027 3567 5068 et

340 5011 535 5074 contra
556 5016 738 5070 Nilum
759 5011 1021 5081 disputat,
1051 5013 1150 5067 lib.
1180 5029 1218 5066 ιι
1244 5012 1312 5065 de
1349 5011 1593 5066 Romano
1624 5015 1901 5080 pontiﬁce,
2006 5011 2149 5068 Sane
2188 5012 2355 5066 XLIX
2419 5011 2733 5082 argumenta
2795 5014 3113 5068 Latinorum
3173 5016 3458 5085 proiinsuit
3513 5027 3571 5070 et

340 5106 391 5140 c.
420 5086 492 5140 29.
529 5096 584 5140 et
604 5086 695 5139 2⁸1.
721 5084 1048 5138 Prodieruut
1107 5082 1232 5135 libri
1270 5081 1381 5135 duo
1409 5081 1511 5135 Nili
1554 5080 1631 5133 De
1672 5084 1904 5140 primatu
2006 5082 2309 5137 dissolvere
2332 5094 2559 5138 conatus
2576 5097 2662 5138 est
2687 5083 2843 5138 Nilus
2874 5084 3050 5139 hocin
3082 5100 3267 5140 onere.
3295 5087 3440 5140 uiiod
3467 5102 3569 5140 ms.

339 5106 391 5143 c.
420 5099 492 5140 Ξτ-
529 5099 695 5140 etzr.
721 5099 1048 5138 Bronterunt
1107 5099 1232 5135 nun
1270 5099 1381 5135 uuo
1409 5099 1511 5135 LVIII
1554 5099 1631 5133 ue
1670 5099 1904 5151 primatu

342 5172 497 5229 papae
527 5157 688 5209 etiam
719 5154 773 5206 in
818 5152 1131 5208 Melchioris
1161 5150 1402 5205 Goldasti
1427 5152 1603 5219 primo
1625 5152 1905 5205 volumine

350 5224 671 5272 Mmmrehia:
722 5222 779 5272 S.
815 5223 1040 5272 Romani
1086 5221 1315 5272 imperii.
1348 5218 1556 5272 Hanov.
1601 5221 1757 5272 1612.
1808 5221 1902 5272 fol.

2006 5099 2309 5137 dissonvere
2332 5099 2559 5138 conatus
2576 5099 2662 5138 eat
2687 5099 2843 5138 unus
2874 5099 2976 5139 uoc
2998 5100 3050 5138 In
3082 5100 3267 5151 opere.
3295 5099 3440 5155 quou
3467 5102 3569 5140 ms.

2005 5162 2179 5207 exstat
2210 5152 2265 5205 in
2291 5151 2425 5206 bibl.
2478 5151 2723 5208 Caesarea
2760 5154 3014 5221 aliisque,
3041 5164 3101 5208 ut
3121 5154 3438 5215 Basileensi,
3476 5155 3572 5208 Ve-

2010 5233 2134 5272 neta
2169 5220 2266 5272 SS.
2288 5221 2514 5272 Joannis
2530 5232 2584 5272 et
2610 5222 2785 5272 Pauli.
2817 5223 3067 5272 aliisune.
3108 5223 3238 5272 Vide
3265 5224 3576 5272 Nessclium

342 5220 671 5281 Blonarchia:
722 5222 779 5277 S.
814 5223 1040 5277 Romani
1086 5221 1315 5290 imperii,
1348 5220 1556 5273 Hanov.
1601 5221 1757 5285 1612,
1808 5221 1902 5274 [οι.

342 5294 699 5369 caryopbylli
716 5303 902 5369 autem
928 5292 1067 5369 liber
1095 5304 1320 5369 recusus
1348 5292 1416 5369 ill
1439 5290 1767 5369 bibliotlieca
1792 5307 1905 5369 ma-

2010 5233 2134 5276 neta
2169 5220 2266 5275 SS.
2288 5221 2514 5275 Joannis
2530 5232 2584 5275 et
2610 5222 2785 5285 Pauli,
2817 5223 3067 5291 aliisque.
3108 5223 3238 5277 Vide
3264 5224 3580 5278 Nessclium

2005 5290 2265 5369 catalogo
2296 5291 2433 5369 _Bib|.
2474 5292 2966 5369 Vindobtp.
3062 5363 3073 5369 _
3125 5362 3136 5369 _
3233 5362 3265 5369 κ
3315 5364 3328 5369 _
3419 5367 3437 5369 _

345 5359 493 5419 sima
525 5359 829 5417 'l‘ontiﬁcia
863 5362 947 5417 Jo.
980 5360 1215 5431 Thomas
1259 5361 1325 5431 de
1379 5360 1687 5431 Rocabe‘rti‘
1722 5360 1901 5431 archi-
2044 5429 2051 5431 ξ
2080 5362 2176 5429 (in)
2205 5359 2260 5412 lu
2296 5359 2535 5431 historia
2556 5361 2777 5431 concilii
2837 5361 3136 5431 Florentini
3174 5379 3202 5416 a
3233 5362 3368 5417 Rob.
3404 5367 3571 5431 Croys

338 5434 583 5503 episcopi
609 5427 1441 5503 Valentini,_t01n0_XlV,_Rom.
1475 5428 1634 5491 1698,
1667 5429 1763 5503 fol.
1887 5498 1900 5503 _
2008 5427 2235 5503 ghtono,
2261 5428 2405 5503 edita
2441 5430 2647 5503 p.160,
2674 5429 3092 5503 Nili_Cabasila2
3130 5434 3333 5486 mentio
3372 5434 3429 5487 lit
3483 5427 3577 5486 liis

414 5501 488 5572 (lt)
513 5497 852 5572 Epitomator
883 5500 1114 5572 Gesneri
1140 5500 1278 5552 Bibl.
1316 5497 1602 5572 Simleru‘s,
1631 5500 1724 5572 qui
1761 5498 1904 5568 quod
2008 5497 2034 5552 ν

2008 5497 2188 5572 uerbis
2211 5497 2510 5572 εςΈχομενΔ
2523 5500 2577 5550 δὲ
2604 5502 2684 5560 είς
2709 5500 2888 5572 codro
2910 5502 3262 5572 παράδειγμα
3288 5506 3378 5555 τὸν
3411 5503 3578 5570 ἅγιον

340 5567 530 5627 omnia
560 5567 655 5625 illa
680 5571 785 5625 Nili
816 5585 981 5641 versa
1002 5569 1191 5627 Latine
1209 5580 1263 5641 e_t
1294 5568 1439 5621 edita
1460 5569 1529 5641 ab
1550 5568 1762 5641 Illyrico
1781 5567 1905 5624 esse

2008 5571 2099 5621 τὸν
2133 5568 2453 5641 Καϐασλίλαν
2487 5567 2545 5631 ὃς
2595 5570 2731 5638 μετά
2766 5570 2826 5621 τὸ
2879 5567 3091 5637 ἐλέγξαι
3114 5567 3203 5624 διά
3234 5572 3441 5625 πολλῶν
3461 5567 3576 5641 τὴν

342 5641 559 5704 scribit,
590 5642 802 5705 miror;
846 5640 1117 5711 neminem
1158 5639 1303 5691 enim
1340 5639 1515 5711 reperi
1549 5637 1649 5711 ‘qui
1688 5639 1778 5711 illa
1817 5640 1895 5692 vi—

1688 5639 1778 5711 ilia
1817 5640 1895 5692 vi-
2002 5641 2102 5709 τῆς
2124 5637 2308 5711 δόξαν,
2329 5638 2558 5707 ὔστερον
2586 5637 2753 5711 χωρεῖ
2781 5642 2921 5693 κατά
2942 5644 3289 5711 προσθήκης.

341 5711 512 5771 derit,
540 5721 736 5779 pra-ter
760 5711 962 5763 librum
981 5708 1047 5761 de
1066 5723 1175 5770 quo
1194 5706 1609 5779 supr-aditi!»
1638 5710 1896 5773 primatu.
2058 5706 2155 5776 tn)
2190 5712 2244 5779 lu
2271 5706 2471 5779 (ξι-ιι·οο
2494 5706 2623 5762 οειέ
2659 5709 2899 5779 Quatuor
2926 5706 3052 5778 folia
3088 5706 3343 5774 implevit.

424 5780 487 5849 (ί)
518 5774 685 5848 Λόγος
713 5784 915 5833 rectius
967 5779 1190 5830 fortasse
1225 5776 1469 5829 redditur
1495 5774 1622 5829 liber
1650 5780 1762 5831 sive
1797 5780 1903 5830 dis-
2081 5774 2153 5848 to)
2188 5777 2241 5830 lu
2282 5776 2468 5831 Graeco
2501 5789 2621 5833 est:
2685 5778 2848 5834 Multa
2885 5774 2946 5833 ac
2974 5782 3253 5849 prteclara.
