4102 6294
583 362 690 426 679
1713 364 1948 428 NlLUS
1983 363 2760 426 TllESSALONICENSIS.
3206 362 3215 368 ”
3709 362 3798 426 6ἓο

583 479 730 533 κατὰ
756 477 854 550 τῆς
886 479 996 532 τῶν
1033 479 1283 535 Λατίνων
1313 480 1692 550 καινοτομίας,
1727 482 1889 552 τηρεί
1932 479 1990 532 δέ
2019 479 2240 549 ἐκείνην
2265 478 2365 550 τὴν
2397 479 2576 544 τάξιν,
2629 482 2740 533 τῶν
2778 480 2954 548 λόγων
2983 477 3316 534 ἐκτεθέντων
3343 478 3622 544 ἁπάντων,
3647 480 3711 534 δι’
3736 475 3791 533 Gn

583 570 807 623 Λατῖνοι
836 569 1234 639 συμπεραίνειν
1268 567 1491 622 δοκοῦσι
1524 567 1622 637 τὴν
1647 568 1707 619 ἐν
1733 568 1811 637 τῷ
1843 566 2104 636 συμϐόλῳ
2126 567 2467 638 προσθήκην.
2506 568 2730 637 Πρῶτον
2770 567 2871 636 μὲν
2901 567 3040 635 πρὸς
3075 567 3136 619 τὸ
3165 565 3542 635 συμπέρασμα
3567 565 3678 618 τῶν
3707 568 3790 620 Λα-

581 655 746 708 τίνων
773 656 798 708 ὀ
838 655 1020 722 λόγος,
1045 657 1104 708 τὸ
1129 657 1512 723 ἀντικείμενον
1539 653 1689 726 αὖτῷ
1715 654 1804 707 διὰ
1841 655 2062 707 πάντων
2094 653 2296 724 ἀληθὲς
2331 653 2496 718 εἶναι,
2533 654 2797 708 δεικνύων
2825 655 2888 706 ἐκ
2923 655 3085 722 μόνου
3117 651 3212 706 τοῦ
3263 653 3474 720 [ἰατρὸς
3526 654 3794 724 ἐκπορεύε-

585 743 712 794 σθαι
747 740 810 793 τὸ
844 742 1000 810 ἁγιον
1035 744 1284 812 Πνεῦμα,
1318 743 1560 796 δείκνυσι
1591 741 1647 795 δέ
1680 743 2010 813 μαρτυρίαις
2043 741 2143 812 τῆς
2175 741 2335 809 ἁγίας
2371 741 2615 812 Γραφῆς,
2649 742 2744 794 καὶ
2767 739 2876 792 τῶν
2899 740 3070 806 ἁγίων
3102 739 3385 809 Πατέρων,
3425 733 3505 802 οἷς
3539 739 3796 816 πιστεύειν

582 837 775 907 ὥσπερ
807 839 960 907 ἡμῖν,
997 835 1139 889 οὕτω
1173 839 1268 888 καὶ
1296 835 1547 897 Λατίνοις
1586 834 1829 906 ἀνάγκη·
1880 836 1987 887 ἀπὸ
2023 835 2132 904 γὰρ
2165 834 2273 886 τῶν
2313 833 2547 904 πρῶτων
2597 833 2912 886 ὑποθέσεων
2946 833 3045 902 τῆς
3079 833 3339 897 πίστεως,
3377 832 3486 884 τῶν
3533 835 3798 907 κυριακῶν

583 927 679 976 καὶ
709 906 1086 977 ἀποστολικῶν
1115 923 1313 989 λόγων,
1352 922 1446 975 καὶ
1473 923 1582 975 τῶν
1613 922 2014 988 οίκουμενικῶν
2042 921 2299 983 συνόδων,
2328 921 2423 973 καὶ
2466 920 2577 972 τῶν
2608 920 2876 990 διαδόχων
2904 919 3013 972 τῶν
3049 919 3388 979 ἀποστόλων.
3423 921 3516 971 καὶ
3553 906 3800 985 θεολόγων

582 1013 770 1079 σχεδὸν
798 1012 1058 1064 ἁπάντων
1089 1010 1186 1081 τὴν
1225 1010 1487 1080 ἀλήθειαν
1520 1009 1885 1080 συμπεραίνει
1915 1009 1976 1060 τὸ
2017 1007 2239 1076 Πνεῦμα
2269 1008 2328 1060 τδ
2355 1009 2508 1075 ἆγιον
2564 1011 2629 1060 ἐκ
2700 1008 2862 1076 μόνου
2894 1006 2988 1059 τοῦ
3024 1005 3239 1076 Πατρὺς
3267 1006 3364 1075 τὴν
3393 1005 3624 1074 ὕπαρξιν
3653 1007 3800 1074 ἔχειν.

579 1101 785 1152 Τούτου
823 1100 879 1151 δὲ
911 1099 1221 1168 δειχθέντος
1261 1102 1317 1151 ἐν
1351 1098 1515 1151 πέντε
1545 1099 1748 1166 λόγοις,
1786 1097 1880 1151 ἐπὶ
1907 1098 2003 1158 τὰς
2038 1095 2332 1165 προτάσεις
2359 1097 2547 1164 χωρεῖ,
2581 1094 2740 1146 τοῦτο
2777 1095 2883 1163 γάρ
2935 1096 3162 1163 ἀρχαῖον
3219 1093 3341 1154 ἔθος
3395 1094 3459 1162 τῇ
3492 1093 3802 1162 Ἐκκλησία,

527 1174 534 1178 ’
579 1187 800 1239 ἐπειδάν
831 1188 970 1257 ὑπὲρ
997 1186 1106 1241 τῶν
1136 1186 1312 1256 ὀρθῶν
1337 1185 1631 1254 δογμάτων
1658 1187 1771 1247 τοῖς
1828 1185 2128 1253 αἱρετικοίς
2166 1181 2404 1249 πολεμῇ,
2437 1180 2710 1234 δεικνύναι
2740 1181 2957 1250 πρῶτον
2981 1181 3078 1251 τὴν
3099 1178 3272 1249 ἀληθῆ
3306 1181 3432 1249 περὶ
3470 1179 3606 1231 Θεοῦ
3641 1178 3800 1242 δόξαν,

576 1275 768 1326 ἔπειτα
814 1275 914 1336 τὰς
944 1273 1053 1327 τῶν
1081 1274 1478 1344 ἀντικειμένων
1511 1273 1662 1326 λύειν
1688 1273 1992 1335 ἐνστάσεις,
2024 1271 2051 1323 ὃ
2087 1271 2332 1336 μάλιστα
2359 1269 2596 1339 φανερὸν
2637 1269 2707 1321 τὰ
2757 1269 3046 1338 Πρακτικὰ
3076 1268 3184 1321 τῶν
3233 1267 3635 1336 οἰκουμενικῶν
3679 1267 3800 1319 διε).-

576 1367 732 1421 θοῦσι
767 1367 1024 1421 συνόδων.
1069 1368 1223 1421 Ἐπεὶ
1258 1368 1314 1421 δὲ
1345 1369 1400 1419 ai
1450 1367 1751 1438 προτάσεις
1783 1366 2049 1430 Λατίνων,
2084 1366 2140 1417 αἱ
2192 1365 2290 1434 μὲν
2317 1363 2426 1416 ἀπὸ
2456 1363 2557 1430 τῆς
2604 1363 2759 1430 ἱερᾶς
2794 1361 3022 1430 Γραφῆς
3076 1362 3172 1412 καὶ
3204 1360 3321 1413 τῶν
3343 1345 3636 1426 θεολόγων,
3675 1360 3799 1412 αἰδὲ

575 1457 684 1510 ἀπὸ
720 1457 998 1525 λογισμῶν
1026 1455 1405 1527 ἀνθρωπίνων,
1441 1459 1536 1511 καὶ
1570 1455 1698 1525 περὶ
1726 1456 1792 1508 τὰ
1815 1455 1943 1508 ὄντα
1987 1452 2243 1523 γνώσεως
2271 1454 2410 1505 εἰσὶν
2473 1449 2828 1520 είλημμέναι,
2859 1449 3036 1509 διττὸς
3061 1449 3156 1500 καὶ
3185 1450 3214 1500 ό
3269 1449 3406 1517 πρὸς
3462 1449 3635 1508 αὑτὰς
3665 1443 3800 1509 οὗτος

573 1543 754 1609 λόγος,
779 1546 870 1595 καὶ
900 1545 928 1596 ό
960 1543 1060 1612 μὲν
1088 1543 1331 1595 δείκνυσι
1354 1542 1466 1596 τῶν
1494 1543 1653 1596 θείων
1679 1542 1898 1596 ἐννοιῶν
1929 1543 2027 1604 τῆς
2050 1541 2270 1609 γραφῆς
2302 1537 2835 1607 καταψευδομένους,
2867 1536 2961 1588 καὶ
2987 1534 3108 1597 τοὺς
3141 1535 3410 1602 [Ιατέρας.
3437 1535 3506 1587 δι’
3535 1527 3612 1587 ὧν
3646 1535 3797 1601 ἐγρα-

573 1631 706 1696 ψαν,
740 1631 1008 1700 μηδεμίαν
1052 1629 1302 1700 βοήθειαν
1336 1630 1542 1683 διδόναι
1571 1630 1849 1692 Λατίνοις,
1873 1629 2001 1691 τοὺς
2028 1628 2084 1680 δέ
2119 1629 2359 1690 ἀτόπους
2383 1624 2778 1694 συλλογισμοὺς
2810 1623 2870 1674 τὸ
2919 1621 3177 1690 δεύτερον
3208 1620 3423 1689 ἐλέγχει
3456 1620 3682 1688 βιϐλίον.
3727 1622 3800 1684 Ὠς

574 1718 640 1770 ἂν
660 1718 718 1770 δέ
751 1717 1087 1788 πανταχόθεν
1124 1719 1374 1789 ἀναφανῇ
1406 1721 1505 1788 τὴν
1535 1718 1794 1787 ἀλήθειαν
1823 1715 1941 1786 μεθ’
1971 1715 2131 1785 ήμῶν
2158 1713 2323 1780 εῖναι,
2355 1717 2450 1769 καὶ
2481 1712 2782 1784 μαρτυρίαι
2805 1710 3183 1781 προετέθησαν
3211 1710 3321 1764 ἀπὸ
3347 1710 3454 1762 τῶν
3487 1709 3801 1780 Πρακτικῶν

573 1809 672 1875 τῆς
695 1806 1086 1876 οίκουμενικῆς
1143 1806 1337 1873 ὀγδόης
1390 1806 1635 1872 συνόδου,
1673 1806 1741 1860 δι’
1792 1801 1867 1858 ὧν
1921 1807 2174 1874 φαίνεται
2235 1801 2423 1873 κοινὴν
2452 1800 2706 1869 γενέσθαι
2738 1799 2896 1862 δόξαν
2954 1801 3054 1865 τῆς
3117 1798 3447 1867 Ἐκκλησίας
3482 1799 3800 1868 ἁπάσης,τδ

574 1899 803 1970 Πνεῦμα
827 1899 888 1951 τὸ
919 1898 1076 1967 ᾶγιον
1109 1900 1171 1950 ἐκ
1209 1899 1371 1968 μόνου
1402 1898 1496 1951 τοῦ
1529 1900 1743 1968 [ἰατρὸς
1774 1897 1872 1969 τὴν
1910 1896 2150 1966 ὕπαρξιν
2180 1895 2344 1965 ἐχειν.
2392 1895 2518 1946 Ἐπὶ
2563 1895 2672 1962 γὰρ
2713 1893 2960 1964 βασιλεία
2986 1892 3080 1946 τοῦ
3110 1893 3442 1955 Μακεδόνος,
3477 1893 3576 1944 καὶ
3604 1894 3799 1945 dtuli-iw

573 1989 934 2056 πατριάρχου,
977 1989 1071 2040 καὶ
1106 1988 1308 2041 πάππα
1341 1986 1619 2051 Ἰωάννου,
1653 1987 2046 2056 οίκουμενικῆς
2098 1985 2241 2038 κατὰ
2267 1982 2366 2052 τὴν
2405 1981 2820 2035 Κωνσταντίνου
2858 1980 3014 2034 πόλιν
3074 1980 3542 2050 συγκροτηθείσης
3574 1981 3798 2040 συνόδου.

572 2078 667 2128 καὶ
701 2077 854 2144 κοινῇ
896 2076 1024 2142 περὶ
1053 2077 1150 2143 τῆς
1175 2074 1556 2144 ἐκπορεύσεως
1585 2074 1680 2126 τοῦ
1714 2074 1872 2140 ἁγίου
1899 2072 2220 2140 Πνεύματος
2255 2067 2606 2138 σκεψαμένης
2645 2068 2912 2138 ἀνεφάνη,
2956 2069 3054 2144 τῂν
3090 2067 3411 2137 προσθήκην
3441 2069 3552 2120 τῶν
3577 2069 3799 2121 Λατίνων

569 2163 772 2216 ἄτοπον
803 2140 1488 2228 είναι,ήκαὶνὰναθέματος,
1528 2162 1622 2213 κιῑι)⁵
1670 2161 1780 2213 τῶν
1818 2159 2077 2212 τοιούτων
2108 2156 2286 2220 ἀξίαν.
2354 2158 2468 2225 Ἐφ’
2490 2153 2558 2228 ἧς
2591 2158 2657 2210 τά
2707 2140 3012 2226 πράγματα
3065 2157 3165 2226 τῆς
3193 2156 3527 2223 Ἐκκλησίας
3555 2157 3798 2218 κατέστη,

572 2251 664 2300 καὶ
702 2250 926 2318 Γραῖκοὶ
956 2249 1209 2311 Λατίνοις
1243 2249 1535 2300 ἐπείσαντο
1556 2247 1657 2317 τὴν
1683 2247 2004 2316 προσθήκην
2039 2244 2148 2298 ἀπὸ
2178 2242 2273 2295 τοῦ
2305 2244 2577 2314 συμϐόλου
2620 2245 2983 2315 περιελοῦσιν.
3009 2244 3164 2297 Ἐπεὶ
3211 2245 3267 2296 δὲ
3310 2243 3632 2304 διαστάντες
3663 2240 3799 2304 αὖθις

571 2341 758 2406 χεῖρον
826 2337 1136 2405 ήνώθησαν,
1163 2338 1258 2389 καὶ
1289 2337 1388 2404 τῆς
1427 2335 1705 2405 ἡμετέρας
1733 2335 2066 2404 Ἐκκλησίας
2097 2335 2130 2404 ή
2163 2331 2416 2403 βδελυρία
2468 2333 2728 2402 καταχέει
2783 2333 3048 2395 Λατίνων,
3103 2330 3237 2386 ἄλλα
3278 2347 3338 2382 τε
3377 2331 3520 2384 καλά
3551 2330 3657 2382 τῶν
3684 2328 3799 2397 παρ’

570 2428 701 2491 ἡμῖν
731 2425 881 2492 παρὰ
912 2425 1023 2475 τῶν
1055 2423 1360 2492 τηνικαῦτα
1412 2423 1734 2493 προστατῶν
1787 2421 2076 2490 διεφθάρη,
2101 2421 2199 2472 καὶ
2233 2420 2390 2472 τούτο
2439 2419 2500 2471 τὸ
2552 2419 2760 2488 βιϐλίον
2815 2420 3090 2489 ἠφανίσθη
3120 2420 3230 2472 τῶν
3274 2418 3689 2488 ὑπομνημάτων
3715 2422 3799 2486 τῆς

567 2511 961 2581 οἰκούμενικῆς
999 2511 1205 2580 ταύτης
1243 2511 1490 2574 συνόδου,
1524 2511 1835 2578 φευγόντων
1873 2511 1964 2562 τὸν
1996 2509 2214 2577 ἔλεγχον
2255 2507 2366 2560 τῶν
2427 2507 2663 2571 ἐκεῖθεν,
2719 2507 2900 2560 καίτοι
2967 2511 3062 2560 καὶ
3096 2510 3323 2570 κανόνες
3360 2507 3489 2576 παρ’
3519 2507 3654 2576 ήμῖν
3680 2508 3799 2557 εἰσιν

565 2601 956 2668 οἰκουμενικῆς
992 2599 1188 2666 ὀγδόης
1221 2597 1465 2661 συνόδου,
1498 2599 1592 2650 καὶ
1619 2597 1841 2649 Λατῖνοι
1884 2595 2154 2663 γενέσθαι
2215 2593 2432 2647 σύνοδον
2489 2595 2879 2665 οἰκουμενικὴν
2937 2595 3130 2666 ὀγδόην
3177 2597 3556 2666 ὁμολογοῦσιν.
3582 2602 3732 2655 Οῦτω
3753 2599 3799 2651 δὲ

565 2687 663 2738 τοῦ
701 2686 907 2756 βιϐλίου
935 2687 1032 2751 τῆς
1061 2687 1204 2738 κατὰ
1230 2687 1330 2755 τὴν
1369 2685 1588 2737 σύνοδον
1615 2684 1822 2753 ταύτην
1880 2683 2122 2754 ἱστορίας
2180 2681 2595 2752 ἀφανισθέντος,
2642 2684 2802 2750 ὀλίγα
2830 2681 2954 2736 τινὰ
3007 2684 3148 2753 μέρη
3177 2685 3647 2756 παραλειφθέντα,
3681 2687 3799 2742 ἄλλα

565 2774 866 2844 ἀλλαχόθεν
903 2773 1232 2840 συναγαγὼν
1269 2771 1345 2842 τῷ
1375 2772 1521 2825 κατὰ
1568 2772 1676 2826 τῶν
1717 2773 1967 2825 Λατίνων
2015 2773 2359 2841 συντάγματι
2411 2771 2726 2841 παρέθηκεν
2756 2773 2783 2824 ὀ
2841 2771 3112 2842 μακάριος
3165 2772 3378 2837 Νεῖλος,
3432 2778 3460 2827 ό
3493 2777 3620 2828 τόδε
3661 2793 3798 2844 ποιη-

567 2863 802 2931 σάμενος
853 2861 913 2914 τὺ
965 2861 1201 2930 βιϐλίον,
1264 2861 1339 2924 ὡς
1383 2861 1636 2929 ἐναργεῖς
1690 2859 2001 2931 μαρτυρίας
2051 2858 2152 2929 τῆς
2199 2860 2476 2929 ἀληθείας.
2533 2862 2787 2914 Φαίνεται
2843 2862 2952 2932 γάρ
2996 2863 3104 2915 ἀπὸ
3152 2863 3358 2916 τούτων
3423 2865 3688 2935 συστῆναι
3746 2879 3798 2916 τε

563 2951 951 3021 οἰκουμενικὴν
999 2949 1260 3014 σύνοδον,
1321 2948 1404 3018 ἐφ’
1456 2943 1532 3002 ὧν
1584 2949 1721 3020 ἔφην
1787 2951 2042 3019 χρόνων,
2114 2949 2209 3002 καὶ
2264 2949 2364 3015 τὴν
2420 2949 2748 3018 προσθήκην
2801 2950 3049 3002 Λατίνων
3115 2950 3208 3002 τοῦ
3265 2953 3365 3020 τῆς
3417 2953 3661 3016 πίστεως
3716 2969 3797 3003 πε-

572 3038 921 3109 ριαιρεθῆναι
973 3038 1248 3106 συμϐόλου
1277 3076 1292 3101 ,
1351 3039 1446 3090 καὶ
1503 3037 1603 3106 τὴν
1652 3036 2008 3105 συμφωνίαν,
2071 3035 2163 3087 καὶ
2216 3035 2314 3106 τὴν
2351 3038 2594 3106 -είρήνην
2636 3038 2742 3089 τῶν
2790 3038 3097 3106 ἐκκλησιῶν
3155 3040 3246 3091 ἐπὶ
3289 3039 3498 3102 τούτοις
3539 3043 3796 3107 γενέσθαι.

566 3128 658 3182 Sic
681 3126 1016 3180 schismatici
1043 3126 1328 3180 celebrant
1361 3140 1459 3179 sua
1490 3123 1724 3187 Pitheia,
1754 3125 1859 3178 etsi
1895 3122 2101 3178 fuerint
2158 3122 2418 3179 aliinitate
2461 3126 2720 3192 devincti,
2755 3134 2848 3178 aut
2878 3125 2988 3179 alio
3051 3126 3337 3195 dignitatis
3385 3129 3550 3182 titulo
3619 3130 3796 3192 innixi,

565 3216 764 3268 mirum
799 3225 903 3277 est,
944 3222 1210 3283 quantum
1249 3222 1591 3283 turgescant,
1622 3223 1676 3267 et
1702 3215 1857 3282 quasi
1903 3213 2007 3266 alis
2045 3211 2381 3266 subannexis
2420 3213 2484 3265 ad
2520 3213 2712 3267 altiora
2746 3214 3037 3282 repentino
3072 3214 3286 3282 impetu
3315 3219 3626 3284 pervolent.
3660 3231 3713 3272 et
3739 3218 3796 3271 ad

561 3303 743 3355 abdita
773 3317 1002 3369 quaeque
1026 3301 1255 3353 aliorum
1289 3309 1596 3365 penetrent,
1619 3310 1676 3354 et
1698 3309 1849 3354 extra
1875 3299 2126 3368 proprios
2148 3299 2350 3352 limites
2373 3299 2684 3352 subsultent
2711 3319 2725 3354 :
2761 3300 2898 3355 adeo
2933 3315 2990 3354 ut
3012 3301 3254 3356 insanire
3302 3319 3445 3373 saepe
3495 3309 3697 3377 saepius
3726 3322 3795 3359 re-

562 3391 863 3458 periantur.
899 3389 1029 3454 Quis
1055 3389 1305 3443 crederet
1325 3389 1506 3442 Nilum
1543 3390 1689 3442 hunc
1715 3389 2285 3451 Thessalonicensem,
2340 3388 2408 3442 de
2477 3389 2823 3457 processione
2878 3389 3117 3458 Spiritus
3147 3408 3174 3444 a
3221 3392 3378 3446 Patre
3420 3396 3540 3448 solo
3568 3397 3793 3449 scriben-

564 3492 670 3547 tem
707 3478 760 3528 in
788 3492 850 3530 ea
887 3476 1291 3530 existimatione
1319 3476 1463 3545 apud
1492 3491 1618 3530 suos
1652 3475 1840 3536 fuisse.
1867 3485 1924 3530 ut
1957 3478 2039 3530 vel
2087 3476 2190 3528 hoc
2243 3474 2389 3528 illius
2416 3475 2760 3529 solummodo
2784 3475 3012 3544 si-ripto,
3047 3484 3123 3530 tot
3151 3480 3493 3534 eruditorum
3540 3493 3604 3537 et-
3652 3486 3795 3536 rebus

560 3565 760 3618 divinis
797 3565 1375 3618 exercitatiSsiinorum
1411 3563 1692 3617 hominum
1718 3563 1977 3617 cohortes
2025 3574 2136 3617 tum
2170 3562 2225 3614 in
2266 3562 2413 3614 Italia
2441 3562 2697 3615 ﬂorentes
2725 3563 2992 3617 ducerent
3047 3568 3479 3633 prosternendos
3523 3582 3586 3625 et
3629 3571 3795 3641 oppri-

561 3655 824 3709 mendus?
887 3654 951 3708 Et
1001 3656 1362 3708 nihilominus
1396 3656 1659 3725 neglectis
1691 3655 1812 3710 aliis
1832 3654 2262 3725 antiquioribus,
2305 3671 2372 3708 ex
2437 3657 2640 3724 quibus
2671 3670 2768 3710 sua
2828 3653 3079 3711 Cabasila
3112 3663 3482 3725 consarcinat,
3517 3674 3796 3733 antequam

555 3743 1344 3813 Constantinopolidiscedant,
1371 3744 1424 3797 in
1459 3745 1614 3811 plena
1635 3743 1842 3814 synodo
1865 3760 2006 3798 unus
2039 3744 2287 3800 Cabasila
2324 3741 2480 3797 Nilus
2511 3746 2826 3812 propositus
2885 3757 2988 3810 est,
3023 3746 3129 3800 illis
3176 3747 3268 3816 qui
3319 3747 3636 3818 dieputanali
3670 3767 3796 3805 onus

555 3833 611 3885 in
637 3845 696 3886 se
719 3840 876 3886 erant
907 3831 1237 3898 suscepturi,
1265 3841 1324 3884 ut
1343 3831 1544 3901 scripta
1570 3833 1719 3886 illius
1742 3832 2130 3902 evulgarentur
2151 3840 2207 3886 et
2259 3833 2729 3887 examinarentur.
2753 3832 2842 3888 Sic
2861 3834 3006 3887 enim
3040 3833 3380 3904 Skyropulus
3411 3847 3550 3894 sect.
3574 3841 3626 3904 5,
3661 3855 3706 3893 c.
3740 3840 3793 3890 7:

555 3918 742 3986 Ὅμως
777 3918 831 3970 δέ
870 3918 1007 3987 μετὰ
1028 3917 1256 3978 πολλοὺς
1282 3917 1478 3985 λόγους
1508 3919 1786 3981 τοιούτους
1820 3919 1966 3983 ἔδοξε
1999 3921 2183 3985 καλὸν,
2230 3922 2318 3974 ἴνα
2347 3920 2794 3992 ἀναγινώσκηται
2849 3923 2909 3976 τὸ
2942 3923 3150 3990 βιϐλίον
3180 3924 3274 3977 τοῦ
3310 3925 3468 3993 ἁγίου
3491 3929 3590 3981 τοῦ
3617 3930 3794 3983 Καϐαο

554 4007 696 4071 σίλα,
723 4007 819 4059 καὶ
851 4006 911 4069 ἐξ
937 4004 1145 4057 ἐκείνου
1174 4005 1529 4071 ἐκλέγωνται,
1561 4007 1655 4059 καὶ
1686 4005 2050 4072 σκέπτωνται,
2085 4011 2142 4059 ἐν
2173 4004 2252 4071 οἷς
2289 4010 2392 4063 δεῖ.
2425 4009 2768 4073 ’Λνεδέξαντο
2821 4009 2877 4062 δί
2925 4011 3016 4062 τὸν
3042 4010 3284 4064 τοιοῦτον
3316 4015 3506 4081 ἀγῶνα
3531 4020 3563 4068 ὀ
3595 4018 3796 4086 ίερομόο

551 4111 712 4163 ναχος
744 4095 935 4164 κύριος
966 4094 1188 4162 Μάρκος
1229 4096 1256 4146 ὀ
1292 4093 1606 4161 Εὐγενικδς,
1645 4095 1736 4145 καὶ
1767 4097 1792 4146 ό
1821 4095 2081 4162 δηλωθεὶς
2115 4098 2423 4168 σχολάριος,
2459 4098 2554 4149 καὶ
2583 4098 2916 4167 συνήρχοντο
2952 4099 3187 4152 ἐνώπιον
3233 4103 3325 4154 τοῦ
3382 4103 3656 4171 βασιλέως
3703 4107 3791 4172 (ρ),

554 4183 694 4249 μετά
723 4185 817 4235 καὶ
847 4183 1052 4249 ὀλίγων
1083 4182 1251 4235 τινῶν
1275 4184 1338 4234 ἐκ
1361 4181 1474 4234 τῶν
1497 4182 1943 4251 προειρημένων,
1983 4185 2078 4236 καὶ
2109 4186 2460 4251 ἐσκέπτοντο,
2491 4184 2586 4237 κα)⁸
2616 4184 2925 4255 ἐγύμναζον
2961 4187 3030 4239 τὰ
3062 4189 3379 4258 ζητήματα.
3435 4189 3793 4247 Verumtamen

549 4280 664 4340 post
697 4272 890 4324 multos
928 4275 1025 4324 hac
1065 4269 1192 4323 illac
1220 4270 1382 4339 factos
1436 4285 1723 4331 sermones,
1752 4271 1917 4322 risum
1980 4279 2055 4322 est
2112 4274 2268 4325 etiam
2311 4273 2506 4326 rationi
2553 4284 2979 4340 consentaneum,
3017 4285 3073 4328 ut
3105 4278 3270 4330 nostri
3326 4279 3485 4333 libros
3539 4281 3788 4339 evolvant.

549 4375 613 4413 ac
666 4361 925 4430 praecipue
972 4360 1143 4413 sancti
1189 4358 1468 4421 Calmsila',
1513 4374 1542 4411 ε
1601 4357 1787 4428 quibus
1860 4368 2115 4430 tanquam
2180 4361 2549 4430 fecundissima
2621 4364 2984 4432 promptuario
3064 4367 3328 4434 permulta
3401 4368 3648 4438 dogmata
3709 4384 3791 4420 no-

547 4455 658 4518 ,tro
715 4449 832 4499 usui
894 4447 1175 4516 profutura
1239 4445 1606 4511 decerpantur.
1671 4445 1842 4508 Quam
1896 4446 2191 4500 molestiam
2264 4451 2321 4501 in
2387 4465 2445 4502 se
2496 4459 2868 4520 snsceperunt‘
2903 4451 3116 4504 Marcus
3183 4452 3474 4522 Engenicus
3543 4457 3789 4510 [tier-omo-

548 4535 788 4598 naclius,
840 4542 889 4584 et
939 4534 1030 4601 qui
1086 4532 1236 4585 modo
1306 4541 1580 4598 perorarat
1642 4533 1928 4586 scholar-ius
1971 4551 1990 4599 ;
2036 4535 2126 4602 qui
2190 4536 2526 4604 imperatoris
2592 4539 2650 4590 in
2712 4547 2988 4606 conspectu
3052 4542 3285 4593 coierunt
3348 4559 3466 4595 cum
3541 4543 3792 4613 aliquibus

548 4620 940 4686 prwdictorum,
999 4628 1046 4670 et
1115 4618 1334 4670 scrutati
1381 4617 1657 4687 diligenter
1709 4618 1972 4673 Coliasin
2028 4619 2419 4676 lucubrationes
2483 4633 2531 4677 et
2574 4638 2909 4678 monumenta
2973 4626 3258 4694 litteraria,
3318 4631 3632 4698 quaestiones
3655 4644 3792 4682 erue-

548 4715 669 4758 runt
737 4707 954 4774 publicae
1027 4707 1416 4759 examinationi
1492 4708 1857 4762 reservandus.
1933 4710 2006 4761 Ita
2053 4713 2220 4764 vertit
2283 4710 2665 4781 Creyghtonus
2712 4728 2727 4766 :
2778 4711 2838 4767 Ut
2903 4716 3070 4767 nostri
3135 4713 3328 4768 librant
3376 4720 3653 4780 evolvunt,
3691 4715 3788 4769 Ca-

549 4798 751 4864 basilat,
807 4800 884 4852 illi
926 4808 1029 4863 est,
1069 4808 1122 4852 ut
1187 4800 1351 4853 nostri
1409 4798 1574 4853 libros
1619 4798 1862 4854 evolvam
1905 4811 1953 4854 et
2002 4805 2264 4872 prwcipue
2325 4806 2494 4858 sancti
2553 4804 2856 4871 Cabasi/w,
2919 4824 2946 4860 e
2993 4809 3172 4876 quibus
3234 4818 3488 4876 tanquam
3551 4808 3791 4880 fectmdis-

545 4893 677 4943 sima
730 4893 1113 4959 promptuario.
1151 4891 1206 4946 In
1236 4893 1515 4945 nonnullis
1565 4893 1688 4946 aliis
1717 4880 1899 4959 ‘raro,
1932 4903 1988 4948 at
2037 4895 2091 4948 in
2125 4895 2472 4967 Creyghtono
2529 4899 2744 4951 inscitia
2779 4900 3044 4954 continuo
3085 4902 3476 4956 conlidentiam
3504 4905 3661 4973 parit.
3695 4902 3789 4955 Sed

547 4980 746 5033 similia
807 4981 1124 5051 negligenda
1150 4992 1297 5038 sunt.
1356 4982 1497 5036 Ante
1526 4984 1672 5036 hunc
1721 4982 1901 5038 Nilum
1934 4982 2242 5038 C-ibasilam
2277 4984 2332 5037 in
2381 4983 2590 5038 Graecia
2621 4985 2886 5040 adversus
2919 4987 3146 5042 Latinos
3191 4991 3257 5043 de
3291 4993 3642 5057 processione
3683 4989 3792 5058 Spi-

547 5066 686 5119 ritus
711 5070 896 5121 sancti
934 5085 962 5122 a
992 5071 1108 5123 solo
1153 5070 1309 5126 Patre
1351 5079 1616 5122 tractatus
1647 5069 1894 5134 edidere,
1928 5071 2155 5124 Phatius
2175 5071 2507 5139 patriarcha,
2541 5072 2799 5127 Nicolaus
2824 5074 3221 5137 Mctbonensis,
3254 5076 3494 5131 Joannes
3527 5079 3787 5137 l’liurnus,

545 5155 892 5212 Andronicus
952 5159 1296 5222 Camaterus,
1327 5158 1786 5227 Tlieopliylactns,
1823 5172 1875 5214 ct
1906 5159 1972 5214 de
2012 5176 2078 5214 co
2106 5161 2288 5215 nullus
2310 5160 2525 5214 dubitat
2554 5176 2568 5215 :
2602 5177 2830 5230 quorum
2891 5172 3207 5231 argumenta
3237 5164 3481 5233 digessit,
3511 5179 3565 5219 et
3598 5167 3788 5236 lyni’eis

545 5244 718 5298 oculis
745 5251 1165 5316 contemplatus,
1201 5259 1255 5302 et
1279 5246 1670 5300 ellicacissimis
1698 5247 2002 5302 rationibus
2033 5248 2280 5303 discussa
2315 5251 2668 5304 meritissimo
2721 5253 2844 5321 jure
2879 5253 3100 5306 limavit
3141 5261 3303 5322 atque
3351 5257 3609 5310 contrivit
3631 5257 3788 5311 Joan-

617 5389 694 5474 (ρ)
723 5386 823 5472 llic
846 5388 1110 5474 Gneorgius
1147 5391 1535 5474 scliolariusnin
1588 5393 1859 5474 Prommio
1883 5397 2110 5474 Syntag-
2215 5398 2237 5452 ε

2215 5398 2518 5474 Θεοφάνης,
2553 5400 2672 5474 μετ’
2705 5401 2902 5474 αὐτοὺς
2926 5401 2993 5474 δέ,
3015 5403 3108 5474 καὶ
3147 5402 3254 5474 τῶν
3283 5405 3445 5472 ἱερῶν
3483 5402 3783 5472 Γρηγορίων

547 5461 710 5542 matis
745 5462 827 5514 sui
866 5459 1052 5516 Graece
1083 5463 1138 5542 in
1174 5463 1228 5524 4,
1319 5463 1758 5542 Londinensihus
1786 5459 2108 5542 typis'edifi,

2217 5470 2265 5542 οἱ
2299 5459 2584 5540 ὁμώνυμοί
2617 5487 2674 5521 τε
2705 5473 2800 5524 καὶ
2840 5459 3088 5542 άκριϐεῖς
3149 5459 3346 5542 ὀπαδνῖ
3367 5459 3778 5542 συνεγράῷαντο.

547 5534 692 5611 inter
782 5543 1037 5611 recentes
1096 5535 1315 5611 Graecos
1380 5534 1490 5611 _qui
1549 5534 1852 5611 ad_\_'ersus"
1889 5539 2113 5611 Latinos
2221 5534 2527 5611 Demetrius
2575 5556 2792 5609 quoque
2835 5534 3195 5610 Glirysuloras
3228 5541 3326 5596 Nili
3357 5534 3783 5611 opusnin'syno-

546 5597 686 5685 bene
708 5599 1064 5685 scripserunt,
1113 5602 1348 5685 primum
1379 5597 1558 5685 locum
1600 5605 1734 5685 ‘l‘l‘ilo
1793 5617 1980 5685 nostro
2018 5610 2115 5685 tri_-
2223 5609 2355 5685 psin
2385 5597 2677 5685 conti-ain,
2704 5597 2761 5664 et
2792 5597 3124 5685 Demetrium
3164 5597 3588 5685 Cyiloniquui
3612 5597 3778 5685 Nilum

548 5669 705 5756 Puiti
749 5671 870 5721 Τῶν
921 5669 975 5756 δε
1013 5669 1550 5756 ὓστὲρωκςςὰπέιυτφ
1597 5676 1811 5756 βέλτιρν
1878 5678 1974 5744 μὲν
2020 5678 2117 5730 καὶ

2224 5669 2622 5756 δοιιίυιοηιίυιι)
2654 5669 2964 5756 sumpserat
2984 5669 3773 5756 dialogo'singulari'coniuta-

547 5737 876 5822 ixavrbnpov
894 5740 985 5792 καὶ
1018 5741 1096 5822 τῷ
1130 5737 1349 5822 μεγέθει
1372 5745 1468 5812 τῆς
1494 5737 1627 5822 ὕλης
1661 5737 2116 5816 ταύτηξσυμμέ-

2224 5748 2324 5822 γίι.
2349 5749 2418 5822 de
2437 5764 2554 5822 quo
2586 5737 2845 5822 Allatin's,
2870 5750 2942 5802 De
2971 5737 3244 5816 consensu,
3273 5737 3480 5822 p.352,
3509 5764 3666 5822 atque
3699 5749 3775 5802 in-

545 5821 692 5875 τρως
725 5809 962 5876 μαλιστα
996 5809 1096 5882 μὲν
1127 5809 1154 5865 ὅ
1180 5829 1237 5865 τε
1266 5809 1550 5876 θεσπέσιος
1580 5809 1771 5880 Νεῖλος
1814 5809 1902 5871 5m
1924 5819 1952 5868 δ
1975 5809 2122 5886 ἶς’ρδς

1935 5809 2122 5886 5ίέρός
2229 5816 2310 5871 ira
2346 5809 2537 5893 in_li'oc
2564 5822 2680 5892 ipso
2705 5809 2911 5892 libello,
2951 5838 3003 5890 p.
3041 5822 3127 5876 71.
3234 5809 3292 5822 ”
3467 5809 3478 5818 ’
3552 5821 3555 5825 ”
