4102 6294
321 437 423 503 εει
1240 437 1275 475 κ
1785 422 2111 488 NO‘I‘I'I‘IA.
2978 478 2982 482 ,
3447 411 3549 504 csa

321 570 420 614 aes
460 552 666 606 Veccus
699 551 796 619 (q).
834 548 1010 615 Quare
1033 548 1078 603 si
1108 558 1232 603 tuus
1266 547 1368 603 iste
1390 541 1770 620 ‘Sgyropulus,
1808 558 1863 602 et
1890 546 2163 616 quosipse
2183 593 2192 608 η
2212 545 2277 599 ad
2312 544 2599 598 consilium
2657 548 2878 595 vocatos
2913 537 3081 590 fuisse
3131 530 3316 595 tradit,
3346 534 3397 587 in
3434 546 3553 588 arte

320 661 376 701 et
408 645 668 699 facultate
703 642 1012 711 theologica
1041 643 1450 706 excelluissent,
1485 651 1540 698 et
1569 644 1622 697 in
1661 658 1871 696 summa
1912 657 2096 695 rerum
2123 639 2465 708 ignoratione
2491 634 2691 692 versati
2729 649 2836 688 non
2864 633 3116 714 fuissent,
3148 629 3216 714 ad
3266 629 3366 682 llos
3426 645 3555 697 pro-

321 739 629 791 vocassent,
694 745 800 782 non
855 729 922 783 ad
984 729 1310 785 Cabasilam.
1367 730 1473 784 Sed
1533 731 1605 784 nil
1660 728 2195 784 iniruszraculus
2255 725 2451 795 qumrit
2487 723 2786 796 graculum.
2849 720 2986 786 Quid
3021 711 3554 772 vero'Tltessalonio

322 801 517 873 censes
583 817 639 870 in
706 814 980 890 synodico
1021 817 1415 884 manuscripto,
1469 815 1614 885 quod
1677 816 1803 868 novi
1870 803 2016 869 illius
2063 813 2302 867 editores
2363 814 2437 866 uti
2493 811 2778 879 profanum
2811 820 2864 862 et
2918 809 3146 875 impium
3199 804 3557 874 rejecerunt?

323 907 524 960 Νείλου
547 904 639 957 τοῦ
674 905 980 972 ἁγιωτάτου
1014 896 1417 974 μητροπολίτου
1445 902 1848 972 Θεσσαλονίκης
1913 902 2007 955 τοῦ
2056 903 2234 970 λόγοις
2269 902 2407 971 ἅμα,
2435 904 2526 955 καὶ
2564 901 2764 969 ἔργοις,
2804 900 2897 950 καὶ
2945 897 3110 959 Θείοις
3158 895 3558 965 συγγράμμασι

323 992 738 1061 ἀγωνισαμένου
769 991 907 1059 ὑπὲρ
941 989 1038 1060 τῆς
1066 991 1393 1060 Ἐκκλησίας
1430 991 1686 1060 Χριστοῦ,
1722 993 1816 1042 καὶ
1850 990 1947 1058 τὴν
1983 990 2076 1041 τοῦ
2124 990 2393 1059 Βαρλαὰμ
2442 990 2534 1042 καὶ
2565 985 2878 1040 Ἀκινδύνου
2910 987 2982 1054 (r)
3011 984 3348 1053 κενοφωνίαν
3373 985 3558 1036 Οεοσόσ

325 1097 446 1150 (pet;
480 1081 684 1148 λόγοις,
725 1082 819 1132 καὶ
844 1079 1152 1142 ἀποδείξεσι
1182 1080 1598 1148 ἁναντιρῤἠτοις
1651 1077 2116 1144 καταισχύναντός
2172 1095 2254 1143 τε,
2312 1077 2406 1129 καὶ
2441 1077 2836 1144 διελέγξαντο·,
2877 1075 3074 1126 αἰωνία
3108 1074 3140 1142 ή
3186 1074 3398 1140 μνήμη.
3445 1072 3557 1125 Nili

323 1169 644 1222 sanctissimi
674 1167 1048 1236 archiepiscopi
1081 1165 1579 1229 Thessalonicensis,
1615 1165 1704 1234 qui
1749 1167 2071 1220 sermonibus
2089 1165 2270 1231 simul,
2303 1174 2352 1217 et
2381 1165 2666 1220 actionibus
2711 1174 2759 1216 et
2795 1162 3185 1216 commentariis
3211 1161 3398 1214 divinis
3463 1175 3558 1223 pro

326 1255 567 1308 Ecclesia
598 1255 816 1319 Christi,
848 1263 895 1306 ει
920 1253 1218 1317 Barlaami,
1241 1263 1287 1307 et
1314 1254 1570 1324 Acindyni
1592 1268 1753 1308 vanos
1781 1256 2026 1324 strepitus
2062 1270 2094 1305 a
2119 1252 2226 1306 Deo
2261 1253 2399 1306 datis
2427 1251 2773 1315 sermonibus,
2800 1247 2982 1318 quibus
3010 1248 3179 1301 resisti
3203 1263 3302 1300 non
3328 1255 3556 1314 poterat,

327 1351 372 1392 et
398 1341 920 1396 demonstrationibus
947 1340 1271 1401 dilucidavit,
1305 1349 1354 1393 et
1395 1341 1449 1393 in
1494 1343 1928 1409 vituperationem
1973 1339 2213 1402 adduxit,
2255 1349 2302 1392 et
2342 1341 2399 1392 in
2440 1340 2654 1400 crimine
2685 1338 2876 1404 posuit,
2909 1336 3225 1404 sempiterna
3279 1332 3554 1384 memoria.

327 1428 437 1480 Nec
457 1427 562 1480 alio
581 1435 737 1494 pacto
763 1426 983 1479 Simeon
1007 1426 1538 1489 Thessalonicensis,
1569 1427 1794 1494 Dial'ogo
1818 1429 1947 1478 Cont

1938 1436 2017 1479 tra
2047 1427 2300 1484 haereses:
2342 1426 2450 1479 Kal.
2481 1425 2561 1478 ἔτι
2592 1425 2779 1495 ἑτέρου
2823 1423 3021 1476 Νείλου
3055 1421 3332 1474 θειοτάτου
3364 1421 3558 1488 ἀνδρὸς

329 1515 424 1566 τοῦ
452 1516 553 1580 τῆς
600 1513 1046 1566 Θεσσαλονικέων
1083 1515 1184 1584 τὴν
1219 1515 1514 1584 προεδρίαν
1551 1514 1652 1583 μὲν
1690 1515 1988 1582 εἰληφότος,
2027 1511 2102 1584 μὴ
2141 1514 2276 1581 πρὸς
2317 1511 2487 1580 αὐτὴν
2519 1513 2575 1564 δὲ
2617 1512 2923 1579 φθάσαντος
2959 1509 3156 1572 ἐλθεῖν,
3200 1507 3342 1560 κατὰ
3371 1506 3427 1558 δὲ
3457 1507 3558 1574 τῆς

329 1601 439 1652 τῶν
469 1601 714 1653 Λατίνων
736 1602 1096 1669 καινοτομίας
1123 1601 1374 1670 λαμπρὰ,
1397 1603 1491 1654 καὶ
1520 1602 1694 1670 ἀληθῆ
1740 1601 1880 1666 λίαν,
1911 1602 2005 1653 καὶ
2044 1602 2239 1669 ἰσχυρὰ
2272 1599 2758 1669 συγγραψαμένου,
2820 1597 2914 1650 καὶ
2947 1598 3090 1650 κατὰ
3147 1596 3244 1664 τῆς
3296 1596 3559 1664 δυστήνου

335 1693 570 1760 ταυτησὶ
601 1692 692 1744 τοῦ
721 1693 992 1762 Βαρλαάμ
1030 1709 1090 1744 τε
1112 1695 1207 1746 καὶ
1238 1692 1552 1746 ’Δκινδύνου
1580 1692 1866 1761 αἱρέσεως.
1897 1690 1955 1744 Ν.

1941 1691 2007 1746 ’ec
2031 1707 2136 1745 non
2163 1691 2406 1746 cumalio
2432 1690 2551 1744 Nilo
2582 1691 2694 1744 viro
2720 1689 3062 1751 dirinissimo,
3097 1698 3146 1742 et
3177 1687 3317 1741 urbis
3345 1683 3561 1741 Thessa-

332 1778 604 1832 lonicensis
634 1795 781 1848 teque
805 1796 1010 1840 summa
1037 1780 1292 1842 antistite,
1322 1780 1472 1848 cujus
1525 1787 1702 1833 tamen
1735 1779 1904 1833 sedem
1926 1779 2252 1848 adipiscendi
2284 1788 2511 1847 potestas
2542 1795 2648 1832 non
2684 1779 2808 1847 fuit,
2853 1777 2971 1846 licet
3024 1786 3208 1830 contra
3249 1775 3562 1829 Latinorum

334 1881 520 1918 novum
543 1867 745 1934 facinus
777 1865 1076 1933 splendida,
1101 1875 1148 1918 et
1166 1867 1287 1933 ﬁdei
1309 1867 1631 1936 plenissima,
1681 1875 1728 1919 et
1754 1865 1907 1920 valde
1933 1867 2147 1920 robusta
2175 1866 2564 1920 Commentario
2591 1856 2998 1929 concinnaverit,
3018 1881 3110 1917 nec
3136 1881 3236 1917 non
3266 1872 3448 1916 contra
3474 1865 3560 1916 in-

332 1953 530 2022 felicem
557 1954 691 2006 hanc
725 1952 1004 2008 Barlaami
1043 1963 1095 2007 et
1123 1954 1384 2023 Acindyni
1419 1956 1663 2010 Iueresiu.
1700 1953 1838 2008 Ride
1873 1956 2050 2010 sodes
2094 1955 2667 2009 Thessalonicensium
2701 1953 2917 2022 putidas
2952 1953 3342 2022 ineptitudines
3373 1953 3427 2005 in
3459 1951 3563 2022 Sy-

335 2041 554 2096 nodieo.
604 2041 758 2107 Quod
813 2042 868 2094 in
900 2041 1023 2095 Nilo
1090 2041 1167 2094 uti
1200 2041 1712 2115 praestantissimum
1746 2041 2134 2110 agnoscebant,
2165 2025 2390 2110 et'quod
2440 2041 2529 2094 ille
2585 2041 2903 2110 plenissime
2942 2039 3207 2106 defendit,
3247 2039 3565 2094 Processio-

336 2141 460 2179 nem
521 2142 716 2196 nempe
747 2141 814 2181 ex
872 2128 986 2180 solo
1030 2125 1187 2180 Patre
1221 2128 1458 2196 Spiritus
1485 2127 1678 2192 sancti,
1709 2127 1972 2190 obticent,
2008 2145 2077 2184 ne
2105 2129 2294 2198 injurii
2327 2129 2648 2183 viderentur
2707 2128 2762 2182 in
2791 2127 3033 2194 Latinos,
3079 2127 3246 2196 inque
3279 2127 3560 2181 infamiam

335 2223 764 2286 adducerentur,
827 2223 972 2286 quod
1005 2221 1326 2276 Latinorum
1356 2223 1670 2292 opinionem
1694 2225 1872 2296 palam
1906 2226 2109 2296 populo
2147 2225 2606 2289 criminarentur;
2638 2225 2706 2278 de
2752 2240 2811 2279 re
2869 2223 3092 2277 minima
3120 2233 3173 2278 et
3206 2223 3566 2292 contemptis-

336 2311 498 2370 sima,
535 2316 590 2362 et
621 2309 690 2363 de
732 2324 840 2378 qua
875 2307 989 2362 'non
1021 2320 1137 2363 erat
1186 2309 1328 2378 apud
1367 2309 1587 2364 Graecos
1635 2325 1739 2364 una
1772 2295 2064 2379 sententia,
2115 2312 2573 2369 condemnatione
2609 2327 2803 2382 nempe
2864 2311 3132 2366 Barlaami
3167 2321 3224 2365 et
3269 2313 3562 2381 Acindyni,

337 2406 527 2450 contra
556 2395 911 2476 qttam_Nilus
938 2410 1008 2450 an
1033 2397 1332 2466 quidquam
1359 2397 1666 2466 scripserit,
1705 2399 1886 2454 adhuc
1917 2399 2231 2465 dubitatur;
2299 2401 2428 2454 licet
2459 2399 2514 2453 in
2545 2400 2932 2463 Palamitarum
2987 2399 3316 2452 sententiam
3381 2399 3565 2462 iverit,

339 2503 464 2541 eum
511 2486 790 2541 dilaudant
817 2485 994 2552 Quod.
1033 2488 1194 2540 etiam
1227 2488 1281 2540 in
1325 2488 1447 2540 aliis
1477 2487 1632 2542 dictae
1661 2488 1898 2544 civitatis
1939 2489 2290 2558 pontiﬁcibus
2320 2487 2388 2541 de
2446 2502 2584 2541 novo
2629 2485 2906 2557 Synodico
2936 2486 3132 2541 additis
3173 2497 3456 2558 peragunt.
3503 2488 3568 2542 lli

338 2575 611 2650 siquidem
651 2573 910 2653 adversus
939 2573 1606 2643 Latinorumopinionem
1636 2575 1862 2643 scripta,
1911 2589 1974 2629 ac
2001 2575 2046 2630 si
2078 2575 2232 2648 nulla.
2259 2575 2487 2638 fuerint,
2537 2575 2741 2640 silent,
2770 2575 2822 2627 in
2855 2574 3002 2638 aliis,
3035 2590 3156 2642 quae
3187 2575 3408 2630 Latinos
3457 2591 3567 2629 non

339 2660 650 2726 offendunt,
682 2659 1056 2715 verbosissimi
1101 2671 1247 2714 sunt.
1281 2661 1387 2715 Sed
1411 2659 1478 2716 de
1519 2661 1604 2714 his
1631 2660 1767 2715 alias
1826 2661 2057 2730 plenius,
2096 2662 2408 2716 memoratis
2439 2663 2602 2715 etiam
2639 2662 3012 2730 pontilicibus.
3035 2662 3307 2727 Quantum
3346 2663 3566 2715 tandem

343 2748 494 2803 Nilus
524 2749 616 2803 hic
646 2750 882 2828 valuerit
905 2749 971 2802 ad
1002 2764 1089 2802 res
1123 2748 1453 2818 theologicas
1481 2749 1858 2818 exponendas,
1897 2748 2018 2818 lege
2041 2748 2357 2804 Tractatum
2381 2749 2594 2819 Georgii
2620 2749 2971 2817 Trapezuntii
2997 2751 3061 2803 ad
3090 2750 3353 2804 Joannem
3384 2748 3570 2804 Cubo-

345 2846 565 2899 clesium
595 2844 1043 2914 de"'proccssione
1069 2845 1306 2913 Spiritus
1335 2844 1508 2898 sancti
1541 2846 1702 2898 etiam
1733 2858 1799 2898 ex
1830 2843 1988 2909 Filio,
2015 2844 2201 2918 Greece
2228 2857 2281 2900 et
2307 2843 2499 2900 Latine
2524 2861 2553 2899 a
2585 2860 2669 2899 me
2692 2835 2921 2910 eJ'itum,
2954 2855 3085 2901 tom.
3114 2845 3128 2897 Ι
3160 2845 3376 2901 Crescite
3395 2845 3572 2899 ortho-

347 2933 512 2988 doxae.
559 2933 671 2986 Non
711 2932 1102 3002 sutppmnitcbit
1132 2939 1181 2986 te
1211 2931 1405 2986 similis
1433 2931 1710 2988 lectionis.

414 3044 650 3098 Joannes
681 3044 1005 3112 Spondanus
1027 3043 1093 3112 ts)
1128 3044 1180 3096 in
1200 3043 1499 3097 Annalibus
1523 3057 1668 3097 anno
1708 3041 1866 3109 1622,
1909 3043 2100 3098 scribit
2127 3061 2140 3098 ;
2176 3044 2291 3098 Fuit
2334 3053 2517 3113 postea
2547 3042 2795 3096 Nicolaus
2828 3041 3077 3098 Cabasila
3111 3044 3280 3112 factus
3305 3047 3573 3117 epismpur

349 3129 840 3192 Thessalonicensis,
887 3131 1036 3199 cujus
1077 3139 1285 3183 exstant
1326 3130 1482 3199 plura
1524 3132 1742 3200 scripta,
1789 3133 1885 3183 sed"
1913 3131 2132 3200 fuligine
2175 3133 2468 3186 schismatis
2511 3131 2798 3187 Gra'cauici
2845 3132 3093 3200 perfusa;
3133 3136 3378 3188 adversus
3420 3151 3571 3204 quem

347 3219 482 3271 idem
539 3220 648 3287 ipse
701 3219 992 3273 Demetrius
1041 3221 1104 3286 (ι)
1143 3218 1319 3272 Greece
1355 3213 1640 3288 Latineque
1686 3221 1867 3273 doctus
1917 3214 2420 3290 scripsisse'dicitur
2469 3234 2563 3287 pro
2601 3226 2780 3271 sancto
2832 3219 3025 3273 Tltoma
3083 3221 3365 3289 Aquinate,
3420 3239 3575 3291 quem

349 3305 595 3360 Cabasila
645 3309 844 3375 primus
873 3306 1194 3375 impetierat,
1241 3307 1388 3372 cujus
1419 3315 1467 3358 et
1497 3307 1716 3374 antiqua
1759 3323 1919 3376 opera
1966 3306 2021 3358 in
2059 3304 2309 3358 Latinum
2349 3299 2634 3357 sermonem
2681 3305 2854 3367 vertit,
2897 3307 3041 3358 sicut.
3091 3317 3138 3360 et
3185 3311 3485 3378 Augustini,
3525 3318 3576 3362 et

353 3403 486 3460 alia,
518 3419 664 3471 quem
693 3412 750 3454 et
782 3401 1156 3456 Volaterrana:
1183 3411 1230 3454 et
1266 3402 1360 3455 alii
1391 3405 1465 3456 uti
1491 3403 1660 3456 virum
1687 3408 1915 3463 doctum,
1952 3418 2096 3470 azq're
2117 3418 2178 3456 ac
2211 3411 2448 3476 sanctum
2485 3399 2886 3461 laudaut.Sunt
2913 3412 3108 3467 autem,
3138 3404 3228 3470 qui
3271 3406 3577 3474 prcedictum

353 3490 628 3544 Nicolaum
652 3491 996 3558 confundunt
1017 3506 1135 3543 cum
1164 3489 1285 3543 Nilo
1313 3490 1495 3543 itidem
1525 3490 1664 3543 dicto
1697 3489 1966 3551 Cabasila,
2001 3490 2386 3558 archiepiscopo
2423 3487 2896 3551 Thessalonicensi,
2935 3493 3026 3558 qui
3072 3492 3170 3544 hac
3209 3494 3390 3546 eadem
3422 3504 3575 3547 atate

351 3578 501 3630 vixit.
532 3576 633 3642 Qui
664 3579 774 3630 sire
798 3577 956 3646 fuerit
986 3577 1148 3643 idem,
1175 3578 1280 3630 sive
1313 3576 1470 3634 alius.
1501 3579 1605 3630 sive
1643 3585 1784 3639 ante,
1838 3579 1942 3630 sive
1980 3585 2095 3644 post
2125 3576 2400 3630 Nicolaum
2427 3593 2542 3630 eam
2589 3578 2760 3630 sedem
2801 3581 3152 3648 occupaverit,
3178 3581 3241 3632 de
3292 3598 3398 3650 quo
3431 3584 3576 3636 video

351 3667 688 3727 contr-averti,
731 3680 824 3717 nec
864 3674 1041 3717 tamen
1073 3664 1352 3717 admodum
1379 3664 1558 3731 refert.
1589 3663 1867 3733 Scripsisse
1897 3665 2154 3733 reperitur
2171 3663 2299 3717 duos
2333 3664 2643 3717 tractatulos
2663 3673 2846 3717 contra
2872 3666 3162 3734 primatum
3188 3666 3418 3722 Romani
3448 3685 3577 3736 pon«

351 3752 525 3819 tiﬁcis,
557 3769 684 3821 quos
730 3753 957 3805 haeretici
990 3752 1380 3804 exosculantur.
1408 3752 1564 3814 Vide,
1595 3752 1786 3811 lector.
1822 3751 2105 3818 scriptoris
2146 3749 2434 3804 Annalium
2463 3752 2927 3805 ecclesiasticarum
2956 3752 3009 3805 in
3047 3755 3360 3820 pauxillulis
3390 3757 3577 3809 verbis

351 3842 703 3908 imperitiam.
740 3841 857 3916 Non
907 3839 1334 3914 interdistinguit
1357 3840 1520 3893 etiam
1557 3839 1700 3908 quod
1733 3840 2015 3894 oculorum
2046 3856 2206 3893 sensu
2244 3841 2492 3909 percipit.
2537 3840 2685 3896 Vidit
2721 3841 2940 3895 titulum
2975 3843 3118 3906 libri,
3148 3859 3310 3912 quem
3344 3860 3577 3899 exoscu-

350 3937 533 3987 lantur
565 3933 828 3998 baeretici,
855 3940 910 3986 et
940 3947 1138 3986 nomen
1171 3931 1413 3985 auctoris
1445 3932 1746 4000 praefixum,
1773 3940 1828 3985 et
1854 3933 2320 4000 promptissimum
2357 3933 2529 3987 oculis
2579 3948 2686 3986 non
2723 3933 3066 3990 internoscit.
3120 3936 3233 3990 Hoc
3263 3949 3349 3990 est
3382 3941 3433 3992 in
3461 3942 3576 3996 sole

349 4022 606 4088 caligare,
669 4030 726 4074 et
748 4021 862 4087 ipsa
914 4021 1158 4074 caecitate
1189 4019 1477 4072 caeciorem
1533 4033 1676 4072 esse.
1709 4017 1901 4072 Libelli
1929 4029 2120 4072 contra
2157 4018 2698 4089 Romanipontiticis
2738 4021 3029 4086 primatum
3060 4031 3252 4077 auctor
3279 4025 3431 4080 Nilus
3467 4043 3572 4082 cst.

350 4108 470 4161 Alia
497 4109 761 4176 pleraque
791 4106 892 4161 sub
923 4105 1136 4160 Nicolai
1162 4105 1425 4159 Cabasilae
1482 4107 1702 4158 nomine
1733 4114 1997 4172 prostant,
2050 4107 2270 4174 passim,
2299 4113 2356 4159 et
2392 4107 2614 4174 ubique.
2649 4106 2938 4176 Perperam
2985 4125 3115 4177 ergo
3144 4110 3418 4179 judicant,
3479 4118 3574 4182 qui

352 4195 640 4250 Nicolaum
673 4211 796 4247 cum
823 4194 943 4248 Nilo
976 4195 1342 4258 confundunt,
1372 4203 1427 4248 et
1450 4192 1773 4262 Spondanus
1796 4208 1919 4246 cum
1952 4194 2078 4246 illis.
2119 4193 2184 4246 Et
2217 4208 2338 4246 cum
2371 4193 2508 4247 alius
2533 4190 2808 4259 Nicolaus,
2831 4196 2970 4248 alius
2999 4193 3150 4252 Nilus
3184 4199 3288 4260 sit,
3325 4199 3368 4253 si
3401 4201 3574 4256 histo-

353 4285 504 4337 ricus
530 4293 791 4351 expertus
814 4296 934 4337 esse
968 4283 1070 4346 vis,
1111 4296 1344 4351 quanam
1371 4281 1456 4335 illi.
1478 4291 1638 4335 actate
1678 4281 1934 4343 vixerint,
1961 4291 2013 4334 ct
2037 4281 2129 4349 qui
2176 4293 2324 4345 ante,
2359 4267 2571 4349 _sedem
2613 4279 3180 4348 Thessalonicensem,
3221 4295 3276 4339 et
3302 4289 3392 4354 qui
3430 4301 3572 4356 post,

352 4372 540 4426 sedem
569 4370 1238 4440 Constantinopolitanam
1291 4371 1663 4438 occupaverit,
1701 4367 2050 4423 enodandum
2110 4366 2207 4419 tibi
2257 4375 2396 4420 erat.
2443 4365 2549 4420 Sed
2587 4377 2641 4420 tu
2689 4367 2831 4426 satis
2879 4368 3132 4437 ampliter
3185 4377 3576 4446 controvgrsia:

355 4465 712 4535 respondisti,
738 4464 790 4516 id
814 4479 1003 4532 parum
1027 4464 1309 4515 admodum
1339 4462 1555 4530 referre.
1584 4463 1756 4517 Anule
1796 4459 2111 4521 admodum,
2149 4458 2244 4513 sed
2271 4472 2284 4527 ;
2303 4459 2555 4514 ridicule.
2586 4459 2908 4528 Quicunque
2959 4458 3220 4532 deinceps
3272 4465 3490 4523 futurus
3531 4473 3576 4524 si

355 4555 599 4614 incertus
628 4552 858 4620 alicujus
887 4551 1170 4603 sententia.
1201 4549 1386 4612 fuerit,
1419 4549 1483 4602 ad
1513 4548 1855 4603 evellendam
1887 4546 2206 4614 scrupulum
2251 4559 2511 4614 responso
2549 4545 2654 4598 hoc
2708 4544 3075 4614 Spondanico,
3108 4550 3384 4616 ampliter,
3412 4566 3466 4606 et
3510 4573 3603 4618 ex.

352 4639 574 4693 oraculo
601 4636 932 4700 satisfaciet;
966 4635 1020 4686 id
1044 4651 1232 4704 parum
1263 4635 1544 4687 admotum
1571 4635 1786 4702 referre.
1822 4631 2071 4688 Nicolaus
2118 4633 2296 4701 plura,
2325 4633 2420 4686 sed
2441 4632 2660 4702 fuligine
2679 4634 2974 4686 schisma'tis
3015 4633 3314 4692 ercauiri
3341 4641 3576 4707 perfusa.

355 4727 516 4779 Plura
556 4725 862 4793 scripsisse,
895 4738 1083 4777 verum
1135 4730 1241 4784 est,
1273 4737 1394 4791 qua:
1411 4711 1672 4776 catholici
1707 4723 1760 4775 in
1784 4722 2020 4792 linguam
2054 4719 2300 4774 Latinam
2331 4734 2513 4783 versa,
2546 4721 2623 4773 uti
2654 4719 2938 4775 catholicis
2977 4735 3164 4778 contra
3193 4725 3574 4782 haereticorum

353 4813 712 4866 deliramenta
755 4818 1060 4878 opportuna
1089 4819 1252 4877 atque
1287 4808 1648 4863 conducibilia
1685 4808 1994 4862 ediderant.
2028 4807 2090 4860 Et
2153 4810 2196 4860 si
2226 4807 2357 4876 quid
2390 4807 2463 4860 illi
2499 4806 2702 4860 excidit
2725 4807 2966 4872 incauto,
3017 4813 3160 4877 quod
3191 4816 3466 4870 nonnullis
3493 4819 3576 4869 vi-

354 4917 476 4953 sum
509 4911 612 4960 est,
642 4914 749 4951 non
782 4897 913 4952 satis
949 4906 1008 4950 ut
1035 4896 1290 4950 omnibus
1343 4904 1544 4958 tutum,
1575 4895 1738 4948 iidem
1773 4895 1874 4964 ipsi
1904 4895 2160 4949 catholici
2197 4911 2462 4948 excusare
2495 4896 2678 4948 conati
2713 4903 2861 4948 sunt.
2895 4895 3000 4950 Sed
3042 4898 3180 4952 dixit
3214 4902 3398 4955 nescio
3430 4903 3577 4972 quis,

354 5008 462 5046 non
498 4991 801 5044 dealbarent
827 4989 1144 5059 zEthiopem.
1182 4987 1299 5042 Non
1351 5003 1564 5056 semper
1593 4989 1772 5054 feriet,
1811 4988 2174 5057 quodcunque
2221 4987 2518 5064 minabitur
2547 5003 2730 5044 arcus.
2768 4989 2834 5044 Et
2880 4989 3205 5060 Spondanus
3253 4995 3368 5062 ipse
3409 4997 3461 5049 in
3497 4999 3580 5050 his

352 5081 472 5133 suis
503 5079 804 5132 Annalibus
830 5087 963 5147 quot
993 5076 1292 5140 mendacia,
1335 5087 1469 5145 quot
1495 5077 1652 5140 falsa,
1681 5086 1813 5146 quot
1843 5093 2124 5146 perperam
2151 5085 2206 5129 et
2232 5093 2297 5130 ex
2329 5076 2546 5145 ingenio
2578 5077 2910 5143 insimulata,
2931 5081 3161 5148 maligne
3185 5092 3347 5152 atque
3376 5087 3582 5139 calum.

353 5168 510 5221 niose
542 5166 873 5235 conspergit,
902 5180 1023 5233 qua:
1056 5163 1310 5218 volumen
1345 5164 1647 5240 requirant,
1680 5176 1732 5217 et
1753 5165 1938 5218 nescio
1967 5181 2034 5218 an
2106 5167 2268 5219 etiam
2298 5174 2592 5234 expurgatu
2641 5167 3052 5220 aestimationem
3089 5176 3582 5227 comnmrerentur?

353 5252 503 5310 Nihil
533 5253 717 5322 itaque
767 5253 972 5306 Nicolai
1005 5259 1108 5314 est,
1143 5251 1282 5318 quod
1318 5252 1609 5319 primatum
1643 5251 1797 5319 Papae
1856 5252 2094 5305 invadat.
2133 5250 2196 5302 Et
2231 5251 2561 5303 'Demetrius
2597 5251 2694 5305 iste
2728 5250 3005 5320 Cydonius
3040 5270 3146 5306 non
3197 5257 3418 5327 scripsit
3484 5279 3580 5326 pro

353 5351 546 5394 sancto
579 5340 786 5393 Thema
825 5349 1010 5391 contra
1059 5338 1363 5399 NicOlanm,
1425 5341 1517 5406 qui
1559 5353 1838 5406 nunquam
1876 5340 1929 5391 in
1985 5339 2188 5392 dictum
2229 5345 2474 5396 sanctum
2514 5337 2752 5406 linguam
2785 5339 3022 5398 exacuit,
3056 5341 3148 5392 Sed
3181 5354 3370 5398 contra
3399 5345 3579 5400 Nilum

355 5430 453 5500 qui
486 5429 541 5483 id
572 5438 776 5497 egerat,
840 5438 899 5482 ut
933 5442 999 5481 ex
1037 5425 1210 5480 titulis
1234 5426 1526 5490 librorum,
1566 5428 1658 5495 qui
1691 5426 1758 5481 ad
1791 5427 1975 5482 [iuuet

1963 5428 2108 5481 diem
2140 5434 2454 5494 supersunt,
2498 5426 2771 5494 colligitur
2827 5426 2931 5495 (υ).
2980 5429 3292 5500 Δημητρίου
3339 5433 3433 5485 τοῦ
3471 5436 3581 5487 Κυ-

431 5605 507 5677 (q)
534 5603 734 5677 _Editus
765 5602 830 5656 ab
859 5601 1058 5677 Allatio
1083 5609 1128 5677 t._
1154 5601 1199 5654 ll
1233 5598 1450 5677 (Inscite
1484 5603 1851 5677 orthodogtea
1933 5633 1952 5651 κ
2101 5605 2167 5667 (ε)
2197 5603 2488 5677 Henricum
2521 5602 2874 5677 Spondanum
2907 5605 3090 5677 dicere
3119 5611 3292 5664 voluit
3325 5612 3578 5668 Allatius.

429 5669 500 5744 m-
534 5673 875 5750 ρρεεενωηδ.
897 5673 951 5724 in
981 5671 1238 5750 93903,,
1285 5669 1526 5750 c9dicep.
1562 5687 1691 5750 mss:
1720 5669 1918 5750 Bibljg-
2061 5680 2161 5750 _(t)
2202 5675 2508 5750 Qctiietrins
2550 5675 2844 5750 (ardemus,
2870 5669 3134 5732 adversus
3157 5695 3317 5748 quem
3364 5683 3582 5750 scripsit

355 5741 531 5814 theca:
563 5743 619 5796 S.
654 5742 916 5814 Manneia
977 5741 1257 5814 Yallicella
1289 5741 1373 5814 _in_
1404 5741 1558 5814 urbe,
1601 5743 1767 5796 refert
1825 5744 1918 5798 Ni-
2028 5741 2166 5798 alter
2219 5746 2539 5802 Demetrius.
2571 5741 2946 5814 Citrysoloras.
3112 5765 3113 5768 η

352 5813 470 5867 lum
503 5824 686 5866 contra
725 5811 1080 5863 Barlaamitas
1108 5819 1162 5863 ct
1203 5809 1631 5877 Acindynianos.
2101 5817 2176 5883 tu)
2209 5814 2336 5868 γωυ
2374 5815 2570 5868 auum
2597 5837 2652 5883 ﬂ,
2688 5809 2764 5866 De
2801 5831 3074 5884 consensu,
3103 5820 3199 5874 lib.
3237 5837 3293 5884 η’
3338 5838 3386 5877 ρ.
3425 5825 3506 5876 η.

681 5910 940 5969 PATROL.
989 5909 1093 5964 Gn.
1149 5903 1413 5966 CXLL‘L
3110 5914 3186 5971 .23
