4102 6294
378 383 487 444 705
1603 406 1697 464 DE
1766 409 1808 467 Ρ
1817 410 1858 466 Β
1875 410 1888 464 l
1904 409 1952 467 iri
1965 411 2110 470 ATU
2159 413 2240 469 ΡΛ
2253 411 2385 474 ἰδέ-Ε.
3501 425 3602 490 ’ἷεῖὃ

308 547 318 555 .
375 505 576 571 ἣκνυσε
614 519 716 574 γαρ
755 506 892 575 μετᾶ
926 511 1033 563 τῶν
1066 512 1240 568 ἄλλων
1267 518 1360 570 καὶ
1387 520 1572 586 αὐτὸς,
1596 541 1614 574 ι
1658 525 1912 594 Κηρύξατ

2014 581 2015 588 η
2046 529 2192 580 enim
2228 546 2331 583 una
2366 545 2488 583 cum
2520 531 2641 584 alifs
2666 531 2828 585 etiam
2864 533 2976 603 ipse
3011 552 3024 588 :
3055 554 3072 586 ι
3109 534 3403 593 Praidicate
3428 542 3605 597 Evan-

371 597 428 644 τὸ
463 594 792 663 Εὐαγγέλιον
823 602 969 673 πάσῃ
995 609 1070 675 τῇ-
1089 608 1285 663 κτίσει.
1324 629 1342 661 ι
1394 613 1452 666 Ὀ
1481 614 1535 667 δὲ
1568 616 1796 680 πάπποις
1823 621 1937 670 tini-

374 701 574 749 σκοπςς
615 687 831 758 Ῥώμης
879 698 969 747 καὶ
997 697 1108 750 ἔστι
1140 701 1236 754 καὶ
1267 702 1614 774 ὀνομάζεται.
1647 710 1755 762 Καὶ
1779 712 1806 762 6
1835 713 1935 780 μὲν

374 778 575 846 Πέτρος
615 782 672 833 ὲν
727 782 1030 859 Ἀντιοχείᾳ
1081 792 1181 858 μὲν
1214 793 1307 847 τὸν
1346 797 1490 851 δεῖνα
1520 805 1836 869 χειροτῡνεῖυ
1876 808 1933 857 ἐν

383 868 756 944 Ἀλεξανδρείᾳ
798 875 850 928 δὲ
883 878 1090 947 ἕτερον,
1134 885 1229 936 καὶ
1265 886 1420 938 ἄλλον
1447 889 1683 960 ἀλλαχοῦ
1711 909 1722 922 ο
1760 894 1836 963 τῷ
1875 896 1932 946 δὲ

379 959 594 1030 Ῥώμης
620 965 718 1016 οὐκ
750 969 958 1034 ἐφεῖται
986 973 1155 1027 ταῦτα
1184 981 1378 1034 ποιεῖν.
1412 982 1517 1033 Καὶ
1547 985 1574 1035 6
1605 985 1702 1052 μὲν
1728 986 1931 1057 Πέτρος

377 1053 592 1124 Ῥώμης
628 1059 924 1114 ἐπίσκοπον
950 1072 1280 1134 χειροτονεί-
1309 1072 1336 1121 ὀ
1362 1071 1417 1122 δὲ
1450 1073 1667 1145 Ῥώμης
1697 1079 1931 1153 πάππαν

2039 708 2221 762 Romae
2250 724 2354 775 est,
2387 722 2440 764 et
2467 723 2714 766 vocatur.
2746 714 2808 766 Et
2841 716 3036 769 Petrus
3069 718 3308 786 quidem,
3345 721 3508 774 alium
3545 725 3599 775 in

2037 801 2342 867 Antiochia,
2379 803 2546 856 alium
2597 808 2650 858 in
2699 806 3028 866 Alexandria
3064 809 3301 874 ordinat,
3333 821 3388 864 et
3431 813 3596 865 alium
3661 873 3666 880 ι

2033 893 2184 946 alibi.
2220 895 2402 949 Roma:
2439 911 2566 948 vero
2594 900 2851 966 episc0p0
2884 900 2997 953 h:ec
3037 916 3146 954 non
3179 903 3593 969 permittuntur.

2033 984 2098 1036 Et
2156 986 2350 1040 Petrus
2409 989 2666 1055 quidem,
2720 991 2906 1045 Romae
2962 995 3276 1063 epiSCOpum
3335 999 3592 1060 ortinat‘;

2033 1075 2215 1128 [lenite
2248 1093 2374 1130 vero
2409 1094 2570 1148 papa,
2608 1081 2772 1134 alium
2820 1101 3012 1152 papam
3055 1103 3162 1138 non
3202 1097 3372 1142 creat.
3405 1089 3594 1142 Petrus

2037 619 2236 686 gelium
2268 620 2534 676 universae
2562 631 2828 676 creaturae.
2853 626 2892 677 °.
2929 643 2947 675 ι
2983 627 3124 694 Papa
3152 643 3280 681 vero
3309 633 3602 701 episcopus
3680 643 3690 704 χ

365 1144 553 1213 ἕτερον
609 1149 672 1201 οὐ
724 1154 1106 1220 προϐάλλεται.
1143 1160 1248 1211 Καὶ
1290 1165 1315 1213 6
1361 1165 1458 1230 μὲν
1496 1144 1698 1236 Πέτρος
1745 1144 1928 1231 ἁπλῶς

363 1236 614 1304 ἤκουσεν,
649 1257 668 1290 ι
708 1244 772 1293 "O
821 1244 1069 1318 λῦσειςῆ
1115 1251 1315 1321 δήσεις,
1365 1255 1519 1309 ἔσται
1555 1258 1844 1328 λελυμένον
1892 1263 1923 1332 ἦ

325 1365 338 1372 .ι
362 1327 642 1396 δεδεμένον
691 1335 746 1385 ὲν
777 1339 884 1399 τοῖς
923 1340 1206 1408 οῦροινοῖς⁶
1249 1365 1266 1395 ι
1305 1349 1440 1416 πρὸς
1489 1350 1540 1401 δὲ
1575 1353 1662 1403 τὸν
1708 1353 1924 1423 Ῥώμης

363 1421 524 1484 αὐτὸς
573 1423 901 1492 διαϐιϐἁζων
949 1433 1046 1500 τὴν
1079 1435 1258 1502 χάριν,
1290 1439 1386 1509 οὐχ
1437 1441 1624 1503 ἁπλῶς
1675 1445 1922 1514 εἴρηκεν,

363 1512 517 1574 ἀλλὰ,
559 1532 578 1565 ι
622 1517 817 1584 Δήσεις
878 1520 912 1573 ἃ
967 1523 1049 1575 δεῖ
1093 1525 1332 1595 δεθῆναι,
1381 1541 1472 1584 καὶ
1535 1512 1924 1598 λύσεις-πάλιν

362 1606 498 1670 μετὰ
527 1606 619 1658 τοῦ
650 1609 878 1673 δέοντος,
925 1632 943 1664 ι
985 1616 1092 1667 Καὶ
1133 1618 1168 1670 ἃ
1201 1621 1298 1686 μὲν
1343 1619 1464 1675 εἷπε
1494 1627 1718 1696 Πέτρος,
1759 1632 1924 1682 Πνεῦ-

361 1714 527 1765 ματος
559 1701 714 1767 ἁγίου
747 1708 951 1771 φωναί·
1005 1710 1107 1762 ποῦ
1154 1713 1211 1764 δὲ
1268 1714 1438 1791 ταῦτα
1494 1721 1587 1772 καὶ
1616 1722 1691 1788 τῷ
1721 1723 1922 1794 πσὶπττᾳ⁸

357 1790 546 1853 κοινά;
584 1791 698 1844 Οὐκ
739 1795 844 1864 ἄρα
873 1796 1058 1852 λοιπὸν
1093 1803 1234 1856 κατὰ
1277 1790 1452 1862 πάντα
1485 1812 1512 1862 6
1552 1810 1769 1882 Ῥώμης
1801 1790 1920 1866 ὲπίὲ

2029 1167 2192 1218 etiam
2238 1167 2561 1236 simpliciter
2605 1173 2754 1226 audit
2791 1194 2805 1228 :
2850 1193 2865 1224 ι
2905 1175 3179 1246 Quidquid
3228 1181 3457 1235 solveris
3499 1191 3594 1236 aut
3649 1255 3656 1262 λ

2029 1253 2302 1322 ligaveris,
2351 1260 2459 1312 erit
2499 1262 2734 1315 solutum
2787 1277 2880 1319 aut
2931 1267 3151 1336 ligatum
3195 1271 3246 1323 in
3301 1274 3454 1327 caelis
3487 1277 3524 1326 ⁷.
3566 1296 3582 1326 ι

2028 1345 2084 1397 In
2115 1347 2420 1403 Romanum
2465 1363 2645 1406 autem
2681 1371 2869 1423 papam
2916 1359 3031 1426 ipse
3074 1363 3408 1418 transferens
3449 1367 3589 1419 hanc

2026 1439 2277 1505 gratiam,
2305 1458 2411 1495 non
2445 1444 2764 1512 simpliciter
2793 1449 2844 1501 id
2877 1450 3232 1520 absolutoque
3264 1455 3398 1508 dixit
3425 1475 3435 1508 :
3467 1458 3588 1519 scd,

2033 1545 2051 1578 ι
2081 1528 2296 1596 Ligabis
2320 1533 2464 1598 quod
2495 1534 2648 1603 ligari
2675 1548 2912 1605 Oportet,
2935 1552 2989 1593 et
3016 1542 3196 1596 solves
3223 1555 3412 1598 contra
3439 1550 3585 1614 quod

2024 1618 2159 1672 solvi
2206 1635 2305 1688 par
2357 1633 2458 1675 est.
2507 1643 2525 1673 ›
2569 1626 2789 1692 Adluec,
2821 1645 2940 1696 quae
2987 1631 3178 1687 Petrus
3225 1635 3383 1696 dixit,
3425 1653 3587 1692 voces

2023 1719 2150 1762 sunt
2178 1711 2416 1778 Spiritus
2446 1717 2641 1768 sancti.
2677 1717 2907 1773 Ubinam
2941 1738 3071 1777 vero
3099 1725 3212 1780 haec
3238 1728 3402 1781 etiam
3431 1744 3586 1798 papa:

2021 1809 2151 1856 sunt
2174 1805 2518 1858 communia?
2555 1807 2847 1878 Reliquum
2873 1822 2976 1874 est,
3015 1824 3073 1867 ut
3103 1832 3212 1868 non
3246 1819 3298 1870 in
3326 1822 3584 1876 omnibus

358 1895 560 1944 σκοπος
591 1884 684 1935 τοῦ
711 1887 916 1957 Πέτρου
959 1890 1228 1963 διάδοχος,
1260 1896 1394 1951 ἀλλὰ
1423 1902 1544 1952 κατ’
1583 1875 1768 1957 ἐκεῖνα
1819 1909 1912 1975 μό-

2025 1888 2209 1944 Romae
2253 1893 2542 1962 episcopus
2592 1897 2737 1951 Petri
2787 1901 2856 1953 sit
2904 1918 3208 1966 successor,
3240 1907 3334 1960 sed
3381 1908 3433 1961 in
3473 1911 3580 1963 illis

355 1989 466 2035 νον,
519 1976 663 2029 καθὰ
716 1981 809 2032 καὶ
861 1981 970 2034 τῶν
1022 1982 1113 2036 στιν
1170 1983 1378 2042 ὲκείνοῦ
1434 1997 1918 2064 χειροτονηθέντων

355 2062 584 2128 ἕκαστος
605 2082 620 2096 ο
658 2067 796 2122 ὥστε
824 2071 1069 2141 δηλονότι
1099 2077 1318 2147 δεσμεῖν
1353 2099 1408 2133 τε
1439 2085 1532 2136 καὶ
1571 2085 1742 2149 λύειν,
1775 2090 1915 2144 ὥστε

356 2155 660 2225 βαπτίζειν,
690 2162 830 2216 ὥστε
873 2165 1166 2236 διδάσκειν,
1203 2171 1341 2225 ὥστε
1395 2173 1743 2247 ἐπιστρέφειν
1791 2186 1913 2246 τοὺς

354 2250 419 2302 ὲκ
465 2250 563 2315 τῆς
603 2253 863 2324 ἀληθείας
899 2262 1338 2331 παρασυρέντας,
1373 2270 1466 2320 καὶ
1517 2272 1683 2324 τᾶλλα
1721 2278 1913 2340 ποιεῖν,

351 2339 434 2405 οἷς
479 2347 506 2397 6
556 2347 816 2419 ίεράρχης
859 2347 1493 2424 χαρακτηρίζεταινὌτι
1554 2364 1609 2416 δὲ
1655 2339 1916 2422 ἀδύνατον

352 2729 512 2780 μενος
545 2713 618 2783 μὴ
657 2715 815 2769 τοῦτο
846 2717 1056 2775 παθεῖν.
1090 2722 1310 2791 Ἐρωτῶ
1336 2727 1392 2780 δὲ
1428 2732 1520 2781 καὶ
1560 2731 1720 2784 τοῦτο
1749 2751 1762 2764 ·
1807 2734 1911 2785 Δύ-

299 2781 539 2876 ’να-σαι,
576 2809 604 2859 6
663 2807 892 2870 πάππας
943 2812 1190 2878 ψεύδους,
1244 2817 1697 2888 φιλοχρηματίας,
1750 2827 1913 2895 κενῆς

345 2895 526 2964 δόξης,
565 2899 658 2950 καὶ
683 2901 797 2952 τῶν
832 2901 1007 2955 ἄλλων
1039 2909 1420 2976 ἀπειρημένων
1449 2913 1624 2982 ἥττων
1653 2916 1908 2986 ὀφθῆναι,

345 2987 379 3057 ἢ
412 2990 505 3042 καὶ
537 2990 744 3045 τούτων
782 2994 1052 3067 ἀνώτερος
1081 3017 1092 3064 ;
1122 3001 1180 3051 ΕΞ
1212 3002 1310 3070 μὲν
1339 3003 1400 3074 δὴ
1429 3009 1696 3060 κάκείνων
1726 3013 1910 3080 κρείτ-

345 3093 476 3142 των,
524 3075 868 3135 είπάτωσαψ
923 3088 970 3136 εί
1005 3086 1061 3138 δὲ
1117 3087 1277 3141 τοῦτο
1329 3091 1482 3144 οὐδὲν
1543 3094 1724 3162 λέγειν
1771 3097 1907 3161 ἔστι,

351 3169 816 3242 (σφάλλεταιιγὰρ
868 3177 1114 3240 κάκεῖνος
1164 3180 1331 3234 πολλὰ
1377 3185 1503 3253 περὶ
1534 3186 1631 3256 τὴν
1656 3191 1906 3259 ησυνείδη-
1938 3209 1978 3265 C

349 3276 457 3325 σιν,
489 3261 770 3326 ἄν’)ρωπος
805 3263 924 3332 ὢν),
955 3267 1130 3336 δῆλον,
1174 3271 1261 3333 ὼς·
1280 3276 1407 3342 περὶ
1457 3275 1626 3328 ταῦτα
1657 3278 1909 3348 ἁμαρτά-

347 3371 472 3418 νων,
507 3354 778 3425 ἐνδέχεται
814 3359 907 3412 καὶ
944 3363 1072 3428 περὶ
1117 3361 1215 3430 τὴν
1250 3364 1435 3417 πίστιν
1485 3369 1740 3435 ναυάγιον
1776 3372 1909 3424 ὑπο-

350 3446 557 3514 στῆναι.
587 3447 755 3501 Τοῦτο
781 3457 872 3505 καὶ
905 3454 930 3505 6
959 3454 1225 3524 μακάριος
1263 3457 1394 3524 φησὶ
1425 3459 1628 3522 Παῦλσς
1657 3462 1906 3533 Τιμοθέῳ
1937 3515 1940 3518 ,

350 3541 609 3608 γράφων·
643 3561 661 3593 ί
707 3543 882 3612 Ἐχων
931 3545 1114 3596 πίστιν
1175 3549 1264 3629 καί
1313 3549 1522 3620 ἀγαθὴν
1575 3554 1900 3621 συνείδησιν,

342 3633 411 3702 ἥν
440 3650 576 3698 τινες
605 3635 979 3703 ἀπωσάμενοι,
1003 3639 1091 3688 καὶ
1125 3644 1250 3706 περὶ
1283 3641 1465 3695 πίστιν
1487 3645 1849 3712 ἐναυάγησαν.
1877 3665 1896 3697 ι

315 3714 512 3794 ί⁹υρᾷς
539 3724 612 3786 ὡς
648 3725 736 3776 τὸν
771 3727 899 3792 περὶ
937 3727 1238 3798 συνείδησιν
1271 3731 1366 3799 οὐχ
1404 3721 1728 3799 ὑγιαίνοντί
1755 3736 1901 3787 ἐνδέ-

333 3830 489 3884 χεται
523 3814 617 3866 καὶ
651 3816 777 3882 περὶ
810 3815 908 3885 τὴν
943 3817 1122 3870 πίστιν
1153 3820 1478 3890 ἀσθενὴσαη
1517 3825 1577 3876 Εἰ
1613 3825 1668 3876 δὲ
1695 3827 1722 3878 6
1752 3827 1902 3879 πάπ-

335 3924 442 3970 πας
471 3908 530 3960 οὐ
565 3907 742 3976 πάντη
775 3907 844 3959 τὰ
880 3912 1008 3978 περὶ
1043 3910 1140 3978 τὴν
1181 3911 1485 3982 συνείδησιν
1519 3916 1695 3986 ὑγιὴς,
1729 3917 1804 3986 τῷ
1843 3921 1900 3972 δὲ

331 4001 562 4071 τοιούτῳ
607 4002 699 4053 καὶ
743 4003 1040 4072 ἀσθενῆσαι
1075 4006 1200 4073 περὶ
1246 4004 1344 4075 τὴν
1372 4007 1556 4060 πίστιν
1590 4009 1895 4079 ἐνδέχεταιο

328 4091 526 4161 ψεῦδος
559 4094 763 4158 λοιπὸν,
794 4095 868 4155 ὡς
905 4095 1168 4148 ἀδύνατον
1201 4095 1292 4148 τὸν
1321 4097 1550 4152 πάππαν
1579 4100 1686 4152 τῶν
1724 4102 1900 4170 ὀρθῶν

328 4186 586 4238 ἐκπεσεῖν
615 4185 920 4254 δογμάτων.
951 4187 1088 4238 Λῦτὸ
1130 4188 1186 4239 δὲ
1218 4188 1278 4240 τὸ
1301 4190 1429 4258 περὶ
1457 4191 1554 4259 τὴν
1592 4194 1898 4263 συνείδησιν

327 4277 666 4345 ἁμαρτάνειν
700 4279 798 4330 οὐκ
837 4277 974 4344 εἶδος
1000 4282 1182 4344 ἀθεϊας
1214 4285 1358 4348 ἑστί;
1396 4302 1413 4335 ι
1457 4286 1586 4338 Θεὸν
1626 4293 1751 4361 γὰρ,
1799 4310 1898 4362 φη-

326 4372 417 4422 σὶν
443 4371 471 4421 6
502 4370 732 4436 Παῦλος,
763 4375 876 4435 τοῖς
923 4373 1021 4442 μὲν
1073 4375 1254 4444 λόγοις
1299 4378 1676 4446 ὁμολογοῦσιν,
1713 4386 1820 4445 τοῖς
1850 4386 1896 4436 δ’

324 4462 513 4532 ἔργοις
567 4463 879 4533 ἀρνοῦνται.
916 4483 934 4516 ι
972 4465 1094 4530 Πῶς
1131 4467 1221 4520 οῦν
1271 4468 1453 4537 ἔργοις
1489 4473 1588 4538 μὲν
1621 4473 1890 4543 ἐνδέχεται

2028 1989 2234 2036 tantum
2261 2001 2380 2053 quae
2409 1986 2670 2052 diximus,
2695 2000 2753 2044 ut
2777 2002 2832 2046 et
2861 1997 3237 2066 unusquisque
3266 2015 3456 2053 eorum
3486 2002 3581 2070 qui

2024 2075 2092 2128 ab
2130 2077 2247 2144 ipso
2288 2089 2416 2133 sunt
2441 2082 2677 2135 ordinati
2715 2100 2728 2134 τ
2765 2093 2822 2138 ut
2847 2086 3022 2140 solvat
3053 2102 3109 2143 et
3139 2091 3286 2160 liget,
3322 2103 3380 2145 ut
3407 2093 3585 2162 bapti-

2024 2177 2127 2231 zet,
2158 2179 2218 2220 ut
2247 2168 2460 2233 doceat,
2490 2182 2547 2224 ut
2579 2189 2606 2225 a
2640 2176 2871 2230 veritate
2899 2169 3116 2232 avolsos
3154 2180 3208 2233 in
3241 2183 3381 2236 viam
3413 2186 3581 2238 redu-

2023 2267 2129 2319 cat,
2164 2259 2380 2328 aliaque
2418 2265 2600 2318 munia
2631 2267 2812 2332 obeat,
2843 2270 3041 2336 quibus
3068 2259 3358 2342 episcopus
3389 2288 3472 2330 est
3503 2277 3584 2330 in-

2022 2348 2274 2415 signitus.
2301 2349 2453 2416 Quod
2483 2369 2612 2407 vero
2636 2358 2971 2424 impossibile
2993 2362 3064 2414 sit
3087 2379 3278 2431 papam
3303 2382 3332 2419 a
3358 2368 3582 2422 rectitu-

2021 2437 2149 2493 dine
2198 2441 2512 2510 dogmatum
2562 2445 2855 2512 aberrare,
2902 2451 2954 2503 id
3007 2451 3179 2520 ipsius
3225 2456 3387 2510 etiam
3431 2459 3580 2512 Petri

2020 2533 2420 2586 successionem
2467 2537 2702 2592 excedit.
2741 2540 2834 2594 Ille
2874 2543 3018 2595 enim
3055 2546 3219 2599 etiam
3266 2551 3489 2620 impegit
3526 2562 3582 2606 et

2019 2623 2206 2692 lapsus
2243 2636 2348 2690 est,
2383 2631 2731 2694 quantumvis
2764 2634 3115 2690 vehementer
3145 2655 3484 2698 asseveraret
3523 2661 3581 2699 se

2019 2720 2124 2769 hoc
2167 2732 2272 2769 non
2323 2721 2712 2775 admissurum.
2746 2727 2814 2778 At
2859 2743 2960 2796 ego
3001 2729 3105 2783 hoc
3149 2747 3366 2801 quoque
3409 2735 3582 2790 inter-
3643 2794 3646 2802 ,

2018 2822 2148 2877 rogo
2179 2826 2191 2860 :
2217 2811 2297 2862 An
2326 2821 2381 2864 et
2409 2828 2544 2881 papa
2575 2817 2765 2881 possit,
2799 2820 3107 2885 mendacio,
3138 2826 3402 2890 avaritize,
3431 2829 3577 2884 inani

2017 2899 2224 2967 gloriae,
2274 2903 2504 2971 aliisque
2548 2907 2713 2961 rebus
2761 2910 2945 2964 vetitis
2991 2927 3110 2966 esse
3156 2917 3448 2983 obnoxius,
3509 2935 3576 2975 an

2018 3006 2146 3045 vero
2190 2996 2258 3047 ab
2291 2996 2374 3049 his
2407 2999 2564 3064 plane
2597 2999 2666 3052 sit
2699 3001 2989 3057 immunis?
3019 3004 3073 3058 Si
3105 3007 3174 3060 ab
3206 3007 3292 3061 his
3325 3012 3581 3068 immunis

2016 3089 2118 3147 est,
2153 3083 2223 3136 ita
2254 3096 2311 3136 ut
2341 3085 2453 3140 haec
2483 3088 2534 3139 in
2559 3088 2733 3156 ipsum
2755 3092 2950 3147 cadere
2983 3111 3090 3149 non
3130 3100 3363 3166 possint,
3392 3102 3579 3157 dicant

2016 3188 2168 3228 sane.
2202 3175 2273 3230 At
2305 3177 2349 3231 si
2383 3177 2486 3244 hoc
2519 3196 2712 3234 vanum
2744 3193 2826 3236 est
2855 3183 3002 3238 dictu
3036 3199 3208 3253 (errat
3235 3193 3378 3245 enim
3408 3197 3574 3248 etiam

2010 3263 2104 3317 ille
2138 3265 2190 3318 in
2228 3268 2433 3327 multis,
2465 3278 2693 3335 testante
2724 3287 2824 3326 sua
2864 3275 3036 3344 ipsius
3065 3280 3424 3347 conscientia,
3450 3299 3574 3338 cum

2009 3358 2080 3410 sit
2121 3358 2330 3427 homo),
2372 3361 2719 3416 ntauifestum
2769 3368 3014 3433 profecto
3047 3380 3130 3423 est
3162 3374 3328 3440 quod,
3363 3392 3487 3430 cum
3517 3381 3573 3432 in

2009 3449 2095 3502 bis
2147 3460 2351 3517 peccet,
2383 3453 2546 3506 etiam
2591 3456 2735 3510 circa
2787 3459 2948 3512 tidem
2999 3463 3338 3533 naufragium
3395 3468 3572 3526 facere

2008 3541 2194 3608 possit.
2225 3544 2379 3608 Quod
2427 3547 2602 3614 ipsum
2646 3548 2840 3603 beatus
2879 3551 3078 3606 Paulus
3117 3565 3349 3611 testatur
3381 3558 3572 3616 Timo-

2009 3629 2135 3683 theo
2161 3633 2410 3687 scribens
2438 3651 2451 3685 :
2488 3653 2505 3684 ι
2542 3630 2759 3690 H'abens
2793 3639 2949 3692 [idem
2977 3651 3032 3693 et
3061 3643 3259 3698 bonam
3287 3652 3574 3706 conscien-

2006 3723 2167 3787 tiam;
2201 3739 2363 3792 quam
2403 3726 2624 3793 quidam
2673 3730 3024 3798 repellentes,
3067 3735 3210 3790 circa
3242 3739 3402 3793 ﬁdem
3437 3758 3573 3798 nau-

2005 3813 2236 3881 fragium
2273 3813 2522 3870 l‘ecerunt
2551 3817 2590 3870 ⁸.
2634 3836 2652 3868 ι
2687 3819 2946 3882 Videsne,
2994 3838 3119 3876 eum
3165 3829 3257 3894 qui
3306 3845 3437 3884 sana
3482 3835 3571 3886 in-

2004 3912 2263 3973 tegraque
2311 3907 2646 3962 conscientia
2688 3924 2794 3962 non
2841 3913 2934 3976 sit,
2981 3916 3162 3968 etiam-
3207 3919 3350 3973 circa
3402 3922 3565 3978 ﬁdem

2002 3996 2141 4049 male
2193 3995 2444 4050 allectum
2493 4013 2610 4052 esse
2659 4003 2858 4068 posse?
2903 4004 2962 4060 Si
2995 4021 3124 4060 vero
3164 4024 3301 4078 papa
3349 4028 3458 4066 non
3509 4017 3566 4071 in

2001 4086 2318 4140 universum
2354 4103 2536 4142 sanam
2579 4089 2740 4145 habet
2774 4098 3191 4163 conscientiam,
3223 4092 3404 4172 eaque.
3445 4108 3561 4176 ipsa

2000 4180 2212 4232 ratione
2238 4180 2400 4232 etiarn
2433 4181 2574 4234 circa
2603 4181 2762 4236 ﬁdem
2791 4187 2930 4240 male
2956 4187 3184 4246 allectus
3206 4208 3326 4248 esse
3359 4206 3560 4264 potest,

1997 4269 2236 4322 alienum
2270 4279 2420 4325 certe
2452 4287 2481 4325 a
2516 4274 2745 4328 veritate
2779 4286 2882 4341 est,
2917 4295 3110 4348 papam
3155 4297 3185 4337 a
3230 4287 3563 4345 rectitudine

1997 4361 2310 4430 dogmatum
2364 4364 2512 4417 nulla
2572 4368 2783 4422 ratione
2835 4371 3091 4427 aberrare
3147 4391 3325 4443 posse.
3376 4379 3562 4449 ipsum

1996 4467 2127 4506 vero
2179 4453 2336 4518 illud,
2377 4454 2524 4510 circa
2578 4461 2969 4515 conscientiam
3032 4480 3282 4533 peccare,
3325 4486 3393 4525 an
3449 4490 3560 4530 non

319 4551 421 4602 τὸν
444 4555 674 4606 πάππαν
699 4545 988 4623 ἀρνεῖσθαι
1004 4557 1156 4621 Θεὸν,
1179 4559 1356 4624 λόγοις
1383 4561 1436 4612 δὲ
1465 4563 1712 4629 οὐδαμῶς
1737 4582 1750 4628 ;
1781 4567 1890 4618 Καὶ

2014 4547 2210 4613 lpeDies
2231 4556 2314 4599 est
2338 4546 2634 4616 impietatis
2657 4550 3090 4622 defectionisque
3115 4574 3144 4611 a
3171 4559 3318 4614 Deo?
3344 4582 3362 4614 ι
3390 4563 3558 4620 Deum

331 4640 592 4712 Ὀνώριος
645 4643 703 4698 δὲ
770 4643 990 4715 Ῥώμης
1046 4649 1344 4712 ἐπίσκοπος
1414 4653 1522 4704 τῶν
1595 4655 1770 4723 ὀρθῶν
1828 4676 1888 4710 τε

316 4732 486 4802 ὲξέὅη
534 4734 846 4803 δογμάτων,
875 4737 968 4789 καὶ
1019 4740 1168 4810 παρὰ
1193 4741 1288 4806 τῆς
1319 4741 1480 4809 ἁγίας
1517 4747 1607 4796 καὶ
1638 4746 1890 4813 οἰκουμε-

315 4823 482 4890 νικῆς
508 4825 674 4896 ἕκτης
707 4828 923 4880 συνόδου
960 4830 1432 4898 ἀποκεκήρυκται.
1465 4835 1586 4887 Ὅτι
1620 4836 1674 4888 δὲ
1715 4835 1887 4890 ταῦτα

314 4918 520 4987 ἀληθῆ,
549 4919 821 4981 ἀνάγνωθι
851 4921 1054 4990 ταύτην
1083 4922 1182 4991 τὴν
1227 4919 1552 4994 μαρτυρίαν·

1995 4635 2163 4700 enim,
2231 4636 2413 4706 inquit
2455 4639 2676 4704 Paulus,
2715 4645 2898 4700 verbis
2937 4647 3159 4714 quidem
3210 4653 3558 4722 proﬁtentur,

1995 4728 2257 4796 operibus
2287 4741 2466 4785 autem
2499 4733 2770 4802 abnegant
2797 4737 2837 4787 ’.
2871 4754 2888 4786 ι
2922 4737 3206 4802 Quomodo
3235 4743 3414 4812 itaque
3441 4747 3559 4802 ﬁeri

1993 4830 2174 4885 potest
2219 4830 2278 4874 ut
2324 4837 2462 4892 papa
2513 4827 2768 4893 Operihus
2816 4828 3036 4896 quidem
3089 4832 3258 4886 Deum
3307 4836 3556 4906 abneget,

1997 4912 2179 4966 verbis
2211 4925 2393 4968 autem
2436 4918 2819 4986 nequaquam?
2854 4921 3018 4989 Atqui
3059 4921 3334 4979 Honorius
3375 4927 3560 4982 Romae

311 5012 615 5082 episc0pus
667 5029 698 5067 a
746 5016 1079 5071 rectitudine
1161 5018 1476 5088 dogmatum
1555 5026 1869 5092 aberravit;
1910 5041 1964 5085 et
2002 5034 2222 5102 quidem
2281 5052 2309 5089 a
2364 5048 2550 5092 sancta
2611 5048 2663 5093 et
2724 5040 3015 5095 universali
3075 5044 3283 5112 synodo
3345 5047 3559 5114 publice

311 5108 613 5163 damnatus
659 5119 764 5163 cst.
802 5109 956 5176 Quod
1006 5122 1188 5187 autem
1241 5113 1353 5168 haec
1402 5116 1474 5168 ita
1521 5132 1578 5171 se
1609 5119 1866 5186 habeant,
1907 5123 2024 5192 lege
2058 5127 2161 5181 hoc
2195 5129 2606 5188 testimonium:

326 5223 466 5279 Ἀπὸ
491 5218 598 5292 τῆς
626 5222 702 5288 ις’
733 5224 1147 5300 πράξεως-τῶν
1178 5230 1525 5300 Πέ.τακτικῶν
1554 5232 1666 5300 τῆς
1695 5235 1890 5286 οἰκου-

651 5328 674 5338 ο
696 5295 948 5364 perm-ﬂe
992 5295 1172 5362 ἕκτης
1217 5299 1503 5353 συνόδου.

399 5405 465 5457 Ἥ
506 5405 638 5472 ἁγία
692 5407 906 5470 σύνοδος
957 5402 1117 5459 εἷπε·
1164 5426 1182 5457 ι
1231 5408 1366 5471 Τοὺς
1414 5410 1667 5477 καθάπαξ
1723 5430 1889 5466 κατα-

305 5496 540 5566 κρίτους
573 5497 1015 5566 ἀποδειχθέντας,
1056 5499 1150 5550 καὶ
1187 5499 1326 5551 κατὰ
1376 5500 1651 5569 ἀπόφασιν
1697 5503 1892 5573 ἡμετέ-

305 5607 422 5661 ραν
453 5589 553 5658 ἢδη
587 5591 952 5658 ἐκϐληθέντας
988 5593 1050 5643 ὲκ
1097 5593 1204 5645 τῶν
1243 5593 1404 5660 ἱερῶν
1437 5594 1740 5674 διπτύχων,
1770 5597 1888 5649 δέον

1987 5239 2072 5290 Ea:
2101 5239 2300 5291 decimo
2331 5255 2477 5296 sexta
2518 5243 2722 5296 decreto
2754 5229 3001 5298 Actorum
3039 5256 3199 5300 sexta:
3228 5251 3559 5304 acumenij

2679 5319 2885 5385 synodi.

2057 5413 2256 5470 Sancta
2310 5421 2552 5488 synodus
2584 5420 2765 5476 dixit:
2816 5441 2832 5473 ι
2864 5424 3010 5488 Quos
3053 5428 3219 5480 semel
3270 5428 3554 5482 damnatos

1985 5505 2404 5570 deelaravimus,
2441 5519 2737 5577 nostroque
2780 5511 2999 5566 decreto
3041 5531 3070 5568 e
3109 5517 3284 5570 sacris
3316 5517 3557 5570 volumi-

1982 5599 2146 5652 nibus
2172 5599 2462 5660 erasimus,
2494 5615 2592 5654 cos
2625 5603 2919 5656 statuimus
2957 5617 3212 5674 oportere
3248 5609 3412 5660 etiam
3452 5623 3553 5674 per

302 5684 628 5753 καθέστηκε
672 5685 766 5738 καὶ
798 5687 877 5747 εἰς
915 5687 1011 5746 τὰς
1046 5684 1334 5753 ὲκὸοήσεις
1370 5686 1592 5750 τούτους
1626 5688 1886 5756 ὀνομαστὶ

2014 5691 2442 5746 ιι-οοιοηιειιὶοιιεε
2498 5679 2744 5770 publicas
2800 5695 3124 5752 nominatim
3184 5699 3554 5758 anathemati-

388 5829 408 5858 ⁶
448 5824 612 5878 Marc.
654 5840 764 5888 xw,
798 5823 882 5880 15.
967 5825 982 5853 ⁷
1013 5823 1202 5878 Matth.
1233 5839 1385 5888 xvnt,
1417 5825 1500 5878 18.

1577 5825 1639 5878 ⁸1
1672 5825 1813 5880 Tim.
1851 5829 1890 5894 l,
1927 5829 2005 5881 ιν.

2090 5831 2109 5861 ⁹
2150 5829 2254 5883 Tit.
2291 5847 2324 5893 ι,
2377 5833 2460 5884 £6.
