4102 6294
515 376 615 442 7.1

1670 379 1718 435 N
1734 381 1748 435 l
1763 377 1834 437 LI
1878 373 2166 434 TIIESSA
2179 370 2626 432 [.ONICENSIS

3647 361 3750 424 712

516 495 740 563 primae;
781 503 839 548 ut
875 495 1062 550 videas
1093 495 1370 549 decretum
1406 493 1596 554 fuisse,
1635 503 1692 547 ut
1737 483 1876 560 parti
1929 491 2080 544 orbis

2186 492 2433 558 ράρχας;
2474 486 2776 553 Ἀνὰγνωίλι
2825 486 3026 540 κανόνα
3079 486 3238 538 ἕκτον
3289 484 3384 553 τῆς
3433 483 3592 551 ἁγίας
3653 488 3748 538 καὶ

517 598 788 661 terrarum
821 585 1242 652 Alexandrinus,
1277 586 1414 655 parti
1443 571 1740 646 Romanus,
1779 583 1918 650 parti
1947 597 2077 633 vero

517 681 890 733 Antiochenus
917 679 1097 746 praesit
1124 719 1138 741 ,
1173 661 1356 744 neque
1391 677 1556 731 licere
1577 673 1762 738 alteri,
1783 673 1957 726 aliena
1994 673 2079 725 in-

517 771 735 823 vadere.
767 771 951 824 Canon
985 769 1056 822 ita
1105 769 1268 823 habet
1295 787 1309 822 :
1341 770 1578 837 Antiqua
1609 767 1954 822 consuetudo
1983 779 2080 817 va-

519 865 646 928 leat,
673 878 792 931 qua:
826 864 877 914 in
915 861 1168 930 Aﬁgypto,
1201 861 1368 938 Libya
1405 869 1458 914 et
1494 859 1776 926 Pentapoli
1810 857 2076 919 obtinuit;

518 967 578 1010 ut
613 956 1017 1021 Alexandrinus
1048 955 1358 1023 patriarcha
1398 955 1450 1006 in
1486 953 1600 1006 lia‘c
1631 952 1812 1006 omnia
1842 959 2080 1020 potesta-

517 1059 624 1102 tem
670 1050 889 1102 habeat.
921 1047 1370 1114 Quandoquidem
1429 1057 1484 1099 et
1531 1047 1778 1099 Romano
1821 1045 2079 1113 episcopo

517 1143 632 1194 ha-c
659 1142 772 1214 ipsa
803 1140 1146 1194 consuetudo
1189 1149 1292 1194 est.
1336 1137 1599 1192 Similiter
1638 1152 1770 1190 vero
1810 1137 1974 1190 etiam
2024 1135 2079 1188 in

516 1235 824 1292 Antiochia,
863 1231 1116 1284 similiter
1149 1242 1206 1285 et
1239 1232 1292 1284 in
1339 1230 1568 1298 reliquis
1606 1229 1926 1298 provinciis,
1967 1242 2080 1281 sua;

515 1329 714 1394 cuique
759 1325 1013 1400 Ecilesia:
1051 1322 1426 1390 praerogativa:
1468 1329 1886 1376 conserventur.
1919 1339 1936 1372 ι
1971 1321 2082 1375 Au-

517 1418 622 1478 dis,
657 1431 766 1486 quo
795 1425 951 1484 parto
987 1423 1228 1468 veterum
1264 1415 1483 1468 Patrum
1514 1414 1731 1486 decreta
1767 1428 1940 1466 canon
1968 1427 2082 1465 am-

518 1509 804 1578 plectenda
836 1523 956 1562 esse
983 1517 1222 1572 censeat,
1260 1507 1352 1574 qui
1406 1506 1632 1574 singulis
1669 1505 1916 1572 ecclesiis
1945 1519 2080 1571 prae-

519 1599 791 1668 rogativas
849 1599 1181 1661 tribuerunt,
1248 1607 1306 1651 ut
1385 1593 1670 1650 nimirum‘
1714 1597 1832 1648 alite
1891 1606 2080 1664 gentes

519 1689 886 1742 Alexandrino
904 1689 1159 1756 subjecta:
1181 1696 1380 1746 essent.
1408 1685 1914 1756 aliatAntiocheno;
1939 1700 2080 1753 qua:-

519 1795 734 1846 cunque
792 1753 1048 1831 videlicet
1107 1775 1353 1845 Syriam,
1399 1783 1454 1827 et
1493 1753 1779 1841 utramque
1834 1773 2078 1827 Ciliciam

2181 580 2566 648 οξκουμενικῆς
2601 577 2824 650 πρώτης
2858 578 3103 640 συνόδου,
3142 577 3208 630 ἵν’
3235 577 3402 646 εἰδῇς,
3431 577 3510 640 ὡς
3549 577 3750 647 μέρους

2185 671 2282 740 μὲν
2314 674 2341 724 ὁ
2371 669 2798 738 Ἀλεξανδρείας,
2829 671 3030 740 μέρους
3073 659 3134 723 ’δέ
3161 670 3258 738 τῆς
3289 671 3613 740 οἰκουμένης
3645 673 3746 740 ἄρ-

2181 781 2293 834 χειν
2333 767 2360 816 ὁ
2397 765 2618 833 Ῥώμης
2643 763 2858 833 ἐκρίθη,
2891 764 3090 834 μέρους
3118 764 3174 817 δὲ
3201 767 3228 818 ὁ
3256 763 3617 832 Ἀντιοχείας,
3649 763 3750 815 καὶ

2181 855 2254 915 ὡς
2287 855 2384 908 οὐκ
2412 855 2621 918 ἔξεστιν
2655 856 2829 924 ἑτέρῳ
2859 859 2971 916 τοῖς
3007 854 3310 925 ἀλλοτρίοις
3345 855 3618 922 ἐπιπηδεῖν
3641 869 3655 882 ·
3687 853 3746 914 ὃς

2183 962 2355 1014 φησι·
2397 964 2416 996 ι
2448 947 2528 999 Τὰ
2575 949 2776 1016 ἀρχαῖα
2806 946 2898 1014 ἔθη
2959 945 3244 1015 κρατείτω,
3274 945 3344 996 τὰ
3383 945 3441 996 ἐν
3483 943 3748 1011 Αἰγύπτῳ

2181 1040 2275 1090 καὶ
2309 1039 2484 1111 Λιϐύῃ
2516 1040 2608 1092 καὶ
2643 1040 2975 1092 Πενταπόλει
3003 1054 3015 1067 ·
3045 1037 3186 1090 ὥστε
3215 1037 3306 1090 τὸν
3339 1035 3748 1103 Ἀλεξανδρείας

2173 1119 2479 1182 ’ἐπίσκοπον
2509 1131 2722 1184 πάντων
2749 1132 2954 1190 τούτων
2986 1130 3130 1199 ἔχειν
3161 1130 3262 1200 τὴν
3291 1128 3566 1193 ἐξουσίαν.
3589 1127 3747 1178 Ἐπεὶ

2181 1222 2276 1274 καὶ
2305 1222 2378 1290 τῷ
2413 1224 2468 1273 ὲν
2501 1225 2566 1292 τῇ
2611 1221 2800 1294 Ῥώμῃ
2830 1223 3113 1289 ἐπισκόπῳ
3137 1220 3294 1273 τοῦτο
3321 1219 3550 1289 σύνηθές
3576 1220 3746 1276 ἐστιν.

2193 1312 2425 1382 Ὁμοίως
2474 1315 2653 1366 δὲκαὶ
2711 1315 2850 1367 κατὰ
2906 1316 3004 1383 τὴν
3053 1313 3349 1383 Ἀντιόχου,
3381 1315 3475 1366 καὶ
3524 1313 3583 1364 ἐν
3627 1315 3749 1374 ταῖς

2182 1405 2368 1470 ἄλλαις
2404 1409 2716 1475 ἐπαρχίαις,
2751 1409 2818 1462 τὰ
2871 1407 3136 1475 πρεσϐεῖα
3169 1405 3439 1469 σώζεσθαι
3483 1409 3602 1468 ταῖς
3627 1407 3750 1458 Ἐκ-

2181 1500 2428 1568 κλησίαις
2469 1500 2604 1568 (57).
2653 1518 2670 1550 ι
2717 1499 2962 1563 Ἀκούεις
2989 1501 3137 1560 ὅπως
3175 1499 3298 1563 τοὺς
3343 1498 3607 1569 ἀρχαίους
3635 1499 3746 1550 τῶν

2185 1591 2410 1662 Πατρῶν
2442 1591 2675 1662 θεσμοὺς
2729 1594 2756 1644 ό
2801 1591 2984 1646 κανὼν
3019 1592 3267 1660 στέργειν
3313 1591 3488 1644 οτεται
3523 1591 3653 1654 δεῖν,
3695 1590 3746 1642 ui

2179 1684 2289 1736 τῶν
2331 1685 2633 1754 ἐκκλησιῶν
2667 1687 2870 1756 ἑκάστῃ
2906 1687 2975 1738 τὰ
3025 1686 3292 1754 πρεσϐεῖα
3323 1684 3641 1754 ἐνείμαντο⁴
3672 1684 3748 1745 ὡς

2184 1776 2250 1829 τᾶ.
2290 1777 2388 1842 μὲν
2409 1777 2514 1830 τῶν
2541 1777 2710 1830 ἐθνῶν
2755 1776 3078 1830 ὑποκεῖσθαι
3108 1776 3186 1844 τῷ
3213 1775 3640 1844 Ἀλεξανδρείας,
3679 1777 3750 1828 τὰ

521 1871 792 1930 incolunt,
820 1880 874 1924 et
900 1868 1294 1938 Caelo—Syriam
1329 1877 1384 1921 et
1412 1867 1874 1936 Mesopotamiam,
1909 1864 2080 1934 quod-

2186 1870 2238 1922 δὲ
2269 1870 2346 1938 τῷ
2374 1868 2726 1945 Ἀντιοχείας,
2763 1871 2861 1922 ὅσα
2899 1869 3097 1938 δηλαδὴ
3148 1871 3244 1938 τὴν
3274 1871 3472 1936 Συρίαν
3509 1873 3602 1922 καὶ
3647 1873 3752 1924 Ki-

520 1979 626 2028 que
665 1965 908 2017 Romano
945 1962 1204 2031 episcopo
1241 1963 1341 2015 hoc
1380 1963 1565 2014 datum
1595 1969 1698 2023 est,
1739 1959 1993 2012 videlicet
2025 1967 2083 2010 ut

521 2056 964 2110 Occidentalibus
990 2056 1195 2125 praesit.
1246 2055 1776 2122 llierosolymitanus
1807 2069 1937 2107 vero
1968 2052 2086 2120 epi-

521 2161 720 2214 scopus
747 2149 828 2214 (ut
857 2147 1121 2213 septimus
1149 2145 1392 2214 ejusdem
1427 2144 1620 2215 synodi
1659 2159 1834 2197 canon
1867 2141 2083 2212 deﬁnit)

524 2222 753 2290 urbibus
801 2251 920 2304 qua:
967 2235 1022 2288 in
1071 2234 1377 2300 Palaestina,
1429 2235 1730 2299 Phoenicia,
1786 2244 1842 2288 et
1887 2234 2086 2287 Arabia

523 2329 640 2381 sitae
679 2337 827 2392 sunt,
871 2336 1089 2396 praeest.
1145 2327 1257 2380 Sub
1300 2328 1902 2396 Constantinopolitano
1953 2343 2086 2381 vero

522 2421 651 2474 sede
691 2421 774 2486 (ut
810 2419 1101 2472 vicesimus
1151 2427 1370 2471 octavus
1412 2428 1622 2485 quartae
1671 2417 1876 2490 synodi
1908 2433 2082 2472 canon

523 2509 733 2576 deﬁnit)
765 2523 957 2560 omnes
980 2507 1114 2560 Asiw
1145 2506 1430 2568 dicrceses,
1453 2517 1505 2559 et
1529 2507 1706 2568 Ponti,
1735 2515 1792 2560 et
1819 2507 2082 2561 Thraciae.

525 2601 582 2652 Si
621 2601 803 2667 itaque
849 2599 1232 2665 unusquisque
1265 2599 1379 2652 suis
1429 2596 1628 2650 finibus
1669 2595 1742 2650 sit
1772 2605 2083 2664 contentus,

524 2693 772 2744 ordinem
809 2689 1116 2742 institutum
1166 2687 1445 2741 observat.
1500 2685 1554 2740 Si
1602 2685 1728 2754 quis
1767 2703 1918 2751 vero,
1961 2701 2086 2740 cum

523 2793 648 2837 suas
676 2769 930 2844 retineat,
961 2780 1166 2832 alienas
1197 2777 1357 2830 etiam
1389 2778 1649 2831 ecclesias
1682 2777 1884 2846 iniquis
1910 2779 2086 2832 oculis

521 2873 714 2940 asliicit
745 2890 758 2926 :
795 2873 859 2932 is.
892 2871 1008 2924 ﬁeri
1050 2885 1156 2922 non
1192 2879 1390 2938 potest,
1421 2869 1554 2937 quin
1581 2878 1829 2922 veterum
1861 2868 2082 2923 Patrum

525 2963 771 3017 instituta
795 2962 981 3015 violet.
1018 2959 1084 3013 At
1115 2975 1290 3014 canon
1323 2959 1426 3013 hoc
1457 2974 1564 3012 non
1599 2959 1735 3018 vult,
1771 2957 1887 3018 sed.
1927 2977 1944 3010 ι
1977 2959 2084 3013 An-

522 3055 693 3122 tiqua,
743 3053 946 3120 inquit,
995 3050 1336 3106 consuetudo
1394 3051 1567 3104 valeat
1621 3068 1638 3100 ι
1698 3050 1987 3104 Enimvero
2037 3050 2084 3103 si

521 3147 740 3200 climata
767 3145 920 3198 orbis
951 3154 1221 3198 terrarum
1267 3159 1442 3198 canon
1485 3143 1712 3212 singulis
1760 3143 2083 3197 universali-

523 3237 622 3290 bus
669 3237 938 3305 episcopis
983 3236 1389 3299 distribuisset,
1445 3235 1584 3288 nihil
1629 3250 1762 3288 vero
1813 3234 2083 3304 praeﬁnita

523 3328 785 3382 Romanu:
815 3327 929 3380 sedi
962 3326 1342 3392 attribuisset;
1384 3328 1477 3381 sed
1531 3327 1708 3380 solum
1747 3341 1874 3380 eum
1917 3326 2083 3379 dixis-

522 3427 606 3471 set
663 3419 1026 3485 principatum
1083 3418 1395 3486 accepissc:
1469 3417 1860 3471 verisimiliter.
1895 3415 2084 3484 utique

521 3510 821 3563 existimari
849 3518 1057 3578 posset,
1095 3519 1268 3563 totum
1292 3510 1480 3563 orbem
1514 3521 1779 3564 terrarum
1815 3509 1919 3578 ipsi
1949 3508 2083 3562 sub-

518 3601 724 3670 jectum
757 3616 897 3662 esse,
929 3611 982 3654 el
1017 3601 1354 3655 universales
1383 3601 1668 3670 episcopos
1696 3600 1842 3654 illius
1875 3614 1958 3654 res
1986 3601 2087 3654 ad-

525 3691 857 3755 ministrare,
885 3691 1342 3759 quemadmodum
1371 3690 1963 3759 Constantinopolitaui
1991 3705 2085 3758 pa-

525 3781 774 3835 triarchae
809 3797 895 3836 res
921 3781 1328 3842 administrant,
1353 3781 1444 3849 qui
1476 3781 1525 3834 ei
1557 3780 1792 3834 subsunt
1815 3779 2083 3849 episcopi.

522 3875 676 3929 Nunc
694 3890 821 3928 vero
835 3873 880 3929 si
901 3874 1032 3928 illud
1054 3875 1274 3944 quidem
1293 3875 1540 3929 Romano
1561 3874 1815 3942 episcopo
1829 3873 2086 3928 distincte

521 3969 848 4022 attributum
883 3977 986 4034 est,
1023 3967 1150 4020 illud
1171 3984 1300 4020 vero
1343 3967 1735 4030 Alexandrino,
1773 3966 1905 4020 illud
1946 3966 2089 4021 Con-

523 4059 1015 4129 stantinopolitano
1045 4077 1057 4112 :
1092 4059 1266 4112 nihilo
1299 4063 1470 4130 magis
1492 4059 1768 4114 limuanus
1794 4061 2087 4128 episcopus

520 4155 623 4208 sub
653 4153 782 4220 illis,
807 4166 968 4221 quam
1003 4151 1080 4204 illi
1105 4153 1206 4206 sub
1233 4149 1478 4204 Romano
1505 4167 1624 4205 esse
1650 4152 2043 4206 censebantur.

2185 1963 2364 2015 λικίαν
2393 1963 2662 2029 ἑκατέραν
2697 1963 2975 2028 νέμονται,
3013 1962 3109 2015 καὶ
3147 1961 3348 2030 Κετίλην
3391 1963 3613 2029 Συρίαν,
3661 1966 3753 2018 καὶ

2186 2055 2282 2125 τὴν
2308 2057 2495 2123 Μέσην
2525 2055 2633 2108 τῶν
2674 2055 2935 2124 ποταμῶν
2959 2070 2975 2087 ο
3019 2055 3112 2107 καὶ
3139 2055 3220 2107 ὅτι
3263 2053 3340 2122 τῷ
3379 2055 3598 2124 Ῥώμης
3627 2057 3750 2107 ἐπι-

2191 2148 2374 2213 σκόπῳ
2393 2147 2548 2198 τοῦτο
2571 2147 2803 2212 δέδοται,
2823 2147 3021 2216 δηλαδὴ
3047 2147 3156 2198 τῶν
3187 2147 3492 2216 Ἐσπερίων
3509 2152 3751 2216 κρατεῖν.

2199 2239 2259 2293 Ὀ
2287 2239 2342 2292 δὲ
2375 2239 2473 2307 τῆς
2505 2239 2692 2301 Αίλίας
2732 2241 3049 2305 ἐπίσκοπος,
3081 2237 3156 2301 ὡς
3197 2241 3222 2291 ὁ
3260 2239 3490 2310 ἓῦδομος
3525 2241 3626 2310 τῆς
3657 2243 3754 2294 αὐ-

2189 2333 2286 2401 τῆς
2329 2334 2542 2384 συνόδου
2576 2332 2844 2396 θεσπίζει,
2879 2331 2986 2386 τῶν
3023 2333 3080 2384 ἐν
3120 2332 3452 2402 Παλαιστίνῃ
3504 2335 3596 2386 καὶ
3628 2335 3752 2386 Φοι-

2189 2425 2316 2494 νίκῃ
2365 2423 2462 2477 καὶ
2515 2421 2745 2492 Ἀραϐίᾳ.
2799 2421 3060 2491 κατάρχει
3113 2421 3345 2476 πόλεων.
3385 2421 3522 2473 Ὑπὸ
3561 2421 3617 2473 δὲ
3664 2424 3754 2473 τὶν

2189 2515 2374 2582 θρόνον
2423 2512 3064 2575 Κωνιιταντινουτιόλεως,
3099 2512 3174 2574 ὡς
3213 2514 3240 2564 ὀ
3289 2512 3532 2574 εἰκοστός
3567 2513 3752 2578 όγδοεις

2185 2607 2284 2674 τῆς
2329 2605 2598 2674 τετάρτης
2656 2603 2874 2656 συνόδου
2923 2605 3075 2673 φησὶ,
3126 2604 3223 2666 τάς
3271 2621 3330 2656 τε
3382 2605 3568 2666 Ἀσίας
3613 2603 3752 2656 εἶναι

2185 2698 2480 2764 διοικήσεις
2522 2694 2656 2764 (58),
2691 2696 2786 2746 καὶ
2815 2697 2936 2747 ὅσαι
2964 2693 3057 2747 τοῦ
3089 2696 3291 2748 Πόντου
3329 2697 3420 2748 καὶ
3473 2695 3571 2762 τῆς
3605 2698 3752 2767 Θρᾴ-

2187 2806 2310 2859 κης.
2344 2790 2403 2841 Εί
2448 2787 2544 2858 μὲν
2573 2784 2666 2841 οὖν
2688 2788 2920 2852 ἕκαστος
2959 2789 3210 2858 ἀρκεῖται
3237 2791 3348 2851 τοῖς
3394 2790 3612 2850 ἐαυτοῦ,
3655 2791 3752 2859 τὴν

2186 2883 2514 2952 γιγνομένην
2550 2879 2715 2943 σώζει
2751 2881 2906 2944 τάξιν
2929 2897 2942 2911 ⁸
2987 2884 3034 2934 εί
3069 2881 3124 2933 δέ
3153 2897 3235 2943 τις
3278 2882 3526 2950 κατέχων
3551 2883 3619 2935 τὰ
3656 2884 3754 2935 αὖ.

2185 2973 2300 3038 τοῦ,
2328 2975 2420 3025 καὶ
2459 2971 2557 3034 τὰς
2605 2973 2808 3041 ἐτέρων
2847 2971 3144 3040 παροικίας
3196 2972 3404 3035 ἀδίκοις
3453 2971 3752 3042 ὀφθαλμοῖς

2185 3067 2306 3135 ὁρᾷ,
2339 3064 2525 3118 τοῦτον
2565 3065 2664 3128 οὐκ
2698 3066 2815 3117 ἔστι
2855 3065 2927 3135 μὴ
2973 3065 3267 3118 καταλύειν
3296 3066 3363 3118 τὰ
3413 3068 3617 3136 ἀρχαῖα
3647 3067 3752 3120 τῶν

2111 3187 2154 3246 c
2193 3158 2454 3228 Πατέρων
2487 3158 2594 3230 ἢθη
2635 3159 2766 3228 (59).
2800 3159 2941 3213 Ἀλλ’
2982 3159 3011 3209 ό
3048 3159 3229 3214 κανὼν
3273 3161 3334 3212 οὐ
3379 3161 3537 3212 τοῦτο
3569 3161 3751 3231 βούλε-

2187 3268 2296 3314 ται,
2321 3250 2474 3312 ἀλλὰ,
2509 3266 2526 3299 ι
2566 3247 2648 3302 Τὰ
2687 3251 2911 3319 ἀρχαῖα,
2941 3253 3124 3320 φησιν,
3159 3249 3256 3322 ἔθη
3287 3252 3578 3318 κρατείτω.
3621 3273 3640 3304 ι
3679 3255 3752 3308 Οὗ

2192 3341 2482 3411 ρὴνάλλὰ,
2517 3342 2566 3392 εί
2598 3341 2698 3408 μὲν
2741 3344 2808 3394 τὰ
2841 3343 3079 3411 κλίματα
3114 3345 3210 3413 τῆς
3247 3347 3352 3412 γῆς
3397 3344 3612 3414 ἑκάστῳ
3647 3349 3750 3399 τῶν

2188 3431 2492 3484 καθολικῶν
2541 3433 2856 3484 ἐπισκόπων
2907 3433 3385 3502 διανενεμημένα,
3434 3437 3752 3508 ὡρισμένως

2193 3523 2344 3575 οὐδὲν
2400 3523 2503 3574 ὑπὸ
2553 3524 2643 3574 τὸν
2673 3524 2771 3592 τῆς
2812 3523 3028 3594 Ῥώμης
3075 3526 3263 3596 Θρόνον
3317 3531 3578 3596 κατέστη,
3623 3533 3752 3584 ἀλλὰ

2193 3616 2354 3684 μόνον
2391 3616 2553 3668 αὐτὸν
2613 3618 2712 3684 τὴν
2747 3617 2919 3686 ἀρχὴν
2955 3619 3236 3686 είληφὲναι
3279 3621 3464 3690 ἔλεγεν
3499 3627 3525 3677 ό
3555 3627 3747 3688 κανὼν,

2192 3705 2340 3769 εἰκὸς
2376 3701 2441 3776 ἦν
2485 3707 2657 3776 δήπου
2710 3705 3022 3775 λογίζεσθαι
3070 3712 3250 3764 πᾶσαν
3289 3713 3388 3782 τὴν
3426 3718 3752 3787 οἰκουμένην

2197 3797 2286 3848 ὑπ’
2336 3798 2498 3850 αὐτὸν
2531 3793 2688 3864 εἶναι,
2722 3801 2816 3851 καὶ
2866 3801 2988 3863 τοὺς
3046 3803 3369 3870 καθολικοὺς
3423 3810 3750 3874 ἐπισκόπους

2193 3889 2442 3942 τάκείνου
2495 3891 2735 3958 διοικεῖν,
2766 3892 2954 3960 ὥσπερ
2989 3893 3058 3946 τὰ
3097 3895 3190 3947 τοῦ
3245 3899 3751 3958 Κωνσταντινουπό-

2192 3977 2347 4039 λεως,
2385 3981 2434 4032 cl
2461 3981 2552 4032 ὑπ’
2581 3983 2740 4034 αὐτὸν
2781 3983 3032 4053 ίεράρχαι
3063 3999 3077 4012 ·
3123 3989 3171 4039 εί
3199 3987 3244 4040 δ’
3279 3992 3454 4044 ἐκεῖνο
3491 3994 3589 4058 μὲν
3621 3998 3748 4048 ἀπε-

2193 4068 2450 4138 κληρώθη
2481 4071 2557 4136 τῷ
2601 4071 2842 4142 Ῥώμης,
2886 4073 3065 4127 ἐκεῖνο
3112 4077 3169 4130 δὲ
3201 4077 3280 4147 τῷ
3319 4079 3746 4153 Ἀλεξανδρείας,

2192 4162 2346 4213 τοῦτο
2405 4162 2458 4214 δὲ
2512 4165 2608 4232 τῆς
2659 4168 3070 4236 Κωνσταντίνου
3115 4169 3249 4238 (40),
3289 4173 3347 4225 οὐ
3387 4175 3592 4254 μᾶλλόν
3627 4194 3686 4246 γε
3723 4181 3752 4231 ό

487 4261 490 4264 ’
531 4251 750 4319 Ῥώμης
811 4249 901 4302 ὑπ’
931 4249 1172 4312 ἐκείνους
1203 4249 1236 4319 ἢ
1266 4251 1464 4301 ὲ-κεῖνοι
1494 4249 1598 4301 ὑπὸ
1633 4249 1721 4300 τὸν
1771 4248 2011 4320 Ῥώμης,
2037 4252 2135 4304 ὅσα
2169 4271 2232 4322 γε
2267 4260 2346 4320 είς
2383 4260 2541 4312 τοῦτο
2573 4263 2902 4318 τελέσουσιν,

592 4342 646 4396 Si
682 4357 838 4407 vero,
875 4342 1018 4410 quod
1056 4343 1502 4410 provocationem
1539 4341 1594 4395 in
1629 4341 1792 4397 rebus
1823 4342 2086 4396 ecclesia-

2267 4351 2326 4403 Ei
2364 4350 2439 4415 δὲ,
2475 4354 2554 4406 ὅτι
2591 4359 2688 4424 τὴν
2734 4355 2922 4424 ἔφεσιν
2964 4357 3073 4410 τῶν
3111 4360 3582 4431 ἐκκλησιαστικῶν
3621 4369 3744 4436 ἔχει.

519 4435 672 4487 sticis
702 4433 926 4497 habeat,
968 4432 1172 4486 idcirco
1197 4433 1357 4486 etiam
1385 4445 1510 4485 eum
1548 4433 1828 4486 dominum
1853 4448 2082 4488 censes:

2191 4441 2278 4494 διὰ
2309 4444 2468 4497 τοῦτο
2513 4449 2605 4500 καὶ
2653 4447 2921 4515 δεσπότην
2967 4451 3130 4505 αὑτὸν
3181 4453 3382 4518 ἀξιοῖς·
3424 4432 3749 4528 ταύτην-καὶ

521 4527 658 4578 hanc
692 4539 816 4578 cum
849 4525 1014 4578 etiam
1047 4525 1684 4592 Constantinopolitanus
1729 4526 1942 4590 habeat,
1975 4527 2086 4580 sint

519 4629 649 4682 ergo
693 4616 882 4678 eadem
919 4616 1131 4668 ratione
1181 4615 1298 4667 alia:
1343 4614 1502 4668 sedes
1545 4617 1976 4686 metropolitana:
2035 4618 2084 4670 ei

521 4708 802 4776 subjectae.
844 4706 951 4760 Sed
987 4721 1166 4775 neque
1194 4707 1832 4778 Constantinopolilanus
1867 4725 1985 4762 eam
2016 4711 2086 4763 ob

519 4799 1193 4868 causamjurisdictioncm
1213 4800 1267 4852 in
1293 4800 1414 4852 illas
1441 4809 1664 4864 usurpat
1687 4818 1700 4866 ;
1726 4816 1903 4870 neque
1925 4815 2084 4870 papa,

519 4890 590 4943 ob
607 4906 722 4942 eam
751 4891 1186 4958 praerogativam,
1222 4891 1368 4958 juste
1393 4892 1622 4944 aliorum
1655 4892 2086 4960 patriarcharum

517 4979 780 5032 ecclesias
815 4981 1032 5034 turbare
1065 4989 1259 5049 potest.
1284 4980 1426 5048 Lege
1443 4995 1706 5034 canoiiem
1739 4991 1944 5034 nonum
1969 4984 2091 5035 uni-

519 5071 748 5124 versalis
779 5081 985 5140 quartae
1013 5073 1227 5142 synodi,
1256 5081 1312 5126 ut
1339 5071 1523 5126 videas
1553 5073 1735 5125 sedem
1755 5072 1918 5125 etiam
1945 5074 2087 5128 Con-

519 5163 1054 5232 stantinopolitanam
1085 5166 1526 5234 provocationem
1551 5165 1774 5220 habere.
1794 5166 1882 5220 Ait
1899 5167 2044 5220 enim
2069 5185 2084 5222 :

526 5270 542 5303 ι
574 5253 628 5306 Si
651 5253 738 5307 cui
760 5255 960 5308 clerico
983 5271 1105 5320 cum
1134 5257 1334 5312 clerico
1365 5259 2084 5324 controversiaintercedat,

520 5362 589 5400 ne
623 5346 840 5401 deserat
869 5363 1030 5401 suum
1059 5349 1400 5418 episc0pum,
1429 5358 1485 5402 et
1517 5349 1584 5402 ad
1612 5350 1886 5404 mundana
1915 5351 2088 5404 tribu-

589 5505 700 5570 (ΞΠ)
739 5505 869 5570 Ταῖς
885 5505 1274 5576 ἐκκλησίαις.
1297 5509 1601 5572 Palatinus,
1628 5509 1728 5576 τῆς
1761 5511 2082 5576 ἐκκλησίας.

561 5577 706 5660 ~("535)
742 5577 850 5660 'I_‘r‘1¢
883 5575 1093 5640 Ἀσίας
1119 5577 1271 5630 εἶναι
1305 5579 1654 5644 διοικήσεις.
1688 5575 1859 5642 idem,
1897 5575 1994 5641 τὰς
2031 5581 2087 5632 δὲ

523 5651 618 5712 τῆς
654 5649 862 5706 Ἀσίας.

557 5717 704 5785 7-(59)
739 5714 860 5766 Τῶν
886 5715 1155 5782 ,πατέρων
1205 5715 1346 5783 ἢΊη.
1385 5718 1592 5782 Melius,
1650 5719 1769 5785 ἔθη.
1800 5721 1868 5774 Et
1900 5720 2086 5774 multis

523 5784 644 5838 aliis
673 5786 807 5838 locis
856 5787 957 5840 hoc
999 5787 1217 5852 probari
1261 5797 1458 5856 potest.
1503 5791 1579 5843 Ita
1617 5784 1782 5845 etiam
1813 5792 2084 5870 'srriben-

2189 4535 2283 4586 τοῦ
2351 4539 2974 4614 Κώνσταντινουπόλεως
3030 4544 3286 4614 ἔχοντος,
3355 4548 3604 4602 ἔστωσαν
3663 4555 3749 4605 ὑπ’

2189 4624 2396 4677 ἐκεῖνον
2447 4627 2649 4720 ὁμοίώς
2703 4632 2749 4682 cl
2802 4631 2978 4684 λοιποὶ
3026 4635 3228 4702 θρόνοι.
3267 4638 3406 4690 ’Λλλ’
3440 4639 3562 4692 οὔτε
3594 4645 3618 4694 ό
3655 4645 3748 4712 τῆς

2191 4715 2603 4771 Κωνσταντίνου
2629 4723 2846 4790 όριστὴς
2881 4725 3107 4778 ἐκείνων
3156 4728 3243 4782 διὰ
3289 4729 3444 4782 τοῦτο
3495 4733 3744 4801 κατέστη,

2188 4806 2312 4860 οὕτε
2337 4809 2365 4862 ό
2398 4811 2629 4871 πάππας
2665 4813 2750 4865 διὰ
2782 4816 2954 4870 ταῦτα
2987 4818 3192 4882 δίκαιος
3227 4822 3294 4874 ἂν
3319 4823 3403 4892 εἴη
3425 4829 3541 4887 ταῖς
3567 4841 3749 4897 παροι-

2191 4899 2335 4963 κίαις
2377 4903 2485 4954 τῶν
2532 4903 2708 4956 ἄλλων
2751 4911 3110 4978 πατριαρχών
3157 4913 3419 4982 ἐνοχλεῖν.
3455 4915 3746 4982 Ἀνάγνωοι

2190 4992 2388 5044 κανόνα
2410 4995 2624 5048 ἔννατον
2659 4997 2759 5066 τῆς
2787 5000 3172 5070 οἰκουμενικῆς
3205 5006 3474 5075 τετάρτης
3509 5010 3746 5068 συνόδο),

2190 5083 2257 5136 ἵν’
2295 5087 2440 5156 εἰδῇς
2497 5087 2594 5156 τὴν
2658 5090 2920 5160 ἔκκλητον
2973 5079 3282 5164 προσοῦσαν
3334 5099 3429 5150 καὶ
3461 5099 3540 5168 τῷ
3585 5101 3748 5169 θρὶνῳ

2189 5175 2288 5244 τῆς
2325 5179 2730 5234 Κωνσταντίνου
2787 5184 3018 5244 πόλεως.
3065 5189 3206 5256 Φησὶ
3260 5191 3410 5258 γάρ’
3469 5209 3489 5241 ι
3559 5193 3622 5244 Εἰ
3673 5207 3748 5250 τις

2193 5267 2451 5336 κληρικὸς
2485 5271 2618 5340 πρὸς
2653 5272 2914 5340 κληρικὸν
2960 5277 3193 5344 πρᾶγμα
3221 5276 3356 5343 ἔχει,
3395 5277 3470 5346 μὴ
3521 5279 3752 5344 ἐγκατα-

2190 5361 2504 5430 λιμπανέτω
2535 5365 2625 5416 τὸν
2657 5367 2855 5419 οἰκεῖον
2904 5369 3225 5433 ἐπίσκοπον,
3255 5369 3346 5422 καὶ
3389 5371 3482 5422 ἐπὶ
3514 5367 3749 5438 κοσμικᾶ

2190 5516 2602 5592 dum__sequenti
2639 5537 2872 5592 canone,
2924 5522 2994 5574 τὰ
3053 5524 3254 5592 ἀρχαῖα
3313 5523 3407 5592 ἔθη
3464 5523 3746 5592 κρατείτω.

2261 5587 2372 5663 (49)
2409 5587 2592 5643 Τοῦτο
2623 5591 2690 5643 δὲ
2730 5591 2838 5658 τῆς
2868 5587 3350 5646 litua-Utilitatem).
3389 5587 3554 5663 Lege,
3587 5592 3748 5644 Τοῦτο

2191 5655 2244 5776 δΙὲ
2269 5657 2341 5724 τῷ
2367 5663 2466 5727 τῆς
2504 5655 2936 5716 Καινσταντίνου.
2961 5664 3262 5730 Αιῑίειιιιιε,
3313 5665 3412 5732 τῷ,
3465 5655 3746 5717 manifesto

2194 5736 2367 5780 tccst.

2194 5743 2367 5784 ιιςυδι.
