4102 6294
479 381 586 489 ’ῖεᾶ

551 539 644 598 At.
679 553 784 591 non
817 543 1070 605 possunt,
1106 534 1384 602 inquiunt,
1419 549 1659 586 canones
1701 531 2063 586 ecclesiastici
2096 533 2138 588 Α

481 629 742 686 constitui
783 628 988 695 alisque
1023 641 1183 695 papa.
1229 624 1396 678 Recte
1467 623 1710 692 quidem.
1745 620 1848 676 Sed
1885 634 2064 688 neque

481 737 633 791 papa:
686 719 736 772 id
789 719 936 780 licet,
985 717 1192 784 absque
1217 714 1359 774 aliis,
1398 711 1639 781 quandiu
1668 717 1816 764 certe
1846 715 2066 776 aposto-

481 815 606 868 licis
660 813 873 882 legibus
925 819 1104 878 paret.
1137 807 1280 876 Lege
1307 806 1645 858 tricesimum
1683 809 1938 868 quartum
1967 814 2060 853 ca-

481 921 680 960 nonem
737 903 1132 972 apostolorum,
1185 892 1278 967 qui
1333 899 1412 951 sTc
1444 897 1652 949 habet:
1703 913 1720 946 ι
1763 893 2065 960 Episcopus

481 999 754 1068 cujusque
807 994 1050 1049 nationis
1101 993 1244 1047 scire.
1287 1001 1537 1058 oportet,
1599 987 1856 1057 quisnam
1917 985 2064 1040 inter

483 1091 631 1157 ipsos
684 1089 754 1144 sit
809 1088 1022 1157 primus
1071 1102 1084 1138 :
1143 1093 1198 1137 et
1253 1083 1458 1142 habere
1513 1081 1690 1150 ipsum
1729 1095 1828 1146 pro
1861 1078 2062 1140 capite,

480 1157 734 1250 nihilque,
765 1181 890 1234 novi
942 1188 998 1232 et
1035 1193 1214 1245 operte
1241 1175 1398 1246 pretii
1444 1190 1606 1242 agere
1637 1173 1846 1240 absque
1889 1168 2065 1238 ipsius

480 1274 752 1328 sententia
805 1292 816 1324 :
865 1273 956 1326 illa
991 1287 1120 1324 vero
1151 1277 1358 1322 tantum
1395 1280 1670 1336 quemque
1703 1279 1864 1334 agere
1893 1277 2062 1332 opor-

483 1378 580 1430 tet,
616 1383 739 1435 quae
771 1365 835 1420 ad
863 1365 1037 1434 ipsius
1066 1363 1389 1424 Eeclesiam,
1423 1361 1650 1428 locaque
1679 1358 1812 1426 ipsis
1841 1355 2064 1412 subdita

479 1460 700 1513 attinet.
757 1459 864 1513 Sed
918 1473 1097 1526 neque
1150 1455 1236 1510 illa
1273 1455 1411 1509 citra
1451 1451 1698 1506 omnium
1727 1451 2059 1504 sententiam

479 1555 786 1624 quidquam
851 1561 996 1622 agat.
1052 1551 1130 1605 lta
1158 1551 1305 1604 enim
1340 1547 1638 1602 concordia
1671 1544 1970 1604 coastabit,
2005 1551 2062 1595 et

479 1645 882 1712 gloriﬁCabitnr
941 1643 1084 1696 Deus
1141 1658 1237 1708 per
1299 1639 1586 1692 hominum
1637 1637 1908 1689 ittsancto
1935 1632 2060 1702 Spi-

481 1737 629 1800 ritu;
659 1737 845 1802 Pater,
876 1743 932 1787 et
953 1733 1148 1798 Filius,
1181 1743 1234 1786 et
1265 1731 1508 1799 Spiritus
1533 1738 1810 1784 sanctus.»
1841 1725 1896 1779 Si
1933 1727 2059 1793 quis

479 1845 613 1882 vero
667 1828 976 1880 canonibus
1047 1825 1424 1894 apostolorum
1485 1821 1866 1876 contradicere
1901 1817 2057 1880 veli',

479 1921 683 1976 nothos
729 1903 855 1976 illos
899 1935 1124 1982 vocans,
1181 1927 1236 1970 et
1275 1916 1577 1986 apostolico
1600 1913 1822 1982 spiritui
1854 1926 2058 1979 nequa-

477 2027 642 2081 quam
687 2010 1106 2074 convenientes,
1153 2008 1200 2062 is
1234 2024 1264 2062 a
1311 2007 1518 2062 sant-tis
1566 2005 1822 2060 Patribns
1867 2001 2054 2056 doceri

476 2121 534 2159 se
587 2105 850 2175 patiatur.
885 2103 1226 2169 Quibusnam
1282 2117 1410 2154 vero
1441 2099 1586 2153 illis?
1611 2098 1803 2152 Prima:
1837 2095 2055 2168 synodi,

477 2200 674 2262 tertia»,
729 2205 960 2266 quartze,
1001 2205 1168 2249 sextae
1206 2201 1263 2246 et
1325 2191 1592 2260 septimae.
1653 2187 1855 2241 Harum
1909 2187 2054 2240 enim

475 2292 652 2360 prima
684 2289 926 2359 synodus
949 2289 1145 2356 quinto
1179 2301 1392 2338 canone
1439 2282 1673 2336 duorum
1725 2279 2057 2350 apostolico-

477 2400 597 2438 ruut
632 2399 903 2437 canonum
933 2379 1272 2434 mentionem
1326 2378 1488 2432 facit:
1530 2373 1842 2429 duodecinti
1901 2372 2050 2425 tide-

475 2475 628 2532 licet,
679 2483 736 2528 et
789 2471 1055 2526 trieesinti
1116 2468 1370 2524 soCundi.
1443 2465 1668 2522 Decimo
1700 2465 1895 2532 quinto
1924 2463 2054 2516 item

474 2568 723 2636 ejusdem
759 2565 952 2636 synodi
992 2578 1204 2618 canone
1263 2560 1518 2636 mIentinit
1549 2560 1714 2614 etiam
1763 2556 2053 2625 apostolici

474 2658 704 2714 canonis
753 2657 948 2710 decimi
999 2653 1204 2721 quinti.
1264 2651 1449 2704 Tertia
1505 2665 1636 2702 vero
1683 2647 1924 2716 synodus
1986 2647 2052 2698 ad

477 2765 660 2818 regem
711 2746 1088 2800 Theodosium
1139 2743 1413 2807 scribens,
1445 2739 1838 2810 septuagesimi
1869 2739 2052 2806 quarti

472 2839 762 2907 apostolici
815 2837 1048 2890 canonis
1097 2833 1367 2893 tneminit,
1433 2843 1544 2899 quo
1603 2827 2052 2892 usa,1\'estorium

471 2928 752 2997 deposuit.
811 2927 1013 2980 Eodem
1055 2940 1266 2979 canone
1309 2923 1637 2977 similiteret
1665 2930 1858 2990 quarta
1891 2933 2053 2987 syno-

469 3021 572 3072 dus
613 3033 731 3080 usa,
784 3016 1106 3069 Dioscorum
1169 3015 1446 3082 deposuit.
1521 3013 1734 3066 Rursus
1773 3025 1903 3064 vero
1935 3010 2052 3062 haec

467 3113 583 3179 ipsa
609 3119 804 3179 quarta
835 3107 1079 3178 synodus
1109 3107 1162 3160 in
1187 3106 1383 3174 quinto
1432 3119 1533 3158 suo
1563 3117 1796 3166 canone,
1825 3103 1894 3156 de
1918 3102 2051 3155 duo-

1159 417 1326 480 NILI
1385 417 2160 480 THESSALONI‘CENSIS
2208 419 2304 478 DE
2367 418 2725 480 PRIMATU
2801 422 3026 484 PAR-l5.

3645 419 3747 486 728

2253 529 2395 584 Ἀλλ’
2417 532 2520 602 οὐκ
2549 531 2690 596 ἔστι,
2727 535 2879 600 φησὶ,
2905 535 2998 584 τοῦ
3028 535 3231 584 πάππα
3255 532 3422 602 χωρὶς
3451 535 3520 584 τὰ
3547 535 3746 597 ἐκκλη-

2169 622 2428 674 σιαστικὰ.
2475 623 2876 687 κανόνίζεοθαι.
2929 625 3123 686 Καλῶς
3161 641 3245 692 γε.
3292 625 3436 678 Ἀλλ’
3491 623 3614 677 οὐδὲ
3670 626 3746 692 τῷ

2171 715 2376 785 πάππα
2397 714 2504 766 τῶν
2527 714 2701 767 ἄλλων
2725 715 2916 782 χωρὶς,
2943 716 3044 778 ’ἕως
3067 715 3134 770 ἂν
3157 718 3268 778 τοῖς
3301 716 3410 768 τῶν
3429 717 3744 769 ἀποστόλων

2861 807 3162 872 ’Ληάγνωθι
3199 805 3516 859 ἀποστόλων
3547 811 3741 868 κανόνα

2166 898 2492 968 τριακοστὸν
2541 898 2825 968 τέταρτον,
2859 899 2918 962 ὃς
2967 917 3098 968 φησι
3122 917 3134 928 ·
3171 919 3188 948 ι
3227 897 3368 961 Τοὺς
3409 898 3742 960 ἐπισκόπους

2167 991 2397 1043 ἑκάστου
2429 990 2613 1053 ἔθνους
2645 992 2841 1042 εἰδέναι
2877 991 2980 1060 χρὴ
3008 992 3098 1043 τὸν
3135 991 3350 1051 ἑαυτοῖς
3383 991 3622 1061 πρῶτον,
3650 989 3742 1041 καὶ

2167 1086 2196 1136 ἦ

2187 1131 2198 1153 Ι

2167 1177 2421 1244 περιττὴν
2453 1177 2584 1230 ἄνευ
2614 1177 2710 1244 τῆς
2737 1167 2947 1229 ἐκείνου
2979 1177 3237 1246 γνὼμης’
3276 1179 3458 1229 ἐκεῖνα
3489 1179 3546 1230 δὲ
3581 1177 3738 1244 μόνον

2167 1266 2428 1334 πράττειν
2484 1268 2739 1332 ἕκαστον,
2773 1268 2874 1322 ὅσα
2919 1272 2984 1339 τῇ
3011 1269 3179 1322 αὑτοῦ
3221 1269 3484 1338 παροικίᾳ
3518 1267 3742 1320 ὲπιίάλ-

2165 1357 2267 1415 λει,
2303 1360 2396 1411 καὶ
2439 1361 2559 1422 ταῖς
2593 1361 2688 1412 ὑπ’
2717 1359 2886 1430 αὐτὴν
2935 1360 3166 1430 χώραις.
3221 1358 3380 1415 Ἀλλὰ
3431 1359 3566 1430 μηδὲ
3601 1361 3740 1412 ἐκεῖ·

2165 1471 2254 1516 νος
2290 1453 2417 1507 ἄνευ
2452 1455 2550 1522 τῆς
2587 1455 2805 1506 πάντων
2839 1454 3066 1524 γνώμης
3097 1455 3320 1507 ποιείτω
3350 1471 3422 1506 τι.
3453 1452 3610 1506 Οὕτω
3633 1453 3738 1522 γὰρ

2164 1551 2386 1616 ὁμόνοια
2419 1549 2596 1609 ἔσται,
2630 1549 2726 1602 καὶ
2759 1548 3152 1619 δοξασθήσεται
3187 1549 3214 1602 ὁ
3254 1548 3384 1608 Θεὸς
3421 1547 3508 1600 διὰ
3535 1546 3739 1614 Κυρίου

2165 1643 2221 1692 ὲν
2267 1641 2408 1710 ἁγίῳ
2464 1639 2763 1709 ῐῖνεύματι,
2815 1643 2841 1692 ό
2885 1639 3096 1710 Πατὴρ,
3132 1641 3226 1694 καὶ
3269 1641 3296 1692 ό
3349 1640 3492 1704 Υἱός,
3545 1638 3640 1690 καὶ
3683 1638 3742 1688 τὸ

2167 1733 2388 1800 Πνεῦμα
2439 1733 2500 1786 τὸ
2551 1734 2728 1800 ἅγιον.
2771 1752 2788 1782 t
2823 1733 2881 1786 Εἰ
2918 1733 2974 1784 δέ
3025 1751 3110 1794 τις
3145 1733 3284 1801 πρὸς
3343 1733 3470 1794 τοὺς
3514 1729 3742 1792 κανόνας

2164 1829 2272 1874 των
2306 1825 2594 1894 μακαρίων
2629 1825 2946 1878 ἀποστόλων
2978 1824 3286 1890 ἀντιλέγειν
3323 1822 3522 1886 ἐθέλοι,
3555 1822 3741 1882 νόθους

2165 807 2354 871 νόμοις
2390 805 2720 874 πειθόμενος

2205 1084 2422 1152 γεῖσθαι
2449 1085 2612 1136 αὐτὸν
2651 1083 2724 1145 ὡς
2761 1083 3027 1153 κεᾳαλὴν,
3065 1085 3156 1138 καὶ
3205 1085 3369 1154 μηδέν
3399 1104 3450 1138 τι
3481 1085 3742 1150 πράττειν

2165 1917 2458 1970 ἀποκαλῶν
2504 1917 2702 1978 αὐτοὺς
2739 1919 2832 1971 καὶ
2886 1919 3088 1984 ἥκιστα
3143 1917 3456 1986 πρέποντας
3505 1917 3740 1968 ἀποστο-

2161 2009 2338 2071 λ.καῖς
2367 2009 2586 2078 ψυχαῖς,
2624 2013 2774 2080 παρὰ
2807 2011 2912 2062 τῶν
2944 2012 3232 2078 μακαρίυν
3255 2009 3598 2062 πα;δ;υέσθω
3631 2010 3738 2060 lla.-

2163 2099 2564 2166 τρῶν.¹Τίνων
2620 2100 2864 2166 τούτωνς
2904 2103 3015 2170 Τῆς
3063 2102 3288 2168 πρώτης
3343 2098 3588 2158 συνόδου,
3641 2097 3738 2158 τῆς

2162 2193 2376 2257 τρίτης.
2430 2191 2532 2258 τῆς
2597 2191 2890 2260 τετάρτης.
2951 2191 3050 2260 τῆς
3085 2189 3273 2259 ἕκτης,
3322 2187 3418 2256 τῆς
3481 2185 3736 2252 ἑϐδόμης-

2161 2283 2381 2336 Τούτων
2417 2283 2527 2351 γὰρ
2564 2285 2595 2352 ἡ
2635 2285 2732 2354 μὲν
2763 2283 2958 2354 πρώτη
3003 2281 3245 2340 σύνοδος,
3294 2281 3350 2330 ὲν
3391 2277 3468 2346 τῷ
3507 2279 3738 2345 πέμπτῳ

2160 2377 2332 2445 αὐτῆς
2361 2377 2547 2429 κανόνι
2587 2377 2862 2446 μέμνηται
2919 2372 3299 2426 ἀποστολικιῖνι
3339 2371 3432 2424 δύο
3476 2373 3735 2430 κανόνων,

2158 2467 2461 2520 διδεκάτου
2499 2468 2592 2520 καὶ
2625 2465 2954 2536 τριακοστοῦ
2983 2463 3239 2532 δευτέρου
3271 2478 3286 2493 ·
3317 2464 3376 2514 ὲν
3415 2461 3470 2513 δὲ
3503 2461 3580 2532 τῷ
3607 2479 3734 2512 πεν·

2157 2559 2534 2626 τεκαιδεκάτῳ
2566 2559 2731 2609 πάλιν
2763 2555 2906 2624 αὒτῆ
2921 2575 2960 2617 :,
2996 2555 3277 2623 μέμνηται
3306 2555 3571 2616 ὡσαύτως
3601 2555 3736 2606 ἀπο-

2161 2647 2412 2702 στολικοῦ
2440 2641 2956 2700 πεντεκαιδεκάτου.
2996 2645 3060 2698 Ἡ
3089 2645 3143 2696 δὲ
3177 2647 3336 2714 τρίτη
3367 2645 3576 2706 σύνοδος
3601 2645 3735 2715 πρὸς

2157 2741 2247 2792 τὸν
2278 2739 2509 2808 βασιλέα
2537 2739 2819 2790 Θεοδόσιον
2843 2738 3158 2808 γράφουσα,
3209 2737 3615 2808 ὲϐδομηκοστοῦ
3643 2753 3733 2789 τε·

2157 2833 2359 2900 τάρτου
2407 2829 2774 2883 ἀποστολικοῦ
2827 2831 3052 2893 κανόνος
3103 2831 3398 2901 μέμνηται,
3530 2847 3736 2900 χρησα-

2159 2924 2292 2992 μένη
2322 2922 2541 2975 καθεῖλε
2598 2923 2916 2991 Νεστόριον.
2971 2921 3060 2993 Τῷ
3103 2925 3250 2992 αὑτῷ
3297 2925 3484 2978 κανόιι
3531 2923 3734 2992 ὁμοίως

2155 3017 2313 3085 καὶὴ
2368 3017 2605 3084 τετάρτη
2662 3015 2880 3078 σύνοδος
2933 3017 3260 3086 χρησαμένη
3309 3017 3600 3086 Διόσκοροι)
3633 3032 3733 3068 κα-

2153 3107 2318 3160 θεῖλε,
2353 3107 2519 3162 Πάλιν
2551 3107 2608 3160 δὲ
2643 3108 2676 3177 ἡ
2712 3107 2850 3174 αὑτὴ
2895 3107 3136 3180 τετάρτη
3174 3111 3233 3160 ἐν
3285 3107 3520 3178 πέμπτῳ
3557 3107 3729 3174 αὐτῆς

465 3203 706 3260 decimo,
757 3210 814 3254 et
855 3199 1071 3254 decimo
1135 3198 1320 3260 tertio,
1347 3205 1402 3250 et
1429 3196 1644 3250 decimo
1678 3205 1876 3262 quarto
1915 3209 2048 3262 apo-

2157 3195 2342 3247 κανόνι
2378 3195 2504 3264 περὶ
2535 3196 2665 3256 τοὺς
2727 3194 2796 3264 ιβ’
2832 3196 2928 3248 καὶ
2964 3203 3054 3264 ιγ’,
3109 3197 3202 3250 καὶ
3258 3197 3346 3262 ιδ’,
3389 3199 3483 3250 καὶ
3525 3195 3584 3249 ιε’
3621 3197 3730 3250 τῶν

409 3359 412 3362 _
467 3295 664 3350 stolico
687 3307 902 3347 canone
934 3291 1215 3359 expressis
1245 3289 1540 3344 verbisita
1575 3287 1652 3340 ait
1685 3305 1696 3340 :
1738 3306 1756 3336 ι
1794 3288 1866 3340 De
1897 3301 2046 3342 com-

465 3385 836 3458 migrantibus
892 3398 960 3440 ex
1015 3383 1149 3436 urbe
1181 3383 1236 3435 in
1287 3383 1478 3438 urbem
1503 3379 1777 3449 episcopis
1795 3389 1851 3434 et
1883 3379 2046 3433 cleri-

463 3481 546 3534 cis
595 3479 772 3532 visum
828 3487 912 3532 est
963 3485 1021 3529 ut
1051 3475 1118 3530 de
1155 3475 1242 3530 bis
1271 3489 1512 3528 canones
1545 3489 1573 3527 a
1601 3473 1802 3526 sanctis
1828 3481 2044 3539 aposto-

463 3571 534 3626 lis
595 3553 881 3624 constituti
929 3567 1173 3638 vigorem
1231 3566 1540 3620 obtineant.
1580 3585 1598 3616 ι
1635 3563 1889 3619 Canones
1911 3579 2042 3620 vero

465 3671 632 3718 sextae
656 3660 848 3733 synodi
872 3663 1041 3714 etiam
1065 3674 1359 3714 numerum
1413 3657 1840 3728 apostolicorum
1878 3673 2042 3712 cauo-

463 3770 538 3808 llll
549 3770 598 3808 II]
632 3763 944 3809 recensent.

767 3977 846 4030 Ea:
887 3977 1115 4030 secundo
1138 3991 1342 4029 ratione
1361 3983 1524 4028 seum
1535 3973 1744 4043 synodi.

539 4137 558 4170 ς
598 4116 790 4172 Visum
821 4125 908 4170 est
935 4116 1100 4170 etiam
1137 4113 1242 4168 hoc
1275 4123 1478 4168 saneta:
1513 4113 1742 4184 synodo,
1791 4113 2041 4182 pulcher-

465 4211 602 4266 rime
631 4211 947 4278 optimeque
981 4216 1040 4262 ut
1075 4214 1330 4260 maneant
1363 4205 1431 4258 ab
1483 4205 1586 4258 hoc
1622 4215 1865 4274 tempore
1899 4205 2038 4260 ﬁrmi

464 4319 528 4357 ac
561 4303 662 4356 rati
705 4301 769 4355 ad
797 4300 1107 4354 animarum
1139 4297 1431 4360 medelam,
1463 4307 1520 4350 et
1544 4297 1880 4350 curationem
1915 4297 2042 4351 σαρ-

463 4405 674 4458 ctuum,
722 4409 749 4446 a
809 4389 1306 4462 przedeeessoriltus
1353 4389 1559 4442 t.ostris
1585 4390 1787 4442 sanctis
1818 4403 1881 4441 ac
1913 4389 2038 4443 bea-

463 4489 536 4542 tis
593 4485 852 4540 I'atrihus
915 4482 1156 4550 suscepti
1213 4493 1268 4534 et
1316 4479 1566 4544 stabiliti,
1627 4481 1897 4548 nobisque
1943 4497 2040 4550 per

463 4595 662 4634 manus
717 4561 900 4632 traditi
961 4575 1184 4629 nomine
1229 4584 1548 4626 sanctorum
1582 4583 1634 4626 et
1673 4573 2034 4642 gloriosorum

464 4672 842 4741 apostolorum
869 4681 1110 4722 canones
1139 4681 1378 4720 numero
1407 4665 1684 4735 octoginta
1716 4665 1980 4735 quinque.
2013 4686 2031 4718 ι

462 4765 710 4834 Septima
745 4778 874 4817 vero
915 4759 1188 4831 synodus,
1244 4747 1295 4812 in
1331 4774 1430 4812 suo
1459 4759 1637 4827 primo
1669 4774 1899 4824 canone,
1937 4759 2039 4813 Ee-

461 4855 1180 4922 elesiaelegesennmerans,
1227 4849 1508 4918 anteponit
1557 4849 1815 4902 omnibus
1867 4865 2034 4902 cano.

461 4963 560 5002 nes
615 4947 683 5000 ab
732 4942 996 5012 apostolis
1043 4941 1258 5004 editos;
1311 4939 1443 4994 illud
1473 4939 1670 5010 Moysis
1699 4941 1752 4994 in
1782 4941 2038 4994 omnibus

461 5040 646 5092 valere
691 5037 954 5106 cupiens;
1010 5047 1190 5102 neque
1251 5032 1422 5102 licere,
1447 5031 1743 5100 quidquam
1788 5031 1920 5100 ipsis
1944 5032 2038 5085 ad-

457 5111 617 5196 dere,
671 5145 848 5199 neque
901 5126 1204 5198 quidquam
1234 5124 1501 5178 adimere.
1539 5125 1720 5177 Nosne
1751 5123 1918 5192 igitur
1940 5141 2037 5178 eos

461 5225 556 5294 qui
621 5239 650 5277 a
694 5234 772 5278 tot
826 5222 1104 5290 tantisque
1163 5217 2036 5288 approbatisuntrejiciemus,et

459 5315 679 5386 spurius
709 5312 1078 5374 censebimus,
1112 5325 1176 5364 ac
1210 5321 1468 5378 tanquam
1493 5308 1718 5364 inutiles
1747 5309 2036 5362 damnabi-

462 5402 626 5457 tnus?
657 5401 775 5467 Quo
807 5409 966 5468 pacto
1011 5415 1142 5454 vero
1165 5399 1282 5453 haec
1325 5397 1608 5452 toleranda
1638 5399 1784 5454 s‘nt?
1807 5401 2030 5452 Summa

461 5493 732 5546 dictorum
785 5491 900 5544 haec
957 5500 1082 5544 est:
1131 5489 1384 5556 Quandiu
1427 5489 1645 5558 quidem
1698 5503 1831 5559 papa
1881 5490 2034 5542 ordi-

459 5601 584 5638 nem
617 5587 825 5646 servat,
861 5590 917 5635 et
941 5597 1062 5635 cum
1095 5581 1325 5635 veritate
1375 5590 1516 5644 stat;
1566 5597 1592 5632 a
1619 5581 1796 5648 primo
1824 5591 1878 5633 et
1911 5596 2032 5648 pro-

459 5685 578 5744 prio
621 5675 932 5745 principatu
989 5688 1098 5726 non
1151 5681 1488 5732 removetur,
1530 5681 1584 5725 et
1628 5681 1790 5738 caput
1824 5673 2029 5725 eSlEC-

461 5772 662 5826 t-testte,
724 5774 780 5819 et
827 5778 1078 5818 summus
1101 5761 1368 5832 pontifex,
1392 5769 1448 5814 ct
1483 5762 1624 5816 Petri
1661 5761 2026 5830 reliquorqu-

459 5869 570 5926 que
607 5856 978 5926 apostolorum
1021 5869 1336 5920 successor;
1395 5869 1691 5923 onum-sque
1721 5855 1772 5908 ei
1803 5853 2028 5908 obedire

2151 3287 2533 3341 ἀποστολικῶν
2585 3289 2851 3352 κανόνων,
2908 3291 3089 3360 ρητῶς
3135 3290 3278 3343 οὔτω
3317 3290 3500 3358 λέγει·
3539 3309 3558 3342 ι
3595 3293 3730 3357 Περὶ

2147 3381 2257 3433 τῶν
2311 3381 2750 3450 μεταϐαινόντων
2785 3381 2895 3433 ἀπὸ
2941 3381 3151 3445 πόλεως
3187 3385 3267 3444 είς
3319 3384 3476 3436 πόλιν
3509 3384 3730 3436 intexe-

2147 3491 2266 3527 πων
2300 3475 2392 3526 καὶ
2419 3473 2695 3544 κληρικῶν
2729 3473 2876 3538 εδοξε
2903 3476 3034 3538 τοὺς
3073 3477 3202 3544 περὶ
3235 3475 3444 3529 τούτων
3474 3476 3726 3540 τεθέντας

2147 3564 2382 3626 κανόνας
2437 3565 2590 3633 παρὰ
2627 3563 2734 3618 τῶν
2789 3566 2964 3632 ἀγίων
3015 3565 3333 3620 ἀποστόλων
3365 3569 3460 3620 καὶ
3499 3569 3723 3636 Πατρῶν

2145 3655 2292 3724 ἔχειν
2326 3653 2424 3722 τὴν
2475 3653 2654 3722 ἰσχύν.
2698 3672 2717 3705 ι
2753 3647 2815 3708 Οἱ
2847 3655 2902 3708 δὲ
2945 3657 3172 3721 κανόνες
3219 3659 3318 3723 τῆς
3347 3657 3518 3727 ἕκτης
3572 3659 3724 3709 συνό-

2145 3747 2238 3801 δου
2300 3746 2394 3800 καὶ
2455 3745 2545 3798 τὸν
2601 3747 2838 3818 ἀριθμὸν
2905 3747 3015 3802 τῶν
3093 3749 3468 3802 ἀποστολικῶν
3537 3751 3716 3819 νόμων

2146 3842 2332 3910 φασίν.

2157 3981 2298 4033 Ἀπὸ
2329 3979 2436 4032 τοῦ
2461 3977 2745 4048 δευτέρου
2780 3979 3040 4044 κανόνος
3061 3978 3182 4048 ,τῆς
3215 3979 3394 4046 ἕκτης
3429 3981 3716 4036 συνόδου.

2223 4133 2240 4164 ι
2287 4111 2472 4177 Ἔδοξε
2507 4113 2601 4166 καὶ
2649 4111 2812 4166 τοῦτο
2835 4115 2898 4184 τῇ
2939 4113 3072 4184 ἁγίᾳ
3131 4116 3337 4185 συνόδῳ
3371 4115 3630 4170 κάλλιστά
3657 4135 3716 4170 τε

2145 4208 2236 4260 καὶ
2271 4206 2692 4267 σπουδαιότατα,
2719 4205 2860 4258 ὥστε
2911 4207 3098 4276 μένειν
3127 4209 3222 4259 καὶ
3251 4208 3358 4260 ἀπὸ
3381 4207 3476 4260 τοῦ
3511 4209 3601 4261 νῦν
3634 4209 3718 4278 βε-

2142 4297 2330 4360 ϐαίους
2388 4299 2482 4350 καὶ
2533 4297 2798 4368 ἀσφαλεῖς
2858 4297 2994 4368 πρὸς
3029 4299 3221 4368 ψυχῶν
3279 4301 3578 4368 θεραπείαν
3627 4303 3718 4355 καὶ

2146 4392 2388 4462 ἰατρείαν
2421 4391 2610 4445 παθῶν
2639 4393 2765 4455 τοὺς
2801 4393 2905 4444 ὑπὸ
2933 4393 3044 4446 τῶν
3091 4393 3194 4463 πρὸ
3241 4394 3398 4464 ἡμῶν
3427 4396 3600 4462 ἁγίων
3625 4396 3714 4446 καί

2146 4479 2427 4550 μακαρίων
2461 4480 2690 4551 Πατρῶν
2717 4479 3009 4550 δεχθέντας
3039 4483 3134 4534 καὶ
3161 4482 3538 4549 κυρωθέντας,
3573 4482 3708 4536 ἀλλά

2149 4573 2254 4643 μὴν
2285 4575 2376 4626 καὶ
2407 4574 2814 4642 παραδοθέντας
2849 4578 3000 4645 ἡμῖν,
3031 4573 3261 4646 ὀνόματι
3285 4577 3392 4629 τῶν
3417 4577 3590 4644 ἁγίων
3621 4577 3710 4630 καὶ

2142 4667 2370 4730 ἐνδόξων
2409 4668 2744 4730 ἀποστόλων,
2803 4669 3139 4740 ὀγδοήκοντα
3193 4671 3355 4725 πέντε
3398 4673 3648 4733 κανόνας.
3688 4688 3706 4720 ι

2151 4759 2218 4810 Ἦ
2248 4759 2303 4810 δὲ
2340 4759 2542 4829 ὲδῖόμη
2589 4760 2646 4810 ὲν
2677 4759 2752 4828 τῷ
2787 4761 2988 4830 πρώτῳ
3021 4760 3193 4830 αὐτῆς
3227 4761 3434 4824 κανόνι,
3467 4763 3592 4824 τοὺς
3617 4761 3710 4828 τῆς

2155 4849 2478 4920 Ἐκκλησίας
2505 4849 2888 4916 καταλέγουσα
2920 4851 3140 4918 νόμους,
3173 4851 3466 4920 προτίθησι
3495 4853 3708 4903 πάντων

2137 4941 2264 5002 τοὺς
2301 4941 2403 4992 ὑπό
2432 4941 2540 4992 τῶν
2593 4941 2914 4994 ἀποστόλων
2969 4941 3312 5004 ἑκτεθέντας,
3357 4944 3419 4994 τὸ
3463 4941 3559 4995 τοῦ
3595 4941 3710 4994 Μω-

2141 5033 2282 5094 σέως
2334 5034 2511 5084 έκεῖνο
2557 5033 2696 5084 κατά
2756 5034 2978 5084 πάντων
3030 5033 3258 5102 κρατεῖν
3312 5032 3578 5096 ἀξιοῦσα·
3624 5033 3708 5084 Ἑν

2138 5124 2322 5184 αὐτοῖς
2349 5122 2450 5173 οὐκ
2480 5121 2594 5173 ἔστι
2620 5121 2961 5190 προσθεῖναι,
2987 5121 3082 5174 καὶ
3113 5123 3210 5173 ἀπ’
3239 5123 3420 5175 αὐτῶν
3444 5123 3543 5176 οὐκ
3567 5125 3707 5176 ἔστιν

2139 5213 2384 5281 ἀφελεῖν.
2419 5214 2557 5275 Τοὺς
2588 5214 2692 5265 ὑπο
2716 5213 2991 5266 τοσούτων
3017 5213 3113 5266 οὖν
3142 5217 3236 5266 καὶ
3269 5214 3535 5268 τοιούτων
3565 5232 3702 5284 μαρ-

2136 5307 2502 5376 τυρουμένους
2551 5305 2914 5373 ἔκϐαλοῦμεν,
2949 5305 3072 5358 εἰπέ
3127 5323 3238 5374 μοι,
3269 5307 3363 5358 καὶ
3411 5307 3602 5368 νόθους
3628 5323 3706 5358 νο-

2138 5398 2396 5467 μιοῦμεν,
2428 5397 2734 5468 ἀχρηστίαν
2762 5397 3172 5464 κατεγνωκότες
3197 5398 3376 5450 αὐτῶν
3401 5415 3415 5464 ;
3454 5399 3563 5452 Καὶ
3594 5399 3704 5461 πῶς

2133 5491 2308 5543 ταῦτα
2332 5491 2572 5556 ἀνεκτὰ;
2603 5491 2913 5558 Κεφάλαιον
2939 5491 3050 5542 τῶν
3073 5491 3403 5562 λεγομένων.
3436 5493 3580 5556 Ἕως
3611 5493 3702 5560 μὲν

2133 5585 2161 5636 ό
2201 5583 2428 5644 πάππκς
2462 5583 2609 5654 σώζῃ
2641 5583 2740 5654 τὴν
2781 5582 2954 5649 τάξιν,
2999 5583 3093 5636 καὶ
3135 5585 3271 5650 μετά
3311 5585 3408 5652 τῆς
3447 5585 3702 5654 ἀληθείας

2133 5675 2354 5744 ἕστηκε,
2385 5676 2480 5727 καὶ
2505 5677 2600 5743 τῆς
2625 5677 2850 5742 πρώτης
2885 5677 2980 5726 καὶ
3007 5675 3211 5741 κυρίως
3245 5675 3423 5744 ἀρχῆς
3453 5677 3551 5726 οὐκ
3579 5675 3698 5740 ἀερί-

2137 5783 2350 5829 σταται,
2383 5767 2476 5820 καὶ
2509 5767 2720 5836 κεφαλὴ
2749 5767 2852 5834 τῆς
2897 5767 3242 5836 Ἐκκλησίας,
3290 5770 3384 5820 καὶ
3413 5768 3518 5838 ἀρχ
3547 5765 3701 5834 spei»;

2133 5857 2320 5926 ἄκρος,
2350 5857 2445 5909 καὶ
2479 5858 2684 5926 Πέτρου
2719 5859 2810 5910 καὶ
2849 5858 3064 5911 πάντων
3093 5859 3405 5912 ἀποστόλων
3435 5856 3694 5924 διάει-ιχος·
