4088 6294
295 322 397 391 731

1579 322 2017 394 BEFUTA'I‘IU
2093 321 2137 378 Ν
2156 320 2280 378 ιιι.

3439 318 3561 380 733⁷

295 443 386 494 καὶ
418 442 487 493 τὰ
516 438 661 507 ἑξῆς.
692 435 854 487 Ὅθεν
878 435 1060 503 δῆλον,
1086 433 1166 485 ὅτι
1214 431 1273 483 οὐ
1306 431 1455 499 παρὰ
1484 432 1592 485 τῶν
1627 431 1863 484 ἀποστό-

1973 429 2036 483 ab
2068 429 2348 497 apostolis,
2381 429 2475 483 sed
2502 444 2530 482 a
2566 428 2818 483 Patribus
2874 428 3079 484 habere
3114 431 3436 500 primatum,
3472 450 3541 489 eo

294 538 420 595 λων,
456 532 592 585 ἀλλὰ
625 530 776 598 παρὰ
818 528 928 578 τῶν
960 526 1221 594 Πατέρων
1255 524 1366 593 ἔχει
1428 524 1488 576 τὸ
1535 527 1804 590 πρωτεῖον
1837 527 1865 576 ὁ

296 624 529 683 πάππας
560 620 649 672 διὰ
692 619 753 671 τὸ
783 612 1041 688 εἶναιτὴν
1074 616 1296 686 Ῥώμην
1335 615 1444 668 τῶν
1474 616 1683 669 πόλεων
1714 616 1869 684 βασι-

295 714 585 767 λεύουσαν.
600 733 618 763 ›

834 848 1270 901 ΑΝΊῚΡΡΠΣΙΣ.

362 986 504 1037 Εἰτὸ
539 984 864 1055 προφέρειν,
930 978 973 1037 ὦ
1008 982 1299 1053 θαυμάσιε,
1345 984 1575 1045 κανόνας
1629 984 1869 1054 ἀκύρους

294 1080 387 1129 καὶ
448 1076 898 1145 ὑποϐολιμαίους,
963 1075 1055 1128 καὶ
1092 1074 1351 1137 καθάπαξ
1406 1077 1903 1148 ξιποδοκιμι.σ.σθι-ξν-⁸

294 1186 416 1231 τας,
459 1166 858 1235 ἐξεταζομένης
904 1166 1048 1218 οὕτω
1100 1167 1356 1236 λαμπρᾶς
1397 1167 1729 1232 ὑποθέσεως,
1779 1170 1872 1220 καὶ

296 1259 435 1328 πρὸς
465 1258 1011 1328 ψυχικὴνσωτηρίαν
1047 1260 1379 1327 ἀνηκούσης,
1428 1259 1583 1311 δοκεῖ
1612 1276 1691 1311 σοι
1738 1260 1874 1328 πρὸς

295 1351 356 1402 τὸ
404 1349 820 1417 ἀποφήνασθαι,
887 1347 1183 1417 αὔταρκες,
1239 1350 1449 1419 οἴχεταί
1500 1367 1597 1401 σου
1647 1351 1782 1421 πρὸς
1814 1352 1874 1403 τὸ

301 1442 468 1512 μηδὲν
496 1442 526 1509 ἡ
563 1443 998 1509 προκομισθεῖσα
1038 1442 1339 1510 μαρτυρία,
1392 1445 1489 1495 καὶ
1522 1446 1596 1505 ὡς
1629 1444 1872 1512 ἀράχνης

299 1536 447 1594 ἱστὸς
472 1533 533 1586 τὸ
569 1534 736 1604 ῥητὸν
774 1532 942 1587 αὐτοῦ
999 1534 1434 1598 διασκεδάξεται.
1502 1536 1728 1604 Ὠφελες
1777 1536 1872 1588 καὶ

297 1628 362 1679 σὺ
386 1624 718 1692 ἀναγνῶναι,
772 1628 885 1676 τίσι
940 1629 1233 1694 μηχαναῖς,
1296 1627 1389 1677 καὶ
1426 1628 1562 1688 πῶς,
1624 1627 1718 1680 καὶ
1768 1628 1871 1680 ὑπὸ

296 1720 460 1771 τίνων
488 1718 791 1787 συῤῥαφεὶς
815 1720 842 1768 ὸ
869 1717 1259 1787 προκομισθεὶς
1286 1716 1440 1779 οὗτος
1474 1716 1680 1777 κανὼν,
1719 1719 1871 1785 πρῶ-

1970 522 2116 590 quod
2159 521 2330 575 Roma
2357 523 2429 577 sit
2459 523 2648 593 regina
2682 525 2923 577 urbium.
2965 543 2980 572 ι

2525 827 2983 883 CONFUTATIO.

2041 961 2095 1015 Si
2129 963 2374 1030 proferre
2405 979 2644 1018 canones
2689 967 2910 1035 spurios
2956 975 3007 1021 ct
3063 968 3449 1036 supposititios
3488 976 3545 1023 et
3632 1030 3635 1033 Α

1970 1055 2196 1108 omnino
2234 1056 2598 1124 improbatos,
2624 1058 2757 1111 satis
2789 1058 2882 1112 tibi
2922 1058 3160 1123 videtur,
3192 1061 3406 1126 egregie
3436 1062 3540 1122 vir,

1972 1148 2037 1200 ad
2086 1148 2367 1202 ferendam
2419 1150 2745 1202 Sententiam
2780 1151 2853 1204 in.
2885 1167 2941 1204 re
2974 1161 3082 1205 tam
3125 1153 3272 1221 gravi
3306 1162 3361 1206 et
3420 1170 3545 1221 spe-

1974 1248 2156 1293 ctante
2180 1242 2245 1293 ad
2282 1241 2513 1295 salutem
2544 1243 2759 1306 animae,
2785 1245 3157 1298 testimonium
3182 1246 3326 1314 quod
3360 1247 3545 1298 attuli-

1972 1330 2039 1381 sti
2068 1330 2314 1395 evanuit,
2336 1331 2655 1399 dictumque
2687 1340 2839 1384 tuum
2868 1334 3038 1386 instar
3073 1334 3191 1388 telae
3212 1350 3540 1389 aranearum

1975 1417 2299 1487 dissipatum
2350 1431 2452 1475 est.
2482 1422 2730 1475 Debebas
2778 1432 2833 1475 tu
2861 1438 3080 1493 quoque
3115 1426 3316 1495 legere,
3339 1428 3542 1494 quibus

1974 1513 2391 1582 machinis,qua
2420 1525 2537 1566 arte
2566 1522 2618 1568 et
2652 1530 2679 1567 a
2713 1516 2913 1583 quibus
2942 1532 3117 1571 canon
3149 1534 3177 1570 a
3220 1527 3269 1572 te
3299 1520 3547 1588 prolatus

1973 1619 2237 1659 consutus
2256 1616 2343 1681 est
2370 1623 2381 1659 :
2410 1607 2586 1674 primo
2605 1607 2826 1675 quidem
2856 1609 3364 1665 contradicentibus
3392 1628 3545 1679 papae

1972 1698 2184 1765 legatis,
2233 1697 2436 1752 deinde
2466 1698 2840 1754 Orientalibus
2866 1703 3138 1771 episcopis
3173 1720 3279 1756 non
3313 1721 3549 1767 consen-

296 1825 389 1860 τον
411 1809 510 1877 μὲν
537 1809 917 1875 ἀντιλέγοντας
947 1807 1072 1877 ἔσχε
1095 1810 1220 1867 τοὺς
1252 1806 1511 1875 πρέσϐεις
1534 1805 1627 1857 τού
1650 1805 1868 1870 πάππα,

1976 1790 2238 1869 tientibus
2270 1793 2564 1853 universis.
2596 1802 2650 1846 et
2678 1808 2814 1861 papa
2850 1794 2967 1862 ipso
2997 1796 3351 1850 vehementer
3392 1798 3545 1852 illum

296 1891 415 1948 εἶτα
455 1898 585 1958 τοὺς
622 1897 974 1960 ἀνατολικοὺς
1005 1897 1343 1958 ἐπισκόπους
1376 1894 1437 1946 ού
1481 1896 1692 1959 πάντας
1727 1910 1873 1963 συμ-

297 1989 660 2057 φερομένους,
694 1992 786 2041 καὶ
818 1989 909 2041 τὸν
936 1989 1167 2042 πάππαν
1203 1988 1366 2039 αὐτὸν
1403 1986 1648 2053 σφοδρῶς
1680 1986 1873 2038 ἀποδο-

295 2080 636 2150 κιμάζοντα.
704 2079 1011 2145 Ἐξακόσιοι
1076 2078 1371 2149 τριάκοντα
1436 2079 1677 2148 Πατέρες
1731 2073 1872 2147 ἦσαν

294 2173 393 2241 τῆς
426 2172 669 2226 συνόδου.
701 2172 767 2225 Οἱ
795 2172 852 2224 δὲ
882 2170 959 2241 τῷ
1002 2172 1190 2225 κανόνι
1235 2169 1579 2238 αὐθαιρέτως
1632 2168 1874 2237 ὑπογρά-

293 2257 394 2326 ψαι
424 2259 705 2321 δοκοῦντες
734 2260 794 2311 ού
832 2259 1013 2329 πολλῷ
1046 2258 1263 2319 πλείους
1288 2259 1397 2310 εἰσὶ
1424 2258 1533 2309 τῶν
1557 2258 1870 2311 διακοσίων.

296 2350 420 2411 Πῶς
443 2344 595 2410 οὗτος
619 2347 801 2402 κινὼν
822 2348 1199 2417 τῆέτετάρτης
1225 2348 1291 2400 ἂν
1313 2349 1399 2415 εἴη
1424 2347 1641 2399 συνόδου
1664 2362 1680 2412 ;
1731 2346 1871 2413 Ἐγὼ

294 2441 351 2495 δέ
376 2459 460 2495 σοι
489 2445 615 2504 τοὺς
646 2442 1031 2510 παραχθέντας
1082 2440 1187 2492 ὑπὸ
1240 2440 1333 2491 σοῦ
1385 2444 1679 2510 μάρτυρας
1730 2458 1870 2511 προ-

296 2535 628 2603 ϐαλλόμενος
658 2533 929 2596 ἀποδείξω
976 2536 1313 2602 σαφέστατα,
1371 2532 1558 2602 κοινὴν
1597 2532 1695 2585 καὶ
1724 2534 1866 2601 σύμο

294 2644 474 2698 φωνον
505 2627 798 2696 ὁμολογίαν
826 2629 936 2679 τῶν
996 2627 1296 2692 ἑξακοσίων
1358 2625 1653 2694 τριάκοντα
1693 2624 1866 2676 Πατέ-

297 2737 429 2789 ρων,
481 2722 575 2772 καὶ
624 2700 712 2771 διὰ
770 2720 930 2770 τοῦτο
989 2719 1086 2785 τῆς
1126 2716 1476 2785 Ἀνατολικῆς
1533 2716 1865 2784 Ἐκκλησίας

1970 1883 2337 1948 improbante.
2380 1883 2636 1938 Sescenti
2670 1895 2723 1939 et
2762 1887 2983 1954 triginta
3019 1887 3205 1940 Patres
3234 1903 3392 1943 erant
3418 1906 3548 1961 syn-

1970 1972 2101 2039 odi;
2150 1975 2245 2044 qui
2284 1990 2418 2028 vcro
2452 1986 2645 2044 sponte
2695 1977 3090 2045 subscripsisse
3129 1980 3386 2034 videntur
3432 1999 3543 2037 non

1968 2067 2128 2123 multi
2169 2081 2334 2136 supra
2363 2067 2629 2121 ducentos
2679 2081 3053 2123 numerantur.
3098 2072 3385 2136 Quomodo
3412 2091 3547 2146 ergo

1970 2168 2176 2227 quarta:
2207 2158 2399 2229 synodi
2430 2160 2502 2213 sit
2546 2161 2647 2213 iste
2689 2174 2864 2213 canon
2890 2162 2912 2214 ?
2940 2162 3053 2231 Ego
3085 2179 3218 2218 vero
3250 2181 3347 2235 per
3376 2177 3545 2223 testes

1968 2267 1996 2303 a
2037 2259 2088 2304 te
2118 2250 2364 2318 prolatos
2409 2250 2654 2320 probabo
2707 2252 3087 2319 apertissime,
3116 2271 3458 2312 communem
3488 2270 3544 2314 ct

1970 2341 2282 2396 unanimem
2332 2344 2733 2397 confessionem
2776 2355 3158 2401 sexcentarum
3194 2352 3411 2420 triginta
3445 2352 3546 2406 Pa-

1972 2445 2134 2498 trum,
2161 2450 2225 2489 ac
2255 2434 2485 2504 proinde
2519 2436 2688 2488 totius
2712 2435 3009 2492 Orientalis
3040 2439 3293 2495 Ecclesia:
3315 2458 3542 2499 sensum

1966 2538 2019 2591 et
2050 2526 2246 2596 dogma
2278 2527 2445 2581 fuisse
2465 2567 2481 2592 ,
2509 2528 2688 2581 solum
2726 2544 2919 2599 papam
2958 2541 3215 2601 tanquam
3246 2535 3389 2589 Petri
3420 2554 3544 2592 suc-

1968 2634 2246 2674 cessorem
2278 2620 2479 2675 habere
2528 2630 2856 2689 potestatem
2899 2629 3318 2691 mcumenicam,
3351 2645 3460 2682 non
3514 2650 3545 2687 a

1968 2712 2241 2776 Patr.bus,
2261 2727 2367 2764 non
2390 2713 2456 2765 ab
2480 2712 2928 2781 imperatoribus,
2947 2718 3041 2769 sed
3068 2719 3135 2770 ab
3162 2718 3279 2786 ipso
3299 2721 3543 2778 Christo.

295 2814 548 2884 φρόνημα
575 2812 829 2881 γενέσθαι
864 2812 960 2865 καὶ
1003 2812 1288 2881 κήρυγμα,
1349 2811 1509 2879 μόνον
1572 2811 1663 2861 τὸν
1711 2811 1946 2861 πάππαν
1990 2808 2131 2875 ἔχειν
2186 2806 2281 2873 τὴν
2328 2807 2717 2877 οἰκουμενικὴν
2775 2806 3027 2871 ἐξουσίαν
3091 2811 3165 2871 ὡς
3192 2813 3284 2863 τοῦ
3333 2815 3545 2883 Πέτρου

293 2909 558 2979 διάδοχον,
585 2909 679 2962 καὶ
705 2908 863 2961 τοῦτο
891 2909 954 2960 ού
987 2907 1138 2976 παρὰ
1167 2906 1272 2959 τῶν
1302 2906 1587 2975 Πατέρων,
1652 2906 1713 2958 οὐ
1745 2906 1897 2973 παρὰ
1939 2901 2228 2974 βασιλέων,
2251 2901 2386 2953 ἀλλὰ
2412 2903 2543 2968 παρ’
2569 2903 2732 2954 αὑτοῦ
2761 2905 2857 2955 τοῦ
2894 2906 3152 2973 Χριστοῦ.

362 3004 659 3072 Γράφουσα
705 3003 883 3054 τοίνυν
928 3002 960 3071 ή
1005 3001 1136 3066 ἁγία
1181 3002 1413 3069 τετάρτη
1464 2999 1683 3061 σύνοδος
1734 3000 1869 3068 πρὸς

2047 2994 2304 3049 Scribens
2367 2996 2432 3046 ad
2495 2994 2732 3049 Leonem
2790 3012 2983 3065 papam
3053 3012 3241 3054 sancta
3300 3005 3544 3075 synodus

290 3096 502 3150 Λέοντα
526 3094 614 3145 τὸν
633 3094 884 3157 πάππαν,
906 3094 999 3145 καὶ
1020 3094 1118 3160 τὴν
1139 3092 1422 3161 ἀναφορὰν
1443 3092 1741 3160 ποιουμένη
1762 3092 1870 3142 τῶν

289 3190 569 3256 ἑνθέσμως
606 3186 1009 3256 πεπραγμένων
1037 3186 1165 3256 περὶ
1199 3186 1259 3237 τὸ
1287 3185 1463 3253 δόγμα
1490 3185 1587 3254 τῆς
1618 3184 1871 3248 πίστεως,

291 3283 429 3351 φησὶ
457 3284 588 3348 περὶ
618 3282 931 3347 Διοσκόρου·
965 3296 984 3328 ο
1028 3279 1136 3329 Καὶ
1166 3277 1291 3340 τοὺς
1328 3278 1428 3346 μὲν
1494 3278 1563 3327 τὰ
1593 3277 1869 3344 ποιμένων

291 3376 626 3447 φρονοῦντας
658 3376 926 3442 ἀπέτεμε,
953 3373 1079 3434 τοὺς
1126 3373 1183 3424 δὲ
1224 3371 1422 3431 λύκους
1477 3368 1872 3436 ἀποδεδειγμέ-

294 3482 422 3528 νους
453 3468 564 3528 τοῖς
602 3464 912 3534 προὸἀτοις
971 3465 1260 3529 ἐπέστησε·
1316 3463 1408 3513 καὶ
1467 3460 1603 3529 πρὸς
1660 3462 1869 3521 τούτοις

293 3559 494 3613 ἅπασιν
540 3558 621 3610 ἔτι
668 3560 763 3609 καὶ
797 3556 919 3609 κατ’
946 3554 1116 3608 αὑτοῦ
1175 3553 1270 3606 τοῦ
1313 3555 1413 3623 τῆς
1459 3553 1711 3622 ἀμπέλου
1768 3552 1869 3623 τὴν

292 3650 544 3719 φυλακὴν
574 3651 724 3718 παρὰ
774 3648 870 3700 τοῦ
926 3646 1181 3715 Σωτῆρος
1243 3646 1729 3715 ἐπιτετραμμένου
1765 3646 1865 3714 τὴν

296 3744 496 3811 μανίαν
537 3742 792 3807 ἐξέτεινε,
820 3740 1057 3808 λέγομεν
1092 3738 1159 3809 δὴ
1195 3738 1289 3807 τῆς
1320 3738 1421 3806 σῆς
1444 3737 1749 3806 ὁσιότητος,
1774 3738 1869 3789 καὶ

289 3837 692 3904 ἀκοινωνησίαν
736 3837 879 3887 κατά
909 3833 1001 3886 τοῦ
1067 3833 1131 3887 τὸ
1162 3832 1322 3901 σῶμα
1388 3832 1484 3900 τῆς
1539 3830 1870 3901 Ἐκκλησίας

292 3930 448 3981 ἑνοῦν
485 3930 892 3990 σπουδάσαντος
918 3927 1272 3994 ὲμελέτησεν.
1309 3942 1327 3975 ι

365 4022 437 4075 Συ
467 4022 567 4090 μὲν
595 4017 711 4086 οὖν,
738 4020 919 4085 Νεῖλε,
959 4019 1046 4070 τὸν
1095 4018 1334 4070 πάππαν
1368 4016 1547 4083 λέγεις
1582 4015 1866 4084 εἰληφέναι

289 4114 354 4165 τὸ
402 4114 674 4181 πρωτεῖον
696 4112 757 4163 ού
806 4112 956 4179 παρὰ
988 4110 1081 4162 τοῦ
1122 4112 1348 4178 Πέτρου,
1385 4108 1522 4160 ἀλλά
1575 4112 1728 4176 παρά
1759 4108 1868 4158 τῶν

295 4206 581 4276 μακαρίων
609 4206 889 4275 Πατέρων,
923 4205 1014 4255 καὶ
1057 4205 1164 4255 τῶν
1198 4202 1441 4271 εύίσεὸὡν
1494 4200 1762 4270 βασιλέων
1783 4213 1797 4226 ⁸
1830 4201 1862 4267 ή

291 4301 348 4351 δὲ
386 4299 515 4363 ἁγία
542 4299 604 4351 σύ
622 4298 758 4360 δοδος
789 4298 879 4348 τὸν
904 4298 1139 4349 πάππαν
1168 4294 1571 4363 ἐπιτετράφθαι
1607 4293 1742 4360 φησὶ
1766 4293 1867 4361 τὴν

294 4392 541 4461 φυλακὴν
571 4392 671 4461 τῆς
697 4390 944 4459 ἀμπέλου
984 4390 1134 4456 παρά
1156 4387 1249 4440 τοῦ
1270 4388 1544 4455 Σωτῆρος.
1897 4376 1941 4431 Β

367 4483 438 4533 Σὺ
467 4483 670 4550 λέγεις,
701 4483 791 4533 τὸν
824 4480 1055 4532 πάππαν
1080 4476 1218 4531 εἶναι
1249 4478 1346 4547 τῆς
1385 4477 1606 4546 Ῥώμης
1638 4477 1866 4529 ἐπίσκο-

294 4593 398 4629 πον
430 4578 583 4644 παρὰ
623 4573 719 4626 τοῦ
763 4575 970 4642 Πέτρου
1005 4571 1102 4622 καὶ
1136 4570 1351 4639 πρῶτον
1404 4568 1868 4622 τώνὲπισκοπων

294 4667 449 4738 παρὰ
474 4667 580 4718 τῶν
615 4666 871 4733 Πατέρων
907 4664 1002 4716 καὶ
1051 4662 1334 4732 βασιὶέων.
1378 4660 1445 4713 Ἠ
1482 4661 1538 4713 δὲ
1564 4663 1693 4725 ἁγία
1730 4663 1860 4713 σύν-

294 4760 414 4821 οδος
453 4760 531 4827 τῷ
579 4757 981 4827 μακαριωτάτῳ
1014 4758 1113 4823 της
1161 4754 1449 4821 Ῥωμαίων
1510 4755 1867 4823 ἀρχιεπισκό-

296 4869 386 4920 πῳ
418 4853 609 4904 Λέοντι
649 4849 1057 4910 ἐπιστέλλουσα,
1124 4848 1213 4898 τὸν
1272 4847 1437 4898 αὑτὸν
1494 4849 1587 4897 καὶ
1650 4846 1870 4915 Ῥώμης

294 4943 434 4997 οἶδεν
461 4945 781 5002 ἐπίσκοπον,
822 4942 913 4993 καὶ
962 4938 1356 5013 ἀμπεξουργὺν
1410 4940 1496 4990 διὰ
1533 4939 1738 5005 Πέτρου
1768 4957 1870 4990 πα-

295 5042 367 5107 ρὰ
396 5036 485 5089 τοῦ
512 5035 763 5103 Σωτῆρος
792 5035 1161 5085 καταστάντα.

367 5133 438 5183 Συ
470 5132 671 5196 λέγεις,
699 5131 781 5179 ὃτι
812 5127 1027 5196 πρῶτος
1055 5125 1081 5176 ὁ
1116 5125 1345 5186 πάππας
1372 5123 1512 5176 κατά
1546 5123 1635 5175 τὸν
1660 5121 1867 5191 ψευδώ-

290 5241 465 5290 νυμον
498 5226 704 5276 ἐκεῖνον
729 5221 955 5283 κανόνα,
980 5220 1068 5271 διὰ
1102 5219 1161 5269 τὸ
1193 5212 1332 5269 εἶναι
1362 5219 1459 5281 τὴν
1506 5215 1725 5285 Ῥώμην
1753 5216 1862 5265 τῶν

293 5309 507 5369 πὸἳιεων
537 5314 959 5381 βασιλεύουσαν.
1002 5312 1067 5363 ’Π
1102 5312 1157 5364 δὲ
1207 5309 1339 5375 ἁγία
1376 5309 1594 5372 σύνοδος
1649 5309 1734 5360 διὰ
1764 5309 1861 5377 τὴν

292 5410 597 5479 ἐπιτροπὴν
624 5409 721 5477 τῆς
751 5406 998 5475 ἀμπέλου
1032 5402 1432 5474 προσαγορεύει
1458 5402 1516 5452 ἐν
1555 5420 1619 5467 τί]
1647 5404 1864 5452 ἐπιστο-

291 5504 359 5573 λῇ
392 5502 481 5553 τὸν
510 5504 744 5553 πάππαν
772 5502 862 5552 xit
897 5498 1139 5567 κορυφὴν
1162 5497 1256 5548 καὶ
1285 5493 1527 5562 κεφαλὴν
1559 5496 1666 5545 τῶν
1698 5494 1874 5562 μελῶν

290 5579 946 5665 ἡγεμονεύουσαν.’“Ωστε
977 5590 1070 5642 τοῦ
1108 5588 1205 5657 μὲν
1258 5588 1479 5649 κανόνος
1518 5586 1723 5656 ἀκύρου
1788 5585 1874 5638 ὅν-

288 5703 403 5748 τουῖ.
434 5686 506 5748 ὡς
537 5685 889 5753 ψευδολογξας
955 5684 1047 5733 καὶ
1086 5681 1438 5747 καινοτομίας
1506 5679 1728 5745 μεστοῦ,
1780 5680 1875 5729 καὶ

292 5780 433 5852 μηδὲ
469 5780 603 5849 πρὸς
625 5779 721 5843 τὰς
753 5776 1002 5831 ὁπωσοῦν
1034 5776 1246 5844 δεήσεις
1305 5772 1401 5839 τῆς
1456 5771 1675 5823 συνόδου
1757 5776 1873 5825 ἐπι-

1973 3096 2166 3156 quarta
2195 3086 2261 3140 de
2295 3086 2363 3141 iis
2389 3102 2508 3156 quae
2538 3089 2686 3141 circa
2718 3092 2912 3158 dogma
2945 3090 3069 3144 ﬁdei
3117 3093 3358 3162 legitime
3390 3109 3542 3165 gesm

1972 3190 2150 3244 erant,
2180 3180 2462 3248 subjungit
2488 3180 2553 3233 de
2584 3180 2889 3234 Dioscoro:
2926 3202 2941 3232 t
2972 3183 3040 3236 Et
3063 3200 3161 3238 eos
3191 3188 3414 3256 quidem
3447 3192 3543 3257 qui

1974 3283 2252 3342 pastorum
2303 3274 2522 3342 propria
2580 3276 2888 3342 sapiebant,
2939 3279 3217 3345 praecidit;
3267 3296 3364 3335 eos
3414 3298 3545 3335 rem

1972 3366 2062 3435 qui
2098 3381 2155 3420 se
2198 3366 2356 3433 lupos
2403 3368 2783 3432 ostenderant,
2835 3370 3033 3423 ovibus
3082 3373 3360 3440 praefecét;
3396 3377 3543 3429 etad

1972 3456 2088 3510 haec
2112 3457 2294 3510 omnia
2322 3458 2484 3511 ctiam
2514 3458 2568 3510 in
2599 3458 2798 3526 ipsum,
2828 3459 2914 3512 cui
2957 3462 3129 3516 vineae
3162 3465 3409 3517 cusmdia
3450 3465 3544 3517 tle-

1976 3554 2228 3607 mandata
2261 3562 2343 3607 est
2371 3569 2399 3607 a
2433 3554 2739 3616 Salvatore,
2768 3556 3009 3609 furorem
3043 3559 3307 3620 extendit,
3352 3560 3547 3613 videii-

1971 3656 2060 3701 cet
2088 3658 2279 3699 contra
2311 3646 2481 3699 Tuam
2515 3646 2901 3707 Sanctitatem,
2938 3658 2993 3701 ct
3023 3652 3545 3704 excommunicatio-

1970 3755 2096 3795 nem
2156 3738 2280 3792 tulit
2338 3739 2391 3791 in
2427 3754 2553 3792 eum
2601 3740 2697 3808 qui
2744 3739 2961 3795 studuit
3001 3741 3157 3796 unire
3201 3758 3400 3811 corpus
3449 3744 3545 3797 Ec-

1970 3832 2169 3885 clesiae.
2206 3848 2225 3881 ›

2041 4012 2121 4066 Tu
2149 4025 2342 4080 papam
2374 4009 2512 4064 dicis
2544 4025 2652 4064 non
2700 4026 2728 4064 a
2780 4009 2963 4075 Petro,
3000 4013 3091 4066 sed
3132 4029 3161 4066 a
3196 4014 3401 4067 sanctis
3446 4013 3539 4069 Pa-

1971 4104 2151 4157 tribus
2198 4113 2253 4156 et
2293 4102 2403 4172 piis
2450 4102 2875 4169 imperatoribus
2924 4103 3182 4159 habuisse
3214 4106 3542 4174 primatum;

1970 4209 2155 4251 sancta
2189 4210 2321 4249 vero
2352 4195 2595 4266 synodus
2637 4196 3016 4250 detnandatam
3061 4197 3137 4251 ait
3194 4213 3346 4267 papa:
3376 4200 3547 4254 vincte

1972 4289 2277 4344 custodiam
2312 4306 2341 4343 a
2375 4287 2679 4343 Salvatore.

2044 4490 2124 4543 Tu
2176 4505 2369 4559 papam
2418 4489 2557 4545 dicis
2606 4507 2725 4545 esse
2786 4490 3100 4561 episcopum
3148 4492 3335 4547 Roma:
3377 4510 3403 4547 a
3440 4495 3542 4550 Pe-

1977 4593 2081 4647 tro,
2127 4583 2219 4635 sed
2284 4582 2517 4649 primum
2575 4585 2961 4651 epiSCOporum
3000 4600 3028 4636 a
3063 4583 3312 4638 Patribus
3359 4596 3413 4639 et
3442 4586 3542 4639 im-

1974 4675 2381 4743 peratoribus:
2444 4685 2630 4728 saneta
2694 4690 2825 4729 vero
2888 4676 3130 4746 synodus
3188 4678 3426 4732 scribere
3483 4695 3541 4733 se

1975 4766 2052 4820 ait
2097 4767 2263 4820 Leoni
2312 4768 2629 4821 beatissimo
2669 4766 2853 4821 Romae
2908 4769 3348 4837 archiepiscopo,
3392 4786 3532 4823 eum-

1972 4859 2209 4926 dcmque
2271 4860 2423 4912 norit
2464 4859 2647 4912 Romae
2695 4862 3035 4929 episcopum,
3079 4870 3133 4914 et
3172 4876 3270 4929 per
3321 4862 3541 4916 Petrum

1974 4951 2148 5003 vineae
2184 4952 2468 5005 custodem
2497 4969 2524 5003 ιι
2553 4951 2871 5007 ‘Salvatorc.

2040 5129 2118 5182 Tu
2164 5130 2319 5195 juxta
2374 5130 2816 5198 pseudocanonis
2870 5146 3087 5183 scnsmu
3137 5133 3336 5184 asseris
3393 5148 3543 5199 papa:

1970 5221 2264 5289 primatum
2312 5236 2374 5272 ex
2424 5236 2489 5273 eo
2537 5237 2657 5275 esse
2702 5222 2845 5289 quod
2884 5220 3053 5272 Roma
3110 5224 3181 5274 sit
3224 5224 3408 5290 regina
3448 5239 3541 5275 ur-

1974 5315 2146 5368 bium.
2183 5316 2251 5367 At
2286 5323 2470 5367 sancta
2508 5314 2746 5382 synodus
2796 5315 2846 5365 iu
2896 5313 3126 5380 epistola
3159 5323 3317 5367 vocat
3346 5330 3540 5383 papam

1972 5405 2241 5458 verticem
2297 5413 2352 5456 et
2406 5415 2569 5471 caput
2630 5404 3003 5457 tumnhrorum
3065 5404 3257 5458 ducem
3318 5415 3545 5475 promer

1973 5497 2279 5551 custodiam
2307 5496 2501 5549 vineae.
2530 5497 2715 5564 Itaque
2744 5514 2867 5550 cum
2900 5512 3074 5575 cangn
3111 5499 3302 5552 irritus
3330 5500 3421 5561 sit,
3453 5510 3542 5550 ut-

1975 5597 2097 5658 pote
2146 5587 2399 5641 ialsitatis
2428 5596 2482 5640 et
2515 5589 2776 5642 novitatis
2836 5591 3049 5657 plenus,
3078 5606 3177 5645 nec
3218 5593 3383 5644 etiam
3437 5588 3538 5643 ad-

1973 5682 2280 5735 nitentibus
2308 5691 2585 5750 utcunque
2616 5682 2810 5750 synodi
2845 5684 3099 5741 Patribus
3127 5702 3155 5737 a
3187 5701 3320 5755 papa
3346 5699 3544 5752 appro—

1975 5773 2173 5838 batus;
2226 5773 2333 5827 imo
2378 5788 2511 5826 vero
2562 5772 2796 5834 reiectus
2844 5788 3005 5835 atque
3052 5779 3373 5830 damnatuS'
3431 5774 3542 5829 eui--
