4088 6294
321 373 476 481 ἠιδ

1618 394 1620 396 ’
1652 419 2084 481 BEFUTATIO
2133 419 2324 479 NlLI.

3503 418 3609 477 746

358 530 415 583 δὲ
443 527 602 582 τούτο
635 530 730 581 καὶ
759 529 838 598 τῷ
871 529 1028 600 πάπᾳ
1063 529 1239 582 κοινόν
1268 546 1282 594 ;
1319 530 1434 582 Οὐκ
1460 527 1568 600 ἄρα
1596 531 1736 584 κατὰ
1761 530 1929 584 πάντα

2039 529 2165 598 quis
2189 527 2392 584 habere
2422 528 2526 584 hoc
2554 527 2701 583 dicat
2727 534 2783 582 et
2811 527 3048 596 papam?
3081 525 3198 580 Non
3227 537 3311 582 est
3363 527 3526 598 igitur
3551 532 3608 584 in
3655 600 3666 612 '

357 621 387 672 ὁ
434 620 658 701 Ῥιῖζμης
700 617 795 671 τοῦ
833 614 1042 689 Πέτρου
1083 618 1350 690 διάδοχος,
1389 620 1526 674 ἀλλὰ
1573 613 1695 674 κατ⁴
1747 621 1935 674 ἐκεῖνα

363 711 555 780 μόνον,
583 711 710 766 καθ’
739 708 774 764 ἃ
809 711 903 765 καὶ
930 707 1040 764 τῶν
1076 713 1169 768 ὑπ’
1194 711 1410 766 ἐκείνου
1443 712 1934 783 χειροτονηθέντων

358 802 614 867 ἕκαστος.

931 933 1367 995 ΑΝτιΡΡιιΣιΣ.
1401 1009 1405 1014 ,

430 1053 612 1109 Πολλὰ
637 1056 996 1126 συμπλέκεις,
1029 1057 1200 1110 πολλὰ
1232 1055 1566 1126 συμφύρεις,
1605 1057 1701 1110 καὶ
1731 1055 1933 1120 πολλὰς

359 1148 718 1218 ἑπισωρεύων
773 1149 1059 1220 διαφορὰς,
1097 1148 1220 1203 καθ’
1273 1148 1334 1203 ἓν
1383 1148 1548 1218 μόνον
1600 1149 1782 1216 λέγεις
1837 1147 1936 1202 καὶ

360 1239 524 1293 τοῦτο·
558 1239 808 1309 μερικὺν,
842 1243 1127 1295 κοινωνεῖν
1155 1240 1248 1293 τὸν
1281 1240 1490 1313 Πέτρον
1521 1240 1765 1303 καὶτοὺς
1817 1240 1933 1294 δια-

357 1333 568 1402 δόχους.
603 1327 740 1386 Εἶτα
789 1331 853 1384 τὸ
907 1331 1269 1400 καιριώτατον
1317 1333 1417 1403 τῆς
1475 1331 1784 1395 ὑποθέσεως
1838 1333 1935 1385 καὶ

361 1423 704 1496 κυριώτατον
759 1423 1108 1494 παραλιπὼν,
1168 1425 1488 1496 συγχύσεως
1547 1427 1645 1479 καὶ
1704 1425 1934 1491 ἀταξίας

363 1514 608 1587 ἐμφαίνει
655 1514 1006 1578 διδάσκαλος.
1050 1516 1308 1586 Διάδοχον
1341 1516 1524 1584 λέγεις
1571 1515 1668 1570 τοῦ
1719 1517 1930 1590 Πέτρου

360 1610 458 1661 τὸν
505 1594 694 1664 πάπαν
743 1608 881 1662 καθὸ
926 1609 1253 1677 ἐπίσκοπος,
1281 1608 1357 1672 ὡς
1409 1610 1506 1663 καὶ
1554 1609 1787 1673 ἕκαστος
1822 1609 1932 1664 τῶν

361 1699 457 1754 ὑπ’
484 1701 693 1755 ἐκείνου
727 1701 1220 1774 χειροτονηθέντων
1264 1701 1583 1756 ἐπισκόπων
1605 1716 1622 1734 ·
1653 1702 1934 1769 ἀπόδειξιν

2037 619 2296 675 omnibus
2337 633 2476 689 papa
2515 633 2805 675 successor
2856 619 3023 684 Petri,
3076 619 3172 674 sed
3211 618 3264 672 in
3296 619 3366 674 iis
3398 629 3606 676 tantum

2038 711 2094 765 in
2120 712 2321 780 quibus
2350 721 2639 769 successor
2665 713 2830 769 etiam
2856 719 2941 769 est
2963 712 3192 783 quilibet
3223 713 3608 783 episcoporum

2037 819 2068 859 ει
2095 805 2256 862 Petro
2288 805 2692 862 ordinatorum.
3005 804 3008 806 ’

2564 901 3044 1000 ὀοΜτυΤΑΤιο.

2109 1057 2276 1113 Multa
2309 1057 2617 1122 con-nectis,
2643 1058 2813 1112 multa
2834 1057 3148 1125 confundis,
3167 1065 3220 1112 et
3236 1056 3422 1112 multis
3453 1056 3610 1113 ditl'e-

2036 1151 2232 1208 rentiis
2281 1153 2495 1222 positus
2544 1165 2713 1205 unum
2749 1157 2961 1204 tantum
3020 1164 3143 1204 esse
3194 1149 3276 1203 ais
3315 1163 3608 1204 commune

2033 1240 2198 1297 Petro
2233 1249 2290 1296 et
2339 1241 2776 1308 successoribus,
2827 1239 2991 1309 idque
3038 1239 3352 1310 privatum;
3388 1249 3444 1295 et
3473 1255 3608 1309 prae-

2037 1336 2167 1391 teris
2195 1335 2339 1406 quod
2361 1334 2657 1389 maximum
2691 1345 2747 1388 et
2771 1332 3280 1402 praestantissimum
3304 1340 3390 1386 est
3423 1332 3478 1387 in
3504 1332 3609 1388 hac

2035 1427 2287 1491 materia,
2321 1428 2496 1496 lisque
2549 1424 2888 1480 confusionis
2921 1435 2977 1480 et
3030 1425 3458 1480 inordinationis
3489 1440 3605 1479 ma-

2033 1517 2227 1590 gister.
2257 1517 2645 1573 Successorem
2676 1515 2824 1572 Petri
2843 1515 2924 1571 ais
2949 1530 3167 1594 papam,
3187 1515 3602 1585 utepiscopum,

2034 1619 2097 1664 ut
2128 1609 2362 1678 quilibet
2381 1609 2770 1679 episcoporum
2821 1623 2853 1662 a
2902 1609 3064 1664 Petro
3109 1608 3515 1675 ordinaturum,
3550 1620 3608 1665 et

2035 1703 2201 1774 hujus
2249 1710 2356 1757 tuas
2403 1702 2696 1772 positionis
2751 1701 2964 1755 nullum
3013 1700 3178 1756 aﬂ‘ers
3228 1702 3608 1758 testimonium

350 1793 416 1847 δὲ
457 1794 663 1862 ταύτης
698 1810 796 1847 σου
843 1796 944 1864 τῆς
993 1794 1196 1858 θέσεως
1220 1794 1508 1868 ,οὐδεμίαν
1555 1793 1745 1864 φέρεις
1771 1807 1786 1824 ⁸
1817 1793 1929 1848 ἀλλ’

2035 1811 2146 1866 quo
2177 1795 2474 1865 probetur';
2507 1795 2603 1850 sed
2633 1793 2877 1864 magistri
2898 1795 3226 1850 auctoritate
3258 1797 3606 1865 pronuntias,

359 1885 547 1950 ἔοικας
585 1888 666 1958 τῷ
706 1887 1103 1952 διδασκαλικῶς
1153 1888 1583 1960 ἀποφαινομένῳ
1634 1888 1727 1942 καὶ
1771 1904 1930 1958 νομο-

360 1977 630 2034 θετοῦντι.
664 1979 1056 2049 ’Δντιτάξομεν
1079 1976 1172 2034 οὖν
1205 1982 1367 2051 ἡμεῖς
1395 1981 1516 2051 οὐχὶ
1545 1981 1617 2034 τὰ
1659 1978 1928 2052 ἡμέτερα,

355 2072 496 2127 ἀλλὰ
542 2072 612 2126 τά
643 2071 743 2142 τῆς
790 2073 956 2141 ἁγίας
1006 2074 1278 2144 τετάρτης
1322 2073 1568 2138 συνόδου,
1607 2074 1668 2139 ἐξ
1693 2071 1768 2132 ὧν
1801 2075 1932 2146 ἐπέ-

361 2166 549 2219 στελλε
602 2165 740 2236 πρὸς
786 2166 877 2219 τὸν
927 2166 1159 2220 πάττων·
1198 2184 1220 2218 ι
1262 2165 1328 2220 Τί
1358 2166 1464 2239 γὰρ
1497 2168 1738 2232 πίσὲεως
1793 2169 1932 2239 πρὸς

359 2255 701 2326 εὐφροσύνην
730 2256 1028 2324 ἀνώτερον,
1057 2258 1123 2326 ἣν
1156 2256 1322 2319 αὐτὸς
1348 2255 1539 2328 ὥσπερ
1571 2258 1791 2328 χρυσῆν
1819 2275 1934 2311 σει-

360 2351 464 2423 ρὰν
493 2349 570 2421 τῷ
601 2351 990 2422 προστάγματι
1020 2349 1115 2403 τοῦ
1147 2350 1381 2419 θεμένου
1431 2351 1818 2423 καταγομένην
1851 2353 1934 2416 εἰς

355 2444 510 2513 ἡμᾶς
551 2443 904 2512 διεφύλαξας,
945 2441 1080 2496 πᾶσι
1136 2443 1238 2511 τῆς
1269 2441 1361 2495 τοῦ
1404 2443 1682 2514 μακαρίου
1718 2445 1931 2515 Πέτρου

357 2536 542 2606 φωνῆς
569 2536 843 2607 ἑρμηνεὺς
875 2535 1315 2604 καθιστάμενοςς
1351 2533 1521 2590 Ὅθεν
1551 2537 1648 2588 καὶ
1674 2537 1835 2606 ἡμεῖς
1859 2536 1934 2599 ὡς

357 2627 591 2698 ἀρχηγῷ
621 2645 704 2680 σοι
732 2625 828 2680 τοῦ
865 2627 1032 2680 καλοῦ
1078 2628 1216 2699 πρὸς
1250 2626 1523 2697 ὠφέλειαν
1567 2630 1932 2701 χρησάμενοι,

355 2721 474 2775 τοῖς
501 2719 600 2789 τῆς
635 2719 962 2788 Ἐκκλησίας
1013 2718 1230 2782 τέκνοις
1275 2719 1367 2774 τὸν
1416 2720 1618 2792 κλῆρον
1671 2722 1772 2792 τῆς
1801 2723 1933 2794 άλη-

357 2811 514 2876 θείας
559 2811 861 2880 ὲδείξαμεν.
920 2830 939 2863 ι
1003 2812 1091 2866 Ἐν
1155 2812 1370 2874 τούτοις
1428 2815 1460 2882 ή
1527 2811 1656 2880 άγία
1713 2813 1932 2880 σύνοδος

358 2904 512 2958 καλεῖ
557 2903 648 2958 τὸν
695 2906 884 2958 πάπαν
924 2905 1024 2973 τῆς
1051 2904 1264 2974 χρυσῆς
1311 2899 1504 2975 σειρᾶς
1539 2905 1778 2970 πίστεως
1831 2907 1932 2976 φύ-

357 2997 521 3063 λακα,
547 2997 643 3050 καὶ
677 2997 921 3067 ἑρμηνέα
949 2998 1062 3066 τῆς.
1080 2997 1266 3066 φωνῆς
1303 2997 1399 3050 τοῦ
1431 2998 1679 3070 Πέτρου,ι
1700 3000 1795 3074 καὶ
1830 3001 1931 3073 τὴν

358 3090 543 3144 πίστιν
569 3091 626 3142 ὲν
658 3089 734 3158 τῷ
769 3092 932 3159 πάπᾳ
962 3089 1163 3159 κλῆρον
1203 3084 1344 3142 εἶναι
1377 3092 1477 3158 τῆς
1509 3091 1787 3162 ἀληθείας.
1822 3093 1932 3147 Kal.

2031 1897 2092 1943 et
2120 1886 2321 1942 statuis
2373 1899 2526 1941 more
2575 1885 2931 1952 legislatoris.
2960 1883 3312 1956 Opponemus
3349 1903 3478 1957 ergo
3509 1905 3612 1945 nos

2032 1980 2132 2037 tibi
2188 1993 2298 2034 non
2351 1988 2536 2035 nostra
2562 2019 2576 2046 ,
2609 1978 2705 2034 sed
2738 1991 2904 2034 voces
2952 1989 3154 2035 sanctae
3181 1980 3375 2050 synodi
3399 1990 3610 2051 quarta:

2033 2087 2100 2127 ex
2128 2071 2361 2141 epistola
2386 2071 2506 2143 ejus
2528 2071 2596 2126 ad
2621 2087 2816 2142 papam
2851 2089 2864 2126 :
2902 2090 2922 2124 ι
2965 2072 3107 2138 Quid
3145 2063 3290 2128 enim
3320 2074 3388 2128 ad
3421 2073 3610 2131 feren-

2034 2165 2159 2219 dam
2189 2165 2434 2220 lretitiam
2471 2165 2576 2220 ﬁde
2599 2166 2913 2230 sublimius,
2934 2181 3098 2236 quam
3124 2176 3178 2221 tu
3211 2168 3358 2223 velut
3385 2185 3610 2233 auream

2037 2266 2310 2323 catenam,
2362 2267 2638 2328 praecepto
2687 2259 3016 2329 legislatoris
3061 2259 3352 2315 deductam
3385 2263 3452 2316 ad
3508 2279 3612 2321 nos

2035 2350 2288 2418 servasti,
2320 2353 2577 2407 omnibus
2605 2351 2750 2407 beati
2802 2353 2949 2407 Petri
2979 2354 3130 2408 vocis
3156 2356 3490 2412 censtitutus
3521 2359 3612 2413 in-

2035 2444 2286 2512 terpres?
2323 2445 2668 2514 Quapropter
2694 2453 2751 2502 et
2784 2460 2886 2501 nos
2923 2446 3059 2501 tanti
3103 2447 3233 2502 boni
3276 2458 3327 2503 te
3367 2449 3509 2506 duce
3553 2463 3612 2508 et

2037 2545 2264 2589 auctore
2299 2535 2383 2590 usi
2415 2535 2488 2590 ad
2515 2536 2831 2601 utilitatem,
2879 2537 3137 2594 Ecclesia:
3165 2539 3292 2595 ﬁliis
3319 2541 3612 2600 haeredita-

2032 2632 2148 2681 tem
2181 2629 2429 2706 veritatis
2457 2629 2818 2685 ostendimus.
2858 2649 2878 2683 ι
2933 2630 2990 2685 In
3022 2632 3107 2688 liis
3143 2642 3330 2689 sancta
3367 2638 3610 2706 synodus

2037 2729 2197 2775 vocat
2232 2705 2429 2790 papam
2465 2737 2644 2778 aureae
2693 2722 2816 2778 ﬁdei
2849 2731 3052 2779 catena
3099 2705 3524 2791 asservatorun,
3554 2738 3614 2785 et

2037 2813 2184 2893 Petgi
2233 2814 2382 2868 vocis
2435 2815 2828 2884 interpretem;
2879 2824 2935 2871 et
2992 2815 3155 2872 ﬁdem
3229 2819 3307 2873 ait
3357 2834 3477 2874 esse
3553 2823 3608 2876 in

2036 2919 2173 2974 papa
2210 2903 2456 2972 veritatis
2505 2903 2902 2961 haereditatem.
2940 2907 3007 2961 Et
3057 2907 3219 2972 inl'ra,
3271 2910 3362 2963 ubi
3425 2922 3609 2967 sermo

2034 3005 2120 3051 est
2150 2996 2217 3051 de
2250 2997 2502 3054 Patribus
2553 2998 2788 3068 synodi:
2835 3017 2853 3050 ι
2888 2999 3095 3066 Quibus
3125 3009 3206 3066 tu,
3250 3001 3450 3071 inquit,
3495 3003 3607 3058 dux

2035 3104 2182 3154 eras,
2217 3097 2278 3143 ut
2311 3099 2473 3159 caput
2521 3090 2804 3156 membris,
2853 3088 2907 3145 in
2942 3089 3009 3146 iis
3038 3092 3130 3161 qui
3158 3101 3276 3157 tuas
3306 3109 3470 3149 voces
3517 3111 3611 3166 ge-

357 3186 657 3254 κατωτέρω
707 3184 838 3254 περὶ
907 3186 1006 3254 τῆς
1059 3184 1390 3255 δμηγύρεως
1452 3187 1561 3239 τῶν
1613 3188 1929 3242 ἐπισκόπων

2039 3182 2233 3238 rebant
2265 3182 2704 3238 benevolentiam
2758 3181 3126 3253 praeferens.»
3173 3185 3232 3240 In
3281 3188 3368 3243 bis
3422 3199 3610 3244 sancta

351 3273 455 3342 τῆς
487 3273 651 3340 ἁγίας
699 3273 878 3326 αὐτῶν
929 3273 1150 3326 συνόδου
1199 3275 1509 3343 γράφουσιν
1553 3275 1604 3328 οἱ
1651 3277 1929 3347 Πατέρες.

359 3383 382 3415 ι
422 3357 522 3418 Ὧν
574 3365 638 3417 σὺ
688 3364 794 3434 μὲν
838 3365 914 3429 ὡς
956 3364 1170 3436 κεφαλὴ
1235 3365 1415 3435 μελῶν
1457 3367 1812 3437 ἡγεμόνευες,
1873 3371 1932 3422 ὲν

353 3457 467 3517 τοῖς
497 3454 596 3526 τὴν
632 3456 730 3526 σὴν
759 3455 913 3520 τάξιν
938 3455 1200 3526 ἐπέχουσι
1232 3455 1333 3524 τὴν
1379 3455 1598 3510 εὔνοιαν
1624 3457 1928 3513 ἐπιδεικνύ-

356 3563 520 3614 μενος
544 3563 560 3578 ο
596 3565 617 3598 ι
664 3547 752 3599 Ἐν
786 3547 997 3611 τούτοις
1028 3549 1061 3618 ἡ
1090 3547 1224 3616 ἁγία
1267 3547 1487 3620 σύνοδος
1537 3549 1796 3620 ὁμολογεῖ
1837 3551 1930 3604 τὸν

357 3643 546 3693 πάπαν
607 3629 870 3710 κεφαλὴν,
922 3641 1049 3704 τοὺς
1109 3641 1304 3704 ἄλλους
1360 3643 1700 3705 ἐπισκόπους
1766 3642 1924 3713 μέλη.

356 3737 546 3806 Παρῆν
581 3735 638 3788 δὲ
661 3736 718 3788 ἐν
741 3734 926 3805 ἐκείνῃ
958 3737 1023 3804 τῇ
1053 3735 1260 3804 συνόδῳ
1288 3735 1386 3787 καὶ
1427 3735 1740 3799 Ἀνατόλιος
1770 3736 1924 3789 Κων-

353 3823 880 3889 σταντινουπόλεως,
948 3825 1046 3876 καὶ
1102 3823 1359 3892 Μάξιμος
1429 3823 1782 3895 Ἀντιοχείας,
1835 3825 1928 3879 καὶ

362 3916 723 3980 ’1ου6ενάλιος
765 3913 1175 3986 Ἱεροσολύμων.
1222 3916 1333 3969 Καὶ
1360 3917 1663 3986 κατωτέρω
1689 3932 1706 3949 ·
1745 3935 1763 3968 ι
1818 3917 1927 3970 Καὶ

353 4009 493 4078 πρὸς
537 4009 750 4071 τούτοις
795 4007 1000 4062 ἅπασιν
1053 4007 1134 4060 ἔτι
1189 4007 1284 4060 καὶ
1324 4009 1446 4061 κατ’
1478 4006 1649 4062 αὑτοῦ
1683 4007 1778 4061 τοῦ
1823 4008 1927 4076 τῆς

350 4100 598 4170 ἀμπέλου
640 4101 766 4170 τὴν
796 4100 1044 4169 φυλακὴν
1097 4100 1250 4170 παρὰ
1296 4098 1390 4153 τοῦ
1435 4100 1688 4171 Σωτῆρος
1742 4101 1927 4152 ἐπιτε-

349 4194 670 4264 τραμμένου
720 4192 821 4263 τὴν
883 4190 1086 4260 μανίαν
1121 4190 1397 4255 εὲξέτεινε,
1427 4189 1664 4258 λέγομεν
1709 4188 1774 4258 δὴ
1827 4188 1927 4259 τῆς

353 4287 456 4356 σῆς
497 4286 797 4354 ὁσιότητος.
837 4303 864 4336 .›
897 4285 988 4337 Ἐν
1028 4283 1301 4354 τούτοιςή
1335 4282 1468 4351 ἁγία
1504 4280 1720 4344 σύνοδος
1749 4282 1926 4349 ἄμπε-

350 4378 443 4432 λον
477 4378 848 4447 εὐαγγελικῶς
895 4378 996 4447 τὴν
1036 4375 1392 4446 Ἐκκλησίαν,
1425 4372 1814 4444 ἀμπελουργὸν
1844 4373 1926 4426 λέ-

350 4487 440 4538 γει
461 4471 552 4560 ξον
577 4469 789 4533 πάττων,
831 4471 980 4534 παρὰ
1008 4465 1101 4518 τοῦ
1131 4464 1384 4534 Σωτῆρος
1423 4461 1663 4532 Χριστοῦ
1691 4461 1924 4515 λαῦόντα

350 4563 452 4634 τὴν
478 4553 926 4632 άμπελουργίαν.
960 4557 1071 4609 Καὶ⁵
1102 4555 1402 4624 κατωτέρω
1426 4568 1440 4584 ·
1479 4573 1498 4606 ‹
1538 4553 1926 4622 Πεπεισμένοι,

346 4656 424 4718 ὡς
456 4655 555 4724 τῆς
600 4650 970 4718 ἀποστολικῆς
1003 4646 1135 4704 παρ’
1162 4647 1290 4716 ὑμῖν
1333 4645 1643 4716 κρατούσης
1689 4645 1929 4710 ἀκτῖνος,

348 4752 448 4803 καὶ
505 4749 598 4801 ἐπὶ
665 4747 766 4816 τὴν
826 4745 885 4798 ἐν
953 4739 1538 4796 Κωνσταντινουπόλει
1598 4735 1930 4808 Ἐκκλησίαν

348 4840 598 4911 συνήθως
630 4837 921 4908 κηδόμενοι
953 4833 1214 4895 πολλάκις
1264 4831 1469 4901 ταύτην
1497 4828 1814 4900 ἡπλώσατε,
1841 4829 1929 4881 διὰ

344 4936 408 4988 τὸ
439 4932 676 5002 ἄφθονον
709 4930 978 5000 ὑπάρχειν
1012 4929 1143 4998 ἡμῖν
1170 4925 1270 4993 τὴν
1309 4925 1417 4978 τῶν
1451 4924 1671 4976 οἰκείων
1702 4921 1926 4990 ἀγαθῶν

347 5029 486 5098 πρὸς
536 5028 664 5089 τοὺς
693 5025 952 5095 γνησίους
1005 5020 1322 5091 μετάδοσιν.
1359 5018 1526 5074 »Καὶ
1590 5017 1921 5084 κατωτέρω·

350 5142 372 5174 ι
409 5122 646 5184 Εἰδότες,
687 5119 763 5181 ὡς
843 5118 953 5170 πᾶν
1002 5115 1154 5185 παρὰ
1202 5111 1312 5166 τῶν
1361 5111 1574 5165 τέκνων
1637 5111 1926 5180 γινόμενον

345 5215 684 5286 κατόρθωμα
731 5214 811 5276 είς
858 5211 985 5274 τοὺς
1032 5210 1442 5279 οἰκειουμένους
1495 5207 1745 5277 Ματέρας
1791 5204 1925 5258 ἀνα-

2035 3274 2279 3346 synodus
2329 3273 2532 3330 fatetur
2570 3291 2762 3346 papam
2825 3284 3014 3353 caput,
3047 3287 3277 3333 caeteros
3315 3279 3609 3350 episcopos

2037 3366 2302 3420 membra.
2340 3366 2581 3421 Aderant
2633 3378 2813 3423 autem
2849 3367 2906 3422 in
2945 3367 3034 3422 illa
3081 3370 3289 3440 synodo
3318 3370 3609 3427 Anatolius

2032 3455 2696 3525 Constantinopolitanns,
2764 3456 3035 3514 Maximus
3082 3459 3484 3527 Antiochenus,
3547 3471 3604 3516 et

2030 3546 2312 3602 Juvenalis
2342 3547 2890 3620 llierosolymitanus.
2929 3551 2992 3605 Et
3018 3550 3159 3607 infra
3194 3568 3208 3606 :
3241 3571 3260 3604 ι
3296 3552 3363 3607 Ει
3389 3553 3456 3607 ad
3489 3554 3607 3610 huic

2035 3639 2218 3693 omnia
2258 3639 2484 3708 insuper
2511 3647 2568 3695 et
2595 3650 2787 3694 contra
2815 3642 3018 3710 ipsum,
3043 3643 3128 3696 cui
3167 3642 3338 3698 virgas
3358 3645 3608 3699 custodia

2035 3747 2064 3786 a
2111 3731 2390 3787 Salvatore
2447 3735 2740 3788 commissa
2798 3743 2902 3800 est,
2933 3733 3183 3789 extendit
3222 3733 3484 3791 insaniam
3508 3778 3523 3804 ,
3554 3739 3610 3791 id

2033 3834 2117 3880 est
2154 3834 2345 3880 contra
2398 3833 2543 3879 tuam
2592 3826 2995 3896 (apostolicam)
3036 3827 3378 3881 sanctitatem
3414 3845 3426 3882 :
3469 3847 3488 3880 ι
3545 3839 3611 3884 ιιι

2031 3915 2259 3972 Latinus
2288 3917 2557 3986 interpres
2588 3916 2740 3986 legit.
2773 3916 2832 3970 In
2862 3916 2946 3972 his
2993 3925 3178 3973 sancta
3211 3919 3453 3989 synodus
3503 3921 3607 3975 Ee-

2030 4009 2254 4063 clesiam
2285 4010 2600 4080 evangelice
2631 4010 2845 4064 vineam
2877 4019 3077 4075 vocat,
3118 4011 3402 4065 custodem
3434 4013 3608 4067 vineae

2029 4115 2248 4169 papam,
2279 4111 2334 4156 et
2355 4100 2732 4170 prazl'ecturam
2775 4103 2917 4158 hanc
2950 4116 3074 4156 esse
3105 4101 3285 4172 inquit
3315 4102 3390 4156 illi
3423 4102 3605 4158 datam

2029 4209 2061 4248 a
2084 4193 2330 4249 Christo.
2363 4194 2433 4249 Et
2479 4195 2620 4250 infra
2657 4212 2674 4250 :
2713 4215 2732 4250 ι
2763 4197 2929 4252 Plane
2959 4196 3202 4262 scientes
3246 4197 3604 4266 apostoliciim

2029 4287 2086 4342 in
2109 4287 2265 4342 vobis
2293 4288 2516 4358 quidem
2551 4287 2762 4343 radium
2789 4303 2942 4344 suam
2976 4289 3163 4344 sedem
3196 4289 3403 4344 habere
3422 4307 3437 4356 ;
3456 4305 3603 4360 saepe

2029 4395 2161 4435 vero
2187 4381 2255 4434 ad
2301 4381 2972 4450 Constantinopolitanam
3029 4396 3252 4451 quoque
3297 4381 3600 4437 Ecclesium

2036 4486 2190 4526 more
2211 4480 2396 4526 vestro
2456 4487 2647 4526 curam
2705 4480 2962 4541 gerentes
2995 4471 3146 4525 illum
3192 4473 3480 4541 sparsisse,
3537 4489 3606 4528 eo

2034 4560 2183 4631 quod
2242 4561 2646 4616 cousueveritis
2711 4561 2986 4618 bonorum
3037 4546 3376 4616 ‘vestrorum
3436 4565 3608 4633 parti-

2029 4653 2304 4723 cipatione
2360 4653 2517 4708 vobis
2573 4654 2900 4722 conjunetos
2957 4653 3176 4708 abunde
3229 4653 3428 4710 ditare.
3467 4673 3486 4707 ι
3539 4656 3608 4709 Et

2031 4743 2212 4799 infra:
2270 4763 2288 4797 ι
2335 4743 2739 4815 Agnoscentes,
2791 4759 2954 4799 omne
2998 4746 3274 4814 egregium
3345 4755 3602 4800 natorum

2025 4835 2230 4891 factum
2284 4851 2569 4892 recurrere
2607 4836 2674 4892 ad
2717 4837 2974 4908 proprios
3017 4847 3294 4907 parentes.
3326 4837 3604 4908 Rogamus

2027 4929 2215 5000 igitur,
2258 4929 2480 4984 decreto
2514 4939 2606 4984 tuo
2660 4926 2908 4984 nostrum
2962 4929 3169 4984 honora
3207 4930 3500 5002 judicium,
3551 4941 3608 4985 et

2027 5023 2170 5076 sicut
2206 5037 2303 5078 nos
2354 5021 2518 5092 capiti
2551 5037 2880 5077 consensum
2918 5022 3254 5092 praebuimus
3285 5023 3337 5076 in
3375 5039 3432 5075 re
3465 5039 3604 5092 prae-

2025 5115 2195 5183 clara,
2230 5116 2305 5170 ita
2357 5125 2413 5172 ct
2455 5127 2645 5178 vertex
2677 5115 2975 5186 adimpleat
3005 5115 3131 5169 ﬁliis
3162 5113 3307 5184 quod
3339 5114 3602 5171 decorum

2026 5217 2132 5261 est.
2173 5226 2192 5258 ι

342 5309 568 5379 τρέχει·
637 5306 1069 5377 παρακαλοῦμεν
1122 5305 1323 5369 τοίνυν,
1373 5305 1604 5372 τίμησον
1658 5303 1752 5354 καὶ
1794 5303 1915 5364 ταῖς
1955 5303 2075 5364 σαῖς
2123 5302 2326 5373 ψήφοις
2374 5303 2471 5373 τὴν
2548 5303 2768 5373 κρίσιν·
2803 5305 2899 5357 καὶ
2933 5301 3124 5371 ὥσπερ
3176 5302 3335 5372 ἡμεῖς
3406 5308 3471 5378 τῇ
3515 5323 3606 5358 κε-

342 5405 490 5472 φαλῇ
523 5402 622 5470 τὴν
663 5403 720 5457 ἐν
753 5401 862 5462 τοῖς
931 5399 1116 5461 καλοῖς
1156 5397 1473 5468 συμφωνίαν
1539 5394 1987 5466 εἰσενηνόχαμεν,
2028 5393 2171 5448 οὕτω
2216 5397 2308 5448 καὶ
2361 5399 2392 5465 ἡ
2453 5396 2664 5467 κορυφὴ
2713 5401 2824 5460 τοῖς
2876 5397 3064 5452 παισὶν
3107 5398 3500 5471 ἀναπληρώσει
3547 5400 3605 5454 τὸ

1862 5483 1878 5506 Ι
1974 5509 1984 5511 _
3413 5507 3416 5511 .

341 5516 579 5570 πρετεον.
623 5517 642 5548 ο

429 5595 516 5647 Ἐν
550 5591 758 5654 τούτοις
786 5592 818 5660 ἡ
847 5589 978 5658 ἁγία
1026 5587 1244 5648 σύνοδος
1276 5586 1530 5655 ὁμολογεῖ
1562 5585 1662 5654 τὴν
1694 5585 1928 5637 ἀποστο-

336 5687 500 5758 λικὴν
531 5688 725 5740 ἀκτῖνα
757 5688 814 5739 ἐν
841 5683 917 5754 τῷ
949 5683 1110 5751 nam;
1146 5677 1553 5748 καθιδρυμένην
1603 5676 1924 5742 ἁπλωθῆναι

336 5781 607 5844 πολλάκις
667 5779 762 5832 καὶ
818 5777 898 5840 είς
947 5770 1570 5828 Κωνσταντινούπολιν·
1625 5771 1718 5822 καὶ
1777 5769 1924 5820 ὅτιὸ

334 5877 534 5939 πάπας
566 5877 684 5931 ἐστὶ
717 5869 929 5942 κεφαλὴ
964 5869 1061 5937 τῆς
1103 5865 1438 5935 Ἐκκλησίας
1472 5863 1719 5935 τοιαύτη,
1754 5863 1812 5927 ἐξ
1855 5858 1922 5932 ἧς

554 5978 829 6040 PnnoL.
868 5973 986 6033 (in.
1023 5968 1295 6031 CXLlX.

2103 5584 2161 5636 ln
2191 5583 2276 5636 his
2326 5589 2512 5635 sancta
2567 5583 2807 5652 synodus
2858 5579 3084 5648 fatetur,
3128 5583 3486 5650 apostolicum
3517 5598 3602 5634 ra-

2034 5677 2183 5730 dium
2218 5690 2336 5729 esse
2379 5676 2433 5728 in
2476 5691 2611 5744 papa
2645 5673 2971 5729 collocatum
3018 5683 3074 5729 et
3115 5675 3242 5729 inde
3272 5691 3414 5743 swpe
3453 5675 3600 5729 Con-

2032 5765 2443 5833 stantinopolim
2493 5780 2612 5819 sese
2665 5761 2898 5828 fudisse,
2961 5774 3018 5819 et
3073 5780 3266 5836 papam
3319 5781 3442 5820 esse
3497 5768 3602 5819 tale
3635 5841 3647 5844 _

2031 5869 2195 5930 caput
2223 5857 2498 5930 Ecclesia},
2535 5846 2592 5915 ut
2613 5873 2678 5914 ex
2709 5872 2776 5914 co
2802 5859 3040 5929 pendeat
3074 5859 3248 5912 honor
3279 5867 3334 5914 et
3383 5860 3602 5932 privile-

3132 5957 3208 6020 25-
