4088 6294
359 378 480 441 74‘)-

1647 371 2090 433 REFUTATIO
2131 371 2314 434 NlLl.

3493 370 3598 436 ’ἷθ

348 488 491 543 Αὐτὸ
545 487 601 539 δὲ
659 485 714 539 τὸ
768 487 894 556 περὶ
947 485 1043 556 τὴν
1095 484 1405 553 συνείδησιν
1457 484 1795 552 ἁμαρτάνειν
1830 485 1929 537 οῦκ

2036 485 2264 554 gationis
2300 487 2387 542 llci
2414 487 2434 541 ?
2463 486 2628 541 Deum
2661 489 2820 552 enim,
2865 487 3042 556 inquit
3077 485 3276 540 Paulus
3307 523 3320 549 ,
3344 486 3600 554 con/itcu-
3646 558 3653 567 _

347 577 491 642 εϊ-ἲος
510 579 699 642 ἀθεϊας
744 581 899 646 sati;
937 581 1088 634 Θεὸν
1116 581 1247 648 γὰρ,
1281 580 1446 649 φησιν
1477 582 1504 632 ὁ
1541 579 1773 644 Παῦλος,
1803 580 1929 646 τοῖς

343 673 462 742 μὲν
491 672 696 743 λόγοις
746 672 1134 740 ὁμολογοῦσι,
1167 672 1292 738 τοῖς
1338 672 1406 725 δὲ
1446 672 1645 742 ἔργοις
1674 671 1928 740 ἀρνοῦν-

350 780 448 818 ται
469 780 484 795 ο
523 764 641 826 πῶς
669 761 852 832 ἔργοις
882 763 982 832 μὲν
1007 764 1099 816 τὸν
1129 764 1318 818 πάπαν
1344 763 1622 834 ἐνδέχεται
1647 763 1930 833 ἀρνεῖσθαι

350 858 444 912 τὸν
473 854 630 922 Θεὸν,
661 855 843 923 λόγοις
867 855 924 908 δὲ
955 854 1247 926 οὐδαμῶςὶ

923 959 1361 1021 ᾹΝΊΊΡΡΗΣΙΣ.

437 1084 536 1138 Ἕκ
571 1083 998 1153 πεπλανημένης
1048 1084 1231 1153 ἀρχῆς
1275 1083 1601 1154 ἀρξάμενος,
1653 1084 1756 1154 ὁδῷ
1799 1102 1932 1155 προ-

347 1177 558 1230 ϐαίνων
599 1177 961 1248 παρεκτρέπῃ
995 1175 1198 1246 μᾶλλον
1243 1177 1343 1247 τῆς
1369 1175 1656 1248 ἀληθείας.
1689 1176 1778 1231 Ἐν
1808 1177 1933 1231 τού-

351 1287 468 1332 τοις
493 1287 586 1323 σου
617 1271 731 1333 τοῖς
758 1257 941 1337 λόγοις
969 1271 1096 1338 τρία
1129 1269 1348 1342 σοφίζῃ.

428 1364 652 1432 Πρῶτον
672 1381 686 1396 ο
719 1363 1012 1417 Πὲπτωκεν
1042 1362 1070 1414 ὁ
1093 1362 1322 1435 Πέτρος,
1353 1363 1460 1436 ἄρα
1486 1365 1709 1420 δύναται
1743 1367 1933 1421 πεσεῖν

357 1456 452 1508 καὶ
484 1457 520 1507 ὸ
559 1454 769 1517 πάπας.
1524 1449 1528 1456 ’

430 1546 730 1614 Δεύτερον·
800 1544 864 1597 '0
919 1543 1224 1616 ’δυνάμενος
1289 1545 1419 1616 περὶ
1468 1545 1567 1616 τὴν
1627 1547 1934 1618 συνείδησιν

357 1636 696 1706 σφάλλεσθαι
715 1635 948 1690 δύναται
973 1639 1067 1689 καὶ
1106 1637 1235 1706 περὶ
1262 1635 1361 1706 τὴν
1394 1637 1573 1690 πίστιν
1601 1631 1932 1708 ναυαγῆσαι,

357 1730 500 1783 κατὰ
551 1730 643 1784 τὸν
697 1729 969 1800 μακάριον
1031 1729 1262 1782 Παῦλον.
1307 1729 1473 1783 Ἀλλὰ
1519 1731 1626 1802 μὴν
1672 1734 1701 1785 ὁ
1742 1733 1934 1796 πάπας

2035 587 2123 631 fur
2151 595 2207 633 se
2231 596 2400 642 nosse,
2429 579 2578 649 factis
2606 587 2779 633 autem
2819 590 3008 649 ucgaut
3033 579 3072 631 ⁵.
3114 578 3400 643 Quomodo
3436 578 3601 649 igitur

2033 684 2169 738 papa
2223 670 2380 726 factis
2431 672 2651 741 quidem
2704 681 2879 742 potest
2937 686 3133 742 negare
3169 669 3363 737 Deum,
3421 673 3608 727 verbis

2033 769 2214 815 autem
2242 761 2508 819 minime?

2589 967 3058 1025 CONF‘UTATIO.

2111 1081 2150 1135 E
2186 1081 2360 1137 fallaci
2387 1097 2546 1138 orsus
2581 1084 2851 1153 principio
2873 1125 2888 1150 ,
2936 1085 3064 1138 dum
3096 1083 3466 1154 progredcris.
3486 1085 3608 1154 plus

2037 1175 2266 1245 plusque
2323 1191 2351 1230 a
2404 1176 2637 1232 veritate
2695 1179 2929 1234 recedis.
2965 1178 3089 1232 Tria
3141 1178 3229 1233 hic
3268 1178 3609 1248 saphismala

2036 1263 2320 1332 proponis.

2108 1355 2389 1410 Primum:
2427 1355 2648 1429 Lapsus
2676 1367 2765 1414 est
2799 1359 3017 1427 Petrus,
3046 1377 3175 1432 ergo
3197 1362 3312 1418 labi
3347 1371 3524 1433 potest
3555 1376 3611 1418 et

2037 1462 2196 1516 papa.

2101 1537 2419 1593 Secundum
2451 1559 2463 1594 :
2496 1539 2598 1606 Qui
2627 1550 2804 1610 potest
2853 1543 3208 1598 conscientiae
3271 1545 3424 1614 lapsu
3480 1561 3610 1615 pec-

2035 1645 2181 1696 care,
2207 1640 2387 1699 potest
2414 1631 2576 1686 etiam
2605 1632 2949 1704 naufragium
2985 1634 3109 1690 fidei
3135 1637 3312 1692 facere
3332 1677 3347 1702 ,
3414 1652 3614 1692 secun-

2035 1720 2164 1775 dum
2193 1720 2344 1782 Pauli
2371 1720 2597 1776 dictum.
2631 1721 2748 1778 Sed
2772 1739 2909 1794 papa
2931 1763 2945 1787 ,
2987 1741 3112 1780 cum
3169 1727 3334 1780 homo
3371 1728 3464 1793 sit,
3497 1744 3608 1783 non

354 1823 645 1891 ἄνθρωπος
677 1821 752 1875 ὣν
780 1823 843 1875 οὐ
879 1822 1054 1890 πάντη
1093 1824 1230 1901 ,περὶ
1274 1821 1374 1894 τὴν
1407 1825 1716 1894 συνείδησιν
1747 1825 1930 1897 ὑγιὴς,

2036 1823 2119 1867 est
2146 1828 2176 1866 a
2207 1813 2560 1869 conscientia:
2583 1815 2706 1869 labe
2729 1817 3020 1886 immunis,
3055 1833 3187 1890 ergo
3213 1821 3416 1890 poterit
3441 1823 3608 1902 etiam

355 1914 466 1984 ἄρα
498 1914 725 1968 δύναται
757 1913 853 1968 καὶ
881 1914 1010 1983 περὶ
1034 1914 1132 1983 τὴν
1167 1913 1352 1968 πίστιν
1381 1915 1696 1986 ἀσθενῆσαι.

429 2007 632 2077 Τρίτον
658 2023 672 2036 ⁶
710 2007 784 2060 Τὸ
815 2008 944 2077 περὶ
971 2008 1071 2078 τὴν
1125 2008 1436 2079 συνείδησιν
1469 2010 1806 2079 ἁμαρτάνειν
1856 2007 1933 2065 εἷς

355 2101 446 2164 δος
479 2101 672 2164 ἁθεΐας
701 2101 842 2164 ἐστὶ,
879 2101 1019 2155 κατὰ
1052 2101 1264 2155 Παῦλον
1286 2118 1300 2133 ⁸
1341 2102 1479 2156 ἀλλά
1516 2102 1626 2173 μὴν
1657 2103 1931 2174 ἐνδέχεται

356 2193 452 2246 τὸν
509 2194 697 2247 πάπαν
749 2195 892 2248 κατὰ
946 2194 1048 2264 τὴν
1100 2194 1409 2266 συνείδησιν
1472 2197 1772 2267 ἁμαρτεῖν,
1823 2197 1931 2266 ἄρα

354 2285 543 2355 ἔργοις
585 2286 774 2339 ἁθεῖαν
819 2287 1017 2340 νοσεῖν.
1044 2286 1106 2340 El
1153 2285 1209 2340 δὲ
1254 2287 1440 2356 ἔργοις
1486 2287 1714 2342 δύναται
1747 2291 1930 2359 ἀρνεῖ-

357 2377 488 2431 σθαι
537 2377 630 2430 τὸν
660 2377 811 2442 Θεὸν,
838 2377 1066 2431 δύναται
1108 2379 1204 2432 καὶ
1231 2379 1411 2447 λόγοις
1432 2395 1446 2410 ·
1477 2378 1677 2447 ψεῦδος
1719 2379 1928 2447 λοιπὸν,

355 2470 434 2533 ὡς
461 2470 724 2526 ἀδύνατον
747 2471 837 2524 τὸν
867 2471 1059 2525 πάπαν
1086 2471 1196 2527 τῶν
1228 2472 1406 2542 ὀρθῶν
1439 2473 1697 2527 ἐκπεσεῖν
1728 2473 1931 2543 δογμάο

356 2577 492 2617 των.

444 2656 688 2728 Ἀπαντᾷ
728 2656 866 2727 πρὸς
899 2655 1080 2711 ταῦτά
1122 2673 1217 2708 σου
1249 2655 1318 2710 τὰ
1372 2659 1687 2728 σοφίσματα
1733 2660 1929 2730 ἡάγία

357 2749 594 2818 τετάρτη
625 2749 840 2813 σύνοδος
868 2751 925 2802 ἐν
948 2751 1017 2820 τῇ
1051 2749 1187 2818 πρὸς
1232 2749 1437 2802 Λέοντα
1470 2751 1560 2804 τὸν
1589 2751 1778 2803 πάπαν
1812 2755 1930 2804 ἐπι-

335 2841 523 2911 στολῇ
549 2858 562 2868 ·
599 2842 736 2911 πρὸς
777 2843 874 2910 μὲν
901 2841 961 2894 τὸ
998 2841 1216 2912 πρῶτον
1248 2843 1307 2894 ὲν
1343 2837 1427 2905 οἷς
1457 2842 1630 2913 λέγει,
1658 2844 1739 2898 ὅτι
1774 2845 1930 2900 Λέων

359 2933 460 3002 τὴν
521 2933 707 2985 πίστιν
777 2932 968 3004 ὥσπερ
1024 2936 1234 3005 χρυσῆν
1289 2937 1479 3008 σειρὰν
1550 2944 1930 3010 καταγομένην

354 3024 670 3091 διεφύλαξε,
715 3026 882 3079 πᾶσιν
929 3025 1202 3096 ἑρμηνεὺς
1257 3029 1546 3096 γενόμενος
1600 3030 1698 3100 τῆς
1747 3035 1931 3102 φωνῆς

357 3115 455 3168 τοῦ
488 3118 762 3186 μακαρίου
795 3116 1002 3185 Πέτρου
1027 3157 1042 3182 ,
1070 3117 1163 3170 καὶ
1206 3117 1289 3171 ὅτι
1324 3119 1517 3173 τοῦτον
1547 3122 1644 3192 τῆς
1692 3124 1929 3186 πίστεως

2037 1901 2216 1959 facere
2250 1905 2588 1977 naufragium
2619 1906 2745 1962 fidei

2109 1995 2379 2062 Tertium,
2413 1998 2770 2053 conscientiae
2797 1999 2952 2069 lapsu
2999 2017 3250 2071 peccare,
3283 2020 3454 2074 genus
3488 2005 3611 2059 infl-

1999 2159 2003 2164 _
2039 2089 2281 2146 delitalis
2301 2093 2555 2162 estjuxta
2579 2093 2806 2148 Paulum
2831 2111 2846 2160 ;
2867 2105 2921 2148 at
2943 2111 3078 2165 papa
3107 2107 3287 2167 potest
3317 2099 3610 2154 conscien—

2040 2181 2129 2237 tiae
2157 2182 2316 2251 lapsu
2357 2199 2609 2254 peccare,
2635 2200 2767 2256 ergo
2807 2195 2862 2240 et
2897 2187 3149 2242 laborare
3181 2189 3287 2244 hoc
3311 2191 3609 2245 infidelita-

2034 2273 2108 2328 tis
2138 2289 2360 2343 genere,
2398 2276 2657 2331 nimirum
2694 2292 2792 2347 per
2840 2293 3007 2348 prava
3046 2296 3234 2350 opera.
3291 2281 3395 2336 Sed
3426 2284 3470 2336 si
3508 2299 3609 2354 po-

2037 2376 2148 2422 test
2194 2369 2458 2436 operibus
2516 2385 2717 2440 negare
2783 2371 2975 2439 Deum,
3033 2374 3236 2443 poterit
3269 2384 3325 2428 et
3380 2376 3604 2430 verbis:

2037 2462 2236 2517 falsum
2267 2463 2436 2535 igitur
2461 2478 2564 2531 ρει,
2598 2467 2714 2522 fieri
2743 2484 2852 2523 non
2886 2483 3048 2540 posse
3099 2478 3158 2524 ut
3194 2485 3332 2539 papa
3365 2480 3515 2528 erret
3549 2472 3604 2526 iu

2039 2554 2161 2610 fide.

2107 2651 2187 2705 Ad
2232 2651 2348 2707 haec
2373 2653 2668 2721 respondet
2723 2663 2910 2710 sancta
2978 2655 3220 2727 synodus
3280 2665 3477 2726 quarta
3544 2658 3600 2711 in

2037 2743 2269 2812 epistola
2299 2742 2366 2797 ad
2400 2743 2637 2798 Leonem
2673 2761 2890 2815 papam.
2921 2747 3000 2800 Ad
3039 2747 3296 2815 primum,
3325 2751 3450 2801 dum
3483 2748 3561 2803 ait
3590 2770 3602 2802 :

2037 2835 2192 2901 Quod
2223 2835 2334 2890 Leo
2367 2836 2525 2890 fidem
2562 2838 2852 2893 deductam
2885 2839 3052 2894 veluti
3094 2855 3314 2893 auream
3353 2852 3606 2896 catenam

2037 2929 2296 2994 servavit,
2329 2931 2665 2985 constitutus
2691 2930 2946 2986 omnibus
2973 2931 3249 3002 interpres
3280 2933 3431 2987 vocis
3463 2933 3608 2989 beati

2039 3019 2223 3086 Petri;
2273 3021 2531 3091 quodque
2575 3024 2719 3077 hanc
2764 3023 2888 3079 fidei
2935 3024 3306 3080 hmreditatem
3367 3029 3608 3098 synodus

2038 3111 2272 3165 ostendit
2316 3112 2574 3170 Ecclesia:
2622 3115 2764 3180 filiis,
2804 3131 2899 3170 usa
2945 3117 3075 3171 boni
3113 3118 3250 3172 duce
3288 3129 3344 3174 et
3380 3133 3608 3176 auctore.

361 3211 454 3262 τὸν
491 3211 689 3279 κλῆρον
724 3209 924 3275 ἔδειξεν
953 3211 986 3277 ἡ
1032 3211 1248 3272 σύνοδος
1281 3213 1394 3274 τοῖς
1435 3213 1645 3274 τέκνοις
1685 3214 1784 3283 τῆς
1811 3215 1931 3268 Ἐκ-

2040 3214 2201 3268 papa.
2241 3199 2450 3269 Lapsus
2499 3204 2722 3270 quidem
2771 3214 2856 3260 est
2887 3207 3102 3270 Petrus,
3141 3208 3393 3264 Christus
3425 3220 3605 3266 tamen

363 3301 592 3372 κλησίας
641 3301 870 3372 ἀρχηγῷ
905 3300 1001 3354 τοῦ
1046 3301 1216 3355 καλοῦ
1265 3304 1596 3373 χρησαμένη
1626 3304 1704 3375 τῷ
1744 3306 1933 3378 πάπᾳ·

359 3395 654 3448 πέπτωκεν
701 3397 729 3446 ὁ
776 3395 1002 3462 Πέτρος,
1033 3394 1174 3446 ἀλλὰ
1223 3394 1361 3462 πρὸς
1409 3395 1571 3448 αὐτὸν
1598 3397 1625 3446 ό
1660 3397 1894 3469 Χριστός
1919 3413 1933 3429 ·

361 3487 470 3540 Καί
507 3486 587 3540 σύ
629 3499 776 3538 ποτε
817 3485 1193 3553 ἐπιστρέψας
1246 3486 1540 3554 στήριξον
1572 3488 1715 3554 τοὺς
1761 3489 1935 3543 ἀδελ-

361 3579 518 3646 φούς
545 3593 683 3631 σου.
725 3577 896 3648 Εἴπερ
923 3577 956 3646 ἡ
986 3577 1116 3644 ἁγία
1157 3577 1374 3640 σύνοδος
1406 3579 1470 3629 ὲκ
1501 3580 1600 3648 τῆς
1635 3581 1821 3650 φωνῆς
1842 3581 1935 3634 τοῦ

366 3673 523 3724 παπα
550 3670 718 3734 ἔδειξε
746 3669 848 3740 τὴν
872 3671 1052 3722 πίστιν
1083 3671 1200 3735 τοῖς
1225 3669 1434 3733 τέκνοις
1461 3672 1558 3740 τῆς
1580 3671 1933 3743 Ἐκκλησίας,

361 3767 512 3818 ἐστιν
544 3763 653 3832 ἄρα
682 3767 709 3817 ὁ
743 3763 955 3827 πάπας,
1007 3764 1148 3817 κατὰ
1175 3764 1275 3834 τὴν
1306 3763 1467 3831 ἁγίαν
1495 3765 1735 3830 σύνοδον,
1765 3767 1937 3835 ἑρμη-

361 3858 488 3918 νεὺς
516 3857 614 3920 τῆς
650 3855 836 3926 φωνῆς
887 3854 982 3908 τοῦ
1019 3856 1294 3923 μακαρίου
1333 3857 1544 3926 Πέτρου
1589 3859 1937 3927 στηρίζοντος

359 3948 488 4010 τοὺς
526 3948 792 4017 ἀδελφοὺς
824 3949 918 4001 καὶ
956 3947 1026 4000 τὰ
1075 3947 1243 4000 τέκνα
1270 3947 1374 4016 τῆς
1396 3948 1750 4019 Ἐκκλησίας.
1790 3951 1850 4002 Et
1880 3951 1938 4004 δὲ

361 4040 543 4107 τοῦτο,
575 4043 604 4094 ὁ
646 4041 836 4104 πάπας
877 4034 912 4116 ᾗ
944 4039 1132 4103 πάπας
1165 4039 1438 4110 ἑρμηνεύς
1485 4042 1604 4094 ἐστι
1640 4043 1737 4095 καὶ
1762 4042 1939 4096 διάδο-

359 4148 459 4200 χος
488 4129 581 4184 τοῦ
611 4132 844 4201 Πέτρου,
873 4131 934 4184 οὐ
977 4129 1113 4183 καθὸ
1151 4132 1356 4193 ἐκεῖνος
1390 4130 1722 4201 ἀνθρωπίνῳ
1772 4133 1936 4185 ἀσθε-

361 4223 485 4294 νείᾳ
537 4223 850 4287 πέπτωκεν,
879 4221 1017 4275 ἀλλὰ
1045 4221 1184 4274 καθὸ
1213 4223 1341 4284 τοὺς
1391 4221 1656 4292 ἀδελφοὺς
1692 4223 1935 4294 στηρίξει

361 4315 430 4382 τῇ
481 4308 741 4380 ὁμολογίᾳ
790 4311 888 4380 τῆς
933 4309 1104 4381 ὀρθῆς
1161 4311 1421 4374 πίστεως.
1453 4311 1610 4365 Κατὰ
1664 4313 1721 4366 δὲ
1777 4315 1936 4366 τοῦτο

361 4404 628 4458 ἀδύνατον
679 4405 865 4457 πεσεῖν
910 4421 1042 4457 ποτε
1067 4403 1161 4456 τὸν
1203 4404 1436 4474 Πέτρον,
1466 4405 1626 4474 εἴπερ
1670 4404 1934 4460 ἀδύνατον

360 4496 669 4564 ψεύσασθαι
696 4496 797 4567 τὴν
826 4495 1112 4564 ἀλήθειαν.
1144 4495 1310 4549 Ὥστε
1334 4495 1524 4560 διττῶς
1554 4497 1932 4566 θεωρουμένου

347 4584 456 4643 ’τοῦ
514 4593 755 4660 Πέτρου,
809 4591 906 4642 καὶ
957 4589 1034 4652 ὼς
1084 4589 1248 4659 ψιλοῦ
1315 4585 1644 4660 ἀνθρώπου,
1699 4595 1794 4645 καὶ
1855 4593 1934 4656 ὡς

361 4682 752 4753 προστάγματι
793 4679 888 4734 τοῦ
917 4681 1154 4750 Χριστοῦ
1185 4683 1311 4744 τοὺς
1357 4681 1620 4750 ἀδελφοὺς
1653 4683 1932 4752 στηρίζον-

360 4783 473 4836 τος,
509 4776 604 4828 καὶ
637 4774 733 4828 τοῦ
773 4774 940 4828 πάπα
981 4773 1368 4844 διαδεχομένου
1393 4775 1488 4827 τὸν
1523 4775 1754 4845 Πέτρον,
1786 4775 1928 4829 κατὰ

357 4868 460 4937 τὴν
502 4866 664 4935 ἁγίαν
695 4865 934 4933 σύνοδον,
988 4864 1066 4934 τῷ
1097 4881 1162 4934 γε
1198 4866 1438 4937 δευτέρῳ
1496 4866 1671 4932 τούτῳ
1717 4867 1925 4938 τρόπῳ,

2039 3293 2106 3347 ad
2140 3295 2344 3362 ipsum,
2385 3293 2452 3348 Et
2486 3303 2565 3360 tu,
2605 3299 2801 3368 inquit,
2851 3300 3141 3371 aliquando
3171 3321 3449 3361 conversus
3476 3325 3606 3362 con-

2039 3387 2194 3453 ﬁrma
2245 3387 2436 3456 fratres
2491 3399 2604 3443 tuos
2635 3390 2676 3443 ⁸.
2732 3391 2786 3446 Si
2846 3402 3032 3448 sancta
3083 3395 3323 3466 synodus
3363 3413 3428 3453 ex
3471 3415 3606 3455 voce

2041 3494 2191 3550 papa:
2225 3483 2471 3537 ostendit
2504 3483 2666 3538 ﬁdem
2711 3484 2972 3542 Ecclesia:
3009 3489 3154 3552 filiis,
3192 3507 3328 3560 papa
3359 3508 3456 3561 per
3482 3510 3607 3548 san-

2039 3581 2181 3625 etam
2214 3575 2481 3644 synodum
2519 3585 2604 3630 est
2643 3575 2914 3646 interpres
2947 3579 3094 3633 vocis
3123 3583 3263 3634 beati
3293 3580 3438 3637 Petri
3471 3601 3604 3638 con-

2039 3648 2307 3719 ﬁrmantis
2352 3665 2550 3722 fratres
2594 3674 2650 3720 et
2700 3666 2838 3723 filios
2887 3668 3160 3724 Ecclesiae.
3199 3670 3338 3741 Ergo
3371 3689 3507 3742 papa
3548 3686 3606 3728 ut

2038 3769 2179 3824 papa
2216 3755 2490 3824 interpres
2525 3767 2608 3811 est
2645 3769 2702 3812 et
2745 3774 3032 3814 successor
3064 3759 3231 3827 Petri,
3272 3778 3379 3816 non
3417 3774 3474 3818 ut
3506 3765 3605 3819 bu-

2037 3861 2200 3899 mana
2233 3847 2325 3901 ille
2356 3847 2654 3916 fragilitate
2684 3850 2868 3918 lapsus
2896 3858 3002 3914 est,
3033 3851 3129 3904 sed
3161 3867 3223 3905 ea
3254 3852 3465 3908 ratione
3497 3870 3603 3924 qua

2040 3938 2237 3994 fratres
2289 3941 2577 3995 confirmat
2622 3956 2720 4011 per
2773 3942 3173 3999 confessionem
3237 3957 3400 4002 rectae
3455 3951 3602 4006 fidei.

2041 4033 2148 4086 Sed
2175 4012 2282 4087 ho’c
2310 4047 2471 4089 sensu
2503 4050 2608 4088 nou
2637 4043 2856 4105 poterat
2881 4051 3068 4091 errare
3099 4039 3315 4106 Pelrus,
3342 4043 3602 4110 quoniam

2039 4124 2379 4194 impossibile
2405 4135 2489 4180 est
2519 4125 2813 4182 Veritatem
2846 4129 3089 4182 mentiri.
3121 4122 3309 4200 itaque
3344 4149 3464 4186 cum
3501 4135 3603 4189 du-

2039 4217 2254 4286 pliciter
2304 4217 2498 4274 Petrus
2536 4219 2939 4284 eonsideretur,
2985 4231 3045 4275 ut
3079 4237 3248 4290 purus
3290 4225 3474 4287 homo,
3514 4237 3601 4280 ut-

2037 4325 2144 4378 que
2191 4311 2446 4365 mandato
2483 4309 2686 4366 Christi
2728 4312 2926 4367 fratres
2969 4314 3326 4383 conﬁrmans,
3373 4327 3428 4372 et
3465 4335 3602 4388 papa

2037 4402 2297 4458 Succcdat
2339 4403 2502 4458 Petro
2542 4404 2695 4474 juxta
2741 4416 2984 4459 sanctam
3035 4407 3326 4478 synodum.
3367 4411 3472 4465 hoc
3518 4428 3605 4466 sc-

2039 4495 2223 4550 cundo
2255 4496 2441 4562 modo,
2473 4506 2624 4550 tuum
2655 4498 2933 4567 sophisma
2964 4499 3197 4554 dilutum
3232 4510 3316 4555 est
3346 4518 3359 4555 :
3394 4502 3604 4574 Lapsus

2040 4595 2126 4642 cst
2163 4585 2378 4650 Petrus,
2419 4602 2550 4657 ergo
2582 4597 2638 4643 et
2672 4605 2826 4658 papa.
2875 4589 3028 4645 Sicut
3071 4593 3218 4648 enim
3265 4595 3603 4665 impossibile

2040 4689 2146 4746 est,
2179 4690 2303 4750 post
2332 4681 2648 4736 mandatum
2682 4693 2954 4752 etprcces
2991 4685 3222 4753 Christi,
3263 4698 3322 4742 ut
3360 4705 3468 4743 non
3509 4692 3601 4744 dc-

2040 4773 2186 4827 fieiat
2229 4773 2364 4828 fides
2405 4774 2542 4845 ejus,
2583 4775 2692 4830 labi
2741 4774 2988 4845 Petrum,
3027 4778 3099 4833 ita
3139 4781 3303 4835 etiam
3350 4783 3602 4852 impossn

2002 4919 2005 4923 .
2035 4868 2145 4923 bile
2177 4878 2262 4924 cst
2297 4869 2404 4924 labi
2441 4885 2656 4941 papam.

361 4956 778 5012 ἀπεσκέδασταί
808 4975 901 5010 σου
929 4957 991 5010 τὸ
1018 4958 1278 5026 σόφισμα·
1313 4959 1576 5012 Πέπτωκε
1601 4959 1825 5028 Πέτρος,
1847 4965 1954 5034 ἄρα
1982 4965 2075 5017 καὶ
2098 4965 2125 5016 ὁ
2146 4966 2358 5027 mina;-
2376 4963 2569 5035 ὥσπερ
2597 4967 2703 5036 γὰρ
2721 4967 3005 5030 ἀδύνατον,
3019 4969 3158 5036 μετὰ
3179 4969 3239 5021 τὸ
3269 4970 3603 5047 πρόσταγμα.

358 5053 456 5107 τοῦ
505 5053 743 5125 Χριστοῦ
792 5054 885 5106 καὶ
929 5053 1028 5121 τὴν
1092 5052 1276 5121 δέησιν
1311 5051 1406 5104 τοῦ
1464 5054 1675 5123 μήποτε
1725 5057 1974 5126 ὲκλεῖψαι
2043 5059 2140 5129 τὴν
2195 5059 2418 5129 Πέτρου.
2470 5049 2686 5126 πίστιν,
2746 5063 2932 5114 πεσεῖν
2983 5064 3074 5114 τὸν
3129 5064 3369 5134 Πέτρον,
3428 5067 3602 5130 οὕτως

361 5151 622 5203 ἀδύνατον
651 5151 839 5202 πεσεῖν
867 5149 960 5201 καὶ
995 5147 1086 5200 τὸν
1120 5147 1332 5202 πὰπαν.

433 5241 506 5294 Τὸ
539 5239 793 5308 δεύτερον
822 5239 1062 5308 σόφισμα
1089 5239 1268 5309 πάσης
1291 5239 1519 5302 ἀτοπίας
1550 5241 1730 5310 γέμει.
1765 5243 1928 5310 Λέγει

361 5333 612 5402 Τιμοθέῳ
639 5333 666 5384 ὁ
699 5331 971 5402 μακάριος
1004 5331 1236 5394 Παῦλος,
1269 5333 1350 5385 ὅτι
1382 5336 1738 5406 ἀπωσάμενοι
1785 5355 1929 5400 τινες

354 5425 456 5494 τὴν
482 5423 693 5492 ἀγαθὴν
727 5422 1032 5491 συνείδησιν
1056 5423 1410 5496 ἐναυάγησαν
1441 5429 1569 5497 περὶ
1598 5429 1699 5501 τὴν
1725 5431 1925 5485 πίστιν·

357 5519 468 5586 ἄρα
499 5515 593 5568 καὶ
613 5517 641 5568 ὀ
667 5515 856 5575 πάπας
887 5515 1188 5583 δυνάμενος
1213 5518 1540 5571 ἀπώσασθαι
1564 5521 1662 5589 τὴν
1685 5524 1930 5594 συνείδη-

359 5627 466 5673 σιν,
508 5609 729 5662 δύναται
758 5607 1062 5675 ναυαγῆσαι
1102 5610 1195 5661 καί
1243 5612 1370 5681 περὶ
1419 5613 1521 5682 τὴν
1584 5614 1785 5668 πίστιν,
1853 5617 1926 5669 os

359 5697 614 5766 συνορᾷς,
641 5689 686 5748 ὦ
716 5696 1006 5766 θαυμάσιε,
1040 5698 1121 5749 ὅτι
1182 5699 1325 5751 κατὰ
1370 5700 1475 5752 τῶν
1516 5703 1929 5772 ἑτεροδιδασκα-

431 5810 450 5839 δ
490 5809 644 5864 ἰ’ὶι.ι
683 5810 765 5864 ib.
844 5815 863 5844 ⁵
901 5811 1033 5865 Luc.
1061 5828 1190 5879 XXII,
1220 5815 1322 5869 '52.‘

2105 5243 2422 5298 Secundum
2465 5244 2742 5312 sophisma
2777 5251 2979 5313 quanta
3019 5247 3354 5304 absurditate
3392 5257 3595 5308 scatet!

2037 5336 2242 5389 Scribit
2288 5336 2492 5389 Paulus
2540 5335 2851 5398 Timotheo,
2898 5337 3129 5399 multos,
3186 5343 3399 5409 repulsa
3462 5346 3600 5400 bona

2037 5425 2400 5486 conscientia,
2430 5427 2782 5496 nanfragatos
2805 5443 2923 5481 esse
2952 5427 3003 5480 iu
3037 5429 3158 5485 fide.
3193 5433 3333 5503 Ergo
3359 5445 3411 5489 et
3439 5453 3596 5506 papa,

2035 5534 2159 5572 cum
2203 5519 2375 5586 possit
2423 5519 2688 5586 repellere
2732 5519 2928 5573 bonam
2978 5523 3392 5583 conscientiam.
3424 5542 3601 5597 potest

2036 5620 2090 5664 et
2127 5611 2176 5663 in
2209 5609 2312 5663 fide
2343 5611 2686 5680 naufragium
2721 5610 2922 5666 facere.
2959 5613 3151 5668 Nonne
3185 5617 3336 5672 vides
3371 5619 3602 5688 Aposto-

2035 5705 2147 5756 luzn
2192 5703 2259 5757 de
2313 5706 2376 5756 Iis
2426 5703 2572 5773 loqui
2619 5705 2712 5771 qui
2761 5705 2949 5763 volunt
2992 5711 3333 5778 peregrinam
3384 5713 3599 5769 tradere
