4088 6294
558 351 658 417 ’πει
1713 359 2082 422 ΜΛΤΤΠᾸΞΙ
2125 361 2141 420 t

2243 361 2661 422 XYOI’HYLLI
2811 383 2816 390 '
3679 371 3766 438 τεο

557 465 869 520 doctrinam
907 479 1090 535 :quos
1137 465 1360 535 repulsa
1401 467 1555 536 prius
1592 468 1736 523 bona
1777 469 2135 536 conscientia,

2243 470 2352 522 λεῖν
2419 471 2694 541 ἑλομένων
2741 469 2890 540 λέγει
2939 473 2968 525 6
3035 471 3379 543 Ἀπόστολος,
3418 479 3506 545 οὓς
3545 484 3772 556 πρότεροι

557 557 872 627 naufragari
919 573 1140 627 quoque
1193 559 1271 611 ait
1323 557 1376 611 in
1437 557 1562 622 ﬁde,
1598 559 1861 629 eo'quod
1909 559 2137 614 ambitio

555 653 684 706 illos
717 660 774 704 ct
808 651 862 702 in
896 651 1135 704 lum-eses
1179 659 1236 702 ct
1280 651 1335 702 in
1387 648 1755 718 blasphemias
1795 659 2140 704 transversos

558 745 720 811 agat?
765 743 826 796 ιιι
879 744 1028 796 enim
1081 741 1350 811 pravitate
1405 756 1502 794 sua
1541 749 1599 796 et
1649 742 2046 797 conscientiam
2084 753 2140 798 et

515 841 724 898 ,ﬁdem
785 836 1131 906 repulerunt.
1184 835 1254 888 At
1305 849 1434 888 vero
1487 835 1553 888 de
1579 849 1716 904 papa
1751 835 1924 890 sancti
1951 836 2142 890 Patres

557 939 768 997 quarta:
807 925 1001 997 synodi
1049 925 1222 986 aiunt,
1260 925 1406 993 quod
1457 935 1673 980 servata
1711 941 1809 994 per
1843 926 2144 980 successio-

557 1033 684 1074 nem
725 1018 850 1084 ﬁde,
887 1017 1146 1070 omnibus
1185 1016 1462 1070 exstiterit
1494 1017 1640 1070 beati
1677 1017 1822 1072 Petri
1863 1021 2016 1073 vocis
2059 1019 2142 1073 in-

561 1124 797 1182 trrpres,
837 1124 1004 1179 quam
1055 1119 1116 1163 ut
1165 1107 1420 1162 veritatis
1476 1107 1850 1162 haereditatem
1901 1108 2142 1164 habebat

561 1219 734 1274 papa;
769 1203 1050 1274 fluomodo
1101 1202 1168 1256 ad
1214 1202 1331 1255 hanc
1378 1201 1558 1256 locum
1605 1200 1810 1254 habere
1847 1203 2022 1270 possit
2055 1201 2140 1256 in-

562 1297 764 1349 stantia
801 1305 915 1360 tua,
949 1293 1078 1348 dum
1117 1309 1183 1346 ex
1219 1292 1436 1362 propria
1480 1303 1532 1346 et
1568 1292 1810 1346 humana
1847 1292 2141 1362 fragilitate

562 1388 772 1440 inferre
801 1385 921 1438 vult
951 1384 1386 1438 imbecillitatem
1423 1381 1624 1436 divina:
1651 1381 1857 1438 Christi
1896 1383 2140 1448 virtutis,

562 1495 591 1530 a
626 1492 734 1546 quo
777 1477 938 1530 ﬁdem
982 1474 1186 1528 deduci
1219 1473 1388 1528 veluti
1423 1483 1670 1532 catenam
1704 1489 1924 1530 auream
1961 1474 2140 1530 sancti

557 1571 758 1623 Patres
776 1569 952 1632 aiunt,
979 1577 1040 1620 ut
1073 1565 1164 1619 ﬁat
1193 1582 1291 1619 vox
1316 1565 1565 1630 Petri,et
1595 1579 1788 1634 papam
1823 1581 1944 1622 esse
1977 1566 2146 1620 inter-

561 1670 772 1731 pretem
824 1659 980 1713 vocis
1021 1659 1190 1722 Petri,
1229 1668 1286 1711 et
1331 1657 1606 1712 haeredem
1643 1657 1928 1712 veritatis?
1961 1659 2146 1712 Potest

563 1766 703 1822 papa
745 1752 798 1804 in
836 1750 1065 1819 privatis
1112 1749 1228 1802 suis
1269 1743 1323 1802 et
1365 1747 1624 1804 humanis
1667 1749 1982 1804 actionibus
2015 1764 2142 1818 pec-

2243 559 2582 622 ὲκπεσὸντας
2615 561 2718 630 τῆς
2747 563 2958 633 ἀγαθῆς
2993 567 3360 636 συνειδήσεως
3393 569 3533 638 λέγει
3556 577 3637 628 καὶ
3663 581 3764 648 περὶ

2241 652 2346 722 τὴν
2375 653 2558 706 πίστιν
2589 656 2924 724 ναυαγῆσαι,
2959 651 3046 710 οἵα
3077 657 3140 726 δὴ
3175 661 3240 731 τῇ
3273 661 3544 735 φιλοτιμίᾳ
3569 683 3767 736 παρασυ-

2247 745 2444 813 ρέντας
2505 745 2596 798 ἐπὶ
2651 746 2894 813 αἱρέσεις
2933 749 3024 800 καὶ
3086 748 3441 821 βλασφημίας
3469 770 3484 818 ;
3513 750 3651 810 Οὗτοι
3693 760 3771 828 μὲν

2243 835 2355 904 γὰρ
2389 837 2455 905 τῇ
2483 836 2662 907 οίκείᾳ
2696 837 2993 907 φαυλότητι
3027 841 3124 892 καὶ
3152 841 3254 912 τὴν
3314 844 3606 916 συνείδησιν
3651 851 3772 904 ἀπῶ-

2245 945 2407 980 σα·.το
2440 929 2534 982 καὶ
2559 928 2656 998 τὴν
2687 931 2870 982 πίστιν
2894 945 2908 959 ο
2967 932 3096 998 περὶ
3131 933 3188 986 δὲ
3233 935 3329 988 eo;
3385 938 3537 992 πάπα
3566 940 3708 1008 φασὶν
3735 945 3775 996 oi

2244 1015 2393 1083 ἅγιοι
2423 1018 2521 1086 τῆς
2547 1018 2820 1090 τετάρτης
2863 1020 3090 1074 συνόδου
3135 1023 3402 1102 Πατὲρες,
3438 1029 3520 1082 ὅτι
3543 1031 3602 1086 ἐκ
3635 1031 3775 1086 agaso.

2231 1111 2344 1178 ,γῆς
2373 1109 2617 1178 φυλάξας
2646 1111 2744 1180 τὴν
2787 1113 2973 1166 πίστιν
3029 1117 3268 1186 κατέστη
3321 1120 3488 1172 πᾶσιν
3545 1122 3776 1194 ἑρμηνεὺς

2243 1200 2342 1269 τῆς
2379 1200 2473 1252 τοῦ
2495 1199 2768 1272 μακαρίου
2807 1204 3016 1276 Πέτρου
3071 1209 3280 1278 φωνῆς,
3331 1211 3396 1280 ἣν
3443 1213 3514 1277 ὡς
3563 1215 3776 1284 ἀληθείας

2245 1291 2450 1362 κλῆρον
2491 1295 2518 1345 ὀ
2542 1290 2926 1384 πάπαςοεῐχιεν.
2959 1297 3069 1350 Ποῦ
3095 1301 3276 1356 τοίνυν
3325 1303 3442 1373 ἔχει
3473 1304 3643 1375 χώραν
3671 1309 3701 1378 ἡ
3727 1311 3780 1378 σὴ

2245 1381 2517 1448 ἔνστασις,
2547 1387 2612 1439 ἐκ
2641 1378 2984 1453 τῆξοῖιὶοθεν
3017 1391 3365 1466 ἀνθρωπίνης
3389 1397 3658 1462 ἀσθενείας
3685 1403 3780 1453 επι-

2247 1475 2493 1545 φέρουσα
2549 1478 2837 1534 ἀσθένειαν
2891 1485 2984 1536 καὶ
3029 1488 3130 1555 τῆς
3183 1469 3358 1550 θείας.
3393 1491 3658 1560 δυνάμεως
3703 1491 3781 1545 τοῦ

2245 1567 2513 1638 Χριστοῦ,
2551 1571 2683 1642 παρ’
2721 1565 2785 1626 οὗ
2818 1591 2987 1641 φασιν
3017 1578 3067 1630 ei
3107 1577 3254 1645 ἅγιοι
3303 1581 3542 1651 Πατὲρες
3582 1583 3670 1652 τὴν
3713 1583 3780 1636 πί-

2249 1677 2368 1712 στιν
2391 1661 2732 1730 κατάγεσθαι
2761 1664 2949 1738 ὥσπερ
2977 1671 3189 1740 χρυσῆν
3211 1672 3423 1742 σειρὰν,
3485 1674 3617 1728 ὥστε
3667 1678 3781 1744 γίνε-

2251 1751 2376 1804 σθαι
2412 1754 2597 1820 φωνὴν
2627 1755 2722 1808 τοῦ
2758 1758 2992 1828 Πέτρου,
3029 1763 3124 1814 καὶ
3151 1763 3244 1816 τὸν
3277 1764 3474 1820 πάπαν
3525 1763 3654 1820 εἶναι
3705 1769 3783 1837 τῆς

563 1835 700 1898 rare
735 1861 748 1897 :
789 1842 894 1896 hoc
952 1839 1268 1910 lragililatis
1314 1840 1566 1916 humanae
1617 1851 1733 1905 est;
1785 1849 1964 1912 pelest
2013 1857 2141 1910 ergo

2251 1843 2435 1912 φωνῆς
2457 1843 2551 1898 τοῦ
2603 1847 2810 1918 Πέτρου
2877 1851 3145 1924 ἑρμηνέα,
3189 1857 3284 1909 καὶ
3339 1857 3665 1929 κληρονόμον

563 1937 734 1988 etiam
796 1948 984 1986 errare
1035 1935 1089 1986 in
1143 1931 1283 1998 ﬁde;
1336 1931 1442 1985 hoc
1491 1941 1575 1985 est
1630 1931 1835 1986 inferre
1887 1932 2139 2001 injuriam

563 2025 867 2082 Salvatori.
903 2025 971 2078 Et
1003 2023 1274 2078 claudicat
1318 2023 1673 2093 entbymena,
1707 2023 1966 2093 quoniam
2003 2039 2140 2094 papa

562 2121 722 2174 aliter
773 2119 827 2174 in
886 2117 1250 2172 antecedente
1302 2115 1578 2188 sumitur,
1631 2117 1793 2170 aliter
1842 2117 1896 2170 in
1950 2131 2144 2171 conse-

561 2221 766 2282 quente
801 2229 817 2268 :
851 2211 906 2264 in
957 2210 1076 2276 illo,
1117 2197 1223 2279 qua
1273 2205 1438 2262 homo
1478 2225 1750 2278 operans;
1785 2209 1838 2263 in
1875 2210 2002 2274 hoc,
2038 2226 2144 2280 qua

551 2319 702 2375 .papa
752 2305 902 2358 vocis
958 2302 1104 2357 Petri
1159 2303 1456 2371 interpres.
1503 2301 1573 2358 Ut
1624 2301 1668 2356 si
1723 2301 1922 2368 dicam,
1965 2303 2150 2356 Potest

565 2398 932 2467 Hippocrates
983 2393 1092 2448 labi
1140 2409 1327 2448 errore
1380 2393 1752 2456 conStzicntiae,
1791 2403 1972 2462 potest
2016 2409 2146 2464 ergo

562 2499 620 2542 et
651 2497 769 2542 arte
806 2485 1092 2540 medicina:
1123 2503 1136 2540 :
1176 2501 1303 2538 nam
1339 2486 1394 2550 in
1428 2487 1789 2541 antecedente
1821 2489 2057 2542 sumitur
2086 2500 2146 2544 ut

559 2581 752 2644 homo,
786 2580 841 2632 in
878 2585 1251 2648 consequente
1284 2585 1342 2630 nt
1377 2578 1616 2646 artifex;
1649 2594 1758 2632 non
1793 2573 2012 2634 debcnt'
2041 2597 2142 2635 au-

559 2688 673 2750 1cm
713 2686 874 2726 voces
903 2669 1192 2754 sequiroce
1233 2669 1396 2724 sumi.

562 2765 694 2834 περὶ
723 2765 822 2833 τὴν
859 2761 1186 2832 συνείδησιν,
1217 2761 1328 2832 ἄρα
1391 2761 1485 2815 καὶ
1543 2761 1670 2832 περὶ
1726 2763 1825 2832 τὴν
1887 2763 2139 2836 ἰατρικὴν
2179 2767 2376 2838 τέχνην
2410 2783 2425 2796 ·

2243 1934 2506 2000 ἀληθείας
2536 1953 2552 2002 ;
2595 1937 2830 1994 Δύναται
2864 1943 2995 2012 περὶ
3021 1944 3118 2007 τὰς
3153 1947 3362 2010 οἰκείας
3419 1950 3512 2002 καὶ
3549 1951 3784 2020 ἀνθρωπί-

2244 2045 2342 2090 νας
2375 2026 2604 2098 πράξεις
2629 2029 2902 2101 σφαλῆναι
2935 2035 2966 2087 6
3017 2036 3211 2104 π’ἀπας
3243 2055 3258 2068 ·
3295 2039 3458 2094 τοῦτο
3493 2043 3786 2112 ἀνθρώπινον

2246 2119 2538 2190 ἐλάττωμα
2565 2137 2579 2151 ·
2619 2121 2728 2192 ἄρα
2760 2123 2988 2180 δύναται
3015 2129 3108 2182 καὶ
3166 2132 3296 2202 περὶ
3325 2134 3424 2204 τὴν
3451 2136 3624 2189 πίστιν
3659 2135 3788 2190 deﬁr-

2203 2221 2214 2227 ’
2245 2211 2404 2281 νῆσαι
2429 2229 2442 2242 ·
2478 2213 2637 2268 τοῦτο
2667 2215 2850 2288 ὖδρις,
2881 2222 2962 2284 είς
2987 2221 3086 2274 τὸν
3129 2223 3359 2296 Σωτῆρα
3413 2227 3640 2300 Χριστὸν
3685 2231 3788 2284 ἁνα-

2247 2305 2546 2374 τρέχουσα.
2581 2308 2692 2360 Καὶ
2725 2311 2988 2379 χωλαίνει
3036 2314 3096 2368 τὸ
3158 2318 3476 2390 ἐνθύμημα,
3533 2323 3614 2378 ὅτι
3648 2324 3791 2386 ἄλλως

2249 2397 2306 2448 ὲν
2341 2397 2407 2467 τῇ
2439 2399 2743 2469 προσλήψει
2777 2401 3122 2472 λαμόἀνεται
3173 2410 3202 2462 6
3233 2412 3448 2478 πάπας,
3483 2413 3642 2484 ἤγουν
3721 2415 3788 2468 ἇν-

2249 2489 2465 2559 θρωπος
2505 2494 2770 2562 ἐνεργῶν,
2803 2497 2896 2549 καὶ
2925 2498 3103 2564 ἄλλως
3141 2504 3198 2556 ἐν
3243 2503 3322 2574 τῷ
3373 2508 3794 2578 συμπεράσματι,

2245 2582 2420 2652 ἤγουν
2465 2579 2498 2656 ᾗ
2551 2587 2738 2650 παπας
2779 2589 2874 2642 καὶ
2903 2589 3181 2662 ἑρμηνεὺς
3214 2596 3312 2666 τῆς
3363 2601 3548 2669 φωνῆς
3584 2599 3674 2652 τοῦ
3711 2600 3794 2652 Πέο

2244 2691 2410 2744 τρου·
2443 2669 2556 2731 οἷον
2585 2681 2634 2732 εί
2663 2681 2848 2751 φαίην,
2879 2685 3112 2740 Δύναται
3158 2689 3530 2764 Ἱπποκράτης
3561 2693 3795 2762 σφαλῆναι

2489 2771 2609 2824 ἐκεῖ
2641 2773 2743 2840 μὲν
2804 2778 2914 2848 γὰρ
2949 2778 3322 2852 Ἱπποκράτης
3353 2779 3386 2856 ᾗ
3434 2786 3724 2858 ἄνθρωπος,
3750 2787 3795 2837 ὲν

563 2861 738 2929 τούτῳ
770 2859 824 2911 δὲ
859 2859 1062 2912 νοεῖται
1159 2859 1410 2929 τεχνίτης
1434 2874 1450 2891 ⁸
1477 2860 1587 2930 χρὴ
1611 2861 1668 2914 δὲ
1696 2861 1820 2926 τοὺς
1859 2863 2137 2936 δρουςθμὴ
2175 2865 2486 2936 ὁμωνύμως
2519 2869 2919 2938 λαμϐάνεσθαι.

637 2955 756 3024 Hoc
801 2951 972 3006 tendit
1005 2951 1170 3004 etiam
1208 2950 1430 3005 tertium
1473 2951 1752 3021 sophisma
1801 2965 1974 3017 tuum,
2009 2954 2140 3008 licet

561 3045 820 3102 callidius
851 3053 908 3098 et
942 3041 1257 3097 obscurius.
1293 3041 1481 3097 Genus
1511 3043 1890 3113 abnegationis
1927 3045 2022 3100 Dei
2055 3055 2140 3100 est

547 3139 865 3194 secundum
918 3139 1148 3193 Paulum
1190 3138 1543 3192 conscientiae
1579 3138 1742 3208 lapsu
1783 3155 2000 3206 errare;
2041 3139 2138 3195 sed

565 3247 704 3302 papa
745 3242 924 3300 potest
963 3231 1315 3285 conscientia:
1355 3230 1513 3298 lapsu
1554 3247 1766 3292 errare,
1801 3247 1933 3302 ergo
1969 3233 2140 3304 hujus

2318 2955 2426 3028 Τῆς
2455 2959 2625 3024 αὐτῆς
2657 2963 2866 3026 ἐννοίας
2916 2963 3098 3034 ἔχεται
3127 2970 3226 3020 xxi.
3249 2967 3306 3022 τὸ
3345 2971 3530 3040 τρίτον
3556 2991 3646 3028 σου
3673 2975 3796 3043 σόφι-

2247 3065 2384 3118 σμα,
2412 3049 2554 3121 πλὴν
2581 3057 3031 3126 πανουργοτέρως
3057 3061 3153 3111 καὶ
3199 3061 3612 3134 ἀσαφεστέρως.
3669 3059 3798 3127 Εἶδος

2245 3139 2314 3210 ἀρ
2331 3142 2624 3210 ,ηεοθεῒας,
2659 3146 2804 3198 κατὰ
2826 3147 3056 3214 Παῦλον,
3083 3149 3200 3203 ἔστι
3227 3154 3286 3204 τὺ
3309 3157 3441 3223 περὶ
3463 3155 3562 3224 τὴν
3585 3157 3799 3224 συνείόη·

2251 3248 2334 3284 σιν
2370 3233 2712 3304 ἁμαρτάνειν
2739 3252 2754 3267 ·
2787 3238 2925 3290 ἀλλὰ
2957 3241 3064 3310 μὴν
3094 3243 3122 3294 6
3171 3245 3356 3307 πάπας
3406 3247 3632 3302 δύναται.
3691 3247 3802 3316 περὶ

551 3325 782 3392 .generis
817 3323 1201 3393 abnegationis
1237 3321 1333 3376 Dei
1368 3335 1498 3376 reus
1523 3337 1668 3378 esse.
1700 3324 1908 3378 Deinde
1949 3340 1978 3379 a
2023 3341 2139 3380 ma-

2247 3322 2347 3393 τὴν
2375 3327 2684 3396 συνείδησιν
2707 3329 3073 3400 ἁμαρτάνειν,
3111 3333 3222 3404 ἄρα
3267 3341 3362 3388 καὶ
3389 3339 3473 3408 τῷ
3499 3340 3626 3392 εἴδει
3649 3339 3802 3414 τούτῳ

479 3451 488 3456 -
559 3415 666 3485 jori
694 3415 756 3469 ad
787 3415 968 3468 minus
998 3431 1012 3468 :
1042 3413 1228 3468 Genus
1259 3416 1648 3485 abnegationis
1675 3415 1828 3484 lapsu
1857 3417 2143 3472 conscien-

563 3509 655 3561 tiae
685 3508 743 3560 ﬁt
773 3505 979 3575 aliquid
1011 3507 1244 3576 agendo,
1275 3507 1370 3585 sed
1402 3509 1578 3577 majus
1605 3517 1690 3563 est
1721 3523 1946 3580 peccare
1974 3526 2141 3580 opere

566 3611 732 3666 quam
782 3596 982 3660 verbo;
1025 3611 1160 3667 ergo
1184 3597 1278 3667 qui
1315 3613 1546 3668 peccare
1611 3607 1793 3666 potest
1833 3616 2026 3670 opere,
2055 3617 2146 3672 po-

545 3698 676 3742 ntu-st
715 3696 770 3742 ct
795 3687 1006 3742 verbo:
1045 3703 1181 3758 papa
1226 3703 1456 3758 peccare
1489 3699 1668 3768 potest
1696 3705 1881 3760 opere,
1915 3707 2045 3762 ergo
2089 3701 2145 3747 et

568 3785 768 3852 verbo;
812 3801 920 3840 non
948 3796 1034 3840 est
1061 3785 1227 3856 igitur
1253 3785 1594 3857 impossibile
1651 3803 1846 3859 papam
1871 3802 2061 3844 errare
2085 3789 2142 3844 in

567 3881 696 3934 ﬁde.

635 4059 860 4128 Verum,
897 4059 1045 4130 quod
1095 4069 1152 4112 tu
1196 4073 1368 4126 genus
1408 4057 1790 4128 a-bncgationis
1821 4059 1917 4114 Dei
1955 4075 2140 4125 vocas,

563 4168 859 4208 commune
906 4161 991 4207 est
1028 4151 1245 4205 cunctis
1285 4150 1548 4221 operibus
1595 4163 1717 4220 quae
1761 4149 1899 4204 ﬁunt
1947 4161 2143 4220 praeter

568 4245 835 4298 rationem
887 4251 1128 4308 rectam;
1167 4252 1221 4295 at
1255 4239 1548 4310 abnegatio
1582 4241 1678 4298 Dei
1725 4255 1824 4309 per
1861 4241 2027 4294 verba
2059 4249 2144 4296 cst

567 4334 908 4389 inﬁdelitatis
949 4343 1105 4388 actus
1151 4341 1208 4386 et
1253 4331 1491 4400 speciale
1540 4340 1847 4400 peccatum,
1880 4339 2141 4400 ualloque

569 4428 770 4496 majus,
803 4435 1012 4495 quanto
1059 4425 1232 4494 major
1274 4425 1432 4491 ﬁdes,
1465 4426 1668 4494 quippe
1711 4433 1768 4477 ut
1809 4423 2140 4476 fundamen-

577 4529 689 4570 tum
741 4519 1034 4570 virtutum.
1083 4513 1302 4584 Decipis
1347 4531 1499 4584 ergo,
1539 4517 1623 4568 vir
1664 4515 1898 4584 egregie,
1933 4513 2139 4582 duplici

575 4607 914 4677 sophismate
947 4623 961 4661 :
995 4607 1173 4676 primo
1205 4607 1450 4678 quidem,
1479 4617 1536 4660 ιιι
1567 4607 1824 4674 diximus,
1855 4607 1980 4675 quia
2011 4621 2141 4659 con-

2250 4627 2470 4696 πρῶτον
2508 4631 2630 4698 μὲν,

511 4755 530 4778 ρ
567 4689 856 4769 sequentia
893 4699 1010 4752 base
1042 4713 1150 4752 non
1179 4698 1321 4751 valet
1351 4717 1363 4750 ι
1397 4697 1582 4752 Potest
1613 4715 1796 4752 errare
1835 4713 1971 4768 papa
2011 4713 2139 4751 cou-

571 4804 653 4845 tra
694 4802 898 4846 rectam
935 4791 1205 4843 rationem
1241 4787 1296 4841 in
1327 4787 1508 4857 aliqua
1544 4803 1639 4843 sua
1677 4791 1866 4842 nmrali
1901 4789 2138 4852 actione,

567 4899 698 4952 ergo
741 4892 796 4936 et
845 4883 901 4935 in
950 4881 1076 4934 ﬁde.
1105 4885 1402 4936 Ustensum
1451 4879 1654 4949 quippe
1699 4891 1803 4946 est,
1843 4883 2038 4934 falsum
2086 4882 2142 4934 id

566 4991 709 5038 ιεειμξ,
751 4989 817 5030 eo
867 4975 1012 5043 quod
1066 4987 1202 5043 papa
1249 4973 1408 5026 aliter
1449 4987 1508 5026 se
1549 4969 1746 5026 habeat
1796 4973 1860 5026 ad
1909 4973 2142 5026 mor-ales

566 5069 834 5128 actiones,
870 5077 926 5120 et
961 5067 1123 5120 aliter
1165 5066 1232 5119 ad
1275 5065 1527 5134 dogmata
1571 5064 1716 5117 ﬁdei.
1749 5065 1881 5118 Nam
1917 5081 2136 5121 suarum

569 5161 688 5228 ipse
745 5161 1022 5213 actionum
1079 5169 1164 5212 cst
1221 5159 1584 5228 principium,
1642 5164 1955 5226 dogmatnm
2015 5175 2142 5214 vero

569 5252 772 5305 tibristi
800 5261 878 5306 es'
911 5263 1119 5317 custos,
1149 5267 1341 5319 nempe
1371 5261 1430 5303 ut
1455 5253 1600 5305 Petri
1631 5253 1838 5316 btet-es;
1873 5254 2139 5314 secundo,

527 5391 532 5396 .
569 5345 696 5412 quia
728 5343 870 5411 quod
906 5345 1078 5412 majus
1104 5351 1208 5408 cst,
1239 5343 1416 5396 fecisti
1446 5343 1647 5402 minus,
1678 5354 1732 5398 ct
1760 5345 1905 5412 quod
1935 5347 2138 5410 minus,

569 5437 766 5505 majus.
812 5435 892 5487 Tu
945 5437 1119 5505 majus
1157 5449 1276 5488 esse
1324 5427 1726 5504 ais"~abnegare
1765 5453 1930 5506 opere
1977 5454 2136 5505 quam

569 5527 759 5588 verbo.
797 5526 939 5594 quod
997 5526 1049 5577 in
1105 5542 1162 5579 re
1219 5527 1499 5594 proposita
1553 5527 1750 5580 falsum
1800 5540 1986 5592 aperte
2035 5540 2138 5583 est.

568 5623 818 5689 Abnegat
845 5633 1009 5687 opere
1045 5618 1152 5682 fur,
1185 5619 1418 5685 abnegat
1458 5623 1624 5672 verbo
1661 5621 1753 5689 qui
1795 5621 2017 5675 Christo
2051 5639 2138 5676 re-

571 5713 827 5777 nuntiat;
867 5705 1065 5778 ‘majus
1135 5724 1266 5778 ergo
1333 5713 1535 5766 l'urtum
1603 5729 1764 5781 quam
1825 5715 2142 5781 apestasia?

561 5805 738 5855 Absit.
773 5805 889 5856 Non
917 5817 1044 5870 ergo
1069 5803 1160 5868 qui
1191 5812 1365 5870 potest
1392 5808 1572 5856 minus
1598 5807 1920 5874 abucgando
1951 5822 2138 5876 Opere,

2245 3413 2342 3482 τῆς
2378 3415 2741 3484 ἀρνησοθεϊας
2774 3419 2959 3489 ἔνοχος
2992 3417 3156 3478 εἶναί.
3197 3422 3334 3478 Εἶτα
3371 3429 3442 3478 ἐκ
3465 3427 3573 3479 τῶν
3628 3427 3802 3498 μᾶλλον

2246 3513 2340 3560 καὶ
2372 3502 2538 3580 ἦττον
2560 3526 2574 3541 ·
2617 3511 2682 3564 Ἠ
2715 3513 3046 3582 ἁρνησοθεῖα
3086 3517 3232 3570 κατὰ
3267 3519 3366 3588 τὴν
3407 3519 3708 3588 συνείδησιν
3734 3519 3804 3584 γί-

2248 3618 2397 3655 νεται
2437 3602 2620 3670 ἔργοις
2653 3619 2668 3633 ·
2697 3602 2886 3672 μεῖζον
2915 3605 2970 3658 δὲ
3037 3607 3096 3660 τὸ
3168 3609 3509 3679 ἁμαρτάνειν
3563 3611 3730 3682 ἔργοις
3773 3608 3803 3674 ἢ

2221 3694 2426 3766 ,ιλίγοις
2455 3711 2469 3726 ⁶
2501 3697 2610 3764 ἄρα
2644 3698 2675 3750 6
2731 3697 3033 3768 δυνάμενος
3072 3701 3348 3771 σφαλῆναι
3387 3703 3572 3772 ἔργοις
3605 3703 3804 3755 δύναται

2248 3787 2521 3857 σφαλῆναι
2561 3791 2657 3842 καὶ
2704 3789 2884 3858 λόγοις
2909 3807 2924 3822 ·
2958 3795 2986 3846 6
3024 3793 3212 3856 πάπας
3273 3795 3502 3848 δύναται
3560 3795 3803 3862 σφαλῆναι

2247 3881 2452 3952 ἔργοις,
2473 3883 2582 3952 ἄρα
2604 3883 2698 3936 καὶ
2721 3884 2903 3952 λύγοις
2935 3901 2948 3915 ·
2983 3890 3080 3938 καὶ
3101 3889 3202 3941 οὐκ
3220 3887 3490 3942 ἀδύνατον
3520 3889 3608 3942 τὸν
3637 3889 3803 3941 πάπαν

2245 3976 2357 4029 τῶν
2393 3975 2571 4045 ὀρθῶν
2593 3978 2849 4030 ἐκπεσεῖν
2871 3978 3188 4049 δογμάτων.

2321 4069 2386 4120 Ὃ
2417 4067 2518 4137 μὲν
2549 4067 2642 4122 οὖν
2697 4071 2762 4122 σὺ
2801 4069 2980 4138 λέγεις
3037 4069 3180 4136 εἶδος.
3227 4074 3614 4144 ἁρνησοθεῖα·,
3665 4075 3803 4127 τοῦτο

2245 4160 2424 4212 κοινὸν
2450 4161 2584 4214 πᾶσι
2607 4163 2720 4224 τοῖς
2754 4163 2959 4233 ἔργοις,
3000 4165 3036 4218 ἃ
3065 4167 3140 4234 μὴ
3169 4167 3314 4219 κατὰ
3355 4170 3448 4220 τὸν
3497 4169 3655 4239 ὀρθὸν
3683 4167 3805 4236 γίνε-

2245 4269 2340 4306 ται
2371 4253 2531 4320 λόγον
2563 4269 2579 4284 ⁶
2613 4255 2644 4324 ή
2670 4255 2725 4306 δὲ
2757 4256 2848 4308 διὰ
2879 4257 3053 4326 λόγων
3077 4259 3412 4328 ἀρνησοθ-“ία
3443 4263 3694 4334 ἐνέργεια
3723 4260 3806 4328 τῆς

2245 4344 2508 4408 ἀπιστίας
2561 4345 2702 4414 ἐστὶ,
2747 4347 2838 4399 καὶ
2881 4349 3054 4402 ίδικὺν·
3083 4351 3414 4422 ἁμάρτημα,
3471 4357 3568 4408 καὶ
3619 4355 3803 4424 μεῖζον,

2244 4437 2356 4506 ὅσῳ
2415 4437 2617 4507 μείζων
2671 4440 2704 4509 ἠ
2755 4441 2961 4505 πίστις,
3017 4443 3091 4506 ὡς
3137 4445 3390 4514 θεμέλιον
3435 4449 3546 4502 τῶν
3593 4449 3805 4518 ἁρετών.

2245 4535 2603 4608 Φρεναπατᾷς
2629 4536 2743 4603 οὗν,
2767 4536 2812 4590 ὦ
2843 4521 3138 4609 θαυμάσιε,
3170 4543 3346 4615 διπλῷ
3369 4546 3446 4616 τῷ
3477 4547 3803 4615 σοφίσματι·

2671 4631 2744 4692 ὡς
2770 4633 3018 4696 εἰπόντες
3053 4633 3322 4705 ἔφθημεν,
3347 4638 3430 4692 ὅτι
3459 4639 3564 4692 οὐκ
3595 4639 3808 4708 ἔρρωται

2246 4719 2384 4790 αὕτη
2417 4721 2449 4790 ἠ
2489 4721 2782 4775 ἀκολουθία
2808 4740 2822 4752 ·
2858 4725 3092 4779 Δύναται
3128 4733 3280 4798 παρὰ
3309 4730 3398 4782 τὸν
3455 4732 3618 4802 ὀρθὸν
3667 4731 3809 4798 λόγον

2245 4811 2302 4864 ἐν
2325 4829 2434 4864 τινι
2467 4813 2666 4882 πράξει
2717 4816 2886 4886 ἠθικῇ
2925 4819 3190 4888 σφαλῆναι
3225 4823 3254 4876 6
3317 4824 3526 4890 πὰπας,
3570 4824 3678 4894 ἄρα
3732 4825 3810 4873 καὶ

2242 4905 2353 4956 τῶν
2382 4904 2560 4972 ὀρθῶν
2577 4906 2863 4990 δογμάτῳν
2892 4911 3148 4966 ἐκπεσεῖν
3169 4931 3184 4944 ·
3208 4915 3538 4986 ἑλήλεγκται
3567 4918 3676 4985 γὰρ
3705 4899 3810 4967 τοῦ-

2242 5011 2304 5045 το
2325 4994 2517 5063 ψευδὲς
2552 4997 2616 5050 ἐκ
2641 4997 2736 5049 τοῦ
2768 4998 3045 5068 διαφόρως
3071 5003 3228 5072 ἔχειν
3253 5005 3348 5058 τὸν
3380 5008 3574 5062 παπαν
3614 5009 3742 5076 πρός
3763 5021 3810 5054 τε

2241 5085 2341 5148 τὰς
2367 5086 2566 5154 ἠθικὰς
2601 5089 2832 5156 πράξεις
2864 5093 2959 5144 καὶ
2997 5093 3063 5146 τὰ
3101 5092 3371 5164 δόγματα.
3403 5096 3526 5159 Τῶν
3561 5102 3665 5167 γὰρ
3697 5099 3810 5148 ἑαυ-

2243 5174 2339 5228 τοῦ
2365 5176 2616 5246 πράξεων
2645 5180 2807 5242 αὑτός
2833 5183 2980 5235 ἐστιν
3004 5184 3166 5254 ἁρχὴ,
3193 5187 3304 5238 τῶν
3321 5188 3380 5240 δὲ
3397 5189 3687 5257 δογμάτων
3709 5191 3810 5240 ἐστὶ

2246 5269 2420 5336 φύλαξ
2454 5272 2602 5340 παρὰ
2647 5273 2913 5340 Χριστοῦ,
2949 5276 3044 5330 ἅτε
3085 5279 3148 5344 δὴ
3199 5280 3536 5350 κληρονόμος
3589 5281 3680 5333 τοῦ
3724 5280 3808 5331 Πέ-

2245 5378 2398 5429 τρου.
2429 5363 2716 5432 Δεύτερον,
2779 5365 2858 5434 ὅτι
2884 5366 2941 5417 τὸ
2973 5369 3175 5435 μᾶλλον
3207 5365 3369 5442 ἧττον
3401 5369 3700 5442 ’ὲποίησα;,
3732 5370 3811 5423 καὶ

2245 5451 2305 5502 τὸ
2333 5447 2491 5522 ἦττον
2517 5453 2739 5522 μᾶλλον.
2764 5457 2958 5522 Λέγεις
2989 5459 3180 5524 μεῖξον
3214 5460 3356 5516 εἶναι
3421 5465 3702 5533 ἀρνεῖσθαι
3731 5462 3808 5528 ἐρ-

2247 5561 2362 5609 γοις
2397 5544 2430 5612 ἢ
2468 5545 2674 5612 λόγοις,
2705 5547 2732 5599 ὃ
2777 5551 3056 5619 προφανὲς
3089 5552 3284 5621 ψεῦδος
3337 5560 3394 5609 ἐν
3427 5558 3507 5627 τῷ
3556 5549 3806 5626 παρέντι-⁸

2247 5637 2492 5704 ἀρνεῖται
2526 5636 2710 5706 ἔργοις
2745 5641 2773 5690 6
2807 5641 3078 5712 κλέπτης,
3121 5647 3376 5716 ἀρνεῖται
3426 5649 3608 5714 λόγοις
3663 5651 3688 5699 ὁ
3735 5647 3810 5695 τὸν

2247 5724 2480 5794 Χριστὸν
2513 5727 2880 5796 ἐξομνύμενος
2919 5745 2931 5759 ·
2993 5735 3195 5802 μείζων
3253 5739 3363 5806 ἄρα
3417 5740 3446 5807 ἡ
3495 5736 3670 5806 κλοπὴ
3724 5733 3810 5799 τῆς

2243 5817 2622 5884 ἀποστασίαςς
2658 5819 2893 5889 Ἄπαγε.
2954 5824 3118 5880 Ὥστε
3151 5828 3246 5900 οὐχ
3307 5832 3396 5883 ὅτε
3451 5825 3617 5901 ἧττον
3669 5826 3810 5879 δυνά·
