4088 6294
364 407 483 470 753

1647 408 2097 473 REFUTATIO
2163 407 2213 468 N
2224 407 2355 473 [LL

3515 413 3639 475 7M

366 543 551 597 μενος,
577 527 639 580 τὺ
668 527 738 581 δι’
769 526 950 598 ἔργων
978 531 1087 600 πλη
1097 529 1398 602 μμελῆσαι,
1431 525 1822 604 πλημμελήσει
1847 532 1945 584 καὶ

2051 529 2297 602 peccabit
2340 535 2397 584 et
2447 530 2624 598 majus
2667 527 2854 584 t'erbis
2899 528 3074 584 Deum
3123 529 3392 600 negando.
3418 525 3546 584 'lmo
3593 531 3647 583 si

360 617 422 668 τὸ
453 614 663 686 μεῖζον,
691 616 754 670 τὺ
778 617 867 672 διὰ
898 617 1075 688 λόγων
1101 620 1449 691 ἀρνήσασθαι
1479 622 1570 675 τὸν
1603 621 1759 675 Θεόν.
1800 619 1950 686 Mil-1

361 707 453 758 λον
479 705 535 760 δὲ
569 708 729 761 είτὸν
753 707 914 776 λόγον
942 709 1287 779 ὲφαρμόσαις
1317 710 1396 780 τῷ
1415 711 1594 782 πάπα,
1622 710 1847 764 δύναται
1886 709 1950 762 τὸ

359 793 524 870 ἦττον
551 798 760 862 ἐκεῖνος
863 800 1082 869 μετέχει
1119 799 1335 869 φύσεως
1374 803 1826 873 ἀνθρωπίνης,ού
1860 803 1949 857 δύ-

362 907 524 942 ναται
548 889 828 956 παντελῶς
847 891 909 944 τὸ
938 892 1142 962 μεῖζον,
1236 893 1574 964 κληρονόμος
1625 893 1723 948 καὶ
1776 893 1951 964 φύλαξ

363 981 481 1034 ἐστὶ
507 981 608 1049 τῆς
633 981 870 1047 πίστεως
899 968 1274 1056 τοῦίΠέτροὶ).
1312 986 1386 1040 Τὸ
1440 986 1496 1040 δὲ
1542 986 1636 1040 δύο
1682 988 1810 1058 περὶ
1859 987 1950 1041 τὸν

363 1073 554 1128 πάπαν
594 1074 692 1128 ἕνα
722 1075 852 1129 ὄντα
879 1075 1228 1147 θεωρεῖσθαι,
1260 1078 1354 1131 καὶ
1382 1078 1546 1142 αὐτὸς
1596 1079 1662 1131 ἂν
1721 1095 1949 1150 συνομο-

363 1167 646 1238 λογήσαις,
675 1168 769 1222 δύο
792 1168 916 1222 κατ’
934 1171 1111 1240 ἀρχὰς
1127 1171 1184 1224 ὲν
1205 1170 1281 1241 τῷ
1327 1172 1486 1244 πάπᾳ
1509 1171 1756 1241 θέμενος,
1783 1171 1842 1224 τὸ
1873 1168 1952 1224 εἴ·

365 1277 456 1312 ναι
483 1261 634 1331 παρὰ
686 1261 782 1314 τοῦ
841 1261 1050 1330 Πέτρου
1101 1261 1322 1332 Ῥώμης
1373 1263 1692 1332 ἐπίσκοπον,
1741 1264 1837 1317 καὶ
1891 1263 1952 1318 τό

369 1353 594 1423 πρῶτον
624 1349 762 1407 εἶναι
793 1353 901 1406 τῶν
928 1354 1105 1408 ἄλλων
1142 1355 1460 1410 ἐπισκόπων
1487 1357 1638 1424 παρὰ
1692 1355 1799 1409 τῶν
1840 1356 1951 1408 Πα-

365 1442 562 1509 τέρων.
590 1442 801 1511 Ὥσπερ
822 1439 916 1498 οὖν
947 1445 1034 1508 σὺ,
1068 1444 1219 1515 παρὰ
1250 1445 1458 1498 Φωτίου
1487 1445 1586 1515 τὴν
1605 1443 1950 1498 διδασκαλίαν

365 1533 568 1600 λαϐὼν,
593 1534 686 1587 δύο
711 1536 806 1588 καὶ
825 1535 1154 1606 ἀσύμϐλητα
1182 1537 1238 1589 ἑν
1262 1537 1338 1607 τῷ
1357 1537 1438 1592 ἑνὶ
1463 1538 1624 1609 tt:qu
1640 1536 1947 1607 ὁμολογεῖς,

363 1627 424 1679 τὸ
458 1625 559 1697 μὲν
609 1626 859 1697 μερικδν,
894 1627 953 1680 τὸ
983 1627 1037 1680 δὲ
1075 1628 1306 1681 καθόλου
1341 1644 1357 1659 ·
1387 1629 1449 1682 τὸ
1481 1629 1582 1698 μὲν
1625 1626 1843 1699 κτηθὲν,
1891 1627 1952 1679 τὸ

363 1717 419 1770 δὲ
443 1720 788 1796 προσκτηθέν
823 1735 836 1749 ο
874 1717 933 1772 τὸ
969 1719 1066 1788 μὲν
1093 1719 1180 1773 διὰ
1218 1719 1279 1773 τὸ
1331 1721 1522 1791 κλίμα,
1551 1722 1612 1774 to
1649 1720 1706 1772 δὲ
1739 1719 1825 1773 διὰ
1853 1718 1952 1789 τὴν

363 1810 517 1876 τάξιν
550 1827 564 1840 ο
596 1810 738 1864 οὕτω
770 1811 863 1863 καὶ
898 1812 1061 1880 ἡμεῖς
1086 1814 1196 1875 τοῖς
1229 1813 1633 1881 εύαγγελικοῖς,
1663 1813 1758 1866 καὶ
1807 1812 1949 1865 ἀπο-

363 1901 654 1966 στολικοῖς,
691 1906 788 1956 καὶ
815 1903 1118 1967 συ·.·οδικοῖς
1142 1905 1401 1974 ἑπόμενοι
1436 1905 1670 1974 δόγμασι
1699 1905 1794 1959 δύο
1821 1904 1952 1974 περὶ
1981 1872 2028 1933 Β

361 1994 454 2046 τὸν
485 1995 579 2047 ἕνα
611 1993 948 2064 θεωροῦμεν,
972 1997 1034 2048 τὸ
1074 1991 1214 2049 εἶναι
1249 1995 1341 2050 τὸν
1379 1997 1568 2051 πάπαν
1641 1997 1738 2050 καὶ
1791 1997 1954 2049 αὐτὸν

363 2081 675 2154 ἄνθρωπον,
710 2084 808 2155 τὴν
869 2085 1145 2158 ἡμετέραν
1209 2086 1497 2141 ἀσθένειαν
1542 2087 1954 2158 περικείμενον,

362 2177 459 2228 καὶ
482 2177 542 2228 τὸ
573 2173 710 2231 εἶναι
742 2179 994 2249 ἑρμηνέα
1051 2179 1151 2250 τῆς
1200 2181 1386 2250 φωνῆς
1429 2179 1526 2234 τοῦ
1575 2180 1806 2251 Πέτρου,
1857 2179 1954 2234 καὶ

362 2269 704 2340 κληρονόμον
724 2270 823 2341 τῆς
854 2271 1065 2324 ἐκείνου
1102 2272 1361 2336 πίστεως.
1415 2273 1572 2327 Ἐπεὶ
1602 2274 1658 2326 δὲ
1685 2273 1860 2328 ταῦτα
1885 2274 1953 2327 τὰ

257 2434 263 2441 _
360 2363 453 2415 δύο
483 2363 714 2434 διάφορα
743 2365 836 2416 καὶ
868 2363 1216 2437 ἀσύμϐλητα,
1243 2366 1529 2431 ἐξασθενεῖ
1557 2368 1666 2422 τῶν
1699 2369 1810 2421 σῶν
1830 2370 1952 2421 ἐπι-

362 2459 720 2527 χειρηγάτων
750 2460 784 2529 ἡ
812 2458 1064 2531 δύναμις,
1100 2462 1164 2512 ἐκ
1197 2460 1427 2532 θατέρου
1454 2462 1534 2523 είς
1585 2461 1810 2532 θάτερον
1860 2479 1956 2532 με-

365 2548 740 2613 ταπίπτουσα,
768 2549 865 2602 καὶ⁸
896 2551 1254 2619 ἀπσνέμουσα
1286 2553 1346 2605 τὸ
1383 2552 1656 2606 πτωτικὺν
1701 2553 1800 2623 τῆς
1853 2554 1951 2606 ἀν-

364 2641 714 2711 θρωπότητος
787 2642 864 2713 τῷ
933 2643 1170 2712 ἁπτώτῳ
1249 2644 1348 2714 τῆς
1411 2643 1564 2709 ἀξίας
1599 2660 1614 2676 ·
1674 2645 1768 2698 κοιλ⁴
1815 2644 1954 2708 ὅλως

362 2735 702 2803 ἁμαρτάνεις
730 2736 850 2789 κατ’
872 2736 1081 2789 ἐκείνου
1120 2736 1206 2789 τοῦ
1239 2737 1481 2803 κανόνος,
1513 2737 1619 2790 avo
1652 2736 1950 2805 Φιλόσοφος

363 2827 421 2880 ὲν
455 2828 531 2895 τῷ
554 2828 692 2894 Περὶ
722 2828 1039 2898 ἑρμηνείας
1062 2828 1340 2882 διδάσκει·
1372 2830 1559 2882 Ἔστιν
1593 2831 1620 2884 ό
1646 2831 1794 2882 δεῖνα
1820 2832 1951 2898 ἀγα-

364 2920 476 2983 θος,
507 2922 600 2973 καὶ
636 2922 891 2987 σκυτεὺς,
924 2921 1036 2974 ἀλλ’
1065 2922 1188 2992 ούχὶ
1231 2921 1320 2975 διὰ
1367 2921 1526 2975 τοῦτο
1579 2927 1675 2977 καὶ⁸
1724 2925 1953 2985 σκυτεὺς

364 3011 570 3079 ἀγαθός
595 3029 611 3044 ο
649 3013 706 3065 τὸ
741 3013 849 3083 γὰρ
879 3009 1017 3067 εἶναι
1050 3014 1251 3067 σκυτέα
1286 3013 1380 3067 καὶ
1402 3014 1605 3082 ἀγαθὸν
1630 3011 1772 3065 κατὰ
1813 3029 1954 3079 συμ-

365 3105 600 3176 ϐεϐηκὸς
629 3097 1028 3176 συμπλέκεται.
1063 3107 1136 3159 Σὺ
1166 3107 1242 3174 δὲ,
1263 3107 1446 3174 Νεῖλε,
1472 3106 1616 3160 οὕτω
1641 3104 1951 3178 συλλογίζῃ·

2053 638 2208 694 papae
2266 628 2653 694 argumentum
2714 620 3254 683 accommodaveris,
3308 630 3489 691 potest
3549 623 3642 678 ille

2053 715 2279 786 quidem
2332 713 2521 769 minus
2575 723 2767 784 utpote
2818 724 3017 769 natura
3072 703 3334 769 constans
3377 715 3641 781 humana,

2053 806 2232 876 majus
2261 813 2444 861 autem
2490 804 2645 860 nullo
2693 805 2857 859 modo
2898 812 3079 873 potest
3109 820 3218 874 qua
3254 805 3430 861 haeres
3465 817 3550 862 est
3585 819 3643 862 et

2053 905 2241 954 custos
2271 897 2398 953 ﬁdei
2430 897 2601 953 Petri.
2629 895 2784 964 Quod
2813 911 2947 952 vero
2981 898 3035 952 in
3074 914 3184 954 uno
3215 914 3352 969 papa
3385 899 3642 955 conside-

2053 989 2398 1055 rentuizduo,
2423 995 2481 1043 tu
2504 1003 2727 1060 quoque
2759 989 3021 1046 fateberis
3055 990 3150 1060 qui
3191 990 3298 1044 duo
3320 991 3548 1061 posuisti
3590 993 3642 1046 in

2054 1096 2219 1152 papa,
2247 1080 2396 1150 quod
2433 1079 2620 1136 Romae
2655 1081 2726 1135 sit
2760 1080 3059 1153 episcopus
3091 1096 3120 1136 a
3152 1082 3339 1148 Petro,
3384 1084 3645 1154 quodque

2053 1181 2382 1228 caeterorum
2441 1171 2827 1241 episcoporum
2885 1173 2957 1228 sit
3005 1173 3216 1244 primus
3273 1191 3303 1230 a
3358 1175 3641 1230 Patribus.

2055 1265 2214 1320 Sicut
2255 1281 2387 1336 ergo
2421 1274 2477 1319 tu
2514 1281 2543 1320 a
2585 1265 2784 1320 Photio
2819 1265 3071 1328 edoctus.
3104 1267 3215 1322 duo
3263 1275 3319 1322 et
3363 1283 3472 1321 non
3511 1284 3644 1322 eon-

2056 1357 2283 1413 ferenda
2334 1356 2524 1414 lateris
2576 1358 2630 1412 in
2684 1373 2794 1412 uno
2850 1373 3012 1428 papa,
3054 1375 3224 1413 unum
3285 1361 3640 1428 particulam,
3707 1372 3716 1376 ‘

2054 1450 2289 1504 alterunt
2344 1450 2693 1518 universale;
2747 1465 2917 1504 unum
2981 1451 3303 1506 haereditate
3360 1452 3639 1513 relictum,

2054 1541 2290 1603 alterum
2345 1543 2634 1612 additum;
2677 1559 2849 1598 unum
2896 1554 3122 1613 propter
3171 1544 3358 1607 clima,
3409 1545 3644 1598 alterum

2054 1645 2286 1705 propter
2335 1637 2586 1692 ordinem
2621 1653 2638 1691 :
2672 1637 2748 1691 ita
2797 1652 2901 1693 nos
2953 1638 3293 1708 evangelica,
3339 1637 3646 1707 apostolica.

2055 1736 2112 1782 ct
2153 1727 2412 1798 synodica
2445 1736 2749 1796 sequentes
2779 1728 3056 1800 dogmata,
3087 1728 3504 1783 consideramus
3527 1727 3646 1782 duo

2058 1820 2112 1874 in
2147 1836 2308 1892 papa,
2339 1822 2486 1892 quod
2522 1822 2591 1876 sit
2625 1822 2813 1887 homo,
2843 1833 3034 1878 nostra
3077 1832 3134 1877 ct
3175 1823 3291 1892 ipse
3329 1823 3645 1878 circumda-

2057 1923 2148 1968 tus
2188 1900 2551 1980 infirmitate;
2588 1924 2642 1969 et
2686 1915 2761 1970 sit
2792 1924 3056 1985 praeterea
3101 1915 3248 1971 Petri
3283 1917 3434 1969 vocis
3473 1914 3646 1969 inter-

2057 2024 2182 2078 pres
2232 2018 2289 2063 et
2342 2009 2490 2065 illius
2538 2009 2663 2064 fidei
2715 2010 2914 2064 haeres.
2969 2010 3039 2064 Et
3076 2009 3338 2080 quoniam
3376 2009 3488 2064 duo
3529 2009 3645 2062 hzee

2055 2100 2345 2167 diﬂ‘erunt,
2381 2113 2552 2172 utque
2587 2117 2677 2157 res
2709 2101 2914 2157 diversi
2945 2103 3159 2173 generis
3195 2117 3306 2155 non
3343 2103 3642 2155 conferun—

2059 2199 2170 2255 tur,
2209 2193 2360 2248 cadit
2398 2202 2620 2247 tuorum
2670 2191 2844 2246 robur
2883 2199 3356 2262 argumentantur.
3390 2191 3536 2264 quod
3577 2207 3642 2245 ex

2053 2283 2231 2338 altero
2272 2283 2466 2338 transit
2500 2283 2555 2337 in
2589 2284 2852 2346 alterum,
2882 2294 2936 2339 et
2969 2283 3295 2338 labilitatetn
3327 2283 3642 2336 immanita-

2060 2377 2130 2433 tis
2176 2378 2371 2432 tribu-it
2416 2378 2715 2432 ill-abilitati
2758 2377 3064 2448 dignitatis.
3110 2377 3349 2433 Omnino
3388 2378 3535 2431 enim
3584 2387 3643 2430 tu

2057 2478 2250 2525 contra
2283 2469 2432 2524 illam
2463 2470 2708 2539 regulam
2743 2484 2958 2539 peccas,
2992 2485 3158 2539 quam
3192 2471 3359 2523 tradit
3393 2468 3641 2522 Philoso-

2057 2564 2202 2634 phus
2232 2563 2285 2619 in
2317 2565 2463 2620 libro
2491 2563 2570 2618 De
2590 2565 3027 2631 interpretatione
3048 2580 3067 2618 :
3095 2564 3188 2620 Est
3211 2564 3412 2632 aliquis
3439 2563 3638 2626 bonus,

2055 2666 2141 2713 est
2173 2669 2228 2713 et
2268 2670 2463 2726 sutor;
2512 2673 2621 2713 non
2674 2667 2856 2713 tamen
2904 2658 3030 2713 ideo
3061 2666 3217 2712 sutor
3257 2657 3435 2714 bonus
3467 2677 3480 2712 :
3518 2674 3647 2714 esse

2055 2751 2204 2804 enim
2247 2750 2451 2804 bonum
2486 2759 2542 2804 et
2569 2761 2816 2805 sutorem
2862 2749 3158 2820 conjuncta
3198 2761 3330 2804 sunt
3359 2765 3458 2819 per
3490 2751 3636 2805 acci-

2055 2842 2216 2897 dens.
2248 2842 2328 2896 Tu
2365 2857 2494 2897 vero
2541 2843 2613 2896 ita
2646 2842 2868 2914 arguis:
2913 2842 3197 2898 Romanus
3231 2842 3524 2912 episcopus
3555 2852 3642 2897 est

2057 2935 2226 2990 homo
2261 2935 2466 2990 erroris
2501 2949 2699 3004 capax,
2727 2943 2814 2990 est
2850 2935 3019 2990 etiam
3066 2949 3204 3004 papa
3252 2933 3643 3004 episcoporum

2057 3027 2291 3098 primus,
2333 3041 2465 3097 ergo
2519 3036 2603 3082 est
2646 3043 2784 3098 papa
2828 3027 3039 3083 erroris
3089 3041 3282 3095 capax.
3335 3028 3512 3095 Atque
3565 3027 3640 3079 ita

2057 3134 2254 3190 peccas
2299 3132 2356 3175 et
2404 3132 2596 3175 contra
2644 3120 2966 3192 PhiIOSOphi
3017 3119 3298 3191 regulam,
3344 3130 3398 3174 et
3442 3127 3640 3174 contra

370 3200 606 3252 Ἔστινό
644 3197 863 3268 Ῥώμης
907 3198 1192 3269 ἄνθρωπος
1237 3199 1640 3270 ἁμαρτητικὺς,
1690 3199 1808 3252 ἔστι
1856 3201 1947 3253 καὶ

2055 3225 2276 3272 sanctos
2308 3216 2519 3285 Patres,
2556 3232 2665 3271 non
2715 3217 2892 3272 solum
2922 3225 3133 3286 quarta:
3180 3214 3375 3287 synodi
3413 3215 3467 3269 in
3517 3215 3641 3283 epi-

365 3293 578 3358 παπας,
613 3293 721 3363 ἄρα
755 3292 850 3347 καὶ
899 3292 1282 3363 ἁμαρτητικὸς
1318 3293 1522 3355 πάπας.
1585 3291 1948 3363 Ἀμαρτάνεις

363 3383 458 3437 οὖν
485 3385 580 3438 καὶ
617 3386 758 3441 κατὰ
785 3385 882 3438 τοῦ
909 3385 1270 3455 Φιλοσοφικοῦ
1296 3386 1540 3450 κανόνος,
1560 3385 1652 3438 καὶ
1681 3387 1818 3439 κατᾶ
1835 3385 1948 3439 τῶν

365 3479 538 3546 ἁγίων
569 3479 712 3532 Πατέ
719 3497 850 3548 ρων,
874 3480 1020 3546 λέγω
1045 3479 1110 3548 δὴ
1134 3479 1193 3534 ού
1220 3479 1379 3550 μόνον
1404 3478 1501 3548 τῆς
1529 3479 1796 3550 τετάρτης
1821 3497 1948 3534 συν-

364 3572 486 3624 όδου
517 3572 574 3623 ἐν
603 3567 682 3634 οἷς
713 3572 864 3640 λέγει
896 3572 1291 3626 ἐπιστέλλουσα
1334 3572 1412 3642 τῷ
1444 3573 1624 3643 πάπα,
1659 3571 1752 3626 καὶ
1791 3574 1848 3626 ἐν
1871 3572 1949 3644 τῷ

366 3666 806 3736 προσφωνητικῴ
845 3666 982 3738 πρὸς
1036 3665 1358 3736 Μαρκιανὸν
1389 3666 1478 3720 τὸν
1521 3665 1764 3738 βασιλέα,
1810 3666 1944 3722 ἀλλὰ

367 3756 590 3818 καὶτοῖς
624 3758 802 3826 ἁγίοις
839 3760 1085 3828 Πατράσι
1123 3759 1222 3830 τῆς
1251 3759 1418 3829 ἕκτης
1449 3759 1752 3829 ἀντιλέγων
1792 3761 1943 3813 συνό-

363 3852 456 3904 δον
490 3866 506 3884 ·
540 3853 599 3905 ὲν
619 3853 716 3924 μὲν
747 3853 854 3924 γὰρ
879 3855 957 3924 τῲ
981 3853 1415 3924 προσφωνητικῷ
1451 3856 1674 3925 ιρησινή
1740 3855 1974 3928 τετάρτη
2019 3859 2233 3924 σύνοδος
2265 3877 2280 3892 ’

2057 3307 2197 3362 stola
2223 3308 2291 3362 ad
2319 3323 2537 3378 papam,
2565 3318 2622 3363 et
2651 3309 2708 3363 in
2740 3307 3177 3379 Prosphonetico
3208 3307 3274 3362 ad
3299 3306 3641 3362 Marcianum

2059 3401 2490 3470 imperatorem,
2543 3402 2641 3458 sed
2701 3402 2870 3458 etiam
2913 3412 3121 3478 contra
3170 3411 3390 3457 sanctos
3448 3401 3638 3456 Patres

2059 3503 2224 3548 sextae
2271 3493 2506 3565 synodi.
2554 3495 2760 3561 Quarta
2807 3487 3048 3567 synodus
3095 3493 3148 3549 in
3201 3493 3644 3563 Prosphoneticn

2059 3582 2143 3638 sie
2200 3584 2366 3639 habet
2411 3601 2425 3638 :
2482 3601 2499 3635 ι
2541 3584 2723 3651 Quare
2775 3585 2918 3640 Deus
2973 3582 3388 3639 insauciabilem
3445 3595 3638 3635 errore

2056 3685 2524 3745 propugnatorem
2559 3676 2722 3730 nobis
2756 3676 3019 3745 providit,
3063 3686 3119 3730 et
3155 3673 3414 3729 Romamn
3447 3673 3634 3728 Eccle~

2051 3767 2146 3822 εἰίο
2178 3784 2370 3837 papam
2410 3770 2735 3838 pra-paravit
2767 3769 2835 3824 ad
2868 3768 3178 3824 victoriam.
3219 3787 3238 3819 ι

2325 3881 2344 3914 ι
2385 3861 2548 3915 Ὅθεν
2576 3863 2819 3932 ἄτρωτον
2882 3863 3016 3931 ἡμῖν
3069 3863 3134 3919 ἐκ
3177 3861 3388 3928 πλάνης
3431 3863 3458 3914 ό
3500 3858 3636 3921 Gai;

362 3944 630 4016 ἐπενόησε
660 3945 961 4015 πρόμαχον,
998 3946 1092 3999 καὶ
1125 3945 1218 3999 τὸν
1268 3946 1364 4016 τῆς
1441 3945 1733 4016 Ῥωμαίων
1795 3945 1932 4015 πρὸς
1973 3950 2131 4020 νίκην
2157 3951 2449 4022 εὐτρέπισε
2495 3951 2775 4022 πρόεδρον.
2803 3970 2822 4002 ι

439 4039 715 4108 ῬΑτρωιιον
738 4039 802 4092 ἐκ
833 4041 1040 4110 πλάνης
1057 4039 1208 4109 λέγει
1237 4039 1327 4093 τὸν
1356 4038 1545 4092 πάπαν
1577 4041 1610 4110 η
1649 4039 1782 4106 ἁγία
1815 4039 1938 4093 σύν-

326 4169 333 4190 .
362 4131 483 4194 οδος
511 4149 524 4161 ·
553 4130 649 4185 καὶ
688 4129 828 4202 αύτὴ
868 4131 1070 4202 ἑαυτὴν
1128 4130 1430 4203 ἐξηγεῖται,
1471 4132 1612 4186 κατὰ
1648 4131 1808 4186 ποίαν
1840 4149 1941 4204 ση-

364 4223 568 4294 μασίαν
597 4223 870 4294 ἐχρήσατο
899 4225 967 4295 τῇ
996 4224 1160 4289 λέξει,
1187 4226 1454 4294 ἄτρωτον,
1482 4223 1558 4287 ὡς
1603 4225 1679 4294 μὴ
1710 4224 1948 4294 τρωθέν-

358 4317 509 4384 τα,ἢ
547 4316 624 4380 ὡς
665 4316 740 4387 μὴ
778 4317 1080 4387 δυνάμενον
1107 4316 1409 4387 τρωθῆναι.
1451 4316 1540 4370 Ἐν
1577 4316 1684 4388 γὰρ
1711 4317 1779 4386 τῇ
1810 4317 1948 4386 πρὸς

357 4409 454 4462 τὸν
487 4407 675 4460 πάπαν
705 4408 967 4479 ἐπιστολῇ
1023 4406 1246 4477 φύλακα
1287 4407 1389 4476 τῆς
1450 4406 1690 4470 πίστεως
1735 4409 1946 4460 ἐκεῖνον

360 4502 784 4576 προσαγορεύει,
823 4501 918 4556 καὶ
949 4502 1051 4557 ὅσα
1074 4501 1211 4556 ἄλλα
1245 4502 1485 4572 εἴρηται.
1520 4502 1598 4555 Ού
1621 4500 1848 4555 δυνατὸν
1889 4501 1946 4554 δὲ

2121 4044 2291 4099 Vocat
2325 4053 2513 4100 sancta
2553 4044 2798 4115 synodus
2834 4058 3029 4114 papam
3067 4058 3256 4098 errore
3294 4043 3631 4099 insauciabiu

2049 4138 2182 4202 lem,
2216 4146 2272 4191 ct
2306 4137 2424 4208 ipsa
2461 4139 2546 4193 sui
2588 4137 2863 4208 interpres
2904 4137 3150 4192 declarat
3187 4152 3295 4206 quo
3337 4152 3504 4191 sensu
3535 4139 3628 4192 10-

2047 4236 2175 4283 cuta
2226 4229 2416 4297 fuerit,
2471 4246 2580 4284 non
2627 4230 2957 4302 sauciatam,
2994 4245 3061 4283 an
3114 4244 3221 4283 non
3271 4229 3626 4284 sauciabilem

2045 4322 2294 4377 vocando
2341 4339 2556 4393 papam.
2594 4322 2730 4378 Nam
2773 4324 2828 4376 in
2876 4323 3111 4393 epistola
3145 4321 3212 4378 ad
3249 4338 3464 4394 papam.
3501 4325 3629 4380 ﬁdei

2045 4415 2333 4470 custodem
2372 4416 2615 4485 appellat
2651 4416 2829 4478 illum,
2862 4423 2920 4470 et
2951 4432 3294 4485 quaecunque
3337 4417 3441 4471 alia
3486 4417 3627 4472 dixi-

2046 4523 2170 4561 mus
2199 4524 2214 4572 ;
2249 4507 2366 4561 ﬁeri
2400 4523 2528 4561 Vt'l'o
2558 4523 2665 4561 non
2698 4514 2876 4575 potest
2907 4516 2965 4561 ut
2998 4515 3184 4561 sancta
3213 4507 3458 4578 synodus
3485 4509 3627 4563 hanc

356 4598 456 4666 τὴν
487 4597 656 4665 ἁγίαν
684 4595 904 4650 σύνοδον
928 4597 1124 4650 Λέοντι
1162 4595 1240 4665 τῷ
1271 4597 1414 4666 μετά
1447 4595 1539 4648 τὸν
1587 4595 1792 4662 Πέτρον
1843 4601 1940 4663 μς’

2051 4599 2474 4667 appellationem
2516 4599 2731 4654 dederit
2774 4598 2946 4653 Leoni
2982 4614 3152 4668 papae,
3189 4601 3282 4669 qui
3319 4603 3625 4670 quadraga

356 4690 646 4760 ὲπισκόπῳ
690 4690 913 4760 Ῥώμης
949 4689 1092 4742 κατὰ
1117 4705 1240 4741 τινα
1271 4688 1663 4758 ἁποκλήρωσιν
1719 4687 1938 4740 ἀπονεῖ-

360 4801 460 4854 μαι
487 4783 584 4853 τὴν
610 4782 989 4854 προσηγορίαν
1016 4783 1246 4851 ταύτην,
1282 4781 1376 4834 καὶ
1409 4781 1471 4832 τὸ
1497 4774 1638 4833 εἶναι
1691 4780 1939 4849 ἑρμηνέα

358 4876 450 4929 καὶ
483 4875 822 4946 κληρονόμον
853 4875 953 4944 τῆς
1001 4874 1237 4936 πίστεως
1270 4873 1362 4926 τοῦ
1395 4858 1626 4942 Πέτρόυ,
1657 4871 1775 4925 ἀλλ’
1802 4871 1834 4943 ἢ
1863 4873 1938 4936 ὼς

354 4967 612 5036 τηνικάδε
649 4968 807 5036 πάπᾳ
840 4974 855 4998 θ
889 4968 938 5019 εἰ
967 4967 1022 5020 δὲ
1051 4967 1126 5028 ὼς
1157 4967 1334 5037 πὰπᾳ,
1357 4966 1588 5029 ἕκαστος
1609 4966 1717 5036 ἄρα
1750 4965 1937 5027 πάπας

356 5062 422 5113 ἐκ
449 5059 654 5128 πλάνης
675 5059 936 5132 ἄτρωτος,
971 5062 1070 5116 καὶ
1098 5059 1276 5129 φύλαξ
1307 5060 1404 5129 τῆς
1437 5059 1694 5120 πίστεως,
1731 5057 1828 5110 καὶ
1869 5060 1938 5110 τὰ

356 5137 525 5206 λοιπά
580 5155 638 5206 Et
663 5155 718 5206 δὲ
741 5154 971 5217 ἕκαστος
990 5154 1236 5223 ἄτρωτος
1262 5155 1337 5218 ὼς
1363 5151 1536 5221 φύλαξ
1563 5153 1656 5206 καὶ
1680 5151 1937 5222 κληρονό-

360 5266 485 5315 μος,
512 5247 572 5300 τὺ
591 5247 837 5314 ἄτρωτος
855 5247 1111 5314 ἐμφαίνει
1133 5247 1193 5298 τὸ
1215 5245 1480 5301 ἀδύνατον
1510 5247 1606 5316 τῆς
1631 5247 1888 5316 τρώσεως
1919 5259 1932 5274 ·

356 5341 533 5402 ἄλλως
563 5340 672 5410 γὰρ
706 5338 772 5393 ἂν
803 5339 920 5402 ἐνὸς
953 5339 1111 5394 πάπα
1140 5337 1440 5410 τρωθέντος
1485 5325 1720 5391 ἐπαίετο
1777 5337 1871 5389 καὶ
1902 5337 1937 5405 ἡ

358 5433 579 5503 φυλακὴ
600 5433 695 5485 καὶ
724 5433 757 5502 ή
786 5431 1124 5502 κληρονομία
1151 5431 1252 5500 τῆς
1287 5432 1522 5490 πίστεως
1552 5429 1648 5482 τοῦ
1704 5430 1931 5498 Πέτρου.

357 5525 586 5581 ιιοιοῦσι
617 5526 672 5578 δὲ
699 5523 858 5578 τοῦτο
888 5523 1193 5593 κατάδηλον
1225 5525 1277 5576 oi
1326 5523 1424 5592 τῆς
1490 5523 1657 5590 ἕκτης
1712 5521 1933 5574 συνόδου

358 5619 600 5687 Πατέρες
633 5618 690 5669 ὲν
750 5617 829 5686 τῷ
884 5613 1324 5686 προσφωνητικῷ
1370 5615 1505 5684 πρὸς
1567 5614 1658 5668 τὸν
1711 5615 1936 5684 βασιλέα

347 5711 788 5763 ,ιέωνσ-ταντῖνον.
825 5708 994 5761 Ἔνθα
1022 5707 1248 5776 καθαρῷ
1295 5708 1525 5774 ὄμματι,
1562 5707 1654 5759 καὶ
1708 5707 1935 5776 μηδενὸς

362 5799 599 5870 ύποΰολῇ
633 5799 703 5852 τὰ
733 5801 859 5869 περὶ
891 5799 983 5852 τὸν
1024 5800 1215 5853 πάπαν
1277 5799 1623 5861 σκοποῦντες,
1679 5798 1773 5850 καὶ
1816 5799 1931 5868 τὴν,

360 5897 644 5964 ἄτρωτος,
677 5893 818 5959 λέξιν
849 5893 1012 5948 elevet
1047 5892 1498 5963 παραίρράζοθτες
1539 5891 1744 5961 ἔφασαν
1811 5893 1934 5960 περὶ

2045 4690 2220 4744 simtts
2246 4699 2434 4746 sextus
2464 4691 2567 4744 fuit
2599 4706 2628 4745 a
2665 4693 2826 4746 Petro
2857 4691 3044 4747 Batnae
3067 4693 3380 4762 episc0pns,
3411 4695 3628 4762 privato

2043 4782 2280 4850 quodam
2306 4782 2465 4849 jure,
2503 4780 2647 4834 sicut
2679 4782 2844 4835 etiam
2877 4797 2999 4837 esse
3031 4777 3388 4853 interpretem
3422 4793 3477 4838 ct
3509 4785 3625 4838 ha:-

2044 4871 2230 4925 redem
2281 4871 2404 4926 ﬁdei
2447 4873 2628 4927 Petri:
2667 4872 2761 4927 sed
2802 4889 2869 4928 eo
2905 4875 3148 4940 nomine,
3191 4877 3319 4946 quia
3359 4893 3498 4946 papa
3533 4878 3623 4931 illo

2046 4973 2178 5017 tunc
2215 4974 2353 5018 erat.
2401 4963 2558 5029 Quod
2609 4964 2653 5018 si
2701 4965 2853 5022 dedit
2897 4977 2957 5020 ut
3000 4983 3177 5037 νίψω,
3215 4968 3447 5038 quisque
3490 4986 3622 5040 ergo

2044 5071 2180 5126 papa
2231 5056 2610 5110 insauciahilis
2650 5073 2838 5113 errore
2885 5066 2972 5112 est
3011 5070 3067 5114 et
3104 5059 3228 5112 tidei
3267 5071 3473 5122 custos.
3509 5073 3618 5117 etc.

2045 5147 2100 5202 Si
2136 5165 2266 5218 ergo
2299 5149 2414 5202 haec
2447 5149 2744 5219 unicuique
2776 5165 2927 5220 papae
2956 5153 3314 5214 conveniunt,
3347 5151 3623 5207 insancia-

2047 5242 2211 5296 bilem
2263 5241 2509 5312 synodus
2558 5241 2718 5305 dixit,
2760 5258 2867 5294 non
2923 5242 3322 5309 insauciatum;
3363 5244 3618 5314 ‘aiioqnin

2043 5350 2155 5389 uno
2192 5350 2330 5404 papa
2365 5333 2636 5412 saucialo,
2665 5341 2844 5388 cessat
2872 5343 2923 5386 et
2955 5318 3204 5388 custodia
3233 5345 3286 5390 el
3324 5337 3618 5393 lnereditas

2043 5427 2167 5482 ﬁdei
2207 5426 2374 5480 Petri.
2411 5425 2639 5479 Planum
2683 5424 2788 5479 hoc
2834 5425 3043 5479 faciunt
3083 5436 3250 5482 serue
3284 5429 3476 5498 synodi
3513 5431 3628 5501 Pa-_

2043 5530 2154 5574 tres
2186 5521 2240 5573 in
2280 5516 2715 5586 Prospbonetico
2751 5515 2818 5570 ad
2853 5516 3277 5594 Constantinum
3315 5521 3616 5590 imperatu—-

2043 5627 2155 5668 rem
2209 5609 2429 5680 quando
2483 5608 2703 5662 sincero
2750 5609 2932 5676 oculo,
2975 5619 3030 5664 et
3085 5612 3234 5665 nulla
3289 5613 3615 5682 cujusquam

2043 5707 2396 5774 suggestione
2443 5713 2647 5757 statum
2705 5717 2858 5771 papa:
2911 5704 3347 5769 considerantes,
3383 5715 3436 5758 ct
3473 5723 3615 5778 quo-

2043 5796 2338 5852 dammodo
2389 5810 2576 5849 vorem
2631 5794 2995 5848 iusaucinbilia
3052 5796 3462 5864 paraphrastice
3513 5817 3615 5854 cx-

2043 5899 2336 5960 pencntcs,
2367 5888 2432 5944 de
2463 5889 2692 5942 Damaso
2725 5903 2863 5960 papa
2891 5887 3109 5943 aiebant
3144 5904 3157 5942 :
3194 5905 3212 5940 t
3253 5887 3318 5943 Et
3351 5888 3618 5950 Damasus

3695 537 3713 654 l

3701 662 3710 704 l

3705 709 3713 736 1
