4088 6294
532 379 639 492 τῖε

1679 425 1734 483 Μ
1746 423 1936 483 ΛΤῙἮ
1954 422 2045 482 :EI
2080 423 2100 482 (

2203 421 2618 483 \YOPIIYLLI
3633 423 3722 493 756

533 539 655 596 lidei
704 539 946 602 adamas,
1007 537 1163 606 cujus
1210 533 1384 592 solida
1447 548 1601 590 mens
1652 531 2094 604 aggressionibus

2203 533 2454 604 Δαμάσου
2477 531 2572 584 τοῦ
2609 530 2767 585 πάπα
2800 545 2814 563 °
2851 548 2872 584 ι
2909 531 3018 586 Καὶ
3058 529 3309 600 Δάμασος
3343 531 3372 585 6
3400 529 3597 602 ἀδάμας
3645 539 3724 608 τῆς

530 646 694 704 atque
723 631 1068 687 conﬂictibus
1103 631 1294 685 alienae
1323 643 1353 684 a
1388 627 1492 682 [ide
1526 626 1809 698 opinionis
1835 641 1946 682 non
1977 635 2096 682 erat

2203 625 2453 690 πίστεως,
2487 625 2516 678 6
2537 625 2656 687 ταῖς
2682 623 3007 692 ἕτεροδόξοις
3035 622 3363 692 προσϐολαῖς
3390 641 3446 677 τε
3477 625 3559 680 καὶ
3586 643 3725 698 προσ-

529 725 906 782 vulnerabilis.
945 741 965 776 ι

601 901 758 968 Quod
791 902 937 963 enim
965 899 1150 956 Graece
1182 899 1392 966 dicunt,
1423 899 1622 954 vulnus
1651 912 1758 953 non
1791 898 2092 968 excipiens,

530 993 763 1062 perinde
818 1001 904 1048 est
955 1003 1121 1063 atque
1177 991 1636 1056 invulnerabilisi
1677 991 1952 1062 quomodo
1998 991 2092 1061 qui

530 1085 717 1139 Crmee
747 1085 1068 1152 loquuntur,
1106 1084 1320 1149 dicunt,
1349 1085 1664 1154 apparentia
1696 1093 1751 1138 et
1784 1098 1893 1137 non
1927 1095 2092 1154 appa-

529 1177 732 1244 rentia,
765 1178 815 1232 id
851 1185 936 1232 est
976 1194 1240 1248 apparere
1271 1194 1381 1233 non
1414 1179 1674 1233 valentia.
1711 1178 1778 1232 Et
1809 1177 1877 1231 de
1912 1190 2092 1232 sacro-

521 1274 715 1326 .sancta
769 1265 1113 1322 Eucharistia
1148 1283 1164 1322 :
1203 1266 1306 1332 Qui
1357 1265 1687 1332 comeditur,
1726 1274 1782 1320 et
1835 1279 1946 1318 non
1998 1262 2094 1318 ab—

526 1357 782 1424 sumitur,
821 1357 875 1412 id
908 1365 994 1412 cst
1026 1358 1118 1427 qni
1153 1357 1365 1412 absumi
1402 1372 1510 1410 non
1547 1364 1746 1425 potest.
1784 1355 1901 1421 Quo
1933 1366 2092 1423 pacto

527 1449 766 1504 dicimus
795 1449 960 1502 etiam
991 1449 1160 1504 solem
1195 1463 1302 1502 non
1335 1446 1825 1511 tenebrescentem,
1853 1453 1909 1500 et
1937 1454 2090 1500 tene-

525 1541 652 1594 bras
679 1555 788 1594 non
817 1540 1180 1606 lucescentes,
1211 1548 1267 1594 et
1301 1539 1356 1593 in
1389 1538 1616 1607 epistola
1653 1537 1716 1591 ad
1754 1537 2090 1606 Agathonem

525 1643 718 1698 papam
753 1629 913 1683 iidem
951 1631 1139 1692 Patres
1170 1645 1184 1683 :
1213 1648 1233 1681 ι
1270 1629 1448 1696 Quare
1479 1638 1536 1684 et
1564 1643 1664 1683 nos
1701 1629 1794 1683 tibi
1823 1637 1881 1682 ut
1916 1627 2092 1697 primo

529 1718 795 1774 universae
827 1719 1083 1776 Ecclesia:
1112 1719 1346 1774 antistiti
1377 1707 1507 1789 quid
1541 1719 1611 1772 sit
1640 1717 1909 1788 agendum
1941 1732 2090 1772 com-

525 1809 816 1877 mittimus,
849 1811 1018 1865 stanti
1046 1825 1211 1880 super
1241 1810 1448 1864 ﬁrmam
1485 1809 1614 1863 lidei
1655 1815 1890 1876 petram.
1927 1824 1945 1857 ι
1981 1805 2092 1862 Hoc

526 1917 696 1956 unum
731 1903 934 1972 quippe
960 1877 1154 1958 volunt
1199 1903 1407 1968 Patres,
1437 1915 1656 1971 papam,
1687 1899 1815 1970 quia
1865 1914 2092 1955 summa
2125 1877 2167 1936 Β

526 1993 671 2048 sedis
718 1995 1008 2062 episcopus
1047 2005 1148 2060 est,
1183 2003 1332 2048 stare
1371 2007 1538 2062 super
1579 1991 1790 2046 firmam
1837 1991 1960 2047 ﬁdei
1999 2007 2092 2062 pe-

525 2093 690 2140 tram.
731 2083 790 2140 Si
824 2100 954 2156 ergo
987 2101 1126 2155 papa
1155 2085 1262 2139 hoc
1287 2084 1452 2140 habet
1491 2093 1552 2139 ut
1587 2084 1777 2154 primae
1805 2083 1952 2138 sedis
1977 2083 2094 2154 epi-

527 2190 748 2246 scopus,
785 2187 933 2232 certe
971 2176 1152 2232 omnis
1199 2191 1336 2248 papa
1385 2176 1490 2232 hoc
1535 2175 1720 2230 habet.
1763 2174 1857 2230 His
1897 2183 2091 2230 testem

528 2283 588 2323 se
617 2269 711 2322 dat
743 2269 1044 2339 imperator
1073 2267 1468 2326 Constantinus
1501 2269 1812 2340 Pogonatus
1845 2269 1900 2323 in
1937 2282 2096 2323 sacro

531 2359 799 2429 rescripto
833 2360 900 2414 ad
933 2359 1173 2416 Leonem
1212 2375 1406 2432 papam
1435 2379 1451 2417 :
1497 2379 1516 2413 ι
1555 2361 1624 2418 Et
1665 2360 1858 2432 gloria,
1891 2359 2090 2431 inquit,

530 2453 766 2522 gloriosa
800 2451 1026 2508 facienti
1053 2451 1187 2518 Deo,
1215 2445 1308 2523 qui
1343 2453 1504 2508 ﬁdem
1536 2453 1680 2523 apud
1715 2469 1812 2509 vos
1842 2453 2096 2522 indepra-

531 2555 710 2599 vatam
740 2549 1108 2602 conservavit.
1140 2545 1434 2614 Quomodo
1458 2545 1606 2602 enim
1635 2545 1688 2600 id
1715 2545 1958 2601 facturus
1983 2561 2094 2600 non

528 2646 646 2691 erat
685 2638 744 2692 in
765 2651 832 2692 ea
874 2645 1046 2705 petra,
1075 2652 1239 2708 super
1269 2653 1430 2708 quam
1477 2637 1594 2708 ipse
1622 2636 1873 2698 fundavit
1904 2637 2095 2692 Eccle-

531 2729 709 2794 siam;
749 2737 806 2784 et
846 2730 1020 2798 portis
1053 2729 1236 2796 inferi,
1268 2730 1373 2784 hoc
1395 2737 1480 2784 est
1509 2729 1922 2796 htereticornm,
1957 2729 2094 2783 insi-

530 2819 658 2882 diis.
682 2833 962 2888 nunquam
991 2820 1400 2874 suecubituram
1427 2819 1722 2890 praedixit?
1745 2833 1812 2874 ex
1841 2835 1946 2889 qua
1978 2827 2095 2872 tan-

531 2928 694 2982 quam
721 2927 750 2968 e
775 2912 1040 2968 caelorum
1064 2912 1320 2968 convexis
1349 2907 1560 2968 eﬂ‘ulsit
1581 2927 1763 2967 sermo
1791 2925 1936 2966 verre
1965 2926 2098 2966 con-

531 3005 810 3070 fessionis,
843 3013 898 3060 et
937 3005 1142 3062 Christi
1187 3004 1489 3058 amantium
1527 3003 1738 3058 animas
1780 3003 2096 3068 illustravit,

532 3103 589 3151 et
618 3095 978 3151 orthodoxam
1015 3095 1182 3150 [idem
1207 3109 1328 3165 quae
1368 3093 1660 3150 refrixerat
1688 3093 2036 3149 refocillavit.
2073 3110 2094 3144 ι

603 3281 816 3348 Quibus
842 3299 908 3337 ex
933 3282 1118 3338 verbis
1154 3283 1264 3338 duo
1279 3283 1450 3338 habes
1486 3299 1499 3336 ι
1537 3281 1776 3352 primum
1797 3280 2096 3335 Romanam

535 3374 720 3428 sedem
750 3381 975 3444 propter
1001 3372 1344 3427 fundatorem
1375 3371 1794 3426 Christunrnon
1825 3369 2098 3424 substerni

537 3465 812 3520 machinis
851 3465 1256 3531 haereticorum,
1289 3465 1434 3534 quod
1479 3463 1624 3518 idem
1661 3461 1802 3516 valet
1841 3475 1904 3515 ac
1937 3460 1980 3513 si
2013 3458 2101 3512 di-

535 3566 706 3622 ceret,
743 3573 852 3630 non
893 3571 1050 3627 posse
1095 3557 1396 3612 substerni.
1433 3555 1621 3612 Posito
1659 3553 1806 3609 enim
1848 3565 2102 3606 necessa-

539 3651 626 3705 rio
651 3651 1037 3714 antecedente,
1059 3651 1443 3706 necessitatem
1471 3648 1638 3702 habet
1661 3655 1717 3700 et
1738 3657 2101 3713 consequens.

538 3743 702 3812 Atqui
756 3742 1126 3797 necessarium
1167 3750 1250 3797 est
1286 3741 1489 3797 Christi
1529 3738 1937 3810 praedictionem
1983 3748 2102 3788 esse

537 3849 835 3888 veracem:
875 3847 1008 3904 ergo
1043 3831 1416 3888 necessarium
1463 3845 1684 3902 quoque
1729 3843 1798 3885 ex
1846 3825 2103 3897 supposi-

539 3928 688 3982 tione
717 3935 824 3994 est,
859 3927 1043 3982 sedem
1074 3927 1220 3982 Petri
1252 3941 1358 3980 non
1389 3939 1510 3980 esse
1545 3925 1613 3980 ab
1651 3921 1953 3978 haeresibus
2001 3918 2104 3974 do-

539 4022 818 4078 mahilem.
871 4020 1028 4088 Quod
1080 4021 1290 4076 ratione
1341 4016 1806 4100 aaquipollentium
1857 4029 1968 4068 non
2020 4017 2102 4066 est

540 4109 688 4169 aliud
717 4129 878 4184 quam
915 4112 1253 4182 impossibile
1281 4126 1401 4166 esse
1433 4125 1626 4180 papam
1664 4122 1852 4164 errare
1884 4108 1938 4160 in
1973 4104 2098 4159 ﬁde.

540 4210 786 4264 Alterum
818 4219 921 4272 est,
953 4208 1252 4262 Romanam
1289 4205 1474 4260 sedem
1507 4218 1650 4268 esse,
1688 4203 1755 4256 de
1787 4215 1894 4270 qua
1935 4201 2106 4266 impe-

541 4311 692 4356 rator
733 4301 825 4356 ille
866 4301 1108 4354 scribens
1143 4299 1208 4354 ad
1243 4299 1478 4353 Leonem
1508 4295 1575 4361 ll,
1603 4304 1726 4366 post
1765 4305 1972 4350 sextam
2014 4307 2104 4362 sy-

541 4391 784 4457 nodum,
841 4409 860 4442 σ
893 4389 1078 4446 Fidem
1133 4389 1312 4459 inquit
1361 4389 1415 4443 in
1460 4401 1525 4442 ea
1564 4392 1942 4446 conservatam
1981 4397 2104 4436 esse

2197 716 2460 788 αρρἀξεσι
2527 715 2628 786 τὴν
2696 715 2988 770 ἀντίτυπον
3049 715 3276 788 γνώμην
3349 717 3410 770 οὗ
3471 719 3726 789 τιτρωσκό⁴

2199 827 2382 880 μενος.
2412 827 2432 861 ι

2267 901 2342 962 To
2369 903 2476 970 γὰρ
2505 903 2564 956 οὐ
2595 903 3028 972 τιτρωσκόμενος
3065 903 3266 958 ταυτὸν
3287 903 3371 972 τῷ
3419 903 3492 974 μὴ
3523 904 3728 974 δυνάμε-

2195 1010 2283 1056 νος
2318 993 2589 1063 τρωθῆναι
2615 1009 2628 1024 ⁸
2660 993 2850 1068 ὥσπερ
2886 995 3064 1062 φαμὲν
3098 997 3164 1048 τὰ
3220 995 3517 1064 φαινόμενα
3561 998 3642 1048 καὶ
3667 997 3730 1066 μή

2196 1084 2518 1154 φαινόμενα,
2549 1086 2716 1154 ἤγουν
2747 1089 2823 1156 μὴ
2851 1087 3127 1156 δυνάμενα
3155 1087 3395 1156 φανῆναι
3433 1103 3449 1119 ·
3481 1088 3614 1142 καὶὸ
3651 1105 3734 1140 πε-

2198 1177 2251 1246 ρὶ
2281 1177 2382 1244 τῆς
2413 1177 2562 1241 θεξας
2615 1177 2834 1247 λέγεται
2890 1180 3198 1243 κοινωνίας,
3247 1181 3274 1232 6
3308 1179 3608 1248 ἐσθιόμενος
3651 1185 3731 1234 καὶ

2198 1266 2272 1337 μὴ
2295 1265 2703 1337 δαπανώμενος,
2731 1269 2898 1339 ἧγουν
2924 1269 3264 1322 δαπανᾶσθαι
3297 1267 3372 1339 μή
3425 1267 3694 1336 δυνάμενος
3716 1288 3729 1302 ο

2193 1358 2334 1414 οῦτω
2359 1361 2538 1431 φαμὲν
2573 1361 2668 1413 καὶ
2690 1359 2781 1413 τὸν
2807 1361 2956 1431 ἥλιον
2979 1363 3054 1430 μὴ
3081 1359 3484 1429 σκοτιζόμενον,
3514 1360 3600 1414 καὶ
3629 1361 3734 1414 uxri-

2193 1465 2284 1511 τος
2315 1449 2388 1520 μὴ
2417 1450 2786 1517 φωτιζόμενον
2822 1467 2836 1483 ·
2873 1451 2968 1504 καὶ
3000 1452 3057 1503 ὲν
3086 1453 3152 1521 τῇ
3185 1451 3322 1520 πρὸς
3351 1451 3624 1517 Ἀγάθωνα
3656 1451 3736 1502 τὸν

2195 1540 2426 1595 πάππαν
2450 1542 2706 1611 ἐπιστολῇ
2737 1541 2782 1594 οἱ
2807 1541 2962 1596 αὐτοὶ
2989 1544 3252 1614 Πατὲρες,
3279 1541 3466 1607 Ὅθεν,
3492 1541 3632 1610 φασὶ,
3655 1540 3736 1593 καὶ

2195 1635 2354 1704 ἡμεῖς
2385 1637 2458 1700 ὡς
2479 1638 2840 1708 πρωτοθρόνῳ
2869 1655 2952 1692 σοι
2973 1637 3072 1708 τῆς
3095 1636 3488 1706 οίκουμενικῆς
3529 1634 3735 1702 Ἐκκλη-

2197 1725 2317 1789 σίας
2341 1725 2402 1778 τὸ
2434 1729 2716 1798 πρακτέον
2769 1728 3210 1800 παρατιθέμεθα,
3239 1727 3332 1780 ἐπὶ
3383 1725 3483 1797 τήν
3535 1725 3742 1793 στερεὰν

2196 1817 2402 1886 πέτραν
2438 1818 2632 1871 ἑστῶτι
2671 1821 2768 1887 τῆς
2802 1820 3058 1882 πίστεως.
3095 1819 3158 1872 Τί
3197 1819 3303 1888 γὰρ
3335 1817 3468 1872 ἄλλο
3520 1817 3643 1885 φασὶ
3667 1815 3743 1868 διά

2195 1907 2401 1960 τούτων
2429 1909 2474 1960 oi
2507 1909 2763 1978 Πατέρες,
2796 1909 2826 1978 ἢ
2851 1909 2940 1964 διὰ
2971 1911 3032 1962 τὸ
3057 1905 3198 1962 εἶναι
3232 1910 3322 1962 τὸν
3350 1909 3581 1961 πάππαν
3615 1923 3744 1976 πρω-

2196 1999 2472 2068 τόθρονον.
2499 1999 2722 2052 ἑστάναι
2757 2003 2850 2052 καὶ
2878 2001 2973 2054 ἐπὶ
3001 2001 3098 2072 τὴν
3123 2001 3350 2071 στερεὰν
3402 1997 3603 2068 πέτραν
3656 1995 3743 2064 τῆς

2199 2095 2478 2158 πίστεως;
2515 2093 2574 2144 El
2597 2092 2640 2144 δ’
2671 2093 2783 2162 ἔχει
2819 2093 2976 2147 τοῦτο
3011 2093 3040 2146 6
3067 2093 3256 2156 πάπας
3368 2091 3746 2160 πρωτόθρονος.

2199 2183 2291 2238 καὶ
2334 2185 2440 2248 πᾶς
2469 2186 2578 2256 ἄρα
2609 2186 2860 2251 πάππας.
2895 2169 3290 2256 Συμμαρτυρεῖ
3335 2183 3548 2246 τούτοις
3597 2181 3680 2234 καὶ
3723 2183 3749 2234 ό

2199 2275 2450 2346 βασιλεὺς
2469 2280 2878 2342 Κωνσταντῖνος
2904 2279 2932 2331 6
2955 2278 3292 2347 Πωγωνὰτος
3318 2278 3375 2328 ἐν
3405 2278 3473 2345 τῇ
3508 2273 3750 2344 ἀντιγρά·

2198 2383 2283 2438 φφ
2318 2363 2502 2440 Σάκβᾳ
2549 2369 2685 2440 πρὸς
2712 2371 2918 2424 Λέοντα
2953 2369 3045 2424 τὸν
3080 2370 3312 2424 πάππαν
3358 2369 3504 2422 κατὰ
3547 2369 3642 2438 τὴν
3691 2369 3752 2432 ιη’

2197 2461 2296 2534 τῆς
2319 2461 2486 2532 ἕκτης
2521 2463 2739 2516 συνόδου
2772 2463 2994 2533 πρᾶξιν.
3029 2463 3086 2515 ἐν
3116 2457 3196 2522 οἷς
3253 2479 3421 2532 φησιν
3457 2478 3471 2493 ·
3510 2481 3527 2512 ‹
3559 2459 3661 2514 Καὶ
3681 2458 3754 2512 δό-

2199 2555 2266 2622 ξα
2289 2555 2364 2625 τῷ
2401 2555 2643 2609 ποιοῦντι
2669 2556 3030 2625 δεδοξασμένα
3059 2554 3202 2625 Θεῷ,
3244 2555 3320 2625 τῷ
3351 2555 3484 2623 παρ’
3509 2554 3632 2622 ὑμῖν
3671 2551 3752 2602 πί-

2201 2667 2318 2702 στιν
2379 2649 2856 2720 ἀπαρεγχείρητον
2923 2647 3274 2702 διασώσαντι.
3335 2649 3462 2709 Πῶς
3519 2647 3622 2716 γάρ
3667 2643 3758 2696 οὐκ

2200 2743 2444 2813 ἔμελλεν,
2469 2737 2594 2816 ὲνῇ
2635 2745 2815 2814 πέτρᾳ.
2865 2743 2966 2812 τὴν
3034 2741 3360 2811 Ἐκκλησίαν
3417 2739 3758 2807 ἑθεμελίωσε,

2201 2835 2293 2888 καὶ
2316 2835 2510 2898 πύλαις
2528 2835 2652 2906 ᾅδου
2679 2838 2796 2898 ταῖς
2826 2836 3125 2904 αἱρετικαῖς
3153 2834 3495 2903 ἐνεδρεύσεσι
3521 2833 3595 2903 μὴ
3618 2848 3758 2885 κατιο

2203 2925 2574 2996 σχυθήσεσθαι
2609 2925 3019 2996 προηγόρευσεν
3053 2942 3068 2990 ;
3096 2923 3156 2990 ἐξ
3184 2919 3250 2996 ἦς
3278 2924 3471 2996 ὥσπερ
3510 2925 3572 2988 ἐξ
3613 2924 3762 2990 οὐρα-

2203 3015 2327 3068 νίων
2347 3015 2551 3084 ἀψίδων
2573 3015 2668 3083 τῆς
2689 3013 2919 3084 ἀληθοῦς
2942 3013 3232 3082 ὁμολογίας
3254 3017 3280 3068 ὀ
3296 3013 3456 3082 λόγος
3480 3010 3760 3080 ἀνέλαμψε,

2203 3107 2294 3159 καὶ
2325 3105 2424 3167 τὰς
2470 3103 2646 3174 ψυχάς
2682 3104 2791 3156 τῶν
2809 3109 2818 3123 "
2844 3101 3208 3174 φιλοχρίστων
3253 3102 3512 3172 ἐφώτισε,
3544 3101 3635 3155 καὶ
3677 3097 3766 3168 τὴν

2125 3217 2172 3279 c
2201 3197 2510 3271 όρθοδοξίαν
2539 3198 2960 3268 κατεψυγμένην
2985 3196 3434 3267 ἀνεζωπύρησεν.
3470 3213 3491 3246 ι

2275 3293 2378 3345 Δύο
2409 3291 2556 3362 ἔχεις
2590 3291 2654 3344 ἐκ
2685 3289 2890 3343 τούτων
2912 3291 3023 3342 τῶν
3047 3290 3272 3356 λέξεων,
3323 3289 3516 3354 Νεῖλε,
3547 3287 3632 3340 ὅτι
3659 3301 3713 3336 τε
3739 3283 3764 3334 6

2211 3383 2433 3453 Ῥώμης
2465 3381 2652 3452 θρόνος
2676 3381 2765 3434 διὰ
2795 3381 2888 3434 τὸν
2919 3379 3331 3450 θεμελιώσαντα
3365 3379 3608 3450 Χριστὸν
3629 3377 3768 3444 αἶρε·

2211 3479 2394 3540 τικαῖς
2420 3476 2876 3546 ἐνεδρεύσεσινοῦ
2939 3473 3404 3542 καταδαμάζεται,
3450 3474 3588 3540 ὅπερ
3653 3485 3772 3521 ταιν-

2207 3572 2302 3624 τδν
2331 3567 2590 3640 ἄντικρύς
2607 3571 2722 3622 ἐστι
2753 3566 2830 3637 τῷ
2863 3567 2936 3637 μὴ
2970 3566 3230 3620 δύνασθαι
3259 3563 3764 3635 καταδαμασθῆναι⁸

2172 3711 2186 3732 ε
2204 3662 2506 3729 ἀναγκαίου
2544 3665 2652 3731 γὰρ
2678 3661 2829 3720 ὄντος
2859 3659 2953 3712 τοῦ
2987 3660 3436 3728 προηγουμένου,
3463 3653 3768 3724 ἀναγκαίοις

2206 3753 2317 3824 ἔχει
2349 3755 2440 3806 καὶ
2469 3753 2527 3806 τὸ
2549 3753 2837 3821 ἑπόμενον.
2868 3751 3030 3804 Ἀλλά
3060 3751 3168 3823 μὴν
3199 3753 3504 3820 ἀναγκαῖον
3549 3745 3772 3817 ἀληθεύ-

2208 3863 2291 3899 ειν
2322 3847 2421 3915 τὴν
2457 3846 2859 3916 προαγόρευσιν
2893 3843 2986 3896 τοῦ
3017 3843 3276 3913 Χριστοῦ·
3331 3843 3639 3912 ἀναγκαῖον
3671 3839 3772 3905 ἄρα

2205 3939 2264 4005 ἐξ
2295 3939 2609 4000 ὑποθέσεως
2641 3937 2736 3991 καὶ
2761 3936 2822 3988 τι
2847 3935 3227 4005 ἀκατάϐλητον
3281 3930 3424 3988 εἶναι
3483 3937 3607 3995 ταῖς
3636 3929 3774 3998 αίρέ-

2207 4045 2326 4080 σεσι
2357 4027 2449 4080 τὸν
2477 4027 2687 4096 Πέτρου
2725 4027 2944 4097 θρόνον.
2969 4026 3142 4079 Τοῦτο
3171 4025 3228 4078 δὲ
3262 4024 3404 4078 κατὰ
3431 4023 3535 4094 τὴν
3565 4017 3776 4075 ἀκολού-

2205 4116 2360 4185 θησιν
2383 4115 2492 4168 τῶν
2524 4117 2838 4184 προτάσεων
2869 4115 3068 4168 ταυτὸν
3095 4115 3171 4185 τῷ
3197 4114 3462 4166 ἀδύνατον
3513 4113 3608 4167 τὸν
3638 4111 3776 4164 παπ·

2206 4223 2314 4258 παν
2347 4207 2602 4259 ἐκπεσεῖν
2630 4207 2742 4258 τῶν
2794 4205 2973 4275 ὀρθῶν
3019 4205 3328 4274 δογμάτων.
3381 4203 3580 4276 Ἔχεις
3602 4203 3658 4256 δὲ
3689 4199 3777 4254 καὶ

2205 4301 2288 4352 ὃτι
2313 4301 2342 4352 6
2387 4299 2607 4370 Ῥώμης
2637 4299 2824 4369 θρόνος
2853 4301 3026 4364 ἐστὶν,
3063 4301 3122 4352 ὲν
3149 4294 3192 4365 ᾧ
3221 4315 3390 4369 φησιν
3442 4300 3474 4352 ὁ
3531 4293 3778 4368 βασιλεὺς

2205 4393 2435 4458 ἐκεῖνος,
2463 4392 2694 4462 γράφων
2725 4391 2804 4462 τῷ
2828 4390 3070 4462 δευτέρῳ
3090 4391 3281 4444 Λέοντι
3313 4392 3453 4460 μετά
3483 4390 3588 4460 τὴν
3619 4389 3781 4454 ’ἐκτην

543 4481 978 4550 indepravatam.
1009 4499 1026 4532 ι
1063 4481 1194 4535 Erat
1239 4489 1418 4534 autem
1461 4480 1506 4533 is
1538 4477 1648 4532 Leo
1681 4476 2008 4531 undecimus
2037 4475 2100 4528 ah

2209 4483 2446 4550 σύνοδον,
2485 4485 2590 4537 ὑπὸ
2615 4482 2752 4537 Θεοῦ
2799 4485 2907 4555 τὴν
2931 4485 3118 4538 πίστιν
3150 4483 3639 4552 ἀπαρεγχείρητον
3667 4481 3776 4532 δια-

544 4571 809 4634 Honorio,
835 4585 996 4640 quem
1023 4583 1120 4624 vos
1151 4570 1469 4626 lnereticum
1501 4567 1912 4624 Monothelitam
1937 4567 2106 4622 exsti-
2137 4553 2183 4612 Ῑ)
2212 4577 2469 4646 σωθῆναι,
2495 4571 2608 4630 Ἦν
2641 4577 2696 4629 δὲ
2726 4553 2878 4630 Aemo
2907 4579 2935 4630 ὁ
2970 4577 3222 4646 δεύτερος
3249 4575 3542 4638 ἑνδέκατος
3600 4573 3782 4632 ﬁam;

545 4665 677 4722 tisse
704 4661 1136 4719 calumniamini.
1168 4661 1316 4718 Dicis
1337 4662 1483 4716 enim
1515 4675 1530 4710 :

1065 4861 1267 4920 NILUS
1316 4863 1470 4932 (Cap.
1507 4861 1597 4928 ν).

625 5003 643 5036 ι
677 4981 742 5037 Ει
763 4979 1042 5034 Honorius
1073 4977 1366 5048 episcopus
1395 4976 1676 5029 Romanus
1717 4989 1748 5027 a
1783 4975 1950 5028 rectis
1973 4972 2110 5042 dog-

547 5075 789 5131 matibus
823 5071 1128 5138 aberravit,
1161 5077 1217 5126 et
1257 5086 1288 5126 a
1337 5077 1526 5125 sancta
1565 5065 1907 5122 (ecumcnica
1961 5075 2110 5119 sexta

543 5169 754 5241 synodo
785 5169 1072 5224 damnatus
1101 5178 1206 5222 est.
1246 5183 1268 5216 ι

1087 5275 1551 5334 CONFUTATIO.

619 5399 676 5456 Si
705 5395 982 5453 Honorius
1021 5393 1126 5449 fuit
1159 5393 1474 5456 haereticus,
1509 5389 1786 5460 quomodo
1815 5399 1938 5458 post
1963 5389 2116 5443 illum

547 5493 829 5552 scribebat
877 5491 1179 5559 imperator
1222 5484 1618 5542 Constantinus
1643 5500 1670 5556 ε,
1707 5501 1724 5534 ι
1763 5483 1876 5537 Deo
1917 5481 2114 5551 gloria,

549 5589 642 5655 qui
709 5585 870 5640 ﬁdem
925 5583 980 5637 in
1035 5580 1166 5635 sede
1209 5579 1358 5634 Petri
1402 5575 1748 5632 conservavit
1795 5575 2117 5642 indeprava-

553 5676 708 5733 ιιιιηῖ
748 5695 765 5728 ι
797 5673 984 5745 Neque
1013 5673 1160 5729 enim
1215 5671 1346 5726 licet
1383 5669 1450 5723 ad
1493 5669 1601 5724 hoc
1633 5669 1848 5731 dicere,
1887 5667 2122 5736 impera-

553 5781 727 5824 torem
757 5772 926 5827 fuisse
960 5770 1206 5824 locutum
1239 5767 1306 5822 de
1364 5765 1546 5820 Leone
1583 5763 1648 5830 ll,
1683 5775 1816 5819 tunc
1856 5763 2120 5832 temporis

557 5861 834 5930 pontiﬁce.
862 5862 996 5918 Nam
1025 5861 1188 5917 infert
1219 5860 1330 5927 ille,
1357 5867 1412 5915 et
1451 5859 1526 5912 ait
1557 5877 1566 5912 :
1608 5879 1622 5910 ι
1655 5856 1942 5925 Quomodo
1971 5858 2116 5916 enim

2213 4670 2320 4722 ἀπὸ
2362 4667 2650 4739 Ὀνωρίου,
2683 4667 2743 4722 ὃν
2767 4669 2930 4741 ὑμεῖς
2979 4669 3056 4732 ώς
3086 4667 3366 4738 αἱρετικὸν
3407 4665 3784 4734 μονοθελήτην

2215 4765 2626 4830 συκοφαντεῖτε.
2659 4761 2854 4830 Λέγεις
2889 4761 3002 4832 γάρ
3032 4777 3048 4793 ο

2879 4877 3148 4933 ΝΕῙΛΟΣ.

2287 4993 2394 5044 Καὶ
2427 4991 2684 5059 Ὀνώριος
2717 4991 2793 5056 δὲ,
2833 4991 3050 5062 Ῥώμης
3084 4992 3386 5054 ἐπίσκοπος
3419 4991 3522 5056 ὢν,
3557 4993 3670 5044 τῶν
3701 4991 3765 5060 ὀρ

2217 5083 2325 5136 θῶν
2378 5099 2439 5136 τε
2495 5081 2653 5152 ἐξέϐη
2711 5083 3022 5151 δογμάτων,
3119 5086 3215 5136 καὶ
3262 5083 3418 5154 παρά
3470 5087 3574 5154 τῆς
3632 5083 3788 5150 ἁγίας

2217 5175 2312 5226 καὶ
2359 5173 2744 5244 οἰκουμενικῆς
2791 5173 2958 5240 ἕκτης
2984 5173 3208 5228 συνόδου
3239 5176 3723 5245 ἀποκεκήρυκται.

2789 5253 3234 5342 ᾹΝΤιΡιιιιΣιΣ.

2291 5401 2463 5469 Είπερ
2493 5399 2750 5468 Ὀιίώριος
2777 5396 2844 5467 ἦν
2870 5399 3170 5470 αἱρετικδς,
3201 5401 3316 5463 πῶς
3364 5399 3458 5454 οὖν
3495 5402 3642 5470 μετὰ
3673 5399 3791 5453 ταῦ-

2220 5511 2287 5546 τα
2319 5493 2612 5561 ἔγραφε-ιδ
2645 5492 2898 5560 βασιλεὺς
2957 5495 3392 5554 Κωνσταντίνος·
3457 5511 3478 5544 ι
3521 5493 3668 5558 Δόξα
3721 5489 3790 5558 τῷ

2221 5585 2363 5652 Θεῷ,
2392 5585 2470 5650 τῷ
2495 5584 2826 5638 διασώσαντι
2858 5585 2959 5654 τὴν
2987 5585 3172 5638 πίστιν
3225 5589 3283 5638 ὲν
3315 5585 3389 5656 τῷ
3456 5585 3642 5654 θρόνῳ
3698 5581 3790 5634 τοῦ
3861 5583 3866 5590 ’

2223 5679 2429 5745 Hirpos
2457 5677 2934 5747 ἀπαρεγχείρητον
2965 5693 2981 5743 ;
3021 5697 3038 5730 ι
3077 5679 3154 5731 Οὐ
3183 5678 3290 5746 γὰρ
3314 5679 3423 5730 ἔστι
3463 5678 3610 5746 πρὸς
3642 5675 3791 5728 τοῦτο

2223 5771 2418 5832 εἰπεῖν,
2441 5771 2522 5820 ὅτι
2549 5769 2678 5838 περὶ
2707 5769 2803 5823 τοῦ
2830 5771 2981 5836 ὄντος
3005 5769 3124 5822 τότε
3179 5771 3378 5823 πάππα
3410 5769 3654 5832 Λέοντος
3703 5767 3791 5819 τοῦ

2223 5859 2470 5931 δ;υτὲρου
2503 5863 2742 5932 ἔγραφεν
2765 5863 2792 5915 ὁ
2811 5861 3082 5933 βασιλεύς·
3109 5863 3360 5932 ἐπιεέρει
3385 5858 3680 5929 γὰραύτὸς
3703 5857 3794 5912 καὶ
