4088 6294
390 383 492 444 757

1680 384 2118 445 REFUTATIO
2158 385 2342 445 NILI.

3528 378 3632 434 758

390 499 559 565 λέγει’
595 497 720 561 Πῶς
742 497 848 567 γὰρ
869 497 967 548 οὐκ
1001 496 1252 567 ἔμελλεν,
1314 498 1372 549 ἐν
1477 499 1647 569 πέτρᾳ
1676 498 1774 568 τὴν
1841 501 1964 551 Ἐκ-

2088 499 2119 552 d
2151 499 2394 554 facturus
2420 513 2528 553 non
2560 505 2678 552 erat
2713 511 2765 550 In
2804 505 2866 551 ea
2895 503 3042 564 petra
3067 533 3080 558 ,
3112 506 3278 556 super
3331 505 3491 558 quam
3519 489 3636 556 ipse

392 588 628 659 κλησίαν
655 587 1056 658 ἑθεμελίωσεν;
1098 588 1159 640 Ei
1188 588 1319 658 γοῦν
1360 591 1394 656 ἡ
1440 590 1591 642 αἰτία
1631 590 1722 642 τοῦ
1776 591 1960 659 ἀπαρ-

394 677 722 748 εγχείρητον
766 674 909 734 εἶναι
941 679 1041 748 τὴν
1073 680 1260 734 πίστιν
1289 680 1520 744 Λέοντος
1572 682 1666 734 τοῦ
1709 681 1962 752 δευτέρου

393 762 577 834 ἐκείνη
603 765 777 828 ἐστὶν,
808 768 896 820 ὅτι
916 770 945 821 6
974 768 1194 837 Ῥώμης
1242 769 1431 838 θρόνος
1493 771 1735 840 πέφυκεν
1797 772 1841 841 η’
1871 772 1963 824 πέ-

396 875 522 928 τρα,
553 860 610 910 ἐν
701 862 729 912 6
753 859 885 921 Θεὸς
917 861 1014 928 τὴν
1045 861 1382 931 Ἐκκλησίαν
1420 861 1804 931 ὲθεμελίωσεν,
1846 862 1966 924 πῶς

402 952 563 1019 μόνου
590 953 684 1004 τοῦ
712 951 942 1015 Λέοντος
962 953 1062 1022 τὴν
1096 953 1278 1006 πίστιν
1303 955 1518 1007 ἐπαινεῖ
1550 955 1579 1008 6
1608 953 1862 1024 βασιλεὺς
1891 955 1966 1017 ὼς

399 1042 905 1112 ἀπαρεγχείρητονς
949 1043 1286 1114 Ἐπεχείρεις
1326 1045 1588 1114 ἀνωτέρω
1632 1045 1694 1097 ἐκ
1727 1045 1825 1114 τῆς
1869 1045 1966 1114 βα-

400 1132 617 1198 σιλικῆς
659 1132 1040 1186 Ἰουστινιανοῦ
1063 1133 1306 1202 Νεαρᾶς,
1344 1134 1520 1186 καίτοι
1554 1132 1773 1202 φαύλως
1826 1133 1969 1186 ἐκεί-

397 1239 494 1290 νην
546 1223 932 1292 ἐξηγούμενος·
959 1223 1104 1277 διατί
1138 1222 1213 1294 μὴ
1251 1225 1343 1277 καὶ
1374 1223 1560 1279 ἐκτῶν
1592 1224 1763 1287 ὄντως
1820 1224 1970 1294 βασι-

399 1314 568 1368 λικῶν
592 1313 686 1365 τοῦ
732 1313 1075 1382 Πωγωνάτου
1103 1314 1304 1380 λέξεων
1332 1317 1580 1386 ὴρανίσω
1628 1317 1728 1385 τὴν
1795 1317 1967 1386 ἀληθῆ

410 1408 530 1476 περὶ
578 1407 836 1478 Ὀνωρίου
867 1395 1024 1474 δόξαν
1052 1426 1067 1472 ;
1119 1408 1315 1477 Λέγεις
1357 1409 1622 1478 Ὀνωρίου
1656 1409 1765 1462 τῶν
1788 1409 1971 1477 ὀρθῶν

404 1499 628 1568 ἐκϐῆναι
659 1498 966 1568 δογμάτων,
998 1499 1094 1552 καὶ
1127 1500 1218 1552 διὰ
1254 1497 1418 1552 τοῦτο
1447 1501 1601 1569 παρὰ
1653 1500 1751 1568 τῆς
1805 1499 1972 1568 ἕκτης

403 1593 866 1663 ἀποκηρυχθῆναι
917 1593 1164 1647 συνόδου.
1248 1593 1454 1646 "emes
1510 1593 1771 1664 Ὀνὼριος
1825 1591 1972 1647 οὐδο-

403 1681 552 1736 τιοῦν
575 1682 682 1735 τῶν
713 1683 890 1753 ὀρθῶν
914 1683 1205 1754 δογμάτων
1237 1683 1425 1754 ἐξέϐη,
1479 1685 1691 1754 μάρτυς
1759 1686 1974 1754 πρῶτον

407 1779 508 1846 μὲν
533 1780 561 1830 ὁ
587 1776 760 1846 μέγας
790 1776 1132 1848 ὁμολογητῆς
1165 1778 1421 1846 Μάξιμος
1455 1780 1512 1829 ἐν
1548 1780 1614 1848 τῇ
1651 1779 1790 1848 πρδς
1828 1778 1973 1849 1]ύρ-

2071 588 2321 644 fundavit
2350 588 2699 661 Ecelesiam?
2749 586 2804 641 Si
2837 599 2970 652 ergo
3025 598 3189 636 causa
3233 596 3332 637 cur
3365 579 3566 633 Leonis
3594 578 3643 630 ΙΙ·

2073 680 2208 734 lides
2264 688 2588 736 conservata
2679 678 2844 732 fuerit
2899 675 3300 744 indepravata,
3358 671 3448 725 illa
3509 681 3638 732 est,

2070 773 2216 842 quod
2273 774 2517 826 Romana
2574 769 2733 825 sedes
2787 769 2858 823 sit
2911 778 3064 836 petra
3095 781 3260 833 super
3297 779 3459 832 quant
3494 762 3640 814 Deus

2073 865 2318 919 fundavit
2348 865 2672 927 Eeelesiam,
2705 879 2811 932 qua
2862 861 3075 915 ratione
3107 858 3212 912 dici
3248 865 3429 925 po‘test
3472 858 3642 924 impe-

2074 966 2222 1012 rator
2280 957 2448 1012 solius
2500 956 2703 1010 Leonis
2751 956 2912 1010 ﬁdem
2954 963 3014 1008 ut
3070 953 3476 1021 indepravatam
3527 950 3644 1002 Itur-

2073 1053 2244 1108 darc?
2275 1053 2554 1122 Arguebas
2574 1063 2629 1108 lu
2661 1068 2822 1122 supra
2851 1068 2916 1106 ex
2963 1049 3315 1119 imperatoris
3346 1045 3643 1102 Jusﬁniani

2076 1145 2311 1208 novella,
2343 1144 2473 1200 licet
2509 1144 2649 1198 male
2691 1144 2839 1198 illam
2887 1143 3194 1212 exciperes,
3223 1157 3324 1195 cur
3357 1140 3523 1195 etiam
3579 1155 3642 1191 rx

2077 1253 2205 1291 vere
2257 1235 2623 1306 imperatoriis
2674 1236 2936 1305 Pogonati
2987 1234 3172 1288 verbis
3219 1249 3324 1286 non
3378 1231 3645 1299 collegisti

2076 1343 2261 1382 veram
2301 1329 2369 1382 de
2401 1327 2648 1381 Honorio
2693 1325 3070 1382 sententiam?
3101 1324 3214 1387 Ais,
3253 1323 3558 1376 llonorium
3615 1337 3644 1372 ιι

2079 1419 2242 1474 rectis
2263 1419 2613 1489 dogmatibus
2656 1417 2944 1472 aberrasse
2975 1424 3031 1469 et
3078 1415 3244 1469 luisse
3298 1425 3588 1482 prOpterea
3617 1428 3648 1464 a

2076 1519 2226 1566 sexta
2248 1498 2456 1582 synOdo
2506 1510 2849 1564 damnatum.
2883 1507 3042 1577 Atqui
3089 1506 3392 1560 Honorium
3425 1520 3455 1558 a
3485 1505 3648 1558 rectis

2079 1602 2421 1672 dogmatibus
2451 1617 2560 1656 non
2587 1601 2890 1664 aberrasse,
2929 1599 3081 1654 testis
3108 1607 3192 1653 est
3223 1598 3402 1668 primo
3426 1598 3646 1666 quidem

2079 1694 2314 1748 eximius
2340 1693 2622 1749 confessor
2652 1692 2919 1747 Maximus
2956 1691 3009 1744 in
3046 1692 3272 1760 Dialogo
3289 1706 3412 1743 cum
3442 1690 3648 1760 Pyrrho

2081 1785 2362 1850 haeretieo,
2389 1784 2531 1840 sicut
2567 1785 2887 1838 adnotatum
2921 1797 2949 1835 a
2977 1781 3136 1836 nobis
3153 1780 3257 1835 fuit
3290 1781 3509 1836 actione
3530 1795 3645 1844 xm,

406 1870 498 1937 ρον
527 1869 618 1922 τὸν
647 1870 927 1937 αἱρετικὸν
955 1865 1218 1932 διαλέξει,
1252 1868 1397 1920 καθὰ
1430 1866 1495 1936 δὴ
1549 1869 1970 1938 ἐπεσημειωσά-

2088 1885 2239 1933 textae
2266 1877 2459 1948 synodi
2489 1877 2543 1932 in
2574 1876 2818 1932 editione
2848 1875 3097 1930 Romana
3144 1872 3518 1928 Concilierum
3550 1888 3648 1945 ge-

407 1958 548 2026 μεθα
581 1961 638 2011 ἐν
663 1962 730 2027 τῇ
765 1965 834 2027 ιγ’
869 1958 1066 2029 πράξει
1105 1958 1203 2028 τῆς
1257 1958 1424 2028 ἕκτης
1464 1958 1708 2012 συνόδου.
1758 1959 1897 2026 Φησὶ
1918 1957 1974 2009 δέ

404 2050 596 2112 αὐταῖς
623 2050 829 2116 λέξεσν

483 2159 504 2193 ι
551 2144 806 2210 Πύρῤος.
854 2143 920 2196 Τί
951 2142 1096 2212 ἔχεις
1131 2143 1262 2214 περὶ
1316 2142 1575 2212 Ὀνωρίου
1624 2142 1799 2195 εἰπεῖν
1838 2141 1975 2212 πρὸς

403 2232 496 2284 τὸν
527 2231 630 2303 πρὸ
659 2231 792 2301 ἐμοῦ
815 2232 1066 2302 φανερῶς
1097 2231 1157 2285 ἓν
1180 2231 1608 2300 δογματίσαντος
1639 2230 1852 2300 θέλημα
1882 2229 1977 2282 τοῦ

407 2321 616 2391 Κυρίου
655 2323 812 2391 ἡμῶν
847 2321 1026 2389 Ἰησοῦ
1062 2321 1342 2393 Χριστοῦ;
1375 2321 1662 2391 Μάξιμος.
1704 2321 1799 2386 Τίς
1823 2321 1975 2387 ,ἀξιό-

409 2431 599 2477 πιστος
621 2413 890 2486 ἐξηγητὴς
914 2415 1015 2482 τῆς
1032 2416 1286 2482 τοιαύτης
1310 2415 1648 2484 καθέστηκεν
1663 2413 1975 2484 ἐπιστολῆς;

409 2507 438 2557 6
488 2505 692 2576 ταύτην
747 2507 812 2558 ἐκ
884 2505 1178 2573 προσώπου
1241 2505 1503 2575 Ὀνωρίου
1551 2505 1838 2570 συντάξας,
1899 2505 1977 2556 ἔτι

413 2597 620 2666 περιὼν
649 2598 742 2652 καὶ
786 2598 925 2668 μετὰ
967 2598 1076 2650 τῶν
1117 2598 1292 2651 ἄλλων
1335 2597 1503 2651 αὑτοῦ
1534 2598 1716 2650 καλῶν
1745 2599 1838 2651 καὶ
1866 2599 1979 2660 τοῖς

408 2690 510 2758 τῆς
535 2688 815 2752 εὐσεϐείας
845 2689 1077 2758 δόγμασι
1123 2691 1306 2744 πᾶσαν
1351 2690 1449 2760 τὴν
1501 2690 1657 2744 δύσιν
1709 2707 1979 2758 καταφαι-

2088 2703 2248 2758 etiam
2277 2703 2629 2772 conspicuus,
2661 2705 2805 2774 quod
2866 2704 3087 2773 pietatis
3134 2702 3482 2771 dogmatibus
3534 2700 3655 2755 uui-

408 2781 631 2848 δρύνας,
665 2779 697 2850 ἢ
726 2780 774 2830 οί
823 2780 879 2832 ἐν
911 2781 1488 2833 Κωνσταντινουπόλει
1521 2780 1588 2834 τὰ
1616 2771 1724 2834 ἀπὸ
1751 2782 1979 2851 καρδίας

413 2870 704 2933 λαλοῦντες
731 2887 745 2935 ;
779 2871 1030 2938 Πύρῤος.
1057 2870 1118 2922 ’0
1144 2870 1347 2940 ταύτην
1370 2873 1658 2939 συντάξας.
1688 2873 1976 2942 Μάξιμος.

429 2963 487 3015 '0
516 2963 678 3024 αὐτος
704 2963 796 3015 οῦν
824 2963 958 3032 πρὸς
994 2965 1088 3018 τὸν
1127 2965 1280 3033 ἅγιον
1329 2965 1736 3019 Κωνσταντῖνον
1754 2964 1860 3017 ’τὸν
1889 2981 1982 3032 γε-

411 3057 639 3124 νόμενον
671 3055 897 3124 βασιλέα
945 3055 1009 3106 ἐκ
1058 3056 1348 3124 προσώπου
1383 3056 1546 3110 πάλιν
1584 3056 1834 3110 Ἰωάννου
1885 3055 1979 3110 τοῦ

416 3149 476 3197 ἐν
511 3147 686 3214 ἁγίοις
717 3147 874 3199 πάπα
900 3147 1031 3217 περὶ
1057 3149 1155 3218 τῆς
1185 3147 1475 3216 ἐπιστολῆς
1505 3149 1722 3218 ἐκείνης
1752 3149 1982 3219 γράφων

2083 1973 2373 2027 neralium.
2417 1971 2592 2028 Verba
2622 1971 2742 2042 ejus
2769 1969 2886 2025 ham
2913 1979 3042 2025 sunt
3067 1986 3082 2022 :

2157 2166 2176 2200 ι
2237 2146 2493 2220 Pyrrhus.
2525 2149 2666 2216 Quid
2699 2149 2867 2206 habes
2900 2149 2968 2204 de
3018 2149 3258 2204 llonorio
3314 2149 3517 2212 dicere,
3555 2148 3650 2216 qui

2086 2243 2150 2297 ad
2184 2243 2640 2312 prmdecessorein
2670 2258 2848 2296 meum
2889 2241 3140 2298 scribens
3170 2281 3184 2305 ,
3218 2257 3383 2296 unam
3437 2240 3648 2294 Domini

2086 2335 2255 2389 nostri
2273 2333 2400 2389 Jesu
2419 2333 2624 2389 Christi
2646 2333 2981 2388 voluntatem
3014 2343 3203 2403 aperte
3224 2331 3652 2401 dogmatizavit?

2087 2427 2376 2481 Maximus.
2424 2427 2561 2492 Quis
2619 2425 2724 2483 [ide
2772 2426 2972 2497 dignus
3023 2427 3294 2496 interpres
3341 2426 3447 2478 erit
3506 2425 3652 2477 illitis

2084 2520 2326 2589 epistola:
2345 2519 2368 2572 ?
2389 2518 2484 2588 qui
2513 2534 2632 2574 cam
2671 2535 2736 2574 ex
2787 2533 3024 2589 persona
3054 2518 3278 2572 llonorii
3321 2516 3651 2584 composuit.

2084 2621 2275 2681 estque
2334 2611 2515 2667 adhuc
2577 2622 2878 2680 superstes,
2928 2611 3073 2666 inter
3100 2611 3204 2664 alia
3238 2626 3334 2664 sua
3366 2609 3508 2663 bona
3551 2608 3658 2661 hoe

2085 2810 2305 2850 versum
2336 2795 2630 2850 illustravit
2677 2793 3054 2858 Occidentem,
3092 2810 3159 2848 an
3189 2793 3655 2861 Constantinopo-

2087 2887 2259 2952 litani,
2287 2904 2410 2958 qua:
2458 2887 2565 2942 sibi
2612 2894 2744 2942 sunt
2787 2885 2940 2940 cordi
2986 2885 3312 2956 loquentes?
3362 2883 3518 2954 Pyrr.
3549 2885 3654 2949 Qui

2087 2995 2206 3034 eam
2245 2979 2574 3049 composuit.
2625 2977 2777 3031 Max.
2812 2977 2908 3032 llle
2955 2976 3097 3030 idem
3132 2976 3300 3046 igitur
3346 2976 3412 3030 ad
3468 2975 3652 3028 divum

2087 3069 2502 3125 Constantinum
2553 3068 2829 3139 quondam
2875 3068 3259 3136 imperatorem
3318 3081 3534 3120 rursum
3586 3065 3673 3118 es’

2090 3177 2320 3232 persona
2350 3163 2526 3217 sancti
2561 3175 2712 3231 papae
2740 3159 2994 3222 Joannis,
3025 3158 3094 3213 de
3125 3158 3356 3226 epistola
3395 3158 3482 3210 illa
3517 3158 3645 3210 scri-

416 3235 544 3303 seu,
579 3238 658 3292 ότι
692 3256 710 3290 ι
761 3239 859 3291 Ἕν
912 3239 1124 3308 θέλημα
1157 3240 1368 3308 ἔφημεν
1403 3241 1496 3294 ἐπὶ
1536 3239 1632 3293 τοῦ
1663 3240 1892 3309 Κυρίου,
1923 3238 1981 3292 ού

2089 3251 2224 3306 bens
2253 3251 2368 3304 ait:
2417 3269 2434 3302 ι
2473 3229 2646 3306 Unam
2674 3249 2914 3304 diximus
2942 3250 3280 3302 voluntatem
3314 3252 3365 3301 iu
3400 3247 3650 3310 Domino,

417 3332 517 3401 τῆς
542 3329 797 3399 θεότητος
827 3330 989 3384 αὐτοῦ
1021 3335 1117 3386 καὶ
1144 3333 1238 3400 τῆς
1264 3330 1702 3402 ἀνθρωπότητος,
1727 3330 1863 3384 ἀλλὰ
1888 3331 1986 3400 μό-

419 3438 516 3488 νης
554 3422 651 3489 τῆς
683 3423 1117 3492 ἀνθρωπότητος.
1151 3423 1377 3492 Σεργίου
1415 3423 1523 3496 γὰρ
1554 3420 1886 3492 γράψαντος,
1912 3419 1986 3484 ὣς

418 3507 562 3578 τίνες
596 3516 688 3568 δύο
741 3517 1019 3586 θελήματα
1060 3515 1310 3584 λέγουσιν
1361 3516 1456 3569 ἐπὶ
1481 3515 1717 3585 Χριστοῦ
1745 3515 1986 3581 ἐναντία,

419 3594 865 3678 ἀντεγράψαμεν,
901 3608 983 3660 ὅτι
1013 3610 1040 3661 6
1077 3607 1310 3678 Χριστὸς
1335 3609 1429 3660 δύο
1459 3609 1740 3678 θελήματα
1770 3608 1990 3662 ἐναντία

419 3698 521 3752 οὐκ
566 3694 702 3769 εἶχε,
750 3699 952 3767 σαρκός
1006 3716 1148 3767 φημι
1203 3699 1298 3750 καὶ
1346 3700 1676 3768 πνεύματος,
1709 3698 1783 3760 ὡς
1825 3698 1987 3768 ἡμεῖς

421 3794 620 3863 ἔχομεν
648 3793 787 3862 μετὰ
814 3792 915 3863 τὴν
947 3792 1287 3861 παράϐασιν,
1316 3793 1430 3846 ἀλλ’
1476 3793 1535 3846 ἓν
1585 3794 1747 3862 μόνον
1781 3792 1842 3844 τὺ
1888 3809 1988 3859 φυ-

423 3885 592 3948 σικῶς
641 3882 1052 3954 ,χαρακτηρίζον
1113 3885 1210 3953 τὴν
1268 3882 1432 3936 αὐτοῦ
1500 3883 1899 3954 ἁνθρωπότητα
1964 3901 1984 3933 ι

335 3969 342 3972 ⁴
423 3979 536 4031 Καὶ
582 3978 777 4045 τούτου
822 3975 1097 4041 ἀπόδειξις
1153 3975 1386 4046 ἐναργὴς
1436 3977 1496 4030 τὺ
1529 3977 1624 4029 καὶ
1675 3977 1853 4044 μελῶν
1897 3977 1991 4029 καὶ

425 4071 631 4140 σαρκὸς
666 4069 988 4140 μνησθῆναι,
1021 4069 1167 4140 ἅπερ
1202 4069 1295 4121 καὶ
1344 4069 1435 4120 ἐπὶ
1465 4068 1562 4138 τῆς
1607 4068 1860 4136 θεότητος
1891 4069 1988 4120 αύ-

425 4165 520 4215 τοῦ
549 4164 734 4220 ἐκεῖνα
762 4162 1036 4231 ληφθῆναι
1069 4162 1128 4214 οὐ
1163 4162 1456 4231 συγχωρεῖ.
1485 4178 1502 4212 ι

500 4256 686 4308 Ταῦτα
729 4254 947 4325 γράψας
1002 4256 1106 4324 πρὸ
1153 4255 1254 4324 τῆς
1307 4254 1470 4323 ἕκτης
1507 4253 1726 4307 συνόδου
1755 4256 1783 4306 6
1819 4254 1989 4322 μέγας

425 4348 579 4414 οὗτος
615 4350 825 4420 Πατὴρ,
848 4349 942 4402 καὶ
970 4347 1318 4420 ἑρμηνεύσας
1361 4346 1424 4401 τὸ
1453 4347 1654 4417 ἀληθὲς
1686 4346 1782 4400 τοῦ
1827 4348 1992 4401 Ὁνω-

427 4449 545 4517 ρὶου
573 4443 851 4513 φρόνημα,
889 4442 1002 4513 ἔχει
1035 4445 1130 4496 καὶ
1163 4440 1259 4502 τὰς
1294 4440 1458 4493 αὑτοῦ
1505 4439 1717 4493 ἐκείνου
1770 4440 1991 4492 ἐπιστοσ

2091 3359 2197 3398 non
2233 3342 2542 3398 divinitatis
2578 3343 2697 3413 ejus
2730 3351 2786 3396 et
2821 3341 3202 3402 humanitatis,
3230 3341 3325 3396 sed
3351 3341 3523 3395 solius
3555 3341 3656 3393 hu-

2090 3435 2389 3490 inanitatis.
2417 3433 2554 3491 Cum
2587 3434 2734 3490 enim
2764 3435 3076 3505 scripsisset
3106 3433 3352 3504 Sergius,
3385 3433 3656 3486 allirmare

2089 3529 2355 3599 quosdam
2413 3529 2468 3581 in
2503 3527 2725 3583 Christo
2770 3527 2907 3580 duas
2959 3525 3265 3582 contrarias
3320 3526 3652 3587 voluntates,

2092 3603 2474 3689 rescripsimus
2501 3617 2779 3673 Christum
2813 3633 2921 3672 non
2965 3619 3219 3672 habuisse
3252 3618 3388 3672 duas
3436 3627 3658 3671 contra-

2091 3713 2200 3763 rias
2233 3709 2564 3773 voluntates,
2597 3706 2803 3772 carnis,
2834 3705 3078 3775 inquam,
3109 3717 3161 3758 et
3191 3693 3436 3774 spiritus,
3472 3715 3530 3759 ut
3559 3719 3657 3757 nos

2092 3801 2354 3855 habemus
2389 3807 2512 3868 post
2544 3797 3030 3868 transgressiOnem
3085 3797 3181 3852 sed
3217 3813 3379 3850 unam
3421 3806 3655 3857 tantum,

2091 3907 2210 3960 quae
2271 3890 2596 3944 naturaliter
2638 3888 2966 3943 humanitati
3015 3888 3133 3959 ejus
3166 3896 3294 3941 nota
3350 3887 3660 3941 cssentialis

2091 3992 2195 4036 est.
2238 4001 2255 4034 ι
2291 3981 2345 4036 ld
2394 3981 2466 4035 ita
2499 3996 2617 4037 esse
2652 3981 2939 4035 evidenter
2997 3995 3064 4034 ex
3111 3993 3176 4032 eo
3231 3977 3656 4043 demonstratur,

2091 4077 2234 4143 quod
2270 4074 2638 4127 membrorum
2667 4083 2722 4126 et
2759 4071 2943 4126 carnis
2984 4070 3122 4124 facta
3163 4078 3246 4124 est
3278 4069 3504 4131 mentio,
3539 4085 3662 4138 (ιηίὲ

2093 4167 2364 4222 divinitati
2396 4181 2613 4236 quoque
2643 4165 2762 4236 ejus
2794 4179 2904 4218 non
2948 4172 3178 4234 possunt
3203 4161 3454 4216 attribui.
3493 4179 3510 4212 ι

2165 4259 2289 4313 llu:e
2326 4269 2453 4313 ante
2480 4266 2684 4312 sextam
2743 4256 3010 4326 synodum
3038 4255 3260 4325 scripsit
3309 4269 3539 4325 magnus
3571 4253 3661 4308 hic

2097 4351 2277 4416 Pater,
2313 4360 2370 4405 et
2397 4348 2641 4419 exposita
2690 4363 2814 4402 vera
2858 4345 3080 4401 llonorii
3138 4347 3430 4409 sententia,
3497 4347 3662 4400 habet

2094 4444 2256 4496 etiam
2314 4440 2485 4511 ipsius
2522 4440 2780 4510 epistolas
2828 4441 2882 4493 in
2913 4449 3064 4493 sexta
3117 4439 3326 4510 synodo
3385 4439 3664 4509 CXpOsiltt'S

426 4539 542 4599 λὰς,
574 4535 672 4598 τὰς
704 4534 1084 4606 ἐμφερομένας
1122 4535 1189 4604 τῇ
1229 4532 1366 4606 ἕκτῃ
1397 4531 1622 4602 συνόδῳ,
1649 4531 1747 4601 τὴν
1775 4529 1981 4600 ὀρθοδο-

2097 4543 2200 4588 act.
2237 4549 2309 4586 xu
2337 4541 2386 4587 et
2418 4547 2534 4597 xm,
2562 4531 2920 4586 orthodoxam
2971 4529 3254 4601 scriptoris
3285 4529 3446 4585 [idem
3486 4531 3661 4584 maui—

427 4627 546 4693 ξίᾶν
584 4627 679 4682 τοῦ
710 4627 1021 4699 γράψαντος
1057 4626 1374 4693 σαφέστατα
1406 4624 1814 4694 μαρτυρούσας.

503 4739 522 4773 ι
579 4719 804 4788 Ἐπειδὴ
837 4718 944 4787 γὰρ
998 4717 1047 4770 oi
1085 4717 1183 4787 τῆς
1234 4715 1883 4778 Κωνσταντινουπόλεως,
1919 4714 2024 4777 ὥς·

427 4831 595 4884 φησιν
624 4816 654 4867 6
691 4813 855 4876 αὐτὸς
887 4813 1041 4879 ἅγιος
1070 4809 1316 4878 Μάξιμος
1349 4812 1408 4862 ἐν
1457 4811 1520 4880 τῇ
1567 4807 1706 4875 προς
1753 4809 1994 4877 Μαρῖνον

424 4905 711 4975 ἐπιστολῇ,
742 4903 850 4957 τῶν
882 4901 1178 4955 συνοδικῶν
1207 4901 1300 4954 τοῦ
1345 4901 1502 4955 πὰπα
1531 4903 1587 4954 ἐν
1617 4901 1773 4953 δυσὶν
1799 4897 1994 4952 ἐπελά-

424 4999 603 5059 ϐοντο,
648 4994 726 5064 τῷ
782 4994 880 5061 μὲν
921 4993 1045 5062 περὶ
1093 4993 1394 5060 θεολογίας,
1429 4994 1511 5046 ὅτι
1559 4988 1712 5045 εἶπεν
1747 4991 1776 5042 6
1809 4990 1994 5052 πάπας

427 5085 828 5156 ἐκπορεύεσθαι
855 5086 964 5138 κάκ
997 5085 1090 5135 τοῦ
1123 5084 1253 5136 Υίοῦ
1282 5085 1341 5138 τὸ
1372 5083 1593 5152 Πνεῦμα
1615 5083 1683 5135 ’τὸ
1714 5084 1886 5150 ἅγιον·
1920 5079 1997 5148 τῷ

424 5180 482 5232 δὲ
518 5178 646 5246 περὶ
680 5178 780 5246 τῆς
832 5177 978 5239 θείας
1033 5177 1386 5246 σαρκώσεως,
1430 5178 1511 5228 ὅτι
1561 5175 1993 5246 περιγέγραφεν,

426 5274 533 5324 τὸν
556 5269 757 5340 Κύριον
787 5264 928 5322 εἶναι
972 5267 1093 5338 δίχα
1133 5269 1231 5336 τῆς
1268 5269 1685 5337 προπλτορικῆς
1719 5265 1994 5335 ἁμαρτίας

427 5364 503 5425 ὡς
555 5361 882 5431 ἄνθρωπον·
929 5360 1190 5428 Ὀνώριος
1240 5359 1296 5410 δὲ
1346 5358 1520 5410 ταῦτα
1573 5357 1747 5421 εἰδὼς,
1777 5357 1867 5408 ἵνα
1899 5355 1996 5424 τὴν

428 5453 839 5525 προπατορικὴν
891 5451 1164 5521 ἁμαρτίαν
1197 5451 1495 5520 ἀποκλείσῃ
1525 5449 1619 5518 τῆς
1653 5450 1802 5526 θείας
1845 5451 1997 5501 ἐναν-

429 5549 790 5616 θρωπήσεως,
845 5546 924 5607 είς
960 5544 1531 5596 Κωνσταντινούπολιν
1584 5543 1810 5610 γράφων
1863 5543 1998 5611 φησι

429 5641 567 5708 πρὸς
592 5643 653 5691 τὸ
676 5639 920 5708 ζήτημα·
958 5656 975 5687 ι
1025 5637 1187 5689 Ὅθεν
1218 5640 1311 5688 καὶ
1351 5635 1407 5686 ἓν
1459 5636 1674 5704 θέλημα
1703 5635 1996 5706 ὁμολογοῦ-

434 5748 535 5799 μεν
567 5731 660 5783 τοῦ
699 5731 901 5800 Κυρίου
946 5729 1124 5799 Ἰησοῦ
1175 5728 1436 5797 Χριστοῦ,
1484 5728 1670 5797 ἐπειδὴ
1715 5729 1996 5799 προδήλως

437 5822 540 5878 ὑπὸ
568 5823 664 5892 τῆς
697 5823 944 5892 θεότητος
975 5821 1330 5892 προσελήφθη
1363 5823 1392 5892 ἡ
1423 5820 1662 5891 ἡμετ²ρα
1693 5821 1874 5888 φύσις,
1903 5821 2000 5890 οὐχ

2098 4625 2391 4680 festissime
2426 4632 2765 4677 attestautes.

2171 4736 2188 4767 ι
2225 4715 2356 4769 Nam
2387 4716 2514 4785 quia
2539 4715 3153 4784 Constantinopolitani,
3186 4727 3244 4770 ut
3273 4715 3414 4769 idem
3441 4725 3664 4767 sanctus

2099 4807 2362 4862 Maximus
2393 4808 2469 4862 ait
2503 4808 2556 4861 in
2580 4809 2807 4877 epistola
2845 4809 2912 4862 ad
2954 4808 3247 4873 Marinum,
3289 4808 3663 4875 duoqnmdam

2097 4901 2489 4957 aduotaverant
2526 4902 2578 4955 in
2615 4902 2894 4973 synodieis
2926 4917 3121 4973 papa):
3161 4915 3326 4956 unum
3378 4902 3444 4955 ad
3478 4901 3663 4955 divina

2098 5002 2373 5061 spectans,
2394 4995 2540 5063 quod
2568 5011 2702 5064 papa
2738 4995 3002 5059 dixisset,
3031 4997 3196 5050 etiam
3229 5012 3257 5048 a
3289 4995 3425 5048 Filio
3475 5008 3668 5063 proee~

2099 5085 2229 5139 dere
2260 5086 2527 5156 Spiritum
2567 5097 2856 5150 sanetum;
2890 5088 3121 5140 alterum
3158 5086 3225 5138 de
3261 5084 3661 5146 incarnatione,

2100 5180 2244 5246 quod
2274 5180 2585 5248 scripsisset
2620 5195 2780 5249 papa,
2816 5179 3102 5232 Dominum
3147 5187 3204 5231 ut
3233 5179 3510 5231 hominem
3543 5194 3664 5232 esse

2101 5272 2309 5340 absque
2343 5271 2589 5340 originali
2627 5279 2848 5339 peccato
2869 5312 2882 5336 ,
2933 5269 3205 5323 Honorius
3235 5270 3348 5324 hazc
3370 5271 3570 5334 sciens,
3603 5280 3663 5322 ut

2101 5363 2316 5430 culpam
2364 5361 2683 5430 originalem
2717 5360 3036 5414 excluderet
3070 5361 3137 5414 ab
3167 5360 3545 5414 incarnatione
3585 5359 3666 5413 tli—

2102 5455 2250 5514 vina,
2275 5453 2807 5520 Constantinopolim
2854 5451 3046 5519 Sergio
3079 5451 3325 5506 scribens
3362 5452 3426 5505 ad
3468 5451 3667 5520 (ιυωεί-

2107 5558 2216 5601 tum
2273 5546 2396 5598 ait:
2454 5565 2471 5596 ι
2509 5544 2662 5598 Unde
2709 5555 2762 5596 et
2820 5559 2983 5595 unam
3041 5545 3374 5597 voluntatem
3432 5545 3670 5596 fatemur

2108 5638 2317 5690 ltoinini
2370 5637 2535 5689 nostri
2573 5635 2696 5690 Jcsu
2741 5634 2968 5695 Christi,
3015 5635 3142 5702 quia
3180 5635 3424 5703 proiecto
3454 5649 3482 5686 a
3526 5634 3667 5687 divi«

2109 5732 2279 5784 nitate
2332 5735 2605 5794 assumpta
2655 5737 2739 5779 est
2793 5734 2978 5778 nostra
3013 5735 3241 5786 natura,
3273 5740 3376 5776 non
3408 5723 3568 5791 culpa
3614 5725 3666 5778 in

2110 5823 2216 5878 illa.
2263 5841 2278 5871 ι
2326 5820 2380 5875 Si
2413 5818 2890 5876 Maeotin-litatum
2926 5817 3111 5872 hmresi
3163 5813 3674 5870 ιἰὶιυιίιεεοιιιουυι
