4088 6294
442 285 462 300 ”
506 325 615 392 759

1663 329 2032 394 MATTILEI
2065 331 2610 416 camepmtu

3637 330 3738 394 760‘

504 441 645 505 rius,
675 437 955 495 dixisset:
1021 437 1196 494 Unam
1245 438 1485 496 fatemur
1540 440 1904 504 voluntatem,
1950 441 2076 511 quia

2186 443 2427 514 ἁμαρτία
2458 445 2518 500 ἐν
2541 441 2751 512 ἐκείνῃ.
2788 457 2808 492 ι
2841 439 3012 507 Εἴπερ
3056 429 3124 508 ἦν
3156 436 3413 508 Ὀνὼριος
3445 434 3730 505 Μονοῦελή-

503 533 680 588 solum
714 531 952 586 divinam
1003 531 1240 589 habebat
1268 533 1641 599 voluntatem;
1703 547 1849 588 nunc
1893 543 2074 590 autem

504 620 804 676 voluntatis
846 620 1281 691 singularitatem
1354 621 1524 678 refert
1583 625 1962 679 tantummodo
2008 625 2076 680 ad

505 713 911 776 excludendum
943 713 1011 768 ab
1039 715 1374 778 humanitate
1396 724 1678 784 peccatum
1703 716 1970 787 originale
1990 734 2005 784 ;
2025 729 2079 772 at

506 819 628 872 quae
669 804 724 857 in
755 804 861 858 hoc
895 805 1158 859 haeresis?
1183 805 1252 867 Et
1301 809 1547 876 apertius
1578 807 1903 874 explicando
1943 810 2078 863 sub.

444 889 452 902 ’
501 894 724 966 jungit:
766 914 784 947 σ
819 896 952 951 Nam
984 899 1112 966 quia
1146 899 1267 952 sine
1294 909 1520 968 peccato
1558 909 1858 971 conceptus
1883 913 1968 957 est
2011 901 2078 956 de

507 988 715 1058 Spiritu
753 999 964 1055 sancto,
997 990 1160 1045 etiam
1190 1001 1379 1060 partus
1425 993 1546 1049 sine
1605 1003 1827 1064 peccato
1882 1003 1967 1058 est
2011 1009 2077 1056 ex

505 1088 692 1133 saneta
723 1078 965 1149 Virgine,
995 1079 1204 1135 nullum
1232 1091 1492 1151 expertus
1522 1083 1836 1154 contagium
1875 1085 2079 1141 vitiatae

505 1178 738 1221 naturae.
782 1185 800 1218 ι
833 1196 896 1206 -
935 1171 1036 1221 «At
1061 1171 1336 1237 quomodo
1362 1171 1607 1239 apertius
1636 1173 1866 1241 exprimi
1896 1183 2079 1244 posset

505 1255 732 1309 Honorii
792 1272 980 1324 mens,
1012 1273 1174 1312 unam
1209 1259 1262 1313 in
1294 1260 1518 1315 Christo
1551 1264 1810 1333 ponentis
1830 1265 2080 1323 volunta-

504 1359 638 1412 tem,
663 1364 770 1404 non
791 1350 944 1420 juxta
981 1367 1292 1420 perversum
1321 1353 1803 1424 Monothelitarum
1838 1373 2080 1423 sensum,

505 1450 567 1493 ut
639 1456 805 1494 uuam
863 1440 1167 1496 divinitatis
1211 1454 1266 1500 et
1323 1445 1688 1504 humanitatis
1739 1451 2078 1514 voluntatem

505 1544 802 1598 assereret,
836 1533 931 1590 sed
957 1535 1130 1591 solius
1157 1535 1534 1603 humanitatis,
1584 1539 1652 1594 ad
1685 1540 2081 1612 improbandos

505 1639 626 1696 eos,
655 1627 747 1694 qui
777 1627 1052 1696 ponebant
1084 1628 1137 1683 in
1162 1628 1382 1684 Christo
1404 1640 1690 1703 peccatum
1718 1633 2023 1704 originale?
2054 1653 2079 1687 ι

505 1714 575 1768 Ει
615 1732 808 1771 rursus
844 1717 985 1772 infra
1019 1735 1032 1772 :
1080 1736 1100 1770 ι
1136 1719 1271 1774 Nam
1299 1722 1404 1776 alia
1439 1722 1532 1777 lcx‘
1560 1722 1612 1791 in
1647 1725 1928 1792 membris,
1982 1736 2080 1783 aut

2180 551 2302 601 της,
2327 535 2531 605 ἔφησεν
2582 534 2686 588 ἀν’
2740 531 2838 588 Ἐν
2882 533 3098 601 Θέλημα
3146 528 3730 600 ὀμολογοῦμεν,ὲπειδὴ

2183 626 2312 696 μίαν
2338 622 2452 697 εἶχε
2487 626 2581 680 καὶ
2614 625 2787 696 μόνην
2829 622 2932 693 τὴν
2978 623 3131 675 θείαν
3161 619 3400 690 θέλησιν.
3431 616 3545 674 Νῦν
3569 617 3622 670 δι
3650 617 3753 686 τὴν

2180 719 2412 789 ἑνότητα
2441 718 2538 771 τοῦ
2575 717 2881 787 θελήματος
2911 713 3174 781 ἀναφέρει
3204 710 3345 779 πρὸς
3389 709 3449 762 τὸ
3496 709 3733 773 ἀποκλεῖ-

2181 825 2272 862 σαι
2303 809 2466 878 μόνον
2494 807 2593 876 τῆς
2620 806 2717 862 ἀνθ
2728 804 3041 876 ρωπότητος
3067 801 3168 874 τὴν
3219 800 3545 871 προγονικὴν
3573 800 3736 867 ἀμαρ-

2177 898 2303 952 τίαν
2323 913 2338 928 ⁸
2373 897 2512 953 ποία-
2537 896 2674 965 γοῦν
2697 894 2933 952 ἐνταῦθα
2963 894 3207 961 αἵρεσις;
3235 892 3350 944 Kal.
3368 890 3524 944 τοῦτο
3550 888 3736 970 ’ἐπεξη-

2179 989 2451 1058 γούμενος
2481 986 2844 1043 έπισυνάπτει
2865 1001 2881 1018 ο
2911 1002 2931 1037 ι
2987 981 3207 1053 Ἐπειδὴ
3237 980 3344 1050 γὰρ
3379 980 3546 1049 χωρὶς
3575 979 3741 1047 ἁμαρ-

2178 1082 2299 1142 τίας
2329 1077 2637 1148 συνελήφθη
2671 1079 2736 1132 ἐκ
2763 1076 3084 1146 Πνεῦματος
3108 1074 3296 1142 ἁγίου,
3330 1073 3422 1127 διὰ
3471 1071 3625 1126 τοῦτο
3653 1072 3737 1124 καὶ

2181 1174 2350 1242 χωρὶς
2383 1172 2666 1242 ἁμαρτίας
2701 1171 2851 1224 ἐστὶν
2883 1170 3104 1231 δ”τόκος
3134 1170 3162 1220 6
3193 1168 3258 1220 ὲκ
3299 1166 3398 1234 τῆς
3426 1165 3582 1233 ἁγίας
3609 1165 3739 1232 Παρ-

2181 1263 2358 1327 θένου,
2392 1264 2466 1334 μὴ
2508 1262 2798 1331 μετασχὼν
2832 1260 3032 1329 πείρας
3086 1262 3180 1329 τῆς
3241 1257 3631 1329 ἀμαρτησὰσης
3653 1256 3741 1325 φύ-

2181 1373 2342 1420 σεως.
2392 1375 2410 1408 ι
2463 1357 2591 1417 Πῶς
2623 1355 2690 1409 ἂν
2732 1353 3116 1426 φανερώτερον
3152 1350 3508 1420 παραστήσαι
3543 1365 3624 1409 τις
3659 1345 3739 1399 τὸν

2184 1448 2390 1502 σκοπδν
2434 1447 2530 1501 τοῦ
2593 1446 2879 1518 Ὅνωρίου,
2913 1446 2993 1500 ὅτι
3029 1443 3088 1496 ἓν
3140 1443 3353 1511 Θέλημα
3402 1440 3748 1509 ἐδογμάτισεν-

2181 1543 2276 1596 έπὶ
2304 1539 2542 1613 Χριστοῦ
2565 1541 2626 1594 οὒ
2658 1539 2801 1594 κατὰ
2827 1539 2926 1608 τὴν
2957 1535 3402 1607 διεστραμμένην
3447 1532 3553 1586 τῶν
3585 1532 3741 1586 Μονο-

2181 1633 2424 1704 οελητῶν
2467 1631 2699 1694 ἔννοιαν,
2727 1630 2867 1684 ὥστε
2897 1629 3083 1698 λέγειν
3115 1628 3213 1697 τῆς
3244 1625 3396 1690 θείας
3428 1626 3521 1678 καὶ
3550 1623 3742 1690 ἀνθρω-

2184 1726 2350 1796 πίνης
2381 1723 2599 1792 φύσεως
2627 1724 2686 1776 ἓν
2713 1722 2947 1792 Θέλημα,
2975 1721 3111 1774 ἀλλὰ
3154 1719 3314 1789 μόνον
3347 1719 3448 1786 τῆς
3482 1714 3740 1782 ἀνθρωπίο

504 1805 760 1869 voluntas
785 1807 1000 1864 diversa
1035 1811 1120 1865 vel
1168 1813 1444 1880 contraria
1481 1830 1588 1870 non
1631 1816 1737 1872 fuit
1788 1819 1844 1872 in
1889 1818 2078 1876 Salva-

2186 1835 2285 1888 νης
2319 1818 2457 1888 πρὸς
2503 1815 2849 1884 ἀποδοκιμὴν
2887 1814 3002 1868 τῶν
3029 1812 3286 1882 Θεμένων-
3328 1810 3387 1862 ὲν
3437 1804 3654 1877 Χριστῷ
3691 1804 3746 1856 τὸ

504 1905 645 1958 tore,
681 1900 774 1967 qui
804 1908 966 1954 natus
991 1911 1073 1955 est
1104 1917 1270 1972 supra
1306 1903 1480 1972 legem
1511 1906 2016 1966 humanmnaturm.
2054 1931 2073 1964 ι

504 1987 574 2041 Et
603 1989 704 2044 hoc
732 2006 896 2044 sensu
943 2007 1067 2047 mox
1095 2005 1256 2064 negat
1289 1995 1341 2049 in
1391 1997 1613 2051 Christo
1651 1999 1946 2070 diversam,
1977 2003 2082 2058 hoc

503 2089 590 2133 est
613 2083 942 2136 contrariam
970 2083 1347 2140 voluntatem:
1386 2105 1404 2138 ι
1450 2087 1520 2142 Ut
1545 2104 1654 2144 non
1679 2092 2077 2157 suam,inquit,

504 2172 884 2242 unusquisque
916 2174 1278 2243 voluntatem,
1313 2177 1406 2232 sed
1435 2179 1620 2248 potius
1648 2181 1889 2248 ,Domini
1942 2199 2088 2254 praem.

501 2263 645 2318 {erat
676 2265 726 2318 in
759 2266 1038 2323 omnibus.
1077 2285 1095 2320 ι
1138 2267 1387 2336 ltajuxta
1441 2269 1588 2325 hunc
1619 2286 1842 2328 sensum
1869 2275 2080 2344 negatis

426 2384 435 2389 -
504 2353 560 2408 in
593 2355 934 2410 humanitate
962 2355 1169 2412 Christi
1197 2358 1412 2415 duabus
1460 2362 1756 2417 contrariis
1783 2363 2078 2418 voluntati-

503 2448 628 2513 bus,
660 2447 799 2502 infra
829 2449 1053 2504 disserit
1078 2450 1146 2504 de
1181 2451 1396 2508 duabus
1440 2453 1494 2508 in
1527 2453 1746 2510 Christo
1780 2458 1994 2512 naturis
2024 2463 2081 2512 et

504 2540 901 2608 voluntatibus,
944 2541 1182 2611 perfecte
1230 2559 1352 2613 qua:
1377 2547 1598 2616 prOpria
1634 2557 1764 2602 sunt
1794 2550 2077 2619 operanti-o

505 2633 630 2684 bus.
692 2631 825 2685 Nam
879 2634 1004 2702 quia
1065 2633 1331 2692 Dominus
1375 2645 1563 2700 noster
1623 2638 1782 2694 Jesus
1828 2639 2082 2696 Christus

508 2725 679 2779 Filius
705 2734 760 2780 ct
785 2723 1024 2782 Verbum
1063 2727 1192 2790 Dei,
1230 2743 1371 2784 unus
1411 2729 1672 2801 idemque
1719 2732 1791 2787 sit
1844 2748 2080 2802 operaus
2124 2745 2136 2759 °

506 2816 689 2870 divina
714 2827 769 2872 et
793 2819 1026 2872 humana
1047 2820 1311 2890 perfecte,
1335 2836 1501 2882 sacra:
1520 2822 1742 2896 Litterae
1767 2825 2078 2882 luculenter

505 2911 910 2964 demonstrant.
941 2911 1125 2977 Vides,
1156 2929 1328 2970 unum
1363 2914 1430 2969 ab
1463 2931 1531 2970 eo
1561 2917 1690 2986 poni
1737 2929 2077 2989 operantem,

504 3011 560 3055 et
591 3003 646 3056 in
690 3002 905 3062 duabus
955 3005 1168 3062 naturis
1201 3023 1323 3080 quae
1361 3017 1496 3062 sunt
1533 3009 1820 3080 utriusque
1855 3008 2083 3081 propria

505 3095 748 3164 perfecte
777 3110 1130 3167 Operantem;
1158 3108 1218 3154 ct
1245 3099 1347 3154 hoc
1395 3102 1572 3170 ipsum
1624 3103 1884 3172 prwdicat
1915 3112 2080 3168 sexta!

506 3189 701 3258 synodi
759 3189 1027 3248 deﬁnitio.
1065 3209 1088 3242 ι
1118 3190 1272 3258 Quod
1305 3207 1468 3262 porro
1503 3194 1698 3250 attinet
1747 3195 1814 3250 ad
1848 3209 2080 3250 enume-

506 3279 774 3335 rationem
830 3282 1230 3350 operat—ionum,
1272 3299 1380 3352 non
1408 3284 1602 3340 eodem
1651 3300 1816 3341 sensu
1845 3286 1946 3348 fuit
1974 3286 2084 3341 llo-

506 3371 697 3427 norius
739 3382 795 3427 et
855 3371 1186 3430 Orientales.
1214 3374 1368 3434 Sicut
1417 3376 1564 3431 enim
1599 3377 1760 3443 aliter
1814 3376 2085 3443 intellexit

508 3463 646 3519 duas
687 3464 999 3521 voluntates
1030 3466 1325 3534 llonorius,
1362 3479 1416 3523 et
1449 3469 1608 3524 aliter
1635 3468 1970 3535 Orientales,
2010 3472 2084 3524 ita

507 3556 715 3625 pariter
776 3565 834 3611 et
876 3558 1244 3626 operationes.
1285 3559 1421 3614 Nam
1479 3560 1849 3616 Monothelita:
1893 3561 2088 3627 Orien-

508 3646 648 3702 tales
679 3647 1019 3716 impossibile
1051 3649 1292 3716 aiebant,
1320 3653 1587 3707 exsisterc
1619 3653 1672 3708 in
1701 3652 1921 3709 Christo
1945 3653 2082 3710 duas

412 3793 420 3814 κ
508 3740 672 3794 simul
703 3750 759 3796 et
797 3744 1119 3812 conjunctas
1147 3744 1460 3801 voluntates
1479 3747 1592 3802 sive
1625 3749 1947 3814 contrarias,
1966 3749 2083 3807 sive

508 3833 753 3900 similes;
811 3836 1090 3893 Honorius
1138 3846 1324 3899 autem
1380 3838 1658 3896 fatebatur
1709 3841 1846 3899 duas
1877 3841 2081 3900 Christi

508 3937 735 3983 naturas
777 3928 1020 3998 perfecte
1074 3941 1368 4001 operantes
1417 3933 1604 3990 divina
1634 3945 1687 3990 et
1720 3935 1996 4004 humana;
2030 3945 2086 3992 et

511 4036 676 4075 unam
739 4036 863 4078 esse
915 4022 1104 4078 docuit
1163 4025 1500 4082 voluntatem
1565 4043 1673 4098 qua
1744 4028 1978 4098 negabat
2030 4030 2085 4084 in

509 4112 733 4169 Christo
791 4115 1122 4170 contrariam
1191 4118 1348 4174 carni
1414 4133 1482 4175 ex
1547 4128 1777 4190 peccato
1838 4121 2089 4177 volunta—

511 4213 644 4259 tem.
685 4225 703 4256 ι

2183 1911 2510 1980 προγονικὸν
2551 1908 2857 1979 ἁμάρτημα
2883 1922 2900 1971 ;
2931 1906 3040 1960 Καὶ
3068 1904 3234 1978 πάλιν
3264 1904 3323 1955 ὲν
3357 1897 3444 1964 οἷς
3472 1897 3758 1968 κατωτέρω-

2181 2004 2352 2071 λέγει·
2401 2021 2420 2055 ι
2469 2002 2699 2072 Ἕτερος
2733 2001 2845 2070 γὰρ
2870 1999 3034 2068 νόμος
3061 2000 3173 2060 τοῖς
3213 1995 3461 2066 μέλεσιν,
3485 1990 3746 2062 ῆ,Θέλημα

2181 2096 2461 2166 διάφορον,
2508 2091 2541 2164 ἢ
2599 2093 2845 2146 ἐναντίον
2881 2089 2942 2143 οῦ
2991 2089 3217 2156 γέγονεν
3279 2085 3335 2136 ὲν
3392 2082 3474 2152 τῷ
3529 2081 3744 2148 Σωτῆρι,

2181 2187 2371 2256 ἐπειδὴ
2401 2185 2540 2255 ὑπὲρ
2582 2186 2759 2253 ⁸νόμον
2795 2181 3148 2251 ἀνθρωπίνης
3200 2177 3423 2245 φύσεως
3475 2170 3684 2240 ἐτέχθη.
3725 2185 3742 2216 ι

2181 2278 2293 2332 Καὶ
2321 2277 2511 2331 τοῦτον
2540 2275 2632 2329 τὸν
2665 2275 2867 2345 τρόπον
2897 2272 3060 2334 εὐθὺς
3101 2270 3348 2340 ἀρνεῖται
3402 2268 3462 2319 ὲν
3503 2262 3579 2333 τῷ
3625 2261 3747 2329 Χρι-

2183 2370 2293 2443 στῷ
2338 2371 2599 2440 διάφορον
2629 2367 2886 2438 ιθέλημα,
2930 2363 3215 2418 ⁷τουτέστιν
3265 2358 3548 2412 ἐναντίον*
3577 2373 3594 2407 α
3642 2354 3746 2406 Ἵνα

2185 2467 2281 2538 μὴ,
2331 2465 2486 2538 φησὶ,
2539 2463 2601 2518 τὸ
2657 2463 2791 2516 τδιον
2846 2461 3079 2522 ἕκαστος
3118 2457 3354 2547 θέλημα,
3387 2449 3618 2547 ἀλλὰ-τὸ
3662 2446 3750 2547 τοῦ

2184 2537 2391 2629 κυρίου
2422 2556 2624 2629 μᾶλλον
2655 2557 2711 2609 ὲν
2738 2555 2874 2608 πᾶσι
2908 2551 3174 2621 προτιμᾷ.
3213 2566 3232 2599 ›
3267 2537 3590 2612 Οῦτω’γοῦν
3617 2537 3750 2594 κατά
3817 2541 3834 2550 ’

2179 2649 2388 2719 ταύτην
2419 2648 2518 2718 τὴν
2547 2649 2758 2702 ἔννοιαν
2785 2645 2880 2698 δύο
2915 2643 3197 2714 οελήματα
3231 2637 3470 2698 ἐναντία
3491 2637 3548 2686 ἐν
3576 2636 3639 2702 τῇ
3665 2633 3747 2685 ἁν-

2183 2741 2498 2813 Θρωπὸτητι
2554 2739 2650 2792 τοῦ
2704 2735 2946 2809 Χριστοῦ
3002 2733 3413 2804 ἀρνησάμενος,
3464 2724 3755 2792 κατωτέρω

2182 2835 2312 2904 περὶ
2339 2833 2450 2887 τῶν
2477 2829 2716 2900 Χριστοῦ
2747 2829 2841 2884 δύο
2874 2826 3094 2898 φύσεων
3130 2823 3515 2893 καὶθελὴσεων
3546 2814 3748 2876 τελείως

2182 2926 2522 2998 ἐνεργουσῶν
2550 2925 2618 2977 τὰ
2647 2922 2755 2978 ῐδιά
2788 2937 2979 2991 φησιν.
3013 2919 3140 2972 Ὅτι
3171 2916 3281 2986 γὰρ
3313 2916 3340 2968 ὁ
3371 2907 3750 2998 Κύριοςὴμῶν

2193 2997 2404 3088 ἰηάοῦς
2431 3015 2668 3088 Χριστὸς
2694 3017 2721 3067 ὁ
2749 3014 2876 3075 Υἱὸς
2927 3016 3026 3066 καὶ
3059 3012 3228 3077 Λόγος
3258 3007 3350 3060 τοῦ
3384 3005 3526 3059 Θεοῦ
3559 2997 3634 3065 εἷς
3666 2998 3750 3052 xa‘t

2183 3113 2212 3164 6
2238 3110 2398 3172 αὐτός
2423 3111 2593 3174 ἐστιν,
2619 3107 2858 3178 ὲνεργῶν
2885 3105 2952 3159 τὰ
2979 3104 3099 3157 Θεία
3125 3106 3219 3155 καὶ
3240 3099 3308 3152 τὰ
3338 3095 3654 3168 ἀνθρώπινα
3675 3108 3752 3144 τε-

2183 3202 2366 3267 λείως,
2408 3201 2472 3255 αἱ·
2516 3201 2658 3254 θεῖαι
2702 3189 2923 3270 Τραφαὶ
2977 3194 3231 3266 φανερῶς
3286 3187 3748 3244 ἀποδεικνύουσιν.

2195 3295 2380 3366 Ὁρᾷς,
2408 3295 2492 3346 ὅτι
2515 3295 2612 3348 ἕνα
2651 3292 2894 3360 θεολογεί
2921 3290 3012 3344 τὸν
3057 3285 3411 3358 ἐνεργοῦντα,
3446 3283 3544 3337 καὶ
3573 3283 3629 3334 ὲν
3666 3277 3752 3332 δύο

2182 3388 2379 3458 φύσεσι
2402 3388 2625 3450 τελείως
2643 3387 2710 3440 τὰ.
2740 3386 3006 3456 ἑκατέρας
3039 3384 3143 3436 ίδια
3175 3383 3394 3451 φύσεως
3412 3371 3754 3446 ἐνεργοῦντας

2185 3478 2342 3533 Τοῦτ’
2371 3479 2502 3532 αὐτὸ
2533 3476 2796 3548 κηρύττει
2831 3476 2978 3529 καὶὸ
3002 3475 3101 3543 τῆς
3136 3473 3306 3538 ἕκτης
3342 3469 3565 3522 συνόδου
3599 3467 3754 3534 aper

2188 3589 2215 3622 ι-
2255 3571 2393 3641 Περὶ
2418 3570 2474 3623 δὲ
2492 3571 2596 3639 τῆς
2623 3568 3068 3639 ἀπαριθμήσεως
3102 3564 3210 3617 τῶν
3239 3561 3535 3632 ἐνεργειῶν
3568 3556 3627 3608 οὐ
3662 3552 3758 3621 τὴν

2188 3664 2363 3731 αὐτὴν
2396 3662 2553 3733 ἔσχεν
2578 3662 2786 3714 ἔννοιαν
2817 3662 2928 3722 τοῖς
2965 3657 3304 3718 ἀνατολικοῖς
3343 3653 3599 3724 Ὀνῶριος
3620 3663 3633 3676 ο
3656 3645 3753 3698 ὥσ-

2192 3774 2298 3828 περ
2330 3756 2441 3827 γὰρ
2478 3755 2654 3818 ἄλλως
2679 3753 2903 3819 ὲξέλαὸε
2931 3753 3000 3804 τὰ
3029 3751 3123 3804 δύο
3149 3750 3434 3818 θελήματα
3459 3745 3610 3813 παρὰ
3636 3739 3753 3796 τοὺς

2183 3847 2563 3910 ἀνατολικοὺς,
2610 3847 2754 3900 οὕτω
2797 3847 2892 3900 καὶ
2945 3847 3014 3898 τὰ
3050 3845 3178 3914 περὶ
3212 3840 3502 3911 ἐνεργείας
3526 3853 3541 3868 ⁸
3575 3836 3622 3888 οἱ
3663 3832 3758 3902 μὲν

2183 3939 2292 4011 γὰρ
2323 3938 2636 3992 ἀνατολικοὶ
2662 3938 3042 4006 Μονοθελῆται
3093 3935 3359 3989 ἀδύνατον
3399 3932 3590 3998 ἔλεγον
3620 3921 3759 3979 εἶναι

2185 4033 2279 4087 δύο
2314 4035 2370 4085 ὲν
2395 4032 2473 4103 τῷ
2517 4030 2742 4103 Χριστῷ
2773 4032 2894 4100 ἃμα
2929 4030 3024 4082 καὶ
3059 4029 3200 4081 κατά
3231 4023 3427 4079 ταυτὸν
3463 4019 3753 4091 ὑφεστάναι

2190 4120 2497 4189 θελήματα,
2520 4118 2631 4171 εἴτε
2699 4111 3071 4180 ὲναντία,ἐίτε
3123 4116 3286 4183 ὅμοια
3311 4129 3326 4144 ο
3352 4113 3381 4164 ὁ
3409 4110 3468 4164 δὲ
3504 4107 3758 4175 Ὀνὼριος

2189 4212 2290 4276 τὰς
2318 4213 2412 4265 δύο
2437 4213 2626 4281 φύσεις
2644 4210 2736 4270 τοῦ
2763 4209 3003 4282 Χριστοῦ
3031 4208 3254 4269 τελείως
3285 4206 3534 4277 ἐνεργεῖν
3556 4204 3624 4254 τὰ
3643 4198 3756 4283 θεῖα

509 4302 604 4353 καὶ
626 4299 693 4352 τὰ
723 4298 1045 4370 ἀνθρώπινα
1063 4301 1464 4372 καθωμολὸγει·
1485 4303 1654 4359 καὶτὸ
1674 4304 1966 4377 ἓν-θέλημα
1991 4305 2387 4376 ἐδογμάτισεν..
2409 4304 2744 4376 ἀρνούμενος
2777 4304 2837 4356 έν
2859 4304 2934 4374 τῷ
2956 4301 3177 4374 Χριστῷ
3199 4303 3259 4354 τὸ
3279 4301 3525 4356 ἐναντίον
3554 4300 3755 4366 θέλημα

511 4395 612 4463 τῆς
647 4395 853 4467 σαρκὸς
878 4397 942 4450 ὲκ
973 4396 1072 4465 τῆς
1100 4395 1398 4465 ἁμαρτίας.
1442 4415 1461 4448 ι

586 4486 777 4556 Itaque
833 4495 889 4543 ct
941 4501 1106 4541 unam
1133 4495 1189 4542 et
1230 4487 1369 4542 duas
1394 4490 1628 4556 ponebat
1659 4491 1964 4548 orthodoxe
1994 4507 2088 4548 νο·
2122 4495 2166 4554 D

514 4581 788 4634 luntates:
814 4579 953 4633 duas
987 4579 1193 4634 similes
1216 4621 1231 4646 ,
1259 4581 1500 4636 divinam
1543 4593 1597 4638 et
1647 4588 1979 4652 humanam,
2011 4585 2090 4640 vi-

517 4672 720 4726 delicet
777 4686 888 4728 non
933 4671 1268 4739 contrarias;
1320 4680 1377 4728 et
1425 4674 1722 4730 humanam
1782 4693 1968 4743 unam,
2025 4694 2091 4733 eo
2142 4682 2146 4687 ’

517 4763 663 4834 quod
689 4762 808 4817 sine
843 4772 1072 4832 peccato
1099 4774 1400 4834 conceptus
1427 4767 1535 4832 sit,
1569 4778 1625 4823 et
1652 4769 1881 4839 incapax
1919 4769 2090 4824 fuerit
2122 4826 2155 4842 _

517 4853 801 4925 originalis
826 4854 1057 4923 peccati.
1103 4854 1172 4910 Ut
1220 4855 1386 4924 igitur
1415 4856 1670 4913 diversus
1713 4858 1818 4912 fuit
1863 4857 2089 4914 Honorii

516 4956 574 5003 et
604 4944 966 5010 Orientalium
997 4946 1064 5003 de
1099 4947 1476 5004 voluntatibus
1509 4964 1726 5012 sensus,
1748 4957 1804 5005 et
1838 4950 2090 5006 diversus

511 5053 737 5109 quoque
777 5038 844 5094 de
868 5040 1278 5109 operationibus
1303 5041 1424 5096 fuit.
1447 5041 1754 5098 Orientales
1781 5044 1927 5098 enim
1953 5061 2090 5114 ope-

458 5159 485 5170 -
517 5131 784 5190 rationem
825 5131 1099 5188 divinitati
1163 5133 1502 5198 tribuebant,
1557 5133 1839 5202 passiones
1895 5137 2089 5202 carni;

517 5236 582 5281 ut
612 5225 869 5282 divinitas
900 5227 1121 5296 quidem
1151 5235 1430 5292 moveret,
1467 5241 1594 5281 caro
1623 5237 1806 5285 autem
1838 5245 2092 5285 movere-

519 5329 653 5385 tur,-
687 5330 943 5389 essetque
1013 5336 1152 5376 nova
1205 5319 1451 5389 quaedam
1509 5321 1714 5376 Christi
1769 5322 1863 5377 Dei
1919 5324 2094 5378 virilis

519 5413 790 5482 operatio.
823 5414 1002 5478 Quare
1031 5422 1085 5467 et
1119 5427 1282 5466 unam
1323 5413 1661 5477 statuebant,
1687 5429 1854 5470 carne
1885 5415 2094 5470 scilicet

520 5507 727 5560 nullam
763 5507 1041 5575 prepriam
1078 5503 1368 5558 habentem
1397 5506 2094 5574 Operationcm.llonorius

521 5607 704 5650 autem
758 5598 811 5651 in
872 5595 1055 5664 priore
1112 5594 1178 5649 ad
1244 5594 1498 5666 Sergium
1546 5597 1801 5666 epistola,
1855 5606 1968 5651 act.
2022 5612 2093 5650 xu

524 5698 690 5742 sextae
737 5689 949 5757 synodi,
993 5708 1008 5739 ι
1043 5685 1270 5753 Verum,
1305 5687 1512 5756 inquit,
1549 5698 1772 5758 propter
1801 5703 1966 5757 opera
2007 5688 2092 5742 di-

521 5782 771 5836 vinitatis
809 5793 860 5836 et
910 5782 1270 5837 humanitatis
1297 5798 1426 5847 una,
1459 5797 1527 5838 an
1579 5781 1698 5837 duae
1729 5782 1975 5837 dicenda:
2007 5780 2091 5837 vel

2268 4490 2435 4542 Ὥστε
2463 4488 2557 4542 καὶ
2582 4486 2680 4540 δύο
2704 4485 2889 4554 ἔλεγεν
2913 4481 3211 4555 ὁρθοδόξως
3245 4482 3313 4542 τὰ
3344 4480 3472 4553 θε-λή
3483 4498 3650 4552 ματα,
3670 4479 3760 4534 καὶ

2194 4582 2251 4636 ἓν
2286 4579 2584 4652 ὀρθοδόξως
2611 4594 2627 4611 ·
2655 4578 2748 4631 δύο
2779 4578 2943 4648 ὅμοια
2969 4575 3030 4628 τὸ
3065 4577 3206 4629 θεῖον
3237 4575 3333 4627 καὶ
3379 4574 3453 4634 τὸ,
3487 4574 3760 4645 ἀνθρώπι-

2192 4691 2310 4741 νον,
2333 4673 2618 4726 τουτέστιν
2657 4671 2755 4741 οὐχ
2803 4664 3102 4723 ὑπεναντία
3125 4684 3140 4704 ο
3184 4669 3278 4730 καὶ
3308 4667 3366 4722 ἓν
3396 4668 3458 4721 τὸ
3488 4667 3761 4738 ἀνθρώπι-

2193 4785 2306 4831 νον,
2333 4767 2420 4820 διὰ
2440 4767 2500 4820 τὸ
2527 4763 2696 4836 χωρὶς
2723 4763 3001 4835 ἁμαρτίας
3026 4761 3404 4832 συλληφθῆναι
3424 4762 3520 4815 καὶ
3542 4762 3756 4814 ἄδεκτον

2192 4856 2334 4914 εἶναι
2361 4861 2460 4923 τῆς
2493 4842 2833 4929 προγονικῆς
2868 4855 3170 4926 ἀνμαρτὶας.
3199 4855 3412 4923 Ὠσπερ
3437 4853 3532 4906 οῦν
3559 4853 3618 4904 τὸ
3639 4849 3756 4918 περὶ

2187 4940 2518 5024 νοελημάτων
2541 4952 2815 5021 διαφόρως
2850 4948 3204 5018 ὲξειλήφασιν
3237 4947 3285 4999 oi
3323 4945 3638 5004 ἀνατολικυὶ
3667 4941 3756 4995 καὶ

2203 5046 2482 5115 Ὀνῶριος,
2529 5044 2672 5098 οὕτω
2707 5043 2803 5095 καὶ
2852 5043 2912 5094 τὸ
2971 5040 3101 5111 περὶ
3137 5039 3433 5109 ἐνεργειῶν
3488 5036 3757 5105 διαφόρως

2193 5137 2561 5206 ἑξειλήφασιν.
2614 5137 2676 5188 Ol
2713 5135 2811 5204 μὲν
2845 5135 2954 5203 γὰρ
3006 5132 3319 5186 ἀνατολικώ
3366 5131 3465 5201 τῆς
3515 5128 3756 5196 θεότητος

2192 5230 2381 5298 ελεγον
2430 5228 2527 5300 τὴν
2579 5226 2888 5297 ἐνέργειαν,
2917 5225 3017 5293 τῆς
3062 5224 3264 5295 σαρκδς
3293 5223 3362 5275 τὰ
3410 5221 3555 5290 πάθη
3583 5237 3599 5251 ⁶
3626 5219 3755 5272 ὥστε

2192 5322 2292 5392 τὴν
2325 5321 2422 5390 μὲν
2475 5319 2709 5389 θεότητα
2747 5319 2942 5379 κινεῖν,
2985 5319 3084 5384 τὴν
3139 5316 3197 5368 δὲ
3236 5316 3414 5387 σάρκα
3451 5311 3752 5368 κινεῖσθαι·

2194 5414 2290 5468 καὶ
2316 5412 2456 5467 εἶναι
2495 5413 2690 5480 καινήν
2723 5429 2844 5463 τινα
2870 5409 2966 5463 τοῦ
2995 5408 3237 5478 Χριστοῦ
3273 5406 3593 5476 Θεανδρικὴν
3613 5403 3754 5470 ὲνέρ⁴

2196 5521 2373 5574 γειαν⁶
2402 5505 2525 5558 ὅθεν
2546 5507 2610 5572 δὴ
2639 5506 2738 5557 καὶ
2762 5505 2893 5572 μία-ν
2921 5501 3299 5572 ὲδογμάτιζον,
3329 5500 3401 5563 ὼς
3429 5499 3502 5568 μὴ
3535 5496 3754 5566 ἐχούσης

2199 5597 2336 5650 ἰδίαν
2362 5596 2499 5658 ὅλως
2534 5595 2817 5664 ἐνέργειαν
2850 5595 2950 5665 τῆς
2979 5592 3182 5662 σαρκός
3209 5607 3223 5624 ⁸
3267 5594 3294 5644 6
3336 5592 3392 5645 δὲ
3426 5589 3673 5657 Ὁνώριος
3702 5585 3754 5635 ἐν

2194 5693 2262 5761 τῇ
2294 5690 2535 5761 προτέρᾳ
2564 5691 2701 5758 πρὸς
2739 5687 2964 5758 Σέργιον
3000 5685 3259 5755 ἐπιστολῇ
3288 5684 3385 5754 τῆς
3419 5687 3483 5753 ιβ’
3511 5677 3754 5752 πράξεως

2201 5783 2294 5846 τῆς
2335 5781 2495 5845 ἕκτης
2549 5781 2789 5846 συνῦδν),
2827 5798 2843 5830 ι
2893 5781 3150 5847 Πότερον,
3184 5777 3341 5846 φησὶ,
3389 5775 3471 5829 διὰ
3521 5775 3590 5827 τὰ
3621 5771 3757 5840 ἔργα

3981 1153 3983 1300 ι
