4088 6294
311 407 413 475 761

1591 423 2039 493 REEUTATIO
2104 426 2286 489 NILI.

3452 425 3555 491 762

307 528 403 594 τῆς
438 524 697 595 θεότητος
721 527 811 581 καὶ
844 528 941 599 τῆς
966 531 1505 605 ἅνθρωπότητοζμία
1536 536 1569 606 ἢ
1601 536 1695 590 δύο
1720 536 1870 607 ἐνέρ-

1978 510 2342 610 intelligenda:
2367 539 2477 596 sint
2505 539 2883 611 operationes,
2908 539 2974 597 ad
3005 555 3107 596 nos
3141 541 3241 596 ista
3274 541 3553 611 pertinere

307 635 455 684 γειαι
480 618 754 685 ὀφείλουσι
774 620 1029 687 λέγεσθαι
1052 624 1085 693 ἢ
1106 626 1550 689 νοεῖσθαι,ταῦτα
1571 628 1708 698 πρὸς
1732 630 1878 699 ἡμᾶς

307 710 533 781 ἀνήκειν
560 712 659 764 οὐκ
685 713 1014 779 ὀφείλουσιν,
1036 715 1171 769 ἀλλὰ
1196 719 1681 790 καταλιμπάνομεν
1706 721 1879 777 ταῦτα

308 804 423 863 τοῖς
451 806 860 873 γραμματικοῖς
884 821 897 837 ·
931 807 1091 875 ἡμεῖς
1132 808 1247 879 γὰρ
1277 810 1339 862 οὐ
1375 810 1505 880 μίαν
1531 812 1816 883 ἐνέργειαν
1843 813 1876 885 ἢ

307 895 403 948 δύο
435 896 525 948 τὸν
556 895 761 964 Κύριον
792 894 945 967 ήμῶν
988 900 1196 969 Ἰησοῦν
1220 902 1477 972 Χριστὸν,
1500 904 1594 958 καὶ
1622 905 1683 957 τὸ
1708 904 1878 959 αὐτοῦ

308 988 467 1055 ἇγιον
495 988 720 1057 Πνεῦμα
755 990 845 1044 διὰ
872 992 980 1045 τῶν
1006 992 1179 1060 ἁγίων
1207 994 1441 1064 Γραφῶν
1465 996 1874 1067 παρελάϐομεν,

307 1078 446 1131 ἀλλὰ
477 1080 835 1149 πολυτρόπως
869 1082 1119 1153 ἔγνωμεν
1147 1086 1310 1140 αὐτὸν
1342 1088 1694 1157 ἐνεργοῦντα.
1726 1091 1881 1161 Arata

311 1168 491 1237 ρέσεις
524 1171 632 1240 γὰρ
666 1175 960 1243 ἐνεργειῶν
987 1177 1145 1231 εἰσιν.
1195 1179 1256 1231 Ei
1289 1178 1346 1231 δὲ
1396 1180 1694 1246 διαιρέσεις
1726 1185 1878 1252 ἐνερ-

230 1260 235 1263 ’
310 1261 478 1328 γειῶν
499 1262 691 1323 πολλαί
716 1265 845 1329 eici,
878 1267 971 1320 καὶ
1001 1268 1203 1330 ταύτας
1234 1270 1414 1333 πάσας
1440 1271 1468 1323 6
1499 1272 1630 1335 Θεὸς
1656 1274 1713 1329 ἐν
1742 1275 1877 1329 πᾶσι

310 1355 425 1416 τοῖς
478 1355 666 1424 μέλεσι
708 1356 802 1409 τοῦ
849 1359 1288 1430 πεπληρωμένοι)
1338 1363 1592 1433 σώματος
1642 1367 1874 1435 ἐνεργεῖ,

310 1447 461 1515 πόσῳ
493 1448 695 1517 μᾶλλον
723 1451 781 1502 ἐν
815 1454 880 1521 τῇ
913 1454 1120 1523 κεφαλῇ
1152 1455 1309 1524 ἡμῶν
1333 1458 1554 1526 Χριστῷ
1578 1459 1654 1528 τῷ
1684 1460 1877 1530 Κυρίῳ

309 1538 485 1591 ταῦτα
518 1539 772 1597 δύνανται
811 1544 1165 1614 πληρέστατα
1188 1549 1574 1619 ἁρμοσθῆναις
1607 1551 1666 1604 El
1690 1553 1798 1620 γὰρ
1820 1552 1876 1603 ἐν

309 1626 511 1691 ἄλλοις,
569 1630 848 1683 τουτέστιν
892 1634 948 1684 ἐν
1006 1636 1121 1697 τοῖς
1164 1635 1357 1703 μέλεσι
1409 1640 1523 1701 τοῖς
1581 1638 1755 1701 ἰδίοις,
1816 1638 1915 1690 τὸυ

311 1718 537 1786 Πνεῦμα
581 1721 676 1774 τοῦ
733 1723 972 1792 Χριστοῦ
1031 1725 1391 1797 πολυτρόπως
1450 1732 1681 1799 ἐνεργεῖ,
1725 1730 1878 1799 πόσῳ

312 1812 514 1879 μᾶλλον
536 1812 603 1866 δι’
638 1815 835 1868 ἑαυτοῦ
872 1816 967 1869 τοῦ
1004 1818 1227 1886 μεσίτου
1266 1820 1403 1874 Θεοῦ
1442 1823 1538 1875 καὶ
1572 1820 1876 1889 ἀνθρώπων

310 1901 804 1975 πληρέστατακαὶ
843 1906 1183 1974 τελειότατα,
1229 1910 1324 1962 καὶ
1379 1910 1735 1980 πολυτρόπως
1786 1911 1880 1969 καὶ

307 1995 608 2065 ἀφράστως
637 1998 755 2051 δέον
786 2001 933 2069 ἡμᾶς
968 2003 1248 2070 ὁμολογεῖν
1281 2005 1346 2073 τῇ
1379 2004 1638 2072 κοινωνίᾳ
1686 2003 1882 2056 ἑκατέ-

311 2104 415 2154 ρας
473 2088 691 2155 φύσεως
745 2090 911 2145 αὑτοῦ
974 2094 1257 2165 ἐνεργεῖν;
1294 2113 1315 2147 ι
1371 2097 1484 2151 Καὶ
1544 2096 1881 2165 κατωτέρω·

316 2195 333 2226 ι
389 2178 684 2250 Ἀπλότητι
716 2186 812 2235 καὶ
845 2184 1076 2256 ἀληθεία
1125 2187 1520 2256 ὁμολογοῦντες
1550 2190 1641 2241 τὸν
1673 2190 1880 2259 Κύριον

306 2269 468 2337 ἡμῶν
503 2272 708 2341 Ἰησοῦν
733 2276 992 2344 Χριστὸν,
1026 2278 1116 2331 τὸν
1144 2279 1243 2333 Eva
1276 2282 1370 2335 καὶ
1399 2284 1491 2343 τὸν
1522 2284 1685 2335 αὑτὸν
1725 2285 1879 2353 ἐνερ-

308 2365 513 2430 γοῦντα
560 2368 618 2418 ἐν
677 2372 741 2439 τῇ
792 2370 909 2441 θείᾳ
964 2374 1060 2425 καὶ
1113 2375 1434 2447 ἀνθρωπίνῃ
1491 2376 1673 2443 suaet.
1717 2378 1881 2449 Ὁρᾷς

306 2458 437 2510 ὅσον
495 2461 556 2512 τὸ
604 2460 909 2533 διάφορον;
951 2466 1015 2517 Oi
1043 2466 1421 2535 Μονοθελῆται
1455 2467 1553 2538 τὴν
1586 2469 1877 2537 ἀνθρωπό-

307 2565 447 2616 τητα
478 2551 537 2602 ἐν
564 2549 641 2621 τῷ
668 2553 890 2621 Χριστῷ
922 2555 1239 2624 πάσχουσαν
1273 2557 1456 2624 μόνον,
1509 2552 1630 2627 οὐχὶ
1674 2559 1730 2610 δὲ
1784 2558 1878 2612 καὶ

307 2641 642 2710 ἐνεργοῦσαν
676 2642 1054 2713 ὲοδογμὰτιζον.
1096 2647 1357 2719 Ὀνώριος
1387 2650 1442 2702 δὲ
1474 2650 1587 2703 ἄνω
1608 2653 1701 2703 καὶ
1728 2652 1879 2704 κάτω

306 2732 368 2782 ἐν
395 2729 469 2801 τῷ
502 2733 720 2802 Χριστῷ
748 2735 1079 2804 ἐνεργοῦσαν
1105 2738 1379 2806 ὁμολογεῖ.
1410 2738 1474 2791 Oi
1504 2739 1878 2807 Μονοθελῆται

309 2823 443 2891 μίαν
466 2824 541 2893 τῷ
564 2825 692 2878 εἴδει
719 2827 1040 2899 θεανδρικὴν
1067 2830 1251 2897 ἔλεγον
1275 2832 1583 2901 ἐνέργειαν.
1617 2830 1875 2901 Ὀνώριος

306 2917 367 2968 δὲ
396 2920 523 2987 περὶ
557 2919 793 2989 ἀριθμοῦ
834 2924 1127 2991 ἐνεργειῶν
1160 2925 1257 2992 τὴν
1288 2925 1704 2999 ἀμφισϐήτησιν
1734 2922 1875 2983 εἶναι

308 3011 660 3075 ὑποτοπάσας
690 3014 851 3065 ἐατὲα
899 3016 1033 3083 φησὶ
1077 3015 1247 3069 ταῦτα
1296 3018 1406 3079 τοῖς
1435 3021 1873 3087 γραμματικοῖς,

305 3102 509 3165 οἰτινες
543 3105 673 3173 περὶ
704 3106 958 3176 ἀριθμῶν
997 3109 1195 3162 ἐνικῶν
1231 3110 1325 3162 καὶ
1371 3112 1756 3180 πληθυντικῶν
1787 3129 1874 3165 τε-

1979 646 2088 685 non
2115 631 2340 697 debent,
2382 632 2479 689 sed
2512 633 2882 702 grammaticis
2912 647 2976 687 ea
3018 632 3403 700 relinquimus.
3443 631 3554 685 Nos

1978 724 2123 778 enim
2156 738 2265 781 non
2294 739 2455 783 unum
2490 724 2895 792 operationem,
2940 724 3029 779 vel
3082 723 3215 779 duas
3262 723 3551 776 Dominum

1979 823 2227 869 nostrum
2264 814 2449 869 Jesum
2477 815 2758 873 Christum
2778 825 2833 869 et
2855 827 3103 870 sanctum
3129 816 3249 885 ejus
3282 814 3553 883 Spiritum

1980 923 2077 977 per
2100 917 2312 962 sanctas
2338 907 2652 976 Scripta-ras
2685 908 3017 978 accepimus,
3062 907 3156 961 sed
3204 906 3555 960 multiformi-

1980 1009 2063 1055 ter
2116 1000 2269 1056 illum
2325 1001 2578 1057 novimus
2643 992 2956 1069 operatum.
3021 998 3327 1059 Divisiones
3401 1000 3561 1055 cnim-

1978 1092 2356 1159 operationuiu
2413 1104 2564 1151 sunt.
2642 1091 2797 1157 Quod
2860 1092 2903 1147 si
2973 1090 3275 1152 divisiones
3332 1106 3544 1160 opera-

1982 1181 2187 1237 tionum
2228 1182 2412 1237 multae
2471 1190 2625 1247 sunt,
2677 1166 2751 1236 εἴ
2776 1182 2873 1239 has
2902 1197 3094 1241 omnes
3130 1180 3283 1247 Deus
3324 1181 3380 1241 in
3432 1198 3552 1236 om-

1979 1271 2141 1327 nihus
2192 1272 2456 1331 membris
2505 1273 2648 1340 pleni
2703 1273 2951 1342 corporis
3004 1282 3285 1340 operatur,
3349 1283 3565 1341 quanto

1979 1363 2151 1431 magis
2182 1363 2350 1431 capiti
2395 1372 2582 1419 nostro
2613 1363 2834 1423 Christo
2873 1363 3106 1417 Domino
3152 1365 3266 1421 haec
3322 1372 3556 1432 possunt

1978 1454 2292 1522 plenissime
2321 1453 2568 1521 adoptari
2590 1455 2612 1507 ?
2638 1454 2694 1509 Si
2718 1455 2864 1508 enim
2896 1455 2950 1508 in
2982 1455 3122 1519 aliis,
3159 1454 3209 1507 id
3232 1465 3315 1509 est
3349 1456 3403 1508 in
3438 1455 3556 1507 suis

1980 1542 2265 1608 membris,
2301 1542 2505 1597 Christi
2537 1543 2776 1611 Spiritus
2823 1543 3233 1603 multiformiter
3272 1553 3555 1611 operatur,

1978 1640 2184 1701 quanto
2229 1636 2397 1703 magis
2430 1648 2528 1701 per
2574 1635 2929 1703 semetipsum
2983 1635 3339 1689 mediatorem
3380 1635 3471 1688 Dei
3499 1645 3555 1689 et

1978 1723 2264 1780 hominum
2296 1725 2614 1793 plenissime
2645 1742 2709 1781 ae
2748 1727 3167 1795 perfectissime,
3206 1725 3555 1780 multiformi-

1982 1824 2064 1869 ter
2106 1824 2162 1869 ct
2208 1814 2560 1871 ineifahiliter
2594 1817 2844 1870 confiteri
2900 1832 2998 1870 nos
3038 1827 3257 1887 oportet
3308 1833 3556 1871 commu-

1910 1881 1953 1937 Β
1986 1907 2149 1960 nione
2176 1907 2462 1977 utriusque
2488 1917 2697 1965 naturae
2734 1923 2844 1961 sorr
2870 1909 3194 1977 operatum?
3226 1929 3242 1961 ι
3277 1910 3341 1963 Et
3371 1909 3511 1963 infra
3538 1925 3552 1963 :

1992 1998 2372 2067 «Simpliciter
2426 2013 2491 2051 ac
2548 2000 2819 2053 veraciter
2872 1999 3200 2055 confitentes
3262 2001 3551 2058 Dominum

1985 2099 2231 2146 nostrum
2262 2088 2447 2143 Jesntn
2487 2091 2769 2149 Christum
2809 2106 2976 2145 unum
3003 2101 3059 2145 et
3112 2092 3366 2146 eumdem
3424 2106 3558 2161 ope-

1986 2192 2193 2239 rantem
2227 2185 2277 2237 in
2301 2185 2484 2237 divina
2508 2195 2561 2239 et
2583 2184 2817 2240 humana
2845 2196 3063 2241 natura.
3092 2186 3257 2243 Vides
3288 2197 3553 2256 quantum

1984 2274 2236 2335 differat?
2264 2275 2632 2332 Monothelitie
2673 2278 3068 2332 asseverabant
3115 2278 3323 2334 Christi
3355 2281 3552 2334 huma-

1982 2367 2210 2421 nitatem
2264 2369 2371 2437 pati
2403 2408 2417 2432 ,
2475 2369 2651 2427 solum
2704 2385 2808 2427 non
2860 2386 3059 2440 agerc;
3119 2370 3394 2426 Ilonorius
3436 2387 3558 2440 pas-

1981 2459 2085 2520 sim
2119 2461 2319 2513 fatetur
2350 2469 2668 2528 operantem
2715 2461 3135 2517 humanitatem.
3184 2463 3555 2518 Monothclila:

1982 2566 2143 2605 uuam
2170 2554 2448 2620 ponebant.
2500 2554 2682 2622 Specie
2723 2555 3126 2623 operationem,
3158 2571 3321 2624 quam
3364 2556 3552 2610 thean-

1980 2643 2185 2697 dricatu
2223 2646 2526 2713 voeabant;
2586 2647 2895 2713 Honorius,
2950 2648 3382 2712 controversiam
3431 2662 3551 2701 esse

1980 2737 2294 2806 suspicatus
2348 2739 2415 2793 de
2448 2754 2680 2799 numero
2730 2740 3138 2808 operationum,
3190 2738 3548 2808 relinquenda

1978 2830 2095 2885 haec
2118 2830 2195 2885 ait
2224 2845 2345 2886 esse
2361 2831 2737 2901 grammaticis
2758 2870 2770 2891 ,
2806 2831 2898 2896 qui
2929 2831 2996 2885 de
3045 2831 3311 2899 singulari
3343 2840 3398 2884 et
3428 2832 3550 2899 pitt-

1979 2922 2076 2983 rali
2118 2938 2348 2977 numero
2379 2922 2684 2989 disputant,
2717 2933 2773 2984 ot
2819 2938 2883 2977 ex
2919 2922 3188 2978 diametro
3218 2933 3408 2977 contra
3440 2923 3552 2976 Mo-

1977 3013 2297 3079 nothelitas,
2341 3014 2541 3067 Christi
2574 3014 2967 3068 humanitatem
2999 3030 3106 3071 non
3135 3014 3297 3069 modo
3349 3030 3551 3084 opera~

1980 3105 2126 3159 tione
2151 3120 2259 3158 non
2287 3120 2539 3168 vacuam,
2573 3106 2669 3161 sed
2711 3106 3120 3160 multiformiter
3144 3118 3195 3163 et
3231 3106 3551 3175 plenissime

306 3194 655 3261 χνολογοῦσιν
675 3212 691 3229 ο
719 3193 840 3251 εἶτα
876 3202 938 3252 ἐκ
969 3200 1263 3271 διαμέτρου
1293 3205 1403 3264 τοῖς
1449 3203 1870 3272 Μονοθελήταις,

1978 3206 2298 3267 operantem
2326 3199 2421 3252 ait.
2465 3198 2517 3252 Si
2545 3198 2691 3252 enim
2727 3200 2781 3255 in
2828 3200 3086 3261 membris
3127 3209 3384 3269 operatur
3410 3200 3552 3259 mul-

306 3285 409 3355 τὴν
438 3287 833 3358 ἁνθρωπότητα
859 3292 951 3343 τοῦ
982 3294 1221 3363 Χριστοῦ
1274 3295 1372 3364 οὐχ
1398 3296 1544 3357 ὅπως
1579 3297 1874 3364 ἀνενὲργη-

305 3394 420 3443 τον,
445 3380 578 3433 ἀλλὰ
603 3381 960 3453 πολυτρόπως
989 3388 1079 3437 καί
1130 3385 1485 3457 πληρέστατέι
1515 3404 1682 3457 φησιν
1713 3380 1870 3454 ἐνηρα

305 3470 562 3534 γηκέναι.
596 3471 655 3523 Ei
691 3474 798 3543 γὰρ
832 3474 892 3525 τὸ
925 3475 1145 3543 Πνεῦμα
1172 3478 1232 3531 τὸ
1263 3479 1419 3545 ἅγιον
1452 3480 1508 3530 ἐν
1536 3480 1649 3540 τοῖς
1684 3476 1870 3547 μέλεσι

1980 3291 2274 3347 tiformiter
2311 3292 2401 3356 Spi
2416 3291 2550 3345 ritus
2575 3299 2819 3351 sanctus,
2848 3301 3054 3357 quanto
3076 3291 3243 3361 magis
3268 3290 3550 3347 fatendunt

1975 3392 2058 3440 est
2102 3381 2380 3436 Christum
2419 3391 2584 3450 caput
2621 3393 2865 3441 nostrum
2914 3383 3301 3444 communione
3348 3382 3555 3436 utrius—

1975 3492 2081 3547 que
2106 3485 2316 3530 naturae
2347 3475 2664 3546 plenissime
2687 3484 2742 3529 et
2766 3474 3166 3543 perfectissime
3196 3487 3545 3544 operatum.»

307 3563 661 3635 πολυτρόπως
695 3571 925 3641 ἐνεργεῖ,
961 3575 1114 3643 πόσῳ
1164 3577 1364 3644 μᾶλλον
1396 3579 1633 3648 Χριστὸν
1698 3574 1797 3646 τὴν
1825 3572 2069 3643 κεφαλὴν
2133 3570 2294 3643 ἡμῶν
2370 3572 2735 3643 ὁμολογητέον
2778 3575 2843 3644 τῇ
2877 3573 3133 3643 κοινωνίᾳ
3161 3574 3427 3644 ἑκατέρας
3454 3573 3552 3642 φύ-

308 3681 444 3727 σεως
472 3666 830 3735 πληρέστατα
864 3669 958 3722 καὶ
982 3671 1306 3726 τελειότατα
1338 3674 1582 3745 ἐνεργεῖν
1607 3690 1655 3740 ;t

390 3757 621 3826 Ἀδελφὰ
676 3759 885 3824 τούτοις
935 3763 1124 3823 καὶέν
1168 3764 1244 3835 τῷ
1291 3768 1433 3820 τέλει
1467 3769 1563 3837 τῆς
1593 3767 1870 3837 προτέρας

306 3850 619 3919 ἐπιστολῆς,
644 3852 737 3903 καὶ
764 3853 820 3903 ἐν
850 3853 944 3924 ὅλῃ
971 3857 1034 3925 τῇ
1062 3856 1291 3927 δευτέρα
1320 3857 1439 3926 ἥτις
1470 3858 1772 3928 ἐμφέρεται
1804 3858 1869 3927 τῇ

308 3944 384 4007 ιγ’
418 3938 639 4009 πράξει,
696 3942 1010 4012 παλιλλογεί
1073 3946 1351 4016 Ὀνώριος,
1408 3949 1482 4020 μὴ
1553 3950 1663 4002 δεῖν
1692 3950 1872 4019 λέγειν

310 4030 496 4101 μίανῆ
543 4033 635 4086 δύο
662 4035 942 4105 ἐνεργείας
974 4036 1319 4108 βουλόμενος,
1352 4041 1469 4093 ἀλλ’
1505 4042 1608 4093 ἕνα
1637 4041 1873 4110 Χριστὸν

308 4123 369 4173 ἐν
400 4123 685 4193 ἑκατέραις
714 4129 834 4188 ταῖς
866 4126 1092 4195 φύσεσιν
1134 4130 1484 4199 ἐνεργούσαις
1519 4133 1612 4184 καὶ
1643 4150 1875 4201 πρακτιο

307 4216 453 4277 κλῖς.
492 4215 584 4292 Ἐξ
609 4210 684 4269 ὧν
711 4217 1079 4288 προδηλότατα
1135 4221 1458 4294 ἐπιφέρεται
1492 4225 1592 4294 τὴν
1624 4225 1754 4292 μίαν
1786 4225 1877 4278 καὶ

307 4310 406 4373 τὰς
435 4310 527 4363 δύο
561 4313 842 4382 ἐνεργείας
869 4315 1174 4386 ὁμωνύμως
1203 4317 1543 4389 ἐξειλῆφθαι,
1574 4320 1667 4371 καὶ
1702 4318 1878 4384 ἄλλως

311 4401 412 4482 μέν
433 4418 504 4454 πα
515 4404 585 4473 ρὰ
609 4405 721 4457 τῶν
756 4407 1091 4461 ἀνατολικῶν
1114 4408 1411 4477 δυσσεϐῶς,
1443 4410 1616 4475 ἄλλως
1642 4411 1697 4465 δὲ
1728 4412 1878 4482 παρὰ

313 4479 582 4563 ’ὸνωρίου
634 4498 896 4567 εὐσεϐῶς,
949 4502 1043 4553 καὶ
1073 4502 1277 4573 ταύτην
1304 4502 1401 4574 τὴν
1445 4503 1767 4574 ὁμωνυμίαν
1794 4479 1877 4557 ai-

2049 3760 2144 3815 llis
2172 3758 2478 3813 consimilia
2519 3768 2574 3813 et
2606 3758 2659 3812 in
2697 3759 2803 3811 fine
2842 3758 3043 3826 prioris
3068 3760 3334 3828 epistolae,
3359 3772 3416 3816 et
3453 3777 3551 3831 per

1978 3862 2146 3908 totam
2180 3850 2474 3909 secundum
2497 3851 2786 3919 epistolam
2813 3892 2827 3914 ,
2860 3868 2981 3920 qua:
3014 3853 3247 3907 habetur
3273 3863 3380 3908 act.
3419 3871 3542 3916 χιιι,

1978 3943 2256 4000 Honorius
2323 3946 2561 4011 repetit;
2612 3959 2721 3996 non
2770 3958 2893 3997 esse
2949 3937 3242 3999 dicendum
3291 3961 3552 4000 asserens

1980 4050 2144 4090 unam
2189 4041 2285 4089 aut
2332 4032 2469 4091 duas
2504 4032 2883 4101 operationes,
2930 4031 3025 4086 sed
3065 4048 3235 4085 unutn
3268 4031 3550 4086 Christum

1975 4128 2033 4183 in
2062 4136 2294 4195 utraque
2346 4132 2544 4180 natura
2587 4123 2869 4192 operativa
2898 4133 2955 4178 et
2983 4123 3161 4177 activa
3192 4141 3205 4188 ;
3248 4138 3313 4176 ex
3348 4123 3557 4192 quibus

1977 4216 2425 4273 manifestissime
2454 4214 2708 4276 infertur,
2743 4228 2906 4266 unam
2949 4221 3006 4268 et
3035 4214 3172 4267 duas
3204 4213 3555 4282 operationes

1975 4309 2147 4364 fuisse
2198 4306 2484 4376 aequivoce
2516 4312 2784 4375 sumptas,
2823 4305 2986 4360 aliter
3024 4304 3246 4374 quidem
3286 4315 3343 4359 et
3389 4304 3561 4374 impie

1976 4402 2046 4458 ab
2076 4400 2475 4462 Orientalibus.
2523 4398 2685 4453 aliter
2711 4412 2845 4453 vero
2877 4406 2930 4452 et
2979 4397 3067 4466 pie
3102 4398 3169 4451 ab
3201 4396 3468 4463 Honorio,
3500 4406 3559 4450 et

1974 4495 2121 4550 hanc
2154 4492 2648 4563 mquivocationcm
2693 4490 2972 4546 exstitisse
3003 4491 3379 4546 Orientalibus
3426 4507 3557 4545 cau-

310 4587 432 4639 τίαν
462 4589 717 4656 γενεσθαι
764 4593 875 4655 τοῖς
903 4593 1239 4657 ἁνατολικοῖς
1270 4595 1361 4647 τοῦ
1418 4596 1874 4668 συγκαταριθμῆ-

1981 4602 2095 4643 sam
2128 4584 2535 4643 annumerandi
2584 4584 2887 4638 Honorium
2938 4584 3084 4638 inter
3124 4583 3413 4640 hmreticos
3444 4584 3559 4639 Mo-

310 4698 403 4732 σαι
437 4681 696 4749 Ὀνῶριον
746 4687 856 4748 τοῖς
886 4686 1183 4756 αίρετικοῖς
1222 4690 1650 4760 Μονοθελήταις,
1701 4690 1874 4760 ἄνδρα

309 4770 519 4824 πολλῶν
548 4772 697 4837 ἄξιον
721 4775 977 4837 ἐπαίνων,
1002 4776 1094 4830 καὶ
1125 4779 1225 4844 τῆς
1255 4780 1613 4850 μονοθελήτου
1642 4781 1881 4849 βλασφη-

310 4861 443 4930 μίας
472 4863 920 4933 ἀλλοτριώτατον.
949 4869 1011 4919 Οἱ
1038 4868 1134 4937 μὲν
1160 4869 1270 4939 γὰρ
1301 4870 1357 4923 ἓν
1379 4871 1515 4934 ὅλως
1548 4872 1761 4943 θέλημα
1787 4875 1879 4927 ἐπὶ

310 4956 546 5023 Χριστοῦ
571 4958 630 5010 τὸ
654 4957 852 5020 θεῖκὸν,
875 4960 902 5011 6
928 4960 983 5013 δὲ
1006 4960 1066 5014 ἓν
1088 4962 1298 5033 θέλημα
1328 4965 1427 5034 τῆς
1459 4965 1878 5037 ἀνθρωπῦτητος

309 5047 463 5115 ἔλεγε
504 5051 610 5117 (οῦ
648 5051 882 5120 Χριστοῦ
908 5070 920 5083 ·
969 5055 1165 5108 ἐκεῖνοι
1215 5058 1576 5129 ἁνενέργητον
1638 5063 1738 5129 τὴν
1782 5060 1878 5113 τοῦ

310 5140 548 5208 Χριστοῦ
605 5142 792 5210 ἔλεγον
822 5145 1220 5216 ἀνθρωπὸτητα
1240 5189 1255 5212 ,
1288 5152 1313 5203 ὁ
1344 5150 1399 5203 δὲ
1447 5153 1878 5221 ποικιλοτρόπως

311 5230 673 5301 ἐνεργητικὴν
706 5233 1098 5303 ἐδογμάτιζενο
1161 5240 1359 5293 ἐκεῖνοι
1409 5240 1468 5294 ἐν
1527 5243 1739 5311 θέλημα
1787 5248 1880 5299 καὶ

310 5321 442 5390 μίαν
472 5321 779 5392 ἐνέργειαν,
811 5325 839 5377 6
873 5326 928 5378 δὲ
956 5327 1051 5380 ἕνα
1079 5329 1170 5382 τὸν
1199 5330 1528 5399 ἐνεργοῦντα
1542 5334 1609 5387 τὰ
1643 5333 1749 5386 ἴδια
1778 5336 1880 5404 τῆς

309 5413 684 5484 θεότητος,καὶ
714 5417 916 5471 τὰλίδια
943 5421 1044 5489 τῆς
1077 5421 1512 5492 ἀνθρωπότητος.
1532 5425 1762 5479 Ἐκεῖνοι
1787 5426 1881 5480 δύο

310 5506 436 5575 θελῄ
449 5526 591 5576 ματα
619 5513 711 5561 καὶ
741 5511 832 5564 δύο
860 5514 1135 5582 ἐνεργείας
1184 5515 1417 5569 ἀκοῦσαι
1448 5518 1683 5581 οὐδὸλως
1731 5519 1901 5588 ἠνείι

311 5615 501 5667 χοντο·
544 5601 570 5652 ὁ
598 5601 654 5652 δέ
684 5600 810 5655 οὔτε
857 5602 945 5656 διὰ
991 5605 1113 5662 τοὺς
1146 5606 1544 5677 Νεστοριανοὺς
1588 5609 1879 5681 ἐδοκίμαζε

260 5752 267 5757 μ
312 5690 467 5758 μίαν,
500 5690 622 5745 οὔτε
650 5692 765 5757 δύο,
797 5694 886 5748 διὰ
916 5696 1043 5757 τοὺς
1082 5696 1468 5767 Εὐτυχιανοὺς,
1496 5698 1611 5751 ἀλλ’
1644 5699 1740 5753 ἐνα
1787 5700 1882 5756 τὸν

310 5782 639 5849 ἐνεργοῦντα
703 5785 924 5848 τελείως
959 5786 1025 5839 τὰ
1075 5785 1186 5839 τῶν
1248 5786 1463 5855 φύσεων
1520 5786 1880 5857 ἴδιαοῆντινα

311 5874 605 5940 ὁμολογίαν
632 5877 937 5942 ὀρθσδοξίλς
970 5878 1172 5944 πλήρη,
1198 5879 1356 5945 εἴπερ
1396 5875 1446 5931 ὀἱ
1484 5880 1598 5932 τότε
1632 5880 1877 5933 avaro}:-

1981 4681 2309 4744 nethelitas,
2336 4694 2459 4734 cum
2488 4679 2534 4733 is
2568 4678 2733 4737 fuerit
2775 4679 2945 4734 multa
2977 4679 3175 4749 dignus
3207 4679 3367 4734 laude
3413 4689 3467 4733 et
3523 4695 3555 4732 a

1981 4773 2318 4843 blasphemia
2348 4771 2828 4826 Monothelitarutn
2878 4771 3267 4830 alienissimus.
3292 4771 3373 4825 illi
3404 4771 3559 4825 enim

1981 4883 2089 4921 una
2122 4881 2350 4935 prorsus
2392 4866 2448 4918 in
2499 4864 2721 4920 Christo
2754 4864 3116 4929 voluntatem,
3166 4879 3361 4933 nempe
3414 4863 3555 4917 divi-

1981 4975 2129 5023 nam,
2164 4959 2251 5012 hic
2280 4972 2407 5012 vero
2441 4972 2603 5010 unam
2653 4957 3009 5010 humanitatis
3049 4955 3251 5010 Christi
3298 4956 3555 5009 volunta-

1983 5060 2091 5105 tem
2148 5052 2367 5113 aiebat;
2416 5050 2493 5105 illi
2550 5051 2947 5103 humanitatem
2999 5048 3201 5102 Christi
3232 5048 3555 5116 operatione

1979 5156 2233 5208 vacuam,
2296 5143 2386 5197 hic
2451 5143 2863 5197 multiformiter
2894 5150 3212 5208 operantem
3247 5141 3553 5194 asserebat.

1980 5234 2248 5289 llliunam
2303 5234 2636 5289 voluntatem
2690 5244 2744 5289 et
2772 5234 3172 5305 hoperationem
3216 5248 3408 5297 unam;
3465 5233 3565 5286 hic

1983 5341 2151 5379 unum
2195 5340 2509 5393 operantem
2570 5326 2793 5395 propria
2852 5324 3156 5379 divinitatis
3215 5334 3271 5379 et
3332 5324 3562 5393 propria

1982 5417 2359 5471 humanitatis.
2421 5417 2500 5470 llli
2562 5417 2699 5471 duas
2728 5418 3042 5472 voluntates
3079 5429 3135 5473 et
3175 5418 3313 5474 duas
3349 5434 3553 5489 opera-

1984 5510 2160 5564 tiones
2205 5508 2399 5564 audire
2442 5509 2594 5563 nullo
2643 5510 2805 5563 modo
2848 5510 3237 5579 patiebantur;
3273 5513 3363 5567 hie
3424 5526 3570 5565 vero

1986 5615 2088 5655 nec
2120 5614 2280 5654 unam
2311 5605 2537 5668 propter
2555 5598 2957 5667 Eutychiauos,
2991 5616 3093 5656 nec
3121 5601 3259 5657 duas
3280 5601 3560 5670 approba-

1985 5697 2076 5753 hat
2102 5707 2323 5767 propter
2352 5696 2729 5762 Nestorianos,
2760 5696 2855 5752 sed
2888 5714 3058 5754 unum
3091 5706 3406 5770 operantem
3428 5714 3555 5767 per-

1984 5789 2126 5844 fecte
2157 5805 2279 5859 qua:
2312 5800 2441 5844 sunt
2489 5795 2815 5843 naturarum
2853 5793 3094 5861 propria.
3129 5793 3299 5855 Quam
3329 5791 3559 5845 ‘ortho-

1987 5881 2159 5936 dOXiLC
2219 5881 2432 5947 plenam
2497 5879 2938 5951 confessionem,
3007 5884 3051 5942 si
3113 5892 3242 5939 tunc
3296 5885 3557 5942 tetnoor’s
