4088 6294
357 400 463 465 765

1619 385 2054 476 ΒΕΪἪΤΧΤΙΟ
2120 417 2302 481 Nm.

3506 426 3606 494 7ft;

447 514 536 568 Ἐν
565 512 770 577 τούτοις
797 514 822 566 6
855 513 1126 585 μακάριος
1157 515 1345 579 πάπας
1393 517 1642 585 Ἀγάθων
1675 521 1824 588 λέγει
1847 523 1921 574 δε-

2107 527 2162 580 In
2197 526 2284 582 his
2324 528 2596 582 licentiam
2625 545 2682 586 se
2711 529 2930 586 dedisse
2959 531 3033 586 ait
3069 531 3260 589 beatus
3288 549 3425 606 papa
3465 539 3608 608 Aga-

357 605 592 658 δωκέναι
627 605 736 667 τοῖς
790 610 1190 677 τοποτηρηταῖς
1233 607 1418 662 ἄδειαν
1449 609 1768 670 τοῦ’ἁπλῶς
1793 613 1928 664 ἀπο-

358 694 718 764 λογήσασθαι,
779 695 874 750 καὶ
937 696 1103 767 μηδὲν
1166 697 1355 769 ἕτερον
1412 699 1718 770 τολμῆσαι·
1781 701 1929 770 λέγει

362 787 566 855 μηδένα
584 785 806 857 Ῥώμης
836 790 1098 857 ἀρχιερέα
1130 791 1259 859 περὶ
1291 791 1391 858 τὴν
1424 792 1607 845 πίστιν
1638 793 1930 861 ἐσφάλθαι.

359 875 495 933 Εἶτα
521 880 614 932 καὶ
642 879 727 932 διὰ
748 878 841 932 τοῦ
867 881 1276 950 προτρέψασθαι
1305 883 1409 936 κᾶν
1439 886 1652 956 σιωπᾷν
1675 887 1930 956 περιγρά-

361 989 438 1040 φῃ
482 970 575 1024 τὸν
619 969 896 1040 Ὀνὼριον.
924 974 993 1025 Ἢ
1031 974 1212 1028 τοίνυν
1254 975 1341 1027 ὅτε
1377 977 1427 1028 οἱ
1461 978 1768 1032 ἁνατολικοὶ
1797 981 1932 1032 ἀπε-

361 1065 637 1133 κήρυσσον
691 1065 782 1118 τὸν
812 1064 1096 1135 Ὀνώριον,
1128 1068 1458 1138 συμψήφους
1490 1068 1637 1141 εἶχον
1681 1074 1774 1126 καὶ
1807 1075 1931 1138 τοὺς

360 1158 741 1227 τοποτηρητὰς
773 1156 866 1210 τοῦ
897 1159 1077 1225 πάπα,
1123 1159 1155 1231 ἢ
1185 1161 1284 1214 οὐκ
1313 1158 1480 1232 εἶχον,
1515 1164 1709 1234 ἔχομεν
1735 1163 1764 1216 ὃ
1800 1163 1930 1234 ἐξη-

361 1247 563 1316 τοῦμεν
585 1263 601 1280 ο
627 1249 764 1314 ὅπερ
794 1246 958 1318 εἶχεν.
992 1250 1246 1321 ἀθέσμως
1273 1249 1437 1322 εἶχον,
1460 1253 1718 1325 τοιαύτην
1752 1255 1932 1318 αὐτοῖς

364 1339 547 1391 ἄδειαν
580 1337 654 1408 μὴ
689 1339 981 1403 δεδωκότος
1007 1340 1101 1394 τοῦ
1129 1343 1286 1396 πάττα
1312 1360 1328 1375 ’
1364 1348 1482 1408 πιῖις
1518 1346 1626 1417 γὰρ
1661 1347 1728 1401 ἂν
1763 1345 1930 1398 ἔδωκε

363 1431 617 1500 τοιαύτην
661 1431 846 1486 ἄδειαν
897 1434 924 1486 6
954 1435 1140 1498 πάπας
1172 1437 1266 1489 τοῦ
1322 1438 1728 1507 ἀναθεματίσαι
1762 1442 1932 1494 Ὁνώ-

369 1536 502 1592 ριον,
533 1525 680 1585 ὅστις
710 1524 962 1588 καθάπαξ
991 1527 1418 1603 διαϐεϐαιοῦται,
1465 1533 1668 1600 μηδένα
1710 1531 1931 1605 Ῥώμης

363 1617 626 1684 ἀρχιερέα
652 1617 776 1684 περὶ
799 1616 896 1687 τὴν
913 1607 1106 1670 ’πίστιν
1129 1620 1393 1688 ἐσφάλθαι
1414 1638 1428 1687 ;
1459 1623 1554 1675 καὶ
1573 1625 1936 1693 περιγράφων

365 1707 580 1759 ἐπαινεῖ
626 1707 714 1759 τὸν
759 1706 1037 1778 Ὀνώριον,
1089 1710 1148 1773 ὃς
1205 1711 1434 1776 δέκατος
1485 1714 1592 1783 πρὸ
1629 1715 1930 1781 Ἀγάθωνος

361 1795 606 1863 ἐγεγόνει
629 1797 838 1860 πάπας.

433 1974 594 2028 Οὖτω
645 1977 745 2046 μὲν
807 1977 899 2032 οὖν
951 1979 1197 2050 ἐναργῶς
1253 1983 1473 2052 ἔχομεν,
1525 1984 1606 2039 δτι
1644 1985 1793 2056 μόνοι
1839 1987 1932 2041 τὸν

373 2068 630 2137 Ὀνώριον
645 2069 694 2122 οῖ
725 2071 1026 2125 άνατολικοὶ
1060 2076 1437 2146 άπεκήρυξαν.

435 2159 646 2229 Ὥσπερ
690 2161 746 2214 δὲ
783 2163 1078 2235 ήτετάρτη
1132 2165 1373 2231 σύνοδος,
1411 2167 1683 2240 ἐκθεμένη
1712 2169 1803 2224 τὸν
1835 2187 1933 2224 κα-

361 2251 488 2303 νόνα
517 2251 775 2320 περὶτῶν
805 2255 1111 2323 πρεσϐείων
1155 2258 1786 2326 Κωνσταντινουπόλεως
1816 2281 1926 2332 χω-

364 2345 447 2412 ρὶς
477 2343 569 2396 τοῦ
594 2345 747 2398 πάπα
770 2385 784 2411 ,
815 2347 968 2401 οὐδὲν
995 2349 1361 2416 συνεπέρανεν
1380 2367 1395 2383 ο
1437 2351 1580 2407 οὕτω
1607 2354 1703 2413 καὶ
1732 2357 1766 2426 ἡ
1793 2355 1926 2425 ἓκτη

363 2435 598 2501 σύνοδος,
635 2441 806 2509 χωρὶς
840 2439 934 2493 τοῦ
986 2442 1142 2496 πάπα
1172 2443 1262 2496 τὸν
1301 2443 1558 2515 Ὀνὼριον
1577 2447 1664 2498 διὰ
1693 2447 1791 2511 τὰς
1825 2466 1929 2501 κα-

357 2526 474 2590 κῶς
517 2528 880 2598 ἐκληφθεεσας
939 2533 1257 2602 ὁμωνυμίας
1306 2536 1728 2607 ἁποκηρύξασα,
1774 2539 1928 2593 οὐδὲν

359 2620 716 2691 συνεπέρανε.
748 2624 885 2676 Oli-te
912 2624 1042 2692 γοῦν
1074 2625 1327 2696 Ὀνώριος
1355 2629 1649 2696 αἱρετικὸς,
1681 2628 1805 2684 οὔτε
1833 2649 1928 2684 κυ-

360 2709 492 2778 ρίως
518 2711 624 2764 ὑπὸ
657 2715 757 2783 τῆς
782 2715 999 2768 συνόδου
1030 2717 1385 2790 ἀπεκηρύχϐη
1409 2734 1422 2748 ·
1467 2720 1604 2773 ἀλλά
1638 2722 1735 2774 καὶ
1763 2723 1923 2793 ὀρθο-

355 2804 640 2869 δοξότατός
680 2811 816 2870 ἐστι,
851 2809 946 2859 καὶ
967 2809 1063 2878 οὐχ
1094 2808 1323 2863 ἅπτεται
1355 2813 1519 2865 αὑτοῦ
1548 2813 1608 2866 τὸ
1636 2814 1889 2884 ἀνάθεμα
1908 2831 1922 2846 °

361 2897 595 2964 βοῶντος
643 2897 736 2950 τοῦ
772 2899 1010 2969 μεγάλου
1061 2903 1221 2955 παπα
1263 2904 1488 2966 Λέοντος
1533 2906 1591 2956 ἐν
1632 2908 1753 2970 ταῖς
1787 2906 1926 2976 μετὰ

355 2989 457 3059 τὴν
486 2989 752 3059 τετάρτην
776 2991 992 3044 σύνοδον
1017 2993 1352 3060 ἐπιστολαῖς,
1387 2995 1623 3064 μάλιστα
1657 2997 1713 3050 δὲ
1763 3003 1820 3051 ἐν
1855 3002 1920 3070 τῇ

356 3083 504 3149 πρὸς
533 3082 866 3151 Πουλχερίαν
899 3086 995 3149 τὴν
1023 3085 1368 3150 Αὐγούστανο
1409 3106 1428 3138 ι
1461 3086 1573 3150 Τὰς
1603 3089 1922 3176 ξυμξωνίας

2035 618 2129 672 tho
2159 620 2274 674 suis
2304 619 2517 689 legatis,
2541 631 2598 677 ut
2623 623 2946 692 simpliciter
2961 625 3027 680 de
3048 625 3150 681 fide
3177 628 3600 696 responderent,

2033 720 2087 764 et
2117 711 2250 764 nihil
2299 711 2446 765 aliud
2499 713 2783 769 auderent.
2829 715 2994 779 Dicit,
3052 718 3259 773 nullum
3299 718 3602 772 Romanum

2032 801 2342 870 pontificem
2380 803 2434 856 in
2479 804 2582 859 lide
2621 820 2855 860 errasse.
2887 806 3090 861 Deinde
3144 825 3266 863 cum
3327 811 3606 864 Romanos

2031 894 2318 962 pontitices
2345 894 2591 950 hortatos
2622 896 2735 959 ait,
2770 906 2830 951 ut
2864 897 3459 967 Constantinopolitani
3493 902 3603 954 sal-

2033 992 2141 1038 tem
2195 992 2454 1048 tacerent,
2508 984 2917 1041 circumscribit
2964 987 3280 1042 Honorium.
3321 991 3428 1042 Aut
3474 1006 3606 1055 ergo

2033 1074 2253 1143 quando
2281 1075 2588 1132 Orientales
2629 1077 2960 1133 damnabant
3002 1079 3337 1142 Honorium,
3372 1097 3604 1134 consen-

2034 1165 2233 1220 tientes
2262 1167 2537 1222 habebant
2565 1169 2729 1224 etiam
2784 1170 2991 1239 legatos
3025 1187 3194 1239 papae,
3229 1183 3323 1226 aut
3356 1188 3462 1226 non
3502 1173 3605 1225 ha-

2033 1257 2328 1313 bebant.Si
2350 1274 2457 1313 non
2487 1259 2780 1322 habebant,
2817 1270 3027 1315 certum
3055 1273 3138 1317 est
3161 1265 3304 1331 quod
3335 1265 3602 1324 dicimus;

2032 1347 2076 1401 si
2102 1363 2230 1402 vero
2261 1348 2570 1413 habebant,
2610 1350 2798 1404 illicite
2850 1351 3160 1413 habebant,
3197 1353 3346 1406 nulla
3393 1354 3483 1406 tali
3532 1353 3607 1406 fa-

2034 1439 2235 1494 cultatc
2259 1441 2510 1509 prazditos
2534 1457 2562 1494 a
2591 1441 2868 1510 pourtifice.
2889 1441 3176 1508 Quomodo
3196 1445 3341 1497 enim
3365 1445 3604 1516 pontifex

2035 1531 2196 1585 talem
2235 1531 2471 1586 dedisset
2519 1524 2831 1586 facultatem
2885 1533 3384 1588 anathematizandi
3423 1534 3605 1586 Ilono-

2035 1621 2197 1686 rium,
2235 1621 2327 1690 qui
2349 1637 2604 1692 expresse
2635 1624 2830 1676 asserit
2871 1625 3080 1676 nullum
3119 1625 3428 1677 Romanum
3465 1640 3605 1691 pon-

2036 1712 2236 1768 tiﬁcem
2291 1727 2506 1767 errasse
2557 1714 2610 1766 in
2666 1713 2809 1767 ﬁde?
2861 1724 2918 1769 et
2985 1715 3353 1769 describendo
3418 1716 3604 1769 Hono-

1962 1839 2006 1894 Β
2033 1805 2176 1858 rium
2211 1803 2427 1868 laudat,
2457 1804 2550 1874 qui
2596 1804 2842 1859 decimus
2883 1811 3008 1859 ante
3033 1805 3372 1874 Agathonem
3430 1805 3602 1860 fuerat

2039 1895 2214 1964 papa?

2107 1986 2184 2040 Ita
2226 1985 2384 2056 plane
2435 1993 2682 2050 constat,
2719 1985 3020 2041 Honorium
3053 2002 3082 2041 a
3115 1987 3246 2042 solis
3286 1988 3602 2042 damnatum

2035 2074 2422 2132 Orientalibus.

2106 2167 2262 2224 Sicut
2301 2177 2480 2224 autem
2517 2177 2713 2238 quarta
2751 2171 3014 2242 synodus,
3050 2171 3180 2240 quia
3213 2187 3372 2226 suum
3433 2187 3598 2226 cano-

2035 2274 2156 2314 nem
2179 2259 2246 2314 de
2271 2258 2479 2314 honore
2505 2259 3098 2332 Constantinopolitani
3125 2263 3368 2332 episcopi
3397 2264 3602 2332 absque

2031 2365 2166 2418 papa
2203 2350 2544 2416 condiderat,
2598 2352 2732 2405 nihil
2766 2353 3006 2422 peregit,
3044 2355 3115 2407 ita
3143 2361 3200 2407 et
3250 2365 3401 2408 sexta
3435 2369 3598 2423 syno-

2031 2440 2155 2502 dus,
2191 2441 2411 2510 quando
2442 2451 2664 2510 propter
2708 2441 2828 2496 illas
2884 2441 3346 2510 mquivoeationes
3395 2442 3603 2508 absque

2031 2547 2166 2602 papa
2226 2532 2503 2587 damnavit
2567 2532 2889 2595 Honorium,
2944 2533 3078 2586 nihil
3137 2533 3364 2602 peregit.
3421 2532 3601 2598 Quare

2033 2638 2132 2677 nec
2163 2623 2451 2679 haereticus
2483 2623 2778 2688 Honorius,
2816 2639 2916 2678 nec
2947 2634 3034 2679 est
3061 2624 3281 2693 proprie
3334 2640 3364 2678 a
3393 2625 3602 2694 synodo

2029 2713 2358 2777 dan'matus;
2413 2713 2509 2768 sed
2556 2720 2612 2768 et
2649 2713 2761 2782 ipse
2821 2713 3418 2775 orthodoxissimus,et
3467 2729 3599 2765 ana-

2032 2805 2211 2860 thema
2251 2804 2402 2858 illum
2459 2819 2568 2858 non
2618 2803 2854 2872 attingit.
2911 2804 3123 2858 Clamat
3173 2803 3318 2856 enim
3380 2805 3431 2856 in
3482 2803 3598 2858 suis

2027 2895 2294 2965 cpiswlis,
2322 2895 2480 2950 tertia
2509 2893 2974 2950 Chalcedonensis
3002 2892 3191 2962 synodi
3231 2900 3404 2960 parte.
3461 2907 3600 2959 pra:-

2027 2987 2216 3041 sertim
2251 3002 2382 3041 vero
2411 2986 2478 3040 ad
2509 2985 2853 3040 Pulchcriam
2903 2985 3200 3055 Augustam
3227 2983 3337 3037 Leo
3371 2983 3598 3052 Magnus

2025 3095 2202 3149 papa:
2239 3098 2257 3132 ι
2283 3079 2684 3136 Conscnsiones
2727 3078 3108 3147 episcoporum
3159 3085 3472 3132 sanctorum
3509 3091 3598 3129 re-
3681 3147 3689 3152 γ

353 3173 467 3226 τῶν
490 3174 823 3234 ἐπισκόπων,
845 3173 902 3227 αἳ
937 3174 1353 3244 παρὰ-κανόνας
1387 3176 1650 3243 γίνονται,
1686 3170 1920 3247 ἀκυροῦ-

2023 3173 2166 3244 gulis
2195 3181 2557 3241 repugnantes
2596 3171 2650 3224 in
2713 3170 2924 3224 irritum
2981 3170 3250 3223 mittimus
3285 3178 3340 3222 et
3369 3183 3465 3237 per
3493 3183 3595 3219 au-

367 3280 491 3331 μεν,
522 3264 616 3315 καὶ
645 3265 711 3333 τῇ
744 3262 1024 3334 παύθεντίᾳ
1051 3263 1144 3318 τοῦ
1177 3265 1449 3334 μακαρίου
1479 3267 1780 3320 ἀποστόλου
1821 3269 1922 3321 Πέ-

351 3370 486 3424 τρου
517 3355 746 3409 καθόλου
774 3355 932 3409 τοῦτο
960 3357 1270 3426 ὁριζόμενοι
1300 3358 1624 3429 ἀθετοῦμεν.
1662 3379 1681 3412 ι

997 3470 1276 3525 ΝΕΙΛΟΣ.

398 3603 447 3648 ⁷ι
483 3585 544 3638 Εἰ
574 3584 630 3638 δὲ
671 3585 925 3656 Ὀνὼρεος
967 3586 1183 3656 Ῥώμης
1232 3587 1529 3656 ἐπίσκοπος
1569 3590 1662 3644 καὶ
1714 3591 1919 3662 αἱρετι-

348 3679 470 3744 κὸς,
495 3680 717 3732 δυνατὸν
750 3679 860 3750 ἄρα
915 3679 1005 3732 τὸν
1057 3679 1244 3733 πάπαν
1269 3681 1380 3733 τῶν
1434 3683 1617 3749 ὀρθῶν
1664 3684 1919 3736 ἐκπεσεῖν

347 3773 673 3842 δογμάτωνο
715 3772 815 3825 οὐκ
855 3771 961 3842 ἄρα
997 3773 1311 3835 ἐκλιπόντος
1361 3774 1526 3826 αὐτοῦ
1580 3775 1680 3844 τὴν
1714 3776 1916 3841 πίστιν,

349 3867 382 3919 ὁ
404 3865 497 3919 τοῦ
532 3864 736 3934 Κυρίου
768 3865 1115 3917 διαπέπτωκε
1167 3864 1343 3932 λόγος,
1378 3865 1439 3918 ὃν
1493 3868 1622 3936 περὶ
1669 3870 1768 3938 τῆς
1795 3869 1920 3920 Ἐκ.

347 3959 580 4028 κλησίας
606 3958 840 4028 εἰρήκει,
882 3940 1058 4018 πύλας
1093 3958 1222 4028 ᾅδου
1256 3961 1331 4028 μὴ
1376 3960 1672 4029 δυνηθῆναι
1711 3963 1916 4032 ταύτης

344 4051 734 4120 περιγενέσθαι
755 4065 769 4079 ·
823 4049 936 4102 ἐστι
967 4050 1071 4118 γὰρ
1100 4052 1155 4103 ἐν
1183 4054 1293 4114 τοῖς
1330 4054 1535 4115 λοιποῖς
1590 4053 1916 4127 ἐπισκόποις

343 4142 446 4194 καὶ
494 4141 638 4210 μάλα
689 4143 791 4208 τὴν
836 4140 1118 4194 εὐσέϐειαν
1152 4142 1441 4206 σώζεσθαι.
1492 4140 1736 4212 ’Φανερὺν
1768 4144 1916 4197 δὲέκ

341 4235 554 4289 τούτων
613 4235 746 4304 μηδέ
784 4238 848 4303 τῇ
882 4235 978 4303 τῆς
1012 4233 1230 4304 Ῥώμης
1261 4234 1562 4307 Ἐκκλησία
1608 4237 1917 4308 προσήκειν

341 4331 409 4384 τὸ
432 4332 524 4384 ἐπὶ
544 4330 715 4400 ταύτῃ
744 4332 808 4400 τῇ
834 4330 1012 4399 πέτρα
1031 4327 1128 4398 τὴν
1158 4328 1485 4399 Ἐκκλησίαν
1506 4328 1912 4400 ᾠκοδομῆσθαι⁹

340 4423 505 4477 τοῦτο
529 4423 747 4492 γὰρκαὶ
769 4423 1048 4491 φορτικὸν,
1075 4439 1170 4474 και
1197 4421 1256 4474 οὐ
1286 4422 1470 4491 πόρῤω
1490 4423 1591 4491 τῆς
1614 4423 1914 4492 Ἰουδαϊκῆς

2023 3263 2327 3318 ctoritatem
2381 3261 2524 3315 beati
2578 3261 2722 3315 Petri
2787 3260 3018 3330 apostoli
3077 3259 3322 3331 generali
3363 3273 3595 3329 prorsus

2022 3354 2346 3410 deﬁnitione
2372 3369 2672 3409 cassamus.
2712 3372 2731 3406 ι

2555 3473 2760 3531 NlLUS
2784 3473 2939 3544 (Cap.
2972 3473 3081 3544 Vl).

2097 3605 2118 3637 ε
2154 3585 2308 3653 Quod
2341 3586 2386 3642 si
2424 3584 2700 3641 Honorius
2754 3587 3035 3640 Romanus
3067 3594 3153 3640 est
3199 3586 3488 3655 episcopus
3538 3592 3596 3637 ct

2021 3678 2334 3737 ιιτοτοιίουε,
2362 3687 2538 3746 potest
2576 3693 2708 3746 ergo
2760 3693 2895 3746 papa
2949 3677 3003 3731 in
3059 3677 3163 3730 fide
3210 3694 3419 3732 errare.
3475 3678 3594 3732 Non

2021 3766 2185 3835 igitur
2219 3766 2321 3820 fide
2370 3781 2519 3834 papae
2562 3766 2850 3820 deﬁciente
2879 3767 3091 3820 corruit
3131 3781 3314 3820 sermo
3351 3767 3589 3830 Domini,

2019 3873 2179 3927 quem
2221 3857 2288 3911 de
2323 3856 2564 3911 Ecclesia
2603 3857 2860 3926 protulit;
2898 3866 3082 3926 portas
3117 3857 3279 3912 inferi
3323 3857 3590 3911 adversus
3671 3840 3682 3853 ’

2018 3966 2137 4006 eam
2175 3965 2282 4003 non
2309 3949 2705 4018 prmvalituras.
2747 3951 2936 4003 Potest
2975 3947 3123 4001 enim
3156 3948 3316 4018 plane
3368 3948 3419 4000 in
3480 3963 3588 4001 cae-

2021 4043 2153 4097 tcris
2179 4042 2450 4111 episc0pis
2467 4057 2588 4096 esse
2621 4041 2757 4095 fides
2777 4041 2944 4094 salva.
2966 4041 3042 4094 Et
3076 4041 3162 4094 his
3189 4041 3356 4095 etiam
3389 4036 3588 4109 liq’nct,

2019 4133 2277 4186 Romana:
2307 4131 2566 4186 Ecclesia:
2599 4145 2945 4200 nequaquam
2975 4131 3292 4194 convenire,
3333 4142 3390 4184 ut
3423 4143 3591 4199 super

2019 4221 2163 4276 illam
2188 4231 2396 4291 petram
2427 4221 2690 4285 aedificata
2717 4221 2787 4274 sit
2818 4220 3083 4274 Ecclesia.
3105 4220 3219 4274 Hoc
3242 4221 3390 4273 enim
3417 4236 3585 4288 grave

2015 4324 2120 4379 est,
2159 4323 2214 4368 et
2270 4327 2381 4367 non
2441 4312 2671 4366 multum
2714 4313 2877 4365 distat
2935 4327 2964 4366 a
3023 4314 3288 4366 tenuitate
3334 4311 3587 4376 Judaica,

2020 4407 2314 4462 Ecclesiam
2365 4406 2608 4460 Humana
2663 4408 2798 4459 urbe
2836 4406 3312 4461 circumscribere.
3345 4405 3450 4459 Sed
3481 4405 3583 4459 Ec-

339 4514 756 4584 ταπεινότητος,
810 4514 1173 4582 περιγράφειν
1217 4516 1284 4581 τῇ
1328 4511 1514 4584 Ῥώμῃ
1543 4513 1643 4581 τὴν
1676 4511 1912 4581 Ἐκκλη-

2023 4499 2234 4552 clesiam
2289 4495 2578 4552 mdilichvit
2630 4495 2883 4551 Christus
2951 4511 3119 4566 super
3181 4496 3582 4551 confessionem

341 4607 490 4658 σίαν.
549 4605 689 4658 Ἀλλ’
717 4604 1034 4674 ᾠκοδόμησε
1081 4605 1180 4673 τὴν
1229 4604 1566 4669 Ἐκκλησίαν
1609 4607 1638 4658 ὁ
1679 4605 1920 4673 Χριστὸς

339 4698 440 4748 ἐπὶ
466 4698 530 4766 τῇ
554 4694 800 4765 θεολογίᾳ
823 4694 916 4746 τοῦ
950 4693 1181 4763 Πέτρου,
1204 4694 1298 4746 καὶ
1327 4695 1418 4746 ἐπὶ
1450 4695 1617 4748 πᾶσιν
1641 4694 1690 4747 οἳ
1713 4695 1917 4763 ταύτης

339 4790 447 4854 τῆς
485 4789 776 4858 ὁμολογίας
804 4787 1042 4855 φύλακες
1072 4787 1309 4840 ἔσονται.
1342 4806 1362 4838 ι

907 4900 1340 4955 ΑΝΤΙΡΡΗΣῘΣ.

416 5019 560 5072 ’Όσα
624 5019 928 5088 ἑπιιρέρεις,
990 5017 1174 5086 ψευδεί
1235 5017 1590 5088 ἐπιστηρίξας
1651 5016 1908 5086 θεμελίῳ,

339 5109 551 5182 φροῦδα
580 5115 861 5178 τυγχάνει.
898 5111 962 5163 Et
995 5110 1103 5178 γὰρ
1142 5108 1398 5178 Ὀνῶριος
1440 5109 1749 5178 ὀρθοδοξὶας
1775 5109 1914 5176 λοιμ-

337 5206 508 5274 πτὴρ,
547 5205 641 5256 καὶ
667 5205 864 5266 ἀδίκως
890 5204 979 5255 ἐπὶ
1010 5201 1353 5270 ὁμωνυμίαις
1401 5202 1702 5270 κατεκρίθη
1758 5202 1914 5270 παρὰ

334 5300 450 5351 τῶν
468 5281 824 5358 ἀνατολικῶν,
853 5293 1226 5362 βουληθέντων
1260 5294 1436 5370 ᾀλλως
1464 5292 1787 5357 ἐκδέξασθαι
1812 5295 1912 5356 τὰς

347 5386 610 5454 ὐνωρξου
662 5382 836 5449 λέξεις
859 5423 872 5448 ,
904 5383 935 5451 ἢ
975 5381 1108 5452 παρ’
1163 5381 1372 5435 ἐκείνου
1401 5383 1753 5452 ἐγράφησαν
1791 5383 1910 5447 πῶς

333 5479 455 5531 ἐστι
489 5477 579 5529 τὸν
609 5476 796 5529 πάπαν
873 5476 1060 5528 πάτταν
1089 5474 1195 5526 τῶν
1222 5474 1399 5544 ὀρθῶν
1427 5477 1675 5528 ἐκπεσεῖν
1701 5477 1909 5544 δογμά-

332 5586 480 5636 των;
509 5571 566 5622 Εἰ
596 5570 704 5640 γὰρ
731 5570 973 5630 ἐκπέσοι,
999 5569 1421 5620 διαπέπτωκενό
1453 5568 1548 5620 τοῦ
1582 5569 1789 5636 Κυρίου
1821 5569 1910 5620 λό-

333 5677 430 5729 γος
463 5661 555 5726 καὶ
590 5661 624 5729 ἡ
647 5658 968 5727 ἐπαγγελία,
991 5655 1064 5718 ὥς
1099 5673 1260 5725 φησιν
1283 5658 1311 5707 6
1341 5655 1606 5724 μακάριος
1635 5656 1905 5722 Ἁγάθων,

333 5754 427 5805 καὶ
473 5754 499 5803 6
527 5750 779 5819 βασιλεὺς
832 5748 1190 5816 Πωγωνάτος,
1240 5742 1318 5800 ὦν
1374 5764 1456 5798 σοι
1510 5745 1580 5799 τὰ
1614 5749 1756 5817 ῥητᾷ
1803 5749 1903 5818 ἤδη

334 5846 800 5913 πρυενηνόχαμεν.
855 5843 926 5896 Τὸ
959 5843 1015 5896 δέ
1075 5844 1132 5896 ἐν
1183 5842 1292 5906 τοῖς
1341 5841 1551 5904 λοιποῖς
1583 5842 1904 5907 ἐπισκόποις

2021 4589 2188 4654 Petri,
2220 4599 2275 4644 et
2322 4589 2594 4644 universis
2645 4588 2738 4658 qui
2802 4588 3161 4645 confessionis
3185 4589 3305 4661 ejus
3330 4589 3588 4645 custodes

2020 4693 2202 4736 erunt.
2240 4699 2260 4732 ι

2569 4900 3028 4959 CONFUTATIO.

2088 5010 2439 5081 Qumcunque
2497 5009 2667 5065 infers
2736 5024 2873 5064 vana
2933 5018 3063 5062 sunt
3089 5024 3155 5064 ex
3224 5009 3360 5065 falso
3410 5011 3589 5080 posito

2016 5105 2395 5159 fundamento.
2421 5104 2554 5160 Nam
2601 5104 2646 5159 si
2702 5101 2977 5157 Honorius
3011 5102 3349 5156 orthodosia:
3407 5104 3589 5159 radios

2014 5201 2217 5256 emittit
2243 5210 2299 5256 et
2349 5201 2498 5254 nullo
2523 5215 2624 5255 suo
2652 5199 2850 5253 merito
2873 5198 3162 5251 damnatus
3195 5209 3280 5251 est
3319 5199 3388 5253 ob
3413 5202 3588 5267 atqui-

2014 5294 2328 5347 vocationes
2353 5293 2421 5346 ab
2441 5291 2835 5355 Orientalibus,
2859 5289 2951 5359 qui
2987 5303 3150 5344 voces
3176 5291 3294 5359 ejus
3327 5291 3380 5346 in
3412 5293 3582 5345 alium

2012 5391 2288 5452 cxceperc’
2334 5396 2555 5436 sensum
2586 5397 2746 5450 quam
2773 5381 2840 5435 ab
2867 5395 2934 5434 eo
2959 5380 3175 5450 scriptae
3206 5390 3382 5444 erant,
3433 5383 3584 5436 nullo

2013 5474 2174 5529 modo
2205 5472 2468 5544 probasti,
2523 5487 2739 5541 papam,
2775 5480 2832 5524 ut
2863 5487 3076 5539 papam,
3123 5487 3309 5525 errare
3338 5488 3491 5541 posse
3526 5473 3580 5527 in

2012 5567 2153 5629 ﬁde;
2192 5567 2236 5620 si
2271 5565 2419 5618 enim
2458 5562 2746 5625 erraverit,
2811 5577 2994 5616 sermo
3051 5562 3280 5615 Domini’
3339 5563 3582 5630 dilapsus

2011 5669 2113 5724 est,
2147 5667 2200 5713 et
2229 5657 2429 5712 defecit
2463 5654 2791 5724 promissio:
2823 5654 2968 5722 quod
3003 5663 3163 5724 negat
3193 5662 3416 5706 sanctus
3442 5670 3577 5722 papt

2009 5751 2241 5821 Agatho,
2293 5757 2347 5803 ct
2378 5749 2672 5817 imperator
2701 5747 3096 5803 Constantinus
3129 5745 3461 5812 Pogonatus,
3522 5760 3580 5803 ut

2008 5857 2174 5912 supra
2203 5839 2572 5910 exposuimus.
2613 5839 2668 5893 In
2697 5838 2905 5894 ca'tcris
2931 5845 3113 5893 autem
3143 5835 3420 5904 episcopis
3449 5853 3578 5894 cou-
