4088 6294
421 3318 452 3351 Ι

572 382 682 446 767
1725 379 2095 468 MATTHAEI
2129 365 2664 440 CARYOPIIYLLI
3693 377 3778 440 763

571 497 776 552 servari
799 511 956 566 posse
987 505 1191 553 rectam
1215 497 1396 563 ﬁdem,
1417 497 1558 552 sicut
1584 496 1985 553 confessionem
2011 497 2153 552 dicis

2260 495 2361 567 τὴν
2383 493 2666 547 εὐσέϐειαν
2699 490 2988 556 σώζεσθαι,
3019 493 3067 546 εί
3103 493 3202 561 μὲν
3232 493 3410 560 λέγεις
3431 492 3507 555 ὡς
3530 493 3782 562 ὁμολογίαν

570 602 867 642 consonam
901 587 1047 663 Petri
1074 587 1367 651 cathedrze,
1405 597 1555 653 esto;
1591 589 1637 641 si
1671 603 1797 642 vero
1826 598 1886 643 ut
1913 589 2148 643 incredi-

573 691 738 734 tatem
771 680 984 734 aPetro
1015 679 1304 735 deductam
1339 680 1563 743 clamat,
1589 690 1650 734 ut
1678 695 1844 748 supra
1879 681 2147 747 diximus,

569 782 764 842 quarta
837 771 1096 843 synodus,
1149 786 1366 840 papam,
1427 782 1748 826 conservata
1796 788 1964 826 aurea
2020 773 2145 828 ﬁdei

576 876 795 931 catena,
847 881 968 934 quae
1015 879 1044 918 a
1095 863 1376 919 Salvatore
1428 863 1740 929 deducitur,
1774 866 2145 922 constitutum

574 974 700 1011 esse
735 956 990 1010 omnibus
1014 955 1166 1010 vocis
1188 955 1332 1010 beati
1359 955 1506 1010 Petri
1539 956 1933 1024 interpretem;
1981 973 2144 1027 quam

571 1058 713 1101 et’se
748 1047 1023 1115 inquiunt,
1083 1060 1211 1100 usos
1263 1054 1488 1100 auctore
1541 1056 1595 1101 ct
1635 1047 1776 1102 duce
1807 1064 1965 1118 papa,
2022 1059 2144 1103 tan-

571 1154 734 1206 quam
769 1139 1016 1193 veritatis
1053 1138 1428 1194 haereditate-ut
1465 1139 1777 1195 ostendisse
1813 1151 1867 1194 et
1891 1142 2146 1198 docuisse

497 1251 505 1264 ·
572 1231 831 1285 Ecclesia:
881 1231 1039 1285 ﬁlios.
1083 1233 1148 1285 Et
1177 1234 1393 1287 actione
1439 1247 1477 1286 ιι
1509 1232 1576 1287 ad
1635 1233 1798 1287 finem
1841 1235 2148 1288 clamarunt

570 1323 810 1391 episcopi
839 1341 852 1376 :
893 1341 911 1374 ‹
929 1323 1120 1379 Petrus
1142 1339 1239 1392 per
1265 1322 1503 1378 Leonem
1523 1325 1869 1379 haeclocutus
1888 1334 1992 1387 est,
2023 1339 2144 1378 cum

571 1415 797 1468 recitata
838 1414 950 1469 illis
987 1415 1184 1470 fuisset
1205 1416 1438 1484 epistola
1475 1431 1648 1484 papae.
1691 1415 1756 1469 Et
1802 1426 1952 1470 sexta
1984 1431 2149 1488 syno-

571 1505 676 1558 dus
712 1505 764 1559 in
817 1505 1246 1576 Prosphonctico
1280 1507 1348 1560 ad
1371 1507 1795 1562 Constantinum
1851 1508 2149 1577 imperato-

579 1610 718 1658 rem,
758 1595 980 1660 Charta,
1011 1597 1214 1666 inquit,
1249 1595 1537 1652 videbatur
1569 1607 1624 1652 et
1653 1607 2039 1665 atramentum,
2093 1607 2149 1654 et

574 1703 674 1756 per
703 1688 1044 1756 Agathonem
1078 1688 1406 1756 loquebatur
1441 1687 1659 1743 Petrus.
1701 1707 1719 1738 ι
1770 1690 1826 1743 Si
1858 1706 1991 1758 ergo
2043 1693 2146 1746 Pe-

577 1789 694 1834 trus
713 1779 958 1848 loquitur
984 1795 1084 1849 per
1117 1796 1339 1849 papam,
1377 1779 1650 1851 theologia
1678 1781 1824 1838 Petri
1851 1782 1903 1834 in
1936 1785 2148 1838 caeteris

574 1869 848 1936 episcopis
876 1870 1174 1930 confessio,
1207 1869 1260 1924 in
1296 1885 1621 1926 successore
1661 1871 1810 1926 Petri
1838 1883 1924 1927 est
1979 1874 2152 1929 hatre-

582 1959 731 2013 ditas
755 1959 900 2023 ﬁdei,
939 1970 993 2014 et
1043 1961 1170 2028 quia
1233 1960 1386 2031 juxta
1419 1971 1638 2015 sanctos
1672 1947 1860 2016 Patres
1919 1964 2154 2030 promis-

495 2043 502 2050 ’
576 2065 746 2103 suma
781 2052 1000 2106 Christo
1054 2052 1256 2107 factum
1317 2051 1615 2118 cstPctro,
1673 2061 1732 2106 ut
1792 2053 2154 2118 ostendimus,

578 2142 731 2196 solus
786 2145 930 2198 Petri
965 2158 1253 2199 successor
1293 2145 1457 2202 habet
1488 2146 1873 2216 promissionis
1903 2145 1955 2199 vi
2003 2146 2154 2199 iner-

578 2247 790 2291 mntem
823 2238 982 2292 ﬁdem
1009 2256 1024 2303 ;
1054 2241 1235 2294 caeteri
1268 2239 1534 2310 episc0pi,
1564 2239 1693 2294 licet
1750 2239 1989 2294 habeant
2019 2253 2153 2292 con-

577 2330 890 2393 fessionem,
957 2349 1069 2388 non
1124 2334 1353 2402 proinde
1397 2333 1600 2388 habent
1667 2334 1969 2388 inerrantis
2026 2330 2151 2386 lidei

579 2425 1025 2491 promissionem.

2251 590 2357 656 τῆς
2385 586 2622 649 πίστεως
2667 585 2962 656 σύμφωνον
2990 585 3070 655 τῷ
3099 585 3309 654 Πέτρου
3338 584 3534 654 θρόνῳ,
3557 586 3712 639 ἐστω·
3741 591 3782 639 εί

2248 679 2306 732 δὲ
2336 679 2410 739 ὼς
2460 679 2828 749 κληρονομίαν
2859 677 3010 746 παρά
3043 677 3137 730 τοῦ
3176 677 3380 746 Πέτρου
3417 677 3784 746 καταγομένην,

2253 772 2372 842 βοᾷ,
2396 773 2472 835 ὡς
2517 772 2628 826 ἄνω
2659 771 3005 841 προείρηται,
3037 773 3071 841 ἡ
3110 769 3349 838 τετάρτη
3396 769 3632 832 σύνοδος,
3661 770 3732 820 ὅτι
3763 771 3786 821 ό

2248 865 2440 926 πάντας
2458 863 2557 933 τὴν
2586 861 2799 932 χρυσῆν
2820 863 2919 931 τῆς
2946 860 3181 922 πίστεως
3205 859 3390 928 σειρὰν
3420 859 3566 926 παρά
3592 858 3679 911 τοῦ
3697 859 3788 911 Σωο

2247 955 2413 1023 τῆρος
2439 955 2821 1023 καταγομένην
2848 950 3112 1021 φυλάξας,
3134 953 3269 1003 πᾶσι
3300 951 3521 1018 γέγονεν
3550 950 3788 1018 ἑρμηνεὺς

2249 1049 2350 1118 τῆς
2403 1052 2590 1118 φωνῆς
2619 1048 2714 1100 τοῦ
2768 1045 3045 1117 μακαρίου
3095 1044 3337 1112 Πέτρου·
3382 1044 3451 1114 ἧν
3486 1060 3614 1110 φασι
3633 1041 3789 1110 φωνὴν

2249 1144 2345 1194 καὶ
2377 1142 2550 1206 αὐτοὶ,
2577 1139 2806 1211 ἀρχηγῷ
2839 1140 2918 1211 τῷ
2948 1139 3105 1208 πάπᾳ
3123 1139 3485 1206 χρησάμενοι,
3512 1136 3586 1197 ὠς
3608 1134 3785 1203 κλῆρον

2250 1234 2348 1300 τῆς
2376 1233 2634 1304 ἀληθείας
2686 1232 2914 1298 ἔδειξαν,
2969 1231 3066 1284 καὶ
3123 1229 3372 1294 ἐδίδαξαν
3400 1229 3471 1281 τὰ
3501 1227 3661 1279 τέκνα
3708 1225 3788 1297 τῆς

2262 1326 2611 1394 Ἐκκλησίας.
2638 1327 2749 1379 Καὶ
2783 1326 2838 1378 ἐν
2867 1327 2930 1394 τῇ
2957 1324 3187 1392 δευτέρᾳ
3225 1321 3424 1390 πράξει
3458 1320 3591 1391 πρὸς
3621 1319 3691 1391 τῷ
3717 1323 3787 1374 τέ-

2249 1416 2331 1469 λει
2365 1417 2600 1485 ἐϐόησαν
2635 1417 2686 1468 οί
2740 1415 3033 1468 ἐπίσκοποι
3073 1413 3211 1483 μετά
3249 1413 3347 1482 τὴν
3387 1414 3685 1480 ἀνάγνωσιν
3712 1413 3790 1480 τῆς

2251 1509 2538 1578 ἐπιστολῆς
2564 1509 2657 1562 τοῦ
2689 1507 2846 1561 πάπα
2871 1509 3100 1570 Λέοντος
3121 1523 3134 1538 ·
3177 1525 3196 1558 ι
3231 1506 3436 1575 Πέτρος
3465 1505 3552 1557 διὰ
3596 1504 3790 1558 Λέοντος

2247 1599 2426 1656 ταῦτα
2477 1598 2838 1670 ἐξεφώνησεν.
2877 1618 2896 1652 ι
2962 1597 3074 1652 Καὶ
3113 1599 3147 1667 ἡ
3177 1596 3313 1664 ἕκτη
3383 1594 3594 1656 σύνοδος
3634 1593 3687 1642 ἐν
3731 1590 3792 1660 τῷ

2251 1692 2687 1762 προσφωνητικῷ
2742 1690 2880 1761 πρὸς
2941 1691 3032 1742 τὸν
3091 1688 3314 1759 βασιλέα
3382 1687 3789 1746 Κωνσταντῐνον,

2259 1800 2278 1833 ι
2317 1781 2563 1851 Χάρτης,
2597 1781 2754 1851 φησὶ,
2796 1784 2890 1834 καὶ
2917 1780 3082 1850 μέλαν
3115 1779 3391 1848 ἐφαίνετο,
3437 1780 3528 1830 καὶ
3567 1777 3628 1830 δι’
3655 1773 3794 1841 ’Δγά-

2183 1891 2223 1946 Β
2255 1872 2422 1936 θωνος
2451 1875 2479 1924 ό
2507 1873 2710 1943 Πέτρος
2751 1873 3071 1940 ἐφθέγγετο.
3119 1889 3138 1922 ι
3180 1872 3239 1923 Εἰ
3269 1870 3402 1938 γοῦν
3435 1868 3525 1921 διὰ
3554 1865 3643 1920 τοῦ
3665 1865 3794 1920 πάπα

2254 1964 2551 2032 φθέγγεται
2579 1967 2608 2017 ό
2659 1965 2885 2033 Πέτρος,
2919 1965 2952 2034 ἡ
2987 1963 3236 2031 θεολογία
3269 1962 3363 2014 τοῦ
3386 1961 3594 2030 Πέτρου
3623 1959 3677 2010 ἐν
3705 1957 3797 2018 τοίς

2255 2055 2463 2118 λοιποῖς
2495 2057 2812 2119 ἐπισκόποις
2863 2057 3124 2127 ὁμολογία
3162 2054 3330 2118 ἐστὶν,
3369 2055 3430 2106 ἐν
3474 2052 3549 2120 τῷ
3602 2048 3798 2117 διαδόχῳ

2253 2148 2348 2200 τοῦ
2399 2149 2607 2215 Πέτρου
2649 2147 3115 2220 κληρονομίαῆτῆς
3143 2139 3376 2207 πίστεως
3400 2160 3415 2175 ο
3453 2143 3550 2213 τὴν
3575 2142 3628 2194 δέ
3655 2142 3798 2206 ἐπαγ-

2253 2238 2442 2307 γελίαν
2493 2240 2522 2292 ό
2551 2240 2784 2309 Χριστὸς
2833 2241 3126 2310 ἐποιήσατο
3161 2239 3301 2292 κατά
3331 2237 3459 2298 τοὺς
3501 2235 3677 2302 ἁγίους
3708 2232 3800 2283 Πα-

2251 2331 2436 2403 τέρας,
2461 2331 2542 2395 ὡς
2570 2333 2967 2404 δέδεικται,τῴ
2987 2333 3179 2402 Πέτρῳ
3201 2346 3217 2363 ·
3255 2330 3419 2397 μόνος
3443 2327 3592 2396 ἄραό
3623 2325 3799 2392 Πέτρου

2253 2423 2496 2492 διάδοχος
2525 2423 2637 2494 ἔχει
2674 2425 2734 2478 τὸ
2766 2423 3008 2486 ἀπλανὲς
3035 2424 3133 2494 τῆς
3165 2423 3405 2484 πίστεως
3459 2422 3522 2474 ἐκ
3546 2420 3637 2485 τῆς
3662 2418 3803 2494 ἐπαγς

580 2516 794 2581 γελίας·
828 2519 877 2570 οί
906 2519 1081 2572 λοιποὶ
1109 2519 1166 2572 δέ
1202 2520 1513 2586 ἐπίσκοποι,
1541 2519 1646 2573 κᾶν
1704 2518 1943 2600 τύχωσιν
2011 2518 2224 2588 ἔχοντες
2260 2517 2358 2586 τὴν
2405 2517 2586 2589 ἀληθῆ
2615 2519 2928 2590 ὁμολογίαν,
2956 2518 3106 2588 ὅμως
3137 2517 3361 2571 αὐτόθεν
3391 2516 3495 2568 ούκ
3528 2513 3700 2582 έχουσι
3725 2503 3800 2561 του

580 2614 839 2668 ἀπλανῶς
871 2619 968 2684 τὴν
995 2618 1354 2686 ἐπαγγελίαν.

650 2712 828 2789 Quare
850 2729 918 2768 ex
947 2729 1073 2768 vera
1095 2715 1434 2771 confessione
1467 2717 1847 2786 episcoporum
1876 2715 2016 2770 sumi
2056 2729 2164 2769 non

2341 2708 2502 2762 Ὅθεν
2534 2702 2596 2758 ἐκ
2632 2704 2730 2773 τῆς
2753 2703 2986 2773 ἀληθοῦς
3022 2703 3133 2756 τῶν
3183 2699 3503 2756 ἐπισκόπων
3553 2691 3803 2789 ὁμολογίας

582 2785 764 2874 potest
793 2807 1088 2873 certitudo,
1121 2807 1370 2870 ﬁrmitas,
1405 2818 1460 2864 et
1484 2785 1790 2864 infallibilis
1825 2807 1949 2862 ﬁdei
1991 2807 2161 2864 recti-

2263 2802 2362 2856 οὐκ
2391 2801 2505 2854 ἔστι
2532 2799 2716 2852 λαϐεῖν
2753 2798 2813 2850 τὸ
2868 2798 3085 2867 βέϐαιον
3108 2837 3122 2864 ,
3175 2801 3270 2848 καὶ
3318 2790 3699 2860 ἀναμφίϐολον,
3728 2785 3804 2838 καὶ

586 2898 739 2960 tudo,
767 2897 873 2953 nisi
911 2914 976 2954 ex
1015 2915 1082 2953 eo
1122 2917 1254 2969 uno,
1292 2901 1345 2955 in
1370 2917 1479 2972 quo
1505 2900 1730 2956 Petrum
1757 2901 1905 2970 loqui
1941 2909 2150 2956 testan-

2256 2895 2641 2964 ἀναμάρτητον
2673 2892 2771 2960 τῆς
2803 2890 3062 2954 πίστεως,
3123 2888 3173 2941 εί
3210 2887 3286 2958 μὴ
3335 2887 3473 2955 παρ’
3497 2883 3692 2936 ἐκείνου
3727 2878 3805 2948 μό-

587 2999 677 3041 ιιιι·
716 2989 931 3058 synodi.
965 2989 1038 3044 lta
1072 2991 1330 3063 Cyrillus,
1370 3008 1557 3048 veram
1613 2993 1820 3047 habens
1849 2993 2160 3061 decensque

2258 3003 2376 3048 νου,
2415 2986 2473 3038 ἐν
2503 2981 2547 3053 ᾧ
2598 3002 2763 3053 φασιν
2794 2984 2852 3036 αί
2896 2981 3104 3035 σύνοδοι
3128 2978 3466 3048 φθέγγεσθαι
3491 2976 3582 3029 τὸν
3608 2973 3802 3040 Πέτρον.

585 3083 1011 3146 confessionem,
1072 3101 1180 3137 non
1211 3093 1296 3139 est
1331 3100 1497 3140 ausus
1551 3086 1829 3140 abstinere
1858 3099 1888 3138 a
1913 3097 2160 3139 commu-

2263 3077 2422 3131 Οῦτω
2455 3076 2724 3144 Κύριλλος
2754 3075 3059 3146 τὴν-ἀληθῆ
3099 3074 3238 3143 έχων
3277 3071 3372 3126 καὶ
3410 3069 3673 3124 διδάσκων
3698 3065 3804 3132 όμο-

587 3174 754 3228 nione
778 3176 1014 3229 Nestorii
1066 3177 1170 3231 nisi
1202 3176 1353 3247 prius
1379 3172 1676 3233 leestino
1713 3194 1860 3247 papa:
1907 3178 2163 3246 scripsis-

2256 3171 2473 3238 λογίαν,
2501 3170 2599 3221 οὐκ
2623 3168 2924 3236 ἐτόλμησεν
2943 3166 3256 3238 ἀπορρῆξαι
3288 3164 3484 3218 ἐαυτὸν
3513 3161 3608 3229 τῆς
3621 3158 3807 3269 ’Νειὶτο-

587 3273 712 3318 set:
751 3284 768 3316 ι
795 3267 906 3321 Nec
936 3268 1088 3336 prius
1137 3283 1167 3322 a
1198 3271 1582 3323 communione
1607 3269 1848 3324 Nestorii
1921 3269 2164 3339 sejungi-

2275 3263 2391 3333 ρίου
2410 3260 2716 3326 κοινωνίας,
2755 3261 2802 3312 εί
2830 3260 2904 3330 μὴ
2944 3259 3211 3329 πρότερον
3242 3255 3554 3324 Κελεστίνῳ
3582 3249 3654 3320 τῷ
3679 3247 3810 3314 πάπᾳ

590 3358 792 3425 gimur,
817 3375 978 3427 quam
1009 3361 1123 3414 haec
1153 3369 1259 3416 tua:
1291 3363 1482 3430 pietati
1511 3373 1640 3417 nota
1664 3363 1985 3417 faciamus»
2018 3363 2164 3419 Unde

2273 3355 2516 3427 γράψας,
2551 3375 2568 3407 ι
2595 3355 2669 3407 υὺ
2700 3355 2983 3424 πρότερον,
3017 3352 3184 3421 φησὶ,
3216 3350 3314 3420 τῆς
3361 3349 3503 3446 sic-pb;
3552 3342 3810 3446 {Veneficii

593 3451 738 3518 hoc,
785 3453 889 3506 nisi
939 3455 1065 3522 quia
1119 3454 1360 3526 Cyrillus
1404 3457 1522 3525 plus
1552 3456 1757 3511 ﬁdebat
1789 3456 2164 3510 infallibilitati

2273 3447 2560 3508 κοινωνίας
2588 3445 2925 3514 ἐκϐάλλομεν
2955 3442 3202 3505 ἑαυτοὺς,
3229 3439 3358 3510 πρὶν
3389 3437 3459 3492 ἂν
3481 3436 3648 3491 ταῦτα
3673 3433 3728 3499 τῇ
3757 3429 3812 3496 σῇ

601 3538 724 3593 lidci
759 3541 905 3598 scdz's
941 3542 1108 3609 Petri,
1137 3561 1301 3614 quam
1335 3546 1906 3604 demonstrationibus
1960 3548 2164 3618 quibus

2275 3537 2557 3608 θεοσεϐείᾳ.
2613 3534 3124 3604 ἀνακοινωσώμεθα.
3164 3552 3183 3586 ι
3243 3531 3414 3585 Πόθεν
3461 3529 3719 3626 τοῦτο,.εῐ
3753 3529 3814 3624 μνη

594 3633 906 3691 Nestorium
941 3638 1189 3694 arctabat
1211 3639 1235 3694 ί
1270 3658 1291 3693 ι
1899 3679 1901 3682 ‹

2274 3628 2356 3682 ὄτι
2391 3628 2597 3698 μᾶλλον
2630 3627 2854 3697 ἐθάρρει
2909 3622 3177 3694 Κύριλλος
3221 3623 3296 3692 τῷ
3346 3619 3587 3675 ἀπλανετ
3608 3619 3699 3686 τῆς

2277 3697 2447 3782 στεως
2493 3719 2586 3774 τοῦ
2638 3719 2854 3791 Ῥώμης
2886 3718 3098 3788 θρόνου,
3146 3716 3178 3787 ἢ
3209 3715 3330 3776 ταῖς
3363 3708 3717 3776 ἀποδείξεσιν,
3742 3697 3814 3764 αἷς

2275 3813 2366 3866 τὸν
2397 3811 2692 3883 Νεστόριον
2715 3807 3105 3879 ἐστενοχώρειὶ
3639 3888 3648 3891 _
3763 3879 3784 3891 ,

645 3900 746 3962 Jta
811 3912 1013 3958 sancta
1084 3905 1327 3978 synodus
1403 3917 1626 3978 quarta,
1713 3923 1842 3966 cum
1895 3910 2164 3987 deﬁnitio-

2347 3902 2533 3965 Οὕτως
2564 3904 2598 3972 ἡ
2631 3901 2764 3969 ἁγία
2797 3901 3031 3969 τετάρτη
3056 3896 3270 3959 σύνοδος
3302 3896 3428 3964 ὅρον
3456 3888 3713 3987 ἐκθεμένη
3736 3888 3816 3982 τῇς

600 4007 726 4049 nem
797 3993 919 4049 ﬁdei
973 3997 1301 4067 scripsisset,
1355 4000 1483 4069 quia
1527 4001 1708 4058 minus
1768 4003 1978 4073 integra
2027 4004 2181 4060 vide-

2277 3996 2541 4062 πίστεως,
2572 3993 2761 4064 ἐπειδὴ
2800 3991 3005 4053 ἀτελῶς
3036 3990 3180 4060 ἔχειν
3207 3986 3405 4054 ἐδόκει,
3441 3987 3507 4037 ἐκ
3529 3981 3631 4035 τῶν
3652 3972 3815 4046 φωνῶν
3881 4003 3892 4014 κ

602 4085 786 4152 batur,
857 4100 928 4142 ex
981 4088 1166 4142 verbis
1237 4091 1481 4159 epistolae
1565 4091 1764 4148 Leonis
1808 4108 1980 4162 papae,
2012 4109 2175 4163 quam

602 4177 946 4233 orthodoxize
1028 4179 1342 4238 columnam
1422 4183 1740 4252 appellavit,
1819 4201 2006 4240 veram
2093 4201 2180 4241 re-

603 4279 706 4324 cta:
737 4270 864 4325 ﬁdei
896 4273 1179 4327 contexuit
1220 4273 1620 4331 deﬁnitionem.
1652 4275 1722 4330 Et
1771 4284 1936 4332 sexta:
1981 4276 2176 4348 synodi

606 4360 796 4416 Patres
825 4362 1066 4417 fatentur
1103 4377 1162 4417 se
1189 4379 1257 4418 ex
1273 4365 1507 4421 lectione
1535 4367 1782 4435 epistola:
1809 4382 1962 4436 papa:
2003 4366 2176 4422 luere-

606 4453 712 4506 sim
735 4451 1068 4517 confutassc,
1090 4465 1146 4509 et
1176 4456 1266 4511 ubi
1287 4456 1447 4512 ﬁdem
1481 4457 1791 4517 ﬁrmarunt.
1824 4458 1910 4513 his
1936 4457 2004 4513 ad
2041 4457 2178 4530 Aga-

2277 4092 2375 4162 τῆς
2400 4087 2688 4157 ἐπιστολῆς
2710 4085 2804 4139 τοῦ
2832 4083 2990 4138 πὰπα
3023 4083 3272 4145 Λέοντος,
3314 4078 3382 4148 ἢν
3407 4075 3708 4170 ὀρθοδοξίας
3724 4073 3816 4170 xor-

2277 4186 2376 4258 νὴν
2408 4185 2610 4255 στήλην
2639 4185 2673 4254 ἡ
2733 4181 2949 4242 σύνοδος
2992 4177 3338 4247 ἐπωνόμασε,
3391 4173 3486 4226 τὸν
3541 4165 3709 4236 ἀληθῆ
3735 4165 3816 4228 τῆς

2277 4279 2446 4350 ὀρθῆς
2467 4277 2702 4338 πίστεως
2731 4275 2993 4344 ἐξύφανεν
3015 4273 3158 4343 ὅρον.
3187 4270 3294 4323 Καὶ
3324 4269 3374 4321 σί
3395 4268 3496 4337 τῆς
3526 4265 3684 4328 ἕκτης
3716 4270 3817 4309 συν·

2279 4371 2399 4425 ὁδου
2429 4371 2495 4424 ἐκ
2531 4368 2631 4439 τῆς
2655 4368 3017 4436 ἀναγνώσεως
3048 4363 3153 4418 τῶν
3181 4361 3529 4432 γραμμάτων
3557 4355 3649 4410 τοῦ
3687 4350 3816 4404 πάπα

2279 4460 2602 4532 ὁμολογοῦσι
2656 4456 2759 4530 τὴν
2808 4456 3024 4525 αἵρεσιν
3057 4450 3348 4515 ἐκδιῶξαι,
3396 4446 3492 4501 καὶ
3529 4445 3624 4515 τὴν
3667 4442 3817 4532 πίστιν

609 4542 833 4601 thonem
866 4560 1056 4613 papam
1087 4554 1314 4601 utuntur
1355 4549 1614 4604 vocibus:
1647 4568 1664 4601 ι
1696 4549 2025 4605 Orthodoxze
2045 4525 2164 4606 verc

2283 4525 2637 4622 σέηρίξαντες
2668 4525 2806 4618 πρὺς
2855 4542 3140 4614 Ἀγάθωνά
3169 4558 3299 4609 φασι
3327 4540 3419 4591 τὸν
3441 4537 3645 4590 πάπαν·
3681 4547 3697 4581 ι
3729 4525 3818 4622 Τίνι

611 4632 737 4687 ﬁdei
761 4634 1308 4704 splendorem,quam
1334 4639 1616 4694 vobiscum
1647 4639 1885 4695 dilucide
1917 4640 2180 4709 praedica-

612 4726 814 4796 vjmus,
849 4734 909 4779 nt
938 4727 1138 4780 iterum
1187 4742 1283 4794 per
1312 4728 1652 4785 honorabilia
1689 4740 1870 4785 vestra
1914 4728 2182 4801 rescripta

613 4812 945 4883 obsignetis,
983 4823 1268 4884 paternam
1327 4827 1564 4871 vestram
1619 4820 1969 4884 sanctitatem
2022 4836 2183 4892 roga-

616 4923 759 4962 mus.
795 4926 814 4960 ι
849 4907 958 4962 Cur
989 4906 1135 4961 enim
1165 4908 1479 4963 conﬁrmari
1524 4920 1717 4980 petunt
1771 4927 1892 4981 quae
1935 4913 2187 4982 probavit

615 5002 949 5086 meumenica
1010 5000 1288 5072 synodus?
1309 4999 1496 5070 Neque
1528 5003 1669 5056 enim
1697 5013 1886 5073 rogant
1911 5014 1967 5058 ut
1994 5020 2184 5075 papam

615 5093 1006 5147 assentientem
1069 5092 1328 5156 habeant,
1356 5093 1454 5146 sed
1503 5093 1885 5162 obsignantem
1918 5105 1975 5149 ct
2011 5104 2183 5150 ratam

616 5184 892 5239 volentem
958 5185 1081 5240 ﬁdei
1116 5186 1536 5255 expositionem.
1573 5184 2042 5251 Quemadmodum
2067 5197 2124 5244 et
2156 5204 2186 5243 a

617 5277 787 5346 Xysto
833 5293 969 5347 papa
1000 5277 1167 5332 fuisse
1196 5277 1574 5332 conﬁrmatam
1641 5277 1859 5334 tertiam
1919 5280 2187 5346 synodum

619 5370 818 5426 asserit
855 5347 1092 5442 Cyrillus
1152 5371 1382 5440 epistola
1413 5370 1480 5425 ad
1537 5369 1798 5425 Acacium
1859 5371 2189 5427 Melitenen-

619 5479 760 5519 sem.

691 5556 836 5612 llinc
875 5563 1320 5626 argumentorum
1352 5565 1568 5611 tuorum
1615 5557 1796 5628 laquei
1826 5568 2189 5614 evanescunt.

561 5633 572 5637 ’
624 5649 681 5704 Si
721 5651 868 5704 enim
894 5664 1028 5720 papa
1060 5649 1262 5704 erravit
1291 5649 1346 5703 in
1381 5649 1507 5713 ﬁde,
1531 5650 1665 5705 falsa
1719 5662 1804 5706 est
1829 5651 2033 5708 Christi
2065 5667 2195 5722 pro-

626 5741 833 5806 missio,
860 5742 1241 5810 inccrtumquc
1261 5756 1383 5793 cum
1411 5741 1478 5796 dc
1510 5743 1613 5795 li'lo
1641 5743 1848 5812 aliquid
1874 5753 2198 5798 controver-

2282 4644 2340 4698 δὲ
2501 4640 2780 4711 ὀρθοδόξου
2806 4639 3042 4699 πίστεως
3082 4633 3447 4704 φωταύγειαν,
3475 4618 3816 4700 ἢν,τηλαυγῶς

2287 4737 2385 4789 σὺν
2415 4735 2544 4803 ὑμῖν
2568 4732 2942 4803 ἐκηρύξαμεν,
2991 4725 3148 4791 αὖθις
3177 4727 3265 4781 διὰ
3291 4727 3490 4795 τιμίων
3521 4721 3668 4792 ὑμῶν
3695 4719 3818 4770 ἀντι·

2286 4827 2514 4897 γράφων
2547 4824 2941 4894 ἐπισφραγίσαι
2979 4823 3077 4892 τὴν
3126 4822 3280 4889 ὑμῶν
3309 4815 3704 4885 ἐκλιπαροῦμεν
3730 4825 3815 4858 παι

2288 4916 2480 4988 τρικὴν
2511 4916 2800 4985 ἀγιότητα.
2841 4932 2858 4965 ι
2911 4913 3066 4967 Διατί
3098 4913 3207 4980 γὰρ
3237 4912 3306 4964 τὰ
3333 4911 3559 4977 δόξαντα
3584 4908 3646 4975 τῇ
3670 4904 3817 4955 οἰκου-

2292 5011 2484 5080 μενικῇ
2544 5009 2747 5078 συνόδῳ
2775 5005 2999 5074 ζητοῦσι
3033 5003 3399 5073 βεϐαιωθῆναι
3427 5016 3444 5066 ;
3478 4999 3552 5053 Οὐ
3581 4997 3683 5065 γὰρ
3706 4989 3818 5055 σύμ⁶

2287 5101 2466 5170 ψηφον
2520 5099 2699 5166 σφίσιν
2751 5098 2932 5159 αὐτοῖς
2977 5095 3233 5162 γενέσθαι
3258 5094 3350 5146 τὸν
3387 5093 3572 5146 πάπαν
3616 5085 3816 5140 δέονται»

2288 5192 2405 5246 ἀλλ’
2433 5191 2872 5260 ἐπισφραγιστὴν
2927 5189 3021 5242 καὶ
3060 5187 3228 5257 κῦρος
3260 5186 3570 5256 παρέχοντα
3605 5180 3664 5247 τῇ
3686 5171 3816 5244 ὀρθο-

2289 5286 2469 5357 δοξίΨ
2501 5285 2578 5348 ὡς
2612 5285 2706 5338 καὶ
2758 5285 2886 5353 περὶ
2917 5283 3125 5336 Ξύστου
3174 5279 3268 5333 τοῦ
3305 5279 3461 5334 πάπα
3493 5274 3622 5344 φησὶ
3647 5260 3816 5357 Κύριλ·

2291 5374 2378 5436 λος
2414 5355 2471 5426 ἐν
2499 5374 2567 5442 τῇ
2614 5372 2751 5442 πρὸς
2800 5373 3056 5425 Ἀκάκιον
3093 5369 3184 5423 τὸν
3216 5357 3529 5438 Μελιτηνῆς
3572 5355 3818 5421 ἐπιστολῇρ

2293 5467 2375 5518 ὅτι
2409 5463 2703 5518 ἐϐεϐαίωσε
2732 5464 2800 5517 τὰ
2823 5464 2919 5533 τῆς
2948 5463 3142 5533 τρίτης
3173 5463 3416 5516 συνόδου.

2377 5559 2472 5611 Ἐκ
2509 5557 2714 5609 τούτων
2753 5558 2809 5610 al
2842 5557 3012 5626 ἄρκυς
3043 5556 3150 5608 τῶν
3186 5555 3295 5608 σῶν
3332 5555 3504 5624 λόγων
3525 5551 3813 5606 διαλύονται-

2299 5649 2360 5702 Εί
2395 5648 2500 5718 γὰρ
2526 5649 2732 5717 ἐσφάλη
2755 5651 2781 5700 ό
2809 5649 2996 5710 πὰπας
3026 5648 3154 5718 περὶ
3182 5647 3279 5718 τὴν
3307 5647 3504 5710 πίστιν,
3530 5641 3711 5711 ψευδὴς
3732 5633 3817 5698 ἄρα

2297 5742 2330 5810 ὴ
2357 5740 2661 5808 ἐπαγγελία
2707 5741 2799 5793 τοῦ
2833 5740 3070 5811 Χριστοῦ
3094 5759 3107 5772 ·
3143 5741 3236 5794 καὶ
3289 5740 3502 5810 ἄδηλον,
3546 5736 3815 5802 ζητήματῦς

629 5846 748 5886 sum
777 5842 876 5900 cst,
907 5849 1026 5902 quae
1059 5833 1214 5890 cuius
1245 5817 1486 5903 episeopi
1511 5850 1638 5888 vcra
1672 5835 1740 5891 sit
1790 5847 1842 5892 ct
1891 5837 2160 5893 orthodox

2300 5831 2450 5894 ὄντος
2495 5832 2616 5900 περὶ
2663 5832 2756 5902 τὴν
2802 5832 3002 5897 πίστιν,
3043 5833 3120 5896 τίς
3161 5831 3294 5895 τίνος
3325 5829 3612 5885 ἐπισκόπου
3642 5813 3811 5885 ἀληθὴς
