  <div class='ocr_page' id='page_1' title='image "/cluster/home/n/w/nwhite01/storage/ocr_20150623/149/mdp.39015078384750/392.png"; bbox 0 0 4088 6294; ppageno 0'>
   <div class='ocr_carea' id='block_1_1' title="bbox 278 390 390 454">
    <p class='ocr_par' dir='ltr' id='par_1_1' title="bbox 278 390 390 454">
     <span class='ocr_line' id='line_1_1' title="bbox 278 390 390 454; baseline 0.018 -3"><span class='ocrx_word' id='word_1_1' title='bbox 278 390 390 454; x_wconf 74' lang='grc' dir='ltr'><strong>πο</strong></span> 
     </span>
    </p>
   </div>
   <div class='ocr_carea' id='block_1_2' title="bbox 1576 386 2267 450">
    <p class='ocr_par' dir='ltr' id='par_1_2' title="bbox 1576 386 2267 450">
     <span class='ocr_line' id='line_1_2' title="bbox 1576 386 2267 450; baseline 0.004 -4"><span class='ocrx_word' id='word_1_2' title='bbox 1576 386 2020 448; x_wconf 76' lang='lat' dir='ltr'><strong>REFUTATIO</strong></span> <span class='ocrx_word' id='word_1_3' title='bbox 2082 387 2267 450; x_wconf 83' lang='lat' dir='ltr'><strong>NILI.</strong></span> 
     </span>
    </p>
   </div>
   <div class='ocr_carea' id='block_1_3' title="bbox 3435 388 3546 451">
    <p class='ocr_par' dir='ltr' id='par_1_3' title="bbox 3435 388 3546 451">
     <span class='ocr_line' id='line_1_3' title="bbox 3435 388 3546 451; baseline 0.009 -1"><span class='ocrx_word' id='word_1_4' title='bbox 3435 388 3546 451; x_wconf 76' lang='lat'><strong>770</strong></span> 
     </span>
    </p>
   </div>
   <div class='ocr_carea' id='block_1_4' title="bbox 275 499 1887 574">
    <p class='ocr_par' dir='ltr' id='par_1_4' title="bbox 275 501 1857 574">
     <span class='ocr_line' id='line_1_4' title="bbox 275 501 1857 574; baseline -0.003 -18"><span class='ocrx_word' id='word_1_5' title='bbox 275 503 372 556; x_wconf 67' lang='grc' dir='ltr'><strong>καλ¹</strong></span> <span class='ocrx_word' id='word_1_6' title='bbox 406 502 691 574; x_wconf 79' lang='grc' dir='ltr'>ὀρθὸδοξός</span> <span class='ocrx_word' id='word_1_7' title='bbox 740 503 892 557; x_wconf 85' lang='grc' dir='ltr'>ἐστιν</span> <span class='ocrx_word' id='word_1_8' title='bbox 929 503 964 573; x_wconf 75' lang='grc' dir='ltr'>ἢ</span> <span class='ocrx_word' id='word_1_9' title='bbox 1008 501 1292 572; x_wconf 70' lang='grc' dir='ltr'>ὁμολογία.</span> <span class='ocrx_word' id='word_1_10' title='bbox 1323 501 1494 571; x_wconf 77' lang='grc' dir='ltr'>Δῆλον</span> <span class='ocrx_word' id='word_1_11' title='bbox 1526 501 1584 554; x_wconf 80' lang='grc' dir='ltr'>δὲ</span> <span class='ocrx_word' id='word_1_12' title='bbox 1619 501 1715 553; x_wconf 76' lang='grc' dir='ltr'>καὶ</span> <span class='ocrx_word' id='word_1_13' title='bbox 1756 503 1857 567; x_wconf 77' lang='grc' dir='ltr'>τὴν</span> 
     </span>
    </p>
   </div>
   <div class='ocr_carea' id='block_1_5' title="bbox 1993 499 3552 574">
    <p class='ocr_par' dir='ltr' id='par_1_5' title="bbox 1996 499 3552 571">
     <span class='ocr_line' id='line_1_5' title="bbox 1996 499 3552 571; baseline -0.002 -15"><span class='ocrx_word' id='word_1_14' title='bbox 1996 499 2439 557; x_wconf 71' lang='grc' dir='ltr'><strong>οιιίυεεί‹›.’11ἰηο</strong></span> <span class='ocrx_word' id='word_1_15' title='bbox 2480 502 2644 554; x_wconf 76' lang='grc' dir='ltr'>οῖῑειῐιι</span> <span class='ocrx_word' id='word_1_16' title='bbox 2700 500 2896 570; x_wconf 86' lang='lat' dir='ltr'><strong>liquet,</strong></span> <span class='ocrx_word' id='word_1_17' title='bbox 2932 501 3139 556; x_wconf 69' lang='lat' dir='ltr'><strong>Chrisai</strong></span> <span class='ocrx_word' id='word_1_18' title='bbox 3213 501 3552 571; x_wconf 78' lang='lat' dir='ltr'><strong>promissum</strong></span> 
     </span>
    </p>
   </div>
   <div class='ocr_carea' id='block_1_6' title="bbox 275 594 1867 666">
    <p class='ocr_par' dir='ltr' id='par_1_6' title="bbox 275 594 1867 666">
     <span class='ocr_line' id='line_1_6' title="bbox 275 594 1867 666; baseline -0.002 -18"><span class='ocrx_word' id='word_1_19' title='bbox 275 597 613 664; x_wconf 78' lang='grc' dir='ltr'>ἐπαγγελίαν</span> <span class='ocrx_word' id='word_1_20' title='bbox 640 596 735 649; x_wconf 71' lang='grc' dir='ltr'>τοῦ</span> <span class='ocrx_word' id='word_1_21' title='bbox 763 595 1005 666; x_wconf 74' lang='grc' dir='ltr'>Χριστοῦ</span> <span class='ocrx_word' id='word_1_22' title='bbox 1028 598 1096 666; x_wconf 82' lang='grc' dir='ltr'>τῇ</span> <span class='ocrx_word' id='word_1_23' title='bbox 1127 595 1345 665; x_wconf 80' lang='grc' dir='ltr'><strong>Ῥώμης</strong></span> <span class='ocrx_word' id='word_1_24' title='bbox 1373 594 1671 666; x_wconf 69' lang='grc' dir='ltr'>Ἐκκλησία</span> <span class='ocrx_word' id='word_1_25' title='bbox 1698 609 1867 664; x_wconf 79' lang='grc' dir='ltr'>προσ-</span> 
     </span>
    </p>
   </div>
   <div class='ocr_carea' id='block_1_7' title="bbox 277 676 1869 756">
    <p class='ocr_par' dir='ltr' id='par_1_7' title="bbox 277 676 1869 756">
     <span class='ocr_line' id='line_1_7' title="bbox 277 676 1869 756; baseline -0.002 -17"><span class='ocrx_word' id='word_1_26' title='bbox 277 689 458 753; x_wconf 75' lang='grc' dir='ltr'>ήκειν,</span> <span class='ocrx_word' id='word_1_27' title='bbox 489 687 578 739; x_wconf 67' lang='grc' dir='ltr'><strong>διὰ</strong></span> <span class='ocrx_word' id='word_1_28' title='bbox 606 686 667 738; x_wconf 85' lang='grc' dir='ltr'><strong>τδ</strong></span> <span class='ocrx_word' id='word_1_29' title='bbox 699 676 1210 756; x_wconf 72' lang='grc' dir='ltr'>κληρονόμονεί-ιαι</span> <span class='ocrx_word' id='word_1_30' title='bbox 1246 687 1348 754; x_wconf 82' lang='grc' dir='ltr'>τῆς</span> <span class='ocrx_word' id='word_1_31' title='bbox 1389 684 1599 754; x_wconf 77' lang='grc' dir='ltr'><strong>Πέτρου</strong></span> <span class='ocrx_word' id='word_1_32' title='bbox 1634 685 1869 747; x_wconf 85' lang='grc' dir='ltr'>πίστεως</span> 
     </span>
    </p>
   </div>
   <div class='ocr_carea' id='block_1_8' title="bbox 278 776 1868 854">
    <p class='ocr_par' dir='ltr' id='par_1_8' title="bbox 278 776 1868 854">
     <span class='ocr_line' id='line_1_8' title="bbox 278 776 1868 854; baseline -0.002 -23"><span class='ocrx_word' id='word_1_33' title='bbox 278 780 372 831; x_wconf 71' lang='grc' dir='ltr'>τὸν</span> <span class='ocrx_word' id='word_1_34' title='bbox 409 777 717 831; x_wconf 83' lang='grc' dir='ltr'>ἐπίσκοπον</span> <span class='ocrx_word' id='word_1_35' title='bbox 778 777 1040 854; x_wconf 72' lang='grc' dir='ltr'>Ῥώμηςιο</span> <span class='ocrx_word' id='word_1_36' title='bbox 1091 779 1184 830; x_wconf 70' lang='grc' dir='ltr'><strong>καὶ</strong></span> <span class='ocrx_word' id='word_1_37' title='bbox 1233 776 1392 830; x_wconf 78' lang='grc' dir='ltr'>τοῦτο</span> <span class='ocrx_word' id='word_1_38' title='bbox 1420 778 1521 831; x_wconf 71' lang='grc' dir='ltr'><strong>οὐκ</strong></span> <span class='ocrx_word' id='word_1_39' title='bbox 1565 776 1868 844; x_wconf 80' lang='grc' dir='ltr'><strong>Ἰουδαϊκῆς</strong></span> 
     </span>
    </p>
   </div>
   <div class='ocr_carea' id='block_1_9' title="bbox 279 855 1870 940">
    <p class='ocr_par' dir='ltr' id='par_1_9' title="bbox 279 866 1870 940">
     <span class='ocr_line' id='line_1_9' title="bbox 279 866 1870 940; baseline -0.001 -15"><span class='ocrx_word' id='word_1_40' title='bbox 279 866 421 925; x_wconf 80' lang='grc' dir='ltr'>εἶναι</span> <span class='ocrx_word' id='word_1_41' title='bbox 450 871 865 939; x_wconf 81' lang='grc' dir='ltr'><strong>ταπεινότητος,</strong></span> <span class='ocrx_word' id='word_1_42' title='bbox 904 871 1040 924; x_wconf 80' lang='grc' dir='ltr'><strong>ἀλλά</strong></span> <span class='ocrx_word' id='word_1_43' title='bbox 1066 870 1216 934; x_wconf 83' lang='grc' dir='ltr'>θείας</span> <span class='ocrx_word' id='word_1_44' title='bbox 1244 872 1337 924; x_wconf 78' lang='grc' dir='ltr'><strong>τοῦ</strong></span> <span class='ocrx_word' id='word_1_45' title='bbox 1364 871 1607 940; x_wconf 80' lang='grc' dir='ltr'>Χριστοῦ</span> <span class='ocrx_word' id='word_1_46' title='bbox 1645 871 1870 937; x_wconf 70' lang='grc' dir='ltr'>νομοθεσ-</span> 
     </span>
    </p>
   </div>
   <div class='ocr_carea' id='block_1_10' title="bbox 283 961 1868 1034">
    <p class='ocr_par' dir='ltr' id='par_1_10' title="bbox 283 961 1868 1034">
     <span class='ocr_line' id='line_1_10' title="bbox 283 961 1868 1034; baseline -0.001 -20"><span class='ocrx_word' id='word_1_47' title='bbox 283 963 405 1025; x_wconf 89' lang='grc' dir='ltr'>σίας</span> <span class='ocrx_word' id='word_1_48' title='bbox 448 962 838 1032; x_wconf 82' lang='grc' dir='ltr'>εὐεργέτημα’</span> <span class='ocrx_word' id='word_1_49' title='bbox 885 961 1028 1016; x_wconf 86' lang='grc' dir='ltr'>ὥστε</span> <span class='ocrx_word' id='word_1_50' title='bbox 1063 961 1162 1034; x_wconf 78' lang='grc' dir='ltr'>τὴν</span> <span class='ocrx_word' id='word_1_51' title='bbox 1193 963 1583 1032; x_wconf 70' lang='grc' dir='ltr'>οίκουμενίκὴν</span> <span class='ocrx_word' id='word_1_52' title='bbox 1631 961 1868 1032; x_wconf 72' lang='grc' dir='ltr'>Ἐκκλη-</span> 
     </span>
    </p>
   </div>
   <div class='ocr_carea' id='block_1_11' title="bbox 285 1052 1870 1125">
    <p class='ocr_par' dir='ltr' id='par_1_11' title="bbox 285 1052 1870 1125">
     <span class='ocr_line' id='line_1_11' title="bbox 285 1052 1870 1125; baseline -0.001 -18"><span class='ocrx_word' id='word_1_53' title='bbox 285 1054 430 1117; x_wconf 76' lang='grc' dir='ltr'>σῖαν,</span> <span class='ocrx_word' id='word_1_54' title='bbox 464 1055 788 1124; x_wconf 80' lang='grc' dir='ltr'><strong>κινουμένου</strong></span> <span class='ocrx_word' id='word_1_55' title='bbox 815 1052 1130 1125; x_wconf 81' lang='grc' dir='ltr'><strong>ζητήματος</strong></span> <span class='ocrx_word' id='word_1_56' title='bbox 1160 1055 1298 1124; x_wconf 77' lang='grc' dir='ltr'>περὶ·</span> <span class='ocrx_word' id='word_1_57' title='bbox 1318 1055 1581 1119; x_wconf 81' lang='grc' dir='ltr'>πίστεως,</span> <span class='ocrx_word' id='word_1_58' title='bbox 1608 1053 1756 1123; x_wconf 82' lang='grc' dir='ltr'>ἔχειν</span> <span class='ocrx_word' id='word_1_59' title='bbox 1782 1052 1870 1107; x_wconf 76' lang='grc' dir='ltr'><strong>διὰ</strong></span> 
     </span>
    </p>
   </div>
   <div class='ocr_carea' id='block_1_12' title="bbox 283 1137 1871 1216">
    <p class='ocr_par' dir='ltr' id='par_1_12' title="bbox 283 1137 1871 1216">
     <span class='ocr_line' id='line_1_12' title="bbox 283 1137 1871 1216; baseline 0 -18"><span class='ocrx_word' id='word_1_60' title='bbox 283 1145 380 1198; x_wconf 81' lang='grc' dir='ltr'>τοῦ</span> <span class='ocrx_word' id='word_1_61' title='bbox 411 1145 570 1200; x_wconf 78' lang='grc' dir='ltr'>πάπα</span> <span class='ocrx_word' id='word_1_62' title='bbox 603 1147 698 1200; x_wconf 79' lang='grc' dir='ltr'>τὸν</span> <span class='ocrx_word' id='word_1_63' title='bbox 742 1147 954 1216; x_wconf 81' lang='grc' dir='ltr'>Πέτρον</span> <span class='ocrx_word' id='word_1_64' title='bbox 992 1147 1386 1215; x_wconf 81' lang='grc' dir='ltr'>φθεγγόμενον,</span> <span class='ocrx_word' id='word_1_65' title='bbox 1429 1148 1485 1198; x_wconf 81' lang='grc' dir='ltr'><strong>ἐν</strong></span> <span class='ocrx_word' id='word_1_66' title='bbox 1601 1145 1871 1198; x_wconf 80' lang='grc' dir='ltr'>ἀδύνατον</span> 
     </span>
    </p>
   </div>
   <div class='ocr_carea' id='block_1_13' title="bbox 237 1239 1874 1311">
    <p class='ocr_par' dir='ltr' id='par_1_13' title="bbox 237 1239 1874 1311">
     <span class='ocr_line' id='line_1_13' title="bbox 237 1239 1874 1311; baseline -0.001 -19"><span class='ocrx_word' id='word_1_67' title='bbox 237 1241 242 1246; x_wconf 85' lang='grc'><strong>’</strong></span> <span class='ocrx_word' id='word_1_68' title='bbox 287 1239 670 1311; x_wconf 78' lang='grc' dir='ltr'><strong>πλανηθῆναι·</strong></span> <span class='ocrx_word' id='word_1_69' title='bbox 722 1241 897 1304; x_wconf 80' lang='grc' dir='ltr'>ἄλλως</span> <span class='ocrx_word' id='word_1_70' title='bbox 939 1241 1046 1310; x_wconf 79' lang='grc' dir='ltr'>γὰρ</span> <span class='ocrx_word' id='word_1_71' title='bbox 1104 1241 1172 1294; x_wconf 83' lang='grc' dir='ltr'>ἂν</span> <span class='ocrx_word' id='word_1_72' title='bbox 1236 1241 1468 1302; x_wconf 75' lang='grc' dir='ltr'>ἕκαστος</span> <span class='ocrx_word' id='word_1_73' title='bbox 1531 1239 1874 1292; x_wconf 74' lang='grc' dir='ltr'>ἀντεποιεῖτο</span> 
     </span>
    </p>
   </div>
   <div class='ocr_carea' id='block_1_14' title="bbox 287 1314 1874 1400">
    <p class='ocr_par' dir='ltr' id='par_1_14' title="bbox 287 1314 1874 1400">
     <span class='ocr_line' id='line_1_14' title="bbox 287 1314 1874 1400; baseline -0.001 -18"><span class='ocrx_word' id='word_1_74' title='bbox 287 1333 382 1396; x_wconf 84' lang='grc' dir='ltr'>τῆς</span> <span class='ocrx_word' id='word_1_75' title='bbox 425 1331 752 1395; x_wconf 78' lang='grc' dir='ltr'>ἀπλανείας,</span> <span class='ocrx_word' id='word_1_76' title='bbox 791 1331 1084 1400; x_wconf 78' lang='grc' dir='ltr'><strong>ἀπονέμων</strong></span> <span class='ocrx_word' id='word_1_77' title='bbox 1119 1314 1297 1400; x_wconf 72' lang='grc' dir='ltr'>ἐαυτῷ</span> <span class='ocrx_word' id='word_1_78' title='bbox 1323 1329 1421 1400; x_wconf 79' lang='grc' dir='ltr'><strong>τὴν</strong></span> <span class='ocrx_word' id='word_1_79' title='bbox 1454 1330 1664 1399; x_wconf 76' lang='grc' dir='ltr'>Πέτρου</span> <span class='ocrx_word' id='word_1_80' title='bbox 1694 1327 1874 1381; x_wconf 81' lang='grc' dir='ltr'>θεολο-</span> 
     </span>
    </p>
   </div>
   <div class='ocr_carea' id='block_1_15' title="bbox 286 1417 1875 1494">
    <p class='ocr_par' dir='ltr' id='par_1_15' title="bbox 286 1417 1875 1494">
     <span class='ocr_line' id='line_1_15' title="bbox 286 1417 1875 1494; baseline -0.003 -18"><span class='ocrx_word' id='word_1_81' title='bbox 286 1425 415 1488; x_wconf 92' lang='grc' dir='ltr'>γίαν</span> <span class='ocrx_word' id='word_1_82' title='bbox 434 1440 445 1452; x_wconf 93' lang='grc'>·</span> <span class='ocrx_word' id='word_1_83' title='bbox 485 1423 581 1478; x_wconf 75' lang='grc' dir='ltr'>καὶ</span> <span class='ocrx_word' id='word_1_84' title='bbox 605 1418 674 1494; x_wconf 77' lang='grc' dir='ltr'>ἦν</span> <span class='ocrx_word' id='word_1_85' title='bbox 705 1423 901 1490; x_wconf 75' lang='grc' dir='ltr'>ἀταξία</span> <span class='ocrx_word' id='word_1_86' title='bbox 924 1425 1016 1475; x_wconf 67' lang='grc' dir='ltr'><strong>καὶ</strong></span> <span class='ocrx_word' id='word_1_87' title='bbox 1043 1422 1284 1492; x_wconf 76' lang='grc' dir='ltr'>ἀκοσμία</span> <span class='ocrx_word' id='word_1_88' title='bbox 1314 1423 1341 1474; x_wconf 85' lang='grc' dir='ltr'><strong>ὀ</strong></span> <span class='ocrx_word' id='word_1_89' title='bbox 1367 1417 1570 1491; x_wconf 62' lang='grc' dir='ltr'>κόσμος</span> <span class='ocrx_word' id='word_1_90' title='bbox 1611 1421 1710 1490; x_wconf 81' lang='grc' dir='ltr'>τῆς</span> <span class='ocrx_word' id='word_1_91' title='bbox 1752 1421 1875 1472; x_wconf 84' lang='grc' dir='ltr'><strong>Ἐκ-</strong></span> 
     </span>
    </p>
   </div>
   <div class='ocr_carea' id='block_1_16' title="bbox 290 1511 1872 1585">
    <p class='ocr_par' dir='ltr' id='par_1_16' title="bbox 290 1511 1872 1585">
     <span class='ocr_line' id='line_1_16' title="bbox 290 1511 1872 1585; baseline -0.004 -18"><span class='ocrx_word' id='word_1_92' title='bbox 290 1515 486 1584; x_wconf 74' lang='grc' dir='ltr'>λησίας</span> <span class='ocrx_word' id='word_1_93' title='bbox 509 1533 523 1547; x_wconf 91' lang='grc'><strong>·</strong></span> <span class='ocrx_word' id='word_1_94' title='bbox 553 1515 737 1568; x_wconf 76' lang='grc' dir='ltr'>ὁποῖόν</span> <span class='ocrx_word' id='word_1_95' title='bbox 765 1532 819 1568; x_wconf 91' lang='grc' dir='ltr'><strong>τι</strong></span> <span class='ocrx_word' id='word_1_96' title='bbox 857 1514 1055 1585; x_wconf 78' lang='grc' dir='ltr'>συνέϐη</span> <span class='ocrx_word' id='word_1_97' title='bbox 1090 1512 1358 1584; x_wconf 86' lang='grc' dir='ltr'>Κυρίλλου</span> <span class='ocrx_word' id='word_1_98' title='bbox 1391 1514 1525 1584; x_wconf 68' lang='grc' dir='ltr'>πρὸς</span> <span class='ocrx_word' id='word_1_99' title='bbox 1555 1511 1872 1582; x_wconf 83' lang='grc' dir='ltr'>Νεστόριον,</span> 
     </span>
    </p>
   </div>
   <div class='ocr_carea' id='block_1_17' title="bbox 292 1602 1875 1677">
    <p class='ocr_par' dir='ltr' id='par_1_17' title="bbox 292 1602 1875 1677">
     <span class='ocr_line' id='line_1_17' title="bbox 292 1602 1875 1677; baseline -0.004 -18"><span class='ocrx_word' id='word_1_100' title='bbox 292 1609 388 1660; x_wconf 80' lang='grc' dir='ltr'><strong>τοῦ</strong></span> <span class='ocrx_word' id='word_1_101' title='bbox 447 1606 856 1677; x_wconf 76' lang='grc' dir='ltr'>Ἀλεξανδρείας</span> <span class='ocrx_word' id='word_1_102' title='bbox 888 1605 1027 1675; x_wconf 75' lang='grc' dir='ltr'>πρὸς</span> <span class='ocrx_word' id='word_1_103' title='bbox 1081 1605 1178 1658; x_wconf 85' lang='grc' dir='ltr'><strong>τὸν</strong></span> <span class='ocrx_word' id='word_1_104' title='bbox 1241 1602 1875 1664; x_wconf 66' lang='grc' dir='ltr'>Κωνσταντινουπόλεως</span> 
     </span>
    </p>
   </div>
   <div class='ocr_carea' id='block_1_18' title="bbox 293 1692 1874 1774">
    <p class='ocr_par' dir='ltr' id='par_1_18' title="bbox 293 1692 1874 1774">
     <span class='ocr_line' id='line_1_18' title="bbox 293 1692 1874 1774; baseline -0.003 -26"><span class='ocrx_word' id='word_1_105' title='bbox 293 1695 426 1765; x_wconf 73' lang='grc' dir='ltr'>περὶ</span> <span class='ocrx_word' id='word_1_106' title='bbox 456 1697 696 1759; x_wconf 80' lang='grc' dir='ltr'>πίστεως</span> <span class='ocrx_word' id='word_1_107' title='bbox 717 1696 1160 1767; x_wconf 84' lang='grc' dir='ltr'>διαμαχομένου·</span> <span class='ocrx_word' id='word_1_108' title='bbox 1188 1697 1238 1748; x_wconf 90' lang='grc' dir='ltr'><strong>εί</strong></span> <span class='ocrx_word' id='word_1_109' title='bbox 1294 1694 1368 1765; x_wconf 82' lang='grc' dir='ltr'>μὴ</span> <span class='ocrx_word' id='word_1_110' title='bbox 1411 1693 1521 1763; x_wconf 87' lang='grc' dir='ltr'><strong>γάρ</strong></span> <span class='ocrx_word' id='word_1_111' title='bbox 1543 1692 1874 1774; x_wconf 54' lang='grc' dir='ltr'>,ἀμφότεροι</span> 
     </span>
    </p>
   </div>
   <div class='ocr_carea' id='block_1_19' title="bbox 294 1782 1878 1860">
    <p class='ocr_par' dir='ltr' id='par_1_19' title="bbox 294 1782 1878 1860">
     <span class='ocr_line' id='line_1_19' title="bbox 294 1782 1878 1860; baseline -0.003 -18"><span class='ocrx_word' id='word_1_112' title='bbox 294 1789 437 1860; x_wconf 77' lang='grc' dir='ltr'>πρὸς</span> <span class='ocrx_word' id='word_1_113' title='bbox 462 1789 557 1842; x_wconf 74' lang='grc' dir='ltr'>τὸν</span> <span class='ocrx_word' id='word_1_114' title='bbox 586 1788 806 1860; x_wconf 82' lang='grc' dir='ltr'><strong>Ῥώμης</strong></span> <span class='ocrx_word' id='word_1_115' title='bbox 835 1789 1158 1842; x_wconf 76' lang='grc' dir='ltr'>Κελεστίνον</span> <span class='ocrx_word' id='word_1_116' title='bbox 1209 1789 1539 1858; x_wconf 77' lang='grc' dir='ltr'>ἀνέδραμον,</span> <span class='ocrx_word' id='word_1_117' title='bbox 1579 1782 1648 1858; x_wconf 80' lang='grc' dir='ltr'>ἦν</span> <span class='ocrx_word' id='word_1_118' title='bbox 1681 1783 1749 1838; x_wconf 73' lang='grc' dir='ltr'>ἂν</span> <span class='ocrx_word' id='word_1_119' title='bbox 1783 1799 1878 1838; x_wconf 81' lang='grc' dir='ltr'>τα-</span> 
     </span>
    </p>
   </div>
   <div class='ocr_carea' id='block_1_20' title="bbox 1971 590 3558 662">
    <p class='ocr_par' dir='ltr' id='par_1_20' title="bbox 1971 590 3558 662">
     <span class='ocr_line' id='line_1_20' title="bbox 1971 590 3558 662; baseline -0.001 -12"><span class='ocrx_word' id='word_1_120' title='bbox 1971 596 2267 650; x_wconf 79' lang='lat' dir='ltr'><strong>convenirc</strong></span> <span class='ocrx_word' id='word_1_121' title='bbox 2300 594 2557 648; x_wconf 61' lang='lat' dir='ltr'><strong>Romana;</strong></span> <span class='ocrx_word' id='word_1_122' title='bbox 2614 591 2894 658; x_wconf 73' lang='lat' dir='ltr'><strong>Ecclesim,</strong></span> <span class='ocrx_word' id='word_1_123' title='bbox 2952 593 3211 662; x_wconf 89' lang='lat' dir='ltr'><strong>quoniam</strong></span> <span class='ocrx_word' id='word_1_124' title='bbox 3271 590 3558 648; x_wconf 77' lang='lat' dir='ltr'><strong>Romanus</strong></span> 
     </span>
    </p>
   </div>
   <div class='ocr_carea' id='block_1_21' title="bbox 1972 684 3554 758">
    <p class='ocr_par' dir='ltr' id='par_1_21' title="bbox 1972 684 3554 758">
     <span class='ocr_line' id='line_1_21' title="bbox 1972 684 3554 758; baseline -0.003 -18"><span class='ocrx_word' id='word_1_125' title='bbox 1972 688 2267 758; x_wconf 82' lang='lat' dir='ltr'><strong>cpiscopus</strong></span> <span class='ocrx_word' id='word_1_126' title='bbox 2319 693 2406 741; x_wconf 84' lang='lat' dir='ltr'><strong>est</strong></span> <span class='ocrx_word' id='word_1_127' title='bbox 2448 685 2624 740; x_wconf 85' lang='lat' dir='ltr'><strong>haeres</strong></span> <span class='ocrx_word' id='word_1_128' title='bbox 2651 684 2773 739; x_wconf 80' lang='lat' dir='ltr'><strong>ﬁdei</strong></span> <span class='ocrx_word' id='word_1_129' title='bbox 2809 686 2990 749; x_wconf 83' lang='lat' dir='ltr'><strong>Petri;</strong></span> <span class='ocrx_word' id='word_1_130' title='bbox 3024 693 3079 740; x_wconf 89' lang='lat' dir='ltr'><strong>et</strong></span> <span class='ocrx_word' id='word_1_131' title='bbox 3110 685 3215 738; x_wconf 91' lang='lat' dir='ltr'><strong>hoc</strong></span> <span class='ocrx_word' id='word_1_132' title='bbox 3268 701 3377 739; x_wconf 90' lang='lat' dir='ltr'><strong>non</strong></span> <span class='ocrx_word' id='word_1_133' title='bbox 3432 699 3554 737; x_wconf 88' lang='lat' dir='ltr'><strong>esse</strong></span> 
     </span>
    </p>
   </div>
   <div class='ocr_carea' id='block_1_22' title="bbox 1983 776 3551 856">
    <p class='ocr_par' dir='ltr' id='par_1_22' title="bbox 1983 776 3551 856">
     <span class='ocr_line' id='line_1_22' title="bbox 1983 776 3551 856; baseline -0.003 -23"><span class='ocrx_word' id='word_1_134' title='bbox 1983 779 2273 834; x_wconf 82' lang='lat' dir='ltr'><strong>tenuitatis</strong></span> <span class='ocrx_word' id='word_1_135' title='bbox 2305 779 2569 850; x_wconf 71' lang='lat' dir='ltr'><strong>Judaicre,</strong></span> <span class='ocrx_word' id='word_1_136' title='bbox 2605 776 2703 831; x_wconf 88' lang='lat' dir='ltr'><strong>sed</strong></span> <span class='ocrx_word' id='word_1_137' title='bbox 2730 777 2930 831; x_wconf 76' lang='lat' dir='ltr'><strong>divina:</strong></span> <span class='ocrx_word' id='word_1_138' title='bbox 2966 776 3183 856; x_wconf 39' lang='lat' dir='ltr'><strong>,Christi</strong></span> <span class='ocrx_word' id='word_1_139' title='bbox 3245 776 3551 830; x_wconf 84' lang='lat' dir='ltr'><strong>institutio-</strong></span> 
     </span>
    </p>
   </div>
   <div class='ocr_carea' id='block_1_23' title="bbox 1974 867 3559 936">
    <p class='ocr_par' dir='ltr' id='par_1_23' title="bbox 1974 867 3559 936">
     <span class='ocr_line' id='line_1_23' title="bbox 1974 867 3559 936; baseline -0.004 -11"><span class='ocrx_word' id='word_1_140' title='bbox 1974 872 2063 925; x_wconf 87' lang='lat' dir='ltr'><strong>nis</strong></span> <span class='ocrx_word' id='word_1_141' title='bbox 2102 870 2478 926; x_wconf 71' lang='lat' dir='ltr'><strong>beneficium:</strong></span> <span class='ocrx_word' id='word_1_142' title='bbox 2548 881 2609 924; x_wconf 89' lang='lat' dir='ltr'><strong>ut</strong></span> <span class='ocrx_word' id='word_1_143' title='bbox 2646 868 2970 924; x_wconf 86' lang='lat' dir='ltr'><strong>universalis</strong></span> <span class='ocrx_word' id='word_1_144' title='bbox 3025 867 3288 935; x_wconf 78' lang='lat' dir='ltr'><strong>Ecclesia,</strong></span> <span class='ocrx_word' id='word_1_145' title='bbox 3340 868 3559 936; x_wconf 90' lang='lat' dir='ltr'><strong>quoties</strong></span> 
     </span>
    </p>
   </div>
   <div class='ocr_carea' id='block_1_24' title="bbox 1975 961 3555 1029">
    <p class='ocr_par' dir='ltr' id='par_1_24' title="bbox 1975 961 3555 1029">
     <span class='ocr_line' id='line_1_24' title="bbox 1975 961 3555 1029; baseline -0.004 -12"><span class='ocrx_word' id='word_1_146' title='bbox 1975 963 2043 1018; x_wconf 88' lang='lat' dir='ltr'><strong>de</strong></span> <span class='ocrx_word' id='word_1_147' title='bbox 2072 963 2178 1016; x_wconf 85' lang='lat' dir='ltr'><strong>ﬁde</strong></span> <span class='ocrx_word' id='word_1_148' title='bbox 2210 963 2585 1017; x_wconf 73' lang='lat' dir='ltr'><strong>controversia</strong></span> <span class='ocrx_word' id='word_1_149' title='bbox 2617 962 2820 1023; x_wconf 82' lang='lat' dir='ltr'><strong>oritur,</strong></span> <span class='ocrx_word' id='word_1_150' title='bbox 2858 961 3056 1015; x_wconf 87' lang='lat' dir='ltr'><strong>habeat</strong></span> <span class='ocrx_word' id='word_1_151' title='bbox 3081 961 3133 1014; x_wconf 88' lang='lat' dir='ltr'><strong>in</strong></span> <span class='ocrx_word' id='word_1_152' title='bbox 3160 976 3295 1029; x_wconf 86' lang='lat' dir='ltr'><strong>papa</strong></span> <span class='ocrx_word' id='word_1_153' title='bbox 3323 961 3555 1029; x_wconf 85' lang='lat' dir='ltr'><strong>loquen-</strong></span> 
     </span>
    </p>
   </div>
   <div class='ocr_carea' id='block_1_25' title="bbox 1978 1047 3560 1122">
    <p class='ocr_par' dir='ltr' id='par_1_25' title="bbox 1978 1047 3560 1122">
     <span class='ocr_line' id='line_1_25' title="bbox 1978 1047 3560 1122; baseline -0.005 -15"><span class='ocrx_word' id='word_1_154' title='bbox 1978 1062 2087 1107; x_wconf 90' lang='lat' dir='ltr'><strong>tem</strong></span> <span class='ocrx_word' id='word_1_155' title='bbox 2124 1054 2370 1118; x_wconf 81' lang='lat' dir='ltr'><strong>Petrum,</strong></span> <span class='ocrx_word' id='word_1_156' title='bbox 2406 1066 2568 1122; x_wconf 82' lang='lat' dir='ltr'><strong>quem</strong></span> <span class='ocrx_word' id='word_1_157' title='bbox 2633 1067 2822 1106; x_wconf 87' lang='lat' dir='ltr'><strong>errare</strong></span> <span class='ocrx_word' id='word_1_158' title='bbox 2865 1051 3203 1120; x_wconf 78' lang='lat' dir='ltr'><strong>impossibile</strong></span> <span class='ocrx_word' id='word_1_159' title='bbox 3257 1051 3351 1104; x_wconf 89' lang='lat' dir='ltr'><strong>sit.</strong></span> <span class='ocrx_word' id='word_1_160' title='bbox 3410 1047 3560 1103; x_wconf 87' lang='lat' dir='ltr'><strong>Alio-</strong></span> 
     </span>
    </p>
   </div>
   <div class='ocr_carea' id='block_1_26' title="bbox 1975 1139 3562 1215">
    <p class='ocr_par' dir='ltr' id='par_1_26' title="bbox 1975 1139 3562 1215">
     <span class='ocr_line' id='line_1_26' title="bbox 1975 1139 3562 1215; baseline -0.004 -17"><span class='ocrx_word' id='word_1_161' title='bbox 1975 1147 2108 1215; x_wconf 90' lang='lat' dir='ltr'><strong>quin</strong></span> <span class='ocrx_word' id='word_1_162' title='bbox 2165 1145 2395 1214; x_wconf 89' lang='lat' dir='ltr'><strong>quisque</strong></span> <span class='ocrx_word' id='word_1_163' title='bbox 2429 1160 2486 1198; x_wconf 85' lang='lat' dir='ltr'><strong>se</strong></span> <span class='ocrx_word' id='word_1_164' title='bbox 2551 1161 2657 1198; x_wconf 92' lang='lat' dir='ltr'><strong>non</strong></span> <span class='ocrx_word' id='word_1_165' title='bbox 2716 1152 2999 1198; x_wconf 75' lang='lat' dir='ltr'><strong>“errantem</strong></span> <span class='ocrx_word' id='word_1_166' title='bbox 3029 1153 3321 1208; x_wconf 83' lang='lat' dir='ltr'><strong>assereret,</strong></span> <span class='ocrx_word' id='word_1_167' title='bbox 3357 1151 3411 1195; x_wconf 80' lang='lat' dir='ltr'><strong>et</strong></span> <span class='ocrx_word' id='word_1_168' title='bbox 3460 1139 3562 1193; x_wconf 83' lang='lat' dir='ltr'><strong>Pe-</strong></span> 
     </span>
    </p>
   </div>
   <div class='ocr_carea' id='block_1_27' title="bbox 1979 1234 3563 1307">
    <p class='ocr_par' dir='ltr' id='par_1_27' title="bbox 1979 1234 3563 1307">
     <span class='ocr_line' id='line_1_27' title="bbox 1979 1234 3563 1307; baseline -0.004 -15"><span class='ocrx_word' id='word_1_169' title='bbox 1979 1238 2048 1292; x_wconf 90' lang='lat' dir='ltr'><strong>tri</strong></span> <span class='ocrx_word' id='word_1_170' title='bbox 2083 1238 2184 1292; x_wconf 83' lang='lat' dir='ltr'><strong>sibi</strong></span> <span class='ocrx_word' id='word_1_171' title='bbox 2217 1237 2544 1302; x_wconf 70' lang='lat' dir='ltr'><strong>theologiam</strong></span> <span class='ocrx_word' id='word_1_172' title='bbox 2579 1237 2856 1307; x_wconf 74' lang='lat' dir='ltr'><strong>adoptaret</strong></span> <span class='ocrx_word' id='word_1_173' title='bbox 2883 1252 2899 1301; x_wconf 90' lang='lat'><strong>;</strong></span> <span class='ocrx_word' id='word_1_174' title='bbox 2929 1244 3187 1304; x_wconf 81' lang='lat' dir='ltr'><strong>essetque</strong></span> <span class='ocrx_word' id='word_1_175' title='bbox 3218 1234 3472 1288; x_wconf 75' lang='lat' dir='ltr'><strong>confusio</strong></span> <span class='ocrx_word' id='word_1_176' title='bbox 3507 1244 3563 1286; x_wconf 90' lang='lat' dir='ltr'><strong>ct</strong></span> 
     </span>
    </p>
   </div>
   <div class='ocr_carea' id='block_1_28' title="bbox 1978 1324 3564 1395">
    <p class='ocr_par' dir='ltr' id='par_1_28' title="bbox 1978 1324 3564 1395">
     <span class='ocr_line' id='line_1_28' title="bbox 1978 1324 3564 1395; baseline -0.003 -11"><span class='ocrx_word' id='word_1_177' title='bbox 1978 1330 2317 1384; x_wconf 87' lang='lat' dir='ltr'><strong>inordinatio</strong></span> <span class='ocrx_word' id='word_1_178' title='bbox 2339 1329 2750 1383; x_wconf 88' lang='lat' dir='ltr'><strong>ecclesiasticus</strong></span> <span class='ocrx_word' id='word_1_179' title='bbox 2773 1328 2933 1382; x_wconf 84' lang='lat' dir='ltr'><strong>ordo.</strong></span> <span class='ocrx_word' id='word_1_180' title='bbox 2955 1328 3429 1392; x_wconf 82' lang='lat' dir='ltr'><strong>Quemadmodum</strong></span> <span class='ocrx_word' id='word_1_181' title='bbox 3462 1324 3564 1395; x_wconf 75' lang='lat' dir='ltr'><strong>Cy-</strong></span> 
     </span>
    </p>
   </div>
   <div class='ocr_carea' id='block_1_29' title="bbox 1979 1419 3564 1488">
    <p class='ocr_par' dir='ltr' id='par_1_29' title="bbox 1979 1419 3564 1488">
     <span class='ocr_line' id='line_1_29' title="bbox 1979 1419 3564 1488; baseline -0.003 -13"><span class='ocrx_word' id='word_1_182' title='bbox 1979 1423 2135 1476; x_wconf 88' lang='lat' dir='ltr'><strong>rillus</strong></span> <span class='ocrx_word' id='word_1_183' title='bbox 2184 1421 2588 1476; x_wconf 79' lang='lat' dir='ltr'><strong>Alexandrinus</strong></span> <span class='ocrx_word' id='word_1_184' title='bbox 2634 1433 2689 1475; x_wconf 83' lang='lat' dir='ltr'><strong>et</strong></span> <span class='ocrx_word' id='word_1_185' title='bbox 2713 1421 3008 1476; x_wconf 84' lang='lat' dir='ltr'><strong>Nestorius</strong></span> <span class='ocrx_word' id='word_1_186' title='bbox 3060 1419 3564 1488; x_wconf 62' lang='lat' dir='ltr'><strong>Constantinopoli.</strong></span> 
     </span>
    </p>
   </div>
   <div class='ocr_carea' id='block_1_30' title="bbox 1981 1511 3563 1579">
    <p class='ocr_par' dir='ltr' id='par_1_30' title="bbox 1981 1511 3563 1579">
     <span class='ocr_line' id='line_1_30' title="bbox 1981 1511 3563 1579; baseline -0.005 -10"><span class='ocrx_word' id='word_1_187' title='bbox 1981 1525 2150 1570; x_wconf 89' lang='lat' dir='ltr'><strong>tanus</strong></span> <span class='ocrx_word' id='word_1_188' title='bbox 2183 1524 2308 1568; x_wconf 85' lang='lat' dir='ltr'><strong>eum</strong></span> <span class='ocrx_word' id='word_1_189' title='bbox 2338 1514 2406 1569; x_wconf 92' lang='lat' dir='ltr'><strong>de</strong></span> <span class='ocrx_word' id='word_1_190' title='bbox 2472 1513 2579 1567; x_wconf 81' lang='lat' dir='ltr'><strong>[ide</strong></span> <span class='ocrx_word' id='word_1_191' title='bbox 2620 1513 3043 1579; x_wconf 87' lang='lat' dir='ltr'><strong>altercarentur,</strong></span> <span class='ocrx_word' id='word_1_192' title='bbox 3097 1513 3165 1565; x_wconf 81' lang='lat' dir='ltr'><strong>ad</strong></span> <span class='ocrx_word' id='word_1_193' title='bbox 3198 1511 3563 1565; x_wconf 77' lang='lat' dir='ltr'><strong>Caelestinum</strong></span> 
     </span>
    </p>
   </div>
   <div class='ocr_carea' id='block_1_31' title="bbox 1981 1601 3567 1675">
    <p class='ocr_par' dir='ltr' id='par_1_31' title="bbox 1981 1601 3567 1675">
     <span class='ocr_line' id='line_1_31' title="bbox 1981 1601 3567 1675; baseline -0.004 -15"><span class='ocrx_word' id='word_1_194' title='bbox 1981 1607 2288 1661; x_wconf 80' lang='lat' dir='ltr'><strong>Romanum</strong></span> <span class='ocrx_word' id='word_1_195' title='bbox 2327 1605 2648 1675; x_wconf 87' lang='lat' dir='ltr'><strong>episcopum</strong></span> <span class='ocrx_word' id='word_1_196' title='bbox 2696 1603 3083 1673; x_wconf 80' lang='lat' dir='ltr'><strong>confugerunt.</strong></span> <span class='ocrx_word' id='word_1_197' title='bbox 3110 1602 3365 1671; x_wconf 77' lang='lat' dir='ltr'><strong>Alioquin</strong></span> <span class='ocrx_word' id='word_1_198' title='bbox 3407 1601 3567 1670; x_wconf 86' lang='lat' dir='ltr'><strong>plena</strong></span> 
     </span>
    </p>
   </div>
   <div class='ocr_carea' id='block_1_32' title="bbox 1979 1691 3569 1750">
    <p class='ocr_par' dir='ltr' id='par_1_32' title="bbox 1979 1691 3569 1750">
     <span class='ocr_line' id='line_1_32' title="bbox 1979 1691 3569 1750; baseline -0.003 -1"><span class='ocrx_word' id='word_1_199' title='bbox 1979 1696 2166 1749; x_wconf 86' lang='lat' dir='ltr'><strong>omnia</strong></span> <span class='ocrx_word' id='word_1_200' title='bbox 2233 1693 2520 1750; x_wconf 87' lang='lat' dir='ltr'><strong>turbarum</strong></span> <span class='ocrx_word' id='word_1_201' title='bbox 2561 1703 2620 1749; x_wconf 89' lang='lat' dir='ltr'><strong>et</strong></span> <span class='ocrx_word' id='word_1_202' title='bbox 2651 1693 2992 1748; x_wconf 79' lang='lat' dir='ltr'><strong>confusionis</strong></span> <span class='ocrx_word' id='word_1_203' title='bbox 3029 1701 3234 1748; x_wconf 88' lang='lat' dir='ltr'><strong>essent.</strong></span> <span class='ocrx_word' id='word_1_204' title='bbox 3288 1691 3436 1745; x_wconf 83' lang='lat' dir='ltr'><strong>Fecit</strong></span> <span class='ocrx_word' id='word_1_205' title='bbox 3465 1691 3569 1745; x_wconf 90' lang='lat' dir='ltr'><strong>hoc</strong></span> 
     </span>
    </p>
   </div>
   <div class='ocr_carea' id='block_1_33' title="bbox 1981 1782 3570 1855">
    <p class='ocr_par' dir='ltr' id='par_1_33' title="bbox 1981 1782 3570 1855">
     <span class='ocr_line' id='line_1_33' title="bbox 1981 1782 3570 1855; baseline -0.002 -18"><span class='ocrx_word' id='word_1_206' title='bbox 1981 1784 2127 1840; x_wconf 89' lang='lat' dir='ltr'><strong>idem</strong></span> <span class='ocrx_word' id='word_1_207' title='bbox 2167 1793 2224 1840; x_wconf 87' lang='lat' dir='ltr'><strong>ct</strong></span> <span class='ocrx_word' id='word_1_208' title='bbox 2258 1785 2533 1854; x_wconf 85' lang='lat' dir='ltr'><strong>Eutyches</strong></span> <span class='ocrx_word' id='word_1_209' title='bbox 2585 1784 2910 1855; x_wconf 82' lang='lat' dir='ltr'><strong>appellando</strong></span> <span class='ocrx_word' id='word_1_210' title='bbox 2971 1784 3160 1839; x_wconf 89' lang='lat' dir='ltr'><strong>sedem</strong></span> <span class='ocrx_word' id='word_1_211' title='bbox 3212 1782 3570 1853; x_wconf 82' lang='lat' dir='ltr'><strong>apostolicam</strong></span> 
     </span>
    </p>
   </div>
   <div class='ocr_carea' id='block_1_34' title="bbox 296 1873 1887 1953">
    <p class='ocr_par' dir='ltr' id='par_1_34' title="bbox 296 1874 1877 1953">
     <span class='ocr_line' id='line_1_34' title="bbox 296 1874 1877 1953; baseline -0.008 -15"><span class='ocrx_word' id='word_1_212' title='bbox 296 1881 470 1951; x_wconf 78' lang='grc' dir='ltr'>ραχῆς</span> <span class='ocrx_word' id='word_1_213' title='bbox 499 1881 718 1935; x_wconf 76' lang='grc' dir='ltr'>ἅπαντα</span> <span class='ocrx_word' id='word_1_214' title='bbox 751 1880 845 1935; x_wconf 62' lang='grc' dir='ltr'><strong>καί⁵</strong></span> <span class='ocrx_word' id='word_1_215' title='bbox 885 1880 1212 1953; x_wconf 85' lang='grc' dir='ltr'>συγχύσεως</span> <span class='ocrx_word' id='word_1_216' title='bbox 1243 1879 1449 1950; x_wconf 83' lang='grc' dir='ltr'>πλήρη.</span> <span class='ocrx_word' id='word_1_217' title='bbox 1488 1878 1600 1931; x_wconf 75' lang='grc' dir='ltr'><strong>Καὶ</strong></span> <span class='ocrx_word' id='word_1_218' title='bbox 1631 1877 1721 1930; x_wconf 86' lang='grc' dir='ltr'>ὅτε</span> <span class='ocrx_word' id='word_1_219' title='bbox 1772 1874 1877 1927; x_wconf 84' lang='grc' dir='ltr'><strong>Εὑ-</strong></span> 
     </span>
    </p>
   </div>
   <div class='ocr_carea' id='block_1_35' title="bbox 1993 1873 3571 1953">
    <p class='ocr_par' dir='ltr' id='par_1_35' title="bbox 1993 1873 3571 1949">
     <span class='ocr_line' id='line_1_35' title="bbox 1993 1873 3571 1949; baseline -0.002 -18"><span class='ocrx_word' id='word_1_220' title='bbox 1993 1875 2208 1949; x_wconf 82' lang='lat' dir='ltr'><strong>quando</strong></span> <span class='ocrx_word' id='word_1_221' title='bbox 2237 1876 2315 1931; x_wconf 90' lang='lat' dir='ltr'><strong>illi</strong></span> <span class='ocrx_word' id='word_1_222' title='bbox 2344 1889 2471 1931; x_wconf 90' lang='lat' dir='ltr'><strong>cum</strong></span> <span class='ocrx_word' id='word_1_223' title='bbox 2498 1886 2695 1933; x_wconf 78' lang='lat' dir='ltr'><strong>sancto</strong></span> <span class='ocrx_word' id='word_1_224' title='bbox 2726 1874 3324 1933; x_wconf 69' lang='lat' dir='ltr'><strong>Flaviano&#39;contcntio</strong></span> <span class='ocrx_word' id='word_1_225' title='bbox 3363 1873 3431 1928; x_wconf 89' lang='lat' dir='ltr'><strong>de</strong></span> <span class='ocrx_word' id='word_1_226' title='bbox 3462 1873 3571 1928; x_wconf 80' lang='lat' dir='ltr'><strong>(ide</strong></span> 
     </span>
    </p>
   </div>
   <div class='ocr_carea' id='block_1_36' title="bbox 294 1971 1881 2046">
    <p class='ocr_par' dir='ltr' id='par_1_36' title="bbox 294 1971 1881 2046">
     <span class='ocr_line' id='line_1_36' title="bbox 294 1971 1881 2046; baseline -0.004 -20"><span class='ocrx_word' id='word_1_227' title='bbox 294 1976 467 2046; x_wconf 77' lang='grc' dir='ltr'>τυχὴς</span> <span class='ocrx_word' id='word_1_228' title='bbox 492 1974 630 2045; x_wconf 75' lang='grc' dir='ltr'>πρὸς</span> <span class='ocrx_word' id='word_1_229' title='bbox 676 1972 771 2026; x_wconf 77' lang='grc' dir='ltr'>τὸν</span> <span class='ocrx_word' id='word_1_230' title='bbox 804 1974 862 2027; x_wconf 88' lang='grc' dir='ltr'><strong>ἐν</strong></span> <span class='ocrx_word' id='word_1_231' title='bbox 886 1973 1064 2042; x_wconf 80' lang='grc' dir='ltr'>ἁγίοις</span> <span class='ocrx_word' id='word_1_232' title='bbox 1096 1971 1404 2026; x_wconf 78' lang='grc' dir='ltr'>Φλαϐιανὸν</span> <span class='ocrx_word' id='word_1_233' title='bbox 1430 1972 1881 2025; x_wconf 76' lang='grc' dir='ltr'>Κωνσταντινου-</span> 
     </span>
    </p>
   </div>
   <div class='ocr_carea' id='block_1_37' title="bbox 296 2062 1488 2136">
    <p class='ocr_par' dir='ltr' id='par_1_37' title="bbox 296 2062 1488 2136">
     <span class='ocr_line' id='line_1_37' title="bbox 296 2062 1488 2136; baseline 0.003 -19"><span class='ocrx_word' id='word_1_234' title='bbox 296 2065 506 2130; x_wconf 85' lang='grc' dir='ltr'>πόλεως</span> <span class='ocrx_word' id='word_1_235' title='bbox 528 2063 832 2136; x_wconf 72' lang='grc' dir='ltr'>ἠγωνίζετο</span> <span class='ocrx_word' id='word_1_236' title='bbox 857 2067 986 2136; x_wconf 73' lang='grc' dir='ltr'>περὶ</span> <span class='ocrx_word' id='word_1_237' title='bbox 1013 2064 1115 2133; x_wconf 87' lang='grc' dir='ltr'>τῆς</span> <span class='ocrx_word' id='word_1_238' title='bbox 1153 2062 1488 2134; x_wconf 78' lang='grc' dir='ltr'>ὀρθοδοξίας.</span> 
     </span>
    </p>
   </div>
   <div class='ocr_carea' id='block_1_38' title="bbox 943 2176 1220 2231">
    <p class='ocr_par' dir='ltr' id='par_1_38' title="bbox 943 2176 1220 2231">
     <span class='ocr_line' id='line_1_38' title="bbox 943 2176 1220 2231; baseline -0.004 0"><span class='ocrx_word' id='word_1_239' title='bbox 943 2176 1220 2231; x_wconf 85' lang='grc' dir='ltr'><strong>ΝΕΙΛΟΣ.</strong></span> 
     </span>
    </p>
   </div>
   <div class='ocr_carea' id='block_1_39' title="bbox 376 2287 1884 2363">
    <p class='ocr_par' dir='ltr' id='par_1_39' title="bbox 376 2287 1884 2363">
     <span class='ocr_line' id='line_1_39' title="bbox 376 2287 1884 2363; baseline -0.005 -15"><span class='ocrx_word' id='word_1_240' title='bbox 376 2313 396 2348; x_wconf 81' lang='grc' dir='ltr'><strong>ι</strong></span> <span class='ocrx_word' id='word_1_241' title='bbox 428 2293 492 2348; x_wconf 84' lang='lat' dir='ltr'><strong>El</strong></span> <span class='ocrx_word' id='word_1_242' title='bbox 525 2293 582 2348; x_wconf 84' lang='grc' dir='ltr'>δὲ</span> <span class='ocrx_word' id='word_1_243' title='bbox 639 2294 668 2347; x_wconf 82' lang='grc' dir='ltr'><strong>ὁ</strong></span> <span class='ocrx_word' id='word_1_244' title='bbox 714 2293 987 2363; x_wconf 83' lang='grc' dir='ltr'>μακάριος</span> <span class='ocrx_word' id='word_1_245' title='bbox 1038 2289 1287 2360; x_wconf 82' lang='grc' dir='ltr'>Ἀγάθων</span> <span class='ocrx_word' id='word_1_246' title='bbox 1327 2290 1429 2357; x_wconf 80' lang='grc' dir='ltr'>τὴν</span> <span class='ocrx_word' id='word_1_247' title='bbox 1477 2287 1676 2342; x_wconf 55' lang='grc' dir='ltr'>ἐαυτοῦ</span> <span class='ocrx_word' id='word_1_248' title='bbox 1732 2288 1884 2356; x_wconf 86' lang='grc' dir='ltr'>λέγει</span> 
     </span>
    </p>
   </div>
   <div class='ocr_carea' id='block_1_40' title="bbox 292 2381 1884 2459">
    <p class='ocr_par' dir='ltr' id='par_1_40' title="bbox 292 2381 1884 2459">
     <span class='ocr_line' id='line_1_40' title="bbox 292 2381 1884 2459; baseline -0.005 -17"><span class='ocrx_word' id='word_1_249' title='bbox 292 2386 642 2459; x_wconf 72' lang='grc' dir='ltr'>κἘκκλησίαν</span> <span class='ocrx_word' id='word_1_250' title='bbox 683 2387 938 2440; x_wconf 83' lang='grc' dir='ltr'>οὐδέποτε</span> <span class='ocrx_word' id='word_1_251' title='bbox 981 2384 1091 2439; x_wconf 79' lang='grc' dir='ltr'>ἀπὸ</span> <span class='ocrx_word' id='word_1_252' title='bbox 1149 2386 1249 2454; x_wconf 83' lang='grc' dir='ltr'><strong>τῆς</strong></span> <span class='ocrx_word' id='word_1_253' title='bbox 1295 2383 1414 2438; x_wconf 77' lang='grc' dir='ltr'>6δοῦ</span> <span class='ocrx_word' id='word_1_254' title='bbox 1482 2383 1582 2453; x_wconf 83' lang='grc' dir='ltr'>τῆς</span> <span class='ocrx_word' id='word_1_255' title='bbox 1623 2381 1884 2450; x_wconf 76' lang='grc' dir='ltr'>ἀληθείας</span> 
     </span>
    </p>
   </div>
   <div class='ocr_carea' id='block_1_41' title="bbox 298 2475 1886 2552">
    <p class='ocr_par' dir='ltr' id='par_1_41' title="bbox 298 2475 1886 2552">
     <span class='ocr_line' id='line_1_41' title="bbox 298 2475 1886 2552; baseline -0.001 -18"><span class='ocrx_word' id='word_1_256' title='bbox 298 2483 715 2552; x_wconf 79' lang='grc' dir='ltr'>παρασυρῆναι,</span> <span class='ocrx_word' id='word_1_257' title='bbox 749 2480 1067 2550; x_wconf 77' lang='grc' dir='ltr'>θαυμαστὸν</span> <span class='ocrx_word' id='word_1_258' title='bbox 1098 2479 1253 2531; x_wconf 81' lang='grc' dir='ltr'>οὐδέν</span> <span class='ocrx_word' id='word_1_259' title='bbox 1277 2493 1290 2508; x_wconf 85' lang='lat'><strong><em>°</em></strong></span> <span class='ocrx_word' id='word_1_260' title='bbox 1328 2476 1636 2547; x_wconf 80' lang='grc' dir='ltr'>ἀξιώσομεν</span> <span class='ocrx_word' id='word_1_261' title='bbox 1659 2475 1771 2544; x_wconf 77' lang='grc' dir='ltr'>γὰρ</span> <span class='ocrx_word' id='word_1_262' title='bbox 1808 2475 1886 2545; x_wconf 78' lang='grc' dir='ltr'>μὴ</span> 
     </span>
    </p>
   </div>
   <div class='ocr_carea' id='block_1_42' title="bbox 296 2567 1885 2646">
    <p class='ocr_par' dir='ltr' id='par_1_42' title="bbox 296 2567 1885 2646">
     <span class='ocr_line' id='line_1_42' title="bbox 296 2567 1885 2646; baseline -0.008 -17"><span class='ocrx_word' id='word_1_263' title='bbox 296 2576 372 2629; x_wconf 74' lang='grc' dir='ltr'><strong>τὰ</strong></span> <span class='ocrx_word' id='word_1_264' title='bbox 396 2577 698 2646; x_wconf 81' lang='grc' dir='ltr'>πράγματα</span> <span class='ocrx_word' id='word_1_265' title='bbox 725 2573 905 2627; x_wconf 70' lang='grc' dir='ltr'>ἕλκειν</span> <span class='ocrx_word' id='word_1_266' title='bbox 939 2572 1030 2626; x_wconf 80' lang='grc' dir='ltr'><strong>ἐπὶ</strong></span> <span class='ocrx_word' id='word_1_267' title='bbox 1053 2573 1178 2634; x_wconf 80' lang='grc' dir='ltr'>τοὺς</span> <span class='ocrx_word' id='word_1_268' title='bbox 1227 2570 1443 2638; x_wconf 77' lang='grc' dir='ltr'>λόγους,</span> <span class='ocrx_word' id='word_1_269' title='bbox 1472 2568 1608 2622; x_wconf 80' lang='grc' dir='ltr'><strong>ἀλλά</strong></span> <span class='ocrx_word' id='word_1_270' title='bbox 1634 2569 1761 2630; x_wconf 81' lang='grc' dir='ltr'>τοὺς</span> <span class='ocrx_word' id='word_1_271' title='bbox 1791 2567 1885 2618; x_wconf 85' lang='grc' dir='ltr'><strong>λό-</strong></span> 
     </span>
    </p>
   </div>
   <div class='ocr_carea' id='block_1_43' title="bbox 299 2656 1883 2735">
    <p class='ocr_par' dir='ltr' id='par_1_43' title="bbox 299 2656 1883 2735">
     <span class='ocr_line' id='line_1_43' title="bbox 299 2656 1883 2735; baseline -0.008 -15"><span class='ocrx_word' id='word_1_272' title='bbox 299 2670 433 2735; x_wconf 79' lang='grc' dir='ltr'>γους</span> <span class='ocrx_word' id='word_1_273' title='bbox 461 2665 796 2735; x_wconf 74' lang='grc' dir='ltr'>ἐφαρμόζειν</span> <span class='ocrx_word' id='word_1_274' title='bbox 829 2665 940 2722; x_wconf 85' lang='grc' dir='ltr'>τοῖς</span> <span class='ocrx_word' id='word_1_275' title='bbox 966 2662 1316 2730; x_wconf 79' lang='grc' dir='ltr'>πράγμασιν.</span> <span class='ocrx_word' id='word_1_276' title='bbox 1347 2658 1741 2730; x_wconf 69' lang='grc' dir='ltr'>Ἐνθυμεῖσθαι</span> <span class='ocrx_word' id='word_1_277' title='bbox 1773 2656 1883 2726; x_wconf 82' lang='grc' dir='ltr'><strong>χρὴ</strong></span> 
     </span>
    </p>
   </div>
   <div class='ocr_carea' id='block_1_44' title="bbox 303 2749 1885 2830">
    <p class='ocr_par' dir='ltr' id='par_1_44' title="bbox 303 2749 1885 2830">
     <span class='ocr_line' id='line_1_44' title="bbox 303 2749 1885 2830; baseline -0.008 -16"><span class='ocrx_word' id='word_1_278' title='bbox 303 2762 398 2814; x_wconf 79' lang='grc' dir='ltr'>καὶ</span> <span class='ocrx_word' id='word_1_279' title='bbox 424 2761 662 2830; x_wconf 81' lang='grc' dir='ltr'>τρόπους</span> <span class='ocrx_word' id='word_1_280' title='bbox 687 2755 1024 2826; x_wconf 70' lang='grc' dir='ltr'>οἰκονομίας,</span> <span class='ocrx_word' id='word_1_281' title='bbox 1054 2749 1133 2817; x_wconf 77' lang='grc' dir='ltr'>οἷς</span> <span class='ocrx_word' id='word_1_282' title='bbox 1158 2754 1400 2825; x_wconf 85' lang='grc' dir='ltr'>χρῶνται</span> <span class='ocrx_word' id='word_1_283' title='bbox 1439 2753 1490 2806; x_wconf 77' lang='grc' dir='ltr'>οἱ</span> <span class='ocrx_word' id='word_1_284' title='bbox 1544 2751 1712 2820; x_wconf 77' lang='grc' dir='ltr'>ἅγιοι,</span> <span class='ocrx_word' id='word_1_285' title='bbox 1757 2750 1885 2802; x_wconf 80' lang='grc' dir='ltr'>ὅταν</span> 
     </span>
    </p>
   </div>
   <div class='ocr_carea' id='block_1_45' title="bbox 301 2840 1896 2920">
    <p class='ocr_par' dir='ltr' id='par_1_45' title="bbox 301 2840 1896 2920">
     <span class='ocr_line' id='line_1_45' title="bbox 301 2840 1896 2920; baseline -0.009 -15"><span class='ocrx_word' id='word_1_286' title='bbox 301 2851 434 2920; x_wconf 89' lang='grc' dir='ltr'>περί</span> <span class='ocrx_word' id='word_1_287' title='bbox 477 2868 630 2914; x_wconf 81' lang='grc' dir='ltr'>τινος</span> <span class='ocrx_word' id='word_1_288' title='bbox 681 2849 792 2902; x_wconf 85' lang='grc' dir='ltr'><strong>τῶν</strong></span> <span class='ocrx_word' id='word_1_289' title='bbox 825 2846 1147 2914; x_wconf 81' lang='grc' dir='ltr'>ἀναγκαίων</span> <span class='ocrx_word' id='word_1_290' title='bbox 1187 2848 1220 2915; x_wconf 86' lang='grc' dir='ltr'><strong>ἠ</strong></span> <span class='ocrx_word' id='word_1_291' title='bbox 1276 2844 1507 2914; x_wconf 81' lang='grc' dir='ltr'>ζήτησις</span> <span class='ocrx_word' id='word_1_292' title='bbox 1660 2841 1754 2895; x_wconf 78' lang='grc' dir='ltr'><strong>καὶ</strong></span> <span class='ocrx_word' id='word_1_293' title='bbox 1804 2840 1896 2901; x_wconf 78' lang='grc' dir='ltr'>ὅτι,</span> 
     </span>
    </p>
   </div>
   <div class='ocr_carea' id='block_1_46' title="bbox 303 2931 1886 3014">
    <p class='ocr_par' dir='ltr' id='par_1_46' title="bbox 303 2931 1886 3014">
     <span class='ocr_line' id='line_1_46' title="bbox 303 2931 1886 3014; baseline -0.01 -15"><span class='ocrx_word' id='word_1_294' title='bbox 303 2946 549 3007; x_wconf 75' lang='grc' dir='ltr'>σπανίοις</span> <span class='ocrx_word' id='word_1_295' title='bbox 577 2946 611 3014; x_wconf 80' lang='grc' dir='ltr'>ἡ</span> <span class='ocrx_word' id='word_1_296' title='bbox 654 2941 951 3011; x_wconf 76' lang='grc' dir='ltr'>Ἐκκλησία</span> <span class='ocrx_word' id='word_1_297' title='bbox 980 2938 1200 3010; x_wconf 84' lang='grc' dir='ltr'>Ῥώμης</span> <span class='ocrx_word' id='word_1_298' title='bbox 1228 2938 1484 2990; x_wconf 76' lang='grc' dir='ltr'>ἐκπίπτει</span> <span class='ocrx_word' id='word_1_299' title='bbox 1505 2937 1604 3004; x_wconf 78' lang='grc' dir='ltr'>τῆς</span> <span class='ocrx_word' id='word_1_300' title='bbox 1628 2931 1886 3002; x_wconf 80' lang='grc' dir='ltr'>ἀληθείας</span> 
     </span>
    </p>
   </div>
   <div class='ocr_carea' id='block_1_47' title="bbox 302 3025 1888 3107">
    <p class='ocr_par' dir='ltr' id='par_1_47' title="bbox 302 3025 1888 3107">
     <span class='ocr_line' id='line_1_47' title="bbox 302 3025 1888 3107; baseline -0.009 -14"><span class='ocrx_word' id='word_1_301' title='bbox 302 3040 450 3094; x_wconf 72' lang='grc' dir='ltr'>κατὰ</span> <span class='ocrx_word' id='word_1_302' title='bbox 484 3038 583 3107; x_wconf 77' lang='grc' dir='ltr'>τὴν</span> <span class='ocrx_word' id='word_1_303' title='bbox 634 3036 841 3089; x_wconf 74' lang='grc' dir='ltr'>πίστιν.</span> <span class='ocrx_word' id='word_1_304' title='bbox 888 3034 960 3087; x_wconf 82' lang='lat' dir='ltr'><strong>&#39;ll</strong></span> <span class='ocrx_word' id='word_1_305' title='bbox 993 3032 1109 3094; x_wconf 79' lang='grc' dir='ltr'><strong>πῶς</strong></span> <span class='ocrx_word' id='word_1_306' title='bbox 1145 3031 1509 3102; x_wconf 65' lang='grc' dir='ltr'>ἑρμη-ιεθσεις</span> <span class='ocrx_word' id='word_1_307' title='bbox 1534 3028 1615 3093; x_wconf 76' lang='grc' dir='ltr'><strong>τὸ,</strong></span> <span class='ocrx_word' id='word_1_308' title='bbox 1654 3025 1888 3090; x_wconf 75' lang='grc' dir='ltr'>Πάντες</span> 
     </span>
    </p>
   </div>
   <div class='ocr_carea' id='block_1_48' title="bbox 298 3116 1890 3197">
    <p class='ocr_par' dir='ltr' id='par_1_48' title="bbox 298 3116 1890 3197">
     <span class='ocr_line' id='line_1_48' title="bbox 298 3116 1890 3197; baseline -0.008 -13"><span class='ocrx_word' id='word_1_309' title='bbox 298 3132 653 3196; x_wconf 77' lang='grc' dir='ltr'>ἐξέκλιναν,</span> <span class='ocrx_word' id='word_1_310' title='bbox 685 3128 803 3197; x_wconf 79' lang='grc' dir='ltr'>ἅμα</span> <span class='ocrx_word' id='word_1_311' title='bbox 856 3122 1280 3194; x_wconf 58' lang='grc' dir='ltr'>ἠχρεώθησαν</span> <span class='ocrx_word' id='word_1_312' title='bbox 1305 3139 1320 3155; x_wconf 79' lang='grc'><strong><em>⁸</em></strong></span> <span class='ocrx_word' id='word_1_313' title='bbox 1362 3125 1475 3177; x_wconf 79' lang='grc' dir='ltr'>οὐκ</span> <span class='ocrx_word' id='word_1_314' title='bbox 1525 3121 1655 3174; x_wconf 82' lang='grc' dir='ltr'>ἔστι</span> <span class='ocrx_word' id='word_1_315' title='bbox 1698 3116 1890 3172; x_wconf 80' lang='grc' dir='ltr'>ποιῶν</span> 
     </span>
    </p>
   </div>
   <div class='ocr_carea' id='block_1_49' title="bbox 1986 1978 2140 2027">
    <p class='ocr_par' dir='ltr' id='par_1_49' title="bbox 1986 1978 2140 2027">
     <span class='ocr_line' id='line_1_49' title="bbox 1986 1978 2140 2027; baseline -0.026 0"><span class='ocrx_word' id='word_1_316' title='bbox 1986 1978 2140 2027; x_wconf 84' lang='lat' dir='ltr'><strong>erat.</strong></span> 
     </span>
    </p>
   </div>
   <div class='ocr_carea' id='block_1_50' title="bbox 2481 2165 3072 2240">
    <p class='ocr_par' dir='ltr' id='par_1_50' title="bbox 2481 2165 3072 2240">
     <span class='ocr_line' id='line_1_50' title="bbox 2481 2165 3072 2240; baseline -0.002 -17"><span class='ocrx_word' id='word_1_317' title='bbox 2481 2165 2692 2223; x_wconf 78' lang='lat' dir='ltr'><strong>NILUS</strong></span> <span class='ocrx_word' id='word_1_318' title='bbox 2745 2165 2901 2240; x_wconf 90' lang='lat' dir='ltr'><strong>(Cap.</strong></span> <span class='ocrx_word' id='word_1_319' title='bbox 2938 2165 3072 2238; x_wconf 85' lang='lat' dir='ltr'><strong>vn).</strong></span> 
     </span>
    </p>
   </div>
   <div class='ocr_carea' id='block_1_51' title="bbox 2057 2279 3576 2352">
    <p class='ocr_par' dir='ltr' id='par_1_51' title="bbox 2057 2279 3576 2352">
     <span class='ocr_line' id='line_1_51' title="bbox 2057 2279 3576 2352; baseline 0.002 -17"><span class='ocrx_word' id='word_1_320' title='bbox 2057 2301 2076 2336; x_wconf 79' lang='grc' dir='ltr'><strong>ι</strong></span> <span class='ocrx_word' id='word_1_321' title='bbox 2097 2281 2252 2351; x_wconf 87' lang='lat' dir='ltr'><strong>Quod</strong></span> <span class='ocrx_word' id='word_1_322' title='bbox 2269 2281 2314 2338; x_wconf 85' lang='lat' dir='ltr'><strong>si</strong></span> <span class='ocrx_word' id='word_1_323' title='bbox 2336 2283 2532 2338; x_wconf 88' lang='lat' dir='ltr'><strong>beatus</strong></span> <span class='ocrx_word' id='word_1_324' title='bbox 2547 2281 2758 2352; x_wconf 83' lang='lat' dir='ltr'><strong>Agatho</strong></span> <span class='ocrx_word' id='word_1_325' title='bbox 2776 2297 2929 2337; x_wconf 86' lang='lat' dir='ltr'><strong>suam</strong></span> <span class='ocrx_word' id='word_1_326' title='bbox 2949 2281 3097 2337; x_wconf 89' lang='lat' dir='ltr'><strong>dicat</strong></span> <span class='ocrx_word' id='word_1_327' title='bbox 3113 2279 3416 2336; x_wconf 85' lang='lat' dir='ltr'><strong>Ecelesiam</strong></span> <span class='ocrx_word' id='word_1_328' title='bbox 3435 2297 3464 2335; x_wconf 88' lang='lat' dir='ltr'><strong>a</strong></span> <span class='ocrx_word' id='word_1_329' title='bbox 3487 2296 3576 2338; x_wconf 83' lang='lat' dir='ltr'><strong>vc-</strong></span> 
     </span>
    </p>
   </div>
   <div class='ocr_carea' id='block_1_52' title="bbox 1987 2374 3570 2446">
    <p class='ocr_par' dir='ltr' id='par_1_52' title="bbox 1987 2374 3570 2446">
     <span class='ocr_line' id='line_1_52' title="bbox 1987 2374 3570 2446; baseline -0.002 -17"><span class='ocrx_word' id='word_1_330' title='bbox 1987 2377 2168 2431; x_wconf 88' lang='lat' dir='ltr'><strong>ritatis</strong></span> <span class='ocrx_word' id='word_1_331' title='bbox 2189 2377 2406 2432; x_wconf 82' lang='lat' dir='ltr'><strong>tramite</strong></span> <span class='ocrx_word' id='word_1_332' title='bbox 2427 2391 2706 2446; x_wconf 89' lang='lat' dir='ltr'><strong>nunquam</strong></span> <span class='ocrx_word' id='word_1_333' title='bbox 2726 2374 2997 2438; x_wconf 84' lang='lat' dir='ltr'><strong>deviasse,</strong></span> <span class='ocrx_word' id='word_1_334' title='bbox 3017 2390 3122 2428; x_wconf 92' lang='lat' dir='ltr'><strong>non</strong></span> <span class='ocrx_word' id='word_1_335' title='bbox 3141 2383 3221 2430; x_wconf 86' lang='lat' dir='ltr'><strong>est</strong></span> <span class='ocrx_word' id='word_1_336' title='bbox 3239 2375 3570 2430; x_wconf 87' lang='lat' dir='ltr'><strong>mirandum.</strong></span> 
     </span>
    </p>
   </div>
   <div class='ocr_carea' id='block_1_53' title="bbox 1988 2467 3576 2539">
    <p class='ocr_par' dir='ltr' id='par_1_53' title="bbox 1988 2467 3576 2539">
     <span class='ocr_line' id='line_1_53' title="bbox 1988 2467 3576 2539; baseline 0 -18"><span class='ocrx_word' id='word_1_337' title='bbox 1988 2467 2126 2521; x_wconf 89' lang='lat' dir='ltr'><strong>Illud</strong></span> <span class='ocrx_word' id='word_1_338' title='bbox 2155 2467 2300 2522; x_wconf 89' lang='lat' dir='ltr'><strong>enim</strong></span> <span class='ocrx_word' id='word_1_339' title='bbox 2341 2484 2440 2523; x_wconf 92' lang='lat' dir='ltr'><strong>nos</strong></span> <span class='ocrx_word' id='word_1_340' title='bbox 2475 2484 2634 2537; x_wconf 59' lang='lat' dir='ltr'><strong>atque</strong></span> <span class='ocrx_word' id='word_1_341' title='bbox 2663 2469 2788 2539; x_wconf 83' lang='lat' dir='ltr'><strong>jure</strong></span> <span class='ocrx_word' id='word_1_342' title='bbox 2836 2467 3262 2538; x_wconf 86' lang='lat' dir='ltr'><strong>postulahimus,</strong></span> <span class='ocrx_word' id='word_1_343' title='bbox 3308 2483 3420 2521; x_wconf 88' lang='lat' dir='ltr'><strong>non</strong></span> <span class='ocrx_word' id='word_1_344' title='bbox 3449 2482 3576 2521; x_wconf 83' lang='lat' dir='ltr'><strong>esse</strong></span> 
     </span>
    </p>
   </div>
   <div class='ocr_carea' id='block_1_54' title="bbox 1989 2559 3578 2626">
    <p class='ocr_par' dir='ltr' id='par_1_54' title="bbox 1989 2559 3578 2626">
     <span class='ocr_line' id='line_1_54' title="bbox 1989 2559 3578 2626; baseline 0.001 -13"><span class='ocrx_word' id='word_1_345' title='bbox 1989 2559 2288 2614; x_wconf 79' lang='lat' dir='ltr'><strong>trahendus</strong></span> <span class='ocrx_word' id='word_1_346' title='bbox 2325 2560 2391 2614; x_wconf 88' lang='lat' dir='ltr'><strong>ad</strong></span> <span class='ocrx_word' id='word_1_347' title='bbox 2423 2561 2588 2616; x_wconf 84' lang='lat' dir='ltr'><strong>verba</strong></span> <span class='ocrx_word' id='word_1_348' title='bbox 2630 2577 2740 2626; x_wconf 88' lang='lat' dir='ltr'><strong>res,</strong></span> <span class='ocrx_word' id='word_1_349' title='bbox 2791 2562 2886 2616; x_wconf 87' lang='lat' dir='ltr'><strong>sed</strong></span> <span class='ocrx_word' id='word_1_350' title='bbox 2927 2559 3390 2615; x_wconf 85' lang='lat' dir='ltr'><strong>accommodanda</strong></span> <span class='ocrx_word' id='word_1_351' title='bbox 3410 2560 3578 2615; x_wconf 85' lang='lat' dir='ltr'><strong>rebus</strong></span> 
     </span>
    </p>
   </div>
   <div class='ocr_carea' id='block_1_55' title="bbox 1989 2649 3576 2722">
    <p class='ocr_par' dir='ltr' id='par_1_55' title="bbox 1989 2649 3576 2722">
     <span class='ocr_line' id='line_1_55' title="bbox 1989 2649 3576 2722; baseline 0 -20"><span class='ocrx_word' id='word_1_352' title='bbox 1989 2649 2176 2702; x_wconf 86' lang='lat' dir='ltr'><strong>verba.</strong></span> <span class='ocrx_word' id='word_1_353' title='bbox 2196 2649 2668 2705; x_wconf 79' lang='lat' dir='ltr'><strong>Considerandum</strong></span> <span class='ocrx_word' id='word_1_354' title='bbox 2693 2666 2913 2722; x_wconf 89' lang='lat' dir='ltr'><strong>quoque</strong></span> <span class='ocrx_word' id='word_1_355' title='bbox 2931 2661 3153 2706; x_wconf 89' lang='lat' dir='ltr'><strong>sanctos</strong></span> <span class='ocrx_word' id='word_1_356' title='bbox 3178 2652 3369 2706; x_wconf 82' lang='lat' dir='ltr'><strong>l‘atres</strong></span> <span class='ocrx_word' id='word_1_357' title='bbox 3387 2649 3466 2706; x_wconf 92' lang='lat' dir='ltr'><strong>uti</strong></span> <span class='ocrx_word' id='word_1_358' title='bbox 3493 2650 3576 2705; x_wconf 81' lang='lat' dir='ltr'><strong>di-</strong></span> 
     </span>
    </p>
   </div>
   <div class='ocr_carea' id='block_1_56' title="bbox 1989 2743 3576 2813">
    <p class='ocr_par' dir='ltr' id='par_1_56' title="bbox 1989 2743 3576 2813">
     <span class='ocr_line' id='line_1_56' title="bbox 1989 2743 3576 2813; baseline 0 -17"><span class='ocrx_word' id='word_1_359' title='bbox 1989 2743 2147 2796; x_wconf 91' lang='lat' dir='ltr'><strong>cendi</strong></span> <span class='ocrx_word' id='word_1_360' title='bbox 2183 2743 2360 2796; x_wconf 88' lang='lat' dir='ltr'><strong>modis</strong></span> <span class='ocrx_word' id='word_1_361' title='bbox 2382 2745 2757 2812; x_wconf 88' lang='lat' dir='ltr'><strong>spectantibus</strong></span> <span class='ocrx_word' id='word_1_362' title='bbox 2790 2744 2856 2798; x_wconf 88' lang='lat' dir='ltr'><strong>ad</strong></span> <span class='ocrx_word' id='word_1_363' title='bbox 2891 2753 3216 2813; x_wconf 64' lang='lat' dir='ltr'><strong>prmsentem</strong></span> <span class='ocrx_word' id='word_1_364' title='bbox 3258 2761 3439 2797; x_wconf 90' lang='lat' dir='ltr'><strong>rerum</strong></span> <span class='ocrx_word' id='word_1_365' title='bbox 3465 2752 3576 2798; x_wconf 88' lang='lat' dir='ltr'><strong>sta-</strong></span> 
     </span>
    </p>
   </div>
   <div class='ocr_carea' id='block_1_57' title="bbox 1993 2835 3582 2907">
    <p class='ocr_par' dir='ltr' id='par_1_57' title="bbox 1993 2835 3582 2907">
     <span class='ocr_line' id='line_1_57' title="bbox 1993 2835 3582 2907; baseline 0.001 -18"><span class='ocrx_word' id='word_1_366' title='bbox 1993 2846 2129 2897; x_wconf 89' lang='lat' dir='ltr'><strong>tum,</strong></span> <span class='ocrx_word' id='word_1_367' title='bbox 2185 2849 2308 2888; x_wconf 91' lang='lat' dir='ltr'><strong>cum</strong></span> <span class='ocrx_word' id='word_1_368' title='bbox 2347 2835 2413 2889; x_wconf 90' lang='lat' dir='ltr'><strong>de</strong></span> <span class='ocrx_word' id='word_1_369' title='bbox 2467 2851 2526 2890; x_wconf 92' lang='lat' dir='ltr'><strong>re</strong></span> <span class='ocrx_word' id='word_1_370' title='bbox 2577 2836 2763 2904; x_wconf 88' lang='lat' dir='ltr'><strong>aliqua</strong></span> <span class='ocrx_word' id='word_1_371' title='bbox 2823 2837 3130 2891; x_wconf 83' lang='lat' dir='ltr'><strong>necessaria</strong></span> <span class='ocrx_word' id='word_1_372' title='bbox 3186 2838 3417 2907; x_wconf 67' lang='lat' dir='ltr'><strong>quastio</strong></span> <span class='ocrx_word' id='word_1_373' title='bbox 3449 2847 3582 2902; x_wconf 74' lang='lat' dir='ltr'><strong>est;</strong></span> 
     </span>
    </p>
   </div>
   <div class='ocr_carea' id='block_1_58' title="bbox 1993 2925 3579 2993">
    <p class='ocr_par' dir='ltr' id='par_1_58' title="bbox 1993 2925 3579 2993">
     <span class='ocr_line' id='line_1_58' title="bbox 1993 2925 3579 2993; baseline 0.005 -17"><span class='ocrx_word' id='word_1_374' title='bbox 1993 2925 2253 2993; x_wconf 83' lang='lat' dir='ltr'><strong>quodque</strong></span> <span class='ocrx_word' id='word_1_375' title='bbox 2290 2926 2532 2988; x_wconf 79' lang='lat' dir='ltr'><strong>Romana</strong></span> <span class='ocrx_word' id='word_1_376' title='bbox 2567 2926 2809 2981; x_wconf 88' lang='lat' dir='ltr'><strong>Ecclesia</strong></span> <span class='ocrx_word' id='word_1_377' title='bbox 2853 2943 2976 2981; x_wconf 88' lang='lat' dir='ltr'><strong>raro</strong></span> <span class='ocrx_word' id='word_1_378' title='bbox 3007 2927 3225 2982; x_wconf 81' lang='lat' dir='ltr'><strong>aberrat</strong></span> <span class='ocrx_word' id='word_1_379' title='bbox 3272 2945 3301 2982; x_wconf 90' lang='lat' dir='ltr'><strong>a</strong></span> <span class='ocrx_word' id='word_1_380' title='bbox 3338 2929 3579 2984; x_wconf 73' lang='lat' dir='ltr'><strong>veritate-</strong></span> 
     </span>
    </p>
   </div>
   <div class='ocr_carea' id='block_1_59' title="bbox 1997 3016 3580 3086">
    <p class='ocr_par' dir='ltr' id='par_1_59' title="bbox 1997 3016 3580 3086">
     <span class='ocr_line' id='line_1_59' title="bbox 1997 3016 3580 3086; baseline 0.003 -17"><span class='ocrx_word' id='word_1_381' title='bbox 1997 3017 2147 3070; x_wconf 73' lang='lat' dir='ltr'><strong>lidci.</strong></span> <span class='ocrx_word' id='word_1_382' title='bbox 2187 3017 2450 3086; x_wconf 82' lang='lat' dir='ltr'><strong>Alioquin.</strong></span> <span class='ocrx_word' id='word_1_383' title='bbox 2511 3016 2788 3086; x_wconf 88' lang='lat' dir='ltr'><strong>quomodo</strong></span> <span class='ocrx_word' id='word_1_384' title='bbox 2819 3017 3119 3086; x_wconf 78' lang='lat' dir='ltr'><strong>explicabis</strong></span> <span class='ocrx_word' id='word_1_385' title='bbox 3175 3018 3344 3072; x_wconf 87' lang='lat' dir='ltr'><strong>illud:</strong></span> <span class='ocrx_word' id='word_1_386' title='bbox 3390 3018 3580 3074; x_wconf 68' lang='lat' dir='ltr'><strong>Omnes</strong></span> 
     </span>
    </p>
   </div>
   <div class='ocr_carea' id='block_1_60' title="bbox 1995 3106 3585 3181">
    <p class='ocr_par' dir='ltr' id='par_1_60' title="bbox 1995 3106 3585 3181">
     <span class='ocr_line' id='line_1_60' title="bbox 1995 3106 3585 3181; baseline 0.001 -17"><span class='ocrx_word' id='word_1_387' title='bbox 1995 3109 2411 3175; x_wconf 77' lang='lat' dir='ltr'><strong>declinaverunt,</strong></span> <span class='ocrx_word' id='word_1_388' title='bbox 2455 3106 2624 3162; x_wconf 66' lang='lat' dir='ltr'><strong>sintut</strong></span> <span class='ocrx_word' id='word_1_389' title='bbox 2653 3108 2864 3162; x_wconf 80' lang='lat' dir='ltr'><strong>inutiles</strong></span> <span class='ocrx_word' id='word_1_390' title='bbox 2889 3108 3015 3178; x_wconf 76' lang='lat' dir='ltr'><strong>facti</strong></span> <span class='ocrx_word' id='word_1_391' title='bbox 3047 3117 3190 3163; x_wconf 76' lang='lat' dir='ltr'><strong>siml.</strong></span> <span class='ocrx_word' id='word_1_392' title='bbox 3245 3109 3357 3163; x_wconf 82' lang='lat' dir='ltr'><strong>Non</strong></span> <span class='ocrx_word' id='word_1_393' title='bbox 3390 3122 3464 3164; x_wconf 77' lang='lat' dir='ltr'><strong>cst</strong></span> <span class='ocrx_word' id='word_1_394' title='bbox 3491 3113 3585 3181; x_wconf 81' lang='lat' dir='ltr'><strong>qui</strong></span> 
     </span>
    </p>
   </div>
   <div class='ocr_carea' id='block_1_61' title="bbox 298 3199 1887 3291">
    <p class='ocr_par' dir='ltr' id='par_1_61' title="bbox 298 3208 1887 3291">
     <span class='ocr_line' id='line_1_61' title="bbox 298 3208 1887 3291; baseline -0.009 -14"><span class='ocrx_word' id='word_1_395' title='bbox 298 3221 550 3291; x_wconf 77' lang='grc' dir='ltr'>ἀγαθὸν,</span> <span class='ocrx_word' id='word_1_396' title='bbox 583 3222 692 3274; x_wconf 82' lang='grc' dir='ltr'>οὐκ</span> <span class='ocrx_word' id='word_1_397' title='bbox 712 3220 881 3273; x_wconf 78' lang='grc' dir='ltr'>ἔστιν</span> <span class='ocrx_word' id='word_1_398' title='bbox 908 3219 1018 3283; x_wconf 76' lang='grc' dir='ltr'><strong>ἕως</strong></span> <span class='ocrx_word' id='word_1_399' title='bbox 1037 3215 1206 3285; x_wconf 79' lang='grc' dir='ltr'>ἐνός;</span> <span class='ocrx_word' id='word_1_400' title='bbox 1232 3217 1448 3278; x_wconf 80' lang='grc' dir='ltr'>Ἀλλως</span> <span class='ocrx_word' id='word_1_401' title='bbox 1477 3231 1532 3266; x_wconf 87' lang='grc' dir='ltr'><strong>τε</strong></span> <span class='ocrx_word' id='word_1_402' title='bbox 1551 3208 1801 3282; x_wconf 81' lang='grc' dir='ltr'>Ἀγάθων</span> <span class='ocrx_word' id='word_1_403' title='bbox 1829 3211 1887 3264; x_wconf 69' lang='grc' dir='ltr'>τὸ</span> 
     </span>
    </p>
   </div>
   <div class='ocr_carea' id='block_1_62' title="bbox 1993 3199 3582 3291">
    <p class='ocr_par' dir='ltr' id='par_1_62' title="bbox 1997 3199 3582 3272">
     <span class='ocr_line' id='line_1_62' title="bbox 1997 3199 3582 3272; baseline -0.003 -15"><span class='ocrx_word' id='word_1_404' title='bbox 1997 3204 2158 3271; x_wconf 75' lang='lat' dir='ltr'><strong>faciat</strong></span> <span class='ocrx_word' id='word_1_405' title='bbox 2193 3203 2408 3264; x_wconf 86' lang='lat' dir='ltr'><strong>bonum,</strong></span> <span class='ocrx_word' id='word_1_406' title='bbox 2445 3217 2546 3254; x_wconf 87' lang='lat' dir='ltr'><strong>non</strong></span> <span class='ocrx_word' id='word_1_407' title='bbox 2572 3207 2648 3252; x_wconf 74' lang='lat' dir='ltr'><strong>cst</strong></span> <span class='ocrx_word' id='word_1_408' title='bbox 2684 3215 2848 3270; x_wconf 84' lang='lat' dir='ltr'><strong>usque</strong></span> <span class='ocrx_word' id='word_1_409' title='bbox 2874 3199 2944 3254; x_wconf 83' lang='lat' dir='ltr'><strong>ad</strong></span> <span class='ocrx_word' id='word_1_410' title='bbox 2965 3202 3176 3255; x_wconf 81' lang='lat' dir='ltr'><strong>unum?</strong></span> <span class='ocrx_word' id='word_1_411' title='bbox 3209 3201 3415 3256; x_wconf 85' lang='lat' dir='ltr'><strong>Deinde</strong></span> <span class='ocrx_word' id='word_1_412' title='bbox 3441 3203 3582 3272; x_wconf 80' lang='lat' dir='ltr'><strong>Aga-</strong></span> 
     </span>
    </p>
   </div>
   <div class='ocr_carea' id='block_1_63' title="bbox 303 3306 1890 3387">
    <p class='ocr_par' dir='ltr' id='par_1_63' title="bbox 303 3306 1890 3387">
     <span class='ocr_line' id='line_1_63' title="bbox 303 3306 1890 3387; baseline -0.007 -18"><span class='ocrx_word' id='word_1_413' title='bbox 303 3318 640 3387; x_wconf 70' lang='grc' dir='ltr'>παρῳχηκδς</span> <span class='ocrx_word' id='word_1_414' title='bbox 679 3315 888 3387; x_wconf 81' lang='grc' dir='ltr'>εἴρηκε,</span> <span class='ocrx_word' id='word_1_415' title='bbox 915 3314 974 3365; x_wconf 87' lang='lat'><strong>1‘0</strong></span> <span class='ocrx_word' id='word_1_416' title='bbox 997 3313 1052 3365; x_wconf 66' lang='grc' dir='ltr'>δὲ</span> <span class='ocrx_word' id='word_1_417' title='bbox 1088 3312 1280 3382; x_wconf 83' lang='grc' dir='ltr'>μέλλον</span> <span class='ocrx_word' id='word_1_418' title='bbox 1318 3311 1417 3362; x_wconf 80' lang='grc' dir='ltr'><strong>οὐκ</strong></span> <span class='ocrx_word' id='word_1_419' title='bbox 1443 3308 1760 3372; x_wconf 80' lang='grc' dir='ltr'>ἀπέκλεισε,</span> <span class='ocrx_word' id='word_1_420' title='bbox 1794 3306 1890 3359; x_wconf 72' lang='grc' dir='ltr'><strong>καὶ</strong></span> 
     </span>
    </p>
   </div>
   <div class='ocr_carea' id='block_1_64' title="bbox 299 3400 1888 3479">
    <p class='ocr_par' dir='ltr' id='par_1_64' title="bbox 299 3400 1888 3479">
     <span class='ocr_line' id='line_1_64' title="bbox 299 3400 1888 3479; baseline -0.006 -15"><span class='ocrx_word' id='word_1_421' title='bbox 299 3411 364 3464; x_wconf 79' lang='grc' dir='ltr'><strong>τὸ</strong></span> <span class='ocrx_word' id='word_1_422' title='bbox 428 3411 688 3479; x_wconf 75' lang='grc' dir='ltr'>μέγιστον</span> <span class='ocrx_word' id='word_1_423' title='bbox 749 3409 858 3477; x_wconf 70' lang='grc' dir='ltr'>πρὸ</span> <span class='ocrx_word' id='word_1_424' title='bbox 885 3407 985 3476; x_wconf 87' lang='grc' dir='ltr'>τῆς</span> <span class='ocrx_word' id='word_1_425' title='bbox 1035 3411 1088 3471; x_wconf 82' lang='grc' dir='ltr'>ς’</span> <span class='ocrx_word' id='word_1_426' title='bbox 1144 3405 1364 3457; x_wconf 79' lang='grc' dir='ltr'>συνόδου</span> <span class='ocrx_word' id='word_1_427' title='bbox 1403 3402 1574 3456; x_wconf 79' lang='grc' dir='ltr'>ταῦτα</span> <span class='ocrx_word' id='word_1_428' title='bbox 1637 3400 1888 3471; x_wconf 74' lang='grc' dir='ltr'>εἴρηκεν.</span> 
     </span>
    </p>
   </div>
   <div class='ocr_carea' id='block_1_65' title="bbox 299 3492 1889 3571">
    <p class='ocr_par' dir='ltr' id='par_1_65' title="bbox 299 3492 1889 3571">
     <span class='ocr_line' id='line_1_65' title="bbox 299 3492 1889 3571; baseline -0.007 -17"><span class='ocrx_word' id='word_1_429' title='bbox 299 3501 620 3571; x_wconf 75' lang='grc' dir='ltr'>Θαυμάζειν</span> <span class='ocrx_word' id='word_1_430' title='bbox 649 3501 705 3553; x_wconf 86' lang='grc' dir='ltr'>δὲ</span> <span class='ocrx_word' id='word_1_431' title='bbox 739 3501 798 3554; x_wconf 83' lang='grc' dir='ltr'><strong>οὐ</strong></span> <span class='ocrx_word' id='word_1_432' title='bbox 831 3499 958 3570; x_wconf 84' lang='grc' dir='ltr'>χρὴ,</span> <span class='ocrx_word' id='word_1_433' title='bbox 1009 3495 1226 3558; x_wconf 82' lang='grc' dir='ltr'>σύνοδος</span> <span class='ocrx_word' id='word_1_434' title='bbox 1267 3495 1479 3548; x_wconf 84' lang='grc' dir='ltr'>πολλῶν</span> <span class='ocrx_word' id='word_1_435' title='bbox 1513 3493 1686 3561; x_wconf 83' lang='grc' dir='ltr'>ἁγίων</span> <span class='ocrx_word' id='word_1_436' title='bbox 1720 3492 1889 3560; x_wconf 82' lang='grc' dir='ltr'>συνῆ-</span> 
     </span>
    </p>
   </div>
   <div class='ocr_carea' id='block_1_66' title="bbox 310 3582 1887 3661">
    <p class='ocr_par' dir='ltr' id='par_1_66' title="bbox 310 3582 1887 3661">
     <span class='ocr_line' id='line_1_66' title="bbox 310 3582 1887 3661; baseline -0.008 -16"><span class='ocrx_word' id='word_1_437' title='bbox 310 3610 427 3655; x_wconf 86' lang='grc' dir='ltr'>κεν,</span> <span class='ocrx_word' id='word_1_438' title='bbox 462 3593 599 3661; x_wconf 81' lang='grc' dir='ltr'>ὄπερ</span> <span class='ocrx_word' id='word_1_439' title='bbox 635 3594 662 3644; x_wconf 86' lang='grc' dir='ltr'>ὁ</span> <span class='ocrx_word' id='word_1_440' title='bbox 716 3587 796 3655; x_wconf 77' lang='grc' dir='ltr'>εἷς</span> <span class='ocrx_word' id='word_1_441' title='bbox 856 3591 1148 3660; x_wconf 76' lang='grc' dir='ltr'>ἠγνόησεν.</span> <span class='ocrx_word' id='word_1_442' title='bbox 1185 3589 1309 3641; x_wconf 76' lang='grc' dir='ltr'>Ὅτι</span> <span class='ocrx_word' id='word_1_443' title='bbox 1345 3587 1402 3640; x_wconf 75' lang='grc' dir='ltr'><strong>δὲ</strong></span> <span class='ocrx_word' id='word_1_444' title='bbox 1449 3585 1624 3639; x_wconf 80' lang='grc' dir='ltr'>ταῦτα</span> <span class='ocrx_word' id='word_1_445' title='bbox 1686 3582 1887 3653; x_wconf 79' lang='grc' dir='ltr'>ἀληθῆ,</span> 
     </span>
    </p>
   </div>
   <div class='ocr_carea' id='block_1_67' title="bbox 307 3676 1890 3756">
    <p class='ocr_par' dir='ltr' id='par_1_67' title="bbox 307 3676 1890 3756">
     <span class='ocr_line' id='line_1_67' title="bbox 307 3676 1890 3756; baseline -0.009 -15"><span class='ocrx_word' id='word_1_446' title='bbox 307 3685 586 3756; x_wconf 77' lang='grc' dir='ltr'>ἀνάγνωθι</span> <span class='ocrx_word' id='word_1_447' title='bbox 614 3685 713 3754; x_wconf 81' lang='grc' dir='ltr'>τὴν</span> <span class='ocrx_word' id='word_1_448' title='bbox 741 3682 1029 3754; x_wconf 75' lang='grc' dir='ltr'>ἐπιστολὴν</span> <span class='ocrx_word' id='word_1_449' title='bbox 1055 3681 1148 3734; x_wconf 79' lang='grc' dir='ltr'>τοῦ</span> <span class='ocrx_word' id='word_1_450' title='bbox 1179 3682 1337 3735; x_wconf 63' lang='lat' dir='ltr'><strong>mima</strong></span> <span class='ocrx_word' id='word_1_451' title='bbox 1353 3681 1580 3743; x_wconf 81' lang='grc' dir='ltr'>Λέοντος</span> <span class='ocrx_word' id='word_1_452' title='bbox 1618 3676 1711 3732; x_wconf 81' lang='grc' dir='ltr'>τοῦ</span> <span class='ocrx_word' id='word_1_453' title='bbox 1751 3677 1890 3747; x_wconf 85' lang='grc' dir='ltr'><strong>μετά</strong></span> 
     </span>
    </p>
   </div>
   <div class='ocr_carea' id='block_1_68' title="bbox 309 3770 1892 3848">
    <p class='ocr_par' dir='ltr' id='par_1_68' title="bbox 309 3770 1892 3848">
     <span class='ocr_line' id='line_1_68' title="bbox 309 3770 1892 3848; baseline -0.009 -13"><span class='ocrx_word' id='word_1_454' title='bbox 309 3782 407 3835; x_wconf 67' lang='grc' dir='ltr'>τὸν</span> <span class='ocrx_word' id='word_1_455' title='bbox 449 3779 729 3848; x_wconf 81' lang='grc' dir='ltr'>’Δγάθωνα</span> <span class='ocrx_word' id='word_1_456' title='bbox 755 3777 891 3846; x_wconf 71' lang='grc' dir='ltr'>πρὸς</span> <span class='ocrx_word' id='word_1_457' title='bbox 928 3777 1021 3829; x_wconf 65' lang='grc' dir='ltr'><strong>τὸν</strong></span> <span class='ocrx_word' id='word_1_458' title='bbox 1045 3774 1268 3846; x_wconf 79' lang='grc' dir='ltr'>βασιλέα</span> <span class='ocrx_word' id='word_1_459' title='bbox 1291 3773 1579 3843; x_wconf 82' lang='grc' dir='ltr'>Ῥωμαίων</span> <span class='ocrx_word' id='word_1_460' title='bbox 1603 3789 1615 3803; x_wconf 92' lang='grc'>·</span> <span class='ocrx_word' id='word_1_461' title='bbox 1649 3789 1667 3822; x_wconf 79' lang='grc' dir='ltr'><strong>ι</strong></span> <span class='ocrx_word' id='word_1_462' title='bbox 1693 3770 1892 3821; x_wconf 80' lang='grc' dir='ltr'>Ὡσαύ-</span> 
     </span>
    </p>
   </div>
   <div class='ocr_carea' id='block_1_69' title="bbox 309 3859 1892 3939">
    <p class='ocr_par' dir='ltr' id='par_1_69' title="bbox 309 3859 1892 3939">
     <span class='ocr_line' id='line_1_69' title="bbox 309 3859 1892 3939; baseline -0.01 -11"><span class='ocrx_word' id='word_1_463' title='bbox 309 3892 420 3936; x_wconf 86' lang='grc' dir='ltr'><strong>τως</strong></span> <span class='ocrx_word' id='word_1_464' title='bbox 443 3870 915 3939; x_wconf 78' lang='grc' dir='ltr'>ἀναθεματίζομεν</span> <span class='ocrx_word' id='word_1_465' title='bbox 937 3870 1028 3920; x_wconf 79' lang='grc' dir='ltr'><strong>καὶ</strong></span> <span class='ocrx_word' id='word_1_466' title='bbox 1063 3866 1344 3937; x_wconf 82' lang='grc' dir='ltr'>Ὀνῶριον,</span> <span class='ocrx_word' id='word_1_467' title='bbox 1385 3866 1530 3926; x_wconf 81' lang='grc' dir='ltr'>ὅστις</span> <span class='ocrx_word' id='word_1_468' title='bbox 1560 3862 1768 3930; x_wconf 75' lang='grc' dir='ltr'>ταύτην</span> <span class='ocrx_word' id='word_1_469' title='bbox 1794 3859 1892 3930; x_wconf 81' lang='grc' dir='ltr'>τὴν</span> 
     </span>
    </p>
   </div>
   <div class='ocr_carea' id='block_1_70' title="bbox 307 3949 1893 4032">
    <p class='ocr_par' dir='ltr' id='par_1_70' title="bbox 307 3949 1893 4032">
     <span class='ocr_line' id='line_1_70' title="bbox 307 3949 1893 4032; baseline -0.013 -12"><span class='ocrx_word' id='word_1_470' title='bbox 307 3962 682 4032; x_wconf 83' lang='grc' dir='ltr'>ἁποστολικὴν</span> <span class='ocrx_word' id='word_1_471' title='bbox 723 3958 1053 4026; x_wconf 73' lang='grc' dir='ltr'>Ἐκκλησίαν</span> <span class='ocrx_word' id='word_1_472' title='bbox 1082 3957 1184 4010; x_wconf 78' lang='grc' dir='ltr'><strong>οὐκ</strong></span> <span class='ocrx_word' id='word_1_473' title='bbox 1217 3955 1543 4026; x_wconf 78' lang='grc' dir='ltr'>ἐπεχείρησε</span> <span class='ocrx_word' id='word_1_474' title='bbox 1571 3949 1893 4018; x_wconf 76' lang='grc' dir='ltr'>διδασκαλίᾳ</span> 
     </span>
    </p>
   </div>
   <div class='ocr_carea' id='block_1_71' title="bbox 310 4042 1890 4126">
    <p class='ocr_par' dir='ltr' id='par_1_71' title="bbox 310 4042 1890 4126">
     <span class='ocr_line' id='line_1_71' title="bbox 310 4042 1890 4126; baseline -0.013 -14"><span class='ocrx_word' id='word_1_475' title='bbox 310 4058 677 4126; x_wconf 73' lang='grc' dir='ltr'>ἀποστολικῆς</span> <span class='ocrx_word' id='word_1_476' title='bbox 710 4053 1062 4124; x_wconf 71' lang='grc' dir='ltr'>παραδόσεως</span> <span class='ocrx_word' id='word_1_477' title='bbox 1112 4052 1350 4119; x_wconf 81' lang='grc' dir='ltr'>ἁγνίσαι,</span> <span class='ocrx_word' id='word_1_478' title='bbox 1387 4047 1524 4100; x_wconf 88' lang='grc' dir='ltr'><strong>ἀλλά</strong></span> <span class='ocrx_word' id='word_1_479' title='bbox 1552 4047 1618 4116; x_wconf 79' lang='grc' dir='ltr'>τῇ</span> <span class='ocrx_word' id='word_1_480' title='bbox 1675 4042 1890 4114; x_wconf 74' lang='grc' dir='ltr'><strong>βεϐήλῳ</strong></span> 
     </span>
    </p>
   </div>
   <div class='ocr_carea' id='block_1_72' title="bbox 314 4135 1800 4222">
    <p class='ocr_par' dir='ltr' id='par_1_72' title="bbox 314 4135 1800 4222">
     <span class='ocr_line' id='line_1_72' title="bbox 314 4135 1800 4222; baseline -0.01 -20"><span class='ocrx_word' id='word_1_481' title='bbox 314 4145 578 4222; x_wconf 73' lang='grc' dir='ltr'>προδοσίᾳ</span> <span class='ocrx_word' id='word_1_482' title='bbox 609 4145 906 4218; x_wconf 74' lang='grc' dir='ltr'>μιανθῆναι</span> <span class='ocrx_word' id='word_1_483' title='bbox 936 4143 1034 4213; x_wconf 81' lang='grc' dir='ltr'><strong>τὴν</strong></span> <span class='ocrx_word' id='word_1_484' title='bbox 1062 4141 1293 4198; x_wconf 81' lang='grc' dir='ltr'>ἀσπιλον</span> <span class='ocrx_word' id='word_1_485' title='bbox 1318 4135 1737 4210; x_wconf 80' lang='grc' dir='ltr'>παρεχώρησεν.</span> <span class='ocrx_word' id='word_1_486' title='bbox 1779 4151 1800 4186; x_wconf 70' lang='grc' dir='ltr'><strong>ι</strong></span> 
     </span>
    </p>
   </div>
   <div class='ocr_carea' id='block_1_73' title="bbox 894 4355 1334 4415">
    <p class='ocr_par' dir='ltr' id='par_1_73' title="bbox 894 4355 1334 4415">
     <span class='ocr_line' id='line_1_73' title="bbox 894 4355 1334 4415; baseline -0.007 0"><span class='ocrx_word' id='word_1_487' title='bbox 894 4355 1334 4415; x_wconf 81' lang='grc' dir='ltr'><strong>ΑΝΤΙΡΡΗΣΙΣ.</strong></span> 
     </span>
    </p>
   </div>
   <div class='ocr_carea' id='block_1_74' title="bbox 387 4461 1899 4548">
    <p class='ocr_par' dir='ltr' id='par_1_74' title="bbox 387 4461 1899 4548">
     <span class='ocr_line' id='line_1_74' title="bbox 387 4461 1899 4548; baseline -0.014 -12"><span class='ocrx_word' id='word_1_488' title='bbox 387 4479 647 4536; x_wconf 84' lang='grc' dir='ltr'>Γενναίαν</span> <span class='ocrx_word' id='word_1_489' title='bbox 679 4479 810 4548; x_wconf 79' lang='grc' dir='ltr'>ἡμῖν</span> <span class='ocrx_word' id='word_1_490' title='bbox 839 4472 1164 4546; x_wconf 74' lang='grc' dir='ltr'>προεάλλεις</span> <span class='ocrx_word' id='word_1_491' title='bbox 1187 4467 1486 4538; x_wconf 88' lang='grc' dir='ltr'>ἀπολογίαν</span> <span class='ocrx_word' id='word_1_492' title='bbox 1511 4465 1646 4534; x_wconf 76' lang='grc' dir='ltr'>πρὸς</span> <span class='ocrx_word' id='word_1_493' title='bbox 1678 4463 1776 4534; x_wconf 84' lang='grc' dir='ltr'><strong>τὴν</strong></span> <span class='ocrx_word' id='word_1_494' title='bbox 1801 4461 1899 4534; x_wconf 85' lang='grc' dir='ltr'>σὴν</span> 
     </span>
    </p>
   </div>
   <div class='ocr_carea' id='block_1_75' title="bbox 1997 3293 3586 3366">
    <p class='ocr_par' dir='ltr' id='par_1_75' title="bbox 1997 3293 3586 3366">
     <span class='ocr_line' id='line_1_75' title="bbox 1997 3293 3586 3366; baseline 0 -16"><span class='ocrx_word' id='word_1_495' title='bbox 1997 3297 2092 3351; x_wconf 90' lang='lat' dir='ltr'><strong>tho</strong></span> <span class='ocrx_word' id='word_1_496' title='bbox 2141 3295 2478 3366; x_wconf 64' lang='lat' dir='ltr'><strong>praeteritum</strong></span> <span class='ocrx_word' id='word_1_497' title='bbox 2539 3293 2698 3358; x_wconf 78' lang='lat' dir='ltr'><strong>dixit,</strong></span> <span class='ocrx_word' id='word_1_498' title='bbox 2753 3293 3003 3348; x_wconf 82' lang='lat' dir='ltr'><strong>futurum</strong></span> <span class='ocrx_word' id='word_1_499' title='bbox 3058 3310 3168 3348; x_wconf 91' lang='lat' dir='ltr'><strong>non</strong></span> <span class='ocrx_word' id='word_1_500' title='bbox 3231 3297 3482 3366; x_wconf 67' lang='lat' dir='ltr'><strong>negarit;</strong></span> <span class='ocrx_word' id='word_1_501' title='bbox 3529 3307 3586 3350; x_wconf 86' lang='lat' dir='ltr'><strong>et</strong></span> 
     </span>
    </p>
   </div>
   <div class='ocr_carea' id='block_1_76' title="bbox 1995 3387 3585 3460">
    <p class='ocr_par' dir='ltr' id='par_1_76' title="bbox 1995 3387 3585 3460">
     <span class='ocr_line' id='line_1_76' title="bbox 1995 3387 3585 3460; baseline 0.001 -19"><span class='ocrx_word' id='word_1_502' title='bbox 1995 3388 2140 3460; x_wconf 86' lang='lat' dir='ltr'><strong>quod</strong></span> <span class='ocrx_word' id='word_1_503' title='bbox 2177 3389 2396 3443; x_wconf 78' lang='lat' dir='ltr'><strong>maximi</strong></span> <span class='ocrx_word' id='word_1_504' title='bbox 2423 3387 2610 3453; x_wconf 83' lang='lat' dir='ltr'><strong>refert,</strong></span> <span class='ocrx_word' id='word_1_505' title='bbox 2641 3396 2769 3442; x_wconf 89' lang='lat' dir='ltr'><strong>ante</strong></span> <span class='ocrx_word' id='word_1_506' title='bbox 2797 3396 3014 3444; x_wconf 80' lang='lat' dir='ltr'><strong>sextam</strong></span> <span class='ocrx_word' id='word_1_507' title='bbox 3051 3387 3321 3460; x_wconf 82' lang='lat' dir='ltr'><strong>synodum</strong></span> <span class='ocrx_word' id='word_1_508' title='bbox 3353 3389 3471 3444; x_wconf 79' lang='lat' dir='ltr'><strong>haec</strong></span> <span class='ocrx_word' id='word_1_509' title='bbox 3504 3387 3585 3442; x_wconf 85' lang='lat' dir='ltr'><strong>di-</strong></span> 
     </span>
    </p>
   </div>
   <div class='ocr_carea' id='block_1_77' title="bbox 1997 3480 3587 3550">
    <p class='ocr_par' dir='ltr' id='par_1_77' title="bbox 1997 3480 3587 3550">
     <span class='ocr_line' id='line_1_77' title="bbox 1997 3480 3587 3550; baseline -0.001 -14"><span class='ocrx_word' id='word_1_510' title='bbox 1997 3483 2097 3536; x_wconf 78' lang='lat' dir='ltr'><strong>xit.</strong></span> <span class='ocrx_word' id='word_1_511' title='bbox 2135 3481 2253 3536; x_wconf 81' lang='lat' dir='ltr'><strong>Non</strong></span> <span class='ocrx_word' id='word_1_512' title='bbox 2275 3491 2359 3536; x_wconf 85' lang='lat' dir='ltr'><strong>est</strong></span> <span class='ocrx_word' id='word_1_513' title='bbox 2381 3490 2562 3536; x_wconf 87' lang='lat' dir='ltr'><strong>autem</strong></span> <span class='ocrx_word' id='word_1_514' title='bbox 2584 3480 2788 3535; x_wconf 89' lang='lat' dir='ltr'><strong>mirum</strong></span> <span class='ocrx_word' id='word_1_515' title='bbox 2827 3494 2858 3535; x_wconf 89' lang='lat' dir='ltr'><strong>a</strong></span> <span class='ocrx_word' id='word_1_516' title='bbox 2895 3480 3108 3550; x_wconf 81' lang='lat' dir='ltr'><strong>synodo</strong></span> <span class='ocrx_word' id='word_1_517' title='bbox 3135 3481 3431 3536; x_wconf 92' lang='lat' dir='ltr'><strong>multorum</strong></span> <span class='ocrx_word' id='word_1_518' title='bbox 3459 3496 3587 3536; x_wconf 82' lang='lat' dir='ltr'><strong>san-</strong></span> 
     </span>
    </p>
   </div>
   <div class='ocr_carea' id='block_1_78' title="bbox 1998 3571 3588 3644">
    <p class='ocr_par' dir='ltr' id='par_1_78' title="bbox 1998 3571 3588 3644">
     <span class='ocr_line' id='line_1_78' title="bbox 1998 3571 3588 3644; baseline -0.001 -17"><span class='ocrx_word' id='word_1_519' title='bbox 1998 3583 2218 3628; x_wconf 85' lang='lat' dir='ltr'><strong>ctorum</strong></span> <span class='ocrx_word' id='word_1_520' title='bbox 2261 3582 2614 3642; x_wconf 86' lang='lat' dir='ltr'><strong>perspectum</strong></span> <span class='ocrx_word' id='word_1_521' title='bbox 2675 3571 2824 3644; x_wconf 84' lang='lat' dir='ltr'><strong>quod</strong></span> <span class='ocrx_word' id='word_1_522' title='bbox 2855 3588 3000 3628; x_wconf 89' lang='lat' dir='ltr'><strong>unus</strong></span> <span class='ocrx_word' id='word_1_523' title='bbox 3059 3572 3352 3644; x_wconf 77' lang='lat' dir='ltr'><strong>ignoravit.</strong></span> <span class='ocrx_word' id='word_1_524' title='bbox 3415 3573 3588 3628; x_wconf 82' lang='lat' dir='ltr'><strong>Porro</strong></span> 
     </span>
    </p>
   </div>
   <div class='ocr_carea' id='block_1_79' title="bbox 2001 3664 3587 3736">
    <p class='ocr_par' dir='ltr' id='par_1_79' title="bbox 2001 3664 3587 3736">
     <span class='ocr_line' id='line_1_79' title="bbox 2001 3664 3587 3736; baseline 0 -16"><span class='ocrx_word' id='word_1_525' title='bbox 2001 3666 2115 3720; x_wconf 70' lang='lat' dir='ltr'><strong>lucc</strong></span> <span class='ocrx_word' id='word_1_526' title='bbox 2155 3679 2462 3732; x_wconf 43' lang='lat' dir='ltr'><strong>esscn&#39;era</strong></span> <span class='ocrx_word' id='word_1_527' title='bbox 2500 3664 2723 3734; x_wconf 87' lang='lat' dir='ltr'><strong>planum</strong></span> <span class='ocrx_word' id='word_1_528' title='bbox 2775 3664 2915 3731; x_wconf 91' lang='lat' dir='ltr'><strong>erit,</strong></span> <span class='ocrx_word' id='word_1_529' title='bbox 2977 3665 3022 3720; x_wconf 90' lang='lat' dir='ltr'><strong>si</strong></span> <span class='ocrx_word' id='word_1_530' title='bbox 3085 3666 3302 3734; x_wconf 77' lang='lat' dir='ltr'><strong>legatur</strong></span> <span class='ocrx_word' id='word_1_531' title='bbox 3356 3666 3587 3736; x_wconf 81' lang='lat' dir='ltr'><strong>epismla</strong></span> 
     </span>
    </p>
   </div>
   <div class='ocr_carea' id='block_1_80' title="bbox 1998 3751 3596 3826">
    <p class='ocr_par' dir='ltr' id='par_1_80' title="bbox 1998 3751 3596 3826">
     <span class='ocr_line' id='line_1_80' title="bbox 1998 3751 3596 3826; baseline 0 -14"><span class='ocrx_word' id='word_1_532' title='bbox 1998 3757 2202 3812; x_wconf 84' lang='lat' dir='ltr'><strong>Leonis</strong></span> <span class='ocrx_word' id='word_1_533' title='bbox 2223 3766 2346 3826; x_wconf 90' lang='lat' dir='ltr'><strong>post</strong></span> <span class='ocrx_word' id='word_1_534' title='bbox 2391 3751 2732 3824; x_wconf 72' lang='lat' dir='ltr'><strong>Agathonem</strong></span> <span class='ocrx_word' id='word_1_535' title='bbox 2757 3771 2905 3826; x_wconf 63' lang='lat' dir='ltr'><strong>papae</strong></span> <span class='ocrx_word' id='word_1_536' title='bbox 2938 3758 3004 3810; x_wconf 89' lang='lat' dir='ltr'><strong>ad</strong></span> <span class='ocrx_word' id='word_1_537' title='bbox 3056 3757 3443 3826; x_wconf 83' lang='lat' dir='ltr'><strong>imperatorem</strong></span> <span class='ocrx_word' id='word_1_538' title='bbox 3476 3759 3596 3812; x_wconf 70' lang='lat' dir='ltr'><strong>lto-&#39;</strong></span> 
     </span>
    </p>
   </div>
   <div class='ocr_carea' id='block_1_81' title="bbox 2003 3849 3588 3917">
    <p class='ocr_par' dir='ltr' id='par_1_81' title="bbox 2003 3849 3588 3917">
     <span class='ocr_line' id='line_1_81' title="bbox 2003 3849 3588 3917; baseline 0 -15"><span class='ocrx_word' id='word_1_539' title='bbox 2003 3863 2311 3902; x_wconf 86' lang='lat' dir='ltr'><strong>manorum.</strong></span> <span class='ocrx_word' id='word_1_540' title='bbox 2353 3865 2372 3898; x_wconf 82' lang='grc' dir='ltr'><strong>ι</strong></span> <span class='ocrx_word' id='word_1_541' title='bbox 2401 3849 2962 3909; x_wconf 72' lang='grc' dir='ltr'>Αιιιιιιιοῐηιιιὶιέιιιιυε,</span> <span class='ocrx_word' id='word_1_542' title='bbox 2997 3849 3194 3917; x_wconf 87' lang='lat' dir='ltr'><strong>inquit,</strong></span> <span class='ocrx_word' id='word_1_543' title='bbox 3232 3849 3436 3917; x_wconf 78' lang='lat' dir='ltr'><strong>pariter</strong></span> <span class='ocrx_word' id='word_1_544' title='bbox 3479 3849 3588 3903; x_wconf 86' lang='lat' dir='ltr'><strong>llo-</strong></span> 
     </span>
    </p>
   </div>
   <div class='ocr_carea' id='block_1_82' title="bbox 2001 3923 3590 4010">
    <p class='ocr_par' dir='ltr' id='par_1_82' title="bbox 2001 3923 3590 4010">
     <span class='ocr_line' id='line_1_82' title="bbox 2001 3923 3590 4010; baseline 0.002 -16"><span class='ocrx_word' id='word_1_545' title='bbox 2001 3941 2363 4010; x_wconf 74' lang='lat' dir='ltr'><strong>norium,qut</strong></span> <span class='ocrx_word' id='word_1_546' title='bbox 2410 3940 2552 3993; x_wconf 84' lang='lat' dir='ltr'><strong>hanc</strong></span> <span class='ocrx_word' id='word_1_547' title='bbox 2601 3923 2957 4008; x_wconf 79' lang='lat' dir='ltr'><strong>apostolicam</strong></span> <span class='ocrx_word' id='word_1_548' title='bbox 2993 3940 3290 3995; x_wconf 79' lang='lat' dir='ltr'><strong>Ecclesium</strong></span> <span class='ocrx_word' id='word_1_549' title='bbox 3345 3944 3455 3995; x_wconf 84' lang='lat' dir='ltr'><strong>non</strong></span> <span class='ocrx_word' id='word_1_550' title='bbox 3502 3952 3590 4010; x_wconf 81' lang='lat' dir='ltr'><strong>est</strong></span> 
     </span>
    </p>
   </div>
   <div class='ocr_carea' id='block_1_83' title="bbox 1999 4017 3586 4104">
    <p class='ocr_par' dir='ltr' id='par_1_83' title="bbox 1999 4017 3586 4104">
     <span class='ocr_line' id='line_1_83' title="bbox 1999 4017 3586 4104; baseline 0.002 -17"><span class='ocrx_word' id='word_1_551' title='bbox 1999 4046 2290 4104; x_wconf 84' lang='lat' dir='ltr'><strong>aggressus</strong></span> <span class='ocrx_word' id='word_1_552' title='bbox 2336 4030 2653 4102; x_wconf 84' lang='lat' dir='ltr'><strong>apostolicae</strong></span> <span class='ocrx_word' id='word_1_553' title='bbox 2703 4032 3017 4089; x_wconf 88' lang='lat' dir='ltr'><strong>traditionis</strong></span> <span class='ocrx_word' id='word_1_554' title='bbox 3070 4017 3320 4089; x_wconf 86' lang='lat' dir='ltr'><strong>doctrina</strong></span> <span class='ocrx_word' id='word_1_555' title='bbox 3383 4035 3586 4091; x_wconf 84' lang='lat' dir='ltr'><strong>lustra-</strong></span> 
     </span>
    </p>
   </div>
   <div class='ocr_carea' id='block_1_84' title="bbox 2001 4125 3574 4198">
    <p class='ocr_par' dir='ltr' id='par_1_84' title="bbox 2001 4125 3574 4198">
     <span class='ocr_line' id='line_1_84' title="bbox 2001 4125 3574 4198; baseline 0.001 -16"><span class='ocrx_word' id='word_1_556' title='bbox 2001 4143 2083 4191; x_wconf 80' lang='lat' dir='ltr'><strong>re,</strong></span> <span class='ocrx_word' id='word_1_557' title='bbox 2143 4127 2238 4183; x_wconf 89' lang='lat' dir='ltr'><strong>sed</strong></span> <span class='ocrx_word' id='word_1_558' title='bbox 2265 4125 2492 4198; x_wconf 81' lang='lat' dir='ltr'><strong>profana</strong></span> <span class='ocrx_word' id='word_1_559' title='bbox 2517 4125 2830 4196; x_wconf 83' lang='lat' dir='ltr'><strong>proditione</strong></span> <span class='ocrx_word' id='word_1_560' title='bbox 2861 4127 3127 4183; x_wconf 86' lang='lat' dir='ltr'><strong>maculari</strong></span> <span class='ocrx_word' id='word_1_561' title='bbox 3164 4128 3574 4184; x_wconf 86' lang='lat' dir='ltr'><strong>immaculatam</strong></span> 
     </span>
    </p>
   </div>
   <div class='ocr_carea' id='block_1_85' title="bbox 2000 4220 2320 4292">
    <p class='ocr_par' dir='ltr' id='par_1_85' title="bbox 2000 4220 2320 4292">
     <span class='ocr_line' id='line_1_85' title="bbox 2000 4220 2320 4292; baseline -0.016 -15"><span class='ocrx_word' id='word_1_562' title='bbox 2000 4220 2271 4292; x_wconf 87' lang='lat' dir='ltr'><strong>permisit.</strong></span> <span class='ocrx_word' id='word_1_563' title='bbox 2300 4237 2320 4272; x_wconf 74' lang='grc' dir='ltr'><strong>ι</strong></span> 
     </span>
    </p>
   </div>
   <div class='ocr_carea' id='block_1_86' title="bbox 2590 4356 3056 4416">
    <p class='ocr_par' dir='ltr' id='par_1_86' title="bbox 2590 4356 3056 4416">
     <span class='ocr_line' id='line_1_86' title="bbox 2590 4356 3056 4416; baseline 0.006 -3"><span class='ocrx_word' id='word_1_564' title='bbox 2590 4356 3056 4416; x_wconf 72' lang='lat' dir='ltr'><strong>CONFUTATIO.</strong></span> 
     </span>
    </p>
   </div>
   <div class='ocr_carea' id='block_1_87' title="bbox 2075 4453 3592 4550">
    <p class='ocr_par' dir='ltr' id='par_1_87' title="bbox 2075 4453 3592 4550">
     <span class='ocr_line' id='line_1_87' title="bbox 2075 4453 3592 4550; baseline 0.003 -22"><span class='ocrx_word' id='word_1_565' title='bbox 2075 4472 2232 4540; x_wconf 88' lang='lat' dir='ltr'><strong>Quod</strong></span> <span class='ocrx_word' id='word_1_566' title='bbox 2274 4471 2388 4542; x_wconf 85' lang='lat' dir='ltr'><strong>ipse</strong></span> <span class='ocrx_word' id='word_1_567' title='bbox 2440 4470 2540 4526; x_wconf 72' lang='lat' dir='ltr'><strong>tibi</strong></span> <span class='ocrx_word' id='word_1_568' title='bbox 2581 4481 2646 4526; x_wconf 82' lang='lat' dir='ltr'><strong>ex</strong></span> <span class='ocrx_word' id='word_1_569' title='bbox 2675 4473 2966 4542; x_wconf 80' lang='lat' dir='ltr'><strong>Agathone</strong></span> <span class='ocrx_word' id='word_1_570' title='bbox 3002 4475 3220 4547; x_wconf 86' lang='lat' dir='ltr'><strong>objicis,</strong></span> <span class='ocrx_word' id='word_1_571' title='bbox 3251 4478 3468 4550; x_wconf 76' lang='lat' dir='ltr'><strong>egregia</strong></span> <span class='ocrx_word' id='word_1_572' title='bbox 3505 4453 3592 4534; x_wconf 77' lang='lat' dir='ltr'><strong>di—</strong></span> 
     </span>
    </p>
   </div>
   <div class='ocr_carea' id='block_1_88' title="bbox 315 4556 1887 4640">
    <p class='ocr_par' dir='ltr' id='par_1_88' title="bbox 315 4556 1887 4640">
     <span class='ocr_line' id='line_1_88' title="bbox 315 4556 1887 4640; baseline -0.012 -13"><span class='ocrx_word' id='word_1_573' title='bbox 315 4571 730 4640; x_wconf 74' lang='grc' dir='ltr'>ἀνθυποφοράν,</span> <span class='ocrx_word' id='word_1_574' title='bbox 777 4567 860 4620; x_wconf 75' lang='grc' dir='ltr'>ὅτι</span> <span class='ocrx_word' id='word_1_575' title='bbox 914 4563 1161 4633; x_wconf 77' lang='grc' dir='ltr'>Ἀγάθων</span> <span class='ocrx_word' id='word_1_576' title='bbox 1204 4559 1569 4627; x_wconf 78' lang='grc' dir='ltr'>οἰκονομικῶς</span> <span class='ocrx_word' id='word_1_577' title='bbox 1630 4556 1887 4627; x_wconf 75' lang='grc' dir='ltr'>ἔγραψεν.</span> 
     </span>
    </p>
   </div>
   <div class='ocr_carea' id='block_1_89' title="bbox 1993 4556 3590 4640">
    <p class='ocr_par' dir='ltr' id='par_1_89' title="bbox 2002 4564 3590 4639">
     <span class='ocr_line' id='line_1_89' title="bbox 2002 4564 3590 4639; baseline 0.003 -17"><span class='ocrx_word' id='word_1_578' title='bbox 2002 4565 2108 4622; x_wconf 87' lang='lat' dir='ltr'><strong>luis</strong></span> <span class='ocrx_word' id='word_1_579' title='bbox 2136 4564 2513 4634; x_wconf 86' lang='lat' dir='ltr'><strong>responsione,</strong></span> <span class='ocrx_word' id='word_1_580' title='bbox 2539 4565 2684 4634; x_wconf 88' lang='lat' dir='ltr'><strong>quod</strong></span> <span class='ocrx_word' id='word_1_581' title='bbox 2709 4567 2924 4636; x_wconf 83' lang='lat' dir='ltr'><strong>Agatho</strong></span> <span class='ocrx_word' id='word_1_582' title='bbox 2947 4583 3006 4623; x_wconf 88' lang='lat' dir='ltr'><strong>se</strong></span> <span class='ocrx_word' id='word_1_583' title='bbox 3031 4570 3098 4622; x_wconf 91' lang='lat' dir='ltr'><strong>ad</strong></span> <span class='ocrx_word' id='word_1_584' title='bbox 3125 4578 3344 4639; x_wconf 86' lang='lat' dir='ltr'><strong>tempus</strong></span> <span class='ocrx_word' id='word_1_585' title='bbox 3368 4586 3590 4626; x_wconf 86' lang='lat' dir='ltr'><strong>accom-</strong></span> 
     </span>
    </p>
   </div>
   <div class='ocr_carea' id='block_1_90' title="bbox 319 4649 1898 4726">
    <p class='ocr_par' dir='ltr' id='par_1_90' title="bbox 319 4649 1898 4726">
     <span class='ocr_line' id='line_1_90' title="bbox 319 4649 1898 4726; baseline -0.012 -8"><span class='ocrx_word' id='word_1_586' title='bbox 319 4668 446 4718; x_wconf 78' lang='grc' dir='ltr'>’Ότι</span> <span class='ocrx_word' id='word_1_587' title='bbox 470 4664 523 4716; x_wconf 87' lang='grc' dir='ltr'><strong>δέ</strong></span> <span class='ocrx_word' id='word_1_588' title='bbox 554 4679 637 4714; x_wconf 80' lang='grc' dir='ltr'><strong>σοι</strong></span> <span class='ocrx_word' id='word_1_589' title='bbox 671 4660 730 4713; x_wconf 77' lang='grc' dir='ltr'><strong>τδ</strong></span> <span class='ocrx_word' id='word_1_590' title='bbox 761 4656 1122 4726; x_wconf 76' lang='grc' dir='ltr'>οἰκονομικῶς</span> <span class='ocrx_word' id='word_1_591' title='bbox 1156 4657 1235 4717; x_wconf 85' lang='grc' dir='ltr'>εἰς</span> <span class='ocrx_word' id='word_1_592' title='bbox 1272 4655 1333 4706; x_wconf 79' lang='grc' dir='ltr'><strong>τὸ</strong></span> <span class='ocrx_word' id='word_1_593' title='bbox 1365 4651 1576 4721; x_wconf 79' lang='grc' dir='ltr'>ψευδῶς</span> <span class='ocrx_word' id='word_1_594' title='bbox 1600 4649 1898 4714; x_wconf 81' lang='grc' dir='ltr'>διαλύεται,</span> 
     </span>
    </p>
   </div>
   <div class='ocr_carea' id='block_1_91' title="bbox 313 4745 1898 4827">
    <p class='ocr_par' dir='ltr' id='par_1_91' title="bbox 313 4745 1898 4827">
     <span class='ocr_line' id='line_1_91' title="bbox 313 4745 1898 4827; baseline -0.012 -15"><span class='ocrx_word' id='word_1_595' title='bbox 313 4760 384 4813; x_wconf 76' lang='grc' dir='ltr'><strong>τὰ</strong></span> <span class='ocrx_word' id='word_1_596' title='bbox 425 4757 615 4827; x_wconf 81' lang='grc' dir='ltr'>πρῶτα</span> <span class='ocrx_word' id='word_1_597' title='bbox 647 4753 801 4820; x_wconf 78' lang='grc' dir='ltr'>δηλοῖ</span> <span class='ocrx_word' id='word_1_598' title='bbox 832 4751 866 4804; x_wconf 78' lang='grc' dir='ltr'>ἃ</span> <span class='ocrx_word' id='word_1_599' title='bbox 903 4751 1081 4817; x_wconf 85' lang='grc' dir='ltr'>λέγεις</span> <span class='ocrx_word' id='word_1_600' title='bbox 1103 4766 1116 4779; x_wconf 91' lang='grc'><strong>·</strong></span> <span class='ocrx_word' id='word_1_601' title='bbox 1150 4749 1232 4801; x_wconf 81' lang='grc' dir='ltr'><strong>ὅτι</strong></span> <span class='ocrx_word' id='word_1_602' title='bbox 1269 4747 1445 4801; x_wconf 82' lang='grc' dir='ltr'>δεῖτὰ</span> <span class='ocrx_word' id='word_1_603' title='bbox 1477 4746 1700 4816; x_wconf 74' lang='grc' dir='ltr'>ῥήματα</span> <span class='ocrx_word' id='word_1_604' title='bbox 1728 4745 1898 4810; x_wconf 77' lang='grc' dir='ltr'>ἐφαρ-</span> 
     </span>
    </p>
   </div>
   <div class='ocr_carea' id='block_1_92' title="bbox 318 4828 1902 4920">
    <p class='ocr_par' dir='ltr' id='par_1_92' title="bbox 318 4828 1902 4920">
     <span class='ocr_line' id='line_1_92' title="bbox 318 4828 1902 4920; baseline -0.013 -19"><span class='ocrx_word' id='word_1_605' title='bbox 318 4846 508 4920; x_wconf 72' lang='grc' dir='ltr'>μὸζειν</span> <span class='ocrx_word' id='word_1_606' title='bbox 535 4848 646 4907; x_wconf 78' lang='grc' dir='ltr'>τοῖς</span> <span class='ocrx_word' id='word_1_607' title='bbox 680 4843 1030 4913; x_wconf 79' lang='grc' dir='ltr'>πράγμασιν,</span> <span class='ocrx_word' id='word_1_608' title='bbox 1058 4838 1176 4891; x_wconf 86' lang='grc' dir='ltr'>ἀλλ’</span> <span class='ocrx_word' id='word_1_609' title='bbox 1199 4837 1320 4906; x_wconf 76' lang='grc' dir='ltr'>οὐχὶ</span> <span class='ocrx_word' id='word_1_610' title='bbox 1349 4836 1407 4889; x_wconf 81' lang='grc' dir='ltr'><strong>τὸ</strong></span> <span class='ocrx_word' id='word_1_611' title='bbox 1435 4831 1729 4886; x_wconf 70' lang='grc' dir='ltr'>ἀνάπαλιν.</span> <span class='ocrx_word' id='word_1_612' title='bbox 1762 4831 1804 4883; x_wconf 85' lang='grc' dir='ltr'>Τ</span> <span class='ocrx_word' id='word_1_613' title='bbox 1812 4829 1827 4881; x_wconf 90' lang='grc' dir='ltr'><strong>ί</strong></span> <span class='ocrx_word' id='word_1_614' title='bbox 1857 4828 1902 4920; x_wconf 76' lang='grc' dir='ltr'>δ’</span> 
     </span>
    </p>
   </div>
   <div class='ocr_carea' id='block_1_93' title="bbox 317 4918 1903 5006">
    <p class='ocr_par' dir='ltr' id='par_1_93' title="bbox 317 4918 1903 5006">
     <span class='ocr_line' id='line_1_93' title="bbox 317 4918 1903 5006; baseline -0.014 -12"><span class='ocrx_word' id='word_1_615' title='bbox 317 4918 449 4994; x_wconf 71' lang='grc' dir='ltr'>ἀλλο</span> <span class='ocrx_word' id='word_1_616' title='bbox 475 4938 593 4992; x_wconf 74' lang='grc' dir='ltr'>ἐστὶ</span> <span class='ocrx_word' id='word_1_617' title='bbox 623 4936 683 4989; x_wconf 81' lang='grc' dir='ltr'>τὺ</span> <span class='ocrx_word' id='word_1_618' title='bbox 729 4935 803 5006; x_wconf 80' lang='grc' dir='ltr'>μὴ</span> <span class='ocrx_word' id='word_1_619' title='bbox 842 4929 1175 5003; x_wconf 72' lang='grc' dir='ltr'>ἐφαρμόζειν</span> <span class='ocrx_word' id='word_1_620' title='bbox 1213 4929 1338 4990; x_wconf 69' lang='grc' dir='ltr'>τοὺς</span> <span class='ocrx_word' id='word_1_621' title='bbox 1371 4927 1565 4994; x_wconf 80' lang='grc' dir='ltr'>λόγους</span> <span class='ocrx_word' id='word_1_622' title='bbox 1597 4925 1710 4985; x_wconf 84' lang='grc' dir='ltr'>τοῖς</span> <span class='ocrx_word' id='word_1_623' title='bbox 1766 4918 1903 4990; x_wconf 73' lang='grc' dir='ltr'>πράο</span> 
     </span>
    </p>
   </div>
   <div class='ocr_carea' id='block_1_94' title="bbox 316 5017 1905 5102">
    <p class='ocr_par' dir='ltr' id='par_1_94' title="bbox 316 5017 1905 5102">
     <span class='ocr_line' id='line_1_94' title="bbox 316 5017 1905 5102; baseline -0.011 -18"><span class='ocrx_word' id='word_1_624' title='bbox 316 5031 604 5102; x_wconf 72' lang='grc' dir='ltr'>γμασιν,ἣ</span> <span class='ocrx_word' id='word_1_625' title='bbox 633 5029 692 5081; x_wconf 80' lang='grc' dir='ltr'><strong>τὸ</strong></span> <span class='ocrx_word' id='word_1_626' title='bbox 726 5026 1019 5097; x_wconf 80' lang='grc' dir='ltr'>προφανῶς</span> <span class='ocrx_word' id='word_1_627' title='bbox 1049 5021 1374 5093; x_wconf 46' lang='lat' dir='ltr'><strong>tle-6650M“</strong></span> <span class='ocrx_word' id='word_1_628' title='bbox 1403 5017 1558 5072; x_wconf 73' lang='grc' dir='ltr'>Οὕτω</span> <span class='ocrx_word' id='word_1_629' title='bbox 1583 5019 1676 5069; x_wconf 66' lang='grc' dir='ltr'><strong>δύο</strong></span> <span class='ocrx_word' id='word_1_630' title='bbox 1707 5017 1905 5068; x_wconf 79' lang='grc' dir='ltr'>τάναν-</span> 
     </span>
    </p>
   </div>
   <div class='ocr_carea' id='block_1_95' title="bbox 317 5110 1904 5189">
    <p class='ocr_par' dir='ltr' id='par_1_95' title="bbox 317 5110 1904 5189">
     <span class='ocr_line' id='line_1_95' title="bbox 317 5110 1904 5189; baseline -0.012 -10"><span class='ocrx_word' id='word_1_631' title='bbox 317 5129 411 5180; x_wconf 78' lang='grc' dir='ltr'><strong>τία</strong></span> <span class='ocrx_word' id='word_1_632' title='bbox 443 5125 586 5179; x_wconf 81' lang='grc' dir='ltr'>κατὰ</span> <span class='ocrx_word' id='word_1_633' title='bbox 618 5123 677 5175; x_wconf 79' lang='grc' dir='ltr'>σὲ</span> <span class='ocrx_word' id='word_1_634' title='bbox 703 5125 731 5176; x_wconf 88' lang='grc' dir='ltr'>ὁ</span> <span class='ocrx_word' id='word_1_635' title='bbox 773 5119 1026 5189; x_wconf 81' lang='grc' dir='ltr'>Ἀγάθων</span> <span class='ocrx_word' id='word_1_636' title='bbox 1048 5118 1184 5188; x_wconf 74' lang='grc' dir='ltr'>ἔχει,</span> <span class='ocrx_word' id='word_1_637' title='bbox 1213 5118 1306 5168; x_wconf 69' lang='grc' dir='ltr'><strong>καὶ</strong></span> <span class='ocrx_word' id='word_1_638' title='bbox 1338 5113 1609 5185; x_wconf 72' lang='grc' dir='ltr'>μακάριός</span> <span class='ocrx_word' id='word_1_639' title='bbox 1649 5113 1768 5162; x_wconf 81' lang='grc' dir='ltr'>ἐστι</span> <span class='ocrx_word' id='word_1_640' title='bbox 1809 5110 1904 5162; x_wconf 67' lang='grc' dir='ltr'>καὶ</span> 
     </span>
    </p>
   </div>
   <div class='ocr_carea' id='block_1_96' title="bbox 315 5203 1904 5291">
    <p class='ocr_par' dir='ltr' id='par_1_96' title="bbox 315 5203 1904 5291">
     <span class='ocr_line' id='line_1_96' title="bbox 315 5203 1904 5291; baseline -0.013 -17"><span class='ocrx_word' id='word_1_641' title='bbox 315 5219 493 5291; x_wconf 62' lang='grc' dir='ltr'>ψευδῆ</span> <span class='ocrx_word' id='word_1_642' title='bbox 524 5214 1040 5290; x_wconf 78' lang='grc' dir='ltr'>γράφει.ἰ“οιούτους</span> <span class='ocrx_word' id='word_1_643' title='bbox 1066 5213 1195 5284; x_wconf 77' lang='grc' dir='ltr'>ἡμῖν</span> <span class='ocrx_word' id='word_1_644' title='bbox 1225 5208 1432 5278; x_wconf 76' lang='grc' dir='ltr'>ἁγίους,</span> <span class='ocrx_word' id='word_1_645' title='bbox 1452 5203 1501 5259; x_wconf 84' lang='grc' dir='ltr'>ῶ-</span> <span class='ocrx_word' id='word_1_646' title='bbox 1525 5207 1705 5269; x_wconf 83' lang='grc' dir='ltr'>Νεῖλε,</span> <span class='ocrx_word' id='word_1_647' title='bbox 1737 5203 1904 5286; x_wconf 65' lang='grc' dir='ltr'>πλατ-</span> 
     </span>
    </p>
   </div>
   <div class='ocr_carea' id='block_1_97' title="bbox 318 5295 1902 5378">
    <p class='ocr_par' dir='ltr' id='par_1_97' title="bbox 318 5295 1902 5378">
     <span class='ocr_line' id='line_1_97' title="bbox 318 5295 1902 5378; baseline -0.006 -11"><span class='ocrx_word' id='word_1_648' title='bbox 318 5332 460 5378; x_wconf 79' lang='grc' dir='ltr'>τεις.</span> <span class='ocrx_word' id='word_1_649' title='bbox 521 5309 650 5365; x_wconf 78' lang='grc' dir='ltr'>Εἶτα</span> <span class='ocrx_word' id='word_1_650' title='bbox 681 5312 922 5371; x_wconf 79' lang='grc' dir='ltr'>σπανίως</span> <span class='ocrx_word' id='word_1_651' title='bbox 973 5307 1091 5375; x_wconf 72' lang='grc' dir='ltr'>μὲν,</span> <span class='ocrx_word' id='word_1_652' title='bbox 1146 5306 1198 5356; x_wconf 75' lang='grc' dir='ltr'>ἀ)</span> <span class='ocrx_word' id='word_1_653' title='bbox 1215 5303 1258 5354; x_wconf 91' lang='grc' dir='ltr'>λ’</span> <span class='ocrx_word' id='word_1_654' title='bbox 1295 5304 1444 5370; x_wconf 76' lang='grc' dir='ltr'>ὅμως</span> <span class='ocrx_word' id='word_1_655' title='bbox 1479 5300 1767 5352; x_wconf 71' lang='grc' dir='ltr'>’ἐκπίπτειν</span> <span class='ocrx_word' id='word_1_656' title='bbox 1796 5295 1902 5375; x_wconf 68' lang='grc' dir='ltr'><strong>φῂς</strong></span> 
     </span>
    </p>
   </div>
   <div class='ocr_carea' id='block_1_98' title="bbox 317 5392 1906 5477">
    <p class='ocr_par' dir='ltr' id='par_1_98' title="bbox 317 5392 1906 5477">
     <span class='ocr_line' id='line_1_98' title="bbox 317 5392 1906 5477; baseline -0.011 -18"><span class='ocrx_word' id='word_1_657' title='bbox 317 5409 417 5477; x_wconf 70' lang='grc' dir='ltr'>τῆς</span> <span class='ocrx_word' id='word_1_658' title='bbox 446 5405 702 5474; x_wconf 73' lang='grc' dir='ltr'>ἀληθείας</span> <span class='ocrx_word' id='word_1_659' title='bbox 733 5403 830 5465; x_wconf 78' lang='grc' dir='ltr'>τὴν</span> <span class='ocrx_word' id='word_1_660' title='bbox 862 5399 1188 5467; x_wconf 81' lang='grc' dir='ltr'>Ἐκκλησίαν</span> <span class='ocrx_word' id='word_1_661' title='bbox 1227 5397 1323 5464; x_wconf 76' lang='grc' dir='ltr'>τῆς</span> <span class='ocrx_word' id='word_1_662' title='bbox 1373 5393 1590 5462; x_wconf 75' lang='grc' dir='ltr'>Ῥώμης</span> <span class='ocrx_word' id='word_1_663' title='bbox 1614 5409 1627 5422; x_wconf 73' lang='grc' dir='ltr'><strong>ο</strong></span> <span class='ocrx_word' id='word_1_664' title='bbox 1673 5394 1766 5443; x_wconf 67' lang='grc' dir='ltr'><strong>καὶ</strong></span> <span class='ocrx_word' id='word_1_665' title='bbox 1809 5392 1906 5456; x_wconf 76' lang='grc' dir='ltr'><strong>φέ-</strong></span> 
     </span>
    </p>
   </div>
   <div class='ocr_carea' id='block_1_99' title="bbox 321 5487 1903 5573">
    <p class='ocr_par' dir='ltr' id='par_1_99' title="bbox 321 5487 1903 5573">
     <span class='ocr_line' id='line_1_99' title="bbox 321 5487 1903 5573; baseline -0.011 -19"><span class='ocrx_word' id='word_1_666' title='bbox 321 5519 439 5573; x_wconf 80' lang='grc' dir='ltr'>ρεις</span> <span class='ocrx_word' id='word_1_667' title='bbox 479 5501 536 5552; x_wconf 73' lang='grc' dir='ltr'>τὸ</span> <span class='ocrx_word' id='word_1_668' title='bbox 567 5498 658 5551; x_wconf 81' lang='grc' dir='ltr'>τοῦ</span> <span class='ocrx_word' id='word_1_669' title='bbox 687 5495 921 5566; x_wconf 81' lang='grc' dir='ltr'>Ψαλμοῦ</span> <span class='ocrx_word' id='word_1_670' title='bbox 956 5494 1033 5557; x_wconf 83' lang='grc' dir='ltr'><strong>εἰς</strong></span> <span class='ocrx_word' id='word_1_671' title='bbox 1059 5493 1368 5556; x_wconf 68' lang='grc' dir='ltr'>ἀπόδειξιν·</span> <span class='ocrx_word' id='word_1_672' title='bbox 1406 5488 1636 5553; x_wconf 68' lang='grc' dir='ltr'>Πάντες</span> <span class='ocrx_word' id='word_1_673' title='bbox 1668 5487 1903 5551; x_wconf 73' lang='grc' dir='ltr'>ἐξέκλιο</span> 
     </span>
    </p>
   </div>
   <div class='ocr_carea' id='block_1_100' title="bbox 320 5578 1907 5654">
    <p class='ocr_par' dir='ltr' id='par_1_100' title="bbox 320 5578 1907 5654">
     <span class='ocr_line' id='line_1_100' title="bbox 320 5578 1907 5654; baseline -0.008 -9"><span class='ocrx_word' id='word_1_674' title='bbox 320 5608 474 5645; x_wconf 72' lang='grc' dir='ltr'>ναν-ο</span> <span class='ocrx_word' id='word_1_675' title='bbox 508 5593 601 5643; x_wconf 59' lang='grc' dir='ltr'><strong>καί⁹</strong></span> <span class='ocrx_word' id='word_1_676' title='bbox 629 5590 688 5642; x_wconf 76' lang='grc' dir='ltr'><strong>τὸ</strong></span> <span class='ocrx_word' id='word_1_677' title='bbox 737 5590 880 5642; x_wconf 82' lang='grc' dir='ltr'>κατὰ</span> <span class='ocrx_word' id='word_1_678' title='bbox 912 5588 1197 5650; x_wconf 81' lang='grc' dir='ltr'>Ἰουδαίων,</span> <span class='ocrx_word' id='word_1_679' title='bbox 1233 5586 1263 5654; x_wconf 68' lang='grc' dir='ltr'><strong>ἦ</strong></span> <span class='ocrx_word' id='word_1_680' title='bbox 1301 5585 1397 5635; x_wconf 75' lang='grc' dir='ltr'><strong>καὶ</strong></span> <span class='ocrx_word' id='word_1_681' title='bbox 1449 5582 1557 5634; x_wconf 84' lang='grc' dir='ltr'><strong>τῶν</strong></span> <span class='ocrx_word' id='word_1_682' title='bbox 1593 5581 1765 5633; x_wconf 80' lang='grc' dir='ltr'>ἐθνῶν</span> <span class='ocrx_word' id='word_1_683' title='bbox 1791 5578 1907 5648; x_wconf 71' lang='grc' dir='ltr'><strong>ἅμα</strong></span> 
     </span>
    </p>
   </div>
   <div class='ocr_carea' id='block_1_101' title="bbox 325 5670 1906 5756">
    <p class='ocr_par' dir='ltr' id='par_1_101' title="bbox 325 5670 1906 5756">
     <span class='ocr_line' id='line_1_101' title="bbox 325 5670 1906 5756; baseline -0.01 -18"><span class='ocrx_word' id='word_1_684' title='bbox 325 5673 580 5756; x_wconf 79' lang='grc' dir='ltr'>ρηθέν,ἢ</span> <span class='ocrx_word' id='word_1_685' title='bbox 638 5683 732 5735; x_wconf 76' lang='grc' dir='ltr'><strong>καὶ</strong></span> <span class='ocrx_word' id='word_1_686' title='bbox 779 5683 996 5734; x_wconf 76' lang='grc' dir='ltr'>πάντων</span> <span class='ocrx_word' id='word_1_687' title='bbox 1035 5678 1140 5730; x_wconf 86' lang='grc' dir='ltr'><strong>τῶν</strong></span> <span class='ocrx_word' id='word_1_688' title='bbox 1193 5678 1297 5729; x_wconf 79' lang='grc' dir='ltr'>ὑπὸ</span> <span class='ocrx_word' id='word_1_689' title='bbox 1330 5676 1426 5745; x_wconf 81' lang='grc' dir='ltr'>τὴν</span> <span class='ocrx_word' id='word_1_690' title='bbox 1482 5674 1710 5742; x_wconf 55' lang='grc' dir='ltr'>ὑφήλαον</span> <span class='ocrx_word' id='word_1_691' title='bbox 1741 5672 1828 5724; x_wconf 81' lang='grc' dir='ltr'>διὰ</span> <span class='ocrx_word' id='word_1_692' title='bbox 1848 5670 1906 5722; x_wconf 71' lang='grc' dir='ltr'><strong>τὸ</strong></span> 
     </span>
    </p>
   </div>
   <div class='ocr_carea' id='block_1_102' title="bbox 325 5764 1906 5848">
    <p class='ocr_par' dir='ltr' id='par_1_102' title="bbox 325 5764 1906 5848">
     <span class='ocr_line' id='line_1_102' title="bbox 325 5764 1906 5848; baseline -0.01 -18"><span class='ocrx_word' id='word_1_693' title='bbox 325 5779 670 5848; x_wconf 85' lang='grc' dir='ltr'>προσπταὶον</span> <span class='ocrx_word' id='word_1_694' title='bbox 705 5774 804 5843; x_wconf 82' lang='grc' dir='ltr'>τῆς</span> <span class='ocrx_word' id='word_1_695' title='bbox 839 5773 1188 5842; x_wconf 77' lang='grc' dir='ltr'>ἀνθρωπίνης</span> <span class='ocrx_word' id='word_1_696' title='bbox 1221 5769 1532 5830; x_wconf 83' lang='grc' dir='ltr'>ἀσθενείας,</span> <span class='ocrx_word' id='word_1_697' title='bbox 1586 5768 1651 5836; x_wconf 75' lang='grc' dir='ltr'>τῇ</span> <span class='ocrx_word' id='word_1_698' title='bbox 1683 5764 1906 5834; x_wconf 78' lang='grc' dir='ltr'>συνήθει</span> 
     </span>
    </p>
   </div>
   <div class='ocr_carea' id='block_1_103' title="bbox 329 5864 1908 5943">
    <p class='ocr_par' dir='ltr' id='par_1_103' title="bbox 329 5864 1908 5943">
     <span class='ocr_line' id='line_1_103' title="bbox 329 5864 1908 5943; baseline -0.007 -16"><span class='ocrx_word' id='word_1_699' title='bbox 329 5869 691 5943; x_wconf 61' lang='grc' dir='ltr'>ματαιολογίᾳ</span> <span class='ocrx_word' id='word_1_700' title='bbox 728 5869 1012 5932; x_wconf 78' lang='grc' dir='ltr'>καθέλκεις</span> <span class='ocrx_word' id='word_1_701' title='bbox 1071 5869 1164 5922; x_wconf 76' lang='grc' dir='ltr'>ἐπὶ</span> <span class='ocrx_word' id='word_1_702' title='bbox 1197 5866 1295 5938; x_wconf 72' lang='grc' dir='ltr'>τὴν</span> <span class='ocrx_word' id='word_1_703' title='bbox 1328 5864 1536 5932; x_wconf 80' lang='grc' dir='ltr'>πίστιν,</span> <span class='ocrx_word' id='word_1_704' title='bbox 1580 5865 1672 5920; x_wconf 73' lang='grc' dir='ltr'><strong>καὶ</strong></span> <span class='ocrx_word' id='word_1_705' title='bbox 1707 5864 1797 5919; x_wconf 80' lang='grc' dir='ltr'><strong>τὸν</strong></span> <span class='ocrx_word' id='word_1_706' title='bbox 1824 5864 1908 5917; x_wconf 73' lang='lat'><strong>80-</strong></span> 
     </span>
    </p>
   </div>
   <div class='ocr_carea' id='block_1_104' title="bbox 2007 4653 3592 4732">
    <p class='ocr_par' dir='ltr' id='par_1_104' title="bbox 2007 4653 3592 4732">
     <span class='ocr_line' id='line_1_104' title="bbox 2007 4653 3592 4732; baseline 0.003 -18"><span class='ocrx_word' id='word_1_707' title='bbox 2007 4657 2337 4714; x_wconf 84' lang='lat' dir='ltr'><strong>modaverit.</strong></span> <span class='ocrx_word' id='word_1_708' title='bbox 2380 4655 2495 4711; x_wconf 81' lang='lat' dir='ltr'><strong>Hoc</strong></span> <span class='ocrx_word' id='word_1_709' title='bbox 2573 4673 2738 4728; x_wconf 87' lang='lat' dir='ltr'><strong>porro</strong></span> <span class='ocrx_word' id='word_1_710' title='bbox 2798 4660 2942 4714; x_wconf 88' lang='lat' dir='ltr'><strong>idem</strong></span> <span class='ocrx_word' id='word_1_711' title='bbox 3005 4653 3151 4728; x_wconf 79' lang='lat' dir='ltr'><strong>esse,</strong></span> <span class='ocrx_word' id='word_1_712' title='bbox 3207 4674 3374 4732; x_wconf 81' lang='lat' dir='ltr'><strong>atque</strong></span> <span class='ocrx_word' id='word_1_713' title='bbox 3438 4663 3592 4718; x_wconf 85' lang='lat' dir='ltr'><strong>illum</strong></span> 
     </span>
    </p>
   </div>
   <div class='ocr_carea' id='block_1_105' title="bbox 2007 4753 3595 4825">
    <p class='ocr_par' dir='ltr' id='par_1_105' title="bbox 2007 4753 3595 4825">
     <span class='ocr_line' id='line_1_105' title="bbox 2007 4753 3595 4825; baseline 0 -17"><span class='ocrx_word' id='word_1_714' title='bbox 2007 4753 2349 4809; x_wconf 87' lang='lat' dir='ltr'><strong>mendaciter</strong></span> <span class='ocrx_word' id='word_1_715' title='bbox 2392 4753 2698 4821; x_wconf 85' lang='lat' dir='ltr'><strong>scripsisse,</strong></span> <span class='ocrx_word' id='word_1_716' title='bbox 2748 4753 3033 4807; x_wconf 88' lang='lat' dir='ltr'><strong>declarant</strong></span> <span class='ocrx_word' id='word_1_717' title='bbox 3081 4754 3171 4808; x_wconf 90' lang='lat' dir='ltr'><strong>illa</strong></span> <span class='ocrx_word' id='word_1_718' title='bbox 3231 4770 3351 4825; x_wconf 83' lang='lat' dir='ltr'><strong>quae</strong></span> <span class='ocrx_word' id='word_1_719' title='bbox 3416 4757 3595 4825; x_wconf 80' lang='lat' dir='ltr'><strong>prium</strong></span> 
     </span>
    </p>
   </div>
   <div class='ocr_carea' id='block_1_106' title="bbox 2006 4845 3594 4918">
    <p class='ocr_par' dir='ltr' id='par_1_106' title="bbox 2006 4845 3594 4918">
     <span class='ocr_line' id='line_1_106' title="bbox 2006 4845 3594 4918; baseline 0 -17"><span class='ocrx_word' id='word_1_720' title='bbox 2006 4847 2188 4917; x_wconf 85' lang='lat' dir='ltr'><strong>ponis,</strong></span> <span class='ocrx_word' id='word_1_721' title='bbox 2223 4848 2368 4918; x_wconf 89' lang='lat' dir='ltr'><strong>quod</strong></span> <span class='ocrx_word' id='word_1_722' title='bbox 2403 4845 2870 4903; x_wconf 86' lang='lat' dir='ltr'><strong>accommodanda</strong></span> <span class='ocrx_word' id='word_1_723' title='bbox 2901 4854 3029 4902; x_wconf 87' lang='lat' dir='ltr'><strong>sunt</strong></span> <span class='ocrx_word' id='word_1_724' title='bbox 3056 4846 3128 4899; x_wconf 88' lang='lat' dir='ltr'><strong>ad</strong></span> <span class='ocrx_word' id='word_1_725' title='bbox 3148 4862 3236 4902; x_wconf 89' lang='lat' dir='ltr'><strong>res</strong></span> <span class='ocrx_word' id='word_1_726' title='bbox 3271 4847 3457 4913; x_wconf 77' lang='lat' dir='ltr'><strong>verba,</strong></span> <span class='ocrx_word' id='word_1_727' title='bbox 3487 4864 3594 4902; x_wconf 87' lang='lat' dir='ltr'><strong>non</strong></span> 
     </span>
    </p>
   </div>
   <div class='ocr_carea' id='block_1_107' title="bbox 2001 4938 3595 5008">
    <p class='ocr_par' dir='ltr' id='par_1_107' title="bbox 2001 4938 3595 5008">
     <span class='ocr_line' id='line_1_107' title="bbox 2001 4938 3595 5008; baseline -0.001 -14"><span class='ocrx_word' id='word_1_728' title='bbox 2001 4949 2234 4996; x_wconf 83' lang='lat' dir='ltr'><strong>contra:</strong></span> <span class='ocrx_word' id='word_1_729' title='bbox 2265 4956 2391 4996; x_wconf 88' lang='lat' dir='ltr'><strong>nam</strong></span> <span class='ocrx_word' id='word_1_730' title='bbox 2424 4942 2593 4995; x_wconf 71' lang='lat' dir='ltr'><strong>verba</strong></span> <span class='ocrx_word' id='word_1_731' title='bbox 2622 4955 2731 4993; x_wconf 91' lang='lat' dir='ltr'><strong>non</strong></span> <span class='ocrx_word' id='word_1_732' title='bbox 2767 4938 3188 4994; x_wconf 83' lang='lat' dir='ltr'><strong>accommodare</strong></span> <span class='ocrx_word' id='word_1_733' title='bbox 3248 4942 3430 5003; x_wconf 88' lang='lat' dir='ltr'><strong>rebus,</strong></span> <span class='ocrx_word' id='word_1_734' title='bbox 3466 4940 3595 5008; x_wconf 88' lang='lat' dir='ltr'><strong>quid</strong></span> 
     </span>
    </p>
   </div>
   <div class='ocr_carea' id='block_1_108' title="bbox 2007 5032 3598 5102">
    <p class='ocr_par' dir='ltr' id='par_1_108' title="bbox 2007 5032 3598 5102">
     <span class='ocr_line' id='line_1_108' title="bbox 2007 5032 3598 5102; baseline 0.001 -15"><span class='ocrx_word' id='word_1_735' title='bbox 2007 5043 2092 5088; x_wconf 90' lang='lat' dir='ltr'><strong>est</strong></span> <span class='ocrx_word' id='word_1_736' title='bbox 2123 5033 2271 5088; x_wconf 82' lang='lat' dir='ltr'><strong>aliud</strong></span> <span class='ocrx_word' id='word_1_737' title='bbox 2337 5049 2500 5101; x_wconf 89' lang='lat' dir='ltr'><strong>quam</strong></span> <span class='ocrx_word' id='word_1_738' title='bbox 2563 5042 2753 5102; x_wconf 90' lang='lat' dir='ltr'><strong>aperte</strong></span> <span class='ocrx_word' id='word_1_739' title='bbox 2785 5032 3050 5086; x_wconf 89' lang='lat' dir='ltr'><strong>mentiri?</strong></span> <span class='ocrx_word' id='word_1_740' title='bbox 3082 5032 3158 5086; x_wconf 85' lang='lat' dir='ltr'><strong>Ita</strong></span> <span class='ocrx_word' id='word_1_741' title='bbox 3188 5033 3298 5086; x_wconf 91' lang='lat' dir='ltr'><strong>duo</strong></span> <span class='ocrx_word' id='word_1_742' title='bbox 3319 5036 3598 5088; x_wconf 85' lang='lat' dir='ltr'><strong>contraria</strong></span> 
     </span>
    </p>
   </div>
   <div class='ocr_carea' id='block_1_109' title="bbox 2008 5122 3609 5194">
    <p class='ocr_par' dir='ltr' id='par_1_109' title="bbox 2008 5122 3609 5194">
     <span class='ocr_line' id='line_1_109' title="bbox 2008 5122 3609 5194; baseline 0.001 -17"><span class='ocrx_word' id='word_1_743' title='bbox 2008 5138 2106 5192; x_wconf 87' lang='lat' dir='ltr'><strong>per</strong></span> <span class='ocrx_word' id='word_1_744' title='bbox 2134 5135 2182 5178; x_wconf 89' lang='lat' dir='ltr'><strong>te</strong></span> <span class='ocrx_word' id='word_1_745' title='bbox 2200 5123 2413 5194; x_wconf 84' lang='lat' dir='ltr'><strong>Agatho</strong></span> <span class='ocrx_word' id='word_1_746' title='bbox 2445 5122 2656 5177; x_wconf 86' lang='lat' dir='ltr'><strong>habet:</strong></span> <span class='ocrx_word' id='word_1_747' title='bbox 2717 5133 2772 5176; x_wconf 89' lang='lat' dir='ltr'><strong>ct</strong></span> <span class='ocrx_word' id='word_1_748' title='bbox 2824 5122 3009 5176; x_wconf 86' lang='lat' dir='ltr'><strong>beatus</strong></span> <span class='ocrx_word' id='word_1_749' title='bbox 3059 5130 3164 5180; x_wconf 86' lang='lat' dir='ltr'><strong>est.</strong></span> <span class='ocrx_word' id='word_1_750' title='bbox 3218 5132 3272 5175; x_wconf 89' lang='lat' dir='ltr'><strong>et</strong></span> <span class='ocrx_word' id='word_1_751' title='bbox 3309 5125 3609 5178; x_wconf 86' lang='lat' dir='ltr'><strong>mentitur.-</strong></span> 
     </span>
    </p>
   </div>
   <div class='ocr_carea' id='block_1_110' title="bbox 2008 5212 3598 5283">
    <p class='ocr_par' dir='ltr' id='par_1_110' title="bbox 2008 5212 3598 5283">
     <span class='ocr_line' id='line_1_110' title="bbox 2008 5212 3598 5283; baseline 0.001 -17"><span class='ocrx_word' id='word_1_752' title='bbox 2008 5214 2330 5283; x_wconf 82' lang='lat' dir='ltr'><strong>llujusmodi</strong></span> <span class='ocrx_word' id='word_1_753' title='bbox 2359 5225 2413 5268; x_wconf 91' lang='lat' dir='ltr'><strong>tu</strong></span> <span class='ocrx_word' id='word_1_754' title='bbox 2441 5215 2600 5269; x_wconf 83' lang='lat' dir='ltr'><strong>nobis</strong></span> <span class='ocrx_word' id='word_1_755' title='bbox 2626 5222 2866 5278; x_wconf 84' lang='lat' dir='ltr'><strong>sanctos,</strong></span> <span class='ocrx_word' id='word_1_756' title='bbox 2895 5213 3036 5277; x_wconf 81' lang='lat' dir='ltr'><strong>Nile,</strong></span> <span class='ocrx_word' id='word_1_757' title='bbox 3063 5212 3598 5283; x_wconf 66' lang='lat' dir='ltr'><strong>c0nﬁngis.Deindc,</strong></span> 
     </span>
    </p>
   </div>
   <div class='ocr_carea' id='block_1_111' title="bbox 2011 5305 3636 5374">
    <p class='ocr_par' dir='ltr' id='par_1_111' title="bbox 2011 5305 3636 5374">
     <span class='ocr_line' id='line_1_111' title="bbox 2011 5305 3636 5374; baseline 0 -14"><span class='ocrx_word' id='word_1_758' title='bbox 2011 5322 2133 5360; x_wconf 90' lang='lat' dir='ltr'><strong>raro</strong></span> <span class='ocrx_word' id='word_1_759' title='bbox 2165 5305 2412 5374; x_wconf 84' lang='lat' dir='ltr'><strong>quidem,</strong></span> <span class='ocrx_word' id='word_1_760' title='bbox 2437 5307 2694 5359; x_wconf 75' lang='lat' dir='ltr'><strong>aberrare</strong></span> <span class='ocrx_word' id='word_1_761' title='bbox 2727 5318 2908 5358; x_wconf 84' lang='lat' dir='ltr'><strong>tamen</strong></span> <span class='ocrx_word' id='word_1_762' title='bbox 2951 5321 2978 5358; x_wconf 88' lang='lat' dir='ltr'><strong>a</strong></span> <span class='ocrx_word' id='word_1_763' title='bbox 3033 5305 3267 5359; x_wconf 80' lang='lat' dir='ltr'><strong>veritate</strong></span> <span class='ocrx_word' id='word_1_764' title='bbox 3302 5305 3636 5360; x_wconf 73' lang='lat' dir='ltr'><strong>Romanam-</strong></span> 
     </span>
    </p>
   </div>
   <div class='ocr_carea' id='block_1_112' title="bbox 2012 5395 3598 5464">
    <p class='ocr_par' dir='ltr' id='par_1_112' title="bbox 2012 5395 3598 5464">
     <span class='ocr_line' id='line_1_112' title="bbox 2012 5395 3598 5464; baseline 0.001 -15"><span class='ocrx_word' id='word_1_765' title='bbox 2012 5397 2093 5449; x_wconf 87' lang='lat' dir='ltr'><strong>ais</strong></span> <span class='ocrx_word' id='word_1_766' title='bbox 2128 5395 2458 5460; x_wconf 88' lang='lat' dir='ltr'><strong>Ecclesiam,</strong></span> <span class='ocrx_word' id='word_1_767' title='bbox 2496 5405 2661 5463; x_wconf 89' lang='lat' dir='ltr'><strong>atque</strong></span> <span class='ocrx_word' id='word_1_768' title='bbox 2703 5397 2769 5448; x_wconf 93' lang='lat' dir='ltr'><strong>ad</strong></span> <span class='ocrx_word' id='word_1_769' title='bbox 2839 5395 3179 5464; x_wconf 84' lang='lat' dir='ltr'><strong>probandum</strong></span> <span class='ocrx_word' id='word_1_770' title='bbox 3237 5397 3343 5451; x_wconf 91' lang='lat' dir='ltr'><strong>hoc</strong></span> <span class='ocrx_word' id='word_1_771' title='bbox 3398 5395 3598 5450; x_wconf 83' lang='lat' dir='ltr'><strong>Psalmi</strong></span> 
     </span>
    </p>
   </div>
   <div class='ocr_carea' id='block_1_113' title="bbox 2009 5491 3598 5561">
    <p class='ocr_par' dir='ltr' id='par_1_113' title="bbox 2009 5491 3598 5561">
     <span class='ocr_line' id='line_1_113' title="bbox 2009 5491 3598 5561; baseline -0.001 -16"><span class='ocrx_word' id='word_1_772' title='bbox 2009 5492 2211 5546; x_wconf 84' lang='lat' dir='ltr'><strong>dictum</strong></span> <span class='ocrx_word' id='word_1_773' title='bbox 2246 5505 2478 5558; x_wconf 85' lang='lat' dir='ltr'><strong>usurpas</strong></span> <span class='ocrx_word' id='word_1_774' title='bbox 2499 5507 2519 5549; x_wconf 91' lang='lat'><strong>_:</strong></span> <span class='ocrx_word' id='word_1_775' title='bbox 2551 5491 2746 5544; x_wconf 78' lang='lat' dir='ltr'><strong>()mncs</strong></span> <span class='ocrx_word' id='word_1_776' title='bbox 2777 5491 3214 5554; x_wconf 76' lang='lat' dir='ltr'><strong>declinaverunt;</strong></span> <span class='ocrx_word' id='word_1_777' title='bbox 3275 5502 3330 5545; x_wconf 82' lang='lat' dir='ltr'><strong>et</strong></span> <span class='ocrx_word' id='word_1_778' title='bbox 3364 5493 3506 5561; x_wconf 85' lang='lat' dir='ltr'><strong>quod</strong></span> <span class='ocrx_word' id='word_1_779' title='bbox 3546 5495 3598 5546; x_wconf 82' lang='lat' dir='ltr'><strong>in</strong></span> 
     </span>
    </p>
   </div>
   <div class='ocr_carea' id='block_1_114' title="bbox 2011 5583 3600 5655">
    <p class='ocr_par' dir='ltr' id='par_1_114' title="bbox 2011 5583 3600 5655">
     <span class='ocr_line' id='line_1_114' title="bbox 2011 5583 3600 5655; baseline -0.001 -15"><span class='ocrx_word' id='word_1_780' title='bbox 2011 5583 2254 5648; x_wconf 69' lang='lat' dir='ltr'><strong>JUdtL‘OS,</strong></span> <span class='ocrx_word' id='word_1_781' title='bbox 2290 5583 2374 5636; x_wconf 83' lang='lat' dir='ltr'><strong>vel</strong></span> <span class='ocrx_word' id='word_1_782' title='bbox 2409 5583 2573 5635; x_wconf 88' lang='lat' dir='ltr'><strong>simul</strong></span> <span class='ocrx_word' id='word_1_783' title='bbox 2616 5583 2780 5636; x_wconf 88' lang='lat' dir='ltr'><strong>etiam</strong></span> <span class='ocrx_word' id='word_1_784' title='bbox 2841 5592 3033 5636; x_wconf 83' lang='lat' dir='ltr'><strong>contra</strong></span> <span class='ocrx_word' id='word_1_785' title='bbox 3097 5585 3334 5655; x_wconf 76' lang='lat' dir='ltr'><strong>gentiles</strong></span> <span class='ocrx_word' id='word_1_786' title='bbox 3394 5586 3600 5638; x_wconf 84' lang='lat' dir='ltr'><strong>dictum</strong></span> 
     </span>
    </p>
   </div>
   <div class='ocr_carea' id='block_1_115' title="bbox 2007 5675 3595 5747">
    <p class='ocr_par' dir='ltr' id='par_1_115' title="bbox 2007 5675 3595 5747">
     <span class='ocr_line' id='line_1_115' title="bbox 2007 5675 3595 5747; baseline -0.002 -14"><span class='ocrx_word' id='word_1_787' title='bbox 2007 5687 2114 5737; x_wconf 84' lang='lat' dir='ltr'><strong>est,</strong></span> <span class='ocrx_word' id='word_1_788' title='bbox 2149 5688 2240 5728; x_wconf 88' lang='lat' dir='ltr'><strong>aut</strong></span> <span class='ocrx_word' id='word_1_789' title='bbox 2270 5677 2494 5738; x_wconf 87' lang='lat' dir='ltr'><strong>omnino</strong></span> <span class='ocrx_word' id='word_1_790' title='bbox 2529 5675 2581 5728; x_wconf 91' lang='lat' dir='ltr'><strong>in</strong></span> <span class='ocrx_word' id='word_1_791' title='bbox 2609 5676 2897 5730; x_wconf 80' lang='lat' dir='ltr'><strong>universos</strong></span> <span class='ocrx_word' id='word_1_792' title='bbox 2927 5677 3182 5732; x_wconf 87' lang='lat' dir='ltr'><strong>homines</strong></span> <span class='ocrx_word' id='word_1_793' title='bbox 3216 5687 3442 5747; x_wconf 82' lang='lat' dir='ltr'><strong>preplcr</strong></span> <span class='ocrx_word' id='word_1_794' title='bbox 3486 5678 3595 5730; x_wconf 89' lang='lat' dir='ltr'><strong>hu-</strong></span> 
     </span>
    </p>
   </div>
   <div class='ocr_carea' id='block_1_116' title="bbox 2009 5765 3608 5832">
    <p class='ocr_par' dir='ltr' id='par_1_116' title="bbox 2009 5765 3608 5832">
     <span class='ocr_line' id='line_1_116' title="bbox 2009 5765 3608 5832; baseline -0.003 -9"><span class='ocrx_word' id='word_1_795' title='bbox 2009 5784 2183 5823; x_wconf 80' lang='lat' dir='ltr'><strong>mana:</strong></span> <span class='ocrx_word' id='word_1_796' title='bbox 2235 5766 2632 5821; x_wconf 81' lang='lat' dir='ltr'><strong>imbecillitatis</strong></span> <span class='ocrx_word' id='word_1_797' title='bbox 2673 5765 2936 5832; x_wconf 73' lang='lat' dir='ltr'><strong>oliensas,</strong></span> <span class='ocrx_word' id='word_1_798' title='bbox 2973 5776 3028 5821; x_wconf 95' lang='lat' dir='ltr'><strong>tu</strong></span> <span class='ocrx_word' id='word_1_799' title='bbox 3083 5780 3265 5822; x_wconf 70' lang='lat' dir='ltr'><strong>vetere</strong></span> <span class='ocrx_word' id='word_1_800' title='bbox 3304 5779 3393 5820; x_wconf 89' lang='lat' dir='ltr'><strong>tua</strong></span> <span class='ocrx_word' id='word_1_801' title='bbox 3435 5765 3608 5819; x_wconf 81' lang='lat' dir='ltr'><strong>futili-</strong></span> 
     </span>
    </p>
   </div>
   <div class='ocr_carea' id='block_1_117' title="bbox 2011 5850 3607 5932">
    <p class='ocr_par' dir='ltr' id='par_1_117' title="bbox 2011 5850 3607 5932">
     <span class='ocr_line' id='line_1_117' title="bbox 2011 5850 3607 5932; baseline -0.003 -14"><span class='ocrx_word' id='word_1_802' title='bbox 2011 5872 2120 5920; x_wconf 85' lang='lat' dir='ltr'><strong>tate</strong></span> <span class='ocrx_word' id='word_1_803' title='bbox 2162 5867 2461 5932; x_wconf 80' lang='lat' dir='ltr'><strong>dctorques</strong></span> <span class='ocrx_word' id='word_1_804' title='bbox 2493 5862 2548 5916; x_wconf 89' lang='lat' dir='ltr'><strong>in</strong></span> <span class='ocrx_word' id='word_1_805' title='bbox 2588 5858 2773 5932; x_wconf 75' lang='lat' dir='ltr'><strong>(idem,</strong></span> <span class='ocrx_word' id='word_1_806' title='bbox 2822 5869 2879 5916; x_wconf 90' lang='lat' dir='ltr'><strong>et</strong></span> <span class='ocrx_word' id='word_1_807' title='bbox 2923 5860 3286 5917; x_wconf 86' lang='lat' dir='ltr'><strong>certissimam</strong></span> <span class='ocrx_word' id='word_1_808' title='bbox 3316 5850 3458 5915; x_wconf 58' lang='lat' dir='ltr'><strong>&#39;lidci</strong></span> <span class='ocrx_word' id='word_1_809' title='bbox 3519 5873 3607 5914; x_wconf 84' lang='lat' dir='ltr'><strong>re-</strong></span> 
     </span>
    </p>
   </div>
  </div>
