4088 6294
589 331 692 395 ’771

1755 330 1807 388 Μ
1819 329 1948 389 ΛΤἸ
1963 329 2019 390 Π
2029 330 2126 389 {El
2153 336 2162 385 l

2267 329 2690 390 RYOPHYLLI
3697 341 3782 403 τῃ

587 442 771 512 gulam
829 455 858 494 a
925 439 1208 496 Salvatore
1243 417 1424 492 datam
1457 437 1512 490 in
1547 438 1714 493 Petro
1743 449 1798 492 et
1831 439 2162 494 successori-

2267 438 2425 492 θέντα
2477 441 2630 512 παρὰ
2659 442 2755 494 τοῦ
2805 443 3054 511 Σωτῆρος
3083 443 3334 513 ἀστραεῆ
3375 446 3558 498 κανόνα
3599 448 3681 518 τῆς
3709 461 3780 502 πί-

587 533 712 598 bus,
753 541 808 588 et
838 539 989 586 tanto
1014 531 1197 586 studio
1233 531 1436 586 teneris
1459 529 1763 585 insectandi
1797 530 1942 586 Petri
1975 532 2163 586 cathe-

588 626 768 690 dram,
813 635 874 680 ut
904 625 1110 678 labaris
1145 625 1200 677 in
1258 623 1613 692 gravissimas
1663 623 2062 694 blasphemias.
2107 615 2170 680 Si.

589 718 736 770 enim
769 718 843 770 ita
869 715 1258 785 excipiendum
1311 727 1418 782 est,
1451 725 1512 770 ut
1541 723 1599 770 tu
1658 715 1922 787 intelligis
1985 716 2120 772 illud
2147 734 2164 770 '.

591 807 786 862 Omnes
815 805 1262 860 declinaverunt:
1305 821 1436 874 ergo
1489 813 1546 860 et
1577 813 1780 862 sancta:
1831 807 2046 878 synodi,
2110 816 2166 862 et

591 898 696 966 ipsi
752 897 1007 968 apostoli,
1061 913 1184 952 cum
1243 897 1497 952 homines
1547 895 1776 961 fuerint,
1812 898 1866 952 in
1901 898 2164 954 tradenda

589 991 693 1044 ﬁde
751 991 1186 1045 declinaverunt.
1241 991 1398 1057 Quod
1443 991 1488 1046 si
1515 991 1618 1045 hoe
1667 991 2030 1048 intolerabilis
2082 1000 2165 1048 est

587 1082 1021 1150 blaspltetnia,et
1051 1083 1330 1152 apostolos
1365 1091 1622 1138 etsaeras
1655 1083 1898 1153 synodos
1927 1085 2165 1153 suscipis

586 1183 776 1242 utpote
811 1183 1004 1230 sancto
1064 1175 1270 1243 Spiritu
1307 1175 1546 1230 dictante
1573 1175 1804 1242 locutas,
1833 1185 1890 1230 et
1945 1176 2166 1230 indubi-

587 1275 727 1320 tatus
787 1266 912 1320 ﬁdei
953 1267 1264 1336 magistros,
1294 1282 1394 1321 cur
1415 1265 1560 1322 Petri
1580 1266 1768 1322 sedem
1805 1267 2164 1322 contumeliis

588 1361 839 1414 laceras?
869 1361 1025 1429 quasi
1055 1375 1188 1414 vero
1211 1361 1302 1415 illa
1339 1370 1534 1431 suapte
1569 1361 1617 1414 vi
1651 1361 1849 1416 habeat
1871 1375 1978 1415 non
2006 1375 2164 1430 posse

586 1468 774 1506 errare
799 1453 854 1506 in
889 1453 1013 1518 lide,
1047 1467 1156 1508 non
1188 1469 1254 1508 ex
1301 1454 1664 1524 promissione
1728 1453 2050 1519 Salvatoris,
2105 1467 2164 1510 ut

587 1557 708 1598 acta
757 1545 1092 1614 synodorum
1127 1547 1429 1602 testantur?
1487 1547 1644 1613 Quod
1689 1561 1822 1601 vero
1871 1548 1976 1613 ais,
2027 1551 2166 1618 Aga-

589 1640 810 1690 thonem
865 1637 935 1691 de
965 1638 1243 1708 praeterito
1273 1639 1542 1703 locutum,
1593 1654 1702 1693 non
1739 1655 1968 1710 negasse
2012 1641 2165 1696 futu-

587 1745 736 1794 rum,
787 1738 895 1784 tota
962 1745 1113 1786 erras
1144 1731 1232 1784 via
1265 1748 1280 1784 :
1315 1730 1567 1786 decimus
1611 1731 1760 1785 enim
1816 1733 1886 1786 ab
1919 1731 2162 1789 Honorio

591 1821 1177 1892 I'uitAgatho.Subdis
1227 1839 1294 1878 ex
1346 1825 1580 1894 epistola
1643 1824 1844 1882 Leonis
1897 1842 2050 1898 papa:
2105 1828 2160 1884 in

585 1913 738 1970 calce
777 1925 945 1969 sextae
978 1915 1172 1985 synodi
1207 1915 1498 1970 anathema
1556 1917 1611 1971 in
1664 1917 2007 1986 Honorium;
2061 1933 2165 1975 nec

585 2005 1046 2069 animadvertisti,
1111 2005 1352 2060 Leonem
1385 2022 1626 2078 pugnare
1660 2023 1846 2064 secum
1884 2011 1927 2066 si
1971 2026 2161 2066 verum

585 2096 640 2149 id
663 2105 828 2184 esset.
862 2095 1044 2152 Primo
1075 2098 1222 2151 enim
1261 2095 1434 2151 dicit:
1467 2115 1486 2148 ι
1511 2097 1682 2167 Igitur
1701 2107 1979 2168 gestorum
2003 2115 2164 2171 syno-

585 2187 792 2242 dalium
849 2188 1054 2243 seriem
1091 2197 1465 2253 recensentes,
1519 2199 1577 2244 et
1608 2192 1825 2246 curiosa
1877 2191 2162 2262 diligentia

586 2281 918 2349 perserutati
949 2281 1161 2350 singula
1201 2295 1324 2350 quze
1383 2288 1534 2350 gesta
1583 2289 1735 2346 sunt,
1790 2281 1981 2336 eadem
2036 2297 2159 2352 quae

587 2371 904 2441 apostolica:
931 2372 1080 2426 sedis
1105 2371 1268 2443 legati
1296 2381 1674 2436 narraverant,
1710 2373 1928 2444 scriptis
1951 2387 2155 2429 conso-

587 2463 850 2517 nantibus
877 2463 1176 2518 eonvcnire
1203 2464 1626 2533 comperimus.»

2231 1233 2244 1240 ,
2269 1174 2489 1240 στόλους
2523 1176 2620 1229 καὶ
2652 1176 2750 1239 τὰς
2779 1177 2932 1248 ἱερὰς
2964 1178 3213 1240 συνόδους
3243 1177 3462 1245 ἀσπάζῃ
3491 1176 3562 1239 ὡς
3589 1175 3788 1245 unusu-

2272 549 2443 596 στεως
2487 534 2547 586 ὲν
2573 533 2652 604 τῷ
2699 534 2892 605 Πέτρῳ
2932 535 3026 588 καὶ
3050 536 3158 598 τοῖς
3188 535 3474 605 διαδόχοις·
3501 537 3628 590 οὓτω
3651 541 3704 610 δὴ
3732 547 3779 594 si:

2269 623 2374 676 ὑπὸ
2401 625 2502 694 τῆς
2535 625 2676 691 ἄγαν
2695 626 2930 696 σπουδῆς
2952 627 3046 679 τοῦ
3075 626 3332 696 διασῦραι
3357 627 3445 680 τὸν
3477 628 3658 698 Πέτρου
3686 631 3782 698 θρό-

2269 733 2378 781 νον,
2409 719 2490 780 εἰς
2513 717 2594 786 ,τά
2649 717 2986 787 καιριώτατα
3027 718 3388 788 βλασφημεῖς.
3436 719 3496 770 Ei
3551 720 3646 789 γάρ
3674 738 3783 773 κατι

2267 809 2356 861 τὶν
2386 809 2474 862 σὺν
2495 809 2618 864 νοῦν
2643 810 2945 880 ἐκληπτὲον
2973 812 3054 874 τὸ,
3087 811 3318 878 Πάντες
3347 810 3664 876 ἐξέκλιναν,
3703 813 3783 882 ἄρτι

2269 901 2360 951 ml.
2388 901 2444 953 αἱ
2476 901 2628 968 ἅγιαι
2653 901 2888 966 σύνοδοι,
2923 901 3020 956 καὶ
3048 903 3206 956 αὐτοὶ
3233 905 3284 956 οἱ
3313 903 3592 956 ἀπόστολοι
3617 905 3786 972 ἀνθρωι

2269 1007 2358 1042 ποι
2383 989 2532 1052 ὄντες
2555 993 2616 1045 ἐν
2635 992 2711 1062 τῷ
2745 991 3088 1062 παραδοῦναι
3121 993 3189 1046 τὰ
3247 991 3346 1062 τῆς
3377 993 3596 1054 πίστεως
3617 993 3785 1056 ἐξέκλι-

2269 1098 2383 1136 ναν.
2407 1083 2468 1136 Εἰ
2500 1083 2556 1136 δὲ
2577 1083 2737 1136 τοῦτο
2766 1085 3004 1155 ἐσχάτης
3021 1085 3396 1156 βλασφημίας,
3423 1086 3512 1138 καὶ
3541 1084 3654 1146 τοὺς
3677 1085 3785 1137 ἀπο·
3815 1121 3828 1144 ,

2267 1265 2436 1335 μένας
2459 1266 2538 1336 τῷ
2575 1267 2717 1338 άγίῳ
2743 1268 3044 1338 [Ινεύματι.
3099 1271 3194 1322 καὶ
3227 1269 3302 1332 ὡς
3329 1269 3586 1336 ἀσφαλεῖς
3609 1269 3694 1336 τῆς
3719 1267 3788 1319 aio

2269 1375 2440 1422 στεως
2466 1359 2826 1424 διδασκάλους
2851 1401 2866 1422 ,
2923 1361 3038 1424 πῶς
3059 1361 3304 1430 ὑόρίζεις
3333 1361 3426 1414 τὸν
3473 1363 3658 1430 Πέτρου
3692 1359 3788 1428 Opti-

2267 1471 2356 1505 νον
2385 1453 2576 1522 ἔχοντα
2607 1453 2738 1522 περὶ⁵
2767 1453 2866 1523 τὴν
2899 1451 3082 1506 πίστιν
3105 1454 3164 1505 τὸ
3203 1453 3612 1522 ἀναμάρτητον;
3636 1448 3790 1516 ὥσπερ

2265 1543 2332 1596 ἂν
2357 1546 2408 1596 εἰ
2429 1543 2586 1596 τοῦτο
2607 1543 2666 1610 ἐξ
2690 1544 2898 1607 οἰκείας
2929 1543 3042 1616 εἶχε
3073 1545 3380 1616 δυνάμεως,
3409 1547 3502 1598 καὶ
3529 1543 3602 1614 μὴ
3637 1545 3692 1598 ἐκ
3717 1543 3792 1611 τῆς

2265 1634 2360 1688 τοῦ
2419 1635 2674 1705 Σωτῆρος
2719 1637 3075 1705 ἐπαγγελίας,
3107 1637 3181 1700 ὡς
3229 1635 3564 1706 μαρτυροῦσι
3591 1635 3651 1688 τὰ
3675 1635 3792 1705 Πρα-

2265 1727 2430 1782 κτικά
2449 1727 2557 1780 τῶν
2597 1727 2855 1784 συνόδων.
2903 1731 2968 1783 Ὃ
3018 1731 3076 1786 δὲ
3099 1731 3304 1798 λέγεις,
3335 1730 3427 1782 τὸν
3455 1728 3716 1796 Ἀγάθωνα
3736 1726 3794 1778 εἱ-

2269 1820 2495 1889 ρηκέναι
2527 1820 2589 1873 τὸ
2617 1821 2970 1892 παρῳχηκὺς,
2991 1821 3050 1874 τὸ
3081 1823 3274 1892 μέλλον
3305 1822 3360 1874 δὲ
3395 1822 3472 1892 μὴ
3497 1818 3794 1882 ἀποκλεῖσαι,

2265 1913 2446 1984 πάντη
2467 1914 2568 1982 τῆς
2587 1913 3203 1985 άληθείαςάπῲκισται·
3231 1915 3456 1976 δέκατος
3477 1911 3796 1983 γάρ’Λγάθων

2267 2006 2724 2076 μετὰ”ονώριον.
2776 2005 2908 2060 Εἶτα
2937 2008 3226 2078 ἐπιφέρεις
3268 2007 3366 2077 τὴν
3401 2006 3536 2074 πρὸς
3572 2005 3643 2074 τῷ
3681 2004 3796 2056 τέλει

2263 2099 2364 2170 τῆς
2395 2104 2448 2162 ς’
2475 2101 2694 2153 συνόδου
2725 2101 2950 2164 Λέοντος
3011 2101 3102 2154 τοῦ
3137 2103 3340 2155 πάππα
3385 2099 3666 2168 ἐπιστολὴν
3691 2098 3795 2149 ἀνα-

2265 2189 2666 2260 θεματῑζουσαν
2723 2192 2816 2244 τὸν
2873 2192 3150 2262 ὉνώριΟν.
3205 2193 3316 2247 Καὶ
3356 2193 3420 2244 οὐ
3467 2190 3798 2252 συνεῖδεςιδτι

2268 2281 2548 2352 προδήλως
2606 2283 2782 2352 ἑαυτῷ
2831 2285 3113 2355 μάχεταιό
3161 2285 3334 2348 Λέων,
3385 2285 3543 2354 εἴπερ
3570 2279 3634 2354 ἦν
3655 2279 3798 2336 ταῦτα

2266 2375 2464 2446 ἀληθῆ·
2523 2375 2740 2446 πρῶτον
2799 2375 2900 2445 μὲν
2941 2377 3049 2446 γὰρ
3097 2377 3274 2445 λέγει·
3339 2395 3356 2427 ι
3393 2374 3684 2445 Τοιγαροῦν
3712 2371 3801 2424 τῶν

2268 2467 2562 2520 συνοδικῶν
2591 2467 2650 2520 τὺ
2675 2466 2809 2536 ὕφος
2839 2468 3271 2539 ἀναδραμόντες,
3311 2471 3412 2521 καὶ
3441 2466 3701 2538 ἐπιμελῶς
3725 2481 3803 2517 πε-

592 2559 1036 2630 ριεργασάμενοι,
1069 2562 1166 2612 καὶ
1200 2557 1408 2614 ἕκαστα
1425 2557 1533 2612 τῶν
1555 2559 1964 2632 ὑπομνημάτων
2035 2562 2469 2633 ἀπαιτήσαντες,
2537 2563 2604 2618 τά
2662 2565 2802 2618 αὐτά
2832 2563 2976 2634 ἅπερ
3000 2565 3094 2616 καὶ
3121 2567 3168 2619 οἱ
3193 2565 3287 2618 τοῦ
3319 2564 3680 2619 ἀποστολικοῦ
3706 2563 3804 2632 θρό-

587 2669 682 2706 νου
715 2653 1041 2724 ληγατάριοι
1095 2656 1459 2726 ἐξηγήσαντο,
1519 2657 1631 2720 τοῖς
1661 2654 2049 2724 συμφωνοῦσιν
2091 2659 2395 2729 ἐγγράφοις
2419 2657 2664 2729 ηὕρομεν
2693 2659 3039 2728 συμϐαίνειν.
3071 2677 3089 2710 ι

659 2751 739 2808 Ita
768 2752 930 2807 habet
979 2754 1210 2823 epistola
1241 2769 1392 2824 papa:
1459 2755 1512 2809 in
1562 2755 1812 2810 Graecum
1871 2769 2159 2821 conversa,

587 2859 710 2915 quae
738 2846 784 2900 si
819 2861 967 2900 nunc
987 2856 1248 2912 exstaret,
1292 2857 1351 2901 ut
1389 2847 1591 2917 scripta
1647 2846 1754 2902 fuit
1791 2861 1822 2900 a
1853 2861 2016 2917 papa,
2052 2845 2158 2901 La-

591 2921 1036 3006 tine,integract
1103 2936 1444 3007 incorrupta,
1487 2935 1734 3006 profecto
1771 2935 1956 2990 multa:
2018 2936 2163 2992 dete-

587 3037 850 3097 gerentur
877 3029 1128 3093 fallacize,
1146 3044 1282 3099 quas
1301 3038 1568 3084 consueta
1587 3028 1886 3083 immiscuit
1910 3027 2158 3082 audacia.

587 3121 858 3176 Caeterum
891 3129 1015 3190 post
1042 3131 1122 3176 tot
1157 3121 1379 3176 fraudes
1403 3121 1591 3185 etiam,
1616 3136 1738 3190 qua:
1762 3133 2043 3192 nunquam
2072 3135 2165 3188 ex-

585 3225 885 3285 pugnatur,
922 3223 1146 3284 apparet
1179 3215 1404 3268 veritas.
1559 3285 1566 3290 I

657 3307 804 3362 Dicit
831 3306 942 3362 Leo
965 3321 1125 3376 papa,
1141 3305 1484 3378 synodalium
1511 3314 1786 3376 gestorum
1814 3322 1872 3362 se
1893 3321 2167 3362 commen-

589 3399 762 3454 tarios
789 3402 1154 3468 percurrisse,
1177 3405 1233 3451 et
1268 3398 1654 3452 convenientia
1713 3398 1985 3468 reperisse
2046 3413 2168 3469 quae

589 3492 723 3564 legit
763 3507 888 3545 cum
923 3489 1239 3545 narratione
1285 3491 1618 3562 legatorum.
1661 3489 1864 3545 Deinde
1905 3474 2044 3544 infra
2073 3505 2168 3544 no-

592 3585 842 3638 minatim
896 3583 1086 3638 laudat
1135 3583 1425 3654 epistolam
1451 3583 1777 3653 Agathonis,
1806 3597 1929 3652 qua:
1959 3581 2166 3635 inserta

591 3687 671 3732 est
711 3676 850 3731 actis
875 3685 1044 3730 sextae
1087 3676 1307 3746 synodi.
1357 3675 1643 3741 Quomodo
1685 3674 2166 3746 igiturAgathonis

588 3769 820 3838 epistola
851 3769 1024 3824 libere
1077 3768 1436 3838 prredicante,
1483 3767 1695 3822 nullum
1721 3783 1916 3838 papam
1949 3780 2164 3821 errasse

589 3864 643 3917 in
679 3861 806 3926 ﬁde,
840 3861 973 3928 Leo,
1039 3875 1323 3916 successor
1377 3858 1702 3928 Agathonis,
1763 3871 1820 3914 et
1879 3858 2162 3928 epistolam

589 3957 774 4010 laudat
813 3964 868 4009 et
891 3953 1161 4008 contraria
1192 3952 1433 4022 cpistola:
1455 3950 1618 4007 dicit?
1664 3951 1953 4018 Quomodo
1985 3951 2166 4004 llono-

591 4048 760 4114 rium,
792 4061 952 4118 quem
982 4045 1192 4116 Agatho
1229 4046 1474 4100 vindicat
1504 4059 1536 4099 a
1569 4044 1859 4099 calumniis
1881 4043 2164 4097 haeretico-

593 4155 739 4206 rum,
767 4139 884 4194 Leo
911 4151 1200 4194 sucecssor
1221 4137 1543 4191 nominatim
1583 4133 1921 4189 anathemati
1967 4133 2165 4187 tradit?

591 4233 727 4300 Quis
775 4232 995 4288 tandem
1047 4231 1152 4286 hoc
1185 4229 1405 4286 credit?
1444 4228 1554 4284 Sed
1586 4236 1744 4282 vetus
1768 4235 1851 4282 est
1873 4239 1996 4280 mos
2025 4241 2162 4294 quo-

2341 2755 2525 2820 Οὕτως
2549 2757 2663 2826 ἔχει
2693 2757 2724 2826 ἡ
2755 2755 3154 2826 ὲρμηνευθείσα
3187 2755 3268 2818 εἰς
3299 2755 3360 2808 τὸ
3409 2753 3712 2826 Ἑλληνικὸν
3729 2753 3803 2808 τοῦ

2267 2846 2470 2900 πάππα
2495 2847 2768 2916 ἐπιστολή·
2796 2846 2865 2910 ἣν
2893 2846 3048 2916 εἴπερ
3069 2846 3163 2898 νῦν
3188 2847 3406 2916 εἴχομεν
3425 2847 3501 2910 ὡς
3531 2848 3807 2917 γέγραπται

2267 2937 2419 3004 παρὰ
2447 2933 2542 2987 τοῦ
2575 2935 2776 2988 πάππα
2815 2937 3121 3001 Λατινικῶς
3156 2937 3424 3008 ἀκεραίαν
3458 2937 3551 2992 καὶ
3585 2937 3808 3005 ἀδιάρθρ-

2274 3041 2386 3094 ρον,
2415 3023 2628 3077 πολλῶν
2657 3023 2722 3078 ἂν
2744 3026 3235 3096 ῥᾳδιουργημάτων
3263 3029 3294 3096 ὴ
3328 3027 3459 3098 φίλη
3481 3028 3652 3096 τόλμα
3675 3027 3809 3097 ὴλέγ-

2271 3133 2417 3185 χετο.
2452 3116 2600 3186 Πλὴν
2643 3117 2739 3170 καὶ
2797 3117 2936 3185 μετὰ
2980 3118 3252 3181 τοσαύτας
3321 3120 3713 3190 πλνουργίαςή
3750 3120 3811 3188 μὴ

2271 3207 2798 3277 καταπολεμουμένη
2838 3209 3064 3279 ἀλήθεια
3087 3211 3358 3275 φαίνεται.

2342 3301 2506 3370 Λέγει
2535 3304 2562 3354 ὁ
2599 3302 2788 3365 πάπας
2815 3303 2969 3355 Λέων
2995 3303 3103 3356 τῶν
3132 3303 3429 3356 συνοδικῶν
3461 3305 3524 3358 τὸ
3545 3304 3673 3374 ὕφος
3695 3303 3812 3368 διεξ-

2271 3388 2444 3443 ελθεῖν
2477 3391 2573 3443 καὶ
2609 3391 3103 3460 περιεργάσασθαι,
3139 3396 3232 3446 καὶ
3269 3393 3662 3463 συμφωνοῦντα
3682 3395 3811 3461 ἐφευ-

2274 3483 2499 3552 ρηκέναι
2531 3485 2599 3536 τὰ
2629 3485 3000 3554 ὑπομνήματα
3057 3489 3166 3550 τοῖς
3216 3487 3396 3555 λόγοις
3444 3489 3556 3542 τῶν
3593 3489 3809 3558 ληγατα-

2273 3573 2424 3642 ρὶων.
2459 3571 2592 3628 Εἶτα
2620 3578 2916 3646 κατωτέρω
2939 3579 3154 3632 ἐπαινεῖ
3187 3567 3462 3648 ὀνομαστῖ
3499 3581 3596 3650 τὴν
3625 3581 3815 3632 ἑπιστο·

2269 3663 2366 3735 λὴν
2407 3666 2733 3735 Ἀγάθωνος,
2765 3669 2886 3738 ἥτις
2919 3669 3164 3737 ἔγκειται
3193 3673 3302 3734 τοῖς
3347 3671 3703 3742 ὑπομνήμασι
3731 3670 3816 3738 τῆς

2269 3757 2322 3823 ς’
2356 3760 2596 3815 συνόδου.
2627 3759 2750 3823 Πῶς
2785 3760 2878 3815 οὖν
2931 3764 3031 3830 τῆς
3061 3763 3158 3816 τοῦ
3209 3763 3521 3830 ’Λγάθωνος
3551 3765 3816 3830 ἐπιστολῆς

2269 3853 2518 3922 φανερῶς
2545 3854 2926 3924 περιεχούσης,
2964 3857 3046 3909 ὅτι
3069 3859 3300 3920 πάππας
3331 3859 3511 3922 οὐδεὶς
3535 3859 3732 3928 ἐσφάλη
3761 3859 3818 3908 τὰ

2269 3943 2398 4013 περὶ⁸
2442 3943 2540 4014 τὴν
2577 3945 2783 4011 πίστιν,
2837 3947 2994 4000 Λέων
3023 3952 3051 4001 ὀ
3106 3949 3347 4020 διάδοχος
3405 3951 3706 4022 ’Λγάθωνος
3738 3953 3815 4004 καὶ

2267 4037 2478 4089 ἐπαινεῖ
2491 4039 2590 4106 τὴν
2615 4039 2924 4110 ἐπιστολὴν,
2947 4041 3042 4094 καὶ
3073 4042 3291 4094 ἐναντία
3311 4046 3377 4113 τῇ
3413 4047 3670 4116 ἐπιστολῇ
3701 4047 3814 4098 ἀποο

2266 4129 2556 4216 κραίνεταις
2615 4130 2738 4192 Πῶς
2781 4133 2873 4184 τὸν
2921 4131 3182 4204 ’(ὶνῶριον
3209 4135 3312 4204 τῆς
3353 4137 3644 4208 αἱρετικῆς
3679 4153 3816 4204 συκο-

2269 4219 2495 4284 φαντίας
2534 4219 2942 4290 ἐλευθεροῦντος
2977 4225 3072 4275 τοῦ
3116 4224 3446 4293 ’Λγάθωνο;,
3476 4230 3630 4284 Λέων
3662 4232 3688 4282 ὀ
3715 4229 3820 4281 τοῦ·

589 4327 842 4382 rumdam
862 4324 1222 4381 Orientalium
1243 4321 1632 4390 corrumpendi
1666 4329 1783 4374 acta
1804 4318 2161 4388 synodorum.

2267 4324 2361 4360 του
2410 4309 2653 4380 διάδοχος
2709 4313 3102 4381 ἀναθεματίζει
3155 4315 3274 4370 κατ’
3337 4317 3688 4386 ὅνομα;οὐκ
3717 4320 3818 4371 ἐστι

591 4421 769 4475 Testis
809 4421 974 4488 hujus
1003 4417 1084 4474 rei
1133 4425 1232 4483 .cst
1263 4415 1660 4472 celeberrimus
1691 4413 1930 4484 Cyrillus
1961 4412 2014 4466 in
2047 4410 2162 4479 epi-

589 4513 730 4570 stola
756 4513 824 4568 ad
857 4511 1117 4565 Acacium
1155 4511 1588 4565 Melitenensem.
1655 4525 1672 4558 ι
1739 4505 1900 4561 Venit
1938 4504 2006 4559 ad
2049 4517 2155 4562 me.

589 4605 791 4676 inquit,
821 4603 1320 4674 religiosisissimus
1357 4602 1650 4670 episcopus
1687 4599 1892 4654 Paulus
1947 4596 2156 4652 Emise-

590 4713 718 4761 nns,
744 4705 798 4751 et
824 4695 1051 4766 rogabat
1079 4710 1145 4748 ex
1177 4709 1260 4748 me
1295 4693 1452 4748 enixe
1500 4707 1631 4746 num
1669 4693 2005 4762 susciperem
2037 4706 2159 4760 qua:

592 4790 812 4859 scripsit
843 4787 1192 4842 beatissimus
1213 4787 1371 4842 Pater
1400 4785 1733 4840 Athanasius
1756 4785 1821 4838 ad
1851 4783 2159 4854 Epictetum

589 4884 841 4940 Corinthi
879 4882 1222 4953 episcopum.
1252 4881 1365 4951 Ego
1415 4896 1546 4934 vero
1603 4877 1858 4947 respondi
1893 4891 1976 4931 me
2009 4891 2160 4944 pror-

586 4995 681 5034 sus
718 4977 1000 5043 suscipere
1029 4974 1328 5029 dummodo
1358 4975 1624 5042 scriptum
1652 4970 1795 5040 apud
1834 4983 1930 5023 vos
1979 4969 2162 5022 incor~

587 5081 808 5142 ruptum
869 5077 1081 5135 exstet;
1144 5068 1314 5122 multa
1373 5067 1522 5120 enim
1598 5065 1652 5116 in
1708 5063 1802 5116 illo
1866 5061 2160 5130 depravata

545 5199 548 5204 -
595 5175 725 5222 sunt
783 5164 852 5219 ab
895 5161 1136 5218 inimicis
1183 5159 1452 5216 veritatis.
1493 5147 1644 5210 {Et
1713 5169 1872 5207 mox:
1929 5172 1948 5205 ι
1977 5155 2163 5223 Itaque

557 5259 793 5336 .l‘aulus
882 5265 1102 5323 accepta
1190 5231 1436 5306 vetusta.
1483 5247 1810 5316 exemplaria
1885 5261 2008 5299 cum
2099 5246 2166 5300 iis

587 5350 826 5406 contulit
851 5365 973 5417 qua:
1007 5349 1125 5416 ipse
1173 5343 1451 5406 attulerat;
1486 5347 1540 5392 et
1565 5338 1832 5407 comperit
1859 5339 1972 5392 haec
2009 5337 2164 5391 adul-

592 5453 789 5500 terata.
813 5459 832 5492 ι
873 5439 986 5493 lloc
1029 5437 1171 5490 idem
1211 5431 1444 5504 Cyrillus
1473 5430 1668 5485 asserit
1699 5431 1752 5483 in
1784 5429 1887 5486 ﬁne
1919 5429 2162 5498 epistolzc

588 5519 654 5592 ad
687 5537 948 5590 Joannem
980 5528 1378 5583 Antiochenam
1405 5527 1504 5596 (l).
1533 5523 1596 5576 Et
1649 5523 1702 5576 in
1728 5531 1922 5592 quarta
1953 5521 2161 5591 synodo

609 5627 720 5682 Leo
790 5639 926 5694 papa
969 5617 1325 5674 lAnatolium
1366 5613 2037 5683 Constantiuopolitanunt
2086 5611 2160 5680 e2)

661 5741 736 5812 ll)
780 5739 910 5809 Cap.
946 5736 1033 5791 5-5.

2007 5875 2032 5888 υ

657 5983 678 6012 ι

2265 4401 2462 4466 ταῦτα,
2495 4404 2596 4454 οὑκ
2629 4404 2766 4458 ἐστι.
2825 4405 3056 4475 Ἀρχαὶα
3101 4407 3158 4460 δέ
3210 4426 3318 4461 τισι
3369 4411 3478 4464 τῶν
3509 4412 3821 4464 ἀνατολικῶν

2267 4494 2525 4562 συνήθεια
2549 4497 2948 4567 παραφθείρειν
2998 4500 3066 4552 τά
3099 4501 3210 4554 τῶν
3239 4502 3496 4558 συνόδων.
3545 4505 3762 4574 Μάρτυς
3799 4503 3821 4552 ὁ

2267 4589 2514 4655 ἀοίδιμος
2547 4589 2814 4658 Κύριλλος
2861 4592 2921 4642 ἐν
2953 4593 3021 4661 τῇ
3051 4591 3188 4664 πρὸς
3213 4593 3472 4647 ’Λκάκιον
3503 4596 3598 4647 τὸν
3631 4597 3824 4646 ὲπίσκο·

2269 4699 2370 4732 πον
2400 4680 2706 4752 Μελιτηνῆς
2734 4684 2994 4754 ἐπιστολῇ
3017 4685 3157 4752 μετὰ
3189 4683 3256 4738 τά
3289 4687 3579 4756 Πρακτικά
3611 4687 3708 4756 τῆς
3729 4691 3824 4752 τρί-

2264 4791 2364 4840 της
2399 4791 2460 4825 συ
2477 4773 2640 4828 ιόδου.
2692 4792 2711 4825 ι
2741 4775 2999 4842 ’Λφίκετο
3025 4779 3129 4845 γάρ
3153 4817 3168 4842 ,
3203 4778 3355 4847 φησὶ,
3401 4781 3542 4850 πρός
3577 4797 3644 4848 με
3675 4780 3700 4830 ὁ
3729 4780 3824 4828 θευ-

2269 4865 2589 4928 σεὸέστατος
2620 4866 2924 4928 ἐπίσκοπος
2957 4866 3171 4930 Παῦλος
3217 4869 3316 4938 τῆς
3351 4871 3660 4940 Ἑμισηνῶν
3681 4887 3692 4899 ·
3721 4865 3824 4920 εἶτα

2265 4955 2650 5010 διεπυνθάνετό
2685 4975 2788 5027 μου
2819 4959 2912 5010 καὶ
2945 4959 3090 5028 μάλα.
3118 4961 3600 5032 ἐσπουδασμένως,
3637 4964 3684 5014 εἰ
3717 4981 3824 5014 συεο

2267 5047 2403 5102 αινῶ
2433 5052 2542 5112 τοῖς
2577 5052 2838 5120 γραφεῖσι
2872 5053 3023 5120 παρὰ
3057 5053 3152 5104 τοῦ
3185 5057 3592 5124 cpta-pampino
3633 5053 3822 5122 Πατρὸς

2281 5141 2594 5194 ’Λθανασὶου
2645 5145 2778 5212 πρὸς
2814 5131 2816 5136 ’
2851 5143 3174 5213 ’ῌπίκτητον
3233 5147 3517 5215 Κορίνθου.
3589 5147 3726 5216 Ἐγὼ
3777 5145 3822 5194 δε

2268 5233 2426 5302 ἔφην,
2461 5235 2541 5286 ὅτι
2593 5237 2642 5310 ei
2675 5237 2909 5297 σώζεται
2943 5239 3071 5308 παρ’
3104 5240 3232 5306 ὑμῖν
3259 5241 3319 5290 οὐ
3355 5241 3740 5307 νενοθευμένον
3777 5235 3824 5286 τὸ

2267 5330 2521 5398 γράμμα,
2556 5329 2870 5380 συναινέσαι
2907 5327 2961 5397 μ’
3000 5331 3067 5382 ἂν
3099 5332 3274 5400 πάντη
3328 5333 3422 5386 καὶ
3466 5331 3705 5392 πάντως.
3736 5329 3826 5379 lla-

2271 5423 2642 5488 ραπεποίηται
2674 5419 2781 5488 γάρ
2813 5421 2982 5472 πολλὰ
3017 5420 3124 5472 τῶν
3157 5423 3215 5473 ἐν
3259 5421 3574 5491 αὑτῷπαρά
3611 5423 3714 5471 τῶν
3743 5421 3826 5484 τῆς

2269 5513 2524 5581 ἀληθείας
2547 5512 2776 5581 ἐχθρῶν.
2812 5531 2830 5563 ι
2867 5509 2998 5564 Εἶτα
3021 5528 3036 5544 ·
3075 5532 3092 5563 r
3123 5513 3230 5564 Καὶ
3257 5513 3322 5581 δὴ
3365 5513 3546 5566 λαῦὼν
3577 5516 3606 5564 ὀ
3637 5510 3826 5568 Παῦλος

2269 5609 2576 5676 ἀντίγραφα
2625 5607 2851 5672 παλαιὰ,
2909 5611 3002 5660 καὶ
3061 5603 3460 5676 συμϐαλὼνοῖς
3521 5609 3826 5672 ἐπεφέρετῡ,

2344 5724 2417 5796 ιε’.)
2460 5725 2594 5794 Cap.
2635 5725 2687 5792 5,
2717 5735 2768 5781 et
2802 5725 2868 5778 ad
2900 5724 3268 5790 Pulchcriuttt,
3304 5741 3420 5794 cap.
3457 5725 3506 5778 7.
