4088 6294
381 361 487 422 773

1691 355 2128 416 liEFUTATlO
2162 357 2342 418 NlLl.
3532 361 3594 420 77

373 471 607 542 ηὕρισκε
641 468 812 522 ταῦτα
847 467 1226 536 νενοθευμένα.
1265 485 1282 518 ι
1320 467 1473 520 Τοῦτ’
1510 467 1642 520 αὑτὸ
1674 467 1820 532 λέγει
1853 467 1947 518 καὶ

2061 467 2332 534 arguebat,
2391 464 2536 544 quod
2580 465 2991 535 supposititium
3029 480 3295 520 canoncm
3335 465 3640 535 proferret.

373 567 432 618 ἐν
463 566 531 633 τῇ
560 563 695 630 πρὸς
737 562 989 630 Ἰωάννην
1023 561 1114 613 τὸν
1149 560 1479 630 Ἀντιοχείας
1512 559 1793 629 ἐπιστολῇ.
1839 561 1946 612 Καὶ

375 657 432 709 ἐν
456 659 521 726 τῇ
553 654 789 724 τετάρτῃ
818 653 1022 721 συνόδῳ
1057 653 1205 705 Λέων
1234 653 1262 704 ὁ
1285 653 1514 715 πάπποις
1532 653 1761 721 γράφων
1783 653 1950 704 Πουλ-

374 748 536 818 χερίᾳ
567 748 635 817 τῇ
661 744 948 814 Αὑγούστῃ
982 745 1260 813 ἐμέμφετο
1306 745 1397 797 τὸν
1427 744 1950 797 Κωνσταντινουπό-

373 836 513 899 λεως
561 835 893 902 ’Λνατόλιον,
952 836 1038 888 ὅτι
1094 836 1247 886 νόθον
1281 836 1483 886 κανόνα
1512 835 1643 904 περὶ
1679 833 1788 886 τῶν
1822 851 1952 903 πρε-

374 928 572 979 σϐείων
603 924 1242 989 Κωνσταντινουπόλεως,
1274 926 1456 993 τρίτον
1485 926 1950 994 ἐπιγραφόμενον,

372 1019 674 1087 προέφερεν
703 1019 801 1088 τῆς
831 1019 1090 1088 δευτέρας
1132 1015 1378 1074 συνόδσῦ.
1426 1019 1536 1072 Καὶ
1570 1021 1626 1070 ἐν
1658 1021 1722 1088 τῇ
1751 1018 1957 1088 ἐϐδόμῃ
1984 1013 1988 1022 ’

2059 560 2152 627 qui
2199 558 2457 612 secunda:
2482 559 2690 628 synodo
2743 558 3023 624 tribuitur,
3054 559 3275 612 tertium
3327 558 3635 613 de'ltonore

2048 648 2939 719 episcopiConstantinopolitani,
2998 649 3155 703 tertia
3208 657 3362 717 parte
3411 648 3634 702 Chalce-

2053 740 2339 795 donensis.
2384 741 2449 795 Et
2494 741 2546 794 in
2575 742 2807 810 septima
2843 741 3074 812 synodo,
3101 741 3319 795 actione
3345 756 3404 805 ll,
3439 740 3637 792 multas

2052 849 2212 902 passa
2251 843 2338 889 est
2403 835 2784 888 mutilationcs
2844 835 2912 889 ab
2966 832 3346 888 Orientalibus
3407 831 3636 901 epistola

2063 926 2295 979 Adriani
2369 941 2524 996 papae
2583 927 2650 980 ad
2697 928 3058 996 imperatores
3107 925 3526 981 Constantinum
3584 929 3635 975 et

2053 1019 2288 1072 lrenem.

373 1114 573 1177 πολλὰς
598 1115 867 1168 πέπονθεν
891 1113 1173 1176 ἀποκοπὰς
1214 1113 1366 1183 παρὰ
1397 1112 1504 1167 τῶν
1532 1111 1886 1189 ’ἀνατολικῶν
1917 1111 1946 1177 ἡ
1990 1111 2248 1182 ἐπιστολὴ
2321 1112 2414 1167 τοῦ
2444 1113 2645 1167 πάππα
2669 1109 2948 1181 Ἀδριανοὺ
3017 1112 3151 1182 πρὸς
3201 1109 3440 1178 βασιλεῖς
3491 1109 3634 1164 Κων-

375 1211 654 1264 σταντῖνον
679 1210 772 1262 καὶ
805 1210 1007 1280 Εἰρήνη
1016 1228 1064 1263 ν.

445 1298 726 1366 Δεύτερον,
760 1299 808 1350 εἰ
861 1300 956 1352 καὶ
993 1297 1219 1368 δοίημεν
1269 1295 1408 1352 εἶναι
1439 1298 1499 1350 τὸ
1539 1300 1614 1367 μὴ
1644 1298 1725 1362 ὃν,
1755 1297 1953 1350 ἀναθε-

376 1387 709 1458 ματισοῆναι
773 1386 1030 1454 Ὀνὼριον
1077 1389 1229 1456 παρὰ
1278 1387 1506 1450 Λέοντος
1539 1387 1779 1447 ἐκείναις
1834 1389 1951 1448 ταῖς

375 1481 608 1545 λέξεσιν,
643 1480 709 1543 ἃς
767 1479 1083 1548 προφέρεις,
1135 1478 1358 1547 εὔδηλον
1409 1480 1491 1532 ὅτι
1554 1477 1955 1546 ἁνεθεματίσθη

385 1572 644 1642 Ὀνὼριος
667 1571 764 1641 οὑχ
791 1572 866 1632 ὼς
896 1570 1191 1640 αίρετικὸς,
1217 1569 1334 1622 ἀλλ’
1357 1570 1432 1632 ὡς
1458 1571 1555 1638 τὴν
1575 1569 1790 1638 αἵρεσιν
1817 1569 1956 1638 φυῆ-

377 1682 467 1719 ναι
519 1665 947 1734 παραχωρήσας.
1004 1663 1177 1715 Τοῦτο
1215 1665 1262 1716 δ’
1314 1661 1378 1715 ἂν
1405 1663 1490 1729 εἴη
1547 1661 1824 1732 ῥᾳθυμίας
1859 1664 1956 1713 καὶ

375 1757 635 1826 ἀμελείας
674 1757 944 1825 ἔγκλημα,
975 1756 1097 1824 οὐχὶ
1146 1757 1434 1824 αἱρέσεως·
1466 1753 1607 1807 ὥστε
1652 1756 1801 1808 πᾶσά
1858 1771 1953 1807 σου

2141 1296 2413 1362 Secundo,
2469 1296 2620 1360 dato,
2675 1296 2820 1366 quod
2876 1295 3030 1349 nullo
3078 1295 3238 1348 modo
3287 1309 3478 1349 verum
3528 1303 3633 1347 est.

2067 1387 2368 1443 Honorium
2398 1407 2426 1442 a
2455 1389 2639 1444 Leone
2666 1404 2764 1458 per
2793 1390 2912 1444 illas
2940 1404 3120 1453 voces,
3147 1404 3282 1458 quas
3315 1398 3370 1442 tu
3401 1388 3632 1458 profers,

2059 1479 2228 1535 fuisse
2280 1481 2632 1534 anathemate
2673 1481 3010 1550 perculsum,
3047 1487 3262 1535 constat
3309 1479 3360 1531 id
3410 1494 3633 1547 passum

2060 1571 2361 1625 llonorium
2393 1588 2503 1626 non
2542 1582 2601 1626 ut
2633 1573 2974 1638 hazreticum,
3007 1572 3102 1628 sed
3138 1587 3201 1625 eo
3235 1572 3453 1624 nomine
3484 1571 3631 1639 quod

2060 1662 2316 1718 hmresim
2351 1665 2484 1717 oriri
2528 1665 2908 1734 permisisset;
2950 1665 3093 1734 quod
3138 1663 3480 1734 negligentia:
3524 1664 3633 1716 eri-

2059 1768 2184 1808 men
2222 1764 2327 1816 est,
2359 1769 2470 1811 non
2519 1764 2702 1808 autem
2747 1755 2994 1809 limosis.
3043 1754 3229 1822 Itaque
3269 1762 3441 1807 totum
3479 1764 3628 1805 tuum

379 1846 572 1898 πίπτει
614 1847 648 1915 ἡ
678 1845 934 1912 οἰκοδομή
960 1861 972 1874 ⁸
1005 1845 1067 1896 ού
1099 1843 1207 1912 γὰρ
1259 1843 1466 1908 ἔδειξας
1509 1843 1538 1895 ὃ
1581 1843 1838 1911 προέθ-ου,
1873 1843 1956 1896 ὅτι

2061 1844 2540 1911 ruitmdiﬁeinm;
2577 1861 2688 1900 non
2728 1847 2876 1900 enim
2917 1845 3157 1915 probasti
3193 1844 3340 1913 quod
3371 1844 3627 1906 volebas;

378 1935 477 1986 οὐκ
503 1933 760 1986 ἀδύνατον
780 1935 868 1986 τὸν
889 1933 1117 1987 πάππαν
1141 1933 1250 1985 τῶν
1277 1931 1450 2002 ὀρθῶν
1477 1933 1732 1986 ἐκπεσεῖν
1751 1932 1953 2002 δογμά-

380 2039 512 2078 των.

1023 2136 1296 2193 ΝΕΙΛΟΣ.

450 2253 526 2305 Τὸ
550 2251 606 2305 δὲ
635 2250 818 2319 λέγειν
867 2250 1056 2305 τοῦτον
1115 2250 1206 2304 τὸν
1241 2250 1398 2320 λόγον
1448 2249 1608 2323 ἔχειν’
1639 2256 1730 2306 τὸν
1764 2256 1952 2308 πάπαν

380 2342 519 2408 πρὸς
558 2341 650 2393 τὸν
691 2339 1342 2406 Κωνσταντινουπόλεως,
1377 2342 1436 2395 ὂν
1489 2343 1647 2403 αὐτὸς
1694 2345 1831 2412 πρὸς
1862 2346 1952 2397 τὸν

381 2429 744 2499 Καισαρείας,
769 2430 801 2500 ἢ
830 2431 968 2498 πρός
999 2447 1123 2484 τινα
1146 2431 1255 2483 τῶν
1284 2431 1376 2484 ὑπ’
1405 2433 1570 2484 αὐτὸν
1590 2434 1802 2502 ίερέων,
1836 2436 1954 2498 πῶς

383 2520 445 2574 οὑ
485 2521 680 2590 κομιδῇ
715 2520 1040 2586 πάνδεινονς
1086 2520 1145 2573 Ὀ
1194 2520 1293 2589 μὲν
1334 2524 1443 2591 γὰρ
1490 2523 1706 2592 Ῥώμης
1737 2526 1954 2593 πρῶτος

384 2611 520 2678 πρδς
549 2611 639 2664 τὸν
672 2613 1294 2675 Κωνσταντινουπόλεως
1316 2613 1555 2680 λέγεται,
1591 2615 1666 2678 ὠς
1695 2617 1858 2668 αὑτοῦ
1890 2634 1952 2685 γε

381 2704 646 2774 δευτέραν
670 2704 822 2768 τάξιν
857 2703 1146 2774 ἐπέχοντος
1169 2722 1183 2738 ο
1219 2705 1403 2757 οὑκέτι
1434 2705 1492 2758 δὲ
1536 2709 1562 2758 ὁ
1599 2709 1952 2762 Κωνσταντιο

384 2796 693 2858 νουπόλεως
739 2795 954 2865 πρῶτος
979 2794 1123 2848 οὕτω
1170 2794 1307 2864 πρὸς
1340 2796 1434 2849 τὸν
1481 2797 1839 2868 Καισαρείας,
1878 2800 1953 2864 ὠς

383 2887 593 2939 ἐκείνου
627 2903 687 2955 γε
716 2886 786 2944 τὰ
822 2886 1102 2954 δευτερεῖα
1153 2885 1454 2952 σώζοντος·
1503 2887 1618 2940 ἀλλ’
1649 2891 1677 2941 ὁ
1728 2890 1827 2958 μὲν
1855 2891 1950 2959 τῆς

388 2979 802 3031 Κωνσταντίνου
837 2977 982 3031 οὕτω
1013 2978 1251 3047 πρῶτος,
1289 2978 1364 3040 ὡς
1408 2978 1597 3047 μονὰς,
1629 2982 1724 3033 καὶ
1771 2981 1847 3042 ὡς
1876 2984 1952 3051 μὴ

385 3075 496 3135 τοῖς
553 3072 732 3134 ἄλλοις
783 3071 1254 3139 συντεταγμένος·
1317 3071 1344 3123 δ
1388 3072 1445 3123 δὲ
1508 3073 1950 3142 Καισαρείας-οὐ

2055 1937 2434 2003 scilicet,-non
2489 1953 2612 1994 esse
2676 1936 3018 2008 impossibile
3072 1952 3267 2006 papam
3327 1952 3515 1999 errare
3572 1937 3626 1990 iu

2057 2028 2182 2084 ﬁde.

2535 2142 2738 2199 NILUS
2778 2142 2931 2214 (Cap.
2967 2143 3130 2220 vnn.

2131 2273 2150 2307 ι
2191 2254 2307 2308 Dici
2337 2262 2544 2320 autem,
2571 2256 2645 2310 ita
2669 2270 2727 2310 se
2753 2255 2956 2310 habere
2987 2270 3182 2325 papam
3213 2255 3277 2309 ad
3307 2256 3623 2324 episcopum

2053 2346 2748 2416 Constantinopolitanum,
2785 2347 2928 2413 sicut
2957 2361 3014 2401 se
3059 2347 3224 2401 habet
3266 2347 3380 2415 ipse
3413 2347 3476 2400 ad
3514 2348 3629 2400 Cze-

2055 2455 2367 2494 sareensem
2420 2447 2516 2493 aut
2565 2439 2820 2509 quemvis
2871 2439 3039 2492 alium
3090 2454 3153 2492 cx
3201 2438 3475 2508 episc0pis
3521 2439 3626 2492 sibi

2056 2531 2339 2603 Snbjectis,
2367 2531 2489 2600 quis
2522 2532 2626 2584 hoc
2650 2545 2807 2599 aequo
2835 2532 3018 2585 animo
3052 2529 3233 2584 ferat?
3262 2530 3396 2584 Nam
3432 2528 3628 2582 Roma-

2056 2636 2160 2676 nus
2189 2623 2397 2675 dicitur
2429 2621 2636 2690 primus
2663 2622 2728 2676 ad
2759 2622 3455 2691 Constantinopolitanum,
3487 2621 3630 2674 obti-

2056 2721 2219 2766 nente
2251 2713 2356 2767 isto
2385 2713 2689 2767 secumlum
2723 2714 2898 2767 locum
2927 2731 2941 2778 ;
2979 2722 3034 2768 at
3079 2730 3210 2768 vero
3238 2712 3631 2767 Constantino-

2056 2805 2330 2874 politanus
2377 2821 2484 2858 non
2530 2814 2613 2860 est
2664 2805 2737 2859 ita
2785 2805 3023 2874 primus,
3057 2815 3117 2858 ut
3156 2805 3523 2859 thsareensis
3560 2806 3629 2857 sit

2055 2895 2366 2959 secundus;
2399 2894 2497 2948 sed
2543 2904 2598 2948 ct
2630 2895 2841 2963 primus
2873 2893 3521 2962 Constantinopolim]us
3569 2904 3628 2945 ut

2057 2986 2262 3050 unitas,
2292 2994 2347 3040 ct
2386 3000 2494 3040 non
2527 3000 2648 3040 cum
2682 2984 2804 3038 aliis
2846 2983 3220 3038 coordinatus.
3263 2984 3628 3038 Caesareensis

2057 3091 2187 3130 vero
2236 3092 2341 3130 non
2390 3077 2595 3133 dicitur
2634 3062 2934 3142 secundus,
2984 3077 3078 3130 sed
3132 3076 3342 3145 primus
3385 3087 3440 3130 et
3489 3077 3624 3145 ipse,

387 3157 639 3234 δεύτερος
674 3163 1024 3233 ὀνομάζεται,
1051 3162 1187 3216 ἀλλὰ
1227 3163 1317 3216 καὶ
1352 3164 1515 3225 αὐτὸς
1547 3165 1786 3232 πρῶτος,
1817 3167 1954 3235 πλὴν

2061 3183 2181 3222 cum
2208 3167 2331 3221 aliis
2359 3179 2539 3222 tamen
2567 3167 2944 3232 eoordinatus,
2975 3167 3294 3236 habensque
3323 3169 3626 3221 secundum

388 3259 465 3319 ὡς
505 3260 618 3318 τοῖς
669 3257 853 3316 ἄλλοις
895 3254 1352 3324 σύντεταγμένος,
1388 3257 1480 3309 καὶ
1529 3257 1785 3328 δεύτερον
1818 3258 1956 3328 ἔχων

389 3353 483 3401 καὶ
509 3350 712 3420 τρίτον.
737 3349 859 3401 Ὅτι
884 3348 940 3402 δὲ
967 3348 1026 3400 τδ
1061 3348 1330 3418 πρωτεῖον
1350 3345 1446 3400 τοῦ
1476 3349 1634 3402 πὰπα
1663 3366 1958 3420 συντεταγ-

392 3441 552 3510 μένον
587 3442 683 3494 καὶ
735 3443 834 3495 οὐκ
876 3443 1096 3510 ἄφετον,
1143 3443 1322 3512 δῆλον.
1361 3444 1665 3514 ’Λνάγνωθι
1724 3443 1832 3500 τὸν
1867 3446 1956 3511 λς’

389 3533 591 3586 κανόνα
628 3536 726 3605 τῆς
760 3531 1004 3589 συνόδου.
1041 3554 1061 3589 ι
1743 3553 1751 3560 ’

945 3650 1384 3705 ΑΝΤΙΡΡΠΣῙΣ.
1543 3714 1566 3730 ε

477 3764 694 3833 Ἀλογία
725 3767 997 3835 πάντωςή
1027 3767 1250 3839 τοιαύτη
1283 3766 1566 3834 ἀναλογία.
1605 3769 1714 3823 Καὶ
1753 3769 1817 3822 σὺ
1858 3769 1958 3838 μέν

389 3858 717 3925 ἀγανακτεῖς
775 3858 868 3910 ἐπὶ
897 3861 962 3928 τῇ
1020 3858 1377 3929 πεπλασμένῃ
1409 3857 1540 3928 mp’
1589 3859 1742 3928 ὑμῶν
1774 3861 1958 3913 ἀνισό-

391 3968 514 4020 τητι
547 3952 914 4022 δυσχεραίνων
935 3967 948 3982 ·
986 3952 1018 4021 ή
1063 3951 1119 4004 δὲ
1151 3951 1376 4022 ἀλήθεια
1427 3954 1730 4020 ἀγανακτεῖ
1761 3955 1828 4022 τῇ
1862 3972 1960 4006 πε-

394 4043 614 4115 ριεργίᾳ
643 4044 746 4096 τῶν
777 4046 1126 4113 σοφισμάτων
1151 4045 1502 4114 ἀδικουμένη.
1535 4041 1741 4115 Πολλῷ
1760 4045 1956 4108 πλέων,

392 4129 436 4189 ὦ
460 4137 656 4204 λῷστε,
687 4135 1008 4206 ὑπέρκειται
1037 4136 1295 4206 ὁῬώμης
1329 4137 1424 4190 τοῦ
1445 4137 1956 4190 Κωνσταντινουπό-

403 4227 561 4290 λεως,
589 4227 621 4295 ἢ
654 4229 859 4290 ἐκεῖνος
890 4226 983 4280 τοῦ
1017 4229 1358 4298 Καισαρείας
1393 4229 1488 4282 καὶ
1517 4227 1623 4281 τῶν
1654 4227 1747 4281 ὑπ’
1775 4228 1958 4280 αὑτόν.

416 4321 476 4372 ὐ
505 4322 604 4390 μὲν
635 4322 742 4389 γὰρ
786 4320 973 4383 πὰπας
1011 4321 1337 4390 ὑπέρκειται
1389 4319 1483 4372 τοῦ
1526 4324 1964 4375 Κωνσταντινου-

402 4415 606 4474 πόλεως
658 4415 800 4466 κατὰ
845 4413 943 4483 μὲν
975 4411 1072 4482 τῂν
1131 4413 1325 4484 τρίτην
1363 4413 1581 4466 σύνοδον
1635 4414 1709 4477 ὠς
1767 4416 1961 4484 κριτὴς

2058 3271 2113 3315 et
2153 3261 2399 3315 tertium.
2453 3260 2608 3326 Quod
2641 3273 2822 3314 autem
2861 3259 3127 3330 primatus
3162 3274 3310 3330 papa:
3340 3261 3630 3314 coordina-

2061 3363 2150 3408 tus
2177 3355 2267 3419 sit,
2297 3363 2351 3408 et
2395 3369 2503 3408 non
2548 3353 2856 3421 absolutus,
2890 3354 3086 3426 liquet.
3118 3352 3311 3424 Legite
3342 3361 3508 3409 sexta:
3543 3369 3629 3426 sy-

2060 3445 2186 3500 nodi
2219 3459 2488 3501 canonent
2521 3445 2612 3501 56.
2648 3464 2667 3497 ι

2612 3646 3072 3704 CONFUTATIO.

2134 3761 2257 3818 llaec
2288 3763 2571 3832 proportio
2609 3761 2778 3826 nullo
2806 3761 3037 3815 rationis
3077 3761 3270 3815 nititur
3305 3761 3628 3816 fundamen-

2065 3865 2150 3921 to,
2185 3863 2242 3908 et
2283 3863 2339 3908 tu
2375 3854 2600 3924 quidem
2649 3869 2792 3922 σιεγε
2842 3853 2952 3908 fers
2996 3865 3222 3922 propter
3265 3854 3553 3908 conlictatu
3603 3871 3631 3907 ιι

2065 3946 2220 4000 vobis
2251 3944 2661 4014 imparililatem
2687 3960 2700 4005 ;
2731 3942 2936 3996 veritas
2965 3953 3148 3996 autem
3175 3959 3315 4012 δέει-ο
3348 3944 3474 4007 fert,
3504 3945 3630 4012 quia

2062 4035 2461 4104 sophismatum
2493 4033 2742 4086 versutia
2771 4031 3228 4086 circumvenitur.
3261 4032 3430 4086 Multo
3461 4034 3631 4102 magis

2065 4128 2324 4196 prmcellit
2379 4142 2518 4196 papa
2583 4125 3238 4194 Constantinopolitano,
3291 4140 3453 4194 quant
3516 4126 3631 4194 ipse

2064 4221 2424 4285 Cassareensi,
2453 4228 2508 4272 ct
2538 4218 2754 4271 cmteris
2781 4217 2885 4271 sibi
2917 4217 3171 4271 subditis.
3207 4217 3347 4287 Papa
3376 4215 3521 4270 enim
3549 4228 3633 4271 cst

2063 4310 2672 4378 Constantinopolitano
2700 4309 2977 4378 superior,
3005 4307 3250 4377 utjudex
3277 4324 3343 4362 eo
3370 4309 3463 4378 qui
3487 4308 3633 4376 judi-

2065 4411 2243 4467 catur,
2283 4409 2343 4454 ut
2388 4401 2671 4469 deponens
2699 4416 2765 4452 eo
2793 4401 2885 4468 qui
2929 4400 3246 4468 deponitur,
3281 4409 3337 4453 ut
3366 4409 3633 4470 potestate

398 4503 741 4573 κρινομένου,
765 4502 841 4566 ὡς
888 4503 1225 4572 καθαιρέτης
1267 4501 1725 4573 καθαιρουμένου,
1768 4503 1840 4566 ὡς
1866 4506 1957 4554 αὺ-

2068 4493 2552 4548 cxcommunicans
2608 4491 3120 4557 cxcommunicalo,
3174 4501 3235 4545 ttt
3294 4502 3511 4546 constat
3567 4508 3630 4544 ex

397 4595 658 4658 θεντικῶς
691 4595 965 4664 ἀφορίζων
997 4596 1424 4665 ἀφοριςομένου,
1458 4595 1532 4658 ὡς
1561 4596 1721 4665 δῆλον
1758 4596 1823 4648 ἐκ
1855 4595 1962 4647 τῶν

399 4689 702 4742 ἐπιστολῶν
745 4687 1069 4740 Κελεστίνου
1125 4690 1264 4759 πρὶς
1293 4687 1583 4758 Κύριλλον,
1625 4692 1719 4741 καὶ
1758 4687 1961 4740 Νεστό-

403 4795 540 4848 ριον,
573 4777 670 4832 καὶ
712 4777 937 4848 ἐτέρους
982 4779 1042 4829 ἐν
1079 4778 1144 4847 τῇ
1186 4777 1291 4846 πρὸ
1323 4779 1433 4830 τῶν
1473 4767 1801 4848 Πρακτικῶν
1834 4779 1958 4831 συλ-

401 4870 534 4940 λογῇ
565 4869 664 4937 τῆς
693 4869 883 4939 τρίτης
908 4871 1150 4922 συνόδου⁹
1175 4869 1316 4923 κατὰ
1333 4869 1390 4920 δὲ
1421 4869 1518 4938 τὴν
1546 4870 1812 4938 τετάρτην
1840 4871 1961 4921 σύν-

399 4960 519 5011 οδον
551 4959 874 5028 ὑπέρκειται
905 4958 932 5010 ὁ
967 4959 1157 5022 πάπας
1198 4959 1291 5011 τοῦ
1329 4959 1961 5022 Κωνσταντινουπόλεως

400 5052 474 5112 ὡς
525 5051 737 5118 κεφαλὴ
789 5050 1203 5120 ἡγεμονεύοντα
1242 5051 1462 5120 μέλους,
1498 5051 1573 5111 ὡς
1613 5051 1771 5113 ἀκτὶς
1796 5052 1963 5117 φωτί-

401 5145 571 5208 ζουσα
599 5143 853 5212 σώματος
893 5142 1288 5210 φωτιζομένου,
1323 5141 1400 5203 ὡς
1447 5140 1622 5208 φύλαξ
1653 5141 1750 5210 τῆς
1789 5142 1962 5211 ἀμπέ-

401 5235 496 5286 λου
550 5233 700 5301 παρὰ
756 5231 852 5284 τοῦ
904 5231 1154 5298 Σωτῆρος
1206 5229 1482 5291 καταστὰς
1526 5230 1823 5280 ἐπισκόπου
1870 5227 1966 5278 λα-

402 5325 607 5394 θραίως
636 5325 704 5377 δι’
733 5323 1086 5394 ἀνθρωπίνης
1116 5323 1527 5390 μηχανουργίας
1577 5320 1844 5394 τιμᾶσθαι
1871 5319 1966 5372 καὶ

403 5415 777 5484 προτιμᾶσθαι
806 5411 1288 5483 προθυμουμένου,
1322 5410 1395 5472 ὡς
1438 5410 1622 5480 πατὴρ
1652 5391 1840 5460 τέκνου
1873 5407 1965 5461 καὶ

405 5505 596 5568 παιδὸς
651 5505 797 5571 δῶρα
833 5503 1024 5556 λαὸεῖν
1065 5502 1388 5569 αἰτουμένου
1411 5515 1423 5529 ⁸
1459 5500 1532 5563 ὡς
1587 5500 1736 5551 ἐστιν
1774 5502 1838 5552 ἐκ
1867 5501 1966 5567 τῆς

405 5598 504 5667 ⁷ήδη
562 5596 983 5667 προενεχθείσης
1021 5595 1176 5647 ίδεῖνκ
1206 5594 1497 5663 ἐπιστολῆς
1547 5595 1645 5663 τῆς
1697 5594 1967 5663 τετάρτης

407 5691 626 5743 συνόδου
657 5690 792 5756 πρὸς
812 5689 1017 5742 Λέοντα
1045 5689 1135 5740 τὸν
1163 5686 1374 5739 πάπαν.
1410 5685 1565 5738 Κατὰ
1591 5685 1646 5738 δὲ
1681 5685 1778 5752 τὴν
1801 5685 1966 5753 ’ἐκτην

408 5781 624 5834 σύνοδον
657 5781 974 5852 ὑπέρκειται
1006 5782 1031 5831 ὁ
1074 5779 1253 5842 naua;
1298 5777 1370 5840 ὡς
1411 5778 1593 5846 ἰατρὸς
1654 5775 1962 5840 νοσοῦντες,

2065 4583 2314 4653 epistolis
2356 4581 2642 4638 leestini
2689 4582 2757 4635 ad
2800 4582 3064 4651 Cyrillum
3114 4592 3170 4636 ct
3214 4582 3525 4637 Nestorium
3580 4596 3634 4636 ct

2066 4674 2226 4739 alios,
2249 4675 2421 4742 prima
2450 4680 2603 4741 parte
2626 4687 2684 4725 ιιι
2714 4671 2926 4742 synodi.
2953 4672 3057 4726 Per
3087 4682 3336 4741 quartam
3365 4671 3631 4744 synodqu

2067 4780 2206 4834 papa
2254 4775 2362 4822 est_
2389 4765 2644 4833 superior
2699 4763 3312 4834 Constantinopolitano
3366 4775 3421 4818 ut
3475 4774 3634 4833 caput

2066 4855 2330 4919 membro,
2361 4864 2420 4908 ut
2455 4855 2638 4908 radius
2671 4854 2954 4909 illusuans
2985 4871 3219 4924 corpore
3249 4855 3536 4919 illustrato,
3578 4865 3637 4907 ut

2067 4949 2238 5002 vinea:
2266 4957 2452 5002 custos
2482 4966 2510 5002 ιι
2559 4946 2840 5001 Salvatore
2881 4947 3215 5002 constitutus
3245 4962 3312 5001 eo
3342 4949 3435 5015 qui
3468 4946 3632 5000 nimia

2067 5041 2334 5096 industria
2369 5043 2614 5111 pervenit
2653 5039 2720 5094 ad
2768 5041 3008 5094 honores
3046 5047 3103 5093 et
3140 5039 3634 5106 praeeminentiaw,

2068 5145 2128 5186 ut
2173 5149 2372 5202 parens
2420 5143 2578 5188 natos
2627 5132 2825 5187 donari
2872 5131 2978 5186 sibi
3025 5129 3232 5197 aliquid
3283 5137 3536 5196 petente;
3577 5137 3636 5182 ut

2067 5236 2218 5296 patet
2247 5241 2310 5279 ex
2343 5235 2644 5279 memorata
2677 5224 2909 5294 cpistola
2941 5230 3149 5291 quarta:
3179 5221 3369 5290 synodi
3400 5221 3464 5273 ad
3496 5219 3635 5274 Leo-

2068 5330 2190 5368 nem
2222 5328 2437 5384 papam.
2475 5315 2576 5368 Per
2607 5325 2818 5368 sextam
2868 5313 3136 5382 synodum
3182 5325 3318 5379 papa
3353 5319 3436 5362 est
3469 5325 3639 5377 supe-

2069 5409 2180 5460 rior
2209 5405 2838 5474 ConstantinOpolitano,
2873 5414 2933 5458 ut
2969 5402 3216 5456 medicus
3253 5411 3458 5471 :egroto
3491 5403 3638 5455 satri-

2072 5510 2235 5554 tatcm
2280 5497 2535 5552 Ecclesia:
2571 5497 2832 5567 largiens,
2866 5505 2926 5549 ut
2962 5495 3470 5564 pontiﬁcaliSsinms
3505 5508 3634 5562 apo-

2071 5592 2276 5647 stolica:
2321 5589 2656 5644 summitatis
2701 5591 2932 5644 antistes
2967 5587 3240 5657 epiSCOpis
3281 5587 3541 5648 minimis,
3577 5595 3635 5640 ut

2073 5687 2126 5740 in
2173 5683 2603 5753 Prosphonctit-o
2649 5683 2716 5736 ad
2767 5681 3191 5737 Constantinum
3248 5681 3634 5746 imperatorem

2075 5777 2276 5829 fatetur
2333 5773 2422 5829 illa
2480 5772 2748 5844 synodus;
2809 5774 2949 5829 inter
3003 5787 3140 5841 quos
3194 5779 3312 5824 erat
3368 5768 3635 5837 Georgius
