4088 6294
491 857 508 886 λ
591 831 682 872 tur
713 817 770 870 in
799 816 1028 884 epistola
1056 814 1120 867 ad
1153 814 1518 882 Agathonem.
1549 813 1652 868 Per
1680 815 1965 883 septimam
1999 827 2164 884 syno-

493 927 506 950 ο·
593 909 726 962 dum
776 921 916 975 papa
961 914 1046 960 cst
1089 905 1341 973 superior
1373 903 2009 972 Constantinopolitano,
2045 912 2166 958 tan-

583 342 698 410 775
1739 335 2110 401 ΜΑΤΤΠίΕι
2147 342 2684 404 ριιιιιιόριιγιιῐ
2749 315 2754 322 ’
3687 357 3780 422 us

579 448 1226 535 Constantinopolitanus
1253 456 1309 503 et
1339 447 1701 518 Tthphanes
1744 451 2123 512 Antiochenus
2153 470 2160 508 :

2273 454 2372 524 τὴν
2403 454 2593 522 ὑγείαν
2621 453 2980 524 χαριζόμενος
3015 457 3082 526 τῇ
3121 455 3439 526 Ἐκκλησία,
3471 459 3540 524 ὡς
3569 463 3780 535 ἀρχιερα-

589 552 652 597 ut
684 555 974 596 successor
1017 523 1290 592 caihcdrat
1323 539 1596 608 coryphtel
1637 539 1904 606 principis
1943 549 2160 608 aposto-

2265 523 2566 607 τικώτατος
2599 523 2705 616 τῆς
2737 523 3110 617 ἀποστολικῆς
3166 523 3531 618 ἀκροπόλεως
3560 523 3782 628 «Haec;

588 637 766 689 lorum
815 647 906 698 eo,
935 632 1026 701 qui
1077 639 1368 700 propterea
1408 628 1754 684 ortliodoxus
1795 629 2015 684 habitus
2057 641 2160 696 est,

2267 637 2376 700 τῶν
2411 637 2727 706 ἐλαχίστων,
2765 637 2840 701 ὥς
2896 655 3062 708 φησιν
3109 641 3138 706 ἡ
3188 641 3406 704 σύνοδος
3437 645 3606 716 ἐκείνη
3639 649 3688 698 ἐν
3721 651 3783 718 τῷ

590 727 720 795 quia
746 724 1034 794 epistolam
1063 737 1213 790 papa:
1235 719 1502 788 suscepit,
1527 729 1587 774 ut
1611 721 1856 790 synodus
1883 721 1971 775 illa
2002 731 2160 776 testa-

2269 727 2708 798 προσφωνητικῷ
2757 728 2896 799 πρὸς
2945 727 3037 781 τὸν
3111 730 3352 802 βασιλέα
3399 733 3782 802 Κωνσταντῖνον,

2271 813 2610 880 ἐπισκόπων,
2644 815 2703 868 ἐν
2737 811 2821 877 οἷς
2849 811 2918 886 ἦν
2963 818 3057 871 καὶ
3102 818 3380 886 Γεώργιος
3413 822 3445 873 6
3488 825 3784 878 Κωνσταντι-

2269 905 2594 968 νουπόλεως,
2631 906 2726 960 καὶ
2749 907 3018 976 θεοφόινης
3045 908 3376 979 Ἀντιοχείας
3399 927 3414 942 ο
3446 909 3516 973 ὡς
3550 913 3632 965 τοῦ
3655 931 3785 984 κορυ-

2267 995 2565 1063 φαιοτάτου
2593 993 3052 1067 πρωταποστόλου
3101 1000 3204 1068 τῆς
3251 1002 3514 1072 καθέδρας
3561 1003 3786 1074 διάδοχος,

2269 1083 2664 1156 ὑπερκείμενος
2713 1087 2808 1141 τοῦ
2851 1089 3063 1144 ἐκεῖθεν
3124 1090 3407 1158 όρθοδόξου
3460 1092 3784 1161 νομισθέντος,

2231 1169 2348 1231 ⁶ὅτι
2383 1179 2639 1234 συνέθετο
2669 1183 2734 1250 τῇ
2768 1181 3025 1250 ἐπιστολῇ
3064 1182 3153 1234 τοῦ
3185 1184 3374 1246 πάπα,
3399 1183 3472 1245 ὡς
3500 1190 3788 1257 μαρτυρεῖή

2269 1270 2402 1338 ἁγία
2435 1269 2650 1334 σύνοδος
2684 1272 2868 1341 ἐκείνη
2901 1271 2960 1326 ἐν
2985 1276 3048 1344 τῇ
3079 1273 3216 1341 πρὸς
3240 1273 3522 1341 ’Δγὰθωνα
3547 1278 3786 1349 ἐπιστολῇ.

2269 1363 2424 1416 Κατά
2452 1363 2508 1415 δὲ
2540 1365 2640 1432 τὴν
2672 1363 2914 1434 ἑϐδόμην
2950 1365 3171 1420 σύνοδον
3203 1367 3522 1437 ὑπέρκειται
3563 1371 3588 1422 ό
3609 1370 3788 1434 πάτος,

595 1015 758 1068 quam
787 1000 980 1052 oculus
1009 997 1175 1049 totius
1199 997 1470 1063 corporis,
1495 995 1795 1050 ostendens
1819 995 1920 1050 toti
1947 991 2166 1064 corpori

597 1101 802 1146 rectam
829 1078 1074 1144 veritatis
1099 1087 1373 1152 semitam,
1411 1097 1468 1140 ut
1495 1087 1698 1143 fatetur
1725 1087 1988 1142 Tarasius
2020 1091 2166 1142 Con-

595 1181 1115 1251 stantinopolitanus
1149 1179 1200 1232 in
1234 1179 1465 1248 epistola
1500 1178 1569 1230 ad
1603 1177 1906 1232 Adrianum
1945 1192 2162 1247 papam,

596 1273 666 1326 ad
703 1273 862 1326 finem
908 1271 1058 1324 illius
1093 1269 1312 1340 synodi.
1349 1267 1488 1322 Cum
1535 1276 1615 1321 tot
1654 1269 1928 1335 tantisque
1963 1283 2169 1337 praero-

591 1365 814 1435 gativis,
853 1373 988 1433 quot
1022 1364 1138 1433 ipse
1173 1375 1282 1432 pne
1325 1361 1504 1414 stellis
1539 1359 1762 1430 effulget
1797 1361 1900 1424 sol,
1937 1362 2169 1429 patriar-

592 1459 710 1513 chae
757 1455 1370 1524 ConstantinOpolitano
1419 1453 1714 1508 antecellat
1756 1467 1896 1522 papa
1937 1467 2006 1507 ex
2043 1467 2169 1508 san-

591 1553 775 1606 ctione
835 1548 1041 1603 Christi
1103 1547 1354 1610 Domini,
1409 1545 1748 1616 generalium
1805 1545 2165 1600 conciliorum

593 1642 952 1704 testimoniis,
989 1639 1153 1695 factis
1185 1639 1470 1693 veritatem
1505 1637 1994 1708 comprobantibus
2030 1653 2044 1690 :
2074 1637 2164 1692 ille

589 1749 722 1788 vero
779 1731 1113 1788 (ἔπεσι-εεηεί
1171 1733 1492 1800 caeterisque
1551 1729 1914 1799 suﬂ‘raganeis
1969 1728 2164 1796 praaire

2267 1453 2344 1516 ὡς
2373 1454 2654 1524 ὀφθαλμὸς
2703 1455 2800 1508 τοῦ
2848 1457 2972 1510 ὅλου
3019 1458 3292 1526 σώματος,
3349 1461 3696 1515 ὑποδεικνύων
3727 1463 3788 1530 τῷ

2267 1544 2374 1615 ὅλῳ
2432 1545 2646 1618 σώματι
2675 1539 2789 1618 ’τὴν
2825 1548 3040 1604 εὑθεῖαν
3073 1549 3260 1619 τρίϐον
3297 1554 3395 1622 τῆς
3447 1552 3704 1622 ἀληθείας,
3727 1551 3788 1616 ὥς

2269 1653 2404 1706 φησι
2434 1637 2708 1708 Ταράσιος
2747 1641 2776 1692 ὁ
2821 1642 3448 1707 Κωνσταντινουπόλεως
3489 1645 3544 1696 ἐν
3583 1647 3643 1714 τῇ
3677 1644 3788 1715 πρὸς

2282 1729 2562 1800 Ἀδριανὺν
2595 1731 2686 1784 τὸν
2718 1732 2910 1785 πᾶπαν
2936 1733 3196 1804 ἐπιστολῇ
3227 1736 3364 1805 πρὸς
3391 1737 3470 1804 τῷ
3490 1735 3626 1788 τέλει
3651 1736 3735 1803 τῆς
3751 1733 3787 1800 ζ’

589 1825 824 1894 coeperit
863 1825 1068 1878 virtute
1116 1837 1388 1877 canonum
1432 1837 1540 1876 non
1585 1820 1976 1890 legitimorum,
2017 1819 2162 1874 tertii

591 1917 846 1974 secunda:
879 1917 1112 1987 synodi;
1146 1931 1311 1986 quem
1358 1923 1415 1970 et
1459 1927 1565 1968 non
1605 1913 1922 1984 pervenisse
1955 1911 2022 1966 ad
2057 1925 2162 1966 no-

587 2011 767 2065 titiam
820 2009 966 2065 scdis
1012 2008 1347 2080 apostolicre,
1387 2016 1443 2062 et
1476 2007 1522 2060 si
1575 2006 1799 2060 omnino
1839 2021 1868 2058 a
1907 2003 2162 2082 Patribu-s

594 2106 942 2175 subscriptus
973 2113 1080 2168 est,
1113 2102 1322 2158 nullius
1365 2100 1579 2157 roboris
1625 2098 1890 2154 mansisse
1930 2107 2162 2154 testatur

595 2205 818 2250 sanctus
867 2195 977 2248 Leo
1023 2208 1162 2263 papa
1217 2191 1452 2262 epistola
1497 2191 1564 2244 ad
1617 2189 1955 2268 Anatolium,
1993 2195 2049 2242 et
2093 2185 2161 2240 ad

595 2287 946 2342 l’ulcheriam
976 2285 1310 2354 Augustam;
1355 2281 1601 2336 vicesimi
1631 2279 1809 2336 octavi
1837 2288 2047 2348 quartae
2077 2293 2164 2348 sy-

593 2379 748 2446 nodi,
767 2393 929 2447 quam
953 2393 1060 2430 non
1078 2385 1335 2430 exoratus
1361 2374 1622 2444 precibus
1635 2371 1996 2427 Orientalium
2017 2370 2161 2426 idem

593 2470 704 2524 Leo
729 2485 869 2538 papa
899 2467 1110 2538 reiecit,
1155 2476 1211 2528 et
1241 2465 1508 2521 tricesimi
1536 2465 1674 2520 sexti
1703 2463 2046 2533 quinisextae,
2067 2462 2161 2530 qui

592 2580 622 2618 a
655 2561 865 2634 synodo
899 2561 1182 2616 confectus
1211 2574 1550 2628 nequaquam
1579 2557 1823 2627 legitima
1855 2556 2031 2610 nullas
2064 2555 2162 2608 ha—

597 2657 690 2710 bet
719 2656 878 2710 vires.
905 2635 1214 2706 Praesertim
1239 2651 1382 2719 quod
1405 2649 1550 2703 inter
1571 2649 1666 2702 hos
1692 2661 1931 2702 canones
1953 2661 2060 2722 nop
2078 2653 2163 2700 est

591 2742 998 2800 convenientia.
1031 2741 1166 2794 Nam
1209 2754 1381 2794 canon
1413 2738 1608 2809 synodi
1635 2739 1847 2802 statuit,
1888 2737 2164 2790 honoran-

594 2835 725 2888 dum
772 2849 892 2888 esse
928 2829 1596 2900 Constantinopolitanum
1649 2839 1770 2898 post
1815 2829 2158 2894 Romanum;

591 2926 778 2983 cancri
799 2929 938 2980 vero
949 2939 1188 2978 canones
1205 2922 1350 2978 idem
1370 2937 1430 2977 se
1447 2931 1690 2976 statuere
1708 2921 1920 2984 dicunt,
1939 2920 2031 2975 sed
2052 2934 2160 2974 non

587 3020 736 3075 idem
768 3026 1048 3080 statuunt;
1080 3031 1272 3071 verum
1304 3014 1554 3068 Romano
1576 3013 2156 3082 etCoustantinOpoli-

2265 1825 2505 1879 συνόδου.
2529 1825 2832 1889 Τοσαύταις
2855 1827 2948 1879 καὶ
2968 1827 3322 1898 τηλικαύταις
3342 1830 3646 1898 ὑπεροχαῖς,
3665 1828 3788 1894 ὅσαις

2261 1915 2373 1970 τῶν
2397 1917 2647 1987 ἀστέρων
2677 1917 2973 1990 ὑπερτερεῖ
3003 1923 3028 1972 ό
3077 1919 3250 1990 ἥλιος,
3281 1921 3374 1973 τοῦ
3409 1923 3568 1975 πάπα
3619 1921 3790 1990 ὑπερα-

2263 2009 2606 2074 κοντίζοντος
2651 2011 2752 2064 τὸν·
2797 2013 3152 2083 πατριάρχην
3199 2015 3788 2076 Κωνσταντινουπόλεως

2265 2102 2559 2174 νομοθεσίᾳ
2586 2103 2682 2156 τοῦ
2711 2101 2974 2174 Χριστοῦ.
3006 2110 3340 2175 μαρτυρίαις
3366 2105 3475 2158 τῶν
3520 2110 3790 2176 οἰκουμενι-

2264 2193 2376 2249 κῶν
2409 2195 2676 2258 συνόδων,
2717 2195 2902 2268 ἔργοις
2933 2195 3332 2267 βεϐαιοῦσι-σὴν
3363 2197 3642 2269 ἀλήθειαν·
3672 2200 3791 2250 ἐκεί·

2264 2304 2356 2340 νου
2381 2287 2436 2339 δὲ
2469 2287 2558 2340 τὸν
2590 2287 2924 2357 Καισαρείας
2955 2291 3048 2342 καὶ
3075 2292 3200 2354 τοὺς
3230 2291 3319 2342 ὑπ’
3349 2289 3520 2344 αὑτὸν
3545 2292 3790 2360 ἀρχιερεῖς

2265 2380 2627 2451 ὑπερϐάλλειν
2651 2379 2961 2452 ἀρξαμένου
3002 2382 3230 2451 δυνάμει
3266 2382 3512 2438 κανόνων
3543 2385 3658 2454 οὐχὶ
3687 2400 3795 2450 γνη-

2266 2471 2419 2539 σίων,
2461 2473 2554 2526 τοῦ
2609 2473 2792 2542 τρίτου
2842 2474 2940 2544 τῆς
2995 2475 3254 2546 δευτέρας
3327 2476 3570 2540 συνόδου,
3607 2476 3660 2528 ὃν
3719 2475 3796 2528 καὶ

2263 2567 2540 2631 ἄγνωστον
2567 2567 2662 2620 καὶ
2689 2568 2763 2638 μὴ
2789 2567 3130 2638 φυλαχθέντα
3151 2583 3167 2600 ·
3191 2569 3306 2624 ἀλλ’
3333 2567 3496 2639 εἴπερ
3521 2569 3648 2632 ὅλως
3671 2567 3796 2636 παρά

2249 2657 2371 2712 τῶν
2407 2659 2671 2728 Πατέρων
2702 2660 2944 2728 γέγονεν,
2986 2661 3190 2732 ἄκυρον
3217 2663 3338 2716 τότε
3375 2663 3632 2731 μείναντά
3655 2677 3795 2730 φησιν

2263 2751 2292 2803 6
2339 2751 2494 2820 ἅγιος
2529 2753 2716 2814 πάπας
2746 2753 2898 2808 Λέων
2941 2754 3000 2806 ἐν
3051 2756 3116 2823 τῇ
3167 2756 3302 2824 πρὸς
3343 2755 3670 2823 Πουλχερίαν
3715 2753 3796 2820 τὴν

2265 2844 2582 2912 Λύγούσταν
2613 2845 2900 2914 ἐπιστολῇ,
2949 2847 3044 2899 καὶ
3096 2843 3154 2900 ἐν
3187 2849 3254 2917 τῇ
3309 2847 3448 2917 πρὸς
3489 2847 3792 2900 Ἀνατόλιον·

2263 2935 2359 2988 τοῦ
2387 2932 2473 3005 κη’
2505 2935 2606 3005 τῆς
2639 2935 2904 3006 τετάρτης
2935 2937 3176 3000 συνόδου,
3211 2938 3272 2990 ὃν
3305 2940 3378 3008 μὴ
3407 2939 3670 3009 καμφθεὶς
3697 2938 3796 2998 ταῖς

2265 3027 2484 3102 δεήσεσι
2509 3027 2622 3080 τῶν
2667 3027 3003 3082 ἀνατολικῶν
3031 3030 3339 3100 ἀπέρριψεν
3385 3031 3418 3080 ὁ
3449 3031 3606 3092 αὐτὸς
3636 3028 3795 3088 mina;

589 3123 722 3168 tano
752 3111 990 3180 aequales
1023 3109 1262 3164 honores
1295 3107 1620 3172 decernunt,
1643 3116 1698 3160 et
1731 3122 1852 3160 cum
1893 3116 2153 3176 praeterea

2262 3119 2411 3174 Λέων
2433 3134 2450 3150 ·
2475 3119 2569 3174 καὶ
2595 3119 2689 3173 τοῦ
2721 3119 2810 3186 λς’
2829 3121 2926 3190 τῆς
2957 3119 3283 3190 πενθέκτης,
3331 3121 3386 3184 ὃς
3435 3123 3585 3191 παρᾶ
3609 3120 3796 3174 συνόδου

587 3203 1233 3272 Cousmntinopolitanus
1268 3199 1526 3270 paulatim
1563 3199 1820 3264 creverit,
1860 3209 1916 3254 ct
1951 3193 2152 3254 limita-

590 3305 702 3350 tam
755 3294 1138 3348 auctoritatem
1197 3306 1295 3362 per-
1350 3289 1687 3359 suppositios
1745 3289 1866 3343 illos
1917 3289 2158 3346 canones

591 3385 964 3455 usurpaverit,
995 3382 1208 3438 scilicet
1233 3382 1300 3436 ad
1330 3381 1735 3436 consecrandos
1774 3390 1985 3434 tantum
2019 3381 2159 3434 Pon-

587 3478 740 3540 ticae,
790 3477 1004 3528 Asiana».
1046 3483 1105 3528 et
1152 3473 1400 3528 Thraciae
1451 3472 1706 3526 dimcesis
1760 3472 2156 3542 metrOpolites.

588 3566 877 3632 Quomodo
911 3574 966 3619 tu
997 3579 1138 3633 aegre
1169 3563 1304 3628 fers,
1339 3573 1394 3618 et
1426 3577 1718 3618 succenses
1747 3563 1874 3628 illis,
1899 3578 1930 3616 a
1959 3562 2158 3631 quibus

584 3655 797 3710 dictum
837 3661 942 3718 est,
978 3653 1054 3707 ita
1101 3668 1160 3708 se
1204 3653 1408 3708 habere
1443 3667 1639 3723 papam
1671 3651 1737 3706 ad
1771 3651 2158 3707 Constantino-

586 3746 913 3816 politanum,
953 3744 1100 3800 sicut
1154 3759 1211 3799 sc
1261 3743 1348 3798 ille
1399 3745 1563 3798 habet
1611 3742 2156 3809 ad'Ca‘sarccnsem,

583 3853 710 3892 cum
757 3837 834 3892 illi
877 3853 987 3890 non
1033 3837 1178 3906 justa
1229 3835 1587 3905 proportione
1635 3835 1716 3891 usi
1765 3835 2009 3892 fuerint?
2053 3835 2158 3888 Dc-

583 3931 751 3985 bcant
775 3929 922 3982 enim
955 3928 1161 3994 dicere,
1185 3943 1292 3980 non
1325 3928 1404 3981 ita-
1434 3943 1492 3981 sc
1521 3928 1746 3991 habere,
1769 3927 1865 3981 sed
1889 3925 2155 3984 Constan-

593 4022 1012 4092 tiuopolilauum
1055 4036 1176 4074 esse
1225 4019 1542 4073 inferiorem
1577 4033 1731 4088 papa:
1771 4018 1944 4071 multo
1988 4017 2156 4087 magis

589 4131 750 4183 quam
783 4113 855 4168 sit
883 4113 1490 4181 ConstantinOpolitano
1505 4110 1888 4176 Cmsarcensis,
1911 4111 2157 4179 quando-

583 4207 803 4275 quidem
839 4221 976 4276 papa
1031 4203 1195 4258 habet
1245 4202 1301 4256 in
1347 4201 2014 4271 Constanlinopolitanum
2064 4217 2158 4270 po-

581 4306 836 4360 testatem
887 4295 1158 4350 divinitus
1207 4293 1486 4358 traditam,
1535 4294 1736 4362 quippe
1786 4301 1845 4347 ut
1891 4301 2074 4362 pastor
2125 4305 2156 4347 a

586 4390 695 4444 Deo
731 4390 1084 4453 constitutus,
1117 4395 1171 4441 et
1215 4387 1386 4441 viuere
1428 4398 1653 4452 custos;
1695 4385 2158 4460 Constantinopo-

2259 3213 2534 3276 τυπωθεὶς
2598 3213 2680 3284 μὴ.
2717 3214 2970 3282 γνησίας,
3019 3213 3094 3275 ὼς
3143 3215 3520 3284 δειχθήσεται,
3571 3213 3797 3280 οὐδεμίαν

2259 3304 2376 3372 ἔχει
2405 3303 2466 3357 τὸ
2498 3305 2760 3375 παράπαν
2808 3305 2986 3374 ἰσχὺν,
3037 3305 3216 3367 ἄλλως
3255 3323 3313 3357 τε
3348 3305 3491 3375 μηδέ
3525 3305 3799 3374 συμφώνων

2258 3399 2464 3452 τούτων
2493 3397 2665 3450 ὄντων
2699 3397 2808 3449 τῶν
2837 3397 3104 3462 κανόνων,
3131 3397 3271 3450 ἀλλά
3301 3396 3396 3448 τοῦ
3436 3397 3533 3465 τῆς
3571 3396 3798 3464 δευτέρας

2261 3489 2480 3542 συνόδου
2515 3488 2872 3554 θεσπίσαντος
2902 3487 2991 3540 τὸν
3020 3491 3433 3542 Κωνσταντινου
3445 3491 3644 3552 πόλεως
3669 3486 3798 3554 ἔχειν

2258 3581 2326 3634 τὰ
2360 3579 2628 3650 πρεσϐεῖα
2683 3583 2824 3649 μετὰ
2843 3581 2932 3631 τὸν
2970 3579 3210 3650 Ῥώμης,
3248 3581 3354 3633 τῶν
3383 3580 3590 3633 λοιπῶν
3634 3576 3802 3631 θεσπίο

2261 3673 2375 3737 ζειν
2403 3675 2501 3744 μὲν
2527 3675 2596 3724 τὰ
2641 3674 2778 3726 αὐτὰ
2823 3663 3114 3740 λεγόντων,
3146 3675 3205 3725 οὐ
3239 3675 3306 3725 τὰ
3341 3673 3486 3726 αὐτὰ
3517 3674 3571 3725 δὲ
3613 3671 3804 3742 ὁρισάν-

2259 3783 2388 3830 των,
2418 3767 2550 3818 ἀλλὰ
2577 3769 2642 3820 τὰ
2676 3767 2764 3818 ἴσα
2796 3767 3070 3836 πρεσϐεῖα·
3091 3765 3167 3835 τῷ
3197 3763 3802 3821 Κωνσταντινουπόλεως

2259 3861 2676 3927 ἀπονειμάντων
2699 3877 2712 3889 ·
2755 3859 2892 3928 πρὸς
2923 3858 3139 3920 τούτοις
3178 3857 3274 3910 τοῦ
3305 3854 3801 3910 Κωνσταντινουπό-

2258 3951 2394 4014 λεως
2429 3951 2548 4004 κατ’
2603 3950 2782 4018 ὀλίγον
2837 3951 3191 4019 αὐξηθέντος,
3243 3949 3339 4002 καὶ
3401 3947 3802 4019 μεμετρημένην

2259 4043 2346 4097 διὰ
2394 4043 2500 4096 τῶν
2539 4043 2944 4112 ὑποϐολιμαίων
2982 4043 3207 4095 ἐκείνων
3269 4041 3519 4096 κανόνων
3579 4039 3804 4105 ἐξουσίαν

2260 4133 2542 4200 λαϐόντος,
2577 4136 2672 4188 ἐπὶ
2709 4135 2770 4186 τὸ
2799 4136 3126 4205 χειροτονεῖν
3160 4135 3354 4204 μόνους
3391 4136 3525 4197 τοὺς
3564 4133 3660 4200 τῆς
3687 4131 3802 4184 ﬂavo

2259 4231 2416 4297 τικῆς
2449 4229 2542 4280 καὶ
2581 4229 2681 4295 τῆς
2739 4227 3014 4295 Ἀσιανῆς,
3048 4225 3142 4279 καὶ
3183 4226 3281 4302 τῇς
3311 4225 3598 4295 Θρᾳκικῆς
3627 4223 3804 4292 διοική-

2260 4337 2400 4382 σεως
2434 4319 2836 4388 μητροπολίτας
2856 4333 2871 4348 ·
2890 4318 3029 4384 πῶς,
3057 4310 3102 4370 ὦ
3127 4317 3304 4379 Νεῖλε,
3327 4317 3666 4378 δεινοπαθεῖς
3683 4315 3802 4366 κατὰ

2259 4409 2368 4462 τῶν
2419 4409 2686 4462 εἰπόντων
2743 4408 2930 4460 τοῦτον
2961 4407 3052 4461 τὸν
3103 4407 3262 4475 λόγον
3309 4406 3460 4476 ἔχειν
3493 4407 3584 4461 τὸν
3641 4405 3804 4457 πίτταν

583 4483 786 4537 litanus
816 4491 1022 4546 autem,
1063 4491 1122 4536 ut
1157 4481 1268 4535 Leo
1298 4495 1436 4550 papa
1477 4481 1676 4536 clamat
1707 4481 1763 4536 in
1799 4481 1912 4536 suis
1943 4482 2149 4552 cpile-

2259 4501 2394 4571 πρὸς
2435 4502 2524 4553 τὸν
2558 4499 3210 4562 Κωνσταντινουπόλεως,
3237 4499 3298 4552 δν
3327 4499 3540 4562 ἐκεῖνος
3573 4497 3703 4568 πρὸς
3727 4495 3802 4546 τὺν

585 4575 678 4634 iis.
705 4575 796 4645 jus
833 4574 1072 4627 alienum
1117 4561 1409 4642 praeripere
1447 4573 1640 4640 voluit,
1676 4573 1838 4644 idque
1881 4576 2056 4629 solum
2091 4575 2158 4628 ad

587 4665 1053 4721 conservandum.
1102 4664 1184 4718 Tu
1236 4679 1366 4719 vero
1403 4665 1805 4737 imparilitatem
1853 4667 2160 4736 proportio-

589 4762 676 4814 nis
712 4771 804 4813 tuo
845 4773 1010 4813 sensu
1053 4757 1446 4827 interpretans,
1483 4759 1642 4829 ponis
1675 4773 1794 4829 qua:
1840 4773 1941 4812 nec
1971 4774 1999 4812 a
2034 4773 2166 4812 con-

587 4853 752 4917 ciliis,
797 4865 902 4906 nec
949 4863 979 4904 a
1031 4850 1320 4905 catholicis
1369 4851 1689 4906 doctoribus
1741 4851 2020 4920 accepisti,
2066 4851 2163 4906 scd

585 4945 810 4998 iuventa
843 4953 969 5018 sunt
1001 4943 1484 4999 scliismaticorum
1514 4943 1963 5011 vaniloquentizn.

2259 4594 2620 4664 Καισαρείας,
2657 4593 2750 4644 καί
2775 4609 2857 4646 τοι.
2913 4593 3013 4645 οὐκ
3043 4591 3219 4662 ὀρθῶς
3248 4593 3554 4660 εἰπόντωνς
3595 4593 3706 4644 δέον
3726 4589 3800 4654 ὁρ-

2261 4687 2368 4750 θῶς
2397 4687 2590 4748 εἰπεῖν,
2619 4684 2681 4736 οὑ
2707 4683 2799 4736 τὸν
2823 4683 2987 4737 αὑτὸν
3014 4684 3172 4753 λόγον
3195 4683 3358 4753 ἔχειν,
3391 4683 3529 4736 ἀλλά
3561 4683 3648 4734 τὸν
3675 4683 3804 4731 Κων-

2265 4775 2760 4839 στα³ντινουπόλεως
2795 4771 2934 4829 εἶναι
2969 4775 3149 4846 πολλῴ
3176 4775 3488 4844 κατώτερον
3519 4773 3612 4827 τοῦ
3649 4773 3801 4830 uana,

2261 4873 2422 4941 εἴπερ
2443 4872 2471 4922 6
2503 4866 2838 4936 Καισαρείας
2863 4868 2962 4921 ,τοῦ
3008 4868 3628 4928 Κωνσταντινουπόλεως
3647 4882 3662 4896 ο
3693 4865 3804 4915 ὅπου

2264 4963 2362 5034 τὴν
2394 4961 2646 5026 ἐξουσίαν
2672 4961 2764 5013 ἐπὶ
2785 4961 2875 5012 τὸν
2910 4959 3542 5020 Κωνσταντινουπόλεως
3580 4959 3688 5027 ἔχει
3707 4953 3806 5006 θεό-

586 5065 676 5114 θεν
710 5063 736 5113 ό
767 5060 971 5125 πάπας,
1011 5061 1084 5124 ὡς
1141 5060 1347 5130 ποιμὴν
1390 5056 1810 5126 θεοπρόϐλητος,
1839 5055 1931 5109 καὶ⁵
1979 5053 2158 5124 φύλαξ
2193 5056 2294 5123 τῆς
2363 5053 2634 5123 ἀμπέλου.
2707 5049 2768 5104 Ὀ
2815 5050 2869 5102 δὲ
2903 5051 3000 5119 τῆς
3051 5049 3463 5104 Κωνσταντίνου
3522 5059 3805 5115 μηχανουρ-

586 5158 734 5222 γίαις
763 5156 1110 5208 ἐπεσπάσατο
1145 5155 1212 5206 τὰ
1237 5151 1516 5221 ἀλλότρια,
1560 5151 1633 5212 ὡς
1666 5149 1765 5220 βοᾷ
1797 5151 1852 5201 ἐν
1917 5151 2036 5212 ταῖς
2111 5147 2418 5209 ἐπιστολαῖς
2485 5145 2651 5198 αὐτοῦ
2709 5144 2860 5197 Λέων
2889 5145 2916 5195 ό
2948 5145 3155 5209 πάπας,
3188 5142 3280 5196 καὶ
3321 5141 3497 5194 ταῦτα
3527 5143 3616 5192 ἐπὶ
3648 5143 3702 5190 τ’,
3728 5136 3806 5206 μό-

589 5269 678 5302 νον
709 5251 1056 5320 χειροτονεῖν.
1092 5250 1161 5302 Σὺ
1190 5250 1245 5300 δὲ
1315 5248 1474 5302 ἄλλον
1521 5246 1719 5315 τρόπον
1791 5245 1884 5296 τὸν
1919 5245 1998 5296 σοὶ
2065 5244 2344 5316 δοκοῦντα.
2385 5243 2486 5312 τὴν
2575 5239 2868 5309 ἀνισότητα
2930 5239 3025 5308 τῆς
3107 5239 3394 5304 ἀναλογίας
3469 5235 3804 5304 ἐκλαμϐάνωι

587 5343 881 5414 -ιιράφειςᾶ
915 5361 1053 5413 μητε
1111 5344 1257 5412 παρὰ
1292 5343 1545 5401 συνόδων,
1619 5341 1757 5410 μήτε
1830 5344 1977 5410 παρὰ
2056 5339 2351 5409 ὀρθοδόξων
2407 5341 2636 5407 εἴληφας
2690 5335 3066 5400 διδασκάλων,
3139 5335 3235 5400 τῆς
3292 5334 3653 5404 σχισματικῆς
3697 5331 3803 5382 Evn

589 5457 1059 5510 ματαιοφροσυνης
1116 5441 1436 5508 εὑρήματα·
1497 5439 1695 5508 ἔμαθες
1767 5439 1876 5509 γὰρ
1935 5439 2156 5508 φαύλων
2197 5439 2532 5491 διδασκάλων
2569 5437 2838 5503 ἀναγνοὺς
2871 5435 3298 5504 συγγρέμματα.

857 5559 996 5614 Ordo
1037 5559 1394 5628 praecari-entire
1424 5563 1878 5629 patriarcharum.
2003 5595 2006 5598 -

2482 5557 2592 5620 Τάξ
2602 5575 2655 5622 ις
2683 5553 3196 5624 πρωτοκαθεδρίας
3227 5550 3626 5619 πιι-τριαρλῶν.

2349 5655 2416 5724 ’θ’
2445 5669 2685 5740 Ῥώμης,
2733 5672 2762 5722 6
2818 5668 3465 5730 Κωνσταντινουπόλεωςε,
3512 5667 3542 5715 ό
3583 5659 3808 5726 Ἀλεξαν-

2271 5763 2468 5832 δρέων,
2509 5765 2529 5815 5
2569 5763 2912 5832 Ἀντιοχέων,
2945 5763 2972 5815 ὁ
3013 5759 3420 5832 Ἱεροσολύμων.
3467 5754 3598 5812 Εῑτα
3640 5756 3692 5808 αῖ
3719 5765 3808 5821 μη-

659 5677 960 5744 Ιὶοιιιοιιυε,
1011 5671 1681 5741 Constantinopolilauus,
1736 5675 2154 5740 Alexandrinus,

588 5765 983 5832 Antiochenus.
1039 5762 1585 5834 llicrosolymitanus.
1639 5763 1970 5834 Metropoles
2019 5764 2159 5820 Con-
