4088 6294
370 361 485 429 785

388 638 407 651 ί
441 570 513 625 Εὖ
548 587 609 639 γε
645 573 744 642 τῆς
777 575 1055 646 ἀγχινοίας
1085 581 1098 632 !
1154 578 1213 632 Ὀ
1238 580 1419 637 κανὼν
1472 584 1571 654 τῆς
1631 593 1680 639 α’
1718 589 1937 641 συνόδου

366 664 658 737 τεσσάρων
690 667 966 738 μέμνηται
998 671 1208 741 θρόνων
1234 716 1249 740 ,
1286 677 1345 728 ἐν
1404 670 1486 739 οἷς
1544 660 1779 746 μάλιστα
1819 679 1939 751 βού-

368 757 525 812 λεται
551 763 779 829 κρατεῖν
810 763 878 816 τὰ
910 762 1119 818 παλαιὰ
1160 765 1257 838 ἔθη
1285 782 1299 799 ·
1336 769 1399 822 σὺ
1433 768 1490 821 δὲ
1544 773 1639 823 καὶ
1686 772 1941 840 πέμπτον

368 849 610 919 εἰσάγεις
655 851 848 923 θρόνον
876 854 970 908 τὸν
1009 857 1675 924 Κωνσταντινουπόλεως·
1718 864 1810 915 καὶ
1836 864 1943 915 ἀπὸ

366 941 467 1010 τῆς
503 941 729 1013 πρώτης
761 945 985 1000 συνόδου
1023 949 1199 1020 πηδᾷς
1250 951 1341 1003 ἐπὶ
1390 952 1489 1021 τὴν
1521 954 1813 1025 τετάρτην·
1847 955 1944 1007 καὶ

369 1036 482 1098 τοῖς
506 1035 754 1106 ἀρχαίοις
804 1039 913 1092 τῶν
948 1040 1322 1095 ἀποστολικών
1364 1043 1570 1114 θρόνων
1614 1046 1760 1099 ἔθεσι
1816 1065 1941 1100 συν-

369 1127 631 1197 ἀριθμεῖς
658 1130 753 1183 καὶ
775 1129 845 1183 τὰ
867 1132 964 1185 τοῦ
986 1135 1407 1191 Κωνσταντινου
1419 1140 1647 1206 πόλεως,
1678 1141 1944 1212 παράγων

368 1219 570 1271 κανόνα
599 1220 775 1310 νόθον,
808 1222 1092 1292 ἀδόκιμον,
1129 1225 1357 1298 ἄκυρον.

443 1310 573 1367 Εἶτα
612 1316 709 1368 καὶ
743 1316 1117 1395 τοῦΙγινησίου
1166 1321 1395 1383 κανόνος
1438 1321 1539 1392 τὴν
1585 1322 1762 1394 ἀρχὴν
1811 1327 1946 1378 ἀπε-

372 1404 603 1474 κόψατε,
636 1405 710 1470 ὡς
746 1409 810 1461 ὲκ
849 1410 949 1480 τῆς
974 1409 1048 1476 ις’
1082 1410 1344 1483 πράξεως
1389 1413 1488 1484 τῆς
1528 1416 1574 1468 δ’
1603 1417 1821 1470 συνόδου
1855 1417 1947 1485 δῆ-

373 1498 483 1553 ).ον.
526 1500 929 1567 ’Λναγνωσθεὶς
974 1504 1081 1573 γὰρ
1114 1506 1234 1558 εκεῖ
1268 1505 1417 1575 παρὰ
1446 1506 1554 1559 τῶν
1593 1506 1882 1579 Ῥωμαίων
1920 1510 1948 1561 ό

374 1591 573 1657 κανὼν,
611 1593 788 1660 οὕτως
816 1596 953 1667 ἔχει·
987 1615 1007 1650 ι
1056 1597 1119 1654 Ἦ
1171 1600 1477 1669 Ἐκκλησία
1544 1598 1764 1670 Ῥώμης
1814 1602 1949 1656 πάν-

371 1701 491 1738 τοτε
521 1686 645 1756 ἔσχε
664 1690 738 1741 ’τά
768 1692 1035 1757 πρωτεῖα.
1065 1692 1218 1764 Ἔχει
1260 1693 1552 1764 τοιγαροῦν
1582 1697 1678 1748 καὶ
1722 1697 1755 1765 ἡ
1783 1695 1948 1762 Δίγυ-
1974 1732 1981 1737 ι

374 1796 527 1845 πτος,
562 1780 705 1834 ὥστε
765 1782 857 1835 τὸν
911 1783 1210 1840 ἐπίσκοπον
1262 1782 1670 1855 Ἀλεξανδρείας
1725 1788 1947 1840 πάντων

372 1870 518 1938 ἔχειν
551 1872 807 1938 ἐξουσίαν
834 1916 849 1939 ,
906 1875 1096 1944 ἐπειδὴ
1139 1877 1234 1929 καὶ
1280 1876 1371 1947 ’τῷ
1409 1852 1629 1947 Ῥώμης
1662 1877 1946 1947 ἒπισκόπῳ
1983 1852 2021 1906 Β

375 1960 534 2013 τοῦτο
564 1963 792 2032 σύνηθές
829 1965 971 2031 ἐστι,
1005 1983 1023 2016 ι
1068 1966 1163 2018 καὶ
1198 1967 1267 2021 τὰ
1295 1966 1862 2038 ἑξῆς.Ἀναγνωσθεὶς
1890 1968 1947 2022 δὲ

372 2055 467 2105 καὶ
515 2057 667 2124 παρά
719 2057 827 2109 τῶν
873 2056 1214 2111 ἀνατολικῶν
1260 2057 1433 2123 οὕτως
1480 2059 1631 2131 ἔχει·
1673 2079 1692 2112 ι
1734 2059 1815 2113 Τὰ
1853 2062 1948 2131 ἀρ-

372 2149 496 2214 χαῖα
526 2147 622 2215 ἔθη
657 2150 953 2217 κρατείτω,
1000 2150 1069 2205 τὰ
1116 2152 1176 2204 ἐν
1224 2152 1489 2224 Αἰγύπτῳ
1518 2153 1609 2207 καὶ
1641 2153 1817 2225 Λιϐύῃ
1852 2153 1950 2205 καὶ

374 2242 758 2306 Πενταπόλει,
811 2242 953 2297 ὥστε
1018 2243 1111 2297 τδν
1176 2244 1592 2315 Ἀλεξανδρείας
1644 2245 1947 2299 ἐπίσκοπον

374 2332 595 2386 πάντων
626 2333 833 2387 τούτων
889 2334 1036 2405 ἔχειν
1095 2335 1376 2402 ἐξουσίαν,
1426 2336 1618 2406 ἐπειδὴ
1652 2337 1856 2406 καὶτῷ
1892 2338 1948 2389 ἑν

382 2421 575 2498 Ῥώμῃ
603 2426 889 2496 ἒπισκόπῳ
917 2427 1074 2481 τοῦτο
1122 2428 1358 2498 σύνηθές
1392 2429 1566 2484 ἔστιν.
1597 2446 1615 2481 ι
1655 2428 1814 2481 Οὕτω
1851 2429 1949 2498 μὲν

370 2510 467 2569 οὖν
499 2516 902 2581 κολοϐωθέντος
949 2515 1044 2571 τοῦ
1080 2518 1316 2588 ἀληθοῦς
1353 2519 1578 2583 κανόνος
1609 2519 1787 2572 ἐκεῖνο
1819 2518 1949 2571 θαυ-

376 2609 629 2676 μαστὸν,
686 2610 768 2663 ὅτι
825 2611 1088 2677 ἀπυκοπὴ
1138 2612 1336 2685 γέγονε
1363 2611 1458 2664 τοῦ
1512 2611 1791 2681 πρωτείου
1846 2610 1948 2681 τῆς

388 2697 612 2770 Ῥώμης
638 2741 653 2764 ,
688 2699 785 2755 καὶ
817 2704 1105 2773 προσθήκη
1148 2701 1245 2755 τοῦ
1289 2702 1943 2764 Κωνσταντινουπόλεως.

377 2793 490 2847 Καὶ
538 2794 802 2859 τοιούτοις
837 2797 1302 2867 πανουργεύμασι
1336 2796 1613 2869 χρώμενοι
1656 2798 1948 2867 πολεμεῖτε

372 2881 453 2951 τῷ
480 2881 703 2952 πάππα,
746 2885 838 2936 καὶ
872 2885 967 2955 τὴν
998 2884 1424 2957 θαυμαζομένην
1456 2886 1610 2956 ὑμῶν
1634 2885 1949 2957 όρθοδοξίαν

378 2977 691 3044 στηρίζετε.

447 3067 643 3133 Λέγεις
668 3067 887 3132 ὲκείνας
913 3067 1008 3123 τοῦ
1047 3070 1275 3135 κανόνος
1306 3070 1403 3137 τὰς
1425 3071 1633 3140 φωνὰς,
1666 3092 1683 3124 ι
1729 3072 1948 3143 Ἐπειδὴ

1677 381 2122 445 BEFUTA'i‘lO
2182 389 2361 452 NlLl.
3515 392 3619 457 786

925 484 1359 544 ᾹΝἸἸΡΡΗΣΙΣ.
1640 460 1655 467 ’
1965 487 2019 560 Ἀ
2606 502 3070 558 CONFUTATIO.
3228 470 3247 479 H

2606 502 3070 558 CONFUTATlO.

2116 594 2407 667 Egregium
2440 610 2571 650 sane
2602 595 2845 650 hominis
2876 595 3154 664 ingenium
3182 598 3194 649 ι
3222 594 3407 650 Canon
3435 599 3620 668 prima:

2045 686 2235 759 synodi
2272 697 2509 756 quatuor
2558 685 2717 741 sedes
2750 697 3036 749 memorat,
3064 687 3117 744 in
3167 686 3369 756 quibus
3398 687 3619 756 potissi-

2046 793 2194 833 mum
2225 779 2342 833 Vult
2380 779 2637 849 antiquos
2666 778 2869 834 durare
2891 794 3070 833 mores
3096 798 3109 844 ;
3139 789 3193 833 tu
3225 793 3353 834 vero
3377 780 3564 848 quinta
3590 799 3620 830 ιι

2046 868 2203 924 addis
2288 869 2472 926 sedem
2530 870 3221 941 Constantinopolitauam;
3262 881 3319 926 et
3370 888 3399 927 ο
3450 872 3621 942 prima

2046 960 2254 1032 synodo
2288 963 2454 1018 saltas
2489 963 2540 1017 in
2587 975 2877 1033 quartam;
2922 972 2977 1019 et
3027 964 3272 1033 antiquis
3300 965 3624 1034 apostolica-

2048 1068 2168 1106 rum
2222 1053 2435 1109 sedium
2473 1056 2720 1110 moribus
2755 1072 3092 1111 annumeras
3123 1072 3245 1126 quat
3298 1065 3425 1111 sunt
3482 1057 3626 1110 Cou-

2047 1141 2519 1213 SIantinopolitani
2547 1164 2559 1210 ;
2598 1144 2922 1215 profersque
2955 1161 3221 1201 canoncm
3257 1143 3621 1215 illcgitimum,

2049 1234 2440 1305 improbatum,
2470 1236 2645 1291 nullas
2668 1237 2813 1293 vires
2842 1238 3155 1293 habentem.

2120 1327 2325 1383 Deinde
2350 1338 2405 1383 et
2436 1329 2679 1398 germani
2708 1330 2935 1384 canonis
2962 1330 3290 1401 principium
3316 1334 3621 1391 recidislis.

2051 1426 2109 1471 ut
2139 1427 2358 1476 constat
2399 1436 2462 1474 ex
2501 1435 2589 1474 xvr
2644 1429 2751 1475 act.
2805 1430 3013 1490 quartae
3045 1422 3261 1493 synodi.
3298 1422 3352 1477 Si
3396 1425 3618 1493 quidem

2050 1511 2312 1565 recitatus
2343 1509 2418 1565 ibi
2439 1526 2616 1566 canon
2648 1526 2678 1566 a
2709 1512 2966 1567 Romanis
2993 1515 3073 1569 sic
3106 1514 3301 1567 habet:
3333 1533 3349 1565 ι
3379 1515 3623 1569 Ecclesia

2052 1601 2296 1655 Romana
2322 1617 2541 1671 semper
2572 1602 3092 1677 habuit‘primatum
3127 1622 3140 1658 :
3173 1604 3341 1659 habet
3377 1605 3542 1675 igitur
3571 1615 3627 1660 et

2051 1692 2341 1766 Aigyptus,
2372 1703 2430 1748 ut
2462 1695 2756 1767 episeopus
2792 1696 3197 1752 Alexandrinus
3244 1695 3622 1765 Ai‘gyptiorum

2053 1787 2299 1841 omnium
2336 1787 2918 1858 habeatpotestatem,
2956 1787 3402 1858 quandoquidem
3431 1798 3486 1842 et
3513 1789 3625 1841 Βο-

2051 1882 2213 1933 mano
2245 1879 2501 1949 episeopo
2560 1879 2665 1935 hoc
2714 1880 2767 1933 iu
2830 1896 2979 1934 more
3010 1880 3250 1950 positum
3303 1890 3408 1941 est,
3452 1887 3559 1933 etc.
3601 1898 3617 1929 ι

2050 1971 2211 2026 Juxta
2264 1970 2574 2028 Orientales
2625 1982 2807 2031 autem
2838 1972 2911 2025 ita
2959 1987 3018 2027 se
3053 1971 3252 2026 habet:
3292 1990 3311 2022 ‹
3374 1970 3626 2040 Antiqua:

2051 2061 2479 2116 consuetudines
2507 2072 2819 2127 serventur,
2859 2077 2980 2131 qua:
3006 2061 3061 2115 in
3100 2061 3356 2133 113gypto,
3385 2061 3548 2133 Libya
3572 2070 3624 2115 ct

2051 2151 2358 2221 Pentapoli,
2394 2156 2453 2204 ut
2498 2150 2899 2205 Alexandrinus
2954 2150 3248 2221 episcOpus
3280 2150 3473 2204 horum
3510 2165 3627 2203 om-

2051 2243 2202 2297 nium
2256 2243 2455 2297 habeat
2510 2250 2863 2308 potestatem,
2915 2240 3363 2312 quandoquidem
3407 2240 3511 2295 hoc
3571 2251 3626 2295 et

2050 2335 2300 2390 Romano
2334 2335 2591 2404 episcopo
2645 2333 2697 2386 iu
2734 2348 2885 2387 more
2916 2328 3155 2402 positum
3191 2330 3296 2387 εει.
3338 2350 3356 2383 ι
3384 2331 3461 2385 lla
3498 2346 3626 2385 vero

2051 2440 2261 2481 canone
2289 2420 2614 2480 detruncato
2641 2424 2774 2480 illud
2829 2424 3093 2479 admirari
3146 2424 3301 2488 licet,
3358 2418 3627 2492 primatus

2052 2518 2283 2573 Romani
2336 2519 2535 2573 factam
2590 2532 2714 2573 esse
2748 2516 3171 2583 mutilationem,
3202 2526 3257 2570 et
3282 2512 3628 2571 additamen-

2051 2616 2165 2663 tum
2201 2609 2269 2664 de
2291 2608 2921 2679 Constantinopolitano.
2954 2608 3023 2662 Et
3063 2607 3380 2678 hujusmodi
3416 2606 3625 2659 fraudi-

2052 2703 2156 2757 bus
2187 2704 2517 2774 oppugnatis
2548 2714 2739 2772 papam
2770 2742 2783 2766 ,
2822 2710 2878 2757 et
2908 2701 3163 2757 eximiam
3191 2710 3429 2755 vestram
3459 2699 3628 2753 stabi-

2050 2793 2164 2848 litis
2191 2792 2598 2850 orthodoxiam.

2680 2940 2713 2958 ο

2122 3072 2268 3127 Dicis
2317 3087 2478 3126 voces
2518 3072 2659 3133 illas,
2722 3089 2739 3121 ‹
2768 3063 3221 3138 Quandoquidem
3264 3070 3367 3123 hoc
3411 3078 3466 3122 et
3521 3071 3630 3123 Ro.

376 3157 571 3229 καὶ,τῷ
600 3160 657 3209 ἐν
695 3158 885 3233 Ῥώμῃ
924 3160 1215 3232 ἐπισκόπῳ
1249 3161 1410 3215 τοῦτο
1460 3161 1691 3234 σύνηθές
1739 3164 1877 3249 ἐστι’,
1921 3182 1939 3214 ι

2059 3182 2217 3221 mano
2263 3165 2522 3235 episcopo
2580 3163 2633 3216 in
2666 3176 2817 3217 more
2869 3160 3106 3231 positum
3152 3168 3257 3224 est,
3300 3178 3318 3211 ι
3372 3160 3477 3214 hoc
3521 3161 3624 3214 sibi

375 3268 408 3302 τ
445 3251 536 3304 ὗτο
581 3252 867 3323 σημαίνειν
895 3270 908 3284 ·
953 3254 1181 3324 Ἐπειδὴ
1216 3256 1294 3325 τῷ
1340 3256 1545 3327 πᾶππᾳ
1587 3256 1800 3310 δέδοται
1836 3255 1948 3309 τῶν

377 3344 650 3413 ἑσπερίων
680 3347 925 3413 κρατεῖν·
964 3345 1102 3416 ὅπερ
1131 3347 1231 3415 οὐχ
1259 3345 1586 3417 ἑρμηνεύειν
1614 3347 1790 3410 ἐστὶν,
1813 3348 1950 3401 ἀλλὰ

379 3435 666 3503 βιάζεσθαι
700 3439 797 3500 τὰς
834 3437 1032 3504 λέξεις·
1086 3437 1162 3492 ὲῶ
1211 3441 1319 3511 γὰρ
1359 3437 1581 3508 λέγειν,
1618 3440 1699 3494 ὅτι
1742 3442 1804 3493 ἐκ
1841 3441 1951 3495 τῶν

376 3530 471 3581 τοῦ
498 3529 720 3594 κανόνος
772 3532 1036 3601 ῥημάτων
1089 3533 1214 3603 οὐχ).
1266 3531 1360 3586 νῦν
1413 3533 1685 3603 πρῶτονό
1717 3533 1952 3595 πάππας

379 3621 541 3675 ἔιαὸε
586 3624 646 3675 τὸ
685 3627 910 3693 κρατεῖν
954 3624 1066 3679 τῶν
1121 3626 1416 3698 ἐσπερίων,
1469 3625 1585 3679 ἀλλ’
1632 3626 1707 3689 ὡς
1744 3644 1953 3696 κεκτη-

384 3715 549 3782 μένος
601 3714 910 3784 εἰσάγεται·
956 3718 1017 3770 οὐ
1083 3717 1192 3788 γὰρ
1242 3718 1439 3786 λέγει,
1478 3718 1678 3783 Καθὼς
1724 3721 1784 3773 ἐν
1835 3722 1953 3783 τοῖς

382 3806 660 3876 ἑσπερίοις
715 3809 834 3863 ἐστὶ
877 3808 1128 3877 σύνηθες,
1171 3809 1285 3862 ἀλλ’
1347 3810 1571 3879 Ἐπειδὴ
1638 3810 1795 3864 τοῦτὸ
1838 3812 1956 3865 ἐστι

385 3897 642 3967 σύνηθες.
676 3900 939 3970 Δεικτικὴ
970 3896 1105 3954 οὖσα
1136 3902 1457 3971 ἀντωνυμία
1489 3904 1520 3970 ὴ
1566 3902 1730 3967 λέξις,
1758 3904 1955 3968 τοῦτο,

384 3990 435 4039 εἰ
497 3986 596 4056 μὲν
654 3989 891 4059 πρᾶγμα
932 3990 1199 4052 δείκνυσι,
1238 3991 1337 4060 τήν
1392 3991 1602 4044 ἐκείνου
1656 3991 1959 4060 παρουσίαν

383 4079 646 4149 ἐμφαίνει
676 4122 691 4146 ,
728 4081 803 4145 ὡς
837 4082 1003 4152 ἡνίκα
1057 4082 1296 4150 λέγεται,
1337 4080 1512 4137 Τοῦτό
1576 4083 1677 4154 μού
1722 4086 1842 4137 ἐστι
1898 4085 1959 4137 τὸ

385 4175 571 4241 ·...ἷ›μα·
597 4172 691 4226 τοῦ
719 4173 1048 4243 πράγματος
1076 4174 1134 4228 δὲ
1172 4174 1247 4245 μὴ
1284 4176 1574 4245 παρόντος,
1616 4174 1829 4244 ἀνάγκη
1861 4174 1960 4245 τὴν

384 4263 622 4333 δύναμιν
661 4265 761 4334 τῆς
795 4264 1019 4331 δείξεως
1055 4265 1323 4334 φέρεσθαι
1373 4265 1405 4334 ἢ
1448 4265 1588 4335 πρὸς
1634 4265 1696 4318 τὸ
1732 4265 1961 4334 ἔγγιστα

390 4358 825 4425 προηγούμενον,
854 4358 886 4427 ἢ
915 4358 974 4410 τὸ
1000 4358 1285 4428 προσεχὼς
1323 4358 1729 4429 μεθεπόμενον·
1760 4356 1869 4412 οἷον
1890 4362 1963 4412 .ὲν

385 4446 466 4516 τῷ
501 4446 706 4517 πρώτῳ
734 4446 923 4500 κανόνι
948 4446 1048 4516 τῆς
1080 4448 1253 4518 αὐτῆς
1283 4446 1507 4519 πρώτης
1544 4447 1767 4501 συνόδου
1797 4452 1962 4517 φασὶν

2053 3258 2194 3314 velle
2227 3276 2240 3312 :
2273 3255 2727 3326 Quandoquidem
2771 3254 3015 3308 Romano
3041 3254 3298 3321 episcopo
3320 3251 3509 3306 datum
3544 3262 3629 3306 est

2055 3348 2584 3405 utOccidentalibus
2635 3346 2837 3415 praesit.
2896 3345 3003 3400 Sed
3054 3344 3163 3419 hoc
3236 3345 3627 3414 (prazterquant
3688 3398 3694 3413 ,

2054 3441 2199 3513 quod
2236 3440 2397 3495 verba
2429 3438 2621 3509 synodi
2665 3454 2772 3492 non
2817 3435 3168 3505 signiﬁcant,
3206 3435 3323 3490 dari
3367 3452 3434 3492 eo
3499 3450 3631 3494 tem-

2057 3550 2188 3603 pore
2220 3550 2372 3604 papa:
2403 3541 2727 3600 potestatem
2762 3530 2816 3584 in
2862 3528 3273 3597 Occidentales,
3305 3532 3400 3586 sed
3443 3540 3503 3586 ut
3531 3547 3632 3586 an-

2059 3625 2264 3693 tiquam
2324 3624 2658 3693 suppoaunt)
2719 3637 2827 3675 non
2893 3621 3243 3691 interpretari
3276 3632 3382 3686 est,
3442 3637 3632 3677 verum

2058 3714 2260 3768 inferre
2307 3714 2415 3767 vim
2469 3712 2731 3775 vocibus;
2775 3725 2886 3763 non
2914 3711 3060 3764 enim
3101 3709 3249 3770 dicit,
3283 3709 3458 3764 Sicuti
3515 3728 3632 3764 mus

2061 3813 2146 3861 est
2170 3803 2224 3858 in
2250 3802 2716 3868 Occidentalibus,
2773 3801 2889 3867 sed,
2922 3800 3373 3870 Quandoquidem
3426 3805 3527 3857 hoc
3552 3815 3637 3857 est

2062 3899 2118 3954 in
2153 3912 2327 3954 more.
2360 3896 2467 3951 Hoc
2521 3910 2822 3967 pronomen
2856 3908 2980 3948 cum
3024 3893 3508 3948 demonstrativum
3543 3898 3632 3953 sit.

2061 3991 2110 4047 si
2143 4006 2255 4046 rem
2280 3990 2548 4053 ostendat,
2584 3997 2909 4059 praesentem
2962 3985 3269 4057 significat;
3308 3996 3368 4040 ut
3396 4001 3518 4040 cum
3550 3986 3637 4040 d2-

2064 4077 2241 4133 cimus
2272 4094 2285 4130 :
2324 4076 2438 4132 Hoc
2463 4086 2548 4133 est
2576 4091 2779 4145 corpus
2810 4090 3025 4129 meum:
3062 4074 3108 4130 si
3137 4088 3222 4127 res
3256 4090 3360 4128 non
3398 4091 3640 4143 praesens

2066 4170 2155 4235 sit,
2190 4183 2413 4225 necesse
2458 4175 2544 4243 est
2576 4177 2635 4221 ut
2666 4168 2747 4221 vis
2780 4166 3269 4221 demonstrationis
3321 4166 3528 4220 feratur
3555 4167 3636 4221 rei

2066 4261 2121 4315 in
2144 4260 2387 4331 proxime
2410 4257 2766 4323 antecedens,
2788 4257 2871 4313 vel
2905 4258 2957 4311 in
2990 4258 3233 4327 proxime
3265 4257 3637 4337 subsequens:

2068 4363 2128 4408 ut
2155 4368 2278 4406 cum
2299 4353 2351 4406 in
2374 4355 2548 4421 primo
2564 4367 2777 4406 canone
2797 4351 2986 4421 prima:
3011 4349 3203 4421 synodi
3229 4350 3385 4404 aiunt
3413 4351 3639 4404 Patres:

2073 4464 2092 4498 ι
2138 4445 2294 4501 Sicut
2332 4454 2512 4499 autem
2549 4444 2895 4498 manifestum
2924 4454 3009 4497 est
3051 4442 3258 4497 dictum
3294 4443 3397 4497 hoc
3424 4457 3545 4497 esse
3576 4444 3645 4499 de

385 4542 439 4593 οἱ
478 4526 738 4609 ῐιατέρες·
773 4559 792 4592 ι
833 4539 1046 4609 Ὥσπερ
1084 4541 1141 4594 δὲ
1196 4540 1354 4594 τοῦτο
1395 4540 1685 4612 πρόδηλον,
1718 4543 1801 4595 ὅτι
1833 4543 1956 4612 περὶ

2067 4542 2134 4594 iis
2169 4540 2269 4609 qui'
2299 4554 2411 4594 rem
2448 4539 2590 4593 hanc
2623 4538 2691 4592 de
2751 4537 3021 4593 industria
3062 4537 3290 4600 faciunt,
3312 4546 3367 4590 et
3415 4535 3646 4590 virilita-

386 4631 500 4682 τῶν
542 4632 979 4700 ἐπιτηδευόντων
1029 4633 1090 4685 τὸ
1153 4634 1430 4701 πρᾶγμα,
1483 4635 1579 4686 καὶ
1631 4632 1962 4703 τολμώντων

386 4722 616 4784 ἑαυτοὺς
653 4722 940 4792 ἐκτέμνειν
974 4720 1211 4792 εἴρηται·
1259 4740 1277 4773 ι
1308 4723 1557 4793 ὀρᾷςτὴν
1590 4722 1961 4793 ἀντωνυμίαν,

387 4809 612 4879 τοῦτο,
670 4809 955 4882 δεικτικὴν
1011 4806 1179 4865 οὖσαν
1231 4811 1327 4864 τοῦ
1369 4812 1655 4883 προσεχῶς
1711 4814 1964 4882 ἐπιφερο-

388 4904 576 4973 μένου.
612 4903 720 4956 Καὶ
757 4904 815 4956 ὲν
843 4903 923 4973 τῷ
954 4899 996 4954 ε’
1026 4903 1241 4970 κανόνι,
1298 4921 1316 4955 ι
1348 4903 1759 4976 ιἘξεταζέσθω,
1790 4905 1926 4973 φασὶ
1947 4942 1962 4964 ,

389 5001 469 5066 μὴ
495 4996 863 5068 μικροψυχίᾳ,
894 4996 927 5067 ἢ
960 4996 1290 5067 φιλονεικίᾳ,
1332 4996 1370 5066 ἦ
1408 5014 1517 5049 τινι
1545 4998 1770 5067 τοιαύτῃ
1802 4997 1967 5070 ἀηδίᾳ

387 5090 483 5142 τνιῦ
516 5090 825 5142 ὶπισκόπου
876 5088 1304 5157 ἀποσυνάγωγοι
1339 5088 1692 5159 γεγένηνται.
1723 5090 1841 5142 Ἵνα
1870 5087 1966 5143 οὖν
2003 5111 2012 5124 ·

384 5184 551 5234 στεῦτο
584 5182 685 5252 τὴν
733 5180 1058 5251 πρέπουσαν
1119 5180 1373 5244 ἐξέτασιν
1424 5180 1722 5252 λαμϐανῃ,
1785 5182 1967 5246 καλῶς

386 5282 536 5344 ἔχειν
566 5276 745 5344 ἔδοξεν
765 5292 781 5306 ·
812 5296 831 5329 ι
866 5277 960 5330 καὶ
989 5277 1057 5329 τὰ
1082 5277 1232 5346 ἑξῆς.
1266 5275 1534 5331 Ἐνταῦθα
1564 5278 1596 5348 ἡ
1626 5278 1963 5347 ἀντωνυμία,

390 5373 618 5433 τοῦτο.
671 5368 930 5440 σημαίνει
981 5370 1042 5423 τὸ
1097 5368 1327 5437 ἔγγιστα
1389 5373 1839 5440 προηγούμενον·
1874 5372 1968 5422 καὶ

387 5470 447 5517 ἐν
481 5464 556 5533 τῷ
588 5463 642 5533 η’
673 5464 862 5517 κανόνι
896 5464 1026 5534 περὶ
1061 5462 1173 5516 τῶν
1201 5462 1495 5531 Καθαρῶν,
1529 5482 1546 5513 ι
1589 5462 1700 5533 Πρὸ
1748 5461 1967 5515 πάντων

388 5561 446 5611 όὲ
480 5598 497 5621 ,
560 5558 735 5627 φασὶ,
779 5556 937 5610 τοῦτο
994 5555 1332 5626 ὁμολογῆσαι
1394 5555 1599 5617 αὐτοὺς
1666 5553 1965 5623 ἐγγράφως

398 5649 694 5718 προσήκει,
744 5649 826 5700 ὅτι
866 5647 1231 5717 συνθησονται
1268 5648 1362 5699 καὶ
1391 5646 1822 5714 ἀκολουθήσουσι
1859 5648 1971 5709 τοῖς

391 5744 631 5810 δυτμασι
685 5744 785 5814 τῆς
836 5740 1144 5811 καθολικῆς
1203 5738 1529 5809 Ἐκκλησίας
1557 5754 1570 5766 ·
1609 5757 1626 5787 ι
1666 5737 1903 5790 ἐνταῦθα
1935 5738 1970 5807 ἡ

392 5836 562 5900 ὶέξις,
594 5834 769 5889 τοῦῖο
802 5878 812 5897 ,
852 5835 1182 5902 ἀναφέρεται
1222 5832 1358 5898 πρδς
1411 5832 1469 5881 :t
1518 5829 1735 5893 ἐτειέςως
1772 5830 1972 5882 £751:-

2066 4644 2176 4687 tem
2229 4632 2331 4686 sibi
2372 4631 2725 4694 abscindunt,
2764 4651 2781 4681 ι
2824 4642 2973 4686 certe
3002 4644 3303 4701 pronomen
3359 4630 3495 4683 hanc
3552 4629 3644 4682 de-

2066 4732 2334 4778 monstrat
2393 4723 2539 4793 quod
2600 4724 2851 4792 proxime
2895 4724 3164 4792 sequitur.
3219 4722 3286 4777 Et
3346 4736 3558 4777 canone
3589 4722 3644 4785 5,

2072 4835 2088 4865 ι
2132 4815 2483 4884 Exquiratur,
2518 4815 2822 4885 inquiunt,’
2853 4829 2922 4869 ne
2974 4815 3371 4885 indignatione,
3400 4824 3496 4869 aut
3517 4827 3647 4868 con-

2075 4908 2347 4971 tentione,
2381 4916 2478 4961 aut
2527 4907 2720 4977 quavis
2773 4909 2878 4963 alia
2929 4908 3175 4978 episcopi
3209 4907 3516 4962 oﬂ'ensione
3551 4922 3647 4962 ex-

2067 4999 2453 5055 communicati
2485 4999 2613 5058 sint.
2636 4998 2704 5054 Ut
2735 4999 2901 5068 igitur
2920 4998 3025 5053 hoc
3051 4998 3215 5069 digna
3241 4995 3646 5050 examinatione

2069 5102 2366 5162 qnzeratur,
2398 5092 2573 5146 visqu
2604 5103 2688 5148 est
2719 5092 2773 5146 iu
2806 5108 2918 5147 rem
2949 5108 3108 5157 esse;
3149 5111 3167 5142 ι
3207 5096 3509 5160 pronomen
3552 5092 3647 5143 hac

2070 5181 2362 5252 significat,
2389 5183 2533 5251 quod
2560 5184 2803 5252 proxime
2829 5180 3125 5235 antecedit.
3161 5179 3229 5235 Et
3272 5195 3487 5234 canone
3520 5178 3553 5232 8
3581 5179 3648 5231 de

2071 5273 2343 5336 Catharis,
2382 5289 2401 5323 ι
2440 5272 2579 5325 Ante
2630 5272 2812 5325 omnia
2841 5315 2855 5337 ,
2899 5270 3189 5340 inquiunt,
3223 5269 3327 5325 hoc
3360 5286 3457 5324 eos
3490 5253 3646 5323 lateri

2071 5372 2284 5432 oportet
2334 5363 2560 5432 scripto.
2612 5379 2670 5418 se
2724 5363 3007 5432 suscipere
3058 5373 3115 5416 et
3167 5363 3323 5431 sequi
3366 5361 3650 5417 catholica:

2072 5456 2329 5512 Ecclesia:
2378 5455 2654 5526 dogmata,
2708 5474 2725 5505 ι
2783 5470 3085 5526 pronomen
3141 5457 3236 5508 hoc
3296 5455 3533 5509 refertur
3580 5453 3647 5506 ad

2075 5548 2388 5603 iuuucdlatc
2438 5551 2799 5616 subsequens.
2850 5546 3137 5613 Quomodo
3174 5547 3373 5617 igitur,
3427 5543 3650 5615 quando

2076 5654 2263 5698 sextus
2320 5658 2493 5698 canon
2528 5640 2653 5693 ait:
2707 5659 2724 5691 ι
2770 5639 2841 5697 Ut
2902 5640 3309 5695 Alexandrinus
3356 5638 3653 5707 episcoyus

2077 5738 2273 5791 horum
2317 5736 2561 5791 omnium
2587 5733 2790 5788 habeat
2810 5742 3134 5803 potestatem
3157 5749 3172 5787 :
3208 5728 3653 5799 quandoquidem

2077 5844 2129 5884 ct
2167 5831 2411 5885 llunutno
2458 5828 2718 5882 cuisroro
2752 5825 2851 5880 hoc
2892 5826 2945 5878 in
2998 5838 3145 5877 more
3196 5819 3438 5874 positum
3475 5827 3590 5880 est,
3631 5837 3649 5889 ι
