4088 6294
503 362 613 423 799

1667 367 2035 428 MATTILEI
2078 371 2163 429 CA
2179 312 2608 434 RYOl‘llYLLl

3657 377 3757 440 800

500 475 849 545 patriarchis,
904 485 964 528 ut
1018 476 1135 531 suis
1189 478 1422 547 quisque
1488 490 1780 534 contentus
1872 481 1963 546 sit,
2023 491 2076 534 et

2182 484 2384 553 λέγεις,
2410 479 2454 539 ὣ
2482 487 2665 550 Νεῖλε,
2694 486 2761 540 τὰ
2792 485 2918 557 ἔθνη
2968 488 3462 559 ἀποκεκληρῶσθαι
3515 492 3628 554 τοῖς
3659 508 3756 546 πα-

498 572 648 623 milia
705 572 778 623 sit
829 570 1256 627 subordinatio?
1315 572 1429 643 Hoc
1461 575 1603 628 idem
1635 574 1841 642 pariter
1864 576 2075 645 liquido
2108 648 2121 653 _

500 673 718 717 constat
787 679 853 717 ex
917 664 1069 718 Actis
1112 666 1359 733 septima:
1405 669 1618 734 synodi.
1646 666 1938 723 Scribebat
1968 669 2077 739 Leo

502 757 742 821 lsaurus,
796 757 929 826 imp.
983 758 1402 823 lconomachus,
1434 759 1699 828 Gregorio
1720 776 1875 830 papa:
1905 760 1971 827 ll,
2009 763 2078 818 de

501 848 857 903 convocanda
887 848 1096 918 synodo
1134 851 1506 916 eecumenica,
1535 862 1592 904 nt
1624 852 1868 908 diximus
1898 863 1954 909 et
1993 856 2078 908 vi.

498 939 630 993 dere
699 949 786 993 est
843 940 895 993 in
955 940 1155 995 litteris
1210 941 1363 996 illius
1388 958 1541 1012 papae
1573 947 1641 997 ad
1667 944 1907 1000 Leonem
1941 954 2073 1001 ante

500 1029 728 1095 primam
759 1031 1057 1084 actionem.
1090 1032 1155 1085 Et
1179 1047 1314 1102 papa
1352 1035 1635 1103 respondit
1665 1051 1681 1087 :
1719 1053 1738 1087 ι
1769 1035 2073 1106 Scripsisti.

499 1128 560 1173 ut
587 1119 883 1174 concilium
907 1123 1224 1178 universale
1282 1134 1514 1196 cogatur
1556 1139 1652 1196 :_et
1676 1129 1835 1182 nobis
1861 1129 2076 1183 inutilis

493 1224 562 1264 ea
600 1226 687 1265 res
714 1212 826 1267 visa
851 1209 952 1267 est.
980 1214 1088 1269 Fac
1115 1212 1216 1269 nos
1269 1226 1319 1271 te
1340 1218 1582 1281 audisse,
1637 1230 1692 1274 et
1719 1229 2079 1291 congregatos

497 1316 619 1354 csse
651 1303 941 1372 episcopos
967 1322 1035 1360 ex
1076 1309 1334 1362 universo
1368 1309 1526 1373 orbe,
1558 1329 1576 1362 ι
1613 1320 1722 1365 etc.

2183 579 2495 646 τριάρχαις,
2521 579 2595 641 ὡς
2625 579 2858 632 ἕκαστον
2905 572 3198 648 ἀρκεῖσθαι
3253 582 3366 643 τοῖς
3419 582 3638 646 ἑαυτοῦ,
3664 584 3753 636 καὶ

2187 669 2456 738 μηδεμίαν
2522 667 2662 724 εἶναι
2707 672 3087 742 ὑπαλληλίανς
3133 675 3545 745 Παραπλησίως
3614 677 3749 730 τοῦτ’

2182 761 2315 813 αὐτὸ
2346 764 2657 830 καταφανὲς
2686 765 2750 818 ἐκ
2780 764 2894 818 τῶν
2940 766 3270 836 Πρακτικῶν
3300 766 3397 835 τῆς
3435 767 3479 831 ζ’
3518 768 3750 822 συνόδου.

2186 854 2435 923 Ἐγραφε
2466 855 2615 909 Λέων
2638 858 2666 909 6
2692 857 2948 926 ’ῐσαυρος
2974 858 3341 928 Είκονομάχος
3362 856 3437 910 ὣν
3462 856 3598 928 πρὸς
3619 858 3752 929 Γρη-

2182 944 2368 1012 γόριον
2397 945 2491 997 τὸν
2544 947 2733 998 πάπαν
2794 947 2922 1016 περὶ
2981 947 3200 1001 συνόδου
3249 949 3754 1017 οίκουμενικῆς,ὠς

2184 1036 2423 1106 εἴρηται,
2458 1038 2549 1090 καὶ
2586 1037 2735 1091 ἔστιν
2768 1038 2897 1092 ίδεῑν
2925 1039 2981 1091 ὲν
3001 1041 3121 1102 ταῖς
3152 1041 3289 1110 πρὸς
3311 1041 3519 1093 Λέοντα
3544 1042 3757 1093 samo-

2183 1125 2302 1188 λαϊς
2329 1127 2541 1181 ἐκείνου
2577 1126 2673 1181 τοῦ
2726 1129 2907 1193 πάπα,
2940 1131 3047 1201 πρὸ
3082 1129 3192 1183 τῶν
3233 1130 3565 1201 Πρακτικῶν
3591 1131 3689 1199 τῆς
3716 1131 3757 1195 ζ’

2186 1216 2430 1269 συνόδου.
2516 1214 2976 1288 Ἀποκρινόμενος
3050 1219 3160 1289 γάρ
3233 1236 3402 1289 φησιν
3460 1221 3505 1272 6'
3550 1221 3734 1284 πάπας

2193 1325 2210 1358 ι
2263 1306 2571 1378 Ἔγραψας,
2608 1308 2697 1362 ἵνα
2728 1310 3081 1381 οίκουμενικὴ
3116 1311 3335 1374 σύνοδος
3373 1312 3599 1381 γένηται
3621 1330 3638 1346 ·
3670 1322 3759 1372 καὶ

498 1400 631 1466 ἡμῖν
681 1402 1028 1472 ἀπρόσφορον
1079 1404 1250 1473 ἐφάνη
1303 1406 1436 1476 περὶ
1485 1388 1968 1472 τούτουοσύνθου,
2030 1406 2113 1460 ὅτι
2151 1402 2542 1473 ὲπηκούσαμέν
2595 1420 2714 1467 σου,
2779 1405 2874 1459 καὶ
2902 1404 3376 1479 συνηθροίσθησαν
3421 1407 3531 1460 ἀπὸ
3579 1408 3757 1479 πάσης

498 1494 598 1562 τῆς
625 1498 952 1573 οἰκουμένης
981 1500 1031 1553 ei
1054 1500 1357 1571 ἀρχιερεῖς,
1410 1519 1429 1553 ι
1466 1503 1559 1555 καὶ
1589 1502 1658 1555 τὰ
1689 1504 1839 1569 ἑξῆς.

571 1588 627 1642 Si
689 1606 795 1645 non
856 1604 1109 1661 agnossct
1145 1594 1199 1648 in
1233 1610 1369 1664 papa
1399 1597 1794 1653 lconomachus
1854 1614 2087 1670 genera-

500 1681 607 1733 lem
638 1683 1051 1742 auctoritatem.
1085 1686 1370 1754 quomodo
1420 1688 1671 1755 petiisset
1703 1707 1733 1743 ιι
1772 1706 1907 1759 papa
1937 1706 2076 1746 con-

2260 1589 2324 1642 Εί
2355 1586 2429 1657 μὴ
2450 1584 2823 1655 ὲπεγίνωσκεν
2882 1587 2911 1641 6
2947 1586 3321 1661 Είκονομάχος
3373 1560 3756 1657 οἰκουμενικὴν

2183 1682 2241 1734 ἐν
2272 1679 2350 1747 τῷ
2382 1678 2540 1749 πάπᾳ
2569 1677 2841 1745 ἐξουσίαν,
2876 1678 2993 1743 πῶς
3047 1680 3232 1750 ᾐτεῖτο
3259 1678 3350 1732 τὸν
3379 1682 3565 1733 πάπαν
3587 1679 3721 1731 οίκοι
3740 1708 3757 1720 -

499 1773 847 1827 v‘ocationem
904 1777 1102 1844 synodi
1167 1779 1489 1847 generalis?
1543 1781 1647 1846 Qui
1698 1784 1871 1851 possit
1924 1784 2070 1838 enim

2182 1771 2410 1841 μενικὴν
2439 1770 2696 1839 γενέσθαι
2751 1768 3015 1837 σύνοδον;
3061 1771 3181 1834 Πῶς
3233 1772 3342 1841 γάρ
3401 1771 3469 1825 ἂν
3524 1770 3614 1824 διὰ
3662 1772 3753 1825 τοῦ

504 1861 618 1916 tic'ri
674 1881 773 1933 per
832 1883 1025 1935 papam
1078 1871 1420 1929 metimenica
1460 1874 1724 1942 synodus,
1756 1874 1798 1928 si
1830 1890 2071 1930 meume-

501 1954 624 2008 nica
658 1959 958 2011 auctoritas
993 1975 1098 2011 non
1130 1963 1202 2012 sit
1232 1960 1284 2013 in
1316 1963 1493 2031 papa?

576 2047 643 2101 Et
694 2050 1007 2117 patriarcha
1092 2051 1735 2125 Constantinopolitanus
1816 2059 2077 2116 Tarasius

502 2141 781 2206 quomodo
809 2142 1086 2196 scribebat
1128 2143 1370 2199 Adriano
1413 2149 1604 2217 papae?
1633 2167 1651 2200 ι
1697 2150 1760 2204 Ει
1789 2168 1917 2206 cum
1947 2162 2074 2208 ante

496 2232 683 2286 omnia
713 2233 865 2289 lectze
886 2245 1074 2291 essent
1106 2238 1300 2292 littera:
1332 2239 1536 2295 Vestra:
1561 2240 1904 2321 Sanctitatis,
1928 2261 2077 2301 com-

503 2324 655 2376 muni
713 2339 906 2380 omues
955 2328 1381 2384 cousidebamus
1430 2348 1667 2398 corona,
1723 2336 2073 2405 spiritalibus

501 2413 684 2479 epulis
746 2422 1001 2484 tanquam
1057 2418 1111 2471 in
1146 2421 1291 2489 regia
1325 2436 1480 2476 ccena
1519 2423 1782 2489 fruentes,
1821 2442 1958 2495 quas
1978 2443 2077 2496 per

502 2504 720 2560 litteras
774 2515 896 2561 tuas
949 2509 1203 2565 Christus
1279 2515 1620 2583 praeparabat
1684 2520 1969 2585 convivis;
2023 2531 2077 2574 et.

505 2596 648 2651 sicut
671 2599 868 2654 oculus
902 2603 999 2657 toti
1035 2606 1258 2673 corpori
1308 2618 1515 2664 rectam
1540 2611 1799 2666 ‘veritatis
1823 2615 2076 2671 semitam

501 2690 851 2745 ostendebas.
886 2712 904 2745 ι
943 2693 1078 2749 Nam
1112 2711 1232 2752 esse
1285 2699 1532 2762 oculum,
1591 2704 1970 2771 qni-veritatis
1992 2722 2079 2763 se-

500 2782 693 2835 mitam
728 2786 823 2840 toti
859 2789 1079 2855 corpori
1107 2791 1383 2857 ostendat,
1415 2794 1547 2863 quid
1583 2804 1667 2850 est
1702 2798 1873 2861 aliud,
1911 2790 2074 2868 quam

508 2890 703 2944 papam
761 2894 882 2935 esse
925 2884 1209 2939 custodem
1265 2887 1427 2951 ﬁdei,
1486 2897 1542 2943 et
1608 2903 2075 2961 propugnatorem

506 2984 696 3023 errore
765 2971 1244 3040 invulnerabilem,
1299 2990 1355 3032 et
1411 2981 1626 3034 Petrum
1670 2983 1726 3036 in
1761 2984 1853 3037 illo
1881 2985 2077 3054 loqui?

508 3060 563 3113 Si
599 3076 729 3131 ergo
761 3074 843 3118 est
869 3065 997 3120 ﬁdei
1035 3068 1205 3123 totius
1251 3071 1501 3139 corporis
1551 3073 1683 3138 dux,
1708 3072 1838 3145 ergo
1874 3084 1928 3129 et
1952 3076 2076 3130 ttdei

2179 1866 2339 1918 πάπα
2372 1867 2583 1933 γένοιτο
2637 1862 2999 1936 οίκουμενικὴ
3054 1862 3294 1932 σύνοδος,
3348 1867 3397 1919 εί
3456 1866 3532 1935 μὴ
3564 1864 3677 1935 ἔχοι
3730 1866 3754 1919 6

2178 1959 2370 2025 atina;
2395 1957 2787 2026 οἰκουμενικὴν
2806 1956 3057 2021 ἐξουσίαν
3081 1976 3097 2024 ;

2249 2048 2375 2113 Πῶς
2435 2049 2493 2103 δὲ
2536 2049 2633 2107 καὶ
2685 2041 2962 2120 Ταράσιος
3020 2051 3049 2103 6
3105 2050 3739 2112 Κωνσταντινουπόλεως

2177 2135 2417 2208 ἔγραφεν
2461 2137 2730 2209 Ἀδριανῷ
2782 2138 2860 2209 τῷ
2887 2140 3069 2212 πάππαν
3132 2159 3149 2192 ‹
3182 2140 3293 2193 Καὶ
3348 2139 3755 2210 προκριθέντων

2179 2230 2562 2298 ἀναγνωθῆναι
2593 2230 2713 2283 τῶν
2748 2230 2849 2293 τῆς
2877 2230 3150 2302 ὑμετέρας
3178 2233 3466 2303 ἁγιότητος
3496 2231 3757 2303 γραμμά-

2176 2336 2304 2386 των,
2334 2312 2477 2390 ἦμεν
2510 2322 2569 2374 ἐν
2601 2323 2756 2392 κοινῇ
2789 2322 2982 2391 χορείᾳ
3012 2322 3252 2387 ἅπαντες
3305 2322 3422 2385 τοῖς
3447 2340 3755 2392 πνευματι-

2179 2417 2294 2478 κοῖς
2322 2410 2616 2483 ἐδέσμασιν
2647 2414 2721 2476 ὡς
2749 2415 2805 2466 ἐν
2839 2412 3143 2483 βασιλικοῖς
3164 2414 3408 2478 δείπνοις
3439 2414 3757 2484 ἐντρυφῶν-

2180 2526 2290 2574 τες,
2325 2506 2518 2577 ἆπερό
2548 2505 2784 2575 Χριστὸς
2815 2506 2901 2561 διὰ
2937 2507 3047 2559 τῶν
3085 2507 3194 2560 σῶν
3233 2510 3592 2577 ,γραμμάτων
3623 2509 3758 2561 εὐω-

2181 2600 2474 2670 χουμένοις
2537 2598 2875 2667 ηὐτρέπιζεν
2901 2642 2914 2665 ,
2953 2598 3045 2651 καὶ
3092 2599 3166 2662 ὠς
3199 2598 3479 2669 ὀφθαλμὸς
3535 2599 3598 2652 τὸ
3639 2600 3758 2653 ὅλον

2182 2694 2341 2763 σῶμα
2368 2691 2500 2762 πρὸς
2531 2691 2630 2760 τὴν
2665 2690 2883 2744 εὐθεῖαν
2919 2691 3022 2760 τῆς
3072 2692 3334 2761 ἀληθείας
3374 2692 3561 2760 τρίϐον
3621 2692 3751 2744 ἐδεί-

2181 2802 2365 2848 κνυες.
2413 2804 2431 2836 ι
2478 2785 2546 2837 Τί
2601 2786 2710 2852 γὰρ
2738 2783 2867 2837 ἄλλο
2927 2784 3074 2838 ἐστὶν
3123 2770 3409 2855 ὀφθαλμὸν
3470 2779 3610 2837 εἶναι
3664 2781 3756 2837 τοῦ

2181 2878 2305 2930 ὅλου
2339 2878 2612 2945 σώματος,
2649 2876 3077 2930 ὑποδεικνύοντα
3130 2878 3228 2947 τὴν
3258 2877 3449 2947 τρίϐον
3483 2878 3586 2945 τῆς
3626 2876 3756 2947 ἀλη-

2181 2969 2352 3034 θείας,
2387 2970 2419 3042 ἢ
2455 2969 2547 3022 τὸν
2607 2969 2798 3022 πάπαν
2853 2965 2996 3025 εἶναι
3054 2969 3275 3043 φύλακα
3326 2973 3427 3038 τῆς
3499 2969 3755 3031 πίστεως,

2180 3063 2275 3115 καὶ
2301 3062 2588 3132 πρόμαχον
2613 3062 2689 3113 ἑκί
2706 3061 2916 3129 πλάνης
2973 3060 3239 3131 ἄτρωτον,
3297 3062 3393 3115 καὶ
3432 3062 3640 3129 Πέτρον
3694 3061 3752 3112 ἐν

506 3157 968 3222 patriarcharum,
1007 3169 1061 3213 et
1093 3177 1150 3214 se
1174 3161 1381 3217 habent
1438 3167 1763 3233 patriarcha:
1785 3168 1851 3221 ad
1880 3183 2075 3238 papam

2188 3151 2385 3219 ἐκείνῳ
2423 3151 2802 3220 φθέγγεσθαι;
2861 3151 2921 3203 Ei
2953 3150 3011 3205 δὲ
3033 3151 3226 3220 όδηγός
3257 3152 3374 3203 ἐστι
3394 3150 3496 3220 τῆς
3524 3151 3752 3208 πίστεως

508 3253 568 3297 ut
600 3238 738 3300 duce
763 3249 1073 3319 indigentes
1106 3253 1172 3306 ad
1197 3253 1415 3318 ducem,
1470 3267 1527 3311 et
1556 3259 1844 3327 gubernati
1882 3262 1946 3316 ad
1978 3277 2076 3332 gu-

507 3340 882 3396 bernatorem.
955 3345 1021 3397 Et
1076 3345 1254 3414 liquet
1288 3361 1352 3399 ex
1389 3348 1474 3401 his
1504 3351 1784 3413 omnibus,
1823 3354 1909 3407 vel
1950 3368 2077 3408 san-

508 3447 627 3489 ctas
669 3436 909 3504 synodos
953 3437 1123 3492 fuisse
1169 3439 1450 3510 deceptas,
1489 3458 1613 3510 quae
1645 3443 1804 3499 factis
1832 3453 1885 3498 et
1913 3445 2078 3501 dictis

509 3528 887 3594 approbarunt
946 3539 1002 3582 et
1054 3540 1399 3599 agnoverunt
1477 3534 1530 3587 in
1582 3550 1719 3604 papa
1767 3539 2077 3605 generalem

509 3616 658 3670 Petri
718 3618 1125 3682 auctoritatem,
1193 3622 1277 3676 vel
1332 3634 1384 3678 te
1441 3640 1648 3691 errare,
1703 3629 1796 3697 qui
1852 3629 1991 3683 male
2025 3639 2081 3685 et

510 3724 771 3777 perverse
794 3711 1178 3781 interpreteris
1200 3725 1418 3770 sextum
1481 3718 1673 3787 primae
1702 3720 1895 3789 synodi
1917 3737 2081 3777 eano-

511 3819 656 3857 ncm.
706 3805 870 3875 Atqui
913 3806 1258 3878 impossibile
1313 3816 1400 3864 est
1433 3812 1848 3882 primum,ergo
1883 3826 2081 3870 secun-

509 3894 637 3948 dum
666 3898 985 3954 necessario
1013 3914 1200 3954 verum
1222 3909 1328 3955 est.

578 4168 715 4223 Cum
771 4182 906 4223 vero
959 4167 1151 4235 infers,
1186 4167 1341 4234 Quod
1368 4167 1411 4225 si
1440 4178 1599 4225 terra:
1631 4170 1848 4227 climata
1879 4172 2082 4243 singu-

504 4260 579 4317 lis
604 4261 993 4330 principalium
1058 4261 1448 4331 episcoporum
1476 4272 1684 4330 _cssent
1713 4263 2003 4329 attributa,
2027 4275 2082 4320 et

507 4334 771 4408 humanae
803 4353 922 4408 sedi
963 4353 1102 4408 nihil
1128 4362 1274 4409 esset
1330 4354 1687 4422 peculiariter
1719 4356 2076 4425 assignatum,

505 4430 602 4517 ῥέα
662 4447 762 4500 soli
825 4447 928 4514 ipsi
987 4447 1362 4516 principatum
1392 4447 1447 4501 in
1477 4448 1616 4502 alios
1643 4448 1831 4503 datum
1870 4449 2082 4505 diceret

2176 3243 2270 3296 τοῦ
2301 3244 2423 3296 ὅλου
2451 3241 2727 3313 σώματος,
2761 3243 3000 3314 ἄρα’καὶ
3024 3243 3125 3311 τῆς
3159 3243 3400 3305 πίστεως
3418 3241 3529 3297 τῶν
3565 3257 3758 3312 πατρι-

2178 3335 2383 3405 αρχῶν.
2418 3339 2528 3389 Καὶ
2558 3335 2779 3405 ἔχουσιν
2801 3336 2851 3388 el
2881 3336 3223 3405 πατριάρχαι
3260 3336 3394 3405 πρὸς
3426 3334 3588 3387 αὐτον
3619 3333 3751 3387 ἀνα·

2177 3427 2365 3494 λογίαν
2393 3427 2773 3498 ὁδηγουμένων
2802 3428 2936 3498 πρὸς
2972 3428 3294 3499 ὁδηγοῦντα,
3348 3429 3445 3482 καὶ
3477 3427 3753 3497 κυϐερνως

2183 3520 2357 3587 μένων
2382 3521 2519 3590 πρὸς
2541 3520 2921 3592 κυϐερνῶντα.
2965 3522 3074 3579 Καὶ
3114 3521 3388 3592 πρόδηλον
3434 3523 3498 3573 ὲκ
3554 3519 3753 3572 τούτων

2181 3610 2436 3665 ἁπάντων
2490 3612 2522 3680 ἢ
2562 3612 2661 3676 τὰς
2714 3612 2877 3680 ἁγίας
2927 3613 3179 3678 συνόδους
3238 3613 3634 3681 φενακισθῆναι
3662 3613 3754 3664 καὶ

2180 3703 2363 3773 ἔργοις
2396 3706 2492 3758 καὶ
2516 3706 2699 3773 λόγοις
2738 3705 3154 3777 ἀποδεξαμένας
3186 3707 3281 3760 καὶ
3328 3705 3747 3776 ὁμολογησάσας

2183 3797 2240 3847 ὲν
2271 3795 2346 3865 τῷ
2389 3798 2548 3866 πάπᾳ
2609 3798 2718 3867 τὴν
2760 3798 3151 3868 οἰκουμενικὴν
3204 3800 3298 3851 τοῦ
3344 3799 3557 3867 Πέτρου
3609 3797 3753 3862 ἔξου-

2183 3889 2325 3956 σίαν,
2367 3889 2493 3958 ἣσὲ
2528 3890 2934 3962 φενακισθῆναι
2984 3890 3174 3953 κακῶς
3234 3891 3329 3943 καὶ
3379 3889 3751 3961 διεστραμμέ-

2181 3999 2285 4043 νως
2319 3980 2615 4035 ὲκλαϐόντα
2642 3985 2733 4047 τὸν
2761 3989 2814 4047 ς’
2844 3982 3042 4036 κανόνα
3074 3983 3173 4050 τῆς
3201 3980 3249 4036 α’
3279 3981 3525 4037 συνόδου.
3595 3976 3753 4035 Ἀδύ-

2182 4091 2338 4127 νατον
2368 4074 2425 4126 δὲ
2458 4075 2519 4128 τὸ
2543 4075 2779 4141 πρῶτον·
2808 4076 3107 4142 ἀναγκαῖον
3138 4078 3245 4143 ἄρα
3280 4076 3340 4127 τὸ
3372 4074 3649 4142 δεύτερον.

2253 4166 2382 4218 Ὅτε
2417 4167 2547 4233 γοῦν
2576 4152 2886 4238 ἐπιφέρεις,
2934 4167 3017 4219 ὅτι
3078 4167 3160 4220 Τά
3217 4165 3460 4236 κλίματα
3516 4167 3613 4236 τῆς
3655 4165 3755 4233 γῆς

2181 4261 2338 4330 εἴπερ
2370 4254 2510 4330 ἦσαν
2534 4261 2748 4329 ἑκάστῳ
2782 4258 2889 4314 τῶν
2924 4246 3235 4314 καθολικῶν
3291 4259 3613 4315 ἐπισκόπων
3639 4259 3754 4312 δια-

2180 4352 2549 4422 νενεμημένα,
2607 4353 2704 4406 καὶ
2764 4352 3300 4423 οὐδὲννὼρισμένως
3356 4352 3464 4405 ὑπὸ
3516 4352 3607 4405 τὸν
3654 4350 3753 4419 τῆς

2192 4441 2413 4512 Ῥώμης
2440 4443 2681 4513 κατέστη
2719 4443 2934 4513 θρόνον,
2971 4443 3107 4496 ἀλλὰ
3141 4443 3302 4513 μόνον
3340 4443 3504 4496 αὐτὸν
3538 4436 3634 4512 τὴν
3660 4442 3755 4509 ἀρ-

506 4554 708 4610 panno,
767 4537 890 4605 jure
946 4536 1205 4593 atlirmari
1249 4546 1454 4607 posset,
1490 4548 1663 4595 totum
1698 4553 1966 4595 terrarum
1993 4559 2079 4597 or-

2185 4535 2283 4604 χὴν
2317 4534 2595 4604 εἰληφέναι
2631 4535 2740 4587 τῶν
2771 4534 2948 4588 ἄλλων
2987 4534 3179 4602 ἔλεγεν
3204 4536 3231 4587 ὁ
3262 4532 3463 4597 κανὼν,
3515 4532 3658 4596 sint;
3685 4527 3754 4602 ἦν

510 4632 633 4697 bam
686 4632 763 4684 illi
825 4630 1085 4695 subesse,
1138 4640 1194 4686 et
1218 4631 1550 4701 principales
1589 4634 1885 4703 episcOpos
1911 4634 2084 4687 admi-

512 4722 748 4793 nistrare
788 4739 907 4792 qua:
967 4723 1119 4777 illius
1162 4734 1315 4786 sunt,
1361 4726 1822 4793 quemadmodum
1873 4724 2079 4779 subditi

506 4792 1122 4886 tionstzmtinopolitauo
1148 4818 1544 4873 administrant
1600 4834 1721 4886 qum
1748 4819 1899 4873 illius
1929 4826 2078 4872 sunt.

512 4910 582 4958 At
611 4905 654 4959 si
694 4906 939 4959 Romano
979 4906 1198 4974 quidem
1246 4907 1382 4961 illud
1425 4907 1756 4962 attributum
1806 4916 1911 4971 est,
1945 4908 2080 4963 illud

510 5011 640 5068 ycro
669 4995 1056 5059 Alexandrino,
1084 4996 1187 5051 hoc
1221 5007 1405 5051 autem
1452 4996 2079 5065 Constantinopolitano,

508 5103 618 5159 non
675 5088 844 5159 magis
895 5089 997 5143 sub
1048 5088 1157 5144 illis
1213 5090 1514 5150 Romanus,
1539 5104 1701 5156 quam
1728 5088 1805 5140 illi
1832 5088 1933 5141 sub
1963 5090 2076 5144 Ilo-

511 5158 673 5245 iuauo
734 5158 883 5246 sunt,
941 5182 1085 5250 quod
1112 5181 1177 5234 ad
1207 5182 1313 5234 hoc
1341 5178 1720 5237 attinetLllaec
1751 5181 1965 5233 veritati
1993 5184 2082 5236 ni-

514 5272 584 5324 iiii
656 5271 897 5326 obstant.
955 5273 1109 5337 Quod
1164 5271 1311 5325 enim
1347 5278 1551 5336 partem
1589 5269 1691 5322 sibi
1726 5286 1862 5340 papa
1899 5287 2078 5326 reser-

511 5366 742 5432 vaverit,
803 5381 912 5419 non
972 5365 1183 5420 tollitur
1214 5378 1315 5434 per
1343 5363 1449 5418 hoc
1473 5362 1756 5418 indelinita
1787 5394 1795 5400 -
1824 5365 2084 5419 subordi-

508 5456 748 5523 nationis
780 5456 944 5520 ratio,
980 5455 1125 5509 sicut
1154 5469 1223 5508 ex
1258 5469 1326 5508 eo
1359 5453 1506 5523 quod
1534 5453 1605 5506 sit
1630 5468 1726 5508 eor
1758 5470 1928 5508 unum
1962 5471 2083 5510 cer-

511 5557 623 5598 tum
687 5547 1019 5609 membrum,
1081 5561 1189 5600 non
1245 5546 1455 5599 tollitur
1518 5545 1644 5615 quia
1708 5546 1780 5600 sit
1823 5546 2079 5616 generale

508 5640 838 5711 principium
893 5640 1019 5693 vitae
1066 5638 1312 5693 omnium
1369 5639 1768 5694 membrorum.
1825 5638 1942 5703 Qua
1996 5654 2082 5692 ra-

510 5732 660 5783 tione
717 5746 855 5799 papa
915 5730 968 5784 in
1031 5722 1169 5785 actis
1198 5730 1533 5802 synodorum
1564 5740 1619 5785 et
1650 5730 1837 5785 Roma:
1868 5731 2085 5799 episco-

514 5833 614 5883 pus
661 5828 714 5871 et
771 5821 1145 5877 (ecumenicus
1207 5831 1451 5877 vocatur.
1512 5821 1615 5876 Sed
1671 5829 1726 5875 tu
1777 5820 1974 5876 callido
1999 5838 2083 5876 ευ·

2184 4626 2245 4693 δή
2259 4644 2355 4678 που
2398 4624 2709 4692 λογίζεσθαι
2740 4625 2926 4678 πᾶσαν
2955 4626 3056 4694 τὴν
3086 4624 3420 4694 οἰκουμένην
3470 4623 3565 4677 ὑπ’
3594 4625 3755 4676 αὐτὸν

2185 4712 2346 4782 εἶναι,
2382 4718 2474 4769 καὶ
2510 4717 2639 4778 τοὺς
2669 4716 2994 4779 καθολικοὺς
3049 4715 3387 4779 ἐπισκόπους
3443 4715 3513 4769 τὰ
3546 4715 3755 4770 ἐκείνου

2184 4808 2426 4870 διοικεῖν,
2455 4806 2645 4877 ὥσπερ
2671 4807 2740 4860 τὰ
2776 4790 2871 4860 tofi
2903 4807 3536 4871 Κωνσταντινουπόλεως
3583 4807 3632 4859 οἱ
3661 4805 3757 4858 ὑπ’

2186 4899 2346 4951 αὐτὸν
2378 4898 2654 4970 ίεράρχαι.
2687 4898 2827 4952 Εἰδὲ
2859 4901 3036 4953 έκεῖνο
3094 4899 3196 4970 μὲν
3250 4898 3626 4971 ἀπεκληρεῦοη
3675 4899 3754 4966 τῷ

2197 4990 2435 5061 Ῥώμης,
2471 4993 2650 5044 ἐκεῖνο
2679 4991 2736 5045 δὲ
2763 4992 2841 5061 τῷ
2876 4990 3313 5062 Ἀλεξανδρείας,
3371 4993 3531 5046 τοῦτο
3566 4992 3623 5044 δὲ
3674 4994 3754 5059 τῷ

2184 5085 2281 5150 τῆς
2338 5077 2784 5148 Κωνσταντίνου,
2839 5082 2900 5135 οὗ
2962 5083 3167 5153 μᾶλλόν
3203 5090 3289 5150 γε
3354 5085 3382 5136 6
3428 5066 3755 5152 Ῥώμηςύπ¹

2185 5176 2445 5238 ἐκείνους,
2493 5175 2525 5244 ἥ
2555 5174 2659 5227 ὑπὸ
2694 5175 2785 5227 τὸν
2834 5174 3074 5247 Ῥώμης,
3113 5176 3211 5228 ὅσα
3242 5192 3304 5244 γε
3330 5177 3411 5236 είς
3465 5174 3629 5227 τοῦτο
3666 5190 3750 5226 τε-

2183 5268 2453 5320 λέσωσιν.
2490 5265 2699 5332 Ταῦτα,
2728 5261 2773 5321 ὦ
2802 5266 2982 5331 Νεῖλε,
3046 5269 3199 5321 οὐδὲν
3263 5267 3634 5337 προσίσταται
3679 5269 3744 5336 τῇ

2184 5360 2434 5428 ἀληθείᾳ·
2469 5358 2529 5412 τὸ
2559 5359 2669 5428 γὰρ
2701 5361 2796 5413 καὶ
2861 5361 3039 5430 ἐαυτῷ
3078 5360 3168 5413 τὸν
3200 5361 3391 5413 πάπαν
3420 5359 3743 5431 ἀποκληρῶ-
3772 5425 3776 5428 γ

2186 5468 2275 5504 σαι
2313 5450 2386 5510 ὡς
2421 5451 2552 5504 ἴδιόν
2598 5469 2653 5503 τι
2711 5450 2811 5504 οὐκ
2860 5452 3179 5521 ἀφαιρεῖται
3231 5454 3294 5506 τὸ
3350 5452 3605 5523 ἀόριστον
3651 5451 3749 5519 τῆς

2187 5544 2542 5614 ὑπαλληλίαςο
2587 5543 2777 5616 ὥσπερ
2811 5546 2872 5597 τὸ
2903 5542 3170 5613 εἶναιτὴν
3198 5546 3429 5615 καρδίαν
3486 5546 3546 5601 ἓν
3592 5544 3746 5616 μέλος

2184 5636 2487 5705 ὡρισμένον
2524 5637 2622 5689 οὒκ
2666 5638 2982 5709 ἀφαιρεῖται
3030 5640 3091 5691 τὸ
3118 5634 3266 5693 εἶναι
3298 5641 3472 5709 αὐτὴν
3503 5641 3745 5710 ἀόριστον

2187 5728 2357 5797 ἀρχὴν
2379 5731 2478 5800 τῆς
2509 5731 2621 5783 τῶν
2662 5730 2837 5784 ἄλλων
2864 5733 3044 5799 μελῶν
3098 5731 3418 5801 ζωογονίας·
3457 5731 3580 5786 καθ’
3609 5731 3665 5784 ὃν
3682 5728 3745 5795 δὴ

2186 5824 2384 5893 τρῦπον
2424 5824 2449 5873 6
2481 5823 2670 5887 πάπας
2727 5826 2784 5877 ἐν
2837 5828 2940 5888 τοῖς
2989 5827 3325 5897 ίῖρπκτικοῖς
3358 5826 3469 5879 τῶν
3519 5824 3743 5897 evetita"
