4088 6294
560 330 662 392 807

1717 337 1974 397 MA'i‘Tii
1995 339 2076 396 tat
2129 337 2658 414 eimopm'ttt
3047 309 3052 314 ’
3307 401 3314 408 .
3683 343 3768 408 803

558 448 738 502 tiones
806 445 1050 518 synodus
1111 449 1484 518 approbabat;
1547 454 1939 522 procacitatem
1998 469 2128 508 vero

2234 455 2332 508 οὐκ
2363 457 2699 524 ἐπετιμᾶτο·
2737 456 2974 524 ἐπετίμα
3023 453 3177 506 Λέων
3225 453 3282 506 ἐν
3315 454 3376 524 τῇ
3420 453 3459 506 δ’
3505 455 3764 528 Διοσκόρῳ,

556 539 812 594 Dioscuri
862 539 1128 595 adversus
1172 557 1366 611 papam
1415 559 1538 596 cum
1589 546 1822 598 horrore.
1867 545 2132 600 detestata

557 640 662 686 est.
691 633 904 701 Agatho
931 648 1068 702 papa
1099 633 1154 686 in
1185 645 1338 698 sexta
1366 635 1576 705 synodo
1601 637 1878 691 scribebat
1917 647 2136 707 aposto-

559 723 698 778 licos
745 739 879 779 suos
929 724 1364 794 praedecessores
1409 729 1837 792 eommonuisse,
1892 745 2132 800 rogasse,

561 809 880 882 increpasse
913 813 1224 898 Orientales
1269 826 1328 870 ut
1369 829 1722 873 curarentur.
1765 818 1831 872 Et
1861 821 2135 875 Adrianus

558 920 700 973 papa
755 907 806 959 in
859 908 1088 975 septima
1135 897 2134 982 Tarasium‘Constautinopolitanum

561 996 909 1062 increpabat,
961 998 1109 1066 quod
1167 1013 1232 1052 ex
1285 1000 1426 1054 laico
1483 1001 1676 1056 ordine
1736 1003 2136 1072 patriarcbatus

560 1088 779 1141 culmen
827 1098 972 1142 esset
1020 1089 1272 1158 adeptus,
1308 1102 1360 1145 et
1400 1093 1796 1149 inscriberetur
1833 1097 2137 1148 meumenio

558 1191 680 1229 cus.
729 1178 809 1230 Tu
860 1195 991 1234 vero
1037 1177 1415 1252 evangelicum
1463 1188 1730 1254 pervertis
1771 1187 2045 1250 ordinem,
2083 1197 2136 1240 et

558 1284 752 1338 papam
785 1287 892 1326 non
923 1273 1197 1342 increpari
1232 1277 1393 1330 modo
1421 1278 1525 1344 vis,
1555 1279 1648 1332 sed
1679 1282 1842 1334 etiam
1868 1281 2134 1352 judicari;

555 1371 607 1414 et
647 1363 952 1418 Honorium
1005 1365 1273 1429 inculcas,
1317 1384 1480 1438 quem
1521 1370 1856 1442 judicaverit
1903 1382 1958 1426 et
2008 1389 2137 1426 con-

557 1455 901 1510 dcmnaverit
940 1467 1090 1512 sexta
1132 1459 1375 1528 synodus
1407 1463 1570 1515 etiam
1609 1473 1732 1532 post
1767 1472 2020 1518 mortem.
2071 1465 2137 1518 Et

557 1563 722 1602 vocas
773 1557 938 1603 sextae
981 1550 1176 1620 synodi
1217 1567 1378 1622 opus,
1414 1541 1566 1621 quod.
1601 1555 1862 1624 Accpbali
1891 1554 2136 1625 .egerubt

556 1637 888 1694 Orientales.
921 1640 1036 1694 Nec
1065 1643 1237 1706 vides,
1273 1644 1416 1697 haud
1450 1645 1658 1712 primos
1688 1645 1792 1718 hoc
1823 1662 1983 1701 ausos
2013 1663 2134 1702 esse

555 1731 748 1784 Patres
779 1741 945 1785 sextae
972 1733 1188 1802 synodi.
1213 1733 1291 1788 Ita
1323 1735 1470 1788 enim
1501 1735 1692 1790 Patres
1719 1738 1978 1792 secundae
2009 1754 2132 1806 syn-

2241 545 2338 596 καὶ
2389 545 2488 607 τὰς
2535 547 2888 616 ἐπιτιμήσεις
2947 543 3220 614 ἐπεκύρου
3274 545 3305 614 ἡ
3351 545 3581 608 σύνοδος.
3615 546 3696 616 τὴν
3723 547 3767 601 δὲ

2240 636 2537 705 Διοσκόρου
2588 637 2794 706 τόλμαν
2841 637 2984 688 κατὰ
3022 636 3116 688 τοῦ
3170 637 3373 714 πάππα
3425 638 3560 704 μετὰ
3598 637 3768 708 (poi-in;

2240 729 2708 798 ἀπεσκοράκισεν.
2773 729 3022 796 Ἀγάθων
3067 731 3094 781 6
3151 729 3386 792 πάπποις
3445 732 3501 780 ὲν
3553 734 3614 799 τῇ
3661 731 3770 802 ’ἐκτῃ

2239 821 2392 888 ἔλεγε
2429 822 2554 883 τοὺς
2621 822 2726 890 πρὸ
2765 823 2930 876 αὑτοῦ
2983 824 3258 892 ἀρχιερεῖς
3285 821 3383 891 τῆς
3423 823 3628 891 Ῥώμης
3663 825 3771 876 ὐπο-

2245 913 2468 979 μνῆσαι,
2489 909 2790 980 ἐρωτῆσαις
2810 915 3137 980 ἐπιτιμῆσαι
3163 913 3274 974 τοῖς
3305 912 3632 976 ἀνατολικαίς
3656 911 3772 966 ὥστε

2241 1003 2667 1073 θεραπευθῆναι.
2705 1006 2815 1056 Καὶ
2860 1005 3136 1074 Ἀδριανὸς
3181 1007 3208 1056 6
3257 1003 3487 1066 πάππας
3535 1006 3588 1056 ὲν
3635 1008 3692 1074 τῇ
3738 1007 3773 1067 ζ’

2239 1096 2478 1164 ἐπετίμα
2536 1096 2798 1166 Ταρασίῳ
2872 1097 2949 1166 τῷ
3003 1097 3665 1160 Κωνσταντινουπόλειυς,
3707 1099 3772 1149 ὅτι

2239 1190 2302 1239 ὲκ
2341 1189 2534 1258 λαῖκῆς
2581 1187 2787 1251 τάξεως
2824 1189 3273 1258 ἐκεχειροτόνητο
3317 1189 3667 1260 πατριάρχης,
3700 1191 3776 1241 καὶ

2239 1281 2617 1348 οἰκουμενικὸς
2654 1281 3026 1349 ἐπεφημίζετο
3061 1281 3281 1344 ἀδίκως.
3317 1282 3388 1332 Σὺ
3429 1281 3482 1332 δὲ
3515 1282 3607 1350 τὴν
3640 1283 3772 1346 εὐαγ-

2239 1371 2463 1441 γελικὴν
2494 1373 2826 1441 ἀνατρέπεις
2877 1370 3054 1438 τάξιν,
3097 1375 3190 1426 καὶ
3255 1373 3434 1442 βούλει
3487 1374 3569 1446 τὸν
3616 1375 3776 1426 πὰπαν

2239 1464 2338 1514 οὐκ
2391 1465 2753 1534 ἐπιτιμᾶσθαι
2803 1465 2986 1534 μόνον,
3035 1466 3170 1518 ἀλλὰ
3219 1468 3312 1518 καὶ
3359 1465 3653 1535 κρίνεσθαι.
3687 1466 3776 1517 Καὶ

2239 1539 2565 1619 ἀνσῖκυκλείς
2596 1557 2684 1610 τὸν
2728 1555 3013 1625 Ὀνώριον,
3039 1557 3114 1620 ὡς
3145 1559 3404 1630 κριθέντα
3434 1559 3525 1611 καὶ
3551 1577 3776 1626 κατακρι-

2240 1643 2401 1698 Οέντα
2437 1649 2529 1698 καὶ
2581 1647 2718 1715 μετὰ
2750 1647 2980 1700 θάνατον
3022 1649 3174 1719 παρὰ
3203 1650 3299 1717 τῆς
3339 1656 3392 1712 ς’
3427 1649 3656 1701 συνόδου.
3689 1649 3776 1700 Καὶ

2237 1736 2264 1787 ὃ
2302 1739 2453 1806 μόνοι
2498 1737 2742 1808 ἔπραξαν
2793 1742 3087 1808 ἁκεφαλως
3140 1743 3188 1795 οἱ
3239 1744 3575 1806 ἀνατολικοὶ,
3624 1745 3776 1804 καλεῖς

555 1822 645 1875 odi
683 1822 1090 1876 clandestinum
1136 1828 1476 1894 scripserant
1523 1844 1788 1906 eanone_m
1821 1831 1888 1885 de
1922 1833 2128 1886 bonore

2241 1831 2399 1898 ἔργον
2451 1833 2548 1900 τῆς
2594 1831 2644 1896 ς’
2694 1835 2938 1888 συνόδου.
2969 1837 3080 1889 Καὶ
3133 1837 3232 1906 οὐχ
3282 1839 3416 1908 ὁρᾷς
3465 1842 3538 1908 μὴ
3573 1838 3778 1908 πρώτοις

553 1915 1147 1988 Constautinopolitani
1183 1921 1303 1975 sine
1337 1937 1514 1992 papa;
1566 1923 1639 1976 ita
1679 1935 1888 1993 quarta
1939 1929 2128 1998 synodi

553 2009 781 2072 Patres,
839 2021 900 2064 ut
955 2022 1271 2070 enarratum
1327 2025 1447 2078 est;
1509 2015 1582 2070 ita
1634 2017 1734 2070 soli
1784 2020 2129 2088 postmodum

551 2099 860 2158 Orientales
909 2104 1180 2159 celebrata
1237 2108 1447 2176 synodo
1491 2111 1803 2179 quinisexta
1849 2111 2129 2166 schismati

553 2195 792 2250 radicem
837 2212 1092 2266 posuere.
1138 2199 1192 2252 lu
1239 2215 1472 2266 summa,
1516 2203 1783 2273 quidquid
1826 2203 2132 2261 Orientales

552 2287 606 2340 in
640 2289 891 2342 conciliis
918 2301 1149 2360 egerunt
1181 2293 1320 2346 clam
1353 2311 1512 2364 papa,
1543 2311 1651 2350 non
1680 2298 1852 2352 sacris
1881 2299 2132 2354 conciliis

553 2379 848 2434 tribuenda
879 2391 1030 2448 sunt,
1061 2381 1154 2437 sed
1188 2384 1503 2440 artiﬁciosis
1528 2391 1890 2455 quorumdam
1923 2391 2131 2443 maelii—

551 2472 847 2526 namentis.
906 2471 1087 2537 Quare
1142 2477 1376 2528 multum
1428 2479 1789 2546 conqueritur
1833 2479 1944 2534 Leo
1994 2498 2128 2550 papa

551 2561 606 2614 in
640 2572 834 2630 quarta
867 2563 1105 2633 ‘s‘ynodo.
1138 2565 1412 2620 Judicavit
1445 2577 1499 2621 et
1529 2570 1920 2642 condemnavit
1952 2572 2131 2626 “0:20-

551 2654 693 2706 rium
727 2654 867 2708 livor
898 2657 1090 2707 eorum
1135 2657 1228 2724 qui
1265 2656 1412 2710 dicta
1447 2657 1592 2710 illius
1624 2660 1764 2724 mala
1809 2661 2126 2730 interpreta-

550 2742 702 2796 tione
742 2753 1098 2812 cxceperunt,
1144 2755 1196 2800 et
1246 2745 1613 2814 loquebantur
1653 2763 1774 2816 qua:
1819 2749 1920 2802 sibi
1975 2753 2125 2804 cordi

407 2823 410 2830 ’
549 2841 730 2895 erant,
771 2841 828 2884 ut
872 2833 948 2886 ait
997 2843 1228 2889 sanctus
1277 2835 1547 2890 Maximus
1597 2837 1650 2890 in
1702 2838 1918 2909 dialogo
1963 2857 2125 2908 quem

550 2940 712 2992 supra
783 2925 1094 2980 citavimus.
1161 2927 1278 2980 Non
1349 2929 1604 2985 ferebant
1664 2931 1811 2984 enim
1891 2943 2128 3000 quatuor

547 3016 1189 3089 Constantinopolitanos
1257 3024 1599 3092 patriarchas
1673 3027 2123 3080 anatltetnalizm

551 3121 612 3164 ut
653 3113 939 3167 haereticos
987 3115 1406 3180 Monotbelitas,
1454 3123 1509 3171 et
1559 3132 1668 3172 non
1723 3118 1889 3172 inseri
1937 3119 2114 3172 lieno-

550 3204 692 3260 rium
739 3205 1068 3263 Romanum.

628 3498 782 3564 Quod
817 3515 946 3553 vero
967 3501 1036 3555 de
1072 3503 1320 3558 moribus
1349 3503 1454 3571 ais,
1479 3520 1696 3576 papam,
1728 3523 1852 3562 cum
1889 3511 1958 3564 sit
2018 3515 2130 3581 cpi-

555 3609 774 3661 scopus,
825 3593 1050 3648 subesse
1103 3597 1314 3650 cunctis
1375 3597 1587 3667 legibus
1647 3601 1847 3668 quibus
1888 3603 2132 3672 subjacct

551 3685 730 3739 omnis
761 3683 1073 3755 cpiscopus,
1115 3688 1216 3742 hoc
1235 3687 1393 3757 plane
1415 3699 1500 3746 est
1516 3691 1766 3746 doctrina
1795 3704 1884 3748 tua
1909 3713 2016 3749 non
2051 3699 2132 3749 in-

548 3777 794 3847 dignum.
837 3775 996 3832 Certe
1027 3793 1308 3847 nunquam
1349 3779 1555 3836 dixeris
1589 3785 1953 3852 patriarcltam
1989 3786 2130 3840 Con-

547 3859 1090 3938 stantinoyiolitanum
1124 3871 1286 3926 subdi
1327 3872 1539 3943 legibus
1570 3875 1980 3932 bierarcbarum
2026 3879 2129 3932 sibi

545 3960 916 4029 subjectorum
940 3960 1086 4016 inter
1111 3978 1250 4032 quos
1284 3963 1373 4018 ille
1427 3965 1636 4033 primus
1657 3975 1742 4023 cst
1774 3975 1832 4022 ut
1857 3968 2056 4030 unitas,
2077 3981 2132 4022 et

549 4068 655 4106 non
679 4055 821 4108 sicut
843 4055 1216 4120 coordinatus,
1241 4065 1302 4110 ut
1330 4065 1383 4110 tu
1406 4055 1564 4111 dicis.
1584 4057 1871 4122 Quomodo
1891 4061 2035 4114 enim
2061 4062 2131 4114 sit

546 4163 654 4200 non
676 4147 1030 4202 eoordinatus
1047 4157 1098 4204 et
1117 4148 1506 4204 subordinatus
1525 4148 1626 4204 ?At
1644 4166 1772 4206 vero
1791 4165 1984 4220 papam
2004 4167 2132 4208 Cttn-

547 4237 652 4291 ctis
679 4239 902 4292 subesse
933 4237 1168 4308 legibus,
1215 4239 1419 4308 quibus
1452 4249 1507 4294 et
1537 4240 1771 4308 quilibet
1817 4242 2127 4312 cpiscopus,

546 4328 765 4396 egregie
792 4327 1089 4386 admodum
1125 4331 1489 4397 pronuntias;
1533 4339 1589 4386 et
1631 4331 1672 4383 si
1705 4331 1896 4386 subest
1919 4333 2130 4388 eunetis

549 4421 781 4488 legibus,
803 4419 1006 4489 quibus
1021 4431 1078 4474 et
1105 4422 1285 4476 omnis
1307 4423 1603 4491 episcopus
1629 4465 1642 4488 ,
1668 4425 1772 4478 erit
1799 4442 1895 4494 per
1919 4437 1966 4480 te
1991 4442 2127 4495 papa

2240 1923 2402 1976 τοῦτο
2429 1925 2539 1986 τοῖς
2574 1928 2716 1980 κατὰ
2745 1928 2844 1996 τὴν
2889 1932 2943 1990 ς’
2977 1928 3198 1983 σύνοδον
3229 1919 3627 2001 τετολμῆσθαι·
3660 1931 3780 1983 οὕτω

2243 2017 2370 2086 περὶ
2441 2018 2534 2071 τοῦ
2611 2021 3241 2088 Κῳνσταντινουπόλεως
3307 2023 3540 2093 κρύφιον
3610 2027 3780 2076 κανόνα

2243 2109 2483 2172 ἐξέθεντο
2521 2113 2570 2164 oi
2619 2113 2716 2183 τῆς
2752 2113 2796 2182 β’
2849 2114 3066 2168 συνόδου
3113 2115 3238 2186 δίχα
3289 2119 3387 2185 τῆς
3430 2119 3668 2182 ἔξουσίας
3707 2117 3780 2171 τοῦ

2241 2203 2473 2256 πάππα*
2509 2205 2682 2268 οὕτως
2735 2206 2784 2258 oi
2811 2207 2910 2276 τῆς
2946 2207 2984 2260 δ’
3042 2208 3118 2270 ὡς
3165 2211 3384 2278 εἴρηται
3408 2224 3423 2239 ’
3455 2209 3624 2274 οὕτως
3653 2212 3782 2280 μόνοι

2239 2297 2334 2364 τὴν
2379 2297 2682 2367 πενθέκτην
2713 2300 2852 2367 μετὰ
2907 2301 3079 2354 ταῦτα
3128 2303 3176 2354 οἱ
3231 2303 3544 2378 ἀνατολικρὶ
3577 2321 3780 2374 συγκρο-

2239 2392 2503 2460 τήσαντες
2534 2394 2594 2446 τὸ
2635 2395 2844 2463 σχίσμα
2897 2397 3204 2466 ἐρρίζωσαν
3235 2415 3249 2428 ο
3293 2400 3387 2454 καὶ
3439 2401 3574 2464 ὅλως
3620 2403 3710 2454 ὅσα
3743 2403 3782 2452 οἱ

2239 2483 2553 2537 ἀνατολικοὶ
2585 2487 2642 2540 ἐν
2678 2491 2796 2548 ταῖς
2852 2489 3092 2553 συνόδοις
3161 2491 3346 2560 κρύφα
3388 2494 3486 2546 τοῦ
3521 2495 3668 2548 mina
3697 2512 3782 2546 πε-

2239 2577 2529 2644 πράκασιν,
2599 2579 2698 2646 οὐχ
2757 2571 2960 2642 ἁπλῶς
3025 2583 3377 2652 ἀπονεμητέα
3447 2589 3566 2647 ταῖς
3627 2587 3784 2653 ἁγίαις

2241 2669 2502 2734 συνόδοις,
2522 2669 2660 2722 ἀλλὰ
2687 2675 2804 2732 ταῖς
2829 2689 2994 2724 τινων
3025 2674 3292 2743 ὲντὲχνοις
3339 2681 3780 2746 μηχανουργίαις·

2237 2762 2361 2828 περὶ
2408 2761 2466 2813 οὗ
2501 2762 2728 2814 πλεῖστα
2764 2766 3039 2832 μέμφεται
3087 2768 3145 2816 ἐν
3189 2771 3252 2838 τῇ
3293 2769 3336 2818 δ’
3365 2760 3576 2839 ’συνόδῳ
3607 2771 3784 2822 Λέωνὸ

2238 2853 2444 2915 πὰπας.
2492 2854 2772 2924 Ἔκρινεν,
2840 2851 2884 2910 ὦ
2941 2858 3208 2926 βέλτιστε,
3247 2865 3339 2914 καὶ
3375 2865 3661 2934 κατέκρινε
3707 2864 3784 2913 τὸν

2247 2943 2507 3018 Ὀνιῦριον
2549 2950 2581 3015 ἡ
2621 2948 2887 3014 βασκανία
2937 2951 3045 3006 τῶν
3087 2957 3663 3024 παρερμηνευσάντων
3703 2957 3783 3015 τὰς

2234 3037 2445 3091 ἐκείνου
2502 3039 2697 3104 λέξεις,
2733 3042 2822 3092 καὶ
2868 3043 3174 3098 λαλούντων
3207 3047 3275 3099 τὰ
3327 3049 3437 3100 ἀπὸ
3493 3041 3783 3120 καρδίας,ᾗ

2235 3147 2404 3197 φησιν
2452 3134 2480 3183 ὁ
2533 3133 2704 3203 μέγας
2739 3135 2991 3206 Μάξιμος
3018 3153 3030 3167 ·
3068 3139 3127 3190 οὐ
3186 3139 3294 3208 γὰρ
3341 3141 3505 3212 ἔφερε
3539 3144 3784 3210 τέσσαρας

2237 3225 2866 3292 Κωνσταντινοῡπόλεως
2907 3233 3251 3302 πατριάρχας
3285 3236 3784 3306 ’ἀναθεματισθῆναι

2235 3317 2306 3380 ὡς
2357 3318 2738 3390 Μονοθελήτας
2791 3324 3126 3392 αἰρετικοὺς,
3183 3327 3274 3380 καὶ
3331 3327 3409 3398 μὴ
3461 3331 3783 3398 ἐγκεντρίςαι

2234 3407 2324 3456 τὸν
2365 3408 2580 3480 Ῥώμης
2621 3411 2897 3484 Ὁνώριον.

2310 3495 2444 3564 Περῖ
2479 3496 2534 3548 δὲ
2566 3499 2662 3568 τῆς
2695 3500 2858 3568 ἄλλης
2893 3499 3164 3570 “nausia;
3191 3505 3217 3558 ὃ
3246 3507 3372 3580 φῂς,
3393 3510 3479 3564 ὅτι
3513 3513 3783 3576 ἐπίσκοπος

2234 3586 2309 3639 ὢν
2343 3589 2369 3640 6
2401 3591 2586 3653 πάπας
2641 3593 2886 3663 ἐνέχεται
2947 3601 3040 3651 καὶ
3080 3599 3240 3663 αὐτὸς
3277 3605 3411 3655 πᾶσι
3446 3608 3562 3670 τοῖς
3595 3609 3782 3675 νόμοις,

2234 3675 2314 3742 οἷς
2350 3681 2638 3736 ὑπόκειται
2695 3687 2924 3753 ἕκαστος
2979 3692 3090 3744 τῶν
3138 3695 3476 3766 ἐπισκόπων,
3509 3701 3661 3753 τοῦτο
3699 3704 3784 3770 τῆς

2237 3772 2334 3840 σῆς
2367 3773 2517 3839 ἄξιον
2550 3777 2920 3844 διδασκαλίας.
2957 3785 3064 3838 Καὶ
3099 3788 3190 3840 τὸν
3220 3788 3320 3854 μὲν
3357 3793 3784 3849 Κωνσταντινουι

2236 3864 2444 3926 πόλεως
2481 3868 2828 3940 πατριάρχην
2855 3874 2954 3925 οὐκ
2987 3875 3051 3928 ἄν
3093 3894 3226 3930 ποτε
3277 3883 3446 3955 φαίης
3486 3887 3781 3940 ὑποκεῖσθαι

2233 3959 2342 4019 τοῖς
2369 3959 2562 4036 ,νόμοις
2591 3961 2696 4014 τῶν
2733 3964 2825 4016 ὑπ’
2857 3968 3019 4043 αὑτὸν
3052 3970 3344 4044 ἓεραρχῶν,
3389 3973 3466 4034 ὧν
3501 3985 3614 4036 ἐστι
3648 3985 3780 4055 πρῶ-

2233 4065 2323 4110 τος
2353 4050 2428 4112 ὡς
2479 4053 2670 4121 μονὰς,
2703 4055 2796 4108 καὶ
2845 4058 2918 4121 ὼς
2957 4061 3032 4131 μὴ
3067 4073 3522 4141 συντεταγμένος,
3557 4079 3693 4130 καθὰ
3727 4083 3780 4132 σὺ

2233 4143 2446 4213 λέγεις·
2478 4148 2592 4212 πῶς
2654 4151 2762 4222 γὰρ
2817 4153 2882 4206 ἂν
2942 4157 3025 4226 εἴη
3079 4161 3154 4228 μὴ
3213 4175 3650 4241 συντεταγμένος
3702 4175 3784 4226 καὶ

2234 4239 2713 4310 ὑποτεταγμένος;
2745 4245 2837 4298 τὸν
2886 4247 2943 4332 ᾷὲ
3010 4251 3199 4307 πάπαν
3245 4258 3392 4324 μάλα
3427 4267 3641 4332 σεμνῶς
3667 4269 3783 4320 ἁπο-

2233 4331 2398 4403 φαίνῃ
2451 4336 2618 4387 πᾶσιν
2669 4339 2989 4393 ὑποκεῖσθαι
3041 4349 3154 4408 τοῖς
3198 4347 3408 4419 νόμοις,
3443 4351 3526 4418 οἷς
3572 4361 3781 4412 καὶτῶν

2234 4425 2546 4480 ἐπισκόπων
2589 4427 2840 4494 ἕκαστος.
2875 4432 2937 4485 Εἰ
2969 4433 3025 4486 δὲ
3073 4432 3154 4500 οἷς
3205 4443 3300 4495 καὶ
3332 4446 3442 4498 τῶν
3489 4450 3782 4505 ἐπισκόπων

545 4513 664 4580 ejus
710 4513 946 4575 ordinis,
993 4514 1149 4583 cujus
1179 4524 1235 4567 et
1279 4515 1523 4585 episcopi
1576 4519 1904 4588 suilraganei
1951 4521 2124 4574 Caesa-

2234 4515 2484 4586 ἕκαστος,
2525 4521 2622 4588 τῆς
2677 4523 2849 4592 αὐτῆς
2911 4534 3052 4581 κατὰ
3102 4530 3160 4582 σὲ
3191 4533 3395 4600 τάξεως
3431 4540 3458 4591 6
3493 4542 3692 4610 πάπας,
3727 4541 3783 4616 ἧς

546 4603 781 4656 reensis.
804 4602 992 4658 At'boc
1015 4603 1220 4667 dicere,
1241 4605 1372 4674 quid
1396 4617 1480 4662 cst
1499 4608 1642 4664 aliud
1665 4627 1824 4680 quam
1849 4611 2127 4666 insanire?

547 4693 653 4744 Sed
697 4693 742 4745 si
773 4707 960 4746 verum
1013 4703 1099 4750 est
1142 4697 1317 4751 multo
1352 4699 1520 4768 utagis
1557 4700 2126 4773 Constantinopolita-

547 4797 675 4833 nnm
701 4783 926 4838 subesse
945 4799 1098 4854 papa:
1123 4801 1286 4854 quam
1313 4787 1388 4842 illi
1419 4788 1672 4846 subditos
1696 4791 2046 4859 bierarcbas;
2071 4805 2126 4848 et

543 4873 1189 4946 Cnitstantinopolitanus
1213 4894 1320 4933 non
1341 4881 1634 4950 subjicitur
1659 4883 1876 4953 legibus
1898 4901 2120 4940 suorum

547 4967 967 5036 episcoporum;
1000 4969 1243 5038 profecto
1273 4987 1375 5027 nec
1403 4989 1541 5042 papa
1584 4974 1880 5042 subjicitur
1911 4975 2124 5044 legibus

543 5061 790 5112 omnium
831 5061 1210 5131 episcoporum
1241 5080 1253 5128 ;
1281 5079 1452 5133 quare
1477 5079 1579 5118 nec
1601 5065 1813 5133 legibus
1844 5067 2123 5135 subjectus

545 5161 630 5212 est
661 5153 864 5218 quibus
910 5155 1100 5209 subest
1149 5155 1384 5224 quilibet
1433 5158 2119 5232 episcoporum,quando-

545 5244 769 5312 quidem
827 5247 1060 5315 quilibet
1089 5247 1475 5318 episcoporum
1527 5247 1715 5320 subest
1745 5249 2116 5318 apostolorum

502 5391 506 5394 _
540 5347 596 5388 et
632 5335 849 5390 i’atruui
878 5338 1129 5406 legibus;
1167 5356 1302 5408 papa
1335 5355 1464 5393 vero
1496 5353 1618 5393 cutn
1649 5349 1927 5408 pastorum
1953 5355 2116 5411 caput

542 5430 632 5490 sit,
658 5429 822 5482 nullis
863 5439 1141 5498 pastorum
1192 5433 1403 5503 legibus
1433 5434 1656 5498 subest;
1691 5433 1938 5504 alioquin
1976 5453 2112 5505 quu-

541 5522 700 5572 ntodo
735 5520 876 5574 dicta
925 5531 978 5576 cl
1005 5526 1288 5578 sententia:
1317 5525 1648 5595 synedorunt
1681 5531 1744 5580 de
1795 5544 1934 5597 papa
1982 5545 2110 5580 cou-

539 5607 779 5664 sistent?

611 5791 826 5847 Asseris
851 5795 1072 5864 deinde,
1127 5815 1316 5868 papam
1357 5801 1527 5856 videri
1579 5803 1858 5871 speciatim
1914 5821 2102 5876 repre-

2233 4610 2326 4660 καὶ
2375 4612 2423 4662 oi
2461 4613 2563 4665 ὑπὸ
2599 4615 2688 4667 τὸν
2727 4617 3064 4690 Καισαρείας
3107 4626 3422 4684 ἐπίσκοποι.
3460 4635 3526 4686 Τί
3576 4638 3620 4690 δ’
3671 4639 3784 4691 ἄλλο

2229 4703 2387 4756 τοῦτο
2437 4704 2468 4774 ἢ
2524 4707 2690 4775 μανία
2748 4712 2962 4782 σαφήςς
3021 4715 3076 4768 Ei
3125 4719 3302 4773 τοίνυν
3361 4724 3579 4792 ἀληθὲς,
3627 4728 3782 4797 πολλῴ

2231 4794 2434 4863 μᾶλλον
2491 4798 2822 4884 ’ὑποκεῖσθαι
2893 4806 2986 4858 τὸν
3041 4809 3671 4882 Κωνσταντινουπόλεως
3717 4821 3782 4888 τις)

2228 4889 2410 4958 πὰπᾳ,
2449 4885 2492 4958 ἣ’
2540 4892 2734 4963 ἐκείνῳ
2785 4897 2913 4962 τοὺς
2962 4899 3055 4951 ὑπ’
3102 4904 3265 4957 αὐτὸν
3325 4909 3628 4980 ἱεράρχας·
3694 4919 3780 4962 ο’κ

2225 4981 2469 5051 ἐνέχεται
2499 4983 2552 5036 δὲ
2581 4987 2607 5037 ὁ
2639 4987 3269 5060 Κωνσταντινουπόλεως
3297 5001 3408 5062 τοῖς
3443 5003 3554 5054 τῶν
3585 5005 3782 5056 οἰκείων

2226 5075 2543 5128 ἐπισκόπων
2615 5077 2821 5148 νόμοις,
2886 5083 2998 5136 οὐδ’
3055 5086 3082 5136 6
3141 5089 3325 5154 πάπας
3388 5093 3495 5161 ἄρα
3551 5097 3778 5164 ἐνέχεται

2221 5166 2336 5228 τοῖς
2384 5166 2492 5220 τῶν
2539 5169 2856 5242 ἁπανταχοῦ
2905 5175 3224 5232 ἐπισκόπων
3273 5185 3498 5252 νόμοις’
3535 5187 3654 5240 ὅθεν
3685 5185 3778 5239 οὐδ’

2223 5257 2484 5326 ἐνέχεται,
2521 5257 2602 5324 οἷς
2631 5262 2724 5316 καὶ
2779 5265 3013 5330 ’ἕκαστος
3060 5269 3169 5322 τῶν
3209 5273 3564 5342 ἐπισκόπων,
3609 5277 3776 5346 ἐπειδὴ

2220 5349 2328 5403 τῶν
2379 5353 2694 5410 ἐπισκόπων
2736 5357 2970 5423 ἕκαστος
3013 5365 3106 5415 καὶ
3157 5370 3268 5430 τοῖς
3318 5370 3427 5423 τῶν
3479 5375 3776 5426 ἀποστόλων

2222 5444 2313 5496 καὶ
2343 5445 2453 5504 τοῖς
2476 5445 2582 5499 τῶν
2603 5447 2864 5519 Πατέρων
2893 5452 3178 5510 ὑπόκειται
3202 5459 3410 5528 νόμοις·
3455 5465 3480 5515 6
3521 5465 3576 5518 δὲ
3605 5468 3774 5524 πάπας

2220 5534 2294 5594 ὡς
2341 5539 2715 5610 ποιμενάρχης
2774 5544 2981 5598 οὐδέσιν
3049 5549 3337 5606 ὑπόκειται
3389 5557 3662 5625 ποιμένων
3701 5557 3774 5608 νό-

2219 5643 2358 5692 μοις,
2385 5627 2544 5696 εἴπερ
2587 5633 2803 5702 ἀληθεῖς
2830 5639 2882 5687 αἱ
2911 5641 3016 5692 τῶν
3049 5643 3282 5700 συνόδων
3317 5643 3620 5718 ἀποξράσεις
3653 5649 3765 5716 περὶ

2214 5717 2308 5767 τοῦ
2343 5719 2516 5784 mitra,
2549 5721 2614 5785 iit;
2648 5728 3098 5800 προηνέγκαμεν.

2285 5805 2414 5864 Εἶτα
2442 5815 2532 5868 καὶ
2569 5815 2676 5886 ἰδίᾳ
2707 5820 3114 5892 ἐπιτιμώμενον
3167 5827 3452 5895 φαίνεσθαι
3481 5830 3656 5898 λέγεις
3685 5829 3764 5882 τιν

3980 1169 3984 1455 Ι
