4088 6294
340 385 448 445 809

1605 370 2054 438 REFUTATIO
2125 371 2314 434 NIIJ.

3475 360 3583 430 810

341 504 568 554 πάππαν
606 496 710 549 ὑπὸ
741 490 840 562 τῆς
871 493 1174 563 πενθέκτης
1207 494 1425 547 συνόδου
1453 509 1463 520 ·
1503 492 1598 544 καὶ
1630 490 1903 560 παράγεις

2016 486 2242 539 hensum
2279 502 2306 539 a
2341 483 2648 554 quiuiscxta
2680 480 2924 553 synodo:
2962 482 3282 551 profi-rsquc
3308 476 3581 537 decimum

340 594 428 645 τὺν
477 595 543 659 ιγ’
595 589 805 655 ἐκείνης
860 587 1062 640 κανόνα
1097 586 1229 654 περὶ
1261 585 1355 638 τοῦ
1389 583 1572 650 γάμου
1605 581 1712 634 τῶν
1747 583 1904 648 ίερω-

343 687 540 753 μένων,
569 681 662 734 καὶ
691 674 782 732 τδν
819 677 891 731 νε⁹
933 695 1000 730 πε
1010 678 1064 748 pi.
1094 678 1187 730 τοῦ
1207 676 1500 728 -Σαὸϐἀτου
1522 689 1538 702 ·
1565 674 1657 725 καὶ
1700 671 1904 731 ἔοικας,

338 771 381 828 ὦ
409 775 585 837 Nile,
615 770 691 840 τῷ
733 770 926 840 κριτὰς
974 770 1031 820 ὲν
1088 767 1427 837 δικαστηρίῳ
1471 768 1565 817 καὶ
1622 766 1907 834 μάρτυρας

339 865 674 920 καθιστῶντι
721 863 848 925 τοὺς
898 860 1229 922 ἀντιδίκους.
1286 859 1404 928 Χρὴ
1441 857 1496 910 δὲ
1539 860 1598 910 ἐν
1645 856 1908 916 τοιούτοις

341 957 640 1029 προφέρειν
701 955 770 1008 τὰ
822 955 976 1024 κοινῇ
1033 951 1461 1021 ὁμολογούμενα,
1523 949 1585 1001 οὐ
1649 948 1716 1000 τὰ
1767 949 1910 1000 κατὰ

343 1053 710 1120 μονομέρειαν
769 1044 1104 1113 παρανόμως
1169 1043 1452 1110 γεγονότα.
1521 1041 1586 1093 Ἡ
1637 1039 1908 1106 πενθέκτη

339 1142 554 1202 σύνοδος
603 1138 773 1210 χωρὶς
819 1135 914 1188 τοῦ
973 1135 1335 1188 ἁποστολικοῦ
1370 1132 1561 1202 θρόνου
1591 1132 1720 1192 τοὺς
1751 1131 1910 1184 κανόο

337 1246 445 1295 νας·
470 1231 738 1298 ὲκθεμένη
768 1229 910 1297 ἀρχὴ
945 1229 1038 1280 καὶ
1068 1226 1191 1295 ῥίζα
1219 1225 1312 1277 τοῦ
1366 1225 1667 1293 σχίσματος
1693 1223 1908 1291 γέγονε,

342 1323 710 1384 συνωθοῦντος
745 1318 1126 1374 Ἰουστινιανοῦ
1175 1318 1270 1370 τοῦ
1310 1315 1661 1386 Ῥινοτμήτου
1688 1332 1701 1345 ·
1733 1316 1913 1368 ἁπαυο

339 1416 641 1469 θαδιὰσασα
670 1415 778 1483 γὰρ
809 1413 946 1482 πρὸς
976 1410 1075 1481 τὴν
1105 1410 1444 1480 ἀρχαιότητα
1498 1407 1702 1474 πολλῆς
1731 1424 1913 1459 καινο-

339 1507 532 1576 τομίας
586 1504 800 1573 ἐδείχθη
852 1501 1190 1561 διδάσκαλος.
1229 1499 1351 1561 Πῶς
1383 1494 1480 1552 οῦν
1515 1498 1650 1558 ὅλως
1683 1513 1914 1566 συμφω-

339 1601 488 1667 νήσει
535 1599 563 1649 6
595 1602 661 1662 ιγ’
694 1594 866 1661 αὐτῆς
908 1592 1091 1645 κανὼν
1117 1590 1195 1660 τῷ
1223 1586 1271 1656 γ’
1310 1590 1410 1658 τῆς
1447 1588 1611 1655 ἁγίας
1659 1592 1709 1640 α’
1760 1585 1912 1638 συνό-

337 1692 468 1755 δους
510 1708 527 1738 ι
571 1687 976 1756 Ἀπηγόρευσεν
1041 1685 1074 1754 ὴ
1131 1684 1341 1751 μεγάλη
1405 1680 1620 1741 σύνοδος
1681 1679 1910 1732 καθόλου

341 1783 478 1852 μήτε
529 1780 836 1846 ἐπισκόπῳ,
873 1777 1012 1846 μήτε
1052 1774 1432 1845 πρεσϐυτέρῳ,
1479 1774 1616 1842 μήτε
1654 1773 1907 1842 διακόνῳ,

341 1874 478 1941 μήτε
511 1872 647 1932 ὅλως
691 1870 802 1922 τινὶ
830 1870 938 1921 τῶν
985 1871 1044 1920 ἐν
1075 1869 1263 1937 κλήρῳ
1292 1865 1512 1938 ,ἐξεῖναι
1562 1865 1911 1918 συνείσεικτον

337 1965 514 2031 ἔχειν·
549 1963 690 2032 πλὴν
719 1963 767 2013 εί
803 1963 877 2030 μὴ
904 1962 1012 2030 ἄρα.
1051 1960 1288 2028 μητέρα,
1329 1956 1361 2026 ἦ
1395 1957 1652 2024 ἀδελφὴν,
1681 1955 1714 2024 ἢ
1739 1955 1909 2019 θείαν,

336 2053 432 2120 ἢᾶ.
468 2053 605 2120 μόνα
653 2049 922 2120 πρόσωπα
969 2049 1151 2100 πᾶσαν
1205 2044 1446 2112 ὑποψίαν
1492 2043 1848 2110 διαπφευγε.
1890 2061 1906 2092 ι

335 2144 536 2194 Τοῦτον
568 2142 658 2194 τὸν
687 2141 886 2194 κανόνα
933 2137 1264 2206 ἐξηγοῦνται
1296 2139 1344 2188 ot
1373 2136 1602 2204 Γραικοὶ
1636 2137 1766 2204 περὶ
1803 2135 1912 2187 τῶν

333 2238 393 2284 ἐν
439 2231 714 2302 ἱερωσύνῃ
768 2231 1012 2298 ὰζύγων,
1070 2231 1166 2282 καὶ
1216 2228 1654 2298 προφασίζονται
1694 2216 1910 2294 προφά-

338 2341 452 2386 σεις
484 2325 541 2375 ἐν
573 2323 872 2390 ἁμαρτίαις
901 2337 916 2351 ·
945 2323 973 2374 6
995 2321 1050 2375 δὲ
1094 2323 1266 2391 μέγας
1295 2320 1580 2382 Βασίλειος
1609 2319 1702 2372 τὸν
1734 2319 1911 2388 ἀληθῆ

335 2415 458 2466 νοῦν
486 2415 846 2484 παραδίδωσι,
880 2413 1168 2482 Γρηγορίῳ
1219 2411 1583 2482 πρεσϐυτέρῳ
1634 2411 1866 2481 γράφων
1895 2428 1907 2440 ’

340 2527 358 2557 ι
397 2507 538 2561 Οὔτε
589 2508 816 2576 πρῶτοι,
861 2505 985 2558 οὔτε
1035 2506 1208 2573 μόνοι,
1241 2501 1286 2560 ὦ
1329 2505 1624 2574 Γρηγόριε,
1659 2504 1915 2573 ἐνομοθε-

260 2644 262 2646 τ
335 2602 578 2669 τήσαμεν
612 2601 848 2668 γυναῖκα
880 2597 1109 2667 ἀνδράσι
1164 2597 1240 2667 μὴ
1288 2597 1563 2648 συνοικεῖν
1595 2613 1607 2626 ·
1634 2596 1750 2648 ἀλλ’
1780 2597 1910 2649 ἀνα-

337 2693 504 2757 γνωθι
534 2692 625 2743 τὸν
653 2691 858 2743 κανόνα
885 2690 978 2742 τὸν
1008 2689 1368 2758 ἐξενεχθέντα
1410 2687 1562 2756 παρὰ
1599 2688 1708 2741 τῶν
1741 2689 1914 2754 ἁγίων

340 2781 598 2848 Ιιατέρων
643 2777 803 2847 ἡμῶν
846 2779 954 2830 τῶν
986 2779 1044 2828 ἐν
1088 2779 1154 2846 τῇ
1196 2776 1402 2845 συνόδῳ
1430 2776 1692 2838 Νικαίας,
1723 2775 1782 2839 ὃς
1811 2795 1913 2844 φα-

333 2871 508 2939 νερῶς
541 2870 876 2938 ἀπαγορεύει
911 2870 1300 2930 συνεισὰκτους
1339 2867 1413 2934 μὴ
1468 2862 1632 2921 εἶναι.
1669 2867 1788 2934 Ἀγν
1815 2870 1912 2938 μία

332 2963 389 3013 δὲ
420 2963 480 3012 ὲν
510 2961 679 3027 τούτῳ
726 2962 840 3032 ἔχει
863 2962 923 3014 τὸ
961 2961 1184 3031 σεμνὸν,
1224 2962 1282 3012 ὲν
1311 2960 1386 3030 τῷ
1432 2961 1774 3029 κεχωρίσθαι
1811 2961 1912 3028 τῆς

335 3053 616 3119 γυναικῶν
663 3053 972 3122 διαγωγῆς·
1024 3052 1099 3114 ὼς
1152 3055 1248 3105 ἐὰν
1303 3051 1778 3119 ἐπαγγελλόμενός
1828 3068 1912 3114 τις

2021 577 2240 629 tertium
2268 575 2388 645 ejus
2417 588 2680 628 canonem
2719 574 2788 625 de
2818 571 3074 640 coniugio
3100 571 3474 634 sacerdotum,
3525 579 3580 625 et

2013 668 2525 737 quinquagesimum
2568 666 2821 734 quintum
2877 663 2944 717 de
2985 660 3244 725 Sabbato,
3288 672 3343 717 et
3380 663 3584 716 videris

2014 757 2241 823 perinde
2271 757 2450 812 facere
2478 771 2542 810 ac
2565 756 2640 810 illi
2669 756 2760 824 qui
2816 755 3028 825 iudices
3063 761 3119 808 et
3165 761 3335 807 testes
3377 750 3586 808 consti-

2017 845 2177 900 tuun't
2203 845 2569 900 adversarios.
2595 844 2664 898 At
2696 845 2749 898 iu
2771 843 3083 914 hujusmodi
3111 845 3272 898 rebus
3303 843 3583 898 aﬂ‘erenda

2014 949 2141 992 sunt
2169 953 2288 1007 quae
2315 937 2455 1006 apud
2493 945 2785 1006 utramque
2837 947 3047 1005 partem
3072 934 3182 990 sint
3209 934 3263 988 in
3306 934 3582 998 eonfcssm

2016 1046 2125 1084 non
2153 1045 2271 1098 qua)
2327 1029 2394 1083 ab
2423 1031 2592 1084 altera
2629 1039 2782 1098 parte
2803 1037 3019 1123 .contra
3065 1029 3156 1099 jus
3186 1027 3376 1097 fasque
3431 1040 3583 1095 gesta

2015 1136 2165 1177 sunt.
2201 1123 2523 1188 Quinisexta
2577 1120 2835 1192 synodus,
2883 1136 3044 1190 quam
3084 1121 3206 1176 sine
3245 1136 3381 1190 papa
3409 1120 3582 1175 Graeci

2016 1214 2366 1268 celebrarunt
2427 1213 2740 1282 impellente
2819 1212 3131 1268 Justiniano
3199 1212 3582 1272 Rhinotmeto.

2016 1306 2334 1360 sehismatis
2365 1304 2466 1359 fuit
2497 1305 2650 1374 origo
2678 1314 2734 1358 et
2761 1304 2944 1360 radix:
2995 1320 3116 1358 nam
3150 1304 3398 1373 deposita
3430 1319 3585 1357 reve‘

2014 1399 2193 1453 rentia
2232 1398 2500 1452 adversus
2525 1397 2936 1465 antiquitatem,
2963 1397 3148 1452 multae
3173 1396 3436 1450 novitatis
3470 1411 3586 1449 ma-

2015 1491 2236 1559 gistram
2289 1505 2349 1544 se
2398 1490 2650 1559 prmhuit.
2713 1487 3000 1556 Quomodo
3054 1491 3198 1544 enim
3227 1505 3402 1544 canon
3467 1490 3586 1558 ejus

2015 1581 2262 1635 decimus
2318 1582 2512 1635 tertius
2571 1582 2934 1636 concordabit
2991 1598 3115 1637 cum
3167 1583 3332 1636 tertio
3384 1592 3586 1636 sanctze

2015 1675 2205 1743 prima:
2225 1675 2416 1745 synodi
2445 1674 2466 1727 ?
2489 1674 2749 1728 Prohibet
2767 1689 2959 1743 magna
2979 1675 3239 1744 synodus.
3270 1689 3338 1729 ne
3361 1675 3586 1728 omnino

2017 1764 2176 1818 liceat
2208 1766 2494 1832 episcopo,
2542 1773 2636 1817 aut
2665 1765 3008 1835 presbytero,
3042 1773 3136 1818 aut
3182 1765 3437 1829 diacono,
3470 1765 3585 1818 sive

2017 1857 2335 1924 cuicunque
2370 1855 2571 1910 clerico
2621 1855 2986 1910 introductam
3024 1855 3228 1910 habere
3258 1856 3585 1918 mulierem;

2017 1945 2120 1999 nisi
2157 1945 2298 2000 forte
2335 1957 2590 2006 matrem.
2623 1957 2718 2001 aut
2763 1963 3038 2013 sororem,
3070 1957 3166 2002 aut
3197 1949 3421 2002 amitam
3451 1966 3464 2011 ;
3500 1951 3584 2004 vel

2017 2051 2111 2091 cas
2145 2045 2353 2090 tantum
2385 2053 2665 2106 personas,
2714 2055 2834 2106 qua:
2871 2053 3089 2092 omnem
3141 2039 3356 2107 fugiunt
3411 2041 3587 2107 suspi-

2016 2128 2255 2182 cionem.
2288 2146 2306 2178 δ
2343 2127 2497 2183 llunc
2524 2144 2788 2183 canoncm
2815 2129 2985 2184 Graeci
3043 2139 3328 2199 exponunt
3381 2130 3448 2184 de
3520 2131 3587 2184 iis

2017 2219 2232 2273 clericis
2260 2220 2568 2288 quivivunt
2609 2222 2660 2275 in
2703 2221 2976 2288 caalibatu,
3013 2221 3329 2277 excusando
3355 2206 3588 2277 caicus:-

2019 2312 2195 2366 tioncs
2253 2315 2306 2366 in
2371 2314 2628 2381 peccatis.
2692 2314 2757 2367 At
2827 2329 3058 2381 magnus
3119 2313 3348 2369 Basilius
3393 2331 3583 2368 verum

2019 2403 2185 2455 tradit
2269 2419 2489 2457 sensum
2556 2404 2806 2459 scribens
2905 2405 3167 2474 Gregorio
3225 2407 3582 2476 presbytero:

2023 2515 2040 2545 ι
2073 2495 2184 2548 Nec
2215 2496 2397 2564 primi.
2433 2511 2535 2550 nec
2576 2499 2674 2549 soli
2709 2512 2832 2561 nos,
2862 2512 2894 2551 ο
2947 2497 3197 2567 Gregori,
3251 2500 3425 2566 legem
3463 2501 3588 2552 tuli-

2018 2601 2138 2640 mus
2165 2596 2442 2641 vetantem
2475 2588 2792 2642 cohabitare
2823 2589 3079 2643 fcminam
3133 2590 3308 2656 viris;
3365 2592 3457 2645 sed
3508 2593 3584 2644 le-

2015 2679 2126 2746 gito
2155 2694 2420 2733 canoncm
2448 2679 2656 2733 editum
2688 2696 2717 2734 a
2749 2681 2953 2734 sanctis
2990 2681 3246 2735 Patribus
3272 2684 3474 2737 nostris
3532 2687 3584 2738 in

2018 2766 2230 2821 Nicmna
2261 2767 2488 2836 synodo,
2525 2768 2620 2835 qui
2655 2768 2943 2821 manifeste
2998 2768 3254 2836 prohibet
3294 2785 3362 2822 ne
3395 2769 3586 2822 mulie-

2019 2875 2106 2912 res
2137 2859 2464 2916 introductas
2496 2861 2629 2914 sint.
2670 2859 2965 2914 Czelibatus
3029 2871 3210 2914 autem
3273 2861 3373 2914 hoc
3425 2862 3586 2915 habet

2015 2950 2296 3014 eximium,
2323 2950 2797 3020 siquisabstincat
2821 2967 2849 3005 a
2881 2952 3172 3005 mulierum
3201 2953 3581 3007 contubernio.

2016 3042 2169 3107 Quod
2194 3042 2240 3095 si
2261 3045 2384 3112 quis
2415 3042 2734 3112 profiteatur
2769 3045 2988 3113 quidem
3018 3046 3244 3101 nomine
3277 3057 3437 3101 tenus
3481 3062 3585 3100 crc-

334 3146 411 3213 τῷ
445 3146 690 3215 ὀνόματι,
723 3145 868 3215 ἔργῳ
896 3147 961 3197 τὰ
986 3145 1092 3197 τῶν
1115 3147 1233 3204 ταῖς
1265 3143 1484 3211 γυναιξὶ
1519 3142 1905 3196 συνοικούντων

2021 3135 2269 3198 libatum,
2297 3135 2392 3219 sed
2417 3151 2473 3189 re
2494 3136 2605 3204 ipsa
2629 3147 2850 3206 peragat
2881 3138 3024 3206 quod
3053 3139 3086 3191 ii
3106 3139 3197 3208 qui
3223 3139 3428 3208 degunt
3455 3153 3582 3214 cum

337 3241 491 3307 ποιῇ,
527 3239 681 3303 δῆλός
710 3242 825 3292 ἐστι
858 3240 917 3290 τὸ
950 3239 1047 3306 μὲν
1075 3239 1170 3306 τῆς
1204 3236 1502 3305 παρθενίας
1538 3235 1736 3302 σεμνὸν
1764 3238 1820 3287 ἐν
1846 3241 1910 3305 τῇ

289 3391 306 3403 _
338 3333 684 3401 ’προσηγορία⁸
735 3333 973 3395 διώκων,
1007 3331 1100 3383 τοῦ
1133 3331 1190 3383 δὲ
1224 3328 1350 3381 καθ’
1399 3329 1596 3398 ἡδονὴν
1630 3328 1910 3398 ἀπρεποῦς

341 3411 418 3491 μή
457 3425 845 3493 ἀφιστάμενος.
884 3441 902 3474 t
1188 3479 1192 3483 _

425 3515 512 3566 Ἐν
537 3513 747 3577 τούτοις
795 3517 823 3568 ὁ
873 3515 1045 3584 μέγας
1098 3513 1290 3584 Πατὴρ
1326 3514 1385 3567 τὺ
1417 3514 1804 3574 συνεισάκτους
1839 3512 1912 3582 μὴ

336 3604 476 3658 εἶναι
503 3607 696 3659 ταυτὸν
723 3604 864 3658 εἶναι
901 3607 1152 3677 βούλεται
1186 3611 1249 3677 τῇ
1284 3610 1522 3678 ἀγαμία.
1558 3609 1669 3661 Καὶ
1693 3610 1721 3661 ὃ
1749 3625 1911 3676 φησιν

335 3703 369 3766 ἡ
427 3699 554 3766 αγία
613 3699 853 3762 σύνοδος,
932 3701 1265 3768 ἐπισκόπῳ,
1327 3701 1730 3768 πρεσϐυτέρῳ,
1787 3699 1909 3752 δια-

337 3792 516 3855 κόνῳ,
547 3791 899 3860 παραφραζει
928 3795 954 3843 6
988 3794 1166 3859 μέγας
1208 3792 1492 3854 Βασίλειος
1522 3795 1598 3854 είς
1625 3792 1706 3854 τὸ,
1741 3810 1758 3842 ι
1815 3793 1904 3842 ἀνι

331 3883 491 3952 δράσι
552 3885 626 3953 μὴ
684 3886 992 3936 συνοικεῖν·
1035 3903 1051 3934 ι
1094 3888 1191 3935 καὶ
1239 3884 1320 3947 τὸ,
1359 3901 1377 3934 ι
1429 3885 1566 3954 μήτε
1617 3885 1754 3945 ὅλως
1801 3883 1908 3935 τινὶ⁹

335 3973 446 4025 τῶν
499 3978 555 4026 ὲν
609 3975 815 4044 κλήρῳ,
857 3993 876 4025 ι
922 3975 1081 4037 αὐτὸς
1114 3975 1408 4044 ὲρμηνευει
1451 3975 1712 4043 φάσκων·
1751 3993 1768 4024 ι
1820 3974 1906 4036 Ὠς

338 4067 437 4117 ἐὰν
466 4066 932 4136 ἐπαγγελλόμενός
968 4084 1052 4129 τις
1090 4066 1166 4136 τῷ
1192 4066 1439 4132 ὀνόματι,
1477 4066 1626 4135 ἔργῳ
1672 4068 1799 4135 ποιῇ
1837 4065 1906 4117 τὰ

336 4160 450 4213 τῦν
486 4160 884 4213 συνοικούντων
929 4165 1046 4222 ταῖς
1083 4161 1348 4228 γυναιξίν.
1391 4179 1409 4212 ι
1457 4161 1622 4212 Ὥστε
1651 4159 1742 4211 τὸν
1778 4155 1903 4211 νοῦν

331 4251 430 4304 τοῦ
467 4253 687 4314 κανόνος
717 4251 857 4306 κατὰ
885 4254 975 4305 τὸν
1002 4253 1179 4322 μέγαν
1206 4251 1488 4304 Βασίλειον
1517 4246 1655 4304 εῖναι
1689 4249 1902 4302 τοῦτον·

336 4365 356 4394 ο
413 4345 829 4415 Ἀπηγόρευσεν
881 4348 913 4414 ἡ
965 4349 1177 4417 μεγάλη
1236 4345 1455 4409 σύνοδος
1507 4345 1738 4400 καθόλου
1788 4347 1903 4407 τοῖς

331 4437 632 4506 ἱερωσύνην
705 4437 1196 4506 ἐπαγγελλομένοις
1269 4440 1540 4492 συνοικεῖν
1628 4437 1899 4504 γυναιξὶν,

2020 3227 2257 3291 feminis,
2321 3241 2470 3284 certe
2526 3230 2892 3298 virginitatem
2933 3232 3022 3286 ille
3055 3233 3275 3301 quidem
3333 3235 3584 3303 specioso

2020 3319 2177 3372 titulo
2224 3321 2602 3388 persequitur,
2646 3323 2739 3376 scd
2776 3338 2807 3378 a
2851 3323 3096 3379 fceditate
3134 3326 3432 3395 voluptatis
3463 3342 3583 3382 sese

2020 3425 2127 3462 non
2193 3410 2465 3464 continet.
2494 3431 2511 3462 ι

2086 3497 2142 3551 ln
2169 3498 2253 3553 his
2280 3516 2508 3570 magnus
2530 3501 2690 3558 Pater
2716 3519 2813 3572 pro
2844 3507 3038 3559 eodem
3075 3507 3296 3577 accipit,
3340 3523 3444 3562 non
3482 3508 3582 3562 ha-

2014 3587 2143 3642 bere
2171 3589 2557 3660 introductam,
2589 3603 2647 3648 et
2706 3597 2909 3650 servari
2941 3597 3272 3652 caelibatum.
3317 3600 3380 3653 Et
3435 3601 3580 3669 quod

2013 3679 2086 3734 ait
2123 3691 2308 3734 sancta
2333 3684 2591 3752 synodus,
2637 3688 2895 3755 episcopo,
2958 3689 3294 3756 presbytero,
3331 3693 3578 3756 diacono,

2014 3772 2330 3839 paraphrasi
2363 3782 2521 3830 utens
2548 3791 2775 3844 magnus
2804 3779 3054 3844 Basilius,
3090 3798 3109 3830 ‹
3139 3781 3290 3847 viris,
3341 3783 3436 3847 ait,
3470 3800 3578 3839 non

2013 3861 2368 3926 cohabitare;
2408 3882 2424 3914 ι
2460 3872 2514 3918 et
2543 3866 2710 3918 verba
2765 3866 2875 3932 illa,
2917 3886 2934 3919 t
2959 3869 3074 3923 sive
3105 3870 3418 3940 cuicunque
3467 3872 3580 3928 clc-

2012 3951 2148 4017 rico,
2180 3970 2198 4003 ι
2239 3954 2353 4022 ipse
2387 3953 2466 4008 sic
2499 3953 2912 4024 interpretatur,
2957 3977 2974 4010 ι
3006 3957 3064 4012 Si
3096 3959 3222 4029 quis
3253 3959 3581 4028 profiteatur

2012 4044 2230 4113 quidem
2260 4046 2480 4099 nomine
2519 4055 2679 4100 tenus
2711 4047 3044 4114 caelibatum,
3109 4051 3207 4104 sed
3259 4066 3317 4105 re
3352 4065 3580 4122 peragat

2010 4137 2155 4206 quod
2183 4138 2218 4190 ii
2251 4139 2344 4206 qui
2374 4137 2581 4206 degunt
2622 4154 2743 4192 cum
2797 4139 3034 4195 feminis.
3070 4159 3088 4192 ο
3140 4141 3214 4195 lta
3264 4153 3324 4195 ut
3382 4157 3578 4198 sensus

2007 4226 2235 4282 canonis
2261 4228 2330 4282 de
2359 4238 2543 4283 mente
2567 4228 2839 4284 Basiliisit
2861 4229 2985 4285 hic:
3024 4250 3041 4282 ι
3074 4231 3342 4286 Prohibet
3381 4247 3573 4303 magna

2006 4317 2246 4388 synodus
2302 4320 2557 4374 omnibus
2631 4322 2856 4377 omnino
2930 4323 3227 4379 sacerdotii
3315 4325 3577 4395 gradibus

2007 4407 2328 4464 cohabitare
2352 4410 2590 4476 feminis,
2615 4426 2737 4466 cum
2769 4414 3072 4469 caelibatum
3103 4430 3322 4471 servare
3355 4426 3574 4473 tenean-

326 4503 526 4587 οἵτινες
563 4503 804 4596 αγαμίαν
845 4503 1035 4601 τηρεῖν
1085 4529 1418 4598 ὀφείλουσιν.
1455 4547 1473 4579 ι
1502 4503 1656 4582 Κατᾶ
1686 4529 1743 4581 δὲ
1771 4531 1896 4591 τοὺς

2011 4509 2115 4555 tur.
2144 4519 2164 4551 ι
2229 4505 2295 4555 At
2331 4503 2486 4573 juxta
2541 4503 2851 4560 Cra-corum
2899 4508 3226 4578 interpretes
3252 4522 3451 4565 sensus
3485 4513 3574 4565 hic

325 4622 600 4690 ἐξηγητὰς
653 4623 760 4674 τῶν
793 4622 1040 4692 Γραικῶν
1085 4622 1177 4673 τὸν
1230 4621 1358 4672 νοῦν
1418 4617 1556 4673 εἶναι
1611 4619 1890 4672 τοιοῦτον·

331 4730 351 4763 ι
398 4712 806 4781 Ἀπηγόρευσεν
868 4715 897 4782 ἡ
957 4712 1166 4781 μεγάλη
1225 4712 1444 4774 σύνεδος
1500 4711 1730 4765 καθόλου
1784 4714 1894 4774 τοῖς

322 4806 561 4876 ἀγάμοις
613 4806 720 4857 τῶν
758 4807 946 4874 ἱερέων
994 4805 1207 4873 γυναιξὶ
1264 4806 1572 4857 συνοικεῖν·
1620 4803 1895 4872 ὀφείλουσι

321 4885 682 4966 γὰρ-φεύγειν
713 4897 809 4967 τὴν
840 4897 1240 4965 λαορογαμίαν,
1279 4914 1296 4945 ι

396 4987 553 5040 Οὕτω
599 4987 872 5056 διαφνὶρως
928 4980 1170 5054 ἐχουσῶν
1214 4985 1323 5040 τῶν
1383 4985 1723 5052 ἐξηγήσεων,
1752 4983 1897 5046 ἀξιο-

322 5079 645 5148 πιστότερος
697 5082 869 5148 samo
909 5081 936 5128 6
974 5079 1146 5143 μέγας
1203 5075 1482 5137 Βασίλειος
1515 5075 1607 5127 καὶ
1643 5074 1894 5140 ἁγιότητι

322 5179 413 5224 καὶ
461 5173 780 5240 ἀρχαιότητι
813 5175 906 5223 καὶ
939 5172 1100 5238 σοφία
1151 5169 1468 5236 διαπρέπων
1493 5181 1507 5199 ·
1536 5167 1598 5219 ού
1630 5167 1735 5236 μὴν
1760 5166 1897 5218 ἀλλὰ

325 5263 418 5314 καὶ
454 5261 868 5331 μαρτυροῦντας
904 5261 1050 5328 αύτῴ
1078 5260 1214 5328 ἔχων
1263 5257 1353 5309 τὸν
1393 5257 1682 5327 Παμφίλου
1730 5256 1899 5307 Εὐσέ-

323 5359 460 5417 6ιον,
511 5359 602 5405 καὶ
653 5355 742 5404 τὸν
791 5352 946 5421 ᾶγιον
1003 5351 1363 5420 Ἐπιφάνιονο
1396 5345 1470 5406 ὧν
1523 5350 1550 5401 6
1607 5346 1893 5417 Παμφίλου

322 5448 415 5492 καὶ
454 5445 516 5511 τῇ
573 5443 764 5514 πρώτῃ
812 5444 1016 5512 παρῆν,
1053 5443 1144 5495 καὶ
1197 5443 1295 5512 τὴν
1341 5441 1553 5493 ἔννοιαν
1602 5439 1708 5491 τοῦ
1744 5440 1896 5489 ἐκτε-

250 5564 254 5568 -
322 5533 507 5595 θέντος
561 5537 782 5596 κανόνος
833 5535 1112 5604 ἐξηγεῖται
1141 5537 1195 5587 ἐν
1225 5535 1303 5603 τῷ
1337 5531 1539 5603 πρώτῳ
1565 5533 1664 5602 τῆς
1705 5533 1894 5599 Εὐαγ-

324 5625 569 5694 γελικῆς
606 5626 1018 5693 Ἀπτοδείξεως,
1044 5628 1244 5680 οὑτωσὶ
1273 5627 1447 5694 λέγων
1467 5643 1481 5657 ·
1516 5645 1534 5677 ι
1570 5627 1712 5697 Χρὴ,
1732 5627 1895 5694 φησὶν

323 5721 349 5770 6
383 5720 574 5787 Λόγος,
604 5721 695 5772 τὸν
748 5721 1046 5774 ἐπίσκοπον
1101 5721 1384 5788 γεγονέναι
1448 5719 1577 5788 μιᾶς
1633 5720 1894 5787 γυναικὸς

323 5815 512 5882 ἀνδρα·
540 5816 700 5868 πλέον
749 5814 882 5868 ἀλλὰ
933 5817 1043 5877 τοῖς
1096 5816 1436 5886 ίερωμένοις,
1469 5813 1560 5866 καὶ
1613 5813 1742 5881 περὶ
1799 5815 1894 5880 τὴν

655 5910 920 5968 PnueL.
961 5914 1074 5969 (in.
1125 5905 1390 5971 CXLIX.

2001 4600 2124 4648 est:
2158 4610 2177 4644 ι
2203 4594 2467 4650 Prohibet
2516 4597 2742 4652 omnino
2778 4609 2966 4658 sancta
3022 4601 3262 4672 synodus
3295 4617 3364 4656 ne
3393 4619 3573 4659 sacer-

1997 4682 2158 4738 dotes
2210 4686 2426 4740 caelibes
2478 4682 2797 4743 cohabitent
2858 4690 3113 4758 feminis;
3163 4693 3369 4750 debent
3424 4712 3571 4750 enim

2004 4775 2214 4830 evitare
2249 4777 2452 4832 furtiva
2487 4795 2610 4833 cum
2674 4781 2998 4839 mulieribus
3020 4787 3374 4840 commercia.
3406 4804 3434 4840 ι,

2065 4979 2201 5034 Cum
2217 4997 2348 5051 ergo
2377 4981 2605 5036 diversa:
2629 4981 3108 5052 interpretationes
3132 4985 3262 5049 sint,
3283 4995 3432 5040 certe
3471 4986 3572 5039 fide

1998 5073 2216 5141 dignior
2240 5085 2327 5128 est
2352 5074 2586 5130 Basilius
2619 5091 2867 5146 magnus,
2892 5079 3204 5142 sanctitate,
3243 5077 3571 5145 antiquitate

1997 5177 2049 5221 ct
2069 5160 2293 5221 scientia
2315 5169 2547 5236 pollens,
2569 5169 2866 5239 praesertim
2891 5184 3014 5223 cum
3033 5176 3354 5222 attestantes
3375 5167 3571 5221 habeat

1996 5268 2051 5311 ct
2083 5259 2373 5312 Eusebium
2428 5259 2717 5327 Pamphili,
2749 5268 2805 5313 et
2865 5269 3111 5313 sanctum
3172 5258 3563 5328 Epiphaniam.

1998 5349 2166 5402 Porro
2198 5351 2466 5403 Eusebius
2505 5359 2559 5404 rt
2588 5354 2776 5418 prima;
2809 5351 3018 5420 synodo
3053 5349 3318 5418 interfuit,
3346 5359 3401 5405 et
3439 5367 3568 5404 σου-υ

1998 5457 2116 5493 sum
2148 5442 2379 5508 expositi
2414 5446 2643 5497 canonis
2695 5445 2937 5497 declarat
3000 5442 3145 5497 libro
3171 5460 3189 5496 ι
3221 5442 3564 5496 Demonstra-

1999 5534 2154 5588 tiom’s
2208 5532 2558 5604 Erangeticav,
2615 5536 2700 5589 his
2753 5537 2981 5590 verbis:
3036 5535 3323 5606 (Oportet,
3389 5536 3566 5602 inquit

1999 5627 2305 5696 Scriptura,
2341 5629 2658 5696 episcopum
2724 5629 2886 5682 unius
2924 5629 3090 5683 fuisse
3152 5629 3336 5682 uxoris
3363 5626 3558 5678 virum.

1997 5718 2266 5772 Caeterum
2304 5727 2357 5772 et
2414 5719 2721 5774 sacerdotio
2760 5720 3130 5788 fungentibus,
3181 5731 3236 5774 et
3281 5719 3424 5771 circa
3467 5718 3558 5772 Dei

2001 5812 2206 5866 cultum
2256 5813 2538 5882 occupatis
2589 5812 2843 5866 convenit
2882 5813 3141 5881 deinceps
3171 5827 3228 5865 se
3255 5826 3288 5890 β
3328 5823 3534 5864 census

3118 5903 3196 5965 26.
