4088 6294
524 304 628 367 815
1680 294 2050 362 ΜΑΤΤΙΙᾸΞΙ
2089 306 2109 362 (

2215 295 2616 362 ιΥοιιιιγιΜ
3634 308 3726 372 816

526 419 867 492 interpositis
899 419 1260 473 rcfociHatum
1300 417 1486 483 fuerit,
1531 418 1686 473 facile
1736 420 1938 473 deficit.
1986 419 2092 472 Ne.-

2215 436 2318 472 ›αιν
2349 419 2634 488 ἀναψυχὴν
2663 417 2978 483 ἀναγκαίως
3014 416 3423 486 ἐπιζητοῦντος.
3454 419 3556 474 Καὶ
3583 425 3718 476 οὐδα-

520 527 627 584 que
660 525 891 580 usquam
921 509 1150 563 canonis
1201 509 1482 578 apostolici
1540 508 1786 562 meminit
1851 508 1920 562 de
1964 508 2097 562 Sab-

532 609 678 662 bato.
705 604 883 670 Quare
915 603 1147 657 duorum
1177 603 1408 656 alterum
1451 600 1697 655 dicamus
1726 615 1951 656 necesse
1978 611 2092 655 est:

483 687 491 750 ί
525 700 608 751 rei
646 698 780 752 tales
811 705 1105 763 tantosque
1137 693 1284 747 viros
1311 691 1589 747 laborasse
1617 692 1946 760 ignorantia,
1973 706 2095 745 cum

529 801 706 843 tamen
734 787 1072 856 antiquiores
1133 783 1358 848 fuerint,
1402 791 1457 838 et
1487 784 1717 852 proinde
1753 781 2099 852 antiquitatis

530 880 698 948 magis
749 878 932 947 periti,
992 876 1076 932 vel
1134 876 1501 945 quinisextam
1542 874 1807 939 synodum
1860 889 1981 942 qua:
2032 872 2098 926 de

525 967 764 1022 Sabbato
802 982 1067 1021 canonem
1110 967 1304 1029 edidit,
1341 975 1396 1020 et
1453 975 1680 1018 cancros
1708 979 1969 1027 canones,
2003 970 2102 1032 per

525 1077 664 1130 quos
687 1076 816 1115 ausa
842 1068 927 1114 est
979 1060 1234 1114 Ecclesiae
1267 1058 1525 1113 Romana:
1573 1073 1778 1127 ponere
1807 1056 1972 1125 leges,
2024 1056 2097 1108 nil

527 1153 674 1206 aliud
703 1154 880 1223 egisse
910 1168 1072 1221 quam
1108 1150 1268 1205 novis
1291 1151 1455 1204 rebus
1471 1150 1770 1214 studuisse,
1791 1157 1847 1202 et
1872 1147 2100 1203 exordio

526 1235 863 1300 schismat'is.
917 1246 1021 1298 l’cr
1056 1245 1192 1298 tales
1231 1258 1362 1299 vero
1425 1258 1663 1297 canones
1707 1241 2099 1312 reprehensum

529 1340 674 1394 velle
732 1354 948 1408 papam,
975 1347 1031 1392 et
1092 1337 1404 1407 huiusmodi
1433 1337 1739 1391 canonibus
1786 1350 1909 1390 esse
1945 1336 2098 1390 illum

526 1431 858 1499 subjectum,
887 1439 974 1483 est
1013 1429 1116 1484 sibi
1157 1430 1450 1492 assentari,
1487 1439 1542 1482 et
1574 1428 1724 1483 virus
1757 1427 1867 1481 odii
1903 1437 2100 1480 contra

529 1539 720 1594 papam
752 1538 1027 1577 evomere.
1070 1521 1258 1591 Itaque
1293 1523 1338 1574 si
1371 1537 1564 1591 papam
1588 1522 1711 1590 jure
1758 1520 1944 1574 divino
1981 1533 2102 1572 esse

528 1616 810 1669 custodem
849 1624 904 1670 et
928 1612 1198 1668 medicum
1260 1613 1540 1677 Ecelesia-,
1578 1613 1856 1681 totiusque
1901 1626 2098 1680 corpo-

531 1708 607 1760 ris
635 1708 878 1774 oculum,
916 1707 1055 1761 idem
1089 1715 1172 1760 est
1233 1705 1602 1774 metaphorice
1655 1705 1799 1772 quod
1859 1719 1978 1758 esse
2007 1721 2104 1774 gu-

534 1803 878 1853 bernatorem
914 1809 970 1852 et
1015 1806 1288 1867 pastorem
1320 1815 1334 1860 ;
1374 1810 1429 1851 et
1476 1808 1663 1867 pastor
1693 1814 1798 1850 non
1836 1799 2098 1866 pascitur,

531 1875 662 1958 ergo
687 1905 862 1957 neque
897 1889 1383 1959 judcxjudicatur.
1419 1877 1554 1942 Etsi
1580 1887 1770 1956 judcx,
1817 1901 1925 1939 non
1975 1885 2097 1939 ideo

535 1983 956 2050 tyrannus,quia
978 1981 1390 2050 nonjudicatur,
1417 1987 1621 2032 temere
1650 1993 1840 2048 papam
1866 1987 2104 2046 tyranno.

532 2075 822 2137 assimilas,
848 2074 940 2141 qui
963 2073 1127 2143 judex
1158 2088 1186 2125 a
1223 2072 1330 2126 Deo
1361 2071 1714 2135 constitutus,
1765 2085 1793 2122 a
1826 2069 1936 2124 Deo
1959 2084 2100 2137 quo-

533 2183 640 2237 que
673 2167 837 2222 habet
867 2177 926 2220 ut
951 2182 1059 2221 non
1089 2165 1386 2236 judicetur.

1031 2459 1236 2522 NILUS
1259 2447 1420 2536 (capi
1443 2463 1610 2536 xw).

605 2579 761 2646 Quod
804 2590 935 2633 vero
966 2593 1102 2648 papa
1135 2580 1355 2648 majoris
1410 2594 1522 2632 non
1570 2579 1640 2633 sit
1665 2577 1875 2633 ordinis
1938 2594 2100 2649 quam

535 2674 886 2745 episeOpalis,
955 2681 1170 2726 constat
1237 2687 1301 2726 ex
1352 2671 1544 2736 dictis;
1625 2672 1904 2741 quomodo
1957 2672 2104 2726 enim

539 2767 912 2837 eorrigeretur
939 2765 1007 2818 ab
1059 2764 1416 2818 inferioribus
1442 2764 1466 2817 ?
1495 2773 1551 2818 et
1597 2765 1784 2820 Patres
1809 2767 1961 2820 illum
1993 2766 2105 2820 Ro-

539 2873 642 2911 m'e
682 2856 1001 2925 episcopum
1058 2862 1281 2919 vocant,
1337 2861 1391 2909 et
1421 2855 1489 2909 ab
1513 2854 1785 2926 episcopis
1813 2871 2104 2911 consecra-

540 2961 653 3005 tur.
704 2950 906 3004 Beatus
930 2962 1149 3018 quoque
1189 2947 1498 3017 Dionysius,
1551 2948 1644 3016 qui
1710 2947 1814 3001 fuit
1862 2955 2107 3018 tempore

545 3041 938 3111 apostolorum,
1047 3037 1236 3090 divisit
1338 3036 1705 3090 bierarchiam
1778 3039 2108 3092 ecclesiasti-

2205 511 2305 578 μοῦ
2359 512 2636 580 μέμνηται
2684 512 2911 572 κανόνος
2961 511 3326 563 ἀποστολικοῦ
3363 513 3732 582 διαγορεύοντος

2201 601 2330 671 περὶ
2383 600 2477 652 τοῦ
2538 600 2845 654 Σκῦϐάτου.
2893 601 3057 654 Ὥστε
3110 601 3256 654 δυοῖν
3322 602 3540 672 θάτερον
3589 609 3735 659 εἰπεῖν

2200 694 2517 760 ἀναγκαῖον,
2569 694 2602 763 ἢ
2655 693 2946 753 τοαούτους
3007 697 3098 745 καὶ
3155 695 3508 761 τηλικούτους
3570 698 3735 766 ἄνδρας

2200 781 2582 852 πεπλανῆσθαι
2618 783 2711 835 ὑπ’
2742 782 3008 851 ἀμαθίας,
3045 785 3340 838 καὶταῦτα
3375 787 3734 856 ἀρχαιοτέρους

2201 875 2379 939 ὄντας,
2427 877 2520 927 καὶ
2573 874 2663 927 διὰ
2695 873 2855 926 τοῦτο
2898 877 2964 928 τὰ
3012 877 3110 942 τῆς
3163 876 3520 946 ἀρχαιότητος
3571 880 3740 946 μᾶλλον

2201 965 2406 1027 εἰδότας
2430 979 2442 992 '
2472 965 2502 1034 ἢ
2533 967 2657 1028 τοὺς
2687 966 2785 1035 τῆς
2816 964 3120 1036 πενθὲκτης
3151 968 3374 1020 συνόδου
3404 969 3736 1030 ἐκδεδωκίτας

2201 1059 2290 1110 τὸν
2331 1058 2531 1110 κανόνα
2581 1059 2708 1126 περὶ
2753 1055 2846 1108 τοῦ
2895 1056 3199 1122 Σαϐϐάτου,
3239 1061 3332 1112 καὶ
3377 1061 3506 1121 τοὺς
3549 1059 3742 1122 λοιποίς

2201 1153 2456 1214 κανόνας,
2505 1151 2560 1201 ἐν
2595 1144 2677 1211 οἷς
2705 1149 3078 1217 τετολμήκασι
3113 1152 3216 1220 τὴν
3261 1150 3576 1222 Ῥωμαϊκὴν
3603 1170 3742 1205 xxv;-

2200 1245 2346 1297 vimt
2390 1243 2745 1310 Ἐκκλησίαν,
2777 1242 2931 1294 οὐδὲν
2987 1242 3118 1294 ἄλλο
3165 1244 3509 1314 πεπραχέναι
3554 1245 3584 1316 ἦ
3635 1263 3744 1297 νεω-

2199 1337 2495 1406 τερισμοὺς
2544 1335 2640 1388 καὶ
2686 1337 3006 1403 σχισμὲίτων
3067 1337 3353 1404 προοίμια.
3393 1339 3655 1401 Ἰὀιούτοις
3701 1340 3748 1391 δὲ

2203 1431 2390 1483 κανόσι
2468 1429 2650 1494 λέγειν
2723 1428 3082 1495 ἐπιτιμᾶσθαι
3147 1430 3244 1482 κα)⁸
3313 1431 3624 1483 ὑποκεῖσθαι
3672 1433 3746 1482 τὶν

2203 1521 2435 1574 πάππαν
2467 1521 2520 1572 τί
2567 1519 2714 1581 ἄλλο,
2749 1520 2782 1589 ἢ
2813 1521 2878 1571 τά
2901 1519 3160 1572 δοκοῦντα
3187 1520 3384 1587 λέγειν,
3424 1523 3515 1574 καὶ
3542 1525 3598 1574 τὸ
3623 1528 3740 1574 κατᾶ

2203 1613 2295 1665 τοῦ
2343 1614 2543 1665 πάππα
2585 1614 2741 1677 μῖσος
2790 1613 3154 1681 ἐρεύγεσθαις
3187 1611 3328 1665 ὥστε
3357 1613 3518 1682 εἰπερ
3557 1614 3612 1664 τὸ
3636 1607 3751 1664 εἷντι

2207 1703 2337 1771 θείῳ
2379 1703 2572 1771 δικαίῳ
2621 1703 2841 1770 φύλακα
2885 1707 2977 1754 τὸν
3018 1705 3272 1766 πάππαν,
3309 1704 3407 1756 καὶ
3462 1705 3632 1772 ἰατρὸν
3667 1706 3751 1765 τῆς

2219 1797 2570 1865 Ἐκκλητίας,
2606 1796 2702 1848 καὶ
2750 1794 3032 1864 ὀφθαλμὸν
3071 1795 3164 1847 τοῦ
3205 1795 3330 1847 ὅλου
3371 1797 3638 1864 σώματος,
3672 1814 3751 1863 με-

2209 1887 2524 1956 ταφορικῶς
2573 1886 2870 1954 λεγόμενον
2919 1888 3117 1938 ’σαυτόν
3166 1889 3283 1938 ἐστι
3319 1888 3379 1938 τὸ
3415 1884 3552 1940 εἶναι
3585 1887 3755 1954 κυϐερ-

2210 1981 2380 2049 νήτην
2432 1980 2525 2031 καὶ
2577 1982 2849 2047 ποιμένα·
2885 1979 2981 2030 καὶ
3014 1981 3042 2032 ὁ
3089 1978 3292 2048 ποιμὴν
3319 1979 3378 2030 οὐ
3419 1980 3608 2047 ποιμαί
3639 1997 3755 2040 sui,

2212 2071 2320 2139 ἄρα
2351 2070 2443 2122 καὶ
2473 2072 2500 2118 ὁ
2532 2070 2725 2138 κριτὴς
2755 2070 2816 2120 οὔ
2849 2070 3134 2136 κρίνεται·
3165 2072 3258 2122 καὶ
3294 2070 3456 2139 εἴπερ
3488 2071 3542 2123 οὺ
3581 2073 3755 2139 1-3va-

2214 2180 2302 2223 vo;
2356 2165 2383 2214 ὀ
2446 2161 2638 2230 κριτὴς
2699 2161 2789 2212 διά
2849 2160 2908 2211 τὸ
2967 2163 3041 2230 μὴ
3093 2162 3403 2231 κρίνεσθαι,
3468 2163 3760 2232 παραλόγως

2213 2254 2464 2323 τυράννῳ
2513 2252 2758 2316 εἰκάζεις
2803 2252 2893 2303 τὸν
2945 2254 3203 2317 πάππαν,
3233 2252 3292 2315 ὃς
3339 2254 3530 2306 θεόθεν
3561 2255 3686 2322 ἔχων
3712 2256 3763 2304 τὸ

2216 2347 2444 2416 κρίνειν,
2479 2344 2688 2396 ἐκεῖθεν
2715 2345 2830 2413 ἔχει
2861 2347 2955 2397 καὶ
2988 2343 3049 2397 τὸ
3083 2345 3160 2416 μὴ
3191 2344 3496 2414 κρίνεσθαι.

2871 2451 3146 2516 ΝΕΙΛΟΣ.

2293 2596 2312 2628 ι
2358 2577 2481 2629 Ὀτι
2513 2575 2568 2628 δὲ
2605 2577 2701 2629 καὶ
2743 2575 2990 2643 μείζονος
3024 2576 3229 2642 τάξεως
3281 2577 3312 2645 ἢ
3349 2580 3476 2630 κατ’
3504 2578 3766 2631 ἐπῖσκοπον

2214 2668 2316 2721 οὐκ
2360 2669 2475 2720 ἐστι
2521 2671 2580 2720 τὸ
2618 2668 2741 2721 κατ’
2770 2667 2958 2727 αὐτὸν,
2990 2668 3152 2737 δῆλον
3185 2671 3282 2738 μὲν
3307 2672 3402 2722 καὶ
3434 2671 3492 2736 ἐξ
3527 2665 3600 2723 ὧν
3633 2671 3764 2740 είρη·

2215 2775 2306 2811 ται
2327 2774 2342 2790 θ
2381 2758 2502 2822 πῶς
2532 2759 2640 2828 γάρ
2672 2759 2824 2828 παρὰ
2849 2758 2958 2812 τῶν
3006 2760 3224 2813 ἔλαττον
3273 2761 3509 2831 ἐχόντων
3538 2762 3768 2814 εὐθύνετο

2218 2852 2318 2911 ἂνξ
2375 2850 2470 2903 καὶ
2516 2851 2818 2903 ἐπίσκοπον
2863 2850 2920 2903 δὲ
2976 2851 3192 2921 Ῥώμης
3244 2852 3405 2906 αὐτὸν
3454 2856 3503 2907 οῖ
3557 2855 3768 2924 Πατέρες

2219 2943 2470 3008 καλοῦσι,
2502 2946 2597 2996 καὶ
2637 2945 2766 3012 παρ’
2818 2945 3138 2997 ἐπισκόπων
3186 2951 3597 3016 χειροτονεῖται.
3643 2947 3697 2998 Ὀ
3721 2947 3769 2997 δὲ

2224 3033 2493 3106 μακάριος
2529 3037 2805 3099 Διονύσιος
2862 3037 2953 3089 ἐπὶ
3005 3039 3113 3090 τῶν
3167 3040 3489 3094 ἀποττόλων
3532 3039 3768 3109 γεγονὼς,

543 3148 662 3185 eam
728 3133 781 3185 in
832 3130 1115 3184 ministros
1195 3127 1508 3182 sacerdOIes
1552 3139 1606 3182 et
1639 3130 1961 3199 episcopos;
2019 3147 2109 3186 nec

2225 3129 2304 3189 εἰς
2361 3127 2716 3195 λειτουργοὺς
2767 3129 2860 3181 καὶ
2915 3129 3094 3198 ἱερέας
3155 3133 3250 3183 καὶ
3311 3133 3641 3194 ἐπισκόπους
3689 3134 3771 3199 τὴν

540 3227 668 3280 licet
716 3239 782 3278 ex
843 3223 1026 3276 verbis
1097 3221 1215 3290 ejus
1263 3221 1585 3290 dignitatem
1647 3221 1940 3290 episcopali
1999 3237 2116 3277 ma-

536 3321 711 3389 jorem
777 3316 1114 3385 excogitare.
1185 3334 1204 3364 ι

1107 3512 1563 3576 CONFUTATIO.
1633 3519 1636 3522 ’

615 3627 731 3687 line
783 3631 850 3686 ad
875 3632 1121 3686 umbram
1149 3648 1391 3702 pugnare
1447 3642 1550 3688 est.
1601 3633 1734 3699 Quis
1788 3634 1936 3690 enim
1981 3634 2120 3689 dixit

549 3741 815 3794 unquam,
849 3740 1042 3793 papam
1072 3725 1296 3794 majoris
1319 3741 1438 3780 esse
1469 3725 1682 3780 ordinis
1713 3742 1873 3794 quam
1908 3729 2120 3796 cpisco-

549 3819 683 3888 palis
707 3818 824 3872 iAn
853 3833 984 3872 vero
1021 3833 1116 3887 per
1146 3829 1195 3873 te
1229 3817 1867 3888 Coustantinopolitanus
1899 3822 2120 3892 majoris

547 3921 630 3966 est
659 3911 868 3966 ordinis
895 3925 1056 3980 quam
1083 3912 1450 3980 episcopalis?
1478 3914 1559 3966 An
1592 3928 1718 3966 vero
1753 3928 1848 3982 per
1893 3922 1942 3969 le
1975 3915 2117 3968 (lon-

549 4005 1065 4072 slautinopolitaims
1097 4004 1320 4073 majoris
1365 4005 1658 4060 estordinis
1703 4021 1866 4075 quam
1907 4005 2120 4074 episco-

553 4098 688 4164 palis
717 4099 736 4150 2
763 4096 816 4152 Si
845 4113 977 4166 ergo
1004 4097 1107 4160 ille,
1139 4112 1264 4150 cum
1293 4097 1364 4151 sit
1384 4099 1695 4167 episcopus,
1728 4098 1892 4151 habet
1940 4106 2118 4152 tamen

548 4193 650 4243 sub
669 4205 728 4244 se
751 4190 1085 4254 liierarchas,
1114 4205 1221 4258 qua
1244 4189 1454 4244 ratione
1481 4205 1650 4258 papa,
1677 4204 1802 4243 cum
1822 4189 1893 4244 sit
1909 4190 2123 4258 episco-

471 4272 478 4278 ’
549 4299 672 4352 pus,
719 4282 1009 4350 primatum
1047 4283 1199 4334 illum
1257 4296 1446 4350 negas,
1489 4281 1647 4352 cujus
1672 4281 1752 4335 illi
1795 4291 1964 4335 testes
1991 4290 2120 4334 sunt

549 4386 717 4426 sacra:
773 4370 1008 4439 synodi?
1035 4369 1168 4424 Cum
1204 4369 1360 4424 tertia
1393 4370 1636 4440 synodus
1687 4380 1962 4436 ageretur,
2006 4370 2118 4424 Bo-

551 4477 746 4516 manus
790 4463 1081 4532 cpiscOpus
1123 4473 1243 4514 erat
1280 4459 1635 4526 leestinus,

553 4553 878 4616 xandrinus,
909 4552 1150 4606 Joannes
1174 4553 1569 4606 Antioelienus.
1605 4553 1862 4621 Deposuit
1882 4552 2118 4608 Joannes

549 4643 810 4714 Cyrillum
844 4661 860 4706 ;
890 4658 1029 4710 aegre
1065 4642 1269 4696 ferebat
1290 4641 1546 4711 Cyrillus,
1578 4643 1723 4710 quod
1753 4658 1878 4696 cum
1903 4641 2120 4712 dignio-

553 4738 629 4790 ris
660 4745 806 4789 esset
847 4735 1011 4800 sedis,
1073 4735 1268 4789 fuisset
1297 4751 1326 4789 a
1356 4735 1572 4790 Joanne
1593 4736 1896 4804 depositus.
1920 4735 2122 4788 Scribit

557 4825 799 4896 synodus
853 4840 1050 4894 rogans
1083 4840 1278 4894 papam
1350 4835 1408 4879 ut
1454 4826 1506 4879 in
1556 4826 1826 4880 Joannem
1874 4825 2122 4880 animad-

554 4927 813 4982 verteret,
851 4931 920 4971 ne
965 4916 1227 4971 Ecclesia:
1288 4932 1374 4970 res
1420 4917 1636 4971 abirent
1705 4920 1760 4970 in
1818 4926 2118 4970 extremam

553 5009 946 5065 confusionem.
976 5007 1052 5062 De
1083 5008 1283 5076 quibus
1314 5009 1569 5062 erunibus
1593 5024 1757 5078 supra
1781 5009 1987 5062 dictum
2013 5021 2118 5063 est.

520 5085 839 5168 'Quomodo
917 5100 1082 5170 igitur
1140 5099 1434 5168 episcopus
1481 5114 1605 5153 eum
1659 5101 1918 5168 episeopo
1976 5100 2118 5168 apud

553 5191 1101 5263 episcopumjudicio
1148 5193 1436 5246 certabat?
1466 5192 1546 5244 An
1594 5191 1729 5246 forte
1761 5191 2015 5262 Cyrillus,
2066 5202 2122 5246 et

557 5286 808 5339 universa
843 5294 1026 5339 sancta
1052 5283 1294 5356 synodus
1325 5283 1605 5352 ignorabat
1636 5285 1878 5338 ordinem
1907 5285 2121 5354 episco-

559 5393 776 5446 porum.
844 5375 959 5430 Non
987 5392 1118 5447 ergo
1160 5376 1461 5444 requiritur
1495 5375 1560 5429 ad
1584 5377 1976 5445 plenitudinem
2030 5394 2120 5432 ec-

557 5467 873 5522 clesiastica:
905 5467 1254 5534 liierarcliie,
1307 5478 1364 5521 ut
1402 5468 1577 5538 prima
1609 5468 1767 5522 sedes
1794 5470 1865 5522 sit
1897 5468 2121 5538 majoris

555 5561 767 5614 ordinis
793 5559 1169 5622 sacerdotalis,
1234 5560 1327 5614 sed
1357 5551 1641 5627 dignitatis
1689 5570 1743 5614 et
1773 5563 2120 5614 auctoritatis

556 5653 799 5722 majoris.
854 5651 967 5704 lloe
1023 5651 1126 5706 sibi
1165 5651 1282 5704 vult
1313 5652 1455 5720 apud
1509 5650 1696 5706 Patres
1722 5662 1887 5706 sexta:
1923 5653 2118 5721 synodi

559 5745 746 5800 titulus
777 5746 884 5809 ille,
939 5743 1434 5812 Ponti/icalissimus
1467 5744 1720 5808 antistes;
1752 5753 1806 5797 et
1846 5759 2004 5798 voces
2057 5745 2121 5797 il-

514 5953 539 5969 ο

2219 3219 2680 3290 ὲκκ).ησιαστικὴν
2735 3221 3019 3290 ἱεραρχίαν
3075 3223 3304 3292 διαιρῶν
3366 3225 3637 3292 φαίνεται,
3688 3225 3766 3276 καὶ

2222 3307 2445 3378 μείζονα
2473 3307 2572 3376 τῆς
2600 3307 2696 3360 τοῦ
2729 3311 3034 3363 ἐπισκόπου
3062 3312 3218 3376 ἀξίας
3264 3313 3374 3367 οὐδ’
3401 3314 3555 3368 ἐστιν
3581 3318 3640 3368 ὲκ
3678 3314 3769 3368 τῶν

2220 3403 2430 3454 ἐκείνου
2461 3402 2636 3469 λόγων
2667 3404 2926 3456 ἐπινοεῖν.
2968 3423 2986 3455 ι

2793 3519 3228 3575 ΑΝἸἸΡΡΗΣΙΣ.

2296 3634 2467 3686 Ἱόὖτο
2513 3637 2845 3703 σκιαμαχεῖν
2894 3637 3066 3701 ἐστιν,
3122 3631 3170 3691 ὧ
3219 3637 3492 3706 βέλτιστε.
3542 3639 3633 3702 Τίς
3681 3641 3777 3706 γὰρ

2225 3719 2345 3777 εἷπέ
2379 3743 2509 3778 ποτε
2539 3728 2649 3780 τῶν
2679 3727 2937 3780 ἁπάντων
2965 3729 3056 3780 τὸν
3092 3729 3326 3782 πάππαν
3371 3733 3622 3800 μείζονος
3652 3729 3776 3782 εἶναι

2219 3818 2428 3882 τάξεως
2471 3818 2758 3888 ἱερατικῆς
2788 3820 2819 3888 ἢ
2853 3820 2974 3872 κατ’
3017 3822 3317 3876 ἐπίσκοπον
3346 3796 3550 3883 aliud:
3593 3827 3647 3876 σὲ
3679 3825 3728 3876 δὲ
3755 3826 3777 3875 ὁ

2223 3909 2851 3971 Κωνσταντινουπόλεως
2898 3910 3144 3980 μείξονός
3176 3915 3326 3966 ἐστιν
3355 3915 3386 3984 ἢ
3423 3917 3546 3970 κατ’
3575 3918 3775 3969 ἐπίσκο-

2221 4012 2324 4055 πον
2370 4003 2612 4070 τάξεως;
2646 4003 2707 4056 Εἰ
2741 4003 2876 4071 γοῦν
2923 4005 3219 4068 ἐπίσκοπος
3255 4007 3329 4059 ὢν
3370 4008 3486 4076 ἔχει
3537 4011 3660 4073 τοὺς
3689 4007 3769 4061 ὑπ’

2220 4097 2381 4148 αὑτὸν
2430 4096 2712 4166 ὶεράρχας,
2744 4097 2851 4149 τίνι
2898 4098 3044 4167 λόγῳ
3088 4101 3180 4149 τον
3221 4101 3454 4153 πάππαν
3488 4102 3615 4155 ὄντα
3669 4101 3776 4153 kz!-

2223 4205 2428 4240 σκοπον
2481 4189 2690 4258 ἀφαιρῇ
2755 4188 2816 4240 τὸ
2872 4192 3144 4257 πρωτεῖον
3203 4193 3418 4257 ἐκεῖνο,
3453 4194 3591 4262 ὅπερ
3645 4194 3774 4258 αὐτῷ

2223 4278 2744 4348 προσμαρτυροῦσιν
2770 4281 2825 4330 al
2855 4280 3099 4346 σύνοδοις
3140 4282 3265 4334 Ἐπὶ
3294 4283 3395 4352 τῆς
3417 4286 3612 4355 τρίτης
3643 4285 3776 4337 συνό-

2222 4370 2313 4421 δου
2366 4373 2684 4433 Κελεστῖνος
2742 4367 2810 4440 ἦν
2877 4373 3099 4450 Ῥῴμης
3149 4375 3468 4441 ἐπίσκοπος,
3531 4377 3773 4448 Κύριλλος

1715 4461 1951 4528 Cyrillus
1990 4463 2106 4517 Ale-

2234 4460 2662 4530 Ἀλεξανδρείας,
2695 4460 2948 4532 Ἰωάννης
3002 4463 3358 4536 Ἀντιοχείας.
3397 4469 3628 4522 Καθεῖλε
3675 4469 3772 4520 K6-

2226 4553 2405 4621 ριλλον
2434 4555 2460 4606 ὁ
2489 4554 2741 4624 Ἰωάννης
2768 4572 2782 4586 ·
2825 4558 3125 4627 ἠγανάκτει
3158 4559 3446 4628 Κύριλὶως,
3493 4563 3576 4615 ὅτι
3613 4561 3776 4630 μείζο-

2225 4661 2313 4706 νος
2359 4643 2434 4698 ὢν
2469 4646 2660 4716 θρόνου
2705 4649 3008 4720 καθῃρέθη.
3043 4651 3250 4720 Γράφει
3291 4653 3323 4722 ἡ
3361 4653 3585 4716 σύνοδος
3613 4670 3774 4720 παρα-

2226 4735 2468 4791 καλοῦσα
2518 4739 2608 4790 τὸν
2637 4741 2870 4793 πάππαν
2915 4742 3300 4808 ἀγανακτῆσαι
3344 4747 3488 4798 κατά
3517 4728 3770 4805 Ἰωάννου,

2229 4828 2312 4880 ἵνα
2345 4831 2442 4898 μὴ,
2475 4830 2661 4896 φασιν,
2702 4833 2901 4900 οἴχοιτο
2938 4832 3007 4884 τὰ
3033 4833 3132 4900 τῆς
3182 4833 3517 4902 Ἐκκλησίας
3547 4838 3624 4897 είς
3655 4852 3775 4887 mw-

2227 4920 2358 4988 τελῆ
2415 4920 2674 4988 σύγχυσιν
2702 4938 2714 4952 ·
2763 4923 2890 4991 περὶ
2921 4916 2995 4976 ὧν
3043 4925 3302 4978 ἁπάντων
3342 4927 3604 4998 ἀνωτέρω
3639 4928 3776 4996 εἰρή-

2225 5029 2416 5080 καμεν.
2455 5013 2586 5064 Τίνα
2609 5013 2738 5082 γοῦν
2770 5016 2968 5081 τρόπον
3001 5017 3301 5081 ἐπίσκοπος
3332 5021 3620 5090 ὲπισκόπῳ
3653 5018 3772 5084 παρ’

2225 5106 2510 5173 ἐπισκὸπῳ
2573 5105 2889 5171 ἐδικάζετος
2951 5110 3020 5160 ’Ἦ
3077 5110 3218 5179 τάχα
3279 5113 3548 5181 Κύριλλος
3604 5113 3771 5184 ἠγνόει

2223 5196 2322 5264 τὴν
2349 5198 2504 5261 τάξιν
2536 5199 2644 5250 τῶν
2674 5201 3015 5265 ἐπισκόπων,
3047 5203 3078 5273 ἦ
3113 5204 3262 5255 πᾶσα
3292 5206 3322 5272 ἠ
3371 5206 3504 5272 ἁγία
3535 5206 3770 5266 σύνοδοςς

2224 5291 2338 5340 υὺκ
2394 5291 2502 5360 ἄρα
2559 5291 2693 5358 πρὸς
2739 5291 2799 5342 τὸ
2859 5292 3134 5361 πλήρωμα
3187 5297 3286 5364 τῆς
3327 5297 3773 5366 ἐκκλησιαστικῆς

2227 5377 2507 5446 ίεραρχίας
2535 5381 2744 5447 ἀνάγκη
2777 5380 2867 5432 τὸν
2889 5384 3339 5452 πρωτοκαθεδρον
3371 5381 3510 5438 εἶναι
3543 5388 3770 5456 μείζονος

2224 5467 2508 5534 ἱερατικῆς
2541 5471 2770 5533 τάξεως,
2799 5470 2936 5522 ἁ).λά
2972 5473 3214 5539 μείζονος
3264 5474 3458 5544 θρόνου
3512 5477 3606 5528 καὶ
3634 5476 3772 5540 ἐξου-

2224 5558 2365 5618 σίας.
2400 5558 2573 5611 Tauro
2609 5561 2861 5628 βούλεται
2905 5567 3018 5624 τοῖς
3048 5565 3292 5632 Πατράσς
3339 5568 3438 5635 τῆς
3478 5572 3532 5629 ς’
3574 5565 3772 5617 συνόδ.υ

2221 5654 2280 5704 τὸ
2305 5694 2317 5712 .
2369 5655 2959 5722 ’Λρχιεριιτυίώτατος
2992 5659 3280 5727 πρόεδρος
3305 5677 3318 5690 ·
3360 5661 3457 5713 καὶ⁸
3482 5659 3544 5712 τὸ
3572 5658 3661 5711 τοῦ
3689 5658 3773 5726 βω

2225 5747 2412 5810 σιλέως
2483 5749 2841 5818 ΙΙω-ίωνάτου,
2908 5751 3307 5821 Οἰκουμενικῷ
3366 5753 3766 5822 apparo/lien,
