4088 6294
541 363 652 429 823
1699 364 2062 423 ΜΑΤΤΗᾹΞΙ
2093 363 2179 422 CA
2193 367 2236 424 R
2247 367 2438 426 YOPli
2453 369 2626 427 Yl.l.I
3091 358 3097 363 ’
3659 361 3752 427 824

535 467 742 546 rillum,
779 481 1040 548 Leonem,
1079 482 1372 548 Proclum;
1420 491 1474 536 et
1522 482 1856 551 suscipimus
1917 480 2100 534 omnia

2223 484 2420 544 λέοντι,
2453 483 2682 554 Πρόκλῳ
2703 499 2719 514 ο
2752 483 2847 536 καὶ
2875 481 3142 552 δεχόμεθα
3202 480 3397 541 πάντα,
3425 481 3523 534 ὅσα
3557 485 3678 550 περί
3707 503 3754 538 τε

532 589 656 642 quae
693 573 932 628 derecta
973 572 1077 626 (ide
1115 583 1172 626 et
1228 572 1682 626 condemnatione
1712 571 2094 626 haereticorum

533 675 933 735 exposuerunt.
973 665 1316 733 Suscipimus
1361 672 1540 718 autem
1589 672 1645 718 et
1713 665 1848 718 alios
1881 670 2099 717 sanctos

532 768 586 812 et
620 759 956 812 orthodoxos
994 757 1205 820 Patres,
1266 756 1357 824 qui
1405 756 1456 808 in
1511 765 1696 810 sancta
1725 755 1820 808 Dei
1857 753 2097 808 Ecclesia

537 859 738 903 rectam
789 849 951 903 iidem
995 847 1555 916 irreprebensibiliter
1607 862 1783 917 usque
1839 847 1906 901 ad
1939 847 2100 900 linem

534 955 648 994 sua:
669 939 792 994 vitae
811 939 1265 1009 prmdicaverunt.
1307 959 1325 990 ι

612 1029 688 1084 Ita
743 1030 1017 1084 sentiente
1063 1037 1120 1083 et
1179 1029 1458 1084 scribente
1493 1029 1704 1100 synodo
1738 1029 2101 1094 mcnmenica,

535 1121 812 1188 quatnodo
862 1120 1134 1191 generalis
1183 1120 1350 1174 fuerit
1394 1107 1902 1190 quinisexta,°quaz
1957 1121 2104 1175 solos

535 1212 834 1266 orientales
891 1213 1141 1281 agnoscit
1217 1212 1506 1278 doctores,
1583 1223 1638 1268 et
1719 1214 1972 1280 prohibet
2035 1227 2104 1267 ne

537 1303 826 1374 quisquam
886 1305 1024 1358 alios
1085 1304 1320 1374 recipiat
1375 1306 1654 1360 canones?
1719 1305 1882 1360 Nullo
1940 1305 2107 1374 igitur

533 1395 660 1462 jure
699 1395 884 1450 vocari
917 1403 1098 1465 potest
1114 1396 1457 1451 (ecnmenica
1479 1438 1492 1464 ,
1537 1411 1632 1454 seu
1663 1398 1907 1466 legitima
1945 1413 2104 1468 pror-

536 1500 632 1540 sus
652 1484 915 1556 synodus,
943 1487 1094 1559 juxta
1127 1497 1366 1540 canones
1395 1488 1750 1557 synodorum.

994 1683 1200 1740 NILUS
1228 1683 1402 1757 (Cap.
1465 1685 1582 1741 xw
1608 1688 1648 1758 ).

617 1819 636 1853 ι
685 1799 886 1860 Sancta
936 1815 1156 1870 quoque
1205 1809 1262 1854 et
1299 1803 1640 1860 (ecumenica
1683 1805 1914 1872 septima
1946 1819 2108 1876 syno-
2147 1829 2186 1884 η

540 1893 643 1950 dus
675 1894 728 1954 in
761 1892 938 1962 primo
959 1907 1060 1951 suo
1107 1906 1339 1954 canone,
1377 1909 1395 1944 ι
1429 1894 1671 1957 Divinos,
1705 1893 1907 1964 inquit,
1941 1911 2109 1950 cano-

541 2003 638 2040 tes
686 1987 924 2046 libenter
994 1988 1364 2056 suspicimus,
1433 1987 1812 2059 integramque
1889 1989 2110 2044 illorum

539 2091 594 2132 ct
627 2080 908 2134 immotam
943 2096 1228 2137 servamus
1256 2081 1702 2150 praeceptionem,
1737 2081 1852 2136 sive
1869 2097 1966 2152 per
1985 2081 2111 2151 Spi-

539 2173 682 2224 ritus
722 2171 879 2225 tubas
905 2172 1180 2240 apostolos
1203 2171 1505 2237 editorum,
1559 2172 1674 2226 sive
1715 2187 1814 2242 per
1833 2187 1926 2228 sex
1963 2187 2114 2226 mcu-

544 2262 784 2317 mcnicas
841 2263 1114 2334 synodos,
1175 2273 1336 2333 atque
1405 2264 1574 2318 etiam
1628 2267 2020 2334 provinciales.
2087 2285 2107 2317 ι

540 2355 676 2412 Cum
743 2371 875 2422 ergo
917 2370 1190 2409 canonum
1245 2357 1561 2412 meminerit
1617 2371 1711 2410 sex
1772 2358 2109 2426 generalium

541 2450 926 2512 conciliorum,
988 2466 1110 2520 qua:
1167 2466 1296 2504 vero
1337 2462 1488 2506 sexta
1529 2452 1750 2522 proprie
1771 2452 1896 2512 fuit.
1934 2453 2114 2508 nullos

542 2540 778 2594 ediderit
827 2555 1090 2605 canones,
1141 2541 1489 2596 manifestum
1547 2553 1632 2597 est
1687 2557 1809 2598 eam
1862 2543 2010 2612 loqui
2046 2544 2112 2597 de

544 2632 850 2686 cnnottibtts
899 2632 1060 2702 hujus
1113 2634 1332 2705 synodi,
1371 2650 1492 2704 qua:
1519 2635 1794 2690 deiectum
1831 2645 1998 2690 sextae
2031 2637 2113 2690 vi-

543 2725 705 2782 detur
729 2725 1088 2798 supplevisse.
1139 2746 1159 2780 υ

1105 2917 1237 2986 (ΖοΝ
1249 2929 1566 2986 FUTATIU.

624 3046 818 3107 Argitis
865 3045 1048 3116 tertjo,
1112 3045 1180 3098 ad
1227 3045 1565 3114 probandum
1603 3045 1974 3114 quiuisextam
1995 3061 2116 3102 esse

545 3136 970 3190 uscmnenieam.
1025 3134 1270 3205 Septima
1337 3141 1580 3207 synodus
1636 3137 1989 3208 ampleCtitur
2022 3155 2115 3193 ca-

546 3243 722 3282 nones
763 3243 854 3280 sex
899 3227 1234 3295 generalium
1292 3229 1675 3284 conciliorum.
1739 3231 1901 3300 Atqui
1959 3242 2110 3286 sexta

547 3321 772 3390 pr0prie
816 3319 1060 3389 synodus
1105 3319 1286 3374 nullos
1342 3319 1515 3375 edidit
1557 3337 1820 3387 canones;
1861 3322 2116 3392 intelligit

549 3427 684 3482 ergo
714 3412 782 3465 de
816 3411 1121 3464 canonibus
1143 3411 1487 3480 quinisextzn.
1543 3412 1649 3468 Sed
1677 3415 1721 3468 si
1751 3414 1990 3483 placeret
2023 3429 2114 3468 ve-

552 3505 706 3568 ritas,
759 3513 814 3557 et
869 3503 1203 3558 aversareris
1249 3505 1617 3567 mendacium,
1651 3505 1874 3574 legisses
1899 3507 1950 3559 in
1991 3521 2118 3576 sep-

553 3597 700 3650 timae
750 3595 940 3665 synodi
1008 3605 1118 3649 act.
1181 3595 1235 3658 4,
1292 3597 1557 3664 quosdam
1589 3598 1798 3654 turbari
1828 3599 2118 3653 audientes

553 3703 674 3742 esse
729 3696 896 3742 sextae
932 3688 1126 3758 synodi
1179 3703 1441 3744 canones.
1485 3687 1697 3755 Quibus
1719 3690 1978 3747 Tarasius
2017 3707 2116 3762 pa-

555 3779 794 3834 triarcha
821 3777 1207 3847 respondebat,
1237 3779 1384 3848 quod
1444 3789 1629 3834 sancta
1657 3789 1711 3835 et
1745 3796 1938 3852 magna
1968 3791 2120 3834 sexta

553 3869 793 3941 synodus
843 3870 945 3924 sub
1008 3869 1368 3926 Constantino
1425 3873 1699 3926 celebrata
1759 3871 1881 3938 fuit,
1918 3881 2123 3942 etpost

551 3974 790 4034 quatuor
818 3971 912 4018 aut
941 3963 1190 4033 quinque
1243 3979 1416 4017 annos
1445 3965 1608 4018 iidem
1637 3964 1739 4033 ipsi
1766 3963 1958 4018 Patres
1986 3979 2124 4018 con-

555 4057 841 4112 venientes
904 4057 1006 4111 sub
1044 4055 1358 4110 Justiniano
1409 4055 1520 4110 ﬁlio
1567 4055 1913 4110 Constantini
1937 4057 2126 4111 edide—

558 4159 687 4203 runt
719 4165 980 4206 canones.
1015 4149 1095 4203 Illi
1123 4148 1292 4212 enim,
1321 4149 1520 4218 inquit,
1565 4148 1658 4218 qui
1685 4149 2130 4219 subscripserunt

556 4241 662 4296 sub
724 4241 1108 4304 Constantino,
1151 4241 1253 4310 ipsi
1302 4250 1357 4295 et
1385 4239 1488 4294 sub
1509 4239 1817 4295 Justiniano
1844 4241 2127 4313 subscrip-

555 4343 767 4389 serunt.

629 4430 754 4484 llzec
782 4428 1038 4483 Tarasius
1077 4429 1292 4484 dicebat
1331 4428 1397 4483 ad
1439 4429 1845 4486 confirmandos
1889 4446 2127 4487 canones

561 4521 908 4590 quinisextas,
942 4519 1088 4574 inter
1120 4535 1258 4588 quos
1283 4521 1652 4589 octogesimus
1706 4523 1985 4577 secundus
2014 4525 2129 4594 agit

561 4616 627 4668 de
677 4613 916 4682 imagine
965 4611 1283 4676 Salvatoris,
1327 4622 1384 4665 ut
1441 4615 1674 4682 probare
1722 4625 2124 4683 possctcontra

563 4702 954 4761 lconomachos
997 4717 1154 4756 usum
1203 4717 1482 4774 sacrarum
1539 4705 1860 4775 imaginum.
1887 4705 1986 4760 llic
2009 4716 2131 4762 erat
2173 4731 2176 4734 ·

564 4806 765 4860 scopus
788 4789 1040 4854 Tarasio,
1065 4792 1192 4846 dum
1217 4791 1474 4845 laudabat
1497 4794 1822 4862 quiuisextae
1857 4811 2128 4862 canones;

563 4895 620 4938 ct
683 4900 807 4956 cum
861 4883 1108 4952 septima:
1169 4899 1410 4939 canones
1443 4887 1828 4954 componebat.
1864 4886 1918 4940 in
1952 4888 2130 4956 primo

565 4975 746 5030 aiebat
775 4953 838 5030 se
869 4975 1152 5043 suscipere
1188 4989 1425 5030 canones
1467 4991 1560 5028 sex
1601 4978 1936 5043 generalium
1971 4993 2135 5048 syno-

566 5067 786 5134 dorum,
816 5068 1067 5123 utetiam
1109 5066 1434 5136 quinisextae
1478 5083 1718 5122 canones
1776 5069 2139 5136 comprehen-

569 5159 724 5218 deret
759 5175 822 5213 ea
849 5169 1032 5214 mente
1061 5173 1169 5230 qua
1199 5158 1454 5214 diximus.
1511 5161 1624 5212 Duo
1655 5169 1838 5213 tamen
1865 5158 1999 5212 dicit
2031 5175 2140 5214 non

571 5253 930 5320 coitgruentia
981 5269 994 5304 :
1038 5265 1231 5314 unum,
1277 5251 1424 5318 quod
1487 5260 1726 5318 quatuor
1779 5265 1872 5302 aut
1897 5251 2144 5320 quinque

571 5354 696 5414 post
725 5353 928 5400 sextam
961 5343 1226 5414 synodum
1261 5342 1420 5396 annis
1437 5343 1708 5396 celebrata
1727 5343 2143 5412 sitquinisexta,

571 5441 718 5509 quod
750 5437 1088 5507 impossibile
1112 5446 1216 5492 est.
1256 5435 1402 5490 Nam
1435 5437 1478 5489 si
1513 5445 1786 5504 postrema
1813 5447 1978 5490 sextae
2011 5451 2141 5504 syn-

572 5531 663 5585 odi
697 5531 840 5586 actio
869 5531 1143 5586 celebrata
1171 5528 1486 5582 fuitindict.
1545 5544 1609 5588 x,
1655 5529 1967 5597 quiuisexta
2017 5543 2149 5581 vero

581 5627 632 5678 in
689 5640 790 5680 suo
853 5623 1014 5677 tertio
1045 5636 1256 5676 canone
1285 5621 1360 5674 ait
1389 5622 1554 5674 odere
1587 5635 1716 5674 suos
1755 5635 1994 5674 canones
2029 5628 2150 5686 post

578 5729 826 5785 quartam
878 5715 1260 5775 indictionum,
1321 5712 1510 5766 decem
1581 5713 1808 5766 omnino
1865 5711 2148 5776 intctlapsi

584 5819 714 5872 sunt
773 5809 927 5872 anni,
973 5824 1082 5868 non
1141 5807 1406 5876 quinque.
1440 5805 1684 5859 Alterum
1717 5813 1818 5868 est,
1851 5803 1993 5872 quod
2037 5817 2158 5858 cos—

2207 571 2306 641 τῆς
2331 572 2496 642 ὀρθῆς
2538 573 2790 636 πίστεως,
2815 572 2908 624 καὶ
2931 570 3065 638 πρὸς
3089 568 3308 639 ἔλεγχον
3341 569 3444 623 τῶν
3471 570 3748 639 αἱρετικῶν

2209 662 2474 726 ἐξέθεντο.
2505 661 2781 731 Δεχόμεθα
2809 660 2862 712 δὲ
2889 665 2982 712 καὶ
3034 658 3162 722 τοὺς
3190 659 3384 721 ἄλλους
3423 657 3515 711 καὶ
3561 658 3758 728 ὀρθοδό-

2211 751 2334 814 Eoo;
2360 753 2631 822 Πατέρας,
2665 752 2790 816 τοὺς
2813 753 2870 804 ἐν
2897 753 2962 820 τῇ
2988 751 3120 820 ἁγία
3163 750 3260 803 τοῦ
3302 749 3436 803 Θεοῦ
3469 751 3755 820 Ἐκκλησία

2209 845 2306 913 τὴν
2353 844 2520 916 ὀρθὴν
2551 845 2734 899 πίστιν
2762 845 3070 914 ἀμέμπτως
3105 843 3269 914 μέχρι
3311 843 3501 907 τέλους
3535 843 3628 896 τοῦ
3657 843 3758 912 βίον

2212 937 2576 1007 κηρύξαντας.
2616 956 2636 989 ι

2285 1029 2442 1082 Οὕτω
2474 1029 2775 1098 φρονούσης
2805 1046 2862 1081 τε
2894 1029 2990 1082 καὶ
3020 1029 3342 1099 γραφούσης
3383 1029 3484 1096 τῆς
3523 1029 3764 1098 οἰκουμε-

2213 1121 2369 1188 νικῆς
2399 1121 2638 1185 συνόδου,
2673 1121 2786 1183 πῶς
2811 1119 3168 1188 οἶκουμενικὴ
3195 1121 3228 1188 ή
3270 1120 3564 1188 πενθέκτη.
3597 1124 3627 1191 ἢ
3653 1124 3765 1186 τοὺς

2213 1211 2564 1274 ἀνατολικοὺς
2593 1207 2699 1264 οἶδε
2757 1211 2949 1280 μόνους
2975 1209 3368 1274 διδασκάλουςς
3416 1211 3535 1262 Κᾶν
3567 1229 3648 1273 τις
3680 1231 3767 1264 πα-

2219 1303 2493 1374 ραδέχοιτο
2521 1302 2726 1372 ἑτέρων
2755 1301 2985 1362 κανόνας
3005 1340 3020 1362 ,
3071 1300 3226 1352 τοῦτό
3262 1317 3392 1369 φησι
3429 1301 3618 1368 μηδενὶ
3646 1302 3767 1366 ἐξεῖ-

2215 1409 2304 1446 ναι
2332 1395 2526 1446 ποιεῖν.
2557 1391 2750 1445 Ούδενὶ
2789 1391 2982 1458 δικαίῳ
3009 1391 3235 1442 δύναται
3273 1390 3562 1443 καλεῖσθαι
3609 1395 3770 1444 οἰκου-

2220 1485 2436 1554 μενικὴ,
2453 1483 2568 1535 οὗθ’
2599 1483 2735 1546 ὅλως
2760 1481 2969 1552 νομίμη
3001 1479 3221 1542 σύνοδος
3241 1481 3379 1532 κατὰ
3405 1481 3532 1542 τοὺς
3559 1481 3771 1544 κανόνας

2217 1575 2327 1628 τῶν
2370 1575 2628 1630 συνόδων.

2871 1691 3143 1746 ΝΕΙΛΟΣ.

2297 1827 2315 1859 ι
2346 1807 2418 1861 Ού
2463 1806 2568 1876 μὴν
2583 1807 2718 1861 ἀλλὰ
2747 1808 2894 1877 καὶὴ
2931 1807 3059 1873 ἁγία
3087 1806 3180 1859 καὶ
3201 1801 3560 1874 οἱκόυμενικὴ
3585 1805 3629 1867 ζ’
3659 1804 3770 1857 σύνο

2223 1899 2342 1963 οδος
2392 1900 2448 1952 ἒν
2505 1899 2584 1968 τῷ
2635 1897 2838 1969 πρώτῳ
2890 1897 3058 1967 αὐτῆς
3109 1899 3295 1952 κανόνι
3343 1897 3526 1950 τοιάδε
3583 1899 3764 1967 φησίν·

2221 1993 2580 2056 ι’Λσπασίως
2632 1991 2759 2051 τοὺς
2789 1989 2969 2050 θείους
3017 1987 3252 2049 κανόνας
3309 1986 3776 2056 ὲνστερνιζόμεθα,

2215 2086 2308 2137 καὶ
2335 2083 2632 2152 ὀλόκληρον
2662 2081 2762 2150 τὴν
2809 2077 2991 2134 αὐτῶν
3035 2077 3302 2148 διαταγὴν
3351 2079 3451 2130 καὶ
3503 2077 3777 2131 ἀσάλευτον

2215 2176 2584 2245 κρατύνομεν,
2643 2172 2752 2224 τῶν
2801 2170 3136 2224 ἐκτεθέντων
3188 2169 3294 2222 ὑπὸ
3333 2168 3446 2221 τῶν
3481 2169 3777 2236 σαλπίγγων

2215 2268 2308 2320 τοῦ
2335 2265 2651 2336 ῐινεύματος
2681 2263 3006 2319 ἀποστόλων
3032 2303 3047 2328 ,
3079 2262 3188 2314 τῶν
3227 2277 3284 2314 τε
3313 2261 3372 2326 ἓξ
3403 2259 3781 2329 οἱκουμενικῶν

2217 2365 2472 2428 συνόδων,
2503 2361 2600 2416 καὶ
2631 2362 2738 2416 τῶν
2767 2359 3012 2420 τοπικῶς
3039 2355 3559 2428 συναθροισθεισῶν.
3598 2374 3615 2407 ι
3659 2355 3714 2407 Ei
3733 2355 3780 2406 δὲ

2217 2457 2460 2509 κανόνων
2499 2455 2777 2523 μέμνηται
2823 2451 2933 2504 τῶν
2969 2451 3029 2516 ἓξ
3092 2447 3498 2526 οἱκουμενικῶγ
3549 2446 3779 2510 συνόδων,

2216 2550 2281 2617 τῇ
2309 2547 2363 2600 δὲ
2409 2544 2613 2610 κυρίως
2654 2543 2709 2608 ς’
2761 2542 2890 2612 περὶ
2939 2543 3184 2594 κανόνων
3219 2525 3495 2606 ἐμέλησεν
3523 2537 3776 2605 οὐδαμῶς,

2217 2641 2334 2701 πῶς
2360 2638 2422 2690 ού
2451 2637 2732 2706 πρόδηλον,
2765 2635 2841 2696 ὡς
2879 2633 3013 2703 ιπερὶ⁵
3041 2633 3148 2685 τῶν
3171 2632 3414 2685 κανόνων
3439 2631 3544 2700 τῆς
3579 2628 3778 2682 συνόδου

2199 2731 2423 2801 ¹ταύτης
2453 2730 2644 2798 φησὶν,
2677 2727 2711 2799 ἢ
2735 2727 2794 2781 τδ
2830 2725 2932 2795 τῆς
2953 2724 3124 2794 ἕκτης
3149 2723 3328 2786 ἐνδεὲς
3353 2721 3780 2792 ἀναπληρώσασα

2219 2824 2472 2894 φαίνεται
2497 2840 2515 2889 ;

2813 2930 3246 2986 ΑΝΤΙΡΡΠΣΙΣ.

2287 3053 2484 3123 Τρίτον
2515 3053 2840 3121 ἐπιχειρεῖς,
2876 3048 3160 3112 ἀποδεῖξαι
3185 3045 3515 3116 βουλόμενος
3553 3047 3783 3110 οἰκούμε-

2142 3172 2187 3234 C
2219 3144 2375 3214 νικὴν
2419 3145 2520 3212 τὴν
2551 3143 2882 3208 πενθέκτην.
2947 3137 3388 3209 Ἐνστερνίζεται
3437 3139 3470 3205 ἡ
3511 3135 3554 3200 ζ’
3589 3133 3783 3192 σύνοδος

2223 3241 2348 3303 τοὺς
2378 3238 2603 3299 κανόνας
2629 3235 2735 3287 τῶν
2777 3233 2838 3298 ἒξ
2890 3231 3291 3299 οἱκουμενικῶν
3331 3228 3594 3281 συνόδων.
3637 3225 3696 3278 Ἦ
3737 3223 3782 3274 δὲ

2227 3331 2431 3400 κυρίως
2458 3337 2517 3394 ς’
2543 3329 2774 3388 κανόνας
2805 3325 2906 3378 οὐκ
2947 3322 3199 3387 ἔξέθετο’
3243 3320 3356 3390 ἄρα
3398 3319 3534 3386 περὶ
3567 3315 3666 3368 τῶν
3699 3330 3784 3364 γα-

2233 3421 2402 3474 νόνων
2440 3421 2535 3488 τῆς
2571 3417 2876 3484 πενθέκτης
2907 3416 3038 3466 νοεῖ.
3089 3411 3234 3464 Ἀλλ’
3281 3411 3438 3480 εἴπερ
3465 3411 3690 3478 ἔχαιρες
3727 3405 3783 3472 τῇ

2229 3513 2482 3585 ἀληθείᾳ,
2513 3511 2606 3565 καὶ
2638 3511 2853 3577 ἐμίσεις
2885 3507 2946 3560 τὸ
2980 3504 3199 3572 ψεῦδος,
3226 3504 3476 3564 κατεῖδες
3511 3501 3576 3554 ἂν
3609 3503 3670 3552 ἐκ
3694 3499 3787 3550 τῶν

2228 3605 2560 3676 Πρακτικῶν
2629 3601 2727 3671 τῆς
2755 3601 2800 3664 ζ’
2837 3597 3080 3664 συνόδου,
3115 3595 3311 3664 πράξει
3339 3593 3404 3654 δ’,
3431 3595 3516 3646 ὅτι
3543 3590 3788 3644 ἐσκανδα-

2231 3699 2443 3762 λίζοντο
2498 3695 2644 3756 τινὲς
2687 3691 2982 3754 ἀκούοντες
3038 3689 3266 3748 κανόνας
3327 3686 3425 3752 τ’ἠς
3457 3692 3512 3748 ς’
3556 3684 3785 3736 συνόδου’

2232 3791 2372 3860 πρὸς
2399 3788 2487 3850 οὓς
2505 3787 2658 3853 ἔλεγε
2675 3784 2944 3854 Ταράσιος
2967 3783 2992 3834 ὁ
3012 3781 3355 3850 πατριάρχης
3386 3779 3468 3830 ὅτι
3501 3779 3534 3841 ἡ
3565 3775 3686 3842 ἁγία
3710 3789 3788 3842 με·
3837 3827 3840 3830 ς

2228 3884 2368 3952 γάλη
2403 3882 2536 3948 ἕκτη
2570 3877 2779 3940 σύνοδος
2805 3875 2898 3930 ἐπὶ
2942 3871 3356 3925 Κωνσταντίνου
3393 3867 3748 3938 συνεκροτῄοη
3771 3879 3782 3893 ο

2233 3975 2331 4027 καὶ
2383 3971 2521 4042 μετὰ
2575 3970 2814 4037 τέσσαρα
2857 3965 2950 4033 ἔτη
2977 3965 3010 4030 ἦ
3037 3965 3200 4015 πέντε
3248 3961 3720 4034 συναθροισθέντες
3747 3955 3790 4008 οἱ

2236 4069 2391 4122 αύτοὶ
2425 4063 2666 4134 Πατέρες
2718 4061 2812 4115 ἐπὶ
2839 4055 3220 4112 Ἰουστινιανοῦ
3253 4053 3371 4108 υἱοῦ
3397 4051 3788 4107 Κωνσταντῐνον

2239 4161 2368 4223 τοὺς
2404 4157 2636 4218 κανόνας
2663 4149 3063 4206 ἐκτεθείκασιν.
3093 4149 3156 4201 Οἱ
3187 4149 3315 4217 γὰρ,
3347 4146 3538 4215 φησὶν,
3572 4139 3789 4211 ὑπογρὰ-

2239 4253 2439 4322 ψαντες
2467 4249 2561 4301 ἐπὶ
2595 4243 3034 4306 Κωνσταντίνου,
3061 4241 3111 4292 οἱ
3149 4241 3304 4294 αὐτοὶ
3338 4240 3430 4302 καὶ
3467 4241 3561 4292 ἐπὶ
3593 4235 3789 4288 Ἰονστι-

2240 4343 2422 4396 νιανοῦ
2460 4337 2810 4408 ὑπέγραψαν.

2317 4413 2512 4502 Ἔλεγε
2549 4431 2606 4484 δὲ
2660 4429 2831 4482 ταῦτα
2865 4426 3138 4495 Ταρᾶαιος
3180 4423 3430 4492 κυρῶσαι
3490 4419 3788 4490 βουλόμενος

2227 4525 2360 4584 τοὺς
2385 4523 2639 4584 κανόνας,
2671 4523 2728 4573 ὲν
2760 4517 2842 4581 οἷς
2873 4515 2939 4588 ἦν
2963 4520 2990 4570 ό
3024 4518 3111 4586 πβ⁹
3137 4515 3524 4583 διαλαμϐάνων
3557 4507 3786 4581 περὶτῆς

2232 4615 2442 4676 εἰκόνος
2471 4611 2565 4665 τοῦ
2603 4612 2874 4679 Σωτῆρος,
2905 4607 2971 4660 ἶν’
3005 4607 3118 4676 ἔχοι
3143 4603 3315 4669 δεῖξαι
3350 4603 3492 4655 κατὰ
3530 4601 3636 4654 τῶν
3660 4601 3786 4650 εἰκο-

2239 4705 2620 4777 νομαχούντων
2640 4701 2741 4770 τὴν
2793 4701 2991 4770 χρῆσιν
3019 4699 3126 4750 τῶν
3153 4715 3209 4749 σε
3222 4695 3372 4748 πτῶν
3403 4693 3646 4748 εἰκόνων.
3677 4687 3790 4740 Τού-

2239 4821 2317 4872 τῳ
2351 4799 2482 4866 γοῦν
2523 4797 2600 4866 τῷ
2635 4795 2821 4864 σκοπῷ
2853 4791 3124 4860 Ταράσιος
3157 4789 3455 4856 ἐπαινέτης
3485 4783 3552 4855 ἧν
3581 4785 3684 4837 τῶν
3707 4781 3786 4841 τῆς

2243 4871 2544 4956 πενθέκτης
2573 4886 2814 4940 κανόνων
2838 4898 2854 4913 ο
2891 4882 2986 4935 καὶ
3019 4881 3352 4948 συγγράφων
3379 4877 3506 4937 τοὺς
3537 4877 3633 4943 τῆς
3663 4872 3722 4936 ζ’,
3743 4871 3788 4920 ἐν

2242 4985 2322 5054 τῷ
2348 4981 2548 5052 πρώτῳ
2574 4975 3012 5047 ἐνστερνίζεσθαι
3035 4973 3189 5040 ἔλεγε
3215 4973 3337 5032 τοὺς
3361 4969 3591 5026 κανόνας
3613 4964 3713 5015 τῶν
3743 4957 3791 5019 ἒξ

2244 5069 2640 5142 οἰκουμενικῶν
2695 5067 2948 5124 συνόδων,
2986 5065 3078 5116 ἵνα
3133 5058 3530 5128 συμπεριλάὸοι
3567 5055 3658 5106 καὶ
3683 5049 3790 5106 τοὺς

2246 5165 2347 5233 τῆς
2381 5137 2682 5226 πενθὲκτης
2732 5158 2825 5208 ἐπὶ
2858 5154 2938 5225 τῷ
2985 5151 3352 5222 προρῥηθέντι
3383 5146 3590 5215 σκοπῷ.
3625 5141 3718 5195 Δύο
3745 5137 3790 5188 δὲ

2250 5261 2396 5327 ὅμως
2431 5255 2581 5321 λέγει
2607 5250 2912 5319 ἀσύμφωνα
2937 5264 2951 5278 ’
2978 5246 3037 5298 ἒν
3075 5245 3193 5310 μὲν,
3226 5245 3308 5296 ὅτι
3335 5237 3624 5308 τέσσαραῆ
3653 5233 3788 5284 πέντε

2255 5325 2391 5414 μετὰ
2423 5345 2520 5414 τὴν
2553 5343 2716 5410 ἁγίαν
2745 5337 2799 5403 ς’
2831 5337 3050 5390 σύνοδον
3082 5334 3176 5404 ἔτη
3221 5331 3498 5400 γέγονενὴ
3529 5325 3785 5414 πενθὲκτη,

2252 5441 2388 5506 ὅπερ
2441 5435 2732 5488 ἀδύνατον·
2791 5431 2842 5482 εἰ
2877 5429 2983 5498 γὰρ
3043 5430 3076 5496 ἠ
3114 5427 3322 5495 ἐσχάτη
3379 5423 3476 5491 τῆς
3511 5425 3562 5484 ς’
3597 5411 3787 5468 συνόδου

2257 5527 2456 5595 πρᾶξις
2479 5525 2704 5592 γέγονεν
2759 5519 3091 5582 ἰνδικτιῶνος
3129 5515 3179 5582 ι’,
3236 5515 3286 5566 οἱ
3315 5515 3371 5566 δὲ
3392 5515 3490 5581 τῆς
3523 5505 3788 5568 πενθέκτης

2260 5623 2316 5670 ὲν
2349 5617 2426 5685 τῷ
2475 5615 2644 5684 τρίτῳ
2679 5613 2866 5666 κανόνι
2900 5611 3063 5678 φασὶν
3105 5606 3412 5660 ἐκτίθεσθαι
3443 5605 3565 5664 τοὺς
3597 5595 3788 5651 κανόνας

2265 5709 2400 5778 μετὰ
2432 5708 2530 5776 τὴν
2576 5706 2849 5774 τετάρτην
2909 5701 3243 5765 ῑνὸικτιῶνα,
3303 5700 3434 5753 δέκα
3470 5697 3673 5752 πάντως
3713 5684 3786 5740 ἔτη

2254 5775 2438 5854 θετέον
2478 5775 2753 5870 μεθόριον,
2805 5795 2924 5866 οὐχὶ
2983 5797 3166 5848 πέντε.
3220 5790 3484 5862 ,δεύτερόν
3535 5775 3782 5846 tam,“
