4088 6294
54 2768 82 2777 -σι

55 2787 84 2798 ,όο

478 355 591 424 8’25
1745 379 2186 441 REFUTATIO
2222 383 2298 442 Nl
2315 384 2406 443 Li.
3605 393 3710 458 836

478 477 606 539 τοὺς
640 476 840 540 αὐτοὺς
869 478 1016 546 λέγει
1062 481 1509 555 ὑπογεγραφέναι
1540 490 1606 559 τῇ
1644 506 1682 553 ς-
1723 491 1926 560 συνόδῳ
1953 509 2014 544 κα

2115 542 2117 552 λ
2147 493 2268 548 dem
2313 495 2479 550 fuisse
2514 498 2712 564 inquit,
2765 497 2858 566 qui
2893 498 3272 568 subscripsere
3299 503 3350 556 in
3385 514 3533 559 sexta
3568 495 3708 577 syn-

479 570 543 638 τῇ
574 568 841 640 πενθέκτῃ
864 586 879 600 ·
915 571 1050 641 ὅπερ
1084 575 1184 627 οὐκ
1216 575 1414 645 ἀληθὲς
1446 578 1508 630 ὲκ
1561 579 1669 630 τῶν
1709 580 2043 650 ὑπογραφῶν

477 661 790 730 ἐλέγχεται·
846 663 1006 727 δῆλον
1040 667 1148 736 γὰρ
1190 667 1268 736 τῷ
1321 669 1630 740 βουλομένῳ
1685 675 2038 740 συμϐάλλειν,

474 751 557 804 ὅτι
582 755 640 806 τὸ
684 753 934 809 πλεῖστον
965 757 1129 826 μέρος
1167 758 1275 810 τῶν
1303 760 1739 831 ὑπογραψάντων
1766 765 2039 834 διαφέρει,

474 844 532 907 ἐξ
557 839 632 898 ὧν
662 846 836 914 ἀληθῆ
869 847 1086 910 πάντως
1113 850 1452 918 εὑρίσκεται,
1480 852 1516 906 ἆ
1549 854 1751 923 γράφει
1774 857 1801 908 ὁ
1826 856 2039 909 Βιϐλιο-

473 936 736 1008 θηκᾶριος
771 938 1124 1002 Ἀναστάσιος
1175 941 1232 994 ὲν
1282 944 1358 1011 τῷ
1408 946 1850 1015 προσφωνητικῷ
1901 947 2039 1019 πρὸς

484 1026 738 1096 Ἰωάννην
766 1028 920 1090 δγδον
951 1031 1042 1082 τὸν
1072 1031 1322 1097 πάππαν,
1359 1035 1831 1105 καταϐαλλόμενος
1856 1039 2042 1108 προοί-

473 1137 597 1188 μιον
640 1123 706 1190 τῇ
741 1120 938 1174 ἑαυτοῦ
991 1123 1258 1196 ἑρμηνείᾳ
1302 1125 1399 1192 τῆς
1429 1125 1476 1190 ζ’
1506 1128 1730 1181 συνόδου
1758 1145 1773 1160 ·
1798 1129 1945 1197 λέγει
1981 1131 2039 1182 δὲ

469 1211 642 1265 ταῦτα
676 1228 690 1242 ·
733 1232 750 1264 ι
772 1212 966 1266 Ἰστέον
997 1214 1055 1265 ὲν
1111 1217 1284 1288 ταύτῃ
1311 1221 1376 1288 τῇ
1413 1217 1454 1269 λ’
1501 1221 1703 1288 συνόδῳ
1755 1223 2038 1292 προσεῖναί

468 1321 592 1358 τινα
619 1303 682 1356 ἔκ
715 1321 774 1356 τε
801 1305 908 1358 τῶν
931 1307 1327 1376 ἁποστολικῶν,
1366 1312 1459 1362 καὶ
1488 1311 1598 1364 τῶν
1632 1313 1731 1381 τῆς
1761 1311 1815 1375 ς’
1854 1315 2033 1367 οἰκου-

473 1396 702 1466 μενικῆς
740 1397 958 1450 συνόδου
990 1400 1229 1453 κανόνων
1259 1402 1353 1454 καὶ
1379 1404 1612 1472 ῥήσεων,
1636 1405 1670 1459 ἃ
1701 1406 1838 1477 παρ’
1871 1407 2031 1476 ἡμῖν,

466 1488 664 1556 δηλαδὴ
690 1492 798 1551 τοῖς
838 1489 1153 1559 Ῥωμαίοις.
1190 1493 1313 1546 οὔτε
1370 1494 1833 1564 διερμηνευθέντα
1864 1498 2028 1566 φέρε-

469 1596 582 1644 ται,
615 1578 740 1632 οὔτε
765 1581 1039 1636 ἀπόδεκτά
1066 1585 1206 1640 ἐστι.
1239 1586 1369 1655 Περὶ
1399 1587 1495 1655 μὲν
1527 1588 1632 1656 γὰρ
1667 1589 1776 1640 τῶν
1803 1589 2033 1642 ἀποστο-

465 1669 634 1723 λικῶν
663 1671 902 1725 κανόνων
927 1673 1083 1738 ῐσμεν
1109 1678 1294 1744 σαφῶς
1315 1679 1486 1740 ἐνίους
1518 1680 1615 1746 τὴν
1645 1679 1750 1732 τῶν
1773 1681 2031 1732 τοιούτων

465 1763 706 1816 κανόνων
741 1765 1052 1836 παραδοχὴν
1077 1767 1150 1836 μὴ
1186 1769 1384 1838 ῥαδίως
1431 1771 1724 1822 ποιεῖσθαι.
1763 1772 1870 1822 Καὶ
1923 1771 2026 1841 γὰρ

463 1857 560 1908 καὶ
589 1858 615 1908 ὁ
637 1856 971 1926 προκόιτοχός
997 1876 1088 1910 σου
1126 1860 1353 1923 πάππας
1387 1862 1415 1912 ὁ
1458 1863 1875 1930 μακαριώτατος
1899 1864 2028 1916 Στέ-

464 1962 632 2014 φανος
661 1945 866 1998 τούτων
891 1948 951 2000 οὐ
979 1949 1196 2009 πλείους
1231 1950 1263 2018 ἢ
1295 1952 1631 2016 πεντήκοντα
1667 1953 1918 2013 δεκτέους
1948 1951 2028 2006 εἷ-

462 2054 550 2087 ναι
579 2036 864 2098 συνοδικῶς
894 2039 1231 2109 ἀπεφήνατο,
1258 2042 1308 2094 εί
1342 2043 1435 2094 καὶ
1464 2029 1769 2113 ἀρχιερέων
1809 2044 2026 2113 Ἰθώμης

461 2127 652 2196 θεσμοί
686 2147 828 2190 τινες
857 2133 918 2181 ὲκ
976 2131 1084 2181 τῶν
1121 2135 1360 2185 κανόνων
1389 2134 1616 2188 ἐκείνων
1650 2137 2024 2205 παρειλῆφθαι

457 2221 723 2274 δοκοῦσιν.
750 2223 912 2274 ’Ὅθεν
942 2224 1006 2293 δὴ
1038 2225 1370 2290 θεσπίσματι
1401 2228 1498 2296 τῆς
1545 2227 1910 2297 ἁποστολικῆς
1930 2245 2020 2281 σου

456 2313 615 2377 ἀξίας
633 2313 692 2364 οὐ
719 2314 878 2381 μόνον
901 2316 1144 2379 ἐκείνους
1164 2318 1288 2380 τοὺς
1318 2325 1360 2370 ν’
1383 2317 1596 2388 δέχεται
1625 2321 1657 2388 ἡ
1701 2319 2020 2390 Ἐκκλησία.

456 2404 592 2456 ἀλλὰ
619 2405 713 2457 καὶ
743 2407 865 2468 τοὺς
886 2407 994 2459 τῶν
1019 2409 1320 2477 ἀρχιερέων
1358 2410 1576 2480 Ῥώμης
1606 2411 1876 2475 ἅπαντας,
1935 2406 2020 2463 οἶα

454 2497 520 2564 δὴ
556 2495 874 2564 σαλπίγγων
933 2498 1026 2550 τοῦ
1079 2499 1394 2568 Πνεύματος
1420 2517 1434 2532 ο
1480 2503 1568 2553 ναὶ
1623 2501 1729 2570 μὴν
1765 2502 1858 2553 καὶ
1895 2503 2021 2563 τοὺς

455 2589 710 2642 ἁπάντων
738 2589 969 2643 καθόλου
993 2594 1100 2644 τῶν
1134 2597 1402 2663 ἐκκρίτων
1435 2595 1711 2663 Πατέρων,
1768 2595 1861 2646 καὶ
1895 2595 2018 2654 τοὺς

452 2682 565 2732 τῶν
593 2681 752 2750 ἱερῶν
791 2682 1028 2736 συνόδων
1054 2685 1285 2748 κανόνας
1327 2685 1422 2739 καὶ⁸
1454 2686 1783 2754 διδάγματα,
1834 2686 2018 2737 ἐκεῖνα

453 2773 658 2842 δηλαδὴ
711 2775 872 2842 μόνα,
901 2776 958 2826 ὲν
987 2767 1068 2836 οἷς
1096 2775 1248 2826 οὐδὲν
1291 2776 1467 2829 ἔνεστι
1499 2779 1564 2846 τῇ
1606 2777 1884 2846 όρθοδοξίᾳ
1943 2778 2016 2848 μὴ

453 2865 765 2932 σύμφωνον,
796 2869 890 2918 καὶ
937 2868 1002 2935 τῇ
1038 2867 1291 2936 ὀρθότητι
1337 2869 1443 2922 τῶν
1477 2867 1624 2938 ἠθῶν
1675 2870 2014 2935 ὑπεναντίον,

448 2955 484 3021 ἢ
521 2957 627 3010 τοῖς
661 2953 890 3037 δόγμασι
918 2955 1017 3022 τῆς
1064 2954 1378 3024 Ῥωμαῖκῆς
1433 2957 1535 3009 κᾶν
1578 2957 1757 3010 ὁτιοῦν
1793 2958 2015 3028 ἀντιφε-

452 3046 681 3115 ρόμενον
703 3062 716 3076 ·
751 3045 953 3114 μᾶλλον
1005 3047 1063 3099 δὲ
1117 3047 1182 3099 τὰ
1215 3047 1459 3117 σφοδρῶς
1489 3049 1774 3118 μαχόμενα
1802 3051 1912 3112 τοῖς
1955 3048 2016 3113 ἐξ

447 3139 718 3200 ἐναντίας,
750 3137 994 3191 τουτέστι
1024 3141 1132 3200 τοῖς
1173 3139 1492 3209 αἱρετικοῖς.
1545 3141 1685 3204 Τοὺς
1711 3141 1890 3194 τοίνυν
1914 3158 2014 3194 κα·
2043 3173 2085 3229 C

446 3229 624 3293 νόνας,
651 3228 743 3290 οὖς
775 3247 938 3296 φασιν
958 3231 1007 3282 oi
1041 3231 1261 3301 Γραικοὶ
1286 3233 1387 3283 ὑπὸ
1417 3232 1514 3300 τῆς
1538 3233 1704 3301 ἕκτης
1727 3233 2010 3304 ἐκδοθῆναι

447 3321 664 3372 συνόδου
695 3321 787 3373 ἐπὶ
817 3320 1073 3374 τοσοῦτον
1103 3323 1131 3374 ό
1158 3325 1448 3391 κορυφαῖος
1479 3324 1694 3392 δέχεται
1735 3325 1926 3395 θρόνος
1951 3327 2010 3378 ἐν

443 3415 511 3482 τῇ
539 3415 785 3483 παρούσῃ
839 3414 1038 3484 ἐϐδόμῃ
1080 3416 1301 3483 συνόδῳ,
1340 3419 1478 3469 ὥστε
1510 3417 1772 3487 μηδαμῶς
1805 3419 1864 3470 τὸ
1907 3436 2008 3470 πα-

444 3504 627 3574 ράπαν
655 3507 896 3567 ἐκείνους
948 3507 1218 3575 στέργειν,
1249 3509 1296 3560 οἳ
1332 3511 1442 3570 τοῖς
1495 3511 1784 3580 προτέροις
1822 3514 2006 3566 κανόσι

443 3599 538 3649 καὶ
564 3598 843 3664 διαταγαῖς
875 3597 985 3650 τῶν
1032 3599 1202 3666 ἁγίων
1245 3599 1340 3652 τοῦ
1373 3600 1563 3668 θρόνου
1596 3603 1788 3655 τούτου
1817 3606 2005 3674 ἀρχιε-

444 3691 602 3759 ρέων,
631 3692 662 3760 ἢ
697 3689 826 3756 γοῦν
867 3693 932 3761 τῇ
984 3693 1270 3761 σεμνότητι
1303 3692 1414 3745 τῶν
1436 3695 1584 3764 ὴθῶν
1606 3697 1744 3748 εἰσιν
1765 3697 2008 3750 ἀντικείδ

443 3799 618 3851 μενοι,
650 3785 696 3834 εί
719 3785 814 3835 καὶ
845 3785 994 3852 παρὰ
1028 3785 1281 3846 Λατίνοις
1313 3786 1472 3855 μέχρι
1509 3787 1658 3839 τοῦδε
1691 3788 2004 3856 ξύμπαντες

437 3875 704 3940 ἄγνωστοι
735 3877 1009 3938 παντελιῖλς
1059 3876 1393 3929 διατελοῦσιν
1419 3878 1592 3942 ὄντες,
1625 3879 1746 3932 οὐδὲ
1778 3882 1881 3949 γὰρ
1903 3883 2004 3950 ἡρ-

438 3967 787 4038 ρηνεύθησαν
808 3984 821 3998 ·
858 3968 974 4021 ἀλλ’
1001 3969 1123 4022 06%
1147 3969 1408 4039 εὕρηνται
1434 3971 1490 4024 ὲν
1531 3974 1643 4034 τοῖς
1665 3971 1872 4036 λοιποῖς
1901 3991 2002 4025 πα-

433 4064 771 4129 τριαρχικοίς
806 4061 1036 4130 θρόνοις,
1075 4062 1278 4130 καίπερ
1318 4062 1531 4116 Ἑλλάδι
1561 4065 1865 4134 χρωμένοις
1894 4083 2003 4132 φω-

432 4153 652 4220 νῇ,τοίς
694 4152 922 4205 ἐκείνων
963 4153 1206 4222 ἀρχείοις
1265 4155 1610 4221 ἐγκείμενοι⁹
1671 4157 1756 4207 ὅτι
1811 4156 2000 4228 μηδεὶς

430 4239 610 4294 αὐτῶν
640 4242 729 4294 ὅτε
775 4243 1085 4307 ὲξεδὶδοντο,
1119 4244 1151 4312 ἢ
1192 4244 1555 4311 συνεκδιδοὺς,
1592 4245 1624 4306 ἣ
1666 4247 1996 4314 συμφωνῶν,

427 4334 461 4398 ἢ
494 4333 684 4401 παρὼν
735 4333 869 4396 ὅλως
899 4333 1183 4402 ἐτύγχανε.
1232 4336 1420 4389 Καίτοι
1476 4336 1915 4392 διαϐεϐαιοῦνται
1951 4341 1998 4391 οἱ

427 4423 673 4490 Γραικοὶ,
712 4425 836 4486 τοὺς
870 4425 1095 4486 κανόνας
1124 4424 1345 4487 τούτους
1399 4425 1740 4479 ὲκτεθείσθαι
1786 4427 1877 4479 ὑπ’
1904 4430 1999 4481 αὑ-

2147 581 2254 634 odo
2304 591 2357 634 et
2402 581 2455 635 in
2497 583 2838 658 quiuisexta;
2882 587 3026 655 quod
3086 605 3152 643 ex
3207 592 3708 661 subscriptionibus

2146 680 2292 740 patet
2347 689 2533 728 verum
2580 691 2690 729 non
2731 691 2850 732 esse
2877 695 2889 739 ;
2917 679 2962 732 si
3004 683 3128 748 quis
3167 683 3310 737 enim
3333 685 3584 738 conferre
3611 703 3707 739 vo-

2143 761 2329 826 luerit,
2360 766 2660 832 comperiet
2691 767 2948 837 majorem
3005 780 3212 838 partem
3247 772 3338 841 qui
3363 773 3704 842 subscripse-

2144 861 2292 913 runt,
2349 867 2458 906 non
2501 866 2620 908 esse
2669 857 2912 912 eosdem.-
2966 858 3252 914 Scrihebat
3315 877 3448 916 sane
3492 872 3548 916 et
3595 864 3706 918 Leo

2142 939 2363 994 Isaurm
2416 943 2479 996 ad
2535 943 2856 1013 Gregorium
2913 948 2975 1014 ll,
3030 950 3163 1014 Cur,
3201 951 3478 1020 inquiens,
3514 953 3570 1006 in
3610 970 3704 1008 sex

2141 1031 2391 1086 conciliis
2409 1032 2475 1086 de
2495 1033 2824 1104 imaginibus
2847 1038 2982 1092 nihil
3005 1051 3090 1094 est
3117 1041 3369 1096 dictum?
3401 1053 3456 1097 et
3479 1059 3706 1113 papare-

2141 1125 2381 1192 spondit,
2401 1126 2537 1179 nihil
2577 1126 2785 1182 dictum
2815 1144 2954 1184 esse.
2986 1131 3142 1196 Quod
3198 1148 3336 1202 papa
3363 1150 3472 1189 non
3500 1136 3724 1208 fatere;

2142 1225 2250 1278 tur,
2286 1232 2385 1272 nec
2422 1219 2719 1287 imperator
2749 1220 3036 1289 obiiceret,
3060 1223 3701 1296 siquiuisextaiegitima

2141 1305 2456 1362 haberetur.
2513 1311 2588 1364 Ex
2646 1311 2848 1379 quibus
2895 1327 3019 1366 vera
3072 1328 3194 1369 esse
3255 1317 3698 1386 comperiuntur,

2137 1413 2256 1466 (ius:
2299 1400 2493 1454 scribit
2532 1401 2990 1457 Bibliothecarius
3049 1405 3450 1460 Anastasiusin
3504 1407 3702 1476 praefa-

2141 1491 2287 1545 tione
2323 1507 2434 1546 sua:
2464 1493 2516 1546 in
2551 1495 2838 1555 septimam
2886 1496 3154 1566 synodum
3225 1497 3701 1569 interpretationis

2135 1584 2201 1636 ad
2240 1583 2504 1637 Joannem
2543 1584 2650 1640 Vill
2683 1605 2696 1640 :
2739 1605 2757 1637 ι
2791 1586 2932 1641 Sane
2964 1587 3267 1642 notandum
3298 1599 3383 1642 est
3405 1628 3418 1651 ,
3449 1589 3697 1658 quaedam

2136 1675 2188 1728 in
2227 1674 2327 1728 hac
2359 1677 2566 1744 synodo
2588 1691 2654 1729 ex
2698 1676 3071 1746 apostolorum
3108 1688 3163 1733 et
3191 1690 3360 1734 sextae
3411 1680 3699 1734 universa-

2136 1767 2198 1820 lis
2250 1766 2442 1835 synodi
2494 1768 2799 1821 canonibus
2867 1777 2922 1821 et
2967 1768 3258 1824 sententiis
3285 1770 3540 1838 inveniri,
3577 1788 3699 1841 quae

2067 1837 2102 1889 ⁸
2134 1874 2300 1926 penes
2356 1873 2455 1912 nos
2505 1858 2864 1928 interpretata
2926 1875 3028 1914 nec
3060 1860 3338 1914 habentur
3362 1875 3465 1916 nec
3499 1864 3699 1917 admit-

2132 1959 2340 2004 tuntur.
2374 1950 2440 2004 Et
2465 1959 2612 2005 certe
2643 1951 2710 2005 de
2736 1952 3107 2020 apostolorum
3157 1955 3461 2008 canonibus
3487 1955 3696 2023 liquido

2130 2045 2401 2105 novimus,
2426 2042 2793 2110 quoniam-his
2821 2044 3042 2112 quidam
3093 2043 3251 2098 facile
3281 2061 3387 2099 non
3413 2046 3694 2115 praebuere

2127 2147 2479 2188 consensum.
2507 2133 2610 2188 Sed
2642 2143 2697 2187 et
2728 2135 3098 2201 praedecessor
3129 2145 3311 2190 vester
3328 2138 3524 2192 beatus
3556 2153 3691 2207 papa

2128 2224 2438 2294 Stephanus
2479 2241 2586 2278 non
2638 2241 2702 2279 ex
2757 2225 2844 2278 bis
2901 2227 3021 2294 plus
3081 2243 3247 2296 quam
3293 2229 3690 2298 quinquaginta

2127 2317 2468 2385 recipiendos
2519 2314 2778 2384 synodice
2837 2316 3227 2384 promulgavit,
3292 2319 3686 2386 licetquzedam

2125 2409 2420 2463 constituta
2451 2411 2768 2478 pontiﬁcum
2795 2425 2857 2464 ex
2906 2411 3042 2478 ipsis
3071 2411 3380 2465 eanonibus
3407 2422 3689 2479 assumpta

2121 2515 2242 2554 esse
2270 2499 2577 2552 videantur.
2613 2497 2764 2553 Unde
2793 2497 3096 2566 apostolatu
3129 2496 3322 2552 Vestro
3353 2496 3687 2552 decernente

2121 2607 2230 2646 non
2288 2593 2463 2646 solum
2533 2591 2655 2645 illos
2715 2590 2860 2644 solos
2898 2589 3290 2660 quinquaginta
3315 2605 3552 2644 canones
3586 2591 3687 2644 Ec-

2121 2683 2283 2737 clesia
2324 2682 2538 2750 recipit,
2562 2681 2656 2736 sed
2681 2690 2735 2735 et
2752 2695 2942 2735 omnes
2968 2682 3287 2749 pontiﬁcum
3313 2681 3684 2746 Romanorum

2123 2785 2310 2842 utp0te
2367 2773 2606 2843 Spiritus
2657 2773 2830 2826 sancti
2885 2773 3164 2835 tubarum,
3199 2773 3328 2842 quia
3355 2781 3412 2826 et
3436 2773 3682 2827 omnium

2120 2867 2342 2922 omnino
2373 2866 2736 2936 probabilium
2773 2867 3026 2932 Patrum,
3067 2874 3122 2921 et
3158 2874 3474 2920 sanctorum
3502 2866 3685 2919 conri-

2117 2954 2314 3007 liorum
2367 2954 2585 3023 regulas
2623 2954 3078 3008 etinstitutiones
3103 2954 3364 3016 admittit,
3398 2954 3519 3009 illas
3539 2954 3682 3008 duu-

2119 3053 2266 3098 taxat
2316 3061 2437 3113 qua:
2495 3060 2598 3100 nec
2658 3055 2820 3100 rectae
2880 3046 3005 3101 ﬁdei
3032 3087 3047 3109 ,
3075 3062 3180 3102 nec
3212 3046 3403 3116 probis
3433 3047 3682 3101 moribus

2117 3135 2361 3199 obviant,
2385 3137 2478 3190 sed
2503 3151 2605 3191 nec
2635 3137 2783 3192 sedis
2833 3137 3094 3192 Romana:
3131 3137 3373 3192 decretis
3409 3139 3476 3192 ad
3507 3139 3682 3192 modi-

2114 3242 2236 3281 cum
2269 3227 2398 3293 quid
2435 3228 2740 3295 resultant;
2775 3229 2906 3298 quin
2966 3229 3150 3299 potius
3223 3229 3590 3295 adversarios,
3627 3231 3679 3284 id

2111 3329 2198 3374 est
2248 3321 2556 3386 haereticos,
2605 3329 2858 3391 potenter
2888 3323 3234 3391 impugnant.
3267 3321 3408 3392 Ergo
3441 3321 3674 3391 regulas,

2110 3428 2246 3482 quas
2294 3412 2464 3468 (ἓτκοὶ
2503 3429 2530 3466 a
2564 3422 2714 3468 sexta
2773 3414 2982 3484 synodo
3035 3414 3331 3482 perhibent
3365 3415 3565 3478 editas,
3604 3413 3678 3468 ita

2112 3506 2164 3559 in
2201 3506 2302 3560 hac
2331 3507 2539 3577 synodo
2572 3507 2890 3575 principalis
2951 3508 3111 3562 sedes
3159 3508 3421 3573 admittit,
3457 3515 3516 3561 ut
3551 3509 3676 3562 nul-

2108 3597 2324 3652 latenns
2359 3613 2422 3651 ex
2458 3599 2524 3652 iis
2552 3599 2656 3652 illae
2681 3600 3020 3666 recipiantur
3060 3615 3183 3668 qua:
3210 3601 3488 3669 prioribus
3514 3615 3678 3654 cauo-

2109 3690 2272 3743 nibus
2317 3690 2402 3744 vel
2457 3691 2695 3744 decretis
2737 3705 3058 3744 sanctorum
3087 3693 3235 3746 sedis
3258 3693 3424 3762 hujus
3451 3692 3675 3760 pontiﬁ-

2106 3793 2252 3844 cum,
2289 3790 2376 3834 aut
2416 3790 2566 3835 certe
2598 3782 2756 3835 bonis
2773 3783 3016 3836 moribus
3037 3783 3674 3840 inveniunturadversa‘.

2107 3875 2369 3939 Quamvis
2429 3890 2621 3929 omnes
2665 3875 2931 3929 hactenus
2976 3890 3044 3928 ex
3097 3883 3213 3930 toto
3249 3884 3499 3930 maneant
3527 3877 3670 3944 apud

2105 3969 2328 4024 Latinos
2380 3971 2687 4039 incognitae,
2719 3969 2844 4038 quia
2877 3984 2977 4023 nee
3018 3973 3416 4038 interpretatze;
3448 3969 3541 4024 sed
3569 3985 3673 4025 uec

2105 4061 2158 4114 in
2189 4071 2514 4116 caeterarum
2543 4045 3264 4128 patriarchaliumlsedium,
3319 4059 3453 4114 licet
3485 4058 3669 4114 Grazca

2105 4159 2330 4204 utantur
2385 4150 2589 4219 lingua,
2641 4149 2989 4218 reperiantur
3039 4149 3279 4202 archivis
3329 4165 3345 4201 :
3406 4148 3668 4202 nimirum

2101 4241 2227 4310 quia
2251 4243 2398 4296 nulla
2424 4258 2635 4304 earum,
2665 4257 2788 4295 cum
2812 4241 3130 4306 ederentur,
3156 4251 3251 4295 aut
3290 4241 3667 4310 promulgatis,

2101 4340 2194 4386 aut
2239 4333 2610 4395 consentiens,
2649 4343 2745 4387 aut
2794 4333 2982 4386 saltem
3041 4347 3280 4401 praesens
3308 4333 3527 4387 inventa
3562 4343 3664 4386 est.

2099 4425 2422 4493 Quanquam
2484 4424 2703 4479 eosdem
2760 4425 2950 4478 Patres
3006 4425 3128 4478 illas
3184 4423 3357 4478 Graeci
3417 4424 3666 4492 promul—

425 4513 536 4565 τῶν
570 4515 796 4566 ἐκείνων
828 4516 934 4566 τῶν
987 4517 1266 4585 Πατέρων,
1318 4517 1367 4570 οἳ
1416 4517 1516 4587 τὴν
1565 4521 1730 4588 ἕκτην
1778 4519 1994 4572 σύνοδον

2115 4535 2253 4579 {asse
2277 4519 2619 4588 perhibeant,
2651 4519 2742 4586 qui
2770 4518 2822 4570 in
2856 4526 3006 4570 sexta
3034 4516 3243 4586 synodo
3273 4516 3664 4580 suntinventi;

424 4609 780 4677 συνεκρότουν
803 4625 814 4639 ·
853 4608 990 4660 ἀλλὰ
1013 4609 1171 4661 τοῦτο
1205 4611 1375 4676 δεῖξαι
1437 4613 1633 4678 σαφέσι
1667 4614 1992 4683 τεκμηρίοις

421 4701 524 4752 οὐκ
555 4700 618 4752 ἂν
641 4699 838 4769 ἔχοιεν.
877 4719 895 4750 ι

501 4791 663 4860 Ὀρᾷς
686 4792 767 4843 ὃτι
793 4791 902 4858 σύμ
930 4808 1056 4843 ·ωνα
1087 4794 1152 4860 τῇ
1187 4792 1408 4862 ἀληθεία
1441 4794 1642 4861 γράρει
1667 4797 1693 4846 ὁ
1722 4796 1993 4864 ἑρμηνεὺς

431 4882 825 4947 Ἀναστάσιο;;
874 4883 1000 4936 Ὅτε
1051 4883 1183 4951 γοῦν
1221 4885 1536 4952 ἐπιχειρεῖς,
1571 4887 1655 4939 ὄτι
1686 4889 1717 4957 ἡ
1759 4885 1804 4951 ζ’
1840 4886 1993 4939 σύνο-

415 4977 505 5037 δνις
539 4976 808 5045 μέμνηται
841 4975 1079 5027 κανόνων
1101 4977 1207 5027 τῶν
1237 4977 1296 5041 ἒξ
1319 4978 1714 5046 οίκουειενικῶν
1737 4981 1988 5043 συνόδων,

415 5069 526 5135 ἄρα
556 5068 777 5119 καὶτῶν
805 5069 902 5132 τῆς
929 5067 1253 5135 πενθέκτης,
1279 5072 1310 5136 ἡ
1344 5070 1452 5138 γὰρ
1507 5070 1708 5136 κυρίως
1738 5077 1791 5135 ς’
1829 5071 1988 5123 κανό-

414 5176 511 5221 νας
533 5159 594 5211 ού
623 5161 957 5227 συνέγραψεν
979 5177 992 5190 ·
1019 5160 1198 5228 ἀληθῆ
1230 5161 1428 5228 λέγεις,
1457 5163 1571 5213 ἀλλ’
1593 5165 1691 5215 οὐκ
1715 5165 1988 5230 ἀναγκαῖα

416 5251 511 5301 καὶ
545 5249 817 5317 ἓνθεσμα·
867 5250 1024 5302 τοῦτο
1074 5255 1182 5319 γὰρ
1216 5253 1438 5304 ἐσκόπει
1477 5255 1752 5317 Ταρασιος
1783 5258 1810 5305 ὁ
1863 5255 1986 5316 τοὺς
2023 5317 2030 5323 _

414 5343 646 5402 κανόνας
676 5343 776 5409 τῆς
801 5339 845 5404 ζ’
871 5341 1088 5393 συνόδου
1114 5343 1582 5410 ύπαγομύσαςβδ
1605 5345 1730 5406 τοὺς
1753 5345 1986 5406 κανόνας

411 5434 510 5497 τῆς
550 5433 849 5500 πενθέκτης
896 5433 1220 5500 νομισθῆναι
1270 5435 1525 5503 γνησίους
1559 5435 1691 5503 πρὸς
1739 5436 1798 5488 τὸ
1849 5436 1988 5489 ἀπε-

410 5523 599 5590 λέγξαι
651 5525 774 5586 τοὺς
819 5525 1257 5593 Εἰκονομάχους·
1317 5525 1460 5578 ὥστε
1493 5527 1598 5578 τῶν
1647 5528 1984 5580 ἀνατολικῶν

407 5611 477 5684 ἦν
527 5615 802 5684 ἡτοιαύτη
837 5617 1138 5686 οἰκονομία.
1188 5619 1243 5667 ’0
1287 5618 1343 5669 δὲ
1396 5621 1755 5681 ἁποστολικὸς
1795 5622 1982 5688 θρόνος

403 5709 630 5766 τούτους
664 5706 786 5759 οὔτε
816 5708 1210 5775 ἐττγίνωσκεν,
1242 5709 1363 5760 οὔτε
1417 5706 1530 5778 εἶχε
1569 5712 1818 5772 κανόνας,
1864 5713 1981 5764 ἀλλ’

406 5800 500 5851 ἐπὶ
536 5799 786 5852 τοσοῦτον
819 5801 1036 5866 ἐδέξλτο
1072 5804 1124 5853 ἐν
1156 5805 1217 5870 τῇ
1263 5803 1305 5864 ζ’
1337 5803 1562 5870 συνόδῳ,
1600 5803 1721 5855 ὅσον
1745 5804 1980 5858 meom-

2102 4612 2194 4666 sed
2225 4611 2328 4666 hoc
2361 4610 2524 4664 nullis
2546 4609 2779 4680 probare
2803 4608 2970 4664 certis
3005 4617 3231 4676 possunt
3265 4609 3506 4663 iudieiis.
3546 4627 3563 4665 ι

2166 4793 2328 4846 Vides
2359 4791 2712 4859 interpretem
2751 4788 3100 4844 Anastasium
3144 4805 3387 4845 consona
3417 4790 3665 4844 scribere

2096 4884 2346 4939 veritati?
2377 4883 2607 4950 Quando
2664 4883 2830 4952 igitur
2853 4883 3041 4950 arguis
3069 4901 3083 4936 :
3121 4881 3365 4952 Septima
3422 4882 3665 4951 synodus

2094 4976 2345 5030 meminit
2399 4990 2670 5029 canonum
2711 4991 2804 5030 se:
2865 4977 3206 5046 generalium
3261 4978 3660 5041 conciliorum;

2090 5085 2222 5139 ergo
2249 5069 2414 5122 etiam
2463 5069 2808 5138 quinisextm,
2862 5067 3312 5136 quandoquidem
3364 5085 3485 5136 quae
3533 5085 3664 5123 vere

2090 5171 2241 5216 sexta
2285 5160 2407 5224 fuit,
2467 5162 2646 5216 nullos
2692 5175 2930 5215 canones
2981 5160 3178 5225 edidit,
3209 5175 3336 5214 vera
3371 5163 3529 5220 dicis.
3561 5162 3658 5218 sed

2090 5271 2200 5309 non
2256 5254 2568 5308 necessario
2618 5264 2674 5308 et
2718 5255 2844 5322 jure
2898 5253 3304 5308 coneludentia.
3329 5255 3463 5308 Nam
3488 5256 3655 5309 Tara-

2089 5347 2227 5409 sius,
2289 5347 2384 5413 qui
2449 5347 2692 5415 septima:
2748 5343 2942 5414 synodi
2995 5359 3233 5398 canones
3293 5347 3655 5414 Conscripsit,

2091 5439 2193 5491 hoc
2244 5437 2484 5502 volebat,
2538 5435 2801 5490 nimirum
2853 5451 3097 5489 canones
3120 5436 3652 5504 quinisextzebaberi

2088 5546 2184 5597 pro
2231 5527 2512 5595 legitimis,
2568 5538 2626 5580 ut
2652 5537 2831 5595 posset
2879 5527 3210 5596 redarguere
3245 5528 3650 5582 lconumaclaos.

2087 5621 2274 5687 Itaque
2332 5618 2689 5674 Orientalium
2747 5619 2848 5669 fuit
2904 5619 3235 5687 excogitatio
3268 5619 3652 5681 b:ec;utvero

2087 5713 2246 5766 sedes
2294 5711 2601 5780 apostolica
2653 5723 2752 5761 nec
2782 5711 3134 5777 agnoscebat,
3164 5726 3262 5764 nec
3295 5727 3394 5778 pro
3431 5712 3654 5762 canoni-

2086 5806 2188 5858 hus
2219 5803 2482 5868 habebat,
2513 5802 2604 5859 sed
2633 5813 2868 5857 eatenus
2901 5803 2954 5858 iu
2984 5803 3215 5874 septima
3243 5801 3450 5871 synodo
3471 5816 3654 5856 susce-
