4088 6294
350 313 454 372 823

349 519 488 572 ὥστε
518 521 610 571 τὸν
664 523 1285 588 Κιιινσταντινουπόλεως
1344 527 1486 595 ἔχειν
1525 531 1592 583 τὰ
1649 531 1916 599 πρεσϐεῖα

347 615 444 680 τῆς
484 613 650 680 τιμῆς
703 615 837 681 μετὰ
885 617 975 666 τὸν
1007 617 1104 681 τῆς
1161 616 1378 685 Ῥώμης
1410 621 1729 674 ἐπίσκοπον.
1777 622 1915 674 Ἀλλ’

345 703 494 772 ὅμως
531 703 784 770 Θεόφιλος
812 707 838 757 6
873 707 1278 776 Ἀλεξανδρείας
1309 710 1644 764 ἀντεποιεῖτο
1679 714 1775 782 τῆς
1803 731 1919 783 χει-

346 795 592 863 ροτονίας
642 795 734 846 τοῦ
780 797 1078 849 ἐπισκόπου
1141 800 1788 866 Κωνσταντινουπόλεως,
1822 805 1918 856 καὶ

343 886 635 955 Διόσκορος
689 883 1096 957 Ἀλεξανδρείας
1147 891 1561 961 ἐχειροτόνησεν
1607 894 1917 948 Ἀνατόλιον

341 977 432 1026 τὸν
476 975 1142 1040 Κωνσταντινουπόλεως·
1177 980 1300 1032 ὅθεν
1348 983 1510 1034 παντί
1571 1001 1674 1036 που
1734 985 1914 1054 δῆλον,

340 1063 421 1117 ὅτι
454 1065 482 1116 6
517 1065 692 1117 κανὼν
728 1067 955 1130 ἐκεῖνος,
991 1068 1039 1118 εί
1093 1071 1184 1120 καί
1236 1070 1373 1132 ὅλως
1427 1071 1673 1138 γέγονεν,
1707 1073 1914 1144 ἄκυρος

341 1155 579 1224 ἔμεινεν.
610 1156 703 1209 Διὸ
734 1157 798 1226 δὴ
825 1157 883 1208 ἐν
918 1159 980 1226 τῇ
1012 1157 1248 1230 τετάρτῃ
1283 1161 1485 1230 συνόδῳ
1525 1163 1573 1214 οἱ
1607 1179 1913 1232 τοποτηρη-

339 1250 434 1300 ταὶ
475 1247 568 1300 τοῦ
606 1249 804 1301 πάππα
850 1249 941 1300 τὸν
972 1251 1172 1302 κανόνα
1222 1253 1406 1304 τοῦτον
1439 1255 1537 1305 οὐκ
1565 1253 1741 1323 ὀρθῶς
1778 1273 1911 1325 προ-

339 1337 606 1407 φέρεσθαι
654 1337 876 1406 ἔλεγον⁹
911 1341 1004 1393 καὶ
1048 1341 1200 1394 Λέων
1251 1344 1278 1394 6
1306 1342 1610 1412 τηνικαῦτα
1657 1347 1912 1411 πάππας,

339 1430 434 1480 καὶ
481 1431 527 1481 οἱ
585 1430 705 1498 μετ’
747 1430 910 1482 αὐτὸν
957 1433 1236 1502 ἀρχιερεῖς
1276 1436 1532 1488 οὐδέποτε
1585 1437 1659 1498 ὡς
1690 1438 1914 1506 γνήσιον

341 1521 591 1586 ἐδέξαντο
611 1538 625 1552 ·
678 1520 866 1589 ὥσπερ
896 1525 990 1577 καὶ
1022 1526 1113 1576 τὸν
1143 1528 1240 1591 τῆς
1286 1528 1553 1596 τετάρτης
1585 1529 1827 1593 συνόδου,
1856 1529 1914 1580 ὃν

338 1601 445 1665 ἐπί
494 1612 784 1682 βεϐαιώσει
861 1615 956 1668 τοῦ
1021 1618 1294 1687 προτέρου
1346 1621 1488 1682 τινὲς
1545 1619 1912 1686 ὑπεξέθεντο·

342 1703 540 1772 μέχρις
571 1702 632 1755 οὗ
664 1704 763 1772 τῆς
796 1707 1017 1775 μακρᾶς
1056 1709 1466 1778 κατισχυσάσης
1514 1711 1806 1778 ἐπιμονῆς,
1838 1711 1913 1773 ὡς

1660 323 2092 382 llEFUTATiO
2119 325 2300 384 NIIJ.

420 430 482 480 υἱ
515 430 610 496 τῆς
639 428 679 498 β’
712 430 934 482 συνόδου
985 431 1222 502 Πατέρες
1254 438 1452 488 κανόνα
1488 436 1908 510 ἐγεγράφεισαν,
1943 442 1982 498 Α

3485 339 3594 400 ἓ3ί

2092 440 2282 494 Patres
2334 443 2594 494 srcnndzn
2648 444 2842 514 synodi
2877 447 3485 516 ediderantcanOnem,
3539 463 3598 508 ut

2021 529 2672 601 Constantinopolitanus
2725 536 2954 592 haberet
3004 538 3231 594 hOnoris
3279 547 3594 620 praerogati-

2021 637 2140 675 vam
2175 633 2293 692 post
2326 624 2654 678 Romanum.
2700 629 2956 681 Attamen
2993 629 3330 699 Theophilus
3366 633 3596 686 Alexan-

2021 713 2216 766 driuus
2271 715 2590 768 vindicabat
2647 717 2754 772 sibi
2813 722 3291 774 consecrationem
3341 724 3589 792 episcolii

2020 805 2612 875 (,Ionstantinnpr-litani
2649 809 2752 878 (Ι),
2778 820 2832 865 et
2859 811 3151 866 Dioscorus
3184 813 3592 868 Alexandrinus

2019 900 2363 950 consecravit
2416 900 2731 954 Anatolium
2778 901 3472 973 Constantinopolitanum.
3511 908 3583 960 lix

2017 1001 2126 1055 quo
2165 988 2514 1042 manifestum
2547 999 2650 1053 est,
2681 1007 2946 1046 canonem
2987 995 3163 1060 illum,
3196 997 3239 1050 si
3280 996 3456 1052 factus
3479 1009 3586 1060 est,

2019 1077 2226 1130 nullum
2252 1077 2419 1131 robur
2448 1079 2730 1134 habuisse.
2757 1081 3104 1154 Quapropter
3134 1085 3291 1153 legati
3322 1102 3472 1154 papa:
3495 1103 3588 1139 ac-

2021 1171 2168 1222 tione
2205 1186 2289 1222 xw
2345 1180 2552 1239 quarta‘
2608 1175 2798 1243 synodi
2841 1176 3117 1229 immerito
3164 1178 3314 1229 illiilli
3355 1179 3586 1246 proferri

2017 1262 2263 1326 aiebant,
2296 1273 2350 1317 et
2383 1264 2513 1328 Leo,
2543 1275 2671 1319 tunc
2693 1271 2956 1336 temporis
2977 1287 3134 1339 papa.
3162 1281 3214 1325 et
3239 1289 3584 1328 successores

2022 1354 2144 1422 ejus
2171 1371 2449 1424 nunquam
2486 1369 2543 1408 ut
2584 1359 2886 1425 legitimum
2915 1373 3298 1430 susceperunt,
3324 1365 3589 1432 queinad—

2019 1447 2237 1498 modum
2300 1459 2356 1500 et
2418 1449 3044 1506 viccsimum--octavum
3105 1464 3313 1521 quarto
3369 1455 3585 1524 synodi,

2017 1542 2364 1606 suppositum
2403 1555 2431 1592 a
2465 1543 2792 1608 quibusdam
2835 1543 2902 1596 ad
2952 1545 3393 1599 continuandum
3441 1546 3588 1614 prio-

2018 1641 2133 1679 rem
2181 1628 2359 1688 illum.
2408 1631 2601 1690 donec.
2629 1633 2789 1700 longa
2835 1635 3163 1701 praevalente
3207 1635 3488 1699 instantia,
3529 1647 3589 1688 ut

2018 1717 2289 1772 Adrianus
2317 1735 2453 1788 papa
2493 1731 2725 1775 testatur
2758 1724 2978 1778 actione
3036 1741 3071 1777 ιι
3120 1727 3366 1793 septimae
3393 1728 3586 1796 synodi

339 1799 606 1864 μαρτυρεῖ
644 1797 924 1864 Ἀδριανὸς
954 1799 983 1850 6
1019 1799 1252 1863 πάππας
1274 1803 1332 1852 ἐν
1365 1777 1430 1872 τῇ
1473 1801 1520 1871 β’
1674 1777 1909 1872 ἑϐδόμης

2017 1807 2270 1860 scribens
2293 1807 2359 1860 ad
2397 1809 2776 1878 imperatores,
2799 1813 3408 1883 ConstantinOpolitana
3429 1804 3587 1871 sedes

336 1887 556 1940 συνόδου
587 1887 783 1958 πράξει
816 1890 950 1958 πρὸς
983 1891 1108 1953 τοὺς
1141 1892 1397 1960 βασιλέας
1431 1895 1676 1964 γράφων,
1697 1897 1723 1948 6
1760 1897 1914 1948 Κων⁶

337 1981 836 2044 σταντινουπόλεως
887 1981 1073 2051 θρόνος
1122 1983 1221 2054 τὴν
1249 1985 1512 2056 δευτέραν
1558 1984 1913 2057 ἐκλῆρὼσατο

334 2071 510 2136 τάξιν,
547 2073 889 2137 ὺποόιϐάσας
933 2076 1135 2145 δηλαδὴ
1168 2078 1345 2148 ἐαυτῷ
1388 2081 1511 2141 τοὺς
1549 2081 1769 2144 λοιποὺς
1801 2082 1911 2134 τῶν

335 2163 669 2216 ἀνατολικῶν
720 2165 965 2235 θρόνους,
999 2169 1091 2222 καὶ
1135 2173 1510 2238 μετακινήσεις
1561 2173 1628 2224 τὰ
1686 2173 1832 2242 ὅρια,
1877 2171 1913 2226 ἃ.

337 2253 522 2307 ἔθεντο
560 2258 610 2308 οἰ
664 2258 951 2312 ἀπόστολοι
1003 2262 1155 2332 καὶὴ
1202 2263 1393 2332 πρώτη
1447 2264 1684 2326 σύνοδος.
1736 2267 1913 2318 Κατέ-

339 2348 514 2416 πραξε
579 2349 635 2401 δὲ
687 2354 874 2415 τουτὶ,
937 2356 1102 2421 φησιν
1160 2353 1469 2421 Ἀδριανὸς,
1529 2357 1594 2424 τῇ
1655 2356 1913 2426 αὐθεντίᾳ

336 2441 435 2509 τῆς
488 2442 850 2513 άποστολικῆς
899 2445 1170 2514 καθέδρας
1221 2446 1282 2497 τὸ
1328 2444 1580 2515 δεύτερος
1631 2445 1772 2501 εἶναι
1819 2451 1912 2500 λα-

337 2534 470 2584 εὼν.

414 2623 476 2678 Εἰ
522 2626 579 2678 δὲ
617 2627 842 2696 Μάρκος
874 2627 975 2695 μὲν
1026 2629 1082 2681 ἐν
1113 2627 1515 2702 Ἀλεξανδρείᾳ,
1563 2631 1655 2683 καὶ
1694 2631 1912 2692 Εὑόὸιος

337 2722 395 2772 ἰν
426 2720 834 2789 ’Λντιοχείᾳ,ὦ;
863 2736 1028 2788 φησιν
1061 2721 1316 2784 Εὐσέϐιος
1346 2725 1404 2774 ὲν
1430 2721 1507 2792 τῷ
1537 2723 1580 2792 β’
1610 2721 1706 2774 καὶ
1735 2721 1782 2790 γ’
1811 2724 1910 2791 τῆς

347 2809 667 2878 Ἱστορίας,
717 2811 813 2861 καὶ
851 2810 1108 2878 Ἰγνάτιος
1153 2813 1180 2864 6
1227 2811 1486 2880 θεοφόρος
1548 2813 1607 2862 ὲν
1655 2815 1721 2881 τῇ
1777 2812 1908 2880 πρὸς

346 2905 639 2972 Ἀντιοχεῖς
668 2904 950 2972 ἐπιστολῇ,
975 2905 1100 2956 τοὺς
1131 2905 1568 2974 πατριαρχικ-λὺς
1592 2905 1910 2973 ἐκόσμησαν

336 2995 560 3068 θρόνους
599 2997 666 3065 τῇ
722 2995 942 3066 ἐξουσίᾳ⁴
963 2996 1054 3048 τοῦ
1097 2996 1346 3066 Πέτρου·
1401 2998 1540 3050 ὥστε
1594 2995 1775 3064 λέγειν
1819 2997 1909 3046 τὸν

2014 1897 2194 1952 locum
2237 1901 2476 1955 obtinuit
2520 1905 2854 1971 secundum,
2896 1908 3158 1960 nimirum
3191 1909 3482 1964 inferiores
3526 1925 3586 1963 se

2015 1990 2364 2045 constituens
2413 2003 2641 2048 ceteras
2675 1996 2922 2052 Orientis
2969 2001 3363 2067 patriarchales
3404 2003 3584 2065 sedes,

2013 2092 2066 2134 et
2091 2084 2430 2138 transferens
2459 2087 2742 2147 terminos.
2767 2103 2908 2156 quos
2925 2099 3240 2145 statuerunt
3270 2095 3499 2160 apostoli
3532 2104 3586 2147 ct

2017 2173 2191 2241 prima
2225 2177 2487 2243 synodus.
2534 2176 2655 2230 Ihcc
2687 2187 2897 2240 autem,
2933 2190 2992 2232 ut
3021 2181 3294 2235 Adrianus
3337 2199 3472 2252 papa
3507 2186 3587 2236 in-

2013 2265 2152 2332 quit,
2188 2266 2336 2319 sedis
2365 2269 2683 2335 apostolicae
2733 2270 3067 2326 auctoritate
3105 2271 3318 2339 habuit,
3360 2284 3420 2327 ut
3474 2275 3586 2343 jam

2015 2355 2165 2410 illius
2192 2357 2458 2412 bcnclicio
2487 2371 2628 2414 esset
2658 2361 2926 2416 secunda.

2086 2617 2141 2672 Si
2175 2635 2307 2688 ergo
2339 2619 2552 2674 Marcus
2591 2623 2812 2689 quidem
2843 2625 3209 2690 Alexandrize,
3252 2637 3305 2680 et
3347 2626 3588 2684 Evodius

2013 2708 2344 2773 Antiochia),
2397 2721 2457 2764 ut
2493 2712 2673 2779 inquit
2711 2713 2983 2768 Eusebius
3011 2715 3111 2768 lib.
3147 2731 3183 2768 ιι
3215 2725 3270 2770 ct
3313 2735 3368 2772 ιιι
3408 2719 3588 2774 llis-lo-

2015 2801 2130 2860 τίω.
2161 2811 2218 2854 et
2266 2812 2490 2854 sanctus
2543 2803 2781 2887 lgnatiqs
2817 2814 3024 2873 martyr
3061 2804 3115 2858 in
3159 2806 3323 2874 epist.
3365 2811 3431 2862 ad
3474 2813 3586 2864 Au-

2019 2893 2328 2953 tiochenos,
2365 2895 2834 2961 patriarchalibus
2871 2898 3183 2964 praesedere
3227 2900 3452 2956 sedibus
3487 2919 3590 2957 au-

2015 2987 2274 3037 ctoritate
2307 2984 2450 3036 l'ctri
2480 2998 2571 3041 :ut
2598 2986 2758 3053 plane
2780 2997 3005 3041 sanctus
3025 2988 3325 3055 Gregorius
3358 3008 3586 3060 magnus

337 3091 394 3139 ἐν
425 3086 596 3152 ἁγίοις
623 3087 918 3155 Γρηγόριον
949 3090 1038 3139 τὸν
1062 3089 1320 3155 Διάλογον
1342 3089 1399 3140 ὲν
1431 3090 1498 3158 τῇ
1534 3095 1617 3156 ρα¹
1648 3089 1907 3156 ἐπιστολῇ

2014 3077 2177 3144 epist.
2215 3077 2335 3136 lOI,
2388 3079 2452 3131 ad
2489 3079 2775 3147 Eulogium
2812 3081 3248 3136 Alexandrinum
3287 3087 3430 3140 dicat
3474 3097 3586 3143 tres

338 3183 474 3246 πρὸς
525 3179 782 3246 Εὑλόγιον
833 3178 1263 3251 Ἀλεξανδρείας,
1303 3181 1386 3234 ὅτι
1431 3182 1579 3251 τρεῖς
1628 3180 1841 3248 ὕψωσεν
1884 3181 1910 3230 6

2017 3184 2044 3220 a
2084 3168 2248 3222 Petro
2281 3168 2441 3224 sedes
2473 3170 2645 3224 fuisse
2683 3171 3008 3227 sublimatas
3051 3185 3108 3227 ct
3142 3191 3310 3228 unum
3343 3188 3450 3232 tres
3493 3180 3588 3232 ha-

341 3270 545 3336 Πέτρος
600 3269 847 3337 θρόνους,
883 3271 978 3322 καὶ
1032 3266 1114 3332 εἷς
1164 3271 1289 3334 τοὺς
1328 3273 1478 3340 τρεῖς
1511 3257 1693 3340 είχενο
1735 3268 1854 3325 εἶτα
1883 3273 1911 3324 6

338 3359 959 3424 Κωνσταντινουπό).εως
990 3362 1252 3431 ἐδράξατο
1282 3363 1376 3432 τῆς
1406 3363 1663 3432 δευτέρας
1697 3365 1904 3434 χώρας,

337 3453 904 3522 παραγκωνισάμενος
935 3455 1062 3516 τοὺς
1096 3454 1209 3517 δύο,
1239 3457 1332 3507 κα)⁸
1361 3455 1521 3509 τοῦτο
1565 3457 1909 3530 βεϐιασμένη

334 3544 587 3596 ὲνστάσει
651 3543 1030 3612 κατεκτήσατο
1071 3544 1139 3597 δι’
1172 3546 1459 3610 αὐθεντίας
1515 3545 1611 3600 τοῦ
1667 3549 1906 3601 πάππαο

338 3633 456 3694 πῶς
486 3633 586 3684 οὐκ
614 3632 836 3701 εὔδηλον
865 3635 972 3686 τῶν
1001 3637 1334 3690 ἀνατολικῶν
1370 3639 1582 3706 θρόνων
1621 3641 1688 3692 τὰ
1719 3642 1910 3708 προνό-

341 3741 442 3792 μια
477 3723 746 3791 ἠρτῆσθαι
796 3724 895 3792 τῆς
944 3725 1198 3788 ἐξουσίας
1235 3727 1328 3779 τοῦ
1357 3731 1596 3792 πάππας
1655 3732 1760 3783 Καὶ
1794 3731 1908 3791 πῶς

337 3815 440 3866 οὐκ
479 3813 722 3881 εὔδηλον,
757 3815 839 3867 ὅτι
895 3814 1102 3884 Πέτρου
1140 3818 1232 3869 τὸν
1272 3819 1686 3890 Ἀλεξανδρείας
1729 3821 1910 3872 δεύτε-

339 3922 454 3976 ροι,
516 3907 608 3957 καὶ
667 3907 850 3975 τρίτον
901 3909 1349 3976 κα;αστήσαντος
1409 3910 1500 3961 τὸν
1554 3911 1907 3978 Ἀντιοχείας,

335 4000 528 4048 ἔπειτα
577 3996 670 4049 τοῦ
731 3997 931 4067 πάππχ
987 3999 1458 4067 νομοθετήσαντος
1510 3999 1764 4068 δεύτερον
1819 4003 1909 4051 τὸν

339 4087 981 4148 Κωνσταντινουπόλεως,
1033 4087 1156 4156 ῑσην
1197 4086 1312 4157 ἔχει
1363 4090 1391 4140 6
1455 4089 1660 4157 Πέτρος
1713 4089 1806 4142 καὶ
1861 4091 1909 4142 οἱ

333 4180 566 4248 διάδοχοι
604 4179 701 4249 τὴν
747 4179 998 4243 ἐξουσίαν
1045 4178 1188 4232 κατά
1238 4196 1302 4246 γε
1351 4180 1412 4232 τὸ
1448 4181 1784 4250 ποιμαίνειν,
1815 4183 1910 4233 καὶ

334 4271 624 4340 κυϐερνᾷν,
664 4271 757 4323 καὶ
801 4270 1136 4324 διατίθεσθαι
1185 4272 1254 4324 τά
1283 4272 1381 4340 τῆς
1438 4271 1809 4342 Ἐκκλησίαςς
1850 4275 1909 4326 Εἰ

334 4365 467 4431 γοῦν
502 4363 790 4430 πρεσϐεῖόν
848 4365 964 4415 ἐστι
1019 4363 1114 4414 τοῦ
1166 4364 1792 4426 Κωνσταντινουπόλεως
1847 4367 1908 4417 τὸ

332 4456 470 4509 εἶναι
512 4456 788 4522 δεύτερον,
817 4455 909 4508 τοῦ
946 4454 1354 4524 Ἀλεξανδρείας
1406 4456 1466 4507 τὸ
1515 4457 1699 4524 τρίτον
1741 4453 1902 4517 εἶναι,

331 4547 424 4600 τοῦ
460 4548 788 4616 Ἀντιοχείας
821 4550 880 4598 τὸ
911 4543 1050 4599 εἶναι
1081 4547 1360 4614 τέταρτον,
1382 4545 1477 4599 καὶ
1505 4545 1680 4600 ταῦτα
1713 4547 1898 4616 ἔχουσι

334 4641 483 4706 παρὰ
539 4638 634 4690 τοῦ
686 4640 917 4692 πάππα·
951 4639 1052 4692 οὐκ
1108 4639 1281 4708 ἀληθῆ
1343 4637 1543 4705 λέγεις,
1582 4639 1764 4703 Νεῖλε,
1820 4640 1902 4692 ὅτι

334 4733 484 4800 παρὰ
517 4730 622 4782 τῶν
659 4731 919 4801 Πατέρων
951 4731 1174 4798 εἴληφεν
1201 4730 1228 4782 6
1263 4731 1494 4805 πάππας
1520 4731 1582 4782 τὸ
1613 4736 1895 4800 πρωτεῖον.

343 4822 567 4889 ’Λληθὲς
600 4823 674 4884 δὲ,
719 4822 800 4873 ὃτι
832 4821 980 4891 παρὰ
1011 4819 1108 4872 τοῦ
1156 4821 1358 4873 πάππα
1387 4821 1673 4889 εἰλήφασιν
1707 4822 1755 4874 oi
1791 4824 1902 4874 [ια-

330 4919 487 4982 τέρες
515 4914 581 4964 τὰ
608 4915 901 4982 προνὸμια.
930 4914 1038 4966 Καὶ
1069 4913 1228 4982 εἴπερ
1260 4914 1404 4964 κατὰ
1431 4913 1512 4976 σὲ,
1549 4914 1680 4984 παρ’
1707 4908 1782 4967 ὧν
1817 4933 1896 4978 τις

329 5008 444 5075 ἔχει
482 5007 541 5056 τὸ
585 5007 892 5075 πρεσὸεἰον,
929 5005 1155 5056 ἐκείνων
1205 5007 1319 5066 τοῖς
1371 5007 1556 5074 νόμοις
1588 5007 1860 5073 ὑπάγεται
1884 5023 1898 5036 ·

327 5103 379 5150 οἱ
403 5099 460 5149 δὲ
493 5098 797 5149 άνατολικοὶ
825 5098 1160 5166 πατριάρχαι
1185 5097 1339 5165 παρά
1366 5098 1461 5150 τοῦ
1493 5097 1692 5149 πάππα
1718 5097 1900 5166 ἔχουσι

330 5192 392 5241 τὸ
433 5189 721 5258 πρεσϐεῖον
773 5188 867 5241 τοῦ
903 5186 1042 5241 εἶναι
1095 5187 1370 5256 δεύτερον,
1412 5190 1506 5241 καὶ
1552 5187 1760 5256 τρίτον,
1809 5191 1902 5242 καὶ

329 5283 622 5349 τέταρτονο
661 5281 766 5349 ἄρα
814 5283 956 5332 κατὰ
1012 5281 1070 5333 σὲ
1114 5280 1422 5345 ἐπάναγκες
1463 5281 1765 5346 ὑπάγονται
1795 5281 1904 5334 τοῖς

317 5373 521 5440 ,νόμοις
571 5371 660 5423 τοῦ
698 5373 915 5424 πάππα.
951 5373 1012 5424 Ei
1067 5372 1124 5424 δὲ
1157 5373 1342 5440 φαίης,
1377 5374 1436 5422 οὐ
1472 5373 1618 5440 παρὰ
1662 5372 1770 5422 τῶν
1803 5389 1906 5422 παο

328 5463 634 5532 τριαρχῶν,
681 5463 774 5525 οὓς
834 5465 1094 5532 ἐτίμησεν
1149 5465 1176 5515 6
1239 5465 1491 5527 πάπποις,
1551 5464 1690 5516 άλλὰ
1752 5464 1905 5531 πιρὰ

331 5554 573 5605 συνόδων
635 5555 1027 5621 οἰκουμενικῶν
1109 5550 1248 5605 εἶναι
1321 5555 1382 5605 τὸ
1451 5554 1745 5621 πρεσϐεῖον
1815 5554 1905 5608 τοῦ

408 5742 485 5812 (1)
523 5739 596 5794 [Ix
633 5742 749 5796 Vita
791 5742 1183 5812 (lhrysoslomi.

2015 3261 2202 3315 buisse
2225 3261 2456 3326 ;deinde
2479 3261 3150 3333 Consrantinopolitanus,
3183 3270 3424 3323 extrusis
3453 3271 3582 3334 illis,

2015 3351 2291 3406 secundus
2333 3362 2420 3407 est
2477 3355 2720 3420 habitus,
2778 3366 2833 3409 et
2895 3359 3000 3412 hoc
3056 3359 3274 3414 assidua
3325 3362 3586 3417 instantia

2013 3456 2344 3500 consecutus
2385 3463 2482 3516 per
2515 3449 2902 3504 auctoritatem
2934 3467 3108 3520 papae,
3156 3469 3222 3507 an
3251 3470 3358 3508 non
3397 3457 3582 3510 mani-

2015 3535 2214 3590 [estum
2249 3549 2332 3591 est
2374 3539 2662 3608 privilegia
2691 3539 3054 3596 Orientalium
3091 3545 3303 3599 sodium
3341 3549 3582 3616 pendere

2013 3629 2082 3681 ab
2133 3631 2464 3683 auctoritate
2509 3633 2701 3700 βοραεῖ
2757 3635 2838 3686 Αιι
2891 3650 2998 3687 non
3054 3637 3409 3691 manifestum
3478 3651 3582 3705 est,

2011 3719 2158 3786 quod
2198 3719 2359 3772 Petro
2384 3724 2758 3776 constituente
2783 3726 3090 3779 secundum
3124 3729 3580 3796 Alexandrinum,

2010 3808 2415 3861 Antiochcnum
2447 3812 2695 3872 tertium,
2735 3827 2873 3880 papa
2909 3828 3039 3868 vero
3075 3820 3427 3884 postmodum
3451 3836 3586 3874 con-

2011 3901 2244 3954 cedente
2295 3911 2353 3954 ut
2383 3903 2661 3956 secundus
2709 3915 2857 3957 esset
2907 3905 2984 3957 Co
3027 3908 3578 3977 stantinopolitmius.

2014 4007 2197 4059 parem
2251 3993 2413 4047 habet
2449 3993 2642 4047 Petrus
2673 4003 2730 4046 et
2763 4009 3115 4051 successores
3153 4007 3477 4065 potestatem
3523 4005 3578 4057 in

2013 4084 2305 4151 pascendo,
2341 4084 2703 4153 gubernando
2738 4096 2794 4140 et
2827 4088 3170 4142 instituendo
3199 4094 3580 4150 ecclesiastico

2011 4174 2249 4227 ordine?
2287 4176 2471 4245 Itaque
2505 4178 2551 4229 si
2581 4182 2937 4247 prmrogativa
2979 4179 3578 4252 Constmntinopolitani

2010 4274 2096 4319 est
2141 4281 2262 4320 csse
2303 4269 2631 4333 secundum,
2666 4281 2722 4326 et
2755 4272 3112 4327 Alexandrini
3163 4290 3283 4329 esse
3327 4277 3579 4344 tertium,

2009 4365 2066 4408 et
2123 4357 2454 4411 Antiocheni
2509 4373 2631 4412 esse
2689 4368 2970 4426 quartum,
3030 4372 3088 4416 et
3134 4363 3248 4418 haec
3301 4365 3506 4420 habent
3547 4385 3578 4423 a

1943 4461 1983 4515 υ
2018 4461 2180 4518 papa,
2215 4461 2322 4499 non
2351 4457 2434 4501 est
2475 4450 2830 4517 rerumquod
2867 4449 2968 4515 ais,
3018 4468 3211 4522 papam
3259 4472 3286 4507 a
3326 4455 3579 4513 l‘atribns

2015 4537 2273 4591 habuisse
2325 4539 2658 4606 primatum;
2695 4541 2790 4594 sed
2845 4553 3060 4606 contra,
3097 4555 3280 4613 patres
3316 4547 3576 4604 habuisse

2011 4643 2039 4680 a
2078 4643 2214 4696 papa
2269 4629 2578 4700 privilegia,
2629 4642 2686 4685 et
2723 4630 2766 4684 si
2800 4646 2900 4700 per
2931 4643 3004 4699 te,
3042 4649 3071 4687 a
3106 4636 3310 4704 quibus
3340 4639 3575 4708 quisque

2012 4721 2246 4774 honores
2313 4721 2515 4785 sumit,
2573 4723 2787 4791 legibus
2847 4724 3069 4778 illorum
3133 4738 3218 4782 est
3279 4729 3573 4796 subditus;

2007 4811 2318 4866 Orientales
2340 4817 2472 4866 'vero
2502 4815 2832 4882 patriarchae
2861 4816 3065 4871 habent
3097 4817 3336 4874 honores
3357 4837 3384 4873 a
3416 4837 3574 4890 papa,

2011 4916 2072 4958 ut
2121 4906 2449 4966 Secundum,
2494 4907 2734 4971 tertium,
2777 4918 2832 4962 et
2875 4920 3132 4977 quartum
3168 4914 3458 4967 obtineant
3494 4915 3577 4967 lo-

2008 5013 2172 5063 cum;
2205 5009 2356 5053 certe
2396 5000 2559 5053 etiam
2606 5016 2756 5069 papa:
2788 5003 3004 5071 legibus
3043 5007 3358 5060 necessario
3398 5024 3492 5074 per
3526 5019 3576 5061 te

2013 5091 2350 5146 subduntur.
2393 5091 2446 5146 Si
2500 5092 2652 5148 dicas
2712 5112 2819 5148 non
2868 5112 2991 5149 esse
3029 5097 3322 5164 primatum
3358 5115 3508 5168 papae
3544 5117 3572 5152 a

2009 5189 2360 5257 patriarchis,
2394 5205 2532 5256 quos
2558 5189 2852 5243 honoravit
2893 5206 3048 5258 papa,
3088 5191 3184 5245 sed
3221 5192 3291 5244 ab
3334 5207 3574 5247 mcumc—

2010 5281 2147 5331 nicis
2197 5279 2470 5340 conciliis,
2517 5278 2658 5332 dicis
2705 5295 2825 5348 quze
2873 5283 3025 5334 llllllO
3083 5282 3245 5334 modo
3293 5291 3571 5337 constant.

2008 5369 2190 5422 Prima
2211 5369 2464 5438 synodus
2501 5368 2554 5421 in
2583 5381 2735 5424 sexto
2765 5386 2974 5425 canone
3010 5372 3278 5440 pra:cipit,
3309 5374 3566 5442 antiquos

2010 5463 2290 5516 observari
2352 5477 2555 5526 mores,
2615 5471 2672 5516 et
2730 5473 2946 5518 vetusta
2999 5465 3363 5519 Ecclesiaruln
3399 5467 3576 5535 privi-

2012 5552 2146 5621 legia
2175 5567 2286 5605 non
2321 5550 2558 5604 turbari.
2592 5549 2646 5604 Si
2676 5565 2806 5620 ergo
2843 5567 2978 5620 papa
3006 5554 3303 5622 primatum
3339 5555 3575 5608 habebat
