4088 6294
593 356 699 418 839

1750 351 2113 412 ΜΛΤΤΠίΕΙ

2263 349 2692 410 RYDPHYLLI
3073 345 3076 347 Δ
3495 381 3506 394 ·
3718 367 3802 430 3m

586 485 896 532 successor,
932 470 1036 526 hoc
1085 479 1170 525 est
1205 479 1258 526 et
1301 470 1486 526 Roma:
1525 481 1582 526 et
1634 471 1804 524 totius
1850 470 2003 523 orbis
2043 469 2149 538 epi-

2265 467 2376 529 ’ἐξει
2422 469 2554 519 ποτὲ
2601 467 2664 519 τὸ
2711 469 3001 532 καθολικθις
3035 465 3194 522 εἶναι.
3233 472 3340 524 Καὶ
3383 472 3414 524 ό
3463 474 3682 539 πάππας
3713 484 3801 535 εἴτε

587 578 808 632 scopus.

1083 833 1286 890 MLUS
1330 835 1483 904 (Cap.
1529 834 1670 902 XX).

662 970 682 1002 ι
723 949 828 1005 Sed
872 964 1048 1019 neque
1093 949 1231 1010 sola,
1269 960 1328 1002 ut
1360 951 1540 1013 aiunt,
1575 952 1818 1004 Romana
1868 952 2024 1004 sedes
2059 955 2154 1002 ha.

585 1046 698 1108 bet,
753 1054 809 1096 ut
858 1051 1083 1096 vocetur
1112 1043 1438 1110 apostolica.
1485 1041 1717 1096 Constat
1759 1058 1824 1095 ex
1872 1043 2157 1096 undecima

581 1148 748 1190 sextae
778 1134 968 1206 synodi
1005 1134 1246 1196 actione,
1276 1135 1368 1188 ubi
1405 1135 1610 1204 legitur
1637 1151 1652 1190 :
1682 1153 1700 1184 ι
1726 1134 2150 1197 Constantinus,

583 1227 1036 1296 religiosissimus
1091 1227 1519 1281 archidiaconus
1575 1227 1742 1296 hujus
1796 1235 2006 1281 sanctas
2059 1226 2153 1279 Dei

581 1321 866 1373 catholicae
911 1330 966 1375 et
1001 1319 1319 1388 apostolicae
1357 1318 1640 1385 Ecclesiae,
1686 1337 1704 1372 ι
1757 1319 1864 1372 hoc
1899 1327 1982 1372 est
2014 1316 2156 1372 Con-

581 1410 1100 1478 stantinopolitaum.
1128 1409 1395 1464 Similiter
1415 1409 1790 1464 actionibusvn
1813 1419 1868 1464 et
1891 1425 1964 1462 vn
1996 1408 2156 1464 sedes

581 1519 814 1574 qumque
863 1503 1188 1572 principalis
1222 1509 1449 1556 vocatur
1478 1502 1804 1572 apostolica.
1841 1500 1914 1556 Ut
1946 1501 1990 1554 si
2030 1499 2156 1570 quis

582 1597 872 1665 quaejusta
905 1603 1033 1649 sunt
1061 1594 1374 1664 disceptare
1405 1596 1558 1656 velit,
1589 1595 1674 1648 vel
1705 1609 1897 1648 omnes
1928 1603 2156 1662 propter

585 1686 700 1740 haec
752 1687 948 1754 arquali
1003 1685 1197 1756 dignas
1247 1685 1461 1739 honore
1507 1699 1734 1739 censere
1788 1685 1985 1739 debeat
2030 1699 2156 1738 cum

583 1777 829 1830 Romana
858 1777 1010 1841 sede,
1041 1777 1128 1831 vel
1160 1793 1263 1831 nec
1295 1778 1540 1831 Romana
1589 1777 1753 1830 sedes
1791 1786 2016 1846 propter
2051 1775 2158 1830 hoc

581 1869 991 1936 superemineat
1019 1879 1270 1934 caeteras,
1299 1869 1429 1924 dum
1463 1885 1572 1924 non
1605 1869 1738 1924 licet
1772 1885 2065 1926 commune
2099 1870 2154 1923 in

583 1962 857 2030 privatum
897 1963 1149 2018 transire.
1191 1981 1209 2014 ι

1143 2075 1606 2134 CONFUTATIO.

651 2190 707 2245 Si
739 2191 790 2244 in
827 2190 966 2244 actis
1004 2191 1344 2261 synodorum
1379 2208 1486 2247 non
1515 2203 1662 2248 esset
1693 2194 1857 2249 obvia
1889 2204 1942 2249 et
1970 2197 2157 2263 appel-

579 2282 803 2336 lationis
830 2285 1168 2348 connuunio,
1201 2293 1257 2338 et
1295 2285 1462 2340 simul
1505 2286 1843 2350 dillcrentia,
1887 2287 2156 2342 haberent

580 2374 818 2442 aliquam
874 2383 964 2427 tua
1018 2375 1165 2430 dicta
1218 2377 1678 2444 excusationem;
1737 2379 1832 2434 sed
1889 2380 1933 2433 si
1983 2381 2154 2432 tnnlto

581 2467 754 2535 magis
786 2465 972 2521 elucet
1003 2467 1057 2520 in
1095 2467 1204 2522 illis
1228 2469 1544 2523 differentia
1571 2485 1734 2536 quam
1759 2471 2151 2536 communitas,

580 2574 681 2612 cur
753 2559 809 2611 in
880 2567 1028 2612 tanta
1081 2560 1204 2616 luce
1259 2561 1502 2630 caligas?
1556 2563 1846 2631 Nunquam
1913 2567 2153 2634 reperies

579 2650 878 2704 orientales
905 2651 1066 2704 sedes
1097 2653 1278 2706 vocari
1313 2653 1647 2722 apostolicas
1685 2654 1895 2723 absque
1943 2656 2154 2710 addita-

579 2749 790 2808 mento,
827 2741 922 2795 sed
952 2759 1076 2796 cum
1116 2743 1477 2798 distinctione"
1503 2757 1559 2800 et
1585 2745 1975 2800 diminutione.
2009 2749 2150 2813 Quin

583 2833 693 2886 imo
734 2832 786 2884 in
816 2833 1216 2896 vetustioribus
1261 2837 1512 2892 cenciliis
1559 2853 1905 2906 nequaquam
1937 2839 2040 2892 sibi
2066 2855 2153 2892 ar-

583 2924 849 2994 rogabant
898 2927 1188 2994 apostolici
1244 2928 1504 2995 titulum;
1550 2930 1662 2983 sola
1709 2931 1859 2984 enim
1907 2931 2150 2984 Roniana

579 3015 742 3070 sedes
773 3026 1002 3069 vocatur
1046 3018 1348 3086 apostolica
1403 3018 1458 3072 in
1518 3021 1677 3074 tertia
1723 3021 1954 3091 synodo.
1987 3021 2150 3076 Certe

578 3107 819 3160 secunda
865 3107 984 3176 ejus
1018 3111 1236 3162 actione
1266 3107 1506 3180 Cyrillus
1552 3112 1881 3180 simpliciter
1913 3115 2147 3168 Alexan-

578 3199 797 3266 drinus,
837 3198 1117 3254 iuvenalis
1163 3189 1739 3272 llierosolymitanus;
1773 3205 2060 3264 Arcadius.
2097 3218 2154 3262 et

579 3293 886 3360 Projectus.
939 3301 994 3346 et
1031 3290 1320 3362 Philippus
1354 3295 1672 3362 apostolicae
1703 3297 1851 3352 sedis
1883 3309 2152 3353 vocantur

577 3383 778 3454 legati;
825 3393 880 3438 et
932 3384 1036 3438 hoc
1085 3384 1349 3455 deinceps
1389 3387 1442 3440 in
1499 3387 1588 3442 illa
1639 3393 1847 3458 synodo
1885 3392 2149 3460 reperies,

579 3475 844 3528 nimirum
897 3475 1048 3528 solos
1076 3489 1235 3545 "papae
1284 3477 1495 3546 legatos
1541 3479 1690 3534 sedis
1724 3483 2042 3549 apostolica:
2071 3484 2154 3537 di-

579 3575 718 3628 ctus,
747 3566 960 3620 sodium
997 3581 1128 3620 vero
1164 3569 1517 3623 orientalium
1553 3571 1850 3641 inscriptos
1887 3574 2151 3644 simplici-

579 3661 685 3704 ter.
738 3651 794 3704 ln
856 3663 1050 3722 quarta
1105 3659 1317 3726 synodo
1381 3660 1592 3728 pariter
1647 3663 1946 3718 orientales
1991 3664 2153 3720 sedes

565 3743 721 3802 unde
773 3745 1153 3813 proferuntur,
1212 3750 1374 3820 legali
1431 3764 1614 3808 autem
1669 3772 1820 3826 papa:
1860 3759 2148 3827 apostolici

579 3835 739 3890 titulo
773 3838 974 3904 passim
1010 3841 1427 3908 exprimuntur.
1465 3845 1654 3916 Itaque
1707 3848 1926 3904 actione
1975 3851 2148 3918 prima

577 3928 629 3980 in
659 3928 776 3996 ipso
805 3931 1072 3985 exordio:
1117 3952 1134 3983 ‹
1173 3932 1562 4002 Pascltasinus,
1597 3939 1800 4010 inquit,
1834 3942 1983 3996 sedis
2018 3958 2150 4012 apo-

573 4017 782 4071 stolicat
809 4019 1034 4090 legatus,
1067 4023 1207 4078 dixit
1235 4043 1248 4078 :
1283 4025 1596 4082 Beatissimi
1625 4039 1680 4082 et
1709 4033 1999 4100 apostolici
2033 4034 2150 4102 epi-

575 4105 728 4173 scopi
769 4109 974 4174 Romae,
1019 4112 1111 4181 qui
1154 4123 1239 4168 est
1268 4117 1514 4170 omnium
1553 4117 1920 4175 Ecclesiarum
1961 4133 2145 4191 caput,

575 4199 833 4256 ntandata
866 4202 1158 4268 habemus,
1198 4199 1307 4263 etc.
1347 4228 1365 4260 ι
1403 4210 1515 4265 Nec
1562 4211 1724 4266 facile
1770 4214 2148 4269 numeraveris

577 4291 634 4344 in
685 4303 881 4360 quarta
936 4298 1148 4366 synodo
1201 4297 1364 4370 hujus
1423 4301 1566 4354 tituli
1623 4303 2032 4370 repetitionem.
2089 4303 2144 4356 In

574 4394 728 4436 sexta
762 4400 984 4454 quoque
1014 4389 1246 4456 synodo,
1281 4392 1498 4446 actione
1530 4409 1568 4458 I,
1593 4391 1904 4450 Orientales
1931 4394 2145 4464 simpli—

2269 559 2455 622 ἁπλῶς
2505 559 2616 612 εἴτε
2673 560 2893 630 Ῥώμης
2941 562 3279 631 καλούμενος
3343 565 3650 633 ἐπίσκοπος,
3683 573 3802 625 οὐδέ-

2269 665 2400 701 ποτε
2455 649 2722 707 ἀπόλλυσι
2769 653 2828 704 τὸ
2875 651 3083 722 Πέτρου
3133 649 3274 706 εἶναι
3307 655 3570 725 διάδοχος,
3593 659 3804 729 δηλονότι

2266 742 2359 792 καὶ
2405 740 2624 812 Ῥώμης
2655 743 2749 795 καὶ
2773 745 3157 812 οἰκουμενικδς
3193 747 3508 810 ἐπίσκοπος.

2905 857 3175 909 ΝΕΙΛΟΣ.
3226 917 3232 921 _

2351 969 2494 1019 Ἀλλ’
2521 969 2628 1022 οὐδ’
2661 968 2735 1030 ὥς
2770 987 2936 1036 φασι,
2998 972 3156 1038 μόνος
3179 975 3206 1024 ὁ
3234 973 3329 1042 τῆς
3374 973 3590 1044 Ῥώμης
3648 980 3807 1048 θρόνος

2265 1059 2380 1130 ἔχει
2441 1061 2501 1111 τὸ
2546 1061 2904 1124 ἁποστολικὸς
2961 1061 3364 1131 ὀνομάζεσθαιο
3404 1067 3574 1135 Δῆλον
3623 1073 3681 1124 ἐκ
3726 1074 3808 1141 τῆς

2269 1156 2337 1202 ια’
2363 1151 2615 1218 πράξεως
2649 1152 2746 1220 τῆς
2775 1159 2829 1216 ς’
2861 1154 3104 1207 συνόδου.
3147 1173 3165 1204 ‹
3201 1157 3616 1222 Κωνσταντῑνος
3657 1163 3680 1213 ὁ
3713 1163 3811 1214 θεο-

2269 1241 2590 1304 σεϐέστατος
2648 1245 3026 1310 ἀρχιδιάκονος
3075 1244 3196 1314 τῆς·
3233 1246 3468 1300 ἐνταῦθα
3527 1233 3810 1324 ἁγιωτάτη-

2264 1333 2358 1384 τοῦ
2387 1333 2522 1386 Θεοῦ
2556 1333 2858 1401 καθολικῆς
2892 1336 2987 1388 καὶ
3017 1338 3388 1408 ἁποστολικῆς
3423 1340 3758 1411 Ἐκκλησίας,
3790 1365 3804 1396 ι

2264 1421 2466 1492 δηλαδὴ
2498 1425 3148 1490 Κωνσταντινουπόλεως.
3211 1427 3445 1497 Ὁμοίως
3485 1432 3542 1483 δὲ
3575 1434 3631 1484 ἐν
3677 1435 3740 1502 τῆ
3766 1443 3808 1499 ς’

2263 1515 2358 1565 καὶ
2383 1515 2443 1567 ὲν
2477 1517 2542 1584 τῇ
2573 1513 2616 1578 ζ’
2647 1514 2878 1576 ἕκαστος
2933 1517 3383 1576 τῶνκαθολικῶν
3437 1521 3644 1590 θρόνων
3697 1527 3810 1578 ἁπο-

2275 1608 2524 1669 στολικδς
2580 1607 2932 1678 ὀνομάζεταιο
2970 1610 3110 1664 ὥστε
3143 1613 3196 1664 εἴ
3227 1631 3306 1675 τις
3343 1613 3517 1667 ἐθέλοι
3545 1618 3610 1668 τὰ
3655 1617 3810 1670 δίκαια

2263 1699 2601 1766 λογίζεσθαι,
2632 1700 2782 1770 ἦκα).
2818 1705 3024 1764 πάντας
3053 1702 3141 1755 διὰ
3166 1703 3338 1756 ταῦτα
3373 1705 3482 1757 τῶν
3523 1705 3649 1759 ῐσων
3671 1707 3809 1772 ἀξιώ-

2191 1833 2232 1885 B
2263 1804 2347 1838 σει
2382 1789 2460 1854 τῷ
2504 1789 2727 1858 Ῥώμης
2762 1789 2959 1860 θρόνῳ
2993 1791 3024 1860 ἢ
3055 1792 3194 1860 μηδὲ
3227 1795 3254 1846 ό
3297 1793 3400 1861 τῆς
3463 1794 3680 1865 Ῥώμης
3707 1797 3808 1866 θρό-

2260 1895 2348 1940 νος
2377 1877 2462 1930 διὰ
2495 1879 2669 1930 ταῦτα
2693 1881 2753 1931 τὸ
2785 1881 3066 1946 ἐξαίρετον
3105 1881 3252 1935 κατὰ
3296 1884 3408 1936 τῶν
3442 1885 3622 1939 ἄλλων
3646 1889 3810 1955 ἐχέτω,

2258 1969 2364 2032 ἓως
2395 1969 2460 2022 ἂν
2484 1969 2545 2022 τὺ
2590 1971 2769 2023 κοινὸν
2828 1973 2960 2026 ἴδιον
2995 1973 3248 2040 γενέσθαι
3299 1976 3486 2048 χώραν
3547 1977 3644 2030 οὐκ
3673 1979 3802 2050 Exi-1,:

2839 2083 3270 2141 ΑΝΤΙΡΙῚΙΣΙΣ.

2328 2194 2392 2249 Ei
2423 2196 2522 2264 μὲν
2549 2197 2604 2247 ὲν
2631 2199 2743 2258 τοῖς
2779 2199 3109 2264 Πρακτικοῖς
3153 2198 3260 2250 τῶν
3295 2200 3532 2253 συνόδων
3563 2203 3636 2271 μὴ
3677 2198 3738 2272 ἦν
3763 2187 3812 2254 ti

2258 2287 2434 2338 κοινὸν
2458 2289 2554 2355 τῆς
2591 2289 2974 2355 προσηγορίας
3021 2292 3266 2344 κατιδεῖν
3303 2293 3439 2360 ὁμοῦ
3493 2295 3591 2346 καὶ
3637 2295 3693 2346 τὸ
3721 2295 3810 2346 (ἰά-

2263 2396 2448 2447 φορον,
2483 2376 2627 2448 εἶχες
2664 2381 2728 2432 ἂν
2765 2381 3108 2451 εὐλογοφανῆ
3141 2383 3250 2437 τῶν
3277 2387 3389 2438 σῶν
3419 2386 3602 2454 λόγων
3633 2389 3808 2440 αἰτίαν*

2255 2472 2304 2522 εἰ
2341 2470 2398 2522 δὲ
2431 2472 2488 2524 ὲν
2517 2471 2751 2534 ἐκείνοις
2785 2472 2966 2543 πολλῷ
2992 2473 3198 2543 μᾶλλον
3225 2475 3430 2546 λάμπει
3461 2479 3528 2529 τὸ
3577 2480 3810 2549 διάφορον

2258 2560 2290 2629 ἢ
2327 2561 2391 2613 τὸ
2431 2561 2627 2626 κοινὸν,
2664 2562 2850 2627 πόθεν,
2873 2559 2918 2617 ὧ
2949 2565 3246 2636 θαυμάσιε,
3295 2569 3393 2638 τὴν
3428 2571 3698 2640 τοσαύτην
3733 2573 3808 2622 ’,ιέ-

2255 2653 2460 2715 πονθας
2493 2655 2754 2722 ἀελεψίαν
2783 2671 2796 2720 ;
2839 2657 3110 2711 Οὐδέποτε
3142 2663 3266 2723 τοὺς
3293 2663 3649 2724 ἁνατολικοὺς
3703 2665 3808 2730 ὄψει

2257 2743 2481 2813 θρόνους
2509 2745 2882 2814 καλουμένους
2935 2752 3104 2820 χωρὶς
3155 2753 3478 2823 προσθήκης
3546 2757 3808 2809 ἀποστολι-

2255 2836 2405 2903 κοὺς,
2445 2837 2581 2890 ἀλλά
2614 2839 2752 2906 μετὰ
2779 2839 3062 2912 διαστολῆς
3093 2846 3189 2897 καὶ
3235 2845 3498 2913 ὑψέσεως.
3553 2848 3686 2917 Ἀλλ’
3710 2849 3810 2902 οὐδὲ

2259 2927 2620 2982 ἀποστολικοὶ
2675 2931 2808 2994 ὅλως
2839 2933 3216 3002 ἐπεγράφοντο
3271 2939 3327 2990 ὲν
3380 2942 3502 3002 ταῖς
3541 2942 3809 3010 ἀρχαιοτᾶ-

2253 3035 2370 3080 ταις
2397 3019 2507 3071 τῶν
2533 3022 2790 3074 συνόδωνο
2825 3025 2988 3091 μόνος
3037 3027 3144 3096 γὰρ
3173 3029 3202 3080 ό
3255 3029 3351 3098 τῆς
3389 3028 3620 3100 Ῥώμης
3643 3033 3810 3103 (ipim;

2256 3112 2613 3174 ἀποστολικὸς
2661 3117 2718 3167 ἐν
2773 3119 2838 3186 τῇ
2874 3117 3032 3186 τρίτῃ
3075 3119 3319 3172 καλεῖται
3390 3127 3620 3194 συνόδῳ.
3681 3126 3811 3176 Κατὰ

2257 3205 2386 3272 γοῦν
2409 3205 2507 3274 τὴν
2535 3205 2804 3277 δευτέραν
2863 3210 3064 3276 πρᾶξιν
3106 3213 3376 3283 Κύλριλλος
3435 3217 3630 3280 ἁπλῶς
3683 3219 3812 3269 Ἀλε-

2257 3301 2573 3372 ξανδρείας,
2625 3303 2984 3368 Ίουόενὰλιος
3053 3309 3508 3378 Ίερουσολόμων·
3551 3313 3810 3383 Ἀρκὰδιος

2253 3393 2333 3456 δὲ,
2356 3397 2452 3446 καὶ
2503 3393 2820 3464 [1ροῖεκτος.
2861 3399 2956 3450 καὶ
3009 3399 3275 3463 Φίλιππος
3321 3403 3413 3454 τοῦ
3463 3403 3806 3457 ἁποστολικοῦ

2255 3487 2448 3554 θρόνου
2481 3489 2772 3542 καλοῦνται
2804 3490 3056 3558 ληγάτοι’
3115 3494 3206 3544 καὶ
3253 3493 3412 3547 τοῦτο
3461 3497 3700 3564 καθεξῆς
3731 3499 3807 3548 εὑ-

2257 3581 2448 3646 ρήσεις
2483 3581 2538 3631 ὲν
2570 3581 2756 3652 ἐκείνῃ
2781 3586 2844 3650 τῇ
2878 3585 3103 3652 συνόδῳ,
3161 3585 3356 3650 μόνους
3375 3589 3582 3660 δηλαδὴ
3627 3593 3808 3644 πάππα

2253 3671 2380 3731 τοὺς
2447 3671 2720 3739 ληγὰτους
2769 3675 3248 3744 ἐπιγραφομένους
3304 3679 3402 3746 τῆς
3455 3682 3810 3750 ἀπστολικῆς

2253 3757 2542 3825 καθέδρας,
2574 3760 2703 3818 τοὺς
2735 3760 2790 3812 δὲ
2826 3763 3180 3825 ἁ-ατοὶικοζις
3205 3767 3430 3833 θρόνους
3459 3770 3634 3834 ψιλῶς
3657 3775 3804 3839 ἐκρε-

2255 3847 2546 3915 ρομένους.
2595 3849 3015 3919 Παραπλησίως
3044 3859 3146 3906 κάν
3166 3859 3232 3926 τῇ
3257 3859 3490 3930 τετάρτῃ
3547 3865 3596 3915 οὶ
3643 3865 3810 3915 ἀνατο-

2250 3937 2390 3989 λικοὶ
2413 3939 2590 4007 θρόνοι
2621 3943 2844 4012 γυμνῶς
2901 3945 3248 4015 ἐκφέρονται,
3291 3951 3340 4000 οἱ
3401 3953 3458 4003 δὲ
3512 3954 3808 4008 τοῦνπάππα

2251 4029 2476 4098 ληγόιτοι
2501 4033 2601 4100 τὴν
2648 4033 2744 4086 τοῦ
2793 4035 3150 4091 ἀποστολικοῦ
3200 4047 3576 4113 προσηγορίαν
3617 4049 3808 4116 ἔχουσιν

2252 4123 2367 4175 ἄνω
2399 4125 2492 4176 καὶ
2535 4125 2686 4177 κάτω
2723 4128 3206 4199 συμπλεκομένην.
3275 4135 3450 4197 Εὐθὺς
3507 4138 3602 4192 οὖν
3647 4143 3701 4192 ἐν
3749 4143 3804 4208 τῇ

2249 4217 2442 4289 πρώτῃ
2505 4219 2726 4286 πράξει,
2816 4241 2834 4272 ι
2881 4223 3238 4292 Πασχασῖνος,
3294 4232 3446 4298 φησι,
3507 4235 3681 4303 φύλαξ
3727 4235 3806 4286 τοῦ

2249 4309 2610 4363 ἀποστολικοῦ
2674 4312 2868 4380 θρόνου
2920 4315 3047 4384 ἔφη·
3089 4319 3194 4370 Τοῦ
3261 4327 3685 4392 μακαριωτάτου
3725 4327 3805 4377 καὶ

2248 4399 2616 4452 ὰποστολικοῦ
2641 4401 2942 4456 ἐπισκόπου
2977 4406 3078 4472 τῆς
3119 4406 3406 4477 Ῥωμαίων
3437 4415 3667 4478 πόλεως,
3727 4433 3804 4468 κε-

573 4474 716 4528 citer
747 4478 988 4546 scriptos
1023 4484 1290 4548 reperies,
1318 4484 1595 4540 Romanos
1619 4501 1748 4540 vero
1783 4486 1856 4542 ita
1886 4506 1897 4540 :
1929 4505 1946 4538 ι
1973 4487 2147 4541 Theo-

2255 4491 2427 4560 ;aiij;
2459 4494 2794 4563 ὑπάρχοντος
2841 4513 2912 4546 πα
2925 4497 3030 4548 σῶν
3054 4499 3164 4552 τῶν
3186 4503 3545 4572 Ἐκκλησιῶν,
3588 4511 3802 4578 προστά-

574 4564 766 4626 dorus,
827 4577 882 4620 et
943 4567 1212 4639 Georgius
1266 4583 1320 4626 et
1368 4575 1610 4630 Joannes
1662 4584 1912 4630 tenentes
1965 4579 2142 4630 Ιυουιιι

573 4658 747 4708 sancti
785 4673 936 4726 papae
971 4661 1118 4715 sedis
1148 4665 1466 4730 apostolica:
1503 4667 1740 4722 senioris
1776 4667 1998 4733 Roma};
2038 4687 2056 4720 ι
2093 4678 2148 4722 et

575 4746 679 4798 hoc
709 4746 972 4817 deinceps
995 4751 1348 4808 observatum
1380 4772 1551 4826 usque
1576 4757 1643 4810 ad
1672 4759 1942 4814 actionem
1969 4758 2146 4812 unde-

575 4840 796 4904 timam,
833 4840 892 4893 in
941 4857 1048 4910 qua
1084 4853 1202 4912 post
1247 4851 1725 4904 enumerationem
1756 4851 2142 4920 episcoporum

577 4933 812 4985 habetur
845 4933 898 4986 in
931 4933 1121 4990 Graeco
1162 4939 1307 5006 quod
1342 4941 1502 4999 citas.
1539 4961 1556 4992 ι
1597 4942 2018 5007 Constantinus,
2059 4959 2145 4998 rc-

573 5025 966 5094 lisiosissimus
994 5029 1428 5106 archidiaconus
1461 5033 1622 5102 hujus
1654 5036 2019 5088 sanctissima:
2048 5035 2142 5089 Dei

573 5116 858 5170 ι·ίιι1ιι›1ιιιυ
888 5128 944 5172 et
979 5122 1296 5188 aposmlicae
1329 5140 1539 5193 magna:
1581 5125 1858 5180 Ecclesiae.
1901 5144 1918 5177 ι
1963 5127 2029 5180 Ει
2063 5128 2143 5181 lo-

575 5223 698 5258 cum
732 5223 838 5260 non
871 5213 1250 5266 examinatum
1288 5215 1516 5284 arripis,
1566 5227 1624 5270 ut
1659 5218 1990 5287 suilragelur
2023 5221 2142 5272 tibi.

575 5299 687 5352 Nec
719 5302 1137 5369 animadvertis,
1177 5307 1327 5360 aliud
1365 5324 1486 5362 esse
1523 5311 1708 5363 sedem
1757 5311 2139 5380 apostolicam,

575 5402 630 5444 et
660 5393 810 5446 aliud
850 5393 1146 5462 Ecclesiam
1179 5400 1540 5466 apostolicam
1567 5417 1581 5464 ;
1611 5417 1774 5470 quant
1809 5419 2034 5458 necesse
2061 5413 2144 5458 est

577 5501 740 5548 unam
771 5501 890 5540 esse
927 5489 1127 5557 ubique
1155 5491 1408 5545 dill‘usam
1432 5533 1448 5558 ,
1485 5494 1671 5548 sedem
1713 5511 1842 5550 vero
1876 5499 2144 5564 apostoli-

575 5593 691 5628 cam
729 5593 850 5632 esse
885 5580 1585 5652 Constantitmpolitanam,
1615 5602 1716 5642 nec
1751 5587 1854 5657 ipsi
1899 5605 2140 5658 unquam

575 5665 787 5728 dicere,
825 5677 921 5720 aut
947 5683 1013 5721 eo
1049 5669 1208 5722 titulo
1237 5686 1294 5724 se
1327 5673 1682 5727 subscribere
1719 5675 1832 5728 ausi
1873 5687 2022 5740 sunt,
2047 5674 2141 5742 qui

574 5771 632 5806 se
659 5761 998 5824 patriarchas
1027 5764 1399 5820 tecumcnicos
1435 5766 1583 5818 nullo
1613 5769 1736 5834 jure
1768 5768 2138 5834 appellarunt.

2252 4583 2364 4647 ξεις
2391 4582 2611 4652 ἔχομεν,
2653 4605 2670 4636 ι
2707 4589 2797 4639 καὶ
2841 4589 2908 4640 τὰ
2976 4591 3124 4660 ἑξῆς.
3193 4597 3300 4648 Καὶ
3331 4597 3468 4660 ὅλως
3519 4604 3621 4654 οὐκ
3671 4604 3802 4656 ἔστιν

2249 4674 2591 4742 εὐαρίθμητοι
2607 4679 2662 4728 ὲν
2680 4680 2744 4748 τῇ
2771 4677 3026 4750 δ’συνόδῳ
3057 4686 3122 4736 τὰ
3149 4687 3390 4742 τοιαῦτα.
3415 4687 3548 4743 Εἶτα
3567 4696 3802 4757 amittit

2249 4764 2300 4830 ς’
2320 4768 2532 4820 σύνοδον
2562 4769 2620 4820 ὲν
2641 4771 2738 4838 μὲν
2763 4775 2826 4840 τῇ
2847 4773 3039 4846 πρώτῃ
3063 4777 3258 4846 πράξει
3277 4781 3532 4850 εὑρήσεις
3551 4789 3674 4849 τοὺς
3691 4790 3804 4840 ἀναπ

2247 4855 2692 4924 τολικοὺςξὰπλῶς
2712 4865 3216 4932 μνημονευομένους
3240 4870 3364 4931 τοὺς
3378 4870 3458 4932 δὲ,
3477 4873 3582 4924 ἀπὸ
3597 4873 3800 4942 Ῥώμης

2247 4943 2410 4996 οὕτω·
2471 4963 2488 4995 ι
2523 4945 2801 5016 Θεόδωρος
2833 4953 2923 5002 καὶ
2948 4951 3220 5022 Γεώργιος
3247 4958 3340 5009 καὶ
3369 4959 3627 5031 Ἰωάννης
3651 4965 3696 5015 οἱ
3724 4977 3802 5014 τ.ν

2247 5034 2408 5086 τόπον
2435 5037 2724 5104 ἐπέχοντες
2755 5040 2848 5090 τοῦ
2877 5042 3186 5108 ἁγιωτάτου
3213 5047 3414 5100 πάππα
3463 5051 3556 5102 τοῦ
3587 5056 3800 5104 ἀποστο-

2248 5123 2400 5176 λικοῦ
2435 5125 2623 5196 θρόνου
2653 5129 2754 5196 τῆς
2781 5133 3164 5204 πρεσϐυτέρας
3201 5137 3441 5210 Ῥώμης·
3483 5163 3502 5194 ι
3559 5145 3652 5195 καὶ
3671 5143 3801 5195 τοῦτ’

2248 5216 2378 5268 αὐτὸ
2407 5220 2606 5288 ἑφεξῆς
2645 5222 3048 5292 φυλαττόμενον
3086 5231 3248 5298 μέχρι
3305 5237 3404 5303 τῆς
3455 5235 3521 5288 ια’
3543 5239 3796 5308 πράξεως,

2248 5303 2362 5382 ὲνῇ
2394 5312 2529 5379 μετὰ
2577 5313 2676 5384 τὴν
2725 5317 3110 5389 ἀπαρίθμησιν
3140 5322 3250 5374 τῶν
3289 5326 3604 5380 ἐπισκόπων
3638 5332 3795 5380 asin:

2248 5401 2544 5470 ἑλληνιστὶ,
2582 5405 2608 5458 ὃ
2673 5411 2998 5479 προφέρεις,
3055 5433 3072 5464 ι
3111 5417 3523 5483 Κωνσταντίνος
3565 5423 3595 5472 ό
3634 5425 3796 5474 θεοσε-

2248 5493 2507 5557 ϐέστατος
2531 5501 2906 5566 ἀρχιδιάκονος
2931 5503 3032 5572 τῆς
3081 5508 3312 5562 ἐνταῦθα
3358 5513 3666 5583 ἁγιωτάτης
3714 5511 3794 5564 τοῦ

2247 5585 2383 5638 Θεοῦ
2411 5587 2706 5659 καθολικῆς
2739 5597 2832 5648 καὶ
2875 5597 3240 5669 ἀποστολικῆς
3293 5606 3536 5675 μεγάλης
3584 5607 3794 5672 Ἐκκλη-

2249 5679 2388 5738 σίας.
2425 5698 2443 5730 ι
2510 5683 2616 5734 Καὶ
2673 5688 3040 5756 συναρπάζεις
3095 5694 3155 5745 τὸ
3193 5701 3388 5764 χωρίον
3445 5699 3790 5762 ἀνεξετάστως

2247 5771 2324 5832 εἰς
2353 5771 2671 5842 μαρτύριον,
2697 5777 2756 5828 οὐ
2793 5783 3047 5854 συννοῶν,
3083 5785 3165 5840 ὅτι
3197 5787 3324 5841 ἄλλο
3365 5791 3546 5860 θρόνος
3573 5791 3788 5842 ἀποστοο
