4088 6294
590 403 701 471 843

1759 401 2120 462 MATTIl/EI
2159 400 2686 460 CABYOPHYLLI

3726 407 3813 467 854

592 526 764 579 Pater
793 513 1156 591 apostolicus,
1189 519 1294 573 nisi
1323 520 1474 574 solus
1517 534 1672 588 papa.
1709 517 1952 586 Septima
2000 532 2164 587 syno-

2278 517 2603 586 Ἐκκλησίαν
2679 515 3047 587 ἀποστολικῆς
3113 518 3436 589 διοικήσεως
3495 524 3815 588 σημαντικόν

598 615 694 679 do,
741 614 959 668 actione
994 629 1032 667 ιι
1069 629 1082 666 :
1136 631 1155 664 ι
1203 613 1399 667 Petrus
1430 623 1484 666 et
1520 612 1715 667 Petrus
1747 613 1858 665 Dco
1897 610 2161 664 amabiles

597 706 907 776 presbyteri
955 715 1010 760 ct
1055 705 1237 759 locum
1271 714 1520 759 tenentes
1568 702 1792 757 Adriani
1832 703 2162 758 sanctissimi

597 813 754 867 papae
779 793 1012 851 Romani
1048 797 1344 851 dixerunt:
1378 796 1487 850 Nos
1519 797 1622 865 ipsi
1651 805 1901 865 acceptas
1927 795 1994 849 ab
2033 810 2162 864 apo-

601 891 794 945 stolico
821 891 982 944 Patre
1011 901 1201 944 nostro
1224 889 1540 960 hujusmodi
1564 889 1782 942 littcras
1802 888 2158 942 detulimus.»

601 983 668 1038 Et
696 984 915 1038 actione
949 983 1109 1048 1v,in
1137 983 1643 1052 subscriptionibus
1671 1000 1683 1036 :
1721 1001 1739 1033 ι
1771 983 1968 1036 Petrus
2000 982 2168 1035 misc-

602 1077 819 1130 ratione
854 1077 1038 1130 divina
1074 1076 1526 1145 archipresbyter
1567 1085 1768 1130 sanctae
1803 1075 1896 1128 Dei
1930 1074 2165 1128 catholi-

601 1182 679 1220 cae
727 1176 786 1220 et
852 1166 1168 1235 apostolicae
1221 1166 1505 1229 Ecclesiae,
1563 1175 1618 1218 et
1672 1165 1853 1218 locum
1908 1164 2166 1232 supplens

606 1257 834 1310 Adriani
864 1256 1040 1310 sancti
1063 1267 1119 1310 et
1144 1255 1430 1323 apostolici
1468 1270 1638 1324 papae,
1670 1264 1777 1308 etc.
1816 1273 1832 1304 ι
1863 1252 2013 1307 Adeo
2040 1268 2168 1307 vero

600 1349 915 1402 communis
961 1347 1399 1403 Christianorum
1451 1348 1698 1400 omnium
1755 1352 1869 1400 erat
1920 1361 2036 1398 mos
2093 1348 2167 1397 lia

603 1439 926 1492 nominandi
967 1454 1186 1507 papam,
1222 1448 1279 1491 ut
1320 1453 1551 1507 magnus
1587 1435 1917 1490 Athanasius
1965 1436 2020 1488 in
2052 1435 2171 1504 cpi-

603 1529 740 1582 stola
783 1529 846 1582 ad
900 1545 1091 1583 omnes
1137 1529 1342 1598 ubique
1382 1528 1680 1583 solitariam
1728 1529 1892 1582 vitam
1945 1535 2170 1596 agentes

606 1622 721 1674 haec
751 1621 938 1674 dicat:
983 1639 1001 1670 ι
1038 1621 1170 1675 Nam
1214 1637 1316 1674 nec
1358 1621 1459 1690 ipsi
1501 1619 1728 1673 Liberio
1773 1619 2032 1687 episcopo
2063 1619 2173 1673 Ro-

606 1728 768 1766 mano
819 1713 871 1766 in
906 1712 1102 1782 primis
1153 1723 1554 1780 pepercerunt,
1589 1713 1683 1766 sed
1727 1711 1964 1764 furorem
2011 1725 2170 1764 suum

609 1821 786 1874 usque
818 1805 885 1858 ad
919 1820 983 1860 ea
1013 1805 1130 1859 loca
1167 1804 1567 1868 extenderunt;
1593 1819 1694 1857 nec
1730 1805 1876 1857 ducti
1911 1819 2171 1857 reveren-

2266 611 2562 678 ἐστυφησὶ
2608 611 2736 679 γὰρ,
2767 610 2851 662 ὅτι
2913 611 3123 679 Πέτρου
3173 611 3266 664 τοῦ
3325 612 3473 665 θείου
3546 613 3817 667 ἀποπειλευ

2265 702 2363 772 τὴν
2398 702 2672 769 καθέδραν
2700 701 3066 772 ἐκληρώσατο·
3124 703 3218 756 καὶ
3243 703 3430 756 τούτου
3492 703 3666 771 σαφὲς
3717 723 3820 757 rex.

2269 793 2482 864 μήριον,
2514 795 2598 846 ὅτι
2624 795 2797 856 οὐδείς
2826 811 2956 847 ποτε
3001 794 3108 847 τῶν
3158 796 3522 866 πατριαρχῶν
3587 795 3710 867 ἔσχε
3735 797 3819 866 τὴν

2265 889 2359 940 τοῦ
2392 887 2749 942 ἀποστολικοῦ
2782 888 2997 957 Harpe;
3030 889 3374 958 ἐπωνυμίαν,
3440 892 3494 942 εί
3531 891 3607 958 μὴ
3643 891 3824 958 μόνοςὸ

2267 981 2518 1043 πάπποις·
2551 983 2608 1032 ἐν
2632 983 2695 1050 τῇ
2804 981 3000 1051 πράξει
3031 984 3129 1052 τῇς
3183 981 3227 1045 ζ’
3257 981 3506 1049 συνόδου,
3584 1001 3601 1032 ι
3645 983 3824 1050 Πέτρος

2268 1072 2363 1123 καὶ
2407 1072 2634 1140 Πέτρος,
2667 1071 2854 1142 φησὶν,
2882 1072 2931 1123 οἱ
2980 1073 3387 1140 θεοφιλέστατοι
3447 1072 3825 1142 πρεσϐύτεροι,

2268 1163 2477 1215 καὶτὸν
2519 1164 2683 1215 τόπον
2726 1165 3013 1234 ἐπέχοντες
3071 1163 3355 1234 Ἀδριανοῦ
3386 1165 3482 1217 τοῦ
3541 1165 3826 1231 ἁγιωτάτου

2269 1255 2470 1308 πάππα
2505 1255 2728 1323 Ῥώμης
2756 1253 2933 1308 εἶπον·
2971 1256 3165 1323 Ἠμείς
3195 1257 3347 1309 αὑτοὶ
3392 1257 3656 1321 λαϐόντες
3700 1259 3828 1325 παρὰ

2267 1347 2362 1398 τοῦ
2399 1347 2756 1399 ἀποστολικοῦ
2785 1347 2938 1415 ἡμῶν
2961 1349 3173 1416 Πχτρός
3194 1349 3260 1400 τὰ
3288 1347 3520 1401 τοιαῦτα
3549 1350 3826 1419 γράμματι

2269 1438 2557 1506 ἠγάγομεν
2587 1453 2601 1468 ·
2645 1455 2662 1488 ι
2719 1438 2811 1490 καὶ
2842 1441 2900 1490 ἐν
2932 1441 2998 1508 τῇ
3035 1437 3075 1490 δ’
3107 1438 3303 1510 πράξει
3343 1441 3402 1493 ὲν
3433 1441 3557 1503 ταῖς
3615 1441 3829 1509 ὑπογρα-

2272 1533 2400 1596 φαῖς
2434 1546 2448 1558 ·
2497 1548 2514 1580 ι
2549 1529 2755 1598 Πέτρος
2815 1529 2952 1600 ἐλέῳ
3005 1530 3140 1584 Θεοῦ
3192 1533 3699 1601 ἀρχιπρεσϐύτερος
3747 1531 3830 1599 τῆς

2273 1621 2434 1690 ἁγίας
2451 1621 2543 1674 τοῦ
2575 1620 2709 1673 Θεοῦ
2729 1621 3028 1690 καθολικῆς
3061 1623 3154 1676 καὶ
3193 1623 3569 1690 ἀποστολικῆς
3623 1624 3829 1690 Ἐκκλη-

2274 1713 2418 1778 σίας,
2455 1714 2550 1765 καὶ
2575 1713 2666 1764 τὸν
2693 1715 2858 1765 τόπον
2889 1713 3220 1784 ἀναπληρῶν
3250 1715 3540 1785 Ἀδριανοῦ
3569 1715 3662 1768 τοῦ
3689 1717 3829 1781 ἁγιω-

2273 1806 2438 1858 τάτου
2499 1805 2594 1856 καὶ
2645 1805 3010 1858 ἀποστολικοῦ
3068 1809 3290 1868 πάππα,
3330 1825 3347 1857 ι
3411 1809 3508 1859 καὶ
3568 1808 3639 1858 τὰ
3705 1807 3828 1874 ἑξῆς.

609 1899 683 1951 tia
725 1907 872 1961 sunt,
919 1897 1066 1966 quod
1100 1897 1172 1951 sit
1201 1898 1501 1967 apostolica
1536 1898 1715 1961 sedes,
1759 1907 1814 1951 et
1857 1897 2030 1950 Roma
2061 1898 2166 1950 im-

2273 1897 2431 1949 Οῦτω
2465 1896 2519 1948 δὲ
2544 1895 2723 1948 κοινὸν
2750 1892 2819 1966 ἦν
2868 1898 2982 1960 τοῖς
3053 1901 3192 1949 πᾶσι
3235 1897 3424 1951 καλεῖν
3474 1899 3542 1966 τῇ
3595 1897 3830 1964 ὀνομασία

606 1991 747 2060 perii
780 1991 1012 2044 Romani
1037 1990 1395 2060 metropolis;
1418 2006 1517 2045 nec
1545 1990 1817 2045 recordati
1844 1997 1992 2050 sunt,
2019 1989 2164 2058 quod

609 2081 733 2137 illos
782 2089 965 2147 antea,
1014 2096 1139 2136 cum
1193 2081 1259 2135 ad
1313 2096 1410 2136 eos
1458 2082 1789 2147 scriberent,
1835 2081 2168 2150 apostolicos

607 2175 756 2230 viros
786 2181 1067 2230 vocarent.
1114 2193 1133 2227 ι

615 2264 822 2316 σκόπου
870 2264 1093 2335 Ῥώμης
1117 2265 1257 2318 κατὰ
1277 2265 1377 2335 τὴν
1397 2265 1571 2336 ἀρχὴν
1593 2266 1900 2335 ἐφείσαντο,
1957 2265 2093 2319 ἀλλὰ
2151 2265 2245 2318 καὶ
2285 2265 2444 2335 μέχρι
2481 2264 2590 2314 τῶν
2622 2265 2735 2314 ἐκεῖ
2761 2263 2860 2330 τὴν
2890 2266 3086 2330 μανίαν
3136 2264 3422 2327 ἐξέτειναν·

2273 1987 2448 2058 ταύτῃ
2479 1987 2570 2040 τὸν
2603 1987 2857 2053 πάππαν,
2911 1991 2986 2050 ὡς
3027 1989 3121 2042 καὶ
3168 1989 3259 2041 τὸν
3309 1990 3487 2056 μέγαν
3535 1990 3830 2040 Ἀθανάτων

2277 2083 2334 2135 ὲν
2370 2085 2436 2148 τῇ
2495 2080 2755 2148 ἐπιστολῇ
2812 2083 2922 2143 τοῖς
2980 2079 3296 2150 ἁπανταχοῦ
3348 2084 3442 2132 τὶν
3486 2081 3702 2151 μονήρη
3735 2078 3829 2147 βίον

2277 2173 2532 2236 ἀσκοῦσι,
2566 2171 2763 2239 λέγειν·
2807 2191 2825 2222 ι
2865 2173 2972 2225 Καὶ
2992 2172 3099 2242 γὰρ
3119 2172 3237 2224 οὐδὲ
3296 2172 3562 2242 Λιϐερίου
3614 2171 3704 2223 τοῦ
3734 2173 3832 2222 ἐπι.

3503 2267 3602 2317 καὶ
3623 2264 3715 2331 οὐχ
3762 2265 3828 2314 ὅτι

619 2355 983 2418 ἀποστολικός
1014 2358 1131 2408 ἐστι
1167 2356 1357 2426 θρόνος
1409 2359 1742 2429 ᾐδέσθησαν,
1799 2355 1913 2413 οὐδ’
1951 2361 2033 2413 ὅτι
2090 2357 2420 2428 μητρόπολις
2494 2357 2527 2424 ἡ
2567 2355 2750 2423 ἰ’ώμη
2823 2355 2920 2423 τῆς
2985 2355 3275 2425 Ῥωμαίων
3344 2357 3497 2410 ἐστὶν
3554 2359 3830 2428 estsem-

611 2468 732 2504 σαν·
765 2451 874 2504 οὐδ’
907 2452 992 2504 ὅτι
1044 2452 1313 2522 πρότερον
1353 2453 1755 2518 ἀποστολικοὺς
1814 2455 2011 2524 ἄνδρας
2045 2457 2350 2524 γράφοντες
2383 2452 2695 2521 είρήκασιν,
2726 2453 3161 2521 ἐμνημόνευσαν.
3205 2471 3223 2503 ι

685 2546 873 2612 Itaque
925 2559 1051 2600 cum
1087 2554 1240 2599 tanta
1286 2547 1360 2601 sit
1409 2547 1741 2617 diﬁerentia,
1773 2565 1880 2620 qua
1916 2551 2177 2604 tribuitur

615 2634 907 2704 apostolici
957 2634 1253 2704 appellatio
1305 2637 1681 2693 Orientalibus
1732 2648 1788 2692 et
1843 2656 2012 2708 papae,
2079 2656 2176 2693 cur

614 2728 755 2780 iticis
783 2727 868 2780 vel
897 2741 1092 2780 omnes
1115 2727 1342 2795 aequalis
1361 2743 1484 2783 esse
1520 2729 1723 2784 debere
1750 2729 2032 2800 dignitatis
2053 2746 2176 2784 cum

617 2819 861 2872 Romana
895 2817 1046 2882 sede,
1078 2819 1164 2872 vel
1196 2833 1298 2874 nec
1342 2819 1642 2875 Romanam
1676 2821 1864 2876 sedem
1889 2823 2176 2888 excellere,

617 2911 748 2963 dum
777 2909 896 2963 ﬁeri
919 2925 1027 2962 non
1055 2921 1234 2978 potest
1274 2919 1332 2964 ut
1367 2925 1668 2966 commune
1703 2922 1944 2967 transeat
1977 2915 2030 2966 in
2061 2913 2176 2981 pri-

615 2999 840 3054 vatum?
888 2999 1146 3065 Quantam
1179 3003 1566 3068 communitas,
1603 3003 1647 3057 si
1674 3004 1826 3058 solus
1863 3005 1992 3058 olim
2036 3019 2176 3074 papa

2348 2549 2510 2601 Ὥστε
2545 2546 2817 2618 τοσαύτης
2846 2545 3011 2616 οῦσης
3038 2549 3137 2617 τῆς
3160 2549 3447 2620 διαφορᾶς,
3472 2550 3606 2603 καθ’
3623 2550 3824 2622 ἠνήτοῦ

2275 2639 2636 2694 ἀποστολικοῦ
2658 2639 3008 2708 προσηγορία
3055 2640 3146 2692 καὶ
3186 2643 3298 2704 τοῖς
3334 2643 3681 2706 ἀνατολικοῐς
3713 2645 3825 2694 ἀπο-

2274 2735 2502 2802 νέμεται
2531 2734 2625 2784 καὶ
2657 2732 2733 2801 τῷ
2763 2732 2982 2801 πάππα,
3015 2733 3130 2796 πῶς
3188 2733 3388 2802 λέγεις,
3452 2735 3542 2786 ὅτι
3570 2736 3602 2804 ἢ
3650 2737 3826 2794 πάντας

2273 2826 2352 2878 δεῖ
2385 2824 2668 2889 ἀξιοῦσθαι
2694 2824 2800 2876 τῶν
2828 2825 2960 2877 ἴσων
2992 2825 3071 2896 τῷ
3127 2826 3346 2896 Ῥώμης
3380 2826 3585 2896 θρόνῳ,
3637 2827 3669 2896 ἢ
3713 2825 3822 2897 μηδὲ

2277 2921 2367 2973 τὸν
2410 2917 2626 2988 Ῥώμης
2652 2918 2842 2988 θρόνον
2886 2917 3032 2988 ἔχειν
3086 2918 3146 2970 τὸ
3178 2920 3477 2986 ἐξαίρετον,
3535 2922 3639 2984 ἕως
3674 2921 3736 2973 ἂν
3780 2920 3827 2969 τὺ

2275 3009 2455 3064 κοινὸν
2492 3009 2626 3062 ἴδιον
2659 3010 2912 3078 γενέσθαι
2966 3011 3148 3080 χώραν
3196 3013 3292 3080 οὐχ
3326 3011 3423 3082 ἔχῃ
3448 3029 3464 3077 ;
3489 3013 3634 3064 Ποία
3679 3010 3824 3063 κοινὸ-

615 3094 722 3147 hoc
765 3093 1028 3154 habebat,
1070 3092 1273 3148 deinde
1320 3094 1444 3148 aliis
1489 3095 1576 3148 vix
1617 3095 1836 3148 tandem
1886 3110 2177 3148 commune

2279 3119 2399 3168 της,
2433 3103 2481 3153 εί
2516 3103 2673 3170 μόνος
2705 3096 2816 3170 εἶχε
2841 3102 3007 3154 πάλαι
3042 3102 3201 3156 τοῦτο
3227 3104 3254 3154 ὁ
3287 3105 3548 3169 πάππας,
3608 3101 3720 3156 εἶτα
3745 3101 3824 3169 ddi

619 3187 846 3249 factum,
878 3183 1041 3238 aliter
1094 3199 1265 3253 papas,
1301 3185 1464 3239 aliter
1515 3186 1847 3254 patriarchis
1881 3186 2177 3240 tribuitur?

2281 3195 2377 3246 καὶ
2414 3194 2571 3262 μόγις
2597 3193 2854 3246 κοινωθὲν
2915 3194 3090 3258 ἄλλως
3141 3195 3450 3249 ἀποδίδοται
3498 3198 3584 3265 τῷ
3622 3198 3821 3263 πάππα,

618 3277 889 3331 Cancrum
921 3274 977 3328 in
1009 3274 1112 3328 hoc
1135 3275 1318 3342 aliqua
1343 3286 1567 3343 apparet
1599 3275 2006 3342 convenientia;
2030 3275 2176 3346 quod

2281 3283 2375 3334 καὶ
2396 3283 2568 3346 ἄλλως
2594 3287 2709 3346 τοῖς
2766 3284 3173 3354 πατριάρχαις;
3219 3288 3329 3340 Καὶ
3378 3287 3542 3340 τοῦτο
3589 3289 3687 3356 μὲν
3711 3288 3825 3346 ὅλως

622 3382 754 3422 vero
781 3365 1432 3434 Constantinopolitanus
1457 3367 1859 3421 mcutnenicum
1885 3384 1943 3422 se
1968 3369 2133 3423 in'scri
2149 3399 2177 3408 -

2282 3374 2473 3440 γέγονε
2502 3373 2645 3426 κατά
2672 3389 2790 3426 τινα
2829 3351 3166 3445 φαινομένην
3187 3376 3532 3431 ἀκολουθίαν·
3590 3351 3754 3430 *πόθεν
3778 3377 3824 3428 δὲ

624 3461 737 3522 bat,
785 3472 906 3525 qua:
950 3455 1113 3518 ratio,
1149 3471 1269 3525 qua:
1299 3457 1721 3512 convenientia?
1750 3460 1832 3512 An
1875 3460 2004 3527 quia
2041 3461 2177 3513 Con.

2284 3462 2377 3516 καὶ
2411 3464 2475 3516 ἐκ
2542 3463 2704 3526 ποίας
2743 3464 3061 3528 ἀκολουθίας
3125 3466 3304 3536 ἑαυτῷ
3361 3471 3720 3540 προσήρπασε
3747 3467 3830 3537 τὴν

617 3550 1008 3617 stantinoliolis
1035 3565 1172 3604 nova
1205 3550 1416 3604 Roma?
1440 3551 1508 3606 At
1538 3552 1648 3607 Leo
1680 3567 1816 3623 papa
1847 3553 2092 3608 scribens
2114 3554 2177 3607 ad

2279 3553 2378 3606 τοῦ
2400 3555 2778 3623 οἰκουμενικοῦ
2805 3558 3117 3628 ἐπιγραφὴν
3136 3562 3163 3612 ό
3183 3561 3824 3624 Κωνσταντινουπόλεωςς

624 3643 961 3696 Marcianum
1012 3642 1319 3712 Augustum
1359 3643 1677 3699 clamabat:
1722 3663 1740 3696 ι
1782 3645 1991 3699 Habeat
2040 3645 2183 3700 sicut

622 3747 900 3805 optamus,
919 3735 1525 3806 Constantiuopolitana
1541 3737 1735 3792 civitas
1752 3739 1982 3807 gloriam
2001 3753 2180 3806 suam;

622 3826 727 3879 alia
764 3835 948 3880 tamen
981 3825 1120 3880 ratio
1147 3840 1236 3880 εει
1281 3841 1467 3880 rerum
1506 3827 1871 3891 saecularium,
1905 3826 2013 3880 alia
2043 3826 2184 3880 divi-

624 3934 838 3972 narum.
874 3917 988 3973 Nec
1022 3925 1222 3987 praeter
1273 3919 1419 3973 illam
1469 3925 1678 3988 petram
1711 3933 1876 3987 quam
1912 3917 2183 3972 Dominus

625 4014 679 4066 in
702 4012 1067 4068 fundamento
1091 4013 1294 4082 posuit,
1319 4012 1532 4068 stabilis
1553 4012 1661 4068 erit
1686 4011 1792 4082 ulla
1822 4013 2182 4067 constructio.

624 4103 850 4172 Pmpria
908 4102 1113 4172 perdit,
1157 4102 1253 4172 qui
1301 4101 1546 4156 indebita
1597 4101 1956 4170 concupiscit.
2007 4120 2024 4151 ι
2063 4099 2183 4154 Alia

623 4205 729 4256 est,
759 4194 963 4264 inquit,
991 4194 1132 4248 ratio
1164 4193 1538 4261 saecularium,
1568 4194 1676 4246 alia
1704 4193 2038 4246 divinorum.
2075 4192 2184 4247 ita-

630 4300 737 4350 que
787 4296 1171 4354 argumentum
1218 4285 1350 4339 illud
1383 4299 1491 4339 non
1536 4284 1717 4339 valet:
1771 4282 2045 4338 Honorata
2083 4284 2186 4338 fuit

625 4373 1134 4442 Constantinopolis
1180 4372 1415 4442 imperio
1451 4380 1508 4426 et
1550 4381 1764 4436 senatu,
1801 4371 2002 4425 habent
2052 4385 2186 4441 ergo

626 4481 752 4519 cum
804 4465 1022 4521 seniore
1055 4463 1226 4519 Roma
1260 4463 1487 4533 aequalia
1535 4463 1841 4533 privilegia.
1879 4463 1998 4518 Non
2037 4465 2183 4518 enim

629 4560 892 4615 tundatur
918 4560 1155 4615 senioris
1187 4559 1376 4614 Romae
1419 4559 1694 4628 primatus
1734 4552 1966 4627 imperio
2016 4566 2071 4611 et
2103 4573 2188 4613 se-

2287 3647 2384 3697 Διὰ
2424 3647 2484 3698 τὺ
2517 3643 2659 3699 εῖναι
2682 3649 2778 3718 τὴν
2809 3650 3384 3706 Κωνσταντινούπολιν
3415 3652 3546 3707 νέαν
3589 3653 3824 3722 Ῥώμην;

2298 3737 2440 3789 Ἀλλ’
2470 3738 2597 3790 ἐϐόα
2645 3739 2796 3792 Λέων
2828 3741 2855 3792 ὁ
2891 3742 3124 3804 πάππας
3167 3745 3471 3814 Μαρκιανῷ
3516 3744 3600 3815 τῷ
3648 3742 3825 3812 Αὐγού-

2289 3827 2398 3896 στῷ
2426 3830 2774 3883 ἐπιστέλλων·
2811 3849 2829 3882 ι
2880 3831 3099 3902 Ἐχέτω,
3126 3835 3153 3886 ὃ
3182 3834 3471 3904 ποθοῦμεν,
3499 3838 3531 3907 ή
3567 3840 3826 3891 Κώνσταν·

2284 3919 2590 3984 τινούπολις
2647 3922 2748 3989 τὴν
2809 3924 3010 3994 ἑαυτῆς
3058 3927 3237 3993 δόξαν·
3305 3929 3418 3981 ἀλλ’
3459 3929 3648 3999 ἕτερος
3695 3929 3825 3993 λόγος

2287 4011 2405 4062 ἔστὶ
2437 4011 2544 4064 τῶν
2572 4015 2875 4082 κοσμικῶν,
2938 4017 3034 4070 καὶ
3062 4017 3250 4088 ἕτερος
3293 4020 3404 4073 τῶν
3463 4021 3649 4075 θείων·
3698 4019 3825 4088 παρά

2287 4103 2395 4171 γὰρ
2419 4101 2516 4172 τὴν
2546 4105 2772 4172 πέτραν,
2809 4109 2874 4176 ἣν
2932 4108 2959 4159 ὁ
3012 4109 3213 4178 Κύριος
3267 4112 3325 4164 ἐν
3389 4113 3627 4183 θεμελίῳ
3676 4113 3822 4169 ἔθετο.

2285 4193 2508 4263 οὐδεμία
2535 4199 2797 4267 στάσιμος
2831 4199 2980 4252 ἔσται
3010 4203 3287 4274 οἰκοδομή.
3349 4205 3469 4256 Τῶν
3509 4206 3718 4258 οἰκείων
3753 4205 3824 4254 ὲκ-

2291 4285 2478 4336 πίπτει
2521 4287 2548 4336 ὁ
2579 4285 2687 4340 τῶν
2707 4289 2994 4343 ἀνοικείων
3021 4293 3320 4362 ἐφιέμενος.
3350 4312 3368 4345 ι
3411 4275 3665 4364 Ἕτερος,
3693 4295 3821 4363 φησὶ,

2289 4375 2446 4443 λόγος
2470 4377 2576 4430 τῶν
2610 4380 2702 4432 τοῦ
2751 4383 2979 4450 κόσμου,
3042 4387 3135 4437 καὶ
3168 4385 3275 4437 τῶν
3311 4386 3470 4439 θείων
3501 4390 3706 4458 ἕτερος·
3745 4386 3824 4451 οὐχ

2290 4467 2446 4537 ὑγιὴς
2472 4471 2580 4538 ἄρα
2606 4471 2637 4540 ή
2662 4470 2894 4540 δύναμις
2919 4473 3011 4525 τοῦ
3041 4475 3495 4545 ἐπιχειρήματος·
3549 4478 3822 4546 Τετίμηται

2291 4561 2931 4628 ἡΚωνσταντινούπολις
2961 4565 3207 4637 βασιλείᾳ
3250 4569 3341 4620 καὶ
3374 4569 3700 4639 συγκλήτῳ·
3734 4568 3821 4633 ἄρα

550 4666 565 4684 τ
629 4655 781 4708 natu,
805 4646 1066 4714 utiinquit
1086 4646 1144 4700 Β.
1168 4644 1300 4708 Leo.
1327 4645 1423 4700 sed
1453 4645 1544 4700 illa
1565 4655 1720 4715 petra
1737 4661 1901 4717 quam
1919 4646 2177 4701 Dominut

2290 4652 2399 4703 τῶν
2425 4653 2558 4706 ἴσων
2606 4653 2927 4709 ἁπολαυέτω
2959 4658 3026 4726 τῇ
3078 4656 3434 4731 πρεσϐυτέρᾳ
3498 4659 3684 4728 Ῥώμῃ
3715 4671 3824 4723 πρε-

631 4737 686 4788 iii
714 4737 1076 4793 fundamento
1102 4737 1310 4808 posuit.

2213 4725 2512 4796 Πσϐείων·
2553 4745 2613 4798 οὐ
2661 4746 2768 4817 γὰρ
2807 4725 3023 4818 ἵδρυταιί
3062 4749 3162 4816 τῆς
3215 4725 3591 4820 πρεσθῦτέρας
3633 4725 3821 4813 ’ῥώμης

631 4834 690 4885 τὸ
720 4836 1124 4904 πρεσϐεῖονὲπὶ
1152 4837 1220 4906 τῇ
1271 4834 1519 4905 βασιλείᾳ
1577 4835 1672 4888 καὶ
1735 4837 1802 4905 τῇ
1872 4834 2181 4910 συγκλήτῳ,
2300 4855 2464 4910 φησιν
2521 4841 2550 4894 ὁ
2590 4843 2860 4912 μακάριος
2907 4843 3077 4912 Λέων,
3139 4843 3252 4896 ἀλλ’
3278 4846 3370 4898 ἐπὶ
3417 4847 3484 4916 τῇ
3520 4849 3689 4917 πέτρᾳ
3723 4839 3820 4911 ῆνό

635 4927 837 4997 Κύριος
860 4932 918 4982 ὲν
949 4929 1187 4999 θεμελίῳ
1207 4929 1378 4984 ἔθετο.

702 5023 938 5080 Omnino
983 5031 1165 5076 autem
1201 5023 1296 5092 qui
1332 5021 1447 5077 ﬁeri
1481 5033 1662 5092 potest
1697 5030 1758 5076 ut
1785 5020 1895 5076 duo
1928 5021 2040 5078 sint
2073 5025 2187 5093 epi-

631 5117 778 5186 scopi
810 5113 1176 5170 oecumenici?
1199 5113 1334 5168 Nam
1359 5112 1508 5182 quod
1533 5112 1702 5167 refert
1728 5111 2189 5169 Bibliothecarius

631 5207 976 5270 Anastasius,
1012 5207 1066 5260 in
1098 5205 1183 5259 sui
1211 5205 1589 5259 defensionem
1623 5205 1940 5275 responderi
1975 5220 2002 5256 a
2043 5204 2193 5260 Grat-

629 5302 708 5354 cis
738 5299 836 5366 (1),
883 5297 1029 5365 quod
1071 5312 1182 5351 non
1239 5296 1312 5348 ita
1356 5303 1582 5348 vocetur
1628 5295 2003 5350 mcutnenicus
2049 5294 2192 5348 Con-

629 5390 1174 5458 stantinopolitanus,
1211 5397 1268 5440 ut
1311 5386 1552 5441 universi
1590 5386 1742 5440 orbis
1777 5396 2192 5457 teneatpraasu-

631 5483 824 5541 latum,
875 5481 967 5533 sed
1017 5479 1162 5547 quod
1204 5477 1426 5546 quidam
1458 5477 1602 5546 parti
1649 5476 1799 5531 orbis
1845 5477 2030 5544 praesit
2070 5492 2190 5544 quae

628 5587 656 5623 a
685 5569 1008 5625 Christianis
1037 5568 1336 5621 inhabitata
1367 5569 1596 5620 vocatur
1629 5582 1928 5630 a'cumene;
1961 5566 2085 5627 hoc,
2112 5565 2194 5618 itt-

630 5677 814 5728 quatn,
850 5664 1132 5716 inventum
1182 5675 1288 5713 non
1337 5659 1481 5712 serio
1521 5651 1836 5728 agentium,”
1869 5665 1962 5712 sed
1995 5659 2191 5713 luden-

702 5795 777 5860 (ί)
810 5794 866 5849 In
891 5793 1204 5864 prmi-alioue
1231 5810 1302 5847 vn
1330 5809 1448 5862 syn.
1481 5796 1545 5845 ad
1569 5793 1723 5846 .loan.
1771 5811 1883 5848 nn.

2369 5027 2490 5088 Πῶς
2515 5025 2569 5078 δὲ
2596 5026 2733 5088 ὅλως
2756 5027 2981 5080 δυνατὸν
3001 5026 3093 5080 δύο
3125 5023 3263 5080 εἶναι
3288 5029 3691 5095 οἰκοδμενικοὺς
3717 5028 3818 5077 ἑπι-

2296 5120 2527 5181 σκόπους
2555 5135 2567 5182 ;
2609 5121 2674 5170 "O
2707 5121 2814 5188 γάρ
2846 5135 3012 5189 φησιν
3044 5120 3073 5171 ὁ
3108 5119 3462 5188 βιδλιοφύλαξ
3506 5117 3814 5173 Ἀναστάσιῦς

2295 5208 2445 5276 παρὰ
2477 5208 2582 5258 τῶν
2615 5210 2670 5258 ἐν
2709 5209 3275 5262 Κωνσταντινουπόλει
3321 5213 3715 5280 προφερόμενον
3753 5207 3815 5264 εἷς

2292 5300 2590 5366 ἀπολογίαν
2617 5301 2698 5352 ὅτι
2731 5299 2829 5369 οὐχ
2869 5298 3041 5362 οὕτως
3076 5301 3450 5367 οἰκουμενικδς
3497 5305 3524 5355 ὁ
3569 5305 3813 5354 Κώνσταν·

2296 5390 2676 5455 τινουπόλεως,
2711 5392 2784 5452 ὡς
2831 5385 2968 5442 εἶναι
3014 5391 3113 5460 τῆς
3158 5393 3388 5445 καθόλου
3436 5394 3687 5463 πρόεδρ·ς
3719 5389 3812 5440 Ἐλ-

2295 5481 2545 5548 κλησίας,
2576 5483 2688 5534 ἀλλ’
2720 5482 2802 5534 ὅτι
2836 5482 3036 5551 μέρους
3064 5483 3229 5547 τινὸς,
3262 5483 3288 5535 δ
3322 5485 3471 5553 παρὰ
3509 5478 3811 5553 Χριττιανεῖέν

2296 5572 2612 5641 οἰκούμενον
2657 5575 2973 5639 οἰκουμένη
3017 5575 3306 5625 καλεῖται·
3343 5575 3521 5636 τοῦτο,
3575 5572 3720 5643 φημὶ,
3763 5567 3808 5616 τὸ

2297 5661 2631 5731 παρεύρημα
2650 5663 2954 5725 παιζόντων
2986 5663 3048 5716 ἂν
3073 5664 3156 5730 εἴη
3188 5664 3254 5715 τὰ
3284 5666 3419 5730 θεῖα,
3443 5666 3503 5716 οὺ
3526 5655 3809 5722 σπουδαζόν·
