4088 6294
331 4924 567 5013 Ὃθρόνον,
601 4926 803 4989 πάντες
852 4926 959 4994 ἄρα
1000 4927 1060 4978 τὸ
1107 4926 1294 4995 μεῖζον
1334 4928 1540 4995 ἔχουσι,
1590 4928 1684 4979 καὶ
1734 4931 1815 4990 εἰς

320 5082 350 5119 a

387 508 491 573 845

1689 512 2117 575 liEFUTATlO
2162 513 2339 572 NlLl.

3521 508 3625 571 846

384 639 521 675 των.
550 623 664 692 Οὐχ
698 622 870 690 οὕτως
906 627 1161 692 ἐξέλαϐον
1190 628 1291 697 τὴν
1317 627 1500 699 φωνὴν
1533 627 1581 679 οἱ
1614 624 1786 678 πολλὰ
1835 642 1931 677 κατ

2063 622 2196 675 tium
2230 630 2313 675 est
2350 620 2400 673 in
2429 620 2649 673 divinis.
2681 619 2797 673 Non
2836 620 2907 674 ita
2941 636 3129 675 vocem
3165 620 3303 673 hanc
3343 621 3624 679 intellexe-

384 714 602 783 ἐκείνης
628 714 962 784 άθλήσαντις
985 720 1261 789 ἀρχιερεῖς
1280 722 1376 787 τῆς
1399 719 1639 789 Ῥώμης.
1662 718 1948 784 Πελάγιος,

384 806 478 859 καὶ
509 807 807 877 Γρηγόριος
837 812 865 863 ὁ
908 811 1185 879 Διάλογος
1224 813 1334 866 οὐδ’
1377 812 1729 881 ήρμήνευσαν
1775 810 1948 871 οὕτως

380 898 429 948 οἱ
488 898 585 965 τὴν
636 901 822 968 φωνὴν
871 901 1074 969 ταύτην
1124 905 1331 971 πρῶτοι
1379 903 1795 973 ὲφαρπάσαντες
1846 920 1949 955 πα-

378 990 678 1059 τριάρχαι,
729 991 982 1063 Ἰωάννης
1032 994 1060 1046 ὁ
1109 995 1428 1063 Νηστευτὴς
1481 995 1575 1047 καὶ
1630 994 1945 1063 Κυριακόςο

378 1080 497 1133 ἀλλ’
525 1083 944 1152 οἰκοῦμενικοὺς
976 1085 1287 1155 ἐπέγραφον
1322 1086 1547 1146 ἑαυτοὺς
1587 1081 1947 1153 καταχρώμε-

377 1186 461 1223 νοι
489 1170 567 1241 τῷ
601 1174 1007 1245 σημαινομένῳ·
1044 1176 1137 1229 καὶ
1167 1175 1241 1237 ὥς
1276 1192 1442 1243 φησιν
1472 1177 1499 1228 ὁ
1528 1175 1780 1243 Διάλογος
1809 1174 1947 1243 γρά-

378 1280 497 1329 φων
545 1266 883 1336 ’Λναστασίῳ
928 1266 1006 1335 τῷ
1046 1268 1413 1336 Ἀντιοχείας’
1446 1269 1718 1337 Τοιαῦτην
1765 1268 1948 1320 αἰτίαν

376 1356 766 1425 παρεχόμενοι,
804 1357 946 1411 ὥστε
989 1360 1037 1411 εἱ
1084 1359 1311 1428 ταύτην,
1348 1359 1533 1428 φησιν,
1580 1359 1824 1424 εὐμενῶς
1855 1359 1946 1426 φέ-

378 1463 570 1515 ρομεν,
599 1448 698 1516 τῆς
732 1449 962 1503 καθόλου
1001 1450 1333 1519 Ἐκκλησίας
1368 1449 1465 1518 τὴν
1511 1450 1695 1502 πίστιν
1726 1449 1946 1521 φθείρο-

379 1555 499 1607 μεν.
533 1540 640 1591 Καὶ
673 1541 771 1593 οὐκ
804 1541 949 1594 ἔστιν
976 1542 1110 1594 ὅπου
1161 1542 1289 1612 περὶ
1331 1543 1431 1611 τῆς
1474 1543 1661 1610 φωνῆς
1694 1542 1942 1611 γράφων,

377 1630 576 1700 συχνὰς
602 1632 656 1683 δὲ
683 1634 812 1701 περὶ
836 1633 1040 1704 ταύτης
1063 1634 1263 1688 ἔδωκεν
1286 1634 1597 1699 ἐπιστολὰς,
1616 1637 1714 1687 οὐκ
1741 1634 1941 1696 ἀθετεῖ,

372 1726 471 1775 καὶ
503 1724 869 1779 ἁποδάλλεται
900 1728 974 1790 ὡς
1006 1727 1255 1797 βέὁηλον,
1283 1726 1359 1789 ὼς
1389 1725 1546 1796 ὓδριν
1571 1726 1670 1793 τῆς
1716 1727 1943 1797 Ἐκκλη-

372 1814 518 1878 σίας,
553 1815 629 1877 ὡς
660 1817 917 1883 μεγάλων
947 1818 1207 1888 ἀφορμὴν
1241 1808 1578 1880 σκανδάλων,
1623 1816 1943 1879 ἀλαζονείας

373 1906 600 1976 μεστὴν,
636 1908 727 1961 τοῦ
764 1909 1133 1979 Ἀντιχρίστου
1167 1909 1501 1981 πρόδρομον,
1535 1907 1814 1962 ἀπώλειαν
1844 1908 1943 1976 τῆς

370 1999 635 2065 πίστεως,
670 2002 915 2067 ἀνοσίαν,
952 2001 1342 2070 ἀντιλέγουσαν
1372 2001 1451 2070 τῷ
1483 2000 1798 2070 Εὑαγγελίῳ
1846 2000 1939 2052 καὶ

369 2087 482 2149 τοῖς
521 2088 686 2157 ἱεροῖς
724 2092 968 2158 κανόσιν,
1017 2092 1376 2163 ἀλλοτρίωσιν
1412 2092 1511 2163 τῆς
1546 2093 1805 2157 πίστεως,
1844 2094 1940 2146 καὶ

368 2180 645 2234 οἱκείωσιν
677 2183 966 2254 αἱρέσεως,
1015 2185 1179 2255 φησὶν
1231 2186 1291 2238 ἐν
1344 2187 1410 2255 τῇ
1456 2184 1687 2256 δευτέρᾳ
1740 2184 1936 2254 πράξει

369 2273 469 2343 τῆς
509 2274 743 2345 ἑϐδόμης
781 2276 998 2331 συνόδου
1036 2280 1063 2330 ό
1092 2277 1325 2339 πάππας
1367 2277 1668 2348 Ἀδριανός.

1017 2571 1295 2627 ΝΕΙΛΟΣ.

442 2700 462 2737 ι
506 2683 563 2735 '0
598 2684 657 2737 δὲ
676 2686 949 2754 μακάριος
970 2686 1360 2759 Χρυσόστομος
1382 2693 1476 2745 καὶ
1500 2694 1607 2745 τῶν
1631 2694 1931 2764 ἀρχιερέων

366 2772 598 2825 ἕκαστον
649 2773 709 2825 ὲν
766 2774 842 2843 τῷ
874 2774 969 2829 τοῦ
1002 2777 1241 2845 Χριστοῦ
1270 2780 1446 2851 θρόνῳ
1486 2783 1707 2835 καθίσαι
1760 2783 1927 2852 λέγει,

366 2862 560 2934 ὥσπερ
581 2868 707 2926 τοὺς
737 2869 997 2935 νομικοὺς
1023 2869 1201 2938 ἱερέας
1228 2873 1321 2925 ἐπὶ
1342 2872 1436 2925 τοῦ
1458 2872 1644 2943 θρόνου
1662 2875 1928 2938 Μωσέως.

367 2955 535 3010 Ὥστε
565 2957 626 3009 οὐ
652 2957 795 3025 μέγα
827 2959 903 3029 τῷ
941 2958 1163 3032 Ῥώμης
1194 2964 1368 3035 θρόνῳ
1390 2964 1449 3016 τὸ
1477 2966 1628 3037 παρὰ
1653 2967 1763 3019 τῶν
1792 2970 1929 3022 ἀπο-

366 3046 570 3100 στόλων
603 3049 908 3118 καλεῖσθαι,
940 3054 1176 3109 ἑκάστου
1213 3056 1322 3110 τῶν
1350 3058 1665 3111 ἐπισκόπων
1704 3059 1797 3111 ἐπὶ
1832 3060 1926 3112 τοῦ

363 3136 557 3206 θρόνου
582 3138 675 3192 τοῦ
712 3140 955 3210 Χριστοῦ
990 3144 1330 3213 καθημένου.
1370 3167 1387 3198 ι

925 3258 1360 3314 ΔΝΤΙΡΡΗΣΙΣ.
1951 3314 1991 3365 c

447 3366 732 3434 ’Δνωτέρω
786 3369 886 3439 μὲν
936 3369 1123 3438 ἔλεγες
1173 3372 1406 3426 ἕκαστον
1461 3376 1569 3428 τῶν
1621 3377 1926 3431 καθολικῶν

361 3454 569 3523 θρόνων
604 3457 962 3511 άποστολικὺν
988 3458 1374 3527 ὀνομάζεσθαι,
1409 3462 1548 3515 ὥστε
1573 3464 1662 3516 τὸν
1695 3467 1924 3519 πάππαν

364 3544 532 3611 μηδὲν
577 3543 740 3596 πλέον
769 3545 916 3613 ἔχειν
952 3548 1089 3600 κατά
1117 3528 1182 3613 γε
1210 3549 1365 3602 τοῦτο
1393 3551 1532 3621 ὑπὲρ
1569 3555 1693 3616 τοὺς
1729 3556 1922 3608 ἀνατο-

357 3636 547 3698 λικοὺς
578 3638 924 3707 πατριάρχας
947 3653 960 3666 ·
991 3637 1084 3690 νῦν
1112 3640 1169 3692 δὲ
1196 3638 1375 3707 λέγεις
1412 3644 1488 3713 μὴ
1518 3646 1623 3697 τῶν
1660 3664 1923 3717 πατριιιιρ⁴

360 3727 475 3794 χῶν
507 3726 688 3795 μόνον,
724 3727 859 3779 ἀλλὰ
894 3729 987 3780 καὶ
1018 3728 1127 3781 τῶν
1160 3732 1473 3784 ἐπισκόπων
1501 3735 1730 3787 ἑκάστου
1759 3736 1924 3805 μηδὲν

357 3820 525 3871 πλέον
552 3821 697 3888 ἒχειν
739 3822 830 3875 τὸν
862 3823 1115 3884 πάππαν,
1150 3824 1382 3892 ἐπείπερ
1416 3825 1559 3877 κατὰ
1588 3843 1616 3876 τ
1638 3826 1698 3877 ὸν
1737 3829 1921 3893 μακά-

359 3929 476 3983 ριον
505 3914 895 3984 Χρυσόστομον
925 3916 1159 3979 ἕκαστος
1196 3916 1306 3969 τῶν
1339 3917 1657 3970 ἐπισκόπων
1686 3918 1923 3989 κάθηται

359 4006 453 4056 ἐπὶ
486 4005 579 4057 τοῦ
610 4006 800 4075 θρόνου
830 4007 924 4059 τοῦ
972 4006 1235 4078 Χριστοῦ⁹
1275 4010 1370 4061 καὶ
1407 4007 1582 4061 ταῦτα
1616 4009 1789 4076 λέγων
1831 4013 1925 4064 δύο

360 4097 719 4167 ἁμαρτάνεις·
749 4097 808 4149 ἓν
846 4098 964 4168 μὲν,
994 4099 1077 4151 ὅτι
1122 4098 1217 4151 τοῦ
1245 4100 1638 4168 Χρυσοστὸμου
1670 4102 1728 4152 τὸ
1761 4101 1922 4171 ῥητὸν

356 4187 730 4259 διαστρέφειςο
761 4184 881 4242 εἶτα
935 4189 1028 4241 καὶ
1078 4190 1263 4260 σαυτῴ
1307 4190 1685 4259 περιπίπτεις.
1728 4193 1813 4244 Ἐν
1842 4188 1923 4255 οἷς

358 4280 470 4347 γάρ
498 4278 587 4333 τὸν
618 4282 852 4333 πάππαν
900 4280 1278 4345 έξευτελίζεις,
1336 4284 1466 4350 μίαν
1516 4284 1923 4348 ἁπαξαπάντων

355 4371 707 4439 δογματίζεις
740 4374 983 4441 ίσότητα,
1016 4375 1173 4444 εἴπερ
1206 4372 1314 4425 τῶν
1344 4376 1663 4426 ἐπισκόπων
1695 4375 1922 4439 ἕκαστος

355 4464 455 4515 ἕνα
485 4462 700 4516 καὶτὸν
749 4465 913 4517 αὑτὸν
956 4465 1068 4534 ἔχει
1115 4464 1209 4517 τοῦ
1258 4466 1496 4534 Χριστοῦ
1545 4465 1765 4534 θρόνον.
1803 4468 1923 4529 Πῶς

355 4558 536 4611 τοίνυν
566 4559 755 4627 ἔλεγες
786 4560 911 4620 τοὺς
940 4559 1265 4621 καθολικοῦς
1300 4559 1409 4611 τῶν
1440 4558 1646 4628 θρόνων
1671 4559 1745 4621 ὠς
1777 4562 1923 4625 ἐξαί-

359 4651 514 4720 ρετόν
542 4668 594 4703 τι
634 4652 918 4704 καλεῖσθαι
964 4650 1169 4714 πάντας
1219 4651 1653 4715 ὰποστολικούς;
1692 4653 1753 4703 Et
1809 4654 1916 4720 γὰρ
1950 4677 1992 4729 ι)

358 4745 547 4811 μεῖζον
595 4743 741 4812 ἔχειν
785 4743 876 4796 τὸν
940 4742 1177 4811 Χριστοῦ
1233 4744 1443 4813 θρόνον,
1493 4745 1916 4813 ἢάποστολικὸν

356 4830 520 4899 εἶναι,
548 4842 641 4888 καὶ
679 4838 879 4897 πάντες
910 4839 958 4888 οἱ
997 4838 1287 4888 ἐπίσκοποι
1337 4837 1427 4888 τὸν
1462 4836 1698 4904 Χριστοῦ
1730 4838 1917 4905 ἔχουσι

1862 4928 1921 4982 τὸ

356 5018 506 5071 οὐδὲν
538 5019 744 5088 οἴχεται
790 5025 930 5072 κατὰ
968 5020 1026 5071 σὲ
1081 5019 1189 5071 τῶν
1236 5020 1594 5089 πατριαρχῶν
1642 5023 1675 5087 ἡ
1733 5022 1922 5091 προτί-

358 5126 520 5180 μησις
553 5109 645 5161 διὰ
688 5110 748 5161 τὸ
792 5109 1074 5163 καλεῖσθαι
1106 5109 1525 5172 ἁποστολικούς.
1559 5111 1916 5177 Διαστρέφεις

353 5202 411 5255 δὲ
430 5202 522 5253 καὶ
552 5202 612 5253 τὸ
644 5204 804 5271 ῥητὸν
833 5201 929 5254 τοῦ
953 5202 1368 5271 Χρυσοστόμου·
1396 5202 1541 5268 λέγει
1569 5201 1697 5270 γάρ·
1730 5220 1748 5252 ι
1796 5202 1922 5255 Ἐπὶ

352 5294 453 5362 τῆς
477 5294 753 5353 Μωῦσέως
781 5294 1053 5362 καθέδρας
1082 5295 1341 5346 ἐκάθισαν
1372 5294 1420 5345 οἱ
1454 5295 1801 5362 γραμματεῖς
1826 5294 1922 5348 καὶ

353 5385 405 5437 οἱ
456 5385 739 5453 Φαρισαῖοι
769 5400 784 5414 °
828 5384 923 5437 νῦν
969 5385 1025 5437 δὲ
1078 5386 1175 5436 οὐκ
1226 5386 1372 5437 ἔστιν
1424 5388 1618 5449 εἰπεῖν,
1662 5386 1787 5437 Ἐπὶ
1820 5386 1919 5455 τῆς

353 5478 636 5539 Μωῦσέως
656 5476 925 5547 καθέδρας
951 5476 1213 5529 ἐκάθισαν
1246 5478 1293 5529 οἱ
1331 5477 1519 5544 ἱερεῖς,
1556 5478 1669 5528 ἀλλ’
1705 5479 1797 5528 ἐπὶ
1822 5478 1920 5546 τῆς

352 5561 449 5613 τοῦ
480 5562 743 5631 Χριστοῦ⁵
779 5563 878 5634 τὴν
910 5566 1017 5633 γὰρ
1051 5563 1259 5617 ἐκείνου
1308 5565 1614 5630 διεδέξαντο
1665 5566 1919 5618 διδασκα-

351 5654 495 5706 λίαν.
535 5674 553 5705 ›
606 5657 1007 5725 Ἐξηγουμένου
1038 5657 1217 5710 τοίνυν
1268 5658 1364 5709 τοῦ
1407 5660 1796 5729 Χρυσοστόμου
1828 5659 1920 5711 τὸν

354 5748 546 5817 θρόνον
580 5750 656 5811 εἰς
684 5750 785 5819 τὴν
813 5750 1181 5818 διδασκαλίαν,
1232 5751 1295 5802 σὺ
1345 5750 1643 5819 λαμῦάνεις
1694 5754 1774 5814 εἰς
1820 5750 1923 5818 τὴν

348 5890 351 5895 ἱ
425 5930 503 6001 (1)
536 5929 652 5983 Lib.
687 5947 756 5993 γι,
789 5946 877 5999 ep.
908 5932 1001 5985 9i.

2061 724 2207 769 runt.
2241 713 2330 781 qui
2364 724 2550 766 contra
2573 728 2693 765 eam
2718 715 2983 767 acerrime
3010 712 3210 766 invecti
3243 726 3369 766 sunt
3392 714 3620 768 ltoinani

2062 803 2371 872 pontiﬁces,
2408 802 2658 873 Pelagius
2687 813 2742 857 et
2767 803 3063 874 Gregorius
3098 806 3351 875 Dialogus
3382 808 3461 874 (ί)
3489 825 3501 869 ;
3525 823 3624 859 nec

2058 893 2133 945 ita
2188 904 2317 947 sunt
2355 894 2726 963 interpretati,
2761 896 2853 964 qui
2888 897 3049 966 primi
3084 897 3233 950 hunc
3262 898 3484 952 titulum
3518 899 3625 953 sibi

2057 997 2385 1055 arrogarunt
2426 988 2775 1054 patriarchae,
2833 988 3076 1044 Joannes
3104 990 3390 1056 Jejunator
3419 1000 3476 1045 et
3518 991 3627 1060 Cy:

2056 1078 2275 1141 riacus;
2329 1077 2423 1133 sed
2487 1080 2863 1134 (ncumenicos
2920 1096 2977 1134 se
3031 1080 3435 1151 inscripserunt
3491 1098 3622 1137 vero

2052 1173 2349 1225 abutentes
2404 1172 2745 1241 signiﬁcatu;
2781 1182 2968 1241 atque,
3003 1182 3062 1227 ut
3098 1174 3289 1229 scribit
3325 1173 3623 1243 Gregorius

2053 1260 2310 1329 Dialogus
2354 1262 2644 1317 Anastasio
2682 1263 3049 1327 Antiocheuo,
3105 1264 3267 1317 talem
3319 1266 3623 1331 praebentis

2052 1367 2299 1414 causam,
2359 1361 2418 1406 ut
2468 1355 2512 1406 si
2552 1353 2716 1420 hanc,
2770 1354 2971 1419 inquit,
3004 1354 3392 1422 tequanimitcr
3438 1364 3623 1421 porta-

2052 1461 2193 1507 mus,
2235 1447 2507 1499 universa
2543 1445 2806 1498 Ecclesiae
2843 1446 3001 1498 Iidem
3037 1460 3456 1513 con-rumpamus
3510 1446 3620 1497 Nec

2049 1538 2203 1591 locus
2231 1546 2316 1591 est
2354 1537 2405 1589 in
2447 1524 2557 1603 quo
2594 1536 2660 1590 de
2695 1537 2799 1591 hac
2829 1553 2962 1591 voce
3012 1537 3353 1590 mentionem
3388 1535 3616 1600 faciens,

2050 1629 2370 1698 frequentes
2414 1640 2597 1683 autem
2647 1639 2873 1700 pr0pter
2937 1631 3083 1684 illam
3131 1629 3286 1684 dedit
3331 1628 3615 1698 epistolas.

2048 1738 2169 1777 eam
2205 1739 2313 1776 non
2350 1724 2696 1777 damnaverit
2732 1723 3094 1791 rejeceritque
3124 1732 3181 1775 ut
3216 1722 3522 1791 profanam,
3559 1731 3619 1773 ut

2047 1814 2377 1881 universalis
2425 1815 2683 1868 Ecclesia:
2744 1814 3022 1881 iniuriam,
3057 1822 3117 1866 ut
3148 1829 3470 1882 magnorum
3505 1811 3618 1863 ori~

2046 1902 2226 1968 ginem
2259 1904 2665 1968 scandalorum,
2704 1903 2918 1971 plenam
2956 1902 3253 1973 superbiae,
3289 1899 3613 1955 Antichristi

2044 2008 2466 2064 praecursorem,
2500 2011 2595 2063 per
2625 2011 2789 2063 quam
2841 1995 2975 2049 lldes
3029 1994 3303 2063 perditur,
3336 2003 3397 2046 ut
3431 1993 3610 2047 seele-
3644 2041 3651 2047 .

2040 2096 2178 2140 stam
2210 2098 2265 2141 et
2296 2088 2765 2142 contradicentem
2794 2088 3090 2157 Evangelio
3126 2087 3406 2156 sacrisque
3440 2069 3612 2139 cano:

2041 2179 2241 2246 nibus;
2280 2197 2409 2249 qua,
2444 2190 2504 2234 ut
2541 2181 2822 2235 Adrianus
2854 2196 2992 2250 papa
3020 2180 3200 2249 inquit
3234 2180 3287 2233 in
3316 2180 3432 2233 suis
3463 2179 3610 2232 litte—

2038 2271 2113 2326 ris
2140 2272 2205 2326 ad
2233 2273 2619 2341 imperatores,
2643 2274 2736 2342 qui
2770 2273 2943 2327 utitur
2970 2283 3025 2327 et
3055 2287 3338 2327 assensum
3375 2270 3607 2340 przehet,

2036 2360 2273 2415 alienum
2300 2377 2358 2416 se
2396 2377 2425 2415 a
2466 2363 2569 2416 ﬁde
2607 2362 2936 2428 orthodoxa,
2966 2371 3022 2417 et
3053 2361 3317 2416 rebellem
3351 2359 3607 2414 Ecclesiae

2036 2452 2317 2507 catholicae
2349 2454 2679 2510 manifestat.

2513 2570 2717 2626 NILUS
2758 2570 2912 2641 (Cap.
2948 2569 3113 2639 XXI).

2110 2702 2129 2733 ι
2164 2684 2363 2741 Beatus
2402 2699 2532 2739 vero
2559 2684 2718 2740 Pater
2750 2685 3176 2755 Chrysostomus
3199 2686 3365 2740 etiam
3399 2698 3597 2739 unum-

2032 2791 2308 2845 quemque
2356 2778 2677 2845 episcopum
2731 2780 2931 2831 asserit
2987 2777 3045 2831 in
3091 2776 3353 2830 cathedra
3392 2775 3598 2835 Christi

2031 2862 2257 2927 sedere,
2292 2864 2753 2932 quemadmodum
2805 2865 3009 2936 legales
3054 2864 3367 2920 sacerdotes
3414 2867 3470 2918 in
3511 2880 3601 2919 ca-

2032 2950 2438 3008 thedra'Mosis.
2463 2954 2644 3019 Quare
2670 2970 2778 3009 non
2804 2966 2886 3009 est
2912 2956 3090 3024 magni
3112 2953 3426 3008 faciendum
3451 2955 3597 3023 quod

2030 3043 2215 3097 Romae
2238 3045 2398 3100 sedes
2420 3055 2644 3101 vocetur
2667 3048 2985 3117 apostolica,
3018 3062 3145 3101 cum
3173 3047 3353 3102 omnis
3383 3048 3599 3113 episco-

2030 3152 2132 3204 pus
2168 3139 2351 3194 sedeat
2386 3141 2442 3193 in
2474 3141 2604 3196 sede
2638 3142 2860 3196 Christi.
2902 3161 2922 3193 ι

2573 3253 3027 3308 CONFUTATIO.

2098 3359 2275 3430 Supra
2307 3360 2549 3424 dicebas,
2600 3364 2902 3431 quamlibet
2952 3365 3339 3434 principalium
3375 3366 3589 3421 sedium

2027 3451 2207 3505 vorari
2243 3453 2621 3519 apestolicam,
2656 3463 2715 3509 ut
2756 3471 2915 3523 papa,
2958 3456 3103 3525 quod
3136 3458 3329 3511 attinet
3355 3458 3423 3512 ad
3465 3458 3592 3523 hoc,

2029 3544 2162 3597 nihil
2202 3546 2324 3613 plus
2360 3546 2557 3601 habeat
2590 3564 2754 3618 supra
2786 3558 3014 3604 caeteros
3046 3550 3407 3618 patriarchas.
3433 3550 3591 3605 Nunc

2028 3637 2166 3691 dicis
2232 3654 2424 3708 papam
2479 3656 2587 3693 non
2658 3642 2838 3696 solum
2881 3658 3045 3710 supra
3103 3643 3311 3697 nullum
3367 3645 3596 3712 patriar-

2026 3733 2208 3796 citam,
2232 3733 2325 3785 sed
2364 3749 2541 3802 neque
2589 3750 2750 3803 supra
2782 3736 3087 3802 quemlibet
3120 3739 3436 3806 episcopum
3471 3740 3592 3807 plus

2026 3821 2323 3889 quidquam
2387 3824 2613 3885 habere,
2680 3827 3129 3895 quandoquidem
3176 3830 3328 3898 juxta
3371 3831 3587 3884 beatum

2023 3910 2474 3981 Chrysostomum
2520 3916 2752 3985 quilibet
2787 3918 3078 3988 cpiscopus
3110 3920 3266 3974 sedet
3309 3921 3363 3975 iu
3406 3924 3592 3976 cathe-

2025 4003 2121 4055 dra
2152 4003 2390 4071 Christi;
2422 4016 2476 4060 et
2510 4007 2626 4061 haec
2650 4010 2837 4062 dicens
2858 4009 2967 4063 duo
3004 4025 3197 4079 peccas
3223 4030 3235 4065 :
3268 4013 3445 4080 primo
3471 4015 3591 4083 qui-

2027 4096 2173 4157 dem,
2216 4098 2343 4164 quia
2379 4096 2587 4153 dictum
2638 4098 3011 4169 Chrysostomi
3056 4105 3356 4171 pervertis;
3388 4104 3585 4159 deinde

2025 4199 2078 4241 et
2114 4189 2228 4257 ipse
2262 4198 2439 4243 tecum
2468 4206 2697 4260 pugnas.
2725 4194 2861 4246 Dutn
2902 4194 3047 4248 enim
3075 4210 3268 4263 papam
3298 4195 3585 4263 deprimis.

2025 4296 2184 4333 unam
2241 4282 2530 4335 constituis
2576 4284 2821 4337 omnium
2876 4287 3262 4354 a'qualilatem,
3317 4289 3585 4358 siquidem

2022 4371 2313 4439 episcopus
2347 4372 2579 4440 quilibet
2610 4390 2770 4427 unam
2805 4385 2861 4430 et
2884 4374 3133 4430 eamdem
3160 4378 3365 4433 Christi
3400 4382 3584 4437 cathe—

2026 4460 2179 4514 dram
2231 4463 2413 4518 habet.
2461 4466 2746 4531 Quomodo
2798 4468 2960 4537 igitur
3004 4467 3191 4526 aiebas
3244 4474 3583 4543 praecipuum

2023 4553 2128 4607 hoc
2165 4553 2368 4610 habere
2401 4557 2732 4626 principales
2764 4561 2941 4623 sedes,
2976 4561 3121 4630 quod
3155 4578 3348 4619 omnes
3388 4582 3586 4621 vocen-

2023 4655 2111 4698 tur
2147 4648 2491 4713 apostolicaz'!
2537 4647 2593 4702 Si
2641 4650 2787 4704 enim
2821 4652 2942 4720 plus
2982 4664 3086 4716 est,
3144 4653 3346 4711 habere
3381 4657 3585 4713 Christi

2022 4735 2206 4790 sedem
2236 4752 2399 4806 quam
2433 4740 2617 4793 vocari
2641 4743 3022 4810 apostolicum,
3051 4755 3106 4798 et
3129 4762 3319 4801 omnes
3342 4750 3581 4820 episcopi

2023 4824 2223 4878 habent
2279 4827 2597 4883 cathedram
2644 4826 2875 4893 Christi,
2929 4846 3077 4888 certe
3136 4853 3330 4892 omnes
3386 4840 3585 4893 habent

2021 4918 2166 4983 quod
2210 4919 2330 4985 plus
2367 4930 2472 4985 est,
2502 4934 2558 4974 et
2589 4926 2867 4978 evanescit
2901 4940 2997 4993 per
3041 4934 3093 4979 te
3147 4930 3580 4997 patriarcharum

2023 5010 2400 5081 prarogativa,
2452 5014 2597 5082 quod
2646 5028 2912 5071 vocentur
2950 5021 3258 5088 apostolici.
3312 5021 3586 5079 Pervertis

2022 5112 2205 5155 autem
2232 5113 2288 5157 et
2312 5106 2692 5177 Chrysostomi
2723 5110 2947 5165 dictum.
2986 5112 3073 5164 Ait
3125 5114 3267 5165 enim
3303 5133 3314 5166 :
3356 5134 3373 5165 ι
3415 5116 3589 5187 Super

2023 5192 2190 5262 Moysi
2246 5196 2563 5251 cathedram
2600 5200 2861 5255 sederunt
2921 5203 3128 5257 Scriba:
3186 5214 3240 5257 et
3300 5205 3584 5271 Pharisaei,

2023 5300 2169 5338 nunc
2198 5302 2327 5341 vero
2356 5305 2463 5342 non
2498 5291 2602 5356 ita;
2648 5309 2825 5360 neque
2874 5295 3017 5345 enim
3064 5310 3231 5363 super
3267 5298 3586 5351 cathedram

2026 5375 2191 5445 Moysi
2220 5379 2481 5433 sederunt
2506 5382 2840 5447 sacerdotes,
2894 5385 2987 5437 sed
3034 5401 3199 5453 super
3244 5387 3449 5442 Christi
3498 5407 3585 5443 se-

2024 5469 2174 5531 dem,
2204 5470 2350 5523 illitts
2377 5471 2525 5524 enim
2556 5484 2850 5540 suscepere
2878 5476 3207 5529 doctrinam.
3242 5496 3261 5529 ι
3291 5478 3425 5534 Cum
3452 5496 3586 5549 ergo

2024 5561 2444 5631 ChrySOstomus
2482 5564 2793 5618 cathedram
2836 5568 2890 5619 in
2920 5570 3219 5623 doctrinam
3262 5572 3589 5639 interprete-

2024 5665 2131 5721 tur,
2185 5666 2240 5709 tu
2281 5658 2333 5710 in
2388 5665 2715 5729 potestatem
2768 5660 2992 5728 accipis.
3038 5661 3227 5731 Itaque
3281 5664 3583 5718 secundum

2023 5746 2393 5818 Chrysostomi
2426 5767 2646 5808 sensum
2682 5753 2945 5811 habemus
2973 5772 3160 5812 verum
3190 5760 3408 5826 dogma,
3439 5760 3588 5829 quod
