4088 6294
587 536 688 594 84⁵1

1747 521 1948 580 MATT
1959 521 2003 579 ΙΙ
2021 521 2110 579 .‘EI

2253 519 2548 580 IlYOPIlY
2565 520 2682 578 LLI
3705 521 3787 582 8-l8

584 667 775 706 omnes
799 647 1042 718 episcopi
1092 646 1275 702 sedem
1305 645 1508 701 Cltrisli
1545 643 1806 704 habeant,
1839 641 2136 697 doctrinam

2254 637 2524 702 ἐξουσίαν.
2553 640 2662 691 Kal
2691 637 2830 690 κατὰ
2875 637 2970 708 μὲν
3008 638 3108 708 τὴν
3144 639 3356 693 ἔννοιαν
3395 637 3485 691 τοῦ
3519 639 3789 707 Χρυσοπό-

583 741 797 796 scilicet
823 740 1194 808 evangelicam
1228 737 1666 792 disseminantes.
1695 735 1764 788 At
1793 749 1919 788 vero
1956 748 2153 787 secun—

582 835 711 886 dum
755 846 860 885 tuae
913 829 1388 898 interpretationis
1423 828 1840 898 perversitatem
1889 823 2153 878 habemus

583 921 950 989 blasphemam
975 919 1311 987 opinionem,
1331 917 1476 985 quod
1498 931 1687 969 omnes
1707 916 1946 983 episcopi
1973 927 2152 982 aequa-

577 1011 784 1064 litatem
841 1008 1080 1061 habeant
1132 1005 1436 1075 dignitatis.
1499 1005 1674 1059 Porro
1735 1004 1864 1074 quid
1920 1003 2151 1057 sentiret

577 1106 774 1156 beatus
805 1099 965 1154 Pater
990 1099 1417 1169 Cbrysostomus
1443 1097 1510 1151 de
1545 1098 1708 1151 l‘etro
1739 1107 1794 1151 et
1817 1094 2150 1150 successori-

576 1196 702 1256 bus,
740 1195 907 1248 habes
939 1193 1162 1246 homilia
1205 1193 1272 1244 5i
1315 1192 1369 1244 in
1411 1192 1545 1245 Acta
1578 1191 1976 1259 apostolorum.
2013 1191 2145 1241 dum

573 1289 738 1340 verba
769 1287 858 1340 illa
891 1287 1150 1354 eXplieat,
1175 1283 1240 1338 In
1267 1283 1444 1336 diebus
1470 1283 1575 1336 illis
1604 1298 1886 1350 exsurgens
1918 1279 2104 1332 Petrus
2128 1296 2145 1332 :

581 1402 598 1434 ι
631 1383 700 1438 Ut
731 1382 971 1444 fervens,
1019 1379 1220 1444 inquit,
1251 1388 1304 1432 et
1352 1380 1397 1431 is
1433 1380 1517 1432 cui
1561 1376 1815 1430 Christus
1855 1376 2148 1429 demanda—

573 1484 730 1527 verat
760 1473 919 1525 ovilis
948 1486 1160 1533 curam,
1197 1481 1364 1538 utque
1400 1469 1676 1523 sociorum
1715 1469 1993 1536 princeps,
2029 1466 2144 1534 ipse

573 1582 792 1635 semper
817 1565 1060 1633 loquitur
1094 1564 1324 1632 primus.
1361 1582 1378 1612 ι
1427 1561 1493 1614 Ει
1531 1560 1672 1614 infra
1707 1581 1718 1614 :
1757 1578 1774 1610 ι
1812 1559 2005 1612 Merito
2031 1559 2144 1627 ipse

572 1675 688 1714 rem
728 1674 852 1713 cum
888 1656 1218 1712 auctoritate
1258 1664 1473 1716 tractat.
1511 1666 1569 1708 ut
1601 1654 1692 1723 qui
1728 1669 1918 1707 omnes
1954 1651 2146 1704 habuit

571 1753 676 1807 sibi
710 1752 1067 1813 commissos;
1121 1749 1252 1802 huic
1279 1747 1426 1802 enim
1467 1746 1612 1800 dixit
1651 1745 1904 1799 Christus
1935 1761 1948 1800 :
1981 1741 2050 1795 Et
2085 1751 2142 1796 ιιι

573 1845 863 1916 aliquando
894 1858 1170 1896 conversus
1211 1840 1472 1907 conﬁrma
1507 1837 1704 1907 fratres
1734 1835 1908 1891 tuos“.
1950 1837 2015 1889 Et
2047 1837 2142 1888 ιιυ-

578 1937 725 1990 milia
748 1935 810 1989 2‘1
841 1952 854 1987 :
891 1953 908 1983 ι
943 1933 1136 1986 l’ctrus
1165 1941 1422 1998 tanquam
1449 1928 1724 1982 exercitus
1771 1930 1880 1980 dux
1907 1927 2142 1980 circum-

575 2029 690 2082 ibat
724 2027 892 2089 acies,
921 2037 1171 2092 qttazrens
1200 2035 1322 2090 quas
1361 2035 1487 2088 pars
1511 2027 1654 2072 esset
1683 2019 1820 2071 bene
1861 2026 2138 2086 apparata,

573 2136 696 2190 quae
728 2121 867 2174 bene
902 2118 1198 2176 instructa,
1227 2127 1350 2182 quae
1373 2111 1648 2180 indigeret
1677 2109 1796 2179 ejus
1828 2109 2136 2179 praesentia.

577 2211 714 2266 Vide
755 2210 958 2278 ubique
1009 2208 1184 2276 ipsum
1227 2203 1778 2266 circumcursantem,
1817 2213 1872 2255 et
1903 2201 2139 2270 primum

575 2319 636 2358 se
664 2301 1067 2356 ostendentem.
1099 2316 1116 2348 ι
1154 2297 1216 2350 Et
1249 2295 1432 2352 infra:
1465 2311 1482 2344 ι
1525 2292 1589 2345 Et
1621 2293 1712 2348 ubi
1741 2291 1964 2361 quidem
1999 2290 2142 2360 peri-

573 2395 780 2458 culum,
804 2400 862 2444 et
899 2387 1258 2460 gubernantis
1301 2385 1614 2455 prudentia,
1662 2385 1735 2439 ibi
1779 2384 2012 2448 Petrus;
2048 2381 2141 2436 ubi

570 2501 705 2540 vero
755 2481 1049 2550 tranquilla
1103 2479 1322 2543 omnia,
1377 2477 1744 2531 communiter
1797 2490 2010 2530 omnes.
2065 2474 2138 2527 lta

573 2577 833 2646 majorem
875 2588 990 2625 non
1025 2571 1280 2636 exigebat
1328 2569 1614 2622 honorem.
1653 2587 1670 2618 ι
1731 2565 1797 2619 Ει
1829 2568 2052 2620 homilia
2087 2567 2140 2619 in

574 2669 840 2724 Joannem
873 2663 964 2726 88,
996 2663 1276 2731 explicans
1324 2659 1456 2713 illud
1487 2659 1747 2728 postremi
1795 2657 2011 2728 capitis,
2047 2657 2142 2710 llic

573 2771 752 2818 autem
781 2758 946 2829 quid?
979 2772 1000 2806 ι
1032 2753 1324 2820 Quoniam,
1352 2751 1556 2820 inquit,
1581 2751 1744 2805 Petro
1771 2765 1960 2819 magna
1987 2748 2145 2804 Chri-

571 2865 690 2910 stus
723 2847 996 2920 praedixit,
1021 2855 1077 2899 et
1105 2843 1294 2898 orbem
1331 2851 1602 2896 terrarum
1637 2841 1714 2895 illi
1743 2840 1988 2896 tradidit.
2027 2859 2044 2891 ι
2073 2839 2140 2894 Et

570 2944 734 3016 paulo
765 2950 892 2994 ante
925 2955 940 2994 :
981 2957 998 2990 ι
1028 2936 1167 2992 Ιξιιίο
1201 2935 1362 2990 Petro
1388 2934 1680 2989 commissa
1703 2943 1786 2989 est
1816 2933 2138 3003 pra-lectura

567 3037 822 3089 fratrum.
865 3051 882 3083 ι

2257 747 2360 799 μου
2393 731 2590 798 ἀληθὲς
2621 730 2814 798 ἔχομεν
2845 730 3045 799 δόγμα,
3081 732 3166 784 ὅτι
3199 731 3400 793 πάντες
3433 732 3478 782 οἱ
3531 732 3792 784 ἐπίσκοποι

2252 823 2341 874 τὸν
2379 822 2615 892 Χριστοῦ
2647 824 2830 892 ἔχουσι
2855 823 3069 894 θρόνον,
3096 824 3298 893 δηλαδὴ
3332 824 3430 891 τὴν
3461 824 3790 891 εύατγελικὴν

2255 913 2571 983 σπείροντες
2627 915 2998 968 διδασκαλίανο
3053 917 3190 970 κατὰ
3233 916 3288 968 δὲ
3324 917 3422 984 τὴν
3461 915 3792 982 στρεϐλότητα

2251 1005 2351 1072 τῆς
2394 1005 2492 1073 σῆς
2527 1006 2830 1075 ἑρμηνείας
2877 1005 3202 1077 βλάσφημον
3241 1009 3440 1077 ἔχομεν
3479 1007 3791 1072 κακοδοξίαν,

2250 1095 2332 1147 ὅτι
2363 1099 2564 1158 πάντες
2597 1097 2646 1148 οἱ
2683 1099 2977 1151 ἐπίσκοποι
3031 1103 3130 1168 τὴν
3174 1099 3342 1168 αὐτὴν
3396 1099 3608 1166 ἔχουσιν
3657 1100 3795 1151 ἰσοτι-

2253 1185 2402 1254 μίαν.
2439 1182 2538 1240 Οἷα
2572 1187 2628 1240 δὲ
2660 1190 2880 1259 ἐφρόνει
2917 1192 2941 1242 ὁ
2982 1193 3158 1260 μέγας
3203 1191 3390 1259 Πατὴρ
3436 1190 3794 1261 Χρυσόστομος

2251 1277 2379 1346 περὶ
2413 1277 2620 1346 Πέτρου
2657 1281 2749 1332 καὶ
2788 1280 2898 1332 τῶν
2928 1279 3383 1350 διαδόχωνἛχεις,
3419 1283 3477 1332 ὲν
3517 1283 3580 1348 τῇ
3610 1281 3682 1341 είς
3713 1281 3795 1340 τὰς

2253 1369 2486 1438 Πράξεις
2511 1369 2619 1422 τῶν
2649 1371 2966 1422 ἀποστόλων
2994 1373 3184 1442 ὁμιλία
3228 1373 3276 1439 γ’
3313 1374 3391 1436 είς
3425 1375 3601 1424 ἐκεῖνο
3636 1373 3691 1423 τὸ
3715 1375 3795 1440 ρη-

2249 1462 2356 1514 τόν·
2388 1462 2492 1516 Καὶ
2519 1463 2588 1516 ἐν
2607 1463 2734 1528 ταῖς
2761 1463 3006 1531 ἡμέραις
3023 1467 3266 1531 ταύταις
3287 1465 3558 1532 ἀναστὰς
3581 1467 3794 1532 Πέτρος.

2253 1574 2271 1606 ι
2309 1557 2417 1609 Kal
2445 1556 2521 1619 ὡς
2551 1555 2778 1626 θερμὸς,
2815 1557 2971 1626 φησὶ,
3009 1559 3104 1611 καὶ
3140 1558 3214 1620 ὼς
3246 1553 3633 1628 ἐμπιστευθεὶς
3665 1559 3796 1626 παρὰ

2246 1645 2486 1716 Χριστοῦ
2535 1647 2635 1716 τὴν
2689 1649 2954 1718 ποίμνην,
3007 1651 3103 1702 καὶ
3137 1649 3210 1712 ὡς
3257 1649 3348 1701 τοῦ
3383 1649 3549 1720 χοροῦ
3580 1649 3792 1718 πρῶτος,

2245 1739 2334 1791 ἀεὶ
2367 1739 2634 1809 πρότερος
2667 1737 2898 1810 ἄρχεται
2933 1740 3027 1792 τοῦ
3053 1740 3237 1808 λόγου.
3271 1761 3288 1792 ι
3345 1741 3457 1794 Καὶ
3498 1743 3790 1808 κατωτέρω·

2252 1849 2269 1880 ι
2296 1829 2538 1892 Εἰκότως
2575 1831 2791 1899 πρῶτος
2821 1831 2915 1884 τοῦ
2951 1832 3282 1901 πράγματος
3309 1833 3563 1885 αὐθεντεί
3590 1834 3787 1900 Πέτρος,

2243 1922 2340 1975 άτε
2375 1921 2483 1992 γὰρ
2514 1922 2673 1984 αὐτὸς
2707 1923 2918 1985 πάντας
2947 1923 3314 1994 ἐγχειρισθείς
3338 1939 3352 1953 ’
3383 1923 3522 1991 πρὸς
3553 1925 3654 1992 γάρ
3689 1921 3792 1974 τοῦ-

2246 2031 2335 2066 τον
2371 2007 2524 2066 εἷπεν
2571 2015 2600 2066 ὀ
2644 2015 2901 2083 Χριστὸς,
2933 2016 3043 2069 Καὶ
3092 2017 3174 2069 σύ
3229 2032 3373 2070 ποτε
3419 2015 3790 2082 ἐπιστρέψας,

2247 2104 2539 2174 στήριξον
2577 2106 2718 2171 τοὺς
2744 2106 3047 2177 ἀδελφούς
3079 2121 3217 2162 σου.
3255 2109 3364 2160 Kal
3399 2107 3458 2159 ὲν
3483 2110 3548 2178 τῇ
3581 2105 3660 2160 κα⁹
3685 2109 3790 2174 ὀμι-

2247 2198 2355 2268 λίᾳ·
2397 2217 2414 2248 ι
2456 2197 2724 2270 Καθάπερ
2759 2217 2842 2262 τις
2903 2199 3208 2271 στρατηγὸς
3239 2197 3461 2268 περιῄει
3506 2199 3602 2260 τάς
3631 2197 3791 2262 τάξεις

2245 2295 2274 2345 ὁ
2323 2292 2527 2362 Πέτρος
2581 2292 2921 2358 ἐπισκοπῶν,
2959 2295 3108 2345 ποῖον
3159 2293 3245 2361 εἴη
3297 2289 3789 2360 συγκεκροτημένον

2251 2385 2438 2454 μέρος,
2497 2387 2652 2438 ποῖον
2705 2387 2764 2438 ὲν
2823 2385 3038 2456 κόσμῳ,
3097 2387 3248 2438 ποῖον
3285 2386 3380 2456 τῆς
3423 2385 3591 2438 αὐτοῦ
3637 2385 3789 2436 δέοιτο

2251 2478 2578 2548 παρουσίας.
2636 2477 2780 2546 Ὀρα
2837 2477 3117 2547 πανταχοῦ
3170 2477 3330 2531 αὐτόν
3393 2476 3788 2546 περιτρέχοντα,

2251 2573 2346 2622 καὶ
2375 2570 2589 2640 πρῶτον
2623 2570 3035 2638 εὑρισκόμενον.
3075 2589 3094 2622 ι
3133 2572 3244 2624 Kal
3269 2572 3600 2638 κατωτέρω·
3647 2584 3664 2617 ι
3697 2564 3788 2619 Καὶ

2247 2658 2374 2712 ἔνθα
2406 2661 2504 2728 μὲν
2535 2656 2605 2730 ἦν
2634 2661 2900 2726 κίνδυνος,
2928 2663 3023 2716 καὶ
3043 2661 3174 2718 ἔνθα
3197 2663 3507 2730 οἰκονομία,
3529 2662 3558 2714 ό
3585 2661 3786 2729 Πέτρος’

2243 2751 2370 2804 ἔνθα
2405 2752 2460 2805 δὲ
2484 2753 2730 2822 γαλήνης
2755 2753 2826 2806 τὰ
2851 2753 3152 2824 πράγματα
3183 2755 3366 2823 γέμει,
3399 2756 3558 2824 κοινῇ
3587 2753 3786 2812 πάντες.

2245 2843 2432 2906 Οὕτως
2465 2845 2565 2896 οὐκ
2593 2842 2793 2913 ἀπῄτει
2825 2846 2994 2916 τιμὴν
3035 2847 3260 2915 μείζονα
3309 2865 3328 2900 ³
3367 2849 3482 2900 Καὶ
3519 2849 3578 2900 δν
3619 2849 3681 2918 τῇ
3711 2841 3788 2914 πη.

2242 2936 2430 3005 ὁμιλίᾳ
2477 2935 2556 2999 είς
2607 2937 2700 2989 τὸν
2752 2937 3026 3008 Ἰωάννην,
3079 2938 3450 3008 ἐξηγούμενος
3499 2941 3672 2992 ἐκεῖνο
3707 2936 3788 2989 τοῦ

2242 3028 2474 3098 ἐσχάτου
2527 3029 2826 3098 κεφαλαίου
2847 3047 2862 3063 ·
2895 3031 3092 3099 Κύριε,
3117 3027 3288 3097 οὗτος
3333 3031 3401 3086 δὲ
3430 3033 3492 3086 τι
3511 3051 3532 3099 ;
3568 3050 3588 3083 ι
3634 3033 3788 3092 Ἐπεὶ,

568 3133 724 3200 φησὶ,
773 3130 851 3200 τῷ
890 3131 1085 3199 Πέτρῳ
1137 3125 1350 3197 μεγάλα
1385 3126 1650 3196 προεῖπεν
1680 3124 1708 3176 ὁ
1739 3125 1996 3192 Χριστὸς,
2044 3125 2139 3177 καὶ
2175 3123 2273 3194 τὴν
2310 3127 2637 3198 οἰκουμένην
2669 3129 3022 3200 ὲνεχρείρισε·
3063 3147 3082 3180 ι
3149 3129 3262 3183 Καὶ
3291 3129 3478 3200 μικρῷ
3551 3129 3787 3201 πρόσθεν·

574 3241 591 3274 ι
625 3221 792 3283 Οὗτος
821 3223 848 3273 ὁ
876 3220 1080 3288 Πέτρος
1127 3219 1228 3286 τὴν
1263 3215 1598 3288 προστασίαν
1639 3214 1994 3284 ἑνεπιστεύθη
2025 3215 2135 3268 τῶν
2173 3216 2444 3287 ἀδελφῶν.
2475 3239 2493 3271 ι

639 3317 765 3372 Haec
799 3313 866 3369 de
900 3312 1064 3392 Petro
1098 3320 1206 3366 tam
1242 3311 1546 3380 magniﬁcis
1589 3312 1770 3366 verbis
1801 3312 2132 3382 Cbrysosto-
2161 3325 2200 3378 ο

566 3423 711 3465 mus.
741 3408 818 3462 De
845 3404 1260 3461 successoribus
1297 3419 1428 3458 vero
1458 3403 1606 3458 itane
1639 3403 1910 3458 sentiebat
1947 3415 2004 3458 ut
2039 3405 2136 3458 tu?

565 3499 786 3554 Minime
809 3498 1074 3566 gentium;
1097 3509 1332 3564 namque
1353 3494 1670 3549 innocentia
1693 3510 1844 3564 papa:
1861 3496 2132 3560 scribens,

566 3591 746 3662 primo
791 3588 1015 3659 quidem
1063 3587 1453 3664 miserabiliter
1503 3587 1755 3656 deplorat
1797 3602 2133 3656 quaecunque

563 3696 762 3752 passus
782 3688 902 3734 erat
931 3695 960 3734 ιι
988 3678 1296 3749 Theophilo
1317 3678 1724 3744 Alexandrino;
1750 3687 1804 3733 et
1835 3677 1980 3732 inter
2001 3680 2127 3744 alia,

567 3791 588 3824 ι
625 3771 1028 3836 Necessarium,
1060 3769 1260 3839 inquit,
1291 3769 1550 3828 duximus
1593 3770 1928 3839 persuadere
1959 3769 2132 3822 hono-

551 3864 913 3929 Arabilissimis
953 3862 1192 3916 dominis
1237 3861 1396 3926 meis,
1449 3862 1746 3924 Demetrio,
1793 3861 2128 3930 Pansoyhio,

560 3958 744 4026 Pappo
771 3966 826 4013 et
858 3954 1100 4026 Eugenio
1128 3953 1402 4025 episcopis
1431 3968 1578 4008 suas
1625 3953 1785 4008 sedes
1819 3953 2130 4022 relinquere
2179 4011 2184 4017 ,

559 4061 614 4104 ct
663 4061 768 4102 tam
831 4055 984 4102 vasto
1037 4048 1175 4100 mari
1227 4059 1349 4100 sesc
1391 4044 1757 4109 committere,
1801 4044 2130 4112 longamque

559 4139 1055 4210 peregrinationem
1081 4137 1383 4207 suscipere,
1429 4143 1484 4188 et
1515 4133 1583 4189 ad
1625 4146 1856 4189 vestram
1895 4134 2129 4188 cbarita—

559 4242 666 4286 tem
699 4245 1011 4300 properare,
1045 4239 1103 4284 ut
1146 4229 1405 4284 omnibus
1437 4237 1625 4296 aperte
1675 4228 1912 4281 narratis
1954 4242 2128 4283 reme-

557 4324 708 4378 dium
736 4337 899 4390 quam
927 4321 1190 4376 citissime
1215 4319 1567 4374 adhibeatur.
1596 4343 1618 4370 ν
1651 4317 1718 4371 Et
1747 4319 1887 4372 infra
1915 4335 1930 4374 :
1965 4337 1984 4369 ι
2019 4318 2127 4374 Ne-

556 4428 663 4482 quo
692 4413 840 4467 enim
863 4413 974 4482 juri
1017 4422 1448 4465 consentaneum
1473 4418 1613 4474 erat,
1657 4409 1968 4480 (Egyptium
2005 4427 2126 4466 esse

550 4501 790 4573 judicent
824 4499 1180 4554 incolentium
1211 4499 1522 4554 Thraciam.
1560 4517 1578 4549 ι
1619 4498 1723 4554 Et:
1754 4499 1904 4570 Rogo
1943 4501 2124 4555 chari-

557 4603 724 4646 tatem
758 4601 1019 4654 vestram,
1055 4603 1114 4643 ut
1143 4591 1436 4656 excitetur,
1467 4591 1866 4662 condoleatque
1905 4603 1962 4648 et
1988 4593 2124 4648 nihil

477 4737 488 4746 ,
555 4685 940 4756 praetermittat
965 4701 1073 4754 quo
1094 4686 1362 4739 malorum
1385 4685 1457 4738 sit
1483 4686 1632 4740 linis.
1661 4705 1679 4737 ι
1711 4686 1778 4740 Et
1804 4705 1817 4740 :
1840 4687 1946 4744 Ubi
1966 4703 2120 4756 ergo,

557 4778 766 4832 domini
796 4777 902 4830 mei
931 4791 1143 4830 suntme
1172 4775 1505 4842 honorandi,
1541 4780 1907 4845 perveneritis
1942 4779 2009 4834 ad
2041 4795 2124 4834 re-

557 4885 678 4924 rum
711 4869 984 4928 notitiam,
1017 4867 1292 4922 ostendite
1327 4867 1708 4923 fortitudinem
1752 4884 1872 4938 quae
1900 4885 1999 4926 vos
2030 4870 2122 4925 de-

555 4973 662 5028 cet,
685 4970 739 5017 et
761 4961 1004 5016 studium
1035 4960 1220 5028 ponite
1266 4970 1324 5012 ut
1354 4969 1502 5014 tanta
1533 4963 1791 5031 iniquitas
1820 4978 1941 5031 quas
1969 4979 2122 5032 gras-

555 5063 668 5110 sata
704 5061 789 5106 est
827 5051 880 5104 in
913 5051 1192 5106 Ecclesias
1243 5051 1596 5119 reprimatur.
1627 5069 1644 5102 ι
1699 5050 1766 5104 Et
1796 5067 1810 5103 :
1869 5069 1886 5101 ι
1917 5051 1994 5106 Ne
2023 5051 2124 5121 igi—

555 5157 645 5198 tur
683 5152 854 5197 totum
897 5143 1155 5212 pervadat
1183 5141 1375 5195 orbem
1415 5150 1562 5194 tanta
1606 5141 1882 5205 confusio,
1914 5143 2118 5209 scribe,

553 5251 763 5308 quaeso,
799 5243 859 5288 ut
889 5249 1010 5304 quae
1058 5235 1378 5289 absentibus
1426 5233 1590 5288 nobis
1626 5243 1682 5288 et
1707 5235 1976 5304 judicium
2011 5251 2118 5292 non

553 5327 984 5384 detrecmntibus
1027 5326 1160 5380 adeo
1207 5326 1415 5381 nefarie
1445 5336 1596 5395 gesta
1623 5336 1771 5390 sunt,
1803 5326 1972 5380 altera
2005 5336 2122 5381 tan-

553 5433 669 5476 tum
705 5431 856 5490 parte
883 5429 1170 5489 praesente,
1200 5419 1420 5473 nullius.
1443 5419 1553 5473 sint
1588 5420 1802 5473 roboris
1827 5439 1839 5486 ;
1870 5436 1965 5474 eos
1993 5436 2121 5475 vero

553 5513 647 5582 qui
675 5507 944 5582 cjusmOdi
975 5510 1180 5564 scelera
1217 5511 1334 5563 ausi
1381 5518 1530 5574 sunt,
1580 5511 1674 5564 ubi
1719 5513 1954 5566 convicti
2007 5512 2122 5566 lue-

555 5605 688 5670 rint,
733 5601 1230 5656 ecclesiasticarum
1271 5601 1448 5670 legum
1509 5616 1758 5656 censurae
1792 5603 1983 5668 subdi;
2019 5619 2122 5656 uo-

553 5695 641 5746 bis
667 5705 874 5756 autem,
901 5690 995 5758 qui
1039 5691 1094 5742 in
1121 5691 1270 5743 nullo
1295 5691 1524 5744 crimine
1549 5691 1877 5758 deprehensi
1907 5707 2116 5756 sumus,

553 5783 755 5837 nullius
789 5781 866 5836 rei
893 5781 1136 5843 sceleris,
1185 5781 1310 5834 date
1353 5791 1407 5835 ut
1443 5782 1639 5836 vestris
1671 5783 1887 5837 assidue
1918 5784 2119 5836 litteris-

623 5937 642 5968 '
674 5939 804 5992 Luc.
841 5955 970 6002 uti,
1002 5939 1096 5990 5‘2.

2307 3317 2546 3370 Τοιαῦτα
2586 3318 2839 3388 περὶτοῦ
2870 3320 3082 3388 Πέτρου
3129 3323 3528 3396 μεγαληγορῶν
3575 3324 3790 3394 φθέγγε-

2237 3425 2346 3460 ται.
2371 3410 2502 3478 Περὶ
2533 3409 2588 3461 δὲ
2609 3411 2716 3462 τῶν
2737 3412 2994 3482 διαδόχων
3023 3407 3131 3482 ἆρα
3157 3416 3325 3478 οὕτως
3350 3419 3594 3486 ἐφρόνει,
3619 3420 3789 3487 ὥςπερ

2238 3501 2322 3562 σὺ,
2355 3501 2550 3566 Natis;
2583 3503 2851 3572 Οὐδαμῶς
2875 3521 2886 3533 ·
2919 3509 3015 3558 καὶ
3055 3508 3162 3576 γὰρ
3221 3509 3550 3580 Ἰννοκεντίῳ
3579 3513 3788 3580 γράφων

2235 3592 2310 3661 τῷ
2347 3594 2570 3664 πάππα,
2623 3597 2840 3665 πρῶτον
2880 3598 2978 3665 μὲν
3025 3600 3366 3670 ἐκτραγῳδεί
3411 3605 3516 3656 ὅσα.
3569 3603 3790 3657 πέπονθε

2233 3685 2319 3736 διὰ
2353 3685 2613 3754 Θεοφίλου
2659 3685 3098 3758 Ἀλεξανδρείας,
3145 3687 3265 3744 εἶτα
3305 3693 3442 3764 πρὸς
3486 3697 3598 3759 τοῖς
3623 3697 3790 3760 ἄλλοις

2235 3776 2422 3846 φησίν·
2468 3795 2485 3826 ι
2531 3777 2855 3846 Ἀναγκαῖον
2889 3782 3228 3852 ἐνομίσαμεν
3272 3785 3396 3847 τοὺς
3443 3788 3666 3857 κυρίους
3697 3805 3786 3858 μου

2233 3871 2356 3933 τοὺς
2399 3871 2770 3937 τιμιωτάτους
2819 3873 3176 3938 ἐπισκόπους,
3209 3879 3552 3948 Δημήτριον,
3593 3879 3787 3934 Πανσόο

2233 3977 2376 4026 ιριον,
2415 3962 2664 4026 Πάππον,
2711 3964 2810 4016 καὶ
2859 3965 3116 4030 Εὑγένιον
3146 3971 3332 4020 πεῖσαι
3363 3971 3462 4031 τάς
3503 3988 3563 4022 τε
3597 3971 3788 4024 ἑαυτῶν

2230 4053 2472 4116 ἀφεῖναι,
2509 4052 2605 4104 καὶ
2631 4052 2902 4122 πελάγους
2947 4056 3362 4126 κατατολμῆσαι
3395 4061 3676 4124 τοσούτου,
3709 4063 3788 4112 καὶ

2233 4141 2449 4209 μακράν
2486 4139 2797 4211 ἀποδημίαν
2828 4144 3165 4208 στείλασθαι,
3193 4150 3288 4200 καὶ
3319 4148 3454 4218 πρὸς
3487 4151 3587 4219 τὴν
3611 4149 3788 4220 ὑμετέ-

2235 4247 2331 4300 ραν
2359 4234 2696 4302 ἀναδραμεῖν
2726 4235 2970 4304 ἀγάπην,
3006 4237 3097 4290 καὶ
3128 4239 3304 4292 πάντα
3329 4241 3520 4308 σαφῶς
3555 4242 3788 4295 ἀναδιδά-

2231 4323 2424 4388 ξαντας
2457 4326 2723 4396 ταχίστην
2756 4331 3175 4398 παρασκευάσαι
3209 4332 3462 4399 γενέσθαι
3523 4337 3624 4402 τὴν
3651 4335 3782 4402 διόρ-

2229 4415 2416 4470 θωσιν.
2457 4436 2475 4468 ι
2515 4419 2623 4471 Kal
2667 4419 2997 4489 κατωτέρω·
3048 4439 3064 4472 ι
3105 4422 3178 4474 Οὐ
3232 4428 3343 4494 γὰρ
3389 4426 3688 4480 ἀκόλουθον
3727 4422 3786 4495 ἦν

2227 4505 2318 4559 τὸν
2373 4507 2431 4571 ἐξ
2478 4508 2755 4576 Αἰγύπτου
2812 4511 2922 4573 τοῖς
2969 4513 3026 4564 ὲν
3055 4513 3243 4584 Θρᾴκῃ
3298 4515 3564 4580 δικάζειν.
3593 4537 3611 4570 ι
3647 4517 3782 4570 Kal'

2234 4617 2253 4650 ι
2289 4600 2600 4668 Παρακαλῶ
2625 4602 2722 4670 τὴν
2747 4602 3021 4672 ὑμετέραν
3051 4607 3273 4676 ἀγάπην
3305 4607 3680 4680 διαναστῆναι,
3705 4611 3783 4662 καὶ

2229 4691 2585 4758 συναλγῆσαι,
2624 4693 2720 4745 καὶ
2751 4695 2925 4747 πάντα
2958 4697 3201 4766 ποιῆσαι,
3221 4697 3363 4751 ὥστε
3398 4701 3594 4769 στῆναι
3623 4701 3782 4770 ταύτῃ

2227 4785 2298 4836 τά
2325 4787 2488 4840 κακά.
2527 4803 2544 4835 ι
2581 4787 2690 4838 Kal
2714 4799 2728 4816 °
2771 4805 2788 4838 ι
2829 4787 3110 4849 Μαθόντες
3138 4791 3319 4844 τοίνυν
3353 4791 3591 4856 ἅπαντα,
3619 4791 3782 4860 κύριοί

2231 4893 2334 4946 μου
2363 4877 2708 4946 τιμιώτατοι,
2747 4879 2846 4950 τὴν
2881 4885 3262 4950 προσήκουσαν
3291 4885 3420 4953 ὑμῖν
3447 4886 3669 4957 ἀνδρίαν
3697 4885 3783 4936 καὶ

2230 4969 2466 5036 σπουδὴν
2513 4968 2894 5036 ἐπιδείξασθε,
2940 4971 3080 5025 ὥστε
3132 4978 3480 5045 παρανομίαν
3525 4977 3782 5044 τοσαύτην

2227 5057 2651 5112 ἐπεισελθοῦσαν
2671 5063 2791 5124 ταῖς
2830 5063 3180 5134 Ἐκκλησίαις
3207 5067 3544 5122 ἀναστεῖλαι.
3589 5089 3607 5122 ι
3645 5069 3777 5122 Καὶ·

2236 5169 2254 5202 ι
2285 5151 2401 5205 Ἵνα
2439 5151 2516 5221 μὴ
2545 5151 2636 5204 οὖν
2675 5155 2916 5226 τοσαύτη
2949 5156 3213 5225 σύγχυσις
3253 5160 3538 5232 καταλάϐῃ
3577 5165 3672 5231 τὴν
3697 5158 3778 5228 ὑφ’

2229 5245 2602 5314 ήλίῳυπᾶσαν,
2643 5247 2944 5302 ἐπιστεῖλαι
2975 5251 3385 5322 παρακλήθητι,
3425 5253 3491 5307 τά
3523 5255 3623 5324 μὲν
3647 5253 3776 5307 οὕτω

2231 5337 2563 5407 παρανόμοις
2588 5340 2933 5408 γεγενημένα
2964 5341 3217 5396 ἀπόντων
3241 5345 3272 5413 ή
3283 5345 3422 5416 μῶν,
3453 5348 3549 5400 καὶ
3576 5349 3636 5398 ἐκ
3661 5347 3775 5414 μιᾶς

2231 5431 2449 5500 μοίρας,
2483 5434 2575 5485 καὶ
2615 5433 2675 5485 οὐ
2729 5437 3233 5505 παραιτησαμένων
3271 5440 3472 5507 κρίσιν,
3519 5440 3775 5509 μηδεμίαν

2223 5521 2370 5586 ἔχειν
2434 5523 2628 5591 ἰσχύν*
2693 5525 2819 5588 τοῖος
2872 5526 2928 5578 δὲ
2979 5528 3201 5581 τοιαῦτα
3263 5532 3768 5599 παρανομήσαντας,

2224 5609 2634 5676 ἐλεγχομέκους,
2683 5611 2759 5680 τῷ
2808 5615 3074 5684 ἐπιτιμίῳ
3109 5619 3507 5673 ὑποϐάλλεσθαι
3555 5621 3658 5673 τῶν
3691 5621 3772 5670 ὲκ-

2224 5699 2626 5765 κλησιαστικῶν
2655 5705 2834 5772 νόμων
2863 5721 2876 5736 ⁸
2913 5709 3060 5778 ἡμᾶς
3103 5711 3158 5764 δὲ
3215 5713 3342 5774 τοὺς
3389 5715 3484 5782 οὐχ
3535 5713 3768 5774 ἁλόντας,

2221 5789 2321 5840 οὐκ
2375 5791 2793 5862 ἀποδειχθέντας
2852 5797 3209 5866 ὑπευθύνους,
3271 5804 3378 5856 τῶν
3437 5805 3768 5873 γραμμάτων
