  <div class='ocr_page' id='page_1' title='image "/cluster/home/n/w/nwhite01/storage/ocr_20150623/149/mdp.39015078384750/432.png"; bbox 0 0 4088 6294; ppageno 0'>
   <div class='ocr_carea' id='block_1_1' title="bbox 368 301 475 358">
    <p class='ocr_par' dir='ltr' id='par_1_1' title="bbox 368 301 475 358">
     <span class='ocr_line' id='line_1_1' title="bbox 368 301 475 358; baseline -0.047 1"><span class='ocrx_word' id='word_1_1' title='bbox 368 301 475 358; x_wconf 52' lang='lat'><strong>34‘)</strong></span> 
     </span>
    </p>
   </div>
   <div class='ocr_carea' id='block_1_2' title="bbox 1667 300 2330 363">
    <p class='ocr_par' dir='ltr' id='par_1_2' title="bbox 1667 300 2330 363">
     <span class='ocr_line' id='line_1_2' title="bbox 1667 300 2330 363; baseline 0.003 -3"><span class='ocrx_word' id='word_1_2' title='bbox 1667 300 2104 362; x_wconf 78' lang='lat' dir='ltr'><strong>REFUTATIO</strong></span> <span class='ocrx_word' id='word_1_3' title='bbox 2147 301 2330 363; x_wconf 82' lang='lat' dir='ltr'><strong>NiLl.</strong></span> 
     </span>
    </p>
   </div>
   <div class='ocr_carea' id='block_1_3' title="bbox 3516 300 3622 363">
    <p class='ocr_par' dir='ltr' id='par_1_3' title="bbox 3516 300 3622 363">
     <span class='ocr_line' id='line_1_3' title="bbox 3516 300 3622 363; baseline 0.066 -9"><span class='ocrx_word' id='word_1_4' title='bbox 3516 300 3622 363; x_wconf 64' lang='lat'><strong>8.30</strong></span> 
     </span>
    </p>
   </div>
   <div class='ocr_carea' id='block_1_4' title="bbox 365 405 1953 483">
    <p class='ocr_par' dir='ltr' id='par_1_4' title="bbox 365 405 1943 480">
     <span class='ocr_line' id='line_1_4' title="bbox 365 405 1943 480; baseline 0.001 -19"><span class='ocrx_word' id='word_1_5' title='bbox 365 409 475 461; x_wconf 86' lang='grc' dir='ltr'>τῶν</span> <span class='ocrx_word' id='word_1_6' title='bbox 530 405 816 476; x_wconf 79' lang='grc' dir='ltr'>ὑμετέρων</span> <span class='ocrx_word' id='word_1_7' title='bbox 875 409 995 462; x_wconf 82' lang='grc' dir='ltr'><strong>δότε</strong></span> <span class='ocrx_word' id='word_1_8' title='bbox 1046 409 1345 465; x_wconf 80' lang='grc' dir='ltr'><strong>ἀπολαύειν</strong></span> <span class='ocrx_word' id='word_1_9' title='bbox 1396 410 1656 480; x_wconf 76' lang='grc' dir='ltr'>συνεχῶς,</span> <span class='ocrx_word' id='word_1_10' title='bbox 1694 413 1787 464; x_wconf 80' lang='grc' dir='ltr'><strong>καὶ</strong></span> <span class='ocrx_word' id='word_1_11' title='bbox 1841 410 1943 477; x_wconf 84' lang='grc' dir='ltr'>τῆς</span> 
     </span>
    </p>
   </div>
   <div class='ocr_carea' id='block_1_5' title="bbox 2056 405 3622 483">
    <p class='ocr_par' dir='ltr' id='par_1_5' title="bbox 2056 410 3622 481">
     <span class='ocr_line' id='line_1_5' title="bbox 2056 410 3622 481; baseline -0.001 -19"><span class='ocrx_word' id='word_1_12' title='bbox 2056 410 2300 463; x_wconf 74' lang='lat' dir='ltr'><strong>fruamur</strong></span> <span class='ocrx_word' id='word_1_13' title='bbox 2350 419 2404 465; x_wconf 88' lang='lat' dir='ltr'><strong>ct</strong></span> <span class='ocrx_word' id='word_1_14' title='bbox 2455 411 2723 468; x_wconf 89' lang='lat' dir='ltr'><strong>charitate</strong></span> <span class='ocrx_word' id='word_1_15' title='bbox 2775 413 3008 481; x_wconf 77' lang='lat' dir='ltr'><strong>aliisque</strong></span> <span class='ocrx_word' id='word_1_16' title='bbox 3051 411 3332 478; x_wconf 85' lang='lat' dir='ltr'><strong>omnibus,</strong></span> <span class='ocrx_word' id='word_1_17' title='bbox 3377 411 3518 465; x_wconf 90' lang='lat' dir='ltr'><strong>sicut</strong></span> <span class='ocrx_word' id='word_1_18' title='bbox 3565 417 3622 463; x_wconf 89' lang='lat' dir='ltr'><strong>et</strong></span> 
     </span>
    </p>
   </div>
   <div class='ocr_carea' id='block_1_6' title="bbox 367 501 1942 572">
    <p class='ocr_par' dir='ltr' id='par_1_6' title="bbox 367 501 1942 572">
     <span class='ocr_line' id='line_1_6' title="bbox 367 501 1942 572; baseline 0.001 -20"><span class='ocrx_word' id='word_1_19' title='bbox 367 501 614 568; x_wconf 81' lang='grc' dir='ltr'><strong>ἀγάπης,</strong></span> <span class='ocrx_word' id='word_1_20' title='bbox 660 502 754 552; x_wconf 70' lang='grc' dir='ltr'><strong>καὶ</strong></span> <span class='ocrx_word' id='word_1_21' title='bbox 811 501 1032 554; x_wconf 86' lang='grc' dir='ltr'>πάντων</span> <span class='ocrx_word' id='word_1_22' title='bbox 1070 503 1178 554; x_wconf 83' lang='grc' dir='ltr'><strong>τῶν</strong></span> <span class='ocrx_word' id='word_1_23' title='bbox 1233 504 1433 567; x_wconf 85' lang='grc' dir='ltr'>ἄλλων,</span> <span class='ocrx_word' id='word_1_24' title='bbox 1474 502 1664 572; x_wconf 72' lang='grc' dir='ltr'>ὥσπερ</span> <span class='ocrx_word' id='word_1_25' title='bbox 1703 505 1797 556; x_wconf 70' lang='grc' dir='ltr'>καὶ</span> <span class='ocrx_word' id='word_1_26' title='bbox 1845 502 1942 570; x_wconf 77' lang='grc' dir='ltr'><strong>ἔμ-</strong></span> 
     </span>
    </p>
   </div>
   <div class='ocr_carea' id='block_1_7' title="bbox 367 590 1942 664">
    <p class='ocr_par' dir='ltr' id='par_1_7' title="bbox 367 590 1942 664">
     <span class='ocr_line' id='line_1_7' title="bbox 367 590 1942 664; baseline 0.002 -22"><span class='ocrx_word' id='word_1_27' title='bbox 367 590 625 656; x_wconf 88' lang='grc' dir='ltr'>προσθεν.</span> <span class='ocrx_word' id='word_1_28' title='bbox 661 609 679 642; x_wconf 72' lang='grc' dir='ltr'><strong>ι</strong></span> <span class='ocrx_word' id='word_1_29' title='bbox 717 591 870 646; x_wconf 73' lang='grc' dir='ltr'>Μετὰ</span> <span class='ocrx_word' id='word_1_30' title='bbox 901 593 1075 647; x_wconf 87' lang='grc' dir='ltr'>ταῦτα</span> <span class='ocrx_word' id='word_1_31' title='bbox 1119 594 1325 662; x_wconf 80' lang='grc' dir='ltr'>γράφει</span> <span class='ocrx_word' id='word_1_32' title='bbox 1360 597 1387 648; x_wconf 99' lang='lat'><strong>6</strong></span> <span class='ocrx_word' id='word_1_33' title='bbox 1428 593 1718 655; x_wconf 80' lang='grc' dir='ltr'><strong>Θεσπέσιος</strong></span> <span class='ocrx_word' id='word_1_34' title='bbox 1755 593 1942 664; x_wconf 76' lang='grc' dir='ltr'>Πατὴρ</span> 
     </span>
    </p>
   </div>
   <div class='ocr_carea' id='block_1_8' title="bbox 368 679 1938 751">
    <p class='ocr_par' dir='ltr' id='par_1_8' title="bbox 368 679 1938 751">
     <span class='ocr_line' id='line_1_8' title="bbox 368 679 1938 751; baseline 0.003 -21"><span class='ocrx_word' id='word_1_35' title='bbox 368 680 698 748; x_wconf 79' lang='grc' dir='ltr'>ἐτοιμότατα</span> <span class='ocrx_word' id='word_1_36' title='bbox 754 679 900 750; x_wconf 82' lang='grc' dir='ltr'>ἔχειν</span> <span class='ocrx_word' id='word_1_37' title='bbox 929 683 1024 734; x_wconf 85' lang='grc' dir='ltr'><strong>τοῦ</strong></span> <span class='ocrx_word' id='word_1_38' title='bbox 1066 681 1324 750; x_wconf 81' lang='grc' dir='ltr'>κριθῆναι</span> <span class='ocrx_word' id='word_1_39' title='bbox 1371 683 1520 751; x_wconf 80' lang='grc' dir='ltr'><strong>παρά</strong></span> <span class='ocrx_word' id='word_1_40' title='bbox 1557 681 1648 734; x_wconf 89' lang='grc' dir='ltr'><strong>τοῦ</strong></span> <span class='ocrx_word' id='word_1_41' title='bbox 1702 680 1938 740; x_wconf 84' lang='grc' dir='ltr'>πάππα.</span> 
     </span>
    </p>
   </div>
   <div class='ocr_carea' id='block_1_9' title="bbox 370 769 1944 842">
    <p class='ocr_par' dir='ltr' id='par_1_9' title="bbox 370 769 1944 842">
     <span class='ocr_line' id='line_1_9' title="bbox 370 769 1944 842; baseline 0.003 -21"><span class='ocrx_word' id='word_1_42' title='bbox 370 771 469 823; x_wconf 77' lang='grc' dir='ltr'><strong>καὶ</strong></span> <span class='ocrx_word' id='word_1_43' title='bbox 496 769 757 838; x_wconf 82' lang='grc' dir='ltr'>μηδαμῶς</span> <span class='ocrx_word' id='word_1_44' title='bbox 793 771 1016 839; x_wconf 80' lang='grc' dir='ltr'><strong>φεύγειν</strong></span> <span class='ocrx_word' id='word_1_45' title='bbox 1048 772 1107 823; x_wconf 85' lang='grc' dir='ltr'><strong>τὸ</strong></span> <span class='ocrx_word' id='word_1_46' title='bbox 1133 772 1379 826; x_wconf 84' lang='grc' dir='ltr'>τοιοῦτον</span> <span class='ocrx_word' id='word_1_47' title='bbox 1405 773 1715 842; x_wconf 86' lang='grc' dir='ltr'>κριτήριον.</span> <span class='ocrx_word' id='word_1_48' title='bbox 1738 772 1944 842; x_wconf 77' lang='grc' dir='ltr'><strong>Γράφει</strong></span> 
     </span>
    </p>
   </div>
   <div class='ocr_carea' id='block_1_10' title="bbox 367 861 1946 937">
    <p class='ocr_par' dir='ltr' id='par_1_10' title="bbox 367 861 1946 937">
     <span class='ocr_line' id='line_1_10' title="bbox 367 861 1946 937; baseline 0.003 -25"><span class='ocrx_word' id='word_1_49' title='bbox 367 862 462 912; x_wconf 80' lang='grc' dir='ltr'>καὶ</span> <span class='ocrx_word' id='word_1_50' title='bbox 487 861 747 929; x_wconf 79' lang='grc' dir='ltr'><strong>δευτέραν</strong></span> <span class='ocrx_word' id='word_1_51' title='bbox 780 863 914 931; x_wconf 83' lang='grc' dir='ltr'>πρὸς</span> <span class='ocrx_word' id='word_1_52' title='bbox 945 863 1038 915; x_wconf 78' lang='grc' dir='ltr'>τὸν</span> <span class='ocrx_word' id='word_1_53' title='bbox 1073 864 1307 918; x_wconf 82' lang='grc' dir='ltr'>πάππαν</span> <span class='ocrx_word' id='word_1_54' title='bbox 1343 864 1636 937; x_wconf 80' lang='grc' dir='ltr'>ἐπιστολὴν</span> <span class='ocrx_word' id='word_1_55' title='bbox 1682 865 1823 919; x_wconf 89' lang='grc' dir='ltr'>πάνυ</span> <span class='ocrx_word' id='word_1_56' title='bbox 1857 867 1946 916; x_wconf 82' lang='grc' dir='ltr'><strong>εὑ-</strong></span> 
     </span>
    </p>
   </div>
   <div class='ocr_carea' id='block_1_11' title="bbox 369 953 1944 1028">
    <p class='ocr_par' dir='ltr' id='par_1_11' title="bbox 369 953 1944 1028">
     <span class='ocr_line' id='line_1_11' title="bbox 369 953 1944 1028; baseline 0.004 -23"><span class='ocrx_word' id='word_1_57' title='bbox 369 954 651 1023; x_wconf 85' lang='grc' dir='ltr'>χαριστών</span> <span class='ocrx_word' id='word_1_58' title='bbox 683 953 825 1022; x_wconf 75' lang='grc' dir='ltr'>ὑπὲρ</span> <span class='ocrx_word' id='word_1_59' title='bbox 848 955 946 1021; x_wconf 79' lang='grc' dir='ltr'>τῆς</span> <span class='ocrx_word' id='word_1_60' title='bbox 977 957 1413 1027; x_wconf 78' lang='grc' dir='ltr'>καταϐληθείσης</span> <span class='ocrx_word' id='word_1_61' title='bbox 1449 958 1704 1027; x_wconf 84' lang='grc' dir='ltr'>σπουδῆς,</span> <span class='ocrx_word' id='word_1_62' title='bbox 1731 959 1836 1012; x_wconf 77' lang='grc' dir='ltr'><strong>κᾶν</strong></span> <span class='ocrx_word' id='word_1_63' title='bbox 1869 959 1944 1028; x_wconf 84' lang='grc' dir='ltr'>μὴ</span> 
     </span>
    </p>
   </div>
   <div class='ocr_carea' id='block_1_12' title="bbox 369 1043 1944 1117">
    <p class='ocr_par' dir='ltr' id='par_1_12' title="bbox 369 1043 1944 1117">
     <span class='ocr_line' id='line_1_12' title="bbox 369 1043 1944 1117; baseline 0.003 -21"><span class='ocrx_word' id='word_1_64' title='bbox 369 1044 528 1110; x_wconf 79' lang='grc' dir='ltr'>ἔτυχε</span> <span class='ocrx_word' id='word_1_65' title='bbox 577 1043 644 1095; x_wconf 74' lang='grc' dir='ltr'>τὰ</span> <span class='ocrx_word' id='word_1_66' title='bbox 678 1045 984 1114; x_wconf 82' lang='grc' dir='ltr'>πράγματα</span> <span class='ocrx_word' id='word_1_67' title='bbox 1030 1046 1130 1115; x_wconf 78' lang='grc' dir='ltr'>τῆς</span> <span class='ocrx_word' id='word_1_68' title='bbox 1179 1047 1540 1117; x_wconf 75' lang='grc' dir='ltr'><strong>ὀφειλομένης</strong></span> <span class='ocrx_word' id='word_1_69' title='bbox 1585 1045 1944 1116; x_wconf 80' lang='grc' dir='ltr'><strong>διορθώσεως.</strong></span> 
     </span>
    </p>
   </div>
   <div class='ocr_carea' id='block_1_13' title="bbox 383 1136 1946 1209">
    <p class='ocr_par' dir='ltr' id='par_1_13' title="bbox 383 1136 1946 1209">
     <span class='ocr_line' id='line_1_13' title="bbox 383 1136 1946 1209; baseline 0.003 -22"><span class='ocrx_word' id='word_1_70' title='bbox 383 1137 524 1189; x_wconf 76' lang='grc' dir='ltr'>Ἀλλ’</span> <span class='ocrx_word' id='word_1_71' title='bbox 542 1136 636 1188; x_wconf 80' lang='grc' dir='ltr'><strong>οῦν</strong></span> <span class='ocrx_word' id='word_1_72' title='bbox 658 1139 731 1208; x_wconf 80' lang='grc' dir='ltr'>μὴ</span> <span class='ocrx_word' id='word_1_73' title='bbox 754 1137 865 1189; x_wconf 87' lang='grc' dir='ltr'>δεῖν</span> <span class='ocrx_word' id='word_1_74' title='bbox 889 1137 1203 1207; x_wconf 84' lang='grc' dir='ltr'>ἀποκαμεῖν</span> <span class='ocrx_word' id='word_1_75' title='bbox 1227 1139 1316 1192; x_wconf 64' lang='grc' dir='ltr'>τὸν</span> <span class='ocrx_word' id='word_1_76' title='bbox 1341 1139 1595 1192; x_wconf 87' lang='grc' dir='ltr'>πάππαν·</span> <span class='ocrx_word' id='word_1_77' title='bbox 1621 1139 1946 1209; x_wconf 81' lang='grc' dir='ltr'>προκεῖσθαι</span> 
     </span>
    </p>
   </div>
   <div class='ocr_carea' id='block_1_14' title="bbox 370 1227 1949 1299">
    <p class='ocr_par' dir='ltr' id='par_1_14' title="bbox 370 1227 1949 1299">
     <span class='ocr_line' id='line_1_14' title="bbox 370 1227 1949 1299; baseline 0.003 -21"><span class='ocrx_word' id='word_1_78' title='bbox 370 1228 479 1296; x_wconf 81' lang='grc' dir='ltr'><strong>γάρ</strong></span> <span class='ocrx_word' id='word_1_79' title='bbox 511 1227 662 1296; x_wconf 80' lang='grc' dir='ltr'>αὐτῷ</span> <span class='ocrx_word' id='word_1_80' title='bbox 691 1229 882 1292; x_wconf 83' lang='grc' dir='ltr'>ἀγῶνα</span> <span class='ocrx_word' id='word_1_81' title='bbox 932 1228 1348 1299; x_wconf 81' lang='grc' dir='ltr'><strong>ταραττομένης</strong></span> <span class='ocrx_word' id='word_1_82' title='bbox 1400 1229 1586 1299; x_wconf 77' lang='grc' dir='ltr'>σχεδὸν</span> <span class='ocrx_word' id='word_1_83' title='bbox 1634 1230 1733 1294; x_wconf 83' lang='grc' dir='ltr'>τῆς</span> <span class='ocrx_word' id='word_1_84' title='bbox 1769 1233 1949 1282; x_wconf 86' lang='grc' dir='ltr'>οἰκου-</span> 
     </span>
    </p>
   </div>
   <div class='ocr_carea' id='block_1_15' title="bbox 375 1320 1176 1396">
    <p class='ocr_par' dir='ltr' id='par_1_15' title="bbox 375 1320 1176 1396">
     <span class='ocr_line' id='line_1_15' title="bbox 375 1320 1176 1396; baseline 0.002 -25"><span class='ocrx_word' id='word_1_85' title='bbox 375 1321 545 1389; x_wconf 83' lang='grc' dir='ltr'>μένης</span> <span class='ocrx_word' id='word_1_86' title='bbox 583 1320 824 1390; x_wconf 86' lang='grc' dir='ltr'>ἀπάσης.</span> <span class='ocrx_word' id='word_1_87' title='bbox 1174 1393 1176 1396; x_wconf 21' lang='grc' dir='ltr'><strong>Ι</strong></span> 
     </span>
    </p>
   </div>
   <div class='ocr_carea' id='block_1_16' title="bbox 448 1404 1945 1488">
    <p class='ocr_par' dir='ltr' id='par_1_16' title="bbox 448 1404 1945 1488">
     <span class='ocr_line' id='line_1_16' title="bbox 448 1404 1945 1488; baseline 0.005 -25"><span class='ocrx_word' id='word_1_88' title='bbox 448 1410 588 1480; x_wconf 84' lang='grc' dir='ltr'>Τρία</span> <span class='ocrx_word' id='word_1_89' title='bbox 617 1412 751 1478; x_wconf 88' lang='grc' dir='ltr'>γοῦν</span> <span class='ocrx_word' id='word_1_90' title='bbox 782 1415 897 1468; x_wconf 77' lang='grc' dir='ltr'>ἐστι</span> <span class='ocrx_word' id='word_1_91' title='bbox 932 1414 1120 1469; x_wconf 78' lang='grc' dir='ltr'>λαϐεῖν</span> <span class='ocrx_word' id='word_1_92' title='bbox 1167 1404 1377 1471; x_wconf 73' lang='grc' dir='ltr'>ἐκτῶν</span> <span class='ocrx_word' id='word_1_93' title='bbox 1407 1417 1504 1470; x_wconf 88' lang='grc' dir='ltr'><strong>τοῦ</strong></span> <span class='ocrx_word' id='word_1_94' title='bbox 1550 1419 1945 1488; x_wconf 86' lang='grc' dir='ltr'>Χρυσοστόμου</span> 
     </span>
    </p>
   </div>
   <div class='ocr_carea' id='block_1_17' title="bbox 375 1503 1946 1580">
    <p class='ocr_par' dir='ltr' id='par_1_17' title="bbox 375 1503 1946 1580">
     <span class='ocr_line' id='line_1_17' title="bbox 375 1503 1946 1580; baseline 0.006 -27"><span class='ocrx_word' id='word_1_95' title='bbox 375 1503 568 1570; x_wconf 70' lang='grc' dir='ltr'>φωνῶν</span> <span class='ocrx_word' id='word_1_96' title='bbox 592 1517 606 1532; x_wconf 83' lang='lat'><strong><em>°</em></strong></span> <span class='ocrx_word' id='word_1_97' title='bbox 668 1504 750 1556; x_wconf 82' lang='grc' dir='ltr'><strong>ὅτι</strong></span> <span class='ocrx_word' id='word_1_98' title='bbox 777 1505 878 1556; x_wconf 84' lang='grc' dir='ltr'><strong>οὐκ</strong></span> <span class='ocrx_word' id='word_1_99' title='bbox 908 1506 1150 1577; x_wconf 74' lang='grc' dir='ltr'>ἐνείχετο</span> <span class='ocrx_word' id='word_1_100' title='bbox 1178 1510 1205 1561; x_wconf 81' lang='grc' dir='ltr'><strong>δ</strong></span> <span class='ocrx_word' id='word_1_101' title='bbox 1239 1509 1628 1578; x_wconf 83' lang='grc' dir='ltr'>Χρυσόστομος</span> <span class='ocrx_word' id='word_1_102' title='bbox 1660 1509 1946 1580; x_wconf 84' lang='grc' dir='ltr'>κρίνεσθαι</span> 
     </span>
    </p>
   </div>
   <div class='ocr_carea' id='block_1_18' title="bbox 374 1594 1948 1672">
    <p class='ocr_par' dir='ltr' id='par_1_18' title="bbox 374 1594 1948 1672">
     <span class='ocr_line' id='line_1_18' title="bbox 374 1594 1948 1672; baseline 0.007 -28"><span class='ocrx_word' id='word_1_103' title='bbox 374 1594 480 1645; x_wconf 85' lang='grc' dir='ltr'>ὑπὸ</span> <span class='ocrx_word' id='word_1_104' title='bbox 509 1595 602 1647; x_wconf 85' lang='grc' dir='ltr'><strong>τοῦ</strong></span> <span class='ocrx_word' id='word_1_105' title='bbox 641 1595 1074 1667; x_wconf 82' lang='grc' dir='ltr'>Ἀλεξανδρείας·</span> <span class='ocrx_word' id='word_1_106' title='bbox 1107 1601 1189 1653; x_wconf 82' lang='grc' dir='ltr'><strong>ὅτι</strong></span> <span class='ocrx_word' id='word_1_107' title='bbox 1210 1601 1550 1654; x_wconf 76' lang='grc' dir='ltr'>ἐπικαλεῖται</span> <span class='ocrx_word' id='word_1_108' title='bbox 1580 1602 1640 1654; x_wconf 83' lang='grc' dir='ltr'><strong>τὸ</strong></span> <span class='ocrx_word' id='word_1_109' title='bbox 1663 1603 1948 1672; x_wconf 86' lang='grc' dir='ltr'>κριτήριον</span> 
     </span>
    </p>
   </div>
   <div class='ocr_carea' id='block_1_19' title="bbox 371 1685 1945 1766">
    <p class='ocr_par' dir='ltr' id='par_1_19' title="bbox 371 1685 1945 1766">
     <span class='ocr_line' id='line_1_19' title="bbox 371 1685 1945 1766; baseline 0.006 -29"><span class='ocrx_word' id='word_1_110' title='bbox 371 1685 471 1738; x_wconf 86' lang='grc' dir='ltr'><strong>τοῦ</strong></span> <span class='ocrx_word' id='word_1_111' title='bbox 503 1688 726 1754; x_wconf 82' lang='grc' dir='ltr'>πάππα,</span> <span class='ocrx_word' id='word_1_112' title='bbox 763 1690 851 1742; x_wconf 78' lang='grc' dir='ltr'>ἵνα</span> <span class='ocrx_word' id='word_1_113' title='bbox 881 1693 982 1760; x_wconf 78' lang='grc' dir='ltr'>τῆς</span> <span class='ocrx_word' id='word_1_114' title='bbox 1012 1693 1197 1746; x_wconf 80' lang='grc' dir='ltr'>ἀδίκου</span> <span class='ocrx_word' id='word_1_115' title='bbox 1225 1694 1457 1764; x_wconf 87' lang='grc' dir='ltr'>κρίσεως</span> <span class='ocrx_word' id='word_1_116' title='bbox 1495 1695 1806 1766; x_wconf 79' lang='grc' dir='ltr'>ἀπαλλαγῇ·</span> <span class='ocrx_word' id='word_1_117' title='bbox 1843 1696 1945 1761; x_wconf 86' lang='grc' dir='ltr'>ὅτι,</span> 
     </span>
    </p>
   </div>
   <div class='ocr_carea' id='block_1_20' title="bbox 371 1776 1946 1856">
    <p class='ocr_par' dir='ltr' id='par_1_20' title="bbox 371 1776 1946 1856">
     <span class='ocr_line' id='line_1_20' title="bbox 371 1776 1946 1856; baseline 0.008 -27"><span class='ocrx_word' id='word_1_118' title='bbox 371 1782 787 1851; x_wconf 79' lang='grc' dir='ltr'>ταραττομένης</span> <span class='ocrx_word' id='word_1_119' title='bbox 846 1784 946 1855; x_wconf 78' lang='grc' dir='ltr'>τῆς</span> <span class='ocrx_word' id='word_1_120' title='bbox 996 1787 1385 1856; x_wconf 81' lang='grc' dir='ltr'>οἰκουμενικῆς</span> <span class='ocrx_word' id='word_1_121' title='bbox 1451 1776 1798 1856; x_wconf 85' lang='grc' dir='ltr'>Ἐκκλησίας,</span> <span class='ocrx_word' id='word_1_122' title='bbox 1853 1788 1946 1841; x_wconf 80' lang='grc' dir='ltr'><strong>τὸν</strong></span> 
     </span>
    </p>
   </div>
   <div class='ocr_carea' id='block_1_21' title="bbox 2046 499 3625 569">
    <p class='ocr_par' dir='ltr' id='par_1_21' title="bbox 2046 499 3625 569">
     <span class='ocr_line' id='line_1_21' title="bbox 2046 499 3625 569; baseline -0.002 -15"><span class='ocrx_word' id='word_1_123' title='bbox 2046 511 2232 554; x_wconf 89' lang='lat' dir='ltr'><strong>antea.</strong></span> <span class='ocrx_word' id='word_1_124' title='bbox 2267 519 2285 551; x_wconf 77' lang='grc' dir='ltr'><strong>ι</strong></span> <span class='ocrx_word' id='word_1_125' title='bbox 2331 499 2531 556; x_wconf 86' lang='lat' dir='ltr'><strong>Subdit</strong></span> <span class='ocrx_word' id='word_1_126' title='bbox 2583 501 2784 557; x_wconf 89' lang='lat' dir='ltr'><strong>deinde</strong></span> <span class='ocrx_word' id='word_1_127' title='bbox 2831 512 3058 557; x_wconf 85' lang='lat' dir='ltr'><strong>sanctus</strong></span> <span class='ocrx_word' id='word_1_128' title='bbox 3108 501 3290 565; x_wconf 82' lang='lat' dir='ltr'><strong>Pater,</strong></span> <span class='ocrx_word' id='word_1_129' title='bbox 3339 499 3625 569; x_wconf 84' lang='lat' dir='ltr'><strong>paratissi-</strong></span> 
     </span>
    </p>
   </div>
   <div class='ocr_carea' id='block_1_22' title="bbox 2048 591 3623 663">
    <p class='ocr_par' dir='ltr' id='par_1_22' title="bbox 2048 591 3623 663">
     <span class='ocr_line' id='line_1_22' title="bbox 2048 591 3623 663; baseline -0.001 -18"><span class='ocrx_word' id='word_1_130' title='bbox 2048 605 2198 645; x_wconf 88' lang='lat' dir='ltr'><strong>mum</strong></span> <span class='ocrx_word' id='word_1_131' title='bbox 2242 606 2301 647; x_wconf 89' lang='lat' dir='ltr'><strong>se</strong></span> <span class='ocrx_word' id='word_1_132' title='bbox 2345 608 2466 648; x_wconf 85' lang='lat' dir='ltr'><strong>esse</strong></span> <span class='ocrx_word' id='word_1_133' title='bbox 2513 593 2579 647; x_wconf 90' lang='lat' dir='ltr'><strong>ad</strong></span> <span class='ocrx_word' id='word_1_134' title='bbox 2634 593 2983 648; x_wconf 66' lang='lat' dir='ltr'><strong>subeundum</strong></span> <span class='ocrx_word' id='word_1_135' title='bbox 3041 609 3195 663; x_wconf 64' lang='lat' dir='ltr'><strong>papae</strong></span> <span class='ocrx_word' id='word_1_136' title='bbox 3224 591 3519 660; x_wconf 86' lang='lat' dir='ltr'><strong>judicium,</strong></span> <span class='ocrx_word' id='word_1_137' title='bbox 3569 598 3623 644; x_wconf 87' lang='lat' dir='ltr'><strong>ct</strong></span> 
     </span>
    </p>
   </div>
   <div class='ocr_carea' id='block_1_23' title="bbox 2046 670 3623 754">
    <p class='ocr_par' dir='ltr' id='par_1_23' title="bbox 2046 670 3623 754">
     <span class='ocr_line' id='line_1_23' title="bbox 2046 670 3623 754; baseline -0.003 -16"><span class='ocrx_word' id='word_1_138' title='bbox 2046 683 2164 754; x_wconf 87' lang='lat' dir='ltr'><strong>ejus</strong></span> <span class='ocrx_word' id='word_1_139' title='bbox 2202 683 2438 739; x_wconf 86' lang='lat' dir='ltr'><strong>tribunal</strong></span> <span class='ocrx_word' id='word_1_140' title='bbox 2465 701 2524 739; x_wconf 89' lang='lat' dir='ltr'><strong>se</strong></span> <span class='ocrx_word' id='word_1_141' title='bbox 2556 685 2703 740; x_wconf 87' lang='lat' dir='ltr'><strong>nullo</strong></span> <span class='ocrx_word' id='word_1_142' title='bbox 2732 670 3191 740; x_wconf 54' lang='lat' dir='ltr'><strong>modo‘devita&#39;re.</strong></span> <span class='ocrx_word' id='word_1_143' title='bbox 3222 682 3426 738; x_wconf 90' lang='lat' dir='ltr'><strong>Scribit</strong></span> <span class='ocrx_word' id='word_1_144' title='bbox 3449 690 3507 736; x_wconf 78' lang='lat' dir='ltr'><strong>et</strong></span> <span class='ocrx_word' id='word_1_145' title='bbox 3543 681 3623 733; x_wconf 89' lang='lat' dir='ltr'><strong>al-</strong></span> 
     </span>
    </p>
   </div>
   <div class='ocr_carea' id='block_1_24' title="bbox 2050 771 3620 845">
    <p class='ocr_par' dir='ltr' id='par_1_24' title="bbox 2050 771 3620 845">
     <span class='ocr_line' id='line_1_24' title="bbox 2050 771 3620 845; baseline -0.005 -15"><span class='ocrx_word' id='word_1_146' title='bbox 2050 782 2222 830; x_wconf 85' lang='lat' dir='ltr'><strong>teram</strong></span> <span class='ocrx_word' id='word_1_147' title='bbox 2255 775 2543 844; x_wconf 76' lang='lat' dir='ltr'><strong>epistolam</strong></span> <span class='ocrx_word' id='word_1_148' title='bbox 2587 775 2652 830; x_wconf 91' lang='lat' dir='ltr'><strong>ad</strong></span> <span class='ocrx_word' id='word_1_149' title='bbox 2700 776 2955 830; x_wconf 91' lang='lat' dir='ltr'><strong>eumdem</strong></span> <span class='ocrx_word' id='word_1_150' title='bbox 2991 791 3211 845; x_wconf 85' lang='lat' dir='ltr'><strong>papam,</strong></span> <span class='ocrx_word' id='word_1_151' title='bbox 3259 771 3478 842; x_wconf 76' lang='lat' dir='ltr'><strong>agitque</strong></span> <span class='ocrx_word' id='word_1_152' title='bbox 3509 787 3620 823; x_wconf 87' lang='lat' dir='ltr'><strong>ma-</strong></span> 
     </span>
    </p>
   </div>
   <div class='ocr_carea' id='block_1_25' title="bbox 2047 865 3618 938">
    <p class='ocr_par' dir='ltr' id='par_1_25' title="bbox 2047 865 3618 938">
     <span class='ocr_line' id='line_1_25' title="bbox 2047 865 3618 938; baseline -0.004 -17"><span class='ocrx_word' id='word_1_153' title='bbox 2047 882 2182 936; x_wconf 82' lang='lat' dir='ltr'><strong>gnas</strong></span> <span class='ocrx_word' id='word_1_154' title='bbox 2207 869 2410 938; x_wconf 76' lang='lat' dir='ltr'><strong>gratias</strong></span> <span class='ocrx_word' id='word_1_155' title='bbox 2444 885 2543 938; x_wconf 93' lang='lat' dir='ltr'><strong>pro</strong></span> <span class='ocrx_word' id='word_1_156' title='bbox 2574 869 2755 924; x_wconf 86' lang='lat' dir='ltr'><strong>studio</strong></span> <span class='ocrx_word' id='word_1_157' title='bbox 2799 870 3020 931; x_wconf 90' lang='lat' dir='ltr'><strong>collato,</strong></span> <span class='ocrx_word' id='word_1_158' title='bbox 3071 868 3324 937; x_wconf 79' lang='lat' dir='ltr'><strong>quamvis</strong></span> <span class='ocrx_word' id='word_1_159' title='bbox 3351 865 3618 920; x_wconf 87' lang='lat' dir='ltr'><strong>subsecu-</strong></span> 
     </span>
    </p>
   </div>
   <div class='ocr_carea' id='block_1_26' title="bbox 2049 957 3619 1030">
    <p class='ocr_par' dir='ltr' id='par_1_26' title="bbox 2049 957 3619 1030">
     <span class='ocr_line' id='line_1_26' title="bbox 2049 957 3619 1030; baseline -0.002 -18"><span class='ocrx_word' id='word_1_160' title='bbox 2049 966 2164 1013; x_wconf 88' lang='lat' dir='ltr'><strong>tum</strong></span> <span class='ocrx_word' id='word_1_161' title='bbox 2201 975 2312 1014; x_wconf 91' lang='lat' dir='ltr'><strong>non</strong></span> <span class='ocrx_word' id='word_1_162' title='bbox 2335 973 2482 1015; x_wconf 85' lang='lat' dir='ltr'><strong>esset</strong></span> <span class='ocrx_word' id='word_1_163' title='bbox 2513 961 2838 1027; x_wconf 88' lang='lat' dir='ltr'><strong>remedium,</strong></span> <span class='ocrx_word' id='word_1_164' title='bbox 2878 961 3022 1028; x_wconf 88' lang='lat' dir='ltr'><strong>quod</strong></span> <span class='ocrx_word' id='word_1_165' title='bbox 3069 975 3210 1030; x_wconf 92' lang='lat' dir='ltr'><strong>opus</strong></span> <span class='ocrx_word' id='word_1_166' title='bbox 3259 967 3395 1014; x_wconf 90' lang='lat' dir='ltr'><strong>erat.</strong></span> <span class='ocrx_word' id='word_1_167' title='bbox 3442 957 3619 1025; x_wconf 73' lang='lat' dir='ltr'><strong>Rugat</strong></span> 
     </span>
    </p>
   </div>
   <div class='ocr_carea' id='block_1_27' title="bbox 2050 1049 3620 1122">
    <p class='ocr_par' dir='ltr' id='par_1_27' title="bbox 2050 1049 3620 1122">
     <span class='ocr_line' id='line_1_27' title="bbox 2050 1049 3620 1122; baseline -0.003 -18"><span class='ocrx_word' id='word_1_168' title='bbox 2050 1058 2232 1105; x_wconf 86' lang='lat' dir='ltr'><strong>tamen</strong></span> <span class='ocrx_word' id='word_1_169' title='bbox 2269 1066 2336 1106; x_wconf 91' lang='lat' dir='ltr'><strong>ne</strong></span> <span class='ocrx_word' id='word_1_170' title='bbox 2367 1067 2506 1122; x_wconf 89' lang='lat' dir='ltr'><strong>papa</strong></span> <span class='ocrx_word' id='word_1_171' title='bbox 2533 1067 2753 1107; x_wconf 87' lang='lat' dir='ltr'><strong>causam</strong></span> <span class='ocrx_word' id='word_1_172' title='bbox 2779 1052 3029 1119; x_wconf 87' lang='lat' dir='ltr'><strong>deserat;</strong></span> <span class='ocrx_word' id='word_1_173' title='bbox 3056 1051 3391 1121; x_wconf 89' lang='lat' dir='ltr'><strong>propositum</strong></span> <span class='ocrx_word' id='word_1_174' title='bbox 3417 1049 3620 1116; x_wconf 88' lang='lat' dir='ltr'><strong>quippe</strong></span> 
     </span>
    </p>
   </div>
   <div class='ocr_carea' id='block_1_28' title="bbox 2049 1141 3622 1210">
    <p class='ocr_par' dir='ltr' id='par_1_28' title="bbox 2049 1141 3622 1210">
     <span class='ocr_line' id='line_1_28' title="bbox 2049 1141 3622 1210; baseline -0.004 -13"><span class='ocrx_word' id='word_1_175' title='bbox 2049 1141 2130 1197; x_wconf 89' lang='lat' dir='ltr'><strong>illi</strong></span> <span class='ocrx_word' id='word_1_176' title='bbox 2161 1157 2282 1197; x_wconf 87' lang='lat' dir='ltr'><strong>esse</strong></span> <span class='ocrx_word' id='word_1_177' title='bbox 2315 1153 2614 1210; x_wconf 85' lang='lat' dir='ltr'><strong>certamen,</strong></span> <span class='ocrx_word' id='word_1_178' title='bbox 2668 1144 3033 1200; x_wconf 88' lang='lat' dir='ltr'><strong>interturbato</strong></span> <span class='ocrx_word' id='word_1_179' title='bbox 3065 1143 3179 1199; x_wconf 78' lang='lat' dir='ltr'><strong>fere</strong></span> <span class='ocrx_word' id='word_1_180' title='bbox 3225 1142 3481 1198; x_wconf 88' lang='lat' dir='ltr'><strong>universo</strong></span> <span class='ocrx_word' id='word_1_181' title='bbox 3513 1149 3622 1193; x_wconf 88' lang='lat' dir='ltr'><strong>ter-</strong></span> 
     </span>
    </p>
   </div>
   <div class='ocr_carea' id='block_1_29' title="bbox 2050 1237 2416 1291">
    <p class='ocr_par' dir='ltr' id='par_1_29' title="bbox 2050 1237 2416 1291">
     <span class='ocr_line' id='line_1_29' title="bbox 2050 1237 2416 1291; baseline 0.008 -3"><span class='ocrx_word' id='word_1_182' title='bbox 2050 1251 2234 1291; x_wconf 89' lang='lat' dir='ltr'><strong>rarum</strong></span> <span class='ocrx_word' id='word_1_183' title='bbox 2259 1237 2416 1291; x_wconf 91' lang='lat' dir='ltr'><strong>orbe.</strong></span> 
     </span>
    </p>
   </div>
   <div class='ocr_carea' id='block_1_30' title="bbox 2119 1412 3616 1487">
    <p class='ocr_par' dir='ltr' id='par_1_30' title="bbox 2119 1412 3616 1487">
     <span class='ocr_line' id='line_1_30' title="bbox 2119 1412 3616 1487; baseline -0.006 -16"><span class='ocrx_word' id='word_1_184' title='bbox 2119 1417 2197 1471; x_wconf 78' lang='lat' dir='ltr'><strong>Ex</strong></span> <span class='ocrx_word' id='word_1_185' title='bbox 2246 1417 2448 1486; x_wconf 89' lang='lat' dir='ltr'><strong>quibus</strong></span> <span class='ocrx_word' id='word_1_186' title='bbox 2491 1416 2868 1487; x_wconf 87' lang='lat' dir='ltr'><strong>Chrysostomi</strong></span> <span class='ocrx_word' id='word_1_187' title='bbox 2923 1415 3108 1470; x_wconf 85' lang='lat' dir='ltr'><strong>verbis</strong></span> <span class='ocrx_word' id='word_1_188' title='bbox 3159 1413 3261 1467; x_wconf 88' lang='lat' dir='ltr'><strong>tria</strong></span> <span class='ocrx_word' id='word_1_189' title='bbox 3313 1412 3616 1467; x_wconf 84' lang='lat' dir='ltr'><strong>habemus:</strong></span> 
     </span>
    </p>
   </div>
   <div class='ocr_carea' id='block_1_31' title="bbox 2050 1503 3618 1581">
    <p class='ocr_par' dir='ltr' id='par_1_31' title="bbox 2050 1503 3618 1581">
     <span class='ocr_line' id='line_1_31' title="bbox 2050 1503 3618 1581; baseline -0.004 -20"><span class='ocrx_word' id='word_1_190' title='bbox 2050 1509 2193 1577; x_wconf 89' lang='lat' dir='ltr'><strong>quod</strong></span> <span class='ocrx_word' id='word_1_191' title='bbox 2226 1524 2334 1562; x_wconf 91' lang='lat' dir='ltr'><strong>non</strong></span> <span class='ocrx_word' id='word_1_192' title='bbox 2367 1508 2576 1562; x_wconf 73' lang='lat' dir='ltr'><strong>ferebat</strong></span> <span class='ocrx_word' id='word_1_193' title='bbox 2605 1508 3033 1581; x_wconf 88' lang='lat' dir='ltr'><strong>Chrysostomus</strong></span> <span class='ocrx_word' id='word_1_194' title='bbox 3065 1523 3124 1562; x_wconf 89' lang='lat' dir='ltr'><strong>se</strong></span> <span class='ocrx_word' id='word_1_195' title='bbox 3149 1507 3217 1560; x_wconf 88' lang='lat' dir='ltr'><strong>ab</strong></span> <span class='ocrx_word' id='word_1_196' title='bbox 3249 1503 3618 1560; x_wconf 78' lang='lat' dir='ltr'><strong>Alexandrino</strong></span> 
     </span>
    </p>
   </div>
   <div class='ocr_carea' id='block_1_32' title="bbox 2047 1595 3622 1670">
    <p class='ocr_par' dir='ltr' id='par_1_32' title="bbox 2047 1595 3622 1670">
     <span class='ocr_line' id='line_1_32' title="bbox 2047 1595 3622 1670; baseline -0.015 0"><span class='ocrx_word' id='word_1_197' title='bbox 2047 1600 2306 1670; x_wconf 69' lang='lat' dir='ltr'><strong>iudicari;</strong></span> <span class='ocrx_word' id='word_1_198' title='bbox 2344 1599 2491 1669; x_wconf 85' lang='lat' dir='ltr'><strong>quod</strong></span> <span class='ocrx_word' id='word_1_199' title='bbox 2539 1600 2775 1669; x_wconf 82' lang='lat' dir='ltr'><strong>appellat</strong></span> <span class='ocrx_word' id='word_1_200' title='bbox 2807 1616 2958 1669; x_wconf 75' lang='lat' dir='ltr'><strong>papa:</strong></span> <span class='ocrx_word' id='word_1_201' title='bbox 2994 1599 3290 1670; x_wconf 86' lang='lat' dir='ltr'><strong>judicium,</strong></span> <span class='ocrx_word' id='word_1_202' title='bbox 3331 1607 3391 1651; x_wconf 94' lang='lat' dir='ltr'><strong>ut</strong></span> <span class='ocrx_word' id='word_1_203' title='bbox 3417 1611 3475 1651; x_wconf 88' lang='lat' dir='ltr'><strong>se</strong></span> <span class='ocrx_word' id='word_1_204' title='bbox 3517 1595 3622 1648; x_wconf 88' lang='lat' dir='ltr'><strong>ini-</strong></span> 
     </span>
    </p>
   </div>
   <div class='ocr_carea' id='block_1_33' title="bbox 2052 1686 3622 1759">
    <p class='ocr_par' dir='ltr' id='par_1_33' title="bbox 2052 1686 3622 1759">
     <span class='ocr_line' id='line_1_33' title="bbox 2052 1686 3622 1759; baseline -0.003 -17"><span class='ocrx_word' id='word_1_205' title='bbox 2052 1704 2163 1758; x_wconf 88' lang='lat' dir='ltr'><strong>quo</strong></span> <span class='ocrx_word' id='word_1_206' title='bbox 2188 1689 2398 1757; x_wconf 84' lang='lat' dir='ltr'><strong>judicio</strong></span> <span class='ocrx_word' id='word_1_207' title='bbox 2433 1689 2724 1753; x_wconf 86' lang='lat' dir='ltr'><strong>liberaret;</strong></span> <span class='ocrx_word' id='word_1_208' title='bbox 2779 1689 2948 1759; x_wconf 89' lang='lat' dir='ltr'><strong>quod,</strong></span> <span class='ocrx_word' id='word_1_209' title='bbox 2995 1689 3214 1744; x_wconf 89' lang='lat' dir='ltr'><strong>turbata</strong></span> <span class='ocrx_word' id='word_1_210' title='bbox 3266 1703 3361 1757; x_wconf 89' lang='lat' dir='ltr'><strong>per</strong></span> <span class='ocrx_word' id='word_1_211' title='bbox 3403 1686 3622 1740; x_wconf 87' lang='lat' dir='ltr'><strong>univer-</strong></span> 
     </span>
    </p>
   </div>
   <div class='ocr_carea' id='block_1_34' title="bbox 2049 1778 3619 1851">
    <p class='ocr_par' dir='ltr' id='par_1_34' title="bbox 2049 1778 3619 1851">
     <span class='ocr_line' id='line_1_34' title="bbox 2049 1778 3619 1851; baseline -0.003 -17"><span class='ocrx_word' id='word_1_212' title='bbox 2049 1796 2168 1835; x_wconf 91' lang='lat' dir='ltr'><strong>sum</strong></span> <span class='ocrx_word' id='word_1_213' title='bbox 2195 1781 2387 1836; x_wconf 87' lang='lat' dir='ltr'><strong>orbem</strong></span> <span class='ocrx_word' id='word_1_214' title='bbox 2415 1780 2677 1846; x_wconf 84' lang='lat' dir='ltr'><strong>Ecclesia,</strong></span> <span class='ocrx_word' id='word_1_215' title='bbox 2727 1797 2922 1851; x_wconf 88' lang='lat' dir='ltr'><strong>papam</strong></span> <span class='ocrx_word' id='word_1_216' title='bbox 2955 1783 3160 1837; x_wconf 78' lang='lat' dir='ltr'><strong>excitat</strong></span> <span class='ocrx_word' id='word_1_217' title='bbox 3207 1781 3275 1836; x_wconf 89' lang='lat' dir='ltr'><strong>ad</strong></span> <span class='ocrx_word' id='word_1_218' title='bbox 3331 1778 3619 1836; x_wconf 82' lang='lat' dir='ltr'><strong>ferendum</strong></span> 
     </span>
    </p>
   </div>
   <div class='ocr_carea' id='block_1_35' title="bbox 372 1868 1953 1943">
    <p class='ocr_par' dir='ltr' id='par_1_35' title="bbox 372 1868 1948 1943">
     <span class='ocr_line' id='line_1_35' title="bbox 372 1868 1948 1943; baseline 0.01 -28"><span class='ocrx_word' id='word_1_219' title='bbox 372 1868 606 1918; x_wconf 75' lang='grc' dir='ltr'>πάππαν</span> <span class='ocrx_word' id='word_1_220' title='bbox 637 1869 902 1939; x_wconf 82' lang='grc' dir='ltr'>διεγείρει</span> <span class='ocrx_word' id='word_1_221' title='bbox 949 1874 1086 1941; x_wconf 80' lang='grc' dir='ltr'>πρὸς</span> <span class='ocrx_word' id='word_1_222' title='bbox 1112 1875 1348 1943; x_wconf 80' lang='grc' dir='ltr'>ἄμυναν.</span> <span class='ocrx_word' id='word_1_223' title='bbox 1399 1875 1465 1929; x_wconf 86' lang='grc' dir='ltr'><strong>Τί</strong></span> <span class='ocrx_word' id='word_1_224' title='bbox 1513 1875 1568 1928; x_wconf 81' lang='grc' dir='ltr'>δὲ</span> <span class='ocrx_word' id='word_1_225' title='bbox 1610 1875 1738 1928; x_wconf 81' lang='grc' dir='ltr'>ἄλλο</span> <span class='ocrx_word' id='word_1_226' title='bbox 1772 1875 1948 1930; x_wconf 77' lang='grc' dir='ltr'>ταῦτα.</span> 
     </span>
    </p>
   </div>
   <div class='ocr_carea' id='block_1_36' title="bbox 2056 1868 3622 1943">
    <p class='ocr_par' dir='ltr' id='par_1_36' title="bbox 2056 1870 3622 1942">
     <span class='ocr_line' id='line_1_36' title="bbox 2056 1870 3622 1942; baseline -0.001 -18"><span class='ocrx_word' id='word_1_227' title='bbox 2056 1871 2331 1940; x_wconf 87' lang='lat' dir='ltr'><strong>iudicium.</strong></span> <span class='ocrx_word' id='word_1_228' title='bbox 2364 1870 2490 1926; x_wconf 67' lang='lat' dir='ltr'><strong>Haec</strong></span> <span class='ocrx_word' id='word_1_229' title='bbox 2518 1887 2684 1942; x_wconf 87' lang='lat' dir='ltr'><strong>porro</strong></span> <span class='ocrx_word' id='word_1_230' title='bbox 2715 1873 2846 1942; x_wconf 89' lang='lat' dir='ltr'><strong>quid</strong></span> <span class='ocrx_word' id='word_1_231' title='bbox 2878 1873 3025 1927; x_wconf 85' lang='lat' dir='ltr'><strong>aliud</strong></span> <span class='ocrx_word' id='word_1_232' title='bbox 3057 1881 3188 1927; x_wconf 84' lang='lat' dir='ltr'><strong>sunt</strong></span> <span class='ocrx_word' id='word_1_233' title='bbox 3227 1886 3390 1942; x_wconf 89' lang='lat' dir='ltr'><strong>quam</strong></span> <span class='ocrx_word' id='word_1_234' title='bbox 3437 1879 3622 1938; x_wconf 85' lang='lat' dir='ltr'><strong>aperta</strong></span> 
     </span>
    </p>
   </div>
   <div class='ocr_carea' id='block_1_37' title="bbox 373 1957 1945 2041">
    <p class='ocr_par' dir='ltr' id='par_1_37' title="bbox 373 1957 1945 2041">
     <span class='ocr_line' id='line_1_37' title="bbox 373 1957 1945 2041; baseline 0.008 -32"><span class='ocrx_word' id='word_1_235' title='bbox 373 1957 406 2026; x_wconf 75' lang='grc' dir='ltr'>ἢ</span> <span class='ocrx_word' id='word_1_236' title='bbox 439 1960 701 2028; x_wconf 76' lang='grc' dir='ltr'>ὁμολογία</span> <span class='ocrx_word' id='word_1_237' title='bbox 753 1962 928 2032; x_wconf 79' lang='grc' dir='ltr'>σαφὴς</span> <span class='ocrx_word' id='word_1_238' title='bbox 958 1965 1059 2033; x_wconf 79' lang='grc' dir='ltr'>τῆς</span> <span class='ocrx_word' id='word_1_239' title='bbox 1093 1968 1464 2038; x_wconf 84' lang='grc' dir='ltr'>ἀποστολικῆς</span> <span class='ocrx_word' id='word_1_240' title='bbox 1512 1969 1605 2022; x_wconf 74' lang='grc' dir='ltr'><strong>καὶ</strong></span> <span class='ocrx_word' id='word_1_241' title='bbox 1633 1971 1945 2041; x_wconf 86' lang='grc' dir='ltr'>οίκουμενι-</span> 
     </span>
    </p>
   </div>
   <div class='ocr_carea' id='block_1_38' title="bbox 373 2051 1947 2130">
    <p class='ocr_par' dir='ltr' id='par_1_38' title="bbox 373 2051 1947 2130">
     <span class='ocr_line' id='line_1_38' title="bbox 373 2051 1947 2130; baseline 0.006 -29"><span class='ocrx_word' id='word_1_242' title='bbox 373 2051 476 2112; x_wconf 83' lang='grc' dir='ltr'>κῆς</span> <span class='ocrx_word' id='word_1_243' title='bbox 504 2054 559 2102; x_wconf 79' lang='grc' dir='ltr'><strong>ἐν</strong></span> <span class='ocrx_word' id='word_1_244' title='bbox 577 2053 654 2121; x_wconf 89' lang='grc' dir='ltr'>τῷ</span> <span class='ocrx_word' id='word_1_245' title='bbox 682 2054 884 2123; x_wconf 71' lang='grc' dir='ltr'>πάππα</span> <span class='ocrx_word' id='word_1_246' title='bbox 911 2055 1180 2123; x_wconf 82' lang='grc' dir='ltr'>ἐξουσίας,</span> <span class='ocrx_word' id='word_1_247' title='bbox 1204 2058 1273 2127; x_wconf 77' lang='grc' dir='ltr'>ἢν</span> <span class='ocrx_word' id='word_1_248' title='bbox 1300 2058 1422 2111; x_wconf 83' lang='grc' dir='ltr'>οῦτε</span> <span class='ocrx_word' id='word_1_249' title='bbox 1446 2061 1473 2112; x_wconf 88' lang='lat'><strong>6</strong></span> <span class='ocrx_word' id='word_1_250' title='bbox 1513 2059 1947 2130; x_wconf 81' lang='grc' dir='ltr'>Ἀλεξανδρείας,</span> 
     </span>
    </p>
   </div>
   <div class='ocr_carea' id='block_1_39' title="bbox 376 2139 1949 2220">
    <p class='ocr_par' dir='ltr' id='par_1_39' title="bbox 376 2139 1949 2220">
     <span class='ocr_line' id='line_1_39' title="bbox 376 2139 1949 2220; baseline 0.011 -33"><span class='ocrx_word' id='word_1_251' title='bbox 376 2139 504 2189; x_wconf 74' lang='grc' dir='ltr'>οὗτε</span> <span class='ocrx_word' id='word_1_252' title='bbox 537 2140 562 2189; x_wconf 89' lang='lat'><strong>6</strong></span> <span class='ocrx_word' id='word_1_253' title='bbox 590 2140 1220 2209; x_wconf 81' lang='grc' dir='ltr'>Κωνσταντινουπόλεως</span> <span class='ocrx_word' id='word_1_254' title='bbox 1247 2144 1415 2217; x_wconf 83' lang='grc' dir='ltr'>εἶχεν,</span> <span class='ocrx_word' id='word_1_255' title='bbox 1453 2150 1484 2219; x_wconf 78' lang='grc' dir='ltr'>ἦ</span> <span class='ocrx_word' id='word_1_256' title='bbox 1529 2144 1670 2220; x_wconf 48' lang='grc' dir='ltr'>ἔχες</span> <span class='ocrx_word' id='word_1_257' title='bbox 1709 2149 1830 2213; x_wconf 86' lang='grc' dir='ltr'><strong>[Ιῶς</strong></span> <span class='ocrx_word' id='word_1_258' title='bbox 1857 2149 1949 2203; x_wconf 78' lang='grc' dir='ltr'><strong>οὖν</strong></span> 
     </span>
    </p>
   </div>
   <div class='ocr_carea' id='block_1_40' title="bbox 374 2230 1946 2308">
    <p class='ocr_par' dir='ltr' id='par_1_40' title="bbox 374 2230 1946 2308">
     <span class='ocr_line' id='line_1_40' title="bbox 374 2230 1946 2308; baseline 0.01 -29"><span class='ocrx_word' id='word_1_259' title='bbox 374 2230 528 2282; x_wconf 68' lang='grc' dir='ltr'>οὖδὲν</span> <span class='ocrx_word' id='word_1_260' title='bbox 559 2232 702 2300; x_wconf 82' lang='grc' dir='ltr'><strong>μέγα</strong></span> <span class='ocrx_word' id='word_1_261' title='bbox 733 2233 810 2303; x_wconf 84' lang='grc' dir='ltr'>τῷ</span> <span class='ocrx_word' id='word_1_262' title='bbox 852 2235 1075 2308; x_wconf 86' lang='grc' dir='ltr'><strong>Ῥώμης</strong></span> <span class='ocrx_word' id='word_1_263' title='bbox 1125 2239 1187 2292; x_wconf 85' lang='grc' dir='ltr'><strong>τὸ</strong></span> <span class='ocrx_word' id='word_1_264' title='bbox 1242 2241 1600 2295; x_wconf 73' lang='grc' dir='ltr'>άποστολικδν</span> <span class='ocrx_word' id='word_1_265' title='bbox 1639 2243 1946 2307; x_wconf 66' lang='grc' dir='ltr'>καλεῖσθαι,</span> 
     </span>
    </p>
   </div>
   <div class='ocr_carea' id='block_1_41' title="bbox 374 2319 1946 2401">
    <p class='ocr_par' dir='ltr' id='par_1_41' title="bbox 374 2319 1946 2401">
     <span class='ocr_line' id='line_1_41' title="bbox 374 2319 1946 2401; baseline 0.008 -30"><span class='ocrx_word' id='word_1_266' title='bbox 374 2319 612 2373; x_wconf 77' lang='grc' dir='ltr'><strong>ἑκάστου</strong></span> <span class='ocrx_word' id='word_1_267' title='bbox 647 2322 755 2373; x_wconf 85' lang='grc' dir='ltr'>τῶν</span> <span class='ocrx_word' id='word_1_268' title='bbox 787 2324 1105 2379; x_wconf 85' lang='grc' dir='ltr'>ἐπισκόπων</span> <span class='ocrx_word' id='word_1_269' title='bbox 1136 2327 1449 2399; x_wconf 81' lang='grc' dir='ltr'>καθημένου</span> <span class='ocrx_word' id='word_1_270' title='bbox 1484 2331 1578 2382; x_wconf 78' lang='grc' dir='ltr'><strong>ἐπὶ</strong></span> <span class='ocrx_word' id='word_1_271' title='bbox 1613 2330 1706 2383; x_wconf 91' lang='grc' dir='ltr'><strong>τοῦ</strong></span> <span class='ocrx_word' id='word_1_272' title='bbox 1755 2330 1946 2401; x_wconf 85' lang='grc' dir='ltr'>θρόνου</span> 
     </span>
    </p>
   </div>
   <div class='ocr_carea' id='block_1_42' title="bbox 371 2411 1950 2494">
    <p class='ocr_par' dir='ltr' id='par_1_42' title="bbox 371 2411 1950 2494">
     <span class='ocr_line' id='line_1_42' title="bbox 371 2411 1950 2494; baseline 0.009 -33"><span class='ocrx_word' id='word_1_273' title='bbox 371 2411 472 2463; x_wconf 84' lang='grc' dir='ltr'><strong>τοῦ</strong></span> <span class='ocrx_word' id='word_1_274' title='bbox 504 2413 777 2481; x_wconf 78' lang='grc' dir='ltr'>Χριστοῦς</span> <span class='ocrx_word' id='word_1_275' title='bbox 819 2416 933 2468; x_wconf 84' lang='grc' dir='ltr'>Οὐκ</span> <span class='ocrx_word' id='word_1_276' title='bbox 959 2417 1075 2470; x_wconf 80' lang='grc' dir='ltr'>ἐστι</span> <span class='ocrx_word' id='word_1_277' title='bbox 1106 2421 1277 2473; x_wconf 83' lang='grc' dir='ltr'>ταῦτα</span> <span class='ocrx_word' id='word_1_278' title='bbox 1311 2420 1578 2491; x_wconf 84' lang='grc' dir='ltr'>σύμφωνα</span> <span class='ocrx_word' id='word_1_279' title='bbox 1622 2421 1700 2492; x_wconf 82' lang='grc' dir='ltr'>τῷ</span> <span class='ocrx_word' id='word_1_280' title='bbox 1748 2424 1950 2494; x_wconf 85' lang='grc' dir='ltr'>φρονή-</span> 
     </span>
    </p>
   </div>
   <div class='ocr_carea' id='block_1_43' title="bbox 379 2507 1950 2586">
    <p class='ocr_par' dir='ltr' id='par_1_43' title="bbox 379 2507 1950 2586">
     <span class='ocr_line' id='line_1_43' title="bbox 379 2507 1950 2586; baseline 0.01 -30"><span class='ocrx_word' id='word_1_281' title='bbox 379 2523 513 2574; x_wconf 87' lang='grc' dir='ltr'>ματι</span> <span class='ocrx_word' id='word_1_282' title='bbox 564 2507 659 2559; x_wconf 86' lang='grc' dir='ltr'><strong>τοῦ</strong></span> <span class='ocrx_word' id='word_1_283' title='bbox 693 2510 1106 2582; x_wconf 83' lang='grc' dir='ltr'>Χρυσοστόμου,</span> <span class='ocrx_word' id='word_1_284' title='bbox 1145 2516 1238 2566; x_wconf 77' lang='grc' dir='ltr'>καὶ</span> <span class='ocrx_word' id='word_1_285' title='bbox 1273 2514 1374 2584; x_wconf 82' lang='grc' dir='ltr'>τῆς</span> <span class='ocrx_word' id='word_1_286' title='bbox 1406 2515 1573 2569; x_wconf 87' lang='grc' dir='ltr'>πάλαι</span> <span class='ocrx_word' id='word_1_287' title='bbox 1623 2516 1950 2586; x_wconf 79' lang='grc' dir='ltr'>ἀνατολικῆς</span> 
     </span>
    </p>
   </div>
   <div class='ocr_carea' id='block_1_44' title="bbox 389 2597 1952 2676">
    <p class='ocr_par' dir='ltr' id='par_1_44' title="bbox 389 2597 1952 2676">
     <span class='ocr_line' id='line_1_44' title="bbox 389 2597 1952 2676; baseline 0.01 -28"><span class='ocrx_word' id='word_1_288' title='bbox 389 2597 740 2669; x_wconf 85' lang='grc' dir='ltr'>Ἐκκλησίας·</span> <span class='ocrx_word' id='word_1_289' title='bbox 779 2602 916 2655; x_wconf 84' lang='grc' dir='ltr'><strong>ἀλλά</strong></span> <span class='ocrx_word' id='word_1_290' title='bbox 939 2603 999 2655; x_wconf 73' lang='grc' dir='ltr'>τὸ</span> <span class='ocrx_word' id='word_1_291' title='bbox 1024 2603 1206 2672; x_wconf 80' lang='grc' dir='ltr'>λέγειν</span> <span class='ocrx_word' id='word_1_292' title='bbox 1244 2606 1318 2669; x_wconf 87' lang='grc' dir='ltr'>ὠς</span> <span class='ocrx_word' id='word_1_293' title='bbox 1347 2606 1526 2676; x_wconf 85' lang='grc' dir='ltr'>λέγεις</span> <span class='ocrx_word' id='word_1_294' title='bbox 1553 2607 1803 2662; x_wconf 80' lang='grc' dir='ltr'>κλέπτειν</span> <span class='ocrx_word' id='word_1_295' title='bbox 1834 2609 1952 2663; x_wconf 66' lang='grc' dir='ltr'><strong>ἐστ)⁵</strong></span> 
     </span>
    </p>
   </div>
   <div class='ocr_carea' id='block_1_45' title="bbox 378 2691 1950 2771">
    <p class='ocr_par' dir='ltr' id='par_1_45' title="bbox 378 2691 1950 2771">
     <span class='ocr_line' id='line_1_45' title="bbox 378 2691 1950 2771; baseline 0.009 -30"><span class='ocrx_word' id='word_1_296' title='bbox 378 2691 478 2752; x_wconf 72' lang='grc' dir='ltr'>τὰς</span> <span class='ocrx_word' id='word_1_297' title='bbox 508 2693 782 2761; x_wconf 69' lang='grc' dir='ltr'>πατρικὰς</span> <span class='ocrx_word' id='word_1_298' title='bbox 828 2696 1076 2764; x_wconf 79' lang='grc' dir='ltr'>χρήσεις,</span> <span class='ocrx_word' id='word_1_299' title='bbox 1114 2700 1208 2751; x_wconf 81' lang='grc' dir='ltr'>καὶ</span> <span class='ocrx_word' id='word_1_300' title='bbox 1228 2698 1495 2770; x_wconf 80' lang='grc' dir='ltr'>ἀναρχίαν</span> <span class='ocrx_word' id='word_1_301' title='bbox 1524 2701 1618 2753; x_wconf 77' lang='grc' dir='ltr'><strong>καὶ</strong></span> <span class='ocrx_word' id='word_1_302' title='bbox 1671 2701 1950 2771; x_wconf 84' lang='grc' dir='ltr'>σχίσματα</span> 
     </span>
    </p>
   </div>
   <div class='ocr_carea' id='block_1_46' title="bbox 377 2785 1952 2864">
    <p class='ocr_par' dir='ltr' id='par_1_46' title="bbox 377 2785 1952 2864">
     <span class='ocr_line' id='line_1_46' title="bbox 377 2785 1952 2864; baseline 0.01 -31"><span class='ocrx_word' id='word_1_303' title='bbox 377 2785 761 2852; x_wconf 79' lang='grc' dir='ltr'>παρεισάγειν.</span> <span class='ocrx_word' id='word_1_304' title='bbox 816 2788 1008 2843; x_wconf 81' lang='grc' dir='ltr'>Καίτοι</span> <span class='ocrx_word' id='word_1_305' title='bbox 1056 2791 1176 2844; x_wconf 83' lang='grc' dir='ltr'><strong>οὐδέ</strong></span> <span class='ocrx_word' id='word_1_306' title='bbox 1218 2792 1359 2845; x_wconf 84' lang='grc' dir='ltr'><strong>κατά</strong></span> <span class='ocrx_word' id='word_1_307' title='bbox 1410 2793 1510 2864; x_wconf 77' lang='grc' dir='ltr'>τὴν</span> <span class='ocrx_word' id='word_1_308' title='bbox 1550 2793 1652 2864; x_wconf 82' lang='grc' dir='ltr'><strong>σὴν</strong></span> <span class='ocrx_word' id='word_1_309' title='bbox 1687 2792 1952 2863; x_wconf 75' lang='grc' dir='ltr'>ἐξήγησιν</span> 
     </span>
    </p>
   </div>
   <div class='ocr_carea' id='block_1_47' title="bbox 377 2877 1950 2954">
    <p class='ocr_par' dir='ltr' id='par_1_47' title="bbox 377 2877 1950 2954">
     <span class='ocr_line' id='line_1_47' title="bbox 377 2877 1950 2954; baseline 0.009 -29"><span class='ocrx_word' id='word_1_310' title='bbox 377 2892 444 2926; x_wconf 90' lang='grc' dir='ltr'><strong>συ</strong></span> <span class='ocrx_word' id='word_1_311' title='bbox 456 2877 780 2945; x_wconf 86' lang='grc' dir='ltr'>μπεραίνεις</span> <span class='ocrx_word' id='word_1_312' title='bbox 807 2878 836 2931; x_wconf 83' lang='grc' dir='ltr'><strong>ὃ</strong></span> <span class='ocrx_word' id='word_1_313' title='bbox 861 2878 1067 2948; x_wconf 79' lang='grc' dir='ltr'>βούλει.</span> <span class='ocrx_word' id='word_1_314' title='bbox 1100 2882 1280 2935; x_wconf 84' lang='grc' dir='ltr'>Ἔστω</span> <span class='ocrx_word' id='word_1_315' title='bbox 1303 2885 1412 2954; x_wconf 85' lang='grc' dir='ltr'>γὰρ</span> <span class='ocrx_word' id='word_1_316' title='bbox 1443 2884 1651 2946; x_wconf 80' lang='grc' dir='ltr'>πάντας</span> <span class='ocrx_word' id='word_1_317' title='bbox 1677 2887 1802 2948; x_wconf 81' lang='grc' dir='ltr'>τοὺς</span> <span class='ocrx_word' id='word_1_318' title='bbox 1834 2887 1950 2939; x_wconf 86' lang='grc' dir='ltr'>ἐπι-</span> 
     </span>
    </p>
   </div>
   <div class='ocr_carea' id='block_1_48' title="bbox 378 2967 1951 3046">
    <p class='ocr_par' dir='ltr' id='par_1_48' title="bbox 378 2967 1951 3046">
     <span class='ocr_line' id='line_1_48' title="bbox 378 2967 1951 3046; baseline 0.007 -29"><span class='ocrx_word' id='word_1_319' title='bbox 378 2967 616 3030; x_wconf 73' lang='grc' dir='ltr'>σκόπους</span> <span class='ocrx_word' id='word_1_320' title='bbox 645 2969 920 3039; x_wconf 82' lang='grc' dir='ltr'>καθῆσθαι</span> <span class='ocrx_word' id='word_1_321' title='bbox 951 2971 1042 3024; x_wconf 80' lang='grc' dir='ltr'><strong>ἐπὶ</strong></span> <span class='ocrx_word' id='word_1_322' title='bbox 1073 2972 1168 3025; x_wconf 86' lang='grc' dir='ltr'><strong>τοῦ</strong></span> <span class='ocrx_word' id='word_1_323' title='bbox 1201 2972 1390 3043; x_wconf 66' lang='grc' dir='ltr'>θρόνου</span> <span class='ocrx_word' id='word_1_324' title='bbox 1420 2976 1513 3026; x_wconf 88' lang='grc' dir='ltr'><strong>τοῦ</strong></span> <span class='ocrx_word' id='word_1_325' title='bbox 1537 2974 1800 3046; x_wconf 81' lang='grc' dir='ltr'>Χριστοῦ·</span> <span class='ocrx_word' id='word_1_326' title='bbox 1834 2975 1951 3028; x_wconf 79' lang='grc' dir='ltr'>ἀλλ’</span> 
     </span>
    </p>
   </div>
   <div class='ocr_carea' id='block_1_49' title="bbox 376 3058 2018 3159">
    <p class='ocr_par' dir='ltr' id='par_1_49' title="bbox 376 3058 2018 3159">
     <span class='ocr_line' id='line_1_49' title="bbox 376 3058 2018 3159; baseline 0.006 -51"><span class='ocrx_word' id='word_1_327' title='bbox 376 3058 479 3159; x_wconf 80' lang='grc' dir='ltr'>οὐκ</span> <span class='ocrx_word' id='word_1_328' title='bbox 500 3059 1048 3159; x_wconf 30' lang='grc' dir='ltr'>*ἀνάγ-κηὲκαθῆσθαι</span> <span class='ocrx_word' id='word_1_329' title='bbox 1099 3064 1358 3134; x_wconf 75' lang='grc' dir='ltr'>ἰσοτίμως</span> <span class='ocrx_word' id='word_1_330' title='bbox 1383 3081 1397 3097; x_wconf 77' lang='grc' dir='ltr'><strong><em>ο</em></strong></span> <span class='ocrx_word' id='word_1_331' title='bbox 1431 3064 1621 3136; x_wconf 86' lang='grc' dir='ltr'>ὥσπερ</span> <span class='ocrx_word' id='word_1_332' title='bbox 1651 3067 1700 3120; x_wconf 81' lang='lat' dir='ltr'><strong>oi</strong></span> <span class='ocrx_word' id='word_1_333' title='bbox 1732 3066 1949 3136; x_wconf 72' lang='grc' dir='ltr'>νομικοὶ</span> <span class='ocrx_word' id='word_1_334' title='bbox 1976 3103 2018 3159; x_wconf 76' lang='lat' dir='ltr'><strong>C</strong></span> 
     </span>
    </p>
   </div>
   <div class='ocr_carea' id='block_1_50' title="bbox 381 3151 1949 3227">
    <p class='ocr_par' dir='ltr' id='par_1_50' title="bbox 381 3151 1949 3227">
     <span class='ocr_line' id='line_1_50' title="bbox 381 3151 1949 3227; baseline 0.004 -24"><span class='ocrx_word' id='word_1_335' title='bbox 381 3153 550 3220; x_wconf 78' lang='grc' dir='ltr'>ἱερεῖς</span> <span class='ocrx_word' id='word_1_336' title='bbox 583 3153 674 3204; x_wconf 78' lang='grc' dir='ltr'><strong>ἐπὶ</strong></span> <span class='ocrx_word' id='word_1_337' title='bbox 705 3151 804 3222; x_wconf 81' lang='grc' dir='ltr'>τῆς</span> <span class='ocrx_word' id='word_1_338' title='bbox 837 3154 1080 3216; x_wconf 73' lang='grc' dir='ltr'>Μουσέως</span> <span class='ocrx_word' id='word_1_339' title='bbox 1127 3155 1419 3227; x_wconf 83' lang='grc' dir='ltr'>καθέδρας,</span> <span class='ocrx_word' id='word_1_340' title='bbox 1471 3154 1587 3210; x_wconf 80' lang='grc' dir='ltr'>ἀλλ’</span> <span class='ocrx_word' id='word_1_341' title='bbox 1634 3157 1734 3210; x_wconf 74' lang='grc' dir='ltr'>οὐκ</span> <span class='ocrx_word' id='word_1_342' title='bbox 1784 3158 1949 3211; x_wconf 73' lang='grc' dir='ltr'>ἰσοτί-</span> 
     </span>
    </p>
   </div>
   <div class='ocr_carea' id='block_1_51' title="bbox 381 3244 1952 3321">
    <p class='ocr_par' dir='ltr' id='par_1_51' title="bbox 381 3244 1952 3321">
     <span class='ocr_line' id='line_1_51' title="bbox 381 3244 1952 3321; baseline 0.01 -28"><span class='ocrx_word' id='word_1_343' title='bbox 381 3261 520 3314; x_wconf 88' lang='grc' dir='ltr'>μως,</span> <span class='ocrx_word' id='word_1_344' title='bbox 570 3244 828 3315; x_wconf 82' lang='grc' dir='ltr'>ὑπερεῖχε</span> <span class='ocrx_word' id='word_1_345' title='bbox 873 3246 981 3317; x_wconf 75' lang='grc' dir='ltr'>γὰρ</span> <span class='ocrx_word' id='word_1_346' title='bbox 1008 3247 1064 3299; x_wconf 91' lang='grc' dir='ltr'><strong>ἐν</strong></span> <span class='ocrx_word' id='word_1_347' title='bbox 1095 3249 1279 3309; x_wconf 75' lang='grc' dir='ltr'>αὐτοῖς</span> <span class='ocrx_word' id='word_1_348' title='bbox 1334 3252 1361 3302; x_wconf 95' lang='lat'><strong>6</strong></span> <span class='ocrx_word' id='word_1_349' title='bbox 1408 3250 1586 3317; x_wconf 82' lang='grc' dir='ltr'>μέγας</span> <span class='ocrx_word' id='word_1_350' title='bbox 1636 3253 1952 3321; x_wconf 73' lang='grc' dir='ltr'>ἀρχιερεύς.</span> 
     </span>
    </p>
   </div>
   <div class='ocr_carea' id='block_1_52' title="bbox 377 3337 1952 3411">
    <p class='ocr_par' dir='ltr' id='par_1_52' title="bbox 377 3337 1952 3411">
     <span class='ocr_line' id='line_1_52' title="bbox 377 3337 1952 3411; baseline 0.005 -21"><span class='ocrx_word' id='word_1_351' title='bbox 377 3337 540 3404; x_wconf 82' lang='grc' dir='ltr'>Μέγα</span> <span class='ocrx_word' id='word_1_352' title='bbox 566 3339 744 3390; x_wconf 86' lang='grc' dir='ltr'>τοίνυν</span> <span class='ocrx_word' id='word_1_353' title='bbox 784 3337 865 3406; x_wconf 81' lang='grc' dir='ltr'>τῷ</span> <span class='ocrx_word' id='word_1_354' title='bbox 906 3337 1126 3408; x_wconf 86' lang='grc' dir='ltr'>Ῥώμης</span> <span class='ocrx_word' id='word_1_355' title='bbox 1166 3340 1340 3410; x_wconf 82' lang='grc' dir='ltr'>θρόνῳ</span> <span class='ocrx_word' id='word_1_356' title='bbox 1369 3341 1428 3394; x_wconf 80' lang='grc' dir='ltr'>τὸ</span> <span class='ocrx_word' id='word_1_357' title='bbox 1472 3343 1629 3411; x_wconf 81' lang='grc' dir='ltr'>μόνον</span> <span class='ocrx_word' id='word_1_358' title='bbox 1667 3345 1952 3398; x_wconf 75' lang='grc' dir='ltr'>καλεῖσθαι</span> 
     </span>
    </p>
   </div>
   <div class='ocr_carea' id='block_1_53' title="bbox 379 3425 1948 3504">
    <p class='ocr_par' dir='ltr' id='par_1_53' title="bbox 379 3425 1948 3504">
     <span class='ocr_line' id='line_1_53' title="bbox 379 3425 1948 3504; baseline 0.007 -26"><span class='ocrx_word' id='word_1_359' title='bbox 379 3425 676 3493; x_wconf 76' lang='grc' dir='ltr'>ἐξαιρέτως</span> <span class='ocrx_word' id='word_1_360' title='bbox 709 3428 1092 3493; x_wconf 83' lang='grc' dir='ltr'>ἁποστολικδν,</span> <span class='ocrx_word' id='word_1_361' title='bbox 1121 3431 1214 3482; x_wconf 79' lang='grc' dir='ltr'><strong>καὶ</strong></span> <span class='ocrx_word' id='word_1_362' title='bbox 1240 3431 1300 3483; x_wconf 69' lang='grc' dir='ltr'>τὸ</span> <span class='ocrx_word' id='word_1_363' title='bbox 1331 3433 1488 3500; x_wconf 86' lang='grc' dir='ltr'>μόνον</span> <span class='ocrx_word' id='word_1_364' title='bbox 1512 3433 1654 3486; x_wconf 84' lang='grc' dir='ltr'>οῦτω</span> <span class='ocrx_word' id='word_1_365' title='bbox 1677 3433 1948 3504; x_wconf 77' lang='grc' dir='ltr'>καθῆσθαι</span> 
     </span>
    </p>
   </div>
   <div class='ocr_carea' id='block_1_54' title="bbox 382 3520 1950 3596">
    <p class='ocr_par' dir='ltr' id='par_1_54' title="bbox 382 3520 1950 3596">
     <span class='ocr_line' id='line_1_54' title="bbox 382 3520 1950 3596; baseline 0.005 -24"><span class='ocrx_word' id='word_1_366' title='bbox 382 3521 479 3572; x_wconf 75' lang='grc' dir='ltr'><strong>ἐπὶ</strong></span> <span class='ocrx_word' id='word_1_367' title='bbox 514 3520 609 3573; x_wconf 85' lang='grc' dir='ltr'><strong>τοῦ</strong></span> <span class='ocrx_word' id='word_1_368' title='bbox 641 3523 835 3591; x_wconf 87' lang='grc' dir='ltr'>θρόνου</span> <span class='ocrx_word' id='word_1_369' title='bbox 867 3521 961 3574; x_wconf 83' lang='grc' dir='ltr'><strong>τοῦ</strong></span> <span class='ocrx_word' id='word_1_370' title='bbox 989 3523 1252 3593; x_wconf 78' lang='grc' dir='ltr'>Χριστοῦ,</span> <span class='ocrx_word' id='word_1_371' title='bbox 1280 3523 1420 3578; x_wconf 81' lang='grc' dir='ltr'>ὥστε</span> <span class='ocrx_word' id='word_1_372' title='bbox 1455 3527 1662 3596; x_wconf 85' lang='grc' dir='ltr'>κρίνειν</span> <span class='ocrx_word' id='word_1_373' title='bbox 1701 3527 1950 3593; x_wconf 74' lang='grc' dir='ltr'>ἅπαντας</span> 
     </span>
    </p>
   </div>
   <div class='ocr_carea' id='block_1_55' title="bbox 379 3616 909 3680">
    <p class='ocr_par' dir='ltr' id='par_1_55' title="bbox 379 3616 909 3680">
     <span class='ocr_line' id='line_1_55' title="bbox 379 3616 909 3680; baseline 0 -10"><span class='ocrx_word' id='word_1_374' title='bbox 379 3616 513 3680; x_wconf 78' lang='grc' dir='ltr'>τοὺς</span> <span class='ocrx_word' id='word_1_375' title='bbox 549 3616 909 3679; x_wconf 78' lang='grc' dir='ltr'>ἐπισκόπους.</span> 
     </span>
    </p>
   </div>
   <div class='ocr_carea' id='block_1_56' title="bbox 1034 3756 1310 3811">
    <p class='ocr_par' dir='ltr' id='par_1_56' title="bbox 1034 3756 1310 3811">
     <span class='ocr_line' id='line_1_56' title="bbox 1034 3756 1310 3811; baseline 0.011 -3"><span class='ocrx_word' id='word_1_376' title='bbox 1034 3756 1310 3811; x_wconf 76' lang='grc' dir='ltr'><strong>ΝΕΙΔΟΣ.</strong></span> 
     </span>
    </p>
   </div>
   <div class='ocr_carea' id='block_1_57' title="bbox 462 3888 1950 3962">
    <p class='ocr_par' dir='ltr' id='par_1_57' title="bbox 462 3888 1950 3962">
     <span class='ocr_line' id='line_1_57' title="bbox 462 3888 1950 3962; baseline 0.003 -20"><span class='ocrx_word' id='word_1_377' title='bbox 462 3911 481 3942; x_wconf 77' lang='grc' dir='ltr'><strong>ι</strong></span> <span class='ocrx_word' id='word_1_378' title='bbox 520 3891 592 3944; x_wconf 78' lang='grc' dir='ltr'>Τὸ</span> <span class='ocrx_word' id='word_1_379' title='bbox 622 3892 679 3944; x_wconf 86' lang='grc' dir='ltr'><strong>δέ</strong></span> <span class='ocrx_word' id='word_1_380' title='bbox 710 3888 914 3958; x_wconf 85' lang='grc' dir='ltr'>λέγειν,</span> <span class='ocrx_word' id='word_1_381' title='bbox 961 3891 1126 3961; x_wconf 86' lang='grc' dir='ltr'>Μόνῳ</span> <span class='ocrx_word' id='word_1_382' title='bbox 1161 3893 1239 3962; x_wconf 83' lang='grc' dir='ltr'>τῷ</span> <span class='ocrx_word' id='word_1_383' title='bbox 1284 3893 1481 3961; x_wconf 76' lang='grc' dir='ltr'>πάππα</span> <span class='ocrx_word' id='word_1_384' title='bbox 1515 3891 1718 3958; x_wconf 79' lang='grc' dir='ltr'>ἔξεστιν</span> <span class='ocrx_word' id='word_1_385' title='bbox 1770 3895 1950 3946; x_wconf 85' lang='grc' dir='ltr'>οίκου-</span> 
     </span>
    </p>
   </div>
   <div class='ocr_carea' id='block_1_58' title="bbox 385 3985 1956 4056">
    <p class='ocr_par' dir='ltr' id='par_1_58' title="bbox 385 3985 1956 4056">
     <span class='ocr_line' id='line_1_58' title="bbox 385 3985 1956 4056; baseline 0.001 -19"><span class='ocrx_word' id='word_1_386' title='bbox 385 3986 616 4056; x_wconf 77' lang='grc' dir='ltr'>μενικὴν</span> <span class='ocrx_word' id='word_1_387' title='bbox 645 3986 921 4054; x_wconf 77' lang='grc' dir='ltr'>ἀθροίζειν</span> <span class='ocrx_word' id='word_1_388' title='bbox 952 3985 1192 4049; x_wconf 86' lang='grc' dir='ltr'>σύνοδον,</span> <span class='ocrx_word' id='word_1_389' title='bbox 1240 3988 1355 4048; x_wconf 82' lang='grc' dir='ltr'><strong>πῶς</strong></span> <span class='ocrx_word' id='word_1_390' title='bbox 1397 3987 1454 4039; x_wconf 84' lang='grc' dir='ltr'><strong>ού</strong></span> <span class='ocrx_word' id='word_1_391' title='bbox 1489 3988 1601 4048; x_wconf 85' lang='grc' dir='ltr'>τοῖς</span> <span class='ocrx_word' id='word_1_392' title='bbox 1639 3986 1758 4039; x_wconf 86' lang='grc' dir='ltr'>λίαν</span> <span class='ocrx_word' id='word_1_393' title='bbox 1792 4003 1956 4054; x_wconf 72' lang='grc' dir='ltr'>φανε-</span> 
     </span>
    </p>
   </div>
   <div class='ocr_carea' id='block_1_59' title="bbox 384 4079 1948 4149">
    <p class='ocr_par' dir='ltr' id='par_1_59' title="bbox 384 4079 1948 4149">
     <span class='ocr_line' id='line_1_59' title="bbox 384 4079 1948 4149; baseline 0 -19"><span class='ocrx_word' id='word_1_394' title='bbox 384 4082 500 4148; x_wconf 82' lang='grc' dir='ltr'>ροῖς</span> <span class='ocrx_word' id='word_1_395' title='bbox 533 4079 835 4142; x_wconf 85' lang='grc' dir='ltr'>ἀντιλέγειν</span> <span class='ocrx_word' id='word_1_396' title='bbox 886 4080 1026 4144; x_wconf 79' lang='grc' dir='ltr'>ἐστὶ,</span> <span class='ocrx_word' id='word_1_397' title='bbox 1079 4080 1282 4148; x_wconf 80' lang='grc' dir='ltr'>μᾶλλον</span> <span class='ocrx_word' id='word_1_398' title='bbox 1335 4080 1389 4132; x_wconf 82' lang='grc' dir='ltr'>δὲ</span> <span class='ocrx_word' id='word_1_399' title='bbox 1423 4079 1538 4142; x_wconf 81' lang='grc' dir='ltr'><strong>πῶς</strong></span> <span class='ocrx_word' id='word_1_400' title='bbox 1566 4081 1667 4131; x_wconf 70' lang='grc' dir='ltr'><strong>οὐκ</strong></span> <span class='ocrx_word' id='word_1_401' title='bbox 1696 4079 1948 4149; x_wconf 79' lang='grc' dir='ltr'>αἰσχύνη,</span> 
     </span>
    </p>
   </div>
   <div class='ocr_carea' id='block_1_60' title="bbox 380 4164 1952 4242">
    <p class='ocr_par' dir='ltr' id='par_1_60' title="bbox 380 4164 1952 4242">
     <span class='ocr_line' id='line_1_60' title="bbox 380 4164 1952 4242; baseline 0.001 -20"><span class='ocrx_word' id='word_1_402' title='bbox 380 4173 475 4222; x_wconf 62' lang='grc' dir='ltr'><strong>τδν</strong></span> <span class='ocrx_word' id='word_1_403' title='bbox 521 4171 672 4240; x_wconf 83' lang='grc' dir='ltr'>ἱερέα</span> <span class='ocrx_word' id='word_1_404' title='bbox 719 4173 827 4224; x_wconf 61' lang='grc' dir='ltr'><strong>ἀπὸ</strong></span> <span class='ocrx_word' id='word_1_405' title='bbox 852 4171 1058 4224; x_wconf 86' lang='grc' dir='ltr'>τούτων</span> <span class='ocrx_word' id='word_1_406' title='bbox 1103 4172 1528 4242; x_wconf 80' lang='grc' dir='ltr'>φιλοτιμεῖσθαι,</span> <span class='ocrx_word' id='word_1_407' title='bbox 1585 4172 1676 4239; x_wconf 77' lang='grc' dir='ltr'><strong>ἀφ’</strong></span> <span class='ocrx_word' id='word_1_408' title='bbox 1724 4164 1798 4225; x_wconf 83' lang='grc' dir='ltr'>ὧν</span> <span class='ocrx_word' id='word_1_409' title='bbox 1831 4172 1952 4226; x_wconf 80' lang='grc' dir='ltr'>ἐστι</span> 
     </span>
    </p>
   </div>
   <div class='ocr_carea' id='block_1_61' title="bbox 388 4263 1952 4336">
    <p class='ocr_par' dir='ltr' id='par_1_61' title="bbox 388 4263 1952 4336">
     <span class='ocr_line' id='line_1_61' title="bbox 388 4263 1952 4336; baseline 0.003 -20"><span class='ocrx_word' id='word_1_410' title='bbox 388 4265 529 4332; x_wconf 76' lang='grc' dir='ltr'>μέγα</span> <span class='ocrx_word' id='word_1_411' title='bbox 566 4266 657 4316; x_wconf 77' lang='grc' dir='ltr'>καὶ</span> <span class='ocrx_word' id='word_1_412' title='bbox 704 4264 794 4316; x_wconf 70' lang='grc' dir='ltr'>τὸν</span> <span class='ocrx_word' id='word_1_413' title='bbox 844 4263 1067 4334; x_wconf 75' lang='grc' dir='ltr'>βασιλέα</span> <span class='ocrx_word' id='word_1_414' title='bbox 1119 4268 1366 4335; x_wconf 86' lang='grc' dir='ltr'>φρονεῖν;</span> <span class='ocrx_word' id='word_1_415' title='bbox 1415 4267 1532 4318; x_wconf 84' lang='grc' dir='ltr'>Ἵνα</span> <span class='ocrx_word' id='word_1_416' title='bbox 1561 4265 1618 4318; x_wconf 85' lang='grc' dir='ltr'>δὲ</span> <span class='ocrx_word' id='word_1_417' title='bbox 1654 4265 1824 4336; x_wconf 77' lang='grc' dir='ltr'>είδῇς,</span> <span class='ocrx_word' id='word_1_418' title='bbox 1869 4267 1952 4320; x_wconf 86' lang='grc' dir='ltr'><strong>ὅτι</strong></span> 
     </span>
    </p>
   </div>
   <div class='ocr_carea' id='block_1_62' title="bbox 386 4358 1954 4426">
    <p class='ocr_par' dir='ltr' id='par_1_62' title="bbox 386 4358 1954 4426">
     <span class='ocr_line' id='line_1_62' title="bbox 386 4358 1954 4426; baseline 0.004 -19"><span class='ocrx_word' id='word_1_419' title='bbox 386 4358 671 4426; x_wconf 68' lang='grc' dir='ltr'>βασιλεῦσι</span> <span class='ocrx_word' id='word_1_420' title='bbox 707 4358 927 4426; x_wconf 84' lang='grc' dir='ltr'>μᾶλλον,</span> <span class='ocrx_word' id='word_1_421' title='bbox 971 4358 1071 4411; x_wconf 84' lang='grc' dir='ltr'><strong>οὐκ</strong></span> <span class='ocrx_word' id='word_1_422' title='bbox 1100 4359 1418 4422; x_wconf 85' lang='grc' dir='ltr'>ἐπισκόποις</span> <span class='ocrx_word' id='word_1_423' title='bbox 1444 4359 1512 4413; x_wconf 86' lang='grc' dir='ltr'><strong>τά</strong></span> <span class='ocrx_word' id='word_1_424' title='bbox 1544 4361 1768 4414; x_wconf 85' lang='grc' dir='ltr'>τοιαῦτα</span> <span class='ocrx_word' id='word_1_425' title='bbox 1807 4363 1954 4413; x_wconf 85' lang='grc' dir='ltr'>ἀνεῖ-</span> 
     </span>
    </p>
   </div>
   <div class='ocr_carea' id='block_1_63' title="bbox 2050 1962 3623 2033">
    <p class='ocr_par' dir='ltr' id='par_1_63' title="bbox 2050 1962 3623 2033">
     <span class='ocr_line' id='line_1_63' title="bbox 2050 1962 3623 2033; baseline -0.002 -16"><span class='ocrx_word' id='word_1_426' title='bbox 2050 1962 2328 2018; x_wconf 82' lang='lat' dir='ltr'><strong>confessio</strong></span> <span class='ocrx_word' id='word_1_427' title='bbox 2361 1962 2674 2033; x_wconf 73' lang='lat' dir='ltr'><strong>apostolica:</strong></span> <span class='ocrx_word' id='word_1_428' title='bbox 2702 1973 2757 2018; x_wconf 84' lang='lat' dir='ltr'><strong>et</strong></span> <span class='ocrx_word' id='word_1_429' title='bbox 2787 1963 3115 2018; x_wconf 81' lang='lat' dir='ltr'><strong>universalis</strong></span> <span class='ocrx_word' id='word_1_430' title='bbox 3164 1964 3219 2018; x_wconf 89' lang='lat' dir='ltr'><strong>in</strong></span> <span class='ocrx_word' id='word_1_431' title='bbox 3266 1977 3404 2031; x_wconf 89' lang='lat' dir='ltr'><strong>papa</strong></span> <span class='ocrx_word' id='word_1_432' title='bbox 3435 1968 3623 2015; x_wconf 90' lang='lat' dir='ltr'><strong>aucto-</strong></span> 
     </span>
    </p>
   </div>
   <div class='ocr_carea' id='block_1_64' title="bbox 2051 2051 3622 2126">
    <p class='ocr_par' dir='ltr' id='par_1_64' title="bbox 2051 2051 3622 2126">
     <span class='ocr_line' id='line_1_64' title="bbox 2051 2051 3622 2126; baseline -0.004 -16"><span class='ocrx_word' id='word_1_433' title='bbox 2051 2056 2252 2120; x_wconf 88' lang='lat' dir='ltr'><strong>ritatis,</strong></span> <span class='ocrx_word' id='word_1_434' title='bbox 2279 2071 2440 2126; x_wconf 91' lang='lat' dir='ltr'><strong>quam</strong></span> <span class='ocrx_word' id='word_1_435' title='bbox 2498 2071 2600 2110; x_wconf 88' lang='lat' dir='ltr'><strong>nec</strong></span> <span class='ocrx_word' id='word_1_436' title='bbox 2635 2055 3059 2118; x_wconf 83' lang='lat' dir='ltr'><strong>Alexandrinus,</strong></span> <span class='ocrx_word' id='word_1_437' title='bbox 3093 2069 3193 2108; x_wconf 89' lang='lat' dir='ltr'><strong>nec</strong></span> <span class='ocrx_word' id='word_1_438' title='bbox 3233 2051 3622 2108; x_wconf 89' lang='lat' dir='ltr'><strong>Constantino-</strong></span> 
     </span>
    </p>
   </div>
   <div class='ocr_carea' id='block_1_65' title="bbox 2051 2143 3618 2216">
    <p class='ocr_par' dir='ltr' id='par_1_65' title="bbox 2051 2143 3618 2216">
     <span class='ocr_line' id='line_1_65' title="bbox 2051 2143 3618 2216; baseline -0.005 -16"><span class='ocrx_word' id='word_1_439' title='bbox 2051 2147 2330 2216; x_wconf 86' lang='lat' dir='ltr'><strong>politanus</strong></span> <span class='ocrx_word' id='word_1_440' title='bbox 2360 2146 2554 2200; x_wconf 89' lang='lat' dir='ltr'><strong>habuit</strong></span> <span class='ocrx_word' id='word_1_441' title='bbox 2604 2157 2699 2200; x_wconf 90' lang='lat' dir='ltr'><strong>aut</strong></span> <span class='ocrx_word' id='word_1_442' title='bbox 2747 2145 2952 2199; x_wconf 81' lang='lat' dir='ltr'><strong>habet?</strong></span> <span class='ocrx_word' id='word_1_443' title='bbox 2980 2143 3268 2210; x_wconf 78' lang='lat' dir='ltr'><strong>Quomodo</strong></span> <span class='ocrx_word' id='word_1_444' title='bbox 3313 2144 3476 2212; x_wconf 74' lang='lat' dir='ltr'><strong>igitur</strong></span> <span class='ocrx_word' id='word_1_445' title='bbox 3509 2156 3618 2193; x_wconf 92' lang='lat' dir='ltr'><strong>non</strong></span> 
     </span>
    </p>
   </div>
   <div class='ocr_carea' id='block_1_66' title="bbox 2053 2233 3618 2308">
    <p class='ocr_par' dir='ltr' id='par_1_66' title="bbox 2053 2233 3618 2308">
     <span class='ocr_line' id='line_1_66' title="bbox 2053 2233 3618 2308; baseline -0.006 -16"><span class='ocrx_word' id='word_1_446' title='bbox 2053 2238 2550 2308; x_wconf 77' lang='lat' dir='ltr'><strong>magnifaciendum</strong></span> <span class='ocrx_word' id='word_1_447' title='bbox 2589 2237 2735 2308; x_wconf 89' lang='lat' dir='ltr'><strong>quod</strong></span> <span class='ocrx_word' id='word_1_448' title='bbox 2769 2238 3049 2291; x_wconf 82' lang='lat' dir='ltr'><strong>Romanus</strong></span> <span class='ocrx_word' id='word_1_449' title='bbox 3097 2244 3324 2290; x_wconf 86' lang='lat' dir='ltr'><strong>vocetur</strong></span> <span class='ocrx_word' id='word_1_450' title='bbox 3355 2233 3618 2302; x_wconf 81' lang='lat' dir='ltr'><strong>apostoli-</strong></span> 
     </span>
    </p>
   </div>
   <div class='ocr_carea' id='block_1_67' title="bbox 2052 2323 3622 2399">
    <p class='ocr_par' dir='ltr' id='par_1_67' title="bbox 2052 2323 3622 2399">
     <span class='ocr_line' id='line_1_67' title="bbox 2052 2323 3622 2399; baseline -0.006 -15"><span class='ocrx_word' id='word_1_451' title='bbox 2052 2343 2172 2392; x_wconf 90' lang='lat' dir='ltr'><strong>cus,</strong></span> <span class='ocrx_word' id='word_1_452' title='bbox 2208 2344 2333 2383; x_wconf 90' lang='lat' dir='ltr'><strong>cum</strong></span> <span class='ocrx_word' id='word_1_453' title='bbox 2380 2329 2676 2399; x_wconf 87' lang='lat' dir='ltr'><strong>episcopus</strong></span> <span class='ocrx_word' id='word_1_454' title='bbox 2709 2328 2945 2398; x_wconf 85' lang='lat' dir='ltr'><strong>quisque</strong></span> <span class='ocrx_word' id='word_1_455' title='bbox 2980 2327 3169 2383; x_wconf 87' lang='lat' dir='ltr'><strong>sedeat</strong></span> <span class='ocrx_word' id='word_1_456' title='bbox 3205 2329 3259 2380; x_wconf 92' lang='lat' dir='ltr'><strong>in</strong></span> <span class='ocrx_word' id='word_1_457' title='bbox 3297 2325 3426 2379; x_wconf 88' lang='lat' dir='ltr'><strong>sede</strong></span> <span class='ocrx_word' id='word_1_458' title='bbox 3461 2323 3622 2380; x_wconf 87' lang='lat' dir='ltr'><strong>Chri-</strong></span> 
     </span>
    </p>
   </div>
   <div class='ocr_carea' id='block_1_68' title="bbox 2052 2413 3621 2487">
    <p class='ocr_par' dir='ltr' id='par_1_68' title="bbox 2052 2413 3621 2487">
     <span class='ocr_line' id='line_1_68' title="bbox 2052 2413 3621 2487; baseline -0.006 -11"><span class='ocrx_word' id='word_1_459' title='bbox 2052 2421 2168 2476; x_wconf 82' lang='lat' dir='ltr'><strong>sti?</strong></span> <span class='ocrx_word' id='word_1_460' title='bbox 2196 2419 2321 2475; x_wconf 71' lang='lat' dir='ltr'><strong>Haec</strong></span> <span class='ocrx_word' id='word_1_461' title='bbox 2353 2435 2462 2474; x_wconf 90' lang='lat' dir='ltr'><strong>non</strong></span> <span class='ocrx_word' id='word_1_462' title='bbox 2489 2420 2823 2475; x_wconf 85' lang='lat' dir='ltr'><strong>conveniunt</strong></span> <span class='ocrx_word' id='word_1_463' title='bbox 2864 2433 2988 2474; x_wconf 90' lang='lat' dir='ltr'><strong>cum</strong></span> <span class='ocrx_word' id='word_1_464' title='bbox 3043 2433 3208 2474; x_wconf 86' lang='lat' dir='ltr'><strong>sensu</strong></span> <span class='ocrx_word' id='word_1_465' title='bbox 3243 2413 3621 2487; x_wconf 86' lang='lat' dir='ltr'><strong>Chrysostomi</strong></span> 
     </span>
    </p>
   </div>
   <div class='ocr_carea' id='block_1_69' title="bbox 2051 2508 3622 2581">
    <p class='ocr_par' dir='ltr' id='par_1_69' title="bbox 2051 2508 3622 2581">
     <span class='ocr_line' id='line_1_69' title="bbox 2051 2508 3622 2581; baseline -0.007 -14"><span class='ocrx_word' id='word_1_466' title='bbox 2051 2521 2110 2568; x_wconf 89' lang='lat' dir='ltr'><strong>et</strong></span> <span class='ocrx_word' id='word_1_467' title='bbox 2133 2512 2371 2581; x_wconf 67' lang='lat' dir='ltr'><strong>antiquae</strong></span> <span class='ocrx_word' id='word_1_468' title='bbox 2398 2511 2697 2567; x_wconf 84' lang='lat' dir='ltr'><strong>Orientalis</strong></span> <span class='ocrx_word' id='word_1_469' title='bbox 2722 2511 3011 2576; x_wconf 83' lang='lat' dir='ltr'><strong>Ecclesiae;</strong></span> <span class='ocrx_word' id='word_1_470' title='bbox 3039 2509 3133 2564; x_wconf 89' lang='lat' dir='ltr'><strong>sed</strong></span> <span class='ocrx_word' id='word_1_471' title='bbox 3165 2509 3238 2564; x_wconf 85' lang='lat' dir='ltr'><strong>ita</strong></span> <span class='ocrx_word' id='word_1_472' title='bbox 3269 2508 3451 2562; x_wconf 88' lang='lat' dir='ltr'><strong>dicere</strong></span> <span class='ocrx_word' id='word_1_473' title='bbox 3480 2514 3536 2558; x_wconf 89' lang='lat' dir='ltr'><strong>ut</strong></span> <span class='ocrx_word' id='word_1_474' title='bbox 3565 2514 3622 2558; x_wconf 90' lang='lat' dir='ltr'><strong>tu</strong></span> 
     </span>
    </p>
   </div>
   <div class='ocr_carea' id='block_1_70' title="bbox 2053 2600 3626 2668">
    <p class='ocr_par' dir='ltr' id='par_1_70' title="bbox 2053 2600 3626 2668">
     <span class='ocr_line' id='line_1_70' title="bbox 2053 2600 3626 2668; baseline -0.006 -8"><span class='ocrx_word' id='word_1_475' title='bbox 2053 2605 2210 2668; x_wconf 89' lang='lat' dir='ltr'><strong>dicis,</strong></span> <span class='ocrx_word' id='word_1_476' title='bbox 2240 2615 2327 2660; x_wconf 89' lang='lat' dir='ltr'><strong>est</strong></span> <span class='ocrx_word' id='word_1_477' title='bbox 2370 2604 2592 2658; x_wconf 84' lang='lat' dir='ltr'><strong>Patrum</strong></span> <span class='ocrx_word' id='word_1_478' title='bbox 2646 2604 2952 2659; x_wconf 89' lang='lat' dir='ltr'><strong>sententias</strong></span> <span class='ocrx_word' id='word_1_479' title='bbox 2996 2602 3196 2658; x_wconf 76' lang='lat' dir='ltr'><strong>aﬂerre</strong></span> <span class='ocrx_word' id='word_1_480' title='bbox 3248 2600 3537 2663; x_wconf 78' lang='lat' dir='ltr'><strong>fallaciter,</strong></span> <span class='ocrx_word' id='word_1_481' title='bbox 3568 2605 3626 2651; x_wconf 89' lang='lat' dir='ltr'><strong>et</strong></span> 
     </span>
    </p>
   </div>
   <div class='ocr_carea' id='block_1_71' title="bbox 2053 2691 3623 2768">
    <p class='ocr_par' dir='ltr' id='par_1_71' title="bbox 2053 2691 3623 2768">
     <span class='ocr_line' id='line_1_71' title="bbox 2053 2691 3623 2768; baseline -0.008 -15"><span class='ocrx_word' id='word_1_482' title='bbox 2053 2697 2306 2768; x_wconf 82' lang='lat' dir='ltr'><strong>negando</strong></span> <span class='ocrx_word' id='word_1_483' title='bbox 2337 2697 2632 2767; x_wconf 88' lang='lat' dir='ltr'><strong>primatum</strong></span> <span class='ocrx_word' id='word_1_484' title='bbox 2678 2697 2918 2752; x_wconf 87' lang='lat' dir='ltr'><strong>schisma</strong></span> <span class='ocrx_word' id='word_1_485' title='bbox 2973 2696 3254 2749; x_wconf 86' lang='lat' dir='ltr'><strong>inducere.</strong></span> <span class='ocrx_word' id='word_1_486' title='bbox 3297 2691 3623 2760; x_wconf 83' lang='lat' dir='ltr'><strong>Quanquam</strong></span> 
     </span>
    </p>
   </div>
   <div class='ocr_carea' id='block_1_72' title="bbox 2053 2782 3621 2858">
    <p class='ocr_par' dir='ltr' id='par_1_72' title="bbox 2053 2782 3621 2858">
     <span class='ocr_line' id='line_1_72' title="bbox 2053 2782 3621 2858; baseline -0.006 -13"><span class='ocrx_word' id='word_1_487' title='bbox 2053 2806 2122 2845; x_wconf 89' lang='lat' dir='ltr'><strong>ne</strong></span> <span class='ocrx_word' id='word_1_488' title='bbox 2149 2789 2230 2844; x_wconf 83' lang='lat' dir='ltr'><strong>sic</strong></span> <span class='ocrx_word' id='word_1_489' title='bbox 2257 2789 2501 2856; x_wconf 86' lang='lat' dir='ltr'><strong>quidem,</strong></span> <span class='ocrx_word' id='word_1_490' title='bbox 2525 2800 2586 2843; x_wconf 91' lang='lat' dir='ltr'><strong>ut</strong></span> <span class='ocrx_word' id='word_1_491' title='bbox 2617 2799 2673 2843; x_wconf 92' lang='lat' dir='ltr'><strong>tu</strong></span> <span class='ocrx_word' id='word_1_492' title='bbox 2700 2787 3108 2858; x_wconf 87' lang='lat' dir='ltr'><strong>interpretaris,</strong></span> <span class='ocrx_word' id='word_1_493' title='bbox 3143 2786 3312 2840; x_wconf 89' lang='lat' dir='ltr'><strong>habes</strong></span> <span class='ocrx_word' id='word_1_494' title='bbox 3335 2783 3481 2854; x_wconf 87' lang='lat' dir='ltr'><strong>quod</strong></span> <span class='ocrx_word' id='word_1_495' title='bbox 3519 2782 3621 2836; x_wconf 87' lang='lat' dir='ltr'><strong>vis.</strong></span> 
     </span>
    </p>
   </div>
   <div class='ocr_carea' id='block_1_73' title="bbox 2056 2874 3619 2952">
    <p class='ocr_par' dir='ltr' id='par_1_73' title="bbox 2056 2874 3619 2952">
     <span class='ocr_line' id='line_1_73' title="bbox 2056 2874 3619 2952; baseline -0.006 -17"><span class='ocrx_word' id='word_1_496' title='bbox 2056 2881 2184 2937; x_wconf 88' lang='lat' dir='ltr'><strong>Esto</strong></span> <span class='ocrx_word' id='word_1_497' title='bbox 2215 2882 2362 2936; x_wconf 90' lang='lat' dir='ltr'><strong>enim</strong></span> <span class='ocrx_word' id='word_1_498' title='bbox 2393 2879 2540 2952; x_wconf 89' lang='lat' dir='ltr'><strong>quod</strong></span> <span class='ocrx_word' id='word_1_499' title='bbox 2567 2895 2759 2934; x_wconf 89' lang='lat' dir='ltr'><strong>omnes</strong></span> <span class='ocrx_word' id='word_1_500' title='bbox 2804 2879 3044 2949; x_wconf 88' lang='lat' dir='ltr'><strong>episcopi</strong></span> <span class='ocrx_word' id='word_1_501' title='bbox 3102 2878 3332 2933; x_wconf 90' lang='lat' dir='ltr'><strong>sedeant</strong></span> <span class='ocrx_word' id='word_1_502' title='bbox 3386 2876 3441 2929; x_wconf 92' lang='lat' dir='ltr'><strong>in</strong></span> <span class='ocrx_word' id='word_1_503' title='bbox 3490 2874 3619 2928; x_wconf 80' lang='lat' dir='ltr'><strong>sede</strong></span> 
     </span>
    </p>
   </div>
   <div class='ocr_carea' id='block_1_74' title="bbox 2055 2968 3624 3039">
    <p class='ocr_par' dir='ltr' id='par_1_74' title="bbox 2055 2968 3624 3039">
     <span class='ocr_line' id='line_1_74' title="bbox 2055 2968 3624 3039; baseline -0.01 -9"><span class='ocrx_word' id='word_1_504' title='bbox 2055 2975 2290 3039; x_wconf 85' lang='lat' dir='ltr'><strong>Christi;</strong></span> <span class='ocrx_word' id='word_1_505' title='bbox 2324 2989 2434 3027; x_wconf 89' lang='lat' dir='ltr'><strong>non</strong></span> <span class='ocrx_word' id='word_1_506' title='bbox 2476 2983 2654 3027; x_wconf 86' lang='lat' dir='ltr'><strong>tamen</strong></span> <span class='ocrx_word' id='word_1_507' title='bbox 2688 2986 2912 3026; x_wconf 87' lang='lat' dir='ltr'><strong>necesse</strong></span> <span class='ocrx_word' id='word_1_508' title='bbox 2943 2981 3028 3026; x_wconf 88' lang='lat' dir='ltr'><strong>est</strong></span> <span class='ocrx_word' id='word_1_509' title='bbox 3064 2968 3256 3024; x_wconf 90' lang='lat' dir='ltr'><strong>sedere</strong></span> <span class='ocrx_word' id='word_1_510' title='bbox 3284 2979 3475 3021; x_wconf 89' lang='lat' dir='ltr'><strong>omnes</strong></span> <span class='ocrx_word' id='word_1_511' title='bbox 3500 2978 3624 3017; x_wconf 89' lang='lat' dir='ltr'><strong>cum</strong></span> 
     </span>
    </p>
   </div>
   <div class='ocr_carea' id='block_1_75' title="bbox 2054 3056 3623 3136">
    <p class='ocr_par' dir='ltr' id='par_1_75' title="bbox 2054 3056 3623 3136">
     <span class='ocr_line' id='line_1_75' title="bbox 2054 3056 3623 3136; baseline -0.01 -14"><span class='ocrx_word' id='word_1_512' title='bbox 2054 3066 2386 3136; x_wconf 67' lang='lat' dir='ltr'><strong>atqualitatis</strong></span> <span class='ocrx_word' id='word_1_513' title='bbox 2408 3066 2620 3120; x_wconf 89' lang='lat' dir='ltr'><strong>honore</strong></span> <span class='ocrx_word' id='word_1_514' title='bbox 2651 3083 2678 3118; x_wconf 83' lang='lat'><strong>:.</strong></span> <span class='ocrx_word' id='word_1_515' title='bbox 2707 3063 2851 3118; x_wconf 90' lang='lat' dir='ltr'><strong>sicut</strong></span> <span class='ocrx_word' id='word_1_516' title='bbox 2886 3072 2941 3118; x_wconf 92' lang='lat' dir='ltr'><strong>et</strong></span> <span class='ocrx_word' id='word_1_517' title='bbox 2978 3061 3182 3132; x_wconf 80' lang='lat' dir='ltr'><strong>legales</strong></span> <span class='ocrx_word' id='word_1_518' title='bbox 3222 3056 3534 3114; x_wconf 80' lang='lat' dir='ltr'><strong>sacerdotes</strong></span> <span class='ocrx_word' id='word_1_519' title='bbox 3568 3057 3623 3106; x_wconf 85' lang='lat' dir='ltr'><strong>in</strong></span> 
     </span>
    </p>
   </div>
   <div class='ocr_carea' id='block_1_76' title="bbox 2059 3149 3626 3229">
    <p class='ocr_par' dir='ltr' id='par_1_76' title="bbox 2059 3149 3626 3229">
     <span class='ocr_line' id='line_1_76' title="bbox 2059 3149 3626 3229; baseline -0.009 -15"><span class='ocrx_word' id='word_1_520' title='bbox 2059 3159 2320 3215; x_wconf 87' lang='lat' dir='ltr'><strong>cathedra</strong></span> <span class='ocrx_word' id='word_1_521' title='bbox 2375 3157 2544 3229; x_wconf 77' lang='lat' dir='ltr'><strong>Moysi</strong></span> <span class='ocrx_word' id='word_1_522' title='bbox 2604 3173 2712 3211; x_wconf 92' lang='lat' dir='ltr'><strong>non</strong></span> <span class='ocrx_word' id='word_1_523' title='bbox 2755 3170 2947 3210; x_wconf 84' lang='lat' dir='ltr'><strong>omnes</strong></span> <span class='ocrx_word' id='word_1_524' title='bbox 3003 3152 3286 3223; x_wconf 70' lang='lat' dir='ltr'><strong>aequaliter</strong></span> <span class='ocrx_word' id='word_1_525' title='bbox 3331 3149 3626 3211; x_wconf 84' lang='lat' dir='ltr'><strong>sedebant;</strong></span> 
     </span>
    </p>
   </div>
   <div class='ocr_carea' id='block_1_77' title="bbox 2060 3241 3632 3317">
    <p class='ocr_par' dir='ltr' id='par_1_77' title="bbox 2060 3241 3632 3317">
     <span class='ocr_line' id='line_1_77' title="bbox 2060 3241 3632 3317; baseline -0.01 -9"><span class='ocrx_word' id='word_1_526' title='bbox 2060 3253 2337 3308; x_wconf 87' lang='lat' dir='ltr'><strong>eminebat</strong></span> <span class='ocrx_word' id='word_1_527' title='bbox 2365 3251 2513 3306; x_wconf 88' lang='lat' dir='ltr'><strong>enim</strong></span> <span class='ocrx_word' id='word_1_528' title='bbox 2547 3251 2693 3305; x_wconf 91' lang='lat' dir='ltr'><strong>inter</strong></span> <span class='ocrx_word' id='word_1_529' title='bbox 2727 3250 2852 3304; x_wconf 87' lang='lat' dir='ltr'><strong>illos</strong></span> <span class='ocrx_word' id='word_1_530' title='bbox 2880 3247 3150 3317; x_wconf 79' lang='lat' dir='ltr'><strong>pontifex.</strong></span> <span class='ocrx_word' id='word_1_531' title='bbox 3185 3245 3376 3314; x_wconf 81' lang='lat' dir='ltr'><strong>Itaque</strong></span> <span class='ocrx_word' id='word_1_532' title='bbox 3425 3241 3632 3311; x_wconf 83' lang='lat' dir='ltr'><strong>magni-</strong></span> 
     </span>
    </p>
   </div>
   <div class='ocr_carea' id='block_1_78' title="bbox 2058 3331 3632 3414">
    <p class='ocr_par' dir='ltr' id='par_1_78' title="bbox 2058 3331 3632 3414">
     <span class='ocr_line' id='line_1_78' title="bbox 2058 3331 3632 3414; baseline -0.012 -15"><span class='ocrx_word' id='word_1_533' title='bbox 2058 3345 2378 3401; x_wconf 78' lang='lat' dir='ltr'><strong>faciendum</strong></span> <span class='ocrx_word' id='word_1_534' title='bbox 2405 3341 2665 3414; x_wconf 80' lang='lat' dir='ltr'><strong>est‘quod</strong></span> <span class='ocrx_word' id='word_1_535' title='bbox 2699 3341 2814 3396; x_wconf 91' lang='lat' dir='ltr'><strong>sola</strong></span> <span class='ocrx_word' id='word_1_536' title='bbox 2852 3339 3100 3394; x_wconf 83' lang='lat' dir='ltr'><strong>Romana</strong></span> <span class='ocrx_word' id='word_1_537' title='bbox 3133 3337 3294 3392; x_wconf 88' lang='lat' dir='ltr'><strong>sedes</strong></span> <span class='ocrx_word' id='word_1_538' title='bbox 3327 3350 3424 3405; x_wconf 87' lang='lat' dir='ltr'><strong>per</strong></span> <span class='ocrx_word' id='word_1_539' title='bbox 3452 3331 3632 3388; x_wconf 76' lang='lat' dir='ltr'><strong>excel-</strong></span> 
     </span>
    </p>
   </div>
   <div class='ocr_carea' id='block_1_79' title="bbox 2058 3427 3633 3505">
    <p class='ocr_par' dir='ltr' id='par_1_79' title="bbox 2058 3427 3633 3505">
     <span class='ocr_line' id='line_1_79' title="bbox 2058 3427 3633 3505; baseline -0.011 -12"><span class='ocrx_word' id='word_1_540' title='bbox 2058 3441 2285 3494; x_wconf 86' lang='lat' dir='ltr'><strong>leutiam</strong></span> <span class='ocrx_word' id='word_1_541' title='bbox 2339 3448 2566 3493; x_wconf 88' lang='lat' dir='ltr'><strong>vocetur</strong></span> <span class='ocrx_word' id='word_1_542' title='bbox 2619 3433 2917 3505; x_wconf 89' lang='lat' dir='ltr'><strong>apostolica</strong></span> <span class='ocrx_word' id='word_1_543' title='bbox 2953 3475 2968 3499; x_wconf 92' lang='lat'><strong>,</strong></span> <span class='ocrx_word' id='word_1_544' title='bbox 3027 3439 3081 3487; x_wconf 92' lang='lat' dir='ltr'><strong>et</strong></span> <span class='ocrx_word' id='word_1_545' title='bbox 3137 3430 3286 3484; x_wconf 89' lang='lat' dir='ltr'><strong>solus</strong></span> <span class='ocrx_word' id='word_1_546' title='bbox 3337 3427 3633 3496; x_wconf 71' lang='lat' dir='ltr'><strong>episcopus</strong></span> 
     </span>
    </p>
   </div>
   <div class='ocr_carea' id='block_1_80' title="bbox 2060 3519 3628 3598">
    <p class='ocr_par' dir='ltr' id='par_1_80' title="bbox 2060 3519 3628 3598">
     <span class='ocr_line' id='line_1_80' title="bbox 2060 3519 3628 3598; baseline -0.012 -10"><span class='ocrx_word' id='word_1_547' title='bbox 2060 3535 2339 3589; x_wconf 78' lang='lat' dir='ltr'><strong>Romanus</strong></span> <span class='ocrx_word' id='word_1_548' title='bbox 2363 3534 2439 3588; x_wconf 88' lang='lat' dir='ltr'><strong>ita</strong></span> <span class='ocrx_word' id='word_1_549' title='bbox 2466 3531 2656 3588; x_wconf 88' lang='lat' dir='ltr'><strong>sedeat</strong></span> <span class='ocrx_word' id='word_1_550' title='bbox 2694 3533 2755 3598; x_wconf 23' lang='lat' dir='ltr'><strong>in.</strong></span> <span class='ocrx_word' id='word_1_551' title='bbox 2781 3527 3046 3584; x_wconf 89' lang='lat' dir='ltr'><strong>cathedra</strong></span> <span class='ocrx_word' id='word_1_552' title='bbox 3074 3524 3304 3587; x_wconf 84' lang='lat' dir='ltr'><strong>Christi,</strong></span> <span class='ocrx_word' id='word_1_553' title='bbox 3338 3531 3395 3577; x_wconf 93' lang='lat' dir='ltr'><strong>ut</strong></span> <span class='ocrx_word' id='word_1_554' title='bbox 3418 3519 3628 3590; x_wconf 80' lang='lat' dir='ltr'><strong>episco-</strong></span> 
     </span>
    </p>
   </div>
   <div class='ocr_carea' id='block_1_81' title="bbox 2057 3625 3025 3697">
    <p class='ocr_par' dir='ltr' id='par_1_81' title="bbox 2057 3625 3025 3697">
     <span class='ocr_line' id='line_1_81' title="bbox 2057 3625 3025 3697; baseline -0.006 -15"><span class='ocrx_word' id='word_1_555' title='bbox 2057 3643 2251 3697; x_wconf 85' lang='lat' dir='ltr'><strong>porum</strong></span> <span class='ocrx_word' id='word_1_556' title='bbox 2287 3629 2532 3682; x_wconf 90' lang='lat' dir='ltr'><strong>omnium</strong></span> <span class='ocrx_word' id='word_1_557' title='bbox 2562 3627 2631 3680; x_wconf 89' lang='lat' dir='ltr'><strong>sit</strong></span> <span class='ocrx_word' id='word_1_558' title='bbox 2657 3625 2847 3694; x_wconf 77' lang='lat' dir='ltr'><strong>judcx.</strong></span> <span class='ocrx_word' id='word_1_559' title='bbox 3018 3633 3025 3638; x_wconf 85' lang='lat'>‘</span> 
     </span>
    </p>
   </div>
   <div class='ocr_carea' id='block_1_82' title="bbox 2539 3756 3155 3830">
    <p class='ocr_par' dir='ltr' id='par_1_82' title="bbox 2539 3756 3155 3830">
     <span class='ocr_line' id='line_1_82' title="bbox 2539 3756 3155 3830; baseline -0.01 -15"><span class='ocrx_word' id='word_1_560' title='bbox 2539 3760 2743 3816; x_wconf 76' lang='lat' dir='ltr'><strong>NILUS</strong></span> <span class='ocrx_word' id='word_1_561' title='bbox 2777 3758 2928 3830; x_wconf 87' lang='lat' dir='ltr'><strong>(Cap.</strong></span> <span class='ocrx_word' id='word_1_562' title='bbox 2965 3756 3155 3817; x_wconf 84' lang='lat' dir='ltr'><strong>xxm.</strong></span> 
     </span>
    </p>
   </div>
   <div class='ocr_carea' id='block_1_83' title="bbox 2146 3892 3631 3965">
    <p class='ocr_par' dir='ltr' id='par_1_83' title="bbox 2146 3892 3631 3965">
     <span class='ocr_line' id='line_1_83' title="bbox 2146 3892 3631 3965; baseline -0.009 -10"><span class='ocrx_word' id='word_1_563' title='bbox 2146 3923 2164 3955; x_wconf 86' lang='grc'><strong>‹</strong></span> <span class='ocrx_word' id='word_1_564' title='bbox 2202 3901 2391 3954; x_wconf 89' lang='lat' dir='ltr'><strong>Dicere</strong></span> <span class='ocrx_word' id='word_1_565' title='bbox 2425 3907 2629 3959; x_wconf 89' lang='lat' dir='ltr'><strong>autem,</strong></span> <span class='ocrx_word' id='word_1_566' title='bbox 2667 3897 2769 3952; x_wconf 89' lang='lat' dir='ltr'><strong>soli</strong></span> <span class='ocrx_word' id='word_1_567' title='bbox 2818 3911 2971 3965; x_wconf 74' lang='lat' dir='ltr'><strong>papa:</strong></span> <span class='ocrx_word' id='word_1_568' title='bbox 3026 3895 3195 3949; x_wconf 90' lang='lat' dir='ltr'><strong>licere</strong></span> <span class='ocrx_word' id='word_1_569' title='bbox 3239 3892 3631 3948; x_wconf 83' lang='lat' dir='ltr'><strong>cecumenicam</strong></span> 
     </span>
    </p>
   </div>
   <div class='ocr_carea' id='block_1_84' title="bbox 2060 3981 3635 4066">
    <p class='ocr_par' dir='ltr' id='par_1_84' title="bbox 2060 3981 3635 4066">
     <span class='ocr_line' id='line_1_84' title="bbox 2060 3981 3635 4066; baseline -0.013 -12"><span class='ocrx_word' id='word_1_570' title='bbox 2060 3995 2375 4066; x_wconf 86' lang='lat' dir='ltr'><strong>congregari</strong></span> <span class='ocrx_word' id='word_1_571' title='bbox 2412 3990 2703 4062; x_wconf 86' lang='lat' dir='ltr'><strong>synodum,</strong></span> <span class='ocrx_word' id='word_1_572' title='bbox 2749 4003 2816 4042; x_wconf 91' lang='lat' dir='ltr'><strong>an</strong></span> <span class='ocrx_word' id='word_1_573' title='bbox 2857 4003 2964 4040; x_wconf 92' lang='lat' dir='ltr'><strong>non</strong></span> <span class='ocrx_word' id='word_1_574' title='bbox 3014 3993 3098 4040; x_wconf 90' lang='lat' dir='ltr'><strong>est</strong></span> <span class='ocrx_word' id='word_1_575' title='bbox 3155 4000 3276 4054; x_wconf 80' lang='lat' dir='ltr'><strong>qua:</strong></span> <span class='ocrx_word' id='word_1_576' title='bbox 3305 3981 3635 4036; x_wconf 80' lang='lat' dir='ltr'><strong>manifestis-</strong></span> 
     </span>
    </p>
   </div>
   <div class='ocr_carea' id='block_1_85' title="bbox 2061 4074 3628 4156">
    <p class='ocr_par' dir='ltr' id='par_1_85' title="bbox 2061 4074 3628 4156">
     <span class='ocr_line' id='line_1_85' title="bbox 2061 4074 3628 4156; baseline -0.011 -11"><span class='ocrx_word' id='word_1_577' title='bbox 2061 4092 2201 4146; x_wconf 88' lang='lat' dir='ltr'><strong>sima</strong></span> <span class='ocrx_word' id='word_1_578' title='bbox 2243 4097 2372 4145; x_wconf 92' lang='lat' dir='ltr'><strong>sunt</strong></span> <span class='ocrx_word' id='word_1_579' title='bbox 2400 4083 2754 4156; x_wconf 76' lang='lat' dir='ltr'><strong>oppugnare?</strong></span> <span class='ocrx_word' id='word_1_580' title='bbox 2782 4097 2848 4135; x_wconf 86' lang='lat' dir='ltr'><strong>an</strong></span> <span class='ocrx_word' id='word_1_581' title='bbox 2899 4079 3080 4148; x_wconf 87' lang='lat' dir='ltr'><strong>potius</strong></span> <span class='ocrx_word' id='word_1_582' title='bbox 3112 4087 3270 4146; x_wconf 91' lang='lat' dir='ltr'><strong>turpe</strong></span> <span class='ocrx_word' id='word_1_583' title='bbox 3303 4091 3412 4129; x_wconf 88' lang='lat' dir='ltr'><strong>non</strong></span> <span class='ocrx_word' id='word_1_584' title='bbox 3455 4082 3535 4129; x_wconf 88' lang='lat' dir='ltr'><strong>est</strong></span> <span class='ocrx_word' id='word_1_585' title='bbox 3573 4074 3628 4127; x_wconf 90' lang='lat' dir='ltr'><strong>in</strong></span> 
     </span>
    </p>
   </div>
   <div class='ocr_carea' id='block_1_86' title="bbox 2059 4170 3632 4242">
    <p class='ocr_par' dir='ltr' id='par_1_86' title="bbox 2059 4170 3632 4242">
     <span class='ocr_line' id='line_1_86' title="bbox 2059 4170 3632 4242; baseline -0.012 -1"><span class='ocrx_word' id='word_1_586' title='bbox 2059 4201 2128 4242; x_wconf 91' lang='lat' dir='ltr'><strong>co</strong></span> <span class='ocrx_word' id='word_1_587' title='bbox 2175 4182 2517 4238; x_wconf 88' lang='lat' dir='ltr'><strong>sacerdotem</strong></span> <span class='ocrx_word' id='word_1_588' title='bbox 2571 4192 2690 4233; x_wconf 89' lang='lat' dir='ltr'><strong>esse</strong></span> <span class='ocrx_word' id='word_1_589' title='bbox 2743 4174 3134 4237; x_wconf 87' lang='lat' dir='ltr'><strong>ambitiosum,</strong></span> <span class='ocrx_word' id='word_1_590' title='bbox 3174 4170 3229 4223; x_wconf 89' lang='lat' dir='ltr'><strong>iu</strong></span> <span class='ocrx_word' id='word_1_591' title='bbox 3284 4184 3393 4238; x_wconf 90' lang='lat' dir='ltr'><strong>quo</strong></span> <span class='ocrx_word' id='word_1_592' title='bbox 3448 4175 3632 4236; x_wconf 73' lang='lat' dir='ltr'><strong>potest</strong></span> 
     </span>
    </p>
   </div>
   <div class='ocr_carea' id='block_1_87' title="bbox 2061 4259 3636 4342">
    <p class='ocr_par' dir='ltr' id='par_1_87' title="bbox 2061 4259 3636 4342">
     <span class='ocr_line' id='line_1_87' title="bbox 2061 4259 3636 4342; baseline -0.013 -11"><span class='ocrx_word' id='word_1_593' title='bbox 2061 4278 2226 4333; x_wconf 84' lang='lat' dir='ltr'><strong>etiam</strong></span> <span class='ocrx_word' id='word_1_594' title='bbox 2252 4276 2550 4342; x_wconf 85' lang='lat' dir='ltr'><strong>imperator</strong></span> <span class='ocrx_word' id='word_1_595' title='bbox 2581 4265 2910 4339; x_wconf 86' lang='lat' dir='ltr'><strong>sejactare?</strong></span> <span class='ocrx_word' id='word_1_596' title='bbox 2947 4264 3017 4320; x_wconf 86' lang='lat' dir='ltr'><strong>Ut</strong></span> <span class='ocrx_word' id='word_1_597' title='bbox 3052 4262 3196 4318; x_wconf 83' lang='lat' dir='ltr'><strong>scias</strong></span> <span class='ocrx_word' id='word_1_598' title='bbox 3217 4271 3400 4316; x_wconf 88' lang='lat' dir='ltr'><strong>autem</strong></span> <span class='ocrx_word' id='word_1_599' title='bbox 3443 4260 3506 4312; x_wconf 86' lang='lat' dir='ltr'><strong>ad</strong></span> <span class='ocrx_word' id='word_1_600' title='bbox 3535 4259 3636 4310; x_wconf 89' lang='lat' dir='ltr'><strong>im-</strong></span> 
     </span>
    </p>
   </div>
   <div class='ocr_carea' id='block_1_88' title="bbox 2067 4350 3637 4438">
    <p class='ocr_par' dir='ltr' id='par_1_88' title="bbox 2067 4350 3637 4438">
     <span class='ocr_line' id='line_1_88' title="bbox 2067 4350 3637 4438; baseline -0.014 -15"><span class='ocrx_word' id='word_1_601' title='bbox 2067 4377 2376 4438; x_wconf 82' lang='lat' dir='ltr'><strong>peratorem</strong></span> <span class='ocrx_word' id='word_1_602' title='bbox 2409 4362 2612 4431; x_wconf 82' lang='lat' dir='ltr'><strong>petius,</strong></span> <span class='ocrx_word' id='word_1_603' title='bbox 2637 4374 2800 4428; x_wconf 89' lang='lat' dir='ltr'><strong>quam</strong></span> <span class='ocrx_word' id='word_1_604' title='bbox 2835 4357 2903 4410; x_wconf 89' lang='lat' dir='ltr'><strong>ad</strong></span> <span class='ocrx_word' id='word_1_605' title='bbox 2925 4355 3218 4425; x_wconf 86' lang='lat' dir='ltr'><strong>episcopos</strong></span> <span class='ocrx_word' id='word_1_606' title='bbox 3245 4352 3298 4406; x_wconf 92' lang='lat' dir='ltr'><strong>id</strong></span> <span class='ocrx_word' id='word_1_607' title='bbox 3336 4350 3637 4423; x_wconf 73' lang='lat' dir='ltr'><strong>pertinere,</strong></span> 
     </span>
    </p>
   </div>
   <div class='ocr_carea' id='block_1_89' title="bbox 385 4441 1953 4525">
    <p class='ocr_par' dir='ltr' id='par_1_89' title="bbox 385 4447 1953 4522">
     <span class='ocr_line' id='line_1_89' title="bbox 385 4447 1953 4522; baseline 0.003 -23"><span class='ocrx_word' id='word_1_608' title='bbox 385 4466 499 4506; x_wconf 83' lang='grc' dir='ltr'>ται,</span> <span class='ocrx_word' id='word_1_609' title='bbox 559 4448 830 4514; x_wconf 81' lang='grc' dir='ltr'>ἀνάγνωθι</span> <span class='ocrx_word' id='word_1_610' title='bbox 890 4448 998 4501; x_wconf 83' lang='grc' dir='ltr'><strong>ἀπὸ</strong></span> <span class='ocrx_word' id='word_1_611' title='bbox 1049 4447 1160 4501; x_wconf 82' lang='grc' dir='ltr'>τῶν</span> <span class='ocrx_word' id='word_1_612' title='bbox 1212 4449 1542 4520; x_wconf 85' lang='grc' dir='ltr'>Πρακτικῶν</span> <span class='ocrx_word' id='word_1_613' title='bbox 1584 4453 1681 4520; x_wconf 86' lang='grc' dir='ltr'><strong>τῆς</strong></span> <span class='ocrx_word' id='word_1_614' title='bbox 1733 4451 1953 4522; x_wconf 85' lang='grc' dir='ltr'>πρώτης</span> 
     </span>
    </p>
   </div>
   <div class='ocr_carea' id='block_1_90' title="bbox 2056 4441 3640 4525">
    <p class='ocr_par' dir='ltr' id='par_1_90' title="bbox 2064 4441 3640 4525">
     <span class='ocr_line' id='line_1_90' title="bbox 2064 4441 3640 4525; baseline -0.012 -15"><span class='ocrx_word' id='word_1_615' title='bbox 2064 4455 2230 4525; x_wconf 82' lang='lat' dir='ltr'><strong>legito</strong></span> <span class='ocrx_word' id='word_1_616' title='bbox 2268 4451 2554 4522; x_wconf 83' lang='lat' dir='ltr'><strong>epistolam</strong></span> <span class='ocrx_word' id='word_1_617' title='bbox 2599 4448 2788 4517; x_wconf 73' lang='lat' dir='ltr'><strong>prima:</strong></span> <span class='ocrx_word' id='word_1_618' title='bbox 2823 4445 3021 4518; x_wconf 82' lang='lat' dir='ltr'><strong>synodi</strong></span> <span class='ocrx_word' id='word_1_619' title='bbox 3053 4445 3120 4498; x_wconf 87' lang='lat' dir='ltr'><strong>ad</strong></span> <span class='ocrx_word' id='word_1_620' title='bbox 3166 4442 3465 4498; x_wconf 72' lang='lat' dir='ltr'><strong>Ecclesiam</strong></span> <span class='ocrx_word' id='word_1_621' title='bbox 3514 4441 3640 4495; x_wconf 76' lang='lat' dir='ltr'><strong>Alc-</strong></span> 
     </span>
    </p>
   </div>
   <div class='ocr_carea' id='block_1_91' title="bbox 388 4538 1962 4613">
    <p class='ocr_par' dir='ltr' id='par_1_91' title="bbox 388 4538 1962 4613">
     <span class='ocr_line' id='line_1_91' title="bbox 388 4538 1962 4613; baseline 0.004 -23"><span class='ocrx_word' id='word_1_622' title='bbox 388 4538 610 4592; x_wconf 66' lang='grc' dir='ltr'>συνόδου</span> <span class='ocrx_word' id='word_1_623' title='bbox 644 4541 742 4606; x_wconf 79' lang='grc' dir='ltr'>τὴν</span> <span class='ocrx_word' id='word_1_624' title='bbox 768 4539 1061 4608; x_wconf 83' lang='grc' dir='ltr'>ἐπιστολὴν</span> <span class='ocrx_word' id='word_1_625' title='bbox 1097 4541 1267 4606; x_wconf 83' lang='grc' dir='ltr'>αὐτῆς</span> <span class='ocrx_word' id='word_1_626' title='bbox 1297 4543 1363 4612; x_wconf 81' lang='grc' dir='ltr'>τῇ</span> <span class='ocrx_word' id='word_1_627' title='bbox 1402 4542 1798 4613; x_wconf 81' lang='grc' dir='ltr'>Ἀλεξανδρέων</span> <span class='ocrx_word' id='word_1_628' title='bbox 1840 4544 1962 4596; x_wconf 80' lang='grc' dir='ltr'><strong>Ἐκ-</strong></span> 
     </span>
    </p>
   </div>
   <div class='ocr_carea' id='block_1_92' title="bbox 390 4630 1963 4705">
    <p class='ocr_par' dir='ltr' id='par_1_92' title="bbox 390 4630 1963 4705">
     <span class='ocr_line' id='line_1_92' title="bbox 390 4630 1963 4705; baseline 0.003 -21"><span class='ocrx_word' id='word_1_629' title='bbox 390 4630 613 4702; x_wconf 68' lang='grc' dir='ltr'>κ).ησία·</span> <span class='ocrx_word' id='word_1_630' title='bbox 653 4650 670 4682; x_wconf 82' lang='grc' dir='ltr'><strong>ι</strong></span> <span class='ocrx_word' id='word_1_631' title='bbox 711 4633 952 4701; x_wconf 78' lang='grc' dir='ltr'>Ἐπειδὴ,</span> <span class='ocrx_word' id='word_1_632' title='bbox 986 4632 1142 4701; x_wconf 78' lang='grc' dir='ltr'>φησὶ,</span> <span class='ocrx_word' id='word_1_633' title='bbox 1167 4633 1265 4702; x_wconf 80' lang='grc' dir='ltr'>τῆς</span> <span class='ocrx_word' id='word_1_634' title='bbox 1299 4633 1397 4687; x_wconf 81' lang='grc' dir='ltr'><strong>τοῦ</strong></span> <span class='ocrx_word' id='word_1_635' title='bbox 1429 4635 1563 4688; x_wconf 88' lang='grc' dir='ltr'>Θεοῦ</span> <span class='ocrx_word' id='word_1_636' title='bbox 1595 4636 1837 4705; x_wconf 83' lang='grc' dir='ltr'>χάριτος,</span> <span class='ocrx_word' id='word_1_637' title='bbox 1869 4637 1963 4688; x_wconf 70' lang='grc' dir='ltr'><strong>καὶ</strong></span> 
     </span>
    </p>
   </div>
   <div class='ocr_carea' id='block_1_93' title="bbox 388 4723 1960 4793">
    <p class='ocr_par' dir='ltr' id='par_1_93' title="bbox 388 4723 1960 4793">
     <span class='ocr_line' id='line_1_93' title="bbox 388 4723 1960 4793; baseline 0.002 -17"><span class='ocrx_word' id='word_1_638' title='bbox 388 4727 486 4776; x_wconf 83' lang='grc' dir='ltr'><strong>τοῦ</strong></span> <span class='ocrx_word' id='word_1_639' title='bbox 512 4723 929 4792; x_wconf 71' lang='grc' dir='ltr'>θεοφιλεστάτου</span> <span class='ocrx_word' id='word_1_640' title='bbox 955 4725 1217 4793; x_wconf 84' lang='grc' dir='ltr'>βασιλέως</span> <span class='ocrx_word' id='word_1_641' title='bbox 1247 4728 1684 4784; x_wconf 84' lang='grc' dir='ltr'>Κωνσταντίνου.</span> <span class='ocrx_word' id='word_1_642' title='bbox 1719 4743 1960 4790; x_wconf 83' lang='grc' dir='ltr'>συναγα-</span> 
     </span>
    </p>
   </div>
   <div class='ocr_carea' id='block_1_94' title="bbox 388 4818 1959 4888">
    <p class='ocr_par' dir='ltr' id='par_1_94' title="bbox 388 4818 1959 4888">
     <span class='ocr_line' id='line_1_94' title="bbox 388 4818 1959 4888; baseline 0.001 -18"><span class='ocrx_word' id='word_1_643' title='bbox 388 4820 578 4885; x_wconf 73' lang='grc' dir='ltr'>γόντος</span> <span class='ocrx_word' id='word_1_644' title='bbox 627 4820 776 4888; x_wconf 69' lang='grc' dir='ltr'>ἡμᾶς</span> <span class='ocrx_word' id='word_1_645' title='bbox 820 4819 883 4871; x_wconf 87' lang='grc' dir='ltr'><strong>ἐκ</strong></span> <span class='ocrx_word' id='word_1_646' title='bbox 932 4819 1204 4887; x_wconf 78' lang='grc' dir='ltr'>διαφόρων</span> <span class='ocrx_word' id='word_1_647' title='bbox 1245 4818 1544 4888; x_wconf 79' lang='grc' dir='ltr'>ἐπαρχιῶν.</span> <span class='ocrx_word' id='word_1_648' title='bbox 1582 4838 1598 4869; x_wconf 69' lang='grc' dir='ltr'><strong>ι</strong></span> <span class='ocrx_word' id='word_1_649' title='bbox 1655 4819 1959 4886; x_wconf 77' lang='grc' dir='ltr'>Ἀναγνωθι</span> 
     </span>
    </p>
   </div>
   <div class='ocr_carea' id='block_1_95' title="bbox 387 4911 1962 4981">
    <p class='ocr_par' dir='ltr' id='par_1_95' title="bbox 387 4911 1962 4981">
     <span class='ocr_line' id='line_1_95' title="bbox 387 4911 1962 4981; baseline 0 -16"><span class='ocrx_word' id='word_1_650' title='bbox 387 4911 498 4965; x_wconf 77' lang='grc' dir='ltr'><strong>ἀπὸ</strong></span> <span class='ocrx_word' id='word_1_651' title='bbox 527 4912 636 4964; x_wconf 82' lang='grc' dir='ltr'><strong>τῶν</strong></span> <span class='ocrx_word' id='word_1_652' title='bbox 667 4911 991 4980; x_wconf 73' lang='grc' dir='ltr'>Ιίρακτικῶν</span> <span class='ocrx_word' id='word_1_653' title='bbox 1018 4913 1122 4980; x_wconf 80' lang='grc' dir='ltr'>τῆς</span> <span class='ocrx_word' id='word_1_654' title='bbox 1144 4912 1332 4981; x_wconf 86' lang='grc' dir='ltr'>τρίτης</span> <span class='ocrx_word' id='word_1_655' title='bbox 1360 4912 1580 4964; x_wconf 76' lang='grc' dir='ltr'>συνόδου</span> <span class='ocrx_word' id='word_1_656' title='bbox 1611 4911 1713 4980; x_wconf 82' lang='grc' dir='ltr'><strong>τὴν</strong></span> <span class='ocrx_word' id='word_1_657' title='bbox 1744 4913 1962 4965; x_wconf 75' lang='grc' dir='ltr'>ἐπιστοε-</span> 
     </span>
    </p>
   </div>
   <div class='ocr_carea' id='block_1_96' title="bbox 388 4996 1960 5074">
    <p class='ocr_par' dir='ltr' id='par_1_96' title="bbox 388 4996 1960 5074">
     <span class='ocr_line' id='line_1_96' title="bbox 388 4996 1960 5074; baseline 0 -19"><span class='ocrx_word' id='word_1_658' title='bbox 388 5004 489 5072; x_wconf 79' lang='grc' dir='ltr'><strong>λὴν</strong></span> <span class='ocrx_word' id='word_1_659' title='bbox 521 4996 690 5073; x_wconf 79' lang='grc' dir='ltr'>αὐτῆς</span> <span class='ocrx_word' id='word_1_660' title='bbox 727 5004 859 5074; x_wconf 77' lang='grc' dir='ltr'>πρὸς</span> <span class='ocrx_word' id='word_1_661' title='bbox 888 5004 1166 5056; x_wconf 66' lang='grc' dir='ltr'>Θεοδόσιον</span> <span class='ocrx_word' id='word_1_662' title='bbox 1193 5007 1287 5057; x_wconf 73' lang='grc' dir='ltr'><strong>καὶ</strong></span> <span class='ocrx_word' id='word_1_663' title='bbox 1317 5004 1767 5058; x_wconf 81' lang='grc' dir='ltr'>Οὐαλεντινιανόν</span> <span class='ocrx_word' id='word_1_664' title='bbox 1794 5021 1808 5034; x_wconf 91' lang='grc'><strong>·</strong></span> <span class='ocrx_word' id='word_1_665' title='bbox 1839 4996 1860 5055; x_wconf 68' lang='grc' dir='ltr'><em>ἕ</em></span> <span class='ocrx_word' id='word_1_666' title='bbox 1897 5005 1960 5056; x_wconf 83' lang='grc' dir='ltr'><strong>Ἦ</strong></span> 
     </span>
    </p>
   </div>
   <div class='ocr_carea' id='block_1_97' title="bbox 391 5094 1961 5166">
    <p class='ocr_par' dir='ltr' id='par_1_97' title="bbox 391 5094 1961 5166">
     <span class='ocr_line' id='line_1_97' title="bbox 391 5094 1961 5166; baseline -0.001 -18"><span class='ocrx_word' id='word_1_667' title='bbox 391 5096 526 5158; x_wconf 70' lang='grc' dir='ltr'>ἁγία</span> <span class='ocrx_word' id='word_1_668' title='bbox 567 5095 806 5160; x_wconf 86' lang='grc' dir='ltr'>σύνοδος,</span> <span class='ocrx_word' id='word_1_669' title='bbox 863 5099 1045 5164; x_wconf 74' lang='grc' dir='ltr'>φησὶν,</span> <span class='ocrx_word' id='word_1_670' title='bbox 1099 5097 1133 5166; x_wconf 78' lang='grc' dir='ltr'>ὴ</span> <span class='ocrx_word' id='word_1_671' title='bbox 1190 5096 1372 5165; x_wconf 85' lang='grc' dir='ltr'>χάριτι</span> <span class='ocrx_word' id='word_1_672' title='bbox 1419 5094 1554 5148; x_wconf 84' lang='grc' dir='ltr'>Θεοῦ</span> <span class='ocrx_word' id='word_1_673' title='bbox 1589 5095 1685 5146; x_wconf 81' lang='grc' dir='ltr'>καὶ</span> <span class='ocrx_word' id='word_1_674' title='bbox 1731 5095 1961 5163; x_wconf 83' lang='grc' dir='ltr'>νεύματι</span> 
     </span>
    </p>
   </div>
   <div class='ocr_carea' id='block_1_98' title="bbox 390 5185 1961 5256">
    <p class='ocr_par' dir='ltr' id='par_1_98' title="bbox 390 5185 1961 5256">
     <span class='ocr_line' id='line_1_98' title="bbox 390 5185 1961 5256; baseline 0 -19"><span class='ocrx_word' id='word_1_675' title='bbox 390 5187 486 5238; x_wconf 82' lang='grc' dir='ltr'><strong>τοῦ</strong></span> <span class='ocrx_word' id='word_1_676' title='bbox 526 5187 793 5256; x_wconf 77' lang='grc' dir='ltr'>ὑμετέρου</span> <span class='ocrx_word' id='word_1_677' title='bbox 845 5187 1079 5256; x_wconf 84' lang='grc' dir='ltr'>κράτους</span> <span class='ocrx_word' id='word_1_678' title='bbox 1132 5188 1457 5256; x_wconf 82' lang='grc' dir='ltr'>συναχθεῖσα</span> <span class='ocrx_word' id='word_1_679' title='bbox 1489 5190 1546 5239; x_wconf 83' lang='grc' dir='ltr'>ὲν</span> <span class='ocrx_word' id='word_1_680' title='bbox 1578 5189 1642 5256; x_wconf 81' lang='grc' dir='ltr'>τῇ</span> <span class='ocrx_word' id='word_1_681' title='bbox 1692 5185 1961 5254; x_wconf 77' lang='grc' dir='ltr'>Ἐφεσίων</span> 
     </span>
    </p>
   </div>
   <div class='ocr_carea' id='block_1_99' title="bbox 395 5275 1964 5344">
    <p class='ocr_par' dir='ltr' id='par_1_99' title="bbox 395 5275 1964 5344">
     <span class='ocr_line' id='line_1_99' title="bbox 395 5275 1964 5344; baseline -0.001 -17"><span class='ocrx_word' id='word_1_682' title='bbox 395 5276 766 5344; x_wconf 77' lang='grc' dir='ltr'>μητροπόλει·</span> <span class='ocrx_word' id='word_1_683' title='bbox 807 5295 824 5326; x_wconf 70' lang='grc' dir='ltr'><strong>ι</strong></span> <span class='ocrx_word' id='word_1_684' title='bbox 861 5279 954 5328; x_wconf 87' lang='grc' dir='ltr'>καί</span> <span class='ocrx_word' id='word_1_685' title='bbox 987 5278 1094 5329; x_wconf 68' lang='grc' dir='ltr'><strong>ἀπὸ</strong></span> <span class='ocrx_word' id='word_1_686' title='bbox 1125 5275 1218 5327; x_wconf 86' lang='grc' dir='ltr'><strong>τοῦ</strong></span> <span class='ocrx_word' id='word_1_687' title='bbox 1255 5276 1440 5338; x_wconf 81' lang='grc' dir='ltr'>τέλους</span> <span class='ocrx_word' id='word_1_688' title='bbox 1479 5276 1589 5327; x_wconf 84' lang='grc' dir='ltr'><strong>τῶν</strong></span> <span class='ocrx_word' id='word_1_689' title='bbox 1638 5275 1964 5344; x_wconf 87' lang='grc' dir='ltr'>Πρακτικῶν</span> 
     </span>
    </p>
   </div>
   <div class='ocr_carea' id='block_1_100' title="bbox 391 5366 1965 5438">
    <p class='ocr_par' dir='ltr' id='par_1_100' title="bbox 391 5366 1965 5438">
     <span class='ocr_line' id='line_1_100' title="bbox 391 5366 1965 5438; baseline 0 -20"><span class='ocrx_word' id='word_1_690' title='bbox 391 5368 492 5434; x_wconf 83' lang='grc' dir='ltr'><strong>τῆς</strong></span> <span class='ocrx_word' id='word_1_691' title='bbox 524 5367 796 5438; x_wconf 76' lang='grc' dir='ltr'>τετάρτης</span> <span class='ocrx_word' id='word_1_692' title='bbox 840 5369 1060 5421; x_wconf 72' lang='grc' dir='ltr'>συνόδου</span> <span class='ocrx_word' id='word_1_693' title='bbox 1087 5384 1098 5396; x_wconf 84' lang='grc'><strong>·</strong></span> <span class='ocrx_word' id='word_1_694' title='bbox 1136 5387 1154 5419; x_wconf 77' lang='grc' dir='ltr'><strong>ι</strong></span> <span class='ocrx_word' id='word_1_695' title='bbox 1198 5369 1260 5420; x_wconf 83' lang='grc' dir='ltr'>Ἡ</span> <span class='ocrx_word' id='word_1_696' title='bbox 1307 5368 1438 5436; x_wconf 74' lang='grc' dir='ltr'>ἁγία</span> <span class='ocrx_word' id='word_1_697' title='bbox 1479 5371 1574 5419; x_wconf 69' lang='grc' dir='ltr'>καὶ</span> <span class='ocrx_word' id='word_1_698' title='bbox 1619 5366 1829 5437; x_wconf 86' lang='grc' dir='ltr'>μεγάλη</span> <span class='ocrx_word' id='word_1_699' title='bbox 1872 5371 1965 5418; x_wconf 68' lang='grc' dir='ltr'>καὶ</span> 
     </span>
    </p>
   </div>
   <div class='ocr_carea' id='block_1_101' title="bbox 389 5459 1964 5531">
    <p class='ocr_par' dir='ltr' id='par_1_101' title="bbox 389 5459 1964 5531">
     <span class='ocr_line' id='line_1_101' title="bbox 389 5459 1964 5531; baseline -0.001 -18"><span class='ocrx_word' id='word_1_700' title='bbox 389 5461 749 5531; x_wconf 81' lang='grc' dir='ltr'>οίκουμενική</span> <span class='ocrx_word' id='word_1_701' title='bbox 797 5460 1032 5522; x_wconf 78' lang='grc' dir='ltr'>σύνοδος,</span> <span class='ocrx_word' id='word_1_702' title='bbox 1069 5463 1100 5530; x_wconf 81' lang='grc' dir='ltr'>ἡ</span> <span class='ocrx_word' id='word_1_703' title='bbox 1141 5461 1280 5514; x_wconf 74' lang='grc' dir='ltr'>κατὰ</span> <span class='ocrx_word' id='word_1_704' title='bbox 1331 5459 1465 5512; x_wconf 83' lang='grc' dir='ltr'>Θεοῦ</span> <span class='ocrx_word' id='word_1_705' title='bbox 1506 5460 1668 5530; x_wconf 73' lang='grc' dir='ltr'>χάριν</span> <span class='ocrx_word' id='word_1_706' title='bbox 1730 5463 1824 5513; x_wconf 74' lang='grc' dir='ltr'><strong>καὶ</strong></span> <span class='ocrx_word' id='word_1_707' title='bbox 1874 5459 1964 5512; x_wconf 83' lang='grc' dir='ltr'>θέ-</span> 
     </span>
    </p>
   </div>
   <div class='ocr_carea' id='block_1_102' title="bbox 397 5548 1964 5618">
    <p class='ocr_par' dir='ltr' id='par_1_102' title="bbox 397 5548 1964 5618">
     <span class='ocr_line' id='line_1_102' title="bbox 397 5548 1964 5618; baseline -0.001 -16"><span class='ocrx_word' id='word_1_708' title='bbox 397 5567 614 5618; x_wconf 81' lang='grc' dir='ltr'>σπισμα</span> <span class='ocrx_word' id='word_1_709' title='bbox 648 5551 756 5602; x_wconf 81' lang='grc' dir='ltr'><strong>τῶν</strong></span> <span class='ocrx_word' id='word_1_710' title='bbox 798 5549 1208 5602; x_wconf 71' lang='grc' dir='ltr'>εὐσεϐεστάτων</span> <span class='ocrx_word' id='word_1_711' title='bbox 1249 5549 1343 5602; x_wconf 68' lang='grc' dir='ltr'><strong>καλ⁸</strong></span> <span class='ocrx_word' id='word_1_712' title='bbox 1395 5548 1758 5617; x_wconf 77' lang='grc' dir='ltr'>φιλοχρίστων</span> <span class='ocrx_word' id='word_1_713' title='bbox 1805 5549 1964 5618; x_wconf 76' lang='grc' dir='ltr'>ἡμῶν</span> 
     </span>
    </p>
   </div>
   <div class='ocr_carea' id='block_1_103' title="bbox 397 5639 1964 5712">
    <p class='ocr_par' dir='ltr' id='par_1_103' title="bbox 397 5639 1964 5712">
     <span class='ocr_line' id='line_1_103' title="bbox 397 5639 1964 5712; baseline -0.002 -19"><span class='ocrx_word' id='word_1_714' title='bbox 397 5642 500 5712; x_wconf 83' lang='grc' dir='ltr'>βασ</span> <span class='ocrx_word' id='word_1_715' title='bbox 526 5643 664 5694; x_wconf 81' lang='grc' dir='ltr'>λέων</span> <span class='ocrx_word' id='word_1_716' title='bbox 701 5641 1076 5712; x_wconf 74' lang='grc' dir='ltr'>συναχθεῖσα.ι</span> <span class='ocrx_word' id='word_1_717' title='bbox 1123 5642 1181 5693; x_wconf 84' lang='lat'><strong>&#39;0</strong></span> <span class='ocrx_word' id='word_1_718' title='bbox 1214 5641 1268 5693; x_wconf 79' lang='grc' dir='ltr'><strong>δὲ</strong></span> <span class='ocrx_word' id='word_1_719' title='bbox 1301 5640 1568 5710; x_wconf 80' lang='grc' dir='ltr'>μακάριος</span> <span class='ocrx_word' id='word_1_720' title='bbox 1594 5641 1743 5690; x_wconf 73' lang='grc' dir='ltr'>Λέων</span> <span class='ocrx_word' id='word_1_721' title='bbox 1767 5642 1792 5689; x_wconf 87' lang='grc' dir='ltr'><em>ὀ</em></span> <span class='ocrx_word' id='word_1_722' title='bbox 1831 5639 1964 5690; x_wconf 82' lang='grc' dir='ltr'><strong>Ῥώ-</strong></span> 
     </span>
    </p>
   </div>
   <div class='ocr_carea' id='block_1_104' title="bbox 398 5734 1963 5806">
    <p class='ocr_par' dir='ltr' id='par_1_104' title="bbox 398 5734 1963 5806">
     <span class='ocr_line' id='line_1_104' title="bbox 398 5734 1963 5806; baseline 0.001 -22"><span class='ocrx_word' id='word_1_723' title='bbox 398 5751 509 5806; x_wconf 84' lang='grc' dir='ltr'><strong>μης</strong></span> <span class='ocrx_word' id='word_1_724' title='bbox 555 5735 820 5805; x_wconf 71' lang='grc' dir='ltr'>Θεοεοσίῳ</span> <span class='ocrx_word' id='word_1_725' title='bbox 865 5737 941 5806; x_wconf 85' lang='grc' dir='ltr'><strong>τῷ</strong></span> <span class='ocrx_word' id='word_1_726' title='bbox 987 5736 1200 5806; x_wconf 84' lang='grc' dir='ltr'>βασιλεῖ</span> <span class='ocrx_word' id='word_1_727' title='bbox 1250 5734 1496 5804; x_wconf 74' lang='grc' dir='ltr'>γράφων,</span> <span class='ocrx_word' id='word_1_728' title='bbox 1548 5734 1669 5786; x_wconf 73' lang='grc' dir='ltr'>ἀντὶ</span> <span class='ocrx_word' id='word_1_729' title='bbox 1722 5734 1963 5804; x_wconf 83' lang='grc' dir='ltr'>μεγάλου</span> 
     </span>
    </p>
   </div>
   <div class='ocr_carea' id='block_1_105' title="bbox 2065 4535 3637 4607">
    <p class='ocr_par' dir='ltr' id='par_1_105' title="bbox 2065 4535 3637 4607">
     <span class='ocr_line' id='line_1_105' title="bbox 2065 4535 3637 4607; baseline -0.009 -8"><span class='ocrx_word' id='word_1_730' title='bbox 2065 4545 2428 4599; x_wconf 77' lang='lat' dir='ltr'><strong>xandrinam:</strong></span> <span class='ocrx_word' id='word_1_731' title='bbox 2496 4560 2512 4591; x_wconf 82' lang='grc' dir='ltr'><strong>ι</strong></span> <span class='ocrx_word' id='word_1_732' title='bbox 2557 4538 2860 4604; x_wconf 84' lang='lat' dir='ltr'><strong>Quoniam,</strong></span> <span class='ocrx_word' id='word_1_733' title='bbox 2895 4537 3113 4607; x_wconf 88' lang='lat' dir='ltr'><strong>inquit,</strong></span> <span class='ocrx_word' id='word_1_734' title='bbox 3165 4535 3260 4589; x_wconf 88' lang='lat' dir='ltr'><strong>Dei</strong></span> <span class='ocrx_word' id='word_1_735' title='bbox 3309 4535 3520 4604; x_wconf 84' lang='lat' dir='ltr'><strong>gratia,</strong></span> <span class='ocrx_word' id='word_1_736' title='bbox 3582 4541 3637 4585; x_wconf 83' lang='lat' dir='ltr'><strong>ct</strong></span> 
     </span>
    </p>
   </div>
   <div class='ocr_carea' id='block_1_106' title="bbox 2063 4626 3641 4695">
    <p class='ocr_par' dir='ltr' id='par_1_106' title="bbox 2063 4626 3641 4695">
     <span class='ocr_line' id='line_1_106' title="bbox 2063 4626 3641 4695; baseline -0.01 -4"><span class='ocrx_word' id='word_1_737' title='bbox 2063 4634 2455 4691; x_wconf 85' lang='lat' dir='ltr'><strong>Constantinus</strong></span> <span class='ocrx_word' id='word_1_738' title='bbox 2510 4632 2620 4687; x_wconf 92' lang='lat' dir='ltr'><strong>Deo</strong></span> <span class='ocrx_word' id='word_1_739' title='bbox 2689 4627 3118 4685; x_wconf 86' lang='lat' dir='ltr'><strong>amabilissimus</strong></span> <span class='ocrx_word' id='word_1_740' title='bbox 3192 4626 3489 4695; x_wconf 85' lang='lat' dir='ltr'><strong>imperator</strong></span> <span class='ocrx_word' id='word_1_741' title='bbox 3539 4638 3641 4676; x_wconf 86' lang='lat' dir='ltr'><strong>nos</strong></span> 
     </span>
    </p>
   </div>
   <div class='ocr_carea' id='block_1_107' title="bbox 2065 4716 3642 4796">
    <p class='ocr_par' dir='ltr' id='par_1_107' title="bbox 2065 4716 3642 4796">
     <span class='ocr_line' id='line_1_107' title="bbox 2065 4716 3642 4796; baseline -0.009 -16"><span class='ocrx_word' id='word_1_742' title='bbox 2065 4725 2414 4796; x_wconf 83' lang='lat' dir='ltr'><strong>congregavit</strong></span> <span class='ocrx_word' id='word_1_743' title='bbox 2471 4739 2501 4779; x_wconf 90' lang='lat' dir='ltr'><strong>e</strong></span> <span class='ocrx_word' id='word_1_744' title='bbox 2572 4721 2804 4777; x_wconf 88' lang='lat' dir='ltr'><strong>diversis</strong></span> <span class='ocrx_word' id='word_1_745' title='bbox 2872 4717 3192 4790; x_wconf 86' lang='lat' dir='ltr'><strong>provinciis.</strong></span> <span class='ocrx_word' id='word_1_746' title='bbox 3251 4737 3270 4769; x_wconf 72' lang='grc' dir='ltr'><strong>ι</strong></span> <span class='ocrx_word' id='word_1_747' title='bbox 3333 4716 3523 4786; x_wconf 83' lang='lat' dir='ltr'><strong>chito</strong></span> <span class='ocrx_word' id='word_1_748' title='bbox 3577 4730 3642 4768; x_wconf 79' lang='lat' dir='ltr'><strong>ex</strong></span> 
     </span>
    </p>
   </div>
   <div class='ocr_carea' id='block_1_108' title="bbox 2065 4806 3642 4887">
    <p class='ocr_par' dir='ltr' id='par_1_108' title="bbox 2065 4806 3642 4887">
     <span class='ocr_line' id='line_1_108' title="bbox 2065 4806 3642 4887; baseline -0.012 -13"><span class='ocrx_word' id='word_1_749' title='bbox 2065 4818 2216 4874; x_wconf 82' lang='lat' dir='ltr'><strong>Actis</strong></span> <span class='ocrx_word' id='word_1_750' title='bbox 2251 4818 2424 4872; x_wconf 69' lang='lat' dir='ltr'><strong>tertia:</strong></span> <span class='ocrx_word' id='word_1_751' title='bbox 2459 4815 2654 4887; x_wconf 87' lang='lat' dir='ltr'><strong>synodi</strong></span> <span class='ocrx_word' id='word_1_752' title='bbox 2683 4814 2970 4884; x_wconf 86' lang='lat' dir='ltr'><strong>epistolam</strong></span> <span class='ocrx_word' id='word_1_753' title='bbox 3010 4812 3130 4882; x_wconf 87' lang='lat' dir='ltr'><strong>ejus</strong></span> <span class='ocrx_word' id='word_1_754' title='bbox 3175 4809 3241 4863; x_wconf 88' lang='lat' dir='ltr'><strong>ad</strong></span> <span class='ocrx_word' id='word_1_755' title='bbox 3273 4806 3642 4862; x_wconf 83' lang='lat' dir='ltr'><strong>Theodosium</strong></span> 
     </span>
    </p>
   </div>
   <div class='ocr_carea' id='block_1_109' title="bbox 2022 4899 3637 4973">
    <p class='ocr_par' dir='ltr' id='par_1_109' title="bbox 2022 4899 3637 4973">
     <span class='ocr_line' id='line_1_109' title="bbox 2022 4899 3637 4973; baseline -0.011 -6"><span class='ocrx_word' id='word_1_756' title='bbox 2022 4900 2027 4905; x_wconf 65' lang='grc'><strong>’</strong></span> <span class='ocrx_word' id='word_1_757' title='bbox 2067 4923 2122 4967; x_wconf 93' lang='lat' dir='ltr'><strong>et</strong></span> <span class='ocrx_word' id='word_1_758' title='bbox 2150 4909 2615 4973; x_wconf 82' lang='lat' dir='ltr'><strong>Valentinianum,</strong></span> <span class='ocrx_word' id='word_1_759' title='bbox 2641 4908 2858 4962; x_wconf 88' lang='lat' dir='ltr'><strong>actione</strong></span> <span class='ocrx_word' id='word_1_760' title='bbox 2895 4922 2944 4960; x_wconf 83' lang='lat' dir='ltr'><strong>vt</strong></span> <span class='ocrx_word' id='word_1_761' title='bbox 2972 4921 2986 4960; x_wconf 88' lang='lat'><strong>:</strong></span> <span class='ocrx_word' id='word_1_762' title='bbox 3016 4925 3034 4956; x_wconf 81' lang='grc' dir='ltr'><strong>ι</strong></span> <span class='ocrx_word' id='word_1_763' title='bbox 3057 4906 3255 4957; x_wconf 78' lang='lat' dir='ltr'><strong>Sancta</strong></span> <span class='ocrx_word' id='word_1_764' title='bbox 3280 4903 3515 4972; x_wconf 77' lang='lat' dir='ltr'><strong>synodus</strong></span> <span class='ocrx_word' id='word_1_765' title='bbox 3545 4899 3637 4952; x_wconf 75' lang='grc' dir='ltr'><strong>Ι)ρί</strong></span> 
     </span>
    </p>
   </div>
   <div class='ocr_carea' id='block_1_110' title="bbox 2065 4992 3645 5074">
    <p class='ocr_par' dir='ltr' id='par_1_110' title="bbox 2065 4992 3645 5074">
     <span class='ocr_line' id='line_1_110' title="bbox 2065 4992 3645 5074; baseline -0.009 -17"><span class='ocrx_word' id='word_1_766' title='bbox 2065 5003 2238 5074; x_wconf 85' lang='lat' dir='ltr'><strong>gratia</strong></span> <span class='ocrx_word' id='word_1_767' title='bbox 2267 5013 2322 5057; x_wconf 88' lang='lat' dir='ltr'><strong>et</strong></span> <span class='ocrx_word' id='word_1_768' title='bbox 2350 5011 2486 5057; x_wconf 89' lang='lat' dir='ltr'><strong>nutu</strong></span> <span class='ocrx_word' id='word_1_769' title='bbox 2507 5000 2803 5070; x_wconf 85' lang='lat' dir='ltr'><strong>majestatis</strong></span> <span class='ocrx_word' id='word_1_770' title='bbox 2833 5005 3024 5051; x_wconf 71' lang='lat' dir='ltr'><strong>vestrae</strong></span> <span class='ocrx_word' id='word_1_771' title='bbox 3043 5003 3365 5063; x_wconf 76' lang='lat' dir='ltr'><strong>congregata</strong></span> <span class='ocrx_word' id='word_1_772' title='bbox 3394 4994 3446 5045; x_wconf 90' lang='lat' dir='ltr'><strong>in</strong></span> <span class='ocrx_word' id='word_1_773' title='bbox 3466 4992 3645 5059; x_wconf 83' lang='lat' dir='ltr'><strong>Ephe-</strong></span> 
     </span>
    </p>
   </div>
   <div class='ocr_carea' id='block_1_111' title="bbox 2067 5089 3640 5159">
    <p class='ocr_par' dir='ltr' id='par_1_111' title="bbox 2067 5089 3640 5159">
     <span class='ocr_line' id='line_1_111' title="bbox 2067 5089 3640 5159; baseline -0.01 -11"><span class='ocrx_word' id='word_1_774' title='bbox 2067 5094 2276 5148; x_wconf 87' lang='lat' dir='ltr'><strong>siorum</strong></span> <span class='ocrx_word' id='word_1_775' title='bbox 2303 5091 2625 5159; x_wconf 84' lang='lat' dir='ltr'><strong>metropoli;</strong></span> <span class='ocrx_word' id='word_1_776' title='bbox 2656 5109 2673 5142; x_wconf 74' lang='grc' dir='ltr'><strong>ι</strong></span> <span class='ocrx_word' id='word_1_777' title='bbox 2701 5099 2750 5142; x_wconf 86' lang='lat' dir='ltr'><strong>et</strong></span> <span class='ocrx_word' id='word_1_778' title='bbox 2778 5104 2846 5142; x_wconf 80' lang='lat' dir='ltr'><strong>ex</strong></span> <span class='ocrx_word' id='word_1_779' title='bbox 2869 5089 2974 5140; x_wconf 84' lang='lat' dir='ltr'><strong>line</strong></span> <span class='ocrx_word' id='word_1_780' title='bbox 3005 5096 3252 5139; x_wconf 86' lang='lat' dir='ltr'><strong>actorum</strong></span> <span class='ocrx_word' id='word_1_781' title='bbox 3273 5093 3480 5151; x_wconf 68' lang='lat' dir='ltr'><strong>quartae</strong></span> <span class='ocrx_word' id='word_1_782' title='bbox 3511 5097 3640 5151; x_wconf 89' lang='lat' dir='ltr'><strong>syn-</strong></span> 
     </span>
    </p>
   </div>
   <div class='ocr_carea' id='block_1_112' title="bbox 2066 5175 3646 5248">
    <p class='ocr_par' dir='ltr' id='par_1_112' title="bbox 2066 5175 3646 5248">
     <span class='ocr_line' id='line_1_112' title="bbox 2066 5175 3646 5248; baseline -0.008 -11"><span class='ocrx_word' id='word_1_783' title='bbox 2066 5183 2156 5237; x_wconf 92' lang='lat' dir='ltr'><strong>odi</strong></span> <span class='ocrx_word' id='word_1_784' title='bbox 2186 5202 2198 5238; x_wconf 88' lang='lat'><strong>:</strong></span> <span class='ocrx_word' id='word_1_785' title='bbox 2231 5202 2248 5236; x_wconf 81' lang='grc' dir='ltr'><strong>ι</strong></span> <span class='ocrx_word' id='word_1_786' title='bbox 2284 5182 2482 5237; x_wconf 89' lang='lat' dir='ltr'><strong>Sancta</strong></span> <span class='ocrx_word' id='word_1_787' title='bbox 2516 5193 2572 5236; x_wconf 89' lang='lat' dir='ltr'><strong>et</strong></span> <span class='ocrx_word' id='word_1_788' title='bbox 2616 5195 2807 5248; x_wconf 83' lang='lat' dir='ltr'><strong>magna</strong></span> <span class='ocrx_word' id='word_1_789' title='bbox 2839 5189 2894 5231; x_wconf 92' lang='lat' dir='ltr'><strong>ct</strong></span> <span class='ocrx_word' id='word_1_790' title='bbox 2917 5175 3240 5230; x_wconf 82' lang='lat' dir='ltr'><strong>universalis</strong></span> <span class='ocrx_word' id='word_1_791' title='bbox 3264 5177 3523 5242; x_wconf 84' lang='lat' dir='ltr'><strong>synodus,</strong></span> <span class='ocrx_word' id='word_1_792' title='bbox 3549 5189 3646 5241; x_wconf 87' lang='lat' dir='ltr'><strong>per</strong></span> 
     </span>
    </p>
   </div>
   <div class='ocr_carea' id='block_1_113' title="bbox 2070 5265 3645 5344">
    <p class='ocr_par' dir='ltr' id='par_1_113' title="bbox 2070 5265 3645 5344">
     <span class='ocr_line' id='line_1_113' title="bbox 2070 5265 3645 5344; baseline -0.007 -16"><span class='ocrx_word' id='word_1_793' title='bbox 2070 5277 2160 5329; x_wconf 68' lang='lat' dir='ltr'><strong>Dei</strong></span> <span class='ocrx_word' id='word_1_794' title='bbox 2184 5275 2408 5344; x_wconf 82' lang='lat' dir='ltr'><strong>gratiam</strong></span> <span class='ocrx_word' id='word_1_795' title='bbox 2433 5271 2843 5326; x_wconf 86' lang='lat' dir='ltr'><strong>etsanctionem</strong></span> <span class='ocrx_word' id='word_1_796' title='bbox 2861 5265 3394 5336; x_wconf 84' lang='lat' dir='ltr'><strong>religiosissimorum</strong></span> <span class='ocrx_word' id='word_1_797' title='bbox 3419 5265 3645 5318; x_wconf 72' lang='lat' dir='ltr'><strong>cthri~</strong></span> 
     </span>
    </p>
   </div>
   <div class='ocr_carea' id='block_1_114' title="bbox 2067 5357 3645 5430">
    <p class='ocr_par' dir='ltr' id='par_1_114' title="bbox 2067 5357 3645 5430">
     <span class='ocr_line' id='line_1_114' title="bbox 2067 5357 3645 5430; baseline -0.006 -13"><span class='ocrx_word' id='word_1_798' title='bbox 2067 5365 2134 5418; x_wconf 89' lang='lat' dir='ltr'><strong>sti</strong></span> <span class='ocrx_word' id='word_1_799' title='bbox 2157 5364 2454 5417; x_wconf 87' lang='lat' dir='ltr'><strong>amantium</strong></span> <span class='ocrx_word' id='word_1_800' title='bbox 2490 5364 2885 5430; x_wconf 89' lang='lat' dir='ltr'><strong>imperatorum</strong></span> <span class='ocrx_word' id='word_1_801' title='bbox 2901 5359 3177 5412; x_wconf 65' lang='lat' dir='ltr'><strong>collecta.)</strong></span> <span class='ocrx_word' id='word_1_802' title='bbox 3203 5357 3397 5410; x_wconf 81' lang='lat' dir='ltr'><strong>Beatus</strong></span> <span class='ocrx_word' id='word_1_803' title='bbox 3425 5372 3645 5424; x_wconf 90' lang='lat' dir='ltr'><strong>quoque</strong></span> 
     </span>
    </p>
   </div>
   <div class='ocr_carea' id='block_1_115' title="bbox 2070 5448 3647 5520">
    <p class='ocr_par' dir='ltr' id='par_1_115' title="bbox 2070 5448 3647 5520">
     <span class='ocr_line' id='line_1_115' title="bbox 2070 5448 3647 5520; baseline -0.006 -12"><span class='ocrx_word' id='word_1_804' title='bbox 2070 5455 2179 5508; x_wconf 76' lang='lat' dir='ltr'><strong>Leo</strong></span> <span class='ocrx_word' id='word_1_805' title='bbox 2213 5455 2494 5508; x_wconf 80' lang='lat' dir='ltr'><strong>Romanus</strong></span> <span class='ocrx_word' id='word_1_806' title='bbox 2541 5452 2835 5520; x_wconf 85' lang='lat' dir='ltr'><strong>episc0pus</strong></span> <span class='ocrx_word' id='word_1_807' title='bbox 2889 5450 2954 5502; x_wconf 88' lang='lat' dir='ltr'><strong>ad</strong></span> <span class='ocrx_word' id='word_1_808' title='bbox 2996 5448 3365 5502; x_wconf 85' lang='lat' dir='ltr'><strong>Theodosium</strong></span> <span class='ocrx_word' id='word_1_809' title='bbox 3408 5449 3647 5515; x_wconf 82' lang='lat' dir='ltr'><strong>impera-</strong></span> 
     </span>
    </p>
   </div>
   <div class='ocr_carea' id='block_1_116' title="bbox 2071 5540 3647 5610">
    <p class='ocr_par' dir='ltr' id='par_1_116' title="bbox 2071 5540 3647 5610">
     <span class='ocr_line' id='line_1_116' title="bbox 2071 5540 3647 5610; baseline -0.007 -9"><span class='ocrx_word' id='word_1_810' title='bbox 2071 5558 2240 5601; x_wconf 91' lang='lat' dir='ltr'><strong>torem</strong></span> <span class='ocrx_word' id='word_1_811' title='bbox 2274 5546 2538 5607; x_wconf 70' lang='lat' dir='ltr'><strong>scribens,</strong></span> <span class='ocrx_word' id='word_1_812' title='bbox 2564 5545 2682 5597; x_wconf 86' lang='lat' dir='ltr'><strong>loco</strong></span> <span class='ocrx_word' id='word_1_813' title='bbox 2724 5558 2930 5610; x_wconf 75' lang='lat' dir='ltr'><strong>magna:</strong></span> <span class='ocrx_word' id='word_1_814' title='bbox 2965 5541 3038 5594; x_wconf 88' lang='lat' dir='ltr'><strong>rei</strong></span> <span class='ocrx_word' id='word_1_815' title='bbox 3078 5541 3232 5608; x_wconf 87' lang='lat' dir='ltr'><strong>petit,</strong></span> <span class='ocrx_word' id='word_1_816' title='bbox 3266 5550 3322 5591; x_wconf 87' lang='lat' dir='ltr'><strong>ut</strong></span> <span class='ocrx_word' id='word_1_817' title='bbox 3348 5540 3647 5604; x_wconf 76' lang='lat' dir='ltr'><strong>imperator</strong></span> 
     </span>
    </p>
   </div>
   <div class='ocr_carea' id='block_1_117' title="bbox 2071 5629 3646 5704">
    <p class='ocr_par' dir='ltr' id='par_1_117' title="bbox 2071 5629 3646 5704">
     <span class='ocr_line' id='line_1_117' title="bbox 2071 5629 3646 5704; baseline -0.008 -9"><span class='ocrx_word' id='word_1_818' title='bbox 2071 5650 2338 5696; x_wconf 78' lang='lat' dir='ltr'><strong>annucrct</strong></span> <span class='ocrx_word' id='word_1_819' title='bbox 2391 5637 2506 5691; x_wconf 82' lang='lat' dir='ltr'><strong>ﬁeri</strong></span> <span class='ocrx_word' id='word_1_820' title='bbox 2562 5637 2615 5690; x_wconf 85' lang='lat' dir='ltr'><strong>in</strong></span> <span class='ocrx_word' id='word_1_821' title='bbox 2652 5635 2800 5690; x_wconf 84' lang='lat' dir='ltr'><strong>italia</strong></span> <span class='ocrx_word' id='word_1_822' title='bbox 2849 5633 3118 5704; x_wconf 78' lang='lat' dir='ltr'><strong>synodum</strong></span> <span class='ocrx_word' id='word_1_823' title='bbox 3162 5634 3493 5702; x_wconf 65' lang='lat' dir='ltr'><strong>generalem.</strong></span> <span class='ocrx_word' id='word_1_824' title='bbox 3530 5629 3646 5683; x_wconf 69' lang='lat' dir='ltr'><strong>Non</strong></span> 
     </span>
    </p>
   </div>
   <div class='ocr_carea' id='block_1_118' title="bbox 2073 5721 3643 5803">
    <p class='ocr_par' dir='ltr' id='par_1_118' title="bbox 2073 5721 3643 5803">
     <span class='ocr_line' id='line_1_118' title="bbox 2073 5721 3643 5803; baseline -0.007 -19"><span class='ocrx_word' id='word_1_825' title='bbox 2073 5732 2318 5803; x_wconf 78' lang='lat' dir='ltr'><strong>petiissct</strong></span> <span class='ocrx_word' id='word_1_826' title='bbox 2360 5739 2566 5794; x_wconf 80' lang='lat' dir='ltr'><strong>autem,</strong></span> <span class='ocrx_word' id='word_1_827' title='bbox 2593 5729 2634 5783; x_wconf 90' lang='lat' dir='ltr'><strong>si</strong></span> <span class='ocrx_word' id='word_1_828' title='bbox 2657 5725 2797 5798; x_wconf 77' lang='lat' dir='ltr'><strong>juris</strong></span> <span class='ocrx_word' id='word_1_829' title='bbox 2833 5727 2916 5781; x_wconf 87' lang='lat' dir='ltr'><strong>sui</strong></span> <span class='ocrx_word' id='word_1_830' title='bbox 2945 5726 3137 5780; x_wconf 72' lang='lat' dir='ltr'><strong>[uisset</strong></span> <span class='ocrx_word' id='word_1_831' title='bbox 3162 5735 3414 5794; x_wconf 69' lang='lat' dir='ltr'><strong>przcstare</strong></span> <span class='ocrx_word' id='word_1_832' title='bbox 3445 5721 3598 5776; x_wconf 70' lang='lat' dir='ltr'><strong>iiiud.</strong></span> <span class='ocrx_word' id='word_1_833' title='bbox 3626 5741 3643 5773; x_wconf 75' lang='grc' dir='ltr'><strong>ι</strong></span> 
     </span>
    </p>
   </div>
  </div>
