4088 6294
542 251 638 314 8Ἰ
1702 260 2071 323 ΜΛΤΤΗᾹΞΙ
2114 290 2116 307 ι

2227 267 2646 328 ΚΥΟΡΠΥΙᾸᾸ
3660 268 3751 332 852

537 371 681 433 τινὸς
707 372 945 442 αἱρεῖται
972 373 1301 428 κατανεῦσαι
1337 375 1429 428 τὸν
1481 375 1704 445 βασιλέα
1736 381 1963 451 γενικὴν
2005 385 2450 454 συγκροτηθῆναι
2492 385 2710 438 σύνοδον
2765 385 2822 438 ἐν
2867 382 3089 453 Ἰταλιᾳ.
3145 382 3260 437 Οὖκ
3303 381 3372 435 ἂν
3408 381 3461 435 δὲ
3500 382 3752 451 ἐζήτησεντ

537 471 674 541 ὅπερ
711 472 810 524 σὺν
843 471 921 543 τῷ
953 472 1146 544 δικαίῳ
1177 473 1418 543 ἔφθασεν
1448 475 1640 544 ἔχων.»

1096 639 1554 699 CONF‘UTATIO.

2783 648 3222 704 ΑΝΤῙΡΡΗΣΙΣ.

611 777 668 832 Si
705 778 1048 834 manifestam
1076 780 1358 833 veritatem
1409 795 1723 849 Oppugnare
1753 791 1837 837 est
1867 797 2114 851 qumrere

538 870 592 923 in
633 871 786 926 Actis
817 873 1146 942 synodorum
1182 881 1242 925 ut
1268 873 1416 928 nulla
1450 874 1519 927 sit
1553 877 1938 946 repugnantia,
1965 889 2115 932 certe

538 963 630 1028 qui
674 964 784 1017 haec
817 977 924 1017 non
971 965 1202 1032 quaerit,
1233 966 1562 1021 contradicit
1592 969 1835 1038 synodis.
1874 969 2116 1039 Congre-

2291 789 2352 842 El
2380 789 2490 851 τοῖς
2526 789 2783 857 φανεροῖς
2814 784 3120 854 ἀντιλέγειν
3154 781 3272 836 ἐστὶ
3301 780 3365 834 τὸ
3389 781 3570 851 ζητεῖν
3594 782 3646 836 ἐν
3667 784 3762 847 τοῖς

2217 883 2326 932 τῶν
2364 879 2600 933 συνόδων
2641 878 2975 949 Πρακτικοῖς
3001 876 3102 942 τήν
3135 875 3526 943 προσήκουσαν
3559 888 3763 940 συμφω-

2219 974 2358 1037 νίαν,
2410 972 2470 1026 τὸ
2525 971 2602 1042 μὴ
2647 969 2854 1038 ταύτην
2901 970 3086 1038 ζητεῖν
3132 966 3440 1034 ἀντιλέγειν
3478 963 3625 1017 ἔσται
3663 966 3766 1026 ταῖς

537 1063 718 1121 gatam
777 1069 835 1109 se
869 1056 947 1108 ait
973 1057 1145 1124 prima
1181 1057 1422 1127 synodus
1451 1065 1481 1112 a
1521 1059 1610 1113 Dei
1644 1059 1814 1129 gratia
1849 1071 1902 1116 et
1939 1064 2113 1129 impe-

538 1158 720 1202 ratore
746 1145 1126 1202 Coustan‘tino.
1160 1149 1396 1218 Exponit
1429 1151 1534 1204 hoc
1565 1159 1750 1205 sancta
1794 1165 1946 1207 sexta
1979 1169 2114 1224 syn-

538 1240 678 1293 odus
723 1241 777 1294 in
812 1241 1246 1310 Prosphonetico
1294 1243 1359 1294 ad
1400 1243 1818 1298 Constantinum
1878 1246 2116 1315 impera-

540 1342 752 1384 torem:
811 1331 1047 1393 «Arius,
1113 1331 1312 1400 inquit,
1381 1332 1725 1402 insurgebat,
1792 1334 2002 1390 divisor
2061 1346 2118 1392 et

541 1421 778 1488 partitor
816 1420 1128 1487 Trinitatis,
1161 1433 1218 1478 et
1250 1425 1515 1478 continuo
1549 1426 1945 1482 Constantinus
1973 1443 2115 1482 sem-

539 1529 638 1582 per
686 1513 988 1584 Augustus,
1027 1525 1084 1570 et
1130 1515 1396 1571 Silvester
1429 1518 1826 1574 celeberrimus
1864 1510 2113 1590 magnam

540 1615 594 1658 et
624 1606 891 1659 illustrem
923 1605 1116 1662 Nicaeae
1135 1609 1402 1677 synodum
1425 1611 1852 1680 congregabant.
1871 1610 2117 1681 Congre-

540 1699 741 1762 gabant
765 1695 1160 1753 Constantinus
1196 1709 1254 1752 et
1283 1698 1582 1765 Silvester;
1621 1717 1726 1754 non
1768 1715 2114 1772 ergolverum

540 1796 648 1851 est,
669 1787 812 1856 quod
849 1788 950 1855 ais,
984 1804 1093 1844 non
1113 1789 1178 1844 ad
1209 1791 1516 1860 episcopos,
1545 1791 1636 1845 sed
1662 1791 1726 1845 ad
1759 1792 2116 1861 imperatores

543 1874 648 1930 hoc
679 1877 978 1945 pertinere.

615 2081 688 2134 De
710 2081 948 2136 secunda
979 2098 1110 2137 vero
1139 2085 1346 2154 synodo
1393 2100 1581 2140 rursus
1610 2086 1774 2141 iidem
1811 2086 2001 2144 Patres
2055 2089 2109 2142 in

543 2169 1012 2241 Prosplionetico:
1049 2193 1068 2226 ι
1097 2174 1442 2231 Theodosius
1475 2187 1531 2233 et
1569 2178 1835 2233 Damasus
1871 2195 2111 2235 conven-

546 2273 659 2316 tum
696 2269 1122 2339 congregabant.
1167 2287 1185 2320 ι

613 2377 689 2432 De
757 2381 917 2435 tertia
965 2397 1096 2437 vero
1154 2393 1208 2439 et
1256 2393 1451 2453 quarta
1502 2387 1713 2458 synodo
1759 2403 1774 2440 :
1842 2404 1861 2440 ι
1909 2387 2110 2442 lterum

542 2468 853 2540 Nestorius,
884 2484 940 2530 et
986 2486 1175 2532 contra
1213 2477 1547 2536 leestinus
1577 2490 1633 2536 et
1660 2480 1932 2552 Cyrillus;
1986 2497 2112 2536 nam

545 2562 637 2616 ille
664 2562 943 2620 Christum
979 2566 1258 2623 dividebat
1289 2581 1344 2625 et
1392 2574 1764 2640 partiebatur:
1798 2573 1852 2627 hi
1907 2589 2039 2628 vero
2083 2590 2112 2628 a

547 2658 778 2712 Domino
818 2668 1024 2715 stantes
1045 2675 1167 2716 cum
1193 2675 1537 2732 sceptrorum
1564 2665 1788 2720 domino
1817 2666 2113 2722 divisorem

546 2749 901 2820 dejiciebant.
934 2753 1164 2816 Deinde.
1200 2756 1403 2825 inquit,
1449 2757 1712 2828 Eutychis
1742 2758 2008 2814 delirante
2035 2761 2117 2813 in-

546 2843 698 2896 sauia
753 2859 948 2900 novam
1002 2845 1265 2913 fabulam,
1322 2849 1519 2906 Leonis
1571 2851 1801 2919 epistola
1858 2861 2114 2920 tanquam

2221 1066 2484 1129 συνόδοις.
2541 1063 2958 1133 Συναγηγέροαι
3012 1061 3180 1131 φησὶν
3229 1061 3262 1128 ή
3331 1056 3523 1129 πρώτη
3573 1055 3766 1119 σύνοδος

2219 1159 2324 1213 ὑπὸ
2357 1159 2457 1227 τῆς
2486 1157 2623 1211 Θεοῦ
2655 1157 2878 1228 χάριτος
2909 1155 3003 1206 κοιλ⁸
3052 1152 3146 1206 τοῦ
3192 1151 3463 1222 βασιλέως
3497 1151 3767 1203 Κωνσταν-

2217 1251 2716 1322 τίνου.⁹Εξηγεῖται
2754 1249 2911 1303 τοῦτο
2938 1251 2972 1313 ἡ
3009 1246 3141 1314 ἁγία
3185 1244 3320 1315 ἕκτη
3359 1242 3576 1303 σύνοδος
3615 1242 3669 1293 έν
3703 1241 3768 1308 τῷ

2221 1341 2660 1416 προσφωνητικῷ
2716 1341 2854 1411 πρὸς
2905 1339 2998 1392 τὸν
3057 1337 3285 1408 βασιλέα
3349 1334 3765 1389 Κωνσταντῖνον·

2224 1456 2244 1488 ι
2285 1437 2524 1505 Ἄρειος,
2586 1433 2754 1505 φησὶ,
2816 1431 3096 1501 διαιρέτης
3151 1431 3245 1482 καὶ
3295 1424 3637 1494 κατατομεὺς
3683 1422 3769 1490 τῆς

2218 1529 2452 1600 Τριάδος
2482 1529 2774 1596 ἐγήγερτο,
2819 1524 2916 1577 καὶ¹
2966 1521 3284 1592 παραυτίκα
3329 1517 3770 1577 Κωνσταντῖνοςὸ

2217 1621 2571 1682 άεισέδαστος
2594 1619 2685 1672 καὶ
2714 1616 3038 1685 Σίλϐεστρος
3067 1617 3095 1667 6
3117 1613 3363 1681 ἀοίδιμος
3387 1610 3486 1681 τὴν
3509 1612 3564 1662 ἐν
3591 1607 3770 1676 Νικαίᾳ

2222 1714 2468 1783 μεγάλην
2521 1729 2581 1764 τε
2632 1713 2729 1766 καὶ
2779 1707 3146 1778 περῖὄλεπτον
3196 1704 3489 1769 συνέλεγον
3556 1697 3766 1751 σύνοδον.

2222 1809 2483 1874 Συνέλεγε
2510 1805 2926 1864 Κωνσταντῖνος
2952 1801 3052 1853 καὶ
3075 1798 3424 1866 Σίλὸεστροςο
3459 1793 3561 1846 οὐκ
3597 1789 3772 1859 ἀληθὲς

2223 1903 2328 1972 ἄρα
2354 1902 2381 1955 ὃ
2413 1901 2615 1969 λέγεις’,
2638 1898 2722 1951 ὅτι
2763 1893 3099 1966 βασιλεῦσιν,
3128 1892 3228 1945 οὐκ
3269 1887 3591 1948 ἐπισκόποις
3621 1881 3773 1937 ταῦτα

2152 2011 2191 2064 Β
2223 1994 2460 2045 ἀνεῖται.

2309 2103 2586 2164 Ὡσαύτως
2616 2104 2748 2172 περὶ¹
2778 2101 2880 2169 τῆς
2907 2096 3166 2166 δευτέρας
3199 2091 3389 2162 φησὶν,
3414 2090 3501 2144 ὅτι
3523 2085 3774 2144 Θεοδόσιος

2230 2198 2324 2252 καὶ
2350 2197 2602 2268 Δάμασος
2647 2197 2676 2248 6
2705 2192 2941 2255 πάπποις
2976 2183 3329 2260 συνήθροιζον
3378 2185 3474 2238 τὸν
3521 2178 3772 2245 σύλλογον.

2301 2398 2435 2470 Περὶ
2485 2395 2541 2450 δὲ
2595 2395 2697 2463 τῆς
2755 2392 2949 2463 τρίτης
3000 2389 3096 2443 καὶ
3151 2385 3197 2440 δ’
3251 2384 3474 2438 συνόδου
3526 2378 3776 2470 ἐξηγεῖται

2228 2468 2428 2562 ὁμοίως
2458 2493 2492 2560 ἡ
2528 2491 2661 2560 ἕκτη
2689 2489 2746 2542 ὲν
2772 2483 2856 2550 οῖς
2888 2486 3058 2552 λέγει·
3090 2501 3110 2533 ι
3141 2481 3313 2534 Πάλιν
3341 2476 3660 2542 Νεστόριος,
3698 2468 3778 2521 καὶ

2232 2587 2399 2641 πάλιν
2423 2585 2750 2645 Κελεστῖνος
2779 2580 2876 2635 καὶ
2909 2575 3201 2648 Κύριλλος·
3235 2574 3262 2626 ὁ
3294 2571 3392 2640 μὲν
3417 2569 3532 2636 γὰρ
3559 2564 3646 2618 τὸν
3667 2563 3778 2629 Χρι-

2235 2681 2360 2735 στὸν
2391 2678 2569 2749 διῄρει
2591 2677 2684 2730 καὶ
2712 2671 3088 2732 κατεδίκαζεν,
3117 2667 3166 2719 οἱ
3212 2665 3269 2718 δὲ
3298 2661 3376 2731 τῷ
3412 2658 3651 2727 δεσπότῃ
3674 2650 3779 2706 συλ-

2235 2770 2639 2838 λαμϐανόμενοι
2668 2767 2766 2819 σὺν
2801 2765 2877 2833 τῷ
2910 2763 3018 2816 τῶν
3046 2761 3340 2830 σκήπτρων
3370 2754 3680 2817 δεσπόζοντι
3707 2749 3781 2846 τόν

2236 2863 2548 2931 κατατομέα
2581 2857 2934 2913 κατέϐαλλον.
2985 2851 3137 2913 Εἶτα,
3186 2851 3343 2918 φησι,
3383 2846 3485 2912 τῆς
3536 2844 3781 2931 Εύτυχονς

549 2938 763 3007 rugitus
794 2939 989 3007 leonis,
1031 2943 1225 3011 grandi
1264 2945 1446 2998 sonitu
1477 2960 1544 2998 ex
1576 2944 1713 3000 urbe
1746 2955 2115 3014 perstrepens;

546 3030 1036 3086 archimandritam
1078 3042 1208 3088 tunc
1239 3037 1500 3106 temporis
1538 3037 1767 3092 bestiam
1802 3038 2119 3107 perterruit,

545 3129 602 3174 ct
636 3136 667 3175 e
703 3123 1100 3180 monachorum
1133 3126 1344 3197 depulit
1380 3143 1565 3197 grege.
1605 3148 1623 3180 ι

2237 2957 2425 3019 ἀνοίας
2448 2929 2808 3027 ληρωδούσης
2840 2950 3029 3017 ’έτερον
3083 2945 3337 3015 μύθημα,
3374 2939 3600 2992 Λέοντος
3623 2929 3779 3027 ήᾲδέλ-

2237 3068 2332 3112 τος
2357 3025 2612 3115 καθάπερ
2648 3043 2905 3116 βρύχημα
2929 3041 3140 3102 λέοντος
3173 3034 3458 3107 ῥωμαλέον
3487 3033 3553 3083 ὲκ
3592 3025 3781 3092 Ῥώμης

2239 3143 2496 3213 ὴχήσασα
2525 3139 2619 3192 τὸν
2650 3137 2789 3200 τέως
2835 3129 3270 3204 ἀρχιμανδρίτην
3316 3127 3462 3194 θῆρα
3518 3116 3783 3186 κατεξεφόσ

2239 3238 2398 3306 6ησε,
2423 3235 2524 3303 τῆς
2551 3248 2610 3284 τε
2649 3227 2983 3300 μοναστικῆς
3009 3221 3209 3291 ἀγέλης
3234 3217 3546 3286 ἀπήλασεν.

620 3327 698 3382 De
729 3328 919 3398 quinta
945 3339 1250 3398 praeterea:
1286 3348 1306 3382 ι
1341 3329 1592 3401 Vigilius,
1630 3332 1830 3402 inquit,
1865 3341 1920 3386 et
1949 3333 2116 3387 Justi-

2302 3347 2414 3398 Καὶ
2457 3344 2586 3413 περὶ
2617 3340 2720 3410 τῆς
2749 3339 3027 3406 πέμπτης,
3063 3335 3149 3386 ὅτι
3200 3349 3219 3381 ι
3256 3327 3500 3395 Βιγίλιος
3546 3324 3643 3377 σὺν
3675 3321 3790 3373 ’1ου-

553 3421 748 3475 nianus
778 3420 983 3490 quinta:
1011 3422 1201 3492 synodi
1223 3433 1553 3478 conventum
1588 3424 1956 3480 celebrabant.
1997 3443 2014 3476 ι

2241 3437 2498 3508 στινιανῷ
2531 3435 2798 3490 συνίστων
2825 3431 2887 3483 τὸ
2921 3428 3019 3498 τῆς
3046 3427 3307 3496 πέμπτης
3343 3419 3644 3486 συνέδριον.
3674 3431 3691 3465 ι

619 3533 756 3589 Cum
786 3543 938 3590 sexta
975 3535 1219 3606 synodus
1263 3545 1372 3591 tam
1407 3537 1583 3607 planis
1607 3539 1794 3594 verbis
1824 3541 1938 3596 [nec
1977 3556 2101 3596 asse

2307 3549 2497 3605 Ταῦτα
2526 3544 2796 3614 λεγούσης
2840 3537 3144 3610 ἀναφανδδν
3186 3534 3288 3604 τῆς
3330 3531 3384 3598 ς’
3417 3531 3660 3590 συνόδου,
3702 3524 3790 3592 τῆς

553 3636 661 3691 rat,
686 3628 862 3695 prima
901 3643 1053 3688 vero,
1086 3637 1143 3683 et
1175 3628 1355 3690 tertia,
1385 3641 1438 3683 et
1469 3640 1684 3698 quarta,
1728 3647 1866 3701 quas
1895 3633 2109 3701 profers

2234 3644 2293 3698 δὲ
2325 3643 2551 3712 πρώτης
2582 3639 2678 3692 καὶ
2705 3634 2919 3704 τρίτης,
2948 3631 3044 3685 καὶ
3070 3629 3363 3722 τετάρτης,
3394 3622 3790 3722 ἀςΔπροφέρεὶς.

554 3720 738 3774 dicant
756 3734 813 3773 se
836 3729 1193 3791 congregatas
1221 3731 1356 3776 nutu
1383 3731 1443 3777 et
1470 3723 1693 3777 decreto
1712 3723 2106 3792 imperatorum

2237 3736 2516 3803 λεγουσῶν
2548 3729 2881 3800 συναχθῆναι
2915 3726 3148 3792 νεύματι
3194 3720 3289 3774 καὶ
3321 3717 3653 3782 θεσπίσματι
3697 3717 3792 3762 τῶν

553 3825 780 3866 necesse
830 3820 915 3866 est
967 3823 1062 3865 aut
1090 3822 1309 3868 sanctas
1368 3817 1606 3884 synodos
1638 3815 1784 3870 inter
1835 3830 1892 3869 se
1923 3816 2116 3869 dissent

2240 3828 2528 3900 βασιλέων,
2559 3823 2769 3890 ἀνάγκη
2804 3819 2835 3889 ἢ
2869 3819 2968 3878 τὰς
3004 3815 3168 3883 ἁγίας
3201 3811 3459 3870 συνόδους
3499 3804 3790 3900 διαφωνεῖν,

556 3904 681 3968 tire,
723 3913 816 3958 aut
845 3920 954 3960 non
989 3919 1119 3960 vera
1154 3914 1204 3961 te
1229 3907 1435 3970 dicere,
1476 3907 1606 3960 dum
1638 3907 1862 3971 asseris,
1898 3907 2116 3976 impera-

2239 3898 2270 3993 ἦ
2311 3922 2369 3974 σὲ
2425 3919 2500 3990 μὴ
2555 3915 2843 3986 ἀληθεύειν
2886 3910 3348 3979 ἀποφαινόμενον,
3383 3905 3467 3956 ὅτι
3526 3898 3787 3993 βασιλέων.

557 4009 738 4052 torum
780 4013 923 4064 esse,
977 4014 1088 4053 non
1135 3998 1479 4052 sacerdotum
1529 4015 1864 4070 congregare
1896 4003 2116 4071 synodo:

2240 3991 2340 4085 οὐχ
2377 4014 2569 4084 ἱερέων
2601 4013 2717 4063 ἐστὶ
2749 4007 2808 4061 τὸ
2842 4005 3101 4071 συνάγειν
3133 3996 3523 4067 οἱκουμενικὴν
3577 3991 3789 4085 σύνοδον.

556 4091 945 4146 vncumenicas.
967 4091 1085 4145 Non
1118 4091 1408 4146 dissentire
1439 4102 1621 4146 autem
1657 4107 1843 4147 sacras
1892 4093 2116 4163 synodo:

2385 4076 2488 4174 μέν
2537 4096 2628 4153 οὖν
2673 4097 2838 4164 ἀγίας
2892 4093 3149 4153 συνόδους
3198 4088 3272 4158 μὴ
3333 4084 3626 4152 διαφωνεῖν

555 4191 610 4236 et
645 4198 743 4252 per
773 4198 831 4238 se
851 4191 1101 4237 constat:
1131 4183 1377 4252 alioquin
1403 4184 1574 4237 altera
1610 4198 1735 4252 pars
1785 4186 2112 4237 mentiretur

2241 4167 2441 4257 έαυτάς
2500 4193 2594 4246 κοιλ⁸
2646 4189 2874 4244 αὐτόθεν
2913 4186 3108 4255 δῆλον·
3145 4179 3522 4274 ἀνάγκηῃγὰρ
3553 4176 3630 4274 ‘tv
3660 4167 3790 4274 01-4.?

558 4277 601 4330 si
648 4284 796 4330 esset
843 4276 1152 4331 dissiditnn.
1201 4276 1430 4330 Constat
1460 4275 1624 4330 etiam
1669 4291 1734 4329 ex
1777 4276 2111 4345 ipsorumme

2241 4286 2505 4356 διαφωνία
2544 4284 2773 4352 θάτερον
2807 4280 2975 4349 μέρος
3004 4273 3320 4345 ψεύδεσθαιο
3353 4269 3512 4339 δῆλον
3548 4268 3604 4320 δὲ
3636 4263 3720 4356 καὶ
3743 4259 3793 4321 ἐξ

557 4369 954 4439 imperatorum
988 4369 1246 4439 scriptis,
1286 4387 1382 4439 per
1431 4385 1553 4440 qua:
1592 4371 1782 4440 synodi
1839 4370 2116 4424 mcumeni

2243 4373 2319 4435 ὧν
2344 4353 2522 4430 ἀὐτοὶ
2568 4376 2765 4428 ἐκεῖνοι
2812 4374 3119 4444 γράφουσιν
3151 4369 3202 4422 οί
3242 4365 3506 4436 βασιλεῖς,
3549 4364 3618 4416 δι’
3649 4353 3718 4414 ὧν
3747 4357 3794 4409 αἱ

488 4513 497 4521 ,
559 4477 636 4516 cae
665 4471 1008 4532 congregata:
1040 4472 1189 4515 sunt.
1220 4463 1329 4532 ipsi
1370 4463 1515 4516 enim
1548 4463 1942 4530 fatentur.quo
1973 4462 2116 4515 modt

2242 4465 2620 4535 οἰκουμενικαὶ
2667 4462 3136 4532 συνηθροίσθησαν
3211 4455 3420 4510 σύνοδοι
3449 4470 3464 4486 ⁸
3513 4451 3662 4506 αὐτοὶ
3703 4446 3795 4514 γὰρ

560 4565 736 4618 quave
783 4552 997 4604 ratione
1041 4552 1468 4619 eongregaliant.
1514 4552 1855 4606 declarantes
1920 4567 1977 4627 se
2035 4552 2116 4605 Ιιο‹

2247 4559 2589 4631 ἐξηγοῦνται,
2625 4557 2742 4619 πῶς
2780 4559 2874 4608 καὶ
2908 4554 3014 4607 τίνι
3047 4551 3191 4620 λόγῳ
3229 4545 3610 4616 συνήθροιζον,
3653 4539 3792 4608 δηλο.

563 4643 762 4694 t'ecisse
796 4657 905 4694 non
935 4649 994 4694 ut
1027 4646 1356 4696 auctoritate
1404 4654 1644 4705 utentes,
1687 4644 1780 4698 scd
1808 4652 1864 4697 ut
1918 4645 2107 4712 religio

2250 4649 2526 4708 ποιοῦντες
2565 4648 2646 4698 ὅτι
2675 4645 2834 4697 τοῦτο
2866 4645 3134 4711 ἔπραττον
3177 4639 3278 4707 οὐχ
3324 4637 3401 4698 ὡς
3446 4629 3793 4701 ἐξουσιαστσνὶ,

562 4752 686 4789 nem
721 4745 1150 4805 propugnantes.
1188 4737 1255 4791 Ut
1295 4753 1361 4790 ex
1414 4738 1497 4791 liis
1528 4741 1650 4808 jure
1678 4739 1886 4807 optimo
1921 4738 2111 4807 colliga

2247 4742 2367 4796 ἀλλ’
2395 4741 2470 4804 ὡς
2521 4736 2950 4807 ὑπερασπιστσί.
3009 4734 3174 4786 Ὥστε
3226 4731 3451 4791 δικαίως
3503 4728 3567 4778 ἐκ
3613 4728 3795 4818 τούτων

565 4838 655 4881 tur
708 4829 880 4882 solius
931 4844 1084 4898 papae
1137 4829 1426 4896 potestatis
1455 4845 1576 4885 esse
1626 4829 1845 4898 proprie
1903 4830 2110 4899 synodo

2251 4831 2579 4897 συνάγεσθαι
2621 4829 2788 4896 μόνης
2845 4820 2987 4876 εἶναι
3027 4822 3235 4891 κυρίως
3283 4820 3384 4888 τῆς
3429 4815 3672 4881 ἐξουσίας
3718 4815 3795 4861 τοῦ

565 4919 940 4973 (ecumcnicas
964 4935 1320 4990 congregare.
1337 4921 1524 4990 Itaque
1552 4922 2116 4991 prmclarze'memoria

2251 4925 2451 4978 πάππα
2481 4924 2542 4974 τὸ
2575 4921 2675 4984 τὰς
2711 4916 3098 4987 οἱκουμενικάς
3125 4910 3505 4981 συναθροίζειν
3541 4903 3792 4960 συνόδους.

566 5012 961 5066 Constantinus
997 5013 1298 5082 imperator
1327 5015 1378 5067 in
1413 5016 1744 5068 allocutione
1789 5016 1853 5067 ad
1896 5023 2116 5068 sanctan

2252 5015 2663 5071 Κωνσταντῖνος
2695 5009 2824 5075 γοῦν
2874 5011 2901 5061 6
2954 5008 3199 5075 ἀοίδιμος
3236 5004 3494 5074 βασιλεὺς
3541 5000 3671 5068 ⁴πρὸς
3715 5000 3796 5060 τὴν

565 5104 835 5174 synodum
888 5108 954 5159 de
1007 5122 1160 5176 pace,
1218 5115 1277 5160 ut
1333 5106 1516 5160 videre
1571 5117 1657 5160 est
1705 5107 1756 5158 in
1823 5107 2109 5176 fragmenti

2255 5109 2418 5173 ἁγίαν
2455 5105 2680 5174 πρώτην
2718 5103 2933 5155 σύνοδον
2982 5101 3113 5166 περὶ
3155 5100 3379 5166 εἰρήνης
3414 5093 3796 5159 διαλεγόμενος.

567 5199 759 5266 prima)
790 5200 986 5268 synodi
1015 5218 1027 5253 ε
1065 5217 1082 5249 ι
1115 5200 1410 5267 Postquam
1439 5241 1452 5263 ,
1482 5199 1680 5268 inquit,
1713 5198 1780 5253 de
1815 5208 1994 5253 vestra
2031 5200 2115 5253 clis

2247 5200 2322 5262 ὡς
2353 5202 2409 5252 ὲν
2437 5202 2550 5260 τοῖς
2585 5197 2912 5263 σωζομένοις
2948 5196 3125 5248 ἔνεστι
3161 5194 3256 5262 τῆς
3302 5190 3522 5243 συνόδου
3575 5185 3788 5248 ἐκείνης.

567 5290 823 5344 δυηδὶοηρ
848 5303 1044 5360 praeter
1079 5309 1298 5348 omnem
1343 5309 1496 5361 spem
1533 5293 1737 5356 audivi,
1773 5309 1881 5346 non
1921 5294 2116 5359 postlla

2253 5310 2273 5343 ε
2319 5292 2575 5359 Ἐπειδὴ,
2633 5290 2806 5359 φησὶ,
2859 5289 2958 5356 τὴν
3005 5288 3280 5354 υμετέραν
3345 5284 3624 5336 διάστασιν
3653 5289 3780 5381 ,παιρ

567 5385 806 5438 1)(ξηι1υιιι
841 5387 969 5439 duri
1001 5387 1147 5456 quod
1185 5389 1414 5442 relatum
1443 5397 1566 5452 est;
1598 5388 1690 5440 sed
1721 5397 1972 5457 precatus
2011 5387 2116 5440 illlit

2254 5384 2444 5436 ἐλπίδα
2481 5385 2664 5435 πᾶσαν
2699 5379 3004 5447 ἐπυθόμην,
3035 5379 3134 5430 οὐκ
3165 5379 3223 5427 ἐν
3256 5375 3495 5442 δευτέρῳ
3519 5374 3613 5441 τὴν
3643 5362 3794 5429 ἀκοὴν

567 5477 730 5528 etiam
794 5479 868 5530 rei
927 5479 1175 5531 adhiberi
1257 5479 1559 5532 remedium
1613 5494 1711 5546 per
1777 5478 2116 5531 ministeriun

2252 5477 2475 5544 ἐθέμην·
2505 5476 2684 5541 τυχεῖν
2709 5472 2762 5524 δὲ
2795 5473 2888 5523 καὶ
2935 5468 3091 5522 τοῦτο
3126 5465 3424 5534 θεραπείας
3457 5465 3522 5516 δι’
3560 5465 3693 5529 ἐμῆς
3720 5465 3793 5506 ειν

569 5584 774 5630 meum,
804 5585 996 5622 omnes
1023 5571 1229 5639 absque
1271 5587 1419 5623 mora
1449 5569 1735 5623 acccrsivi.
1770 5589 1786 5619 ι
1828 5569 2116 5622 Λαερτείεει

2255 5569 2484 5635 ξάμενος
2519 5565 2841 5633 ὑπηρεσίας,
2875 5565 2999 5623 τοὺς
3050 5563 3259 5618 πάντας
3307 5556 3570 5626 ἀμελλητὶ
3602 5561 3791 5617 συμμε-

570 5662 645 5712 ait
688 5675 744 5713 se
778 5660 1086 5727 episcopos.
1127 5679 1234 5714 non
1295 5662 1441 5730 regia
1469 5677 1627 5714 usum
1670 5670 1936 5730 potestate
1966 5702 1978 5718 ,
2030 5675 2136 5711 non

571 5751 790 5815 politica
842 5751 1310 5807 administratione
1357 5755 1622 5818 innixum,
1684 5753 1778 5806 sed
1831 5764 2135 5817 prorutum,

2252 5658 2638 5727 τεστειλάμην.
2676 5675 2693 5707 ι
2735 5655 3275 5723 Συμμετεστείλατο,
3317 5649 3470 5718 φησὶ,
3524 5647 3644 5704 τοὺς
3691 5642 3790 5736 ίπξ¹

2255 5746 2620 5817 σκόπους,ὀῦ
2681 5748 2934 5816 βασιλικῇ
2993 5745 3279 5813 δυναστείᾳ
3326 5742 3684 5810 χρησάμενος,
3735 5742 3785 5778 ου
