4088 6294
334 277 436 338 85.3

1630 272 2070 336 REFUTATIO
2103 268 2292 333 NIIJ.

3465 271 3571 334 854

330 386 585 452 πολιτικῇ
636 381 929 454 ἐπιμελείᾳ
982 383 1398 453 στηριζόμενος,
1449 384 1567 437 ἀλλ’
1599 384 1893 453 εὐξάμενος

2000 392 2058 436 ut
2114 384 2256 436 malo
2310 380 2662 437 adhiberetur
2690 382 2991 437 remedium
3048 398 3147 453 per
3199 382 3566 439 ministerium

326 480 512 547 τυχεῖν
534 475 831 546 θεραπείας
860 477 922 529 τὸ
944 477 1112 531 κακὸν
1134 478 1222 531 διὰ
1245 480 1343 546 τῆς
1372 477 1540 532 αὑτοῦ
1564 479 1893 548 ὑπηρεσίας.

328 572 454 625 Εἴτε
480 570 611 639 γοῦν
641 570 948 640 ὑπηρεσίαν
976 572 1118 631 νοεῖς
1159 571 1261 641 τὴν
1293 573 1428 642 πρὸς
1471 575 1563 625 τὸν
1596 572 1752 638 Θεὸν,
1781 571 1893 623 εἴτε

328 666 429 735 τὴν
486 666 623 732 πρὸς
675 664 776 734 τὴν
831 664 1189 732 Ἐκκλησίαν,
1238 666 1405 735 εὐχῆς
1460 666 1557 718 καὶ
1591 668 1893 736 ὑπηρεσίας

324 757 489 826 ἔργον
518 757 807 826 ὁμολογεῖν
839 756 1093 824 γενέσθαι
1125 758 1273 826 αὐτῷ
1305 760 1333 811 6
1365 759 1619 826 βασιλεὺς
1667 759 1766 828 τὴν
1802 776 1898 827 με-

324 845 609 916 τάπεμψιν
638 846 747 897 τῶν
781 847 1119 908 ἐπισκόπων,
1157 847 1279 916 οὐχὶ
1334 846 1590 910 ἐξουσίας
1618 848 1712 899 καὶ
1738 848 1898 900 δυνα-

330 938 538 999 στείας.
582 938 646 991 Εί
703 936 761 990 δὲ
795 937 937 991 κατὰ
985 938 1082 1008 τὴν
1124 939 1179 1002 ς’
1226 939 1443 992 σύνοδον
1491 941 1895 1003 Κωνσταντῑνος

328 1028 424 1078 καὶ
454 1025 784 1094 Σίλὸεστρος
821 1026 1109 1093 συνέλεγον
1136 1028 1236 1096 τὴν
1264 1028 1487 1097 πρώτην
1520 1027 1763 1090 σύνοδον,
1802 1029 1895 1082 καὶ

322 1117 580 1183 ὁμολογεῖ
616 1117 1024 1179 Κωνσταντϊνος
1049 1120 1373 1187 συναγεῖραι
1397 1120 1769 1189 ὐπηρετικῶς·
1790 1118 1897 1190 ἄρα

322 1208 651 1279 Σίλὸεστρος
671 1212 960 1281 συνήγειρε
986 1212 1382 1281 ποιμαντικῶς.
1402 1213 1526 1274 Πῶς
1548 1212 1657 1283 γάρ
1684 1212 1893 1277 ἄλλο)ςῖ

327 1300 391 1352 Et
424 1302 532 1371 γὰρ
558 1301 758 1368 ἄλλως,
781 1302 926 1354 διατί
958 1303 1033 1373 μὴ
1067 1306 1390 1373 συναγεῖραι
1414 1303 1563 1371 λέγει
1592 1304 1620 1356 ὀ
1650 1304 1896 1369 Ἀλεξαν-

322 1390 534 1457 δρείας,
565 1392 598 1461 ἢ
623 1394 651 1443 6
690 1392 1038 1462 Ἀντιοχείας,
1063 1392 1199 1447 ἀλλὰ
1223 1394 1547 1464 Σίλὸεστρος
1573 1395 1601 1447 ὁ
1640 1393 1891 1464 Ῥὡμης;

328 1482 393 1532 Et
430 1482 483 1533 δὲ
512 1483 688 1544 εἴποις
714 1524 728 1548 ,
751 1483 851 1535 Διὰ
888 1483 948 1535 τὸ
996 1479 1133 1537 εἶναι
1180 1484 1270 1536 τὸν
1313 1484 1533 1553 Ῥώμης
1580 1486 1795 1554 πρῶτον
1826 1487 1891 1554 τῇ

326 1571 503 1637 τάξει,
540 1573 927 1641 ἁντιλεγούσας
960 1573 1106 1643 ἔχεις
1138 1576 1239 1644 τὴν
1287 1576 1329 1628 δ’
1377 1576 1597 1628 σύνοδον
1647 1577 1745 1629 καὶ
1793 1577 1894 1645 τὴν

326 1663 584 1733 ἑϐδόμην·
620 1662 719 1733 τήν
750 1660 791 1717 δ’
826 1665 885 1716 ὲν
922 1658 1004 1728 οἷς
1036 1666 1189 1732 λέγει
1240 1664 1383 1717 κατὰ
1426 1664 1526 1735 τὴν
1574 1664 1747 1736 ἀρχὴν
1786 1665 1893 1718 τῶν

2001 477 2140 546 ejus.
2172 475 2298 530 Sive
2328 489 2458 543 ergo
2510 474 2876 529 ministerium
2913 473 3184 543 intelligas
3213 488 3341 543 erga
3370 474 3565 536 Deum,

2002 566 2117 620 sive
2158 564 2480 626 Ecelesiam,
2538 563 2716 631 precis
2768 572 2822 617 et
2880 562 3167 616 ministerii
3209 577 3346 630 Opus
3400 562 3568 616 fuisse

2002 658 2106 713 sibi
2145 657 2591 711 convocationem
2610 656 2991 725 episcoporum
3018 654 3217 708 fatetur
3248 655 3564 724 imperator,

2002 766 2112 805 non
2162 751 2449 818 potestatis
2493 759 2550 805 et
2598 749 2962 804 auctoritatis.
2994 750 3060 803 Et
3105 750 3151 804 si
3175 748 3567 803 Constantinus

2001 850 2059 895 et
2111 840 2391 905 Silvester,
2431 849 2491 895 ut
2518 842 2596 895 ait
2646 851 2796 895 sexta
2842 840 3103 912 synodus,
3164 839 3568 908 congregabant

2000 933 2232 1003 primam
2266 934 2566 1003 synodum;
2606 943 2663 988 et
2685 932 3082 989 Constantinus
3115 932 3318 986 fatetur
3350 946 3407 985 se
3441 946 3569 983 con-

2002 1038 2227 1079 vocasse
2259 1025 2494 1078 ministri
2542 1039 2731 1094 opera,
2768 1032 2934 1078 restat
2965 1034 3024 1078 ut
3068 1023 3332 1077 Silvester
3368 1036 3571 1074 convo-

2004 1117 2205 1170 caverit
2258 1118 2494 1185 pastoris
2527 1116 2725 1171 ollicio.
2759 1115 2879 1183 Quo
2919 1116 3063 1170 enim
3119 1115 3225 1168 alio
3268 1113 3461 1166 titulo?
3511 1110 3564 1164 Si

2000 1209 2146 1265 enim
2207 1210 2316 1262 alio
2371 1210 2550 1272 titulo,
2603 1224 2703 1263 cur
2758 1208 2943 1277 potius
2982 1208 3244 1262 Silvester
3290 1205 3567 1258 Romanus

2001 1316 2162 1370 quam
2197 1301 2597 1356 Alexandrinus
2627 1311 2678 1355 et
2714 1301 3089 1355 Antiochenus
3127 1313 3454 1353 convocasse
3482 1297 3568 1347 tli-

2000 1392 2187 1446 citur?
2214 1393 2268 1447 Si
2302 1392 2472 1455 dicas,
2502 1392 2639 1457 Quia
2672 1393 2953 1447 Romanus
2994 1400 3078 1447 est
3110 1392 3304 1445 ordine
3335 1391 3560 1458 primis,

2000 1485 2382 1540 contradicunt
2410 1494 2598 1552 quarta
2650 1494 2707 1539 et
2749 1484 2980 1553 septima
3029 1482 3271 1554 synodus
3303 1500 3315 1535 :
3349 1491 3563 1550 quarta,

2002 1574 2095 1628 ubi
2157 1575 2291 1628 dicit
2338 1575 2600 1629 Actorum
2660 1574 2861 1627 initio:
2896 1590 2914 1623 ι
2956 1571 3235 1642 Synodum
3288 1571 3565 1625 celebrare

2000 1680 2165 1719 ausus
2193 1676 2278 1719 est
2310 1665 2600 1719 Dioscorus
2640 1680 2748 1718 non
2789 1665 3013 1718 obtenta
3060 1664 3319 1718 facultate
3364 1679 3391 1714 a
3439 1662 3565 1716 sede

327 1752 680 1819 Πρακτικῶνο
721 1773 738 1805 ι
770 1754 999 1808 Σύνοδον
1030 1756 1301 1825 ἐτόλμησε
1332 1758 1557 1825 ποιῆσαι
1605 1758 1893 1826 Διόσκορος

1998 1757 2328 1825 apostolica;
2375 1756 2521 1825 quod
2556 1771 2834 1824 nunquam
2884 1756 3088 1811 factum
3138 1764 3243 1818 est,
3302 1769 3403 1808 nec
3450 1754 3563 1806 fieri

321 1844 632 1914 ἐπιτροπῆς
657 1846 779 1916 δίχα
807 1846 903 1899 τοῦ
940 1847 1305 1901 ἀποστολικοῦ
1348 1847 1565 1917 θρόνου,
1591 1848 1730 1918 ὅπερ
1749 1850 1899 1903 οὐδέ-

322 1952 461 1989 ποτε
490 1938 736 2005 γέγονεν,
768 1938 888 1993 οὐδὲ
917 1939 1035 2005 ἐξὸν
1066 1939 1342 2008 γενέσθαι.
1386 1958 1405 1991 ι

398 2028 510 2099 Τήν
542 2027 588 2093 ζ’
617 2032 675 2081 ἐν
700 2026 781 2094 οἷς
809 2031 959 2098 λέγει
991 2032 1133 2085 κατὰ
1159 2032 1258 2103 τὴν
1287 2030 1340 2096 ς’
1373 2031 1574 2101 πρᾶξιν
1600 2046 1615 2061 ’
1657 2052 1675 2083 ι
1715 2032 1897 2102 Νόμος

321 2121 587 2183 ὲστὶταῖς
617 2122 856 2183 συνόδοις
888 2121 1034 2190 ἔχειν
1077 2124 1339 2192 συνεργὸν
1367 2123 1457 2176 τὸν
1479 2123 1578 2190 τῆς
1610 2122 1897 2191 Ῥωμαίων

322 2211 584 2266 πάππαν.
630 2232 649 2263 ι
686 2212 868 2265 Ταῦτα
904 2213 962 2265 δὲ
1018 2215 1289 2283 πρωτεῖον
1333 2214 1395 2266 οὐ
1449 2215 1611 2284 ψιλῆς
1662 2216 1892 2279 τάξεως,

319 2302 443 2357 ἀλλ’
470 2303 721 2366 ἐξουσίας
766 2300 1127 2374 δηλοῦσινοή
1186 2305 1295 2373 γὰρ
1345 2304 1653 2376 ἐπιτροπὴ,
1717 2306 1811 2357 καὶ
1862 2306 1895 2376 ή

322 2398 595 2463 συνεργία
622 2396 716 2449 τοῦ
750 2396 954 2450 πάππα
996 2396 1136 2449 κατὰ
1166 2398 1258 2450 τὸν
1292 2396 1457 2466 νόμον
1489 2394 1599 2450 τῶν
1632 2396 1893 2460 συνόδων,

319 2489 587 2558 ἀθέμιτον
618 2488 714 2542 καὶ
745 2489 1060 2559 παράνομον
1106 2472 1256 2559 δηλοῖ
1287 2489 1621 2542 τούναντίον·
1654 2487 1815 2541 τοῦτο
1838 2488 1894 2540 δὲ

320 2582 633 2650 τεκμήριον
663 2581 942 2649 προφανὲς
972 2581 1096 2650 οὐχ).
1125 2581 1295 2651 μόνης
1318 2580 1546 2647 τάξεως,
1582 2579 1699 2634 ἀλλ’
1740 2579 1893 2645 ἐξου-

320 2675 449 2731 σίας
484 2673 576 2725 καὶ
608 2674 953 2738 ἐπιστασίαςο
983 2673 1204 2743 καὶγὰρ
1227 2672 1480 2743 ὑπῆρξαν
1512 2672 1894 2742 οἰκουμενικαὶ

296 2758 565 2821 σύνοδοι,
609 2761 667 2813 ὲν
717 2754 804 2823 αἷς
847 2762 908 2813 οὐ
949 2762 1247 2832 τετήρηται
1299 2762 1409 2815 τῶν
1450 2764 1804 2833 πατριαρχῶν
1861 2762 1893 2833 ή

316 2852 500 2918 τάξις,
521 2847 632 2907 οἷον
665 2855 721 2905 ἐν
749 2855 815 2923 τῇ
844 2853 1033 2923 τρίτῃσ
1062 2854 1125 2906 οὐ
1153 2854 1259 2923 γὰρ
1282 2854 1462 2922 παρῆν
1491 2856 1519 2907 ὁ
1544 2854 1895 2907 Κωνσταντι-

317 2942 631 3005 νουπόλεως
677 2943 771 2996 καὶ
802 2946 830 2996 6
873 2944 1206 3014 Ἀντιοχείας
1228 2961 1240 2974 ο
1273 2949 1330 2997 ἐν
1369 2947 1436 3016 τῇ
1465 2945 1728 3016 τετάρτῃ,
1772 2947 1828 2997 ἐν
1858 2936 1891 3017 ᾗ

1997 1848 2147 1904 licet.
2188 1867 2209 1898 ι

1997 2026 2013 2039 ⁹
2071 2024 2310 2095 Septima
2344 2027 2557 2080 actione
2590 2041 2645 2079 Vl
2668 2025 2757 2080 ubi
2785 2026 2937 2092 dicit,
2977 2044 2994 2076 ι
3026 2025 3198 2095 legem
3231 2025 3563 2095 synodorum

1998 2134 2142 2179 esse.
2172 2128 2232 2172 ut
2271 2118 2574 2172 Romanum
2599 2133 2791 2188 papam
2828 2126 3216 2188 cooperantem
3252 2116 3508 2171 habeant.
3540 2137 3559 2168 ι

1998 2212 2124 2264 Haec
2153 2220 2332 2263 autem
2385 2211 2677 2280 primatum
2728 2210 3016 2281 designant
3048 2226 3156 2264 non
3194 2210 3325 2264 nudi
3356 2210 3565 2263 ordinis

1997 2304 2095 2360 sed
2121 2305 2483 2358 auCtoritatis.
2507 2304 2641 2358 Nam
2674 2304 3020 2359 concedenda
3038 2303 3258 2358 licentia
3290 2313 3344 2358 et
3370 2317 3565 2371 coepe-

1998 2397 2137 2452 ratio
2173 2412 2325 2467 papa:
2368 2397 2523 2467 juxta
2565 2398 2742 2467 legem
2782 2397 3115 2467 synodorum
3181 2396 3448 2452 nefarium
3510 2404 3565 2450 et

1997 2485 2244 2554 iniquum
2270 2488 2509 2540 ostendit
2544 2487 2686 2554 quod
2727 2496 2918 2541 contra
2970 2487 3049 2546 fit,
3088 2495 3142 2540 et
3176 2486 3563 2540 manifestissi-

1995 2593 2145 2634 mum
2178 2589 2257 2633 est
2286 2588 2663 2650 argumentum
2692 2595 2799 2634 non
2846 2580 2966 2649 puri
3018 2580 3253 2645 ordinis,
3287 2579 3379 2634 sed
3416 2588 3567 2647 pote-

1997 2670 2158 2724 statis
2219 2679 2274 2725 et
2332 2670 2768 2739 jurisdictionis;
2843 2670 3112 2735 siquidem
3163 2670 3315 2726 fuere
3374 2671 3565 2741 synodi

1996 2762 2348 2816 tecumenica:
2385 2762 2440 2815 in
2482 2762 2685 2831 quibus
2710 2762 2844 2817 ordo
2872 2762 3306 2829 patriarcharum
3334 2779 3443 2818 non
3483 2773 3568 2818 est

1996 2862 2279 2916 servatus,
2334 2860 2521 2922 utpote
2551 2854 2731 2918 tertia,
2774 2854 2828 2907 in
2870 2867 2973 2924 qua
3003 2870 3112 2908 non
3150 2854 3247 2908 fuit
3299 2855 3568 2909 Constan-

1999 2939 2416 3008 tinopolitanus,
2453 2951 2509 2995 et
2544 2942 2956 3008 Antiochenus;
2987 2952 3201 3013 quarta,
3238 2945 3290 2999 in
3324 2961 3429 3016 qua
3457 2962 3563 2999 non

318 3037 385 3089 οὐ
420 3036 603 3107 παρῆν
631 3037 659 3089 6
694 3036 1097 3107 Ἀλεξανδρείας
1124 3054 1139 3068 ’
1173 3038 1231 3090 ὲν
1273 3037 1512 3109 τῇγὲκτῃ
1563 3037 1891 3112 ἐκϐέϐληται

1998 3031 2173 3086 adfuit
2201 3033 2640 3101 Alexandrinus;
2674 3047 2847 3100 sexta,
2881 3036 2934 3090 in
2964 3052 3069 3106 qua
3112 3036 3323 3108 ejectus
3343 3048 3427 3092 est
3454 3039 3567 3092 An.

319 3132 348 3182 ὁ
392 3101 749 3198 Ἀντιοχείας.
781 3101 966 3200 Χωρὶς
1001 3130 1058 3183 δὲ
1098 3128 1194 3182 τοῦ
1236 3101 1461 3200 Ῥωμης
1485 3101 1764 3182 ὀὐδέποτε
1788 3101 1892 3196 ἶγιὲ-

2000 3122 2525 3179 ιὶοοιιεηιιε.Αιεῑηο
2558 3141 2690 3196 papa
2716 3101 2995 3197 nunquam
3025 3101 3167 3183 facta
3185 3138 3267 3183 est
3300 3130 3561 3200 synodus.

318 3238 506 3288 γονεν,
532 3222 653 3275 οὐδὲ
682 3221 802 3289 ἐξὸν
827 3221 1105 3289 γενέσθαι.
1134 3222 1195 3276 Ei
1216 3221 1273 3275 δὲ
1306 3223 1441 3290 μόνη
1472 3222 1507 3291 ή
1535 3222 1687 3287 τάξις
1718 3220 1893 3272 ἐδίδου

320 3313 385 3364 τὸ
419 3315 688 3382 πρωτεῖον
726 3313 803 3383 τῷ
830 3316 1052 3383 πάππα,
1081 3312 1323 3381 ἐγίνοντο
1353 3312 1419 3366 ἂν
1456 3313 1513 3365 αί
1559 3312 1768 3366 σύνοδοι
1801 3312 1893 3366 καὶ

320 3403 496 3474 χωρὶς
532 3404 623 3457 τοῦ
660 3403 884 3469 πάππα,
921 3404 1018 3456 καὶ
1048 3403 1144 3472 τῆς
1173 3402 1425 3468 ἐξουσίας
1454 3403 1645 3458 αὐτοῦ.

408 3490 737 3562 Ἐρμηνεύει
771 3490 830 3543 δὲ
856 3491 947 3544 τὸν
977 3491 1172 3543 ἑαυτοῦ
1208 3491 1410 3544 σκοπὸν
1445 3491 1472 3542 6
1527 3490 1672 3561 μέγα
1685 3510 1701 3553 ;
1742 3490 1895 3544 Κων-

327 3585 610 3645 σταντῖνος
663 3582 1079 3653 προδηλότερον,
1131 3584 1188 3635 ὲν
1227 3577 1309 3646 οἷς
1358 3582 1506 3650 λέγει
1549 3582 1644 3635 καὶ
1693 3582 1893 3652 γράφει

332 3679 446 3738 ταῖς
489 3676 835 3744 Ἐκκλησίαις
863 3692 877 3708 ⁸
944 3695 963 3729 ι
1003 3678 1219 3747 Πεῖραν,
1269 3678 1425 3746 φησὶ,
1465 3675 1648 3729 λαϐὼν
1700 3677 1764 3729 ἐκ
1794 3676 1895 3740 τῆς

319 3768 434 3821 τῶν
479 3768 675 3821 κοινῶν
728 3769 1053 3837 εὐπραξίας,
1110 3769 1211 3839 ὅση
1252 3769 1352 3837 τῆς
1402 3768 1554 3832 θείας
1607 3768 1895 3837 δυνάμεως

326 3860 540 3927 πέφυκε
569 3860 750 3930 χάρις,
778 3859 967 3913 τοῦτον
1005 3860 1114 3928 πρό
1142 3876 1208 3928 γε
1250 3862 1469 3915 πάντων
1513 3860 1704 3932 ἔκρινα
1753 3854 1895 3913 εἷναί

328 3969 423 4021 μοι
455 3956 757 4023 προσήκειν
784 3954 1005 4017 σκοπὸν,
1039 3953 1187 4014 ὅπως
1216 3952 1374 4022 παρὰ
1398 3953 1510 4015 τοίς
1544 3952 1895 4022 μακαριωτά-

322 4061 440 4106 τοις
468 4044 566 4113 τῆς
598 4043 894 4111 καθολικῆς
937 4042 1264 4113 Ἐκκλησίας
1296 4043 1525 4112 πλήθεσι
1560 4043 1741 4106 πίστις
1772 4045 1893 4114 μία,

324 4136 419 4188 καὶ
444 4136 742 4205 εἰλικρινὴς
774 4135 983 4204 ἀγάπη,
1017 4136 1356 4204 ὁμογνώμων
1383 4152 1442 4187 τε
1476 4135 1606 4203 περὶ
1630 4135 1723 4188 τὸν
1752 4153 1893 4203 παγ-

323 4225 506 4295 κρατῆ
551 4226 685 4278 Θεὸν
720 4224 977 4278 εὐσέϐεια
1005 4226 1261 4295 τηρῆται.
1323 4225 1463 4278 Ἀλλ’
1512 4226 1702 4297 ἐπειδὴ
1740 4228 1898 4280 τοῦτο

327 4318 429 4386 οὐχ
461 4311 573 4370 οἷόν
602 4333 663 4370 τε
706 4311 775 4386 ἦν
802 4316 994 4385 ἀκλινῆ
1022 4318 1116 4369 καὶ
1148 4315 1376 4385 βεϐαίαν
1411 4317 1565 4381 τάξιν
1610 4317 1812 4383 λαϐεῖν,
1847 4320 1895 4371 εί

1996 3226 2099 3266 nec
2131 3213 2246 3266 fleri
2280 3223 2476 3281 potest.
2509 3215 2665 3281 Quod
2709 3218 2755 3272 si
2797 3219 2932 3273 ordo
2958 3218 3106 3273 solus
3140 3220 3431 3287 primatum
3471 3221 3566 3273 tri-

1998 3300 2189 3356 bueret
2215 3319 2387 3374 papae,
2440 3317 2665 3375 possent
2694 3309 2858 3363 etiam
2892 3308 3008 3365 fieri
3042 3311 3234 3382 synodi
3274 3311 3392 3367 sine
3425 3328 3561 3382 papa

1997 3404 2052 3449 et
2082 3398 2402 3452 auctoritate
2430 3399 2569 3470 ejus.

2072 3488 2241 3543 Suum
2294 3505 2455 3559 porro
2509 3491 2798 3546 consilium
2834 3492 3075 3549 declarat
3124 3498 3366 3566 apertius
3426 3497 3568 3551 Con-

2000 3581 2276 3635 stantinus
2327 3580 2555 3652 Magnus
2610 3584 2665 3638 in
2711 3600 2810 3639 sua
2841 3587 3073 3656 epistola
3124 3591 3190 3644 ad
3244 3591 3563 3646 Ecclesias:

2008 3689 2026 3721 ι
2070 3669 2230 3735 Cum,
2284 3672 2480 3740 inquit,
2514 3688 2581 3726 ex
2630 3674 2797 3728 rebus
2851 3691 2948 3743 pro
3000 3679 3277 3746 republica
3337 3680 3568 3736 feliciter

1999 3763 2166 3829 gestis
2214 3764 2589 3831 experimento
2649 3764 2959 3832 didicerim,
3015 3779 3218 3838 quanta
3249 3771 3320 3824 sit
3368 3772 3569 3826 divina!

1998 3853 2220 3909 virtutis
2251 3855 2582 3926 benignitas,
2612 3858 2716 3914 hoc
2758 3859 2892 3914 mihi
2933 3868 3060 3914 ante
3087 3861 3191 3915 alia
3225 3863 3564 3932 prepositum

2000 3948 2345 4000 statuendum
2377 3950 2583 4023 putavi,
2614 3959 2673 4005 ut
2705 3951 3010 4005 beatissimi
3054 3952 3311 4009 Ecclesia:
3336 3956 3567 4009 catholi-

2000 4048 2077 4088 cae
2107 4037 2289 4105 populi
2324 4036 2483 4093 fidem
2518 4055 2704 4106 unam,
2737 4051 2792 4097 et
2830 4042 3152 4098 charitatem
3190 4047 3482 4115 sinceram,
3512 4058 3568 4104 et

1999 4126 2431 4181 consentientem
2477 4144 2604 4199 erga
2654 4132 3087 4201 omnipotentem
3127 4135 3291 4189 Deum
3348 4145 3567 4192 teneant

1999 4216 2231 4271 cultum.
2256 4218 2451 4274 Verum
2473 4223 2599 4291 quia
2632 4224 2735 4278 hoc
2768 4240 2873 4278 non
2912 4234 3124 4295 poterat
3147 4226 3251 4282 fixo
3272 4229 3567 4298 stabilique

1998 4308 2191 4363 ordine
2240 4312 2468 4377 firmari,
2529 4314 2637 4368 nisi
2688 4316 2775 4371 vel
2826 4317 3084 4374 omnibus
3124 4320 3420 4390 episcopis,
3479 4322 3565 4375 νει

336 4408 415 4478 μὴ
445 4410 526 4471 είς
572 4409 742 4461 ταυτὸ
776 4408 996 4461 πάντων
1046 4407 1203 4475 ὁμοῦ,
1250 4410 1282 4480 ἢ
1336 4408 1445 4461 τῶν
1476 4411 1608 4477 γοῦν
1634 4410 1893 4464 πλειόνων

2001 4402 2192 4472 majori
2239 4418 2427 4457 eorum
2482 4415 2635 4475 parte
2686 4407 2740 4461 in
2788 4424 2956 4463 unum
3016 4413 3396 4478 conveniente,
3457 4428 3566 4482 quo

331 4499 650 4551 ἐπισκόπων
692 4499 1078 4564 συνελθόντων,
1115 4500 1345 4553 ἑκάστου
1370 4502 1478 4554 τῶν
1504 4503 1890 4572 προσηκόντων

329 4592 398 4659 τῇ
431 4589 714 4662 ἁγιωτάτῃ
766 4591 1033 4659 θρησκείᾳ
1086 4592 1359 4659 διάκρισις
1411 4594 1659 4661 γένοιτοο
1696 4594 1890 4647 τούτου

328 4682 520 4733 ἕνεκεν
549 4681 819 4733 πλείστων
850 4682 991 4733 ὅσων
1024 4682 1545 4752 συναθροισθέντων,
1594 4685 1691 4737 καὶ
1731 4685 1892 4748 αὐτὸς

332 4772 584 4842 καθάπερ
614 4768 693 4834 είς
725 4771 785 4835 te
810 4772 962 4842 ὐμῶν
992 4772 1282 4841 ἐτύγχανον
1319 4774 1646 4845 συμπαρών.
1676 4778 1748 4828 Οὐ
1782 4777 1890 4848 γὰρ

331 4864 685 4934 ἀρνησαίμην
720 4864 809 4929 ἂν,
836 4864 921 4931 ἐφ’
945 4858 987 4930 ᾧ
1015 4865 1250 4933 μάλιστα
1296 4866 1493 4936 χαίρω,
1538 4866 1892 4937 συνθεράπων

329 4954 600 5023 ὑμέτερος
634 4952 955 5020 πεφυκέναι.
997 4972 1014 5004 ι

419 5046 508 5098 Ἐν
546 5045 755 5107 τούτοις
782 5047 810 5096 6
844 5046 1016 5114 μέγας
1047 5046 1455 5108 Κωνσταντίνος
1502 5047 1673 5110 οὕτως
1707 5048 1890 5102 ἐπιλο-

332 5138 566 5206 γίζεται·
609 5139 672 5189 Ἠ
717 5137 987 5207 εὐπραξία
1022 5136 1129 5188 τῶν
1162 5138 1355 5190 κοινῶν
1387 5139 1509 5206 ἐμοὶ
1539 5140 1891 5208 περιγέγονεν

331 5236 397 5285 ἐκ
424 5231 523 5298 τῆς
553 5228 685 5282 Θεοῦ
712 5229 954 5298 χάριτος.
1004 5226 1147 5295 Ἐγὼ
1176 5227 1231 5280 δὲ
1260 5228 1511 5297 βασιλεὺς
1543 5228 1618 5281 ὢν
1660 5230 1760 5299 τήν
1804 5231 1892 5281 εὐ-

330 5322 570 5393 πραξίαν
603 5322 712 5373 τῶν
744 5320 945 5373 κοινῶν
977 5321 1176 5388 ὀφείλω
1219 5321 1401 5388 ζητεῖν
1422 5336 1435 5349 ·
1482 5320 1683 5387 ὀφείλω
1713 5322 1892 5374 τοίνυν

327 5410 670 5463 ἐπισπᾶσθαι
705 5408 805 5477 τὴν
836 5407 987 5460 θείαν
1020 5408 1197 5477 χάριν.
1247 5407 1553 5459 Ἐπιδίδωσι
1600 5408 1657 5460 δὲ
1698 5411 1730 5478 ή
1774 5410 1892 5461 θεία

329 5505 487 5575 χάρις
524 5502 727 5571 ἑαυτὴν
759 5502 1063 5570 γινομένων
1099 5500 1345 5561 ἐκείνων,
1378 5502 1435 5551 ὲν
1473 5495 1553 5561 οἷς
1582 5502 1891 5571 εὐαρεστεῖ-

327 5614 419 5648 ται
447 5596 580 5655 Θεός
602 5611 616 5624 ·
657 5594 1030 5661 εὐαρεστεῖται
1061 5591 1115 5643 δὲ
1153 5593 1386 5660 μάλιστα
1428 5594 1494 5661 τῇ
1539 5593 1671 5660 ὀρθῇ
1704 5593 1889 5645 πίστει

330 5683 746 5757 θρησκευυμένῃ
798 5684 949 5753 παρᾶ
993 5683 1103 5735 τῶν
1155 5683 1321 5736 λαῶν.
1377 5681 1545 5735 Τοῦτο
1582 5684 1688 5753 ἄρα
1763 5685 1886 5753 ἐμοὶ

1998 4495 2209 4565 singula
2270 4497 2335 4549 ad
2396 4500 2797 4554 sanctissimam
2852 4501 3566 4574 religionempertinentia

1998 4588 2467 4656 examinarentur,
2510 4590 2717 4647 idcirco
2757 4595 3174 4664 quamplurimis
3203 4600 3563 4668 congregatis,

1996 4677 2112 4747 ipse
2138 4694 2354 4749 quoque
2388 4690 2642 4752 tanquam
2662 4698 2801 4739 unus
2826 4700 2856 4739 e
2880 4701 3107 4740 numero
3127 4697 3368 4742 vestrum
3394 4690 3561 4743 adfui.

2000 4771 2189 4841 Neque
2227 4774 2371 4827 enim
2408 4775 2716 4844 negaverim
2752 4776 2912 4841 id,cx
2942 4793 3050 4846 quo
3091 4781 3380 4832 maximam
3411 4782 3565 4848 capio

2009 4862 2275 4926 laetitiam,
2325 4874 2566 4918 vestrum
2622 4880 2709 4919 me
2759 4882 2880 4921 esse
2913 4882 3240 4922 conservum
3302 4888 3320 4919 ι

2044 5045 2100 5100 In
2122 5045 2207 5101 his
2228 5046 2620 5103 Constantinus
2639 5048 2862 5120 Magnus
2884 5052 2987 5105 hac
3006 5051 3427 5108 ratiocinatione
3461 5055 3565 5108 uti-

1995 5145 2117 5192 tur:
2139 5138 2393 5195 Felicitas
2416 5141 2732 5210 reipublicze
2748 5144 2974 5199 obvenit
3002 5142 3134 5195 mihi
3160 5158 3225 5197 ex
3249 5144 3340 5199 Dei
3369 5147 3563 5213 gratia.

1998 5229 2109 5299 Ego
2157 5245 2304 5296 vero,
2355 5247 2478 5284 eum
2516 5233 2814 5301 imperator
2861 5233 2986 5297 sim,
3019 5234 3334 5303 reipublicae
3362 5246 3560 5290 statum

1998 5319 2209 5375 felicem
2268 5337 2462 5376 curare
2519 5323 2726 5388 debeo;
2769 5339 2897 5394 ergo
2929 5334 2985 5379 et
3009 5326 3238 5395 gratiam
3298 5329 3561 5397 aucupari

1993 5411 2256 5465 divinam.
2295 5412 2392 5466 Dat
2438 5429 2568 5467 vero
2604 5430 2663 5469 se
2714 5415 2898 5469 divina
2946 5418 3139 5485 gratia,
3183 5420 3229 5474 si
3294 5420 3427 5474 fiant
3472 5421 3562 5474 illa

1991 5516 2112 5571 qua:
2170 5501 2277 5556 Deo
2336 5503 2585 5570 placent;
2640 5505 2811 5573 placet
2868 5521 3000 5560 vero
3053 5509 3395 5578 potissimum
3452 5509 3565 5564 Deo

1993 5600 2155 5646 rectae
2216 5593 2337 5647 fidei
2383 5594 2563 5648 cultus
2612 5595 2665 5647 in
2699 5596 2934 5664 populis.
2972 5597 3081 5652 Hoc
3108 5615 3238 5669 ergo
3286 5609 3370 5654 est
3426 5600 3561 5653 mihi

1994 5685 2312 5741 curandum.
2347 5685 2454 5741 Sed
2476 5686 2603 5757 quia
2633 5702 2739 5743 non
2771 5700 2980 5759 poterat
3008 5692 3109 5747 hoc
3142 5693 3205 5746 ad
3237 5706 3558 5761 prosperum
