4088 6294
534 164 643 226 8Ξ9

1679 182 2047 244 ΜΛΤΤΗίΕΙ
2093 181 2623 244 CARYOPHYLLI

3664 180 3758 241 860

531 279 726 349 Itaque
758 280 1014 351 fatentur,
1050 301 1159 340 non
1187 287 1444 358 primaria
1493 293 1706 348 ratione
1731 338 1744 359 ,
1769 296 1863 349 sed
1894 297 1964 350 ob
2003 311 2097 349 ne-

2213 293 2602 363 Ὀμολογοῦσιν
2632 286 2725 344 οὖν
2751 292 2828 362 μὴ
2857 291 2996 344 κατὰ
3048 291 3266 358 πρῶτον
3291 289 3469 359 λόγον,
3523 290 3655 343 ἀλλὰ
3683 295 3758 345 διὰ

533 371 839 427 ccssitatem
885 380 1267 447 temporalium
1316 383 1586 453 attingere
1627 385 1919 454 spiritalia.
1979 386 2095 440 Hoc

531 472 714 516 autem
747 480 855 520 non
886 475 990 530 est,
1024 472 1171 538 quod
1219 483 1275 526 tu
1315 473 1454 527 dicis
1508 474 1898 542 imperatorum
1948 490 2093 533 esse.

531 571 640 610 non
673 558 1084 627 episcoporum,
1124 577 1453 632 congregare
1488 565 1756 634 synodum
1790 567 2096 620 meumeni-

531 661 678 698 cam:
707 647 799 700 sed
830 657 1051 713 contra,
1088 651 1478 720 imperatorum
1524 667 1642 708 esse
1685 669 1783 722 per
1815 657 2096 722 accidens,

532 738 915 807 episcoporum
947 757 1045 810 per
1074 756 1152 794 se.

604 829 1019 886 Valentinianus
1065 842 1122 886 et
1183 834 1492 890 Marcianus
1543 837 1610 890 de
1645 849 1841 906 quarta
1891 841 2100 910 synodo

531 919 834 975 scribentes
875 921 1051 976 Leoni
1101 939 1274 994 papae,
1312 944 1331 976 ι
1388 925 1766 991 Sanctitatem,
1821 930 2098 999 inquiunt,

533 1010 703 1064 Tuam
738 1014 1104 1082 principatum
1135 1017 1190 1070 in
1235 1019 1556 1088 episcopatu
1593 1020 1792 1074 divinae
1814 1020 1941 1075 ﬁdei
1977 1037 2102 1091 pns-

531 1100 822 1167 sidentem,
846 1107 1017 1161 sacris
1045 1107 1242 1162 litteris
1275 1111 1334 1162 in
1373 1112 1643 1180 principio
1678 1113 1883 1180 justum
1917 1114 2098 1168 credi—

531 1209 654 1257 mus
712 1196 1119 1265 alloquendam.
1159 1217 1178 1250 ι
1242 1201 1485 1265 Deinde,
1551 1223 1568 1254 ι
1612 1204 1890 1269 Quatenus
1952 1206 2101 1259 omni

531 1286 700 1353 impio
727 1302 917 1342 errore
945 1291 1181 1354 sublato,
1212 1307 1309 1360 per
1338 1295 1721 1348 celebrandam
1751 1295 2019 1366 synodum
2050 1305 2103 1350 te

531 1387 758 1432 auctore
785 1381 1018 1436 maxima
1060 1399 1163 1452 pax
1195 1385 1338 1439 circa
1391 1401 1584 1442 omnes
1624 1389 1910 1458 episcopos
1975 1389 2099 1443 ﬁdei

532 1468 816 1524 catholicae
844 1470 958 1526 ﬁat.
999 1491 1017 1524 ι
1058 1475 1121 1528 Ει
1158 1476 1447 1532 Pulcheria
1491 1480 1729 1548 Augusta
1760 1480 1813 1533 in
1845 1480 2098 1535 eumdem

533 1559 755 1614 modum
786 1562 956 1617 Leoni
989 1567 1255 1631 scribens,
1287 1587 1305 1619 ι
1343 1569 1410 1623 Ει
1441 1581 1746 1641 propterea,
1780 1573 1979 1641 inquit.
2008 1583 2098 1628 tua

2201 385 2299 451 τὴν
2334 383 2582 452 ἀνάγκην
2614 383 2722 435 τῶν
2745 382 3071 449 σωματικῶν
3100 381 3366 436 ἅπτεσθαι
3391 383 3504 434 τῶν
3538 399 3760 450 πνευμα-

2201 476 2393 527 τικῶνο
2423 475 2584 528 τοῦτο
2614 475 2670 527 δὲ
2703 476 2804 528 οὐκ
2847 475 2998 527 ἐστιν
3025 475 3054 528 6
3082 475 3290 541 λέγεις,
3343 473 3637 543 βασιλέων,
3676 477 3761 529 οὐκ

2203 566 2516 620 ἐπισκόπων
2547 563 2688 620 εἶναι
2725 567 2788 620 τὸ
2821 567 3081 634 συνάγειν
3117 569 3391 628 συνόδους·
3444 567 3648 637 μᾶλλον
3678 571 3762 636 μὲν

2201 653 2295 709 οῦν
2325 658 2658 716 τούναντίον,
2695 660 2836 711 κατὰ
2864 658 3215 728 συμϐεϐηκὸς
3264 655 3405 712 εἰναι
3457 659 3569 710 τῶν
3631 658 3765 728 βασι-

2198 750 2361 814 λέων,
2391 751 2516 804 καθ’
2547 751 2683 804 αὐτὸ
2708 751 2817 802 τῶν
2847 752 3191 806 ἐπισκόπων.

2275 842 2724 904 Οὐαλεντινιανδς
2745 843 2802 895 δὲ
2826 845 2919 894 καί¹
2948 842 3266 914 Μαρκιανὸς
3289 843 3416 910 περὶ
3443 842 3546 909 τῆς
3567 839 3608 892 δ’
3633 844 3769 894 συνό·

2201 930 2292 985 δου
2323 932 2460 1000 πρὸς
2484 931 2689 984 Λέοντα
2721 933 3027 998 γράφοντες
3058 933 3150 984 τὸν
3179 933 3437 993 πάππαν,
3491 931 3571 996 ὡς
3627 931 3769 982 ἔστιν

2209 1022 2338 1074 ἰδεῖν
2376 1023 2432 1075 ὲν
2470 1024 2582 1084 τοῖς
2649 1024 2754 1090 πρὸ
2820 1021 2930 1075 τῶν
2982 1022 3309 1091 Πρακτικῶν
3358 1023 3458 1088 τῆς
3520 1023 3767 1086 συνόδου,

2207 1132 2230 1166 ε
2267 1113 2379 1184 Τὴν
2437 1114 2535 1183 σὴν
2566 1113 2932 1183 Ἀγιωσύνην,
3013 1115 3202 1182 φασὶν,
3284 1115 3768 1178 ὲπισκοπεύουσαν,

2205 1207 2304 1258 καὶ
2323 1198 2603 1275 ἄρχουσαν
2635 1207 2734 1274 τῆς
2781 1205 2932 1268 θείας
2964 1206 3224 1268 πίστεως,
3275 1207 3436 1273 ἱεροῖς
3456 1205 3770 1274 γράμμασιν

2205 1300 2265 1350 ὲν
2309 1299 2549 1365 πρώτοις
2578 1298 2783 1349 δίκαιον
2808 1297 3139 1368 ἡγησάμεθα
3167 1297 3512 1364 προσειπεῖν.
3578 1314 3596 1346 ι
3629 1291 3768 1348 Εἷταυ

2212 1403 2230 1436 ι
2270 1386 2457 1448 Ὥστε,
2497 1387 2680 1456 πάσης
2712 1387 2943 1450 ἀσεϐοῦς
2975 1387 3185 1456 πλάνης
3241 1386 3671 1457 ἀποκινηθεὶσης
3695 1387 3771 1438 διὰ

2203 1478 2306 1548 τῆς
2323 1479 2921 1549 συγκροτηθησομένης
2962 1480 3168 1545 ταύτης
3202 1480 3421 1532 συνόδου
3469 1478 3570 1531 σοῦ
3599 1477 3772 1531 αὐθεν-

2207 1570 2449 1632 τοῦντος,
2478 1571 2710 1640 μεγίστη
2745 1572 2936 1642 εἰρήνη
2971 1573 3102 1642 περὶ
3150 1572 3358 1633 πάντας
3391 1571 3522 1633 τοὺς
3565 1569 3772 1622 ἐπισκό-

533 1655 847 1710 reverentia
870 1671 1200 1726 quocunque
1220 1659 1384 1713 modo
1407 1664 1767 1730 prospexerit,
1795 1664 2103 1733 signiﬁcare

2211 1681 2343 1726 πους
2374 1664 2475 1732 τῆς
2507 1663 2806 1726 καθολικῆς
2833 1661 3070 1724 πίστεως
3095 1664 3344 1732 γένηται.
3392 1681 3410 1714 ι
3465 1661 3667 1731 Γράφει
3691 1663 3770 1714 καί

534 1742 820 1812 dignetur,
857 1755 919 1799 ut
945 1761 1135 1807 omnes
1165 1749 1328 1803 etiam
1363 1753 1531 1805 totius
1561 1751 1802 1807 Orientis
1832 1753 2097 1824 episcopi.

535 1831 778 1887 Thraciae
811 1845 974 1904 atque
1001 1837 1195 1908 Illyrici
1233 1839 1286 1893 in
1328 1856 1488 1894 unam
1531 1843 1806 1898 civitatem
1840 1844 2102 1899 velociter

534 1923 602 1975 ab
637 1923 1011 1984 Orientalibus
1039 1931 1290 1999 partibus
1315 1934 1529 1988 valeant
1560 1937 1874 1990 convenire.
1917 1955 1936 1988 ι

2212 1754 2513 1826 Πουλχερία
2539 1757 2572 1825 ἡ
2603 1755 2890 1824 Δύγούστα
2916 1757 3045 1824 περὶ
3067 1753 3257 1806 τούτου
3310 1753 3448 1822 πρὸς
3480 1756 3572 1804 τὸν
3628 1751 3771 1802 αὑτὸν

2211 1847 2419 1900 Λέοντα
2463 1847 2553 1900 τὸν
2593 1849 2825 1901 πάππαν
2869 1847 3117 1900 τοιαῦτα⁶
3153 1864 3174 1897 ί
3213 1847 3320 1898 Καὶ
3354 1845 3446 1897 διὰ
3472 1843 3688 1912 τοῦτοή
3716 1843 3773 1909 σὴ

2211 1937 2469 1991 εὐλάϐεια
2487 1939 2611 1991 καθ’
2631 1939 2690 1990 ὃν
2723 1938 2789 1990 ἂν
2817 1939 3012 2008 φανείη
3041 1940 3261 2007 τρόπον,
3323 1938 3572 2005 σημᾶναι
3618 1952 3772 1985 κατα-

535 2016 740 2079 ξιὼσει,
767 2021 852 2074 ἵνα
885 2023 1084 2087 πάντες
1114 2029 1208 2078 καὶ
1247 2028 1430 2096 πάσης
1465 2031 1563 2095 τῆς
1606 2029 1897 2100 Ἀνατολῆς
1958 2033 2005 2084 οἰ
2075 2032 2390 2099 ἐπίσκοποι,
2443 2033 2665 2104 Θρᾴκης
2698 2050 2759 2085 τε
2799 2035 2894 2086 καὶ
2950 2033 3278 2102 Ἰλλυρικοῦ,
3306 2033 3387 2095 εἰς
3436 2032 3574 2099 μίαν
3637 2029 3772 2083 πολιν

532 2111 630 2180 τὴν
661 2113 923 2184 ταχίστην
958 2118 1067 2172 ἀπὸ
1105 2120 1213 2175 τῶν
1264 2121 1603 2176 ἀνατολικῶν
1637 2125 1822 2194 μερῶν
1863 2127 2310 2194 παραγένωνται.

605 2211 788 2273 Vides,
820 2213 912 2281 qui
946 2224 1195 2283 quartam
1230 2219 1494 2288 synodum
1533 2235 1934 2291 congregavere
1969 2223 2102 2291 quid

532 2303 811 2358 scribant?
842 2304 1260 2362 Convocandam
1306 2310 1574 2380 synodum
1607 2325 1829 2367 auctore
1862 2328 2024 2382 papa,
2051 2323 2106 2368 et

533 2396 844 2466 signiﬁcare
889 2400 1131 2463 volente,
1179 2411 1239 2454 ut
1291 2404 1344 2458 in
1395 2419 1559 2458 unam
1602 2408 1876 2459 civitatem
1903 2421 2104 2462 conve-

534 2490 689 2540 niant
717 2489 984 2559 episcopi.
1012 2492 1126 2546 Hoc
1151 2509 1280 2563 ergo
1303 2495 1479 2548 solum
1508 2499 1743 2551 innuunt
1773 2515 1942 2554 sacrae
1975 2517 2104 2570 syn-

534 2576 649 2639 odi,
689 2590 814 2630 cum
843 2593 900 2633 se
950 2592 1306 2651 congregatas
1342 2585 1534 2640 dicunt
1575 2587 1665 2640 Dei
1709 2589 1881 2658 gratia
1911 2600 1967 2644 et
2008 2592 2107 2643 im-

534 2676 849 2737 peratorum
931 2673 1174 2728 decreto.
1253 2675 1442 2746 Neque
1510 2680 1658 2734 enim
1725 2682 1916 2751 synodi
1987 2683 2110 2752 plus

538 2759 788 2816 tribuunt
816 2762 1241 2833 imperatoribus
1279 2783 1443 2837 quam
1479 2769 1842 2841 imperatores
1871 2774 1999 2829 sibi.

607 3055 762 3121 Quod
789 3069 970 3112 autem
995 3059 1209 3129 objicis,
1238 3061 1456 3116 beatmn
1483 3062 1723 3118 Leonem
1755 3081 1946 3135 papam
1973 3069 2106 3121 scri-

537 3147 716 3216 psisse
765 3149 1082 3218 imperatori
1137 3151 1472 3216 Theodosio,
1528 3165 1584 3210 et
1614 3156 1735 3210 loco
1783 3174 1990 3228 magna)
2031 3161 2107 3214 rei

539 3240 780 3308 petiisse,
821 3250 878 3293 ut
916 3241 1213 3311 imperator
1250 3255 1520 3300 annueret
1552 3247 1668 3301 ﬁeri
1704 3248 1757 3302 in
1790 3250 1940 3303 Italia
1974 3268 2109 3322 syn-

539 3331 704 3384 odum
742 3335 1084 3401 generalem;
1135 3336 1304 3403 quod,
1341 3337 1444 3401 ais,
1492 3353 1601 3392 non
1655 3355 1776 3409 quae
1815 3342 2034 3405 sivisset
2061 3346 2106 3399 si

533 3423 674 3492 juris
705 3425 790 3477 sui
836 3424 1031 3479 fuisset
1080 3435 1340 3494 praestare
1375 3427 1506 3481 illud
1530 3468 1546 3493 ,
1589 3429 1706 3499 ipse
1735 3430 1846 3486 Leo
1872 3434 2110 3488 declarat

537 3516 765 3582 optime,
797 3525 853 3570 et
877 3517 1193 3571 instantiam
1238 3518 1400 3573 diluit
1438 3534 1536 3589 per
1566 3536 1628 3574 ea
1669 3537 1790 3590 quae
1821 3523 1874 3576 in
1917 3523 2106 3578 eadem

537 3609 769 3676 epistola
798 3609 1032 3664 scribit:
1075 3629 1092 3660 α
1131 3609 1356 3667 Litteris
1385 3613 1692 3666 clementia:
1725 3623 1941 3679 vestrae,
1974 3632 2110 3687 quas

538 3701 742 3756 dudum
770 3702 836 3756 ad
871 3701 1016 3758 beati
1042 3703 1188 3758 Petri
1217 3702 1450 3773 apostoli
1474 3703 1659 3758 sedem
1696 3721 1794 3774 pro
1825 3707 2111 3764 catholica:

539 3792 666 3848 ﬁdei
708 3809 894 3848 amore
933 3795 1191 3861 misistis,
1227 3805 1432 3852 tantam
1486 3797 1740 3854 ﬁduciam
1775 3801 2112 3870 sumpsimus

538 3887 895 3943 defendendae
953 3903 1050 3958 per
1077 3903 1175 3944 vos
1224 3891 1474 3944 veritatis
1512 3900 1568 3944 et
1598 3894 1769 3962 pacis.
1803 3910 1821 3943 ι
1859 3893 2106 3948 Deinde:

545 3996 562 4026 ι
599 3977 978 4048 Comperimus
1003 3981 1150 4035 enim
1182 3996 1290 4035 non
1337 3981 1548 4037 incerto
1588 3984 1782 4038 nuntio
1807 4024 1821 4047 ,
1851 3984 1946 4038 sed
1980 3985 2114 4038 ﬁde-

537 4073 749 4126 lissimo
795 4089 981 4127 rerum
1027 4089 1149 4143 quae
1195 4084 1361 4143 gestze
1399 4085 1528 4129 sunt
1581 4085 1896 4139 narratore,
1925 4077 2111 4133 Hilaro

537 4163 768 4217 diacono
819 4175 1041 4230 nostro,
1077 4165 1407 4220 convenisse
1441 4165 1504 4218 ad
1541 4168 1808 4236 synodum
1845 4168 2112 4234 plurimos

539 4259 889 4321 sacerdotes;
949 4272 1186 4326 quorum
1242 4257 1433 4326 utique
1473 4257 1781 4327 frequentia
1835 4260 2111 4313 consulta-

2282 2223 2514 2284 Βλέπεις
2551 2217 2640 2275 οἷα
2670 2221 2976 2292 γράφουσιν
3005 2224 3053 2274 οἰ
3083 2221 3483 2291 τὴνίτετάρτην
3511 2221 3772 2290 συναθροί-

2213 2329 2405 2377 σαντες
2446 2312 2707 2378 σύνοδονς
2754 2313 3355 2382 Συγκροτηθησομένην
3407 2315 3512 2383 τὴν
3575 2313 3772 2364 σύνοδον

2213 2403 2600 2466 αύθεντοῦντος
2631 2403 2724 2457 τοῦ
2750 2407 2972 2465 πάππα,
3030 2407 3124 2457 καὶ
3161 2406 3404 2472 σημᾶναι
3469 2402 3772 2466 καταξιοῦνο

2209 2514 2322 2564 τος,
2353 2498 2501 2560 ὅπως
2531 2499 2607 2560 εἰς
2642 2496 2776 2566 μίαν
2805 2496 2958 2548 πόλιν
2981 2496 3402 2561 παραγένωνται
3449 2495 3506 2548 οἱ
3571 2497 3771 2547 ἐπίσκο-

2208 2607 2320 2643 ποι.
2354 2588 2511 2642 Τοῦτ’
2541 2589 2650 2658 ἄρα
2680 2589 2776 2640 κα)⁹
2828 2590 2987 2656 μόνον
3018 2586 3302 2657 βούλονται
3342 2588 3396 2638 αἱ
3424 2589 3587 2654 ἆγιαι
3632 2586 3769 2638 σύνο-

2206 2683 2306 2747 δοι,
2336 2685 2477 2736 κατὰ
2505 2683 2641 2735 Θεοῦ
2662 2683 2824 2753 χάριν
2850 2682 3048 2745 ἑαυτὰς
3099 2683 3195 2734 καὶ
3225 2679 3515 2747 θέσπισμα
3580 2677 3769 2747 past};-

2208 2778 2305 2831 κδν
2331 2767 2792 2848 συναθροισθῆσαι
2822 2775 3267 2844 διαγορεύουσαι·
3306 2775 3367 2825 οὐ
3402 2774 3518 2843 γὰρ
3541 2772 3610 2844 6i]~
3626 2771 3770 2825 πλέον

2216 2869 2586 2937 ἀπονέμουσιν
2619 2870 2675 2920 αἰ
2708 2867 2917 2921 σύνοδοι
2969 2868 3085 2928 τοῖς
3143 2863 3483 2934 βασιλεῦσιν,
3549 2863 3580 2932 ἢ
3633 2862 3770 2915 αὐτοὶ

2136 2978 2181 3036 c
2214 2961 2420 3013 éautof;
2448 2963 2496 3012 οἰ
2540 2960 2800 3030 βασιλεῖς.

2284 3051 2352 3106 ’Ὀ
2377 3051 2433 3104 δὲ
2454 3052 2653 3118 λέγεις,
2690 3051 2772 3104 ὅτι
2807 3051 2960 3103 Λέων
2993 3052 3021 3103 6
3055 3049 3330 3120 μακάριος
3390 3048 3628 3112 πάππας
3658 3048 3771 3100 Θεο-

2209 3145 2371 3214 δοσίῳ
2409 3145 2487 3215 τῷ
2525 3144 2736 3215 βασιλεῖ
2764 3146 3014 3214 γράφων,
3058 3144 3182 3198 ἀντὶ
3217 3141 3455 3212 μεγάλου
3508 3144 3653 3206 τινὸς
3700 3145 3772 3196 αἰ-

2211 3239 2381 3290 τεῖται
2411 3237 2742 3290 κατανεῦσαι
2771 3240 2862 3290 τὸν
2892 3235 3117 3306 βασιλέα
3151 3237 3376 3306 γενικὴν
3405 3235 3771 3306 συγκρυτηθῆ-

2213 3347 2299 3382 ναι
2332 3329 2548 3381 σύνοδον
2577 3331 2633 3382 ἐν
2654 3328 2878 3398 Ἰταλίᾳ,
2939 3329 3034 3381 καὶ
3060 3329 3143 3382 ὃτι
3171 3329 3271 3380 οὐκ
3304 3328 3370 3379 ἂν
3415 3327 3607 3397 ἐζήτει
3651 3329 3772 3396 ὅπερ

2213 3423 2308 3474 σὺν
2329 3420 2405 3491 τῷ
2437 3421 2632 3490 δικαίῳ
2661 3420 2897 3488 ἔφθασεν
2936 3419 3098 3490 ἔχων·
3141 3421 3304 3484 αὐτὸς
3337 3421 3366 3473 6
3399 3421 3559 3474 Λέων
3587 3421 3769 3490 ἄριστα

2210 3513 2485 3581 διασαφεῖ,
2522 3513 2618 3566 καὶ
2648 3513 2767 3567 λύει
2793 3512 2892 3578 τὴν
2949 3513 3200 3566 ἔνστασιν
3233 3516 3290 3567 ἐν
3323 3509 3402 3575 οἷς
3428 3513 3631 3582 γράφει
3662 3511 3773 3564 κατ’

2211 3606 2382 3676 αὐτὴν
2407 3605 2624 3676 ἐκείνην
2642 3606 2742 3673 τὴν
2775 3605 3088 3676 ἐπιστολήν*
3123 3625 3142 3658 ι
3167 3607 3293 3671 Τοῖς
3339 3608 3639 3676 γράμμασι
3683 3605 3771 3673 τῆς

2213 3699 2488 3769 ὑμετέρας
2512 3699 2934 3769 φιλανθρωπίας
2961 3701 3303 3770 ἐντυχόντες,
3328 3699 3364 3754 ὃ.
3383 3701 3589 3770 πρώτῳ
3618 3699 3773 3754 ἐστείο

2210 3793 2338 3847 λατε
2369 3792 2464 3846 τοῦ
2493 3792 2769 3863 μακαρίου
2804 3792 3104 3847 ἀποστόλου
3138 3795 3347 3862 Πέτρου
3403 3793 3478 3862 τῷ
3512 3795 3684 3863 θρόνῳ
3710 3793 3770 3843 ἐκ

2211 3885 2308 3955 τῆς
2346 3883 2482 3953 πρὸς
2513 3887 2612 3952 τὴν
2633 3883 2933 3951 καθολικὴν
2966 3885 3151 3937 πίστιν
3206 3884 3531 3950 διαθέσεως,
3595 3881 3771 3937 τοσαύ-

2212 3993 2314 4045 την
2346 3975 2614 4045 ὲλάϐομεν
2648 3976 2979 4044 πεποίθησιν
3008 3975 3100 4028 τοῦ
3137 3976 3499 4046 ἐκδικηθῆναι
3535 3977 3607 4030 δι’
3631 3975 3769 4045 ὑμῶν

2215 4069 2313 4136 τὴν
2349 4070 2612 4139 ἀλήθειαν
2643 4069 2740 4122 καὶ
2763 4070 2862 4140 τὴν
2891 4069 3171 4140 εἰρήνην.»
3224 4066 3380 4123 Εῐταυ
3436 4089 3456 4122 ι
3501 4056 3769 4139 Ἐγνωμεν

2215 4159 2323 4228 γάρ
2349 4160 2761 4230 διηγησαμένου
2793 4161 3091 4213 πιστότατα
3125 4162 3252 4228 ὑμῖν
3294 4161 3506 4233 Ἰλάρου
3540 4162 3627 4215 τοῦ
3651 4165 3770 4230 ἠμε-

2215 4255 2377 4322 τέρου
2412 4252 2661 4306 διακόνου
2698 4252 2990 4314 πλείστους
3037 4254 3208 4322 ἱερεῖς
3241 4254 3522 4308 συνελθεῖν
3555 4255 3632 4317 εἰς
3683 4253 3770 4319 τὴν

539 4347 676 4402 tinni
710 4357 764 4401 et
785 4347 995 4417 judicio
1026 4347 1341 4416 profuisset,
1362 4349 1404 4402 si
1429 4350 1476 4404 is
1504 4350 1596 4418 qui
1622 4351 1725 4405 sibi
1751 4350 1929 4405 locum
1959 4352 2106 4421 prin-

2221 4343 2458 4406 σύνοδον,
2492 4339 2566 4397 ὧν
2590 4345 2622 4412 ἡ
2656 4343 2868 4415 πληθὺς
2903 4346 3121 4411 ἐγένετο
3146 4343 3210 4396 ἂν
3235 4344 3344 4414 πρὸ
3376 4345 3542 4415 ἔργου
3564 4347 3625 4415 τῇ
3652 4361 3768 4412 συμ-

537 4439 715 4499 cinctu
745 4438 1084 4504 vindicabat,
1120 4441 1517 4497 sacerdotalem
1551 4443 1986 4498 moderationem
2017 4460 2112 4499 cu-

539 4534 747 4586 swdire
777 4533 1063 4588 voluisset.
1105 4552 1124 4586 ι

610 4717 882 4788 Loquitur
929 4727 1110 4772 autem
1149 4718 1388 4787 pontifex
1439 4718 1507 4774 de
1560 4719 1842 4784 Dioscoro,
1869 4722 1961 4791 qui
2005 4722 2110 4778 sibi

538 4811 719 4865 locum
752 4811 1054 4881 principem
1108 4812 1504 4876 vindicaverat,
1549 4814 1809 4884 quoniam
1837 4816 1905 4869 ab
1937 4816 2112 4885 impe-

539 4914 720 4959 ratore
749 4903 1057 4958 Theodosio
1091 4906 1385 4974 primatum
1443 4916 1498 4960 et
1536 4908 1918 4962 auctoritatem
1952 4923 2112 4964 acce-

539 5004 694 5064 perat
726 4996 778 5049 in
811 4996 1046 5050 secunda
1078 4997 1287 5066 synodo
1340 4996 1645 5062 Epliesina,
1682 5009 1738 5051 ut
1775 5009 1988 5052 constat
2043 5017 2110 5054 ex

537 5085 976 5153 prima‘actione
1022 5086 1506 5143 Chalcedonensis.
1544 5087 1660 5142 Hoc
1712 5087 1877 5156 igitur
1928 5104 2115 5158 repre-

541 5175 789 5233 hendens
823 5194 960 5248 papa
993 5189 1048 5233 et
1084 5179 1136 5233 in
1172 5179 1372 5234 litteris
1402 5180 1467 5233 ad
1501 5180 1842 5234 Pulcheriam
1878 5188 1930 5233 et
1952 5180 2112 5245 alios,

539 5271 979 5326 manifestissime
994 5272 1252 5337 ostendit,
1272 5273 1415 5341 quod
1432 5274 1474 5326 si
1498 5288 1698 5326 munus
1720 5275 2114 5342 imperatorum

538 5371 685 5417 esset
728 5378 1061 5433 congregare
1104 5364 1344 5434 synodos
1373 5403 1386 5426 ,
1430 5363 1677 5434 ipsorum
1705 5379 1926 5434 quoque
1964 5374 2116 5420 esset

539 5455 670 5510 dare
696 5457 876 5510 locum
917 5456 1214 5524 principem
1249 5456 1304 5511 in
1331 5456 1400 5510 iis
1435 5457 1524 5510 cui
1555 5457 1778 5510 vellent.
1811 5456 1974 5526 Atqui
2002 5456 2114 5511 Leo

543 5564 679 5618 papa
707 5550 811 5603 hoc
844 5549 1221 5618 reprehendit,
1251 5557 1306 5602 et
1339 5547 1659 5604 Dioscorum
1694 5549 1771 5602 ait
1800 5548 2113 5603 vindicasse

540 5636 644 5690 sibi
678 5637 978 5707 principem
1008 5639 1212 5704 locum,
1239 5639 1491 5708 quamvis
1525 5639 1618 5695 ille
1647 5637 1752 5694 hoc
1777 5639 1848 5694 ab
1880 5639 2112 5710 impera-

2216 4435 2404 4504 ϐουλίᾳ
2446 4436 2538 4487 καὶ
2569 4437 2634 4505 τῇ
2668 4437 2873 4505 κρίσει,
2931 4436 3090 4506 εἴπερ
3147 4435 3436 4506 ἱερατικὴν
3486 4438 3767 4489 ἐπιείκειαν

2225 4528 2462 4595 φυλάξαι
2516 4529 2784 4597 ἠθέλησεν
2839 4529 3089 4594 ἐκεῖνος,
3170 4530 3322 4593 ὅστις
3385 4529 3565 4601 ἑαυτῷ
3623 4530 3767 4581 τόπον

2215 4621 2534 4691 ἐξάρχοντος
2558 4619 2806 4683 ἐξεδίκει.
2841 4639 2858 4671 ι

2286 4713 2451 4780 Λέγει
2482 4713 2538 4766 δὲ
2572 4715 2702 4782 περὶ
2733 4713 3028 4783 Διοσκόρου
3051 4716 3078 4766 6
3109 4713 3361 4781 πάππας,
3398 4716 3564 4768 τόπον
3591 4716 3764 4785 ἄρχον-

2216 4824 2306 4869 τος
2335 4806 2510 4875 ἐαυτῷ
2544 4806 2933 4876 ὲκδικὴσαντος
2965 4806 3052 4858 διὰ
3081 4807 3144 4858 τὸ
3178 4811 3328 4877 παρᾶ
3386 4808 3661 4861 θεοδοσίου
3687 4803 3765 4856 τοῦ

2219 4901 2486 4969 βασιλέως
2516 4901 2614 4969 τὴν
2649 4901 2938 4954 αὑθεντίαν
2990 4901 3084 4954 καὶ
3114 4901 3182 4954 τὰ
3207 4905 3452 4972 πρωτεῖα
3483 4903 3578 4972 τῆς
3608 4899 3764 4954 δευτέ-

2219 5010 2319 5062 ρας
2345 4995 2402 5044 ὲν
2435 4993 2646 5062 Ἐφέσῳ
2667 4991 2947 5063 εἰληφέναι
2969 4991 3206 5057 συνόδου,
3240 4992 3316 5055 ὡς
3346 4992 3504 5061 δῆλον
3531 4997 3592 5045 ὲκ
3614 4994 3699 5061 τῆς
3725 4988 3765 5042 α’

2217 5085 2469 5154 πράξεως
2483 5085 2583 5154 τῆς
2607 5086 2875 5154 τετάρτης
2891 5086 3132 5138 συνόδου.
3153 5084 3324 5139 Τοῦτο
3343 5087 3474 5154 γοῦν
3505 5088 3763 5156 μεμφόμε-

2219 5195 2306 5240 νος
2333 5179 2360 5230 6
2393 5178 2621 5238 πάππας
2645 5176 2904 5238 ἐνταῦθα,
2936 5177 3029 5228 καὶ
3061 5179 3119 5229 ἐν
3146 5179 3258 5240 τοῖς
3283 5181 3416 5247 πρὸς
3452 5177 3761 5248 Πούλχερέαν

2218 5273 2535 5341 γράμμασι,
2553 5271 2646 5323 καὶ
2672 5271 2893 5338 ἐτέρους
2928 5272 3243 5338 σαφέστατα
3299 5273 3590 5336 δείκνυσιν,
3615 5275 3687 5325 ὅτι
3717 5269 3758 5320 εἰ

2221 5363 2486 5432 βασιλέων
2532 5358 2599 5432 ἦν
2654 5362 2713 5415 τὸ
2765 5362 3019 5430 συνάγειν
3076 5363 3174 5427 τὰς
3210 5367 3482 5431 συνόδους,
3523 5364 3758 5436 βασιλέων

2218 5457 2284 5510 ἂν
2329 5452 2397 5526 ἦν
2448 5455 2541 5507 καὶ
2602 5453 2660 5507 τὸ
2708 5453 2890 5507 δοῦναι
2955 5454 3053 5524 τὴν
3111 5457 3400 5510 αὐθεντίαν
3448 5457 3556 5509 τῶν
3625 5453 3755 5507 συνό-

2217 5549 2323 5602 δων
2360 5549 2453 5600 καὶ
2510 5548 2578 5598 τὰ
2630 5547 2875 5613 πρωτεῖα
2929 5543 3010 5609 οἷς
3048 5547 3112 5600 ἂν
3157 5547 3453 5617 βούλοιντο.
3488 5547 3640 5602 Ἀλλὰ
3666 5543 3754 5614 μὴν

2217 5639 2377 5694 τοῦτο
2435 5637 2711 5709 μέμφεται
2761 5639 2788 5690 6
2822 5638 3090 5708 μακάριος
3135 5640 3306 5706 Λέων,
3363 5640 3444 5694 ὅτι
3492 5641 3752 5708 Διόσκορος
