4088 6294
252 275 341 337 861

1540 271 1981 335 REFUTATIO
2024 270 2206 332 NlLl.

3376 266 3483 331 862

247 390 558 459 ἐξεδίκησεν
596 384 775 455 ἑαυτῷ
803 385 1128 456 ἐξάρχοντος
1164 386 1349 447 τόπον,
1400 391 1574 440 καίτοι
1632 385 1815 441 λαεὼν

1926 396 2037 439 tore
2060 385 2378 454 accepisset.
2408 384 2526 440 Non
2553 394 2635 441 est
2667 400 2797 457 ergo
2827 386 3217 455 imperatorum
3252 399 3481 455 congre-

248 484 392 552 παρὰ
418 479 685 549 βασιλέως
717 482 815 545 τὴν
843 479 1114 543 ἐξουσίαν.
1154 479 1268 531 Οὐκ
1303 480 1410 548 ἄρα
1459 480 1722 549 βασιλέων
1754 477 1813 531 τὸ

250 572 496 639 συνάγειν
525 570 625 629 τάς
657 569 930 631 συνόδους,
960 570 1007 619 εἰ
1044 568 1119 637 μὴ
1176 570 1481 633 ὀργανικῶς
1532 572 1627 622 καὶ
1676 571 1815 639 ὑπη-

250 662 492 730 ρετικῶς’
543 660 667 712 καθ’
691 660 749 712 ὃν
783 660 847 729 δὴ
908 661 1109 729 τρόπον
1158 661 1259 712 οὐκ
1282 660 1481 728 ὤφειλε
1522 662 1813 730 Διόσκορος

246 755 473 806 ἐκδικεῖν
496 751 677 820 ἐαυτῷ
703 751 768 803 τά
800 755 1069 820 πρωτεῖα.
1133 748 1264 805 Εἶτα
1298 752 1551 819 ἐπιφέρει
1600 752 1628 802 6
1662 752 1812 805 πάπ-

248 862 370 905 παςπ
406 862 423 894 ι
448 844 603 897 Ἐπεὶ
633 843 711 912 τῷ
748 842 1047 911 ,μυστηρίῳ
1102 842 1202 911 τῆς
1236 843 1475 912 ἀληθοῡ.⁹
1533 842 1813 912 θεότητος,

247 936 336 986 καὶ
363 936 459 996 τῆς
484 932 721 999 ἀληθοῦς
750 935 808 984 ἐν
839 932 1060 1001 Χριστῷ
1086 934 1509 1002 ἀνθρωπότητος
1541 934 1713 1001 όλίγοι
1734 948 1815 986 τι·

249 1026 327 1088 νές
360 1024 739 1093 άντιφέρονται
766 1023 861 1076 νῦν
883 1024 1120 1087 ἀσεϐῶς,
1173 1026 1346 1078 πᾶσαι
1375 1024 1484 1076 τῶν
1527 1024 1815 1093 ἡμετέρων

252 1115 428 1181 μερῶν
453 1114 507 1165 αί
555 1113 872 1180 ἐκκλησίαι,
914 1113 1119 1175 πάντες
1176 1116 1317 1181 μετά
1355 1114 1678 1182 στεναγμῶν
1719 1114 1817 1166 καὶ

248 1201 492 1272 δακρύων
515 1203 561 1254 oi
594 1203 761 1271 ἱερεῖς
791 1201 1002 1255 δέονται
1023 1204 1123 1269 τῆς
1156 1203 1432 1272 ὑμετέρας
1485 1205 1812 1273 πραότητος·

250 1297 496 1347 ἀντεῖπον
531 1296 641 1361 γὰρ
675 1293 884 1356 πιστῶς
912 1294 1007 1346 καὶ
1030 1296 1079 1347 οἱ
1114 1295 1402 1364 ἡμέτεροι,
1448 1295 1542 1347 καὶ
1571 1294 1817 1347 λίδελλον

248 1387 514 1456 ὲκκλήτου
538 1386 775 1438 δέδωκεν
826 1386 1010 1448 αὐτοῖς
1065 1387 1362 1448 Φλαϐιανδς
1394 1388 1422 1439 ὁ
1484 1386 1808 1456 ἐπίσκοπος⁸

248 1478 333 1529 ῖνα
361 1476 578 1528 σύνοδον
609 1477 1000 1544 οίκουμενικὴν
1036 1478 1183 1539 ἐντὸς
1222 1478 1321 1545 τῆς
1364 1478 1602 1539 Ἰταλίας
1661 1478 1819 1545 γενέ-

248 1566 370 1619 σθαι
391 1564 709 1635 κελεύσητε.
736 1567 854 1619 Κάν
881 1565 958 1635 τῷ
980 1567 1124 1619 τέλει
1150 1567 1249 1635 τῆς
1285 1568 1574 1637 ἐπιστολῆς
1606 1568 1819 1636 ἐξηγεῖ-

246 1674 358 1721 ται,
390 1657 573 1709 όποῖόν
604 1674 657 1709 τι
710 1656 890 1710 δέεται
930 1657 1024 1711 τοῦ
1075 1657 1363 1727 putum:
1424 1678 1442 1708 ι
1484 1658 1817 1729 Βοηθήσατε,

245 1749 402 1813 φησι,
436 1750 548 1809 τοῖς
583 1747 887 1817 ὀρθοδόξοις
916 1749 1054 1802 κατὰ
1078 1752 1137 1801 τὸ
1159 1751 1424 1819 ὑμέτερον
1452 1752 1544 1803 καὶ
1570 1751 1825 1821 πατρῷον

244 1833 397 1903 ἦθος·
431 1835 552 1888 δότε
596 1836 915 1906 παρρησίαν
947 1840 1039 1890 τοῦ
1072 1840 1407 1892 ἐκδικεῖσθαι
1472 1842 1570 1908 τὴν
1604 1839 1813 1891 πίστιν·

246 1929 312 1993 ἣν
336 1928 647 1998 (εἰρήσεται
692 1929 750 1981 δὲ
783 1931 922 1997 μετὰ
944 1933 1043 1997 τῆς
1073 1932 1434 2000 ὀφειλομένης
1463 1936 1528 2003 τῇ
1567 1933 1815 2003 βασιλείᾳ

247 2018 399 2085 ὑμῶν
432 2018 661 2089 αἰδοῦς),
717 2020 777 2073 οὐ
811 2020 926 2089 βία,
962 2023 1021 2072 ού
1083 2022 1247 2089 φόϐος
1304 2023 1400 2075 τοῦ
1464 2026 1674 2093 κόσμου
1727 2026 1818 2077 ού-

244 2110 354 2173 δεὶς
385 2112 719 2180 ἀποκινῆσαι
745 2114 1057 2183 δυνήσεται*
1123 2115 1239 2186 ἅμα
1300 2116 1409 2187 γάρ
1440 2118 1517 2185 τῷ
1546 2119 1815 2186 πράττειν

243 2202 314 2253 τὰ
345 2204 783 2271 ἐκκλησιαστικὰ
820 2207 918 2257 καὶ
937 2208 1004 2259 τά
1028 2208 1125 2274 τῆς
1176 2208 1454 2277 ἡμετέρας
1498 2210 1816 2278 πράττομεν

247 2290 525 2358 βασιλείας
548 2295 641 2346 καὶ
668 2298 964 2362 σωτηρίας,
1009 2296 1096 2348 ἵνα
1143 2298 1368 2366 ἡσύχως
1397 2297 1508 2353 τῶν
1534 2299 1818 2367 ὑμετέρων

1918 493 2044 547 gare
2099 477 2358 548 synodos,
2423 478 2524 532 nisi
2587 493 2684 547 per
2744 479 3031 533 ministerii
3067 478 3319 542 modum;
3376 493 3483 546 qua

1918 567 2135 622 ratione
2206 568 2500 622 Dioscorus
2540 584 2675 622 non
2750 568 2986 623 debebat
3048 568 3326 622 vindicare
3378 567 3483 622 sibi

1917 658 2221 727 principem
2264 659 2464 713 locum.
2508 660 2575 713 Et
2618 659 2808 713 subdit
2842 674 3023 729 papa:
3059 677 3077 708 ι
3111 658 3246 722 Quia
3302 674 3486 711 sacra-

1916 760 2104 805 mento
2136 765 2277 805 vera;
2303 752 2605 806 divinitatis
2627 760 2682 807 et
2715 768 2856 806 verae
2888 753 2941 804 in
2977 750 3198 805 Christo
3228 750 3485 802 humani-

1917 842 2044 899 tatis
2072 856 2102 895 a
2130 842 2316 911 paucis
2347 843 2509 911 impie
2539 858 2687 896 nunc
2715 842 2989 903 obviatur,
3017 857 3209 895 omnes
3249 842 3481 907 partium

1918 940 2227 988 nostrarum
2280 932 2554 995 Ecclesia,
2587 947 2779 986 omnes
2826 931 3229 986 mansuetudini
3286 940 3478 983 vestrm

1919 1036 2043 1075 cum
2078 1020 2371 1089 gemitibus
2399 1030 2453 1074 et
2484 1020 2739 1091 lacrymis
2799 1022 3107 1091 supplicant
3148 1018 3482 1079 sacerdotes,

1918 1125 1979 1169 ut
2018 1116 2144 1185 quia
2183 1124 2235 1169 et
2268 1116 2437 1169 nostri
2489 1114 2724 1169 fideliter
2755 1115 3144 1178 reclamarunt,
3173 1122 3228 1168 et
3272 1114 3479 1168 eisdem

1918 1208 2163 1263 libellum
2211 1207 2593 1276 appellationis
2643 1207 2932 1261 Flavianus
2976 1206 3265 1276 episc0pns
3313 1204 3485 1270 dedit,

1920 1298 2228 1368 generalem
2274 1296 2540 1368 synodum
2592 1296 2834 1364 jnbeatis
2893 1296 3031 1349 intra
3088 1295 3294 1348 italiam
3348 1296 3490 1348 cele-

1921 1389 2093 1444 brari.
2129 1407 2148 1440 ι
2198 1389 2265 1443 Et
2315 1389 2368 1441 in
2424 1387 2531 1442 fine
2583 1389 2838 1455 Epistolm
2872 1389 3134 1453 declarat,
3184 1389 3489 1459 cujusmodi

1921 1497 2034 1534 rem
2069 1490 2217 1549 petat
2258 1480 2325 1535 ab
2355 1481 2721 1547 imperatore;
2754 1495 2772 1531 ι
2805 1479 3023 1541 Favete,
3055 1481 3253 1549 inquit.
3283 1479 3488 1533 Catho-

1921 1572 2042 1626 licis
2090 1580 2273 1623 vestro
2322 1585 2475 1623 more
2524 1579 2923 1639 parentumque
2990 1581 3324 1624 vestrorum.
3361 1569 3491 1621 Date

1925 1662 2278 1716 defendendae
2314 1660 2434 1714 fidei
2468 1661 2800 1721 libertatem,
2834 1674 2999 1728 quam
3025 1699 3038 1721 .
3065 1661 3215 1713 salva
3252 1660 3491 1713 clemen-

1929 1753 2016 1807 tiae
2066 1761 2259 1806 vestra:
2320 1751 2648 1813 reverentia,
2704 1752 2852 1805 nulla
2896 1753 2999 1814 vis,
3048 1752 3235 1805 nullus
3288 1752 3493 1819 poterit

1925 1845 2235 1899 mundanus
2294 1856 2473 1898 terror
2541 1843 2781 1899 auferre.
2844 1842 2979 1897 Cum
3036 1844 3181 1896 enim
3234 1842 3495 1897 Ecclesia:

1918 1952 2149 2000 causas,
2200 1948 2313 1989 tum
2373 1936 2523 2006 regni
2562 1936 2730 1990 vestri
2782 1950 3004 2006 agamus
3055 1943 3112 1990 et
3170 1936 3379 2000 salutis,
3436 1944 3495 1987 ut

1923 2028 2329 2097 provinciarum
2394 2037 2701 2082 vestrarum
2752 2029 2943 2097 quieto
3001 2030 3125 2098 jure
3183 2028 3493 2105 potiamini,

1919 2120 2200 2175 defendite
2247 2130 2435 2176 contra
2465 2122 2750 2175 haereticos
2800 2122 3190 2177 inconcussum
3235 2121 3496 2175 Ecclesia:

1920 2221 2144 2274 statum,
2175 2220 2235 2265 ut
2282 2222 2337 2265 et
2378 2222 2621 2267 vestrum
2653 2212 2858 2268 Christi
2902 2213 3127 2269 dextera
3169 2214 3499 2269 defendatur

1923 2302 2243 2371 imperium.
2276 2322 2296 2355 ι

244 2386 531 2455 ἐπαρχιῶν
565 2385 867 2482 δεσπόζητε
897 2404 910 2417 ·
948 2389 1434 2459 ύπεραγωνίσασθε
1478 2391 1623 2443 κατὰ
1661 2390 1768 2443 τῶν
1797 2392 2113 2460 αῖρετικῶν,
2158 2394 2496 2464 ἁκράδαντον
2542 2392 2836 2464 τηροῦντες
2896 2394 2998 2464 τῆς
3062 2396 3393 2465 Ἐκκλησίας
3441 2396 3500 2450 τδ

246 2484 597 2554 κατάστημα,
627 2486 712 2535 ῖνα
741 2486 834 2535 καὶ
860 2484 918 2535 τὸ
948 2484 1217 2555 ὑμέτερον
1243 2485 1514 2555 βασίλειον
1543 2488 1887 2557 κρατύνηται
1910 2492 1973 2560 τῇ
2004 2489 2155 2559 δεξιᾷ
2188 2490 2281 2543 τοῦ
2302 2488 2566 2560 Χριστοῦ.
2608 2508 2627 2541 ι
3274 2496 3275 2499 “

320 2578 485 2644 Ζητεῖ
510 2576 642 2645 γοῦν
665 2580 691 2629 6
711 2579 942 2639 πάππας
965 2579 1063 2649 τὴν
1087 2580 1305 2633 σύνοδον
1327 2581 1401 2644 ὡς
1428 2582 1579 2651 παρά
1602 2599 1825 2651 προμαο

246 2669 471 2739 χοῦντος
502 2671 596 2722 καὶ
628 2670 843 2722 ἐκδίκου
878 2669 974 2723 τοῦ
1023 2672 1315 2739 βασιλέως,
1375 2686 1462 2725 ινα
1511 2675 1607 2726 καὶ
1662 2674 1826 2736 αὐτὸς

250 2762 362 2813 τῶν
392 2762 648 2831 ὑπηκόων
692 2762 912 2831 ἡσύχως
953 2763 1219 2832 δεσπόζῃ.
1282 2764 1389 2816 Καὶ
1442 2765 1545 2817 οὐκ
1592 2767 1824 2817 αἰτεῖται

245 2855 374 2908 ἀντὶ
407 2854 647 2923 μεγάλου
680 2854 826 2916 τινὲς
860 2855 997 2924 ὅπερ
1032 2855 1131 2906 σὺν
1155 2854 1234 2924 τῷ
1260 2856 1454 2924 δικαίῳ
1498 2856 1598 2908 οὐκ
1650 2852 1817 2924 εἶχεν·

247 2948 334 2999 ὅτι
376 2945 433 2998 δὲ
469 2944 637 3016 χωρίς
670 2961 815 3005 τινος
862 2945 1171 3015 ἀντιλογίας
1212 2947 1357 3000 τοῦτ’
1382 2946 1603 3017 ἀληθὲς,
1637 2950 1732 3001 καὶ
1763 2948 1824 3001 τδ

248 3033 439 3104 ζητεῖν
472 3033 623 3101 παρὰ
655 3032 918 3103 βασιλέως
948 3033 1067 3102 τῆν’
1100 3034 1319 3087 σύνοδον
1346 3036 1445 3087 οὐκ
1472 3037 1617 3088 ἔστιν
1664 3037 1822 3103 ὑφαί-

253 3142 405 3194 ρεσις
440 3124 541 3193 τῆς
598 3125 1068 3194 ἐκκλησιαστικῆς
1102 3124 1376 3190 ἐξουσίας,
1409 3127 1571 3190 αὐτὸς
1622 3128 1827 3191 διδάξει

247 3218 407 3271 Λέων
436 3217 465 3268 6
498 3216 689 3283 Μέγας
724 3220 782 3269 ἐν
820 3211 899 3280 οἷς
935 3219 1138 3285 γράφει
1171 3217 1308 3287 πρὸς
1340 3220 1464 3281 τοὺς
1493 3221 1828 3285 ἐπισκόπους

250 3310 355 3379 τῆς
385 3310 547 3378 ἁγίας
582 3311 801 3364 συνόδου
828 3326 842 3342 ·
879 3331 897 3362 ι
935 3312 1055 3364 Ἰνα
1086 3313 1119 3379 ἡ
1144 3311 1300 3365 καθό)
1313 3330 1375 3364 ου
1404 3312 1556 3382 ὑμῶν
1601 3314 1828 3381 ἀδελφό-

249 3420 377 3471 της,
409 3402 506 3456 καὶ
539 3404 795 3456 ἁπάντων
830 3403 940 3456 τῶν
974 3405 1183 3456 πιστῶν
1217 3407 1273 3457 αἱ
1326 3405 1548 3473 καρδίαι
1601 3407 1827 3471 γνῶσιν,

254 3494 353 3552 ἐμὲ
391 3494 466 3564 μὴ
509 3494 599 3548 διὰ
630 3496 737 3547 τῶν
768 3495 1015 3563 ἀδελφῶν
1070 3497 1254 3564 μόνον,
1292 3497 1342 3549 οἳ
1397 3498 1828 3568 τοποτηροῦντες

254 3588 380 3655 ἐμοὶ
413 3582 578 3655 ἦσαν,
636 3587 775 3641 ἀλλὰ
812 3589 905 3640 καὶ
959 3587 1025 3640 δι’
1057 3587 1454 3658 ἐπικυρώσεως
1486 3590 1600 3643 τῶν
1663 3593 1719 3643 ἐν
1760 3594 1827 3661 τῇ

254 3678 460 3748 συνόδῳ
482 3680 892 3749 πεπραγμένων
914 3681 1372 3751 ὁμογνωμονῆσαι
1401 3682 1532 3751 ὑμῖν
1566 3685 1695 3752 περὶ
1729 3683 1831 3751 μόο

253 3788 355 3838 νην
402 3771 501 3837 τῆς
535 3770 768 3834 πίστεως
798 3772 899 3842 τὴν
963 3772 1243 3825 ὑπόθεσιψ
1300 3774 1367 3825 δι’
1402 3774 1470 3844 ἢν
1502 3777 1598 3828 καὶ
1634 3777 1828 3829 θεσπί-

254 3879 428 3930 σματι
471 3862 582 3915 τῶν
605 3864 953 3929 Χριστιανῶν
1008 3864 1297 3933 βασιλέων,
1361 3869 1457 3920 καὶ
1519 3869 1830 3922 συναινέσει

254 3947 350 3999 τοῦ
383 3948 755 4004 ἀποστολικοῦ
781 3952 973 4021 θρόνου
1001 3956 1389 4026 οίκουμενικὴν
1416 3957 1637 4011 σύνοδον
1680 3957 1827 4024 ἔδοξε

256 4042 619 4112 συναχθῆναι.
657 4064 676 4097 ι

330 4135 439 4204 Τὴν
463 4137 521 4189 δέ
552 4137 863 4195 συναίνεσιν
902 4140 998 4193 τοῦ
1025 4141 1390 4196 ἀποστολικοῦ
1425 4143 1621 4213 θρόνου
1654 4143 1829 4207 οὕτως

256 4229 566 4296 ἀναγκαίαν
595 4232 825 4301 ἡγοῦντο
840 4233 891 4285 oi
927 4233 1259 4288 Ἀνατολικοὶ
1294 4235 1431 4305 πρὸς
1454 4236 1549 4298 τὰς
1577 4236 1844 4290 συνελεύ-’

1999 2586 2141 2639 Petit
2164 2600 2295 2655 ergo
2320 2585 2586 2656 synodum
2626 2600 2759 2654 papa
2789 2587 2857 2641 ab
2887 2585 3212 2655 imperatore
3240 2594 3497 2655 tanquam

1927 2685 2331 2747 propugnatore
2358 2686 2413 2731 et
2445 2677 2685 2739 vindice,
2719 2687 2779 2731 ut
2820 2685 2879 2731 et
2904 2678 3024 2743 ipse
3052 2676 3284 2732 subditis
3312 2681 3499 2747 quiete

1925 2769 2259 2832 dominetur,
2308 2785 2419 2824 non
2478 2770 2600 2825 loco
2644 2771 2719 2823 rei
2782 2784 3011 2839 magna,
3052 2768 3199 2837 quod
3236 2770 3321 2824 sui
3361 2770 3502 2839 juris

1925 2877 2034 2916 non
2065 2872 2205 2915 erat.
2235 2862 2349 2916 Ηοο
2377 2871 2561 2917 autem
2596 2876 2718 2917 6888
2743 2861 2970 2915 omnino
2999 2876 3194 2915 verum
3221 2871 3276 2915 et
3302 2866 3501 2916 certis-

1927 2956 2145 3015 simum,
2185 2963 2241 3008 et
2267 2963 2450 3023 petere
2484 2956 2552 3009 ab
2579 2954 2911 3023 imperatore
2942 2952 3211 3023 synodum
3244 2968 3352 3008 non
3380 2969 3499 3007 esse

1927 3047 2312 3102 ecclesiasticae
2360 3045 2649 3115 potestatis
2695 3045 3179 3110 imminutionem,
3224 3045 3340 3114 ipse
3387 3044 3501 3098 Leo

1928 3141 2155 3211 Magnus
2206 3140 2424 3195 docebit
2484 3139 2536 3192 in
2567 3139 2798 3209 epistola
2838 3138 2906 3193 ad
2955 3139 3247 3208 episcopos
3304 3136 3500 3207 synodi

1928 3231 2391 3288 Chalcedonensis
2424 3248 2438 3285 :
2496 3250 2513 3282 ι
2549 3229 2622 3285 Ut
2652 3239 2835 3285 vestra
2873 3229 3116 3285 fraterna
3146 3229 3502 3289 universitas,

1930 3335 1985 3379 et
2032 3324 2277 3377 omnium
2322 3316 2567 3377 'fidelium
2614 3321 2780 3377 corda
2829 3330 3193 3392 cognoscant,
3250 3335 3338 3375 me
3390 3335 3498 3374 non

1930 3419 2105 3473 solum
2126 3432 2222 3486 per
2244 3416 2441 3470 fratres
2464 3417 2557 3486 qui
2575 3415 2749 3470 vicem
2768 3431 2943 3470 meam
2974 3414 3215 3469 exsecuti
3233 3423 3383 3479 sunt,
3405 3413 3500 3469 sed

1929 3509 2095 3563 etiam
2153 3522 2250 3576 per
2299 3506 2750 3575 approbationem
2813 3514 3092 3577 gestorum
3141 3505 3489 3575 synodalium

1932 3600 2206 3672 propriam
2230 3600 2514 3654 vobiscum
2547 3600 2733 3654 iniisse
2762 3599 3091 3653 sententiam
3113 3639 3128 3662 ,
3182 3598 3237 3652 in
3276 3599 3389 3654 sola
3422 3599 3504 3651 vi-

1930 3693 2130 3747 delicet
2186 3690 2308 3745 ﬁdci
2375 3706 2573 3757 causa;
2620 3699 2843 3761 propter
2878 3706 3041 3761 quam
3088 3692 3340 3761 generale
3376 3706 3507 3744 cou-

1931 3787 2116 3840 cilium
2155 3794 2212 3839 et
2250 3800 2316 3839 ex
2353 3795 2629 3854 prmccpto
2678 3783 3117 3838 Christianorum
3170 3784 3503 3852 principum,

1931 3886 1987 3930 et
2043 3892 2112 3930 ex
2162 3890 2435 3930 consensu
2482 3875 2795 3945 apostolicae
2844 3874 2993 3929 sedis
3040 3874 3247 3944 placuit
3276 3888 3507 3942 congre-

1931 3983 2069 4037 gari.
2115 3986 2133 4019 ι

2001 4143 2341 4201 Consensum
2394 4158 2559 4210 porro
2599 4142 2746 4198 sedis
2784 4143 3097 4211 apostolicae
3145 4144 3281 4197 adeo
3320 4160 3513 4198 neces-

1934 4235 2138 4290 sarium
2175 4232 2477 4288 censebant
2512 4232 2820 4288 Orientales
2868 4236 2923 4286 in
2968 4233 3317 4286 celebrandis
3340 4248 3509 4301 syno-

256 4338 373 4385 σεις
395 4323 502 4376 τῶν
530 4326 786 4391 συνόδων,
826 4327 967 4381 ῶστε
996 4330 1094 4382 καὶ
1141 4328 1294 4382 Λέων
1352 4331 1381 4381 6
1432 4327 1702 4399 Ἴσαυρος,
1756 4330 1823 4394 ὡς

1939 4325 2047 4389 dis,
2076 4334 2136 4379 ut
2164 4325 2274 4379 Leo
2300 4340 2519 4395 quoque
2550 4325 2805 4389 lsaurus,
2839 4333 2899 4377 ut
2936 4324 3141 4377 dictum
3178 4334 3283 4389 est,
3318 4323 3514 4378 volens

254 4415 494 4493 εἴρηται,
519 4418 546 4469 6
574 4419 968 4491 Εἰκονομάχος,
1004 4423 1105 4493 τὴν
1156 4421 1354 4474 ἑαυτοῦ
1392 4422 1595 4492 μανίαν
1627 4422 1831 4493 κρατῦ-

254 4526 339 4558 ναι
363 4498 692 4579 βουλόμενος
720 4512 931 4583 ἔγραφε
956 4514 1035 4583 τῷ
1106 4514 1333 4586 Ῥώμης
1386 4516 1702 4586 Γρηγορίῳ.
1753 4516 1829 4578 ὡς

258 4599 407 4652 ’ἔστιν
437 4601 565 4653 ἰδεῖν
589 4606 646 4655 ὲν
670 4608 792 4668 ταῖς
826 4609 933 4676 πρὸ
957 4606 1067 4658 τῶν
1100 4608 1427 4677 Πρακτικῶν
1474 4608 1591 4677 τῆς.
1619 4606 1664 4671 ζ’
1697 4625 1827 4659 συν-

252 4691 379 4744 όδου
404 4694 739 4762 ἐπιστολαῖς,
773 4697 859 4749 ἵνα
894 4698 1252 4767 οίκουμενικὴ
1310 4698 1530 4760 σύνοδος
1577 4701 1825 4766 γένηται.

266 4784 610 4857 ’Λντέγραφε
636 4790 692 4842 δὲ
724 4792 752 4843 6
781 4793 1029 4853 πάππαςο
1064 4809 1081 4842 ι
1111 4791 1407 4861 Ἔγραψας
1457 4792 1545 4844 ἵνα
1574 4792 1830 4860 οἰκουμε-

254 4878 386 4948 νικὴ
419 4880 638 4945 σύνοδος
666 4882 913 4951 γένηται,
947 4885 1041 4938 καὶ
1089 4887 1224 4953 ἡμῖν
1258 4884 1608 4954 ἀπρόσφορον
1649 4884 1827 4951 ἐφάνη

1937 4416 2334 4472 ἰοοηοιηοοιιίίε
2364 4432 2477 4471 suae
2512 4417 2779 4471 insaniam
2817 4416 3085 4480 stabilire,
3122 4417 3408 4486 scripserit
3438 4414 3509 4469 ad

1937 4512 2259 4581 Gregorium
2289 4512 2330 4567 ll
2367 4521 2424 4566 ut
2458 4512 2857 4567 metimenicam
2900 4512 3169 4581 synodum
3206 4512 3320 4565 fieri
3349 4511 3515 4580 jube-

1936 4614 2040 4659 ret.
2077 4606 2215 4673 Papa
2247 4619 2375 4658 vero
2409 4604 2721 4672 respondit:
2752 4625 2767 4655 ι
2798 4604 3083 4673 Scripsisti
3120 4612 3181 4657 ul.
3211 4605 3513 4657 concilium

1939 4697 2248 4751 universale
2285 4708 2596 4767 cogeretur,
2628 4707 2683 4752 et
2715 4699 2874 4753 nobis
2905 4698 3120 4751 inutilis
3159 4712 3222 4751 ea
3265 4712 3352 4750 res
3395 4698 3515 4749 visa

1933 4800 2041 4845 est.
2067 4790 2231 4860 Finge
2267 4806 2367 4843 nos
2406 4800 2457 4844 te
2484 4791 2739 4854 audisse,
2765 4802 2818 4846 et
2848 4808 2910 4846 ex
2946 4793 3206 4846 universo
3240 4800 3517 4845 terrarum

1937 4885 2070 4936 Orbe
2104 4882 2389 4950 pontifices
2416 4891 2771 4953 congregatos
2792 4899 2942 4957 esse,
2980 4903 2998 4935 ι
3043 4892 3152 4940 etc.

256 4977 390 5044 περὶ
431 4976 641 5028 τούτου.
696 4977 921 5038 Σύνθου,
970 4978 1052 5030 ὅτι
1124 4977 1513 5046 ἐπηκούσαμέν
1556 4994 1670 5038 σου,
1732 4978 1826 5028 κα)⁸
1869 4976 2340 5047 συνηθροίσθησαν
2396 4977 2506 5029 ἀπὸ
2584 4983 2765 5048 πάσης
2815 4978 2913 5046 τῆς
2968 4978 3296 5046 οἰκουμένης
3342 4976 3390 5029 οἱ
3420 4978 3520 5044 ἀρ-

255 5068 491 5137 χιερεῖς,
527 5084 549 5119 ι
583 5067 774 5120 καὶτὰ
808 5067 958 5137 ἐξῆς.

332 5163 441 5216 Καὶ
471 5164 536 5214 σὺ
572 5162 671 5229 μὲν
701 5163 904 5226 λέγεις,
936 5165 1020 5216 ὅτι
1052 5164 1205 5216 Λέων
1227 5167 1255 5217 6
1284 5166 1655 5234 πάππαςῇτει
1685 5163 1832 5231 παρά

255 5254 542 5306 Θεοδ)σὶου
567 5251 661 5305 τοῦ
700 5254 964 5320 βασιλέως
994 5255 1116 5306 ἀντὶ
1144 5255 1383 5323 μεγάλου
1437 5256 1579 5307 τινὸς
1606 5255 1665 5305 τὸ
1702 5270 1835 5320 συγ-

257 5344 595 5414 κροτηθῆναι
627 5345 847 5397 σύνοδον
883 5347 1271 5417 οἰκουμενικὴν
1320 5349 1385 5415 τῇ
1415 5348 1630 5399 ἐκείνου
1668 5363 1835 5398 κατα-υ

256 5437 459 5491 νεύσει·
485 5439 647 5506 ⁴ἡμεῖς
678 5438 734 5489 δέ
767 5455 968 5507 φαμεν,
999 5440 1081 5492 ὅτι
1104 5439 1254 5492 Λέων
1286 5441 1312 5489 ὁ
1341 5438 1600 5507 βασιλεὺς
1648 5440 1833 5508 ᾐτεῖτο

254 5530 351 5581 τὸν
381 5530 614 5584 πάππαν
656 5533 778 5584 ἀντὶ
820 5530 1059 5600 μεγάλου
1082 5533 1225 5596 τινὸς
1265 5533 1325 5584 τὸ
1353 5533 1680 5584 κατανεύσει
1734 5531 1830 5582 τοῦ

264 5623 472 5675 πάππα
534 5624 983 5695 συγκροτηθῆναι
1042 5626 1429 5694 οἰκουμενικὴν
1492 5624 1733 5676 σύνοδον.
1773 5624 1833 5675 Εἰ

258 5716 442 5769 τοίνυν
475 5719 507 5787 ἡ
535 5718 843 5782 συναίνεσις
876 5717 969 5770 τοῦ
1003 5718 1199 5770 πάππα
1238 5716 1538 5785 ἀναγκαία,
1570 5718 1670 5769 οὐκ
1702 5716 1833 5786 ἀλη-

2013 5162 2084 5215 Ει
2116 5169 2170 5215 ιιι
2207 5162 2430 5232 quidem
2463 5162 2623 5222 dicis,
2656 5161 2897 5216 Leonem
2930 5176 3125 5230 papam
3155 5160 3276 5214 loco
3306 5176 3519 5230 magna:

1945 5252 2023 5305 rei
2053 5254 2276 5321 petiisse
2311 5270 2341 5306 ιι
2397 5253 2711 5306 Theodosio
2752 5254 3087 5321 imperatore
3113 5261 3173 5304 ut
3210 5251 3333 5319 ejus
3379 5262 3515 5304 nutu

1931 5347 2177 5415 synodus
2226 5347 2561 5399 mcnmenica
2615 5354 2941 5413 cogeretur;
2980 5359 3081 5397 nos
3132 5354 3316 5397 autem
3379 5344 3519 5396 dici—

1935 5453 2079 5500 mus,
2134 5437 2372 5491 Leonem
2418 5437 2807 5505 imperatorem
2867 5437 3091 5505 petiisse
3146 5436 3267 5491 loco
3310 5451 3522 5505 magna:

1933 5530 2009 5585 rei
2048 5546 2075 5581 a
2112 5545 2249 5599 papa
2281 5538 2339 5581 nt
2365 5529 2486 5596 ejus
2517 5537 2655 5581 nutu
2684 5529 3060 5582 celebraretur
3092 5528 3336 5600 synodus
3365 5542 3523 5582 (ncu-

1934 5622 2170 5676 menica.
2216 5621 2270 5676 Si
2321 5636 2457 5690 ergo
2492 5621 2838 5674 necessarius
2887 5632 2971 5676 cst
3003 5638 3155 5691 papas
3186 5635 3517 5684 consensus,

1933 5716 2128 5769 falsum
2162 5724 2267 5778 est,
2318 5713 2384 5769 ad
2442 5714 2829 5783 imperatores,
2859 5730 2967 5768 non
3013 5714 3081 5769 ad
3135 5712 3427 5782 episcopos
3458 5711 3519 5765 id
