4088 6294
588 315 694 378 879
1335 379 1340 384 ,
1709 287 2178 362 TueonttuiUs

2222 304 2272 360 Μ
2289 301 2742 361 ΕΙΛΤΕΝΙΟΤΛ
3739 301 3819 369 ξω

593 444 878 516 navet-Cito?»
915 441 1176 506 διάλεξιν,
1213 439 1354 492 οὕτω
1383 438 1669 502 διεξιόντα.
1707 437 1810 488 Deo
1857 438 1947 506 qui
1978 448 2048 488 est
2101 453 2204 488 una

2203 455 2237 490 :s
2272 439 2324 490 in
2351 439 2515 492 tribus
2547 440 2800 508 personis,
2857 441 3082 509 itemque
3129 442 3478 508 omnipotens,
3527 452 3817 506 coopcrante,

597 538 754 604 linem
786 534 970 601 accipit
993 547 1109 584 cum
1145 530 1315 598 primo
1345 535 1392 578 et
1424 527 1651 578 secundo
1685 527 1868 576 horum
1892 527 2384 578 commentariorum
2426 529 2608 580 tertius
2647 529 2793 590 liber,
2828 529 2880 579 in
2911 545 3013 597 quo
3038 530 3364 597 propositum
3405 539 3482 581 est
3521 529 3640 581 milii
3661 545 3819 594 maqito

594 621 878 676 sacellario
915 618 1264 672 sanctissima:
1303 612 1512 682 Magnce
1547 612 1642 664 Dei
1669 612 1915 676 ecclesia;
1949 621 1995 664 et
2019 613 2268 681 magistro
2303 615 2672 682 magistrorum
2719 627 2766 668 et
2801 616 3172 667 archidiacono
3200 615 3466 668 Theodoro
3497 613 3814 678 Meliteuiotte,

599 727 755 764 omne
813 710 1093 762 secundum
1118 715 1292 772 partes
1351 706 1742 753 sacrosanctum
1788 699 1892 750 divi
1955 697 2108 754 Lucae
2173 699 2521 770 Euangelium
2591 715 2647 754 ut
2734 713 2912 771 potero
2997 715 3276 764 emponere,
3333 700 3522 771 illique
3557 715 3668 754 cum
3703 717 3826 771 rspo-

599 805 789 860 sitione
815 812 1079 868 apponere
1107 804 1338 861 tempore
1400 790 1681 843 secundum
1704 789 1958 842 rationem
1981 797 2154 844 tamen
2213 804 2530 859 opportuno,
2574 807 2688 860 qua!
2717 791 2779 844 ab
2837 791 2958 844 aliis
2985 789 3314 861 evangelistis
3343 793 3488 846 dicta
3513 800 3652 855 sunt,
3675 805 3716 845 et
3737 794 3827 862 ipsa

613 882 1069 952 omiserit;velnti
1101 897 1202 932 una
1237 879 1609 947 compositione
1648 874 1958 944 Evangelio,
2013 876 2150 946 quod
2184 891 2246 930 ex
2273 887 2504 946 quatuor
2559 879 2738 946 fuerit,
2776 879 2942 946 facta,
3001 887 3049 930 et
3083 879 3384 932 divinorum
3417 879 3826 950 evangelistam»:

619 973 899 1030 concordia
929 973 983 1024 in
1017 968 1254 1023 omnibus
1291 967 1678 1020 demonstrata.
1716 963 1848 1016 Item
1889 966 1938 1016 in
1964 967 2139 1018 animo
2171 974 2270 1027 est,
2299 982 2529 1034 pra'sens
2561 981 2688 1035 opus
2717 965 2950 1019 diuidere
2976 965 3032 1020 in
3063 967 3293 1020 triadem
3328 967 3550 1035 triplum
3587 966 3824 1028 libroruin,

607 1076 890 1130 rursusque
915 1058 1609 1123 librorum-unumquemque
1627 1052 1676 1104 in
1699 1053 1920 1104 triadmn
1953 1054 2170 1120 triplam
2191 1053 2651 1122 disceptationem,
2668 1065 2716 1108 et
2735 1054 2980 1108 uniuerso
3003 1056 3152 1120 operi
3171 1055 3386 1108 titulum
3411 1057 3554 1108 hunc
3570 1055 3827 1124 pra-ﬁgere,

603 1154 656 1202 in
685 1149 906 1202 triadem
936 1145 1152 1215 triplam
1173 1145 1571 1196 enarrationum
1595 1141 1763 1191 sancti
1786 1137 2076 1208 Evangelii,
2099 1140 2237 1208 quod
2265 1155 2330 1194 ex
2349 1151 2576 1209 quatuor
2599 1158 2756 1194 unum
2787 1143 2986 1211 factum
3005 1151 3102 1195 est.
3128 1140 3364 1206 Quartus
3385 1158 3510 1196 uero
3537 1143 3660 1196 liber
3683 1159 3824 1210 apem

604 1245 784 1312 incipit
824 1242 887 1296 ab
923 1239 1049 1298 illis,
1092 1254 1210 1308 qua:
1241 1247 1552 1305 sequuntur,
1596 1234 1832 1287 Mattlnri
1868 1235 2028 1286 verbis
2060 1237 2110 1288 in
2173 1237 2342 1304 prima
2369 1253 2464 1289 sua
2495 1237 2867 1304 disceptatione
2895 1239 2990 1290 hoc
3041 1237 3195 1290 modo
3231 1251 3249 1288 :
3277 1237 3353 1290 E1
3415 1247 3642 1304 quatuor
3683 1239 3832 1306 itaque

605 1328 917 1402 Evmgrliis
953 1341 1124 1380 unum
1184 1323 1518 1377 Meliteniota
1561 1323 1709 1384 fecit,
1761 1333 1816 1373 et
1851 1337 2042 1374 novem
2103 1321 2258 1378 libris
2321 1323 2596 1392 exposuit,
2631 1338 2866 1390 quorum
2917 1323 3114 1393 singuli
3146 1337 3341 1376 novem
3375 1324 3832 1390 disceptationibus

603 1419 1036 1492 complebantur.
1067 1423 1213 1487 Opus
1256 1425 1358 1480 est,
1396 1415 1540 1486 quod
1599 1416 1712 1484 ipse
1744 1415 1876 1474 vidi.
1923 1415 2164 1480 doctum,
2205 1415 2389 1470 divina
2429 1417 2674 1472 doctrina
2708 1417 2991 1481 refertum,
3020 1427 3076 1472 et
3107 1417 3332 1487 dignum
3362 1417 3511 1487 quod
3545 1417 3712 1471 lucem
3769 1420 3832 1468 ri-

603 1508 752 1562 deat.
807 1507 948 1559 Deus
1002 1504 1134 1558 faxit
1196 1513 1253 1556 ut
1315 1503 1511 1571 reliqui
1555 1513 1680 1555 octo
1709 1501 1834 1554 libri
1869 1504 2016 1570 gravi
2054 1503 2364 1570 reipublicae
2389 1505 2714 1558 Christiana:
2743 1505 2956 1576 jactura
2985 1521 3093 1558 non
3126 1505 3554 1560 intercideriutl
3587 1505 3642 1558 In
3669 1505 3825 1558 eadem

603 1577 943 1648 bibliotheca
977 1592 1250 1644 habentur
1279 1589 1528 1660 ejusdem
1566 1589 2094 1658 Ἀστρολογούμενα,
2122 1594 2211 1645 Ast

2195 1591 2466 1662 trologica.
2491 1591 2730 1646 Scoriaci
2773 1607 2904 1645 vero
2932 1591 2986 1644 in
3042 1595 3208 1662 regia,
3235 1593 3485 1662 ejusdem
3515 1596 3580 1644 ἐκ
3601 1592 3684 1644 τοῦ
3707 1593 3805 1660 πρὼ

601 1702 698 1739 του
728 1687 826 1746 τῆς
857 1681 1263 1752 ἁστρονομικῆς
1297 1679 1482 1749 βίϐλου
1509 1679 1793 1747 προοίμιον
1825 1683 1902 1742 είς
1931 1683 2031 1752 τὴν
2063 1681 2452 1752 ἀστρονομίαν.
2490 1681 2556 1734 Τί
2586 1683 2733 1734 ἐστιν
2779 1681 3136 1750 ἀστρονομία,
3162 1681 3260 1733 καὶ
3311 1683 3468 1750 παρὰ
3511 1681 3668 1734 τίνων
3701 1684 3826 1748 εὕρε-

605 1775 762 1828 θεῐσα
782 1771 944 1844 ἦλθεν
977 1775 1058 1835 είς
1089 1771 1384 1842 Ἕλληνας.
1425 1769 1506 1824 Ex
1539 1773 1708 1840 primo
1739 1777 2092 1828 astronon'zico
2130 1773 2219 1828 libi

2207 1791 2261 1828 ro
2310 1776 2618 1844 procemium
2659 1775 2710 1828 in
2735 1776 3137 1828 astronomiam.
3189 1773 3329 1838 Quid
3372 1785 3453 1828 est
3517 1779 3821 1830 astronomia.

605 1883 654 1924 et
681 1889 714 1924 a
735 1871 918 1940 quibus
945 1869 1159 1922 inventa
1181 1867 1250 1920 ad
1281 1865 1492 1921 Grcecos
1519 1866 1769 1934 pervenit.
1804 1865 2060 1938 Ejusdem
2095 1869 2206 1924 illic

2237 1883 2410 1939 prope
2441 1878 2524 1924 est
2563 1868 2988 1938 ’Δστρονομικῆς
3021 1867 3299 1938 τριϐίϐλου
3325 1869 3360 1938 ἡ
3389 1867 3608 1938 πρώτη,
3629 1867 3660 1938 ἢ
3683 1869 3827 1936 ψηφη-

608 1964 816 2033 φοριῶν
851 1959 1188 2028 εἰσαγωγῆς,
1214 1958 1694 2013 astronomicorum
1735 1960 1896 2012 trium
1937 1959 2194 2014 librorum

2229 1961 2449 2031 primus,
2479 1961 2584 2014 sive
2613 1961 2675 2014 de
2701 1959 3002 2014 calculandi
3048 1959 3256 2014 ratione
3279 1959 3622 2013 introductio.
3657 1959 3831 2019 P.85‘;

607 2057 849 2129 ἡγείσθω
879 2053 1085 2119 παντὸς
1121 2055 1283 2124 ἔργον
1320 2071 1380 2106 τε
1432 2055 1527 2108 καὶ
1561 2053 1744 2122 λόγου,
1781 2055 1913 2127 φησί
1943 2073 2027 2120 τις
2064 2057 2174 2110 τῶν
2233 2058 2400 2112 πάλαι
2455 2058 2656 2127 σοφῶν.
2687 2060 2945 2128 Δευτέρα,
2980 2057 3012 2129 ἢ
3044 2055 3415 2128 ῂφηφοριῶν
3457 2055 3716 2128 ἑρμηνεία
3761 2061 3830 2110 καὶ

609 2149 922 2219 συμφωνία,
953 2146 1230 2212 secundus,
1261 2147 1367 2200 sive
1396 2145 1704 2201 calculandi
1739 2150 2108 2220 interpretatio
2143 2160 2193 2206 et

2225 2153 2529 2206 concordia.
2559 2150 2624 2205 P.
2659 2152 2792 2205 Θεοῦ
2834 2152 3224 2222 συναιρομένου
3267 2151 3431 2206 τοῦτο
3463 2153 3574 2204 πᾶν
3597 2154 3650 2203 ὲν
3705 2153 3827 2218 σοφίᾳ

608 2245 996 2314 πεποιηκότος,
1030 2245 1120 2296 τόν
1146 2260 1202 2295 τε
1233 2243 1543 2313 ἄνθρωπον.
1579 2245 1777 2316 Τρίτῃ,
1815 2245 1846 2316 ἢ
1886 2246 2219 2320 ψηφηφοριῶ

2215 2265 2251 2300 ιν
2289 2247 2427 2301 κατὰ
2455 2247 2668 2320 Πέρσας
2693 2247 2956 2314 διάταξις,
3003 2248 3333 2312 tertius,siue
3385 2247 3536 2301 modi
3569 2245 3829 2300 calculam’i

607 2333 894 2388 secundum
957 2331 1148 2386 Persas
1209 2331 1514 2399 descriptio.
1566 2333 1630 2386 P.
1685 2333 1915 2401 Τριάδος
1969 2336 2070 2404 τῆς
2115 2353 2221 2405 μακ

2211 2337 2392 2407 capia;
2433 2337 2840 2406 παντοδυνάμου
2885 2353 2942 2390 τε
2998 2337 3090 2389 καὶ
3150 2335 3312 2405 ἁγίας
3379 2335 3477 2388 καὶ
3535 2334 3825 2408 ζωσρχικῆς.

609 2433 1008 2500 Argumentum
1046 2423 1242 2476 horum
1303 2423 1569 2476 librorum
1623 2424 1766 2480 idem
1817 2435 2008 2481 auctor
2085 2429 2142 2483 in
2207 2430 2473 2498 prooemio
2522 2429 2648 2484 libri
2683 2431 2826 2484 tertii
2887 2431 3034 2484 hunc
3093 2429 3146 2483 in
3203 2428 3430 2484 modum
3467 2429 3822 2498 prosequitur:

630 2517 718 2568 Ἑν
740 2516 838 2584 μὲν
878 2512 954 2580 τῷ
979 2512 1182 2578 πρώτῳ
1207 2509 1306 2577 τῆς
1335 2512 1740 2582 ἀστρονομικῆς
1767 2513 2050 2582 τριϐίϐλου
2076 2517 2173 2584 τὴν
2199 2516 2576 2587 ψηφηφοριῶν
2601 2517 2915 2589 είσαγωγὴν
2971 2516 3407 2588 διαγράψαντες·
3449 2519 3512 2568 ἐν
3547 2516 3606 2570 δέ
3645 2515 3830 2580 δευτέρᾳ

617 2607 716 2666 τὰς
750 2604 844 2672 τῆς
883 2599 1290 2669 μαθηματικῆς»
1315 2600 1410 2650 κνὶ
1444 2601 1690 2670 μεγάλης
1724 2603 2028 2666 συντάξεως
2073 2604 2434 2674 ψηφηφορίας
2467 2607 2537 2659 δι’
2591 2607 2878 2677 ἀκριϐείας
2913 2607 2987 2670 ὡς
3024 2606 3173 2676 ἐνῆν,
3220 2605 3614 2675 ἐφοδεύσαντες
3647 2603 3730 2666 ἅμ’
3759 2603 3830 2654 a5-

610 2694 733 2752 ταῖς
763 2691 856 2740 καὶ
879 2687 976 2740 τὰς
1001 2686 1110 2738 τῶν
1135 2686 1448 2755 προχείρων
1474 2686 1542 2738 δι’
1569 2687 1987 2757 ὑποδειγμάτων
2017 2689 2301 2759 ἐκθέμενοι
2323 2693 2418 2746 καὶ
2441 2694 2540 2762 τὴν
2579 2695 2785 2747 τούτων
2817 2694 3141 2765 συμφωνίαν
3161 2693 3424 2764 ἀκριϐῶς.
3457 2691 3796 2758 ὑποδείξαντες
3818 2707 3828 2718 ·

611 2777 845 2830 ἐνταῦοα
869 2778 927 2827 ἐν
957 2777 1024 2843 τῇ
1057 2775 1218 2843 τρίτῃ
1253 2773 1454 2841 δηλαδὴ
1489 2773 1583 2824 καὶ
1611 2773 1775 2844 λοιπῇ
1799 2775 1907 2825 τῶν
1942 2775 2318 2844 ὑποκειμένων
2341 2781 2439 2842 τὰς
2483 2781 2594 2834 τῶν
2654 2782 2941 2853 Περσικῶν
2986 2784 3295 2852 προχείρων
3325 2781 3574 2836 κανόνων
3617 2779 3829 2850 ψηφηςο-

617 2868 734 2935 ρῐας
763 2863 1120 2933 προήχθημεν
1147 2861 1545 2924 ἀνατάξχσῢαι,
1578 2863 1679 2932 ἤδη
1716 2863 1816 2932 μὲν
1846 2863 2029 2928 ἄλλοις
2060 2867 2525 2937 ἐσπουδασμένοις,
2556 2869 2803 2934 πλείονος
2830 2870 2885 2924 δὲ
2918 2871 3068 2942 ὅμως
3114 2869 3382 2940 δεομένας
3420 2870 3520 2940 τῆς
3555 2867 3831 2938 σαφηνείας,

615 2957 707 3006 καὶ
736 2953 973 3021 μάλιστα
998 2950 1075 3016 τῷ
1109 2951 1184 3020 μὴ
1215 2951 1354 3002 κατὰ
1378 2951 1479 3019 τὴν
1510 2955 1899 3020 προσήκουσαν
1930 2955 2120 3014 αὐτοῖς
2158 2955 2455 3024 ἑρμηνείαν
2486 2956 2610 3009 καθ’
2659 2957 2930 3027 Ἕλληνας
2962 2957 3296 3022 ἐκδεδόσθαι,
3343 2955 3414 3017 ἃς
3473 2955 3652 3024 ἡμεῖς,
3686 2953 3751 3014 ὡς
3785 2952 3832 3002 δι’

612 3039 712 3093 οἷοί
738 3057 795 3092 τε
825 3035 974 3108 ὦμεν
1009 3038 1252 3089 ἐκθεῖναι
1279 3039 1463 3105 σαφῶς
1498 3039 1900 3107 πειρασόμεθα,
1935 3041 2030 3090 καὶ
2061 3040 2127 3108 δὴ
2151 3042 2245 3092 καὶ
2267 3043 2363 3104 τὰς
2385 3043 2491 3094 τῶν
2525 3043 2768 3098 κανόνων
2797 3043 3115 3114 ἐπιγραφὰς
3149 3043 3544 3113 ἐπιγράψομεν
3565 3039 3834 3095 excusem.-

610 3131 726 3191 τοῖς
749 3129 1042 3196 ἡμετέροις
1072 3126 1148 3193 (1)
1181 3125 1314 3180 Cum
1353 3128 1822 3179 astronomicornm
1863 3129 2019 3181 trium
2051 3127 2305 3183 librorum
2331 3133 2384 3184 in
2420 3134 2588 3202 primo
2623 3132 2923 3186 calculandi
2954 3134 3175 3186 rationis
3199 3131 3647 3186 introductionem
3675 3131 3834 3181 descri-

613 3218 908 3286 pserimus;
942 3213 995 3266 in
1045 3213 1273 3266 secundo
1299 3229 1417 3265 vero
1454 3215 1834 3268 mathematica:
1865 3230 2070 3284 magna:
2119 3219 2518 3272 constructionis
2541 3219 2844 3273 calculandi
2901 3222 3130 3273 rationes
3191 3227 3464 3282 accurate,
3503 3227 3562 3271 ut
3593 3219 3834 3288 potuimus.

614 3303 1000 3375 digesserimus,
1037 3317 1142 3352 una
1175 3315 1292 3354 cum
1335 3299 1466 3360 illis,
1497 3303 1586 3370 qui
1615 3301 1682 3352 ad
1727 3317 1947 3356 manum
1977 3309 2099 3354 sunt
2127 3307 2327 3369 parati,
2353 3309 2636 3360 canonibus
2660 3307 2907 3376 expositis
2936 3323 3027 3378 per
3049 3307 3312 3376 exempla,
3367 3315 3422 3360 et
3455 3321 3635 3360 eorum
3657 3319 3834 3357 concor-

615 3399 703 3449 dia
742 3391 994 3460 exquisite
1018 3399 1226 3446 ostensa
1257 3409 1274 3455 ;
1311 3391 1392 3444 hic
1429 3391 1484 3443 in
1519 3392 1671 3444 tertio
1702 3408 1906 3460 nempe,
1943 3401 1990 3444 et
2015 3393 2105 3461 qui
2133 3392 2361 3462 reliquus
2407 3395 2550 3448 estin
2586 3395 2684 3450 ista
2719 3399 3056 3460 tractatione,
3087 3394 3416 3449 Persicorum
3445 3395 3674 3464 {acilium
3705 3405 3835 3444 cano-

619 3499 744 3535 num
775 3475 1150 3531 calculationes
1190 3479 1428 3548 digerere
1454 3478 1793 3543 adducimur,
1823 3480 1887 3530 ab
1920 3479 2043 3531 aliis
2079 3475 2239 3532 etiam
2265 3480 2386 3533 olim
2425 3483 2748 3542 enucleatas,
2781 3482 2871 3534 sed
2899 3481 3102 3550 majore
3133 3491 3308 3534 tamen
3362 3483 3681 3551 expositione
3730 3476 3838 3528 indi-

619 3577 827 3637 gentes;
854 3578 1014 3631 eoque
1037 3566 1364 3631 potissimum
1403 3565 1542 3633 quod
1597 3580 1702 3617 non
1734 3565 1810 3616 uti
1846 3565 2057 3619 decebat
2091 3567 2144 3618 in
2170 3562 2412 3620 Grazcam
2443 3567 2680 3637 linguam
2713 3567 2988 3620 translatae
3031 3577 3176 3630 sunt,
3213 3584 3346 3636 quas
3398 3584 3494 3621 nos
3535 3581 3625 3635 pro
3677 3563 3839 3617 viribus

620 3655 765 3707 clare
803 3666 1066 3722 expauere
1099 3653 1432 3714 conabimur,
1484 3662 1531 3705 et
1563 3653 1722 3705 etiam
1795 3668 2056 3706 canonum
2109 3654 2499 3722 descriptiones,
2529 3662 2732 3707 nostros
2753 3666 3040 3723 sequentes,
3071 3654 3473 3725 perscribemus.
3509 3655 3623 3709 Non
3651 3653 3839 3705 deluere

619 3744 712 3810 qui
743 3759 868 3797 eum
897 3753 952 3798 et
987 3741 1235 3796 convicio
1277 3741 1698 3806 insectarentur,
1726 3750 1780 3793 et
1813 3739 1962 3810 operi
2017 3741 2426 3804 maledicax-ent,
2483 3742 2682 3808 quibus
2717 3740 2997 3809 reSpondit
3043 3741 3274 3810 quisque
3317 3743 3408 3795 ille
3463 3740 3696 3795 fueritir.
3743 3739 3839 3808 ipso

619 3831 800 3899 operis
824 3839 1115 3901 prospectu
1151 3845 1165 3881 :
1205 3829 1264 3880 '0
1293 3828 1434 3898 ἀνὴρ
1458 3819 1608 3888 οὗτος
1640 3829 1667 3880 ὁ
1701 3828 1797 3896 τὴν
1827 3827 2114 3895 παροῦσαν
2147 3827 2233 3897 βίϐ

2223 3827 2332 3880 ἶλον
2363 3828 2789 3898 συγγεγραφὼς,
2813 3829 2960 3881 δοκεῖ
2988 3829 3043 3881 δὲ
3075 3831 3244 3896 κάμοὶ
3279 3829 3476 3900 μηδενὶ
3525 3828 3732 3883 ἀποδεῖν
3755 3825 3837 3876 τῶν

621 3923 678 3973 ἐν
705 3924 868 3993 σοφίᾳ
895 3923 1240 3992 περιϐοήτων
1288 3923 1429 3976 κατά
1465 3937 1529 3990 γε
1563 3922 1624 3974 τὸ
1659 3921 2046 3991 μαθηματικὸν
2093 3918 2233 3983 εἶδος
2271 3921 2370 3988 τῆς
2425 3922 2772 3990 φιλοσοφίας,
2795 3923 2849 3974 εί
2884 3939 2938 3974 τι
2972 3919 3128 3990 κάγὼ
3171 3920 3314 3975 δοκῶ
3362 3921 3624 3976 δύνασθαι
3669 3917 3839 3987 κρίνειν

621 4021 840 4088 inspicit
877 4019 1126 4073 τοιαῦτα.
1174 4018 1662 4088 Ἀπεριμερίμνως
1688 4013 1781 4070 οὖν
1816 4017 1896 4070 δεῖ
1923 4016 2160 4088 χρῆσθαι
2192 4019 2304 4080 τοῖς
2353 4019 2446 4071 ὑπ’
2479 4017 2648 4072 αὐτοῦ
2694 4017 3032 4088 λεγομένοις,
3071 4017 3276 4093 μηδένᾳ
3316 4016 3477 4084 λόγον
3522 4014 3836 4082 ποιουμένου;

621 4115 734 4169 τῶν
767 4117 1192 4186 ἐπιχειρούντων
1225 4115 1390 4168 αὑτὸν
1421 4114 1725 4184 διασύρειν.
1759 4115 1881 4166 Εἰσὶ
1915 4115 2023 4186 γάρ
2053 4131 2198 4178 τινες
2226 4115 2396 4182 ὀλίγοι
2425 4115 2626 4184 κομιδῆ
2653 4115 2761 4168 τῶν
2788 4099 2876 4167 ετξ*
2915 4113 3048 4183 ἐμοῦ
3079 4114 3412 4183 λεγομένων,
3451 4112 3503 4164 οἳ
3555 4111 3642 4164 διὰ
3677 4107 3838 4176 φαυλό-

622 4223 760 4266 τητα
785 4203 1012 4274 γνώμης
1039 4203 1572 4273 ἀπηρυθριασμένως
1601 4205 1695 4256 καὶ
1725 4202 1878 4254 τοῦτο
1907 4205 2082 4255 ποιεῖν
2109 4203 2230 4254 ἐτόλ

2223 4219 2436 4271 λμησαν.
2482 4202 2573 4256 Vir
2599 4205 2718 4270 iste,
2764 4203 2856 4271 qui
2920 4203 3110 4256 librum
3143 4203 3282 4255 hunc
3321 4203 3630 4272 composuit,
3673 4197 3837 4251 videtur

624 4294 769 4353 mihi.
797 4294 934 4345 inter
963 4307 1048 4344 eos
1071 4292 1157 4359 qui
1184 4307 1369 4343 nomen
1398 4290 1611 4360 aliquod
1645 4291 1699 4342 in
1751 4291 2013 4356 sapientia
2058 4293 2315 4343 consecuti
2368 4305 2510 4354 sunt,
2545 4289 2599 4342 in
2633 4305 2694 4342 ea
2743 4300 2894 4360 parte
2945 4290 3280 4360 pliitosopliia'
3332 4305 3450 4359 quin
3509 4285 3834 4341 mathematica

625 4389 840 4440 tractat,
875 4381 1069 4432 nemini
1101 4394 1210 4430 esse
1237 4379 1513 4442 secundus,
1546 4381 1590 4432 si
1615 4379 1736 4448 quid
1770 4395 1862 4447 ego
1879 4379 2015 4431 circa
2041 4379 2234 4448 scripta
2273 4377 2572 4444 Iiujusmodi
2598 4378 2858 4445 judicium
2889 4378 3023 4448 ferre
3046 4392 3194 4446 posse
3225 4393 3325 4429 non
3353 4379 3556 4446 ineptus
3589 4375 3834 4427 existimor.

627 4468 828 4535 Absque
851 4469 1095 4518 extimine
1121 4468 1296 4536 itaque
1325 4467 1474 4519 dictis
1503 4466 1644 4519 illius
1664 4467 2052 4518 assentiendum
2081 4477 2176 4527 est,
2206 4465 2312 4518 illis
2332 4463 2572 4533 neglectis
2605 4465 2694 4532 qui
2722 4466 2774 4516 in
2827 4479 2944 4515 eum
2974 4463 3178 4515 dentem
3207 4473 3492 4516 exacuunt.
3529 4463 3658 4515 Sunt
3682 4460 3832 4512 ctenim

625 4552 885 4614 nonnulli,
909 4554 998 4605 sed
1031 4555 1184 4620 pauci
1225 4553 1530 4617 admodum,
1567 4556 1656 4622 qui
1690 4565 1854 4606 mente
1910 4553 2044 4613 la‘si,
2093 4554 2436 4608 inverecunde
2476 4552 2569 4603 hoc
2599 4553 2769 4621 ipsum
2815 4559 3030 4618 patrare
3071 4551 3193 4604 ausi
3241 4559 3384 4604 sunt.
3417 4549 3690 4603 Scribebat
3720 4559 3832 4598 anno

625 4639 830 4694 Christi
857 4640 1010 4700 l5til,
1038 4640 1140 4693 sub
1165 4639 1372 4693 losum
1404 4641 1724 4711 l’ulanologo.
1764 4641 2042 4711 Leguutur
2066 4641 2239 4710 ejusdi

2213 4641 2310 4694 lem
2374 4647 2637 4692 tractatus
2675 4639 2810 4705 Περὶ
2841 4637 3406 4706 συνοδοπανσελήνων,
3451 4637 3526 4689 De
3547 4631 3827 4706 pleniluuiis.

628 4737 683 4781 et
713 4729 814 4782 alia
847 4728 1006 4795 plane
1043 4728 1329 4780 innumera
1363 4728 1419 4782 in
1472 4729 1875 4784 astronomieis.
2173 4733 2176 4738 '
2863 4729 2866 4732 ’

704 4904 778 4974 (l)
815 4905 986 4974 llujus
1037 4907 1217 4974 operis
1255 4907 1540 4962 exordium
1595 4908 1946 4977 primumque
2001 4907 2414 4977 capitulumGr.
2467 4907 2582 4960 Lat.
2627 4906 2823 4976 legitur
2871 4905 3010 4974 apud
3069 4905 3409 4979 l’uliricium.
