4088 6294
279 429 382 490 88!
1717 441 1874 499 MUX

1899 441 2098 498 LTL’M.
3409 449 3513 512 2,32

1476 574 1650 582 —_.__——

1899 576 2182 585 ——_—————.—

2183 576 2279 584 ...ο-σι..

1623 734 2190 820 MONITUM

1237 887 1347 944 (Mai
1389 885 1684 934 Bibliotheca
1718 900 1838 933 nava
1869 887 2062 934 Patrum
2091 897 2204 936 tam.
2238 891 2318 948 Vl,
2348 906 2391 948 [ι.
2427 893 2548 948 H9.)

357 1133 396 1186 A
430 1131 625 1184 Nicetis
668 1132 737 1182 ad
777 1130 1069 1183 Theodoros
1116 1130 1441 1184 redeundum
1489 1138 1580 1184 est.
1621 1128 1763 1182 Sane
1797 1145 1948 1198 quem
1987 1134 2137 1184 modo
2185 1134 2378 1187 edituri
2411 1151 2590 1188 sumus
2625 1137 2950 1193 Theodorum
3008 1141 3406 1204 Meliteniotam,
3464 1146 3517 1196 in

286 1229 547 1285 postrema
581 1217 879 1271 Graecitatis
910 1225 1068 1271 aztate
1102 1216 1375 1270 collocavit
1424 1217 1659 1270 Allatius
1688 1215 1914 1270 diatrib.
1961 1235 2013 1270 η.
2049 1216 2366 1287 CXXXIII,
2401 1223 2490 1291 qui
2523 1241 2642 1278 eum
2679 1225 2810 1293 facit
2843 1231 3147 1282 scribentem
3185 1247 3327 1282 anno
3359 1230 3514 1285 Chri-

283 1311 351 1360 sti
387 1308 540 1384 1561ἢ
578 1312 671 1358 sub
704 1305 912 1358 Joanne
943 1305 966 1358 I
997 1304 1298 1374 I’alteologo
1326 1306 1668 1372 imperatore.
1699 1303 1800 1357 Sed
1830 1312 2006 1358 tamen
2044 1323 2147 1359 non
2185 1311 2362 1362 omnia
2393 1327 2552 1376 nova,
2594 1313 2860 1368 deteriora
2894 1325 3034 1380 sunt,
3069 1321 3207 1385 quod
3237 1320 3291 1370 in
3318 1321 3516 1372 cunctis

287 1397 480 1460 l-‘nquis
520 1394 826 1463 pepulisque
859 1395 1240 1464 comperimus;
1271 1405 1320 1447 ct
1367 1395 1481 1463 ipse
1513 1392 1751 1447 Allatius
1795 1409 1925 1460 apus
1967 1394 2242 1460 Theodori,
2283 1414 2404 1474 mox
2435 1417 2467 1452 a
2500 1400 2649 1456 nobis
2693 1403 2891 1470 partim
2923 1405 3200 1467 edendum,
3235 1405 3317 1459 vel
3349 1408 3516 1475 potius

286 1483 647 1541 delibandum,
684 1483 809 1535 dicit
841 1481 1074 1542 doctum,
1105 1481 1283 1534 divina
1316 1481 1562 1534 doctrina
1596 1481 1869 1550 refertum.
1905 1490 1954 1534 et
1991 1482 2207 1551 dignum
2244 1484 2385 1553 quod
2428 1485 2594 1541 lucem
2625 1489 2818 1542 videat.
2853 1489 2947 1543 Est
2976 1499 3150 1544 autem
3179 1493 3286 1546 ha'c
3311 1490 3515 1546 Cra'co-

287 1587 404 1621 rum
441 1577 714 1622 auctorum
749 1569 909 1621 etiam
942 1569 1110 1636 inﬁmi
1156 1569 1252 1622 (rvi
1297 1568 1413 1621 laus
1471 1568 1862 1636 quodammodo
1904 1569 2215 1638 singularis,
2257 1582 2308 1624 ut
2350 1573 2620 1642 eleganter
2656 1577 3031 1646 emendateque
3061 1578 3294 1648 plerique
3338 1597 3514 1634 omnes

283 1657 614 1726 scripserint.
653 1655 986 1716 Iilemmides,
1015 1663 1166 1724 puta,
1191 1654 1478 1719 Cemistus,
1519 1654 1818 1716 Planudes,
1846 1655 2015 1720 Caza,
2054 1656 2354 1714 Demetrius
2392 1660 2684 1730 Cydonius,
2719 1663 3028 1726 Bessarian,
3061 1665 3154 1720 alii
3184 1667 3367 1733 multi;
3389 1669 3514 1722 dum

285 1743 498 1795 interim
540 1741 717 1795 Latini
745 1743 910 1795 nostri
937 1743 1221 1795 rnditatem
1253 1737 1541 1810 quamdam
1567 1743 1824 1796 scribendi
1859 1759 1967 1812 pra:
1991 1760 2045 1796 se
2075 1744 2310 1812 ferebant
2339 1764 2356 1800 :
2386 1751 2548 1802 donec
2579 1751 2742 1818 paulo
2774 1761 2912 1819 post,
2947 1753 3123 1821 politis
3153 1755 3343 1814 iterum
3373 1759 3514 1825 apud

287 1848 383 1883 nos
409 1830 622 1889 litteris.
655 1837 836 1883 tantus
869 1829 1024 1883 rediit
1060 1829 1243 1882 Latini
1273 1830 1531 1883 sermonis
1558 1827 1724 1899 lepor,
1759 1840 1814 1882 ut
1846 1830 1967 1900 jam
2000 1829 2195 1885 Crtecis
2227 1833 2566 1889 invidendum
2607 1852 2709 1890 non
2738 1837 2918 1905 fuerit.

359 1917 530 1988 Igitur
555 1919 637 1971 hic
667 1917 964 1972 Theodorus
996 1916 1255 1984 exegetica
1284 1916 1503 1968 scientia
1547 1924 1594 1968 et
1633 1915 1945 1986 eloquentice
1980 1920 2132 1988 capia
2166 1921 2502 1975 abundanter
2531 1924 2806 1990 prteditus,
2857 1935 3090 1996 quatuor
3123 1927 3415 1998 Evangelia
3460 1930 3511 1980 in

282 2024 448 2060 uuam
470 2009 659 2060 seriem
680 2023 711 2059 a
747 2021 804 2059 se
829 2020 1086 2067 connexa,
1119 2019 1249 2057 novo
1283 2003 1649 2057 commentarii
1692 2019 1878 2074 genere
1906 2007 2245 2074 explananda
2272 2012 2498 2078 suscepit
2531 2026 2548 2064 :
2593 2028 2774 2082 nempe
2809 2029 2937 2082 opus
2966 2033 3122 2068 suum
3151 2018 3204 2069 in
3240 2015 3511 2070 volumina

282 2109 472 2146 novem
517 2094 755 2163 digessit,
787 2108 1010 2162 quorum
1040 2089 1253 2160 singula
1285 2089 1499 2144 totidem
1534 2090 1828 2156 διαλέξεις.
1856 2091 1910 2144 id
1956 2102 2032 2147 est
2078 2111 2367 2155 sermones,
2400 2097 2683 2165 habebant,
2720 2100 2810 2167 qui
2835 2116 3013 2154 omnes
3045 2103 3327 2156 immanem
3357 2108 3512 2156 unius

279 2198 448 2249 supra
475 2181 739 2250 octoginta
775 2194 1076 2234 sermonum
1109 2193 1374 2232 sumntum
1409 2177 1734 2246 efﬁciebant.
1771 2177 1874 2232 Sed
1901 2181 2040 2234 enim
2077 2196 2141 2234 ex
2171 2197 2352 2236 novem
2383 2185 2463 2235 his
2497 2184 2846 2240 voluminibus
2876 2203 3039 2240 unum
3071 2188 3433 2241 tantummodo
3456 2190 3512 2240 in

295 2271 557 2325 Vaticana
599 2271 835 2325 codicum
875 2269 1209 2331 bibliotheca,
1247 2269 1340 2321 sub
1369 2284 1590 2321 numero
1620 2267 1690 2322 68
1706 2268 1748 2330 ι,
1781 2266 2028 2332 habetur,
2058 2269 2196 2335 quod
2227 2279 2302 2322 est
2335 2271 2490 2322 seriei
2521 2272 2787 2339 prardictaa
2816 2275 3088 2342 quartum,
3123 2274 3366 2343 foliorum
3409 2275 3525 2333 560-.

277 2360 460 2420 ini-Ao,
488 2359 768 2428 scriptura:
808 2357 863 2410 in
902 2358 1092 2410 charta
1128 2357 1258 2409 satis
1287 2355 1573 2424 perspicua:
1604 2362 1650 2405 et
1688 2353 2004 2408 emendata.
2051 2352 2248 2423 Scopas
2295 2367 2344 2408 et
2400 2359 2539 2410 ratio
2597 2359 2754 2412 totius
2807 2362 2980 2429 operis
3015 2363 3329 2431 praponitur
3359 2363 3413 2415 in
3452 2378 3520 2416 eo.

277 2445 523 2508 exordio,
552 2446 689 2516 quod
719 2443 951 2498 Allatius
982 2445 1037 2496 in
1054 2443 1285 2498 diatriba
1304 2459 1400 2495 sua
1428 2443 1689 2502 recitavit,
1717 2441 1957 2511 quodque
1984 2442 2136 2496 initio
2165 2446 2343 2511 quarti
2366 2447 2491 2498 tomi
2519 2447 2691 2499 nescio
2711 2448 2973 2516 quomodo
2999 2457 3364 2502 conservatum
3390 2448 3524 2520 fuit.‘

356 2531 493 2599 Quid
540 2532 795 2602 agerem?
837 2529 979 2584 Sane
1023 2532 1230 2584 animus
1265 2529 1448 2583 avebat
1490 2537 1655 2582 totum
1688 2545 1819 2598 opus
1850 2529 1903 2581 in
1937 2526 2104 2584 lucem
2153 2532 2487 2600 protrahere,
2529 2541 2696 2586 totum
2740 2536 2862 2587 item
2915 2533 3110 2588 Latina
3159 2535 3514 2594 translatione

277 2625 510 2675 donare.
559 2620 661 2676 Sed
705 2638 807 2675 non
857 2622 1036 2675 omnia
1081 2637 1354 2690 possumus
1383 2635 1602 2684 omnes;
1637 2621 1829 2672 etenim
1864 2618 1948 2672 hic
1987 2633 2122 2668 unus
2153 2617 2334 2678 codex,
2382 2619 2427 2670 si
2466 2619 2636 2672 debito
2671 2631 2937 2702 apparqtu
2983 2623 3295 2686 instructus,
3335 2621 3511 2677 Greece

280 2711 576 2782 Latineque
606 2710 870 2772 ederetur,
904 2707 1023 2779 plus
1052 2724 1199 2777 (equo
1231 2708 1360 2762 mihi
1391 2715 1592 2776 tempus
1634 2709 1882 2777 eriperet,
1918 2715 1965 2759 et
2001 2705 2216 2772 plenum
2249 2707 2623 2772 propemodum
2653 2707 2928 2774 conﬁceret
2957 2725 3103 2763 novae
3133 2711 3288 2780 hujus
3322 2711 3509 2764 biblio-

277 2803 446 2853 theca:
473 2798 740 2853 volumen.
789 2795 1222 2852 Contrahendum
1253 2795 1432 2859 itaque
1477 2795 1758 2849 consilium
1792 2793 1936 2862 fuit:
1987 2803 2034 2844 et
2074 2793 2323 2860 quoniam
2355 2801 2538 2846 auctor
2587 2793 2821 2864 singulos
2855 2813 3120 2850 sermones
3171 2813 3313 2863 suos,
3366 2815 3511 2852 more

275 2887 666 2957 (.‘hrysostomi,
693 2887 886 2940 morali
919 2885 1276 2956 peroratione,
1309 2883 1506 2938 diserta
1535 2881 1709 2936 hercle
1756 2890 1805 2935 et
1849 2879 2090 2952 perutili,
2121 2879 2406 2942 concludit,
2444 2881 2540 2933 has
2586 2897 2678 2934 nos
2725 2886 2893 2950 operis
2937 2883 3165 2938 morales
3211 2892 3389 2953 partes
3441 2888 3510 2938 ad

274 2974 608 3043 vulgandam
638 2974 948 3044 delegimus.
987 2971 1054 3025 Et
1088 2974 1288 3041 priores
1319 2970 1528 3040 quidem
1551 2987 1666 3036 sex,
1707 2971 1889 3026 Graece
1936 2978 2162 3031 tantum,
2202 2969 2472 3022 brevitatis
2501 2960 2687 3031 causa,
2721 2972 3005 3037 ponimus;
3035 2979 3138 3026 tres
3181 2989 3302 3027 vero
3335 2983 3510 3042 poste-

275 3064 450 3113 riores
479 3069 797 3130 properante
826 3059 1032 3112 calamo
1067 3058 1284 3112 Latinas
1309 3060 1471 3111 etiam
1499 3060 1734 3127 fecimus,
1766 3059 1998 3127 prtcﬁxis
2027 3058 2217 3129 ubique
2250 3058 2439 3121 titulis,
2480 3076 2606 3128 quos
2637 3069 2823 3113 auctor
2853 3063 2963 3128 ipse
2989 3063 3045 3114 in
3081 3063 3275 3131 prwvio
3302 3063 3525 3133 syllaba.

275 3149 530 3215 scripsit;
565 3163 867 3215 quanquam
894 3147 1153 3200 breviores
1187 3146 1480 3200 necessario
1509 3155 1632 3200 sunt
1671 3147 1724 3198 hi
1755 3147 1919 3211 tituli,
1969 3163 2135 3216 neque
2179 3148 2309 3200 satis
2339 3148 2554 3215 dignum
2586 3149 2915 3202 disertissimi
2958 3151 3143 3218 scripti
3187 3149 3505 3217 prceludium

275 3236 544 3304 prmbent.
576 3235 746 3305 Igitur
774 3235 894 3288 novi
919 3233 1242 3303 studiosique
1284 3232 1497 3287 lectores
1533 3233 1698 3287 multo
1727 3251 1821 3304 per
1861 3251 1916 3287 se
1949 3234 2132 3296 melius
2159 3235 2410 3289 Theodori
2443 3239 2605 3290 nostri
2658 3238 3036 3302 eloquentiam.
3069 3239 3287 3308 dignam
3323 3239 3521 3308 edepol.

275 3323 594 3376 melioribus
624 3321 849 3381 sreculis,
879 3322 1146 3375 testimare
1176 3329 1442 3390 poterunt.
2475 3385 2480 3389 _

365 3409 726 3462 Verumtamen
761 3410 855 3462 hoc
897 3409 1156 3478 prwcipue
1208 3424 1287 3460 me
1337 3409 1617 3478 permovit,
1663 3416 1718 3460 ut
1771 3409 1939 3461 octavi
1978 3407 2243 3476 prolixam
2290 3425 2400 3478 pra,
2422 3411 2625 3466 exteris
2663 3413 2919 3464 sermonis
2965 3413 3351 3480 perorationem
3403 3427 3507 3478 non

273 3499 603 3560 amitterem,
639 3497 744 3549 imo
775 3505 822 3548 et
855 3493 1043 3548 Latina
1080 3495 1513 3560 interpretatione
1549 3495 1854 3557 comitarer,
1883 3496 2006 3564 quia
2037 3496 2109 3549 ibi
2140 3494 2408 3550 luculenta
2441 3506 2488 3550 et
2515 3497 2774 3565 prteclara
2801 3499 2858 3567 ﬁt
2889 3500 3143 3568 expositio
3175 3499 3321 3566 ﬁdei,
3349 3515 3507 3566 quam

275 3587 350 3638 de
379 3583 478 3639 SS.
511 3583 861 3637 Eucharistiw
898 3584 1145 3653 mysterio
1172 3581 1354 3636 Crwca
1377 3583 1580 3652 pariter
1611 3599 1725 3636 cum
1764 3581 1959 3646 Latina
1992 3583 2280 3650 proﬁtetur
2306 3584 2565 3646 Ecclesia.
2597 3585 2806 3645 Scilicet
2839 3587 2941 3641 duo
2965 3594 3090 3640 sunt
3127 3587 3381 3656 praecipui
3415 3586 3507 3639 he-

275 3671 660 3724 terodoxorum
692 3671 744 3723 in
779 3668 1055 3724 Occidente
1082 3685 1285 3722 errores
1316 3677 1500 3723 contra
1549 3667 1981 3733 Eucharistiam;
2022 3685 2246 3736 quorum
2279 3672 2425 3738 prior
2445 3682 2600 3742 negat
2629 3675 3298 3736 transsubstantiationem,
3329 3674 3384 3727 id
3431 3681 3506 3726 est

277 3759 440 3830 punis
467 3775 528 3812 ac
551 3759 659 3812 vini
689 3759 743 3810 in
777 3756 970 3811 Christi
1003 3773 1188 3825 corpus
1214 3757 1628 3826 sanguinemque
1661 3756 2052 3814 conversionem
2075 3772 2090 3817 ;
2123 3754 2262 3808 alter
2289 3773 2393 3810 non
2420 3773 2606 3824 corpus
2629 3757 2843 3823 Christi,
2869 3758 2958 3813 sed
2985 3759 3097 3827 ejus
3125 3760 3298 3828 potius
3325 3767 3505 3827 typum

279 3845 371 3900 rel
404 3845 634 3916 ﬁguram
667 3845 720 3897 in
747 3861 884 3914 pane
914 3845 1133 3910 vinoque
1161 3852 1462 3897 consecrato
1493 3845 1749 3912 agnoscit.
1787 3841 1970 3910 Utique
2014 3843 2160 3912 prior
2195 3859 2346 3895 error
2374 3847 2652 3912 posteriori
2689 3847 2825 3898 viam
2856 3848 3076 3908 sternit;
3107 3861 3232 3898 nam
3271 3847 3316 3898 si
3356 3846 3505 3899 nulla

277 3934 598 3986 substantiae
618 3933 883 3986 conversio
912 3929 1204 4000 perﬁcitur,
1232 3937 1549 3998 manentque
1569 3930 1724 3998 panis
1757 3945 1818 3981 ac
1848 3931 2068 3994 vinum;
2102 3945 2288 3998 corpus
2322 3928 2540 3994 Christi,
2571 3939 2645 3984 tot
2672 3947 2837 3984 sacrae
2863 3930 3152 3999 Scriptura:
3183 3927 3525 4000 Petrumque.

282 4021 603 4074 testimoniis
641 4021 692 4072 in
727 4019 1064 4072 Eucharistia
1094 4026 1373 4080 assertum,
1411 4017 1626 4070 ubinam
1659 4025 1732 4069 est
1758 4018 1785 4070 2
1823 4014 2076 4086 Sequitur
2105 4033 2250 4086 ergo.
2292 4025 2348 4069 ut
2383 4018 2605 4070 nonnisi.
2624 4018 2798 4086 ﬁgura
2831 4019 2944 4087 ejus
2994 4035 3056 4071 ac
3103 4021 3505 4088 reprteserztatio

279 4112 340 4162 in
369 4110 462 4160 hoc
489 4117 784 4176 peragenda
817 4108 1064 4176 mysterio
1093 4104 1210 4170 ﬁat.
1247 4103 1395 4158 Perit
1435 4104 1612 4172 itaque
1645 4104 1982 4173 funditusque
2014 4104 2218 4157 deletur
2257 4106 2690 4174 pretiosissimum
2727 4105 2964 4158 omnium
3008 4107 3200 4158 divina:
3248 4122 3373 4176 erga
3411 4123 3506 4161 nos

281 4196 568 4248 charitatis
618 4194 990 4246 documentum
1023 4208 1086 4244 ac
1117 4192 1335 4245 donum.
1375 4191 1540 4244 Primi
1588 4193 1783 4244 erroris
1827 4185 2157 4260 primipilum
2207 4209 2260 4244 se
2312 4192 2693 4262 quodammodo
2719 4193 2844 4245 olim
2896 4197 3011 4260 (an.
3050 4192 3208 4260 1675)
3237 4194 3505 4254 constituit

279 4284 520 4335 Joannes
578 4280 902 4349 Anglicanus
938 4277 1184 4332 Itunelmi
1218 4277 1437 4346 praesul,
1475 4279 1610 4332 edito
1660 4277 1792 4331 libro
1837 4296 1952 4332 cum
1980 4281 2075 4334 hoc
2105 4281 2377 4342 invenusto
2424 4279 2578 4332 titulo
2603 4279 2839 4334 Historia
2866 4280 3501 4333 transsui-stantiationis

286 4351 535 4439 rmpalis;
564 4368 716 4437 quasi
749 4367 858 4420 hare
887 4367 1131 4419 doctrina
1158 4367 1373 4419 nonnisi
1397 4365 1604 4433 napalis
1635 4367 1725 4428 sit,
1752 4371 2062 4421 decernente
2093 4369 2386 4436 prtpsertim
2410 4367 2564 4420 tertio
2590 4367 2916 4421 Innocentio.
2949 4367 3108 4436 Atqui
3132 4367 3288 4420 etiam
3314 4365 3503 4430 Crteci,

285 4453 704 4524 nominatimque
733 4463 906 4508 noster
936 4454 1255 4515 Theodorus,
1287 4455 1419 4507 hanc
1446 4453 1677 4508 clamose
1703 4455 2001 4508 doctrinam
2023 4471 2112 4512 ore
2141 4455 2376 4524 proprio,
2405 4470 2506 4507 non
2533 4465 2707 4508 autem
2737 4451 2941 4523 papali,
2965 4454 3335 4523 deprn’dicant.
3365 4452 3505 4507 Nam

281 4547 423 4610 quod
451 4545 644 4596 dicitur
679 4560 710 4596 a
744 4542 890 4596 nobis
922 4541 1171 4611 vigilante
1219 4541 1470 4594 vocabulo
1503 4542 2038 4602 lranssubstantiari,
2072 4543 2125 4595 id
2169 4542 2410 4595 videlicet
2462 4560 2494 4594 a
2543 4541 2830 4604 Theodoro,
2867 4557 2986 4597 cum
3033 4539 3217 4594 (ἐνατία
3248 4541 3520 4615 Ecclesia,

283 4634 469 4685 eudem
498 4647 712 4701 prorsus
743 4633 954 4684 notione
981 4629 1232 4696 deﬁnitur
1275 4628 1730 4696 μεταϐάλλεσθαι,
1777 4645 1897 4696 μετέ

1889 4629 2222 4690 ιποιείσϐαι,
2258 4628 2796 4696 μετασκευάζεσθαι,
2832 4627 3216 4697 μεθίστασθαι,
3248 4646 3503 4698 μεταστε-

284 4720 643 4787 χειώτασθαι.
680 4717 952 4770 ποιεῖσθαι
986 4716 1068 4770 vel
1097 4716 1347 4782 γίνεσθαι
1385 4717 1544 4785 σῶμα
1577 4717 1672 4768 καὶ
1703 4710 1843 4784 ait”
1875 4718 1898 4769 1

1892 4716 2136 4785 Κριστοῦ.
2173 4717 2296 4771 ΙΙωσ
2324 4717 2575 4770 nimirum
2609 4727 2798 4779 cuncta
2829 4715 3080 4782 vocabula
3126 4715 3316 4785 legenti
3351 4716 3506 4769 Theo-

284 4812 476 4860 dorum
502 4808 681 4860 statim
711 4813 1004 4859 occurrent.

360 4895 507 4949 Alter
539 4896 760 4962 pariter,
789 4895 854 4946 de
879 4901 1000 4962 typo
1025 4891 1218 4946 scilicet
1245 4891 1355 4945 loco
1384 4892 1460 4945 rei
1494 4908 1649 4955 verte,
1677 4908 1826 4945 error
1854 4891 2214 4945 disertissimis
2253 4890 2416 4943 verbis
2449 4910 2478 4944 τι
2511 4899 2688 4952 nostra
2720 4890 2986 4946 Theodoro
3016 4892 3331 4960 exploditur,
3358 4910 3506 4962 quem

284 4982 455 5034 oculis
507 4984 737 5034 lustrare
779 4981 910 5033 satis
953 4982 1040 5032 sit.
1088 4979 1334 5031 Attamen
1384 4979 1669 5032 redivivum
1704 4979 1798 5030 hoc
1833 4988 2202 5038 commentum,
2254 4994 2509 5046 nuperum
2547 4994 2751 5048 quoque
2795 4989 3080 5045 patronum
3127 4991 3312 5033 nactus
3351 4991 3504 5040 erat.

284 5073 496 5123 doctum
535 5069 706 5121 virum
767 5065 1159 5135 Anglicanam;
1206 5067 1291 5118 cui
1335 5069 1517 5119 statim
1548 5081 1666 5118 cum
1712 5065 1993 5132 peridonea
2039 5065 2230 5133 linguis
2274 5063 2629 5134 Ecclesia'que
2667 5065 2898 5133 Syriaca:
2931 5066 3176 5133 praesidio
3218 5065 3516 5132 catholicus

283 5161 438 5210 heros
464 5152 1110 5222 occurrens,splendidam
1143 5151 1398 5220 palmam,
1434 5151 1709 5222 philosyris
1733 5151 1850 5204 lazte
1881 5152 2268 5219 plaudentibus,
2302 5153 2614 5220 reportarit.
2663 5151 2967 5208 Redivivum
2993 5153 3103 5204 dixi
3129 5161 3504 5218 commentum,

284 5248 409 5310 quia
440 5243 560 5312 jam
605 5241 796 5294 sa'culo
828 5239 1022 5294 Christi
1053 5255 1189 5291 nono
1242 5238 1476 5300 Joannes
1507 5236 1692 5295 Scotus
1740 5238 1968 5306 Is'rigena
1997 5239 2152 5306 hujus
2199 5241 2396 5294 erroris
2439 5240 2666 5306 infamia
2714 5239 3062 5308 ﬂagraverat,
3105 5241 3193 5308 qui
3239 5240 3431 5294 idcirco
3471 5259 3505 5294 a

285 5329 520 5396 conciliis
553 5338 706 5398 atque
734 5327 1062 5397 pontiﬁcibus
1093 5326 1314 5380 solemni
1345 5327 1607 5379 sententia
1637 5326 1904 5395 perculsus
1933 5324 2050 5393 fuit.
2085 5326 2438 5388 Quamobrem
2473 5327 2673 5394 frustra
2717 5335 2791 5378 est
2820 5325 3153 5394 supradictus
3183 5325 3502 5380 Dunelmen-

285 5421 380 5472 sis.
420 5420 510 5488 qui
536 5418 706 5486 operis
735 5417 818 5469 sui
852 5414 1086 5484 capitulo
1131 5411 1256 5476 VII,
1290 5430 1342 5466 η.
1382 5413 1436 5470 7.
1467 5414 1590 5466 dum
1623 5412 1824 5482 fatetur
1852 5415 2164 5466 damnatura
2210 5413 2374 5479 fuisse
2405 5410 2717 5482 Erigenam,
2759 5415 2911 5482 quasi
2943 5428 3134 5482 panem
3165 5423 3214 5466 et
3241 5416 3417 5468 vinum
3448 5416 3504 5466 in

292 5507 646 5569 ICuc/taristia,
682 5504 820 5556 nuda
849 5511 1054 5554 tantum
1085 5502 1233 5567 signa
1262 5517 1371 5553 esse
1399 5507 1742 5560 asseveraret,
1775 5499 1950 5552 subdit
1985 5513 2184 5568 postea,
2218 5499 2270 5550 id
2295 5499 2358 5552 ab
2389 5499 2499 5566 ejus
2525 5515 2680 5555 sensu
2708 5509 2754 5552 et
2785 5499 2890 5567 ﬁde
2921 5500 3149 5552 maxime
3177 5501 3336 5570 fuisse
3372 5501 3515 5556 alie-1

287 5611 432 5645 κων.
483 5591 935 5645 Verumenimvero
988 5589 1094 5641 hn'c
1123 5588 1367 5656 Erigena'
1400 5587 1670 5655 apologia,
1703 5598 1886 5640 contra
1917 5603 2123 5640 omnem
2173 5587 2407 5640 htstoriw
2441 5586 2715 5639 veritatem
2745 5603 2777 5638 a
2814 5585 3158 5640 Dunelmensi
3186 5589 3287 5654 ﬁt;
3340 5602 3500 5654 quant

284 5681 573 5746 cmnperire
612 5681 664 5732 in
701 5677 940 5747 plurimis
981 5675 1125 5727 libris
1153 5673 1289 5737 licet,
1329 5682 1378 5726 et
1404 5685 1542 5726 certe
1571 5674 1712 5739 apud
1742 5673 1986 5727 Natalem
2027 5672 2389 5727 Alexandrum
2419 5673 2538 5726 hist.
2568 5687 2689 5725 saec.
2715 5671 2818 5735 IX,
2841 5673 3052 5728 dissert.
3093 5672 3248 5739 XIV,
3300 5689 3513 5732 necnon.

284 5768 339 5818 in
375 5765 523 5819 I'etri
552 5767 616 5818 de
646 5764 833 5818 Μανία
867 5763 1021 5830 longa
1054 5761 1274 5829 epistola
1312 5763 1453 5830 apud
1487 5761 1801 5814 Dacherium
1831 5760 2013 5829 Spicil.
2047 5769 2086 5810 t.
2126 5757 2235 5820 lII,
2273 5775 2324 5824 p.
2353 5759 2476 5813 855.
2502 5758 2614 5813 Ima
2649 5775 2766 5812 vero
2803 5761 2857 5812 in
2895 5761 3130 5814 carmine
3157 5776 3362 5829 quoque
3385 5763 3503 5832 ejus

289 5856 548 5920 paschali,
581 5856 716 5926 quod
740 5871 855 5909 cum
882 5852 1002 5907 aliis
1035 5854 1086 5906 in
1112 5863 1252 5906 tomo
1282 5853 1461 5921 quinto
1489 5851 1846 5906 Classicorum
1881 5851 1988 5902 AA.
2028 5865 2117 5900 nos
2148 5849 2424 5909 edidimus,
2461 5849 2691 5917 ejusdem
2725 5849 2977 5902 Inereseos
3011 5850 3221 5916 vestigia
3259 5850 3508 5921 coargui-.-

3574 1226 3601 1346 ξ
