4088 6294
419 305 527 376 ἃθῖ

1561 313 1964 376 TlIEUDORl
2015 319 2567 383 MELITENIO’L‘E

3587 331 3707 393 888

419 440 536 475 rum
565 437 668 492 ope
703 422 1027 489 destitutus,
1063 423 1139 478 illi
1166 425 1336 493 magis
1369 442 1529 495 quam
1567 443 1754 498 regum
1795 432 1996 501 myria-

2134 436 2194 488 οῦ
2231 437 2419 490 Λάϐαν
2451 440 2546 490 καὶ
2574 439 2744 492 ἔπαθε
2777 440 2964 502 κακῶς
2994 459 3007 506 ;
3039 441 3137 504 Τίς
3182 441 3276 495 οὖν
3323 443 3703 513 ἰσχυρότερος.

420 519 513 572 des
548 517 821 574 timendus
857 518 978 573 fuit.
1016 517 1301 577 Manifeste
1337 523 1421 574 hie
1456 523 1680 579 ultimus
1709 536 1812 581 est.

2111 532 2138 582 6
2159 531 2342 583 λαϐὼν
2373 532 2537 585 αὐτὸν
2565 533 2644 593 εἰς
2692 536 2905 602 χεῖρας,
2936 535 3031 586 καὶ
3072 535 3147 602 μὴ
3175 534 3395 603 τολμῶν
3427 535 3706 609 ἅψασθαι,

415 607 564 661 ἀλλὰ
596 607 858 671 δεδοικὼς
902 611 998 662 καὶ
1030 611 1274 679 τρέμων,
1309 612 1339 678 ἢ
1386 605 1544 676 οὗτος
1578 617 1604 668 6
1642 620 1811 688 χωρὶς
1840 620 2024 674 ὅπλων
2072 639 2325 690 στρατιω
2353 623 2489 688 τῶν,
2525 613 2738 693 μυρίων
2776 623 3046 694 βασιλέων
3084 625 3382 695 γενόμενος
3412 627 3562 696 αὐτῷ
3591 643 3705 694 φο-

419 699 732 768 ϐερώτερος
758 716 773 765 ;
802 701 903 754 οὐκ
934 700 1158 772 εὔδηλον
1203 704 1278 765 ὡς
1320 698 1474 768 οὗτος
1499 724 1512 769 ;

490 793 540 846 5.
579 793 686 861 Age
708 807 855 856 vero,
888 802 1006 863 post
1040 792 1172 848 istos
1205 804 1257 847 et
1287 794 1456 847 Eliam
1490 806 1543 849 et
1576 797 1761 852 Achab
1813 816 2010 855 vocan-

425 893 506 936 tes
539 884 590 933 in
627 882 862 935 medium
887 890 942 935 et
979 881 1328 939 conferentes
1364 886 1618 942 virtutem
1648 890 2005 960 improbitati,

425 974 665 1037 emt-tius
703 973 1090 1043 dignoscemus
1129 976 1587 1047 discrepantiam.
1625 983 1776 1038 Unus
1806 986 2008 1053 quippe

430 1082 592 1134 :upra
641 1076 847 1135 petram
893 1069 1202 1135 aediﬁcavit,
1256 1070 1421 1137 Elias,
1487 1090 1628 1129 verte
1685 1077 1996 1142 soliditatis,

428 1159 570 1211 uule
607 1160 820 1213 cunctis
872 1159 1120 1216 adversis
1172 1164 1422 1232 superior
1472 1176 1608 1232 erat,
1660 1167 1848 1222 ﬁrmus
1904 1184 2004 1224 nec

427 1249 688 1310 remissus
715 1264 1068 1316 permanens,
1108 1262 1161 1305 et
1202 1255 1468 1308 adversus
1505 1258 1765 1311 malitiam
1797 1257 2009 1313 inﬂexi-

432 1339 590 1392 bilem
615 1340 853 1394 animum
877 1341 928 1394 in
959 1352 1124 1396 tental
1144 1345 1362 1400 ionihus
1385 1362 1632 1401 servans.
1661 1349 1812 1402 Alter
1847 1364 2010 1419 super

430 1447 650 1484 arenam
725 1433 910 1487 Achab
997 1437 1330 1500 aedificavit,
1390 1455 1550 1508 quam
1600 1442 1826 1509 putabat
1897 1453 2010 1497 sta-

432 1523 615 1579 bilem.
649 1520 794 1585 Ideo,
815 1526 916 1580 etsi
940 1541 1028 1578 rex
1055 1536 1221 1592 esset,
1244 1528 1463 1583 timebat
1492 1540 1545 1582 et
1570 1534 1847 1586 metuebat
1884 1549 2008 1602 pro-

2189 808 2258 868 γ’.
2288 801 2427 870 Φέρε
2456 801 2512 854 δὲ
2548 800 2691 871 μετὰ
2732 801 2957 865 τούτους
2994 803 3208 857 καὶτὸν
3253 804 3440 857 Ἦλίαν
3483 805 3580 859 καὶ
3610 805 3714 858 τδν

2129 893 2333 962 Ἀχαάϐ
2370 893 2674 960 ἀγαγόντες
2703 894 2783 956 είς
2815 893 3004 963 μέσον,
3031 896 3126 947 καὶ
3155 895 3481 964 παράλληλα
3512 895 3711 958 θέντες

2114 987 2214 1056 τὴν
2253 987 2455 1055 ἀρετὴν
2506 986 2601 1039 καὶ
2632 985 2732 1055 τὴν
2767 986 2990 1049 κακίαν,
3049 987 3448 1057 ἀκριϐέστερον
3494 990 3712 1057 γνωρίο

2116 1095 2302 1148 σωμεν
2329 1078 2390 1131 τὸ
2419 1079 2676 1146 διάφορον
2694 1097 2708 1110 ·
2742 1081 2771 1132 6
2801 1079 2903 1148 μέν
2937 1079 3046 1148 γὰρ
3075 1081 3166 1133 ἐπὶ
3196 1080 3299 1150 τῆς
3328 1081 3534 1150 πέτρας
3563 1081 3715 1150 ᾠκο-

2114 1171 2378 1238 δόμησεν,
2416 1175 2443 1224 ὀ
2483 1171 2694 1233 Ἠλίας,
2736 1172 2834 1239 τῆς
2862 1172 3006 1224 κατά
3029 1172 3258 1242 γνώμην
3293 1174 3664 1244 στερρότητος
3692 1188 3708 1203 ⁸

2117 1262 2239 1313 ὅθεν
2275 1263 2369 1312 καὶ
2408 1261 2627 1315 πάντων
2664 1261 2857 1314 δεινῶν
2896 1261 3172 1332 ἀνώτερος
3214 1258 3304 1332 ἦν,
3337 1265 3571 1334 στερρὸς
3600 1265 3711 1318 καὶ

2116 1354 2397 1416 ἀνένδοτος
2427 1353 2715 1424 ὑπάρχων,
2749 1355 2847 1408 καὶ
2871 1355 2933 1407 τὸ
2968 1356 3108 1426 πρὸς
3145 1356 3349 1411 κακίαν
3378 1358 3712 1427 ἀμάλακτον

2119 1447 2175 1497 ἐν
2209 1448 2320 1508 τοῖς
2346 1449 2677 1517 πειρασμοῖς
2702 1447 2988 1510 διασώζων
3011 1462 3028 1479 '
3061 1451 3088 1502 6
3111 1449 3156 1502 δ’
3190 1449 3285 1501 ἐπὶ
3317 1453 3416 1519 τῆς
3443 1449 3707 1519 ψάμμου.

2115 1537 2144 1589 6
2196 1536 2423 1605 Ἀχαὰϐ,
2460 1535 2560 1606 τῆς
2615 1536 2760 1590 κατά
2787 1537 2886 1608 τὴν
2929 1538 3159 1610 γνώμην
3189 1538 3558 1608 βεϐαιότητος.
3608 1539 3712 1590 Διὸ

434 1611 676 1678 pbetam,
705 1614 895 1680 pellem
922 1615 1136 1669 ovinam
1172 1616 1484 1674 habentem.
1511 1622 1566 1672 lu
1602 1623 1793 1688 primis
1822 1639 2002 1676 recor—

2132 1631 2210 1682 ιαὶ
2242 1629 2500 1698 βασιλεὺς
2524 1628 2600 1683 ὢν
2629 1629 2885 1683 ἐδεδοίκει
2913 1630 3013 1683 καὶ
3039 1630 3238 1700 ἔτρεμε
3265 1632 3359 1684 τὸν
3389 1631 3707 1700 προφήτην,

433 1706 622 1757 demur
653 1705 853 1772 Eliam;
889 1707 1117 1760 alterum
1147 1716 1203 1761 et
1234 1707 1500 1764 Herodem
1544 1712 1708 1766 tilium
1762 1713 2010 1780 llerodis,

434 1815 666 1865 quorum
706 1800 857 1868 prior
888 1799 1112 1855 minime
1155 1803 1526 1858 tentationum
1560 1806 1892 1875 irruptiones
1934 1809 2017 1860 in-

437 1900 516 1943 tra
539 1906 596 1944 se
619 1900 901 1958 appetens,
932 1893 1033 1946 etsi
1071 1893 1204 1947 nihil
1256 1896 1501 1960 haberet,
1536 1901 1788 1968 superior
1830 1899 2007 1954 lactus

435 1993 516 2034 est
561 1984 919 2050 dominatore,
956 1985 1332 2056 llerodemque
1367 1991 1726 2046 entitristatus
1772 2002 1874 2046 est.
1910 1992 2017 2046 Po-

437 2076 633 2131 sterior
665 2092 792 2128 veru
826 2077 1132 2133 diademate
1165 2089 1217 2132 et
1251 2097 1493 2149 purpura
1523 2095 1574 2135 et
1611 2083 1820 2138 inﬁnito
1850 2101 2016 2155 appa-

443 2179 561 2220 ratu
615 2170 993 2226 circumdatus
1040 2171 1265 2227 timebat
1297 2175 1518 2229 ornniuo
1574 2176 1775 2231 undum
1829 2189 1883 2232 et
1919 2195 2018 2234 nec

439 2261 734 2319 abscissum
771 2263 990 2331 quidem
1019 2277 1180 2334 caput
1216 2281 1432 2320 sacrum
1477 2268 1660 2323 videre
1692 2279 1908 2339 poterat
1935 2273 2020 2326 in-

443 2353 692 2419 territus;
723 2354 848 2418 quia
901 2371 1097 2425 nempe
1126 2358 1288 2412 etiam
1324 2370 1445 2425 post
1469 2373 1698 2417 mortem
1732 2365 2020 2419 stimulau-

443 2457 550 2500 tem
584 2448 819 2503 habebat
855 2451 1104 2504 timorem
1153 2453 1498 2509 admonentis
1530 2467 1586 2511 et
1640 2459 2020 2515 couvinceutis

441 2541 682 2593 animum
716 2542 1114 2609 perturbatum,
1151 2553 1206 2598 ut
1242 2547 1550 2602 meminerit
1599 2565 1659 2605 se
1705 2568 1827 2605 cum
1859 2567 2022 2606 neca-

443 2639 609 2690 vissc.
641 2635 792 2691 Talis
825 2648 902 2691 est
932 2637 1150 2690 virtutis
1175 2637 1337 2691 robur
1363 2648 1420 2692 ut
1449 2640 1612 2694 etiam
1642 2655 1763 2710 post
1787 2638 2019 2698 mortem

444 2733 598 2784 visus
625 2731 694 2784 sit
719 2731 1016 2798 potentior.
1054 2731 1259 2785 Idcirco
1287 2743 1337 2784 et
1366 2733 1584 2801 quando
1610 2735 1825 2790 vivebat
1855 2735 2018 2791 Joan-

446 2837 542 2878 nes
575 2821 742 2876 multa
766 2824 1108 2892 possidentes
1132 2823 1268 2878 bona
1320 2825 1383 2879 ad
1415 2841 1536 2879 eum
1567 2826 1845 2882 venientes
1874 2828 2024 2882 diee-

447 2913 573 2967 bant
598 2930 614 2968 :
639 2912 774 2980 Quid
810 2913 1092 2979 facienms,
1122 2915 1418 2983 magister?
1447 2914 1618 2970 Tanta
1640 2916 1873 2980 habetis,
1905 2927 1956 2970 et
1992 2933 2021 2970 a

2118 1717 2217 1785 τὴν
2247 1718 2506 1790 μηλωτὴν
2535 1720 2878 1789 κεκτημένον
2901 1735 2914 1752 ⁸
2947 1720 3040 1773 ἐπὶ
3071 1721 3210 1773 πᾶσι
3249 1721 3582 1790 μνησθῶμεν
3607 1723 3709 1772 καὶ

2130 1807 2315 1864 Ἠλιοῦ
2349 1809 2462 1869 ξτοῦ
2506 1811 2784 1881 δευτέρου,
2848 1813 2940 1865 καὶ
2997 1811 3238 1880 Ἡρώδου
3279 1812 3374 1865 τοῦ
3419 1813 3662 1882 Ἡρώδου
3692 1829 3706 1841 ·

2119 1893 2194 1954 ὧν
2224 1902 2252 1954 6
2289 1900 2390 1971 μὲν
2443 1900 2554 1954 οὐδ’
2586 1902 2723 1964 ὅλως
2758 1901 2856 1964 τὰς
2907 1901 3015 1954 τῶν
3069 1903 3399 1972 πειρασμῶν
3441 1904 3711 1972 ἑπιρροὰς

2119 1994 2268 2056 ἐντδς
2320 1994 2517 2048 ἑαυτοῦ
2582 1993 2965 2064 προσιέμενος,
3047 1993 3228 2047 καίτοι
3306 1996 3477 2066 μηδὲν
3546 1994 3710 2062 ἔχων,

2121 2085 2493 2152 κατεξανέστη
2550 2085 2644 2138 τοῦ
2709 2086 3080 2154 κρατοῦντος,
3155 2087 3251 2139 καὶ
3306 2087 3399 2139 τὸν
3460 2086 3712 2156 Ἡρώδην

2121 2175 2355 2227 ἐλύπει·
2395 2178 2423 2228 6
2476 2175 2533 2228 δὲ
2575 2175 2815 2244 διάδημα
2856 2178 2950 2227 καὶ
3009 2175 3305 2247 ἀλουργίαν
3366 2176 3462 2230 καὶ
3508 2176 3712 2243 μυρίαν

2124 2266 2426 2334 φαντασίαν
2477 2265 2952 2335 περιϐεϐλημένος
2988 2268 3182 2322 ἐδεδίει
3227 2268 3320 2320 τδν
3368 2267 3591 2320 πάντων
3619 2283 3714 2333 γε·

2121 2358 2506 2428 γυμνωμένον,
2559 2360 2655 2412 καὶ
2703 2359 2824 2412 ούδέ
2856 2361 3352 2429 -ἀποτετμημένην
3392 2360 3493 2431 τὴν
3551 2360 3707 2426 ίερὰν

2123 2451 2368 2519 κεφαλὴν
2427 2453 2554 2504 ἰδεῖν
2591 2451 2816 2505 ἐδύνατο
2863 2451 3057 2514 ἀδεῶς.
3093 2452 3219 2506 "Ott
3276 2452 3387 2521 γὰρ
3423 2452 3519 2505 καὶ
3569 2449 3711 2519 μετὰ

2123 2543 2220 2613 τὴν
2272 2545 2536 2615 τελευτὴν
2574 2544 2896 2611 ἀκμάζοντα
2944 2539 3060 2614 εἶχε
3095 2545 3188 2599 τὸν
3223 2545 3412 2613 φόϐον,
3450 2561 3713 2613 παραμυ-

2124 2637 2389 2706 θουμένου
2435 2640 2528 2689 καὶ
2564 2636 2848 2697 πείθοντος
2879 2637 2980 2706 τὴν
3009 2637 3191 2706 ψυχὴν
3224 2636 3326 2706 τὴν
3368 2635 3713 2706 ταραττομέ-

2123 2749 2222 2801 νην
2248 2729 2666 2800 ἀναμνησθῆναι
2701 2731 2784 2782 ὅτι
2809 2729 2969 2791 αύτδς
3003 2731 3166 2783 αὐτὸν
3201 2728 3410 2796 ἔσφαξε
3437 2746 3451 2760 ·
3481 2727 3710 2796 τοιαύτη

2123 2823 2221 2890 τῆς
2254 2823 2455 2892 ἀρετῆς
2504 2823 2538 2890 ἡ
2580 2822 2756 2891 ἰσχὺς,
2803 2823 2885 2874 ὅτι
2941 2823 3038 2875 καὶ
3099 2822 3239 2888 μετά
3285 2821 3546 2889 τελευτὴν
3605 2819 3712 2872 τῶν

2125 2916 2343 2978 ζώντων
2378 2917 2495 2966 ἐστὶ
2535 2913 2910 2986 δυνατωτέρα.
2955 2915 3053 2967 Διὰ.
3083 2914 3148 2982 δὴ
3199 2913 3361 2966 τοῦτο
3409 2913 3505 2966 καὶ
3547 2912 3714 2982 ἡνίκα

445 3004 576 3057 nihil
631 3005 863 3059 habente
901 3005 1061 3059 vultis
1101 3005 1348 3061 ediscere
1388 3008 1770 3076 prosperitatis
1830 3018 2018 3060 vestrae

2132 3009 2218 3073 ἔζη
2251 3007 2278 3058 6
2326 3005 2603 3074 Ἰωάννης,
2634 3006 2681 3058 οί
2729 3005 2797 3056 τὰ
2833 3003 3005 3058 πολλά
3051 3003 3380 3074 κεκτημένοι
3429 3007 3710 3074 χρήματα,

444 3097 628 3152 viam?
675 3113 702 3151 a
761 3112 997 3166 paupere
1041 3099 1277 3154 divites?
1334 3100 1404 3154 ab
1455 3114 1520 3153 eo
1567 3100 1659 3168 qui
1698 3115 1764 3154 ne
1804 3099 2024 3154 domum

446 3190 662 3258 Quitlent
727 3191 886 3246 habet
953 3191 1149 3245 bellum
1207 3190 1512 3248 facientes!
1567 3189 1629 3246 ac
1695 3195 1839 3246 velut
1901 3193 2025 3246 olim

453 3284 597 3336 lilias
664 3281 828 3335 multa
886 3296 1006 3337 cum
1075 3282 1371 3336 veracitale
1410 3282 1664 3336 omnibus
1713 3282 2028 3348 coll0qu-~us

454 3374 649 3440 papnlu
721 3373 937 3441 quidem
1001 3373 1215 3427 dicebat
1271 3392 1282 3428 :
1343 3373 1644 3443 Usquequo
1711 3374 2029 3429 claudicatis

449 3468 695 3532 utrisque
727 3465 977 3518 cruribus
1031 3466 1272 3520 vestris?
1325 3467 1457 3536 Regi
1491 3476 1670 3532 autem
1714 3486 1725 3522 :
1769 3467 2029 3522 Invenisti

451 3575 537 3618 me
573 3557 827 3610 inimicus
859 3571 1034 3610 meus.
1075 3556 1273 3610 Eodem
1303 3559 1524 3628 quidem
1569 3563 1732 3618 modo
1771 3569 1824 3614 et
1857 3559 2027 3614 Jnan-

452 3665 550 3704 nes
574 3664 764 3702 rursus
814 3649 1032 3704 tandem
1090 3650 1336 3705 eatudem
1377 3651 1623 3720 prtebens
1679 3654 2028 3713 veracitatem

382 3731 390 3739 ’
453 3740 788 3818 multitudini
830 3741 1048 3809 quidem
1104 3742 1376 3797 clamabat
1409 3761 1421 3796 :
1456 3741 1763 3814 Progenies
1821 3743 2032 3813 vipera.-

452 3849 571 3884 rnm
611 3848 625 3895 ;
663 3831 992 3885 dominatori
1025 3847 1154 3887 vero
1190 3832 1409 3895 dicebat
1441 3851 1456 3887 :
1499 3833 1617 3888 Non
1650 3835 1778 3891 licet
1809 3836 1900 3889 tibi
1935 3837 2032 3888 ha-

454 3925 581 3981 bere
611 3938 832 3978 uxorem
863 3923 1091 3994 Philippi
1130 3923 1319 3979 fratris
1357 3926 1452 3981 tui.
1480 3924 1621 3980 Vidit
1662 3928 1808 3982 enim
1838 3929 2040 3983 horum.

455 4026 680 4084 uterque
714 4033 822 4071 nou
859 4017 1112 4080 diadema
1161 4019 1337 4072 solum
1371 4029 1424 4072 et
1480 4033 1736 4073 aeternam
1795 4020 2032 4089 Speciem

455 4109 620 4177 regis,
660 4107 753 4163 sed
782 4117 838 4160 et
890 4110 957 4162 iis
992 4107 1187 4177 quibus
1213 4110 1393 4162 anima
1421 4109 1865 4163 circumdabatur
1894 4111 2035 4163 lat-c-

455 4216 546 4252 ras
574 4211 770 4265 vestes,
807 4200 962 4260 valde
1000 4199 1274 4268 squalidas
1319 4209 1374 4253 et
1418 4201 1691 4265 sordidas,
1750 4210 1803 4254 et
1847 4200 2033 4270 inique

452 4301 689 4366 tractato
733 4276 975 4356 quolibet
1014 4294 1265 4347 miserior
1288 4294 1577 4357 exs'stens,
1614 4305 1665 4346 et
1691 4292 1874 4346 videns
1913 4308 2030 4345 eam

2131 3096 2269 3167 πρὸς
2317 3096 2483 3149 αὑτὸν
2526 3096 2818 3166 ἐρχόμενοι
2846 3095 3058 3163 ελεγον,
3087 3096 3153 3150 Τί
3185 3098 3527 3164 ποιήσωμεν,
3563 3087 3610 3146 ὧ
3637 3093 3712 3145 δι-

2129 3189 2360 3242 δάσκαλε
2388 3206 2403 3252 ;
2434 3188 2687 3242 Τοσαῦτα
2716 3189 2897 3258 ἔχετε,
2928 3188 3023 3241 καὶ
3053 3188 3205 3258 παρά
3235 3186 3332 3240 τοῦ
3365 3188 3532 3257 μηδὲν
3565 3187 3713 3256 ἔχον-

2130 3300 2218 3340 τος
2253 3281 2509 3347 βούλεσθε
2547 3283 2740 3351 μαθεῖν
2783 3281 2884 3348 τῆς
2934 3281 3211 3350 ὑμετέρας
3264 3279 3566 3349 εὐημερίας
3613 3279 3714 3346 τὴν

2140 3373 2257 3427 ὁδόν
2287 3391 2300 3437 ;
2333 3381 2481 3440 παρὰ
2510 3372 2603 3425 τοῦ
2639 3373 2872 3441 πένητος
2903 3372 2954 3424 οί
3004 3371 3362 3434 πλουτοῦντες
3389 3388 3403 3436 ;
3439 3371 3587 3439 παρά
3616 3370 3711 3422 τοῦ

2145 3464 2279 3533 μηδέ
2310 3466 2489 3518 οἰκίαν
2521 3465 2736 3532 ἔχοντος
2767 3464 2815 3516 οί
2842 3465 3270 3532 στρατευόμενοι
3301 3481 3314 3527 ;
3346 3465 3440 3514 καὶ
3469 3464 3716 3528 καθάπερ

2133 3558 2194 3609 τὸ
2221 3557 2454 3610 παλαιὸν
2490 3558 2516 3608 6
2555 3556 2738 3620 Ἠλίας
2776 3556 2913 3625 μετά
2957 3555 3160 3622 πολλῆς
3190 3555 3510 3627 παρρησίας
3541 3553 3713 3608 ἅπασι

2133 3649 2534 3718 διοίεγόμενος,
2575 3649 2650 3717 τῷ
2685 3649 2784 3715 μὲν
2819 3649 2977 3720 δήμῳ
3020 3648 3224 3716 ἔλεγεν·
3263 3649 3410 3708 Ἕως
3442 3650 3572 3700 πότε
3611 3664 3716 3715 χω-

2137 3740 2350 3794 λανεῖτε
2403 3740 2491 3792 ἐπ’
2527 3741 2872 3811 ἀμφοτέραις
2905 3742 3028 3801 ταῖς
3065 3738 3273 3807 ἰγνύαις
3321 3739 3515 3808 ύμῶν;
3549 3738 3626 3808 τῷ
3661 3737 3715 3789 δὲ

2139 3832 2373 3902 βασιλεῖ,
2415 3831 2674 3908 Εῦρηκάς
2727 3850 2794 3902 με
2841 3834 2876 3901 ὁ,
2903 3832 3096 3905 ἐχθρός
3149 3849 3272 3899 μου.
3301 3831 3407 3883 Τὸν
3463 3831 3623 3885 αὐτὸν
3653 3829 3714 3898 δὴ

2138 3927 2338 3996 τρόπον
2368 3927 2460 3996 καὶ
2497 3929 2523 3980 6
2570 3927 2826 3999 Ἰωάννης
2858 3924 3087 3994 ὕστερον
3113 3924 3213 3992 τὴν
3245 3925 3417 3992 αὐτὴν
3444 3923 3712 3976 ἐνδεικνύ-

2141 4038 2302 4089 μενος
2336 4021 2674 4092 παρῥησίαν,
2710 4021 2822 4079 τοῖς
2855 4006 2967 4088 μὲν
2995 4019 3175 4087 ὄχλοις
3214 4017 3366 4084 ἐϐόα,
3400 4018 3714 4084 Γεννήματα

2140 4115 2364 4182 ἐχιδνῶν
2389 4129 2402 4143 ⁸
2440 4112 2518 4181 τῷ
2565 4113 2622 4164 δὲ
2669 4110 2963 4179 κρατοῦντι
3003 4110 3213 4176 ἔλεγεν,
3270 4111 3385 4168 Οὐκ
3431 4109 3606 4173 ἔξεστί
3636 4125 3712 4159 σοι

2141 4201 2285 4270 ἔχειν
2306 4202 2404 4272 τὴν
2421 4205 2655 4268 γυναῖκα
2674 4201 2944 4256 Φιλίππου
2964 4201 3058 4254 τοῦ
3077 4200 3310 4270 ἀδελφοῦ
3337 4217 3456 4252 σου.
3473 4199 3713 4267 Ἐώρακε

2145 4295 2253 4364 γὰρ
2283 4294 2490 4347 τούτων
2531 4295 2796 4366 ἑκάτερος
2824 4296 2882 4348 οῦ
2919 4295 2977 4347 τὺ
3023 4294 3262 4364 διάδημα
3295 4293 3458 4362 μόνον
3491 4293 3585 4345 καὶ
3623 4291 3717 4358 τὴν

455 4363 727 4454 ιαμιὶνιιιιι
789 4395 845 4439 et
903 4401 1115 4439 servam
1167 4384 1529 4453 cupiditatum
1585 4385 1868 4453 imperium
1924 4383 2024 4449 ejus

2146 4351 2347 4449 έξώθεν
2397 4351 2821 4454 φαντασίαν.
2875 4351 3329 4456 βασιλέωςίάλλά
3373 4385 3469 4438 καὶ
3502 4385 3640 4450 ἀπερ
3676 4351 3715 4451 ’ἡ

455 4478 872 4542 contemnebat;
903 4479 1056 4546 quasi
1084 4477 1229 4539 enim
1259 4490 1421 4545 super
1445 4492 1686 4541 scenam,
1721 4492 1823 4528 nou
1858 4484 2035 4527 autem

460 4573 512 4620 in
569 4572 802 4622 veritate
853 4583 1080 4622 cernere
1133 4568 1425 4622 videbatur
1469 4583 1672 4636 regem.
1702 4567 1841 4633 Quid
1891 4569 2035 4620 enim

459 4664 594 4733 tangi
629 4682 691 4717 ex
741 4675 964 4718 externa
992 4663 1344 4728 abundantia,
1379 4679 1498 4718 eum
1522 4665 1735 4716 interna
1762 4663 1814 4715 in
1871 4677 2040 4730 penu¢

464 4761 542 4810 ria
575 4770 720 4810 tanta
749 4756 1059 4822 sint?aQuid
1086 4770 1213 4809 vero
1232 4755 1415 4809 damni
1445 4771 1508 4809 ex
1537 4765 1760 4810 externa
1788 4754 2034 4822 penuria,

458 4850 676 4918 αιιυιιιιυ
715 4848 1043 4909 intrinsecus
1091 4844 1234 4900 inest
1259 4855 1437 4898 tantus
1472 4844 1808 4898 thesaurus?
1853 4843 2049 4898 Vidisti

461 4953 672 5008 petram
726 4954 887 5006 quam
944 4937 1118 4990 valide
1172 4941 1480 4990 consm’et
1515 4935 1707 4997 subde,
1765 4935 1868 4986 etsi
1922 4951 2044 4985 cum

463 5039 784 5101 paupertate
810 5033 882 5085 sit
907 5039 964 5094 el
987 5028 1316 5094 solitudine?
1346 5027 1535 5081 Vidisti
1559 5044 1774 5096 qunque
1799 5044 2042 5092 :H‘Ullalll,

459 5125 561 5183 etsi
618 5139 740 5181 eum
806 5139 971 5193 regno
1025 5131 1079 5174 et
1141 5120 1487 5175 multitudine
1529 5131 1582 5172 et
1640 5127 1906 5186 potestate
1944 5121 2034 5181 sit,

459 5225 620 5281 (plain

459 5308 735 5372 quomodo
763 5308 1099 5362 delurhetur.

699 5211 857 5268 facile
912 5212 1149 5277 decidat,
1216 5211 1487 5279 quomodo
1555 5211 1708 5276 cedat
1769 5210 2036 5274 adversis,

2148 4477 2291 4546 ψυχὴ
2334 4477 2726 4546 περιεϐέϐλητο
2773 4479 2962 4550 ῥάκια,
3017 4476 3136 4529 λίαν
3165 4476 3437 4547 αὐχμῶσα
3487 4477 3578 4528 καὶ
3630 4476 3716 4546 ῥυ-

2151 4568 2332 4634 πῶσα,
2388 4571 2481 4621 καὶ
2532 4570 2828 4622 καταδίκου
2889 4569 3096 4632 παντὸς
3140 4569 3474 4638 ἀθλιώτερον
3523 4568 3716 4621 διακει-

2153 4663 2287 4730 μένη
2317 4677 2328 4689 ·
2383 4665 2474 4712 καὶ
2533 4661 2750 4730 βλέπων
2790 4662 2954 4714 αὐτὸν
3012 4660 3362 4731 αίχμάλωτον
3394 4663 3490 4714 καὶ
3538 4659 3718 4714 δοῦλον

2147 4753 2277 4804 ὄντα
2314 4752 2424 4804 τῶν
2476 4755 2688 4816 παθῶν,
2736 4752 2834 4821 τῆς
2887 4753 3060 4822 ἀρχῆς
3111 4749 3304 4805 τοῦτου
3355 4753 3712 4821 κατεφρόνει·

2155 4846 2405 4912 καθάπερ
2434 4845 2542 4912 γὰρ
2566 4845 2657 4897 ἐπὶ
2688 4844 2787 4914 τῆς
2817 4845 3044 4914 σκηνῆς,
3078 4843 3193 4897 ἀλλ’
3223 4844 3322 4895 οὐκ
3350 4844 3441 4895 ἐπὶ
3473 4843 3572 4912 τῆς
3594 4842 3717 4909 ἀλη-

2153 4938 2304 4999 θείας
2369 4936 2588 5006 βλέπειν
2641 4936 2816 4994 ἐδόκει
2872 4935 3117 5005 βασιλέα.
3154 4935 3222 4990 Τί
3255 4935 3364 5005 γὰρ
3406 4936 3594 5004 ὄφελος
3627 4936 3718 5002 τῆς

2149 5025 2348 5090 ἔξωθεν
2392 5025 2677 5096 εὐπορίας,
2727 5028 2856 5078 ὃταν
2891 5027 2958 5078 τὰ
2987 5025 3134 5079 ἔνδον
3189 5027 3246 5078 ἐν
3283 5025 3455 5096 πενίᾴ
3491 5026 3718 5096 τοσαύτῃ

2149 5115 2218 5190 ᾗς
2252 5117 2304 5170 τί
2337 5118 2394 5171 δὲ
2430 5118 2631 5187 βλάϐος
2661 5118 2761 5187 τῆς
2801 5117 3002 5182 ἔξωθεν
3033 5120 3245 5183 πενίας,
3289 5122 3417 5173 ὅταν
3465 5121 3610 5174 ἔνδον
3640 5137 3717 5169 το-

2154 5208 2342 5273 σοῦτος
2375 5211 2664 5263 ἀπόκειται
2703 5210 3015 5279 θησαυρός;
3044 5210 3196 5274 Εἶδες
3221 5213 3319 5281 τὴν
3351 5213 3578 5282 πέτραν,
3611 5211 3715 5271 πώ,

2157 5302 2398 5373 ίσχυρῶς
2430 5302 2628 5372 βέϐηκε
2667 5303 2761 5355 καὶ¹
2794 5303 3047 5372 ἐδραίως,
3084 5305 3188 5357 κᾶν
3242 5304 3382 5372 μετά
3430 5306 3654 5374 πένητος

461 5403 554 5453 καὶ
585 5399 832 5465 ίδιώτου;
871 5395 1028 5462 Εἶδες
1059 5397 1210 5456 milli;
1254 5401 1358 5467 τὴν
1424 5396 1672 5465 νίτάμμον,
1744 5395 1844 5448 κᾶν
1911 5397 2049 5464 μετὰ
2086 5395 2376 5466 βασιλέως,
2427 5394 2528 5446 κᾶν
2561 5395 2700 5464 μετά
2727 5396 2988 5464 πλήθους,
3021 5395 3128 5448 κᾶν
3161 5397 3299 5464 μετά
3324 5397 3633 5459 δυναστείας
3663 5395 3714 5467 ᾗ,

459 5494 579 5556 πῶς
612 5492 849 5555 εὐκόλως
874 5491 1224 5554 καταπίπτει,
1293 5491 1408 5554 πῶς
1468 5489 1606 5542 είκει
1636 5493 1754 5552 ταῖς
1817 5491 2123 5560 συμφοραῖς
2167 5489 2282 5550 πῶς
2345 5489 2766 5558 περιτρέπεται;
2807 5489 2900 5541 καὶ
2946 5492 3056 5557 γὰρ
3089 5491 3308 5543 πάντων
3351 5491 3715 5560 ἀναισθητοτέ-

463 5607 612 5659 ρους,
648 5589 788 5640 ποιεῖ
821 5587 944 5650 τοῦς
979 5585 1260 5655 μετιόντας
1288 5585 1479 5654 αὑτήν.

511 5687 588 5737 ’4.
613 5683 771 5739 Tales
800 5687 956 5753 juxta
991 5681 1157 5735 Eli-am
1195 5682 1371 5750 reipsa
1401 5692 1450 5736 et
1482 5680 1743 5736 Joannem
1781 5691 1934 5735 erant
1971 5690 2022 5734 et

467 5779 716 5858 apostoli.
755 5778 913 5842 Tales
952 5790 1165 5845 quoque
1210 5775 1335 5828 olim
1367 5775 1519 5848 juxta
1552 5773 1737 5829 Achab
1774 5785 1822 5829 et
1871 5772 2042 5829 llet'oo

2219 5678 2280 5728 δ’.
2321 5674 2589 5738 Τοιοῦτοι,
2626 5673 2767 5724 κατὰ
2799 5672 2891 5724 τὸν
2928 5671 3116 5724 Ἠλίαν
3144 5671 3387 5740 δηλονότι
3419 5675 3508 5724 καὶ
3551 5672 3715 5726 Ἰωάν-

2154 5787 2273 5839 νην,
2310 5763 2449 5837 ἦσαν
2498 5769 2591 5821 καὶ
2631 5767 2676 5819 οἱ
2718 5765 3041 5820 ἀπόστολοι·
3086 5765 3315 5819 τοιοῦτοι
3373 5767 3554 5832 πάλιν,
3590 5768 3716 5822 κατὰ
