4088 6294
347 458 453 523 80'}

1737 463 1888 522 ΕΤΙί
1906 464 2068 526 lCON
2117 466 2165 526 Il

3513 453 3621 536 894

348 575 643 646 τόρθωτον,
678 573 770 629 τὸν
805 575 1124 645 Βαπτιστὴν
1154 577 1372 642 ἐννοῶν,
1425 576 1521 630 κοιλ⁸
1561 576 1703 647 μετά
1734 578 1924 632 τούτου

2037 585 2254 650 ptistam
2295 589 2598 655 recogitans
2635 571 2687 642 et
2729 605 2852 646 eum
2902 605 2966 647 eo
2997 604 3089 646 eos
3118 593 3210 659 qui
3243 593 3310 646 ab
3357 591 3450 646 illo
3477 602 3621 647 tem-

345 669 473 730 τοῦς
499 668 559 732 ἐξ
589 667 800 721 ἐκείνου
835 671 997 738 μέχρι
1027 670 1120 723 καὶ
1144 671 1201 732 ές
1232 668 1399 738 δεῦρο
1434 668 1613 730 καλῶς
1659 670 1716 722 ὲν
1743 669 1928 739 όρεσιν

343 760 743 830 ἡσυχάζοντας,
779 760 1037 828 ἀφιέντας
1065 761 1164 830 μὲν
1195 760 1374 822 οἰκίας
1398 761 1495 814 καὶ
1533 761 1801 829 γυναῖκας
1834 763 1928 815 καὶ

346 852 688 922 προστασίαν
740 853 982 916 ἃπασαν,
1035 852 1142 916 ἔξω
1188 851 1245 905 δὲ
1305 852 1532 914 ἑαυτοὺς
1574 852 1670 905 τοῦ
1715 852 1926 921 κόσμου

344 944 661 1006 ποιοῦντας,
721 945 813 997 καὶ
857 945 1061 998 σάκκον
1108 943 1589 1015 περιτιθεμένους,
1645 942 1742 996 καὶ
1790 943 1927 995 ὑποο

345 1039 796 1106 στρωννυμένους
848 1038 1068 1102 σποδὸν,
1124 1038 1218 1092 καὶ
1270 1036 1427 1090 κλοιά
1471 1037 1583 1089 τῶν
1635 1036 1926 1108 τραχήλων

343 1129 714 1200 ὲξαρτῶντας,
753 1133 848 1184 καὶ
878 1129 1302 1191 κατακλείοντας
1335 1129 1566 1192 ἑαυτοὺς
1601 1129 1659 1180 ἐν
1694 1128 1926 1199 οίκίσκῳ

344 1223 552 1292 μικρῷ,
583 1223 681 1276 καὶ
712 1221 835 1276 οὐδὲ
869 1223 1035 1292 μέχρι
1057 1222 1252 1275 τούτου
1281 1222 1635 1290 ἱσταμένους.
1665 1221 1802 1275 ἀλλά
1829 1223 1924 1275 καὶ

339 1316 622 1383 νηστείαις
652 1317 744 1368 καὶ
773 1315 917 1382 λιμῷ
947 1315 1196 1379 διηνεκεῖ
1215 1315 1639 1377 κατατείνοντας
1666 1316 1923 1378 ἑαυτοὺς,

340 1409 435 1462 καὶ
474 1409 710 1479 σκληρὸν
743 1408 914 1471 ὅντως
949 1408 1044 1462 καὶ
1094 1410 1303 1479 τραχὺν
1340 1407 1774 1477 ἀναδεχομένους
1809 1407 1926 1475 βίον

339 1503 430 1555 διὰ
458 1503 559 1568 τὴν
589 1501 700 1554 τῶν
736 1501 985 1570 οὐρανῶν
1013 1501 1316 1570 βασιλείαν.
1346 1501 1410 1554 Εἰ
1440 1501 1552 1569 γὰρ
1574 1498 1924 1566 βουλοίμεθα,

340 1592 568 1646 δυνατὸν
596 1594 690 1646 καὶ
723 1592 858 1660 ἡμῖν
911 1591 987 1653 ὡς
1025 1593 1258 1654 ἐκείνοις
1313 1591 1626 1659 ἀποστῆσαι
1675 1590 1775 1660 μὲν
1822 1591 1924 1659 τῆς

336 1685 440 1750 γῆς
480 1683 730 1745 ἑαυτοὺς.
781 1681 1030 1734 ἀνελθεῖν
1063 1681 1120 1733 δὲ
1155 1681 1293 1750 πρὸς
1339 1681 1593 1749 οὐρανὸν,
1636 1680 1698 1733 ού
1748 1681 1918 1746 τόπῳ,

335 1775 524 1843 τρόπῳ
557 1774 613 1827 δὲ
661 1775 757 1828 καὶ
796 1775 860 1842 τῇ
901 1774 1250 1842 προαιρέσει.
1287 1773 1349 1825 Εἰ
1382 1773 1490 1842 γὰρ
1546 1771 1745 1841 τέχνας
1779 1770 1924 1824 οὕτω

335 1866 718 1937 κατορθοῦμεν
768 1865 1213 1938 ὑπσρόαινούσας
1258 1863 1387 1928 τοὺς
1444 1863 1697 1927 πολλοὺς,
1740 1861 1924 1931 πολλῷ

2034 692 2165 744 pore
2194 693 2363 744 usque
2409 682 2583 734 adhuc
2627 682 2855 749 pulchre
2896 683 2950 736 in
2981 683 3338 738 montihnsin
3369 675 3623 752 pace'ri-

2034 777 2190 830 runt,
2220 768 2421 822 relictis
2469 771 2746 834 domibus.
2779 775 3041 828 uxoribus
3086 783 3140 828 et
3179 774 3323 829 omni
3365 790 3614 838 munere,

2036 857 2293 924 ferasque
2325 877 2382 914 se
2430 863 2629 916 mundo
2666 863 2963 930 mittentes,
2995 874 3048 919 et
3081 880 3242 920 sacco
3271 867 3615 928 circumdati.

2032 958 2086 1002 et
2110 949 2294 1003 cinere
2322 955 2604 1020 crmspersi
2641 964 2695 1008 et
2725 956 2827 1009 sibi
2855 958 3085 1012 cellaria
3115 958 3257 1014 collo
3303 958 3620 1014 devincien-

2039 1049 2141 1104 tes,
2176 1051 2230 1095 et
2265 1043 2604 1098 int-ludentes
2637 1061 2696 1100 se
2731 1048 2784 1100 in
2831 1049 3155 1103 domuncula
3205 1065 3392 1118 parva,
3427 1059 3479 1104 et
3508 1066 3616 1104 non

2033 1133 2317 1200 hucusque
2370 1135 2651 1200 sistentes,
2680 1139 2774 1193 sed
2817 1152 2868 1193 et
2892 1140 3120 1208 jejuniis
3151 1151 3203 1193 et
3249 1141 3390 1195 l‘ame
3441 1142 3619 1196 conti-

2032 1238 2138 1276 nua
2175 1235 2498 1294 torquentes
2549 1213 2759 1297 seipsos
2780 1241 2834 1284 et
2879 1231 3068 1286 duram
3097 1233 3254 1302 plane
3278 1243 3438 1301 atque
3463 1248 3620 1301 aspc.

2033 1328 2147 1367 ram
2181 1319 2424 1385 aggressi
2477 1321 2654 1373 vitam.
2692 1331 2913 1390 propter
2949 1323 3212 1377 emlnrum
3278 1341 3522 1393 regnum.
3562 1324 3617 1378 Si

2031 1406 2177 1460 enim
2211 1409 2465 1476 velimus,
2495 1414 2751 1480 possibile
2781 1425 2861 1469 εει
2897 1417 3074 1478 nobis,
3101 1430 3154 1471 ut
3192 1420 3331 1479 istis.
3363 1419 3621 1474 extollere

2030 1505 2402 1568 nosmetipsos
2460 1520 2488 1558 a
2541 1517 2686 1561 terra
2721 1516 2776 1560 et
2816 1509 3112 1564 ascendere
3167 1512 3234 1564 ad
3280 1512 3472 1566 coelum
3514 1527 3619 1564 non

2031 1589 2148 1644 loco
2187 1592 2366 1657 modo,
2402 1595 2496 1647 sed
2538 1603 2590 1649 et
2618 1595 2854 1653 delectu.
2880 1597 2932 1653 Si
2962 1601 3105 1653 enim
3131 1600 3442 1668 perﬁcimus
3471 1613 3616 1656 artes

2029 1697 2148 1752 qum
2172 1685 2464 1755 plerosque
2514 1698 2797 1756 superant.
2837 1691 3011 1746 multo
3069 1694 3240 1760 magis
3298 1695 3440 1763 quod
3508 1710 3617 1748 non

2029 1776 2163 1831 tanti
2188 1777 2394 1848 indiget
2422 1779 2645 1834 laboris.
2676 1780 2817 1847 Quid
2841 1785 3010 1848 enim,
3041 1785 3127 1838 die
3157 1786 3310 1849 mihi,
3350 1785 3620 1840 difﬁcilius

2028 1882 2191 1935 quam
2229 1883 2324 1936 per
2351 1867 2532 1925 funem
2568 1870 2803 1941 desuper
2831 1883 3140 1938 extensum,
3160 1875 3315 1944 quasi
3349 1891 3513 1946 super
3532 1893 3620 1930 so.-

341 1959 544 2029 μᾶλλον
573 1959 600 2011 δ
651 1959 727 2028 μὴ
759 1959 1020 2014 τοσούτου
1067 1957 1240 2011 δεῖται
1279 1957 1469 2009 πόνου.
1525 1956 1593 2007 Τί
1639 1954 1767 2024 γὰρ,
1802 1953 1924 2006 εἰπέ

2031 1959 2172 2021 lum,
2199 1960 2485 2016 ambulare
2513 1973 2566 2016 et
2595 1979 2761 2034 super
2789 1981 2913 2020 eum
2945 1967 3300 2022 deambulans
3328 1984 3422 2022 sus
3446 1970 3620 2038 doque

343 2069 460 2117 μοι,
498 2050 886 2120 χαλεπώτερον
932 2050 1025 2103 τοῦ
1056 2050 1144 2103 διὰ
1193 2049 1409 2120 σχοίνου
1446 2049 1755 2116 τεταμένης
1791 2046 1925 2113 ἄνω,

339 2144 598 2212 καθάπερ
631 2145 720 2198 ἐπὶ
753 2144 1026 2203 ἰσοπέδου.
1059 2142 1320 2212 βαδίζειν,
1350 2142 1443 2196 καὶ
1467 2143 1579 2198 ἀνω
1602 2141 1804 2208 ταύτης
1830 2158 1927 2193 πε-

346 2237 685 2306 ριπατοῦντα
709 2235 1042 2291 ὑποδύεσθαι
1063 2236 1159 2288 κα¹ι
1177 2235 1529 2298 ἀποδύεσθαι,
1557 2234 1810 2302 καθάπερ
1833 2233 1927 2286 ἐπὶ

337 2334 526 2401 κλίνης
551 2331 901 2401 καθήμενονς
935 2330 1001 2384 Τί
1027 2330 1106 2393 δὲ,
1130 2329 1252 2382 εἰπέ
1282 2345 1392 2394 μοι,
1420 2327 1808 2397 χαλεπώτερον
1828 2325 1924 2379 τοῦ

342 2427 534 2479 κόντον
560 2427 652 2479 ἐπὶ
682 2423 777 2476 τοῦ
809 2427 1067 2491 μετώπου
1097 2422 1308 2480 λαεεῖν,
1342 2417 1461 2474 εἶτα
1504 2421 1760 2473 ἐπιθέντα
1815 2419 1930 2474 ἀνω

342 2517 561 2570 παιδίον
617 2519 785 2586 μυρία
847 2520 1044 2577 ποιεῖν,
1089 2517 1182 2568 καὶ
1219 2518 1442 2581 τέρπειν
1497 2518 1622 2576 τοὺς
1679 2515 1917 2580 θεατάςς

343 2611 482 2680 Οὐχὶ
517 2611 662 2664 οὕτω
694 2611 923 2678 φρικτὸν
951 2611 1084 2678 ἡμῖν
1113 2605 1252 2661 εἷναι
1283 2610 1433 2662 δοκεῖ
1461 2608 1521 2660 τὸ
1555 2609 1811 2677 πρᾶγμα,
1841 2608 1918 2670 ὡς

2034 2047 2164 2103 ferri
2189 2060 2444 2120 tanquam
2478 2055 2528 2106 in
2555 2053 2694 2110 lecto
2722 2059 3142 2126 sedens?Quid,
3162 2060 3251 2115 die
3283 2061 3438 2127 mihi,
3483 2061 3620 2115 (lilii-

2035 2143 2212 2206 eilius,
2245 2160 2404 2212 quam
2452 2146 2690 2216 jaculum
2732 2151 2782 2205 in
2823 2149 3005 2206 fronte
3038 2162 3249 2216 tenere,
3288 2162 3340 2207 et
3382 2169 3614 2223 puerum

2045 2237 2522 2304 superimpositum
2560 2241 2612 2294 in
2646 2257 2873 2298 numero
2903 2259 3083 2313 egere,
3107 2256 3161 2300 et
3197 2245 3470 2298 delectare
3499 2262 3620 2316 spe-

2038 2331 2282 2385 Claules?
2339 2331 2526 2385 Nonne
2579 2334 2652 2387 ita
2724 2333 2944 2389 horrida
3007 2351 3094 2390 res
3133 2351 3258 2391 esse
3294 2336 3512 2390 videtur
3557 2345 3620 2392 ut

2033 2428 2273 2481 nolimus
2313 2429 2533 2496 quidem
2562 2427 2770 2490 videre.
2809 2429 2904 2482 sed
2954 2429 3240 2482 timeamus
3277 2439 3332 2482 et
3381 2429 3618 2496 trepide-

2043 2535 2170 2573 mus
2201 2521 2303 2573 hoc
2343 2520 2458 2587 ipso
2490 2519 2753 2585 aspectu?
2787 2519 2886 2573 llis
2925 2519 3090 2588 igitur
3115 2522 3366 2576 omnibus
3405 2521 3620 2578 facilior

2044 2614 2240 2677 virtus,
2265 2613 2308 2665 si
2339 2612 2600 2674 velin-us.
2629 2622 2683 2666 et
2721 2613 2786 2666 ad
2819 2615 3016 2668 malum
3049 2629 3332 2669 ascensus.

347 2702 482 2771 μηδὲ
519 2703 692 2757 θέλειν
721 2703 1044 2769 θεάσασθαι,
1077 2705 1212 2761 ἀλλά
1242 2705 1538 2760 δεδοικέναι
1571 2708 1662 2759 καὶ
1691 2707 1920 2775 τρέμειν
1959 2707 2055 2761 καὶ
2091 2708 2229 2776 πρὸς
2265 2710 2365 2780 τὴν
2397 2710 2520 2779 όψιν
2561 2711 2736 2782 αὐτήν
2765 2726 2783 2778 ς
2848 2710 3072 2765 Τούτων
3107 2711 3289 2766 τοίνυν
3355 2713 3618 2784 ἁπάντων

342 2797 687 2867 ιῦκολωτέρα
718 2799 750 2868 ἡ
781 2797 979 2867 ἀρετὴ,
1017 2799 1110 2853 ἐὰν
1139 2798 1404 2866 θέλωμεν,
1435 2799 1529 2852 καὶ
1557 2799 1616 2853 τὸ
1640 2799 1779 2869 πρὸς
1813 2798 1979 2854 αὑτὸν
2013 2800 2286 2870 ἀναόῆναι
2311 2803 2404 2856 τὸν
2434 2803 2686 2872 οὐρανόν.

414 2890 488 2961 γ’.
521 2893 632 2946 Καὶ
679 2892 753 2961 μή
808 2909 898 2962 μοι
930 2893 1136 2961 λεγέτω
1176 2913 1280 2959 τις,
1309 2894 1486 2959 Θέλω,
1519 2892 1730 2948 ἀλλ”οὐ
1761 2894 1928 2948 δύνα-

345 3002 468 3054 μαι.
502 2987 564 3039 Εί
603 2985 712 3056 γὰρ
760 2986 1090 3054 πράγματός
1125 3005 1273 3050 τινος
1321 2988 1472 3050 ἐντὸς
1511 2987 1764 3053 γενέσθαι
1800 2986 1928 3056 βου-

343 3079 586 3148 λόμενοι,
621 3079 745 3149 ούχὶ-
793 3078 871 3149 τῷ
911 3079 1141 3149 θελῆσαι
1186 3081 1352 3150 μόνον
1382 3081 1729 3150 ἀρκούμεθα,
1787 3080 1926 3135 ἀλλά

344 3174 442 3226 καὶ
467 3173 562 3226 τοῦ
591 3177 921 3242 πράγματος
946 3174 1252 3242 ἁπτόμεθα·
1288 3174 1470 3244 π,λλῷ
1495 3174 1698 3244 μᾶλλον
1727 3176 1807 3238 είς
1837 3175 1928 3228 τὸν

2103 2899 2158 2953 5.
2192 2899 2258 2954 Ει
2282 2913 2346 2954 ne
2367 2898 2496 2954 mihi
2528 2899 2648 2966 quis
2677 2898 2820 2953 dicat
2850 2915 2862 2953 :
2896 2897 3051 2963 Volo,
3081 2897 3175 2952 sed
3199 2911 3433 2964 nequeo.
3470 2896 3605 2954 Cum

2033 2992 2178 3046 enim
2207 2991 2459 3047 volumus
2497 3006 2610 3046 rem
2643 2991 2882 3060 aliquam
2925 3001 3235 3058 penetrare,
3269 3005 3373 3044 non
3415 2990 3614 3044 volnu-

2035 3091 2142 3137 tate
2167 3081 2280 3137 sola
2320 3082 2560 3136 contenti
2613 3095 2824 3141 sumus.
2851 3081 2946 3134 sed
2996 3090 3048 3136 et
3080 3095 3194 3136 rem
3220 3081 3563 3152 aggredimur
3593 3098 3611 3148 ;

2033 3175 2203 3228 multo
2251 3174 2423 3239 magis
2478 3189 2602 3228 eum
2653 3175 2704 3227 in
2761 3174 2959 3227 cmlum
3003 3173 3305 3230 ascendere
3357 3172 3612 3226 volumus

341 3263 574 3333 ούρανδν
621 3264 871 3318 ἀνελθεῖν
924 3265 1266 3334 βουλόμενοι,
1299 3266 1399 3334 τῆς
1439 3268 1760 3337 πρακτικῆς
1798 3269 1924 3335 ἀρε-

2035 3266 2238 3318 virtute
2273 3280 2392 3331 qua:
2425 3273 2684 3331 operatur
2724 3265 3046 3333 indigemus.
3090 3261 3201 3316 Nec
3232 3277 3420 3316 rursus
3448 3261 3612 3316 alium

341 3359 447 3428 τῆς
489 3357 824 3427 δεησόμεθα.
866 3359 1022 3429 Μηδὲ
1058 3359 1220 3412 πάλιν
1267 3359 1454 3427 ἔτερόν
1499 3378 1618 3414 τινα
1657 3361 1926 3414 αἰτιάσθω

343 3468 452 3513 τις,
489 3450 564 3514 ὡς
601 3451 739 3520 πρὸς
785 3452 914 3513 τοὺς
948 3452 1048 3520 τῆς
1091 3453 1292 3521 ἀρετῆς
1320 3452 1518 3515 πόνους
1548 3451 1711 3504 αὐτὸν
1758 3454 1928 3520 ἐμπο-

340 3542 582 3610 δίζοντα.
636 3543 776 3599 ἀλλά
824 3545 890 3614 τῇ
946 3543 1126 3613 οίκείᾳ
1163 3542 1409 3614 ῥᾳθυμίᾳ
1439 3544 1500 3596 τὸ
1549 3545 1657 3598 πᾶν
1690 3546 1927 3613 ἐπιγρα-

343 3635 515 3703 φέτω.
541 3634 653 3688 Καὶ
680 3632 734 3686 τί
763 3631 908 3702 λέγω
933 3633 1123 3703 ἕτερον
1147 3649 1162 3696 ;
1199 3631 1334 3701 μηδὲ
1365 3631 1528 3684 αὑτὸν
1553 3631 1645 3683 τὸν
1677 3630 1926 3684 διάϐολον

343 3726 616 3794 νομιζέτω
645 3744 728 3789 τις
751 3727 939 3780 ἱκανὸν
965 3721 1107 3778 εἶναι
1133 3725 1385 3778 κωλῦσαι
1413 3723 1512 3794 τὴν
1547 3724 1639 3776 ἐπὶ
1668 3724 1770 3790 τὴν
1795 3725 1926 3788 ἁρε-

347 3822 447 3885 τὴν
482 3819 756 3887 φέρουσαν
806 3819 922 3872 ὁδὸν
962 3816 1224 3871 δύνασθαι
1251 3833 1265 3847 ο
1308 3816 1424 3868 ἀλλ’
1463 3817 1651 3884 ἀπατᾷ
1685 3815 1783 3882 μὲν
1829 3813 1926 3865 καὶ

347 3910 698 3973 ὑποσκελίζει
727 3910 855 3972 τοὺς
891 3910 1321 3980 ῥᾳθυμοτέρως,
1357 3908 1418 3960 ού
1456 3907 1562 3975 μὴν
1595 3897 1797 3959 κωλύει
1828 3906 1925 3958 καὶ

349 4003 621 4072 βιάζεται.
672 4002 784 4056 Καὶ
814 4001 974 4054 τοῦτο
1003 4001 1143 4068 αὑτὴ
1176 3999 1283 4053 τῶν
1315 3998 1660 4067 πραγμάτων
1694 3999 1726 4066 ἡ
1757 3998 1923 4064 πεῖρα

344 4094 619 4147 δείκνυσιν
644 4110 658 4126 ο
691 4093 775 4146 ὅτι
810 4093 978 4163 ἡνίκα
1014 4093 1112 4161 μὲν
1142 4091 1206 4145 ἂν
1239 4089 1560 4161 βουλώμεθα
1591 4091 1806 4159 νήφειν,
1832 4105 1922 4142 το-

349 4185 540 4239 σοῦτον
569 4187 661 4238 τδν
717 4185 880 4238 πόνον
909 4183 1363 4251 ἐπιδεικνύμεθα,
1401 4183 1476 4246 ὡς
1529 4184 1665 4254 μηδὲ
1712 4182 1924 4235 πολλῶν

347 4281 521 4335 οντων
544 4279 655 4332 τῶν
685 4277 1106 4349 προτρεπόντῳν
1147 4278 1242 4331 ἐπὶ
1276 4275 1375 4346 τὴν
1412 4277 1511 4345 τῆς
1572 4276 1774 4336 κακίας
1805 4275 1924 4328 ὁδὸν

350 4373 646 4443 ἀνέχεσθαι
673 4371 772 4440 τῆς
806 4369 1142 4439 συμϐουλῆς,
1193 4368 1332 4422 ἀλλὰ
1361 4367 1564 4430 παντὸς
1611 4366 1923 4434 ἀδάμαντος

350 4464 744 4538 στερῤοτέρους
776 4463 926 4533 ἡμᾶς
959 4461 1232 4528 γίνεσθαι,
1274 4461 1369 4513 καὶ
1406 4459 1780 4528 ἀποφράττειν
1809 4460 1924 4520 τοῖς

347 4560 416 4610 τὰ
447 4556 628 4624 φαῦλα
651 4553 1088 4624 συμϐουλεύουσι
1119 4552 1216 4615 τὰς
1264 4551 1434 4615 ἀκοάς
1463 4569 1477 4585 ·
1509 4551 1640 4604 ὅταν
1671 4551 1727 4604 δὲ
1759 4550 1925 4622 ῥαθυ-

2031 3373 2357 3428 quemqnam
2407 3364 2629 3412 accuset
2671 3357 2863 3425 aliquis
2890 3399 2904 3419 ,
2937 3355 3090 3425 quasi
3145 3369 3205 3409 se
3257 3354 3514 3422 impediat
3559 3354 3613 3409 ira

2030 3451 2247 3506 virtutis
2303 3451 2508 3517 labore,
2569 3449 2664 3505 sed
2705 3448 2937 3518 propria:
2992 3448 3213 3503 desidia:
3262 3451 3516 3516 imputet.
3545 3446 3614 3502 Et

2031 3545 2160 3613 quid
2198 3543 2320 3599 dico
2347 3544 2509 3597 alium
2534 3543 2557 3596 ’ἔ
2581 3541 2657 3597 Nc
2689 3541 2965 3596 diabolum
3015 3542 3234 3611 quidem
3266 3541 3444 3610 ipsum
3491 3555 3612 3596 creo

2028 3639 2125 3693 dat
2151 3637 2349 3705 aliquis
2394 3636 2554 3690 talem
2607 3649 2730 3689 esse
2761 3644 2821 3688 ut
2854 3634 3120 3697 impedire
3164 3635 3308 3687 viam
3346 3633 3412 3686 ad
3449 3633 3611 3687 virtu-

2032 3737 2134 3782 tem
2177 3729 2464 3780 ducentem
2528 3725 2721 3779 VaIeat.
2784 3725 2891 3779 Sed
2950 3725 3150 3792 decipit
3193 3735 3248 3780 et
3304 3726 3610 3794 supplantat

2029 3817 2309 3882 vecordes,
2347 3832 2454 3870 non
2504 3818 2728 3882 impedit
2777 3831 2876 3870 nec
2931 3815 3214 3870 \‘ioleutat.
3253 3815 3322 3871 Et
3352 3816 3455 3870 hoc
3497 3816 3612 3880 ipSa

2030 3925 2206 3964 rerum
2241 3909 2570 3978 experientia
2606 3909 2866 3973 ostendit,
2912 3908 3055 3976 quod
3091 3909 3306 3976 quando
3357 3908 3610 3964 volumus

2026 4002 2320 4072 prudentes
2357 4017 2496 4062 esse,
2531 4010 2735 4056 tantum
2785 4000 3026 4054 laborem
3048 3999 3390 4064 exhibemus,
3416 4008 3472 4052 ut
3507 4002 3610 4054 etsi

2028 4092 2195 4146 multa
2229 4093 2339 4146 sint
2363 4108 2482 4161 «iure
2511 4108 2608 4146 nos
2637 4099 2959 4146 convertant
2991 4093 3058 4146 ad
3085 4090 3304 4145 malitia
3329 4091 3470 4145 viam
3503 4107 3609 4146 no.1

2026 4185 2094 4238 de
2120 4184 2398 4252 proposito
2431 4177 2762 4238 desistamus
2786 4223 2801 4249 ,
2829 4184 2925 4238 sed
2958 4183 3247 4246 adamante
3275 4183 3468 4262 quovis
3506 4185 3608 4238 du-

2027 4277 2202 4331 riores
2225 4276 2374 4342 l‘acli,
2401 4285 2452 4331 ct
2491 4279 2807 4331 obturemus
2833 4291 2996 4330 aures
3025 4277 3092 4329 ab
3121 4275 3204 4330 his
3233 4275 3324 4345 qui
3355 4290 3608 4345 perversa

2027 4372 2451 4437 suadent;cum
2505 4379 2688 4424 autem
2747 4370 3083 4439 negligentes
3137 4384 3350 4434 sumus,
3392 4370 3607 4424 neruine

2028 4466 2307 4529 suadente,
2331 4464 2831 4534 autsnpplantante
2860 4478 2986 4528 nos,
3038 4462 3369 4518 intrinsecus
3422 4462 3608 4533 agitati

2029 4559 2082 4614 in
2118 4556 2518 4625 improbitatem
2556 4555 2808 4611 ferimur.
2843 4554 3042 4624 Reipsa
3091 4556 3236 4609 enim
3295 4556 3341 4609 si
3375 4554 3606 4609 velimus

356 4651 571 4720 μῶμεν,
613 4647 711 4701 καὶ
751 4646 978 4717 μηδενὸς
1023 4644 1174 4704 ὄντος
1220 4660 1314 4696 του
1367 4641 1854 4711 συμϐουλεύοντος,
1891 4641 1922 4711 ἦ

2032 4664 2154 4704 esse
2207 4647 2508 4715 sapientes.
2547 4647 2648 4701 etsi
2689 4647 2943 4714 permulti
2995 4647 3105 4701 sint
3153 4645 3220 4700 ad
3253 4646 3454 4701 malum
3507 4662 3607 4701 nos

351 4737 828 4801 ὑποσκελίζοντος,
860 4733 1075 4788 οἴκοθεν
1113 4732 1424 4798 κινούμενοι
1453 4731 1546 4784 ἐπὶ
1589 4732 1690 4800 τὴν
1723 4731 1926 4785 κακίαν

349 4835 636 4903 ὁρμῶμεν.
667 4833 762 4902 Τῷ
811 4832 930 4885 ὄντι
957 4831 1068 4899 γὰρ
1099 4829 1194 4882 καλ⁵
1231 4829 1328 4881 ἐὰν
1361 4825 1680 4897 βουλώμεθα
1709 4827 1924 4895 νήφειν,

350 4931 458 4983 κᾶν
483 4927 672 4998 μυρίοι
695 4919 832 4980 ὦσιν
854 4926 906 4979 οἱ
935 4922 1073 4992 πρὸς
1104 4922 1203 4991 τὴν
1234 4923 1435 4974 κακίαν
1461 4920 1736 4982 ἕλκοντες,
1773 4918 1927 4972 οὐδὲν

350 5021 509 5090 ἡμῶν
556 5021 657 5088 τὴν
707 5017 944 5084 σπουδὴν
971 5016 1195 5070 δύναται
1255 5012 1602 5083 λυμήνασθαι
1629 5027 1642 5043 ο
1690 5014 1784 5062 καὶ
1829 5010 1924 5063 ἐὰν

349 5114 434 5176 εἰς
467 5110 745 5182 ρᾳθυμίαν
777 5107 1164 5177 ἀποκλίνωμεν
1197 5104 1388 5164 πάλιν,
1418 5103 1513 5155 καὶ
1546 5100 1651 5154 ὑπὸ
1685 5101 1793 5154 τῶν
1834 5117 1926 5152 τυ-

347 5203 556 5270 χόντων
589 5198 946 5269 βλαπτόμεθα
973 5213 989 5229 ο
1034 5196 1270 5264 ἐπείπερ
1320 5194 1496 5256 οὐδεὶς
1542 5192 1701 5262 φύσει
1736 5191 1920 5257 καλὸς,

350 5296 382 5361 ἢ
416 5295 608 5359 κακὸς,
637 5291 754 5346 ἀλλ’
783 5293 841 5344 ὲν
864 5293 930 5362 τῇ
971 5288 1296 5359 προαιρέσει
1333 5289 1514 5339 κεῖται
1566 5285 1724 5355 ἡμῶν
1753 5285 1926 5338 ὄντων

350 5384 717 5450 αὖτεξουσίων
779 5382 841 5436 τὺ
871 5381 1146 5452 πονηροὺς
1171 5383 1288 5450 ,μὲν
1329 5378 1604 5446 ὑπάρχειν
1651 5381 1718 5447 τῇ
1750 5376 1928 5446 οἰκείᾳ

349 5478 596 5550 ῥᾳθυμίᾳ
631 5475 1034 5546 κεχρημένους,
1074 5475 1171 5526 κοιλ⁸
1197 5471 1296 5542 τὴν
1325 5470 1538 5523 ἑαυτῶν
1571 5470 1924 5540 προδιδόντας

351 5570 649 5639 σωτηρίαν,
695 5571 791 5630 καὶ
839 5567 939 5636 τῆς
972 5563 1157 5618 θεόθεν
1216 5563 1432 5624 εὐνοίας
1480 5562 1708 5623 ἑαυτοὺς
1769 5560 1926 5614 καθι-

351 5663 596 5723 στῶντας
667 5660 946 5730 ἐρήμουςο
1007 5655 1249 5724 ἀγαθοὺς
1310 5652 1370 5705 δὲ
1428 5647 1568 5706 εἶναι
1622 5656 1690 5723 τῇ
1746 5653 1926 5725 οἰκείᾳ

351 5756 584 5826 σπουδῇ,
608 5755 676 5808 τά
710 5754 812 5822 τῆς
849 5750 1055 5822 ἀρετῆς
1086 5747 1225 5818 ἔργα
1263 5743 1560 5814 κατορθοῦν
1590 5744 1925 5814 δυναμένους

352 5850 496 5920 μετᾶ
524 5848 624 5917 τῆς
673 5845 882 5900 ἄνωθεν
917 5844 1164 5914 χάριτος.
1199 5840 1368 5895 ’Ὅθεν
1408 5841 1504 5894 καὶ
1549 5837 1668 5890 λίαν
1724 5837 1923 5891 ἄτοπον

354 5942 552 6012 τέχνην
585 5939 684 6010 μὲν
719 5937 860 6008 ἔχειν
891 5935 981 5990 τὸν
1029 5936 1332 6004 ἄνθρωπον,
1377 5935 1441 5989 τὰ
1472 5931 1640 6001 ἄλογα
1688 5929 1829 5982 κατᾶ
1862 5929 1921 5981 τδ

2032 4740 2332 4817 trahentes,
2361 4740 2496 4794 nihil
2529 4747 2773 4794 nostrum
2800 4739 3039 4794 studium
3071 4748 3246 4807 potest
3277 4739 3602 4794 adulterare.

2029 4830 2146 4886 Etsi
2186 4830 2252 4884 ad
2281 4829 2660 4899 negligentiam
2707 4831 3046 4885 declinemus
3067 4831 3274 4896 denuo,
3341 4846 3373 4886 a
3411 4831 3606 4900 quovis

2032 4926 2398 4994 percutiu‘tur.
2432 4922 2618 4993 itaque
2649 4937 2810 4978 nemo
2837 4931 3031 4976 natura
3070 4931 3154 4977 est
3187 4923 3358 4978 bonus
3383 4923 3462 4976 vel
3488 4937 3606 4976 ma-

2029 5011 2135 5076 lus,
2173 5012 2268 5066 sed
2297 5010 2348 5064 in
2382 5011 2649 5066 electione
2680 5021 2860 5068 nostra
2888 5023 3006 5080 est;
3040 5027 3161 5066 nam
3204 5011 3303 5082 ipsi
3342 5012 3605 5068 habemus

2028 5114 2350 5172 potestatem
2381 5105 2552 5159 malos
2598 5119 2743 5171 esse,
2772 5115 2962 5159 nostra
3003 5105 3221 5174 propria
3254 5112 3468 5160 utentes
3504 5121 3604 5161 ue-

2027 5188 2307 5267 gligentia,
2346 5208 2400 5250 et
2458 5205 2656 5250 nostra:
2691 5196 2996 5264 proditores
3046 5195 3262 5261 salutis,
3299 5205 3354 5250 et
3410 5199 3606 5252 divinae

2027 5287 2420 5342 benevolentia:
2458 5301 2558 5341 nos
2598 5287 2889 5342 redtlentes
2924 5301 3152 5352 vacuos;
3202 5289 3372 5345 bonos
3421 5299 3601 5343 autem

2027 5392 2148 5431 esse
2192 5377 2412 5446 preprio
2461 5376 2642 5431 studio
2696 5379 2821 5447 quia
2879 5377 3096 5432 virtutis
3130 5394 3294 5449 opera
3341 5379 3602 5448 perlicere

2030 5485 2314 5540 possumus
2347 5483 2477 5522 eum
2512 5484 2744 5538 superna
2776 5470 2970 5538 gratia.
2999 5468 3152 5527 Unde
3183 5472 3341 5527 valde
3377 5471 3599 5525 stultam

2029 5572 2200 5617 artem
2263 5559 2428 5616 habet
2484 5561 2704 5614 homo:
2763 5561 3162 5617 irrationabilia
3221 5562 3484 5620 ﬂectendo
3533 5564 3600 5618 ad

2031 5658 2320 5710 humanam
2364 5653 2721 5720 nobilitatem,
2761 5665 2970 5710 mutare
3015 5659 3270 5725 psittacos
3318 5671 3370 5712 et
3423 5657 3594 5726 picas,

2029 5751 2228 5803 docens
2264 5762 2453 5801 vocem
2487 5746 2777 5801 humanam
2805 5748 3110 5816 exprimere
3139 5758 3195 5803 et
3233 5757 3351 5803 arte
3389 5759 3598 5802 natura:

2028 5839 2133 5894 vim
2186 5839 2414 5904 lat-iens,
2448 5839 2657 5894 cicures
2705 5841 2933 5895 reddens
2975 5841 3158 5895 leones
3194 5852 3246 5900 et
3286 5857 3378 5911 per
3415 5843 3591 5895 forum

2028 5929 2251 5996 ducens,
2307 5932 2476 5999 ipsum
2533 5936 2714 5984 autrm
2752 5929 2986 6000 St'ipsttttt
3042 5931 3176 6000 lupis
3235 5931 3590 6000 agresLiorcm
