4088 6294
324 389 428 453 8,;7

1713 390 2039 452 ETillCON
2087 394 2165 451 ll.

3488 397 3593 461 898

323 500 629 571 εὐφημίαις
658 501 759 570 τῆς
779 500 983 570 ἀρετῆς
1013 518 1025 532 ι
1059 502 1235 565 οὐδεὶς
1260 504 1431 566 κακὸς
1478 505 1661 565 κακῶς
1688 507 1902 557 ἀκούειν

2021 520 2120 570 tur,
2170 505 2325 561 bouis
2386 505 2610 559 virtutis
2639 506 2840 560 verbis.
2884 498 3089 562 Nullus
3134 506 3415 577 improbus
3480 511 3593 563 vult

324 595 581 664 βούλεται
609 610 621 622 ·
653 596 686 663 ἡ
718 594 827 663 γὰρ
884 594 1048 662 φύσις
1079 595 1139 648 τὸ
1190 596 1322 648 ἴδιον
1362 596 1691 661 ἀσπάζεται,
1728 601 1776 650 εξ
1807 599 1904 651 καὶ

323 688 357 755 ὴ
391 685 716 754 προαὲρεσις
755 684 817 736 τὸ
865 685 1111 739 ἐναντίον
1158 685 1398 756 αἱρεῖται
1426 703 1439 715 ⁵
1476 687 1736 741 τοσοῦτον
1770 690 1905 756 ἀγα-

323 778 414 831 θὸν
467 780 499 845 ἡ
535 777 730 847 ἀρετὴ,
766 776 859 830 καὶ
906 776 1052 831 οὕτω
1103 777 1375 848 ταύτηςή
1419 779 1674 848 ἄσκησις,
1723 781 1906 850 τίμιον

326 868 427 937 μὲν
455 867 646 938 κτῆμα
675 865 756 938 τῷ
788 868 987 937 ἔχοντι,
1016 867 1232 937 ἥδιστον
1263 866 1320 919 δέ
1350 867 1532 937 θέαμα
1566 872 1677 931 τοῖς
1709 869 1905 937 ἐντυγ-

323 962 575 1030 χάνουσι.

399 1083 474 1141 ς’.
508 1076 607 1127 Διά
665 1074 729 1141 δὴ
786 1073 945 1127 τοῦτο
987 1074 1082 1127 καὶ
1119 1075 1321 1137 πολλὰς
1377 1076 1485 1127 ἀπὸ
1538 1079 1636 1143 τῆς
1693 1075 1909 1142 φύσεως

324 1169 582 1237 ἀφορμὰς
641 1167 932 1236 δεξάμενοι
997 1168 1136 1237 πρὸς
1197 1170 1401 1239 ἀρετὴν
1462 1171 1766 1232 ἑλκούσας,
1834 1174 1907 1239 μὴ

322 1262 574 1330 ὸκνῶμεν
604 1260 741 1330 μηδέ
772 1259 1157 1328 ἀναδυώμεθα,
1201 1263 1337 1331 μηδὲ
1363 1260 1439 1325 ὡς
1469 1263 1734 1315 ἐπίπονον
1775 1261 1907 1330 φεύ-

325 1370 517 1422 γωμεν
573 1351 674 1423 τὴν
726 1350 953 1422 ἀρετὴν,
1012 1351 1130 1405 ἀλλ’
1179 1352 1433 1421 ἑλώμεθα
1472 1352 1702 1423 ταύτην,
1771 1353 1908 1405 πολὺ

329 1446 469 1515 μετὰ
512 1444 611 1513 τῆς
651 1442 848 1515 ἡδονῆς
895 1444 1245 1513 κεκτημένην
1293 1443 1354 1496 τὸ
1391 1444 1603 1515 κέρδος.
1636 1444 1911 1513 Ἀποστή-

327 1554 515 1607 σωμεν
550 1538 781 1599 ἑαυτοὺς
826 1537 925 1606 τῆς
963 1536 1067 1605 γῆς
1094 1553 1108 1569 ο
1153 1537 1272 1592 ἄνω
1322 1537 1458 1607 πρὸς
1495 1536 1727 1607 οὐρανὸν
1780 1536 1914 1589 ἀνα-

326 1631 619 1701 ϐλέψωμεν
646 1644 659 1660 ·
693 1630 795 1700 τῆς
822 1631 942 1683 ἐκεῖ
966 1629 1241 1700 φερούσης
1273 1629 1543 1700 ἁψώμεθα
1566 1644 1581 1659 ⁸
1609 1630 1750 1700 μετά
1785 1628 1914 1683 πολ-

324 1721 423 1792 λῆς
474 1721 576 1791 τῆς
628 1719 870 1787 σπουδῆς
923 1721 1132 1791 ταύτην
1191 1721 1445 1791 ἀνύωμεν
1495 1722 1594 1794 τὴν
1623 1721 1764 1787 ὁδὸν,
1816 1722 1913 1774 καὶ

328 1815 694 1884 προσέχωμεν
725 1813 1021 1877 διαπαντὸς
1056 1816 1293 1878 ἑαυτοῖς,
1328 1815 1415 1869 ἵνα
1450 1814 1524 1885 μὴ
1556 1815 1755 1885 μικρὸν
1783 1814 1915 1867 ἀθυ-

330 1907 605 1975 μήσαντες
662 1902 1015 1974 ἀπολώμεθα.
1069 1904 1341 1975 Καθάπερ
1375 1906 1482 1976 γὰρ
1516 1908 1576 1958 ἐν
1621 1909 1732 1969 τοῖς
1783 1905 1911 1959 θεά-

326 2015 482 2067 τροις
529 1997 581 2049 οἱ
630 1998 730 2066 τὴν
768 1998 980 2066 σχοῖνον
1013 1995 1114 2064 τὴν
1148 1996 1398 2051 κάτωθεν
1428 1998 1564 2050 Δἀνω
1603 1998 1915 2066 τεταμένην

329 2089 652 2144 ἀναϐαίνειν
683 2090 777 2145 καὶ
818 2088 1172 2143 καταϐαίνειν
1212 2088 1572 2159 μελετῶντες,
1616 2091 1682 2144 ἂν
1718 2094 1916 2160 μικρὸν

329 2180 761 2252 παραϐλέψωσι,
793 2182 1253 2252 παρατραπέντες
1294 2181 1784 2253 κατενεχθησονται
1819 2184 1918 2237 κά-

327 2290 409 2326 τω
445 2274 536 2327 καὶ
572 2272 925 2338 ἀπολοῦνται,
954 2272 1099 2327 οὕτω
1152 2274 1248 2327 καὶ
1282 2274 1333 2326 οἱ
1380 2273 1481 2343 τὴν
1524 2276 1916 2345 πνευματικὴν

328 2360 608 2424 ὁδεύοντες
655 2360 799 2426 ὁδὸν,
847 2360 915 2415 ἂν
949 2362 1149 2432 μικρὸν
1194 2362 1583 2432 ῥᾳθυμήσωσι,
1632 2380 1917 2436 κατακρη-

334 2451 639 2521 μνίζονται.
672 2455 780 2506 Καὶ
809 2452 918 2523 γάρ
945 2454 1162 2524 ἐκείνης
1192 2454 1291 2524 τῆς
1317 2455 1531 2523 σχοίνου
1558 2458 1591 2526 ὴ
1626 2456 1742 2518 ὁδὸς
1773 2455 1915 2527 αῦτη

333 2547 431 2599 καὶ
487 2547 798 2617 στενωτέρα
848 2547 945 2599 καὶ
974 2546 1156 2617 ὄρθιος
1197 2547 1294 2600 καὶ
1346 2549 1664 2619 προσάντης
1713 2551 1917 2620 μᾶλλόν

334 2641 474 2702 ἐστι,
515 2639 608 2692 καὶ
640 2639 952 2709 ὑψηλοτέρα
986 2638 1190 2710 πολλῷ,
1227 2640 1315 2693 διὰ
1352 2640 1413 2693 τὸ
1452 2644 1549 2710 τῆς
1580 2644 1784 2712 ἀρετῆς
1822 2661 1917 2713 μεο

334 2734 573 2801 γαλεῐον,
624 2733 719 2786 καὶ
750 2731 956 2801 ὑψηλὸν
1012 2732 1256 2803 ἀξίωμα.
1290 2734 1383 2786 καὶ
1429 2735 1635 2805 σφόδρα
1683 2736 1918 2807 σφοδρὸν

336 2827 431 2879 καὶ
482 2826 625 2877 πάνυ
666 2824 811 2893 μέγα
837 2841 851 2855 ο
893 2825 1033 2895 πρὸς
1073 2825 1182 2895 γὰρ
1218 2825 1382 2879 αὐτὸν
1421 2825 1537 2879 ἀνω
1567 2828 1794 2897 τελευτᾷ
1827 2829 1918 2882 τὸν

335 2919 569 2988 οὐρανὸν
601 2920 633 2986 ἡ
670 2919 899 2988 ρηοείσα
932 2916 1125 2988 πορεία
1154 2934 1167 2947 ·
1195 2918 1289 2971 καὶ
1316 2919 1439 2972 τότε
1473 2921 1605 2989 ἡμῖν
1639 2921 1921 2991 σφαλερώ-

333 3028 470 3080 τερα
503 3011 655 3062 ἔσται
686 3012 753 3061 τὰ
792 3009 1037 3080 βήματα,
1067 3010 1195 3062 ὅταν
1229 3010 1343 3064 ἀνω
1370 3013 1463 3064 καὶ
1496 3012 1629 3081 πρὸς
1660 3014 1797 3083 αὐτῇ
1828 3031 1921 3081 γε-

334 3104 558 3175 νώμεθα
615 3104 679 3172 τῇ
730 3105 965 3172 κορυφῇ.
1021 3103 1147 3164 Τοῖς
1199 3103 1309 3173 γὰρ
1355 3105 1441 3173 ἐφ’
1495 3105 1665 3174 ὕψους
1714 3107 1918 3161 ἑστῶσι

2009 598 2284 666 improbus
2325 599 2530 657 vocari.
2560 598 2763 651 Natura
2814 599 2958 653 enim
3007 600 3282 668 pt0priutu
3318 600 3596 668 amplecti-

2012 697 2124 753 tur,
2157 692 2259 743 etsi
2301 690 2498 744 electio
2527 692 2862 745 contrarium
2907 694 3128 761 deligat.
3168 690 3407 745 Tantum
3442 694 3588 747 enim

2009 781 2212 834 bonum
2268 793 2352 836 est
2419 782 2614 845 virtus,
2675 791 2728 835 et
2789 784 2889 836 hoc
2941 793 3023 837 est
3088 783 3206 852 ejus
3237 783 3586 843 esercitimn,

2011 872 2349 927 honorabilis
2401 873 2622 943 quidem
2677 876 2948 944 possessio
2998 876 3598 946 habenti,jucuudissi-

2011 981 2157 1020 mum
2190 980 2321 1019 vero
2347 966 2716 1035 spectaculum
2758 969 3127 1025 obviantibus.

2082 1071 2135 1124 6.
2175 1072 2381 1125 Idcirco
2407 1089 2527 1127 cum
2574 1074 2773 1129 multos
2808 1092 2835 1129 a
2868 1086 3056 1130 natura
3098 1079 3332 1146 impetus
3365 1093 3593 1148 excepeo

2012 1164 2185 1218 rimus
2244 1165 2308 1217 ad
2340 1165 2590 1219 virtutem
2649 1168 2967 1229 trahentes.
3004 1184 3111 1222 non
3164 1171 3335 1225 simus
3376 1185 3593 1241 segnes,

2012 1270 2190 1324 neque
2246 1257 2725 1324 retrogrediznnur,
2779 1273 2879 1310 nec
2935 1260 3101 1312 veluti
3144 1260 3469 1314 laboriosam
3509 1259 3593 1313 fu-

2012 1345 2224 1416 giamus
2262 1348 2548 1409 virtutem,
2592 1350 2683 1400 sed
2718 1355 2999 1402 teneamus
3033 1363 3149 1401 eam
3198 1350 3421 1402 multum
3473 1362 3594 1404 cuin

2016 1437 2294 1505 voluptate
2348 1438 2639 1492 habentem
2721 1440 2933 1494 lucrum
2972 1441 3353 1510 :IElongemus
3405 1458 3502 1496 nos
3562 1463 3591 1495 ιι

2016 1538 2433 1596 terra;sursnm
2465 1534 2530 1584 ad
2566 1532 2752 1586 cmlos
2801 1533 3145 1602 aspiciamus.
3197 1534 3307 1588 Via:
3342 1535 3447 1588 bne
3495 1536 3596 1585 du.

2018 1622 2162 1675 centi
2195 1622 2612 1688 adhmreamus;
2670 1625 2842 1680 multo
2891 1626 3073 1680 studio
3102 1626 3238 1679 viam
3268 1627 3407 1679 hanc
3428 1629 3593 1695 perti-

2017 1712 2224 1763 eiamns
2255 1721 2306 1764 et
2330 1712 2484 1765 nobis
2505 1715 2850 1768 attendamus
2870 1730 2954 1767 om
2966 1717 3098 1769 nin
3114 1726 3171 1769 ut
3198 1718 3594 1785 necquicquam

2019 1803 2202 1855 animo
2225 1803 2622 1870 despondentes
2659 1821 2969 1873 pereamus.
3013 1805 3082 1861 Ut
3113 1808 3257 1861 enim
3296 1811 3346 1861 in
3374 1809 3602 1863 theatris

2026 1896 2061 1949 ii
2096 1896 2267 1962 quiin
2308 1896 2491 1951 funem
2529 1901 2812 1952 desursum
2858 1913 3145 1954 estensmn
3202 1902 3497 1955 astendc-rc
3547 1916 3601 1954 et

2017 1988 2348 2044 descendere
2378 2000 2607 2054 tentant,
2668 1991 2711 2044 si
2762 1990 2842 2045 vel
2882 1993 3103 2045 minime
3131 1994 3319 2047 oculos
3352 1993 3595 2055 ﬂectant,

2017 2078 2339 2136 deferuntur
2368 2083 2619 2137 deorsum
2656 2091 2711 2137 et
2735 2092 2964 2152 pereunt
2986 2101 3011 2149 ;<
3033 2085 3103 2137 ita
3134 2085 3430 2155 spiritalem
3461 2087 3599 2139 viam

2019 2184 2239 2241 agentes
2278 2174 2322 2228 si
2356 2176 2437 2229 vel
2473 2176 2695 2231 minime
2750 2191 2952 2245 segnes
2988 2178 3136 2242 liant,
3169 2179 3608 2247 praecipitantur-

2016 2266 2151 2320 Nam
2206 2267 2291 2321 via
2342 2268 2479 2321 fune
2533 2268 2650 2337 ipsa
2714 2270 2913 2321 arctior
2948 2306 2964 2330 ,
3023 2271 3245 2334 rectior,
3319 2273 3611 2339 nmgisrpre'

2019 2360 2189 2416 ardua
2236 2369 2290 2414 et
2318 2360 2498 2422 altior,
2529 2360 2597 2415 ob
2628 2362 2844 2416 virtutis
2870 2348 3309 2430 magnitudinem
3333 2375 3386 2417 et
3414 2364 3603 2419 ercet——

2020 2469 2135 2508 sam
2186 2453 2509 2523 dignitatem
2560 2453 2996 2521 iugentissiumm
3049 2466 3103 2506 et
3138 2454 3469 2519 maximam;
3530 2459 3607 2509 ad‘

2019 2548 2193 2616 ipsum
2249 2546 2392 2599 cnim
2425 2546 2624 2599 caelum
2659 2545 2857 2599 desinit
2903 2545 3185 2614 praefatum
3224 2547 3350 2613 iter,
3396 2556 3448 2601 et
3473 2555 3619 2603 tunc‘

2021 2640 2178 2695 uobis
2196 2639 2618 2707 periculosiores
2670 2647 2834 2694 erunt
2894 2640 3116 2708 gradus,
3146 2654 3269 2695 cum
3307 2656 3520 2696 sursum
3553 2651 3615 2697 et:

2021 2732 2090 2785 ad
2122 2733 2299 2801 ipsum
2328 2733 2539 2799 apicem
2575 2732 2918 2788 devenimus.
2957 2731 3027 2784 lis
3056 2732 3201 2786 enim
3227 2733 3315 2802 qui
3342 2734 3392 2786 in
3426 2733 3617 2787 altitn.‘

2020 2822 2244 2878 dinibus
2287 2834 2436 2878 stant
2470 2838 2664 2891 magna
2721 2823 3015 2893 trepidatio
3043 2833 3097 2878 et
3130 2840 3232 2876 una
3274 2834 3482 2879 tantum
3518 2841 3605 2879 rc-

2021 2914 2283 2983 linqnitnr
2305 2916 2602 2979 securitas,
2628 2930 2731 2968 non
2768 2916 3012 2969 inclinari
3044 2915 3298 2971 deorsum
3332 2930 3433 2970 nec
3463 2919 3619 2986 aspi-'

2021 3021 2146 3064 cere
2184 3010 2249 3061 ad
2289 3016 2514 3065 terram.
2540 3007 2701 3062 Multa
2734 3008 2877 3062 enim
2939 3006 3139 3062 exinde
3185 3016 3241 3063 et
3297 3007 3613 3078 periculosa

2024 3102 2229 3170 vertigo
2260 3102 2483 3156 accidit.
2515 3100 2597 3156 Ne
2651 3115 2781 3170 ergo
2831 3101 3260 3170 experimentum
3314 3100 3617 3171 fugiamus,-

339 3199 510 3262 πολὺς
564 3199 589 3249 δ
621 3198 823 3266 τρόμος
873 3198 967 3247 καὶ
1005 3197 1103 3263 μία
1137 3199 1298 3265 μόνον
1345 3199 1617 3266 ἀσφάλεια
1646 3199 1916 3267 λείπεται,

2023 3194 2277 3247 virtutem
2326 3194 2589 3255 colentes,
2645 3198 3007 3263 posteriorum
3066 3196 3493 3259 obliviscamur,
3551 3198 3611 3248 in-

333 3292 399 3344 τὸ
450 3294 524 3360 μὴ
562 3289 878 3359 κατακόψαι
925 3290 1099 3352 κάτω,
1135 3289 1271 3358 μηδέ
1324 3292 1403 3353 εἰς
1452 3293 1557 3359 τὴν
1608 3297 1710 3359 γῆν
1747 3293 1914 3345 ἰδεῖν*

334 3385 434 3436 καὶ
470 3384 577 3450 γὰρ
622 3380 798 3443 ’πολὺς
832 3379 1085 3433 ἐντεῦθεν
1126 3383 1222 3433 καί
1264 3380 1501 3449 χαλεπὸς
1534 3383 1563 3433 δ
1611 3383 1917 3445 σκοτόδινος

332 3476 572 3543 γίνεται.
624 3472 809 3541 Οὗπερ
860 3465 948 3526 ἵνα
994 3471 1091 3542 τὴν
1139 3472 1335 3539 πεῖραν
1390 3471 1672 3540 φύγωμεν,
1713 3476 1916 3543 ἀρετὴν

333 3566 658 3629 ἀσκοῦντες,
690 3565 800 3618 τῶν
850 3565 948 3635 μέν
982 3549 1208 3617 ὄπισθεν
1252 3563 1764 3632 ἐπιλανθανώμεθα,
1803 3566 1916 3627 τοῖς

332 3658 394 3711 δὲ
447 3656 759 3727 ἔμπροσθεν
808 3652 1207 3724 ἐκτεινώμεθα,
1262 3652 1399 3724 πρὸς
1454 3652 1515 3705 τὸ
1566 3652 1674 3705 τών
1706 3653 1915 3721 ἐφετῶν

332 3749 640 3820 ἀκρότατον
674 3748 1022 3817 ἐπειγόμενοι
1068 3746 1272 3815 φθάσαι
1300 3761 1313 3774 ·
1360 3739 1421 3800 οὗ
1459 3746 1672 3814 γένοιτο
1706 3746 1914 3809 πάντας

2020 3286 2294 3341 anteriora
2328 3302 2457 3341 vero
2481 3288 2838 3341 extendantur
2863 3289 2928 3342 all
2981 3288 3414 3343 desideratornm
3447 3300 3609 3343 sum-~

2020 3393 2166 3431 tuum
2200 3378 2403 3435 incitati
2448 3393 2761 3447 properare,
2812 3380 2953 3446 quod
3002 3380 3217 3434 eveniat
3267 3395 3455 3434 utnnes
3504 3396 3615 3435 nus

2020 3470 2335 3538 contingere
2393 3470 2569 3536 gratia
2636 3480 2691 3523 et
2743 3471 3082 3525 humanitate
3159 3471 3369 3525 Domini
3432 3472 3613 3525 nostri

2017 3555 2146 3613 Jesu
2170 3558 2395 3626 Christi,
2429 3577 2525 3629 per
2555 3576 2716 3629 quem
2749 3574 2800 3614 et
2853 3577 3087 3631 quocum
3137 3564 3203 3617 sit
3241 3563 3388 3617 Patri
3431 3564 3610 3633 ειιη-ιίιι

2021 3653 2183 3706 simul
2219 3669 2282 3707 ac
2329 3655 2676 3710 sanctissimo
2740 3653 2965 3724 Spiritui
2994 3671 3138 3711 nunc
3165 3668 3215 3711 et
3242 3671 3336 3713 seu
3360 3673 3456 3728 per
3478 3660 3613 3713 etim:

2026 3748 2225 3804 saacula
2263 3749 2609 3804 saeculorum.
2642 3756 2834 3805 Amen.

331 3843 490 3910 ἡμᾶς
538 3840 818 3908 ἐπιτυχεῖν
879 3839 1065 3907 χάριτι
1115 3838 1211 3891 καὶ
1278 3837 1661 3908 φιλανθρωπίᾳ
1708 3838 1803 3889 τοῦ
1835 3839 2048 3909 Κυρίου
2096 3840 2255 3911 ἡμῶν
2336 3839 2512 3910 Ἰησοῦ
2562 3840 2823 3912 Χριστοῦ,
2888 3843 2958 3897 δι’
3006 3842 3067 3896 οὗ
3099 3844 3197 3898 καὶ
3246 3845 3369 3912 μεθ’
3402 3838 3463 3899 οῦ
3527 3848 3611 3917 τῷ

337 3939 520 4004 Πατρὶ
569 3938 600 4004 ἡ
632 3935 760 4001 δόξα
803 3933 923 4002 ἅμα
966 3932 1045 4004 τῷ
1110 3933 1363 4004 ταναγίῳ
1397 3932 1700 4004 Πνεύματι,
1734 3933 1830 3989 νῦν
1892 3935 1990 3990 καὶ
2027 3936 2137 4003 ἀεὶ,
2165 3937 2260 3989 καὶ
2289 3936 2371 4000 εἰς
2399 3936 2529 3997 τοὺς
2560 3935 2767 4000 αἰῶνας
2797 3937 2906 3990 τῶν
2931 3936 3168 3994 αἰώνων.
3196 3940 3393 4011 Ἀμήν.

571 4116 955 4171 ΔΙΑΛΕΞΕΩΣ
996 4114 1250 4171 ΤΡῙΤΗΣ
1292 4115 1555 4169 ΙΙ-ΘΙΚΟΝ
1589 4116 1690 4186 (Γ).

331 4258 469 4310 ’Ὅτι
496 4253 590 4307 δεῖ
620 4252 777 4323 ἡμᾶς
802 4253 945 4306 ὠτία
973 4252 1316 4319 κτήσασθαι
1354 4252 1729 4323 πνευματικὰ
1760 4253 1929 4320 παρὰ

410 4325 561 4380 Θεοῦ
591 4342 602 4355 ·
661 4322 775 4378 ίκαὶ
832 4323 1022 4376 ταῦτα
1077 4325 1420 4387 λαϐόντας,
1468 4322 1619 4387 πρὸς
1677 4322 1920 4377 ἅπαντα

412 4396 773 4449 κατακούειν
819 4392 937 4446 τῶν
983 4392 1268 4461 ψυχικῶν
1316 4392 1487 4458 ἡμῶν
1526 4390 1765 4460 ἰατρῶν,
1812 4391 1920 4461 τῆς

410 4462 819 4534 πνευματικῆς
848 4463 1179 4531 χρῄζοντας
1211 4463 1549 4530 θεραπείας.

410 4581 481 4636 α’.
518 4579 824 4650 Τοιγαροῦν
869 4576 1158 4647 εὐξώμεθα
1191 4577 1561 4647 προστεθῆναι
1614 4578 1747 4646 ἡμῖν
1783 4576 1921 4631 ὠτία

334 4675 496 4744 περὶ
529 4671 666 4725 Θεοῦ
698 4671 835 4743 πρὸς
873 4671 931 4722 τὸ
964 4670 1207 4736 ἀκούειν,
1241 4669 1270 4722 ὃ
1294 4686 1460 4739 φησιν
1490 4671 1522 4739 ἡ
1557 4670 1770 4742 Γραφὴ,
1797 4687 1923 4723 του-

336 4770 522 4820 τέστιν
554 4760 669 4819 ὦτοι
706 4764 871 4832 νοητά
896 4762 990 4815 καὶ
1024 4761 1296 4831 δυνάμενα
1327 4762 1484 4829 λόγον
1509 4762 1751 4827 ἀκούειν,
1790 4763 1923 4833 πρὸς

334 4862 400 4913 τὸ
436 4861 547 4920 τοῖς
598 4855 918 4923 λεγομένοις
976 4852 1294 4905 ἐπιϐάλλειν
1341 4853 1523 4916 καλῶς
1552 4869 1565 4883 ·
1603 4854 1696 4906 καὶ
1743 4852 1921 4906 ταῦτα

332 4951 702 5020 κτησάμενοι,
757 4945 894 5016 πρὸς
945 4943 1162 4998 ἅπαντα
1213 4942 1614 5013 κατακούωμεν
1659 4944 1824 4996 αὐτοῦ
1858 4960 1919 4995 τε

334 5044 581 5118 Χριστοῦ
647 5043 742 5096 καὶ
785 5041 898 5094 τῶν
945 5039 1296 5108 θεραπόντων
1348 5035 1611 5107 Χριστοῦ,
1674 5038 1768 5088 τοῦ
1810 5035 1921 5089 τῶν

332 5141 529 5212 ψυχῶν
580 5137 769 5209 ἰατροῦ
829 5140 921 5189 καὶ
968 5133 1078 5185 τῶν
1128 5134 1420 5202 σωμάτων,
1472 5131 1775 5199 κάμνοντες
1816 5129 1920 5199 ἤδη

338 5238 479 5288 κατὰ
511 5235 708 5303 ψυχὴν,
743 5232 891 5293 ὅπως
924 5228 990 5283 ἂν
1034 5230 1141 5281 ἀπ’)
1175 5230 1270 5296 τῆς
1311 5226 1510 5289 κακίας
1554 5225 1919 5287 ἀναστάντες,

338 5325 597 5380 ἐντεῦθεν
644 5323 972 5391 ἀπέλθωμεν
1026 5320 1220 5386 ὑγιεῖς.
1256 5320 1366 5372 Καὶ
1417 5318 1524 5389 γάρ
1556 5320 1707 5370 ἐστιν
1749 5316 1921 5379 ὅντως

339 5421 563 5478 ἄσοττον,
622 5417 729 5468 τῶν
782 5413 881 5483 μὲν
931 5413 1201 5481 σωμάτων
1261 5412 1417 5480 ἡμῶν
1457 5410 1783 5473 νοσούντων,
1826 5411 1921 5462 καὶ

342 5511 563 5579 ἰατροὺς
596 5508 954 5575 παρακαλεῖν,
1002 5505 1095 5557 καὶ
1132 5506 1241 5567 τοῖς
1276 5505 1463 5568 νόμοις
1504 5502 1791 5556 πείθεσθαι
1820 5502 1919 5571 τῆς

416 5688 491 5754 (ι)
535 5686 662 5739 Post
703 5668 873 5738 Luca:
922 5699 1037 5748 VIII,
1087 5682 1139 5747 8,
1179 5680 1384 5754 verba;
1438 5679 1540 5754 Qui
1576 5682 1729 5734 habet
1768 5698 1924 5736 aures

353 5751 630 5816 audiendi,
658 5757 862 5819 audiat,
901 5768 1205 5822 eorumque
1247 5751 1718 5820 explanationem,
1742 5755 1929 5823 sequi-

2318 4116 2666 4173 SERMONIS
2715 4112 2951 4172 TERTII
3002 4117 3325 4177 ETHICON.

2030 4248 2183 4317 Quod
2201 4262 2444 4331 oporteat
2473 4270 2567 4331 nos
2599 4254 2871 4331 spiritales
2896 4272 3053 4309 aures
3080 4274 3112 4310 a
3146 4256 3260 4331 Deo
3285 4260 3609 4331 impetrare,-

2103 4331 2156 4376 et
2213 4324 2293 4377 his
2355 4324 2636 4395 acceptis,
2675 4325 2982 4380 auscultare
3033 4327 3246 4381 omnino
3298 4324 3605 4387 animarum

2099 4402 2409 4468 uestrarum
2437 4396 2686 4462 medicos,
2713 4400 3125 4467 quotiescunque
3145 4401 3383 4468 spiritali
3403 4406 3607 4458 medela

2098 4464 2471 4535 indigebimus.

2106 4576 2162 4630 1.
2184 4577 2417 4633 Oremus
2437 4579 2602 4650 igitur
2630 4588 2690 4634 ut
2715 4590 2972 4649 aptentur
3005 4582 3163 4638 nobis
3218 4599 3379 4641 aures
3415 4600 3442 4638 ιι
3499 4586 3615 4642 Deo

2030 4671 2098 4725 ad
2129 4672 2487 4738 audiendum,
2520 4682 2576 4728 ut
2597 4673 2674 4728 ait
2708 4672 3005 4744 Scriptura,
3036 4676 3088 4729 id
3120 4685 3203 4731 est
3226 4693 3385 4733 aures
3413 4678 3612 4735 intelli-

2029 4773 2217 4834 gentes
2246 4772 2304 4819 et
2331 4765 2574 4820 valentes
2608 4769 2831 4822 verbum
2864 4768 3076 4832 audire,
3106 4778 3165 4823 ut
3193 4769 3259 4823 ad
3291 4770 3436 4826 dicta
3465 4771 3610 4827 ΐιιιιιο

2032 4873 2157 4913 mur
2173 4860 2310 4913 bene
2333 4868 2419 4926 ;et
2447 4858 2847 4929 hisimpetratis
2877 4862 2927 4914 in
2972 4863 3224 4918 omnibus
3243 4864 3526 4920 audiamus
3559 4875 3613 4920 ct

2027 4950 2300 5005 Christum
2328 4960 2379 5006 et
2410 4952 2687 5007 ministros
2710 4952 2936 5020 Christi,
2955 4954 3050 5024 qui
3072 4955 3372 5010 animarum
3433 4956 3572 5011 medi
3592 4986 3610 4998 -

2028 5058 2124 5097 cus
2157 5053 2239 5099 est
2261 5058 2315 5099 et
2336 5060 2622 5116 corporum
2648 5088 2663 5113 ,
2697 5046 2749 5099 in
2778 5046 2958 5100 anima
2995 5046 3302 5102 laborantes
3327 5059 3434 5103 uta
3472 5052 3614 5105 malo

2030 5133 2266 5190 devitato
2327 5137 2521 5192 exhinc
2570 5140 2825 5192 abeamus
2870 5138 3008 5195 sani.
3058 5139 3270 5193 Etenim
3329 5151 3412 5196 cst
3454 5144 3612 5211 plane

2031 5225 2324 5280 absurdum
2345 5230 2666 5298 corporibus
2698 5229 2898 5283 nostris
2920 5232 3140 5299 aegrotis
3165 5232 3408 5288 medicos
3436 5237 3601 5288 advo-

2032 5330 2155 5370 care
2187 5329 2241 5371 et
2292 5319 2500 5387 legibus
2535 5320 2910 5388 obtemperare
2942 5322 3095 5388 artis,
3132 5322 3231 5376 etsi
3274 5324 3457 5378 dicant
3517 5326 3605 5379 isti

2042 5406 2370 5462 medicinam
2401 5410 2589 5477 parari
2624 5410 2801 5478 magni
2857 5409 3039 5478 pretii,
3071 5412 3253 5465 statim
3287 5417 3504 5479 cedere,
3543 5429 3601 5469 et

2032 5501 2293 5570 quidquid
2323 5500 2605 5572 injungant
2648 5502 2869 5556 obedire
2900 5502 3182 5559 confestim
3229 5515 3284 5561 ct
3339 5507 3612 5576 stipendta

2042 5696 2130 5739 tur
2176 5683 2402 5737 tertium
2437 5684 2683 5747 etlticon,
2717 5697 2841 5736 cum
2879 5683 3103 5754 egregia
3134 5681 3504 5741 confessionis
3551 5694 3613 5747 et

2042 5755 2293 5812 ascetica:
2322 5754 2640 5810 dircctionis
2667 5754 3037 5817 expositione.
