4088 6294
343 345 449 414 905
1719 357 2052 423 ETHICON
2095 365 2193 426 IV.
3489 382 3592 445 906

342 465 479 538 σῦνῃ
510 468 598 519 καὶ
656 468 930 538 ἐπιεικείᾳ
993 471 1084 523 καὶ
1137 471 1287 541 φόϐῳ
1335 471 1470 542 πρὸς
1509 473 1643 529 Θεὸν
1675 476 1956 548 ἐρῤιζωολ

1976 517 1984 542 ι
2016 481 2188 536 destia
2215 491 2270 536 et
2306 481 2497 536 timore
2529 483 2580 536 in
2631 482 2798 538 Deum
2837 485 3098 553 radicato,
3144 498 3199 542 ct
3233 491 3504 560 precibus,
3534 510 3590 550 et

342 559 514 626 μένῳ,
544 558 644 610 καὶ
691 561 815 622 ταῖς
840 561 1028 630 εὐχαῖς
1075 564 1172 615 καί⁵
1217 564 1340 626 ταῖς
1369 565 1789 632 ἐλεημοσύναις,
1819 571 1912 623 καὶ

2021 572 2383 642 eleemosynis
2413 583 2467 628 et
2495 573 2550 627 in
2585 575 2815 630 invicem
2845 579 3167 632 concordia?
3213 558 3504 650 Apostolos
3535 596 3593 642 et

337 654 404 720 τῇ
459 651 595 720 πρὸς
647 652 913 721 ἀλλήλους
957 655 1212 726 ὁμονοίας
1251 658 1378 719 τοὺς
1433 659 1768 722 ἀποστόλους
1821 664 1913 716 καὶ

2024 665 2315 734 prophetas
2346 667 2628 741 habentes,
2648 668 3022 738 abstergentes
3049 687 3145 727 nos
3166 673 3429 729 doctrinis
3449 678 3584 742 suis,

337 744 465 804 τοὺς
491 746 781 814 προφήτας
808 747 1023 814 ἔχοντες
1054 750 1204 818 ἡμᾶς
1233 751 1657 823 άποσμήχοντας
1685 755 1774 807 διὰ
1803 755 1913 809 τῶν

2021 753 2246 807 scabere
2284 757 2490 822 peccati
2525 768 2885 821 senectutem,
2937 759 3256 818 induc-entes
3282 765 3589 830 iuventutis

335 834 685 902 διδαγμὰτων
739 837 943 903 αὐτῶν,
984 840 1323 904 ἀποξύοντας
1371 843 1472 912 τῆς
1522 847 1797 916 ἁμαρτίας
1852 850 1915 903 τὸ

2021 841 2231 906 liorem,
2282 860 2498 899 omnem
2562 847 2759 913 labem,
2811 863 3026 904 omnem
3107 869 3332 922 rugam,
3373 871 3588 911 onmem

334 925 539 992 γῆρας,
571 926 886 992 ἐπάγοντας
929 929 1029 998 τῆς
1073 931 1326 1000 νεότητος
1359 932 1458 1003 τὴν
1487 935 1694 1004 ἀκμὴν,
1731 938 1912 991 πᾶσαν

2020 936 2236 990 sordem
2295 936 2576 1005 ejicientes
2609 953 2671 990 ex
2703 939 2885 992 anima
2925 949 3111 995 nostra
3157 953 3212 997 et
3235 946 3590 1013 pulchritudi-

333 1018 553 1086 κηλίὸα,
588 1021 772 1071 πᾶσαν
807 1021 1020 1088 ῥυτίδα,
1068 1022 1249 1076 πάντα
1301 1026 1495 1080 σπίλον
1549 1028 1912 1092 ἐκϐάλλοντας

2021 1043 2142 1082 nem
2177 1031 2437 1083 infinitain
2468 1031 2776 1099 ingerentes
2801 1032 2872 1096 ei,
2899 1043 2954 1086 et
2979 1035 3592 1092 melioremomuimodo

332 1111 433 1178 τῆς
467 1111 740 1180 ἡμετέρας
766 1112 973 1183 ψυχῆς,
1008 1115 1102 1168 καὶ
1136 1116 1330 1179 κάλλος
1365 1119 1652 1188 ἀμήχανον
1679 1120 1914 1173 ἐντιθέν-

2018 1123 2264 1191 corporis
2287 1126 2491 1191 specie.
2528 1125 2878 1180 Pulchritudo
2924 1128 3066 1181 enim
3098 1132 3346 1198 corporis
3397 1130 3590 1187 morbo

332 1219 431 1264 τας
473 1204 633 1274 αὐτῇ,
671 1205 763 1256 καὶ
804 1208 1054 1274 κρεῖττον
1108 1207 1292 1278 πολλῷ
1326 1209 1404 1278 τῷ
1455 1210 1640 1282 μέτρῳ
1669 1212 1765 1265 τοῦ
1803 1211 1910 1265 σώ-

2019 1217 2372 1277 emarcescit,
2438 1226 2497 1270 et
2577 1217 2730 1284 copia
2796 1221 3057 1286 temporis
3112 1225 3500 1290 corrumpitur,
3558 1242 3588 1279 e

338 1311 510 1361 pst-:0;
549 1298 817 1360 κάλλουςο
850 1300 910 1350 τὸ
971 1300 1072 1368 μὲν
1116 1301 1224 1367 γὰρ
1275 1303 1369 1354 τοῦ
1427 1301 1678 1372 σώματος
1717 1304 1910 1372 κάλλος

2018 1319 2302 1363 senectute
2329 1311 2715 1380 exstinguitur,
2745 1321 2800 1363 et
2831 1321 3004 1366 morte
3028 1317 3446 1382 superveniente
3478 1327 3587 1372 tota

335 1388 435 1439 καὶ
467 1389 618 1477 νόσος
657 1389 922 1460 ἐμάρανε,
962 1395 1056 1447 καὶ
1108 1393 1313 1462 πλῆθος
1358 1396 1550 1465 χρόνου
1606 1395 1905 1468 διέφθειρε,

2021 1402 2346 1456 destruitur.
2394 1405 2604 1456 Anima:
2643 1419 2773 1457 vero
2821 1403 2992 1458 forma
3041 1422 3153 1460 non
3211 1409 3422 1468 morbo,
3483 1427 3585 1461 non

330 1481 429 1532 καὶ
453 1481 632 1550 γῆρας
658 1483 870 1548 ἔσϐεσε,
895 1486 988 1540 καὶ
1009 1485 1236 1550 θάνατος
1262 1487 1504 1540 ἐπελθὼν
1533 1487 1679 1542 ἅπαν
1707 1492 1910 1543 ἁνεῖλε⁶

2020 1502 2285 1560 tempore,
2328 1510 2431 1547 non
2459 1507 2764 1563 senectute,
2804 1515 2910 1552 non
2943 1511 3136 1561 morte,
3189 1514 3292 1551 non
3329 1499 3431 1552 alia
3480 1500 3585 1553 ulla

329 1575 391 1622 τὸ
425 1573 481 1624 δὲ
525 1577 626 1642 τῆς
655 1575 835 1646 ψυχῆς
871 1578 930 1629 οὐ
967 1579 1139 1641 νόσος,
1169 1579 1228 1630 οὐ
1279 1581 1495 1652 χρόνος,
1519 1581 1578 1632 οὐ
1611 1582 1810 1650 γῆρας,
1846 1583 1907 1635 οὐ

2020 1599 2077 1637 re
2107 1585 2271 1639 simili
2291 1588 2526 1641 deterior
2558 1587 2671 1642 ﬁeri
2700 1600 2896 1658 potest,
2932 1591 3022 1643 sed
3057 1600 3301 1643 remanet
3330 1601 3588 1658 perpetuo

332 1661 588 1727 θάνατος,
618 1667 718 1718 οὐκ
755 1666 884 1720 ἄλλο
911 1670 1019 1722 τῶν
1054 1670 1311 1726 τοιούτων
1358 1673 1511 1730 οὐδὲν
1546 1673 1908 1743 λυμαίνεσθαι

2017 1676 2239 1730 ﬂoreus.
2269 1676 2332 1728 Et
2361 1693 2425 1731 ea
2452 1684 2700 1746 corporis
2735 1678 2911 1732 [urina
2960 1680 3292 1749 aspicientes
3339 1681 3406 1733 ad
3468 1681 3588 1734 libi-

327 1754 580 1819 δύναται,
630 1758 767 1811 ἀλλὰ
803 1761 957 1826 μένει
994 1761 1260 1830 διηνεκῶς
1311 1765 1510 1817 ἀνθοῦν
1534 1782 1546 1795 ·
1579 1767 1673 1819 καὶ
1702 1767 1763 1819 τὸ
1810 1768 1910 1834 μέν

2017 1769 2196 1822 dinem
2246 1769 2414 1824 allicit
2462 1785 2626 1837 szepe,
2679 1773 2877 1825 animae
2910 1788 3039 1825 vero
3079 1774 3254 1838 ipsum
3305 1771 3470 1825 Deum
3519 1775 3584 1825 ad

326 1845 423 1896 τοῦ
479 1847 754 1916 σώματος,
806 1854 934 1915 τοὺς
979 1855 1224 1923 ὁρῶντας
1268 1857 1348 1918 εἰς
1387 1857 1688 1910 ἀκολασίαν
1741 1861 1906 1911 ἐκκα-

1970 1844 1982 1892 ί
2012 1860 2093 1913 sui
2127 1876 2371 1914 amorem
2407 1862 2653 1929 attrahit,
2691 1847 2847 1932 juxta
2890 1863 3020 1916 illud
3049 1863 3192 1931 quod
3217 1865 3290 1915 ait
3324 1863 3584 1931 propheta

325 1936 506 1991 λεῖται
532 1941 790 2006 πολλάκις
814 1959 827 1972 ·
861 1945 924 1998 τὸ
951 1945 1008 1999 δὲ
1042 1947 1141 2015 τῆς
1171 1946 1350 2017 ψυχῆς
1382 1949 1602 2013 κάλλος,
1625 1949 1787 2001 αὑτὸν
1812 1950 1902 2001 τὸν

2012 1948 2310 2003 Ecclesiam
2363 1950 2666 2019 alloquens,
2704 1967 2823 2021 quae
2867 1963 2950 2004 est
3000 1951 3122 2005 lldei
3162 1961 3358 2006 nostra:
3406 1955 3584 2006 omnis

327 2029 463 2080 Θεὸν
488 2032 623 2099 πρὸς
652 2035 742 2086 τὸν
769 2037 969 2090 οἰκεῖον
994 2040 1176 2108 ἔρωτα
1203 2039 1544 2094 ἐπισπᾶται·
1572 2042 1712 2095 καθά
1735 2059 1904 2110 φησιν

2012 2042 2335 2110 plenitudo:
2375 2044 2537 2106 Audi,
2581 2043 2711 2110 lilia,
2768 2053 2822 2096 et
2856 2041 2999 2108 vide,
3041 2052 3096 2097 et
3149 2044 3350 2098 inclina
3398 2058 3582 2097 aurem

323 2124 354 2174 ὁ
397 2123 695 2198 Προφήτης
742 2130 876 2198 πρὸς
920 2132 1022 2201 τὴν
1057 2133 1382 2204 Ἐκκλησίαν
1429 2133 1832 2206 διαλεγόμενος,
1867 2136 1902 2206 ἦ

2017 2147 2200 2198 tuam;
2252 2145 2306 2189 et
2356 2137 2712 2203 concupiscet
2757 2151 2853 2189 rex
2902 2137 3150 2189 decorem
3189 2146 3362 2188 tuum.
3410 2136 3577 2203 Quam

327 2227 415 2276 τις
479 2217 597 2271 ἐστὶ
647 2219 706 2272 τὸ
761 2221 874 2274 τῶν
914 2227 1124 2282 πιστῶν
1171 2229 1331 2300 ήμῶν
1381 2231 1528 2283 ἇπαν
1581 2229 1901 2300 πλήρωμαο

2011 2227 2474 2298 pulchritudinem
2518 2242 2616 2281 nos
2659 2228 3020 2294 despicientes
3064 2227 3284 2290 misere,
3330 2241 3434 2281 non
3487 2228 3579 2281 de-

335 2307 631 2376 Ἀκουσον,
664 2311 924 2385 θύγατερ,
953 2317 1048 2370 καὶ
1086 2319 1182 2384 ἴδε,
1222 2322 1316 2374 καὶ
1351 2321 1532 2373 κλῖνον
1567 2321 1627 2374 τὸ
1658 2320 1746 2382 οὓς
1781 2338 1900 2386 σου,

2010 2334 2267 2373 coramus
2297 2328 2535 2373 nostram
2569 2320 2827 2381 animam,
2855 2329 2911 2370 ut
2937 2318 3069 2373 dixi.
3099 2319 3217 2374 Non
3261 2319 3579 2387 inspicimus

326 2402 426 2452 καὶ
464 2403 803 2477 ἐπιθυμήσει
833 2411 860 2460 ό
907 2409 1166 2478 βασιλεὺς
1201 2413 1296 2465 τοῦ
1326 2413 1556 2477 κάλλους
1583 2432 1698 2467 σου.
1733 2407 1807 2468 Ob
1838 2415 1901 2486 δὴ

2007 2411 2265 2467 continuo
2298 2411 2585 2480 imaginem
2621 2410 2837 2464 virtutis
2865 2451 2880 2476 ,
2916 2420 2971 2464 et
3021 2415 3262 2465 membra
3313 2411 3430 2480 ejus
3463 2411 3581 2464 edi-

324 2491 765 2576 xa'l‘aoungpei;
802 2504 1276 2574 καταφρονοῦντες
1317 2507 1540 2571 ἀθλίως,
1585 2510 1656 2560 οὐ.
1689 2509 1898 2561 καλλω-

2008 2505 2213 2558 scinms
2239 2511 2291 2554 et
2320 2509 2483 2570 caput
2507 2517 2522 2552 :
2557 2501 2756 2565 etenim
2781 2512 2833 2555 et
2861 2509 3022 2570 caput
3054 2501 3216 2554 habet.
3244 2513 3300 2554 et
3334 2503 3575 2555 membra

323 2585 562 2654 πίξομεν
590 2590 746 2659 ήμῶν
775 2591 874 2664 τὴν
899 2594 1100 2664 ψυχὴν,
1128 2597 1204 2660 ὡς
1229 2592 1408 2660 εἷπον,
1440 2598 1540 2650 οὐκ
1570 2599 1900 2652 ἐπισκοποῦ-

1848 2599 1900 2651 ῡ-
2009 2595 2199 2666 quovis
2229 2607 2456 2662 corpore
2489 2593 2734 2663 specioso
2764 2602 2816 2646 et
2853 2592 3074 2662 pulchro
3117 2592 3462 2669 fornmsiora.

324 2693 431 2746 μεν
469 2684 708 2751 συνεχῶς
737 2686 837 2754 τὴν
871 2690 1057 2744 εἰκόνα
1106 2691 1210 2760 τῆς
1259 2692 1482 2762 ἀρετῆς,
1518 2691 1710 2744 καὶτὰ
1759 2692 1895 2760 μέλη
1939 2689 2110 2759 αὐτῆς
2141 2686 2664 2756 καταμανθάνομεν,
2707 2687 2804 2738 καὶ
2847 2686 2946 2755 τὴν
3011 2685 3258 2756 κεφαλήν
3282 2699 3298 2716 °
3330 2685 3425 2740 καὶ
3475 2685 3583 2755 γὰρ

321 2769 422 2822 καὶ
472 2774 715 2841 κεφαλὴν
767 2777 880 2849 ἔχει
915 2783 1012 2835 καὶ
1045 2781 1185 2852 μέλη
1227 2783 1428 2846 παντὸς
1475 2781 1726 2852 σώματος
1752 2781 1992 2845 εὐειδοῦς
2023 2784 2118 2834 καὶ
2147 2781 2311 2833 καλοῦ
2336 2779 2771 2848 εὐπρεπέστερα.

397 2951 465 3021 β’.
489 2952 582 3014 Τίς
610 2952 701 3005 οὖν
730 2956 761 3022 ἡ
793 2957 1006 3026 κεφαλὴ
1032 2959 1129 3026 τῆς
1155 2959 1354 3030 ἀρετῆς
1377 2979 1571 3032 φησιν;
1604 2964 1672 3017 Ἠ
1705 2979 1895 3016 ταπει-

2061 2961 2118 3014 2.
2159 2959 2311 3025 Quod
2339 2975 2467 3030 ergo
2519 2968 2681 3030 caput
2714 2969 2799 3014 est
2844 2958 3110 3014 virtutis?
3155 2960 3348 3029 inquit.
3395 2961 3579 3017 Hurni-

317 3048 628 3115 νοιρροσύνη
657 3065 670 3078 ο
699 3048 779 3100 διὸ
824 3051 919 3103 καὶ
950 3052 1046 3104 ἀπ’
1073 3051 1241 3120 αὐτῆς
1272 3053 1299 3104 ό
1347 3055 1586 3122 Χριστὸς
1643 3053 1893 3124 ἄρχεται,

1993 3053 2119 3108 litas
2151 3055 2291 3117 ideo,
2329 3063 2386 3107 et
2421 3052 2489 3106 ab
2527 3067 2588 3105 ea
2617 3053 2871 3106 Christus
2917 3053 3109 3121 incipit
3144 3053 3337 3108 dicens
3371 3071 3384 3108 :
3426 3054 3573 3109 Beati

315 3137 498 3205 λέγων
519 3156 534 3171 ·
565 3141 846 3210 Μακάριοι
877 3145 926 3195 οἱ
971 3146 1179 3215 πτωχοὶ
1227 3144 1307 3216 τῷ
1348 3146 1653 3216 πνεύματι’
1687 3146 1828 3216 αὕτη
1859 3147 1890 3217 ἡ

1993 3159 2256 3214 pauperes
2286 3143 2504 3212 Spiritu.
2542 3141 2656 3196 l'loc
2710 3151 2875 3211 caput
2917 3158 3024 3196 non
3077 3142 3355 3198 caesariem
3414 3145 3577 3197 habet

317 3232 536 3299 κεφαλὴ
569 3233 628 3284 οὐ
664 3233 839 3302 κόμας
871 3235 984 3305 ἔχει
1017 3238 1112 3289 καὶ
1147 3238 1495 3308 βοστρύχους,
1529 3240 1665 3292 ἀλλὰ
1696 3241 1890 3302 κάλλος
1921 3232 1931 3278 ⁴

1960 3229 1963 3281 ἱ
1998 3252 2096 3291 nec
2135 3235 2435 3298 cincinnos,
2477 3234 2569 3287 sed
2603 3234 2762 3288 talem
2818 3233 3272 3295 pulchritudinem
3312 3244 3371 3289 ut
3412 3234 3574 3288 Deum

315 3325 593 3390 τοιοῦτον,
641 3324 754 3382 οἷον
807 3331 897 3383 τὸν
942 3331 1076 3384 Θεὸν
1127 3336 1564 3390 ἐπισπάσασθαι.
1601 3337 1726 3390 Ἐπὶ
1773 3343 1894 3389 τίνα

1997 3329 2260 3382 attrahat.
2290 3327 2464 3396 Super
2496 3342 2654 3396 quem
2691 3328 2837 3382 enim
2871 3327 3157 3394 aspiciam,
3212 3328 3411 3397 inquit,
3466 3327 3567 3380 nisi

314 3417 431 3486 γὰρ
454 3418 755 3487 amonem,
783 3424 970 3491 φησιν,
995 3423 1114 3477 ἀλλ’
1142 3425 1172 3493 ἢ
1203 3405 1296 3478 ἐπὶ
1321 3427 1414 3479 τὸν
1437 3429 1614 3495 πρᾶον
1644 3430 1739 3480 και
1763 3429 1896 3498 ἡσύ-

1997 3437 2160 3487 super
2195 3430 2546 3476 tnansuetum
2579 3429 2634 3474 et
2680 3420 2990 3490 pacificum,
3044 3430 3099 3474 et
3136 3421 3414 3474 timentem
3462 3435 3577 3475 spr-

312 3531 440 3583 χιον
476 3516 570 3573 καὶ
618 3517 898 3585 τρέμοντά
957 3535 1059 3588 μου
1095 3521 1221 3584 τοὺς
1260 3521 1493 3589 λόγους;
1537 3523 1644 3575 Καὶ
1691 3523 1852 3577 πάλιν
1876 3539 1891 3556 ο

1998 3527 2186 3567 mones
2220 3512 2405 3566 meos?
2433 3511 2498 3565 Et
2526 3527 2712 3566 rursus
2746 3529 2759 3564 :
2787 3511 2941 3566 Oculi
2983 3513 3087 3566 mei
3135 3527 3298 3580 super
3323 3527 3573 3566 mansuc-

313 3607 386 3658 Οί
433 3605 704 3675 ὀφθαλμοί
762 3626 864 3677 μου
920 3613 1012 3664 ἐπὶ
1052 3611 1176 3673 τοὺς
1221 3615 1419 3682 πραεῖς
1459 3614 1561 3682 τῆς
1617 3616 1893 3684 γῆς.ιΚαὶ

1998 3614 2082 3655 tos
2118 3613 2291 3654 terrae.
2327 3600 2392 3654 Et
2422 3600 2599 3655 denuo
2632 3618 2647 3656 :
2690 3601 2860 3668 Pr0pe
2886 3609 2973 3656 est
3009 3601 3272 3655 Dominus
3304 3603 3573 3655 contritas

314 3695 518 3758 αὖθις·
585 3699 783 3766 Ἐγγὺς
839 3699 1044 3769 Κύριος
1081 3705 1194 3766 τοῖς
1257 3705 1739 3775 συντετριμμένοις
1794 3707 1894 3775 τὴν

1996 3694 2158 3747 corde
2191 3701 2244 3746 et
2269 3693 2505 3747 humiles
2539 3693 2732 3760 spiritu
2766 3695 2949 3747 salvos
2983 3693 3161 3747 faciet.
3203 3691 3384 3761 Ipsum
3411 3704 3573 3757 caput

312 3787 575 3857 καρδίαν,
609 3791 701 3842 καὶ
727 3792 856 3855 τοὺς
883 3795 1178 3858 ταπεινοὺς
1217 3799 1490 3864 πνεύματι
1519 3799 1703 3852 σώσει.
1741 3799 1892 3867 Αὕτη

1997 3799 2094 3852 pro
2117 3783 2327 3852 capillis
2374 3794 2428 3836 et
2477 3786 2704 3837 caesarie
2737 3785 2985 3838 victimas
3038 3784 3142 3838 l'ert
3190 3783 3302 3837 Deo
3336 3795 3520 3850 gratas
3553 3803 3566 3837 ;

310 3882 351 3950 ἡ
396 3881 608 3952 κεφαλὴ
639 3883 760 3937 ἀντὶ
790 3884 992 3954 τριχῶν
1023 3886 1118 3939 καὶ
1147 3887 1347 3958 κόμης,
1381 3887 1600 3955 Θύματα
1629 3891 1786 3957 φέρει
1815 3891 1892 3958 τῷ

1996 3875 2167 3928 altare
2217 3883 2302 3927 est
2351 3889 2574 3926 aureum
2627 3883 2681 3927 et.
2737 3889 2834 3926 ara
2884 3874 3166 3942 spiritalis.
3225 3873 3567 3928 Sacr-ilicium

311 3971 437 4038 Θεῷ
478 3973 886 4042 κεχαρισμέναο
939 3975 1126 4044 βωμός
1166 3979 1282 4028 ἐστι
1314 3959 1551 4046 χρυσοῦς
1579 3979 1672 4030 καὶ
1701 3977 1891 4030 Θυσια-

1995 3966 2139 4018 enim
2175 3963 2288 4019 Deo
2322 3965 2549 4032 spiritus
2582 3965 2997 4018 contribulatus.
3024 3964 3143 4032 Ipsa
3171 3976 3254 4018 est
3283 3965 3568 4032 sapientiae

313 4060 543 4127 στήριον
581 4062 956 4130 πνευματικόν
979 4079 992 4092 ·
1043 4063 1215 4116 Θυσία
1259 4065 1367 4134 γὰρ
1397 4064 1473 4133 τῷ
1521 4065 1641 4136 Θεῷ
1673 4064 1892 4130 πνεῦμα

1995 4067 2205 4110 mater:
2241 4057 2285 4110 si
2321 4057 2441 4124 quis
2475 4070 2593 4108 eam
2645 4055 2828 4119 habet,
2864 4066 2920 4108 et
2948 4067 3145 4108 caetera
3192 4054 3437 4109 habebit.
3481 4056 3567 4108 ιτε-

314 4151 810 4220 συντετριμμένον.
850 4153 1000 4222 Αὕτη
1033 4156 1182 4206 ἐστὶν
1208 4157 1240 4224 ἡ
1270 4160 1370 4219 τῆς
1415 4157 1609 4224 σοφίας
1659 4162 1846 4226 μήτηρ
1873 4174 1887 4188 ’

1993 4149 2118 4204 ἀίειὶ
2155 4157 2317 4217 caput
2350 4148 2509 4217 quale
2541 4162 2817 4216 nunquam
2853 4148 3052 4210 vidisti,
3087 4148 3239 4201 visne
3279 4157 3335 4201 et
3369 4147 3559 4201 faciem

311 4240 386 4292 ἂν
415 4241 621 4311 ταύτην
649 4241 746 4313 ἔχῃ
768 4261 876 4306 τις,
900 4244 992 4296 καὶ
1017 4246 1085 4296 τά
1115 4247 1278 4298 λοιπὰ
1299 4245 1410 4311 ἔξει
1436 4263 1450 4277 ⁸
1480 4243 1618 4309 εἶδες
1647 4247 1888 4318 κεφαλὴν

1995 4241 2198 4303 videre,
2247 4242 2428 4308 potius
2477 4255 2602 4295 vero
2633 4241 2890 4294 discere?
2935 4241 3093 4293 Disce
3121 4255 3253 4308 ergo
3276 4254 3448 4308 usque
3497 4241 3561 4292 ad

310 4331 438 4384 οταν
479 4333 738 4386 οὐδέποτε
769 4332 930 4397 εἶδες.
968 4335 1156 4390 Βούλει
1188 4338 1283 4392 καὶ
1307 4338 1369 4390 τὸ
1397 4339 1688 4408 πρόσωπον
1737 4340 1890 4396 ἰδεῖν.

1998 4331 2122 4399 ejus
2161 4331 2397 4386 colorem
2431 4333 2654 4386 rubrum
2677 4342 2729 4385 et
2754 4333 2892 4386 bene
2923 4330 3231 4394 ﬂorentem,
3255 4339 3310 4386 et
3337 4330 3561 4383 multam

315 4423 526 4492 μᾶλλον
547 4424 601 4477 δὲ
635 4425 862 4494 μαθείν;
888 4428 1098 4481 Οὐκοῦν
1129 4429 1266 4489 μάθε
1298 4430 1436 4492 τέως
1465 4431 1631 4483 αὑτοῦ
1655 4431 1716 4483 τὸ
1745 4431 1891 4502 χρῶ-

1993 4423 2201 4478 habens
2254 4425 2501 4493 gratiam.
2541 4423 2607 4477 Et
2660 4423 2812 4476 disce
2862 4423 3005 4477 unde
3053 4422 3362 4477 consistat?
3407 4419 3561 4476 Unde

314 4532 398 4586 μα
428 4517 488 4568 τὸ
535 4517 768 4587 ἐρυθρὸν
815 4521 910 4571 καὶ
961 4521 1188 4583 εὐανθὲς
1244 4523 1337 4575 καὶ
1379 4523 1580 4593 πολλὴν
1612 4524 1734 4592 ἕχον
1787 4523 1928 4615 τὴν1

1949 4568 1963 4612 ν
1993 4517 2162 4585 igitur
2194 4515 2499 4570 consistat?
2526 4514 2572 4568 A
2596 4518 2799 4582 pudore
2827 4525 2883 4569 et
2913 4515 3147 4569 rubore:
3186 4515 3306 4568 ideo
3345 4522 3401 4570 et
3426 4515 3563 4568 dici-

307 4609 476 4674 χάριν
501 4622 515 4636 ο
548 4608 643 4659 καὶ
692 4609 829 4673 μάθε
861 4608 1030 4661 πόθεν
1056 4611 1412 4664 συνίσταται·
1443 4611 1606 4664 πόθεν
1634 4610 1727 4664 οὖν
1759 4627 1887 4663 συν-
1918 4606 1921 4613 “

1948 4605 2083 4661 ἰιιν
2159 4625 2172 4660 :
2239 4607 2514 4662 Ruborem
2588 4607 2842 4677 prmcedit
2909 4608 3103 4677 gratia.
3173 4605 3285 4661 Hoc
3352 4606 3562 4661 caeteris

312 4698 562 4762 ίσταται;
593 4699 702 4751 ἀπὸ
749 4699 842 4752 τοῦ
885 4699 1342 4770 αἰσχύνεσθαικαὶ
1369 4702 1630 4772 ἐρυθριᾷν
1655 4719 1670 4734 ο
1693 4703 1772 4755 διὸ
1794 4705 1887 4756 καί

1994 4701 2253 4756 membris
2281 4701 2501 4755 nmltam
2537 4701 2772 4754 iul'undit
2804 4699 3291 4770 pulchritudinem.
3337 4698 3446 4752 Etsi
3481 4699 3562 4750 in-

304 4806 397 4850 τις
440 4792 593 4858 φησὶ,
651 4791 762 4861 Πρὸ
813 4793 1182 4862 αἰσχυντηροῦ
1236 4793 1631 4860 προελεύσεται
1682 4795 1880 4864 χάρις’

1993 4807 2252 4846 numeros
2289 4793 2523 4846 misceas
2559 4792 2787 4856 colores,
2827 4807 2929 4845 non
2962 4791 3162 4846 efﬁcies
3213 4799 3412 4846 tantam
3446 4790 3562 4860 pttl-

305 4884 474 4937 τοῦτο
502 4887 593 4939 καὶ
620 4887 731 4939 τῶν
778 4887 957 4941 ἄλλων
988 4889 1166 4954 μελῶν
1198 4888 1334 4939 πολὺ
1383 4890 1613 4954 καταχεῖ
1642 4887 1702 4938 τὸ
1753 4887 1883 4940 κάλ-

1993 4882 2379 4937 chritmlinem.
2434 4882 2489 4936 Si
2545 4892 2725 4938 autem
2791 4885 2981 4939 oculos
3028 4885 3108 4938 vis
3149 4883 3354 4948 videre,
3378 4883 3559 4949 aspice

306 4976 442 5039 λος’
482 4974 583 5029 κᾶν
621 4978 789 5047 μυρία
844 4978 1005 5048 μίξῃς
1035 4978 1326 5048 χρώματα,
1368 4978 1467 5030 οὐκ
1517 4976 1728 5048 ἐργάσῃ
1770 4993 1881 5028 τοι·

1993 4971 2253 5028 modestia
2311 4987 2364 5030 et
2408 4977 2694 5045 prudentia
2765 4987 3019 5031 accurate
3083 4977 3429 5045 compositos.
3474 4975 3559 5030 ιιι.

306 5069 485 5138 αὐτην
541 5066 713 5136 ὥραν.
763 5070 823 5121 El
875 5071 930 5122 δὲ
987 5069 1250 5132 καὶτοὺς
1304 5069 1612 5138 ὀφθαλμοὸς
1673 5067 1878 5130 ἐθέλεις

1993 5066 2142 5117 circo
2165 5065 2236 5118 ita
2273 5067 2482 5134 pulchri
2512 5077 2564 5120 et
2603 5069 2744 5121 acuti
2784 5069 2916 5121 linut
2949 5077 3007 5122 ut
3045 5078 3095 5121 et
3120 5069 3218 5134 ipsi
3271 5069 3553 5121 Dominum

309 5157 465 5221 ἰδεῖν,
505 5157 606 5227 ὅρα
659 5159 980 5227 κοσμιότητι
1032 5158 1488 5228 καὶλσωφροσύνῃ
1535 5159 1671 5227 μετὰ
1715 5161 1876 5228 ἀκρικ

1982 5159 2224 5212 videant.
2249 5158 2396 5214 Beati
2413 5161 2580 5224 enim,
2601 5160 2695 5224 ait,
2717 5162 2898 5215 mundi
2923 5163 3105 5224 corde,
3126 5161 3247 5226 quia
3269 5160 3369 5226 ipsi
3392 5163 3557 5214 Deum

304 5245 463 5308 6είας
519 5248 1070 5316 ὑπογεγραμμένους.
1125 5247 1216 5299 Διὸ
1265 5251 1357 5300 καὶ
1403 5247 1545 5300 οὕτω
1589 5247 1743 5300 καλοὶ
1783 5247 1875 5300 καὶ

1983 5249 2266 5304 videbunt.
2302 5247 2376 5302 Os
2407 5257 2584 5302 autem
2613 5249 2732 5316 ejus
2772 5249 3038 5316 sapientia
3073 5256 3124 5301 et
3168 5247 3481 5301 intellectus
3499 5259 3557 5301 et

305 5336 618 5408 ὀξυδερκεῖς
649 5339 916 5404 γίνονται,
939 5338 1014 5402 ὡς
1046 5339 1142 5392 καὶ
1164 5340 1328 5393 αὐτὸν
1355 5340 1445 5392 τὸν
1471 5341 1674 5408 Κύριον
1702 5342 1836 5411 ὁρᾷν
1859 5355 1873 5370 ⁸

2036 5341 2248 5393 iii-italia
2280 5341 2489 5394 cantica
2526 5355 2771 5394 noscere.
2800 5342 2905 5394 Cor
2945 5354 3074 5394 vero
3095 5381 3112 5406 ,
3149 5337 3554 5408 Seripturarum

303 5431 591 5498 Μακάριοι
644 5431 782 5500 γὰρ,
831 5435 1019 5501 φησιν,
1050 5434 1098 5484 oi
1135 5432 1372 5502 καθαροὶ
1401 5436 1467 5503 τῇ
1519 5434 1740 5502 καρδίᾳ,
1793 5435 1875 5486 ὅτι

1985 5431 2356 5498 experientia;
2403 5440 2458 5484 et
2485 5430 2798 5499 dogmatum
2849 5443 3167 5484 exactorum
3222 5445 3472 5492 examen,
3502 5435 3558 5481 et

305 5521 461 5573 αὐτοὶ
493 5520 583 5574 τὸν
615 5523 748 5574 θεὸν
775 5519 1003 5591 ὄψονται
1024 5539 1040 5554 ο
1073 5523 1247 5589 στόμα
1275 5522 1332 5574 δέ
1360 5523 1552 5591 αὐτῆς.
1585 5523 1744 5590 σοφία
1780 5526 1874 5576 καὶ

1985 5520 2296 5575 lmmauitas
2323 5530 2376 5574 ct
2408 5521 2640 5586 bonitas,
2674 5537 2735 5574 ac
2757 5523 2919 5576 veluti
2947 5525 3152 5589 alisque
3174 5525 3354 5593 priore
3373 5521 3557 5576 vivere

306 5613 546 5676 σύνεσις,
579 5615 672 5666 καὶ
701 5614 762 5666 τὸ
798 5613 1200 5685 πνευματικοὺς
1240 5615 1440 5680 ὕμνους
1468 5615 1664 5666 εἰδέναι
1687 5630 1698 5642 ’
1731 5633 1870 5685 καρ-

1984 5629 2085 5666 ιιοιι
2117 5623 2286 5680 potes,
2334 5614 2405 5666 ita
2443 5613 2648 5680 absque
2676 5614 2980 5678 posteriore
3035 5630 3141 5668 non
3194 5614 3400 5667 salvum
3440 5615 3553 5667 liori

302 5701 392 5754 δία
440 5702 519 5769 δέ,
568 5703 802 5772 Γραφῶν
832 5704 1115 5774 ἐμπειρία,
1149 5703 1243 5755 καὶ
1284 5705 1571 5772 δογμάτων
1621 5704 1868 5773 ἀκριϐῶν

1982 5713 2135 5775 potes
2167 5720 2180 5758 :
2211 5704 2336 5760 inde
2377 5705 2578 5760 etenim
2615 5705 2797 5759 omnia
2844 5707 3140 5776 gignuntur
3183 5705 3432 5773 pulchra.
3467 5704 3547 5762 illi

550 5807 813 5864 l’ATtmL.
849 5805 964 5862 Gn.
999 5795 1267 5862 CXLIX.
3129 5782 3210 5860 29
