  <div class='ocr_page' id='page_1' title='image "/cluster/home/n/w/nwhite01/storage/ocr_20150623/149/mdp.39015078384750/463.png"; bbox 0 0 4088 6294; ppageno 0'>
   <div class='ocr_carea' id='block_1_1' title="bbox 635 411 2249 480">
    <p class='ocr_par' dir='ltr' id='par_1_1' title="bbox 635 411 2249 478">
     <span class='ocr_line' id='line_1_1' title="bbox 635 411 2249 478; baseline -0.002 -3"><span class='ocrx_word' id='word_1_1' title='bbox 635 411 738 478; x_wconf 67' lang='grc'><strong>921</strong></span> <span class='ocrx_word' id='word_1_2' title='bbox 1771 413 2167 473; x_wconf 83' lang='lat' dir='ltr'><strong>TIlEODORl</strong></span> <span class='ocrx_word' id='word_1_3' title='bbox 2205 415 2249 472; x_wconf 64' lang='lat' dir='ltr'><strong>fil</strong></span> 
     </span>
    </p>
   </div>
   <div class='ocr_carea' id='block_1_2' title="bbox 2203 411 3817 480">
    <p class='ocr_par' dir='ltr' id='par_1_2' title="bbox 2205 413 3817 480">
     <span class='ocr_line' id='line_1_2' title="bbox 2205 413 3817 480; baseline 0.004 -8"><span class='ocrx_word' id='word_1_4' title='bbox 2205 413 2749 473; x_wconf 73' lang='lat' dir='ltr'><strong>MELITENIOTE</strong></span> <span class='ocrx_word' id='word_1_5' title='bbox 3739 417 3817 480; x_wconf 71' lang='lat'><strong>912</strong></span> 
     </span>
    </p>
   </div>
   <div class='ocr_carea' id='block_1_3' title="bbox 633 521 2247 602">
    <p class='ocr_par' dir='ltr' id='par_1_3' title="bbox 633 521 2247 593">
     <span class='ocr_line' id='line_1_3' title="bbox 633 521 2247 593; baseline -0.002 -17"><span class='ocrx_word' id='word_1_6' title='bbox 633 540 750 576; x_wconf 79' lang='lat' dir='ltr'><strong>sum</strong></span> <span class='ocrx_word' id='word_1_7' title='bbox 779 522 1201 593; x_wconf 71' lang='lat' dir='ltr'><strong>pltilos&#39;Ophiam,</strong></span> <span class='ocrx_word' id='word_1_8' title='bbox 1232 523 1277 577; x_wconf 91' lang='lat' dir='ltr'><strong>si</strong></span> <span class='ocrx_word' id='word_1_9' title='bbox 1337 521 1429 576; x_wconf 86' lang='lat' dir='ltr'><strong>des</strong></span> <span class='ocrx_word' id='word_1_10' title='bbox 1482 521 1746 576; x_wconf 88' lang='lat' dir='ltr'><strong>esurienti</strong></span> <span class='ocrx_word' id='word_1_11' title='bbox 1783 537 1977 588; x_wconf 90' lang='lat' dir='ltr'><strong>panem</strong></span> <span class='ocrx_word' id='word_1_12' title='bbox 2035 531 2209 582; x_wconf 87' lang='lat' dir='ltr'><strong>tuum,</strong></span> <span class='ocrx_word' id='word_1_13' title='bbox 2241 569 2247 581; x_wconf 48' lang='grc' dir='ltr'>η</span> 
     </span>
    </p>
   </div>
   <div class='ocr_carea' id='block_1_4' title="bbox 2203 521 3817 602">
    <p class='ocr_par' dir='ltr' id='par_1_4' title="bbox 2203 523 3817 602">
     <span class='ocr_line' id='line_1_4' title="bbox 2203 523 3817 602; baseline 0.007 -29"><span class='ocrx_word' id='word_1_14' title='bbox 2203 563 2209 581; x_wconf 81' lang='grc'><strong>,</strong></span> <span class='ocrx_word' id='word_1_15' title='bbox 2241 523 2286 581; x_wconf 77' lang='grc' dir='ltr'>Α</span> <span class='ocrx_word' id='word_1_16' title='bbox 2315 523 2412 592; x_wconf 84' lang='grc' dir='ltr'><strong>τὴν</strong></span> <span class='ocrx_word' id='word_1_17' title='bbox 2447 524 2711 576; x_wconf 81' lang='grc' dir='ltr'><strong>ἀνωτάτω</strong></span> <span class='ocrx_word' id='word_1_18' title='bbox 2740 523 3081 593; x_wconf 75' lang='grc' dir='ltr'>φιλοσοφέαν,</span> <span class='ocrx_word' id='word_1_19' title='bbox 3111 524 3206 578; x_wconf 84' lang='grc' dir='ltr'>ἐὰν</span> <span class='ocrx_word' id='word_1_20' title='bbox 3233 523 3340 591; x_wconf 84' lang='grc' dir='ltr'><strong>δῷς</strong></span> <span class='ocrx_word' id='word_1_21' title='bbox 3374 525 3615 580; x_wconf 76' lang='grc' dir='ltr'><strong>πεινῶντι</strong></span> <span class='ocrx_word' id='word_1_22' title='bbox 3644 527 3719 582; x_wconf 77' lang='grc' dir='ltr'>τὸν</span> <span class='ocrx_word' id='word_1_23' title='bbox 3743 532 3817 602; x_wconf 78' lang='grc' dir='ltr'>ἀρ-</span> 
     </span>
    </p>
   </div>
   <div class='ocr_carea' id='block_1_5' title="bbox 634 606 2248 686">
    <p class='ocr_par' dir='ltr' id='par_1_5' title="bbox 634 606 2211 682">
     <span class='ocr_line' id='line_1_5' title="bbox 634 606 2211 682; baseline -0.001 -17"><span class='ocrx_word' id='word_1_24' title='bbox 634 614 679 666; x_wconf 77' lang='lat' dir='ltr'><strong>si</strong></span> <span class='ocrx_word' id='word_1_25' title='bbox 714 615 1010 682; x_wconf 88' lang='lat' dir='ltr'><strong>appetitunt</strong></span> <span class='ocrx_word' id='word_1_26' title='bbox 1041 612 1363 678; x_wconf 81' lang='lat' dir='ltr'><strong>domineris,</strong></span> <span class='ocrx_word' id='word_1_27' title='bbox 1398 613 1443 667; x_wconf 90' lang='lat' dir='ltr'><strong>si</strong></span> <span class='ocrx_word' id='word_1_28' title='bbox 1469 606 1666 666; x_wconf 76' lang='lat' dir='ltr'><strong>vanam</strong></span> <span class='ocrx_word' id='word_1_29' title='bbox 1716 612 1944 680; x_wconf 76' lang='lat' dir='ltr'><strong>gloriam</strong></span> <span class='ocrx_word' id='word_1_30' title='bbox 1996 612 2211 680; x_wconf 83' lang='lat' dir='ltr'><strong>ejicias,</strong></span> 
     </span>
    </p>
   </div>
   <div class='ocr_carea' id='block_1_6' title="bbox 2206 606 3820 686">
    <p class='ocr_par' dir='ltr' id='par_1_6' title="bbox 2206 613 3820 686">
     <span class='ocr_line' id='line_1_6' title="bbox 2206 613 3820 686; baseline 0.005 -19"><span class='ocrx_word' id='word_1_31' title='bbox 2206 654 2211 676; x_wconf 78' lang='grc'><strong>,</strong></span> <span class='ocrx_word' id='word_1_32' title='bbox 2317 631 2409 667; x_wconf 86' lang='grc' dir='ltr'><strong>τον</strong></span> <span class='ocrx_word' id='word_1_33' title='bbox 2439 631 2559 680; x_wconf 88' lang='grc' dir='ltr'>σου,</span> <span class='ocrx_word' id='word_1_34' title='bbox 2595 615 2690 669; x_wconf 78' lang='grc' dir='ltr'>ἐὰν</span> <span class='ocrx_word' id='word_1_35' title='bbox 2720 613 2894 685; x_wconf 78' lang='grc' dir='ltr'>θυμοῦ</span> <span class='ocrx_word' id='word_1_36' title='bbox 2924 616 3227 686; x_wconf 79' lang='grc' dir='ltr'>κρατήσῃς,</span> <span class='ocrx_word' id='word_1_37' title='bbox 3258 617 3325 669; x_wconf 85' lang='grc' dir='ltr'>ἂν</span> <span class='ocrx_word' id='word_1_38' title='bbox 3356 615 3644 681; x_wconf 76' lang='grc' dir='ltr'>κενοδοξίαν</span> <span class='ocrx_word' id='word_1_39' title='bbox 3666 620 3820 675; x_wconf 76' lang='grc' dir='ltr'>ἐκϐάλ-</span> 
     </span>
    </p>
   </div>
   <div class='ocr_carea' id='block_1_7' title="bbox 633 701 2247 781">
    <p class='ocr_par' dir='ltr' id='par_1_7' title="bbox 633 701 2210 769">
     <span class='ocr_line' id='line_1_7' title="bbox 633 701 2210 769; baseline -0.003 -13"><span class='ocrx_word' id='word_1_40' title='bbox 633 705 675 756; x_wconf 85' lang='lat' dir='ltr'><strong>si</strong></span> <span class='ocrx_word' id='word_1_41' title='bbox 698 703 956 758; x_wconf 74' lang='lat' dir='ltr'><strong>invidiam</strong></span> <span class='ocrx_word' id='word_1_42' title='bbox 989 707 1272 768; x_wconf 84' lang='lat' dir='ltr'><strong>destruas;</strong></span> <span class='ocrx_word' id='word_1_43' title='bbox 1319 702 1393 755; x_wconf 89' lang='lat' dir='ltr'><strong>ita</strong></span> <span class='ocrx_word' id='word_1_44' title='bbox 1424 703 1613 769; x_wconf 88' lang='lat' dir='ltr'><strong>etipse</strong></span> <span class='ocrx_word' id='word_1_45' title='bbox 1650 701 1902 756; x_wconf 79' lang='lat' dir='ltr'><strong>Christus</strong></span> <span class='ocrx_word' id='word_1_46' title='bbox 1935 701 2210 756; x_wconf 81' lang='lat' dir='ltr'><strong>docebat:</strong></span> 
     </span>
    </p>
   </div>
   <div class='ocr_carea' id='block_1_8' title="bbox 2208 701 3822 781">
    <p class='ocr_par' dir='ltr' id='par_1_8' title="bbox 2208 707 3822 781">
     <span class='ocr_line' id='line_1_8' title="bbox 2208 707 3822 781; baseline 0.003 -21"><span class='ocrx_word' id='word_1_47' title='bbox 2208 720 2210 751; x_wconf 81' lang='grc' dir='ltr'>ῐ</span> <span class='ocrx_word' id='word_1_48' title='bbox 2316 707 2436 778; x_wconf 85' lang='grc' dir='ltr'>λῃς,</span> <span class='ocrx_word' id='word_1_49' title='bbox 2475 708 2542 760; x_wconf 86' lang='grc' dir='ltr'><strong>ἂν</strong></span> <span class='ocrx_word' id='word_1_50' title='bbox 2593 709 2894 778; x_wconf 77' lang='grc' dir='ltr'>βασκανίαν</span> <span class='ocrx_word' id='word_1_51' title='bbox 2922 708 3119 780; x_wconf 71' lang='grc' dir='ltr'>ἀνέλῃς</span> <span class='ocrx_word' id='word_1_52' title='bbox 3141 723 3155 736; x_wconf 87' lang='grc'>⁶</span> <span class='ocrx_word' id='word_1_53' title='bbox 3184 709 3330 761; x_wconf 76' lang='grc' dir='ltr'>οὕτω</span> <span class='ocrx_word' id='word_1_54' title='bbox 3377 709 3467 761; x_wconf 78' lang='grc' dir='ltr'>καὶ</span> <span class='ocrx_word' id='word_1_55' title='bbox 3501 709 3650 772; x_wconf 69' lang='grc' dir='ltr'>αὐτὸς</span> <span class='ocrx_word' id='word_1_56' title='bbox 3676 713 3822 781; x_wconf 70' lang='lat' dir='ltr'><strong>6X9:-</strong></span> 
     </span>
    </p>
   </div>
   <div class='ocr_carea' id='block_1_9' title="bbox 639 794 2253 868">
    <p class='ocr_par' dir='ltr' id='par_1_9' title="bbox 639 794 2217 864">
     <span class='ocr_line' id='line_1_9' title="bbox 639 794 2217 864; baseline 0.001 -19"><span class='ocrx_word' id='word_1_57' title='bbox 639 798 837 851; x_wconf 77' lang='lat' dir='ltr'><strong>lliscite</strong></span> <span class='ocrx_word' id='word_1_58' title='bbox 877 797 1042 858; x_wconf 88' lang='lat' dir='ltr'><strong>enim,</strong></span> <span class='ocrx_word' id='word_1_59' title='bbox 1091 795 1392 864; x_wconf 83' lang='lat' dir='ltr'><strong>inquiebat,</strong></span> <span class='ocrx_word' id='word_1_60' title='bbox 1451 809 1478 846; x_wconf 86' lang='lat' dir='ltr'><strong>a</strong></span> <span class='ocrx_word' id='word_1_61' title='bbox 1519 810 1602 846; x_wconf 86' lang='lat' dir='ltr'><strong>tne</strong></span> <span class='ocrx_word' id='word_1_62' title='bbox 1645 795 1770 862; x_wconf 82' lang='lat' dir='ltr'><strong>quia</strong></span> <span class='ocrx_word' id='word_1_63' title='bbox 1811 794 1958 846; x_wconf 86' lang='lat' dir='ltr'><strong>mitis</strong></span> <span class='ocrx_word' id='word_1_64' title='bbox 2007 809 2126 847; x_wconf 88' lang='lat' dir='ltr'><strong>sum</strong></span> <span class='ocrx_word' id='word_1_65' title='bbox 2162 801 2217 847; x_wconf 92' lang='lat' dir='ltr'><strong>et</strong></span> 
     </span>
    </p>
   </div>
   <div class='ocr_carea' id='block_1_10' title="bbox 2209 794 3823 868">
    <p class='ocr_par' dir='ltr' id='par_1_10' title="bbox 2209 799 3823 868">
     <span class='ocr_line' id='line_1_10' title="bbox 2209 799 3823 868; baseline 0.005 -22"><span class='ocrx_word' id='word_1_66' title='bbox 2209 806 2217 846; x_wconf 65' lang='grc' dir='ltr'><strong>ί</strong></span> <span class='ocrx_word' id='word_1_67' title='bbox 2320 801 2443 862; x_wconf 84' lang='grc' dir='ltr'>στὸς</span> <span class='ocrx_word' id='word_1_68' title='bbox 2493 800 2746 852; x_wconf 87' lang='grc' dir='ltr'>ἐπαίδευε</span> <span class='ocrx_word' id='word_1_69' title='bbox 2773 816 2789 832; x_wconf 76' lang='grc' dir='ltr'><strong>ο</strong></span> <span class='ocrx_word' id='word_1_70' title='bbox 2827 799 3046 854; x_wconf 67' lang='lat' dir='ltr'><strong>suam</strong></span> <span class='ocrx_word' id='word_1_71' title='bbox 3077 801 3205 868; x_wconf 77' lang='grc' dir='ltr'>γὰρ,</span> <span class='ocrx_word' id='word_1_72' title='bbox 3249 799 3459 867; x_wconf 75' lang='grc' dir='ltr'>ἔλεγεν,</span> <span class='ocrx_word' id='word_1_73' title='bbox 3506 799 3596 852; x_wconf 87' lang='grc' dir='ltr'>ἀπ’</span> <span class='ocrx_word' id='word_1_74' title='bbox 3628 800 3742 868; x_wconf 84' lang='grc' dir='ltr'>ἐμοῦ</span> <span class='ocrx_word' id='word_1_75' title='bbox 3765 804 3823 854; x_wconf 78' lang='grc' dir='ltr'>ὅτι</span> 
     </span>
    </p>
   </div>
   <div class='ocr_carea' id='block_1_11' title="bbox 639 884 2253 963">
    <p class='ocr_par' dir='ltr' id='par_1_11' title="bbox 639 884 2212 952">
     <span class='ocr_line' id='line_1_11' title="bbox 639 884 2212 952; baseline -0.003 -10"><span class='ocrx_word' id='word_1_76' title='bbox 639 890 859 943; x_wconf 78' lang='lat' dir='ltr'><strong>humilis</strong></span> <span class='ocrx_word' id='word_1_77' title='bbox 912 890 1127 952; x_wconf 80' lang='lat' dir='ltr'><strong>corde;</strong></span> <span class='ocrx_word' id='word_1_78' title='bbox 1178 903 1280 939; x_wconf 89' lang='lat' dir='ltr'><strong>ttutt</strong></span> <span class='ocrx_word' id='word_1_79' title='bbox 1327 887 1510 940; x_wconf 84' lang='lat' dir='ltr'><strong>dixit:</strong></span> <span class='ocrx_word' id='word_1_80' title='bbox 1559 885 1830 952; x_wconf 80' lang='lat' dir='ltr'><strong>Jejuuavi,</strong></span> <span class='ocrx_word' id='word_1_81' title='bbox 1888 897 1943 939; x_wconf 90' lang='lat' dir='ltr'><strong>et</strong></span> <span class='ocrx_word' id='word_1_82' title='bbox 1983 884 2212 938; x_wconf 82' lang='lat' dir='ltr'><strong>habebat</strong></span> 
     </span>
    </p>
   </div>
   <div class='ocr_carea' id='block_1_12' title="bbox 2211 884 3825 963">
    <p class='ocr_par' dir='ltr' id='par_1_12' title="bbox 2211 891 3825 963">
     <span class='ocr_line' id='line_1_12' title="bbox 2211 891 3825 963; baseline 0 -18"><span class='ocrx_word' id='word_1_83' title='bbox 2211 912 2212 935; x_wconf 51' lang='grc' dir='ltr'>ξ</span> <span class='ocrx_word' id='word_1_84' title='bbox 2319 894 2495 963; x_wconf 83' lang='grc' dir='ltr'>πρᾶος</span> <span class='ocrx_word' id='word_1_85' title='bbox 2545 893 2663 962; x_wconf 73' lang='grc' dir='ltr'>εἰμὶ</span> <span class='ocrx_word' id='word_1_86' title='bbox 2710 895 2806 946; x_wconf 70' lang='grc' dir='ltr'><strong>καὶ</strong></span> <span class='ocrx_word' id='word_1_87' title='bbox 2835 895 3092 956; x_wconf 83' lang='grc' dir='ltr'>ταπεινὸς</span> <span class='ocrx_word' id='word_1_88' title='bbox 3135 895 3202 961; x_wconf 80' lang='grc' dir='ltr'>τῇ</span> <span class='ocrx_word' id='word_1_89' title='bbox 3236 891 3473 962; x_wconf 76' lang='grc' dir='ltr'>καρδῖᾳο</span> <span class='ocrx_word' id='word_1_90' title='bbox 3504 891 3597 944; x_wconf 74' lang='grc' dir='ltr'><strong>οὐκ</strong></span> <span class='ocrx_word' id='word_1_91' title='bbox 3640 892 3825 960; x_wconf 58' lang='grc' dir='ltr'>ἐτάραξεν</span> 
     </span>
    </p>
   </div>
   <div class='ocr_carea' id='block_1_13' title="bbox 636 978 2250 1054">
    <p class='ocr_par' dir='ltr' id='par_1_13' title="bbox 636 978 2212 1050">
     <span class='ocr_line' id='line_1_13' title="bbox 636 978 2212 1050; baseline -0.006 -13"><span class='ocrx_word' id='word_1_92' title='bbox 636 984 816 1038; x_wconf 90' lang='lat' dir='ltr'><strong>dicere</strong></span> <span class='ocrx_word' id='word_1_93' title='bbox 846 983 912 1036; x_wconf 86' lang='lat' dir='ltr'><strong>de</strong></span> <span class='ocrx_word' id='word_1_94' title='bbox 946 983 1302 1050; x_wconf 71' lang='lat' dir='ltr'><strong>quadraginta</strong></span> <span class='ocrx_word' id='word_1_95' title='bbox 1338 980 1530 1032; x_wconf 89' lang='lat' dir='ltr'><strong>diebus</strong></span> <span class='ocrx_word' id='word_1_96' title='bbox 1555 1019 1569 1043; x_wconf 97' lang='lat'><strong>,</strong></span> <span class='ocrx_word' id='word_1_97' title='bbox 1603 979 1694 1032; x_wconf 82' lang='lat' dir='ltr'><strong>sed</strong></span> <span class='ocrx_word' id='word_1_98' title='bbox 1729 995 1833 1031; x_wconf 88' lang='lat' dir='ltr'><strong>non</strong></span> <span class='ocrx_word' id='word_1_99' title='bbox 1879 978 1983 1031; x_wconf 91' lang='lat' dir='ltr'><strong>hoc</strong></span> <span class='ocrx_word' id='word_1_100' title='bbox 2037 978 2212 1040; x_wconf 82' lang='lat' dir='ltr'><strong>dixit,</strong></span> 
     </span>
    </p>
   </div>
   <div class='ocr_carea' id='block_1_14' title="bbox 2212 978 3826 1054">
    <p class='ocr_par' dir='ltr' id='par_1_14' title="bbox 2318 980 3826 1054">
     <span class='ocr_line' id='line_1_14' title="bbox 2318 980 3826 1054; baseline 0 -18"><span class='ocrx_word' id='word_1_101' title='bbox 2318 983 2401 1036; x_wconf 84' lang='grc' dir='ltr'>ὃτι</span> <span class='ocrx_word' id='word_1_102' title='bbox 2451 984 2790 1054; x_wconf 83' lang='grc' dir='ltr'>Ἑνήστευσα</span> <span class='ocrx_word' id='word_1_103' title='bbox 2810 1001 2823 1015; x_wconf 91' lang='grc'>·</span> <span class='ocrx_word' id='word_1_104' title='bbox 2855 984 3040 1037; x_wconf 87' lang='grc' dir='ltr'>καίτοι</span> <span class='ocrx_word' id='word_1_105' title='bbox 3071 1001 3135 1052; x_wconf 82' lang='grc' dir='ltr'><strong>γε</strong></span> <span class='ocrx_word' id='word_1_106' title='bbox 3182 980 3330 1052; x_wconf 78' lang='grc' dir='ltr'>εἶχεν</span> <span class='ocrx_word' id='word_1_107' title='bbox 3375 983 3545 1035; x_wconf 79' lang='grc' dir='ltr'>εἰπεῖν</span> <span class='ocrx_word' id='word_1_108' title='bbox 3573 982 3660 1044; x_wconf 71' lang='grc' dir='ltr'><strong>τας</strong></span> <span class='ocrx_word' id='word_1_109' title='bbox 3679 999 3826 1036; x_wconf 79' lang='grc' dir='ltr'>τεσσα-</span> 
     </span>
    </p>
   </div>
   <div class='ocr_carea' id='block_1_15' title="bbox 645 1070 2259 1146">
    <p class='ocr_par' dir='ltr' id='par_1_15' title="bbox 645 1070 2215 1136">
     <span class='ocr_line' id='line_1_15' title="bbox 645 1070 2215 1136; baseline -0.003 -9"><span class='ocrx_word' id='word_1_110' title='bbox 645 1090 829 1129; x_wconf 84' lang='lat' dir='ltr'><strong>verum</strong></span> <span class='ocrx_word' id='word_1_111' title='bbox 870 1091 883 1126; x_wconf 88' lang='lat'><strong>:</strong></span> <span class='ocrx_word' id='word_1_112' title='bbox 924 1073 1064 1128; x_wconf 80' lang='lat' dir='ltr'><strong>Mitis</strong></span> <span class='ocrx_word' id='word_1_113' title='bbox 1118 1089 1235 1125; x_wconf 86' lang='lat' dir='ltr'><strong>sum</strong></span> <span class='ocrx_word' id='word_1_114' title='bbox 1289 1083 1344 1125; x_wconf 91' lang='lat' dir='ltr'><strong>et</strong></span> <span class='ocrx_word' id='word_1_115' title='bbox 1396 1072 1611 1125; x_wconf 76' lang='lat' dir='ltr'><strong>lmmilis</strong></span> <span class='ocrx_word' id='word_1_116' title='bbox 1646 1070 1833 1126; x_wconf 81' lang='lat' dir='ltr'><strong>corde.</strong></span> <span class='ocrx_word' id='word_1_117' title='bbox 1878 1071 1944 1122; x_wconf 87' lang='lat' dir='ltr'><strong>Et</strong></span> <span class='ocrx_word' id='word_1_118' title='bbox 2002 1084 2215 1136; x_wconf 85' lang='lat' dir='ltr'><strong>rursus,</strong></span> 
     </span>
    </p>
   </div>
   <div class='ocr_carea' id='block_1_16' title="bbox 2213 1070 3827 1146">
    <p class='ocr_par' dir='ltr' id='par_1_16' title="bbox 2213 1072 3827 1146">
     <span class='ocr_line' id='line_1_16' title="bbox 2213 1072 3827 1146; baseline -0.001 -19"><span class='ocrx_word' id='word_1_119' title='bbox 2213 1114 2215 1127; x_wconf 91' lang='lat'>.</span> <span class='ocrx_word' id='word_1_120' title='bbox 2323 1077 2560 1144; x_wconf 88' lang='grc' dir='ltr'>ράκοντα</span> <span class='ocrx_word' id='word_1_121' title='bbox 2613 1076 2826 1146; x_wconf 78' lang='grc' dir='ltr'>ἡμέρας</span> <span class='ocrx_word' id='word_1_122' title='bbox 2854 1091 2867 1106; x_wconf 87' lang='grc'>⁶</span> <span class='ocrx_word' id='word_1_123' title='bbox 2897 1076 3013 1128; x_wconf 83' lang='grc' dir='ltr'>ἀλλ’</span> <span class='ocrx_word' id='word_1_124' title='bbox 3054 1077 3154 1128; x_wconf 72' lang='grc' dir='ltr'><strong>οὐκ</strong></span> <span class='ocrx_word' id='word_1_125' title='bbox 3185 1075 3392 1142; x_wconf 69' lang='grc' dir='ltr'>ἔφασκε</span> <span class='ocrx_word' id='word_1_126' title='bbox 3447 1072 3615 1133; x_wconf 82' lang='grc' dir='ltr'>τοῦτο,</span> <span class='ocrx_word' id='word_1_127' title='bbox 3645 1073 3742 1125; x_wconf 79' lang='grc' dir='ltr'>ἀλλ’</span> <span class='ocrx_word' id='word_1_128' title='bbox 3769 1075 3827 1125; x_wconf 81' lang='grc' dir='ltr'>ὃτι</span> 
     </span>
    </p>
   </div>
   <div class='ocr_carea' id='block_1_17' title="bbox 639 1158 2253 1236">
    <p class='ocr_par' dir='ltr' id='par_1_17' title="bbox 639 1158 2214 1231">
     <span class='ocr_line' id='line_1_17' title="bbox 639 1158 2214 1231; baseline -0.003 -15"><span class='ocrx_word' id='word_1_129' title='bbox 639 1167 854 1220; x_wconf 89' lang='lat' dir='ltr'><strong>mittens</strong></span> <span class='ocrx_word' id='word_1_130' title='bbox 885 1161 1178 1231; x_wconf 81' lang='lat' dir='ltr'><strong>discipulos</strong></span> <span class='ocrx_word' id='word_1_131' title='bbox 1208 1177 1334 1216; x_wconf 89' lang='lat' dir='ltr'><strong>suos</strong></span> <span class='ocrx_word' id='word_1_132' title='bbox 1356 1162 1418 1212; x_wconf 84' lang='lat' dir='ltr'><strong>ad</strong></span> <span class='ocrx_word' id='word_1_133' title='bbox 1456 1161 1880 1230; x_wconf 80' lang='lat' dir='ltr'><strong>praedicandum,</strong></span> <span class='ocrx_word' id='word_1_134' title='bbox 1905 1173 2008 1212; x_wconf 91' lang='lat' dir='ltr'><strong>non</strong></span> <span class='ocrx_word' id='word_1_135' title='bbox 2043 1158 2214 1212; x_wconf 73' lang='lat' dir='ltr'><strong>dixit:</strong></span> 
     </span>
    </p>
   </div>
   <div class='ocr_carea' id='block_1_18' title="bbox 2205 1158 3819 1236">
    <p class='ocr_par' dir='ltr' id='par_1_18' title="bbox 2205 1164 3819 1236">
     <span class='ocr_line' id='line_1_18' title="bbox 2205 1164 3819 1236; baseline -0.002 -16"><span class='ocrx_word' id='word_1_136' title='bbox 2205 1175 2214 1212; x_wconf 73' lang='grc' dir='ltr'>ε</span> <span class='ocrx_word' id='word_1_137' title='bbox 2323 1167 2526 1234; x_wconf 75' lang='grc' dir='ltr'>Ιῖρᾶόν,</span> <span class='ocrx_word' id='word_1_138' title='bbox 2549 1167 2667 1236; x_wconf 88' lang='grc' dir='ltr'>εἰμι</span> <span class='ocrx_word' id='word_1_139' title='bbox 2715 1167 2810 1220; x_wconf 76' lang='grc' dir='ltr'><strong>καὶ</strong></span> <span class='ocrx_word' id='word_1_140' title='bbox 2863 1167 3122 1230; x_wconf 85' lang='grc' dir='ltr'>ταπεινὸς</span> <span class='ocrx_word' id='word_1_141' title='bbox 3171 1169 3235 1236; x_wconf 78' lang='grc' dir='ltr'>τῇ</span> <span class='ocrx_word' id='word_1_142' title='bbox 3281 1165 3501 1234; x_wconf 79' lang='grc' dir='ltr'>καρδίᾳ.</span> <span class='ocrx_word' id='word_1_143' title='bbox 3539 1165 3641 1218; x_wconf 79' lang='grc' dir='ltr'><strong>Καὶ</strong></span> <span class='ocrx_word' id='word_1_144' title='bbox 3692 1164 3819 1218; x_wconf 64' lang='grc' dir='ltr'>πάλ)</span> 
     </span>
    </p>
   </div>
   <div class='ocr_carea' id='block_1_19' title="bbox 635 1251 2249 1328">
    <p class='ocr_par' dir='ltr' id='par_1_19' title="bbox 635 1251 2219 1326">
     <span class='ocr_line' id='line_1_19' title="bbox 635 1251 2219 1326; baseline -0.006 -15"><span class='ocrx_word' id='word_1_145' title='bbox 635 1256 903 1326; x_wconf 84' lang='lat' dir='ltr'><strong>Jejunate,</strong></span> <span class='ocrx_word' id='word_1_146' title='bbox 933 1257 1024 1308; x_wconf 90' lang='lat' dir='ltr'><strong>sed</strong></span> <span class='ocrx_word' id='word_1_147' title='bbox 1044 1272 1059 1308; x_wconf 90' lang='lat'><strong>:</strong></span> <span class='ocrx_word' id='word_1_148' title='bbox 1083 1252 1255 1307; x_wconf 84' lang='lat' dir='ltr'><strong>Omne</strong></span> <span class='ocrx_word' id='word_1_149' title='bbox 1289 1254 1435 1321; x_wconf 88' lang='lat' dir='ltr'><strong>quod</strong></span> <span class='ocrx_word' id='word_1_150' title='bbox 1464 1262 1767 1322; x_wconf 84' lang='lat' dir='ltr'><strong>apponetur</strong></span> <span class='ocrx_word' id='word_1_151' title='bbox 1797 1251 1955 1305; x_wconf 85' lang='lat' dir='ltr'><strong>vobis</strong></span> <span class='ocrx_word' id='word_1_152' title='bbox 1991 1251 2219 1304; x_wconf 82' lang='lat' dir='ltr'><strong>mundu-</strong></span> 
     </span>
    </p>
   </div>
   <div class='ocr_carea' id='block_1_20' title="bbox 2216 1251 3830 1328">
    <p class='ocr_par' dir='ltr' id='par_1_20' title="bbox 2216 1259 3830 1328">
     <span class='ocr_line' id='line_1_20' title="bbox 2216 1259 3830 1328; baseline -0.001 -18"><span class='ocrx_word' id='word_1_153' title='bbox 2216 1279 2219 1288; x_wconf 72' lang='grc' dir='ltr'><strong>ι</strong></span> <span class='ocrx_word' id='word_1_154' title='bbox 2321 1261 2562 1327; x_wconf 80' lang='grc' dir='ltr'><strong>πέμπων</strong></span> <span class='ocrx_word' id='word_1_155' title='bbox 2590 1259 2716 1320; x_wconf 80' lang='grc' dir='ltr'>τοὺς</span> <span class='ocrx_word' id='word_1_156' title='bbox 2766 1259 3015 1328; x_wconf 76' lang='grc' dir='ltr'>μαθητὰς</span> <span class='ocrx_word' id='word_1_157' title='bbox 3044 1259 3126 1322; x_wconf 84' lang='grc' dir='ltr'><strong>είς</strong></span> <span class='ocrx_word' id='word_1_158' title='bbox 3159 1259 3218 1311; x_wconf 82' lang='grc' dir='ltr'>τὸ</span> <span class='ocrx_word' id='word_1_159' title='bbox 3249 1259 3531 1328; x_wconf 86' lang='grc' dir='ltr'>κήρυγμα,</span> <span class='ocrx_word' id='word_1_160' title='bbox 3564 1259 3656 1310; x_wconf 74' lang='grc' dir='ltr'><strong>οὐκ</strong></span> <span class='ocrx_word' id='word_1_161' title='bbox 3690 1259 3830 1322; x_wconf 71' lang='grc' dir='ltr'>ἔλεγεν</span> 
     </span>
    </p>
   </div>
   <div class='ocr_carea' id='block_1_21' title="bbox 638 1342 2252 1422">
    <p class='ocr_par' dir='ltr' id='par_1_21' title="bbox 638 1342 2215 1416">
     <span class='ocr_line' id='line_1_21' title="bbox 638 1342 2215 1416; baseline -0.006 -12"><span class='ocrx_word' id='word_1_162' title='bbox 638 1362 782 1404; x_wconf 85' lang='lat' dir='ltr'><strong>cate.</strong></span> <span class='ocrx_word' id='word_1_163' title='bbox 816 1347 889 1402; x_wconf 90' lang='lat' dir='ltr'><strong>De</strong></span> <span class='ocrx_word' id='word_1_164' title='bbox 912 1348 1120 1401; x_wconf 76' lang='lat' dir='ltr'><strong>divitiis</strong></span> <span class='ocrx_word' id='word_1_165' title='bbox 1151 1347 1310 1416; x_wconf 84' lang='lat' dir='ltr'><strong>plane</strong></span> <span class='ocrx_word' id='word_1_166' title='bbox 1354 1347 1566 1412; x_wconf 89' lang='lat' dir='ltr'><strong>quidem</strong></span> <span class='ocrx_word' id='word_1_167' title='bbox 1609 1345 1828 1397; x_wconf 89' lang='lat' dir='ltr'><strong>multam</strong></span> <span class='ocrx_word' id='word_1_168' title='bbox 1881 1342 2215 1412; x_wconf 79' lang='lat' dir='ltr'><strong>diligentiam</strong></span> 
     </span>
    </p>
   </div>
   <div class='ocr_carea' id='block_1_22' title="bbox 2217 1342 3831 1422">
    <p class='ocr_par' dir='ltr' id='par_1_22' title="bbox 2321 1349 3831 1422">
     <span class='ocr_line' id='line_1_22' title="bbox 2321 1349 3831 1422; baseline -0.003 -18"><span class='ocrx_word' id='word_1_169' title='bbox 2321 1353 2404 1405; x_wconf 86' lang='grc' dir='ltr'><strong>ὅτι</strong></span> <span class='ocrx_word' id='word_1_170' title='bbox 2456 1351 2789 1422; x_wconf 80' lang='grc' dir='ltr'>Νηστεύετε,</span> <span class='ocrx_word' id='word_1_171' title='bbox 2842 1351 3003 1416; x_wconf 86' lang='grc' dir='ltr'>ἀλλά,</span> <span class='ocrx_word' id='word_1_172' title='bbox 3041 1353 3154 1404; x_wconf 78' lang='grc' dir='ltr'><strong>Πᾶν</strong></span> <span class='ocrx_word' id='word_1_173' title='bbox 3186 1351 3247 1404; x_wconf 73' lang='grc' dir='ltr'>τὸ</span> <span class='ocrx_word' id='word_1_174' title='bbox 3278 1349 3698 1420; x_wconf 79' lang='grc' dir='ltr'><strong>παρατιθέμενον</strong></span> <span class='ocrx_word' id='word_1_175' title='bbox 3737 1351 3831 1419; x_wconf 83' lang='grc' dir='ltr'>ὑμῖν</span> 
     </span>
    </p>
   </div>
   <div class='ocr_carea' id='block_1_23' title="bbox 637 1435 2251 1514">
    <p class='ocr_par' dir='ltr' id='par_1_23' title="bbox 637 1435 2221 1503">
     <span class='ocr_line' id='line_1_23' title="bbox 637 1435 2221 1503; baseline -0.003 -11"><span class='ocrx_word' id='word_1_176' title='bbox 637 1441 1006 1501; x_wconf 84' lang='lat' dir='ltr'><strong>dissuadebat,</strong></span> <span class='ocrx_word' id='word_1_177' title='bbox 1039 1439 1226 1492; x_wconf 86' lang='lat' dir='ltr'><strong>dicens</strong></span> <span class='ocrx_word' id='word_1_178' title='bbox 1263 1455 1275 1491; x_wconf 89' lang='lat'><strong>:</strong></span> <span class='ocrx_word' id='word_1_179' title='bbox 1313 1435 1435 1490; x_wconf 79' lang='lat' dir='ltr'><strong>Non</strong></span> <span class='ocrx_word' id='word_1_180' title='bbox 1466 1435 1735 1490; x_wconf 89' lang='lat' dir='ltr'><strong>habebitis</strong></span> <span class='ocrx_word' id='word_1_181' title='bbox 1794 1450 2007 1499; x_wconf 87' lang='lat' dir='ltr'><strong>aurum,</strong></span> <span class='ocrx_word' id='word_1_182' title='bbox 2045 1449 2221 1503; x_wconf 90' lang='lat' dir='ltr'><strong>neque</strong></span> 
     </span>
    </p>
   </div>
   <div class='ocr_carea' id='block_1_24' title="bbox 2216 1435 3830 1514">
    <p class='ocr_par' dir='ltr' id='par_1_24' title="bbox 2216 1441 3830 1514">
     <span class='ocr_line' id='line_1_24' title="bbox 2216 1441 3830 1514; baseline -0.001 -21"><span class='ocrx_word' id='word_1_183' title='bbox 2216 1453 2221 1485; x_wconf 60' lang='grc' dir='ltr'><strong>ὲ</strong></span> <span class='ocrx_word' id='word_1_184' title='bbox 2325 1443 2530 1496; x_wconf 77' lang='grc' dir='ltr'>ἐσθίετε</span> <span class='ocrx_word' id='word_1_185' title='bbox 2563 1459 2577 1473; x_wconf 84' lang='lat'><strong><em>°</em></strong></span> <span class='ocrx_word' id='word_1_186' title='bbox 2612 1445 2912 1514; x_wconf 86' lang='grc' dir='ltr'>χρημάτων</span> <span class='ocrx_word' id='word_1_187' title='bbox 2948 1443 3132 1513; x_wconf 81' lang='grc' dir='ltr'>μέντοι</span> <span class='ocrx_word' id='word_1_188' title='bbox 3166 1461 3230 1511; x_wconf 88' lang='grc' dir='ltr'><strong>γε</strong></span> <span class='ocrx_word' id='word_1_189' title='bbox 3278 1443 3444 1495; x_wconf 81' lang='grc' dir='ltr'>’ἑνεκα</span> <span class='ocrx_word' id='word_1_190' title='bbox 3493 1441 3676 1511; x_wconf 76' lang='grc' dir='ltr'>πολλὴν</span> <span class='ocrx_word' id='word_1_191' title='bbox 3716 1443 3830 1507; x_wconf 81' lang='grc' dir='ltr'>ἀκρί-</span> 
     </span>
    </p>
   </div>
   <div class='ocr_carea' id='block_1_25' title="bbox 638 1526 2252 1602">
    <p class='ocr_par' dir='ltr' id='par_1_25' title="bbox 638 1526 2218 1600">
     <span class='ocr_line' id='line_1_25' title="bbox 638 1526 2218 1600; baseline -0.006 -15"><span class='ocrx_word' id='word_1_192' title='bbox 638 1543 944 1600; x_wconf 64' lang='lat' dir='ltr'><strong>argentum,</strong></span> <span class='ocrx_word' id='word_1_193' title='bbox 980 1545 1155 1598; x_wconf 91' lang='lat' dir='ltr'><strong>neque</strong></span> <span class='ocrx_word' id='word_1_194' title='bbox 1180 1545 1254 1583; x_wconf 71' lang='lat' dir='ltr'><strong>aes</strong></span> <span class='ocrx_word' id='word_1_195' title='bbox 1312 1531 1361 1582; x_wconf 90' lang='lat' dir='ltr'><strong>itt</strong></span> <span class='ocrx_word' id='word_1_196' title='bbox 1404 1528 1554 1582; x_wconf 82' lang='lat' dir='ltr'><strong>zonis</strong></span> <span class='ocrx_word' id='word_1_197' title='bbox 1612 1526 1839 1588; x_wconf 81' lang='lat' dir='ltr'><strong>vestris;</strong></span> <span class='ocrx_word' id='word_1_198' title='bbox 1894 1526 2008 1579; x_wconf 68' lang='lat' dir='ltr'><strong>ha3c</strong></span> <span class='ocrx_word' id='word_1_199' title='bbox 2039 1535 2218 1578; x_wconf 87' lang='lat' dir='ltr'><strong>autem</strong></span> 
     </span>
    </p>
   </div>
   <div class='ocr_carea' id='block_1_26' title="bbox 2216 1526 3830 1602">
    <p class='ocr_par' dir='ltr' id='par_1_26' title="bbox 2216 1531 3830 1602">
     <span class='ocr_line' id='line_1_26' title="bbox 2216 1531 3830 1602; baseline 0.001 -17"><span class='ocrx_word' id='word_1_200' title='bbox 2216 1549 2218 1575; x_wconf 63' lang='grc' dir='ltr'><strong>ι</strong></span> <span class='ocrx_word' id='word_1_201' title='bbox 2323 1532 2476 1585; x_wconf 76' lang='grc' dir='ltr'>δειαν</span> <span class='ocrx_word' id='word_1_202' title='bbox 2504 1534 2726 1602; x_wconf 79' lang='grc' dir='ltr'>ἀπῃτει,</span> <span class='ocrx_word' id='word_1_203' title='bbox 2744 1533 2936 1600; x_wconf 84' lang='grc' dir='ltr'>λέγων,</span> <span class='ocrx_word' id='word_1_204' title='bbox 2970 1533 3054 1602; x_wconf 79' lang='grc' dir='ltr'><strong>Μὴ</strong></span> <span class='ocrx_word' id='word_1_205' title='bbox 3082 1532 3358 1602; x_wconf 82' lang='grc' dir='ltr'>κτήσησθε</span> <span class='ocrx_word' id='word_1_206' title='bbox 3389 1531 3744 1602; x_wconf 80' lang='grc' dir='ltr'>χρυσὸν,μηδὲ</span> <span class='ocrx_word' id='word_1_207' title='bbox 3761 1534 3830 1600; x_wconf 78' lang='grc' dir='ltr'>ἀρ·</span> 
     </span>
    </p>
   </div>
   <div class='ocr_carea' id='block_1_27' title="bbox 643 1616 2257 1692">
    <p class='ocr_par' dir='ltr' id='par_1_27' title="bbox 643 1616 2219 1690">
     <span class='ocr_line' id='line_1_27' title="bbox 643 1616 2219 1690; baseline -0.003 -16"><span class='ocrx_word' id='word_1_208' title='bbox 643 1627 762 1678; x_wconf 82' lang='lat' dir='ltr'><strong>uico</strong></span> <span class='ocrx_word' id='word_1_209' title='bbox 789 1624 965 1686; x_wconf 89' lang='lat' dir='ltr'><strong>vobis,</strong></span> <span class='ocrx_word' id='word_1_210' title='bbox 998 1639 1102 1676; x_wconf 88' lang='lat' dir='ltr'><strong>non</strong></span> <span class='ocrx_word' id='word_1_211' title='bbox 1145 1621 1410 1690; x_wconf 85' lang='lat' dir='ltr'><strong>jejunium</strong></span> <span class='ocrx_word' id='word_1_212' title='bbox 1463 1620 1748 1684; x_wconf 80' lang='lat' dir='ltr'><strong>tlamnans,</strong></span> <span class='ocrx_word' id='word_1_213' title='bbox 1819 1617 1993 1678; x_wconf 87' lang='lat' dir='ltr'><strong>absit.</strong></span> <span class='ocrx_word' id='word_1_214' title='bbox 2022 1616 2219 1671; x_wconf 85' lang='lat' dir='ltr'><strong>etenim</strong></span> 
     </span>
    </p>
   </div>
   <div class='ocr_carea' id='block_1_28' title="bbox 2216 1616 3830 1692">
    <p class='ocr_par' dir='ltr' id='par_1_28' title="bbox 2216 1622 3830 1692">
     <span class='ocr_line' id='line_1_28' title="bbox 2216 1622 3830 1692; baseline 0 -19"><span class='ocrx_word' id='word_1_215' title='bbox 2216 1639 2219 1668; x_wconf 91' lang='grc' dir='ltr'><strong>ι</strong></span> <span class='ocrx_word' id='word_1_216' title='bbox 2325 1640 2516 1691; x_wconf 87' lang='grc' dir='ltr'>γυρον,</span> <span class='ocrx_word' id='word_1_217' title='bbox 2541 1624 2676 1692; x_wconf 84' lang='grc' dir='ltr'>μηδὲ</span> <span class='ocrx_word' id='word_1_218' title='bbox 2707 1623 2908 1692; x_wconf 75' lang='grc' dir='ltr'>χαλκὸν</span> <span class='ocrx_word' id='word_1_219' title='bbox 2937 1625 3015 1686; x_wconf 83' lang='grc' dir='ltr'><strong>είς</strong></span> <span class='ocrx_word' id='word_1_220' title='bbox 3060 1624 3158 1686; x_wconf 70' lang='grc' dir='ltr'><strong>τὰς</strong></span> <span class='ocrx_word' id='word_1_221' title='bbox 3192 1624 3368 1688; x_wconf 77' lang='grc' dir='ltr'>ζώνας</span> <span class='ocrx_word' id='word_1_222' title='bbox 3399 1623 3550 1692; x_wconf 82' lang='grc' dir='ltr'>ὑμῶν</span> <span class='ocrx_word' id='word_1_223' title='bbox 3575 1638 3589 1654; x_wconf 75' lang='grc' dir='ltr'><strong><em>ο</em></strong></span> <span class='ocrx_word' id='word_1_224' title='bbox 3618 1622 3764 1675; x_wconf 83' lang='grc' dir='ltr'>ταῦτα</span> <span class='ocrx_word' id='word_1_225' title='bbox 3791 1622 3830 1673; x_wconf 72' lang='grc' dir='ltr'>δέ</span> 
     </span>
    </p>
   </div>
   <div class='ocr_carea' id='block_1_29' title="bbox 642 1712 2256 1784">
    <p class='ocr_par' dir='ltr' id='par_1_29' title="bbox 642 1712 2222 1780">
     <span class='ocr_line' id='line_1_29' title="bbox 642 1712 2222 1780; baseline -0.003 -14"><span class='ocrx_word' id='word_1_226' title='bbox 642 1717 794 1769; x_wconf 70' lang='lat' dir='ltr'><strong>valde</strong></span> <span class='ocrx_word' id='word_1_227' title='bbox 819 1715 923 1768; x_wconf 84' lang='lat' dir='ltr'><strong>hoc</strong></span> <span class='ocrx_word' id='word_1_228' title='bbox 951 1714 1132 1776; x_wconf 88' lang='lat' dir='ltr'><strong>lattdo,</strong></span> <span class='ocrx_word' id='word_1_229' title='bbox 1161 1718 1254 1767; x_wconf 81' lang='lat' dir='ltr'><strong>sed</strong></span> <span class='ocrx_word' id='word_1_230' title='bbox 1289 1729 1384 1780; x_wconf 87' lang='lat' dir='ltr'><strong>pro</strong></span> <span class='ocrx_word' id='word_1_231' title='bbox 1415 1715 1567 1766; x_wconf 81' lang='lat' dir='ltr'><strong>vobis</strong></span> <span class='ocrx_word' id='word_1_232' title='bbox 1619 1712 1828 1780; x_wconf 73' lang='lat' dir='ltr'><strong>patiens</strong></span> <span class='ocrx_word' id='word_1_233' title='bbox 1867 1716 2078 1765; x_wconf 72' lang='lat' dir='ltr'><strong>cwteris</strong></span> <span class='ocrx_word' id='word_1_234' title='bbox 2106 1726 2222 1764; x_wconf 89' lang='lat' dir='ltr'><strong>om-</strong></span> 
     </span>
    </p>
   </div>
   <div class='ocr_carea' id='block_1_30' title="bbox 2218 1712 3832 1784">
    <p class='ocr_par' dir='ltr' id='par_1_30' title="bbox 2218 1712 3832 1784">
     <span class='ocr_line' id='line_1_30' title="bbox 2218 1712 3832 1784; baseline -0.006 -12"><span class='ocrx_word' id='word_1_235' title='bbox 2218 1740 2222 1750; x_wconf 92' lang='grc'><strong>·</strong></span> <span class='ocrx_word' id='word_1_236' title='bbox 2325 1731 2470 1783; x_wconf 77' lang='grc' dir='ltr'>φημι</span> <span class='ocrx_word' id='word_1_237' title='bbox 2499 1712 2632 1780; x_wconf 78' lang='grc' dir='ltr'>ἐγὼ,</span> <span class='ocrx_word' id='word_1_238' title='bbox 2663 1714 2786 1782; x_wconf 76' lang='grc' dir='ltr'>οὐχὶ</span> <span class='ocrx_word' id='word_1_239' title='bbox 2817 1714 3075 1784; x_wconf 82' lang='grc' dir='ltr'>νηστείαν</span> <span class='ocrx_word' id='word_1_240' title='bbox 3108 1713 3373 1778; x_wconf 78' lang='grc' dir='ltr'>κακίζων,</span> <span class='ocrx_word' id='word_1_241' title='bbox 3408 1713 3484 1782; x_wconf 82' lang='grc' dir='ltr'>μὴ</span> <span class='ocrx_word' id='word_1_242' title='bbox 3519 1713 3728 1780; x_wconf 81' lang='grc' dir='ltr'>γένοιτο,</span> <span class='ocrx_word' id='word_1_243' title='bbox 3766 1713 3832 1764; x_wconf 74' lang='grc' dir='ltr'><strong>καὶ</strong></span> 
     </span>
    </p>
   </div>
   <div class='ocr_carea' id='block_1_31' title="bbox 643 1802 2257 1876">
    <p class='ocr_par' dir='ltr' id='par_1_31' title="bbox 643 1802 2257 1876">
     <span class='ocr_line' id='line_1_31' title="bbox 643 1802 2257 1876; baseline -0.001 -18"><span class='ocrx_word' id='word_1_244' title='bbox 643 1809 801 1861; x_wconf 86' lang='lat' dir='ltr'><strong>uibus</strong></span> <span class='ocrx_word' id='word_1_245' title='bbox 834 1806 1050 1860; x_wconf 88' lang='lat' dir='ltr'><strong>virtutis</strong></span> <span class='ocrx_word' id='word_1_246' title='bbox 1083 1806 1369 1867; x_wconf 81' lang='lat' dir='ltr'><strong>speciebus</strong></span> <span class='ocrx_word' id='word_1_247' title='bbox 1405 1804 1760 1873; x_wconf 84' lang='lat' dir='ltr'><strong>posthabitis,</strong></span> <span class='ocrx_word' id='word_1_248' title='bbox 1815 1803 1986 1856; x_wconf 85' lang='lat' dir='ltr'><strong>solam</strong></span> <span class='ocrx_word' id='word_1_249' title='bbox 2011 1802 2220 1856; x_wconf 88' lang='lat' dir='ltr'><strong>credite</strong></span> <span class='ocrx_word' id='word_1_250' title='bbox 2253 1871 2257 1876; x_wconf 27' lang='grc' dir='ltr'>ι</span> 
     </span>
    </p>
   </div>
   <div class='ocr_carea' id='block_1_32' title="bbox 2216 1802 3830 1876">
    <p class='ocr_par' dir='ltr' id='par_1_32' title="bbox 2216 1803 3830 1876">
     <span class='ocr_line' id='line_1_32' title="bbox 2216 1803 3830 1876; baseline -0.001 -19"><span class='ocrx_word' id='word_1_251' title='bbox 2216 1824 2220 1851; x_wconf 74' lang='grc' dir='ltr'><strong>ι</strong></span> <span class='ocrx_word' id='word_1_252' title='bbox 2253 1871 2286 1876; x_wconf 92' lang='lat'><em>_</em></span> <span class='ocrx_word' id='word_1_253' title='bbox 2325 1809 2430 1875; x_wconf 87' lang='grc' dir='ltr'>γὰρ</span> <span class='ocrx_word' id='word_1_254' title='bbox 2455 1805 2662 1876; x_wconf 84' lang='grc' dir='ltr'>σφόδρα</span> <span class='ocrx_word' id='word_1_255' title='bbox 2696 1805 2900 1875; x_wconf 81' lang='grc' dir='ltr'>ταύτην</span> <span class='ocrx_word' id='word_1_256' title='bbox 2936 1806 3168 1871; x_wconf 89' lang='grc' dir='ltr'>ἐπαινῶ,</span> <span class='ocrx_word' id='word_1_257' title='bbox 3193 1805 3309 1860; x_wconf 85' lang='grc' dir='ltr'>ἀλλ’</span> <span class='ocrx_word' id='word_1_258' title='bbox 3332 1805 3477 1875; x_wconf 77' lang='grc' dir='ltr'>ὑπὲρ</span> <span class='ocrx_word' id='word_1_259' title='bbox 3498 1803 3648 1876; x_wconf 83' lang='grc' dir='ltr'>ἡμῶν</span> <span class='ocrx_word' id='word_1_260' title='bbox 3676 1805 3830 1870; x_wconf 80' lang='grc' dir='ltr'>ἀλγῶν,</span> 
     </span>
    </p>
   </div>
   <div class='ocr_carea' id='block_1_33' title="bbox 641 1871 2255 1968">
    <p class='ocr_par' dir='ltr' id='par_1_33' title="bbox 641 1871 2255 1963">
     <span class='ocr_line' id='line_1_33' title="bbox 641 1871 2255 1963; baseline -0.005 -13"><span class='ocrx_word' id='word_1_261' title='bbox 641 1899 885 1952; x_wconf 81' lang='lat' dir='ltr'><strong>sullicet&#39;e</strong></span> <span class='ocrx_word' id='word_1_262' title='bbox 914 1898 977 1950; x_wconf 86' lang='lat' dir='ltr'><strong>ad</strong></span> <span class='ocrx_word' id='word_1_263' title='bbox 1037 1897 1269 1950; x_wconf 88' lang='lat' dir='ltr'><strong>salutem</strong></span> <span class='ocrx_word' id='word_1_264' title='bbox 1324 1906 1583 1960; x_wconf 76' lang='lat' dir='ltr'><strong>vestram,</strong></span> <span class='ocrx_word' id='word_1_265' title='bbox 1614 1878 1732 1948; x_wconf 80' lang='lat' dir='ltr'><strong>eam</strong></span> <span class='ocrx_word' id='word_1_266' title='bbox 1783 1909 1901 1963; x_wconf 77' lang='lat' dir='ltr'><strong>qua:</strong></span> <span class='ocrx_word' id='word_1_267' title='bbox 1971 1871 2255 1947; x_wconf 37' lang='lat' dir='ltr'><strong>ultimam“</strong></span> 
     </span>
    </p>
   </div>
   <div class='ocr_carea' id='block_1_34' title="bbox 2219 1871 3833 1968">
    <p class='ocr_par' dir='ltr' id='par_1_34' title="bbox 2249 1871 3833 1968">
     <span class='ocr_line' id='line_1_34' title="bbox 2249 1871 3833 1968; baseline -0.001 -17"><span class='ocrx_word' id='word_1_268' title='bbox 2249 1871 2293 1930; x_wconf 74' lang='grc' dir='ltr'><strong>Β</strong></span> <span class='ocrx_word' id='word_1_269' title='bbox 2329 1871 2432 1951; x_wconf 73' lang='grc' dir='ltr'><strong>τῶν</strong></span> <span class='ocrx_word' id='word_1_270' title='bbox 2463 1871 2561 1968; x_wconf 70' lang='grc' dir='ltr'><strong>μέν</strong></span> <span class='ocrx_word' id='word_1_271' title='bbox 2593 1871 2774 1952; x_wconf 67' lang='grc' dir='ltr'>ἀλλων</span> <span class='ocrx_word' id='word_1_272' title='bbox 2805 1871 3061 1952; x_wconf 77' lang='grc' dir='ltr'>ἁπάντων</span> <span class='ocrx_word' id='word_1_273' title='bbox 3091 1899 3185 1968; x_wconf 86' lang='grc' dir='ltr'>τῆς</span> <span class='ocrx_word' id='word_1_274' title='bbox 3210 1899 3416 1967; x_wconf 83' lang='grc' dir='ltr'>ἀρετῆς</span> <span class='ocrx_word' id='word_1_275' title='bbox 3445 1871 3600 1950; x_wconf 47' lang='lat' dir='ltr'><strong>enim</strong></span> <span class='ocrx_word' id='word_1_276' title='bbox 3628 1897 3833 1966; x_wconf 69' lang='grc' dir='ltr'>ἀμελούν-</span> 
     </span>
    </p>
   </div>
   <div class='ocr_carea' id='block_1_35' title="bbox 643 1987 2257 2061">
    <p class='ocr_par' dir='ltr' id='par_1_35' title="bbox 643 1987 2220 2056">
     <span class='ocr_line' id='line_1_35' title="bbox 643 1987 2220 2056; baseline -0.001 -16"><span class='ocrx_word' id='word_1_277' title='bbox 643 1992 742 2043; x_wconf 83' lang='lat' dir='ltr'><strong>luei</strong></span> <span class='ocrx_word' id='word_1_278' title='bbox 802 1991 1018 2043; x_wconf 80' lang='lat' dir='ltr'><strong>virtutis</strong></span> <span class='ocrx_word' id='word_1_279' title='bbox 1075 1997 1225 2042; x_wconf 85' lang='lat' dir='ltr'><strong>tenet</strong></span> <span class='ocrx_word' id='word_1_280' title='bbox 1286 1998 1543 2056; x_wconf 85' lang='lat' dir='ltr'><strong>partem:</strong></span> <span class='ocrx_word' id='word_1_281' title='bbox 1594 1990 1887 2040; x_wconf 89' lang='lat' dir='ltr'><strong>maximum</strong></span> <span class='ocrx_word' id='word_1_282' title='bbox 1937 1987 2098 2039; x_wconf 89' lang='lat' dir='ltr'><strong>enim.</strong></span> <span class='ocrx_word' id='word_1_283' title='bbox 2135 1994 2220 2038; x_wconf 90' lang='lat' dir='ltr'><strong>est</strong></span> 
     </span>
    </p>
   </div>
   <div class='ocr_carea' id='block_1_36' title="bbox 2219 1987 3833 2061">
    <p class='ocr_par' dir='ltr' id='par_1_36' title="bbox 2219 1990 3833 2061">
     <span class='ocr_line' id='line_1_36' title="bbox 2219 1990 3833 2061; baseline -0.002 -19"><span class='ocrx_word' id='word_1_284' title='bbox 2219 2027 2220 2035; x_wconf 58' lang='grc' dir='ltr'><strong>η</strong></span> <span class='ocrx_word' id='word_1_285' title='bbox 2321 2009 2452 2053; x_wconf 81' lang='grc' dir='ltr'>των,</span> <span class='ocrx_word' id='word_1_286' title='bbox 2488 1991 2696 2061; x_wconf 80' lang='grc' dir='ltr'>ταύτην</span> <span class='ocrx_word' id='word_1_287' title='bbox 2751 1990 2810 2044; x_wconf 79' lang='grc' dir='ltr'>δὲ</span> <span class='ocrx_word' id='word_1_288' title='bbox 2849 1991 3014 2061; x_wconf 90' lang='grc' dir='ltr'>μόνον</span> <span class='ocrx_word' id='word_1_289' title='bbox 3053 1990 3384 2060; x_wconf 77' lang='grc' dir='ltr'>νομιζόντων</span> <span class='ocrx_word' id='word_1_290' title='bbox 3431 1992 3620 2060; x_wconf 86' lang='grc' dir='ltr'>ἀρκεῖν</span> <span class='ocrx_word' id='word_1_291' title='bbox 3649 1991 3717 2050; x_wconf 88' lang='grc' dir='ltr'><strong>είς</strong></span> <span class='ocrx_word' id='word_1_292' title='bbox 3760 2005 3833 2040; x_wconf 84' lang='grc' dir='ltr'>σω-</span> 
     </span>
    </p>
   </div>
   <div class='ocr_carea' id='block_1_37' title="bbox 640 2076 2254 2152">
    <p class='ocr_par' dir='ltr' id='par_1_37' title="bbox 640 2076 2223 2148">
     <span class='ocr_line' id='line_1_37' title="bbox 640 2076 2223 2148; baseline -0.004 -12"><span class='ocrx_word' id='word_1_293' title='bbox 640 2084 904 2147; x_wconf 72' lang='lat' dir='ltr'><strong>trharitas,</strong></span> <span class='ocrx_word' id='word_1_294' title='bbox 941 2090 993 2137; x_wconf 86' lang='lat' dir='ltr'><strong>et</strong></span> <span class='ocrx_word' id='word_1_295' title='bbox 1043 2080 1381 2145; x_wconf 71' lang='lat' dir='ltr'><strong>sufﬁcientia,</strong></span> <span class='ocrx_word' id='word_1_296' title='bbox 1415 2089 1469 2133; x_wconf 85' lang='lat' dir='ltr'><strong>et</strong></span> <span class='ocrx_word' id='word_1_297' title='bbox 1507 2079 1850 2148; x_wconf 86' lang='lat' dir='ltr'><strong>eleemosyna</strong></span> <span class='ocrx_word' id='word_1_298' title='bbox 1883 2093 2000 2146; x_wconf 81' lang='lat' dir='ltr'><strong>qua:</strong></span> <span class='ocrx_word' id='word_1_299' title='bbox 2028 2088 2082 2131; x_wconf 85' lang='lat' dir='ltr'><strong>et</strong></span> <span class='ocrx_word' id='word_1_300' title='bbox 2110 2076 2223 2130; x_wconf 83' lang='lat' dir='ltr'><strong>vir-</strong></span> 
     </span>
    </p>
   </div>
   <div class='ocr_carea' id='block_1_38' title="bbox 2220 2076 3834 2152">
    <p class='ocr_par' dir='ltr' id='par_1_38' title="bbox 2220 2081 3834 2152">
     <span class='ocr_line' id='line_1_38' title="bbox 2220 2081 3834 2152; baseline -0.001 -17"><span class='ocrx_word' id='word_1_301' title='bbox 2220 2109 2223 2120; x_wconf 75' lang='grc' dir='ltr'><strong>ι</strong></span> <span class='ocrx_word' id='word_1_302' title='bbox 2322 2083 2519 2152; x_wconf 75' lang='grc' dir='ltr'>τηρίαν</span> <span class='ocrx_word' id='word_1_303' title='bbox 2541 2085 2574 2152; x_wconf 91' lang='grc' dir='ltr'><strong>ή</strong></span> <span class='ocrx_word' id='word_1_304' title='bbox 2585 2085 2701 2152; x_wconf 81' lang='grc' dir='ltr'>μίν,</span> <span class='ocrx_word' id='word_1_305' title='bbox 2727 2083 2786 2136; x_wconf 69' lang='grc' dir='ltr'>τὸ</span> <span class='ocrx_word' id='word_1_306' title='bbox 2816 2083 3044 2152; x_wconf 76' lang='grc' dir='ltr'>ἔσχατον</span> <span class='ocrx_word' id='word_1_307' title='bbox 3068 2081 3162 2135; x_wconf 81' lang='grc' dir='ltr'>τοῦ</span> <span class='ocrx_word' id='word_1_308' title='bbox 3186 2082 3353 2152; x_wconf 81' lang='grc' dir='ltr'>χοροῦ</span> <span class='ocrx_word' id='word_1_309' title='bbox 3389 2083 3491 2152; x_wconf 78' lang='grc' dir='ltr'>τῆς</span> <span class='ocrx_word' id='word_1_310' title='bbox 3521 2081 3705 2152; x_wconf 82' lang='grc' dir='ltr'>ἀρετῆς</span> <span class='ocrx_word' id='word_1_311' title='bbox 3727 2082 3834 2150; x_wconf 78' lang='grc' dir='ltr'>ἐχου-</span> 
     </span>
    </p>
   </div>
   <div class='ocr_carea' id='block_1_39' title="bbox 641 2170 2255 2246">
    <p class='ocr_par' dir='ltr' id='par_1_39' title="bbox 641 2170 2212 2246">
     <span class='ocr_line' id='line_1_39' title="bbox 641 2170 2212 2246; baseline -0.003 -20"><span class='ocrx_word' id='word_1_312' title='bbox 641 2178 918 2246; x_wconf 73' lang='lat' dir='ltr'><strong>ginitatetn</strong></span> <span class='ocrx_word' id='word_1_313' title='bbox 953 2184 1174 2243; x_wconf 87' lang='lat' dir='ltr'><strong>superat</strong></span> <span class='ocrx_word' id='word_1_314' title='bbox 1205 2190 1218 2227; x_wconf 85' lang='lat'><strong>:</strong></span> <span class='ocrx_word' id='word_1_315' title='bbox 1254 2173 1372 2226; x_wconf 87' lang='lat' dir='ltr'><strong>sine</strong></span> <span class='ocrx_word' id='word_1_316' title='bbox 1395 2173 1539 2226; x_wconf 80' lang='lat' dir='ltr'><strong>enim</strong></span> <span class='ocrx_word' id='word_1_317' title='bbox 1576 2171 1890 2240; x_wconf 80' lang='lat' dir='ltr'><strong>virginitate</strong></span> <span class='ocrx_word' id='word_1_318' title='bbox 1923 2170 2073 2224; x_wconf 87' lang='lat' dir='ltr'><strong>cerni</strong></span> <span class='ocrx_word' id='word_1_319' title='bbox 2117 2183 2212 2239; x_wconf 91' lang='lat' dir='ltr'><strong>po-</strong></span> 
     </span>
    </p>
   </div>
   <div class='ocr_carea' id='block_1_40' title="bbox 2221 2170 3835 2246">
    <p class='ocr_par' dir='ltr' id='par_1_40' title="bbox 2327 2174 3835 2246">
     <span class='ocr_line' id='line_1_40' title="bbox 2327 2174 3835 2246; baseline -0.003 -17"><span class='ocrx_word' id='word_1_320' title='bbox 2327 2194 2428 2229; x_wconf 90' lang='grc' dir='ltr'><strong>σαν</strong></span> <span class='ocrx_word' id='word_1_321' title='bbox 2457 2177 2623 2246; x_wconf 83' lang='grc' dir='ltr'>μέρος</span> <span class='ocrx_word' id='word_1_322' title='bbox 2650 2192 2663 2207; x_wconf 72' lang='grc' dir='ltr'><strong><em>ο</em></strong></span> <span class='ocrx_word' id='word_1_323' title='bbox 2701 2177 2762 2228; x_wconf 73' lang='grc' dir='ltr'>τὸ</span> <span class='ocrx_word' id='word_1_324' title='bbox 2811 2177 2921 2244; x_wconf 80' lang='grc' dir='ltr'>γὰρ</span> <span class='ocrx_word' id='word_1_325' title='bbox 2949 2175 3230 2244; x_wconf 77' lang='grc' dir='ltr'>μέγιστον,</span> <span class='ocrx_word' id='word_1_326' title='bbox 3268 2174 3462 2245; x_wconf 82' lang='grc' dir='ltr'>ἀγάπη</span> <span class='ocrx_word' id='word_1_327' title='bbox 3503 2175 3596 2226; x_wconf 79' lang='grc' dir='ltr'>καὶ</span> <span class='ocrx_word' id='word_1_328' title='bbox 3625 2175 3835 2226; x_wconf 75' lang='grc' dir='ltr'>ἐπιείκεια</span> 
     </span>
    </p>
   </div>
   <div class='ocr_carea' id='block_1_41' title="bbox 645 2261 2259 2338">
    <p class='ocr_par' dir='ltr' id='par_1_41' title="bbox 645 2261 2209 2334">
     <span class='ocr_line' id='line_1_41' title="bbox 645 2261 2209 2334; baseline -0.001 -17"><span class='ocrx_word' id='word_1_329' title='bbox 645 2276 755 2322; x_wconf 83' lang='lat' dir='ltr'><strong>test</strong></span> <span class='ocrx_word' id='word_1_330' title='bbox 793 2282 1039 2334; x_wconf 78' lang='lat' dir='ltr'><strong>regnum,</strong></span> <span class='ocrx_word' id='word_1_331' title='bbox 1074 2266 1277 2333; x_wconf 79' lang='lat' dir='ltr'><strong>absque</strong></span> <span class='ocrx_word' id='word_1_332' title='bbox 1315 2273 1498 2318; x_wconf 82' lang='lat' dir='ltr'><strong>autent</strong></span> <span class='ocrx_word' id='word_1_333' title='bbox 1551 2261 1894 2333; x_wconf 86' lang='lat' dir='ltr'><strong>eleemosyua</strong></span> <span class='ocrx_word' id='word_1_334' title='bbox 1955 2262 2209 2331; x_wconf 83' lang='lat' dir='ltr'><strong>impossi-</strong></span> 
     </span>
    </p>
   </div>
   <div class='ocr_carea' id='block_1_42' title="bbox 2218 2261 3832 2338">
    <p class='ocr_par' dir='ltr' id='par_1_42' title="bbox 2325 2265 3832 2338">
     <span class='ocr_line' id='line_1_42' title="bbox 2325 2265 3832 2338; baseline -0.003 -17"><span class='ocrx_word' id='word_1_335' title='bbox 2325 2272 2420 2322; x_wconf 74' lang='grc' dir='ltr'>καὶ</span> <span class='ocrx_word' id='word_1_336' title='bbox 2485 2267 2852 2337; x_wconf 83' lang='grc' dir='ltr'>ἐλεημοσύνη,</span> <span class='ocrx_word' id='word_1_337' title='bbox 2905 2267 3068 2338; x_wconf 77' lang='grc' dir='ltr'>ῆκαὶ</span> <span class='ocrx_word' id='word_1_338' title='bbox 3099 2268 3405 2336; x_wconf 80' lang='grc' dir='ltr'>παρθενίαν</span> <span class='ocrx_word' id='word_1_339' title='bbox 3461 2265 3832 2338; x_wconf 81' lang='grc' dir='ltr'>ὑπερηκόντισι·</span> 
     </span>
    </p>
   </div>
   <div class='ocr_carea' id='block_1_43' title="bbox 646 2354 2260 2431">
    <p class='ocr_par' dir='ltr' id='par_1_43' title="bbox 646 2354 2220 2424">
     <span class='ocr_line' id='line_1_43' title="bbox 646 2354 2220 2424; baseline -0.001 -13"><span class='ocrx_word' id='word_1_340' title='bbox 646 2360 751 2413; x_wconf 87' lang='lat' dir='ltr'><strong>bile</strong></span> <span class='ocrx_word' id='word_1_341' title='bbox 812 2369 912 2412; x_wconf 84' lang='lat' dir='ltr'><strong>est.</strong></span> <span class='ocrx_word' id='word_1_342' title='bbox 991 2355 1059 2411; x_wconf 76' lang='lat' dir='ltr'><strong>Et</strong></span> <span class='ocrx_word' id='word_1_343' title='bbox 1127 2357 1229 2411; x_wconf 93' lang='lat' dir='ltr'><strong>hoc</strong></span> <span class='ocrx_word' id='word_1_344' title='bbox 1291 2355 1588 2410; x_wconf 80' lang='lat' dir='ltr'><strong>ostendunt</strong></span> <span class='ocrx_word' id='word_1_345' title='bbox 1640 2356 1883 2424; x_wconf 89' lang='lat' dir='ltr'><strong>quinque</strong></span> <span class='ocrx_word' id='word_1_346' title='bbox 1940 2354 2220 2424; x_wconf 75' lang='lat' dir='ltr'><strong>virgines;</strong></span> 
     </span>
    </p>
   </div>
   <div class='ocr_carea' id='block_1_44' title="bbox 2221 2354 3835 2431">
    <p class='ocr_par' dir='ltr' id='par_1_44' title="bbox 2324 2359 3835 2431">
     <span class='ocr_line' id='line_1_44' title="bbox 2324 2359 3835 2431; baseline -0.003 -18"><span class='ocrx_word' id='word_1_347' title='bbox 2324 2363 2492 2431; x_wconf 70' lang='grc' dir='ltr'>χωρὶς</span> <span class='ocrx_word' id='word_1_348' title='bbox 2525 2362 2626 2431; x_wconf 80' lang='grc' dir='ltr'><strong>μὲν</strong></span> <span class='ocrx_word' id='word_1_349' title='bbox 2649 2361 2757 2430; x_wconf 82' lang='grc' dir='ltr'><strong>γὰρ</strong></span> <span class='ocrx_word' id='word_1_350' title='bbox 2788 2361 3114 2430; x_wconf 75' lang='grc' dir='ltr'>παρθενίας,</span> <span class='ocrx_word' id='word_1_351' title='bbox 3150 2359 3377 2414; x_wconf 85' lang='grc' dir='ltr'>δυνατὸν</span> <span class='ocrx_word' id='word_1_352' title='bbox 3410 2360 3686 2430; x_wconf 81' lang='grc' dir='ltr'>βασιλείαν</span> <span class='ocrx_word' id='word_1_353' title='bbox 3712 2359 3835 2410; x_wconf 76' lang='grc' dir='ltr'>ἰδεῖν·</span> 
     </span>
    </p>
   </div>
   <div class='ocr_carea' id='block_1_45' title="bbox 642 2446 2256 2524">
    <p class='ocr_par' dir='ltr' id='par_1_45' title="bbox 642 2446 2212 2517">
     <span class='ocr_line' id='line_1_45' title="bbox 642 2446 2212 2517; baseline -0.004 -13"><span class='ocrx_word' id='word_1_354' title='bbox 642 2451 1088 2506; x_wconf 72' lang='lat' dir='ltr'><strong>Necessariorum</strong></span> <span class='ocrx_word' id='word_1_355' title='bbox 1119 2449 1272 2501; x_wconf 86' lang='lat' dir='ltr'><strong>enim</strong></span> <span class='ocrx_word' id='word_1_356' title='bbox 1301 2449 1403 2501; x_wconf 84' lang='lat' dir='ltr'><strong>hoc</strong></span> <span class='ocrx_word' id='word_1_357' title='bbox 1431 2457 1486 2501; x_wconf 87' lang='lat' dir='ltr'><strong>et</strong></span> <span class='ocrx_word' id='word_1_358' title='bbox 1513 2446 1914 2517; x_wconf 69' lang='lat' dir='ltr'><strong>praecipuorum</strong></span> <span class='ocrx_word' id='word_1_359' title='bbox 1949 2460 2160 2498; x_wconf 90' lang='lat' dir='ltr'><strong>summa</strong></span> <span class='ocrx_word' id='word_1_360' title='bbox 2199 2461 2212 2496; x_wconf 92' lang='lat'><strong>:</strong></span> 
     </span>
    </p>
   </div>
   <div class='ocr_carea' id='block_1_46' title="bbox 2222 2446 3836 2524">
    <p class='ocr_par' dir='ltr' id='par_1_46' title="bbox 2325 2451 3836 2524">
     <span class='ocr_line' id='line_1_46' title="bbox 2325 2451 3836 2524; baseline 0 -23"><span class='ocrx_word' id='word_1_361' title='bbox 2325 2452 2494 2522; x_wconf 74' lang='grc' dir='ltr'>χωρὶς</span> <span class='ocrx_word' id='word_1_362' title='bbox 2531 2452 2588 2504; x_wconf 68' lang='grc' dir='ltr'><strong>δὲ</strong></span> <span class='ocrx_word' id='word_1_363' title='bbox 2629 2452 3026 2524; x_wconf 83' lang='grc' dir='ltr'>ἐλεημοσύνης,</span> <span class='ocrx_word' id='word_1_364' title='bbox 3077 2451 3343 2504; x_wconf 80' lang='grc' dir='ltr'>ἀδύνατον</span> <span class='ocrx_word' id='word_1_365' title='bbox 3368 2467 3384 2484; x_wconf 74' lang='grc' dir='ltr'><strong>ο</strong></span> <span class='ocrx_word' id='word_1_366' title='bbox 3417 2453 3518 2506; x_wconf 74' lang='grc' dir='ltr'><strong>καὶ</strong></span> <span class='ocrx_word' id='word_1_367' title='bbox 3558 2451 3776 2519; x_wconf 82' lang='grc' dir='ltr'>δηλοῦσιν</span> <span class='ocrx_word' id='word_1_368' title='bbox 3798 2451 3836 2502; x_wconf 74' lang='grc' dir='ltr'><strong>σί</strong></span> 
     </span>
    </p>
   </div>
   <div class='ocr_carea' id='block_1_47' title="bbox 645 2535 2259 2615">
    <p class='ocr_par' dir='ltr' id='par_1_47' title="bbox 645 2535 2218 2612">
     <span class='ocr_line' id='line_1_47' title="bbox 645 2535 2218 2612; baseline -0.006 -14"><span class='ocrx_word' id='word_1_369' title='bbox 645 2561 749 2599; x_wconf 89' lang='lat' dir='ltr'><strong>non</strong></span> <span class='ocrx_word' id='word_1_370' title='bbox 779 2543 998 2612; x_wconf 85' lang='lat' dir='ltr'><strong>quidem</strong></span> <span class='ocrx_word' id='word_1_371' title='bbox 1053 2538 1348 2604; x_wconf 85' lang='lat' dir='ltr'><strong>immerito,</strong></span> <span class='ocrx_word' id='word_1_372' title='bbox 1368 2553 1491 2593; x_wconf 83' lang='lat' dir='ltr'><strong>nam</strong></span> <span class='ocrx_word' id='word_1_373' title='bbox 1524 2553 1618 2592; x_wconf 85' lang='lat' dir='ltr'><strong>cor</strong></span> <span class='ocrx_word' id='word_1_374' title='bbox 1673 2538 1892 2592; x_wconf 89' lang='lat' dir='ltr'><strong>virtutis</strong></span> <span class='ocrx_word' id='word_1_375' title='bbox 1926 2535 2060 2592; x_wconf 87' lang='lat' dir='ltr'><strong>illud</strong></span> <span class='ocrx_word' id='word_1_376' title='bbox 2121 2550 2218 2590; x_wconf 60' lang='lat' dir='ltr'><strong>voc</strong></span> 
     </span>
    </p>
   </div>
   <div class='ocr_carea' id='block_1_48' title="bbox 2223 2535 3837 2615">
    <p class='ocr_par' dir='ltr' id='par_1_48' title="bbox 2325 2543 3837 2615">
     <span class='ocr_line' id='line_1_48' title="bbox 2325 2543 3837 2615; baseline -0.001 -19"><span class='ocrx_word' id='word_1_377' title='bbox 2325 2545 2488 2597; x_wconf 80' lang='grc' dir='ltr'>πέντε</span> <span class='ocrx_word' id='word_1_378' title='bbox 2533 2545 2838 2615; x_wconf 81' lang='grc' dir='ltr'><strong>παρθένοι⁹</strong></span> <span class='ocrx_word' id='word_1_379' title='bbox 2895 2545 3005 2598; x_wconf 88' lang='grc' dir='ltr'><strong>τῶν</strong></span> <span class='ocrx_word' id='word_1_380' title='bbox 3057 2544 3168 2614; x_wconf 90' lang='grc' dir='ltr'><strong>γάρ</strong></span> <span class='ocrx_word' id='word_1_381' title='bbox 3203 2545 3526 2612; x_wconf 81' lang='grc' dir='ltr'>ἀναγκαίων</span> <span class='ocrx_word' id='word_1_382' title='bbox 3572 2543 3715 2597; x_wconf 81' lang='grc' dir='ltr'>τοῦτο</span> <span class='ocrx_word' id='word_1_383' title='bbox 3738 2543 3837 2604; x_wconf 64' lang='grc' dir='ltr'>ἐστὶ,</span> 
     </span>
    </p>
   </div>
   <div class='ocr_carea' id='block_1_49' title="bbox 645 2635 3843 2706">
    <p class='ocr_par' dir='ltr' id='par_1_49' title="bbox 645 2635 3843 2706">
     <span class='ocr_line' id='line_1_49' title="bbox 645 2635 3843 2706; baseline -0.002 -16"><span class='ocrx_word' id='word_1_384' title='bbox 645 2635 909 2691; x_wconf 80' lang='lat' dir='ltr'><strong>cavimus.</strong></span> <span class='ocrx_word' id='word_1_385' title='bbox 2326 2638 2423 2690; x_wconf 75' lang='grc' dir='ltr'><strong>καὶ</strong></span> <span class='ocrx_word' id='word_1_386' title='bbox 2461 2637 2797 2706; x_wconf 90' lang='grc' dir='ltr'>συνεχόντων</span> <span class='ocrx_word' id='word_1_387' title='bbox 2838 2637 2901 2688; x_wconf 85' lang='grc' dir='ltr'><strong>τδ</strong></span> <span class='ocrx_word' id='word_1_388' title='bbox 2930 2637 3041 2690; x_wconf 85' lang='grc' dir='ltr'>πᾶν</span> <span class='ocrx_word' id='word_1_389' title='bbox 3066 2652 3082 2668; x_wconf 79' lang='grc' dir='ltr'><strong>ο</strong></span> <span class='ocrx_word' id='word_1_390' title='bbox 3115 2635 3216 2689; x_wconf 75' lang='grc' dir='ltr'><strong>οὐκ</strong></span> <span class='ocrx_word' id='word_1_391' title='bbox 3248 2637 3356 2705; x_wconf 83' lang='grc' dir='ltr'>ἄρα</span> <span class='ocrx_word' id='word_1_392' title='bbox 3399 2636 3718 2698; x_wconf 85' lang='grc' dir='ltr'>ἀπεικότως,</span> <span class='ocrx_word' id='word_1_393' title='bbox 3745 2649 3843 2702; x_wconf 78' lang='grc' dir='ltr'>καρ-</span> 
     </span>
    </p>
   </div>
   <div class='ocr_carea' id='block_1_50' title="bbox 2326 2727 3390 2800">
    <p class='ocr_par' dir='ltr' id='par_1_50' title="bbox 2326 2727 3390 2800">
     <span class='ocr_line' id='line_1_50' title="bbox 2326 2727 3390 2800; baseline 0.004 -20"><span class='ocrx_word' id='word_1_394' title='bbox 2326 2727 2446 2780; x_wconf 88' lang='grc' dir='ltr'>δίαν</span> <span class='ocrx_word' id='word_1_395' title='bbox 2475 2730 2610 2781; x_wconf 82' lang='grc' dir='ltr'>αὐτὸ</span> <span class='ocrx_word' id='word_1_396' title='bbox 2645 2727 2998 2800; x_wconf 81' lang='grc' dir='ltr'>κεκλήκαμεν</span> <span class='ocrx_word' id='word_1_397' title='bbox 3029 2727 3131 2798; x_wconf 82' lang='grc' dir='ltr'>τῆς</span> <span class='ocrx_word' id='word_1_398' title='bbox 3163 2728 3390 2798; x_wconf 74' lang='grc' dir='ltr'>ἀρετῆς.</span> 
     </span>
    </p>
   </div>
   <div class='ocr_carea' id='block_1_51' title="bbox 713 2902 2327 2978">
    <p class='ocr_par' dir='ltr' id='par_1_51' title="bbox 713 2902 2216 2973">
     <span class='ocr_line' id='line_1_51' title="bbox 713 2902 2216 2973; baseline -0.003 -13"><span class='ocrx_word' id='word_1_399' title='bbox 713 2906 768 2960; x_wconf 77' lang='lat'><strong>7.</strong></span> <span class='ocrx_word' id='word_1_400' title='bbox 798 2905 979 2973; x_wconf 80' lang='lat' dir='ltr'><strong>Itaque</strong></span> <span class='ocrx_word' id='word_1_401' title='bbox 1026 2903 1072 2958; x_wconf 86' lang='lat' dir='ltr'><strong>si</strong></span> <span class='ocrx_word' id='word_1_402' title='bbox 1111 2902 1360 2966; x_wconf 82' lang='lat' dir='ltr'><strong>velimus,</strong></span> <span class='ocrx_word' id='word_1_403' title='bbox 1438 2917 1734 2972; x_wconf 86' lang='lat' dir='ltr'><strong>possumus</strong></span> <span class='ocrx_word' id='word_1_404' title='bbox 1795 2912 1849 2954; x_wconf 88' lang='lat' dir='ltr'><strong>et</strong></span> <span class='ocrx_word' id='word_1_405' title='bbox 1907 2917 2004 2954; x_wconf 87' lang='lat' dir='ltr'><strong>nos</strong></span> <span class='ocrx_word' id='word_1_406' title='bbox 2069 2903 2216 2955; x_wconf 79' lang='lat' dir='ltr'><strong>velut</strong></span> 
     </span>
    </p>
   </div>
   <div class='ocr_carea' id='block_1_52' title="bbox 2234 2902 3848 2978">
    <p class='ocr_par' dir='ltr' id='par_1_52' title="bbox 2402 2906 3848 2978">
     <span class='ocr_line' id='line_1_52' title="bbox 2402 2906 3848 2978; baseline -0.002 -18"><span class='ocrx_word' id='word_1_407' title='bbox 2402 2906 2468 2970; x_wconf 74' lang='grc' dir='ltr'><strong>ζ’.</strong></span> <span class='ocrx_word' id='word_1_408' title='bbox 2510 2907 2674 2959; x_wconf 81' lang='grc' dir='ltr'>Ὥστε</span> <span class='ocrx_word' id='word_1_409' title='bbox 2705 2907 2808 2959; x_wconf 80' lang='grc' dir='ltr'>ἐὰν</span> <span class='ocrx_word' id='word_1_410' title='bbox 2838 2907 3106 2978; x_wconf 75' lang='grc' dir='ltr'>θέλωμεν,</span> <span class='ocrx_word' id='word_1_411' title='bbox 3145 2907 3372 2961; x_wconf 80' lang='grc' dir='ltr'>δυνατὸν</span> <span class='ocrx_word' id='word_1_412' title='bbox 3402 2909 3542 2977; x_wconf 76' lang='grc' dir='ltr'>ἡμῖν</span> <span class='ocrx_word' id='word_1_413' title='bbox 3570 2908 3638 2968; x_wconf 82' lang='grc' dir='ltr'><strong>ῶς</strong></span> <span class='ocrx_word' id='word_1_414' title='bbox 3661 2910 3728 2966; x_wconf 76' lang='grc' dir='ltr'><strong>εἰς</strong></span> <span class='ocrx_word' id='word_1_415' title='bbox 3756 2909 3848 2972; x_wconf 78' lang='grc' dir='ltr'>ἁρε-</span> 
     </span>
    </p>
   </div>
   <div class='ocr_carea' id='block_1_53' title="bbox 645 2994 2259 3070">
    <p class='ocr_par' dir='ltr' id='par_1_53' title="bbox 645 2994 2213 3064">
     <span class='ocr_line' id='line_1_53' title="bbox 645 2994 2213 3064; baseline -0.003 -14"><span class='ocrx_word' id='word_1_416' title='bbox 645 3001 860 3053; x_wconf 76' lang='lat' dir='ltr'><strong>virtutis</strong></span> <span class='ocrx_word' id='word_1_417' title='bbox 885 2996 1174 3064; x_wconf 78' lang='lat' dir='ltr'><strong>imaginem</strong></span> <span class='ocrx_word' id='word_1_418' title='bbox 1202 2995 1267 3047; x_wconf 84' lang='lat' dir='ltr'><strong>ad</strong></span> <span class='ocrx_word' id='word_1_419' title='bbox 1293 3007 1564 3063; x_wconf 86' lang='lat' dir='ltr'><strong>quemque</strong></span> <span class='ocrx_word' id='word_1_420' title='bbox 1593 2994 1923 3061; x_wconf 84' lang='lat' dir='ltr'><strong>aspicientes</strong></span> <span class='ocrx_word' id='word_1_421' title='bbox 1942 2995 2213 3059; x_wconf 83' lang='lat' dir='ltr'><strong>apostolo-</strong></span> 
     </span>
    </p>
   </div>
   <div class='ocr_carea' id='block_1_54' title="bbox 2237 2994 3851 3070">
    <p class='ocr_par' dir='ltr' id='par_1_54' title="bbox 2328 2999 3851 3070">
     <span class='ocr_line' id='line_1_54' title="bbox 2328 2999 3851 3070; baseline -0.001 -19"><span class='ocrx_word' id='word_1_422' title='bbox 2328 2999 2426 3068; x_wconf 83' lang='grc' dir='ltr'>τῆς</span> <span class='ocrx_word' id='word_1_423' title='bbox 2467 3000 2653 3052; x_wconf 87' lang='grc' dir='ltr'>είκόνα</span> <span class='ocrx_word' id='word_1_424' title='bbox 2680 3000 2817 3070; x_wconf 80' lang='grc' dir='ltr'>πρὸς</span> <span class='ocrx_word' id='word_1_425' title='bbox 2844 2999 3076 3054; x_wconf 70' lang='grc' dir='ltr'>ἕκαστον</span> <span class='ocrx_word' id='word_1_426' title='bbox 3102 3001 3270 3070; x_wconf 87' lang='grc' dir='ltr'>ὁρῶσι</span> <span class='ocrx_word' id='word_1_427' title='bbox 3311 3000 3418 3054; x_wconf 89' lang='grc' dir='ltr'><strong>τῶν</strong></span> <span class='ocrx_word' id='word_1_428' title='bbox 3451 3001 3762 3063; x_wconf 70' lang='grc' dir='ltr'>ἀποστόλων,</span> <span class='ocrx_word' id='word_1_429' title='bbox 3783 3001 3851 3051; x_wconf 71' lang='grc' dir='ltr'><strong>καὶ</strong></span> 
     </span>
    </p>
   </div>
   <div class='ocr_carea' id='block_1_55' title="bbox 649 3083 2263 3166">
    <p class='ocr_par' dir='ltr' id='par_1_55' title="bbox 649 3083 2224 3156">
     <span class='ocr_line' id='line_1_55' title="bbox 649 3083 2224 3156; baseline -0.004 -12"><span class='ocrx_word' id='word_1_430' title='bbox 649 3106 788 3156; x_wconf 87' lang='lat' dir='ltr'><strong>rum,</strong></span> <span class='ocrx_word' id='word_1_431' title='bbox 809 3099 860 3144; x_wconf 92' lang='lat' dir='ltr'><strong>et</strong></span> <span class='ocrx_word' id='word_1_432' title='bbox 881 3087 1176 3156; x_wconf 85' lang='lat' dir='ltr'><strong>Scripturis</strong></span> <span class='ocrx_word' id='word_1_433' title='bbox 1199 3085 1396 3140; x_wconf 83' lang='lat' dir='ltr'><strong>divinis</strong></span> <span class='ocrx_word' id='word_1_434' title='bbox 1412 3084 1514 3138; x_wconf 90' lang='lat' dir='ltr'><strong>hoc</strong></span> <span class='ocrx_word' id='word_1_435' title='bbox 1537 3084 1820 3154; x_wconf 75' lang='lat' dir='ltr'><strong>diligenter</strong></span> <span class='ocrx_word' id='word_1_436' title='bbox 1841 3083 2224 3152; x_wconf 85' lang='lat' dir='ltr'><strong>praebentibus,</strong></span> 
     </span>
    </p>
   </div>
   <div class='ocr_carea' id='block_1_56' title="bbox 2236 3083 3850 3166">
    <p class='ocr_par' dir='ltr' id='par_1_56' title="bbox 2330 3085 3850 3166">
     <span class='ocr_line' id='line_1_56' title="bbox 2330 3085 3850 3166; baseline 0.001 -23"><span class='ocrx_word' id='word_1_437' title='bbox 2330 3093 2450 3153; x_wconf 84' lang='grc' dir='ltr'>ταῖς</span> <span class='ocrx_word' id='word_1_438' title='bbox 2485 3091 2657 3156; x_wconf 84' lang='grc' dir='ltr'>θείαις</span> <span class='ocrx_word' id='word_1_439' title='bbox 2685 3092 2930 3162; x_wconf 81' lang='grc' dir='ltr'>Γραφαῐς</span> <span class='ocrx_word' id='word_1_440' title='bbox 2973 3093 3338 3164; x_wconf 81' lang='grc' dir='ltr'>προσέχουσιν</span> <span class='ocrx_word' id='word_1_441' title='bbox 3367 3094 3635 3166; x_wconf 75' lang='grc' dir='ltr'>ἀκριϐῶς,</span> <span class='ocrx_word' id='word_1_442' title='bbox 3667 3093 3726 3146; x_wconf 81' lang='grc' dir='ltr'>δι’</span> <span class='ocrx_word' id='word_1_443' title='bbox 3749 3085 3850 3160; x_wconf 78' lang='grc' dir='ltr'><strong>ῶνή</strong></span> 
     </span>
    </p>
   </div>
   <div class='ocr_carea' id='block_1_57' title="bbox 645 3173 2259 3274">
    <p class='ocr_par' dir='ltr' id='par_1_57' title="bbox 645 3173 2259 3258">
     <span class='ocr_line' id='line_1_57' title="bbox 645 3173 2259 3258; baseline -0.005 -22"><span class='ocrx_word' id='word_1_444' title='bbox 645 3197 741 3250; x_wconf 77' lang='lat' dir='ltr'><strong>per</strong></span> <span class='ocrx_word' id='word_1_445' title='bbox 771 3195 907 3251; x_wconf 83' lang='lat' dir='ltr'><strong>quas</strong></span> <span class='ocrx_word' id='word_1_446' title='bbox 940 3180 1117 3232; x_wconf 83' lang='lat' dir='ltr'><strong>anima</strong></span> <span class='ocrx_word' id='word_1_447' title='bbox 1170 3178 1462 3230; x_wconf 76' lang='lat' dir='ltr'><strong>decoratur</strong></span> <span class='ocrx_word' id='word_1_448' title='bbox 1514 3175 1820 3228; x_wconf 86' lang='lat' dir='ltr'><strong>illuminata</strong></span> <span class='ocrx_word' id='word_1_449' title='bbox 1874 3173 2003 3227; x_wconf 91' lang='lat' dir='ltr'><strong>nihil</strong></span> <span class='ocrx_word' id='word_1_450' title='bbox 2035 3177 2259 3258; x_wconf 30' lang='lat' dir='ltr'><strong>cedere‘</strong></span> 
     </span>
    </p>
   </div>
   <div class='ocr_carea' id='block_1_58' title="bbox 2237 3173 3851 3274">
    <p class='ocr_par' dir='ltr' id='par_1_58' title="bbox 2256 3182 3851 3274">
     <span class='ocr_line' id='line_1_58' title="bbox 2256 3182 3851 3274; baseline -0.008 -36"><span class='ocrx_word' id='word_1_451' title='bbox 2256 3213 2302 3274; x_wconf 67' lang='grc' dir='ltr'>ο</span> <span class='ocrx_word' id='word_1_452' title='bbox 2331 3182 2480 3252; x_wconf 76' lang='grc' dir='ltr'>ψυχὴ</span> <span class='ocrx_word' id='word_1_453' title='bbox 2533 3182 2939 3246; x_wconf 78' lang='grc' dir='ltr'>καλλωπίζεται</span> <span class='ocrx_word' id='word_1_454' title='bbox 2999 3183 3349 3254; x_wconf 75' lang='grc' dir='ltr'>φωτιζομένη</span> <span class='ocrx_word' id='word_1_455' title='bbox 3378 3225 3394 3246; x_wconf 82' lang='grc'><strong>,</strong></span> <span class='ocrx_word' id='word_1_456' title='bbox 3465 3184 3626 3254; x_wconf 77' lang='grc' dir='ltr'>μηδὲν</span> <span class='ocrx_word' id='word_1_457' title='bbox 3676 3184 3851 3236; x_wconf 75' lang='grc' dir='ltr'>ἔλαττον</span> 
     </span>
    </p>
   </div>
   <div class='ocr_carea' id='block_1_59' title="bbox 646 3267 2260 3346">
    <p class='ocr_par' dir='ltr' id='par_1_59' title="bbox 646 3267 2229 3338">
     <span class='ocr_line' id='line_1_59' title="bbox 646 3267 2229 3338; baseline -0.005 -10"><span class='ocrx_word' id='word_1_458' title='bbox 646 3274 788 3330; x_wconf 81' lang='lat' dir='ltr'><strong>illis:</strong></span> <span class='ocrx_word' id='word_1_459' title='bbox 823 3287 952 3326; x_wconf 89' lang='lat' dir='ltr'><strong>num</strong></span> <span class='ocrx_word' id='word_1_460' title='bbox 1006 3271 1149 3324; x_wconf 88' lang='lat' dir='ltr'><strong>enim</strong></span> <span class='ocrx_word' id='word_1_461' title='bbox 1205 3269 1376 3338; x_wconf 83' lang='lat' dir='ltr'><strong>angeli</strong></span> <span class='ocrx_word' id='word_1_462' title='bbox 1403 3277 1558 3321; x_wconf 83' lang='lat' dir='ltr'><strong>erant</strong></span> <span class='ocrx_word' id='word_1_463' title='bbox 1622 3267 1747 3326; x_wconf 85' lang='lat' dir='ltr'><strong>illi?</strong></span> <span class='ocrx_word' id='word_1_464' title='bbox 1804 3283 1932 3320; x_wconf 89' lang='lat' dir='ltr'><strong>num</strong></span> <span class='ocrx_word' id='word_1_465' title='bbox 1969 3267 2034 3320; x_wconf 87' lang='lat' dir='ltr'><strong>de</strong></span> <span class='ocrx_word' id='word_1_466' title='bbox 2092 3267 2229 3322; x_wconf 75' lang='lat' dir='ltr'><strong>etelo</strong></span> 
     </span>
    </p>
   </div>
   <div class='ocr_carea' id='block_1_60' title="bbox 2238 3267 3852 3346">
    <p class='ocr_par' dir='ltr' id='par_1_60' title="bbox 2266 3267 3852 3346">
     <span class='ocr_line' id='line_1_60' title="bbox 2266 3267 3852 3346; baseline 0.001 -20"><span class='ocrx_word' id='word_1_467' title='bbox 2266 3267 2301 3274; x_wconf 41' lang='lat' dir='ltr'>V</span> <span class='ocrx_word' id='word_1_468' title='bbox 2334 3278 2482 3344; x_wconf 82' lang='grc' dir='ltr'>ἔχειν</span> <span class='ocrx_word' id='word_1_469' title='bbox 2522 3275 2748 3328; x_wconf 79' lang='grc' dir='ltr'>ἐκείνων</span> <span class='ocrx_word' id='word_1_470' title='bbox 2776 3289 2788 3302; x_wconf 80' lang='grc'><strong><em>⁸</em></strong></span> <span class='ocrx_word' id='word_1_471' title='bbox 2829 3274 2904 3344; x_wconf 81' lang='grc' dir='ltr'>μὴ</span> <span class='ocrx_word' id='word_1_472' title='bbox 2952 3276 3058 3346; x_wconf 83' lang='grc' dir='ltr'>γὰρ</span> <span class='ocrx_word' id='word_1_473' title='bbox 3089 3275 3315 3343; x_wconf 81' lang='grc' dir='ltr'>ἄγγελοι</span> <span class='ocrx_word' id='word_1_474' title='bbox 3357 3270 3502 3346; x_wconf 82' lang='grc' dir='ltr'>ἦσαν</span> <span class='ocrx_word' id='word_1_475' title='bbox 3545 3279 3761 3338; x_wconf 83' lang='grc' dir='ltr'>ἐκεῖνοι;</span> <span class='ocrx_word' id='word_1_476' title='bbox 3797 3273 3852 3342; x_wconf 78' lang='grc' dir='ltr'>μὴ</span> 
     </span>
    </p>
   </div>
   <div class='ocr_carea' id='block_1_61' title="bbox 650 3359 2264 3438">
    <p class='ocr_par' dir='ltr' id='par_1_61' title="bbox 650 3359 2227 3425">
     <span class='ocr_line' id='line_1_61' title="bbox 650 3359 2227 3425; baseline -0.008 -4"><span class='ocrx_word' id='word_1_477' title='bbox 650 3363 1090 3423; x_wconf 76' lang='lat' dir='ltr'><strong>descenderunt?</strong></span> <span class='ocrx_word' id='word_1_478' title='bbox 1146 3359 1336 3414; x_wconf 80' lang='lat' dir='ltr'><strong>Nonne</strong></span> <span class='ocrx_word' id='word_1_479' title='bbox 1373 3359 1617 3425; x_wconf 84' lang='lat' dir='ltr'><strong>ejusdem</strong></span> <span class='ocrx_word' id='word_1_480' title='bbox 1675 3369 1885 3411; x_wconf 68' lang='lat' dir='ltr'><strong>natura:</strong></span> <span class='ocrx_word' id='word_1_481' title='bbox 1947 3359 2227 3411; x_wconf 87' lang='lat' dir='ltr'><strong>nobiscum</strong></span> 
     </span>
    </p>
   </div>
   <div class='ocr_carea' id='block_1_62' title="bbox 2241 3359 3855 3438">
    <p class='ocr_par' dir='ltr' id='par_1_62' title="bbox 2334 3365 3855 3438">
     <span class='ocr_line' id='line_1_62' title="bbox 2334 3365 3855 3438; baseline -0.004 -18"><span class='ocrx_word' id='word_1_482' title='bbox 2334 3368 2441 3438; x_wconf 90' lang='grc' dir='ltr'><strong>γάρ</strong></span> <span class='ocrx_word' id='word_1_483' title='bbox 2480 3366 2539 3432; x_wconf 79' lang='grc' dir='ltr'><strong>ἐξ</strong></span> <span class='ocrx_word' id='word_1_484' title='bbox 2583 3367 2820 3438; x_wconf 77' lang='grc' dir='ltr'>οὐρανοῦ</span> <span class='ocrx_word' id='word_1_485' title='bbox 2863 3367 3222 3436; x_wconf 72' lang='grc' dir='ltr'>κατέϐησανς</span> <span class='ocrx_word' id='word_1_486' title='bbox 3267 3369 3390 3437; x_wconf 76' lang='grc' dir='ltr'>οὐχὶ</span> <span class='ocrx_word' id='word_1_487' title='bbox 3425 3369 3537 3421; x_wconf 86' lang='grc' dir='ltr'><strong>τῶν</strong></span> <span class='ocrx_word' id='word_1_488' title='bbox 3569 3367 3733 3421; x_wconf 79' lang='grc' dir='ltr'>αὐτῶν</span> <span class='ocrx_word' id='word_1_489' title='bbox 3757 3365 3855 3434; x_wconf 78' lang='grc' dir='ltr'>ἡμῖν</span> 
     </span>
    </p>
   </div>
   <div class='ocr_carea' id='block_1_63' title="bbox 650 3449 2264 3529">
    <p class='ocr_par' dir='ltr' id='par_1_63' title="bbox 650 3449 2227 3524">
     <span class='ocr_line' id='line_1_63' title="bbox 650 3449 2227 3524; baseline -0.003 -16"><span class='ocrx_word' id='word_1_490' title='bbox 650 3457 939 3524; x_wconf 75' lang='lat' dir='ltr'><strong>participes</strong></span> <span class='ocrx_word' id='word_1_491' title='bbox 998 3453 1261 3506; x_wconf 79' lang='lat' dir='ltr'><strong>fuerunt?</strong></span> <span class='ocrx_word' id='word_1_492' title='bbox 1343 3466 1520 3505; x_wconf 88' lang='lat' dir='ltr'><strong>nonne</strong></span> <span class='ocrx_word' id='word_1_493' title='bbox 1584 3451 1636 3502; x_wconf 92' lang='lat' dir='ltr'><strong>in</strong></span> <span class='ocrx_word' id='word_1_494' title='bbox 1705 3450 1933 3502; x_wconf 89' lang='lat' dir='ltr'><strong>urbibus</strong></span> <span class='ocrx_word' id='word_1_495' title='bbox 2008 3449 2227 3503; x_wconf 87' lang='lat' dir='ltr'><strong>enutriti</strong></span> 
     </span>
    </p>
   </div>
   <div class='ocr_carea' id='block_1_64' title="bbox 2245 3449 3859 3529">
    <p class='ocr_par' dir='ltr' id='par_1_64' title="bbox 2338 3457 3859 3529">
     <span class='ocr_line' id='line_1_64' title="bbox 2338 3457 3859 3529; baseline -0.003 -17"><span class='ocrx_word' id='word_1_496' title='bbox 2338 3459 2635 3529; x_wconf 85' lang='grc' dir='ltr'>μετέσχον;</span> <span class='ocrx_word' id='word_1_497' title='bbox 2668 3459 2770 3512; x_wconf 82' lang='grc' dir='ltr'><strong>οὐκ</strong></span> <span class='ocrx_word' id='word_1_498' title='bbox 2801 3460 2858 3512; x_wconf 85' lang='grc' dir='ltr'><strong>ἐν</strong></span> <span class='ocrx_word' id='word_1_499' title='bbox 2905 3459 3128 3511; x_wconf 82' lang='grc' dir='ltr'>πόλεσιν</span> <span class='ocrx_word' id='word_1_500' title='bbox 3179 3459 3541 3529; x_wconf 84' lang='grc' dir='ltr'>ἐτράφησαν;</span> <span class='ocrx_word' id='word_1_501' title='bbox 3573 3461 3631 3512; x_wconf 83' lang='grc' dir='ltr'><strong>οὐ</strong></span> <span class='ocrx_word' id='word_1_502' title='bbox 3666 3457 3761 3514; x_wconf 85' lang='grc' dir='ltr'><strong>τῶν</strong></span> <span class='ocrx_word' id='word_1_503' title='bbox 3787 3457 3859 3508; x_wconf 78' lang='grc' dir='ltr'><strong>αὑ-</strong></span> 
     </span>
    </p>
   </div>
   <div class='ocr_carea' id='block_1_65' title="bbox 648 3541 2262 3620">
    <p class='ocr_par' dir='ltr' id='par_1_65' title="bbox 648 3541 2229 3604">
     <span class='ocr_line' id='line_1_65' title="bbox 648 3541 2229 3604; baseline -0.006 0"><span class='ocrx_word' id='word_1_504' title='bbox 648 3549 821 3604; x_wconf 78' lang='lat' dir='ltr'><strong>sunt?</strong></span> <span class='ocrx_word' id='word_1_505' title='bbox 851 3561 1034 3600; x_wconf 88' lang='lat' dir='ltr'><strong>nouue</strong></span> <span class='ocrx_word' id='word_1_506' title='bbox 1067 3545 1254 3598; x_wconf 88' lang='lat' dir='ltr'><strong>iisdem</strong></span> <span class='ocrx_word' id='word_1_507' title='bbox 1319 3545 1399 3596; x_wconf 82' lang='lat' dir='ltr'><strong>usi</strong></span> <span class='ocrx_word' id='word_1_508' title='bbox 1452 3541 1617 3596; x_wconf 87' lang='lat' dir='ltr'><strong>sunt?</strong></span> <span class='ocrx_word' id='word_1_509' title='bbox 1653 3556 1831 3595; x_wconf 84' lang='lat' dir='ltr'><strong>nonne</strong></span> <span class='ocrx_word' id='word_1_510' title='bbox 1871 3553 2017 3595; x_wconf 86' lang='lat' dir='ltr'><strong>artes</strong></span> <span class='ocrx_word' id='word_1_511' title='bbox 2058 3542 2229 3594; x_wconf 53' lang='lat' dir='ltr'><strong>mani.</strong></span> 
     </span>
    </p>
   </div>
   <div class='ocr_carea' id='block_1_66' title="bbox 2245 3541 3859 3620">
    <p class='ocr_par' dir='ltr' id='par_1_66' title="bbox 2333 3547 3859 3620">
     <span class='ocr_line' id='line_1_66' title="bbox 2333 3547 3859 3620; baseline -0.001 -18"><span class='ocrx_word' id='word_1_512' title='bbox 2333 3551 2445 3602; x_wconf 86' lang='grc' dir='ltr'><strong>τῶν</strong></span> <span class='ocrx_word' id='word_1_513' title='bbox 2473 3549 2800 3620; x_wconf 84' lang='grc' dir='ltr'>ἀπήλαυσαν</span> <span class='ocrx_word' id='word_1_514' title='bbox 2828 3567 2844 3615; x_wconf 87' lang='grc'><strong>;</strong></span> <span class='ocrx_word' id='word_1_515' title='bbox 2872 3549 2993 3617; x_wconf 73' lang='grc' dir='ltr'>οὐχὶ</span> <span class='ocrx_word' id='word_1_516' title='bbox 3020 3551 3212 3620; x_wconf 74' lang='grc' dir='ltr'>τέχνας</span> <span class='ocrx_word' id='word_1_517' title='bbox 3238 3552 3716 3620; x_wconf 74' lang='grc' dir='ltr'>μετεχειρίσαντος</span> <span class='ocrx_word' id='word_1_518' title='bbox 3739 3547 3859 3615; x_wconf 78' lang='grc' dir='ltr'>γεγὸ-</span> 
     </span>
    </p>
   </div>
   <div class='ocr_carea' id='block_1_67' title="bbox 647 3631 2261 3712">
    <p class='ocr_par' dir='ltr' id='par_1_67' title="bbox 647 3631 2232 3694">
     <span class='ocr_line' id='line_1_67' title="bbox 647 3631 2232 3694; baseline -0.005 -2"><span class='ocrx_word' id='word_1_519' title='bbox 647 3639 758 3692; x_wconf 82' lang='lat' dir='ltr'><strong>bus</strong></span> <span class='ocrx_word' id='word_1_520' title='bbox 797 3635 1215 3691; x_wconf 73' lang='lat' dir='ltr'><strong>exercuerunt?</strong></span> <span class='ocrx_word' id='word_1_521' title='bbox 1247 3634 1372 3687; x_wconf 79' lang='lat' dir='ltr'><strong>facti</strong></span> <span class='ocrx_word' id='word_1_522' title='bbox 1404 3645 1533 3688; x_wconf 81' lang='lat' dir='ltr'><strong>sunt</strong></span> <span class='ocrx_word' id='word_1_523' title='bbox 1581 3643 1759 3688; x_wconf 85' lang='lat' dir='ltr'><strong>autem</strong></span> <span class='ocrx_word' id='word_1_524' title='bbox 1816 3631 2116 3694; x_wconf 87' lang='lat' dir='ltr'><strong>mirabiles,</strong></span> <span class='ocrx_word' id='word_1_525' title='bbox 2177 3639 2232 3684; x_wconf 80' lang='lat' dir='ltr'><strong>ct.</strong></span> 
     </span>
    </p>
   </div>
   <div class='ocr_carea' id='block_1_68' title="bbox 2245 3631 3859 3712">
    <p class='ocr_par' dir='ltr' id='par_1_68' title="bbox 2336 3641 3859 3712">
     <span class='ocr_line' id='line_1_68' title="bbox 2336 3641 3859 3712; baseline 0.005 -20"><span class='ocrx_word' id='word_1_526' title='bbox 2336 3658 2460 3693; x_wconf 89' lang='grc' dir='ltr'>νασι</span> <span class='ocrx_word' id='word_1_527' title='bbox 2489 3641 2546 3694; x_wconf 77' lang='grc' dir='ltr'>δὲ</span> <span class='ocrx_word' id='word_1_528' title='bbox 2579 3641 2886 3711; x_wconf 74' lang='grc' dir='ltr'>θαυμαστοὶ</span> <span class='ocrx_word' id='word_1_529' title='bbox 2935 3643 3029 3694; x_wconf 79' lang='grc' dir='ltr'><strong>καὶ</strong></span> <span class='ocrx_word' id='word_1_530' title='bbox 3062 3641 3138 3704; x_wconf 83' lang='grc' dir='ltr'>ὡς</span> <span class='ocrx_word' id='word_1_531' title='bbox 3185 3641 3402 3711; x_wconf 82' lang='grc' dir='ltr'>ἀληθῶς</span> <span class='ocrx_word' id='word_1_532' title='bbox 3436 3642 3859 3712; x_wconf 66' lang='grc' dir='ltr'>ὕπερθαύμαστσιι</span> 
     </span>
    </p>
   </div>
   <div class='ocr_carea' id='block_1_69' title="bbox 650 3725 2264 3804">
    <p class='ocr_par' dir='ltr' id='par_1_69' title="bbox 650 3725 2230 3798">
     <span class='ocr_line' id='line_1_69' title="bbox 650 3725 2230 3798; baseline -0.004 -16"><span class='ocrx_word' id='word_1_533' title='bbox 650 3747 779 3785; x_wconf 71' lang='lat' dir='ltr'><strong>vere</strong></span> <span class='ocrx_word' id='word_1_534' title='bbox 836 3745 947 3798; x_wconf 78' lang='lat' dir='ltr'><strong>pra:</strong></span> <span class='ocrx_word' id='word_1_535' title='bbox 978 3730 1232 3784; x_wconf 88' lang='lat' dir='ltr'><strong>onmibus</strong></span> <span class='ocrx_word' id='word_1_536' title='bbox 1284 3726 1539 3790; x_wconf 79' lang='lat' dir='ltr'><strong>mirandi,</strong></span> <span class='ocrx_word' id='word_1_537' title='bbox 1569 3741 1786 3780; x_wconf 86' lang='lat' dir='ltr'><strong>omnem</strong></span> <span class='ocrx_word' id='word_1_538' title='bbox 1845 3725 2061 3778; x_wconf 85' lang='lat' dir='ltr'><strong>virtutis</strong></span> <span class='ocrx_word' id='word_1_539' title='bbox 2109 3738 2230 3778; x_wconf 91' lang='lat' dir='ltr'><strong>cum</strong></span> 
     </span>
    </p>
   </div>
   <div class='ocr_carea' id='block_1_70' title="bbox 2245 3725 3859 3804">
    <p class='ocr_par' dir='ltr' id='par_1_70' title="bbox 2334 3734 3859 3804">
     <span class='ocr_line' id='line_1_70' title="bbox 2334 3734 3859 3804; baseline -0.003 -18"><span class='ocrx_word' id='word_1_540' title='bbox 2334 3734 2517 3786; x_wconf 78' lang='grc' dir='ltr'>πᾶσαν</span> <span class='ocrx_word' id='word_1_541' title='bbox 2557 3734 2763 3803; x_wconf 84' lang='grc' dir='ltr'>ἀρετῆς</span> <span class='ocrx_word' id='word_1_542' title='bbox 2806 3735 3150 3804; x_wconf 79' lang='grc' dir='ltr'>ἀσκήσαντες</span> <span class='ocrx_word' id='word_1_543' title='bbox 3179 3735 3320 3799; x_wconf 86' lang='grc' dir='ltr'>ὁδὸν,</span> <span class='ocrx_word' id='word_1_544' title='bbox 3352 3736 3449 3788; x_wconf 69' lang='grc' dir='ltr'><strong>κα)⁵</strong></span> <span class='ocrx_word' id='word_1_545' title='bbox 3483 3739 3649 3790; x_wconf 84' lang='grc' dir='ltr'>τύπον</span> <span class='ocrx_word' id='word_1_546' title='bbox 3679 3735 3859 3800; x_wconf 83' lang='grc' dir='ltr'>γενόμε-</span> 
     </span>
    </p>
   </div>
   <div class='ocr_carea' id='block_1_71' title="bbox 648 3805 2262 3898">
    <p class='ocr_par' dir='ltr' id='par_1_71' title="bbox 648 3815 2230 3888">
     <span class='ocr_line' id='line_1_71' title="bbox 648 3815 2230 3888; baseline -0.006 -10"><span class='ocrx_word' id='word_1_547' title='bbox 648 3823 1029 3878; x_wconf 77' lang='lat' dir='ltr'><strong>exercuissent</strong></span> <span class='ocrx_word' id='word_1_548' title='bbox 1080 3824 1248 3883; x_wconf 87' lang='lat' dir='ltr'><strong>viam,</strong></span> <span class='ocrx_word' id='word_1_549' title='bbox 1280 3831 1334 3874; x_wconf 89' lang='lat' dir='ltr'><strong>et</strong></span> <span class='ocrx_word' id='word_1_550' title='bbox 1364 3819 1643 3888; x_wconf 82' lang='lat' dir='ltr'><strong>exemplar</strong></span> <span class='ocrx_word' id='word_1_551' title='bbox 1686 3819 1815 3872; x_wconf 78' lang='lat' dir='ltr'><strong>facti</strong></span> <span class='ocrx_word' id='word_1_552' title='bbox 1871 3818 2123 3871; x_wconf 87' lang='lat' dir='ltr'><strong>omnibus</strong></span> <span class='ocrx_word' id='word_1_553' title='bbox 2161 3815 2230 3870; x_wconf 87' lang='lat' dir='ltr'><strong>ad</strong></span> 
     </span>
    </p>
   </div>
   <div class='ocr_carea' id='block_1_72' title="bbox 2247 3805 3861 3898">
    <p class='ocr_par' dir='ltr' id='par_1_72' title="bbox 2336 3805 3861 3898">
     <span class='ocr_line' id='line_1_72' title="bbox 2336 3805 3861 3898; baseline -0.002 -20"><span class='ocrx_word' id='word_1_554' title='bbox 2336 3843 2418 3878; x_wconf 91' lang='grc' dir='ltr'><strong>νοι</strong></span> <span class='ocrx_word' id='word_1_555' title='bbox 2470 3828 2605 3880; x_wconf 82' lang='grc' dir='ltr'>πᾶσι</span> <span class='ocrx_word' id='word_1_556' title='bbox 2663 3825 2799 3898; x_wconf 68' lang='grc' dir='ltr'>πρδξ</span> <span class='ocrx_word' id='word_1_557' title='bbox 2857 3826 3154 3898; x_wconf 86' lang='grc' dir='ltr'>σωτηρίαν,</span> <span class='ocrx_word' id='word_1_558' title='bbox 3212 3829 3304 3882; x_wconf 73' lang='grc' dir='ltr'><strong>καὶ</strong></span> <span class='ocrx_word' id='word_1_559' title='bbox 3343 3828 3490 3881; x_wconf 77' lang='grc' dir='ltr'>οὕτω</span> <span class='ocrx_word' id='word_1_560' title='bbox 3538 3829 3636 3898; x_wconf 81' lang='grc' dir='ltr'>τὴν</span> <span class='ocrx_word' id='word_1_561' title='bbox 3677 3805 3861 3893; x_wconf 73' lang='grc' dir='ltr'>δύναμιν</span> 
     </span>
    </p>
   </div>
   <div class='ocr_carea' id='block_1_73' title="bbox 649 3909 2263 3990">
    <p class='ocr_par' dir='ltr' id='par_1_73' title="bbox 649 3909 2231 3981">
     <span class='ocr_line' id='line_1_73' title="bbox 649 3909 2231 3981; baseline -0.002 -14"><span class='ocrx_word' id='word_1_562' title='bbox 649 3915 904 3978; x_wconf 79' lang='lat' dir='ltr'><strong>salutem,</strong></span> <span class='ocrx_word' id='word_1_563' title='bbox 923 3921 977 3965; x_wconf 89' lang='lat' dir='ltr'><strong>et</strong></span> <span class='ocrx_word' id='word_1_564' title='bbox 997 3914 1076 3967; x_wconf 86' lang='lat' dir='ltr'><strong>sic</strong></span> <span class='ocrx_word' id='word_1_565' title='bbox 1099 3922 1422 3981; x_wconf 83' lang='lat' dir='ltr'><strong>potestatem</strong></span> <span class='ocrx_word' id='word_1_566' title='bbox 1453 3912 1796 3964; x_wconf 80' lang='lat' dir='ltr'><strong>destrttentes</strong></span> <span class='ocrx_word' id='word_1_567' title='bbox 1823 3909 2048 3970; x_wconf 86' lang='lat' dir='ltr'><strong>diaboli,</strong></span> <span class='ocrx_word' id='word_1_568' title='bbox 2071 3909 2231 3978; x_wconf 88' lang='lat' dir='ltr'><strong>hujus</strong></span> 
     </span>
    </p>
   </div>
   <div class='ocr_carea' id='block_1_74' title="bbox 2246 3909 3860 3990">
    <p class='ocr_par' dir='ltr' id='par_1_74' title="bbox 2333 3919 3860 3990">
     <span class='ocr_line' id='line_1_74' title="bbox 2333 3919 3860 3990; baseline 0.003 -18"><span class='ocrx_word' id='word_1_569' title='bbox 2333 3920 2614 3981; x_wconf 85' lang='grc' dir='ltr'>ἀνελόντες</span> <span class='ocrx_word' id='word_1_570' title='bbox 2637 3919 2729 3972; x_wconf 84' lang='grc' dir='ltr'>τοῦ</span> <span class='ocrx_word' id='word_1_571' title='bbox 2751 3919 3026 3980; x_wconf 75' lang='grc' dir='ltr'>διαϐόλου,</span> <span class='ocrx_word' id='word_1_572' title='bbox 3059 3920 3390 3990; x_wconf 78' lang='grc' dir='ltr'>ἐκκόψαντες</span> <span class='ocrx_word' id='word_1_573' title='bbox 3407 3922 3604 3975; x_wconf 75' lang='grc' dir='ltr'>τούτου</span> <span class='ocrx_word' id='word_1_574' title='bbox 3635 3923 3696 3974; x_wconf 70' lang='grc' dir='ltr'>τὰ</span> <span class='ocrx_word' id='word_1_575' title='bbox 3711 3919 3860 3987; x_wconf 77' lang='grc' dir='ltr'>νεῦρα.</span> 
     </span>
    </p>
   </div>
   <div class='ocr_carea' id='block_1_75' title="bbox 649 4001 2263 4082">
    <p class='ocr_par' dir='ltr' id='par_1_75' title="bbox 649 4001 2232 4071">
     <span class='ocr_line' id='line_1_75' title="bbox 649 4001 2232 4071; baseline -0.003 -11"><span class='ocrx_word' id='word_1_576' title='bbox 649 4007 988 4060; x_wconf 74' lang='lat' dir='ltr'><strong>surcidentes</strong></span> <span class='ocrx_word' id='word_1_577' title='bbox 1024 4019 1239 4066; x_wconf 85' lang='lat' dir='ltr'><strong>nervos,</strong></span> <span class='ocrx_word' id='word_1_578' title='bbox 1290 4010 1637 4056; x_wconf 85' lang='lat' dir='ltr'><strong>eouterentes</strong></span> <span class='ocrx_word' id='word_1_579' title='bbox 1665 4002 1785 4070; x_wconf 89' lang='lat' dir='ltr'><strong>ejus</strong></span> <span class='ocrx_word' id='word_1_580' title='bbox 1812 4012 1996 4071; x_wconf 83' lang='lat' dir='ltr'><strong>caput,</strong></span> <span class='ocrx_word' id='word_1_581' title='bbox 2035 4001 2232 4056; x_wconf 83' lang='lat' dir='ltr'><strong>dissul-</strong></span> 
     </span>
    </p>
   </div>
   <div class='ocr_carea' id='block_1_76' title="bbox 2245 4001 3859 4082">
    <p class='ocr_par' dir='ltr' id='par_1_76' title="bbox 2335 4008 3859 4082">
     <span class='ocr_line' id='line_1_76' title="bbox 2335 4008 3859 4082; baseline -0.001 -20"><span class='ocrx_word' id='word_1_582' title='bbox 2335 4008 2726 4077; x_wconf 75' lang='grc' dir='ltr'>συντρίψαντες</span> <span class='ocrx_word' id='word_1_583' title='bbox 2755 4010 2917 4062; x_wconf 79' lang='grc' dir='ltr'>αὑτοῦ</span> <span class='ocrx_word' id='word_1_584' title='bbox 2943 4011 3044 4081; x_wconf 84' lang='grc' dir='ltr'>τὴν</span> <span class='ocrx_word' id='word_1_585' title='bbox 3075 4010 3339 4082; x_wconf 70' lang='grc' dir='ltr'>κεφαλὴν,</span> <span class='ocrx_word' id='word_1_586' title='bbox 3363 4013 3766 4073; x_wconf 76' lang='grc' dir='ltr'>καταλύσαντες</span> <span class='ocrx_word' id='word_1_587' title='bbox 3789 4011 3859 4062; x_wconf 59' lang='lat' dir='ltr'><strong>ab-</strong></span> 
     </span>
    </p>
   </div>
   <div class='ocr_carea' id='block_1_77' title="bbox 652 4093 2266 4173">
    <p class='ocr_par' dir='ltr' id='par_1_77' title="bbox 652 4093 2226 4168">
     <span class='ocr_line' id='line_1_77' title="bbox 652 4093 2226 4168; baseline -0.001 -19"><span class='ocrx_word' id='word_1_588' title='bbox 652 4111 836 4153; x_wconf 82' lang='lat' dir='ltr'><strong>ventes</strong></span> <span class='ocrx_word' id='word_1_589' title='bbox 867 4097 987 4167; x_wconf 79' lang='lat' dir='ltr'><strong>ejus</strong></span> <span class='ocrx_word' id='word_1_590' title='bbox 1023 4095 1738 4168; x_wconf 81' lang='lat' dir='ltr'><strong>tyrannidem,dissipantes</strong></span> <span class='ocrx_word' id='word_1_591' title='bbox 1761 4093 1876 4163; x_wconf 89' lang='lat' dir='ltr'><strong>ejus</strong></span> <span class='ocrx_word' id='word_1_592' title='bbox 1891 4093 2226 4148; x_wconf 86' lang='lat' dir='ltr'><strong>exercitum:</strong></span> 
     </span>
    </p>
   </div>
   <div class='ocr_carea' id='block_1_78' title="bbox 2244 4093 3858 4173">
    <p class='ocr_par' dir='ltr' id='par_1_78' title="bbox 2333 4097 3858 4173">
     <span class='ocr_line' id='line_1_78' title="bbox 2333 4097 3858 4173; baseline 0 -23"><span class='ocrx_word' id='word_1_593' title='bbox 2333 4097 2428 4151; x_wconf 80' lang='grc' dir='ltr'>τοῦ</span> <span class='ocrx_word' id='word_1_594' title='bbox 2462 4099 2562 4168; x_wconf 80' lang='grc' dir='ltr'><strong>τὴν</strong></span> <span class='ocrx_word' id='word_1_595' title='bbox 2594 4101 2906 4168; x_wconf 83' lang='grc' dir='ltr'>τυραννίδα,</span> <span class='ocrx_word' id='word_1_596' title='bbox 2941 4101 3350 4166; x_wconf 74' lang='grc' dir='ltr'>διασπάσαντες</span> <span class='ocrx_word' id='word_1_597' title='bbox 3384 4103 3446 4156; x_wconf 77' lang='grc' dir='ltr'>τὸ</span> <span class='ocrx_word' id='word_1_598' title='bbox 3501 4103 3858 4173; x_wconf 83' lang='grc' dir='ltr'>στρατόπεδον·</span> 
     </span>
    </p>
   </div>
   <div class='ocr_carea' id='block_1_79' title="bbox 648 4183 2262 4264">
    <p class='ocr_par' dir='ltr' id='par_1_79' title="bbox 648 4183 2234 4247">
     <span class='ocr_line' id='line_1_79' title="bbox 648 4183 2234 4247; baseline -0.006 -1"><span class='ocrx_word' id='word_1_599' title='bbox 648 4202 700 4246; x_wconf 87' lang='lat' dir='ltr'><strong>et</strong></span> <span class='ocrx_word' id='word_1_600' title='bbox 739 4192 839 4244; x_wconf 85' lang='lat' dir='ltr'><strong>hoc</strong></span> <span class='ocrx_word' id='word_1_601' title='bbox 871 4189 1212 4247; x_wconf 84' lang='lat' dir='ltr'><strong>miraculum,</strong></span> <span class='ocrx_word' id='word_1_602' title='bbox 1234 4189 1488 4241; x_wconf 85' lang='lat' dir='ltr'><strong>omnibus</strong></span> <span class='ocrx_word' id='word_1_603' title='bbox 1531 4185 1811 4238; x_wconf 84' lang='lat' dir='ltr'><strong>miraculis</strong></span> <span class='ocrx_word' id='word_1_604' title='bbox 1831 4183 2024 4238; x_wconf 86' lang='lat' dir='ltr'><strong>melius</strong></span> <span class='ocrx_word' id='word_1_605' title='bbox 2051 4195 2234 4239; x_wconf 90' lang='lat' dir='ltr'><strong>osten-</strong></span> 
     </span>
    </p>
   </div>
   <div class='ocr_carea' id='block_1_80' title="bbox 2246 4183 3860 4264">
    <p class='ocr_par' dir='ltr' id='par_1_80' title="bbox 2333 4187 3860 4264">
     <span class='ocr_line' id='line_1_80' title="bbox 2333 4187 3860 4264; baseline 0 -23"><span class='ocrx_word' id='word_1_606' title='bbox 2333 4188 2428 4241; x_wconf 75' lang='grc' dir='ltr'>καὶ</span> <span class='ocrx_word' id='word_1_607' title='bbox 2465 4187 2626 4240; x_wconf 77' lang='grc' dir='ltr'>τοῦτο</span> <span class='ocrx_word' id='word_1_608' title='bbox 2666 4191 2919 4258; x_wconf 83' lang='grc' dir='ltr'>σημεῖον,</span> <span class='ocrx_word' id='word_1_609' title='bbox 2957 4191 3217 4245; x_wconf 79' lang='grc' dir='ltr'>ἁπάντων</span> <span class='ocrx_word' id='word_1_610' title='bbox 3261 4195 3511 4264; x_wconf 89' lang='grc' dir='ltr'>σημείων</span> <span class='ocrx_word' id='word_1_611' title='bbox 3550 4196 3723 4264; x_wconf 77' lang='grc' dir='ltr'>μεῖζον</span> <span class='ocrx_word' id='word_1_612' title='bbox 3771 4193 3860 4244; x_wconf 76' lang='grc' dir='ltr'>ἐπι-</span> 
     </span>
    </p>
   </div>
   <div class='ocr_carea' id='block_1_81' title="bbox 651 4275 2265 4355">
    <p class='ocr_par' dir='ltr' id='par_1_81' title="bbox 651 4275 2232 4347">
     <span class='ocr_line' id='line_1_81' title="bbox 651 4275 2232 4347; baseline -0.005 -11"><span class='ocrx_word' id='word_1_613' title='bbox 651 4284 841 4338; x_wconf 86' lang='lat' dir='ltr'><strong>dentes</strong></span> <span class='ocrx_word' id='word_1_614' title='bbox 870 4300 891 4347; x_wconf 61' lang='grc' dir='ltr'><strong>ς</strong></span> <span class='ocrx_word' id='word_1_615' title='bbox 918 4291 967 4334; x_wconf 86' lang='lat' dir='ltr'><strong>et</strong></span> <span class='ocrx_word' id='word_1_616' title='bbox 1004 4280 1288 4334; x_wconf 87' lang='lat' dir='ltr'><strong>verissime</strong></span> <span class='ocrx_word' id='word_1_617' title='bbox 1322 4277 1542 4346; x_wconf 85' lang='lat' dir='ltr'><strong>quidem</strong></span> <span class='ocrx_word' id='word_1_618' title='bbox 1579 4294 1593 4330; x_wconf 93' lang='lat'><strong>:</strong></span> <span class='ocrx_word' id='word_1_619' title='bbox 1635 4275 1834 4346; x_wconf 85' lang='lat' dir='ltr'><strong>patitur</strong></span> <span class='ocrx_word' id='word_1_620' title='bbox 1860 4275 2004 4330; x_wconf 69' lang='lat' dir='ltr'><strong>enim</strong></span> <span class='ocrx_word' id='word_1_621' title='bbox 2043 4275 2232 4328; x_wconf 85' lang='lat' dir='ltr'><strong>diabo-</strong></span> 
     </span>
    </p>
   </div>
   <div class='ocr_carea' id='block_1_82' title="bbox 2243 4275 3857 4355">
    <p class='ocr_par' dir='ltr' id='par_1_82' title="bbox 2332 4279 3857 4355">
     <span class='ocr_line' id='line_1_82' title="bbox 2332 4279 3857 4355; baseline 0 -23"><span class='ocrx_word' id='word_1_622' title='bbox 2332 4279 2678 4349; x_wconf 81' lang='grc' dir='ltr'>δειξάμενοι·</span> <span class='ocrx_word' id='word_1_623' title='bbox 2735 4283 2828 4334; x_wconf 77' lang='grc' dir='ltr'><strong>καὶ</strong></span> <span class='ocrx_word' id='word_1_624' title='bbox 2868 4281 3012 4350; x_wconf 79' lang='grc' dir='ltr'>μάλα</span> <span class='ocrx_word' id='word_1_625' title='bbox 3065 4283 3322 4347; x_wconf 72' lang='grc' dir='ltr'>εἰκότως·</span> <span class='ocrx_word' id='word_1_626' title='bbox 3371 4285 3536 4355; x_wconf 80' lang='grc' dir='ltr'>ἀλγεῖ</span> <span class='ocrx_word' id='word_1_627' title='bbox 3576 4287 3674 4355; x_wconf 80' lang='grc' dir='ltr'><strong>μὲν</strong></span> <span class='ocrx_word' id='word_1_628' title='bbox 3727 4284 3857 4351; x_wconf 83' lang='grc' dir='ltr'>γάρὰ</span> 
     </span>
    </p>
   </div>
   <div class='ocr_carea' id='block_1_83' title="bbox 654 4370 2268 4448">
    <p class='ocr_par' dir='ltr' id='par_1_83' title="bbox 654 4371 2231 4448">
     <span class='ocr_line' id='line_1_83' title="bbox 654 4371 2231 4448; baseline -0.004 -18"><span class='ocrx_word' id='word_1_629' title='bbox 654 4385 738 4433; x_wconf 88' lang='lat' dir='ltr'><strong>lus</strong></span> <span class='ocrx_word' id='word_1_630' title='bbox 767 4379 985 4448; x_wconf 80' lang='lat' dir='ltr'><strong>quando</strong></span> <span class='ocrx_word' id='word_1_631' title='bbox 1029 4377 1322 4445; x_wconf 75' lang='lat' dir='ltr'><strong>expellitur</strong></span> <span class='ocrx_word' id='word_1_632' title='bbox 1357 4386 1613 4442; x_wconf 86' lang='lat' dir='ltr'><strong>corpore,</strong></span> <span class='ocrx_word' id='word_1_633' title='bbox 1674 4381 1858 4442; x_wconf 84' lang='lat' dir='ltr'><strong>utpote</strong></span> <span class='ocrx_word' id='word_1_634' title='bbox 1887 4372 1978 4441; x_wconf 84' lang='lat' dir='ltr'><strong>qui</strong></span> <span class='ocrx_word' id='word_1_635' title='bbox 2033 4371 2102 4424; x_wconf 86' lang='lat' dir='ltr'><strong>sit</strong></span> <span class='ocrx_word' id='word_1_636' title='bbox 2133 4385 2231 4440; x_wconf 88' lang='lat' dir='ltr'><strong>po-</strong></span> 
     </span>
    </p>
   </div>
   <div class='ocr_carea' id='block_1_84' title="bbox 2245 4370 3859 4448">
    <p class='ocr_par' dir='ltr' id='par_1_84' title="bbox 2334 4370 3859 4445">
     <span class='ocr_line' id='line_1_84' title="bbox 2334 4370 3859 4445; baseline 0.001 -21"><span class='ocrx_word' id='word_1_637' title='bbox 2334 4370 2582 4433; x_wconf 79' lang='grc' dir='ltr'>διάϐολος</span> <span class='ocrx_word' id='word_1_638' title='bbox 2634 4372 2764 4425; x_wconf 84' lang='grc' dir='ltr'>ὅταν</span> <span class='ocrx_word' id='word_1_639' title='bbox 2809 4372 3034 4443; x_wconf 81' lang='grc' dir='ltr'>ἐξελαθῇ</span> <span class='ocrx_word' id='word_1_640' title='bbox 3090 4375 3366 4445; x_wconf 87' lang='grc' dir='ltr'>σώματος,</span> <span class='ocrx_word' id='word_1_641' title='bbox 3419 4377 3520 4430; x_wconf 81' lang='grc' dir='ltr'>ἆτε</span> <span class='ocrx_word' id='word_1_642' title='bbox 3569 4377 3781 4442; x_wconf 79' lang='grc' dir='ltr'>δύναμις</span> <span class='ocrx_word' id='word_1_643' title='bbox 3805 4372 3859 4424; x_wconf 63' lang='grc' dir='ltr'>ὧι</span> 
     </span>
    </p>
   </div>
   <div class='ocr_carea' id='block_1_85' title="bbox 654 4459 2268 4537">
    <p class='ocr_par' dir='ltr' id='par_1_85' title="bbox 654 4467 2232 4537">
     <span class='ocr_line' id='line_1_85' title="bbox 654 4467 2232 4537; baseline -0.005 -9"><span class='ocrx_word' id='word_1_644' title='bbox 654 4486 822 4530; x_wconf 83' lang='lat' dir='ltr'><strong>testas</strong></span> <span class='ocrx_word' id='word_1_645' title='bbox 854 4473 1099 4526; x_wconf 83' lang='lat' dir='ltr'><strong>malelica</strong></span> <span class='ocrx_word' id='word_1_646' title='bbox 1128 4481 1182 4526; x_wconf 87' lang='lat' dir='ltr'><strong>et</strong></span> <span class='ocrx_word' id='word_1_647' title='bbox 1210 4471 1489 4523; x_wconf 91' lang='lat' dir='ltr'><strong>hominum</strong></span> <span class='ocrx_word' id='word_1_648' title='bbox 1541 4467 1786 4537; x_wconf 76' lang='lat' dir='ltr'><strong>gaudens</strong></span> <span class='ocrx_word' id='word_1_649' title='bbox 1854 4467 2136 4537; x_wconf 84' lang='lat' dir='ltr'><strong>punitione</strong></span> <span class='ocrx_word' id='word_1_650' title='bbox 2178 4476 2232 4520; x_wconf 87' lang='lat' dir='ltr'><strong>et</strong></span> 
     </span>
    </p>
   </div>
   <div class='ocr_carea' id='block_1_86' title="bbox 2247 4459 3861 4537">
    <p class='ocr_par' dir='ltr' id='par_1_86' title="bbox 2334 4459 3861 4535">
     <span class='ocr_line' id='line_1_86' title="bbox 2334 4459 3861 4535; baseline 0.001 -22"><span class='ocrx_word' id='word_1_651' title='bbox 2334 4459 2630 4523; x_wconf 82' lang='grc' dir='ltr'>κακοποιὸς</span> <span class='ocrx_word' id='word_1_652' title='bbox 2661 4461 2758 4514; x_wconf 81' lang='grc' dir='ltr'>καὶ</span> <span class='ocrx_word' id='word_1_653' title='bbox 2785 4465 2850 4532; x_wconf 83' lang='grc' dir='ltr'>τῇ</span> <span class='ocrx_word' id='word_1_654' title='bbox 2884 4463 2992 4514; x_wconf 86' lang='grc' dir='ltr'><strong>τῶν</strong></span> <span class='ocrx_word' id='word_1_655' title='bbox 3022 4463 3331 4532; x_wconf 86' lang='grc' dir='ltr'>ἀνθρώπων</span> <span class='ocrx_word' id='word_1_656' title='bbox 3371 4465 3702 4535; x_wconf 82' lang='grc' dir='ltr'>ἐφηδόμενος</span> <span class='ocrx_word' id='word_1_657' title='bbox 3729 4479 3861 4530; x_wconf 74' lang='grc' dir='ltr'>τιμω·</span> 
     </span>
    </p>
   </div>
   <div class='ocr_carea' id='block_1_87' title="bbox 655 4546 2269 4629">
    <p class='ocr_par' dir='ltr' id='par_1_87' title="bbox 655 4547 2269 4629">
     <span class='ocr_line' id='line_1_87' title="bbox 655 4547 2269 4629; baseline -0.003 -11"><span class='ocrx_word' id='word_1_658' title='bbox 655 4566 1066 4626; x_wconf 84' lang='lat' dir='ltr'><strong>destructione;</strong></span> <span class='ocrx_word' id='word_1_659' title='bbox 1110 4564 1284 4615; x_wconf 87' lang='lat' dir='ltr'><strong>multo</strong></span> <span class='ocrx_word' id='word_1_660' title='bbox 1332 4575 1464 4614; x_wconf 85' lang='lat' dir='ltr'><strong>vero</strong></span> <span class='ocrx_word' id='word_1_661' title='bbox 1518 4561 1687 4628; x_wconf 77' lang='lat' dir='ltr'><strong>magis</strong></span> <span class='ocrx_word' id='word_1_662' title='bbox 1743 4561 1946 4627; x_wconf 83' lang='lat' dir='ltr'><strong>patitur</strong></span> <span class='ocrx_word' id='word_1_663' title='bbox 2009 4547 2269 4629; x_wconf 71' lang='lat' dir='ltr'><strong>quando1</strong></span> 
     </span>
    </p>
   </div>
   <div class='ocr_carea' id='block_1_88' title="bbox 2247 4546 3861 4629">
    <p class='ocr_par' dir='ltr' id='par_1_88' title="bbox 2265 4546 3861 4624">
     <span class='ocr_line' id='line_1_88' title="bbox 2265 4546 3861 4624; baseline 0.003 -20"><span class='ocrx_word' id='word_1_664' title='bbox 2265 4546 2310 4604; x_wconf 84' lang='grc' dir='ltr'>ι)</span> <span class='ocrx_word' id='word_1_665' title='bbox 2339 4551 2432 4622; x_wconf 72' lang='lat' dir='ltr'><strong>pia</strong></span> <span class='ocrx_word' id='word_1_666' title='bbox 2451 4552 2544 4605; x_wconf 72' lang='grc' dir='ltr'>καὶ</span> <span class='ocrx_word' id='word_1_667' title='bbox 2567 4553 2815 4622; x_wconf 71' lang='grc' dir='ltr'>ἀπωλείᾳ</span> <span class='ocrx_word' id='word_1_668' title='bbox 2837 4569 2852 4582; x_wconf 82' lang='grc'><em>’</em></span> <span class='ocrx_word' id='word_1_669' title='bbox 2879 4553 3059 4624; x_wconf 80' lang='grc' dir='ltr'>πολλῷ</span> <span class='ocrx_word' id='word_1_670' title='bbox 3080 4555 3134 4607; x_wconf 85' lang='grc' dir='ltr'><strong>δέ</strong></span> <span class='ocrx_word' id='word_1_671' title='bbox 3163 4557 3365 4624; x_wconf 82' lang='grc' dir='ltr'>μᾶλλον</span> <span class='ocrx_word' id='word_1_672' title='bbox 3387 4557 3568 4624; x_wconf 85' lang='grc' dir='ltr'>ἀλγεῖ,</span> <span class='ocrx_word' id='word_1_673' title='bbox 3595 4558 3714 4610; x_wconf 84' lang='grc' dir='ltr'>ὅταν</span> <span class='ocrx_word' id='word_1_674' title='bbox 3729 4555 3861 4621; x_wconf 69' lang='grc' dir='ltr'>ἁμαρ·</span> 
     </span>
    </p>
   </div>
   <div class='ocr_carea' id='block_1_89' title="bbox 654 4644 2268 4726">
    <p class='ocr_par' dir='ltr' id='par_1_89' title="bbox 654 4650 2224 4726">
     <span class='ocr_line' id='line_1_89' title="bbox 654 4650 2224 4726; baseline -0.003 -20"><span class='ocrx_word' id='word_1_675' title='bbox 654 4659 890 4726; x_wconf 78' lang='lat' dir='ltr'><strong>peccatis</strong></span> <span class='ocrx_word' id='word_1_676' title='bbox 918 4655 1212 4708; x_wconf 81' lang='lat' dir='ltr'><strong>liberatam</strong></span> <span class='ocrx_word' id='word_1_677' title='bbox 1245 4653 1392 4706; x_wconf 87' lang='lat' dir='ltr'><strong>videt</strong></span> <span class='ocrx_word' id='word_1_678' title='bbox 1431 4651 1689 4706; x_wconf 89' lang='lat' dir='ltr'><strong>animam.</strong></span> <span class='ocrx_word' id='word_1_679' title='bbox 1724 4651 1796 4706; x_wconf 88' lang='lat' dir='ltr'><strong>Et</strong></span> <span class='ocrx_word' id='word_1_680' title='bbox 1846 4650 1989 4704; x_wconf 90' lang='lat' dir='ltr'><strong>enim</strong></span> <span class='ocrx_word' id='word_1_681' title='bbox 2028 4663 2224 4720; x_wconf 70' lang='lat' dir='ltr'><strong>magna</strong></span> 
     </span>
    </p>
   </div>
   <div class='ocr_carea' id='block_1_90' title="bbox 2244 4644 3858 4726">
    <p class='ocr_par' dir='ltr' id='par_1_90' title="bbox 2329 4644 3858 4720">
     <span class='ocr_line' id='line_1_90' title="bbox 2329 4644 3858 4720; baseline 0.008 -24"><span class='ocrx_word' id='word_1_682' title='bbox 2329 4645 2450 4706; x_wconf 79' lang='grc' dir='ltr'>τίας</span> <span class='ocrx_word' id='word_1_683' title='bbox 2482 4644 2969 4717; x_wconf 78' lang='grc' dir='ltr'>ἀπαλλαττομένην</span> <span class='ocrx_word' id='word_1_684' title='bbox 2995 4647 3080 4718; x_wconf 82' lang='grc' dir='ltr'>ῐδῃ</span> <span class='ocrx_word' id='word_1_685' title='bbox 3109 4648 3319 4719; x_wconf 74' lang='grc' dir='ltr'>ψυχήν.</span> <span class='ocrx_word' id='word_1_686' title='bbox 3351 4651 3464 4703; x_wconf 73' lang='grc' dir='ltr'><strong>Καὶ</strong></span> <span class='ocrx_word' id='word_1_687' title='bbox 3499 4650 3664 4720; x_wconf 84' lang='grc' dir='ltr'><strong>γάρὴ</strong></span> <span class='ocrx_word' id='word_1_688' title='bbox 3697 4645 3858 4716; x_wconf 72' lang='grc' dir='ltr'>μεγάλη</span> 
     </span>
    </p>
   </div>
   <div class='ocr_carea' id='block_1_91' title="bbox 655 4737 2269 4814">
    <p class='ocr_par' dir='ltr' id='par_1_91' title="bbox 655 4744 2230 4814">
     <span class='ocr_line' id='line_1_91' title="bbox 655 4744 2230 4814; baseline -0.005 -11"><span class='ocrx_word' id='word_1_689' title='bbox 655 4747 906 4803; x_wconf 76' lang='lat' dir='ltr'><strong>danunttii</strong></span> <span class='ocrx_word' id='word_1_690' title='bbox 943 4753 1208 4814; x_wconf 76' lang='lat' dir='ltr'><strong>potestas,</strong></span> <span class='ocrx_word' id='word_1_691' title='bbox 1241 4754 1523 4813; x_wconf 90' lang='lat' dir='ltr'><strong>peccatum</strong></span> <span class='ocrx_word' id='word_1_692' title='bbox 1559 4753 1666 4809; x_wconf 84' lang='lat' dir='ltr'><strong>est,</strong></span> <span class='ocrx_word' id='word_1_693' title='bbox 1700 4753 1888 4811; x_wconf 89' lang='lat' dir='ltr'><strong>utpote</strong></span> <span class='ocrx_word' id='word_1_694' title='bbox 1920 4757 2040 4810; x_wconf 75' lang='lat' dir='ltr'><strong>qua:</strong></span> <span class='ocrx_word' id='word_1_695' title='bbox 2066 4744 2134 4795; x_wconf 91' lang='lat' dir='ltr'><strong>ab</strong></span> <span class='ocrx_word' id='word_1_696' title='bbox 2165 4755 2230 4795; x_wconf 87' lang='lat' dir='ltr'><strong>eo</strong></span> 
     </span>
    </p>
   </div>
   <div class='ocr_carea' id='block_1_92' title="bbox 2247 4737 3861 4814">
    <p class='ocr_par' dir='ltr' id='par_1_92' title="bbox 2337 4737 3861 4812">
     <span class='ocr_line' id='line_1_92' title="bbox 2337 4737 3861 4812; baseline 0.001 -24"><span class='ocrx_word' id='word_1_697' title='bbox 2337 4737 2433 4789; x_wconf 82' lang='grc' dir='ltr'>τοῦ</span> <span class='ocrx_word' id='word_1_698' title='bbox 2470 4738 2728 4806; x_wconf 90' lang='grc' dir='ltr'>δαίμονος</span> <span class='ocrx_word' id='word_1_699' title='bbox 2759 4739 3017 4810; x_wconf 79' lang='grc' dir='ltr'>δύναμις,</span> <span class='ocrx_word' id='word_1_700' title='bbox 3062 4744 3094 4809; x_wconf 86' lang='grc' dir='ltr'><strong>ή</strong></span> <span class='ocrx_word' id='word_1_701' title='bbox 3128 4743 3376 4812; x_wconf 83' lang='grc' dir='ltr'>ἁμαρτία</span> <span class='ocrx_word' id='word_1_702' title='bbox 3414 4745 3584 4803; x_wconf 76' lang='grc' dir='ltr'>ἐστὶν,</span> <span class='ocrx_word' id='word_1_703' title='bbox 3622 4745 3690 4804; x_wconf 86' lang='grc' dir='ltr'>ὡς</span> <span class='ocrx_word' id='word_1_704' title='bbox 3723 4741 3773 4804; x_wconf 78' lang='grc' dir='ltr'>ἐξ</span> <span class='ocrx_word' id='word_1_705' title='bbox 3793 4742 3861 4791; x_wconf 65' lang='grc' dir='ltr'>αἱ·</span> 
     </span>
    </p>
   </div>
   <div class='ocr_carea' id='block_1_93' title="bbox 655 4827 2269 4905">
    <p class='ocr_par' dir='ltr' id='par_1_93' title="bbox 655 4835 2233 4905">
     <span class='ocr_line' id='line_1_93' title="bbox 655 4835 2233 4905; baseline -0.004 -10"><span class='ocrx_word' id='word_1_706' title='bbox 655 4843 882 4894; x_wconf 83' lang='lat' dir='ltr'><strong>ellicitur</strong></span> <span class='ocrx_word' id='word_1_707' title='bbox 916 4838 1152 4905; x_wconf 74' lang='lat' dir='ltr'><strong>fugiente</strong></span> <span class='ocrx_word' id='word_1_708' title='bbox 1175 4837 1452 4890; x_wconf 86' lang='lat' dir='ltr'><strong>virtutem.</strong></span> <span class='ocrx_word' id='word_1_709' title='bbox 1490 4835 1715 4904; x_wconf 84' lang='lat' dir='ltr'><strong>Propter</strong></span> <span class='ocrx_word' id='word_1_710' title='bbox 1739 4837 1838 4888; x_wconf 92' lang='lat' dir='ltr'><strong>hoc</strong></span> <span class='ocrx_word' id='word_1_711' title='bbox 1868 4846 2122 4887; x_wconf 85' lang='lat' dir='ltr'><strong>mortuus</strong></span> <span class='ocrx_word' id='word_1_712' title='bbox 2148 4841 2233 4888; x_wconf 87' lang='lat' dir='ltr'><strong>est</strong></span> 
     </span>
    </p>
   </div>
   <div class='ocr_carea' id='block_1_94' title="bbox 2267 4827 3881 4905">
    <p class='ocr_par' dir='ltr' id='par_1_94' title="bbox 2335 4827 3881 4904">
     <span class='ocr_line' id='line_1_94' title="bbox 2335 4827 3881 4904; baseline -0.001 -24"><span class='ocrx_word' id='word_1_713' title='bbox 2335 4827 2432 4881; x_wconf 80' lang='grc' dir='ltr'>τοῦ</span> <span class='ocrx_word' id='word_1_714' title='bbox 2467 4830 2942 4900; x_wconf 83' lang='grc' dir='ltr'>δημιουργηθεῖσα</span> <span class='ocrx_word' id='word_1_715' title='bbox 2975 4835 3240 4902; x_wconf 81' lang='grc' dir='ltr'>φυγόντος</span> <span class='ocrx_word' id='word_1_716' title='bbox 3274 4835 3375 4902; x_wconf 78' lang='grc' dir='ltr'>τὴν</span> <span class='ocrx_word' id='word_1_717' title='bbox 3399 4837 3629 4904; x_wconf 86' lang='grc' dir='ltr'>ἀρετήν.</span> <span class='ocrx_word' id='word_1_718' title='bbox 3655 4833 3746 4885; x_wconf 83' lang='grc' dir='ltr'>Διά</span> <span class='ocrx_word' id='word_1_719' title='bbox 3769 4827 3881 4894; x_wconf 66' lang='lat' dir='ltr'><strong>1an</strong></span> 
     </span>
    </p>
   </div>
   <div class='ocr_carea' id='block_1_95' title="bbox 660 4914 2274 4997">
    <p class='ocr_par' dir='ltr' id='par_1_95' title="bbox 660 4925 2236 4997">
     <span class='ocr_line' id='line_1_95' title="bbox 660 4925 2236 4997; baseline -0.006 -9"><span class='ocrx_word' id='word_1_720' title='bbox 660 4935 935 4997; x_wconf 82' lang='lat' dir='ltr'><strong>Christus,</strong></span> <span class='ocrx_word' id='word_1_721' title='bbox 965 4939 1021 4984; x_wconf 92' lang='lat' dir='ltr'><strong>ut</strong></span> <span class='ocrx_word' id='word_1_722' title='bbox 1052 4929 1153 4982; x_wconf 85' lang='lat' dir='ltr'><strong>hoc</strong></span> <span class='ocrx_word' id='word_1_723' title='bbox 1184 4928 1462 4983; x_wconf 87' lang='lat' dir='ltr'><strong>destruat:</strong></span> <span class='ocrx_word' id='word_1_724' title='bbox 1494 4927 1600 4981; x_wconf 91' lang='lat' dir='ltr'><strong>hoc</strong></span> <span class='ocrx_word' id='word_1_725' title='bbox 1631 4928 1774 4981; x_wconf 86' lang='lat' dir='ltr'><strong>enim</strong></span> <span class='ocrx_word' id='word_1_726' title='bbox 1803 4934 2032 4980; x_wconf 89' lang='lat' dir='ltr'><strong>mortem</strong></span> <span class='ocrx_word' id='word_1_727' title='bbox 2077 4925 2236 4979; x_wconf 66' lang='lat' dir='ltr'><strong>induo</strong></span> 
     </span>
    </p>
   </div>
   <div class='ocr_carea' id='block_1_96' title="bbox 2246 4914 3860 4997">
    <p class='ocr_par' dir='ltr' id='par_1_96' title="bbox 2336 4914 3860 4995">
     <span class='ocr_line' id='line_1_96' title="bbox 2336 4914 3860 4995; baseline 0.001 -22"><span class='ocrx_word' id='word_1_728' title='bbox 2336 4937 2440 4991; x_wconf 88' lang='grc' dir='ltr'><strong>την</strong></span> <span class='ocrx_word' id='word_1_729' title='bbox 2467 4921 2743 4975; x_wconf 70' lang='grc' dir='ltr'>ἀπέθανεν</span> <span class='ocrx_word' id='word_1_730' title='bbox 2769 4925 2797 4976; x_wconf 87' lang='grc' dir='ltr'><strong>ό</strong></span> <span class='ocrx_word' id='word_1_731' title='bbox 2823 4925 3084 4994; x_wconf 76' lang='grc' dir='ltr'>Χριστὸς,</span> <span class='ocrx_word' id='word_1_732' title='bbox 3109 4914 3197 4978; x_wconf 80' lang='grc' dir='ltr'>ἵνα</span> <span class='ocrx_word' id='word_1_733' title='bbox 3226 4928 3434 4995; x_wconf 84' lang='grc' dir='ltr'>ταύτην</span> <span class='ocrx_word' id='word_1_734' title='bbox 3465 4925 3774 4995; x_wconf 78' lang='grc' dir='ltr'>καταλύσῃ·</span> <span class='ocrx_word' id='word_1_735' title='bbox 3797 4919 3860 4971; x_wconf 70' lang='grc' dir='ltr'>καὶ</span> 
     </span>
    </p>
   </div>
   <div class='ocr_carea' id='block_1_97' title="bbox 656 5012 2270 5092">
    <p class='ocr_par' dir='ltr' id='par_1_97' title="bbox 656 5017 2231 5092">
     <span class='ocr_line' id='line_1_97' title="bbox 656 5017 2231 5092; baseline -0.005 -14"><span class='ocrx_word' id='word_1_736' title='bbox 656 5028 754 5088; x_wconf 87' lang='lat' dir='ltr'><strong>xit,</strong></span> <span class='ocrx_word' id='word_1_737' title='bbox 790 5040 884 5092; x_wconf 88' lang='lat' dir='ltr'><strong>per</strong></span> <span class='ocrx_word' id='word_1_738' title='bbox 945 5023 1046 5075; x_wconf 85' lang='lat' dir='ltr'><strong>hoc</strong></span> <span class='ocrx_word' id='word_1_739' title='bbox 1102 5036 1164 5075; x_wconf 85' lang='lat' dir='ltr'><strong>ea</strong></span> <span class='ocrx_word' id='word_1_740' title='bbox 1197 5036 1318 5090; x_wconf 73' lang='lat' dir='ltr'><strong>quae</strong></span> <span class='ocrx_word' id='word_1_741' title='bbox 1341 5033 1557 5072; x_wconf 85' lang='lat' dir='ltr'><strong>sursum</strong></span> <span class='ocrx_word' id='word_1_742' title='bbox 1615 5026 1740 5070; x_wconf 84' lang='lat' dir='ltr'><strong>sunt</strong></span> <span class='ocrx_word' id='word_1_743' title='bbox 1789 5019 2042 5070; x_wconf 87' lang='lat' dir='ltr'><strong>deorsum</strong></span> <span class='ocrx_word' id='word_1_744' title='bbox 2094 5017 2231 5070; x_wconf 80' lang='lat' dir='ltr'><strong>facta</strong></span> 
     </span>
    </p>
   </div>
   <div class='ocr_carea' id='block_1_98' title="bbox 2247 5012 3861 5092">
    <p class='ocr_par' dir='ltr' id='par_1_98' title="bbox 2339 5012 3861 5087">
     <span class='ocr_line' id='line_1_98' title="bbox 2339 5012 3861 5087; baseline -0.005 -20"><span class='ocrx_word' id='word_1_745' title='bbox 2339 5014 2446 5083; x_wconf 85' lang='grc' dir='ltr'>γὰρ</span> <span class='ocrx_word' id='word_1_746' title='bbox 2473 5012 2614 5085; x_wconf 79' lang='grc' dir='ltr'>αὕτη</span> <span class='ocrx_word' id='word_1_747' title='bbox 2647 5015 2738 5068; x_wconf 83' lang='grc' dir='ltr'><strong>τὸν</strong></span> <span class='ocrx_word' id='word_1_748' title='bbox 2766 5014 2999 5070; x_wconf 81' lang='grc' dir='ltr'>θάνατον</span> <span class='ocrx_word' id='word_1_749' title='bbox 3025 5018 3290 5087; x_wconf 84' lang='grc' dir='ltr'>είσήγαγε</span> <span class='ocrx_word' id='word_1_750' title='bbox 3317 5035 3331 5048; x_wconf 92' lang='grc'><strong>·</strong></span> <span class='ocrx_word' id='word_1_751' title='bbox 3363 5019 3452 5072; x_wconf 87' lang='grc' dir='ltr'><strong>διά</strong></span> <span class='ocrx_word' id='word_1_752' title='bbox 3472 5020 3678 5085; x_wconf 86' lang='grc' dir='ltr'>ταύτην</span> <span class='ocrx_word' id='word_1_753' title='bbox 3707 5017 3763 5067; x_wconf 72' lang='grc' dir='ltr'>τὰ</span> <span class='ocrx_word' id='word_1_754' title='bbox 3786 5015 3861 5064; x_wconf 74' lang='grc' dir='ltr'><strong>ἀνω</strong></span> 
     </span>
    </p>
   </div>
   <div class='ocr_carea' id='block_1_99' title="bbox 657 5105 2271 5184">
    <p class='ocr_par' dir='ltr' id='par_1_99' title="bbox 657 5109 2232 5184">
     <span class='ocr_line' id='line_1_99' title="bbox 657 5109 2232 5184; baseline -0.004 -16"><span class='ocrx_word' id='word_1_755' title='bbox 657 5126 802 5169; x_wconf 74' lang='lat' dir='ltr'><strong>sunt.</strong></span> <span class='ocrx_word' id='word_1_756' title='bbox 838 5115 1038 5184; x_wconf 82' lang='lat' dir='ltr'><strong>Siergo</strong></span> <span class='ocrx_word' id='word_1_757' title='bbox 1073 5123 1120 5166; x_wconf 83' lang='lat' dir='ltr'><strong>et</strong></span> <span class='ocrx_word' id='word_1_758' title='bbox 1151 5127 1248 5165; x_wconf 88' lang='lat' dir='ltr'><strong>nos</strong></span> <span class='ocrx_word' id='word_1_759' title='bbox 1285 5112 1352 5163; x_wconf 82' lang='lat' dir='ltr'><strong>ab</strong></span> <span class='ocrx_word' id='word_1_760' title='bbox 1377 5109 1632 5162; x_wconf 90' lang='lat' dir='ltr'><strong>onmibus</strong></span> <span class='ocrx_word' id='word_1_761' title='bbox 1655 5109 1959 5161; x_wconf 87' lang='lat' dir='ltr'><strong>eximentes</strong></span> <span class='ocrx_word' id='word_1_762' title='bbox 1985 5123 2083 5160; x_wconf 90' lang='lat' dir='ltr'><strong>nos</strong></span> <span class='ocrx_word' id='word_1_763' title='bbox 2111 5122 2232 5177; x_wconf 67' lang='lat' dir='ltr'><strong>quae</strong></span> 
     </span>
    </p>
   </div>
   <div class='ocr_carea' id='block_1_100' title="bbox 2248 5105 3862 5184">
    <p class='ocr_par' dir='ltr' id='par_1_100' title="bbox 2339 5105 3862 5180">
     <span class='ocr_line' id='line_1_100' title="bbox 2339 5105 3862 5180; baseline 0.001 -23"><span class='ocrx_word' id='word_1_764' title='bbox 2339 5105 2492 5157; x_wconf 81' lang='grc' dir='ltr'>κάτω</span> <span class='ocrx_word' id='word_1_765' title='bbox 2531 5105 2778 5172; x_wconf 84' lang='grc' dir='ltr'>γέγονεν.</span> <span class='ocrx_word' id='word_1_766' title='bbox 2829 5106 2925 5159; x_wconf 78' lang='grc' dir='ltr'>Ἂν</span> <span class='ocrx_word' id='word_1_767' title='bbox 2961 5109 3142 5160; x_wconf 84' lang='grc' dir='ltr'>τοίνυν</span> <span class='ocrx_word' id='word_1_768' title='bbox 3191 5110 3284 5161; x_wconf 61' lang='grc' dir='ltr'><strong>καί⁸</strong></span> <span class='ocrx_word' id='word_1_769' title='bbox 3326 5111 3489 5180; x_wconf 83' lang='grc' dir='ltr'>ήμεῖς</span> <span class='ocrx_word' id='word_1_770' title='bbox 3523 5111 3732 5164; x_wconf 84' lang='grc' dir='ltr'>πάντων</span> <span class='ocrx_word' id='word_1_771' title='bbox 3765 5108 3862 5158; x_wconf 74' lang='grc' dir='ltr'>ἀπο·</span> 
     </span>
    </p>
   </div>
   <div class='ocr_carea' id='block_1_101' title="bbox 658 5197 2272 5274">
    <p class='ocr_par' dir='ltr' id='par_1_101' title="bbox 658 5199 2233 5274">
     <span class='ocr_line' id='line_1_101' title="bbox 658 5199 2233 5274; baseline -0.005 -12"><span class='ocrx_word' id='word_1_772' title='bbox 658 5208 725 5262; x_wconf 86' lang='lat' dir='ltr'><strong>ad</strong></span> <span class='ocrx_word' id='word_1_773' title='bbox 749 5208 910 5260; x_wconf 82' lang='lat' dir='ltr'><strong>vitam</strong></span> <span class='ocrx_word' id='word_1_774' title='bbox 935 5206 1240 5274; x_wconf 87' lang='lat' dir='ltr'><strong>pertinent,</strong></span> <span class='ocrx_word' id='word_1_775' title='bbox 1283 5203 1576 5256; x_wconf 69' lang='lat' dir='ltr'><strong>ederatnus</strong></span> <span class='ocrx_word' id='word_1_776' title='bbox 1606 5215 1705 5255; x_wconf 84' lang='lat' dir='ltr'><strong>nos</strong></span> <span class='ocrx_word' id='word_1_777' title='bbox 1740 5199 1805 5252; x_wconf 84' lang='lat' dir='ltr'><strong>ad</strong></span> <span class='ocrx_word' id='word_1_778' title='bbox 1842 5199 2149 5266; x_wconf 82' lang='lat' dir='ltr'><strong>Christum,</strong></span> <span class='ocrx_word' id='word_1_779' title='bbox 2178 5208 2233 5254; x_wconf 86' lang='lat' dir='ltr'><strong>et</strong></span> 
     </span>
    </p>
   </div>
   <div class='ocr_carea' id='block_1_102' title="bbox 2247 5197 3861 5274">
    <p class='ocr_par' dir='ltr' id='par_1_102' title="bbox 2342 5197 3861 5271">
     <span class='ocr_line' id='line_1_102' title="bbox 2342 5197 3861 5271; baseline 0.001 -23"><span class='ocrx_word' id='word_1_780' title='bbox 2342 5197 2644 5266; x_wconf 83' lang='grc' dir='ltr'>στήσαντες</span> <span class='ocrx_word' id='word_1_781' title='bbox 2680 5198 2913 5260; x_wconf 77' lang='grc' dir='ltr'>ἑαυτοὺς</span> <span class='ocrx_word' id='word_1_782' title='bbox 2942 5200 3050 5252; x_wconf 87' lang='grc' dir='ltr'><strong>τῶν</strong></span> <span class='ocrx_word' id='word_1_783' title='bbox 3087 5200 3379 5269; x_wconf 83' lang='grc' dir='ltr'>βιωτικῶν,</span> <span class='ocrx_word' id='word_1_784' title='bbox 3425 5201 3743 5271; x_wconf 82' lang='grc' dir='ltr'>ἀναθώμεθα</span> <span class='ocrx_word' id='word_1_785' title='bbox 3769 5200 3861 5249; x_wconf 73' lang='grc' dir='ltr'>ἐαυ-</span> 
     </span>
    </p>
   </div>
   <div class='ocr_carea' id='block_1_103' title="bbox 657 5287 2271 5368">
    <p class='ocr_par' dir='ltr' id='par_1_103' title="bbox 657 5289 2237 5368">
     <span class='ocr_line' id='line_1_103' title="bbox 657 5289 2237 5368; baseline -0.007 -15"><span class='ocrx_word' id='word_1_786' title='bbox 657 5297 1019 5368; x_wconf 70' lang='lat' dir='ltr'><strong>apOstolorum</strong></span> <span class='ocrx_word' id='word_1_787' title='bbox 1071 5297 1242 5350; x_wconf 81' lang='lat' dir='ltr'><strong>vitam</strong></span> <span class='ocrx_word' id='word_1_788' title='bbox 1279 5295 1554 5347; x_wconf 85' lang='lat' dir='ltr'><strong>imitantes</strong></span> <span class='ocrx_word' id='word_1_789' title='bbox 1580 5290 1772 5344; x_wconf 71' lang='lat' dir='ltr'><strong>(“tamus</strong></span> <span class='ocrx_word' id='word_1_790' title='bbox 1795 5289 1946 5356; x_wconf 78' lang='lat' dir='ltr'><strong>juxta</strong></span> <span class='ocrx_word' id='word_1_791' title='bbox 1986 5291 2110 5345; x_wconf 87' lang='lat' dir='ltr'><strong>illos</strong></span> <span class='ocrx_word' id='word_1_792' title='bbox 2140 5291 2237 5343; x_wconf 81' lang='lat' dir='ltr'><strong>do-</strong></span> 
     </span>
    </p>
   </div>
   <div class='ocr_carea' id='block_1_104' title="bbox 2249 5287 3863 5368">
    <p class='ocr_par' dir='ltr' id='par_1_104' title="bbox 2337 5287 3863 5363">
     <span class='ocr_line' id='line_1_104' title="bbox 2337 5287 3863 5363; baseline 0.007 -22"><span class='ocrx_word' id='word_1_793' title='bbox 2337 5289 2464 5350; x_wconf 79' lang='grc' dir='ltr'>τοὺς</span> <span class='ocrx_word' id='word_1_794' title='bbox 2514 5288 2592 5358; x_wconf 85' lang='grc' dir='ltr'>τῷ</span> <span class='ocrx_word' id='word_1_795' title='bbox 2624 5290 2871 5360; x_wconf 81' lang='grc' dir='ltr'>Χριστῷ,</span> <span class='ocrx_word' id='word_1_796' title='bbox 2922 5292 3134 5346; x_wconf 74' lang='grc' dir='ltr'>καὶτὸν</span> <span class='ocrx_word' id='word_1_797' title='bbox 3172 5292 3280 5346; x_wconf 89' lang='grc' dir='ltr'><strong>τῶν</strong></span> <span class='ocrx_word' id='word_1_798' title='bbox 3323 5294 3644 5348; x_wconf 81' lang='grc' dir='ltr'>ἀποστόλων</span> <span class='ocrx_word' id='word_1_799' title='bbox 3670 5292 3770 5363; x_wconf 83' lang='grc' dir='ltr'>βίον</span> <span class='ocrx_word' id='word_1_800' title='bbox 3797 5287 3863 5352; x_wconf 66' lang='grc' dir='ltr'><strong>ζτπ</strong></span> 
     </span>
    </p>
   </div>
   <div class='ocr_carea' id='block_1_105' title="bbox 657 5381 2271 5456">
    <p class='ocr_par' dir='ltr' id='par_1_105' title="bbox 657 5381 2230 5455">
     <span class='ocr_line' id='line_1_105' title="bbox 657 5381 2230 5455; baseline -0.005 -13"><span class='ocrx_word' id='word_1_801' title='bbox 657 5401 834 5443; x_wconf 81' lang='lat' dir='ltr'><strong>ctorcs</strong></span> <span class='ocrx_word' id='word_1_802' title='bbox 881 5388 1060 5441; x_wconf 80' lang='lat' dir='ltr'><strong>cdocti</strong></span> <span class='ocrx_word' id='word_1_803' title='bbox 1103 5390 1157 5440; x_wconf 87' lang='lat' dir='ltr'><strong>in</strong></span> <span class='ocrx_word' id='word_1_804' title='bbox 1185 5401 1409 5455; x_wconf 81' lang='lat' dir='ltr'><strong>regnum</strong></span> <span class='ocrx_word' id='word_1_805' title='bbox 1436 5385 1716 5451; x_wconf 61' lang='lat' dir='ltr'><strong>«telorum,</strong></span> <span class='ocrx_word' id='word_1_806' title='bbox 1746 5383 1822 5438; x_wconf 77' lang='lat' dir='ltr'><strong>ad.</strong></span> <span class='ocrx_word' id='word_1_807' title='bbox 1845 5384 1948 5438; x_wconf 92' lang='lat' dir='ltr'><strong>hoc</strong></span> <span class='ocrx_word' id='word_1_808' title='bbox 1978 5384 2148 5437; x_wconf 83' lang='lat' dir='ltr'><strong>simus</strong></span> <span class='ocrx_word' id='word_1_809' title='bbox 2177 5381 2230 5436; x_wconf 92' lang='lat' dir='ltr'><strong>in</strong></span> 
     </span>
    </p>
   </div>
   <div class='ocr_carea' id='block_1_106' title="bbox 2249 5381 3863 5456">
    <p class='ocr_par' dir='ltr' id='par_1_106' title="bbox 2341 5381 3863 5456">
     <span class='ocr_line' id='line_1_106' title="bbox 2341 5381 3863 5456; baseline 0.005 -25"><span class='ocrx_word' id='word_1_810' title='bbox 2341 5381 2617 5444; x_wconf 84' lang='grc' dir='ltr'>λώσαντες</span> <span class='ocrx_word' id='word_1_811' title='bbox 2644 5383 2933 5452; x_wconf 86' lang='grc' dir='ltr'>γενώμεθα</span> <span class='ocrx_word' id='word_1_812' title='bbox 2967 5385 3090 5437; x_wconf 83' lang='grc' dir='ltr'>κατ’</span> <span class='ocrx_word' id='word_1_813' title='bbox 3123 5386 3369 5449; x_wconf 79' lang='grc' dir='ltr'>ἐκείνους</span> <span class='ocrx_word' id='word_1_814' title='bbox 3417 5387 3758 5456; x_wconf 79' lang='grc' dir='ltr'>γραμματεῖς</span> <span class='ocrx_word' id='word_1_815' title='bbox 3789 5398 3863 5448; x_wconf 69' lang='grc' dir='ltr'>μι-</span> 
     </span>
    </p>
   </div>
   <div class='ocr_carea' id='block_1_107' title="bbox 658 5473 2272 5552">
    <p class='ocr_par' dir='ltr' id='par_1_107' title="bbox 658 5477 2230 5552">
     <span class='ocr_line' id='line_1_107' title="bbox 658 5477 2230 5552; baseline -0.004 -19"><span class='ocrx_word' id='word_1_816' title='bbox 658 5481 936 5552; x_wconf 81' lang='lat' dir='ltr'><strong>legedocti</strong></span> <span class='ocrx_word' id='word_1_817' title='bbox 1005 5481 1056 5533; x_wconf 91' lang='lat' dir='ltr'><strong>in</strong></span> <span class='ocrx_word' id='word_1_818' title='bbox 1124 5479 1494 5546; x_wconf 75' lang='lat' dir='ltr'><strong>evangelicum</strong></span> <span class='ocrx_word' id='word_1_819' title='bbox 1558 5488 1614 5532; x_wconf 88' lang='lat' dir='ltr'><strong>et</strong></span> <span class='ocrx_word' id='word_1_820' title='bbox 1687 5493 1879 5532; x_wconf 78' lang='lat' dir='ltr'><strong>novam</strong></span> <span class='ocrx_word' id='word_1_821' title='bbox 1927 5477 2230 5532; x_wconf 84' lang='lat' dir='ltr'><strong>doctrinam</strong></span> 
     </span>
    </p>
   </div>
   <div class='ocr_carea' id='block_1_108' title="bbox 2249 5473 3863 5552">
    <p class='ocr_par' dir='ltr' id='par_1_108' title="bbox 2339 5473 3863 5550">
     <span class='ocr_line' id='line_1_108' title="bbox 2339 5473 3863 5550; baseline 0.012 -24"><span class='ocrx_word' id='word_1_822' title='bbox 2339 5473 2695 5542; x_wconf 80' lang='grc' dir='ltr'>θητευθέντες</span> <span class='ocrx_word' id='word_1_823' title='bbox 2741 5477 2822 5539; x_wconf 87' lang='grc' dir='ltr'><strong>είς</strong></span> <span class='ocrx_word' id='word_1_824' title='bbox 2853 5477 2954 5548; x_wconf 86' lang='grc' dir='ltr'>τὴν</span> <span class='ocrx_word' id='word_1_825' title='bbox 3008 5479 3288 5546; x_wconf 82' lang='grc' dir='ltr'>βασιλείαν</span> <span class='ocrx_word' id='word_1_826' title='bbox 3336 5480 3445 5535; x_wconf 89' lang='grc' dir='ltr'><strong>τῶν</strong></span> <span class='ocrx_word' id='word_1_827' title='bbox 3468 5481 3732 5550; x_wconf 72' lang='grc' dir='ltr'>οὐρανῶνν</span> <span class='ocrx_word' id='word_1_828' title='bbox 3775 5479 3863 5526; x_wconf 55' lang='lat' dir='ltr'><strong>dm</strong></span> 
     </span>
    </p>
   </div>
   <div class='ocr_carea' id='block_1_109' title="bbox 654 5565 2268 5644">
    <p class='ocr_par' dir='ltr' id='par_1_109' title="bbox 654 5569 2230 5642">
     <span class='ocr_line' id='line_1_109' title="bbox 654 5569 2230 5642; baseline -0.004 -12"><span class='ocrx_word' id='word_1_829' title='bbox 654 5573 916 5636; x_wconf 84' lang='lat' dir='ltr'><strong>Christi,</strong></span> <span class='ocrx_word' id='word_1_830' title='bbox 980 5572 1121 5627; x_wconf 81' lang='lat' dir='ltr'><strong>hanc</strong></span> <span class='ocrx_word' id='word_1_831' title='bbox 1188 5573 1480 5642; x_wconf 80' lang='lat' dir='ltr'><strong>diligenter</strong></span> <span class='ocrx_word' id='word_1_832' title='bbox 1531 5572 1774 5626; x_wconf 83' lang='lat' dir='ltr'><strong>scientes</strong></span> <span class='ocrx_word' id='word_1_833' title='bbox 1820 5581 1874 5626; x_wconf 91' lang='lat' dir='ltr'><strong>et</strong></span> <span class='ocrx_word' id='word_1_834' title='bbox 1929 5569 2230 5626; x_wconf 86' lang='lat' dir='ltr'><strong>secundum</strong></span> 
     </span>
    </p>
   </div>
   <div class='ocr_carea' id='block_1_110' title="bbox 2249 5565 3863 5644">
    <p class='ocr_par' dir='ltr' id='par_1_110' title="bbox 2337 5565 3863 5644">
     <span class='ocr_line' id='line_1_110' title="bbox 2337 5565 3863 5644; baseline -0.009 -11"><span class='ocrx_word' id='word_1_835' title='bbox 2337 5565 2456 5630; x_wconf 67' lang='grc' dir='ltr'><strong>τοῦ-ο</strong></span> <span class='ocrx_word' id='word_1_836' title='bbox 2498 5565 2790 5636; x_wconf 77' lang='grc' dir='ltr'>γενώμεθα</span> <span class='ocrx_word' id='word_1_837' title='bbox 2822 5575 3154 5640; x_wconf 83' lang='grc' dir='ltr'>νομομαθεῖς</span> <span class='ocrx_word' id='word_1_838' title='bbox 3184 5578 3263 5630; x_wconf 78' lang='grc' dir='ltr'>εἰς</span> <span class='ocrx_word' id='word_1_839' title='bbox 3290 5574 3387 5644; x_wconf 79' lang='grc' dir='ltr'><strong>τὴν</strong></span> <span class='ocrx_word' id='word_1_840' title='bbox 3420 5574 3776 5643; x_wconf 72' lang='grc' dir='ltr'>εὐαγγελικὴν</span> <span class='ocrx_word' id='word_1_841' title='bbox 3798 5565 3863 5616; x_wconf 70' lang='grc' dir='ltr'><strong>καὶ</strong></span> 
     </span>
    </p>
   </div>
   <div class='ocr_carea' id='block_1_111' title="bbox 658 5656 2272 5736">
    <p class='ocr_par' dir='ltr' id='par_1_111' title="bbox 658 5663 2231 5736">
     <span class='ocr_line' id='line_1_111' title="bbox 658 5663 2231 5736; baseline -0.003 -16"><span class='ocrx_word' id='word_1_842' title='bbox 658 5668 902 5720; x_wconf 85' lang='lat' dir='ltr'><strong>eamdcm</strong></span> <span class='ocrx_word' id='word_1_843' title='bbox 934 5667 1305 5736; x_wconf 81' lang='lat' dir='ltr'><strong>gubernantes</strong></span> <span class='ocrx_word' id='word_1_844' title='bbox 1340 5680 1474 5730; x_wconf 90' lang='lat' dir='ltr'><strong>nos;</strong></span> <span class='ocrx_word' id='word_1_845' title='bbox 1511 5674 1674 5734; x_wconf 84' lang='lat' dir='ltr'><strong>atque</strong></span> <span class='ocrx_word' id='word_1_846' title='bbox 1722 5666 1774 5719; x_wconf 91' lang='lat' dir='ltr'><strong>itt</strong></span> <span class='ocrx_word' id='word_1_847' title='bbox 1810 5663 2064 5736; x_wconf 42' lang='lat' dir='ltr'><strong>praesenti</strong></span> <span class='ocrx_word' id='word_1_848' title='bbox 2119 5663 2231 5716; x_wconf 85' lang='lat' dir='ltr'><strong>vita</strong></span> 
     </span>
    </p>
   </div>
   <div class='ocr_carea' id='block_1_112' title="bbox 2245 5656 3859 5736">
    <p class='ocr_par' dir='ltr' id='par_1_112' title="bbox 2344 5656 3859 5736">
     <span class='ocr_line' id='line_1_112' title="bbox 2344 5656 3859 5736; baseline -0.003 -23"><span class='ocrx_word' id='word_1_849' title='bbox 2344 5658 2481 5711; x_wconf 80' lang='grc' dir='ltr'>νέαν</span> <span class='ocrx_word' id='word_1_850' title='bbox 2499 5656 2852 5713; x_wconf 78' lang='grc' dir='ltr'>διδασκαλίαν</span> <span class='ocrx_word' id='word_1_851' title='bbox 2877 5664 3138 5732; x_wconf 88' lang='grc' dir='ltr'>Χριστοῦ,</span> <span class='ocrx_word' id='word_1_852' title='bbox 3166 5667 3243 5736; x_wconf 85' lang='grc' dir='ltr'>τῷ</span> <span class='ocrx_word' id='word_1_853' title='bbox 3267 5667 3472 5736; x_wconf 81' lang='grc' dir='ltr'>ταύτην</span> <span class='ocrx_word' id='word_1_854' title='bbox 3503 5666 3738 5734; x_wconf 80' lang='grc' dir='ltr'>ἀκριϐῶς</span> <span class='ocrx_word' id='word_1_855' title='bbox 3759 5658 3859 5712; x_wconf 74' lang='grc' dir='ltr'>εἰδέ-</span> 
     </span>
    </p>
   </div>
   <div class='ocr_carea' id='block_1_113' title="bbox 661 5750 2275 5829">
    <p class='ocr_par' dir='ltr' id='par_1_113' title="bbox 661 5753 2239 5826">
     <span class='ocr_line' id='line_1_113' title="bbox 661 5753 2239 5826; baseline -0.003 -14"><span class='ocrx_word' id='word_1_856' title='bbox 661 5757 927 5823; x_wconf 71' lang='lat' dir='ltr'><strong>fulgeittes</strong></span> <span class='ocrx_word' id='word_1_857' title='bbox 984 5756 1138 5826; x_wconf 85' lang='lat' dir='ltr'><strong>juxta</strong></span> <span class='ocrx_word' id='word_1_858' title='bbox 1204 5757 1478 5824; x_wconf 85' lang='lat' dir='ltr'><strong>apostolos</strong></span> <span class='ocrx_word' id='word_1_859' title='bbox 1517 5757 1761 5822; x_wconf 79' lang='lat' dir='ltr'><strong>erimus,</strong></span> <span class='ocrx_word' id='word_1_860' title='bbox 1821 5767 1875 5809; x_wconf 86' lang='lat' dir='ltr'><strong>et</strong></span> <span class='ocrx_word' id='word_1_861' title='bbox 1947 5757 1998 5808; x_wconf 93' lang='lat' dir='ltr'><strong>in</strong></span> <span class='ocrx_word' id='word_1_862' title='bbox 2054 5753 2239 5808; x_wconf 72' lang='lat' dir='ltr'><strong>futura</strong></span> 
     </span>
    </p>
   </div>
   <div class='ocr_carea' id='block_1_114' title="bbox 2245 5750 3859 5829">
    <p class='ocr_par' dir='ltr' id='par_1_114' title="bbox 2340 5750 3859 5829">
     <span class='ocr_line' id='line_1_114' title="bbox 2340 5750 3859 5829; baseline 0.003 -24"><span class='ocrx_word' id='word_1_863' title='bbox 2340 5769 2446 5815; x_wconf 82' lang='grc' dir='ltr'>ναι,</span> <span class='ocrx_word' id='word_1_864' title='bbox 2487 5750 2582 5802; x_wconf 76' lang='grc' dir='ltr'><strong>καὶ</strong></span> <span class='ocrx_word' id='word_1_865' title='bbox 2633 5751 3009 5811; x_wconf 74' lang='grc' dir='ltr'>πολιτεύεσθαι</span> <span class='ocrx_word' id='word_1_866' title='bbox 3045 5760 3182 5812; x_wconf 70' lang='grc' dir='ltr'>κατὰ</span> <span class='ocrx_word' id='word_1_867' title='bbox 3211 5759 3435 5829; x_wconf 72' lang='grc' dir='ltr'>ταύτην,</span> <span class='ocrx_word' id='word_1_868' title='bbox 3471 5762 3569 5812; x_wconf 63' lang='lat' dir='ltr'><strong>aut</strong></span> <span class='ocrx_word' id='word_1_869' title='bbox 3616 5763 3670 5813; x_wconf 84' lang='grc' dir='ltr'><strong>ἐν</strong></span> <span class='ocrx_word' id='word_1_870' title='bbox 3693 5757 3761 5824; x_wconf 57' lang='lat' dir='ltr'><strong>cf»</strong></span> <span class='ocrx_word' id='word_1_871' title='bbox 3787 5771 3859 5802; x_wconf 71' lang='grc' dir='ltr'><strong>πι-</strong></span> 
     </span>
    </p>
   </div>
  </div>
