4088 6294
292 374 400 440 923

1682 383 1830 443 ΕἸἪ
1845 384 2014 447 lCON
2049 387 2118 450 V.

3444 385 3545 447 οιι

297 495 449 561 ρόντι
479 490 580 560 βίῳ
613 488 861 558 λαμπροὶ
891 493 1032 545 κατὰ
1078 493 1204 565 τοὺς
1239 493 1867 566 ἀποστόλουςυὲσόμεθα,

1996 501 2142 554 ι’ἰῑειιιι
2178 499 2618 577 hatreditabimns
2666 509 2956 562 aeternam;
2983 516 3147 568 quam
3185 501 3397 555 eveniat
3429 518 3548 555 υιιι.

293 585 388 639 >αἱ
411 585 466 637 ὲν
499 582 578 652 τῷ
628 581 872 651 μέλλοντι
903 583 1050 653 ζωὴν
1084 585 1575 657 κληρονομήσομεν
1605 587 1704 658 τὴν
1736 588 1865 642 αἰώ-

292 691 444 730 νιονο
495 671 564 747 ἧς
601 676 816 743 γένοιτο
858 679 1068 741 πάντας
1116 679 1266 748 ἡμᾶς
1321 681 1624 750 ἐπιτυχεῖν,
1682 681 1867 750 χάριτι

293 769 389 820 διαὶ
420 769 806 841 φιλανθρωπίᾳ
833 769 927 822 τοῦ
957 769 1164 840 Κυρίου
1193 771 1350 840 ἡμῶν
1390 772 1569 840 Ἰησοῦ
1598 772 1864 841 Χριστοῦ,

291 858 361 911 δι’
391 854 454 914 οῦ
492 861 587 912 καὶ
622 861 745 930 μεθ’
771 854 832 914 οῦ
866 862 944 930 τῷ
999 861 1174 932 Πατρὶ
1215 865 1248 934 ἡ
1293 862 1426 929 δόξα
1461 864 1579 933 ἃμα
1614 862 1694 933 τῷ
1727 881 1868 917 παν-

290 950 433 1020 ἁγίῳ
477 952 781 1020 Πνεῦματι,
815 954 908 1006 νῦν
939 954 1034 1008 καὶ
1085 955 1195 1022 ἀεὶ,
1245 956 1343 1009 καὶ
1376 957 1456 1019 εἰς
1506 956 1634 1017 τοὺς
1664 957 1867 1020 αίῶνας

290 1044 404 1097 τῶν
434 1044 672 1099 αἰώνων.
722 1047 918 1115 Ἀμήν.

495 1182 869 1236 ΔΙΑΛΕΞΕΩΣ
909 1185 1246 1239 ΠΕΜΠΤΗΣ
1281 1186 1552 1242 ΗΘΙΚΟΝ
1592 1188 1691 1260 (1).

293 1295 593 1382 Ὅτιντῶν
663 1295 1164 1382 δςιιμογιζσμένωζ
1223 1301 1423 1382 οὐδὲν.
1471 1302 1868 1382 διαφέρουσι,

367 1369 608 1440 πάντες.
640 1369 756 1431 μὲν
794 1370 848 1440 gl
902 1369 1008 1432 τὰς
1034 1369 1165 1440 ⁸τοῦ
1217 1371 1502 1425 διαϐόλου
1556 1369 1871 1440 ποιοί-ντες

365 1437 704 1505 ἐπιθυμίας.
726 1438 996 1503 μάλιστα
1022 1438 1089 1491 δὲ
1117 1441 1170 1493 οἱ
1206 1441 1583 1510 φιλάργυροι.

372 1555 441 1606 α’.
481 1550 587 1602 Καὶ
627 1549 769 1604 οὕτω
804 1553 905 1621 μὲν
932 1551 961 1604 ὁ
993 1554 1185 1625 Σωτὴρ
1221 1556 1410 1609 ίάσατο
1453 1559 1577 1621 τοὺς
1630 1558 1872 1629 δαιμονι-

297 1639 581 1708 ζομένους,
619 1640 706 1694 ἀεὶ
738 1641 1186 1712 περιπατοῦντας
1229 1643 1285 1695 ἐν
1321 1647 1436 1706 τοῖς
1471 1647 1740 1714 μνήμασι,
1777 1646 1872 1698 καὶ

297 1731 421 1784 λίαν
458 1731 616 1794 ὄντας
647 1732 919 1803 χαλεποὺς
973 1733 1070 1787 καὶ
1119 1733 1385 1804 ἀγρίους·
1443 1735 1542 1788 ῐδοι
1591 1735 1634 1787 δ’
1670 1735 1736 1789 ἄν
1789 1751 1871 1796 τις

1974 607 2070 649 nes
2101 609 2202 648 nos
2229 593 2561 664 contingere,
2590 594 2762 663 gratia
2793 603 2847 646 et
2881 593 3220 646 humanitate
3247 589 3372 646 Jesn
3393 591 3551 644 Chri-

1968 687 2036 740 sti
2073 686 2284 740 Domini
2343 685 2540 750 nostri,
2580 701 2677 755 per
2720 700 2878 754 quem
2915 697 2968 740 et
3006 699 3238 753 quocum
3275 683 3348 737 sit
3404 683 3546 736 Patri

1974 778 2144 846 gloria
2174 778 2333 832 simul
2355 793 2477 832 cum
2511 777 2856 833 sanctissimo
2891 776 3113 847 Spiritu,
3151 793 3293 832 nunc
3326 786 3381 830 ct
3407 793 3550 832 scm-

1974 885 2072 938 per
2113 878 2168 923 et
2199 871 2250 924 in
2284 869 2476 924 smcula
2506 871 2849 924 smculorum.
2888 872 3092 927 Amcn.‘

2282 1167 2629 1224 SERMONIS
2661 1169 2894 1236 QUINTI
2933 1151 3253 1224 ETIllCON.

1983 1287 2137 1356 Quod
2187 1303 2218 1339 τι
2263 1285 2604 1339 dwmonincis
2652 1286 2788 1338 nihil
2821 1285 3092 1353 diﬁ'nrnnt,
3125 1301 3312 1356 onmes
3343 1285 3553 1354 quidem

2057 1358 2143 1411 illi
2173 1356 2262 1426 qui
2310 1356 2508 1410 diaboli
2536 1357 2976 1438 concupiscentiis
3005 1364 3131 1408 sunt
3157 1355 3340 1419 dediti,
3371 1356 3555 1425 μναιαί-

2045 1443 2149 1497 pne
2179 1438 2354 1480 tamen
2398 1443 2570 1480 arari.

1956 1553 1963 1560 ‘
2028 1545 2077 1599 l.
2094 1544 2157 1598 Et
2178 1545 2248 1598 ita
2268 1542 2485 1613 quidem
2510 1543 2757 1597 Salvator
2774 1542 2989 1596 sanavit
3013 1541 3393 1602 daemoniacos.
3415 1557 3559 1594 scm-

1974 1652 2068 1705 per
2097 1636 2512 1690 deambulantes
2553 1637 2604 1688 iu
2637 1634 3002 1689 monumentis
3034 1644 3088 1687 et
3118 1634 3273 1688 valde
3304 1635 3561 1687 molesms

1973 1741 2026 1782 et
2068 1728 2362 1794 barbaros;
2389 1728 2431 1782 si
2459 1726 2640 1780 videat
2667 1736 2720 1781 et
2757 1743 2897 1780 [tunc
2953 1727 3148 1794 aliquis
3203 1742 3321 1792 qum
3368 1728 3499 1778 liunt
3531 1742 3559 1776 ει

297 1821 394 1874 καὶ
427 1819 524 1874 νῦν
571 1823 835 1890 γινόμενα
882 1823 948 1878 τὰ
993 1825 1144 1896 παρὰ
1191 1825 1302 1878 τῶν
1336 1826 1457 1879 τότε
1491 1825 1872 1894 δαιμονιζομέ-

1996 1821 2330 1884 lenmniacis,
2379 1835 2497 1887 qua:
2544 1818 2681 1873 ﬁunt
2715 1829 3004 1886 antequam
3033 1828 3314 1878 sanentur,
3340 1826 3396 1869 et
3427 1817 3557 1868 mul-

298 1930 429 1974 νων,
464 1913 572 1984 πρὸ
599 1913 691 1966 τοῦ
728 1915 1138 1986 θεραπευθῆναι
1189 1919 1432 1978 ἐκείνους
1463 1917 1745 1986 γινόμενα,
1779 1917 1872 1968 καὶ

300 2005 534 2068 πολλοὺς
562 2007 763 2076 τρόπον
796 2008 985 2079 ἕτερον
1008 2011 1067 2064 ἐν
1095 2011 1210 2071 τοῖς
1239 2013 1529 2080 μνημείοις
1568 2009 1876 2079 δαιμονιζο-

305 2098 510 2165 μένους
540 2101 726 2168 χείρον
761 2101 989 2154 ἐκείνων
1016 2118 1027 2128 ·
1063 2100 1156 2165 οὓς
1189 2103 1342 2156 οὐδὲν
1395 2105 1612 2172 κατέχει
1636 2103 1734 2169 τῆς
1769 2119 1876 2172 μα-

303 2189 448 2252 νίας,
477 2192 540 2244 οὐ
583 2192 829 2264 σίδηρος,
867 2195 966 2265 οὐχ
1009 2194 1226 2259 ἅλυσις,
1256 2197 1356 2248 οὐκ
1384 2194 1690 2264 ἀνθρώπων
1736 2195 1877 2262 πλῆ-

304 2287 420 2349 θος,
473 2289 532 2339 οὐ
592 2288 936 2356 παραίνεσις,
991 2291 1052 2342 οὐ
1109 2291 1388 2358 νουθεσία,
1446 2292 1504 2343 οὐ
1556 2291 1741 2359 φόϐος,
1782 2290 1882 2342 οὐκ

305 2381 527 2450 ἀπειλὴ,
558 2381 656 2434 οὐκ
688 2383 815 2436 ἄλλο
843 2385 948 2436 τῶν
973 2384 1230 2437 τοιούτων
1266 2387 1442 2438 οὐδέν.
1478 2386 1586 2438 Καὶ
1618 2385 1725 2454 γὰρ
1752 2385 1881 2436 ὅταν

305 2488 393 2532 τις
427 2473 725 2536 ἀκόλαστος
842 2476 978 2544 πρὸς
1022 2476 1200 2528 πάντα
1235 2477 1303 2529 τὰ
1349 2476 1577 2546 σώματα
1609 2476 1883 2545 ἐπτοημέ-

307 2581 426 2624 νος,
462 2565 617 2618 οὐδὲν
647 2566 921 2637 διενήνοχε
961 2567 1056 2620 τοῦ
1095 2568 1484 2636 δαιμονῶντος,
1516 2569 1652 2620 ἀλλά
1680 2569 1885 2636 γυμνὸς

309 2657 391 2719 ὡς
438 2658 646 2720 ἐκεῖνος
693 2661 1070 2730 περιέρχεται,
1121 2663 1311 2731 ἱμάτια
1361 2662 1463 2730 μὲν
1512 2661 1886 2728 ἐνδεδυμένος,

310 2745 418 2812 τῆς
465 2745 520 2798 δὲ
569 2747 808 2816 ἀληθοῦς
859 2750 1157 2820 περιϐολῆς
1214 2750 1600 2819 ἐστερημένος,
1656 2749 1888 2815 καὶτῆς

314 2833 471 2902 αὐτῷ
502 2845 894 2906 προσηκούσης
923 2837 1086 2906 δόξης
1134 2839 1577 2908 γεγυμνωμένος,
1630 2839 1689 2888 οὐ
1721 2837 1892 2899 λίθοις

317 2926 514 2978 ἑαυτὸν
547 2927 784 2987 κόπτων,
819 2927 938 2980 ἀλλ’
986 2931 1350 3000 ἁμαρτήμασι
1379 2930 1556 2996 πολλῴ
1605 2929 1768 2981 λίθων
1794 2947 1892 2996 χα-

312 3017 672 3088 λεπωτέροις.
729 3021 824 3083 Τίς
874 3019 970 3074 οῦν
1018 3021 1184 3074 αὐτὸν
1234 3022 1394 3087 δῆσαι
1432 3021 1756 3090 δυνήσεται;
1808 3022 1894 3085 τίς

315 3111 534 3170 παῦσαι
565 3111 984 3182 ἀσχημονοῦντα
1015 3115 1111 3167 καὶ
1144 3114 1555 3182 οἰστρούμενον,
1591 3116 1686 3166 καὶ
1735 3113 1890 3166 οὐδέο

1979 1927 2059 1968 tos
2092 1915 2198 1968 alio
2258 1916 2418 1968 modo
2453 1913 2506 1968 in
2570 1912 2940 1966 monumentis
2987 1911 3352 1965 chentoniacos
3381 1909 3565 1977 pcjnre

1974 2022 2136 2075 quam
2173 2005 2417 2070 caeteris;
2462 2019 2690 2074 quorum
2747 2003 2878 2056 nihil
2925 2003 3140 2057 cohibet
3207 2003 3560 2059 detnentiam.

1979 2111 2153 2164 neque
2205 2095 2409 2150 ferrum
2445 2133 2462 2158 ,
2521 2109 2696 2162 neque
2750 2106 2980 2154 catena,
3041 2107 3217 2160 neque
3285 2091 3565 2146 hominum

1981 2188 2352 2256 pulchritudo,
2386 2203 2562 2254 neque
2599 2188 2864 2248 hortatio,
2891 2201 3069 2255 neque
3096 2184 3343 2246 monitio,
3390 2197 3568 2252 neque

1983 2292 2185 2344 metus,
2209 2294 2381 2350 neque
2405 2281 2585 2343 minae,
2607 2293 2779 2346 neque
2812 2279 3003 2333 horum
3034 2277 3211 2330 simile
3236 2277 3560 2344 quidquam.

1983 2375 2118 2424 (lum
2153 2374 2298 2426 enim
2335 2370 2534 2439 aliquis
2586 2370 2831 2423 indocilis
2857 2379 2938 2422 est
2974 2368 3040 2421 ad
3105 2368 3286 2421 (nnnia
3331 2381 3566 2432 corpora

1985 2467 2196 2527 volans.
2225 2465 2358 2518 nihil
2388 2462 2568 2517 dill‘ert
2612 2477 2641 2515 a
2693 2460 3047 2520 damoniaco,
3071 2461 3164 2513 sed
3196 2461 3370 2512 nudus
3395 2468 3453 2511 ut
3478 2459 3569 2510 ille

1984 2559 2206 2616 circuit.
2230 2557 2478 2612 vestibus
2507 2555 2724 2622 quidem
2773 2554 3018 2614 indutus,
3054 2566 3178 2605 vera
3228 2559 3406 2604 autem
3438 2565 3569 2604 eoo-

1990 2661 2207 2718 pertura
2240 2650 2486 2720 privatus
2505 2657 2558 2702 et
2591 2647 2761 2717 gloria
2800 2647 2901 2700 sibi
2935 2643 3278 2698 convcnienti
3307 2643 3566 2704 nudatus,

1992 2759 2096 2797 non
2130 2743 2404 2812 lapidibus
2445 2758 2505 2795 se
2547 2740 2881 2811 percutiens,
2944 2738 3038 2792 sed
3104 2740 3344 2807 peccatis
3392 2737 3570 2806 lapide

1994 2836 2410 2890 molestior-ibus.
2441 2833 2572 2899 Quis
2603 2849 2729 2902 ergo
2777 2847 2898 2886 eum
2949 2832 3143 2900 poterit
3193 2830 3408 2899 ligare?
3444 2829 3570 2900 quis

1993 2931 2206 2998 placare
2237 2927 2488 2981 indecora
2549 2925 2834 2980 facientem
2882 2935 2938 2978 et
2973 2923 3260 2985 furiosum,
3294 2931 3349 2975 et
3401 2922 3454 2974 in
3511 2938 3569 2973 se

1995 3037 2101 3074 non
2133 3031 2482 3082 contentum,
2511 3019 2605 3074 sed
2664 3032 2882 3087 semper
2929 3023 3282 3070 monumenta
3317 3013 3572 3078 frequen-

2001 3123 2122 3168 tans
2149 3113 2172 3166 ?
2204 3111 2545 3179 Hujusmodo
2579 3111 2726 3164 enim
2759 3117 2885 3164 sunt
2931 3107 3360 3178 prostibulorum
3387 3104 3571 3160 diver-

315 3220 454 3257 ποτε
479 3205 535 3257 ἐν
556 3204 731 3276 ἑαυτῷ
763 3206 1070 3274 γινόμενον,
1098 3203 1212 3257 ἀλλ’
1240 3205 1326 3258 ἀεὶ
1355 3205 1506 3273 παρὰ
1537 3206 1601 3257 τὰ
1630 3207 1890 3274 μνήματα

2001 3205 2167 3270 soria,
2207 3204 2361 3259 multi
2386 3202 2595 3258 timoris
2629 3202 2807 3272 plen,
2839 3211 2895 3255 et
2922 3199 3103 3254 multa:
3125 3198 3455 3269 putredinis.

319 3297 633 3362 φοιτῶντας
665 3297 894 3350 τοιαῦτα
931 3298 1039 3368 γὰρ
1075 3299 1184 3349 τῶν
1211 3297 1426 3366 πορνῶν
1450 3297 1520 3349 τὰ
1557 3298 1894 3364 καταγώγια.

317 3389 531 3456 πολλῆς
583 3389 681 3460 τῆς
732 3389 996 3452 δυσωδίας
1033 3391 1296 3460 γέμοντα,
1334 3388 1532 3456 πολλῆς
1567 3388 1668 3456 τῆς
1729 3402 1899 3455 σηπε-

317 3480 498 3542 δὸνος.

403 3596 468 3667 β’.
499 3596 563 3648 Τί
597 3596 654 3649 δὲ
699 3598 728 3650 ό
759 3597 1141 3668 φιλάργυρος;
1190 3595 1310 3665 οὐχὶ
1355 3595 1631 3660 τοιοῦτος;
1679 3594 1760 3657 τίς
1792 3595 1900 3664 γὰρ

324 3688 496 3742 αὐτὸν
534 3687 742 3758 ἰσχύσει
773 3690 934 3758 δῆσαι
977 3692 1108 3741 ποτέ
1136 3706 1150 3754 ;
1201 3688 1322 3758 οὐχὶ
1349 3687 1504 3752 φόϐοι
1553 3689 1647 3738 καὶ
1677 3687 1902 3740 ἀπειλαὶ

324 3781 704 3851 καθημεριναὶ
735 3783 830 3835 κού⁹
859 3781 1213 3852 παραινέσεις
1245 3783 1339 3834 καὶ
1386 3778 1688 3848 συμϐουλαὶ
1715 3797 1729 3842 ς
1763 3778 1900 3830 ἀλλὰ

325 3873 515 3926 πάντα
568 3873 745 3925 ταῦτα
796 3873 1080 3926 διακόπτει
1115 3872 1182 3925 τὰ
1231 3871 1443 3939 δεσμά·
1480 3871 1584 3924 κᾶν
1630 3872 1759 3940 ἔλθῃ
1819 3888 1904 3934 τις

327 3965 666 4030 ἀπαλλάξαι,
699 3963 909 4034 ὀρκίζει
943 3963 1085 4017 ὥστε
1120 3963 1194 4033 μὴ
1225 3963 1630 4032 ἀπαλλαγῆναι,
1671 3961 1904 4030 βάσανον

327 4059 638 4130 ἡγούμενος
685 4053 827 4110 εἶναι
862 4057 1149 4126 μεγίστην,
1197 4056 1258 4108 τὸ
1291 4055 1365 4124 μὴ
1417 4050 1560 4106 εἶναι
1600 4056 1659 4106 έν
1705 4055 1770 4122 τῇ
1807 4053 1903 4122 βαρ

327 4153 483 4222 σάνῳ
509 4171 526 4184 ο
562 4146 622 4206 οῦ
665 4151 718 4204 τί
752 4149 950 4218 γένοιτ’
1000 4149 1066 4202 ἂν
1099 4149 1473 4217 ἁθλιώτερονς
1517 4147 1754 4208 Ἐκεῖνος
1808 4146 1905 4214 μὲν

329 4245 448 4313 γὰρ
477 4247 504 4296 ὁ
530 4243 764 4313 δαίμων,
797 4243 846 4294 εί
873 4241 968 4293 καὶ
992 4238 1293 4308 ἀνθρώπων
1316 4237 1745 4307 κατεφρόνησεν,
1771 4235 1906 4287 ἀλλὰ

331 4337 416 4405 τῷ
447 4334 830 4404 προστάγματι
855 4329 966 4394 εἶξε
991 4332 1084 4383 τοῦ
1115 4327 1377 4400 Χριστοῦ,
1412 4329 1507 4379 καὶ
1533 4325 1742 4395 ταχέως
1772 4325 1909 4376 ἀπε-

331 4427 550 4495 δήμησε
597 4424 692 4478 τοῦ
740 4424 992 4493 σώματος
1017 4437 1030 4453 ·
1064 4419 1219 4481 οὗτος
1269 4419 1326 4471 δὲ
1354 4416 1478 4470 οὐδὲ
1527 4417 1603 4484 τῷ
1637 4413 1910 4485 προστάγ-

2073 3579 2128 3635 2.
2150 3577 2290 3645 Quid
2316 3591 2446 3648 ergo
2469 3575 2706 3631 avarus?
2735 3589 2912 3628 nonne
2943 3572 3066 3628 talis
3091 3589 3107 3625 ι
3137 3571 3262 3642 quis
3293 3570 3436 3625 enim
3455 3583 3577 3623 eum

2004 3671 2204 3725 valebit
2229 3670 2398 3740 ligare
2427 3667 2754 3738 aliquando?
2813 3679 2993 3719 nonne
3057 3665 3279 3717 timores
3325 3677 3381 3716 et
3421 3661 3580 3714 InimP.

2007 3762 2341 3830 quotidiana:
2365 3769 2420 3813 et
2450 3760 2791 3812 hortationes
2837 3769 2894 3810 et
2932 3756 3203 3809 consilia?
3259 3755 3353 3809 sed
3397 3756 3580 3808 ontuia

2002 3857 2121 3909 lucc
2209 3853 2438 3906 dissecat
2495 3851 2729 3904 vincula.
2769 3851 3004 3903 Adestne
3067 3846 3264 3916 aliquis
3327 3861 3451 3899 eum
3517 3846 3580 3897 li-

2007 3948 2396 4008 berareturus,
2437 3945 2583 4012 iurat
2638 3943 2708 3995 ita
2771 3950 2830 3995 ut
2889 3955 2954 3993 ne
3011 3940 3307 3999 liberetur,
3362 3952 3578 4006 pcenam

2002 4047 2201 4104 putans
2251 4034 2539 4088 maximam
2599 4047 2708 4085 non
2771 4045 2892 4084 esse
2952 4028 3006 4081 in
3072 4044 3266 4096 poena;
3303 4043 3408 4096 quo
3451 4026 3580 4095 quid

2007 4137 2187 4198 pOIest
2245 4126 2360 4180 ﬁeri
2397 4119 2939 4178 miserabilius?lste
2998 4119 3143 4172 enim
3197 4119 3428 4180 dmnon,
3477 4118 3580 4170 etsi

2012 4221 2258 4276 lnnnines
2305 4217 2586 4286 despiciat,
2647 4215 2818 4282 jussni
2901 4221 3078 4266 tamen
3151 4210 3312 4264 cessit
3355 4208 3579 4272 Christi,

2009 4322 2065 4366 et
2130 4309 2384 4364 velociter
2447 4305 2735 4374 dereliquit
2810 4317 3060 4371 corpus;
3108 4299 3196 4356 hic
3265 4307 3446 4352 autem
3489 4313 3584 4350 nc—

2010 4418 2116 4472 que
2183 4400 2355 4472 jussui
2422 4399 2587 4453 cedit.
2639 4397 2779 4451 Ecce
2847 4395 3062 4464 quidem
3121 4391 3363 4463 quotidie
3434 4388 3586 4444 audit

336 4484 485 4588 μέτί
509 4516 668 4570 εἴκει.
715 4484 848 4568 ’ἰδοῦ
881 4513 1012 4581 γοῦν
1039 4511 1160 4564 καθ’
1191 4510 1432 4576 ἑκάστην
1459 4484 1688 4577 ἡμέραν
1720 4503 1884 4558 ἁκούε

2014 4513 2140 4551 eum
2167 4497 2432 4549 dicentem
2463 4510 2474 4546 :
2507 4491 2625 4568 Non
2666 4489 2895 4559 patestis
2939 4487 3143 4542 servire
3191 4484 3298 4538 Deo
3327 4494 3383 4537 et
3417 4498 3586 4536 mam-

335 4607 510 4662 αὐτοῦ
554 4609 823 4674 λέγοντος,
853 4607 927 4658 Οὐ
958 4603 1188 4658 δύνασθε
1221 4601 1342 4672 Θεῷ
1378 4599 1654 4653 δουλεύειν
1678 4599 1774 4649 καὶ
1811 4612 1914 4664 μα-

341 4703 541 4774 μωνᾷ’
578 4701 673 4753 καὶ
721 4700 948 4766 γέενναν
999 4692 1373 4755 ἀπειλοῦντος,
1421 4691 1520 4744 καὶ
1565 4689 1662 4752 τὰς
1710 4687 1913 4755 ἀνηκέ-

281 4825 303 4843 ι
339 4812 504 4857 στους
538 4793 812 4854 κολάσεις,
861 4789 953 4843 καὶ
985 4789 1046 4842 οὐ
1087 4787 1376 4838 πείθεται·
1429 4785 1527 4851 οὐχ
1566 4783 1646 4834 ὃτι
1699 4779 1914 4848 ἰσχυρό-

336 4888 498 4956 τερός
529 4887 645 4938 ἐστι
675 4882 769 4936 τοῦ
820 4879 1086 4952 Χριστοῦ,
1136 4878 1252 4930 ἀλλ’
1295 4877 1380 4928 ¹’ὅτι
1427 4877 1660 4936 ἄκοντας
1709 4872 1856 4939 ἡμᾶς
1889 4871 1916 4920 ὁ

337 4979 579 5050 Χριστὸς
616 4977 679 5029 οὐ
728 4973 1082 5044 σωφρονίζει*
1118 4971 1207 5024 διὰ
1248 4969 1407 5022 τοῦτο
1433 4969 1505 5029 ὼς
1543 4968 1599 5018 ὲν
1633 4963 1916 5050 ἐρήμοιςῌὸ

339 5072 586 5133 τοιοῦτος
623 5068 908 5139 διατρίϐει,
966 5065 1070 5117 κᾶν
1103 5065 1160 5115 ὲν
1192 5063 1386 5130 μέσαις
1433 5060 1551 5119 ταῖς
1605 5055 1823 5108 πόλεσιν
1853 5047 1910 5123 ᾖ.

342 5166 442 5226 Τίς
477 5165 586 5234 γὰρ
620 5163 683 5215 ἂν
731 5160 905 5214 ἕλοιτο
935 5157 1165 5225 τοιούτῳ
1215 5151 1570 5220 συγγίνεσθαι
1601 5144 1910 5215 ἀνθρώπως

346 5257 554 5328 μᾶλλον
592 5256 656 5309 ἂν
688 5253 864 5322 ἔγωγε
898 5249 1274 5317 κατεδεξάμην
1312 5245 1448 5314 μετὰ
1493 5241 1704 5312 μυρίων
1729 5238 1916 5304 δαιμο-

344 5351 568 5404 νὼντων
597 5351 792 5408 οἰκεῖν,
827 5346 857 5410 ἢ
894 5345 1030 5410 μετὰ
1059 5343 1177 5404 ἐνὸς
1203 5341 1300 5410 τὴν
1330 5338 1540 5408 μητέρα
1570 5335 1790 5387 πάντων
1817 5345 1915 5378 κα-

346 5442 464 5497 κῶν
497 5439 862 5510 φιλαργυρίαν
904 5423 1216 5496 νοσοῦντος.

430 5598 504 5664 (1)
548 5597 900 5664 Subsequens
946 5592 1190 5664 etbiConA
1225 5586 1450 5664 respicit
1494 5575 1923 5664 adlverbalnt-

348 5650 439 5724 ca:
463 5650 580 5724 (ιιι.
610 5666 677 5717 ’27
709 5650 763 5718 υἱ
791 5681 945 5731 seqq.
972 5662 1213 5717 Occurrit
1247 5650 1332 5731 illi
1357 5658 1437 5709 vir
1465 5652 1679 5731 quidam
1703 5650 1791 5731 qui
1832 5650 1926 5731 hn-

353 5721 506 5797 bcbnt
555 5721 881 5788 du'nwnium'
909 5721 1032 5801 'jant
1073 5729 1389 5794 temporibus
1439 5721 1640 5785 multis,
1686 5726 1732 5770 et
1773 5721 1925 5770 vesti-

2013 4602 2190 4642 tnonaa
2225 4603 2242 4640 :
2280 4595 2335 4639 et
2382 4585 2686 4653 gehennam
2720 4579 2948 4635 minanti
2975 4587 3031 4634 et
3052 4579 3169 4632 sine
3213 4576 3455 4631 remedio
3483 4592 3585 4642 pu-

2011 4682 2246 4736 nitiones
2277 4694 2382 4732 non
2413 4677 2631 4743 obedit;
2667 4691 2774 4730 non
2830 4673 2971 4743 quod
3011 4671 3205 4725 fortior
3249 4670 3319 4722 sit
3347 4669 3586 4729 Christo,

2014 4776 2108 4830 sed
2143 4774 2289 4840 quod
2316 4773 2512 4827 invitos
2537 4785 2638 4824 nos
2659 4769 2912 4824 Christus
2943 4779 3050 4818 non
3083 4761 3260 4817 reddit
3292 4760 3584 4828 sapientes.

2022 4867 2230 4922 Idcirco
2264 4864 2412 4918 velut
2447 4864 2500 4916 in
2551 4862 2787 4919 desertis
2835 4861 2935 4914 iste
2966 4866 3241 4919 versatur,
3281 4867 3587 4923 quanquam

2019 4961 2070 5012 in
2111 4957 2301 5012 mediis
2332 4957 2401 5010 sit
2447 4957 2695 5011 urbibus.
2730 4953 2862 5020 Quis
2893 4954 3036 5005 enim
3087 4951 3310 5020 eligeret
3365 4959 3592 4999 conver-

2021 5056 2130 5108 sari
2165 5067 2288 5105 cum
2347 5049 2652 5105 istiusmodi
2709 5044 2966 5100 homine?
3009 5042 3218 5096 Mallem
3273 5053 3373 5106 ego
3402 5036 3588 5089 decem

2025 5146 2264 5200 millibus
2311 5158 2432 5198 cum
2474 5140 2820 5195 daemoniacis
2851 5136 3095 5190 habitare
3127 5147 3284 5200 quam
3327 5145 3450 5182 cum
3484 5142 3592 5180 uno

2027 5240 2164 5308 qui,
2222 5245 2395 5289 matre
2465 5232 2707 5287 omnium
2763 5230 3050 5287 malorum,
3103 5221 3329 5278 avaritia
3360 5221 3590 5276 laborat.

2039 5575 2215 5620 mento
2246 5581 2345 5617 non
2373 5563 2709 5628 lnduebatur,
2751 5575 2916 5632 neque
2942 5560 2999 5614 in
3025 5559 3178 5612 domo
3203 5555 3470 5618 manebat,
3505 5551 3598 5606 scd

2037 5643 2087 5693 in
2115 5635 2487 5692 monumentis.
