4088 6294
283 379 379 443 917

1651 381 1986 445 ETHICON
2020 385 2087 447 ν.

3432 376 3538 442 913

283 495 559 566 στήσαμεν
583 494 682 567 τὴν
713 494 952 564 ἐκείνου,
981 493 1174 567 μηδεὶς
1219 495 1362 551 ἐστω
1393 496 1422 550 ὁ
1451 496 1723 565 ἐγκαλῶν,
1756 498 1853 552 καὶ

1973 497 2319 564 :sse,'nullus
2346 497 2416 554 sit
2462 496 2760 567 obiurgans
2793 503 2849 552 et
2889 495 3113 559 timens,
3165 493 3258 547 sed
3309 491 3434 547 tolle
3467 494 3540 547 le-

280 588 670 657 δεδιττόμενος,
699 587 837 643 ἀλλὰ
866 587 1026 642 ἄνελε
1058 589 1152 643 τὸν
1196 591 1261 643 ἐκ
1291 590 1404 643 τῶν
1446 590 1629 661 νόμων
1658 590 1850 657 φόϐον,

281 681 357 750 τῷ
406 680 553 750 λόγῳ
576 680 736 746 τέως,
788 683 886 735 καὶ
924 681 1049 750 ὄψει
1098 682 1263 737 αὐτὸν
1308 681 1462 755 ξίφος
1500 684 1853 755 ἁρπάσαντα,

282 774 374 829 καὶ
407 774 622 836 πάντας
671 773 1075 845 διαχρώμενον,
1132 775 1229 830 καὶ
1259 775 1477 840 οὐδενὸς
1510 775 1855 847 φειδόμενον,

280 866 339 919 οὐ
364 864 546 935 φίλου,
602 865 665 918 οὐ
704 866 1029 935 συγγενοῦς,
1082 869 1187 921 οὐκ
1221 865 1477 936 ἀδελφοῦ,
1532 867 1633 921 οὐκ
1685 865 1856 920 αὑτοῦ

280 957 370 1010 τοῦ
420 958 817 1026 γεγεννηκότος
841 972 854 988 ⁸
906 960 1113 1028 μᾶλλον
1155 960 1212 1013 δὲ
1244 960 1365 1013 οὖδέ
1416 958 1731 1023 ὑποθέσεως
1767 959 1857 1012 ἐν·

281 1049 450 1103 ταῦθα
497 1050 679 1121 χρεία,
712 1051 830 1105 ἀλλ’
861 1051 1120 1122 ἐρώμεθα
1167 1052 1355 1119 αὐτὸν,
1391 1052 1442 1106 εί
1480 1051 1555 1123 μὴ
1597 1050 1857 1115 τοιαύτας

282 1141 507 1194 πλάττει
560 1141 686 1195 καθ’
738 1144 934 1196 ἐαυτὸν
984 1144 1290 1212 φαντασίας
1334 1144 1444 1207 ἀεὶ,
1505 1145 1599 1198 καὶ
1648 1143 1857 1209 πάντας

283 1235 499 1289 ἔπεισιν
544 1237 788 1307 ἀναιρῶν
817 1236 897 1308 τῷ
935 1236 1187 1308 λογισμῷ
1234 1239 1328 1293 καὶ
1368 1239 1558 1307 φίλους
1600 1240 1695 1294 καὶ
1724 1255 1857 1307 συγ-

281 1330 461 1395 γενεῖς
512 1328 610 1381 καὶ
656 1329 857 1393 αὐτοὺς
906 1330 1034 1394 τοὺς
1063 1332 1471 1399 γεγεννηκότας
1498 1348 1513 1362 °
1563 1332 1771 1401 μᾶλλον
1800 1331 1858 1385 δὲ

283 1420 381 1472 οὐκ
415 1421 741 1490 ἐρωτήσεως
788 1422 944 1490 χρεία
968 1438 984 1454 ο
1021 1423 1117 1475 καὶ
1157 1423 1266 1494 γὰρ
1314 1424 1517 1488 πάντες
1554 1424 1756 1490 ἴσασιν,
1783 1425 1860 1490 ὠς

283 1513 332 1564 oi
365 1512 542 1582 τούτῳ
577 1514 939 1582 κατεχόμενοι
971 1514 1047 1585 τῷ
1098 1517 1397 1586 νοσήματι,
1429 1520 1526 1571 καί¹
1556 1518 1731 1588 γῆρας
1766 1517 1862 1588 βα-

286 1600 543 1672 ρύνονται
577 1603 808 1673 πατρὸς,
837 1604 899 1657 τό
930 1622 990 1658 τε
1021 1605 1195 1673 γλυκὺ
1221 1607 1317 1660 καλ⁵
1337 1608 1506 1661 πᾶσιν
1536 1608 1860 1678 ἐπέραστον,

283 1694 344 1746 τὸ
367 1694 570 1756 παῖδας
597 1695 766 1765 ἔχειν,
801 1695 940 1766 βαρὺ
969 1701 1064 1749 καὶ
1095 1697 1335 1768 ἐπαχθὲς
1374 1696 1516 1752 εἶναι
1545 1697 1857 1768 νομίξουσι.

287 1786 484 1839 Πολλοὶ
514 1786 646 1854 γοῦν
686 1789 782 1841 καὶ
820 1789 1050 1842 ἀτοκίαν
1100 1790 1191 1844 διὰ
1221 1790 1383 1844 τοῦτο
1429 1790 1734 1861 ὠνήσαντο,
1766 1789 1861 1844 καὶ

287 1876 385 1949 τὴν
414 1878 580 1946 φύσιν
609 1882 934 1949 ἐπήρωσαν,
966 1883 1068 1935 οὐκ
1099 1882 1383 1945 ἀνελόντες
1411 1884 1701 1953 τεχθέντας
1735 1881 1864 1946 τοὺς

288 1974 507 2032 παίσας,
552 1971 690 2024 ἀλλὰ
729 1973 867 2043 μηδέ
905 1972 1073 2041 φύναι
1122 1974 1224 2043 τὴν
1261 1974 1438 2045 ἀρχὴν
1472 1975 1866 2047 συγχωρήσαν-

287 2080 401 2126 τες.
450 2065 543 2132 Μὴ
577 2064 761 2119 τοίνυν
796 2065 1155 2136 θαυμάσησθε
1188 2068 1237 2119 εί
1278 2068 1367 2120 τὸν
1400 2066 1736 2139 φιλάργυρον
1778 2066 1868 2121 οὖ·

292 2150 398 2219 τῶῗς
457 2158 948 2228 ἐσχηματίσαμεν·
1006 2160 1244 2229 καὶγὰρ
1305 2159 1442 2214 πολὺ
1492 2160 1690 2230 χείρων
1747 2159 1868 2213 ἐστὶ

288 2249 398 2301 τῶν
431 2249 762 2319 εἰρημένων.

358 2348 432 2406 ς’.
487 2343 648 2396 ’Λλλᾶ
696 2346 1070 2415 σκοπὴσωμεν
1100 2343 1219 2406 πῶς
1266 2343 1359 2398 τοῦ
1399 2343 1657 2414 δαίμονος
1699 2344 1867 2399 αὑτὸν

284 2435 700 2507 ἀπαλλάξομεν.
743 2438 868 2502 Πῶς
894 2434 990 2491 οὖν
1028 2437 1454 2507 άπαλλάξομενς
1483 2441 1532 2492 εί
1577 2439 1740 2508 μάθοι
1772 2456 1868 2494 σα-

286 2527 429 2596 φῶς,
470 2528 553 2582 ὅτι
586 2530 618 2600 ἡ
649 2528 988 2601 φιλαργυρία
1038 2529 1180 2596 πρὸς
1226 2531 1361 2583 αὐτὸ
1390 2530 1569 2593 τοῦτο,
1633 2529 1867 2599 μάλιστα

287 2618 443 2689 αὖτῷ
491 2620 835 2674 ἐναντιοῦται
881 2622 1019 2692 πρὸς
1061 2622 1123 2673 τὸ
1171 2619 1417 2692 πορίζειν
1464 2624 1769 2692 χρήματαο
1816 2621 1868 2675 oi

288 2714 401 2782 γὰρ
430 2712 499 2764 τὰ
532 2712 707 2783 μικρὰ
738 2714 1043 2784 κερδαίνειν
1077 2714 1414 2784 βουλόμενοι,
1454 2715 1700 2783 μεγάλας
1728 2716 1866 2768 ὑπο-

288 2805 518 2873 μένουσι
573 2805 783 2875 ζημίας
816 2821 831 2835 ·
867 2804 992 2859 ὅθεν
1025 2806 1089 2876 δὴ
1150 2805 1246 2860 καὶ
1280 2807 1554 2876 παροιμία
1605 2808 1685 2870 είς
1734 2807 1869 2863 αὐτὸ

283 2892 448 2946 τοῦτο
491 2894 840 2965 ἐξενήνεκται
866 2911 879 2925 ο
924 2896 1115 2948 πολλοὶ
1167 2895 1301 2963 γοῦν
1331 2896 1596 2959 πολλάκις
1644 2897 1739 2948 ἐπὶ
1774 2913 1867 2965 με·

285 2985 477 3053 γάλοις
527 2987 771 3040 δανεῖσαι
827 2986 1149 3057 βουλόμενοι
1187 2989 1393 3053 τόκοις,
1447 2991 1512 3059 τῇ
1568 2987 1868 3061 προσδοκίᾳ

285 3072 384 3127 τοε
436 3074 686 3144 κέρδνυς,
738 3076 839 3128 οὐκ
885 3075 1242 3140 ἐξετάσαντες
1287 3079 1415 3140 τοὺς
1462 3076 1863 3147 λαμϐάνοντας,

293 3167 435 3237 μετὰ
466 3168 562 3220 τοῦ
594 3169 753 3220 τόκου
786 3170 878 3221 καὶ
903 3168 997 3222 τοῦ
1024 3168 1324 3236 κεφαλαίου
1349 3170 1552 3232 παντὸς
1577 3168 1833 3233 ἐξέπεσον
1852 3187 1865 3200 ·
1895 3203 1940 3260 c

286 3259 456 3311 πάλιν
506 3260 585 3322 εἰς
640 3259 920 3322 κινδύνους
966 3260 1366 3328 περιπεσόντες
1403 3259 1603 3328 ἕτεροι,
1654 3264 1748 3312 καὶ
1789 3261 1875 3330 μὴ,

288 3349 654 3418 βουληθέντες
702 3352 860 3425 ὀλίγα
910 3351 1203 3420 προέσθαι,
1239 3353 1333 3404 καὶ
1380 3352 1476 3422 τὴν
1504 3351 1684 3422 ψυχὴν
1728 3352 1868 3420 μετὰ

285 3442 390 3509 τῆς
420 3442 611 3504 οὐσίας
633 3443 929 3496 ἀπώλεσαν
948 3460 962 3473 ·
989 3447 1081 3497 καί
1109 3446 1282 3514 παρὸν
1306 3446 1494 3508 πάλιν,
1522 3444 1555 3516 ἢ
1580 3445 1867 3514 ἀξιώματα

286 3533 583 3603 κερδαλέα,
618 3535 650 3604 ἢ
702 3535 832 3590 ἄλλο
864 3554 917 3590 τι
946 3537 1190 3591 τοιοῦτον
1230 3538 1571 3608 ὠνήσασθαι,
1614 3540 1869 3608 μικρολοσ-

289 3627 629 3696 γησάμσνοι,
677 3628 738 3680 τὸ
795 3631 905 3682 πᾶν
954 3627 1268 3683 ἀπώλεσαν.
1340 3630 1558 3699 Ἐπειδὴ
1613 3632 1721 3699 γὰρ
1768 3630 1868 3681 οὐκ

288 3719 444 3771 ἴσασι
473 3722 738 3790 σπείρειν,
775 3721 890 3774 ἀλλ’
920 3723 1004 3775 ἀεὶ
1034 3723 1274 3791 θερίζειν
1307 3724 1740 3793 μεμελετήκασί,
1773 3725 1868 3774 καὶ

290 3811 394 3864 τοῦ
426 3812 641 3883 ἀμητοῦ
695 3814 934 3884 συνεχῶς
976 3816 1375 3868 ἐκπίπτουσινο
1421 3817 1597 3879 οὐδεὶς
1624 3814 1731 3884 γὰρ
1779 3815 1868 3867 ἀεὶ

292 3903 539 3972 θερίζειν
570 3904 815 3968 δύναται,
846 3905 1038 3975 ὥσπερ
1062 3906 1185 3959 οὐδὲ
1217 3908 1305 3959 ἀεὶ
1335 3906 1662 3976 κερδαίνειν.
1714 3906 1868 3959 Ἐπεὶ

290 3995 391 4049 οὖν
425 3996 486 4049 οὐ
520 3995 805 4064 βούλονται
837 3998 1105 4068 δαπανᾷν,
1138 3997 1259 4052 οὐδὲ
1304 3999 1614 4068 κερδαίνειν
1653 4000 1866 4063 ι’σασινο

289 4086 434 4139 ἀλλὰ
470 4087 573 4140 κᾶν
603 4090 840 4154 γυναῖκα
868 4087 966 4157 δέῃ
996 4086 1204 4150 λαϐεῖν,
1245 4089 1410 4142 πάλιν
1447 4091 1507 4143 τὸ
1532 4090 1666 4142 αὐτὸ
1706 4089 1869 4144 τοῦτο

292 4180 668 4234 ὑπομένουσιν
696 4181 773 4251 οῆ
821 4181 930 4250 γὰρ
977 4180 1446 4252 ἐξηπατήθησαν,
1502 4182 1708 4253 ἄπορον
1753 4184 1867 4236 ἀντ’

289 4272 532 4339 εὐπόρου
590 4272 870 4335 λαϐόντες,
908 4274 941 4344 ἢ
986 4274 1082 4326 καὶ
1134 4274 1403 4326 πλουσίαν
1459 4274 1868 4343 εἰσαγαγόντες,

297 4366 397 4419 καὶ
431 4365 646 4434 μυρίων
674 4368 955 4435 γέμουσαν
982 4366 1408 4436 ἐλαττωμάτων,
1443 4366 1667 4420 πλείονα
1704 4369 1872 4421 πάλιν

292 4457 398 4527 τὴν
429 4457 634 4527 ζημίαν
680 4459 986 4527 ὑπέμειναν
1012 4475 1025 4489 ·
1060 4459 1120 4511 οὑ
1172 4460 1285 4530 γὰρ
1316 4461 1348 4528 ἡ
1386 4460 1697 4530 περιουσία,
1751 4460 1870 4527 ἀλλῖ

1958 3645 2004 3683 ,ιι
2031 3643 2205 3682 messe
2236 3625 2494 3680 continuo
2550 3623 2830 3691 privantur
2871 3637 2885 3674 :

1955 606 2081 659 gum
2113 591 2386 652 timorem.
2413 591 2580 645 verbo
2607 597 2838 654 tantum,
2861 597 2917 643 et
2948 584 3157 642 videbis
3203 599 3326 638 eum
3357 598 3542 637 ensem

1955 684 2337 752 evaginantem
2371 691 2427 739 et
2473 697 2661 738 omnes
2707 683 3048 737 occidentem
3099 688 3154 733 et
3183 677 3385 733 nemini
3423 692 3546 748 par-

1956 781 2191 839 centem,
2226 789 2335 829 non
2383 775 2583 839 amico,
2609 790 2715 829 non
2767 782 3023 845 cognato,
3055 789 3163 829 non
3226 771 3402 836 fratri,
3434 783 3544 824 non

1958 880 2061 922 suo
2109 867 2368 935 genitori;
2422 867 2517 923 sed
2567 882 2674 921 non
2716 881 2855 936 opus
2891 873 2976 920 est
3010 880 3345 936 supponere;
3393 861 3542 916 dica-

1960 972 2080 1013 mus
2123 972 2253 1013 vero
2279 958 2327 1012 si
2377 973 2481 1012 non
2542 957 2675 1013 tales
2722 958 2860 1027 apud
2903 973 2963 1012 se
3020 957 3185 1028 ﬁngat
3241 955 3546 1020 imagines,

1960 1065 2205 1119 semper,
2249 1060 2303 1104 et
2372 1064 2564 1104 omnes
2625 1050 2838 1105 invadat
2894 1050 3184 1105 destruens
3257 1047 3547 1102 ratiocinio

1959 1154 2014 1199 et
2060 1146 2267 1199 amicos
2319 1152 2371 1197 et
2420 1152 2680 1213 cognatos
2742 1152 2797 1197 et
2831 1144 2977 1210 ipsos
3009 1144 3308 1211 genitores.
3365 1139 3552 1193 Potius

1961 1247 2139 1292 autem
2171 1254 2281 1292 non
2334 1239 2763 1308 interrogatione
2794 1250 2931 1304 opus
2955 1248 3038 1290 est
3079 1253 3094 1290 :
3151 1248 3342 1289 omnes
3402 1233 3549 1286 enim

1960 1332 2160 1395 sciunt,
2211 1332 2482 1401 quomodo
2524 1331 2720 1386 morbo
2775 1331 2881 1384 isto
2945 1329 3090 1398 capti
3123 1338 3174 1382 et
3207 1335 3550 1382 senectutem

1960 1434 2187 1496 gravant
2214 1424 2403 1493 patris,
2430 1432 2483 1477 et
2520 1422 2662 1493 quod
2702 1421 2917 1475 ceteris
2953 1428 3061 1472 tam
3111 1418 3273 1475 dulce
3322 1425 3377 1469 ct
3401 1431 3554 1468 ama-

1963 1518 2070 1572 bile
2088 1528 2195 1578 est.
2214 1531 2376 1586 grave
2406 1525 2461 1570 et
2490 1514 2829 1571 intolerabile
2853 1528 2977 1569 esse
2998 1521 3192 1582 putant
3220 1524 3419 1579 pueros
3456 1508 3553 1560 ba-

1964 1611 2112 1665 bere.
2148 1609 2300 1664 Multi
2329 1609 2470 1663 enim
2496 1618 2553 1662 et
2595 1607 2934 1661 sterilitatem
2984 1613 3204 1675 propter
3251 1603 3356 1656 hoc
3408 1616 3557 1655 emc-

1964 1711 2115 1767 runt,
2143 1711 2195 1755 et
2230 1711 2497 1755 naturam
2534 1699 2841 1769 privarunt,
2877 1713 2988 1751 non
3047 1698 3389 1751 destruentes
3431 1709 3557 1759 par-

1970 1794 2330 1852 tosinlantes.
2350 1792 2446 1848 sed
2480 1806 2653 1861 neque
2696 1791 2998 1862 producere
3061 1789 3383 1858 principium
3419 1802 3555 1841 coni-

1970 1885 2244 1942 cedentes.
2274 1881 2353 1939 Ne
2388 1899 2517 1955 ergo
2568 1881 2839 1937 miremini
2883 1883 2926 1936 si
2981 1896 3201 1935 avarum
3241 1880 3313 1933 ita
3351 1879 3560 1933 descri-

1971 1982 2232 2050 pseriuius
2262 1999 2276 2036 :
2301 1979 2468 2034 multo
2502 1977 2643 2032 enim
2681 1976 2833 2047 pejor
2888 1984 2974 2031 est
3025 1973 3204 2031 dictis.

2039 2326 2100 2384 6.
2128 2325 2233 2383 Sed
2266 2325 2549 2381 videamus
2566 2325 2840 2395 quomodo
2869 2337 2991 2377 eum
3026 2336 3055 2374 a
3084 2321 3328 2376 daemone
3358 2321 3557 2376 libere-

1971 2437 2109 2477 mus.
2138 2419 2425 2487 Quomodo
2474 2432 2606 2487 ergo
2641 2416 3044 2471 liberabimus?
3095 2413 3150 2469 Si
3186 2413 3355 2468 discat
3386 2413 3557 2478 clare,

1969 2513 2253 2569 avaritiam
2313 2519 2515 2582 praeter
2576 2510 2682 2564 hoc
2726 2508 3027 2577 prmsertim
3076 2507 3174 2576 ipsi
3243 2509 3562 2560 adversatur

1970 2607 2037 2661 ad
2055 2606 2386 2675 acquirenda
2426 2603 2588 2657 bona.
2618 2600 2721 2667 Qui
2781 2600 2926 2654 enim
2976 2614 3139 2668 parva
3191 2598 3340 2651 lucra
3382 2598 3561 2652 facere

1972 2698 2185 2763 volunt,
2223 2712 2418 2765 magna
2445 2693 2918 2750 subeuntdamna.
2965 2689 3117 2745 Unde
3152 2689 3318 2759 igitur
3352 2690 3559 2744 initium

1969 2791 2035 2844 ad
2080 2792 2181 2845 hoc
2209 2788 2406 2843 accidit
2448 2783 2725 2857 (eruitur).
2757 2782 2906 2837 Multi
2961 2784 3104 2836 enim
3159 2796 3319 2848 smpe,
3350 2780 3564 2849 niagu'ts

1970 2884 2211 2938 volentes
2248 2895 2491 2937 nmmum
2548 2881 2678 2935 dare
2712 2878 2915 2943 usuris,
2956 2879 3363 2947 exspectatione
3423 2878 3561 2933 lucri

1971 2995 2076 3034 non
2134 2978 2428 3048 probantvs
2495 2989 2589 3030 eos
2639 2976 2731 3044 qui
2792 2982 3145 3035 mutuantur,
3221 2985 3342 3023 cum
3396 2986 3560 3023 usura

1970 3082 2024 3127 ct
2076 3087 2345 3126 summam
2416 3077 2582 3122 totam
2634 3068 2916 3120 amittunt.
2955 3063 3162 3117 Rursus
3226 3064 3277 3115 in
3321 3063 3564 3132 pericula

1972 3166 2229 3221 cadentes
2278 3162 2366 3216 alii
2413 3171 2467 3215 et
2515 3160 2762 3215 nolentes
2795 3174 2966 3228 pauca
3025 3167 3281 3224 appetere
3323 3157 3563 3208 animam

1973 3273 2101 3313 cum
2134 3256 2288 3312 bonis
2317 3255 2651 3318 amiserunt;
2676 3261 2727 3304 et
2764 3263 2955 3304 rursus
2995 3248 3148 3301 adest
3181 3258 3237 3300 ut
3265 3247 3563 3315 dignitates

1973 3350 2183 3406 lucrum
2231 3349 2492 3403 habentes
2522 3356 2609 3399 aut
2646 3344 2791 3398 aliud
2827 3342 3100 3414 quoddam
3154 3341 3335 3395 simile
3378 3355 3565 3394 enu-re

1975 3442 2459 3513 parvipendentes,
2515 3438 2696 3492 omnia
2776 3434 3150 3506 perdiderunt.
3211 3432 3345 3486 Cum
3414 3433 3562 3486 enim

1975 3539 2223 3592 nesciant
2292 3534 2587 3596 seminare,
2664 3530 2757 3584 sed
2825 3543 3039 3597 semper
3096 3534 3299 3580 metere
3350 3537 3565 3584 curent.

2948 3633 3110 3673 nemo
3162 3617 3306 3672 enim
3355 3633 3568 3683 semper

1977 3730 2180 3775 metere
2235 3726 2431 3785 potest,
2463 3713 2737 3784 quomodo
2767 3724 2947 3778 neque
2978 3724 3191 3775 semper
3224 3708 3563 3762 lurriiacerc.

1974 3812 2109 3866 Cum
2178 3809 2322 3862 enim
2390 3807 2564 3860 nolint
2631 3804 2959 3871 expendere.
3020 3815 3193 3868 neque
3250 3799 3571 3854 lucrifacere

1975 3905 2175 3958 sciunt.
2204 3899 2309 3954 Sed
2337 3896 2553 3967 quando
2586 3908 2805 3948 uxoiem
2833 3892 3039 3947 ducere
3067 3898 3340 3953 Operti-at,
3380 3904 3571 3943 rursus
3650 3898 3655 3909 ‘

1977 3999 2119 4052 idem
2161 3993 2412 4049 subeunt.
2434 3988 2689 4043 Velenim
2720 3983 2929 4051 decepti
2968 3990 3114 4043 sunt,
3141 3996 3433 4049 pauperem
3470 3996 3570 4047 pro

1977 4089 2144 4146 divite
2181 4085 2533 4153 accipientes,
2572 4080 2653 4132 vel
2683 4084 2738 4130 et
2771 4075 2989 4129 divitias
3021 4073 3339 4127 inducentes
3372 4082 3429 4126 et
3476 4073 3571 4126 de-

1977 4197 2096 4240 cem
2123 4180 2360 4235 millibus
2396 4177 2624 4230 rcl’ertas
2667 4171 2832 4237 vitiis,
2866 4169 3122 4236 majorem
3160 4182 3350 4224 rursus
3390 4168 3573 4237 perm"

1978 4274 2118 4328 ciem
2178 4272 2419 4325 subiere.
2474 4266 2591 4321 N0n
2651 4264 2796 4319 enim
2847 4261 3195 4321 abundantia,
3245 4259 3338 4313 sed
3397 4259 3572 4310 virtus

1980 4365 2196 4421 divitias
2216 4372 2496 4433 operatur.
2523 4357 2661 4424 Quid
2701 4355 2844 4410 enim
2869 4363 3092 4423 prosunt
3113 4351 3318 4406 divitia:
3338 4350 3561 4418 quando

1981 4457 2205 4529 prodiga
2226 4463 2309 4507 est
2331 4463 2386 4506 et
2421 4465 2646 4514 vesana,
2675 4446 2931 4503 etomnia
2962 4454 3124 4498 vento
3156 4443 3397 4497 velocius
3431 4441 3564 4497 eﬂ'e.

293 4553 330 4612 ἡ
358 4552 529 4621 ἀρετὴ
557 4551 649 4603 τὸν
683 4550 913 4603 πλοῦτον
954 4551 1275 4619 ἐργάζεται.
1320 4551 1385 4604 Τί
1416 4555 1527 4622 γὰρ
1555 4550 1750 4620 ὄφελος
1779 4553 1869 4606 τοῦ

1982 4557 2112 4603 rat:
2149 4545 2278 4617 quid
2325 4559 2454 4613 ergo
2503 4544 2546 4597 si
2588 4540 2874 4595 libidinosa
2932 4546 2988 4592 et
3048 4535 3373 4589 innumeros
3422 4550 3572 4586 ama-

296 4642 562 4707 πλούτου,
607 4643 734 4695 ὅταν
762 4642 1052 4713 δαπανηρὰ
1169 4644 1268 4696 καὶ
1296 4643 1524 4707 ἄσωτος,
1572 4646 1668 4697 καὶ
1700 4645 1877 4698 πάντα

295 4736 506 4803 ἀνέμου
538 4735 900 4806 σφοδρότερον
925 4738 1134 4807 ἐκφορῇ
1164 4753 1177 4766 ·
1207 4737 1262 4789 τί
1291 4737 1371 4801 δὲ,
1399 4738 1466 4790 ἂν
1491 4737 1750 4805 ἀσελγὴς,
1782 4738 1880 4790 καὶ

298 4829 532 4897 μυρίους
562 4831 802 4898 ἐραστὰς
833 4830 1132 4898 ἐφέλκηται
1159 4847 1174 4895 ;
1208 4829 1261 4881 τί
1293 4830 1369 4893 δὲ,
1404 4832 1470 4883 ἂν
1505 4830 1783 4898 μέθυσος;
1815 4830 1874 4882 οὐ

298 4924 524 4975 πάντων
581 4922 909 4991 πενέστερον
952 4923 1162 4990 ταχέως
1192 4921 1285 4975 τὸν
1327 4921 1500 4992 ἄνδρα
1542 4921 1874 4992 ἐργάσεται;

299 5015 379 5068 (ὲὺ
412 5014 654 5085 γαμοῦσι
684 5016 740 5068 δὲ
774 5016 958 5084 μόνον,
985 5014 1121 5067 ἀλλὰ
1144 5015 1238 5068 καὶ
1264 5014 1530 5067 ὠνοῦνται
1559 5013 1878 5081 ἐπισφαλῶς

300 5108 413 5161 ὑπὸ
445 5108 543 5172 τῆς
575 5107 875 5176 ἐπιθυμίας
902 5108 1002 5175 τῆς
1035 5107 1263 5174 πολλῆς,
1290 5108 1354 5159 οὐ
1382 5107 1453 5159 τά
1477 5106 1743 5159 σπουδαῖα
1768 5105 1880 5159 τῶν

300 5201 678 5271 ἀνδραπόδων,
707 5203 840 5255 ἀλλὰ
868 5201 937 5254 τὰ
968 5200 1146 5254 εὖωνα
1169 5201 1689 5270 περιεργαζόμενοι.
1711 5195 1881 5251 Ταῦτ’

300 5290 399 5344 οὖν
432 5291 652 5346 ἅπαντα
682 5292 1144 5361 ἀναλογισάμενοι
1171 5292 1219 5343 οἱ
1250 5289 1603 5360 φιλάργυροι,
1632 5287 1740 5341 τῶν
1770 5287 1881 5355 γὰρ

302 5386 439 5456 περὶ
479 5385 580 5455 τῆς
610 5384 838 5454 γεέννης
876 5387 973 5437 καὶ
1002 5388 1104 5454 τῆς
1133 5384 1414 5453 βασιλείας
1462 5384 1639 5447 λόγων
1668 5382 1883 5433 οὐδέπω

304 5477 533 5531 ἀκούειν
567 5478 848 5540 δύνανται,
878 5478 973 5531 καὶ
1020 5477 1120 5540 τὰς
1151 5477 1357 5545 ζημίας
1403 5477 1780 5544 ἐννοήσαντες,
1817 5474 1885 5535 ἃς

306 5572 617 5641 ὑπέμειναν
650 5572 913 5634 πολλάκις
943 5569 1052 5623 ἀπὸ
1090 5569 1191 5637 τῆς
1223 5567 1666 5637 φιλοχρηματίας
1699 5568 1795 5621 καὶ
1823 5570 1881 5618 ἐν

305 5664 635 5733 δανείσμασι
668 5664 762 5715 καὶ
789 5663 848 5716 ἐν
882 5662 1067 5726 ὠνίοις
1098 5661 1194 5713 καὶ
1223 5660 1280 5712 ἐν
1311 5659 1514 5728 γάμοις
1544 5658 1635 5710 καὶ
1662 5661 1719 5711 ἐν
1748 5675 1884 5728 προ-

312 5755 565 5816 στασίαις
593 5757 686 5805 καὶ
711 5753 896 5813 ἐντοῖς
915 5749 1093 5813 ἄλλοις
1120 5748 1344 5813 ἅπασιν,
1366 5747 1760 5815 άποπτὴτωςαν
1786 5746 1877 5799 τοῦ

1990 4642 2102 4696 sios
2171 4637 2459 4694 attrahat?
2507 4634 2647 4700 Quid
2708 4643 2895 4686 autem
2954 4629 2998 4683 si
3039 4627 3344 4681 vinulenta?
3391 4640 3574 4679 nomne

1987 4733 2229 4788 omnium
2259 4730 2631 4799 pauperiorem
2664 4724 2813 4779 brevi
2843 4723 3032 4777 reddet
3059 4721 3235 4774 virum
3260 4719 3283 4771 ?
3305 4734 3412 4772 non
3439 4734 3574 4770 uxo-

1990 4839 2102 4879 rem
2134 4832 2343 4878 tantum
2389 4823 2616 4883 ducunt,
2642 4819 2733 4873 sed
2761 4827 2817 4871 et
2833 4823 3020 4870 enmnt
3050 4810 3351 4883 periculose
3364 4808 3574 4874 cupidi-

1988 4918 2114 4971 tatis
2179 4929 2381 4981 causa;
2416 4927 2523 4965 non
2598 4926 2879 4966 servorum
2946 4905 3216 4960 studiosus
3253 4917 3413 4955 curas
3477 4903 3573 4955 sed

1986 5027 2107 5081 quae
2154 5007 2302 5078 parvi
2341 5013 2594 5059 constent
2640 5001 2956 5070 exquirunt.
3008 4996 3135 5052 Haec
3192 4995 3354 5064 igitur
3392 4995 3572 5048 oninia

1983 5100 2368 5154 ratiocinantes
2400 5097 2571 5154 avari.
2591 5095 2656 5146 de
2681 5093 2765 5148 his
2797 5093 2939 5146 enim
2966 5104 3088 5158 qtne
3104 5088 3169 5142 ad
3188 5088 3491 5159 gehennam
3519 5098 3575 5143 et

1986 5210 2209 5260 regnum
2260 5198 2517 5260 Spectant
2564 5189 2752 5241 audire
2805 5185 3045 5239 nondum
3094 5196 3364 5252 possunt,
3407 5196 3460 5237 et
3502 5184 3571 5236 do

1987 5287 2202 5340 damnis
2245 5283 2572 5337 meditantes
2604 5294 2724 5347 qum
2768 5276 3056 5331 subierunt
3088 5291 3229 5343 saepe
3260 5275 3575 5343 cupiditatis

1991 5392 2154 5430 causa
2176 5418 2188 5437 ,
2228 5385 2279 5427 et
2307 5371 2509 5426 nuituis
2533 5371 2693 5430 datis.
2725 5377 2777 5421 et
2816 5366 3181 5435 emptionibus
3209 5378 3261 5420 et
3291 5366 3573 5420 matrimo-

1993 5471 2096 5524 niis
2149 5478 2203 5520 ct
2242 5464 2552 5518 muneribus
2597 5473 2651 5514 et
2707 5463 2760 5514 in
2817 5461 3029 5513 caeteris
3091 5460 3364 5522 omnibus,
3397 5460 3572 5514 disce.

1987 5563 2121 5618 dunt
2184 5560 2248 5611 ab
2296 5571 2481 5610 amore
2534 5555 2822 5608 bonorum.
2881 5552 2970 5605 Sic
3024 5553 3168 5607 enim
3207 5562 3459 5623 pottrnnt
3516 5558 3572 5605 et

1992 5658 2315 5722 pra-sentem
2362 5647 2527 5701 vitam
2585 5646 2638 5698 iu
2677 5657 2810 5712 pace
2854 5657 3037 5711 agere,
3064 5653 3119 5698 et
3148 5642 3295 5713 parvi
3336 5643 3572 5710 penden-

1993 5760 2068 5800 tis
2120 5743 2282 5799 etiam
2315 5740 2381 5797 de
2421 5735 2756 5810 philosophia
2781 5734 2971 5791 audire
3005 5733 3186 5802 verba,
3219 5742 3273 5789 ct
3296 5731 3569 5800 aspicieu~
