4064 6292
329 405 418 470 )2]

1631 383 1635 386 ’
1695 397 2022 456 ETHlCON
2067 397 2170 457 Vl.

3469 383 3573 447 992

330 540 424 573 νυν
463 515 711 586 γένηται,
754 514 782 567 ὃ
827 514 900 584 μὴ
934 512 1167 581 γένοιτο,
1205 511 1337 579 μηδὲ
1366 508 1608 578 συμὸαίη
1639 508 1770 560 ποτὲ
1802 523 1896 573 γε·
1928 555 1933 566 η

2038 503 2328 566 ersecutio,
2361 507 2592 567 quantus
2630 501 2733 554 erit
2779 499 2922 554 risus
2957 497 3281 560 videbimus,
3312 509 3571 566 quantum

334 614 515 665 θέσθαι
535 611 770 672 πόλεμος
797 603 1108 675 ἐκκλησιῶν
1129 604 1225 656 καὶ
1255 602 1522 669 διωγμὸς,
1547 599 1895 666 ἐννοήσωμεν

332 708 494 767 πόσος
531 705 681 754 ἔσται
709 702 736 751 ὁ
767 699 959 767 γέλως,
989 699 1130 750 πόσα
1161 697 1228 748 τὰ
1270 692 1444 762 ὀνείδη
1470 710 1482 722 ·
1519 691 1610 743 καὶ
1646 689 1787 759 μάλα
1822 689 1897 740 εί-

332 798 521 857 κότως.
557 794 725 845 ’Ὅταν
759 795 870 861 γὰρ
897 793 955 842 ἐν
989 793 1053 858 τῇ
1092 788 1407 857 παλαίστρα
1459 785 1648 853 μηδεὶς
1690 783 1900 850 γυμνά-

332 887 519 956 ζηται,
557 884 674 944 πῶς
718 884 776 934 ἒν
807 884 916 943 τοῖς
949 879 1160 947 ἀγῶσιν
1206 879 1356 932 ἔσται
1393 875 1685 945 λαμπρό;;
1747 875 1900 934 ποῖος

333 979 440 1048 γὰρ
475 976 715 1046 ἀθλητὴς
755 973 1120 1043 παιδοτριϐεῖν
1149 970 1224 1038 (ll
1262 971 1361 1022 οὐκ
1395 967 1575 1029 εἰδὼς,
1607 967 1899 1034 δυνήσεται

332 1067 644 1121 καλούντων
670 1067 780 1118 τῶν
832 1063 1193 1132 ὀλυμπιακῶν
1241 1061 1492 1127 ἀγώνων,
1535 1059 1677 1127 μέγα
1712 1075 1763 1109 τι
1807 1058 1903 1108 καὶ

334 1159 583 1227 γενναῖον
626 1155 999 1220 ἐπιδείξασθαι
1047 1154 1186 1222 πρὸς
1217 1153 1309 1204 τὸν
1341 1151 1790 1218 ἀνταγωνιστήν;
1828 1149 1903 1200 Οὐ

335 1249 444 1316 γὰρ
473 1245 642 1314 ἐχρῆν
683 1243 804 1297 καθ’
832 1243 1072 1311 ἑκάστην
1100 1241 1316 1311 ἡμέραν
1348 1239 1600 1292 παλαίειν
1635 1239 1782 1306 ἡμᾶς
1811 1237 1905 1288 καὶ

340 1336 637 1392 πυκτεύειν
662 1337 756 1388 καὶ
789 1335 1040 1405 τρέχεινς
1086 1335 1187 1385 οὐκ
1219 1331 1492 1399 ἀκούομεν
1518 1331 1644 1393 τοὺς
1675 1330 1904 1396 λεγομέσ

340 1448 464 1492 νους
507 1428 866 1490 πεντάθλους,
917 1426 1136 1479 ἐπειδὰν
1170 1425 1375 1495 μηδένα
1416 1425 1582 1494 ἔχωσι
1608 1423 1697 1476 τὸν
1747 1423 1908 1475 ἀντα-

341 1521 634 1590 γωνιστὴν,
667 1520 782 1582 πῶς
837 1517 1068 1571 θύλακον
1099 1516 1288 1585 ἄμμου
1346 1515 1732 1584 πληρώσαντες
1780 1512 1913 1564 πολ.-

343 1614 464 1681 λῆς,
499 1614 592 1665 καὶ
622 1613 1026 1680 κρεμάσαντες,
1059 1611 1177 1662 ἐκεῖ
1210 1611 1311 1676 τὴν
1349 1609 1504 1675 ίσχὺν
1536 1604 1910 1674 γυμνάζουσιν

346 1706 603 1770 ἀπασαν;
635 1706 683 1756 οἱ
711 1703 766 1756 δὲ
792 1703 998 1756 τούτων
1025 1701 1284 1768 νεώτεροι
1313 1702 1371 1754 ὲν
1396 1703 1515 1763 τοῖς
1541 1700 1649 1752 τῶν
1678 1697 1913 1766 ἑταίρων

345 1815 564 1884 σώμασι
600 1813 865 1883 μελετῶσι
899 1814 995 1874 τὴν
1027 1813 1165 1882 πρὸς
1208 1812 1336 1873 τοὺς
1375 1811 1602 1880 ἐχθροὺς
1637 1809 1839 1878 μάχην.

2003 597 2318 659 lmlibrium,
2365 607 2419 648 et
2455 595 2609 648 valde
2658 593 3045 647 verisimiliter.
3091 589 3321 656 Quando
3343 589 3486 642 enim
3517 589 3572 642 in

2001 689 2294 743 luctatione
2339 703 2498 741 nemo
2543 701 2662 739 sese
2701 694 2953 747 exercet,
3000 682 3270 752 quomodo
3310 680 3362 733 in
3398 688 3576 733 certa-

2002 782 2146 835 mine
2178 782 2267 833 liet
2300 778 2569 833 illustris?
2614 777 2800 842 Qualis
2837 777 2978 830 enim
3025 774 3226 828 athleta
3255 771 3574 826 exercitium

2004 874 2246 927 nesciens
2273 872 2491 937 poterit,
2539 871 2856 923 vocantibus
2906 867 3221 937 olympiacis
3267 866 3427 929 ludis,
3464 880 3580 915 ma-

2004 980 2165 1030 gnum
2198 965 2324 1034 quid
2351 973 2404 1016 et
2429 978 2748 1032 generosum
2786 961 3043 1015 exhibere
3074 961 3329 1012 adversus
3360 966 3577 1019 antago-

2005 1057 2242 1110 nistam?
2289 1056 2480 1111 No-
2523 1055 2762 1122 oportuit
2815 1035 2912 1106 nos
2989 1051 3232 1122 quotidie
3288 1049 3477 1102 luctari
3528 1055 3583 1098 et

2007 1162 2244 1214 pugnare
2298 1154 2352 1199 et
2407 1144 2670 1198 currere?
2723 1142 2911 1197 Nonne
2957 1142 3207 1195 audimus
3260 1139 3581 1208 pcntatblos,

2009 1254 2128 1291 eum
2178 1239 2445 1292 neminem
2495 1237 2866 1292 adversariu.
2917 1235 3168 1294 habeant,
3217 1233 3486 1299 quomodo
3532 1231 3584 1281 in

2011 1345 2228 1384 saccum
2265 1344 2428 1381 arena
2463 1329 2733 1396 repletum
2785 1328 2970 1386 multa,
2995 1335 3054 1379 et
3095 1338 3442 1392 suspensum,
3476 1322 3584 1372 vim

2014 1431 2178 1474 lotam
2259 1421 2591 1474 exerceant?
2645 1419 2709 1473 Hi
2764 1433 2892 1472 vero
2941 1417 3272 1471 recentiores
3315 1413 3586 1469 sociorum

2013 1511 2331 1578 corporibus
2363 1511 2416 1564 in
2441 1511 2623 1564 hostes
2645 1519 2920 1564 certamen
2957 1506 3306 1560 meditantur.

417 1915 488 1976 γ’.
519 1907 760 1968 Τούτους
789 1903 884 1958 οὖν
918 1906 1016 1958 καὶ
1069 1906 1235 1973 ἡμεῖς
1267 1903 1626 1972 ζηλώσωμεν,
1675 1903 1770 1953 καὶ
1820 1917 1916 1970 με-

2089 1921 2142 1978 3.
2188 1922 2297 1976 los
2356 1935 2485 1989 ergo
2533 1928 2586 1973 et
2645 1933 2743 1973 nos
2802 1917 3094 1980 imitemur,
3141 1921 3194 1968 et
3242 1912 3594 1981 philosophia:

344 2001 666 2070 λετήσωμεν
685 2001 784 2068 τῆς
822 1997 1143 2066 φιλοσοφίας
1177 1995 1246 2048 τὰ
1290 1994 1642 2061 παλαίσματα
1667 2007 1681 2022 ·
1713 1997 1810 2044 καὶ
1835 1994 1912 2054 είς

348 2093 525 2161 θυμὸν
575 2090 762 2144 πολλοὶ
792 2088 1179 2160 παροξύνουσι,
1230 2086 1324 2138 καὶ
1360 2085 1562 2154 πολλὴν
1609 2085 1914 2137 ἀνάπτουσι

349 2186 562 2254 φλόγαο
601 2185 820 2252 στῶμεν
872 2181 1052 2234 τοίνυν
1085 2179 1224 2237 κατά
1253 2179 1362 2230 τῶν
1411 2178 1618 2238 παθῶν,
1663 2175 1918 2245 φέρωμεν

347 2279 615 2344 γενναίως
647 2277 745 2336 τὰς
772 2273 913 2327 κατὰ
943 2273 1182 2325 διάνοιαν
1203 2269 1417 2332 ὀδύνας,
1452 2269 1539 2322 ἵνα
1567 2267 1663 2320 καὶ
1687 2269 1782 2328 τὰς
1813 2265 1910 2318 τοῦ

352 2369 607 2438 σώματος
661 2365 1003 2433 ἐνέγκωμεν.
1039 2362 1147 2414 Καὶ
1191 2362 1301 2429 γὰρ
1329 2364 1356 2412 ό
1401 2361 1674 2427 μακάριος
1717 2356 1838 2410 ’1ὼὸ
1871 2358 1919 2408 εί

355 2461 436 2530 μὴ
501 2459 682 2520 καλῶς
729 2454 799 2528 ἧν
859 2454 1281 2523 γυμνασάμενος
1347 2451 1452 2519 πρὸ
1497 2451 1607 2502 τῶν
1669 2450 1918 2517 ἀγώνων,

349 2558 455 2607 οὐκ
493 2553 560 2606 ἀν
591 2549 734 2605 οὕτω
789 2545 1060 2614 λαμπρῶς
1093 2545 1185 2597 ἐπὶ
1215 2545 1324 2596 τῶν
1374 2542 1599 2610 ἀγώνων
1638 2541 1878 2611 ἔλαμψεν
1904 2555 1919 2568 ⁸

353 2650 406 2702 εί
473 2649 546 2716 μὴ
606 2643 973 2714 μεμελετήκει
1025 2639 1207 2708 πάσης
1249 2636 1493 2704 ἀθυμίας
1551 2633 1708 2696 ἐκτὸς
1761 2628 1921 2698 εἶναι,

355 2737 511 2795 ετπεν
550 2739 615 2792 ἀν
659 2755 714 2788 τι
765 2732 1065 2803 τολμηρὸν,
1101 2731 1210 2783 τῶν
1255 2729 1462 2780 παίδων
1506 2723 1922 2778 ἀποθανόντωνο

354 2835 477 2889 νυνὶ
527 2833 583 2885 δὲ
618 2832 754 2901 πρὸς
803 2829 982 2882 πάντα
1032 2826 1163 2893 ἔστη
1213 2823 1283 2875 τὰ
1331 2821 1728 2888 παλαίσματα·
1787 2815 1927 2882 πρὸς

358 2926 664 2997 χρημάτων
695 2921 975 2977 ἀπώλειαν
1004 2920 1100 2972 καὶ
1132 2913 1456 2986 περιουσίας
1485 2909 1752 2979 τοσαύτης
1784 2911 1927 2975 ἀφαο

358 3024 578 3087 νισμδν,
613 3017 750 3088 πρὸς
778 3016 986 3069 παίδων
1013 3008 1310 3078 ἀποϐολὴν,
1337 3007 1472 3076 πρὸς
1493 3003 1752 3074 γυναικὸς
1785 3017 1929 3071 συμ-

361 3115 628 3174 πάθειαν,
692 3108 829 3176 πρὸς
891 3105 1144 3168 σώματος
1205 3101 1499 3170 μάστιγας,
1568 3101 1707 3165 πρὸς
1760 3094 1930 3163 φίλων

360 3206 564 3273 ὀνείδη,
597 3202 734 3270 πρὸς
781 3196 1052 3267 λοιδορίας
1100 3193 1348 3246 οἰκετῶν.
1386 3191 1447 3242 Et
1476 3189 1532 3242 δὲ
1577 3186 1834 3257 διέρρηξε
1862 3188 1929 3238 τὰ

365 3299 581 3366 ίμάτια,
614 3294 709 3346 καὶ
738 3291 836 3358 τὴν
873 3291 1049 3355 κόμην
1083 3283 1443 3352 ἀπεκείρατο,
1475 3282 1573 3351 τὴν
1609 3281 1714 3333 τῶν
1746 3280 1931 3348 φιλτά-

365 3408 478 3445 των
529 3387 770 3447 ἀκούσας
810 3381 1108 3440 ἀπώλειαν,
1159 3376 1235 3446 μὴ
1287 3376 1705 3445 θαυμάσωμεν·
1753 3372 1937 3439 πατὴρ

367 3486 481 3553 γὰρ
509 3477 598 3552 ἦν,
647 3479 740 3532 καὶ
775 3475 958 3543 πατὴρ
991 3471 1367 3541 φιλόστοργος,
1397 3470 1492 3521 καὶ
1523 3467 1632 3520 ἔδει
1658 3464 1938 3534 δειχθῆναι

370 3584 465 3632 καὶ
496 3575 596 3643 τὴν
624 3573 724 3642 τῆς
753 3569 967 3637 φύσεως
1003 3565 1372 3635 συμπάθειαν,
1413 3561 1506 3614 καὶ
1538 3559 1637 3628 τὴν
1670 3557 1771 3625 τῆς
1799 3555 1939 3622 γνώ-

377 3683 491 3736 μης
521 3661 863 3732 φιλοσοφίαν.
897 3659 960 3711 Ei
989 3658 1100 3726 γὰρ
1133 3656 1267 3724 μηδὲ
1303 3654 1464 3706 τοῦτο
1499 3650 1778 3716 ἐποίησεν,
1813 3647 1942 3707 ἴσως

371 3758 441 3812 ἀν
487 3773 570 3815 τις
625 3753 720 3806 καὶ
775 3749 1133 3819 ἀναισθησίας
1189 3747 1408 3814 ἐνόμισε
1466 3742 1566 3812 τὴν
1622 3737 1942 3809 φιλοσοφίαν

372 3849 602 3916 ταύτην.

447 3957 512 4012 δ’.
544 3957 602 4009 El
636 3956 690 4009 δὲ
721 3952 948 4022 θέλομεν
981 3951 1077 4004 καὶ
1122 3949 1190 4000 τά
1224 3946 1319 4001 τοῦ
1367 3944 1486 3998 ’1ὼῆ
1535 3942 1812 4012 θεωρῆσαι
1847 3956 1946 4004 γυ-

381 4049 608 4118 μνάσια,
632 4046 959 4113 ἀκούσωμεν
981 4041 1147 4096 αὑτοῦ
1179 4040 1455 4106 λέγοντος,
1480 4037 1598 4099 πῶς
1619 4035 1948 4103 κατεφρόνει

379 4141 704 4211 κρημάτων,
729 4137 902 4191 οὕτωο
930 4137 991 4188 Εἰ
1017 4135 1073 4187 δὲ
1103 4135 1195 4187 καὶ
1216 4131 1530 4202 εύφράνθην
1555 4127 1753 4181 πολλοῦ
1780 4125 1946 4177 πλού-

377 4251 476 4285 του
514 4250 603 4300 μοι
651 4230 949 4297 γενομένου
973 4243 986 4258 ·
1022 4228 1072 4280 εί
1123 4226 1288 4290 ἔταξα
1321 4223 1544 4294 χρυσίον
1574 4223 1652 4284 εἰς
1701 4220 1832 4290 χοῦν
1854 4236 1868 4250 ⁸
1901 4221 1950 4272 εί

382 4327 520 4394 λίθῳ
545 4324 827 4377 πολυτελεῖ
853 4321 1168 4375 ἐπεποίθειν
1189 4336 1202 4351 ’
1237 4319 1327 4372 διὰ
1354 4319 1448 4371 τοῦ
1464 4334 1513 4368 co
1534 4317 1654 4369 οὐδὲ
1675 4313 1953 4380 ἁρπαγέν-

382 4439 494 4474 των
531 4420 710 4472 αὐτῶν
739 4418 1073 4486 ἐθορυϐεῖτο,
1100 4416 1288 4485 ἐπειδὴ
1331 4416 1427 4468 καὶ
1458 4413 1741 4483 παρόντων
1773 4413 1954 4464 αὐτῶν

385 4511 488 4562 οὐκ
521 4507 883 4577 εὐφραίνετο·
933 4505 1258 4574 ἀκούσωμεν
1292 4505 1408 4566 πῶς
1444 4505 1537 4556 καὶ
1568 4503 1634 4556 τά
1662 4504 1801 4555 κατὰ
1829 4503 1955 4563 τοὺς

1956 3242 2000 3303 C

2017 2029 2220 2082 pugnas
2259 2014 2582 2066 meditemur
2616 2029 2629 2064 :
2666 2019 2718 2064 et
2749 2011 2814 2063 ad
2853 2009 3093 2063 animum
3145 2006 3296 2060 multi
3342 2005 3592 2065 incitant.

2017 2116 2070 2160 et
2101 2107 2324 2159 multam
2374 2104 2680 2159 accendunt
2721 2101 3034 2156 flammam:
3073 2100 3388 2154 resistemus
3431 2097 3596 2166 igitur

2017 2199 2432 2266 cupiditatibus,
2469 2209 2727 2265 generose
2767 2193 2978 2248 dolores
3031 2190 3194 2244 menti
3244 2190 3595 2243 adversantes

2021 2289 2280 2350 feramus,
2319 2296 2377 2340 nt
2406 2296 2455 2340 et
2492 2284 2743 2355 corporis
2776 2283 2988 2336 dolores
3034 2281 3348 2332 toleremus.
3383 2276 3592 2329 Etenim

2021 2378 2214 2432 beatus
2247 2377 2345 2430 Job
2370 2378 2415 2430 si
2455 2391 2558 2429 non
2617 2375 2804 2429 fﬂet
2858 2373 2991 2425 bene
3042 2369 3315 2423 exercitus
3341 2377 3466 2420 ante
3503 2382 3600 2433 pu-

2023 2488 2179 2542 gnas,
2213 2485 2316 2523 non
2358 2471 2427 2522 ita
2464 2469 2606 2521 clare
2656 2468 2708 2519 in
2735 2465 2926 2534 pugnis
2973 2461 3298 2515 refulsisset.
3329 2457 3442 2510 Nisi
3486 2468 3599 2508 sm-

2023 2565 2228 2616 dnisset
2277 2575 2491 2612 omnem
2548 2557 2813 2627 ignaviam
2869 2552 3014 2606 foras
3063 2552 3296 2610 mittere,
3339 2546 3600 2614 mnrtpiid

2025 2653 2198 2708 audax
2232 2655 2450 2705 verbum
2478 2651 2724 2724 dixisset,
2745 2648 2930 2717 pueris
2955 2641 3222 2697 mortuis?
3247 2640 3396 2694 Nunc
3424 2648 3600 2691 autem

2026 2758 2215 2801 contra
2233 2743 2413 2799 omnia
2431 2743 2577 2796 stetit
2601 2741 2895 2794 certamina
2915 2753 2929 2800 ;
2951 2735 3211 2790 adversus
3233 2733 3498 2787 bonorum
3521 2732 3606 2784 de.

2027 2839 2375 2893 structionetn
2407 2845 2461 2888 et
2490 2830 2764 2887 facultatis
2797 2839 2960 2884 tanta:
2993 2826 3297 2887 ruinam,et
3315 2837 3605 2893 puerorum

2031 2929 2396 2990 amissionem,
2425 2934 2478 2977 et
2504 2923 2688 2976 uxoris
2714 2918 2995 2983 affectum,
3015 2926 3070 2970 et
3103 2914 3346 2982 corporis
3378 2911 3606 2978 ﬂagella,

2029 3036 2084 3079 et
2108 3022 2407 3075 amicorum
2439 3014 2790 3084 improperla.
2821 3022 2876 3064 et
2909 3007 3322 3062 domesticorum
3352 3001 3606 3076 ludibria.

2035 3113 2091 3167 Si
2129 3126 2256 3166 vero
2287 3119 2464 3164 vestes
2493 3105 2653 3160 scidit
2677 3141 2692 3164 .
2735 3111 2790 3156 et
2821 3101 3002 3155 crines
3037 3094 3252 3159 avulsit,
3296 3089 3611 3144 carissimo»

2035 3221 2152 3257 rntn
2212 3200 2518 3269 perditione
2573 3195 2778 3257 audita,
2829 3206 2895 3246 ne
2932 3192 3237 3245 miremur:
3281 3191 3431 3252 pater
3469 3181 3610 3231 enim

2042 3306 2178 3357 urat,
2207 3303 2261 3346 et
2315 3303 2465 3360 pater
2513 3303 2739 3347 amans,
2772 3295 3085 3350 naturaeque
3138 3276 3358 3331 allectus
3403 3263 3612 3324 ostendi

2044 3405 2178 3458 opus
2213 3395 2350 3447 erat,
2371 3384 2683 3454 pariterque
2721 3385 2916 3432 mentis
2939 3371 3352 3443 philosophiam.
3390 3365 3446 3418 Si
3471 3364 3611 3416 enim

2045 3487 2159 3538 lucc
2192 3497 2296 3534 non
2334 3479 2577 3540 fecisset,
2627 3474 2808 3528 forsan
2860 3472 3016 3531 istam
3073 3461 3465 3535 philosophiam
3501 3457 3618 3511 sine

2044 3591 2202 3630 sensu
2239 3583 2475 3643 putares.

2122 3951 2179 4007 4.
2205 3948 2262 4002 Si
2291 3961 2420 4000 vero
2450 3943 2566 3998 Johi
2599 3940 2856 3996 exercitia
2899 3942 3143 4005 spectare
3173 3929 3415 3987 velimus,
3447 3925 3617 3993 ipsum

2051 4045 2330 4097 audiamus
2349 4040 2641 4096 dicentem,
2659 4028 2926 4102 quomodo
2943 4023 3317 4080 contemnebat
3334 4019 3471 4070 bona
3495 4018 3619 4086 ista,

2053 4137 2106 4190 Si
2135 4145 2311 4186 autem
2344 4130 2523 4184 multis
2559 4125 2684 4178 mihi
2723 4121 2924 4175 divitiis
2964 4117 3117 4169 factis
3151 4111 3364 4180 gavisus
3393 4109 3493 4161 sim
3527 4121 3542 4157 :
3577 4109 3619 4158 si

2053 4243 2241 4280 aurum
2278 4225 2330 4277 in
2365 4221 2638 4276 cumulum
2673 4211 3022 4280 diSpusuerim
3059 4223 3073 4260 :
3107 4206 3150 4260 si
3197 4201 3354 4269 lapidi
3388 4198 3624 4267 pretiom

2054 4317 2370 4373 conliderim
2411 4331 2423 4366 :
2469 4309 2671 4363 idcirco
2707 4318 2881 4372 neque
2937 4297 3101 4364 raptis
3130 4295 3248 4348 istis
3280 4290 3625 4348 turbabantur,

2058 4413 2146 4480 qui
2183 4404 2534 4477 prmsentzhus
2562 4401 2644 4454 his
2696 4413 2800 4450 non
2861 4391 3140 4462 gaudebat.
3171 4385 3466 4437 Audiamus
3495 4393 3630 4445 quo-

2061 4474 2220 4553 modo
2243 4507 2294 4548 ct
2329 4511 2389 4560 ea
2423 4507 2536 4555 quzc
2561 4492 2624 4542 ad
2655 4501 2849 4556 pueros
2887 4474 3624 4548 spectabant,insectaretur,

388 4603 586 4662 παῖδας
647 4598 875 4668 διῴκει,
933 4599 993 4651 οὐ
1051 4596 1636 4666 καταμαλακιζόμενος
1696 4597 1845 4663 ποιρά
1911 4612 1933 4645 τ

2065 4611 2166 4646 non
2193 4589 2366 4641 mollis
2403 4586 2574 4638 factus
2601 4595 2725 4648 erga
2757 4575 3008 4629 ofﬁciunt,
3044 4577 3100 4622 nt
3122 4583 3237 4628 nos,
3281 4563 3371 4617 sed
3400 4576 3612 4614 omnem

387 4695 532 4754 δέον,
570 4692 821 4760 καθάπερ
869 4693 1065 4760 ἡμεῖς,
1101 4689 1234 4742 ἀλλά
1281 4691 1462 4741 πᾶσαν
1510 4688 1798 4756 ἀκρίϐειαν
1839 4703 1959 4754 παρ

393 4785 577 4838 αὐτῶν
633 4783 910 4836 ἀπαιτῶν·
949 4785 977 4835 ὁ
1009 4785 1115 4851 γὰρ
1170 4785 1263 4837 καὶ
1321 4783 1463 4850 ὑπὲρ
1514 4781 1728 4850 ἀδηλων
1772 4778 1963 4830 θυσίαν

393 4877 706 4944 ἀναφέρων,
741 4875 1086 4943 ἐννοήσωμεν
1115 4875 1233 4936 πῶς
1265 4870 1330 4941 ἦν
1363 4873 1599 4942 ἀκριϐὴς
1647 4871 1754 4922 τῶν
1785 4886 1970 4936 φαινο-

399 4973 580 5040 μένων
607 4970 894 5036 δικαστής.
933 4968 995 5020 Εἰ
1040 4967 1096 5020 δὲ
1132 4970 1224 5020 καὶ
1261 4968 1390 5028 τοὺς
1435 4967 1566 5034 περὶ
1608 4960 1966 5029 σωφροσύνης

397 5061 616 5128 ἀγῶνας
649 5060 843 5129 μαθεῖν
877 5059 1203 5130 βουλόμεθα,
1237 5059 1404 5111 αὑτοῦ
1443 5058 1687 5122 λέγοντος
1719 5053 1966 5106 ἀκούσω-

403 5171 504 5222 μεν
527 5168 541 5181 ’
562 5152 838 5222 Διαθήκην
863 5151 1125 5220 διεθέμην
1151 5153 1265 5212 τοῖς
1287 5149 1584 5216 ὀφθαλμοῖς
1615 5163 1737 5212 μου,
1773 5143 1866 5194 τ-’,ὓ
1896 5142 1971 5210 μὴ

401 5244 742 5311 κατανοῆσαι
778 5246 856 5306 είς
904 5242 1175 5311 παρθένον
1201 5256 1214 5270 ⁸
1255 5240 1344 5292 διὰ
1371 5238 1529 5290 τοῦτο
1576 5235 1736 5287 αὑτὸν
1769 5233 1828 5282 οὺ
1871 5246 1975 5281 κα-

403 5335 671 5388 τέκλασεν
715 5336 745 5404 ἡ
793 5336 951 5403 γυνή.
996 5333 1205 5400 Ἐφίλει
1251 5331 1347 5398 μὲν
1376 5331 1484 5398 γὰρ
1535 5325 1706 5393 αὐτὴν
1748 5323 1842 5380 καὶ
1874 5319 1978 5388 πρὸ

407 5423 625 5489 τούτου,
655 5425 769 5477 ἀλλ’
802 5425 902 5494 οὐχ
932 5423 1074 5492 ὑπὲρ
1109 5424 1170 5474 τὸ
1206 5421 1424 5490 μέτρον,
1454 5416 1567 5470 ἀλλ’
1601 5415 1674 5477 Cu;
1703 5412 1848 5472 εἰκὸς
1883 5426 1977 5478 γυ-

484 5584 560 5652 (Ι)
603 5583 1057 5637 Animadvertant
1087 5576 1342 5652 philologi
1374 5576 1522 5652 hunc
1552 5589 1619 5627 (te
1649 5567 1978 5652 scholaftth-

411 5638 573 5709 letica
606 5655 805 5716 locum,
831 5667 954 5706 cum
977 5638 1258 5702 vocabulis
1286 5638 1554 5716 liacbnicis
1576 5638 1975 5716 παιδοτριϐεῖν,

412 5727 648 5785 θύλακος
679 5712 894 5793 ἅμμου,
922 5717 1229 5779 πένταθλοι,
1257 5733 1286 5769 a
1309 5714 1513 5784 quibus
1558 5712 1975 5779 distinguuntur

2070 4864 2450 4935 apparentium
2494 4861 2676 4924 iudex.
2729 4852 2782 4906 Si
2834 4863 2958 4902 vero
3009 4861 3103 4914 pro
3140 4842 3400 4911 sapientia
3436 4850 3638 4904 pugnas

2075 4961 2319 5014 ediscere
2336 4954 2718 5014 velimus,eum
2753 4946 3052 5010 loquentem
3079 4936 3390 4989 audiamus:
3418 4930 3638 4982 Pactam

2078 5051 2256 5124 pepigi
2348 5061 2470 5102 cum
2526 5042 2697 5097 oculis
2756 5037 2888 5090 meis
2942 5047 3006 5085 ne
3068 5029 3328 5096 virginem
3374 5024 3636 5074 videant:

2077 5146 2426 5216 quamobrem
2459 5153 2579 5192 eum
2627 5133 2817 5187 mulier
2861 5142 2961 5180 non
3015 5123 3190 5190 fregit.
3220 5113 3641 5183 Diligebatcnint

2080 5241 2223 5292 illam
2284 5234 2536 5289 inaxitne.
2591 5243 2693 5280 non
2747 5235 2927 5275 autem
2966 5227 3160 5285 ιιι-αξιοι·
3206 5213 3439 5270 modum,
3475 5205 3565 5257 svd
3587 5213 3644 5255 ut

2086 5331 2244 5384 decet
2272 5325 2547 5380 mulierem
2581 5337 2594 5372 :
2630 5319 2769 5370 unde
2818 5312 2946 5367 tnihi
3003 5317 3057 5359 et
3100 5301 3284 5357 mirari
3331 5300 3476 5354 subit
3507 5295 3646 5346 unde

2087 5421 2288 5492 putarit
2319 5417 2562 5472 diabolus
2597 5412 2753 5479 hujus
2799 5400 3054 5460 exercitia
3086 5411 3337 5459 noscens,
3361 5394 3413 5445 in
3449 5391 3645 5443 luelam

2085 5557 2341 5624 νεώτεροι
2409 5551 2747 5624 luctatores,‘
2782 5552 2842 5594 ut
2907 5539 2978 5619 fit.
3021 5536 3073 5616 in
3135 5533 3649 5624 llt:l‘xill'llonllinll‘srl‘12

2090 5601 2340 5682 aliiiﬁiid
2367 5601 2693 5676 cshthermis
2718 5601 3108 5667 Antoninianis
3150 5615 3274 5657 ante
3323 5601 3421 5657 bos
3474 5607 3650 5650 annos

2089 5706 2269 5754 eruto.
