4064 6292
505 367 607 430 9'27

1627 356 2028 416 TllEUDORl
2077 354 2622 428 ΜΕιιΤΕΝΙοΤίΕ

3645 346 3758 408 928

507 472 821 549 φρόνήσεις,
852 475 999 545 παρὰ
1023 473 1081 526 δέ
1113 471 1220 524 τῶν
1249 470 1465 540 ἐχθρῶν
1492 469 1888 528 ἐπαναστάσεις
1917 466 2204 535 δεχόμενος
2233 481 2247 495 ⁶
2285 468 2384 518 καὶ
2448 464 2590 534 μετὰ
2654 462 2871 516 πάντων
2937 459 3143 516 τούτων
3179 460 3272 514 καὶ
3315 459 3479 521 ἄλλας
3552 463 3757 528 μυρίας

505 570 734 641 νιφάδας
767 567 1090 638 πειρασμῶν
1123 565 1433 633 ὑπομένων,
1481 563 1700 626 καὶ,διὰ
1731 562 1952 614 πάντων
1980 560 2159 630 μένων
2227 559 2504 626 ἀκίνητος,
2558 559 2649 611 καὶ
2713 557 2813 628 τὴν
2860 557 3248 629 προσήκουσαν
3325 555 3609 628 ἀναφέρων
3674 554 3753 626 τῷ

507 667 752 738 Δεσπύτῃ
786 681 852 718 πε
864 664 917 734 pi
947 663 1153 717 τούτων
1180 659 1559 730 εὐχαριστίαν.

581 809 633 862 8.
677 806 787 860 Etsi
817 806 945 858 nihil
977 821 1040 858 ex
1073 803 1282 857 cmieris
1312 801 1508 870 aliquis
1537 798 1756 862 dixerit,
1798 799 1909 852 sola
1950 815 2068 852 mn-
2103 806 2145 861 Α

511 899 656 952 lieris
688 898 852 950 verba
888 905 1090 965 petram
1132 895 1322 948 idonea
1376 903 1499 948 sunt.
1534 899 1808 955 excutere,
1843 890 2085 944 mulieris

511 990 657 1043 illius
690 1004 852 1058 quam
886 989 1071 1042 videns
1109 989 1356 1042 diabolus
1400 1000 1726 1054 magnOpere
1764 982 1864 1036 sibi
1913 982 2087 1036 inser-

510 1086 743 1137 vientem
777 1086 840 1135 ad
872 1084 1232 1137 insidiandum
1282 1097 1476 1151 magno
1525 1081 1795 1150 patientia:
1849 1079 2082 1141 athletae,

512 1178 649 1230 sicut
675 1176 743 1229 ah
771 1176 926 1229 iniiio
951 1177 1116 1229 Evam
1149 1191 1268 1229 cum
1304 1175 1478 1243 primo
1514 1175 1727 1228 homine
1755 1188 1858 1227 non
1893 1171 2087 1225 delevit.

511 1283 632 1319 rum
663 1269 863 1333 pueris,
897 1269 986 1320 sed
1029 1270 1210 1320 vivere
1244 1268 1393 1320 sivit.
1444 1266 1508 1319 Et
1557 1281 1652 1333 per
1682 1281 1800 1319 eam
1835 1264 2087 1337 supplan-

516 1371 632 1415 tare
670 1362 876 1430 justum
937 1370 1170 1423 tentans,
1207 1375 1309 1413 non
1358 1359 1518 1413 boum
1563 1360 1956 1410 destructorum
1987 1355 2083 1407 ad-

511 1453 666 1506 duxit
700 1456 953 1515 medium,
988 1466 1160 1520 neque
1183 1453 1480 1517 asinorum,
1507 1467 1681 1520 neque
1727 1451 2083 1516 camelorum,

513 1557 690 1610 neque
715 1543 914 1596 domus
948 1541 1198 1609 deiectae,
1243 1557 1414 1610 neque
1445 1557 1729 1610 puerorum
1779 1542 2087 1595 inhumato-

515 1647 656 1685 rum.
689 1630 792 1686 Sed
819 1633 1036 1702 quando
1057 1635 1325 1688 vermium
1357 1633 1536 1700 erupit
1561 1631 1700 1694 fons,
1729 1642 1796 1694 ,ει
1836 1643 2087 1699 expensa:

513 1733 875 1784 suntcarnes.
907 1739 1007 1792 pus
1044 1725 1216 1778 multo
1265 1733 1460 1792 putore
1509 1723 1723 1792 plenum
1764 1721 2086 1787 eﬂeceruut,

511 1821 570 1866 et
615 1813 840 1868 frixorio
869 1827 922 1869 et
951 1815 1187 1878 camino,
1215 1825 1268 1869 et
1296 1815 1439 1868 omni
1465 1813 1674 1868 ﬂamma
1701 1813 2084 1868 dolorosiorem

514 1905 688 1976 ipsum
747 1905 848 1960 Joh
897 1907 1096 1961 diaboli
1143 1923 1334 1960 manus
1392 1908 1642 1975 perdidit,
1673 1923 1861 1960 manus
1917 1906 2084 1960 bestia

513 1997 707 2066 quavis
733 1998 1013 2054 molesﬁor
1043 1999 1303 2067 peredens
1326 1999 1563 2067 undique
1591 2008 1645 2050 et
1691 1999 2085 2052 comedens:et

513 2089 682 2141 multo
710 2096 949 2156 tempore
969 2090 1197 2158 profecit
1223 2090 1275 2144 in
1297 2090 1393 2144 hac
1418 2089 1749 2153 conditione,
1779 2098 1832 2142 et
1856 2089 1925 2142 ob
1948 2090 2086 2142 hanc

2245 800 2315 863 η’.
2352 795 2450 845 Ἂν
2481 792 2589 857 γὰρ
2614 792 2784 860 μηδὲν
2805 790 2913 843 τῶν
2939 790 3115 844 ἄλλων
3150 792 3337 859 μηδεὶς
3361 792 3490 865 εἴπῃ
3509 835 3523 855 ,
3556 793 3624 844 τὰ
3657 795 3755 860 τῆς

2185 887 2443 956 γυναικὸς
2468 886 2630 956 μόνος
2661 886 2908 954 ῥήματα,
2943 884 3149 953 πέτραν
3181 886 3336 937 ίκανά
3363 883 3620 936 διασαλεῧ
3633 903 3719 936 σαι
3738 903 3755 917 ο

2185 979 2447 1050 γυναικὸς
2477 977 2714 1048 ἐκείνης,
2746 979 2812 1048 ἢν
2850 973 3005 1036 ιίδὼς
3033 978 3061 1028 ὁ
3088 975 3334 1037 διάϐολος
3365 976 3577 1045 μεγάλα
3605 977 3758 1044 αὐτῷ

2189 1074 2614 1128 συντελέσουσαν
2645 1072 2782 1141 πρὸς
2811 1069 2906 1138 τὴν
2938 1069 3229 1139 ἐπιϐουλὴν
3254 1069 3346 1121 τοῦ
3387 1070 3627 1138 μεγάλου
3655 1071 3757 1138 τῆς

2187 1165 2468 1233 ὑπομονῆς
2513 1164 2775 1234 ἀθλητοῦ,
2835 1161 3088 1230 καθάπερ
3134 1161 3192 1226 ἐξ
3243 1162 3415 1230 ἀρχῆς
3459 1162 3560 1230 τῆς
3613 1161 3756 1214 Εὔαν

2189 1258 2329 1328 μετὰ
2383 1257 2477 1310 τοῦ
2533 1254 2967 1324 πρωτοπλάστου
3023 1254 3124 1306 οὐκ
3176 1255 3400 1320 ἐφάνισε
3457 1256 3591 1322 μετὰ
3644 1256 3756 1306 τῶν

2186 1350 2415 1407 τέκνων,
2447 1346 2566 1398 ἀλλ’
2601 1347 2782 1415 ἀφῆκε
2818 1345 2916 1412 ζῇν
2942 1362 2956 1376 ο
2991 1346 3082 1396 καὶ
3110 1343 3197 1395 διὰ
3221 1345 3428 1410 ταύτης
3463 1345 3756 1396 ὑποσκελί-

2189 1458 2278 1492 σαι
2309 1441 2401 1491 τὸν
2433 1439 2643 1491 δίκαιον
2673 1438 3056 1507 ἐπιχειρήσας,
3086 1436 3147 1488 οὺ
3190 1436 3297 1488 τῶν
3333 1436 3471 1505 βοῶν
3523 1437 3758 1489 ἀπολλυο

2189 1531 2369 1600 μένων
2428 1529 2750 1599 προσήγαγε
2787 1527 2946 1580 τοῦτο
2994 1529 3055 1580 τδ
3111 1528 3438 1598 μηχάνημα.
3487 1529 3613 1580 οὖδέ
3645 1528 3756 1580 τῶν

2187 1622 2347 1684 ὄνων,
2381 1621 2503 1672 οὖδέ
2550 1620 2656 1672 τῶν
2698 1619 2991 1688 καμήλων,
3025 1619 3147 1671 οὑδέ
3181 1619 3284 1684 τῆς
3319 1619 3494 1680 οἰκίας
3534 1636 3757 1671 κατενε-

2186 1713 2435 1784 χθείσης,
2466 1712 2586 1765 οὐδέ
2611 1711 2720 1763 τῶν
2745 1711 2948 1762 παίδων
2974 1711 3464 1780 καταχωσθέντων.
3490 1711 3636 1762 Ἀλλ’
3666 1712 3756 1763 ὅτε

2187 1804 2295 1855 τῶν
2325 1802 2626 1868 σκωλήκων
2663 1801 2960 1853 άνέῦλυσεν
3000 1803 3030 1867 ή
3066 1800 3240 1870 πηγὴ,
3294 1800 3389 1852 καὶ
3433 1799 3760 1868 δαπανώμε-

2187 1913 2276 1947 ναι
2327 1897 2382 1946 αί
2443 1894 2666 1964 σάρκες,
2727 1893 2897 1962 ίχιῖρα
2949 1893 3152 1961 πολλῆς
3199 1893 3440 1961 γέμοντα
3493 1893 3761 1955 δυσωδὶας

2189 1989 2427 2050 ἐποίουν,
2464 1989 2558 2040 καὶ
2585 1987 2840 2054 τηγάνων
2868 1986 2956 2037 καὶ
2994 1986 3261 2053 καμίνων,
3293 1987 3389 2038 καὶ
3417 1987 3597 2052 πάσης
3630 1985 3761 2049 φλοο

2189 2083 2285 2148 γὸς
2336 2081 2725 2150 ὀδυνηρότερον
2782 2079 2947 2132 αὐτὸν
2989 2079 3078 2132 τὸν
3124 2078 3243 2131 ’1ὼό
3277 2083 3308 2146 ἡ
3363 2079 3458 2130 τοῦ
3503 2078 3758 2131 διαϐόλου

517 2195 740 2234 causam
773 2181 945 2249 ipsmn
978 2191 1197 2258 propter
1233 2181 1587 2234 mutationem
1625 2180 1950 2248 conveniens
1971 2188 2088 2233 erat

2192 2174 2558 2242 κατανήλισκε
2588 2173 2731 2242 χείρ,
2769 2171 2958 2241 θηρίου
2990 2173 3195 2234 παντὸς
3225 2170 3612 2241 χαλεπώτερον
3644 2171 3762 2224 δια-

525 2273 679 2326 sitire
708 2283 761 2326 et
786 2289 987 2341 cupere
1017 2283 1268 2334 mortem,
1301 2272 1388 2340 qui
1435 2287 1533 2325 nec
1585 2273 1854 2339 respirare
1881 2279 2081 2338 possvt,

513 2374 642 2418 tunc
666 2380 783 2418 eam
818 2366 995 2418 attulit
1021 2367 1186 2419 multa
1211 2383 1332 2418 cum
1374 2366 1597 2418 malitia.
1628 2367 1891 2432 Aggressa
1917 2365 2082 2427 enim,

513 2456 775 2506 suadente
806 2455 1045 2519 diabolo,
1081 2472 1183 2506 non
1219 2457 1534 2508 memoravit
1563 2456 1722 2517 bona,
1744 2471 1846 2510 non
1879 2471 2086 2510 memo-

515 2546 660 2597 ravit
695 2546 932 2599 camelos
960 2557 1014 2598 et
1055 2547 1238 2598 ovium
1296 2549 1563 2616 boumque
1600 2564 1827 2617 pecora;
1865 2558 2090 2603 noverat

515 2637 660 2689 enim
699 2636 796 2690 viri
845 2637 912 2691 de
963 2638 1048 2691 his
1099 2638 1520 2708 philosophiam,
1563 2640 1654 2693 sed
1703 2640 1951 2693 omnibus
2005 2639 2088 2693 his

513 2727 709 2782 fortius
764 2743 961 2797 pueros
1003 2730 1121 2784 diuo
1173 2739 1227 2783 et
1282 2745 1343 2784 ea
1395 2745 1513 2799 qua:
1555 2732 1616 2784 ad
1669 2731 1814 2784 illam
1878 2741 2088 2796 speeta-

514 2815 644 2870 bant
701 2820 1000 2886 proposuit,
1051 2833 1224 2887 neque
1252 2822 1323 2874 ita
1365 2821 1531 2874 valuit
1558 2820 1789 2887 dejicere
1821 2821 2089 2886 patientiae

515 2907 850 2964 inaccessam
880 2913 1093 2964 turrim.
1128 2911 1182 2965 Si
1235 2923 1412 2966 autem
1449 2913 1499 2966 in
1541 2915 1725 2982 quieto
1752 2915 1930 2966 animo
1958 2913 2090 2966 nihil

515 3000 867 3067 iniucundum
931 3005 1199 3070 patientes
1255 3009 1450 3056 multos
1513 3018 1655 3072 saepe
1707 3014 2092 3074 persuaserunt

516 3091 792 3156 mulieres,
818 3094 1092 3148 videamus
1131 3096 1305 3163 qualis
1333 3104 1479 3149 esset
1504 3096 1606 3150 ista
1636 3112 1898 3166 generosa
1931 3096 2091 3164 etin-

514 3182 706 3237 venilis
733 3186 907 3237 anima
932 3185 1104 3253 ipsam
1148 3202 1266 3240 cum
1293 3189 1454 3244 tantis
1499 3191 1663 3242 armis
1691 3189 2092 3258 aggredieutem

517 3276 806 3343 repellens,
837 3286 888 3328 et
919 3277 1052 3331 duos
1084 3279 1316 3334 maxime
1341 3282 1650 3350 tyrannicos
1688 3281 1912 3336 all'ectns
1965 3299 2094 3338 eon-

516 3367 765 3428 culcans,
797 3367 1124 3421 desiderium
1152 3379 1208 3423 et
1230 3373 1627 3426 miserationem
1657 3390 1670 3426 :
1711 3374 1905 3426 etenim
1941 3375 2090 3428 inulti

515 3470 581 3510 ex
621 3455 706 3511 his
759 3455 852 3525 qui
915 3458 1265 3525 cupiditatem
1313 3461 1561 3516 vicerunt
1603 3465 1947 3518 miseratione
1972 3464 2090 3519 ﬂexi

515 3559 667 3603 Ot'lll.

2187 2267 2478 2336 τρώγουσα
2508 2267 2777 2319 πάντοθεν
2803 2266 2898 2319 καὶ
2927 2265 3296 2318 κατεσθίουσα
3321 2281 3336 2297 °
3372 2265 3468 2317 καὶ
3503 2264 3675 2327 πολὺς
3705 2267 3761 2316 ἐν

2186 2364 2252 2430 τῇ
2287 2360 2513 2431 τοιαύτῃ
2565 2361 2825 2428 συμφορᾷ
2869 2359 3143 2428 προῆλθεν
3195 2360 3224 2411 δ
3264 2359 3478 2428 χρόνος,
3529 2360 3625 2410 καὶ
3675 2358 3760 2410 διὰ

2186 2452 2360 2504 ταῦτα
2399 2455 2562 2506 αὑτὸν
2607 2451 2934 2518 ἀπαλλαγῆς
2970 2451 3116 2511 είκδς
3160 2446 3230 2520 ἦν
3261 2449 3444 2517 διψᾷν,
3477 2451 3573 2502 καὶ
3620 2452 3758 2501 ἁπο-

2187 2546 2370 2600 θανεῖν
2422 2545 2734 2614 ἐπιθυμεῖν,
2765 2544 2841 2606 ὡς
2892 2544 3013 2596 οὐδὲ
3067 2545 3330 2596 ἀναπνεῖν
3371 2543 3584 2611 ἔχοντα,
3634 2545 3755 2594 τότε

2188 2640 2359 2707 αὐτὴν
2404 2639 2723 2706 προσήγαγε
2759 2636 2898 2705 μετὰ
2929 2635 3133 2703 πολλῆς
3177 2636 3538 2703 κακουργίας.
3589 2636 3755 2702 [lpos-

2188 2729 2418 2784 ἐλθοῦσα
2488 2729 2599 2798 γὰρ
2659 2727 2798 2797 αὕτη
2851 2727 2932 2795 τῷ
2989 2727 3228 2796 διαϐόλῳ
3289 2728 3600 2787 πεισθεῖσα,
3657 2727 3756 2778 οὐκ

2188 2822 2436 2890 ἐμνήσθη
2491 2821 2829 2890 χρημάτων,
2875 2821 2976 2872 οὐκ
3029 2819 3276 2888 ἐμνήσθη
3341 2818 3610 2887 καμήλων
3667 2819 3758 2869 καὶ

2189 2915 2460 2984 ποιμνίων
2493 2914 2588 2966 καὶ
2614 2912 2910 2979 βουκολίων
2937 2927 2951 2942 ·
2989 2913 3194 2963 συνεῖδε
3227 2913 3337 2980 γὰρ
3370 2911 3447 2980 τῷ
3477 2911 3632 2977 ἀνδρὶ
3659 2911 3756 2978 τὴν

2187 3007 2281 3058 ἐπὶ
2313 3003 2525 3066 τούτοις
2581 3003 2926 3071 φιλοσοφίαν,
2964 3003 3098 3054 ἀλλὰ
3135 3001 3230 3054 τοῦ
3283 3003 3502 3055 πάντων
3548 3003 3756 3052 τούτων

2187 3097 2621 3164 φορτικωτέρου.
2658 3093 2769 3146 τῶν
2799 3095 3007 3146 παίδων
3040 3092 3206 3159 λέγω,
3236 3093 3330 3145 καὶ
3362 3092 3431 3144 τὰ
3469 3093 3596 3160 παρ’
3622 3093 3751 3143 ἐαυο

2189 3189 2286 3256 τῆς
2330 3187 2664 3256 προσέθηκε,
2711 3185 2806 3237 καὶ
2854 3185 2964 3237 οὐδ’
2995 3184 3166 3247 οὕτως
3214 3185 3402 3252 ἴσχυσε
3433 3182 3754 3235 καταϐαλεῖν

2191 3281 2282 3332 τὸν
2331 3281 2431 3346 τῆς
2480 3277 2759 3346 ὑπομονῆς
2798 3276 3202 3346 ἀπερίτρεπτον
3231 3276 3463 3344 πύργον.
3497 3273 3560 3327 Εί
3601 3274 3656 3326 δέ
3699 3275 3754 3325 ἐν

2194 3372 2430 3443 εύθυμίᾳ
2461 3372 2618 3434 ὄντας
2647 3373 2747 3424 καὶ
2773 3372 2942 3440 μηδὲν
2975 3371 3286 3440 πάσχοντας
3315 3369 3500 3439 άηδές,
3529 3367 3755 3428 πολλοὺς

2197 3465 2459 3526 πολλάκις
2511 3464 2737 3516 ἔπεισαν
2790 3464 3070 3529 γυναῖκες,
3133 3461 3487 3529 ἐννοήσωμεν
3539 3457 3752 3523 ποταπή

2119 3532 2164 3592 C
2195 3575 2280 3620 τις
2327 3554 2394 3628 ἦν
2429 3556 2610 3625 ἐκείνη
2657 3558 2690 3624 ή
2727 3555 2949 3622 γενναία
2999 3555 3094 3606 καὶ
3139 3553 3363 3622 νεανικὴ
3394 3553 3563 3622 ψυχὴ,
3616 3541 3754 3618 μετὰ

513 3639 788 3693 τοσούτων
819 3641 1004 3694 ὅπλων
1032 3641 1203 3712 αὐτὴν
1229 3643 1564 3698 ἐπελθοῦσαν
1599 3647 2083 3717 ἀποκρουσαμένη,
2163 3649 2259 3701 καὶ
2295 3648 2391 3700 δύο
2445 3649 2513 3700 τὰ
2587 3645 3034 3716 τυραννικώτατα
3094 3643 3397 3712 παθήματα
3447 3645 3752 3711 πατήσασαο

515 3734 817 3804 ἐπιθυμίαν
863 3739 961 3790 καὶ
1003 3735 1152 3791 ἔλεον
1177 3752 1192 3767 ⁶
1225 3737 1319 3792 καί
1359 3755 1443 3790 τοι
1489 3739 1674 3792 πολλοὶ
1726 3743 1833 3795 τῶν
1872 3744 2266 3813 κρατησάντων
2299 3741 2619 3811 ἐπιθυμίας,
2659 3741 2765 3793 ὑπὸ
2794 3740 2947 3792 ἐλέου
2988 3738 3376 3810 ἐκάμφθησαν.

588 3872 643 3928 9.
687 3871 1138 3939 Sapientissinius
1175 3874 1262 3928 ille
1308 3873 1528 3945 Ioseph,
1583 3877 2086 3944 imperiosiSsimam

514 3963 754 4019 cohibuit
791 3965 1148 4033 voluptatem,
1198 3977 1249 4020 et
1295 3968 1582 4021 barbaram
1633 3968 1771 4022 hanc
1807 3969 2087 4023 mulierem

511 4056 712 4126 repulit
741 4060 1022 4110 innumera
1045 4055 1385 4111 adhibentem
1419 4059 1588 4110 media
1612 4076 1671 4121 ;a
1699 4060 1948 4126 larrymis
1966 4076 2093 4114 vero

512 4164 620 4204 non
653 4151 993 4216 temperavit,
1019 4151 1111 4201 sed
1144 4150 1340 4202 l'ratrcs
1370 4150 1568 4215 injuste
1599 4161 1859 4204 traeiaios
1881 4154 2088 4214 videns,

514 4241 701 4294 dolore
728 4242 997 4294 dissectus
1041 4251 1146 4305 est,
1202 4252 1256 4294 et
1321 4257 1604 4306 personam
1657 4243 1800 4294 brevi
1839 4244 2082 4308 eiiciens.

513 4333 701 4386 draina
748 4333 1028 4385 rer'elavit.
1085 4333 1216 4386 Cum
1274 4341 1453 4384 autem
1523 4334 1677 4386 adest
1728 4335 1917 4385 mulier
1947 4318 2084 4387 et‘ea

513 4442 634 4495 qua:
671 4427 1071 4480 miserationem
1122 4437 1331 4478 moveut
1371 4427 1524 4488 dicit,
1576 4437 1624 4479 et
1674 4435 1888 4495 tempus
1929 4429 2087 4481 habet

517 4532 837 4583 eooporans,
881 4527 936 4569 et
978 4517 1197 4569 vulnera
1229 4527 1282 4569 et
1311 4519 1505 4572 livores
1567 4528 1620 4570 et
1665 4529 1951 4572 eventuum
1989 4536 2090 4573 nu-

519 4623 761 4660 Inerosos
819 4607 1044 4668 ﬂuetus,
1097 4609 1365 4674 quomodo
1412 4611 1660 4676 quisnam
1706 4614 1900 4664 Incrito
1942 4615 2086 4664 omni

515 4697 805 4750 adamante
868 4697 1238 4761 dttriuretn,si
1301 4699 1432 4752 nihil
1491 4717 1518 4753 a
1571 4710 1715 4754 tanta
1765 4709 2088 4770 tempestate

518 4791 775 4856 patiatur,
799 4787 1030 4840 animam
1063 4788 1262 4843 habere
1282 4792 1569 4859 appareat?
1597 4791 1726 4846 Date
1753 4794 1881 4847 mihi
1909 4806 2092 4862 aperte

2264 3879 2328 3930 θ’.
2381 3877 2440 3930 '0
2489 3875 2616 3944 γοῦν
2654 3875 3103 3946 σωφρονέστατος
3147 3875 3350 3936 ἐκεῖνος
3391 3873 3615 3940 Ἰωσὴφ,
3662 3869 3755 3939 τῆς

2198 3969 2298 4038 μὲν
2320 3968 2799 4036 τυραννικωτάτης
2830 3966 3025 4036 ήδονῆς
3067 3967 3319 4036 κατέσχε,
3357 3965 3452 4018 καὶ
3482 3964 3579 4035 τὴν
3615 3963 3746 4032 βάρι

2195 4061 2361 4129 ὄαρον
2393 4060 2608 4128 ἐκείνην
2645 4061 2882 4125 γυναῖκα
2927 4057 3310 4127 διεκρούσατο,
3346 4055 3518 4126 μυρία
3560 4055 3758 4124 προσά-

2197 4169 2402 4218 γουσαν
2439 4152 2816 4221 μηχανήματα
2842 4166 2852 4177 ·
2887 4149 3137 4217 δακρύων
3161 4149 3217 4199 δέ
3248 4148 3307 4198 οὑ
3334 4149 3622 4215 κατέσχεν,
3648 4144 3756 4196 ἀλλ’

2201 4245 2327 4297 ἰδὼν
2367 4245 2494 4306 τοὺς
2528 4243 2793 4310 ἀδελφοὺς
2825 4243 2950 4304 τοὺς
2975 4241 3327 4311 ἠδικηκότας,
3360 4239 3654 4308 ἐνεπρίαθη
3683 4237 3758 4306 τῷ

2199 4337 2388 4398 πάθει,
2419 4337 2516 4386 καὶ
2547 4335 2606 4386 τὸ
2633 4336 2982 4404 προσωπεῖον
3017 4334 3226 4401 ταχέως
3272 4331 3457 4401 ῥίψας,
3491 4331 3550 4382 τὸ
3581 4330 3757 4397 δρᾶμα

2197 4426 2572 4494 ἀπεκάλυψεν.
2599 4426 2770 4478 Ὅταν
2794 4425 2850 4477 δέ
2880 4425 2973 4476 καὶ
3003 4424 3142 4492 γυνὴ
3169 4420 3223 4496 ᾗ,
3250 4425 3343 4475 καὶ
3377 4423 3586 4475 ἐλεεινὰ
3608 4421 3756 4489 λέγῃ,

2197 4519 2416 4570 καὶτὸν
2469 4517 2661 4584 καιρὸν
2711 4517 2808 4587 ἔχῃ
2850 4516 3292 4585 συμπράττοντα,
3348 4519 3444 4566 καὶ
3501 4515 3570 4566 τὰ
3601 4513 3759 4581 τραύ-

2201 4623 2372 4670 ματα,
2409 4606 2505 4656 καί
2554 4605 2682 4665 τοὺς
2735 4604 3030 4671 μώλωπας,
3079 4606 3173 4656 καὶ
3202 4603 3269 4654 τὰ
3310 4604 3420 4655 τῶν
3470 4603 3759 4670 συμφορῶν

2195 4697 2419 4764 κύματα
2459 4696 2650 4766 μυρία,
2699 4697 2816 4757 πῶς
2855 4697 2956 4747 οὐκ
2997 4696 3062 4748 ἄν
3089 4712 3172 4756 τις
3206 4696 3427 4757 δικαίως
3461 4697 3758 4761 ἀδάμαντος

2199 4789 2403 4850 παντὸς
2462 4791 2834 4859 στερροτέραν
2877 4789 2977 4857 τὴν
3010 4789 3162 4840 οὐδὲν
3218 4789 3324 4839 ὑπὸ
3355 4789 3608 4840 τοσούτου
3648 4804 3760 4856 χει-

520 4880 690 4946 loqui,
731 4881 870 4945 quod
916 4881 1174 4946 apostolis
1209 4882 1254 4934 si
1289 4899 1392 4935 non
1424 4885 1633 4946 melior,
1679 4895 1916 4939 attamen
1959 4889 2088 4940 nihil

2201 4881 2378 4947 μῶνος
2405 4878 2687 4932 παθοῦσαν
2717 4879 2894 4947 ψυχὴν
2929 4875 3071 4930 εἷναι
3103 4881 3444 4946 ἀποφήναιτο
3471 4897 3484 4941 ;
3516 4881 3643 4930 Δότε
3675 4895 3760 4946 μοι

517 4971 744 5023 iul'erior
776 4973 848 5025 sit
901 4971 988 5023 ille
1039 4972 1251 5026 beatus.
1311 4973 1422 5026 lllis
1486 4979 1686 5029 etenim
1717 4978 1954 5029 animum
1991 4979 2091 5031 hoc

517 5062 701 5123 dabat,
737 5063 877 5125 quod
906 5076 1000 5127 pro
1022 5061 1243 5115 Christo
1275 5063 1621 5128 patiebantur
1655 5074 1746 5126 ;ct
1777 5066 1844 5116 ita
1881 5076 2092 5128 poterat

517 5152 596 5204 ris
623 5153 860 5217 quotidie
888 5156 1182 5207 reniediUn.
1216 5153 1479 5221 praebere;
1515 5167 1729 5220 propter
1748 5173 1830 5209 me
1854 5157 2088 5220 dicente,

516 5253 572 5294 et
599 5247 844 5311 quamvis
867 5260 951 5298 me
991 5247 1268 5300 dominum
1309 5245 1608 5298 Beelzebub
1643 5258 1851 5300 vocent.
1879 5249 1970 5303 llle
1995 5267 2090 5304 au-

521 5348 624 5388 tem
654 5335 754 5388 hoc
783 5337 1020 5403 privatus
1049 5347 1166 5391 erat
1217 5338 1567 5393 incitamento
1595 5349 1648 5393 et
1675 5355 1740 5393 co
1765 5343 1907 5409 quod
1934 5363 1959 5393 a
1989 5345 2091 5396 mi-

520 5425 739 5490 raculis,
777 5437 828 5480 et
860 5443 924 5480 eo
981 5432 1121 5497 quod
1191 5447 1218 5482 a
1271 5432 1440 5498 gratia
1491 5434 1757 5499 provenit.
1794 5434 1906 5486 Non
1945 5436 2086 5488 enim

521 5523 725 5569 tantam
753 5516 920 5568 animi
982 5527 1300 5584 potestatem
1355 5521 1542 5572 habuit
1573 5538 1586 5582 ι
1613 5533 1699 5583 et,
1737 5528 1876 5589 quod
1919 5526 2091 5590 nuijns

515 5613 618 5663 cst.
647 5605 696 5656 in
736 5604 916 5657 multis
962 5604 1168 5658 deliciis
1219 5609 1511 5669 enutritus,
1545 5619 1599 5662 et
1647 5610 1850 5663 divitiis
1905 5614 2090 5663 multis

518 5687 800 5748 luxurians
835 5705 886 5749 et
923 5710 948 5747 a
979 5697 1162 5750 multis
1217 5697 1477 5753 militibus
1511 5700 1759 5769 stipatus,
1805 5709 1858 5752 et
1895 5702 2089 5770 ubique

2197 4971 2340 5039 μετά
2369 4971 2686 5040 παρρησίας
2716 4973 2912 5034 εἰπεῖν,
2957 4972 3038 5024 ὅτι
3063 4971 3160 5024 καὶ
3187 4972 3292 5023 τῶν
3331 4972 3668 5030 ἀποστόλων,
3714 4971 3760 5020 εί

2197 5063 2272 5131 μὴ
2297 5062 2389 5114 καὶ
2422 5063 2646 5130 μείζων,
2679 5061 2794 5114 ἀλλ’
2818 5063 2939 5114 οὐδὲ
2967 5064 3208 5115 ἐλάττων
3244 5066 3272 5114 ὁ
3301 5063 3575 5132 μακάριος
3610 5056 3761 5124 οὗτος

2192 5149 2281 5222 ἦν.
2336 5153 2611 5214 Ἐκείνους
2643 5154 2742 5221 μὲν
2773 5154 2882 5222 γὰρ
2916 5155 3292 5223 παρεμυθεῖτο
3317 5155 3376 5206 τδ
3397 5154 3483 5206 διὰ
3512 5153 3602 5203 τὸν
3632 5154 3762 5221 Χρι-

2197 5246 2322 5297 στὸν
2358 5247 2628 5315 πάσχειν·
2663 5249 2755 5298 καὶ
2791 5245 2965 5306 οὕτως
3001 5247 3186 5298 ἱκανὸν
3246 5241 3314 5314 ἦν
3361 5248 3424 5296 τὸ
3475 5248 3760 5314 φάρμακον

2195 5339 2317 5392 καθ’
2373 5340 2614 5407 ἑκάστην
2669 5337 2885 5408 ἡμέραν
2948 5339 3147 5400 αὐτοὺς
3202 5339 3528 5404 ἀναστῆσαι,
3580 5339 3759 5388 ἕνεκεν

2197 5432 2332 5492 ἐμοῦ
2364 5431 2611 5498 λέγοντα,
2643 5432 2736 5484 καὶ
2781 5433 2828 5482 εί
2860 5432 2961 5498 ἐμὲ
3003 5431 3094 5480 τὸν
3131 5433 3216 5481 οτκ
3248 5431 3517 5500 δεσπότην
3549 5427 3760 5489 Βεελζε-

2196 5523 2325 5574 ϐοὺλ
2361 5521 2627 5573 ἐκάλεσαν
2654 5539 2668 5552 ·
2705 5523 2909 5584 ἐκεῖνος
2963 5522 3016 5573 δέ
3067 5523 3267 5586 ταύτης
3315 5522 3520 5588 ἕρημος
3553 5516 3618 5589 ἦν
3668 5521 3758 5585 τῆς

2200 5613 2578 5680 παραμυθίας,
2633 5615 2728 5664 καὶ
2781 5614 2879 5675 τῆς
2912 5614 3018 5664 ἀπὸ
3068 5614 3174 5663 τῶν
3230 5615 3494 5679 σημείων,
3541 5614 3628 5662 καί
3669 5612 3760 5675 τῆς

2201 5704 2306 5755 ἀπὸ
2341 5703 2439 5772 τῆς
2467 5704 2706 5772 χάριτος.
2741 5704 2872 5756 Οὐδὲ
2901 5707 3006 5775 γὰρ
3043 5699 3150 5772 εἶχε
3186 5705 3453 5772 τοσαύτην
3487 5701 3577 5754 τοῦ
3611 5697 3766 5752 πνεύ-
