4064 6292
336 390 444 451 9ἓυ

1669 399 1999 460 ΕΤΙΙὩΟΝ
2044 402 2137 463 VI.

3486 386 3590 459 930

344 520 513 572 ματος
534 504 764 574 δύναμιν
790 521 805 537 ⁵
839 509 930 561 καὶ
951 509 1012 561 τὸ
1037 509 1099 579 δὴ
1126 511 1308 577 μεῖζον
1332 510 1414 563 ὃτι
1435 511 1493 564 ἐν
1533 512 1702 582 πολλῇ
1732 515 1909 582 τρυφῇ

2018 531 2211 585 magno
2241 523 2498 585 apparatu
2532 516 2906 577 annuntiatus,
2940 528 3046 567 non
3083 527 3221 567 unus
3256 527 3317 566 ex
3346 511 3587 582 piscato-

338 600 567 666 τραφεὶς
599 600 692 651 καὶ
724 599 936 669 πλούτῳ
975 603 1154 673 πολλῷ
1183 605 1371 674 κομῶν
1397 607 1491 659 καὶ
1512 606 1664 675 παρὰ
1696 606 1909 660 πολλῶν

337 687 829 756 δορυφορούμενος,
885 692 980 745 καὶ
1037 695 1317 763 πανταχοῦ
1362 696 1502 764 μετὰ
1543 696 1743 765 πολλῆς
1783 699 1912 750 ἀνα-

340 778 749 846 κηρυττόμενος
797 783 895 850 τῆς
943 785 1290 851 ἐπιφανείας,
1340 789 1439 839 οὐκ
1491 787 1552 852 έξ
1603 790 1803 842 ἀλιέων
1836 788 1911 842 ὢν

340 868 433 918 καὶ
486 868 735 922 τελωνῶν
791 874 1039 926 καὶτῶν
1089 876 1323 939 εὐτελῶς
1377 877 1910 946 βεδιωκότων,ἀλλά

339 961 610 1028 τοσαύτης
662 963 1054 1028 ἀπολελαυκὼς
1098 969 1266 1037 τιμῆς
1310 969 1548 1039 ἔπασχεν
1592 972 1736 1041 ἅπερ
1771 971 1910 1025 ἐπα·

343 1068 505 1119 σχεν·
551 1055 645 1105 καὶ
683 1057 822 1128 ὅπερ
862 1060 1272 1129 φορτικώτατον
1324 1062 1553 1117 ἐπὶτῶν
1599 1065 1911 1118 ἀποστόλων

339 1142 479 1197 εἶναι
520 1146 712 1213 ἐδόκει,
734 1149 891 1203 τοῦτο
907 1152 1038 1204 αὐτὸ
1070 1154 1162 1205 καὶ
1180 1156 1341 1218 αὐτὸς
1375 1157 1613 1225 ὑπέμενε
1636 1160 1786 1229 παρά
1823 1160 1912 1229 φί-

338 1232 466 1297 λων,
488 1238 638 1304 παρὰ
667 1239 914 1304 οἰκετῶν,
938 1243 1087 1311 παρά
1118 1245 1328 1316 ἐχθρῶν
1376 1249 1722 1317 μισούμενος,
1762 1254 1913 1321 παρά

338 1324 446 1377 τῶν
480 1324 538 1379 εὖ
595 1332 970 1395 πεπονθότων,
1005 1336 1100 1387 καὶ
1145 1338 1245 1407 τὴν
1297 1339 1449 1409 ἱερὰν
1506 1340 1783 1411 ἄγκυραν,
1817 1344 1912 1394 τὸν

338 1418 657 1485 ἀκύμαντον
692 1423 889 1492 λιμένα
911 1441 927 1457 ο
956 1425 1117 1480 τοῦτο
1160 1429 1216 1482 δὲ
1243 1425 1312 1500 ἦν
1342 1432 1402 1484 τὸ
1439 1436 1551 1495 τοῖς
1588 1434 1911 1496 ἀποστόλοις

340 1511 653 1579 εἰρημένον,
683 1514 743 1565 τὸ
769 1512 955 1569 ἕνεκεν
982 1518 1141 1588 ἐμοῦ,
1184 1520 1342 1574 τοῦτο
1377 1523 1507 1576 ἰδεῖν
1537 1525 1637 1576 οὐκ
1666 1520 1802 1594 εἶχε.

413 1641 464 1701 ι’.
493 1646 773 1717 Θαυμὰζω
804 1652 933 1715 τοὺς
972 1656 1171 1718 παῖδας
1214 1658 1341 1721 τοὺς
1380 1661 1530 1728 τρεῖς
1562 1660 1643 1712 ὅτι
1678 1676 1913 1714 κατεπο-

336 1737 589 1805 λέμησαν
630 1743 886 1811 καμίνου,
941 1746 1025 1800 ὅτι
1073 1750 1545 1820 κατεξανέστησαν
1597 1752 1864 1822 τυράννου
1893 1769 1908 1784 ο

2016 608 2184 673 ribus,
2239 618 2333 662 aut
2382 608 2700 677 publicanis,
2754 616 2810 661 et
2873 606 3051 663 viliter
3100 604 3438 667 viventibus,
3492 607 3589 659 sed

2018 706 2168 750 tanto
2203 696 2385 751 fruens
2423 699 2630 752 honore
2659 712 2849 767 passus
2884 706 2967 749 est
2996 710 3060 749 ea
3089 711 3207 764 qtue
3241 710 3432 763 passus
3478 704 3587 750 est.

2014 786 2078 839 Et
2102 788 2244 855 quod
2276 788 2521 857 gravius,
2556 805 2717 858 quam
2751 789 2889 858 quod
2913 788 3168 855 apostolis
3199 788 3444 856 cotuigit,
3465 803 3592 841 esse

2013 877 2315 943 videbatur,
2343 882 2442 932 hoc
2468 880 2642 946 ipsum
2685 880 2753 933 ab
2791 878 2981 933 amicis
3027 878 3167 941 tulit,
3198 894 3223 929 a
3254 878 3590 939 domesticis.

2015 967 2082 1019 ab
2106 967 2340 1021 inimicis
2374 970 2500 1023 odio
2528 970 2765 1032 habitus,
2799 969 2866 1023 ab
2895 969 2976 1023 bis
3006 970 3096 1036 qui
3132 982 3392 1037 prospere
3422 969 3588 1036 dege-

2016 1059 2249 1123 bant;et
2278 1074 2490 1114 sacram
2525 1060 2845 1124 anchoram,
2881 1069 3090 1129 portum
3126 1060 3243 1116 sine
3272 1059 3461 1123 ﬂuctu,
3487 1062 3592 1114 hoc

2015 1150 2274 1215 apostolis
2325 1151 2528 1206 dictum
2574 1160 2676 1217 est,
2733 1162 2944 1221 propter
2976 1168 3078 1220 me,
3113 1152 3218 1207 hoc
3254 1152 3434 1206 videre
3479 1165 3589 1205 non

2014 1250 2247 1310 poterat.

2086 1633 2174 1688 10.
2211 1634 2381 1690 Miror
2413 1645 2521 1692 tres
2552 1654 2771 1707 pueros,
2800 1642 2943 1710 quod
2975 1657 3098 1697 cum
3132 1644 3343 1699 camino
3382 1660 3586 1717 pugna-

2014 1725 2146 1789 rint,
2197 1728 2342 1794 quod
2391 1729 2789 1801 insurrexerint
2843 1736 2895 1787 in
2946 1743 3258 1803 tyrannum.
3303 1737 3406 1793 Sed
3460 1739 3585 1793 audi

333 1830 451 1882 ἀλλ’
482 1831 717 1885 ἄκουσον
743 1835 796 1887 τί
823 1837 1076 1905 λέγουσι’
1113 1842 1236 1903 Τοῖς
1269 1842 1412 1904 θεοῖς
1430 1818 1534 1895 σου
1569 1844 1629 1895 ού
1661 1818 1909 1913 λατρεύο-

2013 1818 2140 1886 quid
2177 1819 2399 1875 dicant:
2434 1823 2555 1877 Deis
2607 1829 2712 1879 tuis
2750 1841 2857 1881 non
2898 1829 3168 1884 servimus
3207 1839 3262 1883 et
3298 1831 3583 1901 imaginem

299 1924 305 1933 '
337 1940 463 1991 μεν,
494 1926 587 1977 καὶ
618 1928 680 1995 τῇ
710 1928 879 1982 εἰκόνι
911 1933 975 2001 τῇ
1012 1936 1185 2003 χρυσῇ
1292 1935 1527 2002 ἑστησας
1560 1937 1622 1987 οὑ
1656 1937 1913 2007 λατρεύο⁹

338 2035 478 2085 μεν-
521 2020 658 2087 ὅπερ
699 2022 928 2093 μεγίστη
978 2027 1305 2094 παραμυθία
1346 2030 1533 2091 αὐτοῖς
1581 2025 1668 2098 ἦν,
1702 2031 1764 2083 τὸ
1814 2047 1912 2082 σαι

336 2103 453 2171 φῶς
482 2106 680 2160 ειδέναι
707 2109 788 2161 ὅτι
825 2111 913 2164 διὰ
937 2112 1029 2164 τὸν
1060 2113 1191 2167 Θεὸν
1221 2117 1400 2170 πάντα
1434 2119 1739 2189 πάσχουσιν
1767 2120 1910 2192 ἆπερ

335 2198 404 2249 ἂν
462 2198 749 2253 πάθωσιν⁹
804 2205 958 2268 οὗτος
1004 2206 1063 2259 δὲ
1092 2208 1191 2261 οὐκ
1249 2208 1365 2278 ᾔδει
1408 2211 1492 2263 ὅτι
1548 2212 1910 2281 ἀγωνίσματα

334 2287 511 2343 ταῦτα
562 2292 655 2344 καὶ
705 2295 848 2365 πάλη
876 2311 890 2327 ⁸
922 2298 972 2349 εί
999 2298 1107 2368 γὰρ
1138 2298 1277 2369 ᾔδει,
1328 2301 1427 2354 οὐκ
1458 2302 1525 2355 ἂν
1570 2302 1769 2373 ᾔσθετο
1800 2304 1909 2356 τῶν

334 2384 663 2452 γινομένων.
698 2388 823 2440 Ὀτε
856 2389 989 2455 γοῦν
1016 2391 1253 2460 ἤκουσεν
1281 2394 1363 2446 ὅτι
1397 2395 1471 2464 μὴ
1504 2394 1681 2458 ἄλλως
1708 2396 1809 2449 οῐει
1841 2413 1908 2466 με

336 2476 809 2542 κεχρηματικέναι
862 2496 965 2545 σοι,
1009 2482 1041 2553 ἢ
1096 2482 1182 2535 ἵνα
1230 2484 1513 2555 ἀναφανῇς
1555 2485 1785 2551 δίκαιος,
1822 2489 1908 2540 έν-

335 2566 621 2635 νοήσωμεν
646 2569 763 2633 πῶς
786 2572 893 2624 ἀπὸ
912 2572 1070 2642 ψιλοῦ
1097 2575 1339 2644 ῥήματος
1362 2577 1564 2640 εὐθέως
1584 2579 1907 2646 ἀνέπνευσε,

334 2659 455 2720 πῶς
489 2660 837 2730 ὲξηυτέλισεν
871 2666 1085 2731 ἑαυτὸν,
1120 2669 1238 2730 πῶς
1266 2670 1387 2723 οὐδὲ
1435 2671 1761 2726 πεπονθέναι
1792 2673 1907 2725 ένόο

337 2767 497 2818 μισεν
532 2753 675 2821 ἅπερ
724 2754 948 2823 ἔπαθεν,
979 2758 1123 2812 οὕτω
1167 2761 1370 2829 λέγων·
1409 2762 1476 2814 Τί
1523 2762 1604 2815 έτι
1646 2765 1905 2833 κρίνομαι

335 2844 758 2915 νουθετούμενος
785 2851 879 2901 καὶ
913 2852 1266 2921 ἐλεγχόμενος
1289 2853 1393 2905 ὑπὸ
1426 2856 1661 2921 Κυρίου,
1691 2856 1906 2909 ἀκούων

333 2936 531 3000 ταῦτα,
566 2939 720 2992 οὐδὲν
746 2939 819 2992 ὢν
856 2942 1005 3007 byth;
1041 2943 1147 2995 Καὶ
1178 2944 1381 2995 πάλιν·
1429 2944 1589 3013 Ἀκοῇ
1643 2947 1742 3013 μὲν
1770 2945 1906 3007 ὠτὸς

333 3028 534 3096 ἤκουόν
590 3048 683 3083 σου
729 3033 789 3084 τὸ
834 3033 1135 3104 πρότερονο
1164 3035 1258 3087 νῦν
1294 3035 1353 3088 δὲ
1393 3038 1421 3088 ὁ
1476 3014 1753 3106 ὀφθαλμός
1801 3055 1903 3105 μου

333 3119 552 3190 ἑώρακέ
590 3140 647 3175 σε
674 3140 686 3152 ·
712 3123 795 3176 διὸ
822 3125 1089 3191 ἐφαύλισα
1118 3126 1353 3195 ἐμαυτὸν
1380 3128 1477 3180 καὶ
1507 3128 1710 3198 ὲτάκην
1730 3145 1743 3158 ο
1768 3130 1905 3199 ἥγη-

334 3230 437 3283 μαι
462 3215 519 3267 δὲ
558 3216 791 3285 ἐμαυτὸν
831 3217 937 3285 γῆν
969 3219 1063 3272 καὶ
1098 3219 1314 3274 σποδόν.

414 3439 501 3494 ια’.
536 3441 982 3510 Κατανοὴσωμεν
1011 3441 1193 3494 τοίνυν
1221 3441 1485 3512 ἀκριϐῶς,
1514 3444 1643 3496 πότε
1670 3439 1738 3514 ἦν
1769 3444 1905 3512 λαμ-

335 3534 602 3603 πρότερος
646 3536 674 3585 ὁ
718 3533 855 3598 Ὶὼὸ,
901 3534 992 3586 ὅτε
1038 3534 1137 3604 τὴν
1184 3535 1364 3586 οίκίαν
1406 3535 1572 3587 αὑτοῦ
1621 3538 1756 3589 πᾶσι
1794 3539 1906 3599 τοῖς

334 3625 630 3695 παριοῦσιν
668 3625 935 3692 ἁνεώγνυ,
970 3628 1161 3678 καὶτὰ
1199 3626 1328 3679 ὄντα
1379 3628 1614 3692 ἐξεδίδου
1661 3631 1775 3690 τοῖς
1807 3630 1905 3682 πέ-

332 3736 521 3789 νησιν·
572 3719 604 3790 ἢ
655 3720 746 3773 ὅτε
804 3721 1044 3783 ἀκούσας
1094 3710 1752 3791 αὐτὴνκατενεχθεῖσαν,
1805 3724 1905 3775 οὐκ

332 3811 810 3879 ἂπεδυσπέτησεν,
866 3811 988 3865 οὐδὲ
1031 3811 1333 3880 ἐφθέγξατό
1393 3830 1445 3865 τι
1481 3815 1635 3883 ῥῆμα
1684 3815 1904 3883 πικρζν,

331 3902 452 3957 ἀλλ’
503 3905 791 3973 εὐφήμησε
843 3903 937 3956 τὸν
983 3903 1149 3956 Θεόν·
1206 3905 1338 3956 πότε
1379 3896 1767 3974 φαιδρότεροςξ
1817 3905 1907 3958 ὅτε

333 3995 491 4047 ἔθυεν
517 3995 658 4059 ὑπὲρ
685 3996 795 4047 τῶν
824 3996 1051 4061 παίδων,
1096 3997 1193 4049 καὶ
1233 3996 1370 4066 πρὸς
1414 3998 1672 4066 ὁμόνοιαν
1709 3997 1908 4059 αὐτοὺς

331 4079 491 4153 ἦγεν,
525 4078 679 4167 pars
713 4084 1176 4154 καταχωσθέντων
1223 4086 1403 4138 αὐτῶν
1431 4085 1525 4139 καὶ
1556 4084 1774 4155 θανάτῳ
1814 4103 1907 4139 πιο

334 4175 456 4243 κρῷ
485 4176 545 4227 τὸ
577 4174 677 4244 ζῇν
720 4175 1209 4245 ἑκμετρησάντων,
1255 4179 1392 4246 μετά
1434 4177 1641 4245 πολλῆς
1686 4178 1786 4246 τῆς
1818 4195 1907 4245 φι-

333 4267 596 4337 λοσοφίας
641 4267 839 4338 ἤνεγκε
873 4268 935 4319 τὸ
966 4268 1186 4336 συμῧάν
1211 4284 1226 4298 ⁸
1267 4268 1391 4321 τότε
1441 4269 1643 4338 μᾶλλον
1677 4269 1907 4339 ἐξέλαμ-

331 4354 435 4424 ψεν
466 4357 552 4407 ὅτε
583 4357 691 4409 ἀπὸ
711 4357 808 4425 τῆς
840 4358 1045 4427 κουρᾶς
1069 4357 1175 4410 τῶν
1198 4358 1489 4426 προϐάτων
1511 4359 1639 4421 τοὺς
1666 4362 1908 4429 γυμνοὺς

335 4446 687 4516 περιέϐαλεν,
716 4448 749 4517 ἢ
782 4450 871 4500 ὅτε
905 4447 1147 4510 ἀκούσας
1178 4450 1263 4502 ὅτι
1296 4450 1409 4524 πῦρ
1437 4448 1632 4502 ἔπεσεν
1659 4450 1719 4515 ἐξ
1747 4452 1910 4521 οὐρα-

2015 1928 2231 1967 auream
2260 1930 2420 1983 quam
2457 1918 2675 1972 erexisti
2707 1933 2812 1974 non
2848 1922 3326 1989 adoramus.Quod
3351 1930 3584 1982 maxima

2012 2006 2320 2060 adhortatio
2376 2017 2495 2063 erat
2550 2011 2654 2073 bis,
2694 2012 2840 2066 clare
2886 2015 3032 2069 scire
3083 2031 3141 2070 se
3187 2032 3282 2084 pro
3331 2018 3439 2073 Deo
3472 2020 3580 2086 pati

2013 2100 2153 2165 quod
2188 2101 2550 2168 patiebantur.
2613 2103 2708 2158 Ille
2757 2120 2886 2158 vero
2963 2108 3243 2163 nesciebat
3287 2125 3345 2165 se
3389 2127 3485 2180 pro
3513 2127 3583 2166 eo

2012 2193 2123 2259 pati
2157 2195 2452 2248 luctamina
2478 2205 2530 2248 et
2548 2211 2771 2264 pugnas.
2800 2197 2855 2251 Si
2876 2200 3018 2252 enim
3062 2202 3329 2262 scivisset.
3356 2219 3457 2258 non
3493 2220 3586 2258 ac-

2011 2285 2244 2339 cidentia
2271 2288 2556 2341 sensisset.
2592 2287 2825 2353 Quando
2850 2291 3012 2359 igitur
3038 2292 3242 2345 audivit
3272 2295 3537 2350 dicentem
3564 2312 3586 2349 τ

2010 2376 2088 2432 Ne
2114 2378 2269 2433 aliter
2298 2390 2455 2448 putes
2491 2396 2575 2434 me
2605 2382 2895 2450 temetipso
2958 2399 3113 2436 usum
3148 2399 3290 2444 esse.
3330 2402 3491 2454 quam
3522 2400 3581 2441 ut

2009 2485 2273 2539 appareas
2306 2471 2508 2538 justus,
2559 2473 2855 2543 cogitemus
2906 2477 3175 2543 quomodo
3209 2487 3429 2543 pmpter
3462 2479 3587 2532 exi-

2010 2579 2171 2631 guum
2208 2565 2429 2617 verbum
2490 2564 2597 2617 cito
2641 2564 3013 2633 respiraverit,
3065 2570 3336 2635 quomodo
3360 2582 3418 2621 se
3461 2569 3584 2622 vili-

2010 2657 2225 2724 pendat,
2266 2655 2536 2723 quomodo
2564 2671 2631 2708 ue
2690 2670 2907 2724 passum
2976 2657 3191 2725 quide'n
3234 2673 3293 2712 se
3322 2673 3440 2713 esse
3463 2674 3593 2729 qua:

2011 2759 2202 2813 passus
2227 2754 2329 2807 est,
2370 2742 2444 2797 ita
2489 2743 2753 2811 loquens:
2803 2743 2944 2811 Quid
3000 2746 3177 2800 adhuc
3227 2747 3435 2815 judico,
3468 2766 3582 2803 mc-

2010 2839 2204 2905 ipsum,
2229 2852 2392 2903 quum
2432 2836 2726 2891 admonear
2780 2847 2835 2890 et
2893 2851 3091 2904 arguar
3130 2854 3160 2892 a
3198 2839 3443 2903 Domino,
3486 2855 3586 2894 au-

2006 2930 2160 2984 diens
2192 2930 2303 2984 haec
2324 2928 2412 2997 qui
2446 2928 2579 2982 nihil
2629 2928 2792 2983 sum?
2822 2928 2885 2981 Et
2919 2944 3103 2985 rursus
3131 2945 3150 2987 :
3190 2930 3387 2985 Auditn
3432 2933 3582 2987 auris

2008 3019 2290 3075 audiebam
2327 3031 2378 3073 te
2404 3020 2555 3089 prius
2588 3035 2605 3086 ;
2638 3034 2777 3073 nunc
2816 3030 2995 3075 autem
3047 3022 3236 3077 oculus
3272 3038 3420 3079 meus
3454 3023 3591 3080 vidit

2009 3125 2061 3165 te
2092 3130 2108 3175 ;
2136 3113 2256 3166 ideo
2276 3112 2437 3166 vilem
2466 3126 2557 3167 me
2605 3111 2850 3179 reputavi
2903 3121 2960 3166 et
3013 3125 3366 3183 consumptus
3413 3130 3531 3169 sum
3564 3133 3589 3181 ς

1932 3215 1974 3270 ο
2011 3202 2273 3270 meipsum
2308 3202 2453 3257 enim
2496 3213 2554 3256 ut
2598 3212 2798 3258 terram
2850 3212 2905 3259 et.
2959 3202 3238 3273 pulverem
3289 3204 3595 3262 arbitratus

2014 3309 2156 3347 511111.

2084 3434 2168 3487 ll.
2214 3431 2503 3486 Videamus
2525 3431 2686 3502 igitur
2714 3433 3031 3503 diligenter,
3074 3435 3292 3504 quando
3322 3435 3596 3491 illustrior-

2011 3537 2122 3582 erat
2150 3526 2273 3590 Job,
2306 3540 2429 3578 cum
2472 3526 2686 3579 domum
2722 3540 2872 3579 suam
2934 3527 3185 3582 omnibus
3221 3529 3594 3596 praesentibus

2011 3624 2342 3692 aperiret,et
2376 3622 2662 3676 facultates
2710 3621 3037 3691 pauperibus
3097 3621 3267 3682 daret,
3330 3621 3412 3673 vel
3458 3634 3593 3675 cum

2011 3714 2186 3782 ipsius
2207 3714 2358 3764 ruina
2390 3712 2597 3775 audita,
2622 3727 2727 3764 non
2753 3712 2990 3765 animum
3011 3710 3312 3779 despondit,
3335 3727 3433 3765 nec
3463 3726 3595 3766 ver--

2011 3806 2137 3859 bqu
2172 3804 2300 3872 quid
2332 3804 2987 3871 amarumpronuntiavit,
3016 3802 3108 3855 sed
3140 3802 3411 3855 benedixit
3435 3802 3582 3868 Deo;

2011 3900 2225 3969 quando
2254 3897 2469 3961 clarior,
2503 3912 2622 3950 cum
2647 3894 2973 3949 sacriﬁcium
3001 3893 3221 3947 offerret
3252 3909 3347 3961 pro
3379 3896 3595 3959 puerisr

2010 4003 2065 4047 et
2111 3994 2177 4046 ad
2214 3992 2554 4046 concordiam
2590 4002 2690 4043 eos
2748 3989 2988 4049 duceret,
3019 3985 3101 4039 vel
3132 4001 3256 4041 cum
3290 3986 3594 4039 inliutnatis

2011 4084 2140 4147 illis,
2174 4092 2229 4135 et
2259 4091 2433 4135 morte
2486 4094 2673 4132 amara
2722 4078 2831 4131 vita
2875 4077 3179 4139 defunctis,
3224 4091 3345 4131 eum
3392 4091 3582 4145 magna

2011 4176 2278 4244 sapientia
2330 4174 2450 4227 tulit
2504 4169 2783 4225 eventus?
2811 4178 2937 4222 tunc
2999 4168 3168 4238 magis
3211 4168 3424 4222 ell‘ulsitt
3462 4182 3595 4219 cum-

2009 4266 2208 4319 vellere
2235 4263 2414 4317 ovium
2448 4262 2616 4315 nudos
2645 4260 2926 4325 vestiebat,
2955 4275 3114 4327 quam
3177 4274 3298 4313 cum
3362 4256 3601 4311 audiens»

2012 4359 2187 4425 ignem
2216 4357 2283 4409 de
2322 4354 2461 4409 caelo
2488 4353 2772 4418 cecidisse,
2830 4361 2884 4406 et
2946 4361 3188 4405 armenta
3236 4353 3393 4402 boum
3453 4364 3589 4402 wnr

2012 4449 2317 4521 pastoribus
2361 4450 2669 4510 devorasse,
2705 4457 2813 4499 non
2866 4445 3112 4499 turbatus
3161 4454 3264 4508 est,
3295 4444 3387 4497 sed
3440 4444 3601 4497 mitis

334 4539 450 4602 νοῦ,
493 4543 587 4594 καὶ
615 4541 888 4608 κατέφαγε
918 4540 1019 4609 τὴν
1048 4540 1252 4611 ἀγέλην
1296 4541 1449 4627 μετὰ,ι
1464 4542 1574 4594 τῶν
1606 4542 1902 4611 ποιμένων,

2015 4542 2373 4598 infortunium
2402 4540 2563 4595 tulit?
2620 4538 2773 4594 Tunc
2833 4554 3063 4607 magnus
3105 4546 3219 4592 erat
3249 4547 3304 4592 et
3332 4538 3597 4600 celebris,P

334 4634 397 4685 οὐ
424 4631 778 4700 διεταράχθη,
820 4631 960 4683 ἀλλά
1003 4633 1195 4700 πράως
1224 4622 1553 4703 ἠνεγκετὴν
1591 4634 1904 4703 συμφοράν.

336 4724 473 4775 Τότε
506 4722 677 4792 μέγας
705 4718 773 4793 ἦν
804 4722 897 4775 καὶ
931 4722 1239 4791 εὐδόκιμος,
1273 4724 1362 4776 ὅτε
1392 4726 1457 4792 τῇ
1487 4724 1648 4795 ὑγεία
1675 4725 1768 4777 τοῦ
1803 4725 1908 4777 σώ-

340 4833 511 4886 ματος
537 4816 672 4886 πρὸς
698 4815 797 4885 τὴν
829 4815 937 4867 τῶν
964 4814 1338 4884 ἀδικουμένων
1367 4818 1635 4887 ἐκέχρητο
1668 4834 1910 4886 προστα-

337 4911 483 4972 σίαν,
519 4907 827 4979 συντρίϐων
856 4908 955 4971 τὰς
1007 4907 1182 4977 μύλας
1206 4909 1316 4961 τῶν
1345 4910 1550 4961 ἀδίκων
1596 4910 1692 4964 καὶ
1720 4911 1782 4962 ἐκ
1816 4911 1912 4979 μέ-

336 5020 432 5055 σου
464 5001 693 5054 ὀδόντων
742 5000 923 5054 αὺτῶν
960 5000 1290 5068 ἐξαρπάζων
1328 5002 1705 5070 ἁρπάγματαο
1756 5000 1787 5070 ἢ
1823 5001 1913 5054 ὅτε

334 5096 397 5147 τὸ
428 5094 588 5163 σῶμα
642 5094 801 5147 τοῦτο
843 5093 1001 5158 αὐτὸ,
1044 5092 1107 5147 τὸ
1162 5094 1269 5147 τῶν
1307 5094 1685 5163 ἀδικουμένων
1745 5094 1912 5147 ὅπλον

235 5215 240 5218 -
337 5188 552 5257 ἑώρακε
589 5186 1017 5254 κατεσθιόμενον
1052 5185 1156 5238 ύπδ
1188 5186 1508 5255 σκωλήκων,
1543 5187 1636 5238 καὶ
1667 5187 1911 5256 καθήμε-

338 5296 429 5340 νος
465 5279 560 5330 ἐπὶ
589 5277 688 5347 τῆς
740 5279 997 5347 κοπρίας,
1029 5279 1190 5341 αὐτὸς
1243 5278 1373 5330 αὐτὸ
1413 5278 1662 5342 κατέξεε,
1728 5278 1911 5329 λαϐὼν

336 5370 633 5438 ὄστρακον,
665 5369 837 5422 ταῦτά
866 5387 949 5422 τοι
990 5371 1088 5423 καὶ
1123 5369 1297 5437 ἔλεγε,
1330 5370 1484 5440 τήκῳ
1529 5370 1783 5439 βώλακας
1809 5371 1909 5440 γῆς

336 5464 447 5515 ἀπὸ
478 5462 672 5531 ἰχῶρος
700 5462 857 5527 ξέων.
891 5462 1003 5517 Καί
1030 5480 1113 5514 τοι
1151 5464 1337 5514 ἐκεῖνα
1369 5463 1467 5527 μὲν
1502 5462 1676 5515 πάντα
1714 5479 1913 5531 κατορ-

338 5552 591 5621 θώματα,
616 5551 790 5604 ταῦτα
819 5553 875 5605 δὲ
923 5552 1224 5620 παθήματα
1253 5546 1319 5622 ἦν
1342 5566 1357 5582 ο
1402 5550 1516 5602 ἀλλ’
1561 5552 1709 5620 ὅμως
1740 5554 1913 5604 ταῦτα

339 5645 500 5698 αὑτὸν
532 5644 753 5698 ἐκείνων
795 5644 996 5713 μᾶλλον
1033 5643 1280 5710 ἀπέφηνε
1327 5642 1729 5710 λαμπρότερον.
1778 5644 1916 5695 Τότε

342 5737 444 5806 μὲν
480 5735 586 5806 γὰρ
618 5734 1001 5807 φιλάνθρωπος
1029 5730 1119 5804 ἦν,
1146 5733 1242 5786 νῦν
1271 5733 1327 5786 δὲ
1355 5734 1642 5802 φιλόσοφος
1668 5736 1876 5803 ἐγίνετο
1901 5779 1915 5802 ,

2014 4648 2134 4688 cum
2191 4630 2496 4684 valetudine
2536 4630 2780 4696 corporis
2818 4637 3061 4683 uteretur
3114 4628 3182 4681 ad
3217 4628 3581 4682 defensionem

2013 4724 2210 4792 injuste
2263 4722 2601 4792 patientium,
2626 4732 2910 4776 conterens
2964 4720 3287 4791 injustorurn
3339 4722 3505 4775 molas
3532 4731 3586 4772 rt

2018 4818 2083 4871 de
2111 4817 2300 4870 mediis
2334 4816 2585 4871 dentibus
2626 4832 2814 4871 eorum
2854 4815 3075 4884 rapinas
3114 4816 3371 4885 eripiens,
3404 4818 3601 4882 auag‘s

2019 4924 2181 4978 quam
2215 4909 2339 4961 dum
2373 4924 2572 4976 corpus
2613 4910 2715 4962 hoc
2756 4908 2928 4976 ipsum
2968 4908 3218 4975 iniuriam
3267 4909 3597 4977 patientium-

2021 5002 2480 5070 propugnaculum
2537 5003 2854 5055 devoratum
2913 5002 3185 5056 vermibus
3241 5000 3393 5061 vidit,
3437 5001 3580 5053 etin

2026 5094 2149 5147 lium
2176 5094 2390 5157 sedens,
2413 5094 2525 5161 ipse
2551 5095 2674 5147 illud
2700 5094 2951 5147 scabebat
2970 5133 2984 5154 ,
3009 5103 3197 5146 tenens
3221 5099 3445 5157 testam,
3472 5092 3588 5144 haec

2011 5188 2227 5255 quidem
2283 5187 2495 5239 dicebat
2528 5204 2541 5238 :
2569 5184 2812 5240 Tabesco
2846 5196 3001 5238 terra:
3030 5184 3211 5252 glebas
3240 5199 3267 5235 a
3304 5187 3604 5253 putredine‘

2010 5280 2260 5331 st-abens.
2291 5278 2355 5331 Et
2386 5279 2475 5331 illa
2514 5280 2731 5344 quidem
2796 5278 2978 5332 omnia
3029 5278 3362 5345 prosperitas
3403 5290 3597 5341 erant,

2011 5372 2125 5424 haec
2166 5372 2409 5425 dolores.
2429 5372 2530 5423 Sed
2556 5370 2666 5423 lure
2693 5380 2873 5423 tamen
2907 5375 3078 5438 ipsum
3108 5371 3459 5439 magisquam
3502 5370 3591 5423 illa

2012 5462 2356 5514 illnstriormn
2438 5462 2881 5515 ntauifcstarunl.
2923 5460 3072 5515 Tunc
3123 5462 3265 5515 enim
3318 5462 3596 5516 humanus

2010 5563 2150 5616 erat,
2198 5569 2340 5606 mtuc
2390 5554 2645 5617 sapiens;
2687 5562 2815 5606 tunc
2863 5569 3158 5622 pauperum
3208 5555 3587 5621 miserebatur,

2023 5660 2166 5700 nunc
2192 5657 2368 5697 autem
2410 5645 2635 5699 Domino
2694 5645 2899 5714 gratias
2939 5648 3071 5714 agit,
3130 5649 3254 5716 quia
3302 5648 3401 5699 scit
3432 5649 3499 5698 ab
3527 5664 3591 5699 eu
3666 5680 3671 5687 .

2021 5748 2215 5791 cuncta
2256 5738 2467 5806 disponi
2512 5737 2577 5791 ad
2624 5736 2935 5791 utilitatem.
2964 5735 3026 5789 Et
3063 5749 3117 5790 ut
3152 5737 3443 5799 discamus,
3476 5754 3590 5789 ma-
