4064 6292
333 321 436 381 933

1666 323 1987 386 ETflICJN
2033 327 2133 386 Π.

3462 354 3575 430 sat,

328 434 481 499 ζουσι
511 433 728 503 βλέπειν
760 434 852 485 καὶ
891 434 988 503 τὴν
1024 436 1254 502 κοπρίαν
1303 433 1538 504 ἐκείνην,
1579 437 1859 514 καίτοῦτο

1962 439 2244 505 pretiosis
2314 453 2584 502 ornatum,
2656 455 2705 497 et
2767 451 2946 502 nescio
3004 455 3174 520 quid:
3212 460 3410 512 etenim
3463 480 3566 519 mm

327 530 386 578 ἐν
419 528 559 596 μέσῃ
603 528 669 594 τῇ
705 525 908 595 κοπρίᾳ.
956 529 1290 594 καθήμενον,
1323 525 1415 578 τὸν
1453 527 1748 596 ἀνδριάντα
1800 529 1890 581 τὸν

325 621 582 689 χρυσοῦν,
618 618 710 670 τὸν
741 617 998 676 διάλιθον,
1038 619 1127 670 τὸν
1161 621 1261 670 οὐκ
1293 613 1410 672 οἶδα
1444 620 1559 682 πῶς
1592 620 1731 671 εἴπω
1755 636 1766 648 ’
1797 622 1891 672 καὶ

323 714 432 781 γὰρ
454 712 553 764 οὐκ
583 712 689 780 ἒχω
727 710 915 778 τιμίαν
949 711 1119 772 οὑτως
1155 710 1284 778 ὓλην
1316 712 1518 778 εὑρεῖν,
1550 711 1622 772 ὡς
1657 712 1892 781 δυνηοῆ-

322 822 411 856 ναι
459 803 797 870 παραϐαλεῖν
832 803 890 854 τὸ
938 801 1257 870 ᾑμαγμένον
1308 803 1484 854 ἐκεῖνο
1515 804 1673 871 σῶμα
1696 818 1710 833 '
1748 802 1890 855 οὑτω

322 896 504 962 πάσης
556 895 686 962 ὑλης
728 894 912 961 τιμίας
961 895 1024 944 ἐκ
1072 892 1269 944 πολλοῦ
1303 893 1398 944 τοῦ
1457 894 1761 960 περιόντος,
1794 895 1899 961 τῆς

325 987 525 1055 σαρκὸς
556 986 772 1054 ἐκείνης
803 987 835 1054 ἡ
871 984 1031 1051 φύσις
1072 985 1346 1037 ἐδείκνυτο
1380 985 1760 1053 λαμπροτέρα,
1797 989 1890 1036 καὶ

316 1080 386 1132 τὰ
417 1077 706 1148 τραύματα
736 1076 846 1128 τῶν
877 1077 1116 1145 ἡλιακῶν
1146 1077 1384 1129 ἀκτίνων
1415 1075 1767 1146 φαιδρότερα.

390 1216 470 1268 ιδ’.
511 1216 623 1268 Καὶ
681 1214 824 1284 μάλα
863 1213 1130 1276 εἰκότωςο
1167 1206 1325 1266 αὗται
1373 1214 1473 1282 μὲν
1517 1214 1627 1284 γὰρ
1662 1216 1758 1275 τὰς
1790 1214 1885 1266 τοῦ

316 1307 568 1376 σώματος
593 1306 1032 1373 καταυγάζουσιν
1058 1305 1228 1373 ὄψεις,
1261 1305 1447 1358 ἐκεῖνα
1473 1306 1618 1358 δὲτὰ
1643 1306 1742 1375 τῆς
1770 1307 1884 1358 δια-

315 1399 466 1460 νοίας
495 1398 655 1466 ἡμῶν
688 1396 1019 1464 φωτίζουσιν
1052 1396 1278 1464 ὄμματα
1299 1413 1312 1427 ’
1356 1396 1437 1448 διὸ
1469 1397 1678 1448 δίκαιον
1710 1396 1883 1449 ταῦτα

315 1487 607 1557 περιφέρει
633 1488 777 1556 ἡμᾶς
807 1488 862 1536 ἐν
895 1485 968 1554 νῷ
990 1501 1004 1516 ·
1033 1488 1124 1538 καὶ
1154 1487 1278 1538 ὅταν
1313 1488 1369 1551 ἐξ
1394 1488 1580 1555 οὐρίας
1609 1485 1880 1554 πλέωμεν,

313 1579 375 1630 τὸ
405 1582 663 1646 ναυάγιον
697 1577 1092 1646 φοϐουμένουςο
1125 1580 1216 1630 καὶ
1252 1578 1377 1630 ὅταν
1421 1580 1750 1648 πειρασμοῖς
1789 1596 1884 1630 πε-

318 1672 690 1739 ριπίπτωμεν,
717 1670 780 1721 -τδ
806 1671 869 1721 ἐκ
892 1671 990 1738 τῆς
1019 1669 1296 1739 ὑπομονῆς
1320 1669 1632 1730 ἐννοοῦντας
1658 1670 1846 1739 κέρδος
1864 1687 1876 1698 ·

312 1764 389 1826 ὡς
418 1765 526 1832 γὰρ
550 1764 614 1814 ἐν
640 1762 716 1831 τῷ
747 1766 1032 1832 σκάμματι
1064 1763 1151 1814 τὸν
1177 1763 1414 1831 ἀθλητὴν
1440 1762 1536 1816 καὶ
1569 1763 1755 1831 ἱδρῶτι
1788 1765 1880 1814 καὶ

309 1857 456 1910 κόνει
485 1858 577 1909 καὶ
611 1854 786 1924 θέρμῃ
814 1855 1001 1922 πολλῇ,
1027 1856 1121 1907 καὶ
1145 1855 1324 1917 πόνοις
1357 1855 1448 1908 καὶ
1477 1855 1874 1921 ταλαιπωρίαις

309 1944 584 2014 μάχεσθαι
637 1946 737 2006 δεῖ,
779 1943 918 1997 οὑτω
944 1946 1038 1998 καὶ
1092 1945 1184 1996 τὸν
1228 1947 1452 2012 ἄριστον
1480 1947 1574 1998 τοῦ
1632 1947 1871 2017 Χριστοῦ

309 2037 651 2106 στρατιώτην
691 2039 861 2089 πολλὰ
906 2038 1084 2107 χρεὼν
1130 2038 1424 2107 ὑπομένειν
1473 2038 1728 2103 ἐνταῦθα,
1779 2043 1872 2092 καὶ

305 2133 486 2182 πάντα
517 2131 704 2197 φέρειν
731 2131 1012 2196 γενναίως,
1045 2129 1097 2182 εἴ
1125 2146 1186 2194 γε
1217 2129 1400 2198 μέλλοι
1430 2129 1716 2199 λαμπροὺς
1740 2131 1871 2182 ἀπο-

303 2219 572 2288 λήψεσθαι
603 2222 729 2282 τοὺς
761 2223 1086 2292 στεφάνους.
1113 2221 1174 2272 Ei
1207 2220 1312 2288 γὰρ
1344 2221 1405 2289 δὴ
1435 2223 1594 2290 σῶμα
1628 2224 1870 2292 μακαρί-

305 2312 496 2380 ζομεν,
526 2313 586 2365 τὸ
634 2313 933 2381 δυνάμενον
961 2312 1131 2380 ψύχος
1176 2315 1268 2364 καὶ
1301 2310 1489 2378 καῦμα
1523 2313 1712 2379 φέρειν
1741 2312 1869 2364 ἀλύ-

303 2423 444 2466 πως.
492 2407 586 2457 καὶ
637 2406 819 2471 λιμὸν,
867 2406 961 2457 καὶ
998 2405 1228 2470 ἔνδειαν,
1273 2405 1366 2456 καὶ
1411 2404 1741 2473 ὁδοιπορίαν,
1778 2405 1870 2457 καὶ

299 2497 676 2567 ταλαιπωρίας
709 2499 922 2567 ἐτέρας,
965 2499 1144 2565 πολλῷ
1177 2499 1376 2567 μᾶλλον
1420 2499 1501 2551 δεῖ
1547 2497 1869 2567 μακαρίζειν

297 2589 475 2659 ψυχὴν
504 2589 602 2659 τὴν
650 2589 957 2658 δυναμένην
993 2592 1279 2659 καρτερῶς
1311 2591 1405 2642 καὶ
1447 2591 1710 2659 γενναίως
1755 2590 1865 2642 τῶν

297 2682 486 2733 δεινῶν
517 2684 614 2742 τὰς
650 2681 957 2749 προσϐολὰς
1005 2681 1301 2749 ὑπομένειν
1336 2682 1575 2744 ἁπάσας,
1629 2680 1721 2732 καὶ
1752 2681 1866 2732 δια-

300 2777 489 2841 τηρεῖν
539 2774 838 2826 ἀδούλωτον
885 2775 1054 2842 αὑτῆς
1090 2777 1179 2828 διὰ
1232 2776 1453 2826 πάντων
1491 2774 1551 2826 τὸ
1583 2775 1862 2844 φρόνημα.

299 2869 513 2936 ’Ὠσπερ
546 2866 637 2921 οὖν
667 2871 698 2939 ἡ
724 2870 922 2938 ἀργίας
957 2870 1051 2920 καὶ
1087 2869 1269 2932 ἀδείας
1315 2867 1664 2921 ἀπολαύουσα
1695 2866 1863 2935 ψυχὴ,

297 2960 536 3019 εὐκόλως
569 2959 670 3010 ὑπὸ
702 2977 808 3010 των
843 2958 1029 3009 παθῶν
1081 2958 1378 3013 ἁλίσκεται,
1413 2956 1585 3018 οὕτως
1623 2957 1652 3024 ἡ
1688 2957 1864 3025 διηνε-
1905 3013 1908 3015 _

300 3051 412 3111 κῶς
441 3053 552 3112 τοῖς
586 3052 725 3120 ὑπὲρ
757 3050 854 3116 τῆς
883 3049 1084 3118 ἀρετῆς
1117 3054 1324 3116 ἀγῶσιν
1365 3051 1709 3118 ἐσχολακυία,
1740 3051 1857 3100 οὔδε

1993 530 2143 580 valeo
2175 531 2387 600 dignun
2423 537 2555 589 satis
2603 539 2881 593 materiam
2913 545 3149 610 reperire
3166 564 3325 615 quam
3355 558 3566 621 corpori

1992 618 2080 671 isti
2120 623 2415 688 sanguineo
2452 626 2697 684 conferre
2727 635 2926 698 possim
2959 653 2971 699 ;
3002 636 3073 690 ita
3117 652 3308 696 cuneta
3334 618 3567 702 pretiosa

1995 714 2219 765 materia
2252 731 2314 768 cx
2353 717 2529 769 multis
2561 736 2680 786 quae
2713 723 2955 778 ambiunt
2984 732 3162 785 carnis
3188 733 3342 787 istius
3365 751 3558 792 natura

1993 802 2250 857 illustrior
2302 809 2614 874 apparebat,
2666 822 2718 866 et
2769 815 2990 872 vulnera
3038 822 3168 877 solis
3230 826 3394 884 radiis
3451 819 3577 885 cla-l

1990 910 2156 950 riora.

2062 1211 2147 1264 14.
2193 1213 2260 1266 Et
2292 1215 2445 1270 valde
2473 1231 2597 1270 vere
2634 1236 2648 1272 :
2683 1219 2736 1273 hi
2768 1224 2909 1276 enim
2946 1230 3189 1294 corporis
3229 1231 3399 1286 visum
3441 1234 3559 1288 illu-

1989 1302 2218 1365 minant,
2255 1304 2339 1359 illa
2376 1305 2742 1377 intelligentiae
2778 1323 2976 1367 nostra!
3025 1319 3210 1373 oculos
3253 1317 3514 1376 illustrant
3545 1346 3555 1382 :

1986 1391 2106 1444 ideo
2159 1393 2304 1466 justo
2357 1396 2472 1449 lucc
2532 1414 2628 1452 nos
2702 1401 3093 1459 circumferunt
3145 1410 3195 1460 iu
3254 1414 3432 1466 mente
3468 1431 3482 1478 ;
3513 1426 3557 1468 et

1983 1486 2196 1550 quando
2229 1495 2388 1539 vento
2414 1503 2672 1557 prospero
2716 1495 3050 1563 navigamus,
3105 1501 3444 1570 naufragium
3491 1511 3553 1561 ti-

1983 1585 2221 1641 mentes;
2250 1587 2300 1630 et
2325 1583 2534 1646 quando
2554 1586 2938 1666 tentitionibus:
2984 1591 3284 1657 obruimur,
3312 1607 3559 1664 questum

1983 1682 2013 1719 e
2044 1668 2298 1732 patientia
2345 1670 2633 1727 intuentes.
2700 1674 2764 1730 Ut
2807 1681 2947 1731 cnim
3003 1683 3052 1733 in
3103 1699 3262 1738 arena
3298 1690 3556 1743 athletam

1918 1779 1954 1830 Β
1985 1769 2200 1826 oportet
2230 1773 2284 1816 et
2317 1765 2514 1817 sudore
2537 1776 2588 1818 ct
2629 1767 2846 1834 pulvere
2879 1781 2930 1823 et
2966 1773 3147 1828 calore
3183 1779 3369 1841 multo,
3401 1792 3453 1834 et
3485 1783 3554 1833 laa

1981 1851 2203 1907 boribus
2234 1863 2284 1907 et
2341 1856 2574 1910 miseriis
2631 1873 2890 1928 pugnare,
2957 1864 3029 1917 ita
3101 1868 3318 1922 militem
3351 1872 3552 1928 Christi

1974 1942 2258 2007 optimum,
2319 1945 2406 2010 qui
2470 1947 2630 1999 multa
2692 1951 2846 2004 debet
2905 1953 3010 2020 pati
3075 1957 3122 2008 in
3180 1959 3279 2012 hac
3331 1963 3456 2027 vita,
3494 1978 3551 2021 et

1975 2036 2152 2085 omnia
2185 2050 2446 2102 generose
2496 2038 2659 2104 ferre,
2697 2042 2741 2095 si
2791 2060 3020 2100 coronas
3070 2053 3313 2115 accipere
3362 2057 3547 2112 debeat

1978 2125 2197 2178 multas.
2237 2128 2291 2180 Si
2325 2129 2465 2181 enim
2497 2147 2696 2200 corpus
2744 2135 2956 2189 beatum
2996 2139 3224 2198 dicimus
3268 2149 3408 2214 quod
3455 2165 3548 2218 po-

1978 2225 2081 2266 test
2117 2215 2284 2279 frigus
2309 2230 2360 2271 et
2395 2223 2626 2275 calorem
2654 2226 2769 2277 sine
2801 2228 3014 2282 tristitia
3054 2230 3214 2296 ferre,
3243 2246 3297 2289 et
3330 2215 3548 2306 famem,

1974 2313 2027 2355 et
2057 2304 2309 2371 inepiam,
2347 2318 2396 2360 et
2443 2311 2543 2363 iter
2573 2319 2625 2363 et
2674 2315 2920 2370 miserias
2944 2319 3094 2382 alias,
3153 2325 3322 2378 multo
3380 2304 3545 2397 magis

1973 2397 2128 2450 beata
2159 2401 2378 2453 dicenda
2413 2413 2494 2456 est
2527 2405 2708 2460 anima
2734 2425 2850 2476 qua:
2876 2411 3014 2464 valet
3053 2415 3268 2469 fortiter
3302 2430 3354 2472 et
3385 2438 3544 2488 gene-

1973 2491 2535 2546 roseinfortuniorum
2598 2512 2884 2565 aggressus
2932 2518 3121 2558 omnes
3177 2512 3462 2575 sustinere,
3494 2523 3543 2568 et

1975 2596 2070 2646 per
2100 2584 2278 2635 omnia
2317 2586 2636 2640 sententiam
2681 2604 2832 2642 suam
2883 2605 3033 2646 extra
3085 2599 3396 2656 servitutem
3430 2619 3542 2656 ser-

1972 2689 2124 2728 vare.
2159 2674 2227 2729 Ut
2277 2678 2418 2729 enim
2476 2681 2666 2732 inertia
2717 2691 2772 2735 et
2826 2686 3114 2739 securitate
3148 2688 3332 2745 fruens
3361 2697 3544 2748 anima

1973 2767 2126 2820 facile
2157 2767 2533 2823 afflictionibus
2577 2784 2899 2838 occupatur,
2937 2776 3008 2829 ita
3051 2782 3390 2849 quzejngiter
3423 2801 3540 2840 ver-

1971 2868 2122 2910 satur
2179 2859 2230 2910 in
2291 2861 2507 2914 virtutis
2566 2864 2779 2931 pugnis,
2839 2880 3008 2933 neque
3059 2868 3252 2925 intueri
3304 2891 3538 2944 unquam

1969 2951 2282 3004 certaminis
2321 2965 2504 3004 coram
2559 2963 2732 3016 vacat,
2785 2969 3001 3010 cumse
3032 2961 3098 3012 ab
3151 2961 3233 3015 his
3286 2969 3538 3023 omnibus

1969 3042 2312 3095 abstrztxerit.
2347 3041 2462 3095 Non
2521 3046 2660 3096 enim
2689 3044 2824 3098 bene
2867 3063 3027 3117 agere
3087 3062 3314 3117 tantum,
3340 3059 3431 3110 sed
3483 3071 3537 3114 et

299 3143 496 3211 σχολὴν
535 3142 656 3208 ἄγει
686 3141 858 3193 ταῦτα
903 3142 1148 3208 ἐννοῆσαί
1193 3157 1322 3191 ποτε
1359 3141 1456 3207 τῆς
1488 3143 1614 3208 περὶ
1647 3141 1716 3191 τὰ
1753 3158 1853 3191 πα-

1962 3134 2081 3185 mali
2114 3135 2238 3199 quid
2283 3135 2389 3201 pati
2423 3136 2641 3188 multam
2682 3141 2979 3192 mercedem
3006 3141 3226 3199 habent.
3260 3147 3534 3212 Quamob-

296 3235 576 3302 λαίσματα
606 3238 897 3302 μερίμνης,
932 3232 1151 3285 πάντων
1174 3233 1338 3300 αὐτὴν
1376 3232 1694 3298 ἀπαγοὺσης
1720 3233 1850 3284 ἐκεί

296 3342 404 3377 νων
425 3341 436 3354 ·
471 3325 530 3376 οὑ
562 3326 668 3393 γὰρ
689 3325 749 3375 τὸ
776 3323 998 3392 ποιῆσαί
1028 3341 1079 3374 τι
1117 3323 1354 3392 χρηστὸν
1388 3323 1572 3390 μόνον,
1606 3320 1742 3374 ἀλλὰ
1769 3323 1858 3374 καὶ

293 3417 358 3464 τὸ
385 3414 574 3468 παθεῖν
605 3432 656 3466 τι
701 3415 887 3476 κακὸν,
922 3413 1120 3474 πολλάς
1152 3413 1265 3481 ἔχει
1313 3415 1410 3474 τὰς
1459 3411 1718 3478 ἀμοιϐάς.
1759 3411 1860 3461 Διά

293 3507 359 3575 δὴ
414 3507 568 3559 τοῦτο
608 3505 701 3558 καὶ
755 3506 1030 3573 συγχωρεῖ
1088 3503 1349 3564 πολλάκις
1396 3505 1423 3553 ὁ
1476 3501 1858 3569 φιλάνθρωπος

1972 3241 2084 3279 rem
2119 3240 2257 3293 smpe
2319 3226 2598 3279 hominum
2638 3239 2844 3281 amator
2874 3229 3010 3284 Deus
3030 3233 3292 3300 gloriosos
3329 3238 3380 3292 in
3416 3241 3534 3296 vita:

1969 3317 2213 3370 claritate
2258 3317 2540 3369 innumera
2597 3317 2681 3371 hic
2737 3320 2844 3385 pati
2900 3321 3197 3377 infortunia
3245 3329 3531 3395 permittit,

1967 3423 2058 3458 eos
2096 3407 2248 3458 Valtiu
2285 3406 2530 3474 diligens,
2564 3415 2774 3476 utquos
2805 3424 2904 3478 per
2933 3413 3046 3467 haec
3071 3419 3296 3474 adversa
3326 3431 3532 3477 atuatos

1967 3496 2224 3559 effecerit,
2252 3496 2572 3551 illustriores
2603 3501 2791 3554 melius
2819 3517 3063 3558 coronet.

293 3603 427 3663 Θεὸς
477 3603 602 3662 τοὺς
640 3602 965 3668 εὐδοκίμους
1010 3603 1065 3651 ἐν
1116 3599 1231 3667 βίου
1281 3598 1628 3666 λαμπρότητι
1682 3594 1856 3661 μυρία
1895 3592 2125 3659 πάσχειν
2157 3589 2392 3643 ἐνταῦθα
2413 3591 2581 3654 δεινά,
2613 3595 2821 3662 σφόδρα
2847 3597 3018 3663 φιλῶν
3043 3600 3262 3669 αὑτοὺς,
3325 3602 3400 3667 ὡς
3463 3606 3530 3660 ἂν

290 3693 381 3744 διὰ
405 3693 510 3744 τῶν
539 3693 728 3745 δεινῶν
753 3693 960 3745 τούτων
989 3693 1113 3754 τοὺς
1144 3691 1500 3759 φιλουμένους
1536 3684 1920 3754 ἐργασάμενος
1950 3683 2389 3753 λαμπροτέρους,
2420 3685 2742 3756 στεφανὼσῃ
2778 3689 3070 3754 μειζόνως.

367 3833 447 3881 ιε’.
483 3829 578 3879 Ἂν
619 3827 798 3879 τοίνυν
845 3826 1084 3895 ἀπολέσῃ
1141 3843 1223 3886 τις
1265 3826 1556 3892 χρήματα,
1610 3821 1852 3890 μηδόλως

283 3921 687 3988 δυσχερανάτω,
745 3918 879 3970 ἀλλά
928 3919 1188 3984 γενναίως
1244 3916 1480 3981 ἐνεγκὼν
1518 3915 1846 3983 εὐχαριστη-

285 4017 437 4066 σάτω
463 4013 541 4080 τῷ
569 4012 708 4080 Θεῷ,
736 4013 875 4064 κατὰ
896 4011 983 4062 τὸν
1023 4009 1144 4060 ’1ὼό
1168 4007 1357 4072 εἰπὼν,
1398 4008 1456 4060 Ὀ
1484 4007 1682 4075 Κύριος
1713 4006 1845 4058 ἔδωσ

280 4126 403 4170 κεν,
435 4110 460 4158 δ
504 4108 703 4176 Κύριος
746 4105 962 4173 ἀφεῖλε·
995 4105 1071 4166 ὡς
1111 4103 1184 4171 τῷ
1222 4103 1409 4172 Κυρίῳ
1440 4101 1636 4165 ἔδοξεν,
1673 4099 1846 4161 οὕτως

277 4201 379 4251 καὶ
405 4200 652 4264 ἐγένετο·
684 4197 768 4266 εἴη
810 4197 868 4248 τὸ
913 4197 1085 4264 ὄνομα
1120 4193 1324 4264 Κυρίου
1355 4192 1726 4262 ηὑλογημένον
1764 4191 1844 4250 είς

275 4294 372 4344 τὸν
401 4292 598 4343 αἰῶνα·
633 4293 726 4343 καὶ
769 4290 958 4358 κέρδος
993 4289 1093 4356 τὴν
1125 4287 1328 4356 ζημίαν
1360 4285 1447 4336 διὰ
1481 4285 1579 4353 τῆς
1623 4283 1844 4351 εὑχαρι-

2036 3818 2119 3872 15.
2162 3818 2217 3872 Si
2251 3819 2411 3887 igitur
2434 3823 2555 3887 quis
2583 3820 2718 3874 bona
2744 3823 2984 3877 amiserit
3020 3841 3356 3896 nequaquam
3383 3849 3525 3900 aegre

1955 3913 2112 3974 ferat,
2148 3912 2237 3964 sed
2273 3927 2531 3982 generose
2559 3914 2734 3966 ferens
2781 3914 2887 3968 Deo
2917 3918 3116 3984 gratias
3157 3933 3299 3986 agat,
3326 3923 3399 3976 uti
3424 3925 3523 3980 Job

1954 4001 2180 4064 dicens;
2215 4001 2470 4054 Dominus
2515 4003 2684 4062 dedit,
2726 4003 2980 4059 Dominus
3023 4007 3283 4074 abstulit;
3325 4022 3381 4066 ut
3421 4015 3524 4066 Do-

1953 4095 2100 4145 mino
2131 4091 2350 4159 placuit.
2390 4093 2587 4146 factum
2620 4105 2700 4148 est
2733 4111 2747 4157 ;
2783 4098 2853 4150 sit
2884 4112 3075 4152 nomen
3118 4099 3328 4155 Domini
3358 4104 3520 4159 bene-

1951 4185 2151 4237 dietum
2202 4186 2250 4237 in
2309 4195 2590 4240 aeternum.
2642 4188 2814 4256 Atque
2861 4188 3062 4243 lucrum
3121 4192 3374 4249 damnum
3424 4214 3519 4264 per

1949 4278 2245 4343 gratiarum
2281 4277 2546 4331 actionem
2601 4278 2812 4333 eliiciet.
2859 4277 2938 4334 Ne
2979 4283 3120 4335 dicat
3171 4285 3272 4336 sibi
3320 4285 3518 4353 injuste

276 4383 434 4444 στίας
467 4384 723 4448 ποιήσει·
759 4383 833 4450 μὴ
879 4383 1086 4434 εἰπάτω
1120 4382 1200 4432 ὅτι
1245 4379 1532 4448 ἄνθρωπος
1583 4375 1842 4443 ἀφείλατο

1962 4371 2015 4423 .tb
2045 4370 2261 4424 homine
2296 4371 2407 4423 hare
2441 4379 2593 4437 rapta
2642 4371 2807 4426 fuisse
2836 4390 2850 4438 ;
2886 4389 3004 4426 nam
3043 4378 3308 4443 quomodo
3335 4379 3516 4436 dicere

276 4472 455 4525 ταῦτα
485 4473 745 4540 ἀδικήσας
768 4488 781 4500 ·
813 4472 905 4523 καὶ
960 4472 1077 4533 πῶς
1120 4471 1418 4538 δυνήσομαι
1453 4469 1646 4532 εἰπεῖν,
1677 4469 1702 4518 ὁ
1732 4467 1844 4520 Κὺ.

279 4582 397 4634 ριος
431 4565 714 4632 ἀφείλετο;
753 4570 846 4616 καὶ
887 4567 912 4616 ὁ
954 4563 1071 4616 ’1ὼὸ
1100 4565 1207 4633 γὰρ
1252 4563 1288 4615 ἃ.
1324 4564 1350 4613 ό
1385 4562 1627 4622 διάϐολος
1658 4560 1838 4624 ἔλαϐε,

269 4654 448 4706 ταῦτα
478 4655 680 4722 ἔφησεν
709 4655 789 4706 ὅτι
825 4658 854 4707 ὁ
906 4653 1108 4720 Κύριος
1143 4655 1396 4720 ἀφείλετο
1420 4671 1434 4684 ο
1488 4653 1621 4720 μηδὲ
1673 4650 1840 4704 πάλιν

269 4745 485 4797 εἰπάτω
515 4762 620 4808 τις,
653 4746 734 4798 ὅτι
763 4745 863 4797 οὑκ
905 4746 1106 4807 εἰδότος
1135 4746 1256 4796 οὑδέ
1309 4743 1636 4812 βουλομένου
1670 4759 1771 4812 μου
1812 4743 1840 4794 ὁ

271 4836 477 4906 λῃστὴς
515 4837 672 4888 ἔλαϐε
721 4839 1039 4901 ταῦτα,καὶ
1088 4840 1239 4898 ποῖος
1291 4837 1443 4889 ἔσται
1493 4853 1581 4905 μοι
1619 4835 1833 4903 μισθὸς,

273 4929 377 4978 οὑκ
419 4930 558 4994 ἐμῆς
600 4929 821 4997 γνώμης
851 4927 945 4979 τοῦ
999 4929 1317 4998 πράγματος
1369 4930 1548 4990 ὃντος;
1579 4927 1699 4979 οὑδέ
1729 4929 1838 4996 γὰρ

269 5020 365 5071 τοῦ
408 5020 527 5070 Ἰὼΰ
580 5020 777 5082 είδότος
823 5020 941 5072 οὐδὲ
986 5020 1307 5088 βουλομένου
1357 5019 1528 5072 ταῦτα
1575 5019 1832 5086 ἐγένετο·

265 5110 388 5164 ἀλλ’
415 5111 560 5178 ὅμως
584 5111 680 5162 οὑκ
710 5112 930 5163 ἔλαττον
961 5114 1073 5179 ἔχει
1098 5114 1205 5164 τῶν
1234 5111 1607 5179 ἐλεημοσύνην
1637 5111 1834 5162 δόντων

267 5202 476 5262 ἐκεῖνος
511 5203 538 5254 ό
576 5200 648 5269 μὴ
680 5202 801 5261 δοὺς
831 5203 950 5253 τότε
979 5217 991 5230 °
1039 5203 1442 5270 Παραπλησίως
1480 5195 1572 5252 οὖν
1602 5200 1694 5250 καὶ
1728 5199 1834 5260 πᾶς

265 5311 351 5354 τις
391 5293 543 5355 ἄλλος
574 5294 890 5360 ἀφαιρεθεὶς
939 5295 1196 5362 χρήματα
1244 5295 1336 5344 καὶ
1370 5291 1692 5360 ὑπομείνας,
1743 5309 1833 5343 το-

269 5385 458 5435 σοῦτον
513 5385 740 5452 λήψεται
791 5385 1002 5454 μισθὸν,
1054 5388 1178 5437 ὅσον
1221 5387 1286 5437 ἂν
1337 5387 1383 5437 εἰ
1443 5383 1586 5436 ἑκὼν
1640 5381 1833 5452 Emme/5

263 5477 465 5542 ταῦτα,
506 5480 552 5529 εἰ
583 5479 718 5547 πρὸς
754 5480 989 5546 πένητας
1024 5478 1361 5545 δεδαπάνηκε
1391 5494 1404 5506 ·
1435 5479 1528 5529 καὶ
1561 5479 1788 5538 εἰκότως
1816 5491 1828 5504 ·

263 5567 456 5620 τοῦτον
487 5571 717 5640 καὶγὰρ
767 5571 1120 5640 θαυμάζομεν
1171 5571 1373 5637 μᾶλλον
1425 5570 1517 5621 τὸν
1567 5569 1832 5638 ἐπηρείας

267 5660 604 5730 εὐχαρίστως
646 5661 898 5732 φέροντα,
955 5663 986 5732 ἢ
1030 5662 1120 5713 τὸν
1167 5662 1358 5713 ἑκόντα
1393 5660 1604 5715 διδόντα
1629 5677 1643 5693 ⁸
1681 5660 1732 5713 τί
1767 5660 1828 5729 δή

1947 4463 2146 4531 possim
2175 4476 2188 4512 :
2223 4463 2479 4516 Dominus
2514 4463 2772 4517 abstulit?
2795 4462 2894 4518 Job
2928 4468 3071 4520 enim
3103 4485 3224 4536 quae
3268 4471 3514 4528 diabolus

1948 4557 2143 4622 rapttit,
2181 4555 2295 4608 ltazc
2338 4555 2471 4608 dixit
2529 4573 2556 4608 a
2605 4557 2832 4610 Domino
2884 4559 3080 4616 ablata.
3113 4561 3296 4631 Neque
3327 4581 3515 4623 rmSns

1943 4649 2089 4701 dicat
2116 4649 2237 4716 quis
2277 4663 2291 4700 :
2331 4645 2513 4715 Neque
2561 4650 2762 4703 sciente
2797 4665 2968 4717 neque
3013 4653 3222 4706 volente.
3246 4671 3329 4710 me
3377 4658 3512 4710 latro

1941 4739 2056 4794 haec
2077 4742 2248 4809 cepit;
2279 4750 2331 4792 et
2363 4740 2538 4804 qualis
2567 4741 2669 4793 erit
2705 4743 2832 4795 mihi
2867 4743 3185 4811 stipendium
3219 4747 3262 4800 si
3302 4749 3401 4802 hoc
3426 4766 3510 4807 me

1941 4835 2110 4888 inscio
2167 4834 2296 4887 fiat?
2328 4833 2441 4886 Non
2501 4835 2642 4887 enim
2704 4836 2906 4889 sciente
2952 4836 3246 4906 Jobneqne
3293 4842 3506 4896 volente

1944 4927 2053 4980 lucc
2086 4926 2225 4980 facta
2280 4938 2439 4990 sunt;
2494 4936 2729 4979 attamen
2789 4942 2892 4979 non
2948 4929 3170 4982 inferior
3200 4940 3277 4982 est
3305 4931 3386 4984 his
3415 4935 3503 5000 qui

1939 5019 2327 5088 eleemosyuam
2356 5018 2557 5071 faciunt
2585 5020 2696 5087 ipse
2722 5019 2852 5072 nihil
2880 5027 3034 5073 dans.
3069 5021 3327 5074 Similiter
3348 5026 3508 5092 igitur

1938 5109 2113 5178 quitis
2163 5112 2300 5164 alius
2353 5111 2507 5164 bonis
2557 5111 2797 5179 privatus
2844 5125 2896 5164 et
2932 5113 3140 5178 patiens
3180 5117 3503 5171 tantumsti-

1937 5202 2187 5269 pendium
2215 5203 2720 5270 accipictquautum
2751 5203 2793 5254 si
2836 5203 2947 5255 bare
2979 5204 3209 5256 libenter
3236 5205 3502 5270 eiecisset,

1936 5295 1976 5346 si
2037 5295 2360 5361 pauperibus
2411 5303 2686 5360 erogassct
2735 5303 2842 5358 ;et
2905 5295 3110 5347 merito.
3168 5295 3301 5348 Eum
3356 5298 3501 5350 cnim

1937 5383 2103 5449 magis
2137 5386 2399 5434 miramur
2430 5383 2516 5449 qui
2544 5384 2896 5449 privationem
2929 5384 3081 5437 hctus
3107 5384 3312 5448 suffert,
3337 5402 3496 5454 quam

1933 5469 2172 5540 cunt'qtti
2215 5474 2305 5525 dat
2328 5473 2573 5526 libenter.
2607 5474 2714 5526 Cur
2739 5473 2943 5540 igitur?
2971 5475 3102 5540 Quia
3135 5476 3223 5528 ille
3250 5477 3496 5529 laudibus

1934 5567 2200 5620 entttritur
2255 5565 2598 5632 conscientia:
2653 5577 2705 5618 et
2749 5565 2940 5618 bonam
2993 5583 3140 5634 spem
3197 5568 3354 5620 habet
3395 5582 3408 5621 :
3443 5579 3495 5620 et.

1937 5663 2084 5732 prius
2120 5673 2377 5730 generoso
2423 5658 2622 5721 ferens,
2669 5661 2927 5712 bonorum
2977 5659 3327 5728 prwatinuem
3367 5668 3495 5714 tunc
