4064 6292
550 383 656 450 935

1673 381 2069 444 THEODORl
2111 379 2658 444 MELI'I‘ENlOTzE

3680 367 3790 427 936

552 502 641 556 illa
671 497 846 567 eiecit.
875 497 972 552 llic
1005 509 1132 551 vero
1153 494 1332 550 adhuc
1359 493 1607 565 alligatus
1633 494 1895 576 violenter
1919 495 2119 562 spolia-
2148 552 2151 562 η

2251 510 2391 557 rore;
2429 493 2511 544 ὅτι
2553 492 2756 550 ἐκεῖνος
2802 489 2904 556 μὲν
2934 489 3043 547 τοῖς
3091 485 3337 544 ἐπαίνοις
3378 483 3670 550 τρέφεται,
3703 484 3798 531 καὶ

554 601 641 646 tus
666 599 768 646 est.
797 587 913 643 Non
947 597 1126 642 autem
1165 601 1263 654 par
1309 595 1392 640 est
1441 586 1593 655 prius
1621 601 1939 656 persuasum
1970 587 2124 640 bonis

555 683 837 747 reeedere,
861 689 916 737 et
962 689 1089 734 tunc
1152 679 1233 734 eis
1277 679 1547 742 evacuari,
1583 679 1695 734 haec
1738 688 1918 732 autem
1953 679 2127 732 adhuc

555 774 861 844 cupientem
909 772 1171 840 spoliari;
1211 786 1384 840 neque
1447 785 1636 824 rursus
1681 771 1849 824 multo
1890 778 2129 837 tempore

559 875 922 932 contemptum
963 863 1223 916 bonorum
1258 863 1504 917 meditari
1541 871 1596 916 et
1623 862 1844 917 crudele
1874 863 2126 916 damnum

558 955 804 1010 accidens
844 953 1087 1007 sull‘erre.

2220 585 2299 654 τῷ
2333 583 2618 646 συνειδότι,
2657 582 2750 635 καὶ
2797 578 3038 650 χρηστὰς
3093 578 3208 646 ἔχει
3239 576 3341 639 τὰς
3391 573 3650 633 ἐλπίδας·
3697 575 3797 624 καὶ

2223 677 2490 746 πρότερον
2526 673 2786 741 γενναίως
2828 671 3068 738 ἐνεγκὼν
3107 671 3206 738 τὴν
3237 668 3491 737 στέρησιν
3529 666 3644 718 τῶν
3663 679 3797 732 χρη-

2227 768 2434 839 μάτων,
2467 766 2586 818 τότε
2617 764 2757 817 αὐτὰ
2802 763 3028 835 ἔρριψεν
3055 778 3071 794 ο
3103 761 3258 822 οὗτος
3289 759 3348 812 δὲ
3393 760 3473 812 ἔτι
3504 756 3798 827 προσδεδε-

2229 877 2388 928 μενος
2411 858 2664 929 ἀφῃρέθη
2693 858 2807 928 βίᾳ.
2834 855 2949 910 Οὐκ
2980 855 3097 908 ἐστι
3131 853 3189 906 δὲ
3226 854 3342 905 ῐσον
3372 850 3641 920 πρότερον
3671 864 3796 900 πειο

2229 954 2423 1005 σθέντα
2456 953 2762 1020 ἀποστῆναι
2789 950 3115 1019 χρημάτων,
3145 946 3320 1007 οὕτως
3345 945 3483 996 αὐτὰ
3527 942 3795 1002 κενῶσαι,

558 1051 653 1104 καὶ
691 1050 770 1100 ἐτι
801 1048 978 1101 αὐτῶν
1007 1048 1277 1100 ποθοῦντα
1328 1047 1811 1117 ἀποστερηθῆναι’
1883 1047 2007 1100 οὐδὲ
2081 1048 2244 1101 πάλιν
2280 1051 2338 1101 ἐν
2378 1050 2558 1118 πολλῷ
2644 1050 2821 1119 χρόνῳ
2872 1046 3167 1118 μελετῆσαι
3211 1043 3629 1111 καταφρονῆσαι
3693 1039 3801 1090 τῶν

559 1144 878 1212 χρημάτων,
910 1145 1004 1196 καὶ
1041 1143 1239 1213 ἀθρόον
1286 1141 1492 1212 ζημίαν
1546 1141 1837 1210 συμϐᾶσαν
1896 1144 2242 1211 ὑπενεγκεῖν.

631 1282 717 1336 16.
769 1280 828 1335 Si
867 1282 989 1351 quis
1027 1280 1162 1334 alios
1214 1280 1475 1350 inglorius
1515 1297 1546 1333 e
1577 1281 1814 1349 glorioso
1890 1281 2001 1344 ﬁat,
2039 1283 2123 1334 vel

561 1373 748 1426 morbo
776 1371 935 1441 longo
969 1384 1021 1426 et
1044 1373 1267 1426 terribili
1300 1375 1462 1436 lucta,
1493 1372 1574 1426 vel
1613 1372 1754 1425 aliud
1795 1372 2068 1442 quidp'am
2093 1387 2125 1427 e

560 1462 684 1514 vita:
719 1462 877 1515 malis
908 1476 1099 1530 passus
1133 1460 1312 1525 luerit,
1339 1456 1580 1513 nonJohi
1615 1461 1771 1512 modo
1799 1459 2125 1523 meminerit,

563 1553 864 1607 innumeris
933 1553 1089 1606 malis
1151 1553 1384 1619 luctati,
1440 1552 1538 1605 etsi
1607 1552 1802 1604 virtute
1873 1551 2128 1618 prmditus

565 1644 733 1708 vivat,
769 1645 862 1698 sed
894 1654 944 1698 et
977 1645 1360 1713 prophetarum
1399 1655 1450 1697 et
1471 1643 1738 1711 justorum
1769 1647 1824 1695 et
1853 1641 2129 1710 apostolo-

506 1807 508 1809 }
563 1751 684 1789 rum
718 1738 956 1801 ipsorum
992 1753 1004 1788 :
1046 1745 1096 1788 et
1123 1750 1312 1787 omnes
1349 1734 1480 1786 istos
1515 1735 1790 1804 reperiens
1830 1749 1934 1788 non
1988 1720 2128 1786 inter

567 1828 779 1890 divites,
820 1837 914 1880 aut
946 1825 998 1878 in
1033 1825 1238 1879 deliciis
1270 1827 1533 1888 viventes,
1575 1826 1670 1878 sed
1701 1828 1838 1880 inter
1869 1840 2131 1894 pauperes

567 1929 621 1972 ct
666 1918 913 1981 afﬂictos,
972 1927 1024 1970 et
1061 1917 1323 1986 angustiis
1375 1931 1607 1985 pressos,
1664 1919 1717 1970 in
1782 1919 1958 1984 fame,
2020 1921 2132 1981 siti,

571 2014 623 2063 in
701 2010 944 2062 nuditate
999 2013 1276 2078 degentes,
1317 2010 1519 2078 gratias
1578 2018 1698 2080 agat
1758 2009 2002 2074 Domino,
2037 2011 2128 2080 qui

569 2104 734 2154 fatum
769 2102 870 2154 hoc
917 2099 1017 2153 sibi
1038 2101 1202 2162 dedit,
1263 2116 1368 2153 non
1425 2102 1547 2154 odio
1580 2102 1799 2167 habens,
1840 2101 1934 2156 sed
1977 2103 2134 2156 valde

571 2195 819 2260 diligens,
855 2201 910 2246 et
960 2192 1158 2247 multas
1198 2192 1246 2245 ei
1281 2208 1508 2246 coronas
1544 2194 1807 2262 praebens.
1849 2192 1980 2249 Cum
2031 2195 2136 2248 illis

576 2299 678 2339 non
725 2285 848 2338 odio
900 2285 1105 2339 habens
1139 2294 1282 2337 tanta
1339 2285 1566 2339 adversa
1605 2286 1857 2353 patienda
1910 2285 2135 2350 miserit,

575 2378 666 2430 sed
695 2377 816 2443 quia
865 2376 1091 2428 multum
1122 2390 1215 2429 eos
1248 2375 1484 2438 amabat,
1527 2375 1850 2430 illustriores
1895 2389 1989 2428 eos
2044 2390 2139 2442 per

575 2471 802 2522 adversa
839 2468 927 2519 illa
963 2466 1165 2521 ell'ecit.
1209 2467 1319 2519 Etsi
1361 2468 1481 2534 quis
1531 2482 1640 2520 non
1691 2481 1719 2518 a
1764 2465 1878 2520 Deo’
1912 2471 2136 2518 adversa

573 2563 816 2627 quaedam
878 2560 1136 2624 patiatur,
1189 2560 1281 2611 sed
1328 2574 1389 2609 ex
1453 2558 1731 2610 hominum
1792 2547 2134 2624 spoliatione,

577 2651 778 2714 gratias
810 2660 950 2718 aget,
998 2659 1049 2703 et
1098 2665 1202 2703 non
1254 2649 1715 2716 hlasphemahitur
1763 2649 1814 2700 in
1866 2663 1987 2701 eum
2043 2649 2136 2717 qui

577 2739 836 2806 impedire
873 2747 1072 2806 potest,
1104 2740 1196 2792 sed
1225 2738 1479 2805 patientis
1509 2739 1577 2789 ob
1606 2737 1828 2807 gloriam
1856 2737 2138 2805 permittit.

579 2830 739 2882 Velut
781 2830 816 2883 ii
846 2831 936 2894 qui
989 2845 1018 2882 a
1061 2828 1170 2884 Deo
1205 2828 1512 2898 allliguntur
1560 2844 1813 2884 coronam
1844 2829 2140 2897 accipiunt,

576 2925 650 2976 ita
681 2925 792 2991 ipse
813 2923 1056 2976 eatndem
1090 2926 1389 2975 mercedem
1425 2921 1676 2990 attinget,
1709 2921 1836 2992 quia
1863 2923 1932 2976 ab
1964 2923 2138 2974 homi-

580 3017 738 3069 nibus
772 3015 948 3067 illatus
989 3027 1149 3067 casus
1195 3027 1454 3082 generose
1512 3014 1718 3078 tulerit,
1753 3025 1807 3066 et
1849 3014 1896 3067 ei
1924 3015 2013 3082 qui
2047 3015 2146 3068 im-

582 3107 759 3176 pedire
793 3115 971 3174 potest
1001 3108 1092 3159 sed
1127 3121 1233 3159 non
1270 3105 1382 3158 vult
1415 3106 1619 3172 gratias
1649 3106 1842 3173 egerit.

686 3199 885 3250 Deinde
952 3196 1316 3263 unusquisque
1394 3196 1562 3247 nostri
1649 3195 2008 3261 recordetur,
2088 3205 2147 3250 ut

2304 1283 2402 1346 ις’.
2440 1284 2536 1335 Ἂν
2561 1281 2749 1352 ’ἐτερός
2776 1295 2860 1340 τις
2885 1276 3050 1328 πάλιν
3076 1271 3262 1336 ἄδοξος
3291 1270 3352 1334 ἐξ
3381 1268 3594 1332 ἐνδόξου
3631 1267 3797 1334 γένη-

2231 1395 2341 1441 ται,
2373 1377 2404 1446 ἦ
2447 1376 2582 1442 νόσῳ
2615 1373 2804 1444 μακρᾷ
2831 1372 2927 1424 καὶ
2962 1369 3108 1436 δεινῇ
3137 1363 3364 1433 παλαίῃ,
3393 1362 3425 1432 ἢ
3458 1361 3585 1414 ἄλλο
3615 1376 3672 1410 τι
3705 1358 3804 1409 πέ-

2235 1468 2395 1522 πονθε
2436 1469 2542 1520 τῶν
2593 1466 2689 1518 τοῦ
2734 1463 2852 1534 βίου
2911 1459 3120 1522 κακῶν,
3176 1458 3251 1528 μὴ
3315 1453 3411 1508 τοῦ
3465 1452 3581 1507 Ἰὼϐ
3644 1453 3804 1521 μόνον

2235 1560 2664 1630 ἀναμνησθήτω,
2714 1557 2928 1627 μυρίοις
2985 1553 3179 1614 δεινοῖς
3233 1549 3670 1608 πυκτεύσαντος,
3704 1548 3800 1598 καὶ

2234 1655 2405 1708 ταῦτα
2432 1651 2636 1717 ζῶντος
2686 1642 2744 1702 ἐν
2773 1649 2970 1718 ἀρετῇ,
3000 1643 3135 1698 ἀλλὰ
3187 1643 3282 1694 καὶ
3314 1639 3422 1693 τῶν
3473 1637 3793 1709 προφητῶν,

2235 1749 2331 1801 καὶ
2373 1746 2480 1798 τῶν
2531 1742 2753 1797 δικαίων
2781 1739 3016 1794 καὶτῶν
3067 1731 3383 1788 ἀποστόλων
3417 1732 3598 1786 αὐτῶν
3632 1745 3649 1760 ο
3710 1729 3802 1780 καὶ

2236 1838 2448 1899 πάντας
2478 1835 2703 1895 τούτους
2734 1830 2909 1901 εὑρὼν
2950 1829 3010 1886 οὐ
3039 1828 3145 1879 τῶν
3186 1814 3563 1878 πλουτούντων
3594 1820 3660 1874 οὐ
3694 1820 3803 1871 τῶν

2235 1926 2587 1995 τρυφώντων,
2615 1923 2752 1976 ἀλλὰ
2781 1921 2889 1975 τῶν
2920 1919 3262 1985 πενομένων,
3289 1915 3402 1967 τῶν
3442 1912 3802 1978 θλιϐομένων,

2236 2019 2347 2070 τῶν
2402 2015 2944 2086 στενοχωρουμὲνων,
2980 2011 3090 2062 τῶν
3123 2010 3179 2061 ἐν
3226 2006 3372 2076 λιμῷ
3406 2007 3500 2058 καὶ
3534 2004 3664 2073 δίψη
3715 2003 3806 2055 καὶ

2234 2107 2538 2179 γυμνότητι
2567 2105 2865 2171 διαγόντων
2893 2102 3076 2163 ὄντας,
3121 2097 3573 2170 εὐχαριστησάτω
3607 2095 3688 2164 τῷ
3715 2097 3806 2146 Δε-

2238 2200 2434 2270 σπότῃ,
2474 2199 2557 2251 ὅτι
2590 2198 2686 2264 τῆς
2714 2197 2910 2266 μοίρας
2936 2193 3140 2261 ταύτης
3169 2192 3330 2244 αὐτὸν
3370 2189 3656 2254 ἐποίησεν,
3690 2185 3808 2252 οὐχὶ

2241 2290 2440 2359 μισῶν,
2473 2289 2608 2342 ἀλλὰ
2645 2289 2742 2339 καὶ
2775 2287 2980 2355 σφόδρα
3013 2284 3206 2353 φιλῶν,
3237 2283 3332 2334 καὶ
3361 2280 3593 2339 πολλοὺς
3628 2276 3808 2329 ἐντεῦ-

2240 2380 2332 2431 θεν
2371 2378 2516 2446 αὐτῷ
2545 2377 2826 2450 προξενῶν
2854 2377 3154 2444 στεφάνους
3181 2391 3196 2407 ο
3226 2373 3348 2426 ἐπεὶ
3375 2369 3666 2429 κάκείνους
3689 2367 3808 2434 οὐχὶ

2244 2468 2418 2538 μισῶν
2466 2469 2616 2538 ἠφίει
2665 2465 2906 2520 τοσαῦτα
2963 2466 3194 2534 πάσχειν
3239 2463 3408 2525 δεινὰ,
3449 2459 3569 2513 ἀλλ’
3622 2457 3808 2524 ἐπειδὴ

2243 2559 2450 2628 σφόδρα
2479 2557 2677 2626 ἐφίλει,
2697 2557 3116 2626 λαμπροτέρους
3145 2553 3341 2614 αὐτοὺς
3373 2551 3464 2603 διὰ
3487 2553 3595 2602 τῶν
3618 2547 3808 2600 δεινῶν

2241 2650 2449 2705 τούτων
2473 2649 2764 2719 εἰργάζετο
2787 2664 2802 2679 ο
2835 2649 2939 2700 κᾶν
2973 2646 3084 2717 γὰρ
3122 2647 3197 2715 μὴ
3229 2645 3317 2698 διὰ
3358 2643 3450 2696 τὸν
3483 2641 3616 2694 Θεὸν
3666 2640 3809 2707 πάθῃ

2242 2747 2328 2809 τίς
2359 2763 2412 2798 τι
2442 2746 2551 2799 τῶν
2581 2745 2792 2808 δεινῶν,
2821 2743 2934 2796 ἀλλ’
2965 2741 3025 2804 ἐξ
3064 2739 3370 2808 ἀνθρώπων
3405 2733 3697 2803 ἐπηρείας,
3729 2732 3808 2782 εὐο

2244 2837 2571 2908 χαριστήσει
2608 2837 2666 2889 δέ
2701 2837 2798 2888 καὶ
2837 2835 2910 2904 μὴ
2953 2831 3338 2903 βλασφημήσει
3381 2829 3473 2880 τὸν
3516 2825 3810 2893 δυνάμενοι

2250 2931 2350 2998 μέν
2386 2928 2656 2992 κωλύσαι,
2708 2926 2913 2995 ἀφέντα
2939 2924 2995 2977 δὲ
3027 2924 3127 2992 τῆς
3158 2921 3253 2975 τοῦ
3288 2918 3622 2980 πεπονθότος
3656 2917 3810 2968 ἕνεκα

2247 3023 2498 3092 δοκιμῆς,
2541 3020 2730 3088 ῶσπερ
2759 3020 2810 3072 οἱ
2861 3018 2950 3071 διὰ
2982 3018 3074 3068 τὸν
3106 3016 3237 3068 Θεὸν
3276 3013 3565 3072 παθόντες,
3616 3026 3810 3076 στεφα-

2249 3114 2464 3166 νοῦνται
2489 3129 2502 3144 ο
2540 3111 2714 3172 οὓτως
2760 3109 2924 3172 αὐτὸς
2972 3109 3082 3161 τῶν
3116 3106 3291 3160 αὐτῶν
3343 3104 3689 3169 ἐπιτεύξεται
3726 3121 3810 3171 μι-

2252 3206 2415 3266 σθῶν,
2450 3206 2532 3259 ὅτι
2576 3207 2676 3267 τὰς
2726 3201 2878 3271 παρὰ
2929 3199 3234 3270 ἀνθρώπων
3285 3197 3620 3268 ἐπαχθείσας
3669 3196 3808 3265 αὐτᾷ

581 3291 860 3354 studiosis,
921 3297 974 3340 et
1032 3289 1097 3340 ah
1137 3287 1494 3356 allligcntihus
1555 3286 1764 3340 lucrum
1815 3297 2145 3353 reportare:

2255 3300 2540 3368 συμφορὰς
2587 3299 2786 3368 ἤνεγκε
2811 3295 3074 3364 γενναίως
3100 3309 3113 3322 ·
3159 3295 3255 3346 καὶ
3279 3294 3358 3362 τῷ
3397 3292 3685 3362 δυναμένῳ
3723 3291 3809 3360 μὲι

581 3381 832 3452 jejunans
861 3380 1002 3433 enim
1035 3391 1086 3431 et
1121 3379 1349 3447 vigilans
1407 3379 1587 3430 anima
1620 3392 1724 3429 non
1757 3378 1914 3431 modo
1939 3381 2155 3448 quando

587 3488 841 3541 pr05pere
873 3488 958 3525 rcs
1017 3471 1265 3525 feruntur
1315 3472 1636 3540 sapientiam
1706 3473 1994 3533 ostendit,
2059 3473 2152 3525 scd

585 3567 799 3635 quando
865 3577 1041 3616 rerum
1104 3562 1374 3616 contraria
1439 3562 1683 3630 quaedam
1735 3563 1884 3617 adest
1920 3562 2156 3616 circum-

587 3659 828 3722 stantia,
881 3665 1005 3710 tunc
1056 3669 1239 3723 parem
1292 3653 1584 3723 gratiarum
1641 3657 1906 3709 aetionetn
1940 3655 2158 3721 referet,

591 3751 734 3804 nullo
786 3749 943 3803 modo
993 3763 1170 3801 rerum
1212 3749 1511 3800 mutatione
1563 3749 1804 3802 emollita
1844 3748 1965 3802 :ita
2028 3747 2149 3799 ani-

589 3859 732 3896 mum
768 3839 1160 3910 despondentes
1189 3853 1254 3892 ne
1290 3837 1548 3893 secundis
1587 3839 1802 3909 quidem
1839 3838 2000 3894 rebus
2034 3852 2150 3892 tne-

590 3936 755 3989 liores
787 3933 938 3986 lium.

2253 3392 2455 3453 ταύτας
2483 3388 2748 3448 κωλύσαι,
2791 3387 2864 3457 μὴ
2907 3385 3224 3457 βουληθέντι
3257 3385 3334 3447 δὲ,
3370 3385 3778 3454 ηὐχαρίστησεν
3800 3402 3811 3413 ο

2255 3484 2336 3535 ἔτι
2387 3482 2616 3542 ἕκαστος
2649 3481 2807 3550 ἡμῶν
2851 3478 3378 3552 ἀναμιμνησκέσθω,
3432 3478 3516 3530 ὅτι
3569 3477 3810 3547 καθάπε(

2254 3575 2303 3624 οἱ
2337 3571 2750 3635 σπουδάζοντες,
2793 3571 2886 3623 καὶ
2937 3571 3044 3623 ἀπὸ
3079 3569 3188 3622 τῶν
3237 3569 3551 3622 λυπούντων
3601 3569 3792 3638 κερδαί

2255 3675 2440 3711 νουσιν
2470 3673 2483 3688 ⁵
2513 3661 2546 3726 ἡ
2571 3659 2680 3726 γὰρ
2716 3659 2961 3724 νήφουσα
3015 3658 3112 3709 καὶ
3159 3659 3496 3727 ἐγρηγορυία
3522 3655 3694 3726 ψυχὴ,
3746 3656 3813 3722 με)

2261 3749 2420 3816 μόνον
2445 3747 2664 3798 ἐπειδὰν
2693 3748 2834 3799 κατὰ
2868 3746 2994 3818 ῥοῦν
3021 3748 3253 3816 φέρηται
3278 3747 3345 3799 τὰ
3371 3747 3700 3815 πράγματα.
3724 3748 3811 3815 τὴν

2261 3837 2688 3910 εὐγνωμοσύνην
2724 3841 3115 3902 ἐπιδείκνυται,
3161 3839 3298 3892 ἀλλὰ
3348 3839 3450 3892 κᾶν
3488 3840 3710 3892 ἐναντία
3737 3855 3824 3900 τις

2265 3930 2608 4000 πραγμάτων
2655 3929 2977 3999 περίστασις
3034 3929 3519 4001 παρακολουθήσῃ,
3580 3931 3674 3983 καὶ
3708 3930 3830 3983 τότε

588 4029 687 4095 τὴν
725 4027 846 4097 ίσην
871 4026 1220 4096 εὐχαριστίαν
1267 4027 1552 4092 ἀναφερει,
1587 4025 1750 4095 μηδὲν
1783 4027 1894 4080 ἀπὸ
1920 4028 2018 4096 τῆς
2044 4025 2154 4078 τῶν
2199 4026 2541 4094 πραγμάτων
2615 4022 2922 4095 μεταϐολῆς
2987 4025 3348 4094 χαυνουμένη,
3405 4025 3575 4089 οὕτως
3634 4029 3685 4082 οἱ
3739 4033 3831 4098 ρᾳ-

590 4121 889 4191 θυμοῦντες
919 4118 1040 4171 οὐδὲ
1085 4118 1193 4171 ἀπὸ
1222 4117 1331 4172 τῶν
1357 4117 1714 4188 ὠφελούντων
1765 4118 2028 4187 ἀμείνους
2082 4116 2353 4186 γίνονται.

675 4258 757 4311 l7.
820 4257 1111 4324 Propterea
1177 4255 1266 4309 Dei
1336 4255 1716 4311 educationem
1755 4271 1862 4308 non
1924 4254 2159 4309 terentes

593 4363 768 4420 grate,
821 4353 913 4404 sed
947 4364 1088 4421 aegre
1124 4349 1414 4417 patientes,
1468 4345 1730 4418 praeterea
1757 4348 1898 4417 quod
1950 4348 2156 4402 nullum

2344 4257 2429 4320 ιζ’.
2466 4257 2565 4308 Διά
2611 4254 2772 4309 τοῦτο
2805 4256 2854 4307 oi
2886 4255 2984 4321 τὴν
3015 4255 3110 4308 τοῦ
3154 4255 3292 4308 Θεοῦ
3324 4258 3576 4311 παιδείαν
3607 4259 3681 4328 μὴ
3715 4261 3826 4327 μετ’

2246 4346 2614 4418 ἐὐχαριστίας
2645 4346 2923 4416 φέροντες,
2959 4345 3094 4399 ἀλλὰ
3123 4347 3670 4414 δυσανασχετοῦντες,
3700 4349 3830 4419 πρὸς

596 4460 658 4495 ex
703 4458 764 4495 ea
815 4441 1046 4494 fructum
1087 4442 1325 4508 capiant,
1376 4443 1633 4494 extremis
1686 4440 1894 4509 seipsos
1921 4439 2151 4494 circum-

2266 4440 2344 4510 τῷ
2373 4441 2539 4510 μηδὲν
2565 4438 2622 4503 ἐξ
2651 4439 2820 4502 αὐτῆς
2851 4435 3272 4504 καρπώσασθαι,
3306 4439 3398 4490 καὶ
3428 4441 3551 4499 ταῖς
3578 4437 3830 4507 ἐσχάταις

597 4537 728 4588 dant
755 4533 1018 4586 advorsis.
1046 4532 1156 4586 Hoc
1193 4537 1565 4603 unusquisque
1586 4547 1651 4585 ex
1695 4534 1853 4587 nobis
1899 4532 2168 4602 evangell-

599 4631 752 4676 mtus
798 4637 906 4674 non
966 4621 1377 4688 hlasphemetur
1429 4622 1865 4677 benefacicntent
1911 4620 2072 4676 nobis
2117 4631 2170 4674 et

600 4715 923 4768 salvatorem
948 4723 1002 4766 et
1034 4721 1265 4766 tutorem
1296 4715 1348 4767 in
1397 4715 1640 4769 adversis
1669 4715 1896 4782 positus,
1922 4730 1987 4768 ne
2017 4714 2168 4767 labo-

603 4823 712 4859 rem
743 4807 966 4857 istorum
1000 4806 1214 4868 subeat,
1263 4805 1382 4874 ejus
1409 4820 1544 4858 vero
1579 4805 1731 4858 lucro
1777 4807 1844 4857 ob
1887 4805 2200 4871 itnpatinn--

601 4900 730 4952 tiam
769 4898 1029 4966 privetur,
1060 4905 1114 4948 et
1151 4897 1202 4946 in
1240 4897 1500 4966 abyssum
1534 4908 1791 4950 extrema:
1846 4896 2171 4962 perditionis

603 4991 960 5057 deprimatur,
1023 4989 1149 5057 quia
1177 4989 1434 5042 auxilium
1470 4989 1562 5041 Dei
1614 4989 1891 5056 repulerit,
1925 4998 1976 5041 et
2008 4990 2172 5041 vehe-

604 5081 921 5136 mentiorem
963 5079 1249 5135 adversum
1311 5097 1369 5134 se
1421 5080 1690 5133 diabolum
1753 5080 1994 5134 eﬂ‘eeerit
2026 5097 2040 5146 ;
2077 5084 2172 5134 sed

605 5185 833 5228 cunctos
887 5189 1009 5228 cum
1066 5175 1363 5240 gratiarum
1411 5174 1622 5227 actione
1674 5173 1816 5226 ferat
1868 5182 2166 5240 prassentes

607 5267 855 5327 dolores.
885 5275 944 5319 ut
996 5267 1194 5320 exhinc
1257 5269 1595 5319 commodum
1658 5274 1712 5318 et
1758 5264 1985 5318 salutem
2033 5263 2173 5318 mul-

615 5372 721 5413 tam
763 5360 1022 5423 lueretur,
1063 5359 1278 5412 insidiis
1324 5357 1522 5412 diaboli
1577 5359 1830 5424 repulsis,
1885 5357 1978 5410 Dei
2045 5372 2174 5410 vero

609 5465 742 5504 cura
778 5450 909 5503 inse
938 5451 1164 5504 adducta
1199 5466 1212 5504 :
1239 5448 1491 5504 diabolus
1513 5449 1655 5503 enim
1679 5449 1967 5501 innumera
1993 5446 2174 5500 homi-

607 5544 766 5596 nibus
794 5542 1017 5594 adversa
1051 5542 1248 5612 ingerit
1273 5551 1330 5594 ιιι
1375 5555 1472 5595 eos
1525 5541 1578 5595 in
1622 5540 1881 5612 abyssum
1914 5539 2178 5609 perditio-

607 5631 694 5685 nis
733 5632 983 5694 deducat,
1014 5634 1230 5696 quando
1261 5630 1475 5698 quidem
1527 5629 1676 5682 videt
1732 5631 1894 5683 lacile
1925 5629 2178 5696 blasphe-

611 5733 844 5777 mantcm
875 5736 999 5776 eum
1034 5721 1124 5790 qui
1161 5721 1488 5776 adversitate
1522 5723 1750 5791 quadam
1774 5720 2171 5785 circumdatur,

2270 4533 2496 4595 ἑαυτοὺς
2535 4529 2920 4601 περιϐάλλουσι
2965 4531 3309 4599 συμφοραῖς⁵
3361 4529 3650 4582 καὶτοῦτο
3703 4531 3828 4583 ἐκα-

2270 4641 2392 4685 στος
2444 4623 2598 4693 ἡμῶν
2647 4621 3134 4689 εὐαγγελιζόμενος
3180 4620 3254 4688 μὴ
3307 4619 3705 4690 βλασφημείτω
3747 4622 3832 4673 τὸν

2268 4716 2563 4783 εὐεργέτην
2595 4717 2688 4767 καὶ
2736 4715 2957 4784 σωτῆρα
3005 4713 3100 4766 καὶ
3145 4713 3423 4781 κηδεμόνα
3457 4716 3753 4782 γενόμενος
3781 4717 3833 4768 ἐν

2269 4807 2485 4872 δεινοῖς,
2519 4807 2604 4858 ἵνα
2658 4807 2732 4876 μὴ
2765 4810 2858 4858 τὸν
2898 4805 3059 4858 πόνον
3094 4805 3192 4874 μὲν
3225 4806 3434 4858 τούτων
3478 4807 3713 4877 ὑποστῇ,
3749 4809 3834 4860 τοῦ

2270 4899 2328 4952 δὲ
2358 4901 2416 4964 ἐξ
2447 4899 2612 4952 αὑτοῦ
2641 4900 2730 4952 διὰ
2765 4901 2862 4967 τῆς
2892 4897 3174 4966 ὑπομονῆς
3204 4897 3435 4964 κέρδους
3465 4900 3836 4970 ἀποστερηθῇ,

2272 4995 2370 5045 καὶ
2411 4993 2547 5062 πρὸς
2613 4991 2886 5062 βάραθρον
2917 4991 3110 5043 ἑαυτὸν
3155 4991 3254 5058 τῆς
3295 4991 3534 5058 ἐσχάτης
3572 4991 3838 5051 ἀπωλείας

2273 5085 2482 5156 ὠθήσῃ,
2518 5085 2618 5153 τὴν
2668 5087 2764 5154 μὲν
2797 5084 2889 5136 τοῦ
2933 5082 3069 5135 θεοῦ
3116 5085 3436 5152 συμμαχίαν
3495 5085 3839 5152 ἀποκρουσά-

2277 5191 2460 5243 μενος,
2515 5173 2872 5242 σφοδρότερον
2917 5172 2976 5223 δὲ
3027 5169 3147 5224 καθ’
3196 5169 3393 5222 ἑαυτοῦ
3447 5169 3542 5222 τὸν
3596 5170 3836 5223 διάϐολον

2275 5266 2691 5335 ἐργασάμενος·
2729 5265 2863 5318 ἀλλὰ
2907 5266 3084 5318 πάντα
3126 5264 3470 5334 εὐχαρίστως
3517 5265 3734 5334 φερέτω
3777 5262 3841 5314 τὰ

2278 5357 2512 5408 ἐνταῦθα
2548 5356 2864 5426 παθήματα,
2899 5356 2965 5409 ἵν’
2998 5355 3250 5409 ἐντεῦθεν
3291 5355 3569 5422 ὠφέλειαν
3610 5356 3704 5407 καὶ
3741 5371 3841 5406 σω⁹

2277 5448 2473 5518 τηρίαν
2506 5448 2705 5519 πολλὴν
2744 5449 3002 5521 κερδάνῃ,
3035 5449 3132 5512 τὰς
3166 5449 3264 5518 μέν
3300 5448 3598 5510 ἐπιϐουλὰς
3629 5450 3723 5501 τοῦ
3756 5462 3844 5498 πο-

2279 5540 2447 5610 νηροῦ
2477 5539 2731 5611 δαίμονος
2781 5543 3286 5611 ἀποκρουσάμενος,
3318 5543 3420 5610 τὴν
3452 5542 3506 5594 δὲ
3553 5541 3650 5594 τοῦ
3695 5541 3840 5607 κηδε-

2283 5633 2444 5699 μόνος
2471 5634 2607 5685 Θεοῦ
2642 5635 2934 5702 θεραπείαν
2962 5634 3096 5702 πρὸς
3134 5635 3324 5685 ἑαυτὸν
3355 5633 3804 5701 ἐπισπασάμενος
3823 5644 3835 5655 ’

2281 5727 2309 5776 ὁ
2337 5726 2444 5795 γὰρ
2476 5727 2720 5790 διάϐολος
2747 5729 2835 5783 διὰ
2859 5725 3016 5781 τοῦτο
3045 5728 3213 5798 μυρία
3251 5729 3362 5790 τοῖς
3402 5725 3714 5797 ἀνθρώποις
3754 5725 3839 5775 ἐπ-
