4064 6292
316 402 422 468 937
439 471 444 476 ,

1706 415 2042 479 ETHlCON
2084 414 2177 479 νῐ.

3472 419 3579 483 938

315 528 468 595 ἀγων
492 524 662 586 δεινὰ.
682 527 769 580 ἴνα
800 529 935 599 πρδς
971 529 1537 601 βάραθρονλάπωλείας
1561 531 1761 597 αὐτοὺς
1795 551 1874 587 και

1999 544 2196 599 augete
2220 528 2484 597 dolorem,
2518 538 2573 584 et
2601 528 2857 599 majorem
2889 527 3087 594 reddit,
3151 540 3211 585 ut
3258 530 3351 586 ille
3383 532 3577 587 Stimu-

310 618 552 690 ταγάγῃ,
602 620 730 673 ὅταν
760 621 860 689 μὲν
916 623 999 693 ίδῃ
1056 623 1485 694 βλασφημοῦντα
1537 625 1736 695 ῥᾳδίως
1798 626 1891 677 τὸν

310 708 473 780 δεινῷ
504 728 615 764 τινι
643 716 1130 782 περιπεπτωκότα.
1167 715 1323 781 αὔξει
1350 717 1449 784 τὴν
1478 714 1768 784 ἀλγηδόνα,
1797 717 1893 770 καὶ

314 799 539 868 μείζονα
569 806 737 866 ποιεῖ,
783 805 869 857 ἴνα
901 808 1265 877 κεντούμενος
1316 808 1527 871 ἐκεῖνος
1579 808 1892 861 ἀποδυσπε-

242 898 253 915 "
307 892 455 965 τὴσῃ
481 895 645 948 πάλιν
670 911 683 924 ·
716 897 845 951 ὅταν
872 898 928 951 δὲ
962 900 1045 970 ίδῃ
1071 901 1335 967 γενναίως
1364 901 1622 969 φέροντα,
1654 902 1749 953 καὶ
1779 902 1891 968 ὅσῳ

1998 624 2143 679 latus
2168 623 2401 680 desistat
2433 638 2624 678 rursus
2657 638 2676 683 :
2710 638 2837 677 cum
2889 633 3068 677 autem
3109 622 3258 677 videt
3317 640 3578 693 generose

2000 716 2291 783 ferentem,
2323 728 2377 772 et
2414 732 2522 787 quo
2551 719 2722 787 magis
2747 718 2903 772 dolor
2944 718 3277 781 extenditur,
3304 734 3370 773 eo
3412 722 3580 787 magis

1997 811 2201 878 gratias
2226 820 2472 878 agentem
2500 809 2634 873 Deo,
2662 813 2769 864 cito
2795 811 3016 865 desistit
3052 813 3275 882 reliquis
3321 824 3576 885 tanquam

1997 900 2204 955 frustra
2234 912 2286 955 et
2313 901 2586 957 incassum
2624 903 2903 957 insistens.

309 986 372 1038 τὸ
406 988 578 1050 πάθος
607 989 958 1058 ἐπιτείνεται,
982 992 1205 1046 τοσοῦτο
1237 993 1439 1063 μᾶλλον
1459 993 1888 1063 εὐχαριστοῦντα
1927 995 2004 1064 τῷ
2024 994 2166 1064 Θεῷ,
2187 994 2725 1062 ἀφίσταταιεύθέως,
2778 996 2853 1061 ώς
2874 997 3000 1067 είκῆ
3068 1000 3163 1052 καὶ
3211 998 3389 1071 μάτην
3434 1019 3578 1070 πσρ-

310 1082 547 1155 εδρεύων
577 1085 787 1140 λοιπόν.

384 1176 477 1247 ιη’.
518 1178 706 1231 Ἱκανὰ
740 1179 842 1248 μὲν
872 1174 966 1234 οῦν
1002 1180 1070 1233 τὰ
1109 1180 1381 1252 εἰρημένα
1426 1187 1567 1253 πρὸς
1594 1186 1888 1255 παράκλη·

310 1288 397 1322 σιν
430 1270 710 1341 ὑπομονῆς
735 1286 749 1300 ’
780 1272 930 1336 ἄξιον
964 1271 1019 1324 δὲ
1050 1272 1261 1336 τούτοις
1312 1277 1630 1343 προσθεῖναι
1664 1278 1757 1330 καὶ
1791 1278 1890 1347 τὴν

309 1362 453 1414 κατὰ
499 1363 591 1415 τὸν
626 1362 789 1415 Δαόὶδ
836 1364 1101 1434 ἱστορίαν,
1135 1366 1204 1419 τὰ
1246 1369 1457 1436 μεγάλα
1506 1369 1888 1440 συμϐαλλομέα

306 1469 410 1519 νην
438 1468 454 1483 ο
488 1454 715 1517 ἐξέπεσε
742 1455 849 1525 γάρ
880 1474 1010 1508 ποτε
1045 1459 1140 1510 καὶ
1168 1452 1322 1524 οὗτος
1355 1460 1455 1529 τῆς
1503 1463 1763 1530 πατρίδος
1793 1462 1887 1515 καὶ

308 1545 410 1612 τῆς
439 1546 638 1614 ἀρχῆς,
672 1548 765 1600 καὶ
797 1548 931 1617 περὶ
963 1548 1059 1618 τῆς
1095 1549 1410 1621 ἐλευθερίας
1455 1555 1549 1605 καὶ
1579 1555 1677 1622 τῆς
1706 1555 1887 1623 ψυχῆς

306 1638 475 1706 αὐτῆς
500 1637 863 1703 ἐκινδύνευσε,
893 1637 987 1691 τοῦ
1036 1641 1155 1693 υἱοῦ
1191 1641 1359 1694 αὑτοῦ
1394 1641 1486 1695 τοῦ
1526 1644 1885 1714 Ἀϐεσσαλὼμ

2077 1182 2165 1237 18.
2196 1181 2395 1237 Idonea
2438 1182 2656 1249 quidem
2699 1192 2825 1237 sunt
2854 1182 2996 1237 dicta
3045 1186 3111 1237 ad
3140 1184 3575 1238 exlmttationem

1999 1276 2275 1342 patientia:
2320 1289 2334 1327 :
2380 1289 2559 1342 opera:
2609 1266 2791 1327 autent
2845 1274 3078 1343 pretium
3107 1286 3189 1329 est
3243 1276 3325 1329 bis
3379 1277 3577 1330 addere

1986 1366 2220 1419 ‘Itavidis
2277 1365 2565 1421 historiam
2614 1381 2811 1436 magna
2843 1383 2905 1420 ex
2945 1377 3097 1436 parte
3138 1377 3525 1438 cengruenlem
3558 1383 3572 1421 :

1995 1462 2197 1517 decidit
2234 1460 2378 1517 enim
2422 1462 2711 1531 aliquando
2752 1463 2853 1516 iste
2875 1475 2904 1515 a
2934 1463 3278 1530 possessione
3310 1463 3497 1529 patrne
3520 1474 3575 1516 et

1998 1554 2231 1624 imperii,
2299 1563 2351 1608 et
2387 1568 2486 1623 pro
2523 1554 2772 1608 libertate
2802 1564 2859 1609 et
2904 1554 3086 1608 anima
3149 1555 3263 1621 ipsa
3312 1555 3423 1608 lilio
3475 1570 3575 1609 suo

1993 1646 2250 1701 Absalom
2295 1647 2347 1699 in
2392 1660 2452 1700 se
2481 1646 2836 1715 insurgente;
2881 1654 2935 1701 et
2971 1647 3214 1700 exercitu
3244 1660 3367 1699 cum
3417 1646 3575 1699 imln-

306 1735 811 1797 κατεξαναστάντος
840 1735 1039 1789 αὐτοῦ*
1077 1738 1170 1790 καὶ
1203 1737 1298 1790 τοῦ
1350 1741 1718 1808 στρατοπέδου
1747 1741 1874 1808 πρὸς

1992 1738 2128 1792 tnito
2162 1737 2268 1791 isto
2298 1737 2519 1804 juvene,
2571 1746 2808 1807 tyranno
2852 1747 2907 1792 et
2964 1738 3235 1807 parricida
3279 1738 3572 1793 instructo.

302 1825 399 1877 τὸν
429 1825 731 1878 ἀκόλαστον
761 1827 1065 1891 νεανίσκον,
1099 1827 1191 1880 τὸν
1237 1827 1502 1897 τύραννον
1544 1831 1754 1882 ἐκεῖνον
1788 1833 1881 1886 καὶ

305 1918 664 1987 πατραλοίαν,
687 1917 1156 1988 μεταταξαμένου,
1187 1920 1460 1973 ἐπλανᾶτο
1481 1921 1622 1975 κατὰ
1639 1923 1736 1993 τὴν
1754 1922 1879 1992 ἐρη-

308 2025 430 2078 μον,
462 2012 557 2060 καὶ
590 2008 689 2060 οὐκ
724 2010 1105 2077 ἐδυσχέρανεν,
1139 2011 1258 2063 ούδέ
1289 2012 1711 2082 απεδυσπέτησε
1741 2014 1878 2082 πρὸς

303 2098 398 2152 τὸν
436 2098 590 2163 Θεὸν,
620 2098 743 2151 οὐδὲ
787 2095 932 2162 εἷπε,
970 2099 1035 2151 Τί
1086 2117 1215 2153 ποτε
1248 2101 1408 2154 τοῦτό
1460 2104 1649 2170 ἐστιν;
1686 2105 1715 2156 ὁ
1747 2105 1879 2168 Θεὸς

308 2192 659 2262 συνεχώρησε
687 2193 766 2260 τῷ
796 2193 950 2245 παιδὶ
975 2192 1148 2247 ταῦτα
1183 2194 1325 2246 κατὰ
1353 2194 1449 2247 τοῦ
1484 2199 1879 2265 γεγεννηκότος

212 2326 213 2329 η
302 2286 684 2355 ἐργάσασθαι,
743 2288 937 2340 Καίτοι
980 2286 1075 2339 καὶ
1120 2289 1167 2339 εί
1216 2287 1400 2340 δίκαια
1436 2289 1692 2355 ἐγκαλεῖν
1732 2282 1879 2359 εἶχεν

300 2382 329 2433 ὁ
359 2378 494 2444 υίὸς,
524 2380 647 2431 οὐδὲ
687 2378 831 2431 οὕτω
876 2377 1044 2432 ταῦτα
1086 2380 1345 2447 γενέσθαι
1384 2381 1513 2436 ἔδει.
1555 2377 1691 2435 Νυνὶ
1731 2382 1786 2435 δὲ
1816 2382 1877 2435 οὐ

306 2471 528 2540 μικρὸν,
562 2469 624 2521 οὗ
652 2469 818 2539 μέγα,
860 2471 995 2540 παρ’
1024 2470 1179 2539 ἡμῶν
1207 2470 1537 2540 ἠδικημένος
1584 2472 1877 2541 ’περιέρχε⁶

301 2578 418 2626 ται,
445 2561 543 2625 τὴν
572 2562 757 2627 δεξιὰν
789 2562 1078 2630 ἐπιθυμῶν
1110 2561 1305 2631 αἵματι
1341 2558 1569 2632 μολῦναι
1598 2563 1874 2632 πατρικῷ,

299 2653 402 2707 τοῦ
425 2654 563 2707 Θεοῦ
602 2655 669 2706 τὰ
701 2655 964 2723 γινόμενα
1008 2656 1143 2725 ὀρᾷν
1177 2656 1544 2725 ἀνεχομένους
1583 2656 1699 2707 ἀλλ’
1722 2655 1877 2708 οῦέὲν

299 2745 508 2797 τούτων
538 2740 660 2798 εἷπε
687 2762 701 2775 ·
756 2747 851 2797 καὶ
884 2744 947 2797 τδ
974 2745 1036 2813 δὴ
1072 2747 1257 2811 μεῖζον
1296 2746 1390 2797 καὶ
1414 2745 1751 2814 θαυμαστὸν,
1792 2749 1874 2800 δτι

298 2837 649 2907 πλανωμένῳ
680 2838 774 2891 καὶ
808 2838 1029 2890 πάντων
1061 2838 1447 2891 ἐκπεπτωκότι
1474 2839 1552 2907 τῷ
1584 2839 1875 2911 θαυμασέῳ

298 2929 486 2992 Δαόὶδ,
536 2929 730 2999 Σεμεεί
779 2946 859 2992 τις
901 2930 1187 2999 ἄνθρωπος
1239 2928 1333 2982 καὶ
1381 2930 1578 3001 μιαρὸς
1625 2932 1872 2994 ἐπέθετο,

307 3022 599 3092 μιαιφόνον
625 3021 921 3075 ἀποκαλῶν
944 3023 1036 3074 καὶ
1063 3022 1257 3091 ἀσεΰῆ,
1286 3023 1381 3076 καὶ
1405 3022 1474 3076 τὰ
1507 3022 1679 3094 μυρία
1707 3022 1870 3077 κακά’

1987 1831 2208 1883 errabat
2272 1844 2369 1897 per
2396 1829 2695 1892 desertum,
2756 1843 2864 1882 non
2923 1844 3067 1899 aegre
3112 1830 3342 1890 ferebat.
3386 1846 3563 1896 neque

1986 1919 2300 1990 indignatus
2343 1928 2422 1973 est
2465 1920 2519 1975 iu
2552 1918 2746 1983 Deum,
2781 1935 2881 1974 nec
2915 1920 3051 1973 dixit
3088 1919 3244 1974 :Cur
3278 1921 3443 1989 igitur
3471 1922 3573 1974 hoc

1982 2012 2084 2064 lit?
2111 2010 2251 2066 Dens
2279 2012 2548 2066 concessit
2579 2011 2686 2064 lilio
2716 2013 2829 2064 lucc
2853 2011 3113 2066 adversus
3146 2021 3349 2080 patrem
3375 2014 3572 2082 agere?

1981 2100 2141 2156 Certe
2163 2101 2436 2170 etsijusta
2497 2101 2754 2155 invocare
2809 2100 3091 2156 habuisset
3143 2104 3307 2165 titius,
3342 2119 3445 2156 non
3497 2105 3568 2156 ita

1987 2193 2101 2247 bzec
2162 2192 2275 2247 fieri
2331 2192 2623 2247 debebant.
2683 2191 2837 2245 Nunc
2886 2204 3064 2245 autem
3117 2209 3294 2247 nonne
3324 2208 3566 2263 parram,

1984 2298 2087 2336 non
2120 2298 2397 2350 magnam,
2452 2297 2481 2335 a
2540 2283 2699 2337 nobis
2764 2283 3088 2351 injustitiam
3141 2300 3332 2350 passus
3374 2287 3570 2340 circuit

1985 2372 2265 2428 dexteram
2297 2375 2523 2443 cupiens
2553 2375 2818 2443 sanguine
2852 2384 3077 2442 paterno
3110 2376 3411 2442 inquinare,
3459 2377 3568 2428 Dm

1993 2467 2321 2535 impediente
2352 2482 2419 2521 ne
2452 2469 2633 2521 videat
2682 2482 2801 2537 qua:
2841 2467 3014 2521 ﬁunt?
3059 2468 3165 2524 Sed
3200 2470 3335 2523 nihil
3376 2483 3440 2524 ex
3484 2471 3567 2523 his

1981 2558 2120 2612 dixit
2154 2573 2170 2611 :
2205 2568 2258 2612 et
2289 2557 2432 2625 quod
2483 2560 2659 2626 majus
2686 2567 2768 2611 est
2798 2566 2854 2611 et
2895 2558 3166 2621 mirabile,
3231 2560 3561 2613 iuerrantem

1980 2661 2027 2706 et
2058 2651 2311 2705 omnibus
2343 2650 2658 2704 destitutum
2694 2651 3068 2705 admirabilem
3095 2651 3347 2705 Davidem
3382 2650 3564 2706 Semei

1980 2743 2199 2812 quidam
2255 2743 2417 2795 homo
2447 2742 2712 2797 scelestus
2768 2743 2949 2797 illatus
2975 2752 3057 2796 est
3095 2743 3425 2798 homicidam
3467 2760 3561 2797 νυ-

1926 2838 1938 2849 ’
1980 2851 2111 2890 cans
2143 2847 2195 2891 et
2230 2834 2479 2903 impitnn,
2528 2844 2586 2888 et
2631 2834 2801 2888 millia
2837 2849 3116 2904 perversa.
3173 2835 3343 2890 Porro
3386 2852 3563 2906 neque

1980 2939 2167 2997 postea
2220 2929 2393 2981 iratus
2435 2936 2517 2981 est
2545 2943 2559 2993 ;
2609 2928 2703 2981 sed
2735 2937 2790 2981 et
2836 2927 2970 2981 duce
2999 2928 3274 2983 exercitus
3302 2929 3563 2995 opinante

1980 3020 2095 3075 fore
2130 3030 2187 3074 ut
2241 3028 2652 3074 converteretur
2708 3020 2775 3073 ad
2824 3018 3238 3089 perforandum,
3295 3033 3351 3075 et
3400 3037 3562 3091 caput

297 3116 397 3169 καὶ
430 3114 552 3168 ούδέ
581 3112 755 3176 οὕτως
784 3115 1048 3184 ἡγρίανεν
1072 3129 1086 3145 ο
1119 3113 1257 3168 ἀλλὰ
1300 3114 1393 3169 καὶ
1421 3115 1515 3168 τοῦ
1559 3116 1871 3185 στρατηγοῦ

1978 3114 2094 3182 ejus
2125 3112 2579 3174 abscindendum,
2618 3127 2726 3166 non
2767 3112 2927 3165 modo
2977 3127 3082 3165 non
3128 3112 3408 3178 incitavit,
3465 3120 3557 3167 sed

297 3206 577 3274 ἀξιοῦντος
624 3209 997 3277 ἐπιτραπῆναι
1042 3206 1321 3277 διαϐῆναι,
1354 3209 1450 3260 καὶ
1498 3208 1596 3278 τὴν
1628 3208 1871 3278 κεφαλὴν

294 3302 597 3368 ἀποτεμεῖν
648 3299 882 3361 ἐκείνου,
918 3299 979 3352 οὐ
1020 3300 1181 3368 μόνον
1224 3301 1321 3353 οὐκ
1374 3300 1698 3371 ἐπέτρεψεν,
1733 3302 1871 3357 ἀλλὰ

296 3392 395 3445 καὶ
426 3392 752 3460 ἐδυσχέρανε
773 3392 949 3459 λέγων
970 3407 984 3422 ’
1009 3392 1075 3444 Τί
1098 3392 1220 3460 ἐμοὶ
1245 3394 1335 3446 καὶ
1361 3397 1461 3458 σοὶ,
1494 3394 1576 3447 υίέ
1596 3396 1830 3466 Σαρουϊα
1852 3414 1866 3462 ;

298 3482 502 3550 Ἀφετε
528 3482 689 3534 αὑτὸν
708 3481 1071 3551 καταρᾶσθαι,
1110 3483 1259 3546 ὅπως
1296 3485 1378 3556 ίδῃ
1408 3486 1505 3557 τὴν
1539 3488 1869 3541 ταπείνωσίν

298 3592 405 3644 μου
440 3576 664 3645 Κύριος,
698 3575 791 3627 καὶ
838 3575 1194 3647 άνταποδώσῃ
1247 3594 1338 3645 μοι
1390 3578 1569 3646 ἀγαθὰ
1601 3580 1723 3634 ἀντὶ
1768 3582 1871 3649 τῆς

295 3665 547 3734 κατάρας
596 3666 786 3719 αὑτοῦ.
830 3665 994 3737 Ὁρᾷς
1027 3668 1177 3730 ὅπως
1218 3664 1359 3721 οίδεν
1386 3671 1413 3722 ὁ
1442 3670 1669 3738 δίκαιος,
1700 3672 1869 3727 ὅτιτὸ

293 3762 487 3831 φέρειν
521 3760 785 3828 γενναίως
811 3759 908 3823 τὰς
938 3761 1227 3831 λοιδορίας,
1254 3764 1478 3833 ἀφορμὴ
1510 3767 1753 3828 πλείονος
1782 3768 1869 3818 εὐ-

291 3854 636 3923 δοκιμήσεως
688 3854 937 3921 γίνεται;
973 3856 1083 3908 Καὶ
1109 3854 1218 3924 γὰρ
1247 3854 1418 3917 οὕτως
1449 3856 1561 3925 ἔχει
1590 3874 1605 3890 ο
1646 3859 1867 3911 ἐπειδάν

288 3948 697 4018 λοιδορηθέντες
722 3948 816 4001 καὶ
853 3950 1022 4017 μυρία
1058 3948 1324 4010 παθόντες
1370 3949 1541 4013 δεινὰ,
1567 3954 1695 4013 τοὺς
1725 3952 1867 4003 ὀνει-

288 4035 543 4099 δίζοντας
566 4037 822 4107 φέρωμεν
852 4039 1138 4106 γενναίως,
1171 4039 1399 4107 μείζονα
1429 4040 1580 4109 παρὰ
1609 4040 1704 4094 τοῦ
1726 4041 1865 4093 Θεοῦ

289 4128 395 4198 τὴν
424 4126 639 4182 ιῦνοιαν
675 4128 1059 4200 ἐπισπώμεθα.
1110 4130 1279 4184 Ταῦτ’
1312 4130 1405 4183 οὖν
1453 4133 1696 4197 ἅπαντες
1727 4134 1866 4187 είδὸ-

286 4237 405 4286 τες,
442 4222 586 4275 κατά
614 4224 740 4285 τοὺς
771 4223 1126 4291 εὐγνώμονας
1156 4223 1328 4289 υἱοὺς,
1358 4223 1408 4277 οἳ
1452 4224 1561 4278 τῶν
1604 4227 1865 4296 πατέρων

286 4314 554 4378 πολλάκις
583 4315 703 4368 οὐδὲ
759 4314 988 4376 δεόντως
1023 4313 1364 4378 κολαζόντων
1418 4316 1618 4379 αὐτοὺς
1661 4317 1866 4387 ὑπομέ-

284 4423 499 4471 νουσιν,
537 4405 865 4476 ἀνεχώμεθα
891 4406 987 4459 τοῦ
1018 4406 1155 4459 Θεοῦ
1193 4406 1545 4470 παιδεύοντος
1568 4409 1738 4478 ἡμᾶς,
1771 4411 1863 4462 τοῦ

286 4500 383 4551 καὶ
436 4501 689 4567 πατέρων
744 4498 944 4567 μᾶλλον
997 4500 1149 4567 ἡμᾶς
1195 4500 1502 4566 φιλοῦντος,
1558 4502 1651 4552 καὶ
1688 4502 1863 4555 πάντα

1973 3220 2116 3273 mgre
2140 3204 2258 3258 tulit
2292 3203 2483 3259 dicens
2518 3219 2533 3258 :
2568 3201 2709 3269 Quid
2752 3202 2845 3257 tibi
2897 3212 2952 3258 et
3009 3203 3164 3267 mihi,
3221 3205 3293 3259 liii
3332 3204 3557 3261 Sarvia?

1976 3297 2137 3351 sinite
2194 3296 2345 3351 illum
2418 3296 2761 3359 maledicere,
2821 3305 2882 3350 ut
2950 3296 3132 3350 videat
3195 3298 3555 3353 humilitatem

1974 3405 2147 3443 meam
2189 3390 2449 3443 Dominus
2496 3400 2549 3443 et
2578 3390 2771 3444 reddat
2805 3390 2934 3443 mibi
2980 3390 3118 3444 bona
3147 3405 3244 3459 pro
3269 3392 3411 3446 illius
3439 3410 3556 3445 ma—

1974 3482 2280 3537 ledictione.
2315 3480 2550 3538 Videsne
2606 3484 2879 3552 quomodo
2934 3484 3069 3538 sciat
3110 3483 3287 3551 justus
3330 3484 3557 3549 iniurias

1973 3590 2234 3641 generose
2285 3576 2426 3631 ferre
2462 3577 2666 3630 aditum
2707 3592 2830 3631 esse
2879 3576 2944 3629 ad
2992 3577 3250 3646 majorem
3288 3578 3555 3647 gloriam?

1973 3668 2183 3721 Etenim
2216 3669 2287 3721 ita
2324 3683 2385 3721 se
2416 3684 2503 3723 res
2534 3667 2717 3723 habet.
2771 3667 3067 3737 Postquam
3102 3669 3354 3738 injttriam
3407 3671 3551 3736 passi

1974 3771 2026 3813 et
2056 3759 2340 3813 innumera
2376 3760 2587 3828 experti
2617 3760 2845 3815 adversa
2888 3774 3153 3829 generose
3187 3759 3424 3812 feramus
3455 3761 3557 3813 im-

1971 3852 2221 3923 properia
2251 3851 2535 3914 facientes,
2573 3852 2832 3921 majorem
2888 3868 2918 3904 a
2956 3851 3062 3905 Deo
3116 3850 3549 3905 benevolentiam

1971 3947 2127 4001 nobis
2161 3945 2506 4000 attraltimus.
2540 3942 2666 3999 Haec
2706 3945 2869 4015 igitur
2894 3958 3088 3998 omnes
3119 3941 3553 4007 scientes,jux'a

1972 4044 2263 4109 prudentes
2299 4036 2460 4101 lilios,
2512 4036 2908 4107 qui,.patribus
2967 4049 3107 4103 smne
3138 4050 3203 4088 ne
3249 4043 3552 4103 opportune

1969 4129 2187 4199 quidem
2216 4128 2631 4197 castigantibus,
2689 4141 2785 4182 eos
2834 4127 3135 4195 patiuntur,
3168 4124 3544 4179 sustineamus

1971 4220 2138 4276 Deum
2168 4221 2557 4290 corrigentem
2577 4233 2704 4284 nos,
2734 4219 2907 4286 magis
2938 4231 3101 4284 quam
3135 4226 3318 4285 patres
3342 4230 3440 4269 nos
3462 4217 3549 4267 di-

1970 4314 2247 4384 ligentem,
2294 4321 2349 4367 et
2378 4312 2559 4367 omnia
2593 4311 2659 4366 ad
2686 4310 2976 4365 utilitatem
3036 4307 3416 4377 disponentem
3484 4318 3546 4360 ut

1966 4406 2109 4471 Jobi,
2143 4405 2358 4461 Davidis
2379 4414 2435 4460 et
2453 4404 2694 4459 Omnium
2740 4405 2851 4473 qui,
2889 4402 3077 4466 utisti,
3133 4399 3538 4463 fortitudinem,

1971 4499 2289 4555 modestiam
2315 4506 2371 4553 et
2402 4498 2717 4567 patientiam
2743 4497 3119 4559 ostenderunt,
3162 4495 3360 4549 exhinc
3412 4510 3542 4562 pos-

285 4591 424 4657 πρὸς
463 4590 525 4642 τὸ
575 4590 861 4659 συμφέρον
913 4593 1476 4661 πραγματευομένου,
1508 4592 1593 4644 ἵνα
1643 4594 1741 4660 τὴν
1768 4593 1863 4646 τοῦ

1977 4595 2137 4646 timus
2170 4606 2294 4645 cum
2328 4591 2460 4659 ipsis
2527 4599 2854 4644 aeternorum
2895 4598 2953 4642 et
3006 4589 3291 4642 beatorum
3315 4603 3546 4641 consor-

262 4680 445 4745 "lt‘o6,
491 4684 588 4735 καὶ
634 4681 730 4735 τοῦ
762 4682 948 4749 Διϐὶδ,
986 4684 1080 4735 καὶ
1126 4684 1233 4736 τῶν
1288 4686 1404 4738 ὅσοι
1460 4685 1584 4737 κατ’
1619 4688 1863 4749 ἐκείνους

283 4777 513 4845 ἀνδρίαν
554 4779 648 4827 καὶ
684 4776 991 4828 ἐπιείκειαν
1017 4779 1112 4829 καὶ
1144 4777 1424 4847 ὑπομονὴν
1463 4776 1858 4847 ἐνδειξάμενοι,

1950 4694 2043 4737 tes
2067 4696 2185 4736 esse
2214 4682 2709 4744 tabernaculorum,
2746 4680 2890 4749 quod
2922 4679 3142 4731 eveniat
3198 4693 3295 4731 nos
3355 4693 3545 4732 utnues

1948 4777 2277 4846 rentingere
2325 4775 2503 4845 gratia
2540 4782 2595 4827 et
2643 4775 2885 4826 bonitate
2920 4770 3136 4824 Domini
3187 4771 3357 4824 nostri
3414 4769 3541 4823 Jesu

279 4866 605 4937 δυνηθῶμεν
654 4868 905 4922 ἐντεῦθεν
954 4869 1140 4932 αὐτοῖς
1189 4870 1549 4938 κοινωνῆσαι,
1600 4871 1693 4923 καὶ
1751 4871 1860 4923 τῶν

1977 4869 2163 4923 Jbristi
2196 4882 2294 4938 per
2320 4883 2482 4937 quem
2524 4875 2578 4920 et
2599 4880 2835 4936 quocum
2867 4864 2937 4919 sit
2961 4862 3109 4917 Patri
3162 4862 3356 4931 gloria,
3381 4861 3542 4914 simul

276 4961 519 5011 αἰωνίων
552 4959 645 5012 καὶ
696 4959 984 5030 μακαρίων
1016 4961 1233 5030 σκηνῶν
1253 4974 1269 4993 ⁸
1298 4960 1358 5014 οὗ
1405 4962 1615 5029 γένοιτο
1644 4961 1855 5023 πάντας

277 5053 432 5120 ἡμᾶς
472 5054 750 5122 ἐπιτυχεῖν
808 5055 991 5123 χάριτι
1046 5054 1141 5105 καὶ
1198 5054 1578 5125 φιλανθρωπίᾳ
1608 5052 1704 5106 τοῦ
1739 5054 1855 5105 Κυ-

1965 4975 2087 5015 cum
2109 4960 2456 5015 sanctissimo
2487 4956 2692 5026 Spiritu
2724 4972 2865 5012 nunc
2889 4966 2947 5011 et
2981 4969 3216 5024 semper,
3263 4963 3319 5008 et
3346 4953 3398 5005 in
3432 4966 3540 5005 sa:-

1964 5054 2084 5105 cula
2144 5052 2488 5106 saeculorum.
2529 5053 2725 5105 Amen.

275 5148 403 5214 ρίου
457 5146 615 5215 ἡμῶν
667 5149 841 5217 Ἰησοῦ
894 5150 1154 5217 Χριστοῦ,
1208 5149 1277 5202 δι’
1319 5142 1381 5200 οὗ
1426 5149 1522 5200 καὶ
1556 5145 1676 5218 μεθ’
1707 5145 1766 5199 οῦ
1800 5144 1879 5216 τῷ
1920 5144 2160 5217 Πατρὶιὴ
2196 5145 2345 5213 δόξα,
2379 5147 2499 5217 ἆμα
2530 5144 2609 5216 τῷ
2638 5143 2892 5213 παναγίῳ
2923 5139 3219 5210 Πνιύματι,
3274 5134 3368 5189 νῦν
3440 5152 3536 5207 και

274 5243 368 5295 ἀεὶ
398 5244 513 5307 καὶ,
544 5242 623 5303 είς
659 5246 780 5305 τοὺς
820 5244 1023 5305 αἰῶνας
1054 5245 1161 5295 τῶν
1192 5243 1434 5297 αἰώνων.
1488 5242 1680 5312 Ἀμήν.

602 5873 870 5935 ΡΑτῐιοῐ..
906 5873 1022 5936 Gn.
1073 5870 1340 5935 CXLIX.

2988 5861 3066 5921 3.0
