4064 6292
310 423 418 487 949

1641 419 1972 480 ETHICON
2019 419 2178 482 VIII.

3476 429 3576 488 95d

309 530 584 588 ποιεῖσθαι
617 527 950 597 πιστεύομεν
973 545 986 560 ο
1023 531 1118 586 καὶ
1143 531 1342 600 ὁμοίως
1369 531 1460 584 τὸν
1503 525 1647 585 οἶνόν
1684 549 1742 584 τε
1797 533 1891 585 καὶ

1998 533 2218 595 dimus;
2251 531 2552 601 vinumque
2575 546 2699 588 cum
2723 547 2863 604 aqua
2888 533 3098 601 pariter
3130 535 3181 587 in
3211 523 3572 604 sanguinem:

307 624 370 677 τὸ
399 624 545 692 ὕδωρ
572 623 652 685 είς
676 619 815 692 αἷμα
849 636 864 672 ι
895 623 1018 675 ἐπεὶ
1046 624 1266 677 κάκεῖνο
1291 623 1352 674 τὸ
1385 623 1545 693 σῶμα
1571 627 1638 694 τῇ
1662 627 1894 691 ἐπισκη-

309 716 472 768 νὼσει
495 715 589 767 τοῦ
616 714 791 782 Λόγου
814 713 909 766 τοῦ
947 715 1428 784 ἐπισκηνώσαντος
1455 715 1512 767 ἐν
1555 713 1703 782 αὐτῷ
1725 713 1896 766 καθα-

309 807 534 874 γ.ασθὲν
582 805 746 874 ἄρτος
777 807 871 858 καὶ
896 801 1040 868 οἶνος
1064 807 1154 858 καὶ
1187 805 1332 874 ὕδωρ
1366 801 1435 875 ἦν
1474 808 1540 876 τῇ
1606 805 1838 873 δυνάμει
1878 819 1894 839 ο

315 900 408 952 καὶ
443 901 553 966 γάρ
584 899 648 950 ὲκ
671 899 878 953 τούτων
912 900 1114 961 παντὸς
1155 900 1498 970 ἀνθρωπίνου
1553 899 1806 969 σώματος
1857 901 1890 969 ἡ

310 992 609 1054 ὑπόστασις
641 1007 655 1022 ο
687 995 779 1044 καὶ
815 993 842 1043 ό
879 992 1013 1059 πρὸς
1043 995 1216 1046 ταῦτα
1243 993 1458 1064 βλέπων
1480 994 1710 1064 δυνάμει
1754 995 1894 1063 πρὸς

308 1081 398 1132 τὶν
415 1081 579 1147 όγκον
595 1079 688 1132 τοῦ
707 1081 975 1150 ἡμετέρου
1003 1079 1253 1152 σώματος
1275 1083 1461 1150 βλέπει
1487 1098 1503 1116 ⁸
1524 1083 1608 1136 ὅτι
1633 1085 1693 1136 ὲν
1718 1085 1893 1153 τούτῳ

311 1175 490 1224 ἐκεῖνα
515 1173 802 1240 γενόμενα,
829 1173 984 1224 τοῦτο
1007 1174 1236 1240 γίνεται,
1270 1175 1366 1226 καὶ
1389 1176 1590 1247 τρόπον
1619 1175 1739 1228 τινὰ
1763 1193 1895 1228 ταυ-

309 1266 401 1316 τόν
431 1267 577 1316 ἐστιν
612 1265 839 1326 ἐκείνοις
857 1265 915 1316 τὸ
932 1264 1102 1316 ταῦτα
1122 1265 1573 1334 παραδεξάμενον
1589 1267 1770 1335 σῶμα,
1794 1267 1896 1335 τῆς
1940 1279 1945 1286 ’

310 1359 539 1424 τρεφῆε,
571 1355 759 1426 ὥσπερ
785 1358 1021 1426 εἴρηται,
1043 1357 1178 1428 πρὸς
1199 1359 1297 1426 τὴν
1326 1358 1420 1409 τοῦ
1457 1357 1710 1429 σώματος
1733 1359 1894 1428 φύσιν

311 1447 401 1499 διὰ
428 1450 526 1516 τῆς
557 1448 912 1516 ἀλλοιωτικῆς
937 1449 1222 1513 δυνάμεως
1252 1449 1605 1520 καταλλήλως
1630 1451 1895 1519 μεθιστα-

315 1541 483 1608 μένης
513 1556 526 1570 ⁸
552 1539 675 1592 ὅθεν
709 1540 818 1607 γὰρ
847 1541 874 1591 ό
893 1541 950 1591 ὲν
965 1540 1157 1608 ἐκείνῳ
1173 1541 1250 1610 τῷ
1265 1541 1478 1609 σώματι
1504 1542 1894 1611 μεταποιηθεὶς

312 1634 474 1700 ἄρτος
494 1633 570 1694 είς
591 1632 742 1683 θείαν
764 1633 998 1701 μετέστη
1019 1632 1271 1700 δύναμιν,
1288 1633 1374 1686 διὰ
1394 1633 1487 1685 τοῦ
1506 1633 1669 1685 αὑτοῦ
1688 1633 1782 1685 καὶ
1802 1632 1896 1685 νῦν

312 1727 372 1775 τι
390 1725 505 1776 ἴσον
527 1724 734 1790 γίνεται
769 1739 782 1753 ’
812 1726 930 1776 ἐκεῖ
959 1741 1016 1776 τε
1043 1725 1152 1794 γὰρ
1175 1727 1208 1794 ἡ
1235 1725 1327 1777 τοῦ
1346 1725 1519 1794 Λόγου
1550 1727 1711 1796 χάρις
1739 1727 1896 1792 ἅγιον

317 1817 492 1868 ἐποίει
529 1816 588 1867 τὸ
621 1815 802 1885 σῶμα,
833 1809 875 1883 ᾧ
910 1817 975 1868 ἐκ
1003 1816 1096 1868 τοῦ
1129 1818 1297 1886 ἄρτου
1328 1820 1425 1868 καῖ
1456 1816 1550 1869 τοῦ
1599 1819 1741 1870 οἴνου
1799 1819 1893 1870 καὶ

1998 623 2452 694 quandoquidem
2501 633 2556 677 et
2609 639 2810 692 corpus
2843 625 3000 688 illud,
3043 626 3206 680 Verbi
3256 627 3576 679 habitaculi;

1996 717 2142 785 quod
2180 719 2233 770 in
2265 731 2336 772 eo
2367 714 2650 769 residebat
2685 717 3113 782 sanctificatum,
3149 719 3306 785 panis
3344 720 3572 788 vinique

1996 822 2121 861 cum
2172 825 2310 878 aqua
2361 807 2472 864 vim
2530 808 2812 863 habebat:
2857 825 3097 878 namque
3152 811 3237 863 his
3290 811 3571 863 alimentis

1995 914 2158 954 omne
2217 917 2420 970 corpus
2485 899 2790 955 humanum
2844 900 3097 954 subsistit
3145 921 3157 954 :
3218 909 3272 954 et
3325 903 3416 970 qui
3457 903 3573 955 hare

1997 1002 2231 1061 spectat,
2280 995 2514 1062 perinde
2545 1006 2627 1049 est
2675 1009 2739 1046 ac
2772 993 2817 1045 si
2866 995 3118 1062 corporis
3152 995 3332 1047 nostri
3390 996 3574 1048 incre-

1998 1096 2243 1139 mentum
2286 1097 2498 1154 Speetet
2545 1105 2560 1142 :
2618 1087 2752 1157 quia
2800 1085 2940 1138 intra
2991 1087 3092 1138 hoc
3146 1086 3238 1139 illa
3293 1095 3570 1153 suscepta,

1997 1192 2200 1244 corpus
2249 1193 2444 1232 revera
2494 1180 2653 1246 fiunt,
2701 1191 2754 1234 et
2793 1177 2941 1233 idem
2989 1178 3399 1246 quodammodo
3448 1194 3573 1231 eum

1997 1267 2108 1320 illis
2157 1270 2214 1322 lit
2263 1285 2466 1338 corpus
2506 1272 2695 1325 eadem
2728 1270 3051 1340 excipiens;
3087 1269 3234 1329 eiho,
3273 1279 3332 1322 ut
3366 1270 3572 1322 dictum

1997 1368 2101 1418 est.
2153 1361 2206 1413 in
2243 1363 2491 1430 Corporis
2529 1374 2805 1436 naturam,
2837 1379 2934 1432 per
2979 1361 3090 1417 vim
3127 1361 3572 1420 com'ertihih-m,

1997 1461 2372 1516 congruenter
2423 1454 2840 1507 transformata.
2896 1454 3050 1508 Sicut
3097 1469 3235 1523 ergo
3274 1454 3326 1504 in
3370 1453 3572 1504 Christi

1999 1555 2230 1608 corpore
2280 1553 2656 1598 commutatus
2703 1547 2862 1615 panis
2900 1547 2954 1600 in
2985 1546 3226 1600 divinam
3251 1543 3361 1600 vim
3396 1555 3573 1596 trans-

1997 1633 2132 1697 ibat,
2180 1636 2253 1687 ita
2299 1643 2354 1688 et
2407 1652 2554 1690 nunc
2611 1639 2892 1706 contingit
2937 1639 3213 1692 similiter.
3268 1637 3386 1692 Illic
3426 1637 3574 1688 enim

1999 1726 2170 1793 gratia
2203 1726 2366 1779 Verbi
2401 1737 2656 1780 sanctum
2682 1728 2956 1782 efﬁciebat
2979 1745 3202 1797 corpus,
3237 1731 3406 1783 cuiex
3433 1743 3574 1799 parte

2001 1817 2242 1884 vinoque
2267 1827 2319 1871 et
2345 1834 2486 1884 aqua
2522 1820 2882 1873 subsistentia
2907 1819 3203 1886 confiebat,
3235 1822 3306 1873 ita
3342 1831 3398 1874 ut
3429 1822 3570 1874 idem

315 1907 412 1959 τοῦ
442 1906 638 1969 ὓδατος
671 1909 702 1976 ὴ
739 1907 1001 1969 σύστασις
1031 1904 1120 1978 ἦν,
1151 1909 1247 1960 καὶ
1276 1908 1477 1977 τρόπον
1511 1910 1632 1962 τινὰ
1655 1911 1750 1961 καὶ⁵
1800 1910 1894 1960 αὖ·

2001 1923 2203 1977 corpus
2239 1911 2398 1978 panis
2427 1912 2839 1979 quodammodo
2865 1928 2928 1966 ac
2955 1913 3142 1966 vinum
3166 1926 3219 1967 et
3244 1929 3382 1981 aqua
3405 1925 3570 1968 esset.

313 2000 375 2050 τὸ
415 1999 577 2066 ἄρτος
612 2000 704 2052 καὶ
729 1994 874 2060 οἶνος
909 1999 1003 2050 καὶ
1039 1997 1182 2067 ὕδωρ
1209 1994 1297 2068 ἦν,
1337 1998 1570 2052 ἐνταῦθά
1604 2017 1661 2051 τε
1716 1999 1897 2051 ὡσαύ-

313 2093 464 2153 τωςὸ
494 2091 657 2159 ἄρτος
687 2092 781 2142 καὶ
820 2093 845 2142 ό
879 2087 1020 2152 οἶνος
1051 2092 1142 2143 καὶ
1171 2091 1229 2142 τὸ
1271 2090 1435 2160 ὕδωρ,
1467 2092 1610 2145 καθά
1659 2109 1822 2162 φησιν
1869 2095 1896 2145 ὀ

329 2181 666 2244 Ἀπόστολος,
705 2182 1020 2247 ἀγιάξονται
1053 2182 1140 2234 διὰ
1188 2183 1350 2248 λόγου
1382 2182 1519 2235 Ε)εοῦ
1578 2185 1668 2235 καὶ
1711 2185 1895 2235 ὲντεύ-

317 2271 471 2335 ξενος,
498 2274 560 2323 οὔ
587 2273 675 2324 διὰ
709 2271 960 2341 βρώσεως
986 2275 1242 2340 προϊόντα
1266 2275 1343 2336 είς
1369 2275 1428 2326 τὸ
1454 2276 1611 2344 σῶμα
1637 2277 1894 2342 γενέσθαι

315 2364 410 2418 ἐέῖ
442 2365 780 2436 .’ὶ.ὁ·,το·).,ἀλ.).⁹
813 2364 1074 2432 εὐθὺςείς
1109 2367 1170 2421 τὶ
1224 2367 1380 2439 alapa
1430 2369 1514 2424 Esi:
1558 2368 1650 2424 ἰοῦ
1717 2370 1892 2440 Δόλων

320 2478 456 2530 μετα
469 2463 781 2530 ποιούμενα.

389 2551 449 2605 δ’·
489 2553 660 2606 Τοῦτο
689 2559 777 2606 καὶ
821 2556 910 2607 ἐπὶ
936 2554 1030 2607 τοῦ
1059 2556 1206 2609 θείου
1233 2557 1607 2628 βαπτίσματος
1638 2564 1847 2628 γίνεται
1877 2578 1892 2594 ·

318 2648 381 2698 τὸ
411 2648 519 2716 γάρ
551 2648 730 2701 κοινὸν
766 2647 932 2717 ὕδωρ,
969 2652 1062 2702 καὶ
1092 2651 1276 2718 ὀλίγου
1305 2653 1452 2714 τινὸς
1485 2655 1636 2720 ἄξιον
1665 2657 1771 2727 πρὸ
1793 2657 1893 2724 τῆς

318 2741 590 2806 εὐλογίας,
623 2743 761 2810 μετά
789 2740 878 2793 τὸν
926 2743 1196 2812 ἀγιασμὺν
1250 2747 1342 2798 τὸν
1382 2746 1532 2816 παρὰ
1588 2747 1680 2799 τοῦ
1745 2749 1889 2802 θείου

322 2832 635 2898 Πνεύματος
660 2834 804 2885 θεῖον
828 2833 1035 2898 γίνεται
1067 2835 1162 2886 καὶ
1191 2835 1355 2904 ἱερὸν,
1391 2837 1650 2906 ἐνεργοῦν
1683 2841 1894 2908 μεγάλα

319 2926 414 2976 καὶ
445 2925 754 2992 Θαυμαστὰ,
788 2925 930 2990 λέγω
949 2926 1011 2994 δὴ
1044 2927 1314 2996 κάθαρσιν
1391 2929 1704 3000 ἁμαρτιῶν,
1765 2934 1894 2984 ἁνα-

320 3017 611 3084 κσινισμδν
642 3017 734 3068 καὶ
759 3017 1138 3086 ἀναγέννησιν,
1163 3021 1377 3082 πάντως
1401 3023 1520 3090 οὐχὶ
1551 3023 1889 3093 σωματικὴν,

319 3111 418 3162 καὶ
449 3111 514 3179 ἢν
543 3109 570 3161 ὁ
602 3110 908 3176 Νικόδημος
942 3111 1184 3177 ενόησεν,
1210 3110 1292 3163 ἔτι
1325 3114 1387 3181 τῇ
1418 3112 1511 3164 τοῦ
1575 3115 1744 3180 νόμου
1783 3131 1892 3166 πα-

1999 2000 2154 2054 Nunc
2204 2012 2390 2055 autem
2428 2005 2584 2072 panis
2620 2005 2878 2058 similiter
2913 2014 2969 2059 et
3007 2006 3198 2060 vinum
3245 2020 3368 2058 cum
3406 2021 3570 2073 aqua,

1997 2091 2142 2144 sicut
2189 2092 2265 2144 ait
2306 2092 2604 2160 Apostolus
2628 2095 2671 2158 ⁸,
2724 2095 3146 2148 sanctificantur
3200 2109 3300 2163 per
3338 2096 3569 2149 verbum

1997 2183 2090 2236 Dei
2125 2194 2180 2237 et
2220 2186 2571 2251 orationem;
2609 2203 2788 2256 neque
2826 2191 2940 2241 hinc
2967 2195 3150 2241 tamen
3187 2188 3237 2239 vi
3270 2189 3570 2241 manduca-

1999 2275 2167 2328 tionis
2205 2276 2257 2328 in
2291 2291 2493 2344 corpus
2527 2278 2685 2332 Verbi
2715 2288 3025 2346 transeunt,
3062 2279 3154 2333 sed
3191 2278 3338 2332 illico
3370 2279 3423 2331 in
3450 2294 3570 2331 cor-

1996 2381 2098 2437 pus
2131 2383 2158 2419 a
2191 2366 2370 2420 Verbo
2398 2382 2830 2425 couuttttrantur.

2065 2549 2118 2602 4.
2163 2549 2276 2603 lloc
2311 2553 2474 2603 etiam
2513 2551 2566 2604 in
2616 2551 2804 2606 divino
2840 2553 3172 2621 baptismate
3213 2552 3434 2607 accidit.
3469 2552 3564 2607 Et-

1959 2705 1961 2708 ,
1995 2642 2142 2694 enim
2173 2657 2291 2710 qua'
2331 2643 2570 2713 vulgaris
2615 2654 2738 2698 erat
2773 2646 3010 2714 vilisque
3055 2645 3218 2714 pretii
3263 2661 3401 2715 aqua
3439 2655 3568 2700 ante

1996 2733 2484 2799 benedictionem,
2541 2744 2662 2802 post
2723 2737 3224 2792 sanetificationem
3281 2754 3309 2791 a
3378 2738 3566 2792 divino

1998 2825 2206 2892 Spiritu
2239 2825 2517 2886 collatam,
2548 2825 2732 2879 divina
2758 2841 3023 2895 sacraque
3051 2828 3129 2890 fit,
3158 2842 3351 2896 magna
3378 2838 3432 2882 ct
3466 2829 3568 2882 nti-

1994 2917 2187 2970 rabilia
2207 2933 2460 2985 operans,
2482 2919 2886 2987 purgationem,
2915 2918 3163 2987 inquam,
3186 2929 3559 2988 peccatorum,

1997 3012 2410 3064 renovationun
2461 3019 2518 3063 et
2564 3011 3081 3078 regenerationem;
3117 3013 3260 3065 haud
3317 3013 3566 3080 profecto

1995 3101 2364 3170 corporalem,
2391 3101 2458 3156 de
2488 3117 2594 3170 qua
2620 3102 2952 3156 Nicodcmus
2979 3103 3279 3172 cogitabat,
3312 3103 3407 3171 qui
3433 3103 3568 3171 legis

323 3197 708 3264 ρακαθήμενος
756 3197 905 3262 σκιᾷ,
945 3197 1038 3248 καὶ
1074 3197 1240 3266 μηδὲν
1267 3199 1470 3267 ὑψηλὸν
1523 3201 1893 3268 φαντασθῆναι

2000 3195 2180 3247 adhuc
2209 3195 2417 3248 umbrae
2445 3194 2781 3255 adhazrebat,
2828 3195 3076 3263 nihilque
3109 3195 3387 3247 excelsum
3423 3194 3566 3245 ima-

319 3285 634 3352 διῑνάμενοῖ,
667 3286 798 3338 ἀλλὰ
831 3287 988 3355 ξένην
1017 3291 1136 3340 τινὰ
1157 3291 1251 3339 καὶ
1287 3291 1769 3360 παρηλλαγμένην,
1800 3294 1894 3344 καὶ

251 3447 254 3451 ι
320 3379 622 3455 ὀφθαλμοῖς
653 3380 750 3447 μὲν
773 3379 1024 3442 οὐδαμῶς
1062 3379 1428 3451 βλεπομένην,
1463 3384 1640 3454 ἐννοίᾳ
1665 3384 1722 3435 δὲ
1760 3385 1896 3456 μόνῃ

323 3469 733 3538 θεωρουμένην,
761 3472 852 3522 καὶ
882 3472 1050 3533 ὅντως
1069 3479 1087 3520 c
1108 3472 1227 3534 ξίαν
1257 3472 1350 3523 τοῦ
1392 3473 1596 3544 ταύτην
1619 3478 1752 3542 ἡμῖν
1802 3494 1896 3545 χαι

325 3564 625 3632 ρισαμένου
657 3561 917 3632 Χριστοῦ,
947 3564 1012 3615 δι’
1043 3566 1191 3629 ἡμᾶς
1217 3567 1497 3633 γεγονότος
1548 3568 1671 3619 καθ’
1706 3569 1852 3638 ἡμᾶς
1875 3584 1893 3600 ⁸

322 3658 436 3722 ἵνα,
461 3655 650 3724 ὥσπερ
682 3654 1155 3722 ὲπεϐουλεὺθημεν
1194 3656 1362 3709 πάλαι
1395 3657 1531 3725 μετὰ
1589 3661 1686 3726 τῆς
1741 3659 1897 3728 μερί-

327 3765 470 3817 μνης
496 3746 588 3797 τοῦ
639 3749 1077 3815 κακουργοῦντος
1140 3749 1458 3817 ὑποχθονίου
1511 3751 1760 3820 δαίμονος
1803 3753 1897 3804 καὶ

330 3840 607 3909 μοχθηροῦ
642 3840 736 3891 καὶ
794 3840 1091 3908 βασκάνου,
1125 3842 1496 3909 προκάλυμμα
1550 3845 1648 3911 τῆς
1701 3845 1895 3897 ἑαυτοῦ

323 3933 548 4000 γνώμης
576 3931 726 3992 ἄξιον
749 3933 1041 4000 εὑρηκότος
1074 3935 1165 3984 τὸν
1189 3934 1329 3998 ὅφιν,
1360 3934 1530 4002 ὁμοίῳ
1574 3951 1632 3986 τε
1685 3937 1897 4005 ἑρπετῷ

323 4025 730 4091 ἑνοικήσαντος,
757 4025 848 4074 καὶ
874 4023 961 4075 διὰ
1000 4023 1192 4075 τούτου
1221 4027 1317 4092 τὴν
1361 4027 1500 4077 κατὰ
1555 4027 1647 4077 τοῦ
1703 4030 1896 4095 γένους

323 4116 485 4184 ἡμῶν
543 4115 820 4186 ἁμαρτίαν
885 4117 1398 4186 καινοτομήσαντος,
1453 4115 1624 4179 οὕτως
1674 4118 1898 4190 ὕστερον

326 4209 592 4274 σωθῶμεν
624 4208 764 4277 μετὰ
802 4207 902 4274 τῆς
943 4210 1225 4275 φροντίδος
1279 4208 1373 4259 τοῦ
1418 4209 1751 4279 δημιουργοῦ
1804 4215 1898 4266 καὶ

324 4294 718 4366 φιλανθρώπου
748 4292 885 4346 Θεοῦ
932 4294 1134 4345 τέλειον
1172 4293 1457 4362 ἄνθρωπον
1517 4295 1894 4364 ἀναλαϐόντος,

325 4391 424 4442 καὶ
455 4389 598 4440 οὓτω
629 4387 725 4457 τὴν
755 4386 850 4440 τοῦ
873 4386 1073 4454 ἐχθροῦ
1107 4386 1374 4455 πονηρίαν
1395 4387 1896 4456 ὲπανορῦὼσαντος,

327 4482 423 4534 καὶ
454 4480 924 4549 αὐτουργῆσαντος
946 4477 1045 4546 τὴν
1070 4477 1230 4545 ἡμῶν
1267 4476 1544 4546 σωτηρίαν
1569 4492 1584 4506 ·
1618 4476 1710 4530 τὸν
1736 4478 1898 4531 αὑτὸν

1998 3289 2172 3358 ginari
2226 3287 2481 3341 valebat:
2516 3286 2611 3340 sed
2648 3288 3004 3357 peregrinam
3049 3287 3346 3353 quamdam
3381 3285 3570 3339 diver-

1998 3393 2259 3444 samque;
2321 3387 2377 3431 ct
2436 3376 2614 3431 oculis
2665 3391 2798 3430 sane
2849 3376 3207 3440 invisibilem,
3265 3377 3380 3430 sola
3438 3391 3570 3430 vero

1999 3480 2183 3521 mente
2210 3467 2568 3536 spectabilem
2592 3484 2607 3533 ;
2634 3481 2873 3535 vereque
2897 3466 3116 3534 dignam
3147 3465 3370 3520 Christo
3393 3465 3569 3536 ipsam

1999 3561 2264 3625 donante,
2314 3562 2415 3629 qui
2459 3561 2632 3613 nostri
2679 3561 2852 3629 gratia
2902 3559 3080 3613 factus
3113 3569 3198 3613 est
3240 3561 3385 3614 sicut
3428 3575 3570 3612 unus

1999 3651 2066 3704 de
2099 3651 2278 3708 nobis.
2332 3649 2402 3702 Ut
2447 3651 2592 3703 sicut
2626 3650 2757 3702 olim
2796 3649 3015 3701 insidiis
3049 3649 3412 3703 circumventi
3462 3649 3572 3701 fui-

2000 3757 2142 3807 mus,
2180 3741 2416 3793 artificio
2445 3740 2674 3793 malefici
2710 3739 2996 3793 infernalis
3025 3739 3305 3804 draconis,
3336 3740 3569 3808 improbi

1999 3843 2056 3887 et
2088 3832 2280 3897 invidi,
2309 3833 2402 3900 qui
2436 3833 2759 3900 operculum
2795 3840 2978 3883 mente
3011 3845 3109 3883 sua
3148 3830 3375 3898 dignum
3413 3831 3574 3884 adin-

1999 3925 2153 3978 veuit
2181 3931 2518 3989 serpentem,
2545 3933 2602 3976 et
2639 3923 2694 3975 in
2723 3921 2892 3976 simili
2918 3923 3022 3975 sibi
3049 3923 3232 3990 reptili
3269 3922 3568 3986 habitavit;

2001 4025 2056 4070 et
2086 4017 2248 4085 hujus
2277 4031 2444 4083 opera
2482 4015 2660 4083 primo
2685 4013 2739 4066 in
2778 4023 3031 4066 nostrum
3061 4029 3234 4082 genus
3262 4013 3572 4067 introduxit

2003 4117 2323 4177 peccatum;
2366 4109 2444 4161 sic
2493 4124 2590 4161 nos
2630 4116 2820 4176 postea
2849 4121 2981 4159 cura
3023 4107 3293 4159 creatoris
3321 4105 3569 4159 clemen-

2005 4202 2182 4268 tisque
2236 4199 2354 4261 Dei,
2395 4199 2490 4268 qui
2544 4199 2850 4268 perfectura
2899 4197 3180 4250 hominem
3232 4197 3571 4264 assumpsit,

2004 4301 2168 4359 atque
2221 4291 2293 4344 ita
2341 4290 2553 4345 inimici
2599 4289 2863 4343 malitiam
2911 4289 3172 4355 correxit,
3207 4300 3572 4356 nostramque

2001 4385 2234 4452 salutem
2278 4394 2540 4452 operattts
2581 4395 2693 4446 eSt;
2745 4381 3160 4451 pari,inquam,
3203 4380 3366 4434 modo
3414 4381 3574 4450 panis

2003 4489 2226 4544 quoque
2263 4485 2321 4528 et
2351 4474 2540 4527 viuum
2574 4487 2700 4526 cum
2737 4485 2901 4540 aqua,
2927 4486 3051 4540 qua:
3077 4478 3237 4526 antea
3283 4485 3373 4525 res
3419 4485 3573 4524 com-

325 4570 424 4628 οὖν
449 4573 649 4641 τρόπον
678 4572 772 4624 καὶ
795 4569 1013 4640 bimo;
1045 4571 1138 4621 καὶ
1169 4570 1197 4620 ό
1227 4567 1368 4630 οἶνος
1428 4570 1546 4637 ἅμα
1597 4569 1675 4640 τῷ
1718 4569 1893 4634 ὕδατι,

2009 4568 2192 4622 munis
2223 4576 2410 4631 erant,
2443 4575 2732 4636 postquam
2762 4581 2826 4618 ea
2858 4563 3180 4634 mysterium
3213 4577 3575 4638 consecrave-

327 4664 488 4719 κοινά
515 4662 779 4732 πρότερον
797 4661 949 4723 ὄντα,
973 4660 1100 4712 ὅταν
1123 4661 1262 4712 αὑτὰ
1282 4662 1342 4713 τὸ
1367 4663 1662 4730 μυστήριον
1687 4662 1897 4731 ἱερουρ-

329 4759 500 4828 γήσῃ,
531 4755 691 4825 σῶμα
724 4755 819 4808 καὶ
865 4747 1003 4822 αἷμα
1053 4754 1292 4820 γίνονται
1341 4753 1434 4806 τοῦ
1481 4754 1742 4821 Χριστοῦ,
1798 4757 1897 4825 τῆς

328 4849 540 4904 ἄνωθεν
578 4849 802 4918 χάριτος
849 4845 1176 4916 εὐλογούσης
1211 4847 1368 4898 αὑτά.

398 4941 462 4994 ε’.
496 4943 602 4994 Καὶ
624 4941 761 5001 πῶς,
790 4940 976 5007 φησὶν,
1009 4939 1128 5008 οὐχὶ
1160 4940 1440 5006 φαίνονται
1483 4941 1616 5006 ἡμῖν
1637 4938 1772 5008 σάρξ
1804 4940 1894 4990 καὶ

328 5031 492 5107 αἷμᾳ,
526 5033 642 5086 ἀλλ’
673 5033 835 5100 ἄρτος
858 5032 948 5083 καὶ
977 5027 1113 5090 οἶνος
1143 5049 1157 5094 ;
1186 5031 1286 5082 Διὰ
1329 5031 1388 5082 τὸ
1433 5030 1509 5099 μὴ
1551 5032 1697 5098 ἡμᾶς
1744 5029 1894 5099 ἀηδί-

329 5125 519 5188 ζεσθαι
549 5121 680 5191 πρὸς
704 5121 802 5190 τὴν
829 5121 1031 5190 βρῶσιν
1065 5139 1077 5150 ·
1109 5125 1154 5173 εἰ
1184 5123 1280 5189 μὲν
1309 5127 1418 5189 γάρ
1465 5122 1603 5190 σάρξ
1634 5121 1726 5172 καὶ
1756 5115 1896 5187 αἷμα

330 5213 632 5279 ἐφαίνοντο,
667 5212 844 5279 ἀηδῶς
877 5213 944 5263 ἂν
967 5211 1280 5277 διεκείμεθα
1321 5213 1448 5279 περὶ
1469 5211 1566 5281 τὴν
1595 5209 1896 5279 μετάληψιν

330 5305 407 5364 ὡς
435 5301 681 5372 ἀσυνήθη
717 5302 792 5372 (1)
817 5318 830 5330 ’
864 5301 960 5354 νῦν
995 5302 1048 5354 δὲ
1076 5302 1332 5370 τοιαύτης
1361 5301 1694 5368 φαινομένης
1747 5302 1896 5368 ἡμῖν,

330 5390 572 5460 εὐχερῶς
605 5389 809 5459 ταύτης
845 5391 1359 5459 μεταλαμὸάνομεν.
1413 5388 1534 5442 Οἵδε
1563 5391 1670 5459 γὰρ
1701 5392 1729 5442 ό
1767 5389 1901 5451 Θεὸς

332 5482 415 5534 ὃτι
442 5483 473 5548 ἡ
504 5480 814 5549 ἀνθρωπίνη
834 5480 1088 5532 ἀσθένεια
1120 5483 1374 5542 πολλάκις
1392 5482 1460 5533 τὰ
1481 5482 1554 5550 μὴ
1577 5481 1718 5532 κατὰ
1741 5483 1904 5549 συνής

337 5571 491 5625 θειαν
520 5573 860 5642 τετριμμένοι
886 5574 1292 5640 ἀποστρέφεται
1323 5573 1750 5643 δυσχεραίνουσα
1778 5589 1793 5604 ο
1826 5574 1907 5626 διὸ

409 5712 432 5743 ⁸
463 5713 484 5764 1
511 5711 653 5765 Tim.
682 5725 757 5775 tv,
792 5712 844 5766 5.

2006 4657 2104 4718 rit,
2137 4671 2348 4725 corpus
2371 4666 2428 4710 et
2473 4655 2701 4718 sanguis
2735 4653 2945 4710 Christi
2978 4655 3140 4721 fiunt,
3166 4668 3408 4724 superna
3442 4655 3574 4724 ipsis

2004 4748 2372 4803 benediceute
2410 4748 2606 4817 gratia.

2073 4929 2128 4982 5.
2171 4927 2361 4996 Atqui,
2393 4926 2538 4982 dicet
2573 4925 2795 4996 aliquis,
2826 4943 2928 4982 cur
2960 4942 3092 4982 caro
3120 4936 3177 4981 et
3209 4926 3432 4995 sanguis
3463 4940 3572 4978 non

2003 5029 2272 5090 apparent
2305 5019 2487 5084 nobis,
2519 5020 2614 5074 sed
2642 5021 2801 5088 panis
2821 5020 3163 5088 vinumque?
3186 5019 3264 5072 Ne
3294 5034 3396 5071 nos
3420 5017 3572 5070 vidc-

2002 5112 2152 5176 licet,
2205 5113 2451 5180 inquam.
2500 5128 2528 5165 a
2579 5115 2921 5167 comestione
2953 5112 3401 5165 abhorreremus.
3435 5108 3568 5162 Nam

2003 5205 2048 5258 si
2085 5221 2216 5257 caro
2261 5215 2316 5257 et
2345 5204 2572 5271 sanguis
2616 5213 2970 5273 apparerent,
3003 5200 3310 5256 iusuaviter
3341 5216 3568 5269 prorsus

2004 5293 2071 5347 ad
2102 5294 2542 5362 participandum
2579 5305 2687 5347 tam
2719 5294 2941 5348 insolita
2971 5291 3380 5346 accederemus.
3409 5291 3568 5343 Nunc

2005 5402 2155 5452 vero,
2193 5386 2282 5437 tali
2321 5385 2426 5438 sub
2456 5385 2632 5438 forma
2665 5399 2791 5436 cum
2835 5383 2998 5436 nobis
3040 5389 3369 5460 appareant,
3409 5380 3569 5434 facile

2009 5481 2125 5533 haec
2158 5478 2572 5547 participamus.
2601 5476 2720 5529 Scit
2758 5478 2904 5529 enim
2953 5476 3099 5529 Deus
3157 5474 3450 5527 humanam
3484 5471 3570 5524 in-

2013 5571 2329 5626 ﬁrmitatem
2361 5584 2505 5638 sirpe
2539 5581 2798 5636 respuere
2831 5581 2952 5636 qua:
2979 5565 3086 5621 sibi
3117 5580 3222 5621 non
3271 5571 3399 5618 sunt
3438 5577 3567 5618 cou-

413 5826 490 5897 (1)
528 5825 777 5882 Imitatur
837 5823 1162 5880 Theodorus
1217 5830 1468 5880 sanctum
1516 5823 1778 5897 Cyrillum
1840 5825 1894 5881 in
1936 5830 2333 5886 commentario
2369 5831 2433 5888 ad
2470 5832 2692 5889 Lucam.
