4064 6292
518 385 614 445 9η

1655 386 1756 444 ΤΗ
1769 385 2058 446 EODORI
2098 384 2650 447 MELITENIOT/E

3669 382 3786 442 952

515 513 672 558 sueta
710 520 721 553 :
776 501 1009 570 ideoque
1057 500 1215 554 solita
1250 515 1349 555 sua
1386 501 1730 571 indulgentia
1767 512 1960 565 utens,
1988 520 2083 572 per

2199 510 2276 558 ita}:
2314 509 2380 577 τῇ
2415 506 2638 575 συνήθει
2667 503 3012 585 κεχρημέιῖος
3063 502 3490 570 συγκαταόάσει,
3537 500 3627 553 διὰ
3667 501 3785 553 τῶν

515 602 780 645 consueta
809 600 1019 644 natura:
1052 591 1186 645 facit
1208 606 1269 644 ea
1293 607 1413 661 quae
1444 601 1574 645 sunt
1608 608 1771 662 supra
1803 603 2081 649 naturam.

514 688 668 740 Sicut
714 686 885 754 igitur
948 684 1005 739 in
1073 685 1422 754 baptismate,
1476 687 1739 754 quoniam
1794 687 2083 743 hominum

516 793 633 833 tuos
671 788 759 831 cst
805 792 947 845 aqua
979 776 1171 841 lavari,
1220 788 1278 831 ct
1314 772 1439 833 oleo
1477 780 1637 848 ungi.
1685 795 1840 849 aqua:
1872 790 1929 834 ct
1961 780 2084 835 oleo

515 869 746 936 gratiam
790 869 1030 937 Spiritus
1077 868 1398 931 immiscuit,
1433 872 1673 941 fecitque
1709 872 1821 927 haec
1852 887 2087 925 renova-

518 962 688 1015 tLonis
719 960 998 1014 lavacrum
1032 971 1085 1014 et
1116 962 1588 1030 regenerationis;
1624 979 1681 1017 re
1711 964 1964 1017 sensibili
2002 964 2087 1017 in-

518 1052 827 1108 tellectuale
859 1052 1065 1105 donum
1096 1054 1341 1108 cilieiens
1366 1070 1380 1117 ;
1405 1055 1521 1122 pari
1553 1056 1787 1118 ratione,
1820 1058 2083 1125 quoniam

516 1145 694 1200 solent
740 1144 992 1199 homines
1038 1160 1234 1215 panem
1288 1146 1583 1201 comedere
1624 1147 1924 1217 vinumque
1958 1165 2083 1203 cum

515 1254 656 1305 aqua
685 1238 899 1304 bibere,
941 1239 1028 1293 his
1055 1238 1339 1307 copulavit
1388 1240 1646 1293 deitatem
1680 1256 1835 1294 suain
1864 1260 1879 1305 ;
1909 1257 2085 1311 eaque

516 1344 720 1397 corpus
762 1346 922 1384 suum
955 1346 1021 1385 ac
1051 1331 1377 1401 sanguinem
1411 1331 1676 1395 eﬂicicns,
1716 1334 1871 1401 panis
1903 1345 2083 1389 tamen

514 1419 742 1489 \‘inique
778 1422 1160 1490 apparentiam
1210 1422 1463 1484 retinuit,
1511 1431 1572 1477 ut
1618 1438 1647 1475 a
1693 1426 1976 1477 consuetis
2020 1442 2086 1478 ac

516 1511 863 1565 naturalibus
909 1511 978 1565 ad
1024 1512 1473 1580 supernaturalia
1524 1513 1899 1568 sublevemur.
1935 1515 2086 1570 Nihil

518 1600 667 1653 enim
718 1601 979 1656 sensibile
1027 1602 1191 1657 nobis
1247 1603 1504 1659 Christus
1557 1604 1804 1669 tradidit,
1851 1606 1947 1660 sed
1999 1621 2087 1661 res

517 1693 739 1757 quidem
797 1693 1123 1760 sensibiles;
1173 1694 1356 1750 omnia
1406 1705 1587 1749 tamen
1639 1697 2089 1751 intellectualiter

518 1784 864 1854 accipienda.
916 1786 1053 1841 Nam
1100 1788 1145 1841 si
1198 1787 1422 1853 quidem
1471 1788 1785 1858 incorporei
1816 1804 2084 1856 essemus,

523 1877 715 1945 utique
751 1876 1121 1945 incorporalia
1158 1879 1317 1933 nobis
1341 1878 1483 1932 dona
1514 1878 1800 1934 dedisset:
1828 1880 1924 1934 sed
1958 1881 2087 1950 quia

520 1969 741 2037 corpori
777 1969 1033 2037 copulata
1081 1981 1166 2024 est
1211 1972 1417 2033 anima,
1456 1971 1706 2025 sensibili
1759 1972 1862 2026 sub
1906 1973 2093 2043 specie

521 2062 919 2117 intellectualia
963 2064 1122 2117 nobis
1158 2064 1407 2118 tradidit.
1442 2064 1632 2133 Neque
1683 2066 1889 2119 idcirco
1937 2066 2093 2135 panis

522 2154 612 2208 ille
643 2165 697 2207 et
726 2154 914 2208 vinum
954 2171 1079 2209 cum
1130 2171 1294 2225 aqua,
1330 2172 1451 2225 qua
1486 2157 1537 2209 in
1572 2173 1732 2211 sacro
1775 2158 1931 2212 altari
1968 2174 2093 2211 san-

519 2246 870 2313 ctiiicantur,
927 2256 1090 2318 typus
1130 2248 1354 2316 quidam
1402 2259 1529 2302 sunt
1580 2250 1787 2305 Christi
1845 2250 2094 2319 corporis

522 2335 959 2404 sanguinisque;
998 2336 1178 2389 absit!
1208 2337 1306 2391 sed
1334 2353 1535 2407 corpus
1559 2340 1739 2408 ipsum
1773 2354 1838 2393 ac
1868 2340 2093 2408 sanguis

520 2426 734 2479 Domini
767 2425 1042 2482 deiﬁcata.
1078 2427 1382 2483 Caveamus
1414 2430 1595 2498 itaque
1621 2431 1920 2499 quominus
1975 2430 2093 2484 haec

520 2515 904 2570 tantummodo
936 2526 1099 2585 prout
1123 2518 1301 2570 oculis
1336 2529 1588 2586 prostant
1617 2533 1956 2588 spectemus,
1991 2519 2089 2574 sed

519 2608 724 2662 Christi
761 2607 928 2662 verba
978 2609 1303 2674 retinentes,
1339 2612 1771 2680 persuadeamus
1818 2612 2093 2666 nobismet

521 2710 688 2768 atque
712 2698 1022 2762 credamus,
1045 2714 1220 2768 eaque
1249 2701 1446 2754 mentis
1466 2701 1641 2755 oculis
1662 2702 2089 2771 conspiciamus.

519 2793 655 2851 Nam
684 2806 868 2846 sermo
897 2792 1016 2862 ejus
1047 2791 1357 2846 infallibilis
1384 2806 1467 2845 est
1490 2809 1503 2854 ;
1529 2808 1726 2847 sensus
1750 2809 1878 2847 vero
1904 2804 2094 2849 noster

522 2887 680 2940 facile
726 2886 1051 2956 decipitur:
1095 2886 1187 2941 ille
1239 2901 1523 2955 nunquam
1568 2887 1799 2950 excidit,
1846 2888 1936 2941 hic
1982 2887 2096 2957 ple-

521 2994 754 3048 rumque
789 2978 1020 3033 fallitur.
1049 2977 1507 3048 Quandoquidem
1550 2979 1716 3048 igitur
1762 2994 1943 3032 sermo
1973 2980 2095 3049 ejus

520 3069 694 3124 dicit:
732 3086 751 3119 ι
791 3066 906 3123 Hoc
930 3077 1013 3121 est
1042 3082 1242 3135 corpus
1272 3084 1479 3133 meum,
1517 3086 1536 3118 ι
1571 3078 1626 3122 et
1663 3087 1681 3121 ι
1724 3069 1822 3123 llic
1850 3078 1933 3123 est
1963 3084 2091 3123 san-

2194 599 2443 669 συνήθων
2487 600 2587 668 τῆς
2657 597 2875 665 φύσεως
2938 589 3183 649 ποιεῖται
3228 597 3297 648 τὰ
3356 594 3501 664 ὑπεὶρ
3558 592 3729 661 φύσιν
3763 607 3779 621 θ

2195 692 2385 761 ὥσπερ
2405 690 2497 745 οῦν
2515 691 2611 744 ἰπὶ
2639 690 2734 743 τοῦ
2764 674 3164 759 βαπτίσματος,
3186 687 3373 757 ιπειδή
3385 703 3491 753 περ
3523 686 3643 738 ἐστὶ
3659 685 3787 749 τοῖς

2192 785 2507 855 ἀνθρώποις
2556 783 2678 845 έθος
2736 781 2892 835 ῦδατι
2951 781 3211 835 λούεσθαι
3255 780 3350 833 καὶ
3409 779 3575 847 ἐλαίῳ
3628 778 3786 847 χρίσ-

2192 878 2355 939 σθαιγ
2390 874 2644 943 συνέμιξε
2692 872 2772 943 τῷ
2817 872 2983 926 ὕδατι
3021 873 3114 925 καὶ
3156 872 3236 943 τῷ
3273 874 3439 942 ὲλαίῳ
3470 872 3571 942 τὴν
3608 872 3779 942 χάριν

2190 969 2282 1020 τοῦ
2314 966 2774 1034 Πνεύματοςςκαὶ
2806 967 3032 1035 ἐποίησε
3054 966 3230 1018 ταῦτα
3262 964 3486 1033 λουτρὸν
3544 967 3784 1030 ἀναγεν-

2191 1058 2400 1128 νήσεως
2432 1059 2526 1110 καὶ
2553 1057 2976 1119 ἀνακαινίσεως,
3022 1055 3090 1108 δι’
3121 1056 3382 1125 αἰσθητοῦ
3449 1055 3783 1126 πράγματος

2190 1147 2380 1215 νοητὸν
2408 1144 2887 1215 δῶροννάποτελῶν
2928 1162 2943 1175 ·
2977 1144 3149 1208 οὕτως
3187 1145 3452 1207 ἐνταῦθα,
3497 1146 3621 1197 ἐπεὶ
3662 1144 3782 1205 τοῖς

2190 1238 2501 1305 ἀνθρώποις
2525 1237 2645 1299 ἔθος
2668 1236 2832 1305 ἄρτον
2856 1235 3079 1299 ἐσθίειν,
3112 1236 3208 1288 καὶ
3266 1237 3446 1289 πίνειν
3475 1231 3620 1287 οἶνον
3650 1232 3762 1301 μεθ

2192 1329 2407 1390 ὓδατος,
2436 1327 2753 1391 συνέζευξεν
2782 1328 2968 1389 αὐτοῖς
3011 1329 3113 1396 τὴν
3143 1325 3310 1379 αὐτοῦ
3343 1326 3576 1394 θεότητα
3618 1343 3634 1357 ο
3682 1326 3782 1377 καὶ

2192 1419 2593 1491 ποιήσαςαὺτὰ
2629 1419 2787 1485 σῶμα
2821 1420 2934 1470 καὶΔ
2971 1412 3112 1485 αἷμα
3145 1416 3335 1478 αὑτοῦ,
3366 1418 3428 1470 τὺ
3484 1415 3625 1478 εἶδος
3680 1413 3781 1467 τοῦ

2192 1512 2358 1581 ἄρτου
2388 1510 2489 1563 καὶ
2515 1510 2609 1562 τοῦ
2638 1509 2779 1563 οῐνου
2816 1508 3107 1577 ἐφύλαξεν,
3137 1507 3224 1562 ῖνα
3253 1508 3341 1560 διὰ
3372 1507 3483 1559 τῶν
3529 1506 3783 1573 συνήθων

2192 1602 2291 1656 καὶ
2321 1603 2466 1655 κατά
2528 1601 2691 1668 φύσιν
2747 1603 2804 1654 ὲν
2856 1603 2967 1661 τοῖς
3020 1600 3159 1668 ὑπὲρ
3214 1600 3383 1669 φύσιν
3444 1598 3724 1667 γινώμεθα
3766 1614 3780 1627 ο

2191 1693 2344 1746 οὐδὲν
2365 1695 2478 1763 γὰρ
2506 1692 2774 1760 αἰσθητὸν
2801 1693 3123 1763 παρέδωκεν
3151 1694 3287 1761 ἡμῖν
3320 1695 3347 1745 6
3373 1692 3640 1761 Χριστὸς,
3664 1685 3783 1743 ἀλλ’

2123 1839 2164 1892 Β
2194 1784 2428 1854 αἰσθητά
2455 1783 2556 1853 μὲν
2586 1784 2919 1853 πράγματα,
2942 1784 3125 1837 πάντα
3152 1783 3207 1836 δὲ
3229 1783 3396 1851 νοητᾶ
3419 1798 3435 1815 ο
3468 1784 3517 1835 εἰ
3548 1781 3651 1851 μὲν
3676 1782 3785 1848 γὰρ

2198 1878 2482 1947 ἀσώματοι
2510 1872 2676 1947 ἦμεν,
2704 1876 2892 1945 γυμνὰ
2920 1877 2985 1929 ἂν
3021 1878 3158 1944 ἡμῖν
3212 1877 3353 1929 αὐτά
3397 1875 3469 1927 τὰ
3512 1873 3782 1942 ἀσώματα

2196 1968 2487 2039 παρέδωκε
2524 1969 2677 2038 δῶρα
2704 1984 2716 1998 ·
2752 1969 2878 2022 ἐπεὶ
2910 1968 2966 2022 δὲ
3009 1966 3221 2036 σώματι
3264 1966 3689 2035 συμπέπλεκται
3745 1966 3780 2033 ἠ

2194 2059 2366 2130 ψυχὴ,
2400 2061 2457 2112 ὲν
2513 2060 2796 2125 αἰσθητοῖς
2849 2062 2981 2129 ἡμῖν
3036 2061 3105 2112 τὰ
3158 2058 3324 2129 νοητὰ
3373 2058 3780 2126 παραδίδωσιν.

2196 2153 2311 2206 Οὐκ
2338 2152 2442 2222 ἄρα
2487 2152 2657 2214 τύπος
2687 2153 2713 2203 6
2746 2151 2929 2221 ἄρτος,
2960 2152 3054 2201 καὶ
3088 2150 3114 2201 6
3142 2146 3281 2210 οἶνος
3318 2148 3434 2217 ἅμα
3472 2148 3552 2216 τῷ
3600 2146 3779 2207 ῦδατι,

2195 2246 2265 2300 τὰ
2293 2247 2350 2299 έν
2375 2244 2452 2314 τῷ
2483 2243 2615 2314 θείῳ
2653 2243 3028 2310 θυσιαστηρίῳ
3060 2242 3404 2311 ἁγιαζόμενοι
3434 2241 3529 2293 τοῦ
3588 2239 3782 2306 σώμαι

2194 2356 2286 2401 τος
2316 2336 2411 2391 τοῦ
2444 2336 2685 2407 Χριστοῦ
2720 2335 2932 2389 καὶτοῦ
2974 2335 3226 2405 αἵματος,
3292 2335 3365 2404 μὴ
3396 2334 3634 2401 γένοιτο,
3666 2333 3781 2385 ἀλλ’

2195 2430 2329 2485 αὐτὸ
2362 2429 2423 2482 τὸ
2455 2429 2615 2497 σῶμα
2648 2429 2744 2481 καὶ
2782 2428 2844 2480 τὸ
2871 2422 3010 2496 αἷμα
3040 2425 3135 2480 τοῦ
3165 2425 3373 2495 Κυρίου
3420 2424 3739 2493 τεθεωμένα
3762 2439 3776 2453 ⁸

2193 2523 2273 2577 διδ
2300 2522 2377 2593 μὴ
2407 2523 2518 2583 τοῖς
2545 2521 2821 2590 κειμένοις
2882 2520 3041 2587 μόνον
3071 2519 3467 2589 ὲμὸλέπωμεν,
3512 2519 3653 2571 ἀλλὰ.
3710 2521 3776 2571 τὶ

2197 2614 2424 2683 ῥήματα
2443 2611 2607 2665 αὐτοῦ
2644 2612 2993 2682 κατέχοντες,
3028 2614 3122 2666 καὶ¹
3152 2610 3499 2680 πειθώμεθα.
3550 2613 3645 2663 καὶ
3693 2629 3782 2663 πιο

2196 2705 2502 2774 στεύωμεν,
2528 2705 2621 2758 καὶ
2664 2707 2876 2774 νοητοῖς
2923 2705 3064 2758 αὐτὰ
3097 2704 3387 2775 βλέπωμεν
3431 2703 3734 2771 ὀφθαλμοῖς
3759 2719 3774 2733 ·

2194 2800 2222 2852 6
2265 2798 2494 2867 μὲνγὰρ
2562 2796 2723 2865 λόγος
2786 2795 2956 2849 αὑτοῦ
3007 2795 3449 2866 ἀπαραλὸγιστος
3485 2793 3661 2864 (1)-ὴ
3724 2794 3779 2851 δι

2195 2889 2452 2960 αἴσθησις
2480 2889 2642 2961 ἡμῶν
2675 2888 3084 2958 εὐεξαπάτητος
3114 2905 3128 2919 ⁶
3178 2882 3332 2951 οὗτος
3377 2888 3634 2941 οὐδέποτε
3669 2887 3781 2939 διέ-

2194 2999 2364 3035 πεσεν
2389 2998 2404 3014 ·
2438 2980 2581 3050 αὕτη
2606 2981 2661 3035 δὲ
2698 2981 2766 3034 τὰ
2821 2980 3046 3033 πλείονα
3077 2980 3402 3048 σφάλλεται.
3454 2980 3611 3032 Ἐπεὶ
3632 2974 3725 3031 οὖν
3751 2981 3779 3031 6

2195 3074 2355 3143 λόγος
2386 3073 2551 3128 αὐτοῦ
2607 3075 2765 3145 φησὶ,
2802 3092 2820 3125 ι
2862 3073 3035 3127 Τοῦτό
3074 3075 3193 3126 ἐστι
3249 3074 3311 3125 τὸ
3367 3073 3533 3141 σῶμά
3585 3090 3711 3140 μου,
3752 3091 3771 3123 ι

520 3164 644 3231 guis
681 3177 860 3225 meus,
897 3179 916 3214 ι
957 3163 1064 3214 Deo
1090 3161 1408 3228 credamus,
1441 3170 1496 3215 et
1524 3162 1844 3216 nullatenus
1869 3172 2092 3216 contra-

2199 3170 2312 3231 καὶ,
2348 3186 2366 3219 ι
2396 3168 2569 3220 Τοῦτό
2624 3169 2742 3220 ἐστι
2797 3167 2858 3219 τὸ
2900 3160 3042 3233 αἷμά
3092 3184 3226 3235 μου,
3255 3185 3274 3218 ι
3322 3164 3645 3235 πειθώμεθα
3702 3166 3779 3233 τῷ

523 3255 772 3308 dicamus
804 3271 817 3307 :
844 3253 1064 3306 etiamsi
1092 3252 1291 3306 rationi
1326 3264 1529 3306 nostra:
1557 3253 1898 3306 contrarium
1926 3268 2096 3322 appa-

522 3355 644 3399 reat
674 3354 839 3413 atque
867 3344 1011 3398 visui
1041 3345 1093 3397 id
1138 3344 1285 3413 quod
1318 3344 1660 3397 allirniatur:
1703 3359 1766 3398 ac
1801 3344 2095 3399 ratiocinio

524 3452 755 3509 prorsus
786 3444 979 3490 nostro
1008 3435 1241 3506 visuque
1274 3437 1548 3511 potiorem
1573 3435 1957 3491 existimemus
1985 3453 2100 3491 scr-

525 3545 743 3587 tnonem
776 3530 916 3599 ejus.
1680 3580 1685 3583 ς

598 3624 650 3676 6.
692 3623 849 3689 Quod
877 3624 921 3677 si
954 3624 1204 3678 nonnulli
1229 3623 1474 3695 antitypa
1507 3625 1757 3695 corporis
1786 3624 2100 3695 sanguinis-

527 3728 637 3782 que
666 3699 895 3767 'Domini
940 3713 1057 3770 haec
1097 3714 1541 3783 appellaverunt,
1582 3716 1751 3770 veluti
1804 3716 2100 3785 deiloqnus

523 3808 773 3878 loquitur
826 3806 1064 3861 Basilius
1118 3807 1173 3860 in
1227 3808 1475 3878 mysticis
1531 3809 1791 3863 sacriﬁcii
1842 3808 2101 3878 precibus

526 3902 752 3956 dicens:
784 3919 802 3952 ‹
844 3900 912 3955 Ει
932 3908 1306 3969 proponentes
1334 3900 1585 3972 antitypa
1620 3902 1876 3971 corporis
1898 3912 1954 3956 et
1975 3916 2104 3956 sane

526 3990 711 4060 guinis
735 3989 941 4045 Christi
973 3988 1092 4049 tui;
1130 4006 1151 4040 ι
1176 3988 1323 4043 haud
1351 3990 1609 4059 equidem
1647 3999 1771 4058 post
1795 3991 2102 4045 sanctilicao

526 4084 769 4151 tionem,
796 4083 1025 4151 inquam
1054 4096 1181 4153 ego,
1215 4082 1313 4139 sed
1348 4090 1478 4138 ante
1518 4080 2019 4139 sanctiﬁcationem
2047 4092 2104 4141 et

526 4186 655 4235 ante
679 4186 991 4246 susceptam
1029 4176 1288 4247 gratiam,
1320 4176 1401 4231 sic
1424 4189 1486 4231 ea
1520 4174 1972 4244 appellaverunt;
2011 4188 2104 4227 or-

527 4270 787 4323 dinantes
834 4269 1055 4339 egregie
1109 4266 1409 4322 admodum
1461 4266 1517 4321 hi
1568 4266 1675 4319 viri
1713 4265 1988 4335 inspirati,
2041 4252 2107 4321 ut

527 4376 632 4416 nos
668 4376 796 4415 cum
848 4375 1038 4415 amore
1079 4374 1145 4414 ac
1196 4360 1307 4414 ﬁde
1353 4373 1703 4424 veneremur,
1755 4367 1885 4413 ante
1936 4358 2100 4412 etiam

527 4469 695 4523 quam
737 4462 1162 4519 consecrentur,
1217 4452 1407 4507 divina
1452 4452 1570 4506 haec
1615 4450 1783 4518 dona,
1840 4460 2103 4521 tanquam

2203 3258 2343 3327 Θεῷ,
2367 3260 2460 3311 καὶ
2493 3258 2568 3327 μή
2598 3258 3002 3325 ἀντιλέγωμεν,
3038 3257 3141 3310 κᾶν
3170 3258 3414 3311 ἐναντίον
3447 3252 3591 3310 εἶναι
3647 3257 3775 3325 δοκῇ

2204 3354 2317 3415 τοῖς
2347 3352 2640 3422 ἡμετέροις
2661 3351 2964 3419 λογισμοῖς,
3003 3352 3096 3403 καὶ
3128 3353 3249 3413 ταῖς
3275 3350 3432 3417 ὂψεσι
3460 3353 3522 3403 τὸ
3551 3352 3787 3419 λεγόμεφ

2205 3462 2298 3497 νον
2331 3461 2346 3475 ·
2386 3444 2482 3497 καὶ
2508 3443 2787 3513 λογισμῶν
2818 3444 2912 3497 καὶ
2947 3444 3127 3513 ὄψεων
3174 3445 3513 3513 κυριώτερον
3566 3444 3779 3514 ἔχωμεν

2205 3536 2374 3591 αὑτοῦ
2406 3537 2499 3591 τὸν
2533 3536 2718 3603 λόγον.

2278 3627 2351 3697 ς’.
2385 3629 2448 3683 Εἰ
2479 3629 2535 3681 δὲ
2558 3628 2651 3681 καί
2679 3646 2823 3692 τινες
2852 3629 3122 3683 ἀντίτυπα
3149 3629 3245 3682 τοῦ
3280 3628 3531 3697 σώματος
3564 3630 3657 3680 καὶ
3684 3627 3774 3679 τοῦ

2209 3722 2445 3791 αἰματος
2476 3720 2571 3773 τοῦ
2613 3721 2819 3791 Κυρίου
2842 3722 3016 3774 ταῦτα
3048 3721 3339 3784 ἐκάλεσαν,
3388 3721 3464 3782 ὼς
3495 3724 3523 3774 6
3558 3721 3781 3786 θεοφάνο

2205 3829 2318 3881 τωρ
2347 3811 2451 3881 ἔφη
2479 3809 2757 3872 Βασίλειος
2785 3811 2842 3862 ὲν
2871 3814 2990 3872 ταῖς
3027 3814 3316 3877 μυστικαῖς
3336 3810 3436 3878 τῆς
3469 3809 3778 3877 ἱερουργίας

2207 3906 2413 3975 εὐχαῖς,
2447 3902 2591 3958 οὕτω
2638 3902 2816 3969 λέγων
2840 3918 2854 3933 ο
2904 3921 2922 3953 ι
2957 3903 3070 3956 Καὶ
3098 3902 3394 3971 προθέντες
3419 3903 3486 3956 τὰ
3512 3903 3778 3955 ἀντίτυπα

2207 3996 2300 4053 τοῦ
2330 3994 2583 4065 σώματος
2611 3994 2708 4045 καὶ
2735 3993 2969 4063 αἵματος
2996 3992 3091 4045 τοῦ
3108 3994 3344 4062 Χριστοῦ
3374 4009 3495 4047 σουο
3531 4012 3549 4045 ι
3584 3993 3698 4046 ἀλλ’
3720 3992 3777 4046 οὐ

2211 4088 2353 4159 μετά
2380 4089 2441 4140 τὸ
2473 4085 2826 4154 ἀγιασθῆναι,
2852 4080 3029 4149 εἷπον,
3056 4088 3164 4153 πρὸ
3192 4086 3377 4155 μέντοι
3397 4084 3492 4137 τοῦ
3524 4083 3781 4151 ἀγιασθῆο

2209 4200 2317 4247 ναι,
2350 4182 2447 4235 καὶ
2477 4180 2586 4250 πρὸ
2622 4179 2716 4233 τοῦ
2744 4179 2844 4249 τὴν
2876 4180 3039 4249 χάριν
3080 4179 3283 4241 λαϐεῖν,
3313 4176 3485 4241 οὕτως
3516 4177 3778 4231 ἐκάλεσαν

2209 4275 2309 4344 (2),
2339 4272 2722 4341 διαταξάμενοι
2759 4272 2907 4341 μάλα
2935 4261 3114 4333 καλῶς
3144 4271 3195 4329 οἱ
3232 4270 3519 4340 θεόληπτοι
3547 4286 3779 4339 προσκυ·

2209 4371 2322 4419 νεῖν
2352 4367 2496 4435 ἡμᾶς
2533 4365 2672 4435 μετὰ
2704 4364 2870 4417 πόθου
2902 4365 2996 4417 καὶ
3029 4363 3289 4424 πίστεως,
3324 4364 3417 4415 καὶ
3440 4363 3549 4431 πρὸ
3574 4360 3670 4415 τοῦ
3697 4378 3777 4413 τε·

2209 4456 2504 4525 λειωθῆναι
2550 4454 2721 4507 ταῦτα
2749 4455 2818 4506 τὰ
2848 4455 2966 4504 θεῖα
3026 4451 3198 4518 δῶρα,
3229 4450 3303 4513 ὼς
3330 4451 3611 4503 ἀντίτυπα
3670 4450 3771 4501 τῶν

527 4548 775 4616 antitypa
810 4546 1031 4600 illorum
1064 4560 1187 4615 quae
1226 4556 1498 4616 geruntur
1528 4544 1582 4599 in
1622 4560 1823 4616 magno
1849 4545 2095 4616 ingressu

2204 4552 2303 4619 τῆς
2344 4548 2589 4619 μεγάλης
2621 4545 2915 4616 γινομένης
2954 4543 3163 4596 εἰσόδου
3193 4543 3291 4612 (1),
3318 4542 3419 4609 τῆς
3469 4543 3530 4593 ὲν
3555 4544 3621 4612 τῇ
3659 4541 3771 4611 ἱερᾷ

527 4640 594 4697 nd
627 4653 841 4693 sacram
883 4637 1163 4707 liturgiam
1208 4656 1222 4691 :
1272 4652 1337 4692 ea
1361 4638 1598 4701 ratione,
1646 4652 1755 4707 qua
1802 4636 2098 4691 humanam

527 4746 750 4801 quoque
800 4729 896 4784 Dei
944 4728 1229 4784 humanati
1274 4730 1454 4785 ﬁctam
1501 4730 1814 4799 pictamque
1845 4728 2098 4798 ﬁguram,

528 4836 787 4895 tanquam
820 4823 1066 4893 ejusdem
1105 4823 1436 4892 antitypum,
1470 4836 1824 4877 veneramur.
1852 4821 2103 4890 Namque

528 4916 791 4987 imaginis
825 4915 1004 4968 honor
1034 4913 1103 4967 ad
1127 4922 1478 4983 prototypum
1507 4913 1728 4977 transit,
1768 4922 1827 4966 ut
1868 4928 2102 4983 magnus

528 5009 712 5078 inquit
761 5007 1017 5062 Basilius.
1056 5005 1366 5072 Cateroqui
1429 5005 1574 5074 picta
1638 5004 1861 5073 quidem
1915 5004 2103 5059 Domi-

531 5107 670 5158 nic:c
701 5102 886 5154 carnis
944 5099 1147 5170 imago,
1182 5097 1349 5167 hujus
1395 5095 1622 5150 omnino
1654 5096 1940 5166 antitypon
1996 5106 2102 5159 est,

531 5210 816 5261 nunquam
855 5204 1034 5247 tamen
1065 5190 1173 5244 erit
1208 5189 1387 5258 ipsum
1417 5196 1769 5257 prototypon,
1792 5189 1841 5240 id
1870 5198 1955 5242 est
1988 5188 2106 5257 ipse

527 5287 808 5342 Cmistus.
872 5283 997 5341 Ilsuc
1042 5292 1227 5339 autem
1283 5280 1467 5335 divina
1500 5280 1668 5347 dona,
1713 5294 1835 5350 qua:
1880 5289 2110 5337 eatenus

606 5424 679 5492 (i)
723 5422 811 5476 Sic
843 5422 1005 5475 etiam
1042 5421 1100 5475 Β.
1139 5418 1399 5492 erillus,

608 5485 685 5558 (2'!
726 5494 1005 5547 Consonat
1037 5485 1263 5559 prorsus
1292 5491 1449 5543 Joan.
1481 5488 1860 5559 Damascenus
1885 5486 1935 5538 in
1968 5485 2107 5541 Cor-

533 5568 759 5621 drriana
797 5564 1004 5615 Catena
1040 5558 1115 5629 7p.
1152 5561 1294 5615 755:
1328 5561 1390 5611 Ei
1422 5559 1477 5610 δὲ
1509 5559 1600 5611 καί
1638 5574 1780 5619 τινες
1840 5558 2112 5629 ἀντίτυπα

535 5638 631 5688 τοῦ
665 5637 918 5701 σώματος
943 5630 1040 5701 καὶ.
1064 5627 1162 5682 τοῦ
1190 5630 1423 5701 αἵματος
1467 5627 1916 5701 τοῦΑΚΑυρίουᾲτὸν
1947 5627 2110 5701 ἄρτον

533 5709 629 5761 καὶ
651 5691 913 5758 τὸνόῐνον
948 5691 1332 5760 ἐκάλεσαν,ὀύ
1368 5700 1507 5765 μετά
1537 5698 1599 5751 τὸ
1625 5691 1998 5765 ἁγιασθῆναι(
2037 5691 2113 5746 si-

534 5791 657 5843 am,
684 5774 821 5825 ἀλλὰ
847 5772 976 5843 πρὶν
1008 5764 1794 5839 ἁγιασθῆναιτὴνεπροσφορὰν
1843 5764 1985 5818 οὕτω
2016 5781 2113 5821 κα-

534 5860 589 5898 Ιέί
605 5860 815 5908 σαντες,

2204 4642 2545 4710 λειτουργίᾳ,
2572 4639 2829 4707 καθάπερ
2862 4636 3279 4707 προσκυνοῦμεν
3310 4637 3406 4688 καὶ
3434 4635 3537 4704 τῆς
3566 4636 3777 4705 ἀνθρωο

2210 4734 2375 4803 πίνης
2404 4733 2499 4785 τοῦ
2532 4729 2886 4800 θεανθρώπου
2918 4730 3095 4794 Λόγου
3123 4727 3339 4797 μορφῆς
3368 4727 3430 4779 τὸ
3457 4728 3774 4796 ὲκτύπωμα,

2210 4825 2285 4888 ὡς
2303 4824 2515 4877 ἐκείνου
2553 4822 2855 4876 ἀντίτυπον
2886 4835 2900 4849 ·
2938 4821 2972 4888 ἠ
3006 4820 3114 4888 γὰρ
3145 4819 3279 4886 τιμὴ
3310 4818 3412 4887 τῆς
3449 4820 3660 4881 εἰκόνος
3692 4820 3778 4872 ἐπὶ

2210 4917 2271 4970 τὸ
2305 4917 2665 4985 πρωτότυπον
2708 4912 2998 4975 διαϐαίνει,
3031 4914 3197 4981 φησὶν
3230 4913 3257 4963 6
3289 4911 3465 4981 μέγας
3504 4912 3778 4973 Βασίλειος

2210 5008 2286 5077 (2)
2314 5025 2328 5039 ·
2364 5008 2543 5060 καίτοι
2573 5024 2635 5074 γε
2680 5008 2712 5076 ἡ
2743 5006 2852 5074 ’μὲν
2882 5004 3255 5074 γεγραμμένη
3289 5004 3388 5072 τῆς
3430 5003 3525 5055 τοῦ
3580 5005 3779 5077 Κυρίου

2210 5100 2416 5170 σαρκὸς
2444 5097 2628 5162 εἰκὼν,
2661 5098 2853 5150 τούτου
2888 5096 2977 5149 διὰ
3029 5095 3228 5157 παντὸς
3278 5096 3570 5155 ἀντίτυπος
3625 5096 3776 5159 οὖσα,

2210 5193 2310 5243 οὐκ
2350 5191 2500 5243 ἔσται
2534 5189 2666 5242 ποτὲ
2695 5189 2826 5241 αὐτὸ
2856 5189 2918 5241 τὸ
2950 5189 3326 5255 πρωτότυτῖον,
3385 5188 3555 5256 ἤγουν
3622 5189 3778 5250 αὐτὸς

2210 5287 2238 5337 6
2272 5284 2528 5353 Χριστός.
2554 5283 2743 5334 Ταῦτα
2772 5282 2830 5334 δὲ
2874 5283 2940 5335 τὰ
2970 5280 3088 5333 θεῖα
3121 5280 3268 5348 δῶρα
3306 5279 3471 5349 μέχρι
3514 5280 3661 5343 τινὲς
3692 5284 3780 5334 ἀνα

2290 5420 2366 5485 (3)
2411 5418 2619 5485 Duplex
2672 5416 2856 5469 estad
2915 5415 3158 5471 Grzccam
3206 5414 3429 5467 missam
3483 5414 3775 5478 introitus;

2222 5484 2405 5542 minor
2443 5484 2600 5540 initio
2651 5489 2778 5539 dum
2811 5502 2964 5539 sacra
2995 5487 3136 5538 dona
3190 5484 3432 5537 nondum
3464 5493 3773 5537 consecrata

2220 5560 2286 5611 ad
2320 5573 2562 5611 mensam
2586 5556 2943 5620 deferuntur;
2971 5556 3163 5625 major,
3190 5571 3313 5609 cum
3332 5555 3444 5625 jam
3465 5563 3778 5608 consecrata

2223 5629 2575 5683 deducuntur
2602 5628 2667 5678 ad
2705 5627 2899 5680 altare.

2299 5698 2376 5762 (1)
2420 5698 2478 5749 S.
2533 5697 2714 5750 Basilii
2771 5697 2951 5749 locum
3003 5694 3203 5748 videsis
3236 5694 3341 5747 late
3394 5692 3704 5759 expositum
3749 5708 3777 5745 a

2227 5767 2282 5818 S.
2318 5767 2627 5833 Nicrplioro
2662 5769 2713 5818 in
2749 5782 2915 5832 opere
2946 5775 3136 5817 contra
3191 5764 3603 5833 leonomachos.
3639 5763 3776 5833 apud

2222 5853 2321 5895 nos
2356 5839 2409 5889 in
2450 5832 2550 5893 hac
2582 5837 2837 5891 Biblioth.
2868 5834 2930 5889 Τ.
2960 5836 3022 5890 ν.
3055 5832 3420 5905 (Ραινοίοοὶω,
3451 5844 3585 5887 ιοηι.
3615 5833 3679 5889 C.
