4064 6292
340 304 444 366 95'l

1688 318 2025 383 ETHICON
2067 324 2232 386 VIII.

3501 340 3606 409 954
3662 386 3665 391 λ

336 430 541 470 τιτυπα
566 413 696 468 ὄντα
728 415 830 487 τῆς
858 416 953 470 τοῦ
1010 417 1221 490 Κυρίου
1262 420 1465 489 σαρκὸς
1514 421 1607 475 καὶ
1637 424 1731 478 τοῦ
1756 426 1910 495 αἷμα⁴

2034 431 2283 501 antitypa
2330 441 2550 508 tueqant
2604 436 2908 495 Dominicaa
2951 441 3138 498 carnis
3183 457 3247 499 ac
3293 445 3601 516 sanguinis,

336 524 449 571 τος,
477 506 792 575 ἀγιάζονται
820 509 960 578 μετὰ
998 510 1189 578 ταῦτα,
1227 513 1322 566 καὶ
1348 514 1562 585 ἀληθῶς
1585 516 1718 570 αὐτὸ
1742 518 1920 586 γίνον-

335 615 428 652 ται
453 598 515 651 τὸ
552 600 931 669 πρωτὸτυπον,
955 602 1075 673 ἦτοι
1132 604 1165 674 ἡ
1195 603 1333 675 σὰρξ
1353 606 1489 677 αὑτὴ
1524 609 1620 661 καὶ
1667 609 1730 661 τὸ
1778 603 1921 678 αἷμα

335 693 430 748 τοῦ
452 693 720 763 Χριστοῦ,
753 694 843 748 διὰ
900 696 1001 763 τῆς
1036 698 1309 768 μυστικῆς
1364 700 1640 769 εὐλογίας.
1674 702 1771 754 καὶ
1820 701 1921 770 τῆς

332 787 430 842 τοῦ
462 787 622 855 ἁγίου
681 787 997 858 [Ινεύματος
1058 790 1462 860 ὲπιφοιτήσεως
1496 809 1511 824 ο
1558 793 1683 846 ὅθεν
1738 792 1920 863 χρεὼν

333 882 430 933 καὶ
453 880 541 933 διὰ
574 878 733 934 τοῦτο
759 880 901 949 μετά
936 880 1103 934 πόθου
1136 885 1231 934 καὶ
1296 884 1534 946 πίστεως
1588 888 1919 955 προσκυνεῖν

331 971 480 1041 ἡμᾶς
505 971 698 1034 ταῦτα,
724 971 860 1040 πρὸς
880 971 942 1024 τὸ
968 971 1321 1040 τελειωθῆναι
1340 974 1698 1043 ἀγόμεναβ).
1756 976 1918 1028 Αντί-

331 1079 483 1117 τυπα
509 1061 566 1115 δὲ
588 1062 699 1115 τῶν
722 1061 1030 1131 μελλόντων
1051 1063 1302 1131 λέγονται
1350 1062 1544 1127 ταῦτα,
1570 1064 1667 1134 οὐχ
1710 1066 1787 1129 ὼς
1840 1068 1915 1134 μὴ

331 1153 461 1208 ὄντα
492 1153 616 1205 κατ’
645 1152 907 1221 ἀλήθειαν
940 1152 1099 1223 σῶμα
1142 1154 1236 1207 καὶ
1286 1151 1424 1224 αἷμα
1482 1155 1747 1226 Χριστοῦ,
1798 1156 1918 1210 ἀλλ’

332 1243 533 1298 ὅτινῦν
563 1245 661 1315 μὲν
691 1244 761 1297 δι’
790 1243 972 1296 αὐτῶν
1011 1245 1319 1315 μετέχομεν
1374 1247 1473 1316 τῆς
1527 1246 1620 1299 τοῦ
1674 1247 1914 1317 Χριστοῦ

333 1332 611 1402 θεότητος,
643 1333 767 1389 τότε
790 1333 847 1386 δὲ
879 1335 1085 1399 νοητῶς
1115 1335 1201 1388 διὰ
1244 1335 1419 1406 μόνης
1470 1336 1573 1405 τῆς
1625 1338 1752 1401 Θέας
1780 1354 1794 1370 ο
1827 1338 1917 1393 διὰ

330 1442 415 1478 τοι
446 1425 605 1477 τοῦτο
634 1424 730 1477 καὶ
760 1425 1015 1478 κοινωνία
1040 1426 1073 1496 ἡ
1099 1426 1278 1477 αὐτῶν
1297 1428 1547 1480 καλεῖται
1586 1429 1917 1498 μετάληψις,

331 1516 413 1570 ὅτι
443 1514 542 1585 τὴν
572 1515 709 1584 πρὸς
756 1515 846 1567 τὸν
878 1516 1114 1585 Χριστὸν
1168 1518 1301 1587 ἡμῖν
1363 1517 1647 1589 χαρίζεται
1695 1518 1917 1579 ἕνωσιν,

335 1611 429 1663 καὶ
454 1609 748 1671 κοινωνοὺς
787 1609 935 1678 ἡμᾶς
970 1612 1116 1663 ποιεῖ
1146 1611 1241 1678 τῆς
1300 1610 1466 1663 αὐτοῦ
1506 1611 1785 1681 βασιλείας
1807 1628 1821 1641 ο
1853 1613 1913 1663 οὐ

335 1701 443 1771 μὴν
472 1701 527 1753 δὲ
558 1700 675 1754 ἀλλ’
718 1701 808 1761 ⁵ὅτι
864 1701 957 1753 καὶ
997 1705 1277 1757 κοινωνεῖν
1320 1702 1568 1755 ἐντεῦθεν
1628 1705 1773 1773 ἡμᾶς
1821 1706 1918 1757 καὶ

2029 522 2451 578 sanctiﬁcantnr
2503 536 2717 594 postea,
2756 545 2995 600 vereque
3047 533 3229 602 ipsum
3271 543 3602 606 prototypou

2027 615 2187 677 ﬁunt,
2221 615 2272 669 id
2300 626 2393 671 est:
2418 633 2546 673 caro
2578 621 2694 689 ipsa
2727 630 2781 675 et
2822 624 3046 692 sanguis
3075 625 3306 690 Christi,
3339 641 3437 695 per
3490 643 3607 698 my-

2025 708 2219 762 sticam
2249 709 2774 768 benedictionem‘et
2802 716 2976 770 sancti
3010 714 3251 786 Spiritus
3276 717 3599 773 adventura.

2025 797 2209 863 Quare
2248 801 2416 856 etiam
2450 814 2674 872 oportet
2718 821 2844 860 cum
2885 822 3074 862 amore
3107 824 3171 863 ac
3203 808 3312 864 ﬁde
3350 812 3466 863 haec
3498 826 3605 867 nos

2024 891 2280 945 venerari
2321 894 2451 946 dum
2509 894 2577 949 ad
2614 898 3106 953 sanctiﬁcationem
3156 901 3471 970 pompatice
3504 901 3604 955 de-

2022 979 2321 1034 ducuntur.
2370 983 2620 1052 Denique
2662 987 2908 1057 antitypa
2943 990 3111 1044 etiam
3164 990 3477 1044 futurorum
3515 992 3606 1043 di-

2021 1080 2229 1124 cuntur
2280 1072 2420 1137 ha:c,
2471 1090 2581 1128 nou
2636 1077 2764 1145 quia
2817 1094 2948 1133 vere
3004 1096 3208 1150 corpus
3266 1092 3321 1135 et
3376 1082 3604 1151 sanguis

2018 1162 2222 1217 Christi
2262 1180 2370 1217 non
2405 1166 2496 1231 sit,
2524 1167 2620 1221 sed
2646 1169 2775 1236 quia
2801 1186 2946 1225 nunc
2972 1173 3196 1240 quidem
3228 1190 3324 1241 per
3352 1190 3413 1227 ea
3436 1175 3606 1242 parti~

2021 1254 2273 1323 cipamus
2324 1255 2534 1312 Christi
2565 1260 2936 1327 divinitatem,
2969 1274 3100 1319 tunc
3141 1275 3325 1319 autem
3389 1268 3603 1319 intelle-

2023 1348 2282 1403 ctualiter
2315 1364 2412 1418 per
2437 1352 2611 1404 solam
2647 1354 2941 1408 visionem.
2968 1359 3139 1422 Quam
3189 1360 3260 1412 ob
3312 1376 3422 1413 rem
3454 1376 3602 1414 com-

2022 1442 2214 1495 munio
2244 1458 2466 1511 quoquc
2504 1445 2620 1498 haec
2644 1446 2997 1515 participatio
3027 1450 3255 1516 dicitur,
3287 1452 3415 1521 quia
3445 1454 3604 1505 unio-

2020 1546 2149 1584 nem
2184 1533 2345 1587 nobis
2392 1548 2518 1587 cum
2555 1534 2778 1590 Christo
2826 1538 3082 1608 largitur,
3127 1551 3183 1595 et
3212 1541 3277 1594 ad
3314 1540 3467 1611 regni
3515 1543 3602 1595 sui

2021 1623 2474 1679 communionem
2501 1625 2745 1681 admittit
2771 1643 2785 1681 :
2812 1639 2867 1682 et
2897 1640 3186 1699 prazterea,
3218 1633 3365 1701 quod
3393 1633 3471 1685 sic
3500 1648 3604 1687 nos
3631 1626 3634 1630 Α

2024 1713 2258 1793 invicem
2333 1718 2749 1772 communicare
2814 1721 3183 1790 conjungique
3246 1722 3399 1776 facit.
3463 1722 3603 1789 Quia

333 1798 582 1866 ἀλλήλοις
609 1795 861 1849 ἑνοῦσθαι
894 1796 1305 1866 παρασκευάζει
1333 1813 1345 1826 ·
1383 1799 1507 1849 ἐπεὶ
1538 1798 1647 1867 γὰρ
1681 1797 1739 1861 ἐξ
1797 1798 1910 1858 ἐνὸς

2022 1806 2171 1858 οιιὶηι
2214 1822 2279 1861 ex
2319 1824 2427 1861 uno
2463 1824 2601 1877 pane
2632 1820 2687 1863 et
2714 1810 2887 1864 calice
2913 1813 3249 1881 percipimus
3276 1828 3491 1878 omnes,
3518 1828 3607 1866 se-

332 1891 502 1959 ᾶρτου
538 1890 632 1941 καὶ
662 1888 925 1956 ποτηρίου
958 1889 1452 1958 μεταλαμϐάνομεν
1501 1888 1765 1951 ἅπαντες,
1803 1888 1915 1941 λοι-

332 1982 437 2034 πὸν
477 1982 570 2034 καὶ
587 1979 644 2033 ἓν
679 1979 838 2045 σῶμα
869 1979 1131 2047 Χριστοῦ,
1162 1980 1258 2033 καὶ
1319 1980 1377 2031 ἓν
1414 1977 1575 2050 αἷμα,
1610 1983 1705 2035 καὶ
1750 1979 1915 2048 ἀλλή-

331 2074 444 2128 λων
481 2075 621 2144 μέρη
644 2072 931 2141 γινόμεθα,
972 2074 1036 2124 ἐκ
1062 2074 1160 2140 τῆς
1194 2073 1397 2142 σαρκὸς
1430 2073 1595 2126 αὑτοῦ
1658 2074 1756 2125 καῖ
1805 2072 1913 2125 τῶν

330 2168 536 2219 ὀστέων
588 2165 755 2218 αὑτοῦ
815 2165 1096 2233 σύσσωμοι
1144 2165 1384 2236 Χριστοῦ
1437 2166 1909 2238 χρηματίζοντεςο

330 2261 392 2313 οὐ
429 2260 538 2329 γὰρ
571 2262 649 2322 εἰς
683 2258 971 2328 ἀφεδρῶνα
1011 2257 1248 2328 χωροῦσι
1280 2257 1453 2310 ταῦτα
1483 2258 1603 2310 οὐδὲ
1661 2257 1914 2327 φθείρον-

330 2369 446 2414 ται,
479 2351 600 2405 οὐδὲ
640 2351 1020 2415 δαπανῶνται,
1056 2352 1131 2420 μὴ
1156 2352 1386 2417 γένοιτο,
1417 2349 1533 2402 ἀλλ’
1586 2352 1666 2411 είς
1717 2350 1917 2401 σύστα-

333 2458 421 2493 σιν
451 2439 685 2509 οὖσιῶδη
714 2438 955 2511 χωροῦσι
983 2440 1091 2491 τῶν
1114 2439 1663 2508 μεταλαμϐανόντων,
1693 2440 1792 2508 τὴν
1813 2436 1913 2507 τῆς

330 2531 514 2601 ψυχῆς
542 2530 733 2584 οὐσίαν
759 2529 850 2583 καὶ
886 2529 980 2581 τοῦ
1014 2528 1268 2597 σώματος
1304 2525 1697 2596 συντηροῦντα.

404 2622 471 2687 ζ’.
505 2622 614 2675 Καὶ
647 2622 721 2691 μή
754 2639 838 2684 τις
866 2621 1106 2686 ἀκούων,
1138 2620 1375 2688 Χριστὸν
1408 2623 1464 2673 ἐν
1498 2622 1629 2687 ἡμῖν
1663 2619 1912 2687 γίνεσθαι

329 2713 422 2768 διὰ
466 2715 563 2785 τῆς
614 2714 999 2783 μεταλήψεως,
1051 2712 1296 2766 ἀπιστῶν
1321 2713 1529 2779 λεγέτω
1557 2728 1571 2743 ’
1606 2706 1757 2781 Ἀρα
1788 2710 1909 2774 οὖν,

331 2806 524 2876 ἐπειδὴ
557 2808 654 2860 καὶ
682 2809 739 2859 ἐν
766 2807 902 2876 ἡμῖν
935 2804 1219 2869 αὐλίζεται
1246 2804 1343 2858 τοῦ
1375 2804 1513 2857 Θεοῦ
1538 2807 1563 2856 ὁ
1590 2804 1758 2871 Λόγος
1796 2804 1909 2872 ζωὴ

328 2900 477 2956 κατὰ
505 2898 671 2967 φύσιν
703 2899 985 2967 ὑπάρχων,
1020 2896 1284 2961 ζωοποιόν
1309 2897 1427 2951 ἐστι
1461 2896 1558 2951 καὶ⁹
1583 2897 1643 2948 τὸ
1672 2896 1907 2948 ἑκάστου

333 2992 529 3059 σῶμα;
562 2992 726 3043 Ἰστω
746 2991 807 3048 δὲ
841 2990 1066 3060 μᾶλλον,
1094 2990 1169 3050 ὼς
1202 2990 1388 3058 ἔτερόν
1416 2994 1534 3042 ἐστι
1560 2990 1620 3041 τὸ
1646 2990 1789 3041 κατὰ
1812 2988 1909 3057 μέ-

2018 1899 2213 1966 quitur
2246 1908 2305 1953 ut
2334 1916 2501 1953 unum
2534 1915 2739 1969 corpus
2786 1902 3022 1966 Christi,
3056 1920 3319 1975 unusque
3357 1906 3603 1975 sanguis,

2020 2002 2072 2044 et
2107 2000 2300 2046 mutua
2330 1993 2579 2049 membra
2611 1995 2827 2060 ﬁamus,
2859 2012 2927 2050 ex
2967 1997 3115 2053 illius
3141 2015 3308 2052 carne
3340 2000 3603 2068 illiusque

2021 2083 2265 2145 ossibus,
2300 2085 2519 2139 Christo
2555 2089 2974 2155 concorporati.
3007 2089 3120 2143 Nec
3172 2105 3340 2158 porro
3370 2090 3501 2159 βιαιο
3548 2092 3604 2145 in

2019 2176 2398 2243 aphedronem
2431 2178 2724 2243 secedunt,
2760 2194 2942 2247 neque
2988 2190 3465 2249 corrumpuntur;
3500 2181 3601 2236 ab-

2017 2272 2091 2325 sit
2120 2272 2133 2323 !
2165 2274 2259 2325 sed
2292 2272 2347 2325 in
2396 2271 2822 2326 substantialem
2859 2272 3282 2326 consiStentiam
3314 2281 3606 2335 transeunt

2018 2364 2494 2433 participantium,
2523 2372 2580 2418 et
2604 2363 2818 2420 animze‘
2835 2363 3203 2435 corporisque
3229 2365 3599 2420 substantiam

2018 2465 2372 2512 conservant.

2088 2636 2144 2689 7.
2186 2635 2300 2705 Age
2328 2649 2482 2697 vero,
2508 2649 2580 2689 ne
2616 2636 2763 2689 forte
2820 2635 3023 2704 aliquis
3052 2636 3289 2692 audiens
3317 2636 3600 2692 Christum

2017 2727 2070 2781 in
2099 2727 2257 2780 nobis
2291 2724 2407 2778 ﬁeri
2439 2740 2537 2794 per
2563 2725 2706 2778 hanc
2737 2726 3248 2795 participationem,
3276 2726 3601 2781 incredulus

2016 2819 2206 2871 dicat:
2239 2817 2475 2887 Ergone,
2512 2817 2642 2883 quia
2672 2815 2725 2869 in
2752 2816 2912 2870 nobis
2948 2816 3043 2871 Dei
3078 2815 3319 2871 Verbum
3362 2818 3598 2878 hahitar,

2017 2908 2166 2978 quod
2233 2919 2318 2962 est
2374 2916 2575 2976 suapte
2633 2919 2832 2960 natura
2878 2907 3010 2972 vita,
3072 2902 3325 2961 nostrum
3376 2922 3601 2977 quoque

2019 3000 2457 3070 uniuscujusque
2496 3013 2703 3066 corpus
2733 2997 3014 3051 viviﬁcum
3043 2998 3244 3052 evadet
3270 2999 3287 3051 ἶ
3318 2998 3466 3053 Sciat
3496 3001 3600 3052 ita-

330 3083 481 3146 θεξιν
511 3084 770 3152 σχετικὴν
802 3083 950 3152 ἡμᾶς
977 3082 1124 3151 ἔχειν
1156 3085 1213 3133 ὲν
1239 3083 1456 3143 ἑαυτοῖς
1486 3082 1579 3133 τὸν
1614 3081 1742 3133 Υἱὸν
1788 3077 1904 3151 [τοῦ

2016 3108 2117 3163 que
2158 3092 2245 3145 hic
2287 3092 2487 3160 potius,
2520 3089 2671 3143 aliud
2710 3104 2833 3143 esse
2882 3106 2980 3159 per
3031 3090 3316 3144 relativam
3363 3090 3591 3159 partiri-

330 3174 514 3245 8:06],
563 3176 656 3227 καὶ
716 3175 903 3244 ἕτερον
953 3173 1264 3242 ὸλοτρόπως
1314 3176 1376 3224 τὸ
1406 3174 1595 3225 τοῦτον
1653 3173 1911 3240 γενέσθαι

332 3265 538 3335 σάρκα,
565 3264 848 3318 τουτέστιν
883 3263 1016 3315 ι’διον
1050 3261 1386 3330 ποιήσασθαι
1414 3263 1599 3330 σῶμα,
1621 3262 1679 3313 τὸ
1713 3263 1777 3313 ὲκ
1810 3262 1910 3328 τῆς

331 3358 498 3423 ἁγίας
533 3356 813 3423 Παρθένου
869 3354 1097 3425 ληφθὲν,
1146 3356 1247 3407 καὶ
1294 3353 1470 3423 τούτῳ
1517 3353 1718 3406 ἐνωθὲν
1768 3353 1910 3420 ὑπὲρ

326 3450 489 3518 λόγον
508 3467 521 3481 ·
551 3449 612 3503 οὐ
644 3450 752 3519 γὰρ
780 3450 838 3503 ὲν
865 3447 1343 3518 ἡμῖν,γενόμενος,
1368 3446 1787 3514 ὲνανθρωπῆσαι
1817 3446 1910 3498 λέ-

337 3561 524 3611 γιται,
555 3545 650 3597 καὶ
677 3543 936 3612 γενέσθαι
967 3541 1124 3611 σὰρξ,
1156 3541 1312 3594 τοῦτο
1351 3543 1459 3610 γὰρ
1483 3541 1706 3607 γέγονεν
1738 3537 1905 3602 ἅπαξ,

326 3636 422 3691 ὅτε
474 3637 747 3706 προῆλθεν
792 3636 1102 3704 ἄνθρωπος,
1139 3635 1241 3686 οὐκ
1299 3632 1592 3686 ἀποϐαλὼν
1649 3635 1708 3683 τὸ
1767 3626 1908 3682 εἶναι

326 3729 493 3791 Θεός·
528 3729 662 3782 ἀλλὰ
696 3728 837 3781 κατὰ
874 3726 1094 3795 μέθεξιν
1126 3723 1385 3795 σχετικὴν
1412 3724 1630 3790 λέγεται
1652 3721 1908 3790 γενέσθαι

327 3820 648 3892 θεοπρεπῶς
698 3819 912 3874 δάι’τοῦ
938 3810 940 3813 ’
965 3820 1123 3887 ἁγίου
1184 3817 1499 3886 Πνεύματος
1525 3832 1540 3846 ο
1574 3815 1661 3868 ἵνα
1692 3815 1797 3883 γὰρ
1834 3814 1908 3884 μὴ

330 3914 494 3984 μόνον
525 3913 669 3967 κατὰ
712 3912 810 3983 τὴν
862 3914 1083 3982 ἀγάπην
1106 3910 1264 3964 τοῦτο
1310 3908 1621 3977 γενώμεθα,
1652 3907 1789 3960 ἀλλὰ
1815 3907 1910 3958 καὶ

326 4006 449 4056 κατ’
479 4004 610 4056 αὐτὸ
642 4002 701 4055 τὸ
742 4004 980 4073 πρᾶγμα
1026 4002 1163 4072 πρὸς
1186 4000 1406 4068 ἐκείνην
1433 3998 1908 4068 ἀνακερασθῶμεν

326 4097 427 4165 τὴν
460 4098 659 4166 σάρκα,
690 4095 780 4150 διὰ
820 4097 921 4164 τῆς
969 4097 1177 4165 τροφῆς
1222 4094 1382 4146 τοῦτο
1418 4094 1651 4160 γίνεται,
1677 4095 1744 4160 ἢν
1780 4094 1908 4161 ἐχαο

330 4190 543 4263 ρίσατο,
593 4187 920 4259 βουλόμενος
974 4190 1105 4258 ἡμῖν
1137 4188 1308 4251 δεῖξαι
1348 4187 1440 4239 τὸν
1490 4185 1655 4238 πόθον
1689 4185 1749 4238 ὃν
1794 4185 1907 4254 ἔχει

326 4286 462 4350 περὶ
485 4283 627 4350 ἡμᾶς
648 4294 662 4309 ⁸
691 4281 781 4334 διὰ
818 4280 978 4333 τοῦτο
1012 4280 1268 4348 ἀνέμιξεν
1316 4277 1511 4330 ἑαυτὸν
1538 4281 1603 4346 τῇ
1655 4276 1907 4346 ὲπικήρῳ

327 4374 517 4441 φύσει,
549 4371 643 4425 καὶ
672 4370 842 4441 ἔίυρε
875 4372 934 4422 τὸ
966 4369 1126 4435 σῶμα
1185 4366 1349 4423 αὑτοῦ
1397 4368 1478 4429 εἰς
1531 4367 1700 4435 ἡμᾶς,
1734 4366 1821 4418 ἴνα
1849 4366 1907 4418 ἓν

2012 3183 2293 3253 patiouem
2334 3180 2539 3234 habere
2583 3181 2728 3233 intra
2756 3195 2855 3232 nos
2884 3179 3081 3232 Filium
3115 3181 3206 3233 Dei
3237 3196 3251 3242 ;
3285 3180 3432 3232 aliud
3463 3194 3594 3231 vero

2013 3275 2240 3328 omnino
2271 3274 2418 3327 hunc
2447 3288 2673 3327 carnem
2714 3270 2857 3336 ﬁeri,
2896 3272 2945 3325 id
2983 3280 3068 3325 est
3113 3273 3404 3340 proprium
3454 3270 3595 3324 ellici

2013 3363 2147 3416 illud
2181 3377 2383 3433 corpus
2403 3362 2549 3432 quod
2578 3376 2643 3416 ex
2676 3370 2867 3415 sancta
2893 3360 3115 3431 Virgine
3147 3370 3451 3429 sumptum,
3480 3360 3592 3414 Deo

2012 3454 2515 3523 supernaturaliter
2553 3454 2771 3506 unitum
2818 3451 2944 3505 fuit.
2985 3452 3202 3506 hlettim
3244 3465 3590 3519 nequaquam

2012 3559 2137 3596 cum
2171 3546 2316 3597 intra
2348 3559 2451 3597 nos
2482 3550 2588 3605 est,
2618 3542 2909 3596 humanari
2947 3541 3176 3605 dicitur,
3205 3552 3261 3595 et
3294 3556 3425 3595 caro
3449 3540 3593 3605 ﬁeri;

2014 3634 2067 3687 id
2100 3634 2247 3686 enim
2298 3635 2470 3688 semel
2500 3634 2720 3699 accidit,
2751 3648 2874 3688 cum
2925 3626 3090 3687 hOmo
3125 3634 3421 3702 processit,
3457 3632 3592 3700 quin

2012 3726 2176 3780 simul
2206 3725 2487 3780 desineret
2524 3741 2645 3779 esse
2682 3728 2824 3778 Deus
2852 3743 2866 3778 :
2895 3726 2990 3778 sed
3029 3741 3121 3793 per
3153 3726 3432 3777 relativam
3466 3740 3592 3792 pars

2012 3818 2390 3886 ticipationem
2439 3816 2640 3870 dicitur
2687 3816 2740 3870 in
2793 3817 2955 3870 nobis
3003 3816 3219 3869 ratione
3269 3815 3379 3868 Deo
3426 3815 3591 3884 digna

2010 3911 2319 3964 consistere
2372 3924 2473 3979 per
2525 3917 2783 3963 sanctum
2826 3908 3117 3977 Spiritum.
3169 3907 3240 3963 Ut
3289 3907 3436 3963 enim
3479 3924 3589 3964 non

2010 4002 2278 4057 charitate
2311 4011 2522 4055 tantum
2560 4001 2664 4055 hoc
2694 4001 2909 4063 ﬁamus,
2941 4000 3035 4054 sed
3068 4016 3126 4055 re
3155 4002 3346 4063 etiam,
3377 4009 3432 4053 et
3460 4015 3586 4063 cum

2009 4097 2101 4149 illa
2136 4111 2302 4149 carne
2337 4095 2795 4163 permisceantur,
2840 4110 2929 4149 res
2964 4094 3081 4147 haec
3112 4092 3219 4146 cibi
3270 4106 3420 4145 more
3467 4106 3596 4159 per.

2011 4188 2220 4252 ﬁcitur,
2269 4202 2433 4255 quem
2466 4186 2697 4255 largitus
2744 4194 2853 4246 est.
2889 4186 3084 4239 volens
3114 4199 3268 4238 suam
3303 4199 3432 4252 erga
3487 4199 3593 4241 nos

2011 4280 2339 4333 charitatem
2392 4279 2796 4334 demonstrare.
2836 4278 3136 4345 Propterea
3186 4276 3493 4330 insinuavit
3528 4290 3589 4331 se

2012 4370 2235 4425 caducae
2270 4378 2503 4435 naturae,
2536 4387 2817 4438 suumque
2842 4384 3050 4438 corpus
3078 4368 3370 4422 nobiscum
3403 4367 3589 4421 itumi—

324 4436 383 4517 τι
426 4436 724 4532 γενοῦμεθα⁷
766 4436 1015 4531 καθάπερ
1064 4461 1225 4530 σῶμα
1273 4460 1483 4528 κεφαλῇ
1523 4459 1902 4528 συνημμένον*

2016 4461 2177 4524 seuit,
2211 4470 2274 4515 ut
2320 4476 2491 4514 unum
2523 4460 2658 4530 quid
2710 4436 2990 4522 heremus.
3042 4474 3141 4514 ceu
3187 4472 3390 4528 corpus
3421 4455 3592 4525 capiti

324 4556 439 4607 τῶν
462 4555 571 4623 γὰρ
624 4554 829 4624 σφόδρα
862 4552 1173 4606 ποθούντων
1222 4551 1341 4603 ἐστὶ
1379 4551 1559 4609 τοῦτο,
1595 4551 1683 4603 καὶ
1713 4553 1778 4617 τῇ
1807 4550 1905 4618 τῆς

328 4648 586 4717 θεότητος
625 4646 884 4716 κοινίινίᾳ
939 4643 1427 4712 συναποθεωθῆναι
1454 4645 1518 4697 τὸ·
1542 4642 1904 4713 ἀνθρώπινον.

326 4737 506 4791 Τοῦτο
536 4736 667 4806 γοῦν
691 4740 717 4791 ὁ
752 4736 870 4790 Ἰὼϐ
898 4737 1268 4805 αἰνιττόμενος
1298 4737 1449 4804 ἔλεγε
1488 4737 1619 4806 περὶ
1643 4735 1748 4786 τῶν
1778 4736 1907 4786 ἑαυ-

326 4833 425 4887 τοῦ
452 4833 701 4895 οἰκετῶν,
722 4828 800 4894 οἷς
828 4828 895 4901 ἧν
916 4831 1034 4900 μεθ’
1059 4830 1363 4899 ὑπερϐολῆς
1391 4828 1658 4889 ποθεινὸς,
1686 4848 1702 4878 ι
1731 4828 1908 4896 Προσ-

329 4919 496 4988 φῦναι
550 4922 665 4983 ταῖς
726 4920 886 4988 σαρξί
939 4937 1041 4989 μου
1132 4921 1230 4971 οὐκ
1288 4921 1527 4988 ἀπέσχον
1579 4918 1828 4972 ὀδοῦσιν.
1880 4936 1897 4968 ι

342 5010 576 5063 Ἐκεῖνοι
604 5013 711 5079 γὰρ
742 5011 834 5063 τὸν
867 5010 1034 5062 πολὺν
1077 5009 1255 5061 αὐτῶν
1286 5009 1686 5077 ἐνδεικνύμενοι
1717 5007 1903 5072 πόθον,

333 5102 396 5155 ὃν
442 5095 611 5171 είχον,
655 5102 873 5170 ἔλεγον·
911 5120 930 5154 ι
978 5102 1070 5163 Τίς
1106 5103 1170 5154 ἂν
1201 5101 1311 5171 δῴη
1364 5104 1495 5173 ἡμῖν
1533 5105 1643 5154 τιῖιν
1687 5106 1907 5172 σαρκῶν

330 5195 499 5251 αὑτοῦ
554 5196 979 5265 ἐμπ).ησθῆναι;
1025 5212 1044 5246 ι
1093 5196 1183 5248 Διὸ
1228 5197 1293 5265 δὴ
1330 5199 1423 5249 καὶ
1451 5199 1479 5250 ὀ
1509 5197 1742 5266 Χριστὸς
1774 5198 1907 5252 αὐτὸ

403 5313 424 5343 ⁸
454 5310 577 5366 Job.
607 5326 716 5366 xu.
749 5310 840 5367 22.
920 5313 941 5344 ⁸
964 5311 1088 5366 Job.
1124 5329 1275 5378 xm,
1312 5314 1401 5368 5|.

350 5478 379 5541 ’ί
406 5469 485 5536 (5)
522 5469 791 5538 Loquitur
839 5468 908 5522 de
936 5468 1316 5541 _veneratione
1345 5467 1520 5523 ϐιοτεοί
1555 5470 1739 5539 populi
1774 5486 1903 5541 erga

331 5540 517 5595 oblata
551 5540 716 5596 etiam
759 5555 883 5594 cum
920 5538 1272 5593 deducuntur
1310 5538 1709 5607 pompaticead
1744 5538 1901 5596 meﬁ—

329 5627 448 5665 sam
483 5620 545 5665 ut
573 5616 1011 5670 consecrentur;
1066 5607 1135 5663 de
1183 5622 1294 5677 quo
1343 5609 1449 5662 ritu
1501 5612 1634 5666 satis
1683 5622 1905 5666 contro-

329 5697 494 5736 verso
540 5680 674 5735 alibi
723 5695 825 5735 nos
856 5679 1025 5733 locuti
1064 5694 1280 5744 sumus,
1313 5680 1525 5736 scilicet
1573 5682 1628 5735 in
1665 5682 1768 5736 hac
1812 5682 1901 5737 Bi-

335 5754 533 5815 hzioth.
586 5760 625 5807 t.
675 5751 762 5818 ιγ,
800 5768 852 5821 p.
901 5749 990 5819 (il,
1033 5749 1123 5807 ubi
1159 5749 1489 5821 Eutychium
1530 5752 1898 5822 patriarcham

2003 4556 2283 4626 junctum.
2316 4554 2528 4608 Eximie
2568 4553 2716 4606 enim
2751 4554 3056 4607 amantium
3089 4552 3191 4606 hoc
3228 4565 3368 4620 Opus
3395 4559 3501 4612 est,
3536 4557 3596 4611 ut

2012 4662 2109 4717 per
2136 4647 2359 4701 deitatis
2384 4647 2834 4701 communionem
2883 4646 3050 4699 simul
3090 4645 3256 4699 homo
3280 4642 3592 4697 deiﬁcetur.

2016 4738 2149 4791 Rem
2206 4738 2350 4792 hanc
2384 4738 2646 4792 videlicet
2675 4737 2848 4792 Jobus
2881 4738 3143 4801 innuens,
3180 4736 3250 4790 de
3303 4734 3594 4788 farniliari-

2014 4827 2120 4881 bus
2153 4830 2268 4881 suis
2315 4827 2523 4891 aiebat,
2559 4828 2766 4896 quibus
2802 4829 3003 4883 eximie
3049 4828 3253 4881 chartis
3294 4834 3451 4879 erat:
3493 4843 3510 4874 ι
3552 4825 3593 4876 Α

2015 4920 2275 4973 carnibus
2333 4920 2471 4974 meis
2533 4919 2730 4976 dentes
2779 4937 2887 4973 non
2942 4920 3299 4973 abstinebant
3330 4919 3373 4969 ⁸.
3438 4933 3456 4966 ι
3509 4914 3594 4967 lili

2014 5010 2219 5079 quippe
2254 5020 2312 5063 ut
2350 5011 2583 5089 multum
2613 5026 2774 5064 suum
2818 5025 3065 5064 amorem
3094 5012 3438 5067 ostencrent,
3475 5004 3592 5057 aie-

2015 5105 2148 5159 bant
2181 5122 2193 5159 :
2231 5125 2247 5155 ι
2283 5104 2422 5170 Quis
2458 5107 2549 5159 det
2579 5106 2744 5159 nobis
2778 5118 2837 5158 ut
2873 5110 2938 5158 de
2985 5103 3251 5157 carnibus
3288 5100 3411 5170 ejus
3441 5107 3593 5153 satu-

2013 5215 2204 5255 rcmur
2232 5198 2287 5250 δῖ’
2324 5217 2340 5249 ι
2377 5200 2562 5263 Quare
2606 5209 2663 5253 ct
2691 5197 2948 5253 Christus
2997 5196 3145 5250 idem
3187 5192 3340 5260 fecit,
3376 5192 3445 5246 ad
3478 5206 3594 5244 tua-

2011 5471 2460 5544 produximuaid
2495 5473 2678 5529 cultus
2712 5487 2886 5542 genus
2918 5474 3441 5544 reprehendentem.
3477 5474 3593 5532 Re-

2009 5541 2157 5614 l_i_qua
2186 5559 2335 5614 νει-ο
2392 5543 2556 5613 hujus
2601 5541 2824 5598 articuli
2884 5541 3059 5614 usque
3103 5547 3170 5600 ad
3218 5561 3274 5599 n.
3330 5548 3383 5609 7,
3416 5548 3596 5602 suntit

2011 5610 2445 5689 Ilieodoru‘suex
2466 5610 2839 5681 'Damasceno,
2872 5610 3041 5689 prout
3090 5616 3349 5687 leguntur
3377 5617 3433 5672 in
3465 5617 3590 5675 Cat.

2007 5680 2173 5738 Cord.
2212 5699 2267 5754 p.
2298 5684 2424 5743 755.
2826 5680 2829 5681 ⁷
2872 5680 2890 5689 ’
3145 5680 3170 5687 ⁷
3432 5694 3437 5699 ‘
