4064 6292
530 328 632 394 959

1621 320 2027 384 THEODORI
2070 319 2624 383 MELITENIOT/E

3699 323 3809 389 960

529 446 624 504 sed
657 444 788 516 quia
819 444 966 516 regis
999 453 1139 501 sunt?
1170 443 1476 514 imagines:
1511 441 1593 498 sic
1624 451 1681 497 et
1727 442 1821 497 ille
1873 438 2098 509 sanguis

2222 454 2313 502 νες,
2343 438 2487 492 οὕτω
2531 438 2596 506 δὴ
2641 436 2737 492 καὶ
2764 436 2825 491 τδ
2855 433 2999 508 αἷμα
3039 439 3217 494 ἐκεῖνο
3245 441 3306 494 τὸ
3336 440 3681 512 ἀναίσθητον
3712 448 3809 499 καὶ

530 536 814 592 insensilis
844 545 901 591 et
927 537 1186 591 inanimis
1236 535 1510 589 animatos
1546 534 1773 589 salvavit
1820 532 2099 596 homines,

532 643 645 681 non
673 627 801 697 quia
836 629 1059 698 sanguis
1084 635 1221 690 erat,
1249 624 1494 695 sedfquia
1518 623 1787 679 Dominici
1815 622 2101 693 sanguinis

532 718 725 788 ﬁgura.
776 719 893 774 Jam
943 719 987 772 si
1024 719 1175 773 illius
1226 717 1398 787 ﬁgura
1452 726 1669 771 tantam
1720 716 1833 770 vim
1882 714 2100 778 habuit,

532 812 709 866 multo
740 812 1015 880 majorem
1049 811 1273 865 veritas.
1322 811 1380 864 Si
1427 810 1653 879 angelus
1698 809 1879 863 visum
1913 808 2103 879 ﬁgura:

532 902 858 970 sanguinem
912 903 1187 955 reveritus
1229 912 1334 968 est,
1392 903 1566 955 multo
1601 902 1773 972 magis
1827 901 2101 963 diabolus,

534 993 891 1055 veritatis,id
946 1006 1031 1047 est
1078 993 1282 1048 Christi
1334 996 1657 1063 sanguinem
1713 995 1930 1056 videns,
1994 1009 2103 1046 non

535 1085 718 1153 ianuis
772 1086 1104 1151 inspersum,
1163 1088 1257 1138 sed
1309 1086 1390 1137 ori
1444 1085 1712 1149 ﬁdelium,
1764 1086 1969 1155 januis,
2023 1085 2106 1137 in-

476 1214 481 1221 .
535 1189 720 1241 quam,
754 1174 982 1227 animali
1021 1176 1223 1245 templi
1245 1175 1363 1241 Dei,
1400 1176 1572 1247 fugiet
1598 1178 1868 1248 longeque
1898 1192 1956 1234 se
1980 1178 2109 1232 sub-

534 1269 720 1320 ducet.

611 1360 696 1412 1‘2.
737 1359 837 1415 llic
860 1363 988 1414 novi
1014 1362 1265 1417 sacriﬁcii
1302 1364 1526 1432 sanguis
1546 1365 1757 1419 elfusus
1789 1364 2107 1421 universum

536 1453 801 1505 mundum
859 1454 1054 1507 abluit.
1101 1455 1335 1523 Sanguis
1378 1454 1472 1510 hic
1518 1457 1571 1510 in
1624 1456 1818 1528 ﬁgura,
1853 1459 2018 1527 adyta
2055 1467 2155 1515 et.

537 1540 738 1596 Sancta
784 1551 1101 1595 sanctorum
1152 1544 1477 1611 puriﬁcabat
1504 1563 1529 1600 ε,
1557 1547 1779 1614 sanguis
1822 1547 1913 1600 hic
1958 1548 2011 1601 in
2050 1549 2113 1601 ﬁ-

538 1649 670 1701 gura
700 1634 868 1687 altare
902 1650 1133 1689 aureum
1186 1636 1607 1691 sanctiﬁcabat:
1650 1639 1858 1708 absque
1895 1641 2004 1694 hoc
2054 1641 2109 1694 in

539 1723 812 1793 legalibus
842 1725 1073 1793 ﬁgurato
1118 1726 1409 1781 sacriﬁciis
1461 1744 1567 1781 non
1603 1729 1839 1783 audebat
1868 1730 2111 1798 pontifex

542 1814 598 1868 in
638 1814 797 1884 adyta
848 1816 1099 1885 ingredi:
1128 1820 1351 1887 sanguis
1380 1820 1468 1873 hic
1500 1820 1552 1873 in
1583 1820 1756 1890 ﬁgura
1798 1822 2113 1877 sacerdotes

540 1907 839 1963 ordinabat
880 1928 894 1963 :
944 1910 1033 1964 hic
1065 1912 1120 1965 in
1174 1911 1345 1981 figura
1380 1922 1602 1981 peccata
1640 1914 1925 1984 purgabat.
1958 1915 2111 1981 Quod

542 2000 590 2053 si
624 2000 670 2054 is
702 2001 753 2053 in
786 2000 955 2071 ﬁgura
991 2003 1152 2057 talem
1191 2014 1508 2072 tantamque
1533 2007 1646 2060 vim
1680 2007 1873 2061 habuit
1907 2016 2017 2060 tum
2058 2008 2111 2062 in

546 2092 748 2159 templo
786 2092 1167 2161 Hebraeorum,
1201 2106 1313 2150 tum
1360 2097 1522 2151 etiam
1570 2098 1625 2151 in
1659 2099 1838 2153 media
1881 2099 2114 2170 [Egypto

546 2184 801 2251 pestibus
830 2186 1138 2253 inspersus,
1169 2198 1341 2243 multo
1388 2190 1563 2260 magis
1592 2206 1879 2259 postquam
1912 2191 2116 2247 veritas

544 2275 719 2337 venit,
764 2276 956 2330 umbra
1005 2278 1383 2348 praeterlapsa.
1427 2280 1484 2335 Si
1533 2282 1780 2336 umbram
1830 2292 2117 2348 tantopere

548 2381 699 2420 mors
736 2368 1049 2434 exhorruit,
1098 2371 1410 2436 veritatem,
1458 2387 1580 2437 oro,
1627 2373 1767 2443 quid
1801 2376 1856 2427 ni
1889 2374 2119 2428 extime-

552 2459 706 2512 scat?
742 2460 841 2513 ilic
867 2470 950 2515 est
976 2462 1284 2516 animarum
1314 2473 1625 2519 nostrarum
1658 2466 1806 2520 salus
1832 2484 1846 2520 :
1890 2465 1995 2521 hoc
2023 2466 2120 2521 de-

549 2552 789 2605 lectatur
817 2554 1023 2614 anima,
1048 2553 1153 2607 hoc
1179 2565 1431 2619 ematur,
1461 2556 1564 2610 hoc
1596 2556 1966 2611 inﬂammatur
1992 2575 2006 2612 :
2030 2558 2119 2613 hic

547 2642 673 2708 igne
703 2643 1135 2711 splendidiorem
1183 2657 1421 2701 mentem
1458 2656 1704 2700 nostram
1740 2648 1921 2702 reddit
1953 2666 1967 2702 :
2029 2650 2120 2703 hic

552 2749 689 2789 auro
724 2734 1071 2805 fulgiiiiorem
1106 2746 1350 2792 nostram
1393 2739 1631 2792 animam
1665 2739 1793 2794 facit
1830 2758 1843 2793 :
1894 2743 2120 2811 sanguis

552 2822 645 2877 hic
676 2824 969 2895 imaginem
999 2827 1159 2881 nobis
1188 2828 1437 2881 floridam
1463 2838 1723 2897 operatur
1753 2840 1807 2883 et
1840 2831 2075 2899 regalem
2101 2848 2116 2885 :

552 2916 645 2972 hic
680 2919 1031 2987 pulchritudo
1081 2920 1483 2975 inaestimabilis
1522 2932 1602 2975 est
1632 2941 1644 2976 :
1678 2922 1768 2976 hic
1790 2922 2119 2979 ﬁaccescere

550 3016 749 3073 anima:
793 3017 1133 3072 nobilitatem
1172 3033 1278 3070 non
1322 3018 1478 3080 sinit,
1512 3018 1745 3088 irrigans
1776 3034 1895 3073 eam
1943 3019 2121 3073 conti-

2206 532 2412 601 ἄψυχον
2442 533 2568 595 τοὺς
2595 531 2775 602 ψυχὴν
2826 532 3054 602 ἔχοντας
3087 532 3415 603 ἀνθρώπους
3441 536 3550 589 ἔσω
3566 555 3677 595 τεν.
3707 539 3808 591 οὐκ

2206 622 2395 693 ἐπειδὴ
2421 620 2561 692 αἷμα
2588 618 2678 694 ἦν,
2709 621 2825 676 ἀλλ’
2857 623 3050 694 ἐπειδὴ
3079 624 3174 677 τοῦ
3205 626 3440 694 αἵματος
3469 626 3567 678 τοῦ
3606 628 3807 680 δεσπο-

2205 713 2361 767 τικοῦ
2396 714 2569 776 τύπος
2612 710 2703 784 ἦν.
2761 713 2824 767 El
2885 715 2957 768 δέ
2994 715 3024 768 ὁ
3080 716 3253 781 τύπος
3291 718 3461 771 αὐτοῦ
3512 720 3801 779 τοσαύτην

2208 804 2370 874 ἔσχεν
2392 808 2565 875 ίσχὺν,
2594 806 2776 875 πολλῷ
2807 807 3010 875 μᾶλλον
3041 808 3321 879 ήάλὴθεια
3354 808 3430 878 (I)
3454 824 3469 838 '
3503 809 3555 861 εί
3575 812 3603 862 ὁ
3622 811 3801 877 ἄγγε-

2206 899 2295 961 λος
2327 899 2448 951 ίδὼν
2477 900 2538 951 τὸ
2568 894 2709 969 αἷμα
2740 900 2836 953 τοῦ
2867 901 3039 956 τύπου
3065 902 3289 972 ᾐδέσθη,
3316 901 3500 970 πολλῷ
3542 902 3802 969 μᾶλλονί

2208 989 2456 1051 διάϐολος
2484 988 2607 1041 ίδὼν
2636 991 2696 1042 τὸ
2719 985 2856 1058 αἷμα
2884 992 2983 1058 τῆς
3013 991 3276 1061 ἀληθείας
3314 992 3377 1045 τὸ
3406 993 3501 1045 τοῦ
3534 991 3803 1061 Χριστοῦ.

2210 1081 2330 1149 οὐχὶ
2366 1081 2563 1150 θύραις
2614 1082 3096 1150 ἐπικεχρισμὲνον,
3136 1082 3269 1134 ἀλλὰ
3301 1082 3380 1151 τῷ
3422 1084 3665 1151 στόματι
3696 1083 3805 1135 τῶν

2212 1172 2452 1234 πιστῶν,
2488 1174 2608 1233 ταῖς
2661 1171 2855 1240 θύραις
2887 1170 3032 1237 λέγω
3075 1162 3171 1224 τοῦ
3224 1172 3473 1242 ἐμψύχου
3516 1172 3655 1225 ναοῦ
3706 1172 3801 1226 τοῦ

2211 1261 2371 1325 Θεοῦ,
2401 1260 2662 1327 φεύξεται
2702 1264 2799 1315 καὶ
2837 1262 3056 1330 μακράν
3097 1280 3199 1315 που
3237 1266 3559 1333 γενήσεται.

2288 1352 2377 1421 ιβ’.
2411 1353 2671 1406 Τοῦτο-τὸ
2701 1354 2804 1422 τῆς
2830 1355 3024 1421 καινῆς
3059 1354 3250 1417 θυσίας
3277 1352 3415 1423 αἷμα
3436 1354 3675 1424 ἐκχυθὲν
3704 1355 3805 1406 Ri-

2214 1460 2312 1496 σαν
2339 1443 2434 1514 τὴν
2456 1444 2786 1513 οἰκουμένην
2820 1443 3081 1508 ἐξέπὶυνε
3106 1457 3121 1472 ⁸
3150 1443 3307 1496 τοῦτο
3344 1445 3404 1496 τὸ
3436 1439 3580 1510 αἷμα
3613 1447 3671 1493 ἐν
3696 1446 3806 1504 τοῖς

2212 1534 2407 1596 τύποις
2449 1536 2517 1588 τὰ
2552 1535 2723 1588 ἄδυτα
2757 1537 2851 1589 καὶ
2878 1537 2945 1588 τὰ
2979 1537 3149 1604 Ἀγια
3170 1537 3281 1588 τῶν
3315 1535 3487 1602 ἁγίων
3518 1536 3766 1601 ἐκάθηρε
3787 1552 3800 1566 ·

2214 1628 2376 1679 τοῦτο
2403 1628 2463 1680 τὸ
2495 1623 2636 1698 αἷμα
2667 1629 2724 1680 ὲν
2754 1631 2869 1690 τοῖς
2907 1628 3103 1690 τύποις
3137 1629 3195 1681 τὸ
3227 1628 3465 1698 χρυσοῦν
3499 1627 3802 1694 θυσιαστή-

2219 1736 2334 1788 ριον
2362 1720 2559 1788 ἡγίασε
2587 1735 2600 1749 ο
2634 1718 2830 1771 τούτου
2864 1722 3038 1789 χωρὶς
3069 1720 3126 1772 ἐν
3156 1722 3280 1780 ταῖς
3306 1720 3572 1788 νομικαῖς
3597 1735 3802 1770 τυπουο

2220 1812 2384 1880 μένου
2414 1811 2631 1872 θυσίαις
2684 1812 2784 1864 οὐκ
2811 1812 3011 1879 ἐτόλμα
3044 1814 3072 1862 ὁ
3098 1811 3392 1881 ἀρχιερεὺς
3424 1811 3509 1871 είς
3535 1811 3609 1862 τὰ
3635 1811 3803 1864 ἄδυτα

2213 1899 2441 1953 είσιέναι
2468 1917 2481 1931 ·
2515 1900 2675 1951 τοῦτο
2719 1902 2782 1951 τὸ
2809 1896 2949 1967 αἷμα
2979 1902 3037 1951 ἐν
3068 1902 3179 1960 τοῖς
3217 1898 3410 1961 τύποις
3438 1899 3635 1967 ἱερέας
3665 1901 3804 1966 ἐχει-

2219 1992 2421 2060 ροτόνει
2445 2006 2460 2021 ·
2486 1991 2646 2044 τοῦτο
2682 1992 2962 2062 ἐκάθηρεν
3000 1992 3277 2061 ἁμαρτίας
3320 1993 3379 2043 ἐν
3425 1994 3542 2053 τοῖς
3590 1990 3802 2052 τύποις.

2216 2084 2281 2138 Ei
2307 2082 2361 2135 δὲ
2394 2084 2451 2134 ἐν
2488 2084 2601 2144 τοῖς
2626 2082 2818 2144 τύποις
2848 2082 3118 2151 τοσαύτην
3149 2082 3306 2149 ἔσχεν
3356 2082 3516 2149 lexin
3545 2080 3606 2132 ἐν
3636 2098 3693 2132 τε
3727 2080 3803 2149 τῷ

2216 2175 2332 2244 ναῷ
2388 2174 2498 2227 τῶν
2535 2173 2916 2244 Ἐϐραίων,ἔν
2978 2192 3037 2226 τε
3085 2174 3346 2240 Αἰγύπτῳ
3399 2173 3548 2242 μέσῃ
3600 2174 3690 2225 ὅτε
3749 2176 3803 2225 al

2218 2267 2372 2334 φλιαὶ
2409 2265 2678 2335 ἐχρίοντο,
2716 2265 2898 2335 πολλῷ
2930 2265 3134 2334 μᾶλλον
3168 2267 3257 2318 ὅτε
3279 2260 3495 2335 ἦλθενὴ
3545 2263 3795 2332 ἀλήθεια,

2216 2358 2317 2425 τῆς
2371 2358 2531 2419 σκιᾶς
2588 2356 3085 2425 παραδραμούσης.
3136 2356 3198 2407 Εἰ
3248 2356 3350 2422 τὴν
3387 2356 3551 2408 σκιὰν
3580 2354 3807 2415 οὕτωςό

2219 2449 2447 2511 θάνατος
2492 2447 2705 2517 ἔφριξε,
2737 2447 2835 2516 τὴν
2871 2448 3141 2517 ἀλήθειαν
3171 2447 3364 2515 αὐτὴν,
3393 2447 3519 2498 είπὲ
3550 2462 3661 2515 μοι,
3690 2444 3807 2505 πῶς

2218 2542 2321 2594 οὐκ
2367 2541 2432 2594 ἂν
2481 2540 2762 2609 ἐφοϐήθης
2800 2538 2972 2592 Τοῦτο
3002 2540 3034 2610 ὴ
3069 2540 3313 2609 σωτηρία
3358 2539 3468 2591 τῶν
3518 2538 3809 2608 ἡμετέρων

2218 2630 2443 2700 ψυχῶνο
2472 2630 2647 2700 τούτῳ
2677 2630 2866 2698 ἥδεται
2890 2630 2923 2697 ἠ
2954 2629 3132 2699 ψυχή’·
3157 2629 3333 2698 τούτῳ
3363 2629 3804 2691 καλλωπίζεται,

2218 2722 2396 2791 τούτῳ
2440 2719 2743 2791 πυροῦται·
2781 2719 2941 2773 τοῦτο
2976 2722 3148 2790 πυρὸς
3197 2721 3581 2791 λαμπρότερον
3640 2718 3807 2789 ἐργά-

2221 2813 2371 2876 ζεται
2396 2814 2487 2864 τὸν
2510 2813 2635 2864 νοῦν
2663 2811 2758 2863 τὸν
2785 2812 3063 2881 ἡμέτερον
3085 2826 3103 2843 ⁶
3132 2813 3294 2865 τοῦτο
3333 2811 3563 2881 χρυσίου
3589 2810 3809 2879 φαιδρο-

2220 2904 2386 2973 τὲραν
2433 2903 2528 2975 τὴν
2580 2902 2763 2973 ψυχὴν
2817 2908 2993 2955 ποιεῖ’
3029 2903 3191 2955 τοῦτο
3218 2901 3280 2955 τὸ
3316 2898 3457 2970 αἷμα
3486 2903 3589 2971 τὴν
3619 2902 3807 2955 είκὸοια

2222 2996 2354 3065 ἡμῖν
2383 2997 2629 3065 ἀνθηρὰν
2658 2995 2954 3065 ἐργάζεται
2992 2993 3090 3065 τὴν
3127 2994 3413 3065 βασιλικήν
3438 3011 3454 3027 ·
3485 2994 3649 3047 τοῦτο
3674 2994 3809 3048 κά).-

548 3124 659 3163 nno
682 3117 738 3161 et
779 3107 1089 3162 enutriens.
1124 3106 1257 3162 Nam
1298 3109 1525 3175 sanguis
1555 3110 1643 3163 ille
1669 3110 1763 3178 qui
1799 3127 1828 3164 a
1857 3110 1995 3165 cibis
2022 3126 2119 3164 no-

2224 3082 2315 3144 λος
2368 3084 2687 3152 ἀμήχανονο
2739 3083 2901 3136 τοῦτο
2949 3084 3415 3154 ἀπομαρανθῆναι
3472 3084 3573 3153 τῆς
3624 3083 3810 3153 ψυχῆς

549 3196 637 3250 bis
669 3207 909 3262 creatur,
944 3198 1088 3251 haud
1114 3199 1259 3252 illico
1280 3199 1543 3263 ‘ellieitur,
1563 3202 1657 3253 sed
1684 3200 1831 3254 aliud
1855 3199 2119 3269 quiddam

551 3301 718 3345 antea
755 3290 832 3343 ﬁt.
870 3290 991 3343 Non
1029 3291 1102 3343 ita
1140 3299 1320 3345 tamen
1374 3292 1484 3351 hic,
1516 3292 1609 3345 sed
1646 3295 1884 3345 animam
1936 3293 2121 3346 statim

553 3382 767 3451 irrigat,
801 3390 857 3436 et
886 3398 1137 3453 magnam
1173 3383 1466 3451 quamdam
1501 3382 1611 3435 vim
1642 3384 1854 3437 inserit.
1890 3384 2126 3453 Sanguis

554 3472 646 3527 hic
683 3476 774 3527 vix
814 3474 1022 3528 eﬁ‘usus
1073 3475 1274 3529 cadum
1328 3475 1594 3539 gradibile
1627 3474 1773 3530 fecit.
1818 3475 2126 3531 Tremenda

557 3581 688 3620 vere
723 3576 851 3619 sunt
888 3566 1151 3622 Ecclesia:
1181 3567 1385 3623 Christi
1433 3567 1731 3643 mysteria!
1780 3569 2124 3623 tremendum

554 3674 685 3714 vere
713 3660 891 3713 altare
915 3660 1027 3720 esti

630 3895 718 3950 l3.
744 3896 1090 3951 Ascendebat
1114 3897 1181 3953 de
1215 3899 1470 3968 paradiso
1503 3901 1646 3964 fons,
1684 3905 1989 3963 materialia
2025 3904 2128 3960 ﬁu-

561 3986 710 4041 mina
761 3996 1024 4042 erm-taus
1058 4005 1071 4042 :
1106 4005 1172 4043 ex
1220 3988 1326 4043 hac.
1373 4006 1529 4045 sacra
1565 4008 1752 4047 mensa
1807 3993 1931 4048 fons
1980 3996 2127 4056 salit.

559 4080 826 4146 spiritalia
873 4079 1099 4135 ﬁumina
1149 4086 1424 4138 emittens.
1465 4085 1624 4141 Circa
1677 4086 1929 4141 divinum
1982 4087 2130 4141 hunc

559 4170 765 4229 fontem
797 4171 939 4224 haud
963 4171 1161 4226 salices
1190 4173 1545 4230 infructuosa:
1576 4178 1830 4245 plantam:
1856 4188 2006 4243 sunt,
2031 4178 2129 4233 sed

558 4263 787 4321 arbores
816 4262 881 4317 ad
915 4278 1086 4332 usque
1111 4265 1311 4319 cwlum
1339 4282 1461 4322 sese
1484 4269 1822 4332 attollentes,
1851 4272 2131 4339 tempestiv

556 4371 689 4410 vum
721 4356 967 4447 fructum
994 4358 1269 4413 habentes
1298 4375 1515 4430 semper
1547 4370 1604 4416 et
1635 4362 2128 4431 incorruptibilem.

2225 3176 2325 3242 τὴν
2345 3175 2626 3242 εὐγένειαν
2650 3176 2749 3228 οὐκ
2776 3175 3024 3242 ἀφίησιν,
3050 3176 3214 3244 ἄρδον
3250 3176 3423 3244 αὐτὴν
3446 3176 3688 3245 συνεχῶς
3712 3178 3809 3227 καὶ

2226 3268 2426 3336 τρέφον
2447 3282 2461 3297 ⁸
2487 3268 2547 3320 τὸ
2580 3267 2677 3333 μὲν
2711 3267 2819 3335 γὰρ
2865 3266 2973 3319 ἀπὸ
3003 3267 3111 3318 τῶν
3161 3267 3348 3320 σιτίων
3383 3270 3518 3336 ἡμῖν
3554 3263 3695 3337 αἷμα
3720 3284 3808 3334 γι-

2227 3360 2472 3428 νόμενον,
2497 3359 2598 3411 οὐκ
2647 3358 2850 3421 εὐθέως
2895 3359 3057 3411 τοῦτο
3084 3358 3320 3425 γίνεται,
3358 3360 3473 3413 ἀλλ’
3500 3359 3691 3430 ἕτερόν
3714 3377 3765 3412 τι
3787 3377 3807 3394 ο

2226 3451 2384 3505 τοῦτο
2409 3452 2466 3503 δὲ
2496 3451 2596 3520 οὐχ
2626 3450 2821 3514 οὕτως,
2861 3452 2977 3504 ἀλλ’
3015 3452 3223 3514 εὐθέως
3278 3457 3377 3522 τὴν
3420 3453 3599 3523 ψυχὴν
3630 3454 3806 3523 ἄρδει,

2229 3545 2323 3597 καὶ
2350 3543 2595 3611 μεγάλην
2624 3543 2749 3595 τινὰ
2798 3542 3031 3612 δύναμιν
3079 3546 3319 3611 ἐμποιεῖ.
3354 3544 3528 3598 Τοῦτο
3573 3546 3804 3615 ἐξεχύθη

2228 3637 2290 3689 τὸ
2325 3633 2488 3704 αἷμα,
2512 3636 2605 3687 καὶ
2632 3635 2725 3687 τὸν
2753 3636 2984 3704 οὐρανὸν
3008 3637 3235 3704 ἐποίησε
3270 3637 3456 3706 βατόν.
3488 3639 3703 3705 opma
3723 3639 3809 3691 ὃν·

2228 3744 2335 3788 τως
2367 3728 2436 3780 τὰ
2468 3727 2744 3797 μυστήρια
2783 3727 2885 3795 τῆς
2919 3726 3255 3797 Ἐκκλησίας
3281 3729 3547 3800 Χριστοῦσ
3582 3718 3810 3802 φρικτὸν

2228 3820 2398 3882 ὅντως
2431 3820 2493 3872 τὸ
2523 3818 2932 3889 θυσιαστήριον.

2306 3915 2396 3976 ιγ’.
2456 3909 2768 3961 Ἀνέὁαινεν
2818 3911 2885 3961 ἐκ
2933 3909 3028 3961 τοῦ
3076 3912 3407 3980 παραδείσου
3450 3914 3607 3984 πηγὴ
3639 3932 3808 3969 ποταο

2236 4000 2369 4069 μους
2393 4000 2689 4068 αἰσθητοὺς
2713 4002 2937 4068 ἀφιεῖσα
2962 4016 2974 4029 °
3001 4002 3110 4055 ἀπὸ
3147 4005 3245 4072 τῆς
3270 4004 3423 4073 ἱερᾶς
3453 4004 3659 4072 ταύτης
3683 4023 3809 4074 τρα-

2234 4091 2403 4160 πέζης
2427 4091 2600 4147 ἄνεισι
2632 4092 2785 4159 πηγὴ
2820 4092 3101 4157 ποταμοὺς
3127 4093 3354 4160 ἀφιεῖσα
3380 4097 3805 4164 πνευματικούς·

2234 4186 2385 4253 παρὰ
2416 4183 2620 4252 ταύτην
2669 4183 2768 4252 τὴν
2802 4183 2956 4235 θείαν
2991 4185 3175 4253 πηγὴν
3220 4189 3629 4255 πεφυτευμέναι
3672 4190 3807 4242 εἰσὶν

2232 4279 2333 4329 οὐκ
2353 4276 2496 4328 ἰτέαι
2519 4276 2780 4341 ἄκαρποι,
2806 4274 2945 4327 ἀλλὰ
2965 4275 3161 4345 δένδρα
3188 4277 3321 4346 πρὸς
3347 4279 3517 4332 αὐτὸν
3540 4282 3805 4349 φθάνοντα

2234 4365 2326 4419 τὸν
2361 4364 2610 4432 οὐρανὸν,
2638 4364 2850 4434 καρπὸν
2882 4365 3080 4434 ἔχοντα
3131 4365 3339 4435 ὥριμον
3392 4370 3484 4422 ἀεὶ
3532 4372 3631 4424 καὶ
3672 4374 3806 4441 ἀμά-

561 4450 616 4505 δί
651 4452 776 4520 quis
810 4462 1026 4516 aestuat,
1062 4457 1130 4507 ad
1163 4455 1310 4509 hunc
1338 4455 1544 4511 fontem
1571 4459 1776 4522 veniat,
1810 4468 1865 4512 et
1889 4459 2119 4512 calorem

2235 4470 2448 4524 ραντον.
2484 4454 2549 4505 Εἴ
2583 4471 2667 4516 τις
2713 4454 3033 4519 καυσοῦῖαι,
3072 4460 3224 4525 παρὰ
3257 4458 3462 4527 ταύτην
3496 4462 3685 4529 ἡκέτω
3714 4463 3805 4530 τὴν

562 4539 848 4608 refrigeret
894 4563 905 4597 :
966 4542 1110 4597 levat
1149 4545 1295 4599 enim
1354 4547 1729 4611 mstuationes,
1786 4557 1842 4601 et
1898 4548 2127 4601 ardores

542 4614 746 4688 inanes
788 4643 1078 4703 temperat,
1131 4654 1240 4692 non
1292 4654 1387 4693 eos
1436 4639 1599 4708 quia
1638 4640 1774 4702 sole,
1808 4640 1901 4692 sed
1949 4641 2042 4708 qui
2096 4657 2126 4695 a

556 4728 759 4782 diaboli
800 4729 923 4782 telis
976 4730 1151 4798 igneis
1190 4749 1205 4784 :
1263 4746 1502 4798 namque
1535 4731 1803 4800 originem
1835 4731 2124 4785 desursum

557 4823 746 4884 habet,
779 4830 836 4874 et
885 4821 1011 4874 inde
1050 4823 1312 4885 radicem,
1345 4816 1489 4878 unde
1538 4834 1593 4877 et
1625 4825 1906 4893 irrigatur.
1944 4824 2127 4877 Multi-

560 4931 669 4984 que
699 4925 827 4968 sunt
860 4914 1025 4982 hujus
1056 4914 1225 4966 fontis
1255 4914 1440 4975 rivuli,
1468 4931 1605 4981 quos
1639 4916 1843 4968 emittit
1873 4915 2126 4969 Paraclc—

562 5020 691 5063 tus:
724 5020 780 5062 et
804 5007 1075 5061 mediator
1108 5005 1280 5059 Filius
1312 5016 1417 5068 est,
1472 5007 1616 5063 haud
1660 5008 1897 5076 ligonem
1935 5018 2129 5063 tenens

558 5101 815 5169 viamque
847 5103 1125 5159 muniens.
1145 5097 1241 5152 sed
1264 5097 1522 5152 affectum
1554 5109 1802 5155 nostrum
1832 5100 2123 5156 suscitans.

562 5192 665 5247 Hic
703 5202 787 5246 est
818 5191 1282 5246 lmnoratissimus
1322 5190 1468 5252 fons,
1503 5190 1664 5249 lucis.
1705 5192 1953 5258 ianam,
1983 5192 2129 5255 fons,

560 5283 812 5338 veritatis
861 5285 1045 5338 radios
1074 5283 1373 5353 ejaculans.
1415 5281 1798 5340 Venerabilem
1838 5285 1981 5338 hunc
2013 5285 2133 5338 fon-

564 5385 673 5430 tem
706 5390 967 5444 supernae
999 5392 1221 5445 quoque
1256 5375 1491 5431 virtutes
1533 5375 1972 5436 circumsistunt.
2005 5377 2128 5445 pul-

561 5469 931 5524 chritudinem
988 5469 1321 5524 litteratorum
1376 5470 1496 5537 ejus
1552 5468 1840 5521 mirantes.
1894 5468 2013 5522 Non
2074 5477 2130 5523 et

568 5562 773 5617 clarius
858 5576 1022 5631 quam
1095 5577 1199 5617 nos
1266 5562 1452 5617 vident
1516 5562 1640 5633 tilla:
1721 5560 2131 5630 propositorum

2229 4546 2435 4616 πηγὴν,
2462 4548 2553 4599 καὶ
2586 4547 2948 4617 καταψυχέτω
2988 4550 3080 4601 τὸν
3113 4556 3353 4603 καύσονα
3374 4568 3386 4581 ο
3427 4555 3521 4604 καὶ
3543 4555 3655 4623 γὰρ
3678 4557 3804 4622 nixo

2234 4641 2365 4708 μους
2405 4639 2543 4700 λύει,
2571 4639 2665 4690 καὶ
2710 4641 2778 4691 τὰ
2807 4640 3003 4709 διακαῆ
3058 4643 3241 4699 πάντα
3274 4645 3711 4713 παραμυθεῖται,
3747 4647 3803 4697 οὐ

2228 4734 2297 4784 τὰ
2329 4735 2385 4796 ἐξ
2418 4732 2592 4800 ἡλίου,
2621 4732 2757 4784 ἀλλὰ
2792 4734 2859 4785 τὰ
2890 4734 2998 4785 ἀπὸ
3049 4735 3155 4787 τῶν
3207 4735 3299 4786 τοῦ
3350 4736 3603 4791 διαϐόλου
3641 4739 3805 4808 βελῶν

2230 4826 2337 4875 τῶν
2370 4826 2789 4893 πεπυρωμένων
2812 4842 2825 4855 ·
2853 4826 2948 4878 καὶ
2972 4826 3080 4895 γὰρ
3105 4828 3206 4895 τὴν
3231 4828 3408 4899 ἀρχὴν
3435 4831 3652 4884 ἄνωθεν
3672 4834 3801 4901 ἔχει,

2230 4918 2325 4969 καὶ
2347 4919 2445 4987 τὴν
2469 4918 2624 4986 ῥίζαν
2651 4918 2880 4981 ἐκεῖθεν,
2912 4919 3033 4972 ὅθεν
3063 4921 3157 4970 καὶ
3180 4920 3424 4987 ἄρδεται.
3466 4924 3661 4977 Πολλοὶ
3682 4925 3803 4978 ταῦ·

2227 5026 2327 5078 της
2369 5011 2465 5077 τῆς
2512 5008 2699 5076 πηγῆς
2731 5012 2780 5061 οἱ
2815 5009 3039 5078 ρύακες,
3071 5012 3164 5073 οὒς
3192 5014 3419 5080 ἀφίησιν
3451 5017 3479 5066 δ
3517 5017 3803 5088 Παράχλη.

2226 5117 2317 5162 τος
2338 5114 2353 5128 ⁵
2390 5099 2484 5151 καὶ
2523 5101 2749 5168 μεσίτης
2781 5101 2809 5152 ὁ
2840 5100 2977 5162 Υίδς,
3002 5101 3237 5168 γίνεται,
3267 5104 3327 5154 ού
3378 5104 3637 5157 δίκελλαν
3670 5110 3801 5174 ἔχων

2232 5190 2515 5251 ὁδοποιῶν,
2548 5190 2685 5243 ἀλλὰ
2707 5189 2806 5259 τὴν
2838 5190 3079 5242 διάθεσιν
3101 5191 3336 5258 ἀνοίγων
3364 5193 3466 5264 τὴν
3489 5195 3626 5264 παρ’
3650 5198 3797 5266 ἡμῖν.

2233 5283 2383 5351 Αὕτη
2417 5285 2449 5352 ἡ
2478 5283 2748 5350 πάντιμος
2794 5283 2955 5351 πηγὴν
2981 5282 3156 5349 φωτός
3206 5285 3323 5340 ἐστι
3367 5284 3542 5355 πηγὴ,
3570 5287 3796 5339 dum-5.
3824 5322 3831 5332 .

2234 5372 2401 5437 Coum
2432 5375 2529 5443 τῆς
2579 5373 2836 5441 ἀληθείας
2872 5374 3120 5434 ἀκτῖνας.
3172 5374 3359 5447 Ταύτῃ
3407 5380 3475 5447 τῇ
3526 5379 3799 5447 σεϐασμίᾳ

2235 5471 2386 5537 πηγῇ
2440 5468 2535 5520 καὶ
2581 5467 2637 5519 al
2686 5467 2797 5519 ἄνω
2837 5466 3222 5534 παρεστήκασι
3255 5466 3536 5537 δυνάμεις,
3579 5471 3715 5539 πρὸς
3743 5467 3799 5520 τδ

2238 5558 2436 5620 κάλλος
2466 5558 2732 5628 ἐνορῶσαι
2761 5557 2870 5611 τῶν
2906 5554 3140 5627 ῥείθρων
3159 5573 3174 5587 ο
3198 5559 3387 5630 ἐπειδὴ
3416 5561 3512 5615 καὶ
3541 5563 3799 5631 σαφέστε-

639 5745 717 5816 (1)
737 5744 938 5801 Confer
972 5741 1448 5815 Chrysostomum,
1476 5750 1516 5801 t-.
1537 5740 1862 5803 V—llJmmil.
1884 5738 2147 5798 LXYXH.
2191 5740 2239 5805 lt,
2272 5738 2325 5793 in
2356 5737 2547 5797 Matth.
