4064 6292
234 393 338 459 961
1532 390 1839 455 ΕΤΗΙΟΟ]

1921 392 1961 451 ι’
1978 389 1995 447 l
2011 388 2087 451 ll.
3401 396 3507 462 962

230 526 331 582 ρον
369 512 543 582 ἡμῶν
572 513 779 568 ἐκεῖναι
830 511 941 566 τῶν
997 505 1380 583 προκειμένων
1412 503 1684 576 θεωροῦσι
1715 504 1817 575 τὴν

1924 514 2226 555 munerum
2282 500 2393 554 vim
2451 516 2760 574 eorumque
2807 504 3137 575 splendores
3170 507 3505 567 inaccessos.

228 604 485 674 δύναμιν,
544 605 641 658 καὶ
690 607 790 667 τὰς
848 602 1228 675 μαρμαρυγὰς
1280 599 1381 661 τὰς
1434 597 1766 667 ἀπροσίτους
1798 613 1814 628 ⁶

1923 594 2080 649 Sicut
2144 596 2292 648 enim
2348 610 2484 650 auro
2522 597 2834 666 liquefacto
2899 601 2943 654 si
2975 602 3098 669 quis
3132 619 3353 659 manum
3409 614 3504 659 aut

231 696 279 750 ὦ
314 714 420 766 περ
458 698 566 766 γὰρ
591 695 795 767 χρυσοῦ
833 695 1161 765 τηκομένου,
1187 692 1252 746 ἄν
1285 708 1347 745 τε
1386 690 1485 759 τὴν
1532 688 1695 759 χεῖρά
1735 704 1819 751 τις

1919 684 2163 754 lingttam
2214 687 2450 756 injiciat,
2501 703 2725 743 auream
2762 691 3122 757 illico-facit;
3155 693 3228 747 ita
3283 711 3510 764 prorsus

230 788 489 860 ἐμϐάλοι,
516 787 583 841 ἂν
617 805 676 841 τε
708 786 807 857 τὴν
834 788 1105 855 γλῶτταν,
1138 786 1354 855 χρυσῆν
1391 779 1597 842 εὐθέως
1647 778 1820 847 αὐτὴν

1924 777 2014 832 hic
2070 779 2238 834 etiam
2292 784 2575 849 proposita
2621 784 2882 853 mysteria
2943 785 3183 840 animam
3239 787 3506 843 cﬂiciunt.

230 882 496 951 ιποίησεν
516 897 529 911 ·
557 880 702 933 οὕτω
734 880 799 949 δὴ
848 884 942 933 καὶ
974 878 1210 931 ἐνταῦθα
1243 874 1343 946 τὴν
1377 874 1557 943 ψυχὴν
1592 870 1821 941 ἐργάζε-

1924 871 2123 926 Fervet
2165 873 2312 925 enim
2347 873 2473 938 igne
2506 873 2891 929 vehementius
2940 877 3357 934 sanctissimum
3401 880 3507 933 llu-

228 990 323 1025 ται
348 972 417 1025 τὰ
450 970 818 1040 προκείμενα’
844 969 1036 1033 ἀναζεῖ
1074 969 1174 1039 μὲν
1222 968 1331 1036 γὰρ
1366 967 1540 1036 πυρὸς
1593 964 1824 1034 σφοδρόο

1924 979 2049 1016 men
2088 964 2225 1029 hoc;
2274 975 2329 1018 at
2370 967 2719 1029 nouexurit,
2770 968 2866 1021 sed
2924 968 3072 1023 lavat
3127 975 3511 1027 tantummodo

229 1079 392 1132 τερον
420 1065 448 1115 6
476 1063 738 1129 πανάγιος
769 1054 923 1124 οὗτος
952 1057 1222 1128 ποταμὸς,
1255 1057 1373 1112 ἀλλ’
1397 1057 1457 1111 οὐ
1488 1056 1657 1117 καίει,
1683 1055 1822 1110 ἁλλᾶ

1923 1057 2193 1139 quidquid
2247 1058 2607 1127 corripuerit.
2665 1058 2765 1115 llic
2812 1064 3232 1121 sacratissimus
3287 1070 3510 1137 sanguis

236 1154 492 1225 βαπτίζει
527 1155 690 1225 μόνον
732 1155 871 1223 ὅπερ
922 1152 989 1206 ἂν
1020 1151 1182 1222 λάϐῃ.
1230 1151 1402 1203 Τοῦτο
1430 1149 1491 1203 τὸ
1529 1146 1822 1219 ἱερώτατον

1925 1150 2237 1218 antiquitus
2273 1166 2494 1219 semper
2540 1153 3001 1223 pracﬂgurabatur
3030 1157 3083 1209 in
3127 1158 3417 1221 altaribus,
3453 1160 3507 1213 in

236 1242 377 1317 αἷμα
400 1248 608 1301 ἄνωθεν
640 1245 1021 1316 προετυποῦτο
1068 1247 1157 1299 ἀεὶ
1191 1247 1250 1298 ὲν
1293 1244 1728 1315 θυσιαστηρίοις,
1765 1244 1823 1294 έν

1910 1239 2199 1310 ,justorutn
2262 1242 2530 1296 czedidus.
2585 1242 2685 1298 llic
2740 1247 2966 1313 sanguis
3021 1252 3260 1317 pretium
3318 1252 3510 1306 mundi

234 1340 463 1393 δικαίων
507 1342 783 1407 σφαγαῖς⁹
832 1337 994 1390 τοῦτο
1024 1338 1057 1404 ὴ
1110 1335 1247 1406 τιμὴ
1301 1337 1402 1403 τῆς
1453 1334 1819 1405 οἰκουμένης*

1924 1345 2044 1399 est;
2078 1334 2513 1390 hoc-Ecclesiam
2538 1336 2792 1391 Christus
2819 1343 3201 1409 comparavit;
3227 1343 3332 1397 hoc
3363 1344 3511 1397 illam

236 1430 415 1500 τούτῳ
462 1430 706 1500 ἠγόρασε
756 1427 855 1498 τὴν
916 1427 1245 1495 Ἐκκλησίαν
1271 1429 1299 1481 6
1334 1426 1570 1498 Χριστός
1600 1441 1615 1457 ο
1643 1428 1823 1495 τούτῳ

1927 1435 2093 1482 totam
2147 1430 2452 1483 exornavit.
2489 1428 2645 1484 Sicut
2677 1430 2825 1484 enim
2882 1433 3049 1487 homo
3074 1449 3268 1491 servos
3297 1451 3511 1501 emens,

238 1519 667 1590 κατεκόσμησεν
701 1519 873 1587 αὐτὴν
903 1518 1123 1571 ἅπασαν
1148 1532 1162 1548 ο
1188 1517 1448 1586 καθάπερ
1472 1516 1582 1586 γὰρ
1608 1516 1705 1570 ἄνθ
1718 1532 1823 1584 ρω-

1927 1536 2123 1574 aurum
2181 1531 2406 1590 erogat;
2466 1536 2772 1593 rursusque
2812 1540 2911 1579 eos
2968 1540 3244 1581 exornare
3297 1528 3511 1593 volens,

239 1628 343 1672 πος
372 1611 589 1674 οίκέτας
615 1608 947 1676 ὠνούμενος,
992 1608 1177 1663 δίδωσι
1198 1608 1458 1678 χρυσίον,
1496 1608 1589 1660 καὶ
1619 1606 1828 1660 καλλω-

1967 1630 2063 1667 uro
2104 1614 2156 1666 id
2221 1622 2413 1678 curat;
2474 1615 2555 1668 sic
2617 1628 2674 1669 et
2732 1616 2990 1672 Christus
3052 1618 3186 1672 emit
3241 1632 3340 1673 nos
3387 1634 3513 1672 sau~
3556 1632 3572 1643 '

240 1703 399 1755 πίσαι
429 1701 591 1756 πάλιν
621 1701 753 1755 αὐτο
767 1701 826 1763 ὺς
860 1700 1211 1771 βουλόμενος,
1240 1697 1428 1771 χρυσῷ
1456 1700 1617 1752 τοῦτο
1646 1700 1822 1752 ποιεῖ’

1912 1707 2093 1774 guine
2128 1706 2373 1774 proprio,
2406 1706 2713 1776 eodemun
2754 1707 2861 1764 hoc
2908 1710 3180 1780 sanguine
3210 1724 3312 1765 nos
3344 1724 3515 1765 venu-

237 1793 386 1847 οὕτω
440 1793 533 1846 καὶ
593 1794 621 1846 6
680 1791 915 1861 Χριστὸς
979 1791 1254 1862 ἠγόρασεν
1309 1794 1458 1862 ἡμᾶς
1513 1792 1706 1859 αἵματι
1746 1791 1825 1861 τῷ
1929 1796 2121 1849 stavit.

236 1886 448 1954 οἰκείῳ,
480 1884 573 1936 καὶ
606 1883 912 1953 ἐκόσμησεν
939 1884 1085 1953 ἡμᾶς
1116 1878 1291 1953 τούτῳ
1326 1884 1399 1953 τῷ
1426 1884 1642 1953 αἵματι.
1860 1876 1902 1931 Β

313 1975 396 2029 ιδ’.
422 1976 751 2046 Προσίωμεν
781 1974 963 2028 τοίνυν
990 1977 1057 2045 τῇ
1091 1977 1330 2045 μυστικῇ
1370 1975 1544 2047 ταύτῃ
1570 1975 1826 2047 τραπέζῃ

2006 1976 2096 2031 ll.
2140 1974 2222 2030 Ad
2264 1975 2407 2029 hanc
2448 1975 2635 2046 itaque
2677 1978 2965 2047 mysticam
3001 1993 3251 2033 mensam
3288 1978 3517 2033 acceda-

243 2066 385 2137 μετὰ
415 2068 619 2129 παντὸς
648 2067 837 2135 φόϐου,
865 2071 959 2120 καὶ
1010 2068 1373 2137 συνειδήσεως
1424 2069 1697 2137 καθαρᾶς,
1732 2068 1827 2122 καὶ

1932 2086 2056 2124 mus
2118 2084 2244 2123 cum
2290 2070 2440 2124 omni
2498 2070 2716 2133 timore,
2761 2079 2815 2123 et
2866 2070 3209 2125 conscientia
3259 2086 3419 2139 pura.
3457 2078 3514 2123 et

240 2161 570 2214 ἁδιστάκτου
610 2160 873 2226 πίστεως,
931 2161 1026 2214 καὶ
1080 2161 1261 2214 πάντα
1308 2161 1465 2213 ἐσται
1496 2161 1631 2230 ἡμῖν
1686 2160 1826 2213 καθα

1933 2161 2160 2215 indubia
2195 2163 2319 2224 ﬁde,
2359 2173 2525 2230 atque
2556 2163 2740 2215 omnia
2782 2162 2942 2216 nobis
2986 2172 3152 2217 erunt
3202 2174 3364 2231 prout
3392 2163 3512 2216 sine

242 2254 574 2324 πιστεύομεν
625 2253 701 2325 μὴ
733 2252 1100 2319 διστάζοντες.
1130 2255 1203 2307 Τὸ
1236 2253 1293 2305 δὲ
1326 2253 1649 2324 προσελθεῖν
1685 2253 1826 2323 μετά

1929 2251 2291 2320 ambiguitate
2345 2252 2652 2304 credimus.
2692 2250 3047 2305 Cumanum
3083 2252 3206 2307 dico
3238 2253 3512 2306 acceden-

242 2348 485 2408 πίστεως
514 2344 574 2397 οὐ
626 2345 688 2397 τὸ
736 2345 924 2397 λα6εῖν
980 2345 1098 2398 ἐστι
1139 2346 1303 2415 μόνον
1336 2348 1395 2399 τὸ
1436 2346 1824 2415 προκείμενον,

1930 2343 2218 2397 dum‘cum
2255 2341 2384 2406 ﬁde,
2417 2358 2524 2395 non
2577 2341 2900 2411 accipienda
2957 2343 3340 2396 tantummodo
3392 2358 3514 2397 esse

241 2438 384 2492 ἀλλὰ
431 2438 526 2492 καί
574 2438 635 2491 τὸ
687 2438 829 2508 μετὰ
883 2438 1131 2509 καθαρᾶς
1172 2440 1399 2510 καρδίας
1455 2440 1738 2509 ἅψασθαι·
1766 2439 1827 2491 τὸ

1930 2449 2160 2487 munera
2193 2434 2338 2496 dico,
2356 2438 2452 2488 sed
2475 2434 2671 2487 eadem
2706 2449 2841 2503 puro
2866 2449 2991 2489 cum
3023 2434 3189 2488 corde
3210 2435 3510 2505 tangenda:

243 2529 389 2583 οῦτω
419 2530 750 2597 δ.ακεῖσθαι,
789 2531 864 2595 ὡς
916 2532 1066 2602 αὑτῷ
1113 2533 1440 2603 προσιόντας
1462 2533 1540 2602 τῷ
1562 2532 1784 2604 Χριστῷ
1810 2547 1823 2561 ·

1930 2538 2161 2591 prorsus
2200 2522 2345 2576 haud
2379 2539 2542 2577 secus
2577 2523 2805 2577 aﬂ‘ectos
2843 2539 2945 2578 nos
2984 2539 3105 2577 esse
3161 2526 3311 2587 volo,
3346 2540 3512 2593 quam

241 2624 297 2674 τί
322 2623 453 2693 γὰρ,
488 2624 536 2675 εἰ
569 2622 645 2693 μὴ
685 2625 872 2693 φωνῆς
907 2623 1205 2693 ἀκούομεν,
1238 2624 1619 2694 φθεγγομένου
1661 2623 1825 2677 αὐτοῦ

1929 2616 1975 2670 si
2010 2616 2076 2669 ad
2108 2615 2388 2669 Christum
2425 2616 2605 2683 ipsum
2630 2616 2968 2670 veniremus.
2989 2616 3129 2681 Quid
3164 2617 3310 2670 enim
3342 2617 3515 2671 inter-

240 2715 334 2768 διὰ
364 2715 475 2769 τῶν
505 2714 951 2783 εὐαγγελιστῶν;
981 2716 1348 2783 ,ἰιιστεύωμεν
1378 2711 1472 2768 οῦν
1500 2718 1581 2768 ὅτι
1606 2716 1700 2767 καὶ
1733 2714 1827 2766 νῦν

1928 2716 2032 2772 est,
2081 2707 2227 2777 quod
2279 2722 2469 2761 vocem
2521 2708 2639 2778 ejus
2689 2708 2917 2761 minime
2968 2708 3301 2773 audiamus,
3342 2709 3516 2778 siqni-

241 2808 424 2860 ἐκεῖνο
458 2807 520 2861 τδ
563 2808 781 2861 δεῖπνόν
815 2809 985 2874 ἐστιν,
1014 2809 1071 2860 έν
1103 2802 1147 2876 ᾧ
1179 2810 1275 2860 καὶ
1322 2806 1486 2871 αὐτὸς
1535 2809 1786 2861 ἀνέκειτο
1808 2821 1823 2834 ⁸

1931 2799 2056 2853 dem
2100 2814 2199 2868 per
2250 2799 2620 2869 cvangelistas
2674 2799 2963 2869 loquitur?
3003 2798 3309 2854 Credamus
3348 2801 3516 2870 igitur

239 2900 402 2953 οἰδὲν
431 2898 540 2971 γὰρ
572 2901 747 2953 έκεῖνο
775 2899 964 2953 τούτου
996 2901 1307 2971 διενήνοχεν
1328 2918 1343 2934 ο
1376 2902 1497 2954 οὐδὲ
1533 2902 1640 2971 γὰρ
1668 2900 1828 2954 τοῦτο

1932 2906 2081 2944 nunc
2128 2905 2351 2960 quoque
2384 2890 2518 2945 illud
2555 2890 2700 2945 idem
2737 2905 2862 2945 csse
2897 2891 3235 2958 convivium,
3264 2892 3332 2946 ad
3368 2894 3518 2963 quod

244 2992 349 3061 μὲν
377 2990 666 3061 ἄνθρωπος
693 2991 1011 3061 ἐργάζεται,
1047 2995 1224 3046 έκεῖνο
1243 2992 1298 3046 δὲ
1316 2994 1494 3057 αὐτὸς
1520 2994 1545 3045 6
1568 2993 1826 3063 Χριστὸς,

1934 2984 2050 3052 ipse
2098 2984 2509 3039 accumbebat:
2553 2984 2692 3039 nihil
2731 2984 2881 3039 enim
2931 2983 3265 3039 hodiernum
3319 2985 3519 3039 abillo

245 3082 387 3136 ἀλλὰ
419 3083 519 3136 καὶ
553 3081 714 3136 τοῦτο
762 3085 986 3137 κάκεῖνο
1015 3085 1043 3137 ὁ
1077 3085 1261 3148 αὑτός.
1294 3085 1465 3137 Ὀταν
1510 3085 1689 3137 τοίνυν
1736 3084 1828 3137 τὸν

1933 3074 2117 3129 diﬂert
2155 3093 2169 3130 :
2208 3092 2390 3144 neque
2446 3075 2553 3129 hnc
2603 3086 2855 3130 nostrum
2888 3074 3056 3129 homo
3090 3075 3339 3142 instruit,
3380 3076 3516 3130 illud

247 3177 402 3246 ἱερέα
432 3175 735 3228 ἐπιδιδόντα
763 3178 894 3246 ἡμῖν
922 3179 1147 3245 ἴδωμεν,
1186 3176 1261 3247 μὴ
1290 3176 1384 3229 τὸν
1408 3176 1558 3245 ίερέα
1588 3176 1826 3243 νομίζω-

1932 3183 2064 3223 vero
2092 3166 2367 3230 Christus.
2409 3169 2507 3223 sed
2545 3178 2601 3223 et
2633 3168 2739 3223 hoc
2768 3178 2825 3222 et
2866 3169 3001 3223 illud
3056 3169 3202 3224 idem
3234 3168 3514 3224 Christus.

250 3285 377 3337 μεν,
428 3269 521 3321 τὸν
571 3269 732 3322 τοῦτο
784 3268 1070 3335 ποιοῦντα,
1094 3269 1230 3323 ἀλλὰ
1265 3270 1365 3339 τὴν
1400 3268 1640 3341 Χριστοῦ
1670 3272 1827 3339 χεῖρα

1932 3258 2067 3315 Cum
2120 3275 2253 3330 ergo
2298 3261 2644 3315 sacerdotem
2698 3260 2865 3315 nobis
2899 3262 3275 3331 porrigentem
3317 3261 3518 3315 videri-

244 3361 349 3428 τὴν
377 3362 766 3432 ἐκτεινομένην
788 3378 803 3392 ’
832 3360 1026 3432 ὥσπερ
1057 3361 1167 3431 γὰρ
1196 3362 1327 3415 ὅταν
1358 3361 1693 3431 βαπτίζηταί
1721 3378 1827 3423 τις.

1932 3367 2159 3413 mus.ne
2188 3362 2511 3421 reputemus
2534 3354 2885 3408 sacerdotem
2920 3353 2973 3408 id
2999 3370 3184 3425 agere,
3213 3354 3307 3409 sed
3340 3354 3512 3425 ipsam

244 3453 347 3522 οὐχ
374 3455 402 3504 6
435 3454 615 3522 ἱερεὺς
652 3453 768 3505 ἀλλ’
802 3454 829 3504 6
864 3453 999 3516 Θεός
1057 3454 1206 3506 ἐστιν
1254 3455 1283 3507 6
1332 3454 1583 3523 κατέχων
1632 3452 1827 3507 τούτου

1930 3445 2140 3501 Christi
2173 3462 2395 3501 manum
2432 3456 2747 3501 ostensam.
2778 3447 2934 3501 Sicut
2959 3447 3109 3501 enim
3137 3463 3261 3502 cum
3312 3448 3520 3517 aliquis

243 3545 346 3613 τὴν
377 3543 624 3614 κεφαλὴν
655 3545 876 3615 ἀοράτῳ
903 3543 1156 3614 δυνάμει,
1185 3546 1280 3597 καὶ⁵
1304 3544 1427 3598 οὔτε
1449 3544 1679 3612 ἄγγελος
1703 3544 1828 3597 οὔτε

1937 3540 2267 3610 baptizatur,
2303 3556 2647 3609 nequaquam
2701 3541 2964 3594 sacerdos
3010 3539 3106 3595 sed
3162 3541 3307 3595 Deus
3361 3542 3511 3595 illius

244 3616 592 3704 ἀρχάγγελος
627 3635 752 3688 οὔτε
807 3636 966 3698 ἄλλος
1013 3652 1098 3699 τις
1131 3635 1311 3707 τολμᾷ
1362 3635 1688 3704 προσελθεῖν
1739 3639 1826 3688 καὶ

1931 3642 2099 3702 caput
2133 3640 2285 3687 tenet
2318 3632 2369 3685 vi
2405 3632 2706 3697 invisibili,
2745 3642 2802 3687 et
2852 3648 3033 3701 neque
3068 3634 3298 3703 angelus
3332 3650 3516 3703 neque

1856 3211 1899 3268 ε

243 3726 491 3795 ἅψασθαι
522 3743 536 3758 ο
564 3726 707 3780 οὕτω
730 3728 827 3780 καὶ
860 3728 955 3780 νῦν
977 3727 1207 3796 γίνεται.
1240 3728 1351 3781 Καὶ
1366 3727 1526 3796 δῆλον
1552 3726 1826 3779 ἐντεῦθεν·

1932 3724 2303 3793 archangelus
2338 3738 2521 3791 neque
2575 3723 2722 3777 alius
2765 3724 2999 3791 quilibet
3032 3724 3295 3778 accedere
3346 3728 3515 3779 audet

243 3816 322 3879 ὡς
352 3817 462 3888 γὰρ
495 3818 555 3871 ὲν
605 3818 682 3886 τῷ
735 3817 1081 3888 βαπτίσματι
1126 3818 1187 3871 οὗ
1222 3818 1377 3887 λέγει
1403 3821 1431 3871 6
1470 3821 1671 3889 ἱερεὺς,
1721 3819 1827 3871 Βα-

1931 3822 1989 3868 et
2016 3823 2267 3883 tangere;
2302 3813 2383 3868 sic
2417 3815 2584 3867 etiam
2624 3828 2771 3867 nunc
2799 3812 2881 3865 lit.
2914 3812 3072 3877 Quod
3105 3813 3234 3868 inde
3262 3815 3515 3869 ostendi-

242 3908 423 3972 πτίζω
452 3909 543 3962 τὸν
564 3910 733 3976 δεῖνα,
769 3911 904 3963 ἀλλὰ
940 3910 1270 3976 Βαπτίζεται
1302 3911 1401 3980 (Ι),
1434 3912 1652 3975 πάντως
1680 3911 1830 3980 παρὰ

1934 3915 2045 3969 tur,
2080 3908 2227 3976 quod
2277 3905 2423 3961 sicut
2467 3905 2522 3959 in
2555 3906 2835 3975 baptismo
2867 3921 2978 3959 non
3029 3906 3166 3961 dicit
3200 3908 3463 3963 sacerdos
3496 3926 3509 3963 :

241 4002 349 4069 τῆς
401 4001 713 4071 ἀδιαιρέτου
775 4006 872 4055 καὶ
919 4004 1215 4073 ὁμοουσίου
1246 4003 1480 4066 Τριάδος
1508 4018 1522 4032 °
1550 4002 1641 4055 τὸν
1667 4003 1830 4055 αὑτὸν

1934 3998 2045 4068 Ego
2083 3997 2245 4052 talem
2272 3997 2551 4051 hominem
2580 3997 2819 4066 haptizo,
2855 3998 2976 4066 sed,
3000 3998 3148 4052 Talis
3167 3998 3506 4067 baptizatur,

241 4093 303 4147 δὲ
330 4096 529 4165 τρόπον
562 4095 844 4149 κάνταῦθα
878 4098 939 4148 οὐ
992 4097 1167 4164 λέγει,
1195 4096 1321 4150 Θύω
1366 4096 1479 4163 ἐγὼ
1529 4095 1622 4148 τὸν
1657 4096 1831 4165 ἀμνὸν

1920 4107 2164 4161 prorsus
2193 4091 2261 4144 ab
2295 4090 2586 4145 individua
2622 4101 2678 4145 ct
2708 4092 3167 4148 consubstantiali
3204 4093 3513 4160 'l‘rinitate',

241 4184 344 4238 τοῦ
373 4185 533 4250 Θεοῦ,
574 4188 714 4241 ἀλλὰ
731 4188 939 4241 Θύεται
970 4191 1187 4259 όάμνὸς
1224 4189 1319 4243 τοῦ
1355 4189 1514 4253 Θεοῦ,
1556 4190 1717 4254 αὐτὸς
1741 4190 1831 4243 οῦ-

1932 4185 2124 4239 eodem
2157 4184 2321 4239 modo
2352 4184 2443 4239 hic
2472 4185 2640 4239 etiam
2673 4200 2782 4239 non
2809 4185 2947 4239 dicit
2979 4204 2990 4239 :
3020 4186 3135 4255 Ego
3160 4187 3375 4255 Agnum
3417 4190 3514 4243 Det

242 4294 339 4340 τος
365 4277 566 4349 δηλαδὴ
620 4280 817 4334 ἑαυτὸν
866 4282 1179 4352 ίερουργῶν
1211 4282 1431 4353 εὐδοκία
1470 4282 1707 4351 Πατρδς,
1735 4281 1831 4333 καὶ

1933 4276 2180 4338 immolo,
2214 4277 2309 4331 sed
2330 4275 2516 4347 Agnus
2546 4278 2637 4331 Dei
2673 4278 3013 4339 immolatur,
3043 4278 3133 4332 hic
3169 4278 3287 4347 ipse
3317 4280 3518 4334 videli-

246 4366 517 4438 συνεργίᾳ
567 4367 661 4421 τοῦ
701 4368 863 4436 ἁγίου
921 4370 1281 4440 υνεύματοςο
1333 4372 1429 4425 καλ⁵
1463 4369 1631 4439 θύτης
1680 4368 1757 4421 ὣν
1806 4371 1832 4422 6

1920 4376 2020 4422 -cet
2044 4369 2138 4437 qui
2168 4379 2341 4423 semet
2369 4370 2619 4423 immolat
2643 4369 2861 4423 volente
2890 4370 3050 4425 Patre
3078 4381 3134 4425 et
3154 4382 3355 4427 sancto
3384 4372 3514 4441 Spi—

244 4460 431 4523 αὑτδς,
460 4460 556 4512 καὶ
585 4459 759 4530 θῦμα,
798 4463 892 4516 καὶ
924 4462 1384 4532 προσδεχόμενος,
1410 4462 1504 4516 καὶ
1531 4461 1834 4530 διαδιδόμε-

1941 4460 2048 4514 ritu
2081 4472 2457 4531 c00peraule:
2492 4462 2637 4515 idem
2681 4461 2943 4518 sacerdos
2990 4472 3045 4518 et
3092 4464 3337 4531 victima,
3368 4465 3514 4520 idem

244 4569 359 4616 νος.
1859 4546 1911 4606 Β
1937 4552 2218 4621 excipiens
2244 4563 2300 4605 et
2330 4552 2593 4606 oll'crens.

324 4646 407 4701 ιε’.
430 4648 528 4701 Διὰ
557 4648 715 4700 τοῦτο
748 4647 822 4711 ὡς
856 4647 932 4717 τῷ
961 4646 1186 4718 Χριστῷ
1214 4647 1293 4717 τῷ
1343 4647 1481 4719 ἱερεῖ
1530 4646 1833 4717 προσερχό-

2009 4642 2100 4696 l5.
2166 4641 2515 4712 Quapropter
2565 4641 2630 4695 ad
2686 4643 3029 4699 sacci-dotem
3083 4662 3185 4701 ceu
3235 4646 3509 4702 Christum

249 4758 429 4812 μενοι,
457 4740 787 4810 τιμήσωμεν
818 4743 970 4811 πάσῃ
1001 4739 1341 4807 καθαρότητι
1386 4738 1484 4792 τοῦ
1532 4738 1738 4808 Κυρίου
1770 4738 1832 4790 τὸ

1934 4734 2289 4798 accedentes,
2316 4734 2655 4788 honoremus
2679 4750 2804 4789 cum
2824 4738 2977 4791 omni
3000 4738 3269 4793 munditia
3302 4740 3517 4793 Domini

247 4834 434 4902 σῶμα,
466 4832 675 4902 ψυχικῇ
705 4850 764 4885 τε
795 4833 892 4885 καὶ
923 4834 1212 4901 σωματικῇ
1239 4846 1251 4860 ’
1276 4830 1503 4883 διπλοῦν
1537 4831 1647 4900 γάρ
1680 4832 1798 4883 έστι
1818 4845 1833 4861 ⁸

1937 4840 2158 4895 corpus,
2210 4825 2468 4894 Spiritali,
2529 4826 2777 4896 inquam,
2833 4838 2890 4882 et
2946 4833 3255 4899 corporali;
3314 4833 3517 4901 duplen

246 4925 646 4994 προσέλθωμεν
676 4925 824 4995 αὑτῷ
861 4924 1013 4995 πόθῳ
1061 4924 1298 4987 διακαεῖ,
1330 4923 1425 4975 καὶ
1472 4922 1836 4994 σταυροειδῶς

1937 4920 2141 4989 quippe
2179 4918 2419 4990 [Domini
2474 4920 2698 4992 natura]
2746 4932 2853 4976 est.
2889 4922 3027 4975 Cum
3080 4923 3299 4978 fervido
3327 4940 3517 4977 amore

243 5017 347 5078 τὰς
380 5016 639 5085 παλάμας
672 5017 1047 5079 τυπώσαντες.
1066 5015 1125 5068 τὸ
1156 5014 1317 5082 σῶμα
1339 5012 1434 5065 τοῦ
1477 5011 1837 5082 ἐσταυρωμέ-

1936 5012 2289 5078 accedamus,
2352 5012 2714 5082 manibusque
2757 5014 2810 5067 in
2858 5018 3044 5069 crucis
3099 5016 3330 5069 formam
3372 5032 3519 5069 cout-

246 5125 345 5162 νου
399 5107 825 5176 ὕποδεξώμεθαο
880 5107 975 5159 καὶ
1028 5106 1312 5167 ἐπιθέντες
1366 5103 1681 5173 ὀφθαλμοὺς
1736 5102 1833 5153 καὶ

1942 5106 2183 5174 plicatis,
2236 5104 2368 5157 illttd
2429 5106 2821 5173 suscipiamus,
2870 5117 2925 5159 ct
2980 5107 3176 5169 oculis,
3210 5121 3274 5158 ac
3331 5105 3516 5175 labiis,

248 5200 408 5271 χείλη
457 5200 554 5252 καὶ
592 5201 842 5270 μέτωπα,
871 5198 962 5251 τοῦ
992 5197 1141 5249 θείου
1190 5195 1465 5265 ἄνθρακος
1516 5192 1832 5264 μεταλάϐω-

1942 5197 2223 5265 lroutiquc
2257 5196 2603 5265 applicantes
2638 5197 2891 5249 divinum
2932 5198 3329 5251 carbunculum
3373 5202 3519 5253 aeui-

253 5306 380 5360 μεν,
399 5291 546 5351 ὅπως
595 5288 909 5357 καταφλέξῃ
937 5289 1034 5350 τὰς
1068 5286 1345 5356 ἁμαρτίας
1391 5285 1572 5355 ἡμῶν,
1598 5284 1690 5336 καὶ
1722 5301 1833 5351 φωο

1940 5286 2182 5354 piatnus,
2216 5297 2275 5338 ut
2302 5296 2526 5353 peccata
2557 5296 2743 5339 nostra
2778 5295 2995 5347 exurat,
3021 5289 3186 5338 corda
3219 5288 3514 5349 illntninet.

248 5382 379 5453 τίσῃ
413 5381 509 5443 τὰς
539 5382 767 5451 καρδίας
803 5381 984 5449 ἡμῶν,
1020 5382 1118 5433 καὶ
1145 5382 1213 5449 τῇ
1264 5379 1526 5447 μετουσία
1558 5376 1650 5428 τοῦ
1687 5374 1831 5428 θείου

1940 5388 2105 5446 atque
2142 5389 2200 5429 ut
2230 5377 2401 5429 divini
2441 5378 2581 5446 ignis
2634 5378 3058 5446 participatione
3112 5380 3522 5435 inllatnmetnur

250 5475 427 5542 πυρὸς
473 5474 853 5543 πυρωοῶμεν·
886 5474 935 5524 οἱ
969 5472 1078 5542 γὰρ
1121 5472 1312 5523 τούτου
1350 5470 1668 5541 μετέλοντες
1696 5468 1834 5545 μετὰ

1940 5487 2003 5525 ac
2048 5470 2393 5522 dciliccmnr.
2447 5469 2581 5521 Nam
2641 5469 2733 5536 qtti
2795 5470 2941 5522 [tunc
3002 5472 3355 5542 participant,
3390 5490 3512 5527 cunt

247 5566 500 5633 ἀγγέλωι
547 5568 639 5619 καὶ
690 5565 1055 5633 ἀρχαγγέλων
1088 5566 1182 5615 καὶ
1223 5564 1331 5615 τῶν
1379 5564 1493 5616 ἄνω
1545 5561 1834 5628 δυνάμεων

1943 5562 2150 5628 tingi-lis
2186 5570 2239 5612 et
2274 5559 2624 5629 archangelis
2664 5562 3031 5631 supernisque
3064 5567 3363 5621 virtutibus
3385 5582 3518 5621 con-

250 5658 574 5727 ἑστήκασιν,
622 5658 794 5728 αὐτὴν
852 5659 1237 5727 περικείμενοι
1293 5654 1388 5707 τοῦ
1446 5651 1683 5723 Χριστοῦ
1736 5654 1835 5721 τὴν

1944 5655 2172 5717 sistunt,
2206 5652 2401 5706 eadem
2453 5652 2661 5707 Christi
2710 5656 2879 5724 regali
2911 5658 3050 5711 stola
3089 5662 3292 5724 vestiti,
3324 5670 3381 5714 et
3405 5658 3522 5731 spi-

253 5849 282 5903 b
326 5779 405 5859 (Ι)
448 5777 570 5835 ΙΙιιιε
620 5790 704 5837 est
758 5779 1022 5835 nimirum
1058 5775 1374 5847 baptizandi
1447 5771 1683 5828 formula
1720 5772 1864 5842 apud
1940 5772 2158 5828 Graecos
2204 5789 2218 5824 :
2280 5772 2603 5844 Baptizatur
2660 5773 2769 5840 N.;
2825 5790 2932 5829 non
2978 5788 3163 5832 autem
3212 5794 3228 5833 :
3292 5777 3405 5850 Ego
3467 5787 3519 5833 te

288 5858 487 5903 unum.

288 5858 487 5916 apum.
