4064 6292
284 379 387 440 ἓϋῖ)

272 538 279 545 .
352 502 446 564 ιζ’.
506 498 663 552 Ἀλλά
700 498 1104 570 διαῤῥήξωμεν,
1147 496 1474 569 παρακαλῶ,
1507 498 1597 551 τὸν
1644 501 1854 551 ἐκείνου
1887 505 1929 560 Α

283 590 507 660 δεσμὸν,
538 591 634 641 καὶ
664 591 1069 660 ἀπορρίψαντες
1101 588 1192 656 ἀφ’
1232 590 1389 659 ἡμῶν
1438 590 1531 641 τὸν
1565 590 1727 657 ζυγὸν
1759 592 1856 642 αὑ-

287 681 402 747 τοῦ,
428 679 809 747 δουλεύσωμεν
837 680 914 747 τῷ
944 682 1136 751 Κυρίῳ
1168 682 1225 733 ἐν
1270 680 1440 751 φόϐῳ,
1465 682 1607 734 καθὰ
1650 682 1857 749 γέγρα-

286 790 439 835 πται,
470 774 564 826 καὶ
597 774 707 825 τῶν
737 774 833 839 τῆς
866 773 1067 841 σαρκὸς
1099 773 1301 840 ἡδονῶν
1349 774 1605 841 ἀμείνους
1651 774 1717 825 δι’
1764 775 1856 840 ἐγο

285 866 546 935 κρατείας
575 865 879 933 γενόμενοι,
910 865 1227 933 προσίωμεν
1256 868 1323 935 τῇ
1350 865 1470 935 θείᾳ
1496 867 1589 917 καὶ
1619 867 1857 936 οὐρανίῳ

284 957 489 1023 χάριτι,
515 957 606 1007 καὶ
641 956 719 1017 είς
756 955 917 1020 ἁγίαν
949 956 1241 1007 κοινωνίαν
1266 956 1564 1016 ἀναϐάντες
1594 957 1853 1025 Χριστοῦ,

284 1045 537 1114 καθάπερ
580 1044 792 1106 λέοντες
822 1046 931 1112 πῦρ
969 1047 1246 1111 πνέοντες,
1272 1046 1444 1107 οὕτως
1494 1047 1600 1099 ἀπὸ
1647 1047 1745 1112 τῆς
1780 1050 1855 1099 ἱε-

290 1139 387 1205 ρᾶς
407 1140 502 1190 καὶ
526 1139 899 1205 πνευματικῆς
921 1138 1200 1206 τραπέζης
1220 1139 1594 1207 ἁναχωρῶμεν
1620 1138 1854 1206 ὲκείνης,

286 1230 512 1296 φοϐεροὶ
543 1232 618 1298 τῷ
646 1228 879 1298 διαϐόλῳ
913 1234 1213 1298 γινόμενοι,
1247 1230 1341 1281 καὶ
1366 1229 1464 1298 τὴν
1489 1229 1733 1298 κεφαλὴν
1761 1232 1857 1297 τὴν

285 1321 560 1390 ἡμετέραν
590 1321 919 1384 ἐννοοῦντες,
952 1322 1043 1373 καὶ
1078 1320 1171 1391 τὴν
1201 1322 1423 1390 ἀγάπην
1454 1321 1521 1391 ἢν
1555 1324 1685 1389 περὶ
1709 1322 1857 1390 ἡμᾶς

284 1411 598 1477 ἐπεδείξατο
620 1427 634 1442 ’
687 1411 828 1464 οὕτω
862 1412 970 1480 γάρ
1024 1411 1166 1463 οὓτω
1200 1411 1294 1465 καὶ
1327 1412 1545 1479 ἀπάτης
1601 1410 1857 1478 περιεσό-

287 1502 428 1572 μεθα
456 1502 795 1572 διαϐολικῆς,
825 1502 976 1565 θείας
1003 1519 1062 1553 τε
1107 1501 1325 1570 φύσεως
1353 1502 1699 1571 γενησόμεθα
1746 1517 1859 1554 κοι-

285 1595 463 1659 νωνοὶ,
498 1595 593 1646 καί
623 1594 760 1663 πρὸς
796 1594 940 1663 ζωὴν
968 1595 1062 1646 καὶ
1088 1593 1398 1661 ἀφθαρσίαν
1422 1593 1817 1661 ἀναϐησόμεθα
1839 1609 1853 1622 ·

287 1685 671 1753 κατακοιμίζει
697 1687 804 1754 γὰρ
835 1688 890 1738 ὲν
916 1688 1045 1754 ἡμῖν
1072 1688 1099 1737 ὁ
1130 1686 1363 1754 Χριστδς
1395 1684 1630 1752 γεγονὼς
1658 1686 1716 1735 έν
1742 1685 1857 1745 τοῖς

288 1774 481 1843 μέλεσι
505 1777 603 1843 τῆς
650 1776 849 1845 σαρκὸς
896 1775 1249 1845 ἀγριαίνοντα
1285 1777 1471 1843 νόμον,
1508 1778 1601 1829 καὶ
1645 1774 1856 1839 ἀναζω-

1502 381 1880 442 -ΕΤΙΗΕΟΝ
1932 385 2100 444 VIII.

3424 377 3529 445 9m

2036 501 2125 555 Π.
2168 503 2282 569 Age
2318 515 2447 555 vero
2477 499 2884 569 dirumpamus,
2915 512 3125 569 quasso.
3163 497 3309 552 Illius
3344 497 3533 551 vincn«

1961 596 2099 654 lum.
2149 596 2450 665 iugumque
2510 598 2629 665 ejus
2676 596 2837 665 longe
2888 611 2917 648 a
2973 593 3134 648 nobis
3184 593 3531 663 abjicieutes,

1959 687 2267 741 serviamus
2296 688 2525 740 Domino
2572 688 2628 740 in
2683 688 2900 752 timore,
2934 686 3011 739 uti
3043 686 3309 752 scriptum
3347 695 3433 739 est
3466 686 3532 747 ”,

1958 788 2015 833 et
2070 781 2256 832 carnis
2306 780 2620 847 voluptates
2672 778 3020 832 continentia
3086 777 3409 840 vincentes,
3463 775 3531 828 ad

1959 871 2205 924 divinam
2258 873 2655 939 cmicstemque
2717 871 2950 940 gratiam
3015 870 3349 923 accedamus
3404 886 3418 922 :
3478 878 3534 922 et

1961 973 2250 1031 postquam
2274 963 2340 1016 ad
2363 968 2611 1017 sanetam
2635 962 2846 1017 Christi
2872 961 3319 1015 communionem
3338 975 3532 1015 ascen-

1960 1054 2226 1118 derimus,
2270 1054 2493 1108 leonum
2545 1055 2721 1108 instar
2776 1054 2957 1122 ignem
3002 1054 3299 1122 spirantes,
3344 1054 3424 1106 sic
3467 1053 3548 1113 ab.

1961 1144 2054 1198 illa
2084 1161 2241 1199 sacra
2266 1156 2319 1198 et
2348 1145 2586 1214 spiritali
2628 1160 2817 1199 mensa
2854 1153 3221 1207 revertamur,
3256 1143 3528 1197 terribiles

1961 1230 2091 1285 facti
2122 1231 2366 1295 diabolo,
2392 1242 2454 1285 et
2483 1233 2550 1286 de
2578 1234 2757 1302 capite
2798 1243 2994 1287 nostro
3022 1232 3246 1287 Christo
3287 1236 3532 1302 cogitan-

1961 1332 2064 1386 tes,
2109 1325 2289 1392 deque
2351 1326 2618 1378 charitate
2678 1340 2839 1392 quam
2898 1324 3059 1378 nobis
3111 1324 3383 1378 exhibuit.
3442 1322 3534 1377 Sic

1960 1413 2132 1477 enim,
2164 1415 2265 1473 sic.
2310 1413 2558 1482 inquam,
2594 1415 2923 1469 diabolicam
2964 1413 3216 1467 fraudem
3247 1414 3539 1483 superabi-

1960 1518 2107 1567 mus,
2156 1516 2213 1559 et
2262 1505 2462 1559 divina:
2512 1515 2722 1560 naturae
2764 1506 3322 1571 communicabimus,
3374 1514 3433 1559 et
3468 1504 3537 1558 ad

1960 1597 2127 1649 vitam
2182 1597 2771 1666 immortalitatetnque
2815 1614 3129 1667 surgemus.
3167 1596 3335 1653 Sedat
3384 1599 3535 1655 enim

1959 1688 2216 1741 Christus
2244 1690 2389 1742 intra
2431 1706 2533 1744 nos
2565 1706 2915 1745 commorans
2940 1692 3258 1745 saevientem
3285 1690 3339 1744 in
3366 1705 3537 1743 mem-

1962 1778 2077 1833 bris
2132 1781 2315 1834 carnis
2346 1781 2546 1848 legem,
2586 1783 2847 1849 pietatem
2879 1798 3011 1850 erga
3060 1783 3230 1836 Deum
3265 1781 3535 1841 incendit,

286 1868 452 1935 πυροῖ
489 1867 588 1936 μὲν
616 1843 824 1936 τὴν-είς
870 1843 1005 1919 Θεὸν
1036 1866 1347 1931 εὐλάϐειαν,
1374 1868 1669 1934 ἁπονεκροῖ
1697 1867 1753 1918 δὲ
1788 1866 1855 1916 τὰ

1960 1867 2294 1934 cupiditates
2323 1872 2623 1923 mortilicat
2658 1889 2672 1925 :
2712 1872 2987 1940 nobisque
3020 1883 3243 1941 peccata
3273 1873 3536 1927 haerentia

285 1958 459 2026 πάθη,
497 1959 572 2027 μὴ
598 1959 948 2027 λογιζόμενος
985 1959 1120 2026 ἡμῖν
1146 1960 1213 2011 τὰ
1251 1960 1309 2009 ὲν
1340 1954 1418 2018 οἷς
1466 1959 1632 2024 ἔσμεν
1684 1973 1860 2024 παρα-

286 2049 582 2117 πτώματα,
608 2049 930 2118 θεραπεύων
957 2049 1014 2100 δὲ
1048 2050 1247 2117 μᾶλλον
1299 2051 1443 2119 ἡμᾶς
1476 2050 1854 2118 νενοσηκότας,

287 2138 650 2207 καταδεσμῶν
699 2138 773 2200 ὼς
828 2141 1347 2210 συντετριμμένους,
1387 2142 1617 2207 ἐγείρων
1652 2140 1725 2201 ὼς
1756 2156 1856 2191 πε-

287 2226 594 2288 πτωκότας,
626 2227 830 2297 ποιμὴν
869 2227 1072 2292 ἀγαθὸς
1121 2229 1405 2296 ὑπάρχων,
1435 2229 1528 2278 καὶ
1558 2227 1656 2295 τὴν
1682 2226 1858 2295 ψυχὴν

286 2317 482 2371 ἑαυτοῦ
516 2317 685 2379 τιθεὶς
729 2317 870 2387 ὑπὲρ
906 2318 1014 2369 τῶν
1066 2319 1375 2387 προϐάτων.
1414 2316 1621 2369 Οὐκοῦν
1671 2319 1858 2386 μηδεὶς

285 2408 671 2476 ἐκλελυμένος,
742 2409 931 2477 μηδεὶς
981 2409 1234 2465 ναυτιῶν,
1286 2408 1421 2459 ἀλλὰ
1472 2409 1857 2476 πεπυρωμένοι

287 2502 384 2551 καὶ
426 2500 846 2569 διεγηγερμένοι
900 2502 994 2551 καὶ
1043 2500 1259 2561 ζέοντες
1317 2499 1555 2561 ἅπαντες
1611 2503 1674 2567 τῇ
1740 2499 1859 2567 θείᾳ

284 2589 678 2659 προσέλθωμεν
704 2588 973 2659 τραπέζῃ,
1004 2589 1167 2641 αὑτὸν
1208 2589 1445 2657 ὁρῶντες
1472 2590 1730 2658 Χριστὸν,
1761 2591 1858 2639 αῦ-

284 2680 378 2733 τοῦ
411 2681 730 2748 ἁπτόμενοι,
759 2681 918 2732 αὑτὸν
949 2680 1220 2741 ἐσθίοντες
1246 2697 1260 2710 °
1290 2683 1338 2731 εἰ
1370 2680 1477 2747 γὰρ
1510 2681 1557 2730 οἱ
1617 2679 1857 2731 Ἰουῖαῖοι

283 2773 544 2835 ἑστῶτες,
569 2775 662 2826 καὶ
695 2775 761 2824 τὰ
808 2773 1131 2840 ὑποδήματα
1179 2773 1577 2839 περικείμενοι.
1610 2773 1701 2822 καὶ
1758 2771 1857 2831 τὰς

284 2869 587 2937 βακτηρίας
616 2869 832 2936 ἔχοντες
861 2870 916 2920 ὲν
958 2870 1076 2926 ταῖς
1108 2869 1295 2936 χερσὶν
1319 2867 1506 2936 ἤσθιον
1555 2867 1641 2927 τὸς
1666 2865 1855 2933 Πάσχα

282 2962 428 3026 μετὰ
484 2962 738 3027 σπουδῆς,
795 2958 974 3029 πολλῷ
1036 2960 1234 3027 μᾶλλον
1296 2960 1440 3025 ἡμᾶς
1490 2960 1681 3024 νήφειν
1735 2956 1849 3008 δεῖ“

280 3054 483 3105 ἐκεῖνοι
535 3053 631 3120 μὲν
681 3054 787 3119 γὰρ
837 3053 915 3112 είς
959 3051 1324 3113 Παλαιστίνην
1363 3050 1587 3117 ἔμελλον
1632 3048 1856 3112 ἐξιέναι.

278 3142 362 3195 διὸ
415 3144 506 3194 καὶ
558 3144 855 3210 ὁδοιπὸρων
890 3144 1190 3210 ἐκέκτηντο
1248 3142 1453 3210 σχῆμα,
1487 3143 1643 3211 ἡμεῖς
1675 3142 1729 3193 δὲ
1774 3142 1853 3203 είς

276 3236 374 3287 τὸν
404 3235 634 3302 οὐρανὸν
668 3236 935 3304 μέλλομεν
972 3237 1296 3304 ἀποδημεῖν.

358 3326 449 3397 ιη’.
488 3328 651 3380 Ὅθεν
703 3328 808 3398 χρὴ
848 3330 1115 3382 πάντοθεν
1162 3329 1550 3399 ἐγρηγορέναι,
1583 3331 1669 3383 διὰ
1689 3332 1746 3383 ca
1780 3331 1857 3400 μὴ

281 3421 492 3490 μικρὰν
521 3420 733 3474 κεῖσθαι
767 3421 987 3474 κόλασιν
1020 3423 1131 3483 τοῖς
1160 3421 1393 3487 ἀναξίως
1427 3424 1737 3492 μετέχουσι,
1763 3426 1856 3477 καὶ

277 3513 349 3582 ἢν
383 3513 601 3576 πάντως
650 3515 928 3568 πείσονται
981 3515 1203 3576 δικαίως
1234 3516 1283 3567 οἱ
1316 3517 1762 3582 κατασφάξαντες
1796 3518 1856 3568 τὸ

274 3604 548 3673 πανάγιον
583 3606 741 3675 σῶμα
775 3606 1013 3674 Χριστοῦ
1035 3620 1048 3635 °
1081 3606 1226 3669 τίνος
1254 3607 1363 3675 γὰρ
1392 3608 1450 3658 οὐ
1491 3607 1571 3659 δεῖ
1602 3608 1854 3678 καθαρῶς

272 3716 437 3768 τερον
487 3694 627 3751 εἶναι
672 3699 764 3749 τὸν
810 3698 910 3766 τῆς
961 3698 1149 3760 θυσίας
1207 3698 1554 3751 ἀπολαύοντα
1609 3700 1851 3766 ταύτηςς

275 3789 447 3849 Ποίας
479 3789 707 3856 ἡλιακῆς
759 3789 977 3850 ἀκτῖνος
1027 3787 1086 3838 οὑ
1139 3780 1531 3858 λαμπροτέραν
1565 3789 1663 3858 τὴν
1696 3792 1854 3859 χεῖρα

271 3884 379 3949 τὴν
428 3882 629 3949 ταύτην
682 3882 780 3951 τὴν
825 3881 1006 3950 σάρκα
1051 3880 1464 3960 διατέμνουσαν,
1501 3881 1561 3931 τὸ
1591 3882 1768 3948 στόμα
1796 3884 1855 3933 τὸ

274 3975 664 4044 πληρούμενον
697 3974 866 4043 πυρὸς
912 3972 1315 4041 πνευματικοῦ,
1343 3974 1441 4041 τὴν
1477 3974 1725 4038 γλῶσσαν
1754 3975 1853 4042 τὴν

272 4067 705 4133 φοινισσομένην
732 4065 923 4134 αἵματι
966 4063 1392 4134 φρικωδεστάτῳ
1421 4080 1435 4129 ;
1480 4065 1854 4134 Ἐννοήσωμεν

274 4158 437 4210 ποίαν
464 4156 804 4226 ἐτιμήθημεν
850 4155 1034 4225 τιμὴν,
1067 4158 1226 4217 ποίας
1276 4156 1623 4224 ἀπολαύομεν
1653 4157 1849 4224 τραπέ-

271 4247 377 4314 ζης
402 4260 415 4274 ’
453 4248 588 4315 ὅπερ
644 4247 865 4314 ἄγγελοι
925 4246 1214 4315 βλέποντες
1268 4247 1572 4314 φρίττουσι,
1605 4250 1701 4299 καὶ
1732 4250 1853 4299 οὐδὲ

271 4335 596 4403 ἀντιϐλέψαι
652 4336 925 4404 τολμῶσιν
957 4336 1148 4399 ἀδεῶς,
1170 4337 1258 4390 διὰ
1292 4337 1386 4406 τὴν
1412 4338 1623 4389 ἐκεῖθεν
1652 4338 1855 4406 ἀστρα-

272 4426 385 4495 πὴν
414 4427 743 4497 φερομένην.
777 4426 964 4496 Τούτῳ
993 4428 1151 4495 ἡμεῖς
1182 4429 1518 4497 τρεφόμεθα,
1572 4431 1666 4482 καὶ
1694 4430 1854 4497 σῶμα

1955 1958 2065 2027 jam
2100 1975 2208 2013 non
2235 1961 2491 2027 imputat,
2522 1962 2617 2015 sed
2653 1978 2756 2016 nos
2784 1966 2968 2031 potius
2995 1972 3329 2031 :rgrotantes
3356 1973 3533 2031 sanat,

1959 2050 2235 2103 contritos
2272 2050 2480 2120 alligat,
2517 2052 2704 2121 lapsos
2754 2052 2942 2122 erigit,
2972 2070 3095 2105 cum
3129 2054 3199 2107 sit
3231 2054 3409 2107 bonus
3443 2068 3536 2121 pa-

1957 2149 2074 2193 stor
2118 2142 2214 2209 qui
2259 2142 2498 2194 animum
2553 2158 2707 2196 suam
2760 2159 2861 2211 pro
2909 2144 3106 2198 ovibus
3151 2144 3325 2212 ponit.
3365 2143 3536 2196 Nemo

1959 2229 2146 2297 itaque
2200 2230 2517 2297 languidus,
2575 2246 2737 2285 nemo
2787 2247 3087 2296 nauseans,
3125 2231 3220 2285 sed
3275 2231 3429 2300 igniti
3482 2239 3538 2283 et

1959 2325 2132 2377 erecti
2165 2339 2361 2379 omnes
2403 2333 2568 2393 atque
2616 2326 2897 2379 ferventes
2925 2325 2995 2378 ad
3032 2325 3271 2379 divinam
3308 2324 3535 2379 acceda-

1961 2432 2083 2469 mus
2116 2432 2383 2482 mensam,
2424 2419 2602 2486 ipsum
2650 2429 2969 2487 spectantes
3013 2419 3319 2483 Christum,
3353 2420 3534 2487 ipsum

1960 2507 2311 2577 frangentes,
2339 2511 2518 2577 ipsum
2550 2511 2929 2563 comedentes.
2956 2510 3090 2564 Nam
3126 2510 3358 2564 siJudtei
3390 2519 3539 2564 stano

1962 2609 2065 2665 tes,
2096 2610 2151 2654 et
2180 2602 2570 2655 calceamentis
2600 2601 2882 2664 instructi,
2914 2601 3250 2670 baculosque
3280 2601 3538 2655 manibus

1964 2701 2240 2756 tenentes,
2292 2691 2503 2747 Pascha
2543 2692 2951 2746 manducabant
2993 2708 3117 2745 cum
3156 2692 3532 2759 festinatione,

1962 2781 2327 2850 multomagis
2357 2798 2456 2835 nos
2498 2782 2879 2850 oportetfrugi
2919 2796 3078 2847 esse;
3110 2781 3315 2835 etenim
3350 2782 3427 2835 illi
3478 2783 3534 2836 in

1959 2872 2308 2927 Palaestinam
2364 2873 2666 2942 profecturi
2719 2885 2899 2941 erant,
2945 2890 3116 2944 quare
3153 2885 3208 2929 et
3256 2877 3534 2929 viatorum

1960 2970 2179 3020 schema
2213 2967 2606 3034 assumebant;
2642 2983 2745 3022 nos
2774 2983 2907 3022 vero
2936 2968 2991 3021 in
3018 2967 3217 3022 caelum
3253 2968 3532 3022 transituri

1963 3069 2174 3109 smnus.

2030 3320 2118 3375 18.
2158 3320 2507 3388 Quapropter
2563 3321 2789 3376 omnino
2842 3323 3180 3392 vigilandum
3230 3330 3348 3385 est,
3403 3322 3533 3391 quia

1958 3427 2067 3466 non
2105 3413 2242 3467 levis
2270 3423 2457 3469 manet
2494 3428 2651 3483 poena
2705 3414 2933 3482 indigne
2981 3414 3403 3484 participantes,
3444 3415 3534 3468 illa

1958 3520 2211 3573 prorsus,
2240 3523 2404 3576 quam
2434 3509 2582 3578 juste
2613 3508 2893 3576 patientur
2920 3508 2955 3560 ii
2989 3509 3080 3577 qui
3108 3508 3530 3562 sanctissimum

1957 3598 2166 3652 Christi
2224 3615 2428 3669 corpus
2480 3608 2886 3655 mactaverunt.
2943 3601 3107 3654 Certe
3163 3603 3295 3669 quid
3341 3603 3534 3669 purius

1957 3706 2078 3743 esse
2111 3691 2273 3743 debet
2306 3691 2552 3757 homine,
2586 3692 2678 3759 qui
2716 3691 2859 3744 hanc
2900 3692 3178 3745 victimam
3213 3704 3535 3761 gustaturus

1958 3782 2077 3834 est?
2118 3781 2257 3846 Quid
2314 3782 2369 3834 ni
2418 3783 2586 3835 solari
2646 3783 2801 3836 radio
2833 3783 3174 3850 splendidior
3222 3799 3342 3837 esse
3371 3785 3535 3838 debet

1958 3890 2175 3934 manus,
2218 3889 2341 3942 qua:
2372 3874 2513 3926 hanc
2543 3888 2776 3927 carnem
2809 3875 3118 3934 distribuit,
3154 3889 3216 3928 os
3266 3877 3388 3945 igne
3416 3877 3533 3943 spi-

1959 3965 2104 4017 ritali
2142 3964 2392 4033 plenum,
2423 3964 2610 4033 lingua
2651 3963 2958 4017 rubescens
2993 3964 3261 4031 sanguine
3290 3979 3532 4018 tremen-

1958 4056 2229 4111 dissimo?
2254 4056 2685 4110 Consideremus
2714 4055 2862 4124 quali
2895 4056 3104 4107 honore
3135 4055 3283 4109 aucti
3330 4057 3529 4115 simus.

1958 4149 2105 4217 quali
2164 4147 2418 4201 fruamur
2468 4162 2711 4201 mensa:
2762 4162 2926 4214 quam
2980 4146 3162 4213 angeli
3217 4157 3531 4214 spectantes

1963 4248 2225 4302 tremunt,
2262 4254 2438 4307 neque
2488 4238 2681 4293 oculos
2730 4250 2925 4291 contra
2958 4239 3213 4291 attollere
3263 4238 3532 4305 intrepide

1956 4334 2183 4398 audent,
2244 4343 2472 4401 prepter
2514 4333 2639 4385 inde
2692 4332 3019 4393 emicantem
3063 4331 3352 4398 fulgorem.
3418 4330 3530 4382 lloc

1959 4441 2060 4479 nos
2096 4426 2400 4483 nutrimur,
2434 4426 2564 4477 huic
2593 4424 3040 4485 commiscemur,
3068 4434 3123 4475 et
3149 4438 3350 4490 corpus
3373 4422 3530 4477 Chri-

270 4518 514 4589 Χριστοῦ
550 4519 815 4586 γινόμεθα
861 4517 939 4580 ἓν,
974 4520 1068 4569 καὶ
1125 4518 1261 4586 σὰρξ
1309 4520 1427 4586 μία.
1484 4521 1578 4582 Τίς
1634 4521 1854 4590 λαλήσει

1963 4525 2031 4569 sti
2076 4533 2245 4568 unum
2281 4516 2568 4578 efticimur,
2627 4526 2685 4569 et
2730 4530 2861 4569 caro
2919 4530 3046 4568 una.
3105 4516 3237 4579 Quis
3278 4516 3533 4582 loquetur

271 4614 374 4674 τὰς
402 4612 713 4673 δυναστείας
743 4609 839 4662 τοῦ
871 4611 1100 4679 Κυρίου,
1131 4613 1398 4673 exausta;
1425 4613 1640 4681 ποιήσει
1678 4614 1850 4675 πάσας

272 4707 374 4768 τὰς
407 4706 640 4765 αἰνέσεις
665 4704 830 4756 αὐτοῦ
858 4720 873 4769 ;
902 4705 987 4755 διά
1017 4704 1234 4755 πάντων
1254 4706 1399 4772 ἡμᾶς
1432 4706 1578 4773 αὐτῷ
1611 4707 1855 4773 συμπλέ-

276 4813 490 4858 κοντος,
518 4797 613 4848 καὶ
641 4795 720 4846 ἑνὶ
764 4795 979 4863 ἑκάστῳ
1006 4794 1112 4846 τῶν
1159 4796 1366 4846 πιστῶν
1418 4794 1610 4847 ἑαυτὸν
1657 4799 1854 4863 ἀναμι-

275 4887 502 4955 γνύντος
529 4887 614 4939 διὰ
641 4886 735 4938 τοῦ
773 4887 1075 4954 μυστηρίου
1108 4901 1121 4914 ·
1168 4886 1264 4938 καὶ
1297 4885 1470 4955 τούτῳ
1503 4888 1709 4948 πάντας
1732 4886 1847 4937 πεί-

276 4984 460 5041 θοντος
491 4980 671 5042 πάλιν,
696 4980 775 5031 ὅτι
810 4977 990 5046 σάρκα
1029 4977 1188 5030 ἔλαϐε
1217 4978 1317 5048 τὴν
1351 4980 1530 5045 ἡμῶν.
1556 4980 1644 5047 Μὴ
1671 4977 1851 5029 τοίνυν

276 5072 616 5143 ρᾳθυμῶμεν
647 5069 917 5137 τοσαύτης
949 5069 1241 5138 ἠξιωμένοι
1275 5071 1439 5139 τιμῆς
1486 5071 1579 5123 καὶ
1609 5070 1848 5137 ἀγάπης.

273 5165 387 5231 υὺχ
408 5163 624 5230 ὁρῶμεν
657 5162 724 5213 τὰ
756 5160 946 5213 παιδία
972 5161 1088 5231 μεθ’
1118 5163 1249 5231 ὅσης
1277 5162 1585 5231 προθυμίας
1617 5162 1851 5229 δράσοσε-

270 5274 367 5310 ται
398 5255 490 5308 τοῦ
521 5251 752 5324 μαστοῦ,
788 5252 913 5319 μεθ’
944 5253 1075 5323 ὅσης
1105 5252 1203 5320 τῆς
1236 5253 1415 5320 ὁρμῆς
1446 5254 1760 5323 ἐμπήγνυσι
1787 5257 1850 5322 τῇ

276 5349 415 5419 θηλῇ
450 5350 519 5402 τὰ
548 5347 701 5417 χείλη
725 5366 738 5411 ;
764 5347 917 5400 Μετὰ
940 5345 1210 5415 τοσαύτης
1234 5346 1553 5415 προσίωμεν
1576 5348 1669 5399 καὶ
1691 5349 1851 5418 ἡμεῖς

272 5445 344 5513 τῇ
390 5439 641 5510 τραπέζῃ
694 5438 868 5509 ταύτῃ
901 5438 994 5490 καὶ
1023 5440 1087 5509 τῇ
1138 5436 1272 5507 θηλῇ
1317 5438 1409 5489 τοῦ
1461 5439 1724 5507 ποτηρίου
1758 5440 1851 5490 τοῦ

274 5533 650 5601 πνευματικοῦ
676 5547 688 5561 ⁸
721 5532 920 5600 μᾶλλον
954 5531 1009 5582 δὲ
1041 5530 1177 5599 μετά
1210 5529 1391 5599 πολλῴ
1430 5530 1694 5594 πλείονος.
1734 5533 1852 5583 Ἐλ-

274 5627 558 5695 κύσωμεν,
594 5626 669 5687 ὡς
704 5625 893 5678 παιδία
934 5626 1237 5694 ὑπομάξια,
1272 5624 1363 5676 τοῦ
1413 5626 1728 5696 Πνεύματος
1759 5630 1853 5697 τὴν

352 5804 395 5833 η
429 5802 572 5855 Psal.
616 5818 673 5867 ιι,
708 5801 788 5855 ll.

1963 4608 2239 4676 potentias
2265 4607 2500 4667 Domini,
2525 4607 2741 4660 auditas
2775 4608 2935 4660 faciet
2951 4622 3145 4660 omnes
3167 4608 3355 4660 laudes
3373 4607 3532 4676 ejus?

1962 4700 2055 4767 qui
2093 4700 2320 4753 omnino
2350 4716 2452 4753 nos
2492 4700 2595 4753 sibi
2657 4699 2903 4765 capulat,
2936 4701 3028 4768 qui
3060 4700 3358 4768 unicuique
3400 4702 3535 4754 lide—

1961 4791 2095 4844 lium
2134 4807 2191 4845 se
2240 4792 2482 4844 insinuat
2541 4805 2634 4858 per
2682 4791 2785 4843 hoc
2835 4791 3181 4861 mysterium,
3229 4791 3533 4858 eodemque

1963 4884 2127 4937 simul
2154 4883 2351 4936 suadet
2384 4898 2441 4936 se
2468 4898 2688 4937 carnem
2719 4893 2962 4937 nostram
2990 4884 3119 4937 olim
3148 4885 3527 4952 assumpsisse.

1960 4975 2040 5029 Nc
2077 4976 2248 5042 igitur
2282 4976 2545 5028 socordes
2578 4975 2777 5039 simus,
2804 4985 3098 5043 postquam
3139 4977 3350 5028 honore
3384 4983 3535 5026 tanto

1963 5075 2132 5136 atque
2165 5082 2357 5120 amore
2391 5067 2539 5134 digni
2588 5066 2758 5120 habiti
2796 5067 3023 5120 fuimus.
3056 5067 3249 5119 Nonne
3285 5066 3538 5120 videmus

1964 5157 2265 5212 infantulos
2298 5173 2461 5227 quam
2492 5168 2745 5226 prompte
2768 5160 2936 5213 ubera
2970 5158 3301 5224 corripiunt,
3329 5168 3537 5227 quanto

1963 5250 2169 5317 impetu
2208 5265 2456 5303 mamma:
2494 5250 2636 5303 labia
2673 5249 3006 5303 admovent?
3036 5248 3158 5300 Pari
3206 5258 3263 5302 et
3292 5264 3392 5303 nos
3425 5251 3538 5304 ala-

1963 5343 2161 5395 critate
2194 5343 2522 5396 accedamus
2551 5342 2615 5394 ad
2659 5342 2801 5395 hanc
2836 5356 3102 5403 mensam,
3129 5349 3186 5394 et
3215 5341 3279 5394 ad
3314 5342 3536 5410 spirita-

1963 5436 2029 5489 lis
2064 5435 2251 5489 calicis
2304 5436 2601 5503 papillam:
2640 5436 2749 5487 imo
2794 5437 2959 5489 etiam
3015 5437 3242 5503 majore.
3281 5434 3537 5490 Attraha-

1964 5541 2105 5591 mus,
2149 5536 2407 5594 tanquam
2461 5526 2617 5595 pueri
2652 5525 2947 5588 lactentes,
2982 5524 3220 5591 Spiritus
3262 5524 3533 5595 gratiam;

1964 5632 2017 5674 et
2052 5619 2251 5673 unicus
2301 5618 2461 5672 robis
2512 5620 2587 5673 sit
2616 5617 2774 5671 dolor
2807 5618 2910 5671 hoc
2941 5618 3202 5672 alimento
3248 5635 3351 5671 ili,“
3406 5618 3533 5671 fini.
