  <div class='ocr_page' id='page_1' title='image "/cluster/home/n/w/nwhite01/storage/ocr_20150623/149/mdp.39015078384750/491.png"; bbox 0 0 4064 6292; ppageno 0'>
   <div class='ocr_carea' id='block_1_1' title="bbox 595 366 2185 451">
    <p class='ocr_par' dir='ltr' id='par_1_1' title="bbox 595 367 2185 451">
     <span class='ocr_line' id='line_1_1' title="bbox 595 367 2185 451; baseline -0.012 0"><span class='ocrx_word' id='word_1_1' title='bbox 595 387 700 451; x_wconf 82' lang='lat'><strong>967</strong></span> <span class='ocrx_word' id='word_1_2' title='bbox 1726 367 2128 437; x_wconf 75' lang='lat' dir='ltr'><strong>THEODORI</strong></span> <span class='ocrx_word' id='word_1_3' title='bbox 2168 368 2185 432; x_wconf 70' lang='grc' dir='ltr'><strong>Ι</strong></span> 
     </span>
    </p>
   </div>
   <div class='ocr_carea' id='block_1_2' title="bbox 2290 366 3798 451">
    <p class='ocr_par' dir='ltr' id='par_1_2' title="bbox 2290 366 3798 432">
     <span class='ocr_line' id='line_1_2' title="bbox 2290 366 3798 432; baseline -0.003 -1"><span class='ocrx_word' id='word_1_4' title='bbox 2290 366 2724 432; x_wconf 70' lang='grc' dir='ltr'><strong>[ΛΤΕΝΙΟΤίΕ</strong></span> <span class='ocrx_word' id='word_1_5' title='bbox 3766 368 3798 427; x_wconf 88' lang='grc'><strong>9</strong></span> 
     </span>
    </p>
   </div>
   <div class='ocr_carea' id='block_1_3' title="bbox 592 478 2185 558">
    <p class='ocr_par' dir='ltr' id='par_1_3' title="bbox 592 488 2163 558">
     <span class='ocr_line' id='line_1_3' title="bbox 592 488 2163 558; baseline -0.011 -1"><span class='ocrx_word' id='word_1_6' title='bbox 592 500 793 558; x_wconf 90' lang='lat' dir='ltr'><strong>Nullus</strong></span> <span class='ocrx_word' id='word_1_7' title='bbox 838 494 983 551; x_wconf 99' lang='lat' dir='ltr'><strong>adsit</strong></span> <span class='ocrx_word' id='word_1_8' title='bbox 1030 492 1223 556; x_wconf 75' lang='lat' dir='ltr'><strong>ludas,</strong></span> <span class='ocrx_word' id='word_1_9' title='bbox 1272 490 1457 547; x_wconf 90' lang='lat' dir='ltr'><strong>nullus</strong></span> <span class='ocrx_word' id='word_1_10' title='bbox 1495 505 1719 555; x_wconf 83' lang='lat' dir='ltr'><strong>avarus,</strong></span> <span class='ocrx_word' id='word_1_11' title='bbox 1772 491 1959 544; x_wconf 88' lang='lat' dir='ltr'><strong>nullus</strong></span> <span class='ocrx_word' id='word_1_12' title='bbox 2000 488 2163 542; x_wconf 88' lang='lat' dir='ltr'><strong>inhu-</strong></span> 
     </span>
    </p>
   </div>
   <div class='ocr_carea' id='block_1_4' title="bbox 2290 478 3798 558">
    <p class='ocr_par' dir='ltr' id='par_1_4' title="bbox 2290 478 3798 554">
     <span class='ocr_line' id='line_1_4' title="bbox 2290 478 3798 554; baseline -0.002 -17"><span class='ocrx_word' id='word_1_13' title='bbox 2290 485 2467 554; x_wconf 72' lang='grc' dir='ltr'>ςάρινο</span> <span class='ocrx_word' id='word_1_14' title='bbox 2511 478 2603 537; x_wconf 64' lang='grc' dir='ltr'>καὶ</span> <span class='ocrx_word' id='word_1_15' title='bbox 2636 484 2732 553; x_wconf 84' lang='grc' dir='ltr'>μία</span> <span class='ocrx_word' id='word_1_16' title='bbox 2776 484 2906 551; x_wconf 78' lang='grc' dir='ltr'>ἡμῖν</span> <span class='ocrx_word' id='word_1_17' title='bbox 2931 480 3072 533; x_wconf 79' lang='grc' dir='ltr'>ἔστω</span> <span class='ocrx_word' id='word_1_18' title='bbox 3118 481 3303 549; x_wconf 70' lang='grc' dir='ltr'><strong>ὀδύνη,</strong></span> <span class='ocrx_word' id='word_1_19' title='bbox 3349 479 3411 533; x_wconf 70' lang='grc' dir='ltr'><strong>τδ</strong></span> <span class='ocrx_word' id='word_1_20' title='bbox 3447 484 3523 548; x_wconf 79' lang='grc' dir='ltr'>μὴ</span> <span class='ocrx_word' id='word_1_21' title='bbox 3564 499 3704 550; x_wconf 84' lang='grc' dir='ltr'>μετα</span> <span class='ocrx_word' id='word_1_22' title='bbox 3721 501 3798 552; x_wconf 69' lang='grc' dir='ltr'>σχ</span> 
     </span>
    </p>
   </div>
   <div class='ocr_carea' id='block_1_5' title="bbox 595 573 2185 653">
    <p class='ocr_par' dir='ltr' id='par_1_5' title="bbox 595 579 2167 653">
     <span class='ocr_line' id='line_1_5' title="bbox 595 579 2167 653; baseline -0.011 -5"><span class='ocrx_word' id='word_1_23' title='bbox 595 606 818 653; x_wconf 86' lang='lat' dir='ltr'><strong>manus,</strong></span> <span class='ocrx_word' id='word_1_24' title='bbox 863 588 1049 642; x_wconf 87' lang='lat' dir='ltr'><strong>nullus</strong></span> <span class='ocrx_word' id='word_1_25' title='bbox 1105 584 1349 640; x_wconf 83' lang='lat' dir='ltr'><strong>crudelis</strong></span> <span class='ocrx_word' id='word_1_26' title='bbox 1395 592 1451 637; x_wconf 86' lang='lat' dir='ltr'><strong>et</strong></span> <span class='ocrx_word' id='word_1_27' title='bbox 1508 582 1927 643; x_wconf 73' lang='lat' dir='ltr'><strong>innuisericors,</strong></span> <span class='ocrx_word' id='word_1_28' title='bbox 1985 579 2167 633; x_wconf 87' lang='lat' dir='ltr'><strong>nullus</strong></span> 
     </span>
    </p>
   </div>
   <div class='ocr_carea' id='block_1_6' title="bbox 2290 573 3814 653">
    <p class='ocr_par' dir='ltr' id='par_1_6' title="bbox 2290 573 3814 645">
     <span class='ocr_line' id='line_1_6' title="bbox 2290 573 3814 645; baseline -0.001 -17"><span class='ocrx_word' id='word_1_29' title='bbox 2290 577 2478 644; x_wconf 82' lang='grc' dir='ltr'>ιαύτης</span> <span class='ocrx_word' id='word_1_30' title='bbox 2506 576 2606 645; x_wconf 85' lang='grc' dir='ltr'><strong>τῆς</strong></span> <span class='ocrx_word' id='word_1_31' title='bbox 2632 574 2858 645; x_wconf 79' lang='grc' dir='ltr'><strong>τροφῆς.</strong></span> <span class='ocrx_word' id='word_1_32' title='bbox 2890 573 3097 642; x_wconf 72' lang='grc' dir='ltr'>Μηδεὶς</span> <span class='ocrx_word' id='word_1_33' title='bbox 3130 574 3309 626; x_wconf 77' lang='grc' dir='ltr'>τοίνυν</span> <span class='ocrx_word' id='word_1_34' title='bbox 3343 574 3546 636; x_wconf 75' lang='grc' dir='ltr'>Ἰούδας</span> <span class='ocrx_word' id='word_1_35' title='bbox 3576 578 3814 627; x_wconf 75' lang='grc' dir='ltr'>παοὲστι</span> 
     </span>
    </p>
   </div>
   <div class='ocr_carea' id='block_1_7' title="bbox 596 665 2185 747">
    <p class='ocr_par' dir='ltr' id='par_1_7' title="bbox 596 670 2166 747">
     <span class='ocr_line' id='line_1_7' title="bbox 596 670 2166 747; baseline -0.007 -12"><span class='ocrx_word' id='word_1_36' title='bbox 596 681 824 735; x_wconf 80' lang='grc' dir='ltr'>ηιιιῐιίηο</span> <span class='ocrx_word' id='word_1_37' title='bbox 860 679 1132 747; x_wconf 89' lang='lat' dir='ltr'><strong>impurus.</strong></span> <span class='ocrx_word' id='word_1_38' title='bbox 1178 676 1234 729; x_wconf 88' lang='lat' dir='ltr'><strong>Si</strong></span> <span class='ocrx_word' id='word_1_39' title='bbox 1275 674 1401 743; x_wconf 92' lang='lat' dir='ltr'><strong>quis</strong></span> <span class='ocrx_word' id='word_1_40' title='bbox 1448 682 1531 726; x_wconf 87' lang='lat' dir='ltr'><strong>est</strong></span> <span class='ocrx_word' id='word_1_41' title='bbox 1562 672 1891 741; x_wconf 77' lang='lat' dir='ltr'><strong>discipulus,</strong></span> <span class='ocrx_word' id='word_1_42' title='bbox 1925 670 2119 724; x_wconf 86' lang='lat' dir='ltr'><strong>adesto</strong></span> <span class='ocrx_word' id='word_1_43' title='bbox 2150 685 2166 724; x_wconf 89' lang='lat'><strong>:</strong></span> 
     </span>
    </p>
   </div>
   <div class='ocr_carea' id='block_1_8' title="bbox 2290 665 3831 747">
    <p class='ocr_par' dir='ltr' id='par_1_8' title="bbox 2290 665 3831 737">
     <span class='ocr_line' id='line_1_8' title="bbox 2290 665 3831 737; baseline -0.001 -19"><span class='ocrx_word' id='word_1_44' title='bbox 2290 668 2465 737; x_wconf 74' lang='grc' dir='ltr'>ιηδεὶς</span> <span class='ocrx_word' id='word_1_45' title='bbox 2518 668 2896 736; x_wconf 75' lang='grc' dir='ltr'>φυλάργυρος,</span> <span class='ocrx_word' id='word_1_46' title='bbox 2956 666 3147 735; x_wconf 74' lang='grc' dir='ltr'>μηδεὶς</span> <span class='ocrx_word' id='word_1_47' title='bbox 3207 665 3605 732; x_wconf 81' lang='grc' dir='ltr'>ἀπάνθρωπος,</span> <span class='ocrx_word' id='word_1_48' title='bbox 3670 668 3831 734; x_wconf 72' lang='grc' dir='ltr'><strong>μηδεῖ</strong></span> 
     </span>
    </p>
   </div>
   <div class='ocr_carea' id='block_1_9' title="bbox 597 754 2185 840">
    <p class='ocr_par' dir='ltr' id='par_1_9' title="bbox 597 763 2169 840">
     <span class='ocr_line' id='line_1_9' title="bbox 597 763 2169 840; baseline -0.004 -19"><span class='ocrx_word' id='word_1_49' title='bbox 597 772 692 840; x_wconf 84' lang='lat' dir='ltr'><strong>qui</strong></span> <span class='ocrx_word' id='word_1_50' title='bbox 741 784 849 824; x_wconf 91' lang='lat' dir='ltr'><strong>non</strong></span> <span class='ocrx_word' id='word_1_51' title='bbox 904 777 1034 823; x_wconf 88' lang='lat' dir='ltr'><strong>sunt</strong></span> <span class='ocrx_word' id='word_1_52' title='bbox 1087 765 1429 834; x_wconf 86' lang='lat' dir='ltr'><strong>hujusmodi,</strong></span> <span class='ocrx_word' id='word_1_53' title='bbox 1463 779 1558 817; x_wconf 90' lang='lat' dir='ltr'><strong>eos</strong></span> <span class='ocrx_word' id='word_1_54' title='bbox 1590 779 1697 818; x_wconf 91' lang='lat' dir='ltr'><strong>non</strong></span> <span class='ocrx_word' id='word_1_55' title='bbox 1737 763 1934 831; x_wconf 69' lang='lat' dir='ltr'><strong>recipit</strong></span> <span class='ocrx_word' id='word_1_56' title='bbox 1979 776 2169 815; x_wconf 86' lang='lat' dir='ltr'><strong>mensa</strong></span> 
     </span>
    </p>
   </div>
   <div class='ocr_carea' id='block_1_10' title="bbox 2290 754 3827 840">
    <p class='ocr_par' dir='ltr' id='par_1_10' title="bbox 2290 754 3827 829">
     <span class='ocr_line' id='line_1_10' title="bbox 2290 754 3827 829; baseline -0.005 -16"><span class='ocrx_word' id='word_1_57' title='bbox 2290 761 2420 829; x_wconf 74' lang='grc' dir='ltr'>ὓμδς</span> <span class='ocrx_word' id='word_1_58' title='bbox 2446 754 2538 813; x_wconf 65' lang='grc' dir='ltr'><strong>καὶ</strong></span> <span class='ocrx_word' id='word_1_59' title='bbox 2567 760 2822 829; x_wconf 75' lang='grc' dir='ltr'>ἀνηλεής,</span> <span class='ocrx_word' id='word_1_60' title='bbox 2880 758 3071 829; x_wconf 74' lang='grc' dir='ltr'>μηδεὶς</span> <span class='ocrx_word' id='word_1_61' title='bbox 3117 760 3254 817; x_wconf 74' lang='grc' dir='ltr'>ὅλως</span> <span class='ocrx_word' id='word_1_62' title='bbox 3305 760 3644 825; x_wconf 80' lang='grc' dir='ltr'>ἀκάθαρτος.</span> <span class='ocrx_word' id='word_1_63' title='bbox 3678 759 3755 810; x_wconf 72' lang='lat' dir='ltr'><strong>Et</strong></span> <span class='ocrx_word' id='word_1_64' title='bbox 3785 776 3827 809; x_wconf 68' lang='grc' dir='ltr'><strong>ττ</strong></span> 
     </span>
    </p>
   </div>
   <div class='ocr_carea' id='block_1_11' title="bbox 598 850 2185 926">
    <p class='ocr_par' dir='ltr' id='par_1_11' title="bbox 598 852 2163 926">
     <span class='ocr_line' id='line_1_11' title="bbox 598 852 2163 926; baseline -0.01 -7"><span class='ocrx_word' id='word_1_65' title='bbox 598 866 736 919; x_wconf 64' lang='lat' dir='ltr'><strong>haec.</strong></span> <span class='ocrx_word' id='word_1_66' title='bbox 756 881 775 912; x_wconf 76' lang='grc' dir='ltr'><strong>ι</strong></span> <span class='ocrx_word' id='word_1_67' title='bbox 797 863 933 917; x_wconf 89' lang='lat' dir='ltr'><strong>Cum</strong></span> <span class='ocrx_word' id='word_1_68' title='bbox 956 856 1263 926; x_wconf 79' lang='lat' dir='ltr'><strong>discipulis,</strong></span> <span class='ocrx_word' id='word_1_69' title='bbox 1296 856 1498 925; x_wconf 86' lang='lat' dir='ltr'><strong>inquit,</strong></span> <span class='ocrx_word' id='word_1_70' title='bbox 1521 855 1659 908; x_wconf 85' lang='lat' dir='ltr'><strong>meis</strong></span> <span class='ocrx_word' id='word_1_71' title='bbox 1677 854 1817 907; x_wconf 78' lang='lat' dir='ltr'><strong>facio</strong></span> <span class='ocrx_word' id='word_1_72' title='bbox 1836 853 2045 907; x_wconf 82' lang='lat' dir='ltr'><strong>Pascha</strong></span> <span class='ocrx_word' id='word_1_73' title='bbox 2064 852 2129 905; x_wconf 81' lang='lat'><strong>“.</strong></span> <span class='ocrx_word' id='word_1_74' title='bbox 2145 869 2163 902; x_wconf 75' lang='grc' dir='ltr'><strong>ι</strong></span> 
     </span>
    </p>
   </div>
   <div class='ocr_carea' id='block_1_12' title="bbox 2290 850 3852 926">
    <p class='ocr_par' dir='ltr' id='par_1_12' title="bbox 2290 850 3852 920">
     <span class='ocr_line' id='line_1_12' title="bbox 2290 850 3852 920; baseline -0.003 -17"><span class='ocrx_word' id='word_1_75' title='bbox 2290 850 2547 920; x_wconf 78' lang='grc' dir='ltr'>ιαθητής,</span> <span class='ocrx_word' id='word_1_76' title='bbox 2583 850 2798 918; x_wconf 80' lang='grc' dir='ltr'><strong>παρίτω</strong></span> <span class='ocrx_word' id='word_1_77' title='bbox 2823 867 2836 881; x_wconf 88' lang='grc'><strong>·</strong></span> <span class='ocrx_word' id='word_1_78' title='bbox 2866 850 2929 902; x_wconf 80' lang='grc' dir='ltr'>οὐ</span> <span class='ocrx_word' id='word_1_79' title='bbox 2963 850 3174 919; x_wconf 81' lang='grc' dir='ltr'>δέχεται</span> <span class='ocrx_word' id='word_1_80' title='bbox 3224 850 3352 912; x_wconf 68' lang='grc' dir='ltr'>τοὺς</span> <span class='ocrx_word' id='word_1_81' title='bbox 3386 850 3461 919; x_wconf 84' lang='grc' dir='ltr'><strong>μὴ</strong></span> <span class='ocrx_word' id='word_1_82' title='bbox 3508 851 3852 910; x_wconf 67' lang='grc' dir='ltr'>τοιοῦτουςί</span> 
     </span>
    </p>
   </div>
   <div class='ocr_carea' id='block_1_13' title="bbox 599 942 2185 1020">
    <p class='ocr_par' dir='ltr' id='par_1_13' title="bbox 599 946 2168 1020">
     <span class='ocr_line' id='line_1_13' title="bbox 599 946 2168 1020; baseline -0.008 -10"><span class='ocrx_word' id='word_1_83' title='bbox 599 956 725 1010; x_wconf 83' lang='lat' dir='ltr'><strong>ll:ec</strong></span> <span class='ocrx_word' id='word_1_84' title='bbox 752 954 816 1006; x_wconf 91' lang='lat' dir='ltr'><strong>ad</strong></span> <span class='ocrx_word' id='word_1_85' title='bbox 843 968 939 1005; x_wconf 88' lang='lat' dir='ltr'><strong>eos</strong></span> <span class='ocrx_word' id='word_1_86' title='bbox 966 950 1061 1020; x_wconf 85' lang='lat' dir='ltr'><strong>qui</strong></span> <span class='ocrx_word' id='word_1_87' title='bbox 1107 963 1264 1003; x_wconf 83' lang='lat' dir='ltr'><strong>sacra</strong></span> <span class='ocrx_word' id='word_1_88' title='bbox 1291 947 1685 1001; x_wconf 87' lang='lat' dir='ltr'><strong>communione</strong></span> <span class='ocrx_word' id='word_1_89' title='bbox 1726 962 1836 1000; x_wconf 92' lang='lat' dir='ltr'><strong>non</strong></span> <span class='ocrx_word' id='word_1_90' title='bbox 1865 946 2168 1007; x_wconf 72' lang='lat' dir='ltr'><strong>abstinent,</strong></span> 
     </span>
    </p>
   </div>
   <div class='ocr_carea' id='block_1_14' title="bbox 2290 942 3863 1020">
    <p class='ocr_par' dir='ltr' id='par_1_14' title="bbox 2290 942 3863 1012">
     <span class='ocr_line' id='line_1_14' title="bbox 2290 942 3863 1012; baseline 0.001 -18"><span class='ocrx_word' id='word_1_91' title='bbox 2290 943 2521 1012; x_wconf 74' lang='grc' dir='ltr'>τράπεζα</span> <span class='ocrx_word' id='word_1_92' title='bbox 2541 960 2555 975; x_wconf 79' lang='grc' dir='ltr'><strong>ο</strong></span> <span class='ocrx_word' id='word_1_93' title='bbox 2589 962 2607 994; x_wconf 79' lang='grc' dir='ltr'><strong>ι</strong></span> <span class='ocrx_word' id='word_1_94' title='bbox 2638 943 2796 995; x_wconf 83' lang='grc' dir='ltr'>Μετά</span> <span class='ocrx_word' id='word_1_95' title='bbox 2817 946 2925 1011; x_wconf 83' lang='grc' dir='ltr'><strong>γὰρ</strong></span> <span class='ocrx_word' id='word_1_96' title='bbox 2947 943 3055 994; x_wconf 85' lang='grc' dir='ltr'>τῶν</span> <span class='ocrx_word' id='word_1_97' title='bbox 3091 942 3349 1012; x_wconf 79' lang='grc' dir='ltr'><strong>μαθητῶν</strong></span> <span class='ocrx_word' id='word_1_98' title='bbox 3384 961 3512 1012; x_wconf 70' lang='grc' dir='ltr'>μου,</span> <span class='ocrx_word' id='word_1_99' title='bbox 3541 945 3710 1011; x_wconf 69' lang='grc' dir='ltr'>φησὶ,</span> <span class='ocrx_word' id='word_1_100' title='bbox 3734 946 3863 996; x_wconf 42' lang='grc' dir='ltr'>ποιεῖ’</span> 
     </span>
    </p>
   </div>
   <div class='ocr_carea' id='block_1_15' title="bbox 599 1034 2185 1105">
    <p class='ocr_par' dir='ltr' id='par_1_15' title="bbox 599 1047 935 1101">
     <span class='ocr_line' id='line_1_15' title="bbox 599 1047 935 1101; baseline -0.006 -2"><span class='ocrx_word' id='word_1_101' title='bbox 599 1047 743 1101; x_wconf 88' lang='lat' dir='ltr'><strong>dicta</strong></span> <span class='ocrx_word' id='word_1_102' title='bbox 783 1053 935 1099; x_wconf 88' lang='lat' dir='ltr'><strong>sunt.</strong></span> 
     </span>
    </p>
   </div>
   <div class='ocr_carea' id='block_1_16' title="bbox 2290 1034 3864 1105">
    <p class='ocr_par' dir='ltr' id='par_1_16' title="bbox 2290 1034 3864 1105">
     <span class='ocr_line' id='line_1_16' title="bbox 2290 1034 3864 1105; baseline 0.001 -19"><span class='ocrx_word' id='word_1_103' title='bbox 2290 1035 2335 1087; x_wconf 72' lang='lat' dir='ltr'><strong>Ib</strong></span> <span class='ocrx_word' id='word_1_104' title='bbox 2402 1035 2614 1104; x_wconf 81' lang='grc' dir='ltr'>Πάσχα.</span> <span class='ocrx_word' id='word_1_105' title='bbox 2655 1052 2674 1085; x_wconf 72' lang='grc' dir='ltr'><strong>ι</strong></span> <span class='ocrx_word' id='word_1_106' title='bbox 2711 1034 2901 1088; x_wconf 82' lang='grc' dir='ltr'>Ταῦτα</span> <span class='ocrx_word' id='word_1_107' title='bbox 2959 1034 3267 1105; x_wconf 13' lang='grc' dir='ltr'>πρὸςίτοὺς</span> <span class='ocrx_word' id='word_1_108' title='bbox 3342 1038 3864 1105; x_wconf 73' lang='grc' dir='ltr'>μεταλαμϐάνοντας</span> 
     </span>
    </p>
   </div>
   <div class='ocr_carea' id='block_1_17' title="bbox 2273 1104 3143 1195">
    <p class='ocr_par' dir='ltr' id='par_1_17' title="bbox 2273 1104 3143 1195">
     <span class='ocr_line' id='line_1_17' title="bbox 2273 1104 3143 1195; baseline 0 -18"><span class='ocrx_word' id='word_1_109' title='bbox 2273 1126 2419 1194; x_wconf 78' lang='grc' dir='ltr'>λέγω</span> <span class='ocrx_word' id='word_1_110' title='bbox 2447 1126 2548 1195; x_wconf 87' lang='grc' dir='ltr'>(ι).</span> <span class='ocrx_word' id='word_1_111' title='bbox 3114 1104 3143 1119; x_wconf 80' lang='grc'><strong>“</strong></span> 
     </span>
    </p>
   </div>
   <div class='ocr_carea' id='block_1_18' title="bbox 2345 1216 3862 1287">
    <p class='ocr_par' dir='ltr' id='par_1_18' title="bbox 2345 1216 3862 1287">
     <span class='ocr_line' id='line_1_18' title="bbox 2345 1216 3862 1287; baseline -0.002 -14"><span class='ocrx_word' id='word_1_112' title='bbox 2345 1216 2436 1273; x_wconf 78' lang='grc' dir='ltr'><strong>ιϐ’.</strong></span> <span class='ocrx_word' id='word_1_113' title='bbox 2470 1217 2921 1287; x_wconf 76' lang='grc' dir='ltr'>Συμϐουλεύωδὲ</span> <span class='ocrx_word' id='word_1_114' title='bbox 2951 1217 3049 1271; x_wconf 74' lang='grc' dir='ltr'>καὶ</span> <span class='ocrx_word' id='word_1_115' title='bbox 3078 1217 3211 1285; x_wconf 88' lang='grc' dir='ltr'>ὑμῖν</span> <span class='ocrx_word' id='word_1_116' title='bbox 3244 1218 3359 1277; x_wconf 82' lang='grc' dir='ltr'>τοῖς</span> <span class='ocrx_word' id='word_1_117' title='bbox 3413 1219 3862 1287; x_wconf 78' lang='grc' dir='ltr'>διακονουμένοις</span> 
     </span>
    </p>
   </div>
   <div class='ocr_carea' id='block_1_19' title="bbox 2278 1311 3858 1382">
    <p class='ocr_par' dir='ltr' id='par_1_19' title="bbox 2278 1311 3858 1382">
     <span class='ocr_line' id='line_1_19' title="bbox 2278 1311 3858 1382; baseline -0.001 -17"><span class='ocrx_word' id='word_1_118' title='bbox 2278 1312 2395 1382; x_wconf 70' lang='grc' dir='ltr'>(καὶ</span> <span class='ocrx_word' id='word_1_119' title='bbox 2413 1311 2524 1379; x_wconf 71' lang='grc' dir='ltr'><strong>γὰρ</strong></span> <span class='ocrx_word' id='word_1_120' title='bbox 2554 1313 2854 1379; x_wconf 73' lang='grc' dir='ltr'>ἀναγκαῖον</span> <span class='ocrx_word' id='word_1_121' title='bbox 2876 1312 2971 1364; x_wconf 77' lang='grc' dir='ltr'><strong>καὶ</strong></span> <span class='ocrx_word' id='word_1_122' title='bbox 3000 1312 3139 1379; x_wconf 64' lang='grc' dir='ltr'>πρὸς</span> <span class='ocrx_word' id='word_1_123' title='bbox 3161 1312 3307 1380; x_wconf 76' lang='grc' dir='ltr'>ὑμᾶς</span> <span class='ocrx_word' id='word_1_124' title='bbox 3334 1312 3757 1381; x_wconf 79' lang='grc' dir='ltr'>διαλεχθῆναι).</span> <span class='ocrx_word' id='word_1_125' title='bbox 3791 1312 3858 1381; x_wconf 78' lang='grc' dir='ltr'><strong>μὴ</strong></span> 
     </span>
    </p>
   </div>
   <div class='ocr_carea' id='block_1_20' title="bbox 2276 1400 3860 1473">
    <p class='ocr_par' dir='ltr' id='par_1_20' title="bbox 2276 1400 3860 1473">
     <span class='ocr_line' id='line_1_20' title="bbox 2276 1400 3860 1473; baseline 0.008 -22"><span class='ocrx_word' id='word_1_126' title='bbox 2276 1401 2465 1463; x_wconf 85' lang='grc' dir='ltr'>ἁπλῶς</span> <span class='ocrx_word' id='word_1_127' title='bbox 2499 1402 2593 1455; x_wconf 76' lang='grc' dir='ltr'>καὶ</span> <span class='ocrx_word' id='word_1_128' title='bbox 2633 1401 2707 1459; x_wconf 85' lang='grc' dir='ltr'>ὡς</span> <span class='ocrx_word' id='word_1_129' title='bbox 2740 1400 2949 1470; x_wconf 77' lang='grc' dir='ltr'>ἔτυχεν,</span> <span class='ocrx_word' id='word_1_130' title='bbox 2981 1400 3117 1454; x_wconf 86' lang='grc' dir='ltr'><strong>ἀλλά</strong></span> <span class='ocrx_word' id='word_1_131' title='bbox 3154 1405 3292 1471; x_wconf 84' lang='grc' dir='ltr'><strong>μετά</strong></span> <span class='ocrx_word' id='word_1_132' title='bbox 3325 1404 3529 1470; x_wconf 70' lang='grc' dir='ltr'>πολλῆς</span> <span class='ocrx_word' id='word_1_133' title='bbox 3562 1404 3860 1473; x_wconf 71' lang='grc' dir='ltr'>προσοχῆς.</span> 
     </span>
    </p>
   </div>
   <div class='ocr_carea' id='block_1_21' title="bbox 2279 1492 3858 1563">
    <p class='ocr_par' dir='ltr' id='par_1_21' title="bbox 2279 1492 3858 1563">
     <span class='ocr_line' id='line_1_21' title="bbox 2279 1492 3858 1563; baseline 0 -18"><span class='ocrx_word' id='word_1_134' title='bbox 2279 1494 2417 1563; x_wconf 82' lang='grc' dir='ltr'><strong>μετά</strong></span> <span class='ocrx_word' id='word_1_135' title='bbox 2448 1492 2652 1561; x_wconf 78' lang='grc' dir='ltr'>πολλῆς</span> <span class='ocrx_word' id='word_1_136' title='bbox 2676 1493 3020 1561; x_wconf 64' lang='grc' dir='ltr'>διασκέψεως</span> <span class='ocrx_word' id='word_1_137' title='bbox 3060 1493 3342 1560; x_wconf 79' lang='grc' dir='ltr'>διανέμειν</span> <span class='ocrx_word' id='word_1_138' title='bbox 3372 1496 3534 1548; x_wconf 83' lang='grc' dir='ltr'>ταυτὶ</span> <span class='ocrx_word' id='word_1_139' title='bbox 3574 1497 3643 1546; x_wconf 86' lang='grc' dir='ltr'><strong>τά</strong></span> <span class='ocrx_word' id='word_1_140' title='bbox 3672 1494 3825 1561; x_wconf 83' lang='grc' dir='ltr'>δῶρα</span> <span class='ocrx_word' id='word_1_141' title='bbox 3845 1510 3858 1525; x_wconf 80' lang='grc'><em>’</em></span> 
     </span>
    </p>
   </div>
   <div class='ocr_carea' id='block_1_22' title="bbox 672 1215 2170 1290">
    <p class='ocr_par' dir='ltr' id='par_1_22' title="bbox 672 1215 2170 1290">
     <span class='ocr_line' id='line_1_22' title="bbox 672 1215 2170 1290; baseline -0.005 -11"><span class='ocrx_word' id='word_1_142' title='bbox 672 1225 760 1281; x_wconf 73' lang='lat' dir='ltr'><strong>i9.</strong></span> <span class='ocrx_word' id='word_1_143' title='bbox 795 1223 968 1278; x_wconf 64' lang='lat' dir='ltr'><strong>Vobis</strong></span> <span class='ocrx_word' id='word_1_144' title='bbox 1000 1235 1220 1290; x_wconf 84' lang='lat' dir='ltr'><strong>quoque</strong></span> <span class='ocrx_word' id='word_1_145' title='bbox 1236 1228 1438 1273; x_wconf 85' lang='lat' dir='ltr'><strong>auctor</strong></span> <span class='ocrx_word' id='word_1_146' title='bbox 1469 1232 1614 1283; x_wconf 89' lang='lat' dir='ltr'><strong>sum,</strong></span> <span class='ocrx_word' id='word_1_147' title='bbox 1645 1231 1677 1269; x_wconf 84' lang='grc' dir='ltr'><strong>ο</strong></span> <span class='ocrx_word' id='word_1_148' title='bbox 1702 1215 1897 1271; x_wconf 83' lang='lat' dir='ltr'><strong>altaris</strong></span> <span class='ocrx_word' id='word_1_149' title='bbox 1928 1216 2170 1271; x_wconf 83' lang='lat' dir='ltr'><strong>ministri</strong></span> 
     </span>
    </p>
   </div>
   <div class='ocr_carea' id='block_1_23' title="bbox 600 1308 2172 1381">
    <p class='ocr_par' dir='ltr' id='par_1_23' title="bbox 600 1308 2172 1381">
     <span class='ocr_line' id='line_1_23' title="bbox 600 1308 2172 1381; baseline -0.008 -9"><span class='ocrx_word' id='word_1_150' title='bbox 600 1325 753 1380; x_wconf 83' lang='lat' dir='ltr'><strong>(nam</strong></span> <span class='ocrx_word' id='word_1_151' title='bbox 790 1332 888 1371; x_wconf 87' lang='lat' dir='ltr'><strong>vos</strong></span> <span class='ocrx_word' id='word_1_152' title='bbox 918 1317 1084 1370; x_wconf 87' lang='lat' dir='ltr'><strong>etiam</strong></span> <span class='ocrx_word' id='word_1_153' title='bbox 1114 1313 1320 1381; x_wconf 79' lang='lat' dir='ltr'><strong>alloqui</strong></span> <span class='ocrx_word' id='word_1_154' title='bbox 1351 1326 1577 1365; x_wconf 87' lang='lat' dir='ltr'><strong>necesse</strong></span> <span class='ocrx_word' id='word_1_155' title='bbox 1594 1309 1825 1377; x_wconf 39' lang='lat' dir='ltr'><strong>est),vne</strong></span> <span class='ocrx_word' id='word_1_156' title='bbox 1848 1308 2172 1362; x_wconf 81' lang='lat' dir='ltr'><strong>indiﬂ’eren-</strong></span> 
     </span>
    </p>
   </div>
   <div class='ocr_carea' id='block_1_24' title="bbox 600 1400 2169 1478">
    <p class='ocr_par' dir='ltr' id='par_1_24' title="bbox 600 1400 2169 1478">
     <span class='ocr_line' id='line_1_24' title="bbox 600 1400 2169 1478; baseline -0.007 -13"><span class='ocrx_word' id='word_1_157' title='bbox 600 1423 686 1465; x_wconf 89' lang='lat' dir='ltr'><strong>ter</strong></span> <span class='ocrx_word' id='word_1_158' title='bbox 718 1418 777 1465; x_wconf 88' lang='lat' dir='ltr'><strong>et</strong></span> <span class='ocrx_word' id='word_1_159' title='bbox 798 1401 1336 1478; x_wconf 66' lang='lat' dir='ltr'><strong>quomodocrunque,</strong></span> <span class='ocrx_word' id='word_1_160' title='bbox 1366 1404 1460 1457; x_wconf 79' lang='lat' dir='ltr'><strong>sed</strong></span> <span class='ocrx_word' id='word_1_161' title='bbox 1497 1404 1665 1456; x_wconf 91' lang='lat' dir='ltr'><strong>multa</strong></span> <span class='ocrx_word' id='word_1_162' title='bbox 1698 1416 1821 1455; x_wconf 90' lang='lat' dir='ltr'><strong>cum</strong></span> <span class='ocrx_word' id='word_1_163' title='bbox 1854 1400 2169 1465; x_wconf 87' lang='lat' dir='ltr'><strong>sedulitate,</strong></span> 
     </span>
    </p>
   </div>
   <div class='ocr_carea' id='block_1_25' title="bbox 601 1492 2171 1571">
    <p class='ocr_par' dir='ltr' id='par_1_25' title="bbox 601 1492 2171 1571">
     <span class='ocr_line' id='line_1_25' title="bbox 601 1492 2171 1571; baseline -0.009 -14"><span class='ocrx_word' id='word_1_164' title='bbox 601 1504 888 1571; x_wconf 88' lang='lat' dir='ltr'><strong>multaque</strong></span> <span class='ocrx_word' id='word_1_165' title='bbox 940 1497 1390 1553; x_wconf 87' lang='lat' dir='ltr'><strong>consideratione</strong></span> <span class='ocrx_word' id='word_1_166' title='bbox 1434 1495 1550 1549; x_wconf 76' lang='lat' dir='ltr'><strong>h:ec</strong></span> <span class='ocrx_word' id='word_1_167' title='bbox 1603 1495 1746 1547; x_wconf 89' lang='lat' dir='ltr'><strong>dona</strong></span> <span class='ocrx_word' id='word_1_168' title='bbox 1800 1492 2171 1546; x_wconf 86' lang='lat' dir='ltr'><strong>distribuatis.</strong></span> 
     </span>
    </p>
   </div>
   <div class='ocr_carea' id='block_1_26' title="bbox 602 1583 2185 1664">
    <p class='ocr_par' dir='ltr' id='par_1_26' title="bbox 602 1584 2173 1664">
     <span class='ocr_line' id='line_1_26' title="bbox 602 1584 2173 1664; baseline -0.008 -14"><span class='ocrx_word' id='word_1_169' title='bbox 602 1596 790 1664; x_wconf 90' lang='lat' dir='ltr'><strong>Neque</strong></span> <span class='ocrx_word' id='word_1_170' title='bbox 819 1593 968 1647; x_wconf 87' lang='lat' dir='ltr'><strong>enim</strong></span> <span class='ocrx_word' id='word_1_171' title='bbox 999 1592 1174 1645; x_wconf 92' lang='lat' dir='ltr'><strong>levem</strong></span> <span class='ocrx_word' id='word_1_172' title='bbox 1205 1590 1396 1643; x_wconf 80' lang='lat' dir='ltr'><strong>feretis</strong></span> <span class='ocrx_word' id='word_1_173' title='bbox 1432 1603 1674 1657; x_wconf 58' lang='lat' dir='ltr'><strong>poenam,</strong></span> <span class='ocrx_word' id='word_1_174' title='bbox 1706 1589 1750 1640; x_wconf 98' lang='lat' dir='ltr'><strong>si</strong></span> <span class='ocrx_word' id='word_1_175' title='bbox 1788 1600 1911 1639; x_wconf 92' lang='lat' dir='ltr'><strong>cum</strong></span> <span class='ocrx_word' id='word_1_176' title='bbox 1938 1584 2173 1653; x_wconf 86' lang='lat' dir='ltr'><strong>alicujus</strong></span> 
     </span>
    </p>
   </div>
   <div class='ocr_carea' id='block_1_27' title="bbox 2290 1583 3861 1664">
    <p class='ocr_par' dir='ltr' id='par_1_27' title="bbox 2290 1583 3861 1653">
     <span class='ocr_line' id='line_1_27' title="bbox 2290 1583 3861 1653; baseline -0.001 -16"><span class='ocrx_word' id='word_1_177' title='bbox 2290 1584 2371 1637; x_wconf 69' lang='lat' dir='ltr'><strong>ut</strong></span> <span class='ocrx_word' id='word_1_178' title='bbox 2396 1583 2506 1653; x_wconf 83' lang='grc' dir='ltr'><strong>γάρ</strong></span> <span class='ocrx_word' id='word_1_179' title='bbox 2547 1584 2609 1636; x_wconf 80' lang='grc' dir='ltr'>οὐ</span> <span class='ocrx_word' id='word_1_180' title='bbox 2655 1584 2829 1653; x_wconf 86' lang='grc' dir='ltr'>μικρά</span> <span class='ocrx_word' id='word_1_181' title='bbox 2876 1583 3100 1645; x_wconf 78' lang='grc' dir='ltr'>κόλασις</span> <span class='ocrx_word' id='word_1_182' title='bbox 3132 1584 3284 1652; x_wconf 84' lang='grc' dir='ltr'>ὑμῖν,</span> <span class='ocrx_word' id='word_1_183' title='bbox 3325 1585 3378 1636; x_wconf 78' lang='grc' dir='ltr'><strong>εί</strong></span> <span class='ocrx_word' id='word_1_184' title='bbox 3411 1602 3523 1636; x_wconf 86' lang='grc' dir='ltr'>τινι</span> <span class='ocrx_word' id='word_1_185' title='bbox 3553 1586 3861 1646; x_wconf 70' lang='grc' dir='ltr'><strong>συνειδότες</strong></span> 
     </span>
    </p>
   </div>
   <div class='ocr_carea' id='block_1_28' title="bbox 602 1674 2185 1755">
    <p class='ocr_par' dir='ltr' id='par_1_28' title="bbox 602 1675 2173 1755">
     <span class='ocr_line' id='line_1_28' title="bbox 602 1675 2173 1755; baseline -0.007 -16"><span class='ocrx_word' id='word_1_186' title='bbox 602 1685 1013 1755; x_wconf 83' lang='lat' dir='ltr'><strong>improbitatem</strong></span> <span class='ocrx_word' id='word_1_187' title='bbox 1082 1681 1385 1741; x_wconf 84' lang='lat' dir='ltr'><strong>noveritis,</strong></span> <span class='ocrx_word' id='word_1_188' title='bbox 1448 1694 1574 1732; x_wconf 88' lang='lat' dir='ltr'><strong>eum</strong></span> <span class='ocrx_word' id='word_1_189' title='bbox 1638 1677 1969 1746; x_wconf 89' lang='lat' dir='ltr'><strong>participare</strong></span> <span class='ocrx_word' id='word_1_190' title='bbox 2030 1675 2173 1728; x_wconf 89' lang='lat' dir='ltr'><strong>hanc</strong></span> 
     </span>
    </p>
   </div>
   <div class='ocr_carea' id='block_1_29' title="bbox 2290 1674 3861 1755">
    <p class='ocr_par' dir='ltr' id='par_1_29' title="bbox 2290 1674 3861 1747">
     <span class='ocr_line' id='line_1_29' title="bbox 2290 1674 3861 1747; baseline 0.001 -19"><span class='ocrx_word' id='word_1_191' title='bbox 2290 1677 2398 1729; x_wconf 72' lang='grc' dir='ltr'>τινὰ</span> <span class='ocrx_word' id='word_1_192' title='bbox 2420 1674 2713 1747; x_wconf 79' lang='grc' dir='ltr'>πονηρίαν,</span> <span class='ocrx_word' id='word_1_193' title='bbox 2746 1676 3141 1745; x_wconf 83' lang='grc' dir='ltr'><strong>συγχωρήσετε</strong></span> <span class='ocrx_word' id='word_1_194' title='bbox 3196 1678 3495 1745; x_wconf 76' lang='grc' dir='ltr'><strong>μετασχεῖν</strong></span> <span class='ocrx_word' id='word_1_195' title='bbox 3524 1676 3741 1745; x_wconf 77' lang='grc' dir='ltr'>ταύτης</span> <span class='ocrx_word' id='word_1_196' title='bbox 3772 1677 3861 1744; x_wconf 75' lang='grc' dir='ltr'>τῆς</span> 
     </span>
    </p>
   </div>
   <div class='ocr_carea' id='block_1_30' title="bbox 603 1762 2185 1844">
    <p class='ocr_par' dir='ltr' id='par_1_30' title="bbox 603 1767 2173 1844">
     <span class='ocr_line' id='line_1_30' title="bbox 603 1767 2173 1844; baseline -0.006 -14"><span class='ocrx_word' id='word_1_197' title='bbox 603 1792 846 1831; x_wconf 84' lang='lat' dir='ltr'><strong>mensam</strong></span> <span class='ocrx_word' id='word_1_198' title='bbox 904 1775 1256 1844; x_wconf 75' lang='lat' dir='ltr'><strong>permittctis.</strong></span> <span class='ocrx_word' id='word_1_199' title='bbox 1322 1770 1557 1840; x_wconf 83' lang='lat' dir='ltr'><strong>Sanguis</strong></span> <span class='ocrx_word' id='word_1_200' title='bbox 1622 1771 1740 1837; x_wconf 85' lang='lat' dir='ltr'><strong>ejus</strong></span> <span class='ocrx_word' id='word_1_201' title='bbox 1790 1769 1858 1821; x_wconf 88' lang='lat' dir='ltr'><strong>de</strong></span> <span class='ocrx_word' id='word_1_202' title='bbox 1917 1767 2173 1821; x_wconf 84' lang='lat' dir='ltr'><strong>manibus</strong></span> 
     </span>
    </p>
   </div>
   <div class='ocr_carea' id='block_1_31' title="bbox 2290 1762 3861 1844">
    <p class='ocr_par' dir='ltr' id='par_1_31' title="bbox 2290 1762 3861 1839">
     <span class='ocr_line' id='line_1_31' title="bbox 2290 1762 3861 1839; baseline -0.001 -19"><span class='ocrx_word' id='word_1_203' title='bbox 2290 1768 2583 1839; x_wconf 71' lang='grc' dir='ltr'>τραπέζης.</span> <span class='ocrx_word' id='word_1_204' title='bbox 2618 1769 2690 1821; x_wconf 78' lang='grc' dir='ltr'><strong>Τὸ</strong></span> <span class='ocrx_word' id='word_1_205' title='bbox 2736 1762 2876 1836; x_wconf 80' lang='grc' dir='ltr'>αἷμα</span> <span class='ocrx_word' id='word_1_206' title='bbox 2910 1768 3077 1820; x_wconf 80' lang='grc' dir='ltr'>αὑτοῦ</span> <span class='ocrx_word' id='word_1_207' title='bbox 3120 1769 3199 1819; x_wconf 76' lang='grc' dir='ltr'><strong>.ὲκ</strong></span> <span class='ocrx_word' id='word_1_208' title='bbox 3251 1767 3359 1819; x_wconf 81' lang='grc' dir='ltr'>τῶν</span> <span class='ocrx_word' id='word_1_209' title='bbox 3395 1766 3601 1837; x_wconf 85' lang='grc' dir='ltr'>χειρῶν</span> <span class='ocrx_word' id='word_1_210' title='bbox 3628 1768 3861 1835; x_wconf 72' lang='grc' dir='ltr'><strong>ἐκζητη-</strong></span> 
     </span>
    </p>
   </div>
   <div class='ocr_carea' id='block_1_32' title="bbox 600 1854 2185 1934">
    <p class='ocr_par' dir='ltr' id='par_1_32' title="bbox 600 1855 2171 1934">
     <span class='ocr_line' id='line_1_32' title="bbox 600 1855 2171 1934; baseline -0.008 -13"><span class='ocrx_word' id='word_1_211' title='bbox 600 1869 801 1922; x_wconf 88' lang='lat' dir='ltr'><strong>vestris</strong></span> <span class='ocrx_word' id='word_1_212' title='bbox 831 1869 1171 1934; x_wconf 87' lang='lat' dir='ltr'><strong>requiretnr.</strong></span> <span class='ocrx_word' id='word_1_213' title='bbox 1212 1861 1447 1917; x_wconf 86' lang='lat' dir='ltr'><strong>Etiamsi</strong></span> <span class='ocrx_word' id='word_1_214' title='bbox 1484 1855 1686 1929; x_wconf 83' lang='lat' dir='ltr'><strong>aliquis</strong></span> <span class='ocrx_word' id='word_1_215' title='bbox 1718 1860 1826 1912; x_wconf 79' lang='lat' dir='ltr'><strong>dux</strong></span> <span class='ocrx_word' id='word_1_216' title='bbox 1861 1858 2050 1923; x_wconf 77' lang='lat' dir='ltr'><strong>fuerit,</strong></span> <span class='ocrx_word' id='word_1_217' title='bbox 2086 1857 2171 1910; x_wconf 83' lang='lat' dir='ltr'><strong>vel</strong></span> 
     </span>
    </p>
   </div>
   <div class='ocr_carea' id='block_1_33' title="bbox 2290 1854 3862 1934">
    <p class='ocr_par' dir='ltr' id='par_1_33' title="bbox 2290 1854 3862 1928">
     <span class='ocr_line' id='line_1_33' title="bbox 2290 1854 3862 1928; baseline -0.003 -17"><span class='ocrx_word' id='word_1_218' title='bbox 2290 1860 2506 1928; x_wconf 75' lang='grc' dir='ltr'>θήσεται</span> <span class='ocrx_word' id='word_1_219' title='bbox 2536 1857 2644 1911; x_wconf 79' lang='grc' dir='ltr'>τῶν</span> <span class='ocrx_word' id='word_1_220' title='bbox 2688 1858 2989 1928; x_wconf 74' lang='grc' dir='ltr'>ὑμετέρων.</span> <span class='ocrx_word' id='word_1_221' title='bbox 3026 1856 3143 1908; x_wconf 73' lang='grc' dir='ltr'>Κᾶν</span> <span class='ocrx_word' id='word_1_222' title='bbox 3173 1859 3478 1926; x_wconf 85' lang='grc' dir='ltr'>στρατηγός</span> <span class='ocrx_word' id='word_1_223' title='bbox 3528 1872 3622 1919; x_wconf 81' lang='grc' dir='ltr'><strong>τις</strong></span> <span class='ocrx_word' id='word_1_224' title='bbox 3670 1854 3737 1928; x_wconf 74' lang='grc' dir='ltr'>ᾖ,</span> <span class='ocrx_word' id='word_1_225' title='bbox 3770 1858 3862 1908; x_wconf 70' lang='lat' dir='ltr'><strong>xlv</strong></span> 
     </span>
    </p>
   </div>
   <div class='ocr_carea' id='block_1_34' title="bbox 602 1948 2185 2024">
    <p class='ocr_par' dir='ltr' id='par_1_34' title="bbox 602 1948 2171 2024">
     <span class='ocr_line' id='line_1_34' title="bbox 602 1948 2171 2024; baseline -0.006 -14"><span class='ocrx_word' id='word_1_226' title='bbox 602 1967 825 2023; x_wconf 62' lang='lat' dir='ltr'><strong>praetor,</strong></span> <span class='ocrx_word' id='word_1_227' title='bbox 864 1958 948 2010; x_wconf 86' lang='lat' dir='ltr'><strong>vel</strong></span> <span class='ocrx_word' id='word_1_228' title='bbox 986 1956 1124 2009; x_wconf 89' lang='lat' dir='ltr'><strong>adeo</strong></span> <span class='ocrx_word' id='word_1_229' title='bbox 1158 1956 1275 2024; x_wconf 85' lang='lat' dir='ltr'><strong>ipse</strong></span> <span class='ocrx_word' id='word_1_230' title='bbox 1308 1953 1402 2023; x_wconf 86' lang='lat' dir='ltr'><strong>qui</strong></span> <span class='ocrx_word' id='word_1_231' title='bbox 1438 1953 1749 2006; x_wconf 83' lang='lat' dir='ltr'><strong>diademate</strong></span> <span class='ocrx_word' id='word_1_232' title='bbox 1778 1948 2171 2009; x_wconf 78' lang='lat' dir='ltr'><strong>redimitur,si</strong></span> 
     </span>
    </p>
   </div>
   <div class='ocr_carea' id='block_1_35' title="bbox 2290 1948 3862 2024">
    <p class='ocr_par' dir='ltr' id='par_1_35' title="bbox 2290 1948 3862 2020">
     <span class='ocr_line' id='line_1_35' title="bbox 2290 1948 3862 2020; baseline -0.003 -17"><span class='ocrx_word' id='word_1_233' title='bbox 2290 1950 2549 2020; x_wconf 73' lang='grc' dir='ltr'>ὕπαρχος,</span> <span class='ocrx_word' id='word_1_234' title='bbox 2573 1949 2675 2002; x_wconf 75' lang='grc' dir='ltr'>κᾶν</span> <span class='ocrx_word' id='word_1_235' title='bbox 2697 1949 2859 2011; x_wconf 79' lang='grc' dir='ltr'>αὐτὸς</span> <span class='ocrx_word' id='word_1_236' title='bbox 2888 1952 2915 2002; x_wconf 86' lang='grc' dir='ltr'><strong>ὁ</strong></span> <span class='ocrx_word' id='word_1_237' title='bbox 2937 1951 3003 2002; x_wconf 72' lang='grc' dir='ltr'>τὸ</span> <span class='ocrx_word' id='word_1_238' title='bbox 3031 1949 3268 2017; x_wconf 81' lang='grc' dir='ltr'>διάδημα</span> <span class='ocrx_word' id='word_1_239' title='bbox 3296 1948 3717 2018; x_wconf 75' lang='grc' dir='ltr'>περικείμενος,</span> <span class='ocrx_word' id='word_1_240' title='bbox 3744 1951 3862 1999; x_wconf 79' lang='grc' dir='ltr'>ἀνα-</span> 
     </span>
    </p>
   </div>
   <div class='ocr_carea' id='block_1_36' title="bbox 602 2039 2185 2119">
    <p class='ocr_par' dir='ltr' id='par_1_36' title="bbox 602 2040 2174 2119">
     <span class='ocr_line' id='line_1_36' title="bbox 602 2040 2174 2119; baseline -0.008 -15"><span class='ocrx_word' id='word_1_241' title='bbox 602 2050 824 2119; x_wconf 89' lang='lat' dir='ltr'><strong>indigne</strong></span> <span class='ocrx_word' id='word_1_242' title='bbox 858 2047 1105 2105; x_wconf 86' lang='lat' dir='ltr'><strong>accedat.</strong></span> <span class='ocrx_word' id='word_1_243' title='bbox 1132 2046 1403 2113; x_wconf 85' lang='lat' dir='ltr'><strong>prohibe;</strong></span> <span class='ocrx_word' id='word_1_244' title='bbox 1459 2060 1584 2097; x_wconf 89' lang='lat' dir='ltr'><strong>nam</strong></span> <span class='ocrx_word' id='word_1_245' title='bbox 1616 2044 1821 2112; x_wconf 80' lang='lat' dir='ltr'><strong>majore</strong></span> <span class='ocrx_word' id='word_1_246' title='bbox 1858 2057 2023 2109; x_wconf 85' lang='lat' dir='ltr'><strong>quam</strong></span> <span class='ocrx_word' id='word_1_247' title='bbox 2081 2040 2174 2093; x_wconf 86' lang='lat' dir='ltr'><strong>ille</strong></span> 
     </span>
    </p>
   </div>
   <div class='ocr_carea' id='block_1_37' title="bbox 2290 2039 3863 2119">
    <p class='ocr_par' dir='ltr' id='par_1_37' title="bbox 2290 2039 3863 2111">
     <span class='ocr_line' id='line_1_37' title="bbox 2290 2039 3863 2111; baseline -0.001 -19"><span class='ocrx_word' id='word_1_248' title='bbox 2290 2043 2409 2108; x_wconf 79' lang='grc' dir='ltr'>ξίως</span> <span class='ocrx_word' id='word_1_249' title='bbox 2438 2043 2494 2095; x_wconf 70' lang='grc' dir='ltr'><strong>δὲ</strong></span> <span class='ocrx_word' id='word_1_250' title='bbox 2528 2043 2751 2111; x_wconf 80' lang='grc' dir='ltr'><strong>προσίῃ,</strong></span> <span class='ocrx_word' id='word_1_251' title='bbox 2776 2040 3027 2093; x_wconf 38' lang='grc' dir='ltr'>νκώλυσον</span> <span class='ocrx_word' id='word_1_252' title='bbox 3054 2057 3067 2071; x_wconf 77' lang='grc' dir='ltr'><strong>ο</strong></span> <span class='ocrx_word' id='word_1_253' title='bbox 3104 2039 3326 2109; x_wconf 74' lang='grc' dir='ltr'>μείζονα</span> <span class='ocrx_word' id='word_1_254' title='bbox 3349 2042 3562 2093; x_wconf 72' lang='grc' dir='ltr'>ἐκείνου</span> <span class='ocrx_word' id='word_1_255' title='bbox 3586 2041 3693 2110; x_wconf 76' lang='grc' dir='ltr'><strong>τὴν</strong></span> <span class='ocrx_word' id='word_1_256' title='bbox 3723 2039 3863 2101; x_wconf 75' lang='grc' dir='ltr'>ἐξον-</span> 
     </span>
    </p>
   </div>
   <div class='ocr_carea' id='block_1_38' title="bbox 606 2130 2185 2211">
    <p class='ocr_par' dir='ltr' id='par_1_38' title="bbox 606 2131 2174 2211">
     <span class='ocr_line' id='line_1_38' title="bbox 606 2131 2174 2211; baseline -0.005 -18"><span class='ocrx_word' id='word_1_257' title='bbox 606 2149 879 2211; x_wconf 87' lang='lat' dir='ltr'><strong>potestale</strong></span> <span class='ocrx_word' id='word_1_258' title='bbox 933 2138 1127 2206; x_wconf 83' lang='lat' dir='ltr'><strong>polles.</strong></span> <span class='ocrx_word' id='word_1_259' title='bbox 1164 2136 1245 2189; x_wconf 85' lang='lat' dir='ltr'><strong>Tu</strong></span> <span class='ocrx_word' id='word_1_260' title='bbox 1295 2144 1445 2189; x_wconf 81' lang='lat' dir='ltr'><strong>certe</strong></span> <span class='ocrx_word' id='word_1_261' title='bbox 1498 2135 1542 2188; x_wconf 91' lang='lat' dir='ltr'><strong>si</strong></span> <span class='ocrx_word' id='word_1_262' title='bbox 1593 2149 1747 2201; x_wconf 67' lang='lat' dir='ltr'><strong>aqua:</strong></span> <span class='ocrx_word' id='word_1_263' title='bbox 1786 2132 1990 2186; x_wconf 73' lang='grc' dir='ltr'>Ῑυιιιειιι</span> <span class='ocrx_word' id='word_1_264' title='bbox 2024 2131 2174 2201; x_wconf 89' lang='lat' dir='ltr'><strong>gregi</strong></span> 
     </span>
    </p>
   </div>
   <div class='ocr_carea' id='block_1_39' title="bbox 2290 2130 3865 2211">
    <p class='ocr_par' dir='ltr' id='par_1_39' title="bbox 2290 2130 3865 2202">
     <span class='ocr_line' id='line_1_39' title="bbox 2290 2130 3865 2202; baseline -0.002 -17"><span class='ocrx_word' id='word_1_265' title='bbox 2290 2136 2407 2186; x_wconf 84' lang='grc' dir='ltr'>σίαν</span> <span class='ocrx_word' id='word_1_266' title='bbox 2436 2133 2671 2201; x_wconf 81' lang='grc' dir='ltr'>ἀνέχεις.</span> <span class='ocrx_word' id='word_1_267' title='bbox 2703 2133 2775 2184; x_wconf 78' lang='grc' dir='ltr'><strong>Σὺ</strong></span> <span class='ocrx_word' id='word_1_268' title='bbox 2809 2131 2864 2184; x_wconf 85' lang='grc' dir='ltr'><strong>δὲ</strong></span> <span class='ocrx_word' id='word_1_269' title='bbox 2897 2133 2945 2184; x_wconf 75' lang='grc' dir='ltr'><strong>εί</strong></span> <span class='ocrx_word' id='word_1_270' title='bbox 2975 2133 3077 2201; x_wconf 79' lang='grc' dir='ltr'>μὲν</span> <span class='ocrx_word' id='word_1_271' title='bbox 3124 2132 3310 2202; x_wconf 81' lang='grc' dir='ltr'>πηγὴν</span> <span class='ocrx_word' id='word_1_272' title='bbox 3363 2132 3556 2193; x_wconf 82' lang='grc' dir='ltr'>ὓδατος</span> <span class='ocrx_word' id='word_1_273' title='bbox 3610 2130 3865 2200; x_wconf 67' lang='grc' dir='ltr'>ἐνεχειρί-</span> 
     </span>
    </p>
   </div>
   <div class='ocr_carea' id='block_1_40' title="bbox 604 2217 2185 2300">
    <p class='ocr_par' dir='ltr' id='par_1_40' title="bbox 604 2222 2178 2300">
     <span class='ocr_line' id='line_1_40' title="bbox 604 2222 2178 2300; baseline -0.005 -17"><span class='ocrx_word' id='word_1_274' title='bbox 604 2246 803 2300; x_wconf 89' lang='lat' dir='ltr'><strong>purum</strong></span> <span class='ocrx_word' id='word_1_275' title='bbox 857 2228 1187 2281; x_wconf 79' lang='lat' dir='ltr'><strong>servandum</strong></span> <span class='ocrx_word' id='word_1_276' title='bbox 1237 2225 1576 2292; x_wconf 87' lang='lat' dir='ltr'><strong>accepisses.</strong></span> <span class='ocrx_word' id='word_1_277' title='bbox 1629 2222 1672 2276; x_wconf 87' lang='lat' dir='ltr'><strong>si</strong></span> <span class='ocrx_word' id='word_1_278' title='bbox 1727 2238 1884 2275; x_wconf 88' lang='lat' dir='ltr'><strong>ovem</strong></span> <span class='ocrx_word' id='word_1_279' title='bbox 1919 2236 2178 2275; x_wconf 87' lang='lat' dir='ltr'><strong>cernercs</strong></span> 
     </span>
    </p>
   </div>
   <div class='ocr_carea' id='block_1_41' title="bbox 2290 2217 3869 2300">
    <p class='ocr_par' dir='ltr' id='par_1_41' title="bbox 2290 2217 3869 2292">
     <span class='ocr_line' id='line_1_41' title="bbox 2290 2217 3869 2292; baseline -0.002 -17"><span class='ocrx_word' id='word_1_280' title='bbox 2290 2224 2417 2291; x_wconf 88' lang='grc' dir='ltr'>σθης</span> <span class='ocrx_word' id='word_1_281' title='bbox 2443 2223 2736 2290; x_wconf 72' lang='grc' dir='ltr'><strong>φυλάττειν</strong></span> <span class='ocrx_word' id='word_1_282' title='bbox 2767 2223 3011 2292; x_wconf 78' lang='grc' dir='ltr'><strong>ποιμνίῳ</strong></span> <span class='ocrx_word' id='word_1_283' title='bbox 3036 2221 3307 2292; x_wconf 80' lang='grc' dir='ltr'>καθαρὰν,</span> <span class='ocrx_word' id='word_1_284' title='bbox 3340 2217 3455 2273; x_wconf 81' lang='grc' dir='ltr'>εἶτα</span> <span class='ocrx_word' id='word_1_285' title='bbox 3486 2218 3632 2284; x_wconf 81' lang='grc' dir='ltr'>εἶδες</span> <span class='ocrx_word' id='word_1_286' title='bbox 3664 2221 3869 2290; x_wconf 73' lang='grc' dir='ltr'>πρόὸα-</span> 
     </span>
    </p>
   </div>
   <div class='ocr_carea' id='block_1_42' title="bbox 607 2313 2185 2386">
    <p class='ocr_par' dir='ltr' id='par_1_42' title="bbox 607 2313 2177 2381">
     <span class='ocr_line' id='line_1_42' title="bbox 607 2313 2177 2381; baseline -0.006 -6"><span class='ocrx_word' id='word_1_287' title='bbox 607 2322 838 2375; x_wconf 90' lang='lat' dir='ltr'><strong>multum</strong></span> <span class='ocrx_word' id='word_1_288' title='bbox 874 2334 969 2372; x_wconf 81' lang='lat' dir='ltr'><strong>ore</strong></span> <span class='ocrx_word' id='word_1_289' title='bbox 1000 2333 1099 2372; x_wconf 90' lang='lat' dir='ltr'><strong>suo</strong></span> <span class='ocrx_word' id='word_1_290' title='bbox 1129 2317 1309 2369; x_wconf 85' lang='lat' dir='ltr'><strong>lutum</strong></span> <span class='ocrx_word' id='word_1_291' title='bbox 1343 2316 1691 2376; x_wconf 80' lang='lat' dir='ltr'><strong>aﬂ&#39;erenteln,</strong></span> <span class='ocrx_word' id='word_1_292' title='bbox 1744 2313 1887 2365; x_wconf 84' lang='lat' dir='ltr'><strong>haud</strong></span> <span class='ocrx_word' id='word_1_293' title='bbox 1930 2314 2177 2381; x_wconf 76' lang='lat' dir='ltr'><strong>profecto</strong></span> 
     </span>
    </p>
   </div>
   <div class='ocr_carea' id='block_1_43' title="bbox 2290 2313 3867 2386">
    <p class='ocr_par' dir='ltr' id='par_1_43' title="bbox 2290 2315 3867 2386">
     <span class='ocr_line' id='line_1_43' title="bbox 2290 2315 3867 2386; baseline -0.002 -18"><span class='ocrx_word' id='word_1_294' title='bbox 2290 2333 2377 2369; x_wconf 84' lang='grc' dir='ltr'><strong>τον</strong></span> <span class='ocrx_word' id='word_1_295' title='bbox 2412 2316 2579 2368; x_wconf 81' lang='grc' dir='ltr'>πολὺν</span> <span class='ocrx_word' id='word_1_296' title='bbox 2612 2316 2703 2367; x_wconf 67' lang='grc' dir='ltr'><strong>ἐπὶ</strong></span> <span class='ocrx_word' id='word_1_297' title='bbox 2732 2315 2826 2368; x_wconf 81' lang='grc' dir='ltr'><strong>τοῦ</strong></span> <span class='ocrx_word' id='word_1_298' title='bbox 2865 2316 3131 2383; x_wconf 82' lang='grc' dir='ltr'>στόματος</span> <span class='ocrx_word' id='word_1_299' title='bbox 3164 2316 3331 2385; x_wconf 81' lang='grc' dir='ltr'>φέρον</span> <span class='ocrx_word' id='word_1_300' title='bbox 3369 2316 3660 2386; x_wconf 71' lang='grc' dir='ltr'>βόρϐορον,</span> <span class='ocrx_word' id='word_1_301' title='bbox 3686 2318 3787 2368; x_wconf 62' lang='grc' dir='ltr'>οἰκ</span> <span class='ocrx_word' id='word_1_302' title='bbox 3808 2315 3867 2367; x_wconf 71' lang='grc' dir='ltr'><strong>ἂν</strong></span> 
     </span>
    </p>
   </div>
   <div class='ocr_carea' id='block_1_44' title="bbox 610 2404 2177 2471">
    <p class='ocr_par' dir='ltr' id='par_1_44' title="bbox 610 2404 2177 2471">
     <span class='ocr_line' id='line_1_44' title="bbox 610 2404 2177 2471; baseline -0.006 -5"><span class='ocrx_word' id='word_1_303' title='bbox 610 2414 823 2466; x_wconf 82' lang='lat' dir='ltr'><strong>sineres</strong></span> <span class='ocrx_word' id='word_1_304' title='bbox 875 2412 1006 2464; x_wconf 90' lang='lat' dir='ltr'><strong>illuc</strong></span> <span class='ocrx_word' id='word_1_305' title='bbox 1049 2408 1408 2471; x_wconf 81' lang='lat' dir='ltr'><strong>descendere,</strong></span> <span class='ocrx_word' id='word_1_306' title='bbox 1442 2416 1499 2459; x_wconf 89' lang='lat' dir='ltr'><strong>et</strong></span> <span class='ocrx_word' id='word_1_307' title='bbox 1544 2406 1811 2459; x_wconf 84' lang='lat' dir='ltr'><strong>ﬂuentum</strong></span> <span class='ocrx_word' id='word_1_308' title='bbox 1865 2404 2177 2471; x_wconf 85' lang='lat' dir='ltr'><strong>inquinare.</strong></span> 
     </span>
    </p>
   </div>
   <div class='ocr_carea' id='block_1_45' title="bbox 608 2495 2181 2564">
    <p class='ocr_par' dir='ltr' id='par_1_45' title="bbox 608 2495 2181 2564">
     <span class='ocr_line' id='line_1_45' title="bbox 608 2495 2181 2564; baseline -0.005 -8"><span class='ocrx_word' id='word_1_309' title='bbox 608 2503 769 2557; x_wconf 82' lang='lat' dir='ltr'><strong>Nunc</strong></span> <span class='ocrx_word' id='word_1_310' title='bbox 817 2516 949 2552; x_wconf 88' lang='lat' dir='ltr'><strong>vero</strong></span> <span class='ocrx_word' id='word_1_311' title='bbox 995 2513 1120 2552; x_wconf 90' lang='lat' dir='ltr'><strong>cum</strong></span> <span class='ocrx_word' id='word_1_312' title='bbox 1178 2513 1293 2550; x_wconf 88' lang='lat' dir='ltr'><strong>non</strong></span> <span class='ocrx_word' id='word_1_313' title='bbox 1337 2511 1490 2562; x_wconf 73' lang='lat' dir='ltr'><strong>aqua:</strong></span> <span class='ocrx_word' id='word_1_314' title='bbox 1542 2495 1637 2548; x_wconf 87' lang='lat' dir='ltr'><strong>sed</strong></span> <span class='ocrx_word' id='word_1_315' title='bbox 1691 2495 1977 2564; x_wconf 85' lang='lat' dir='ltr'><strong>sanguinis</strong></span> <span class='ocrx_word' id='word_1_316' title='bbox 2016 2502 2181 2563; x_wconf 87' lang='lat' dir='ltr'><strong>atque</strong></span> 
     </span>
    </p>
   </div>
   <div class='ocr_carea' id='block_1_46' title="bbox 608 2587 2180 2663">
    <p class='ocr_par' dir='ltr' id='par_1_46' title="bbox 608 2587 2180 2663">
     <span class='ocr_line' id='line_1_46' title="bbox 608 2587 2180 2663; baseline -0.006 -14"><span class='ocrx_word' id='word_1_317' title='bbox 608 2594 849 2663; x_wconf 85' lang='lat' dir='ltr'><strong>Spiritus</strong></span> <span class='ocrx_word' id='word_1_318' title='bbox 902 2592 1026 2644; x_wconf 81' lang='lat' dir='ltr'><strong>fons</strong></span> <span class='ocrx_word' id='word_1_319' title='bbox 1077 2589 1176 2642; x_wconf 91' lang='lat' dir='ltr'><strong>tibi</strong></span> <span class='ocrx_word' id='word_1_320' title='bbox 1236 2588 1635 2642; x_wconf 85' lang='lat' dir='ltr'><strong>custodiendus</strong></span> <span class='ocrx_word' id='word_1_321' title='bbox 1691 2587 1760 2640; x_wconf 89' lang='lat' dir='ltr'><strong>sit</strong></span> <span class='ocrx_word' id='word_1_322' title='bbox 1823 2587 2077 2647; x_wconf 83' lang='lat' dir='ltr'><strong>traditus,</strong></span> <span class='ocrx_word' id='word_1_323' title='bbox 2132 2587 2180 2641; x_wconf 88' lang='lat' dir='ltr'><strong>si</strong></span> 
     </span>
    </p>
   </div>
   <div class='ocr_carea' id='block_1_47' title="bbox 611 2678 2181 2752">
    <p class='ocr_par' dir='ltr' id='par_1_47' title="bbox 611 2678 2181 2752">
     <span class='ocr_line' id='line_1_47' title="bbox 611 2678 2181 2752; baseline -0.006 -12"><span class='ocrx_word' id='word_1_324' title='bbox 611 2689 754 2741; x_wconf 75' lang='lat' dir='ltr'><strong>torte</strong></span> <span class='ocrx_word' id='word_1_325' title='bbox 805 2684 994 2737; x_wconf 83' lang='lat' dir='ltr'><strong>videas</strong></span> <span class='ocrx_word' id='word_1_326' title='bbox 1026 2683 1194 2752; x_wconf 85' lang='lat' dir='ltr'><strong>pejus</strong></span> <span class='ocrx_word' id='word_1_327' title='bbox 1225 2681 1343 2734; x_wconf 93' lang='lat' dir='ltr'><strong>lnto</strong></span> <span class='ocrx_word' id='word_1_328' title='bbox 1378 2688 1662 2748; x_wconf 88' lang='lat' dir='ltr'><strong>peccatum</strong></span> <span class='ocrx_word' id='word_1_329' title='bbox 1699 2678 1971 2733; x_wconf 85' lang='lat' dir='ltr'><strong>habentes</strong></span> <span class='ocrx_word' id='word_1_330' title='bbox 2010 2694 2181 2747; x_wconf 80' lang='lat' dir='ltr'><strong>quos-</strong></span> 
     </span>
    </p>
   </div>
   <div class='ocr_carea' id='block_1_48' title="bbox 611 2768 2182 2843">
    <p class='ocr_par' dir='ltr' id='par_1_48' title="bbox 611 2768 2182 2843">
     <span class='ocr_line' id='line_1_48' title="bbox 611 2768 2182 2843; baseline -0.006 -12"><span class='ocrx_word' id='word_1_331' title='bbox 611 2779 760 2841; x_wconf 85' lang='lat' dir='ltr'><strong>dam,</strong></span> <span class='ocrx_word' id='word_1_332' title='bbox 789 2775 1066 2843; x_wconf 84' lang='lat' dir='ltr'><strong>simulque</strong></span> <span class='ocrx_word' id='word_1_333' title='bbox 1097 2772 1446 2835; x_wconf 82' lang='lat' dir='ltr'><strong>accedentes,</strong></span> <span class='ocrx_word' id='word_1_334' title='bbox 1482 2785 1593 2823; x_wconf 93' lang='lat' dir='ltr'><strong>non</strong></span> <span class='ocrx_word' id='word_1_335' title='bbox 1628 2768 1957 2837; x_wconf 84' lang='lat' dir='ltr'><strong>indignaris,</strong></span> <span class='ocrx_word' id='word_1_336' title='bbox 2002 2783 2182 2838; x_wconf 84' lang='lat' dir='ltr'><strong>neque</strong></span> 
     </span>
    </p>
   </div>
   <div class='ocr_carea' id='block_1_49' title="bbox 612 2860 2183 2933">
    <p class='ocr_par' dir='ltr' id='par_1_49' title="bbox 612 2860 2183 2933">
     <span class='ocr_line' id='line_1_49' title="bbox 612 2860 2183 2933; baseline -0.006 -11"><span class='ocrx_word' id='word_1_337' title='bbox 612 2868 940 2922; x_wconf 78' lang='lat' dir='ltr'><strong>submoves?</strong></span> <span class='ocrx_word' id='word_1_338' title='bbox 973 2867 1143 2932; x_wconf 77' lang='lat' dir='ltr'><strong>Quam</strong></span> <span class='ocrx_word' id='word_1_339' title='bbox 1194 2879 1325 2933; x_wconf 88' lang='lat' dir='ltr'><strong>ergo</strong></span> <span class='ocrx_word' id='word_1_340' title='bbox 1374 2862 1601 2920; x_wconf 56' lang='lat' dir='ltr'><strong>&#39;veniam</strong></span> <span class='ocrx_word' id='word_1_341' title='bbox 1652 2860 2017 2929; x_wconf 73' lang='lat' dir='ltr'><strong>impetrabis?</strong></span> <span class='ocrx_word' id='word_1_342' title='bbox 2055 2861 2183 2913; x_wconf 85' lang='lat' dir='ltr'><strong>Ideo</strong></span> 
     </span>
    </p>
   </div>
   <div class='ocr_carea' id='block_1_50' title="bbox 615 2952 2186 3031">
    <p class='ocr_par' dir='ltr' id='par_1_50' title="bbox 615 2952 2186 3031">
     <span class='ocr_line' id='line_1_50' title="bbox 615 2952 2186 3031; baseline -0.006 -18"><span class='ocrx_word' id='word_1_343' title='bbox 615 2960 776 3015; x_wconf 83' lang='lat' dir='ltr'><strong>vobis</strong></span> <span class='ocrx_word' id='word_1_344' title='bbox 814 2960 962 3013; x_wconf 82' lang='lat' dir='ltr'><strong>hunc</strong></span> <span class='ocrx_word' id='word_1_345' title='bbox 1014 2958 1162 3011; x_wconf 86' lang='lat' dir='ltr'><strong>Deus</strong></span> <span class='ocrx_word' id='word_1_346' title='bbox 1196 2956 1482 3009; x_wconf 63' lang='lat' dir='ltr'><strong>&lt;honorem</strong></span> <span class='ocrx_word' id='word_1_347' title='bbox 1532 2952 1788 3031; x_wconf 77' lang='lat' dir='ltr'><strong>contulit,</strong></span> <span class='ocrx_word' id='word_1_348' title='bbox 1821 2962 1882 3006; x_wconf 91' lang='lat' dir='ltr'><strong>ut</strong></span> <span class='ocrx_word' id='word_1_349' title='bbox 1937 2967 2051 3006; x_wconf 91' lang='lat' dir='ltr'><strong>rem</strong></span> <span class='ocrx_word' id='word_1_350' title='bbox 2087 2952 2186 3005; x_wconf 78' lang='lat' dir='ltr'><strong>hu-</strong></span> 
     </span>
    </p>
   </div>
   <div class='ocr_carea' id='block_1_51' title="bbox 610 3042 2183 3121">
    <p class='ocr_par' dir='ltr' id='par_1_51' title="bbox 610 3042 2183 3121">
     <span class='ocr_line' id='line_1_51' title="bbox 610 3042 2183 3121; baseline -0.008 -14"><span class='ocrx_word' id='word_1_351' title='bbox 610 3051 855 3121; x_wconf 80' lang='lat' dir='ltr'><strong>iusmodi</strong></span> <span class='ocrx_word' id='word_1_352' title='bbox 922 3048 1262 3119; x_wconf 89' lang='lat' dir='ltr'><strong>dijudicetis.</strong></span> <span class='ocrx_word' id='word_1_353' title='bbox 1318 3047 1445 3101; x_wconf 65' lang='lat' dir='ltr'><strong>llaec</strong></span> <span class='ocrx_word' id='word_1_354' title='bbox 1507 3053 1593 3099; x_wconf 90' lang='lat' dir='ltr'><strong>est</strong></span> <span class='ocrx_word' id='word_1_355' title='bbox 1652 3053 1832 3099; x_wconf 82' lang='lat' dir='ltr'><strong>vestra</strong></span> <span class='ocrx_word' id='word_1_356' title='bbox 1895 3042 2183 3112; x_wconf 85' lang='lat' dir='ltr'><strong>dignitas,</strong></span> 
     </span>
    </p>
   </div>
   <div class='ocr_carea' id='block_1_52' title="bbox 2285 2406 3867 2477">
    <p class='ocr_par' dir='ltr' id='par_1_52' title="bbox 2285 2406 3867 2477">
     <span class='ocr_line' id='line_1_52' title="bbox 2285 2406 3867 2477; baseline -0.001 -16"><span class='ocrx_word' id='word_1_357' title='bbox 2285 2408 2474 2471; x_wconf 81' lang='grc' dir='ltr'><strong>εἴασας</strong></span> <span class='ocrx_word' id='word_1_358' title='bbox 2510 2407 2773 2475; x_wconf 72' lang='grc' dir='ltr'>ὲπικύψαι</span> <span class='ocrx_word' id='word_1_359' title='bbox 2808 2406 2959 2461; x_wconf 87' lang='grc' dir='ltr'>κάτω</span> <span class='ocrx_word' id='word_1_360' title='bbox 2996 2406 3087 2459; x_wconf 77' lang='grc' dir='ltr'>καὶ</span> <span class='ocrx_word' id='word_1_361' title='bbox 3122 2407 3355 2460; x_wconf 78' lang='grc' dir='ltr'>θολῶσαι</span> <span class='ocrx_word' id='word_1_362' title='bbox 3384 2407 3444 2459; x_wconf 87' lang='grc' dir='ltr'>τὸ</span> <span class='ocrx_word' id='word_1_363' title='bbox 3478 2408 3721 2477; x_wconf 71' lang='grc' dir='ltr'>ῥεῖθρον*</span> <span class='ocrx_word' id='word_1_364' title='bbox 3758 2413 3867 2459; x_wconf 67' lang='grc' dir='ltr'>νυνὶ</span> 
     </span>
    </p>
   </div>
   <div class='ocr_carea' id='block_1_53' title="bbox 2286 2498 3868 2571">
    <p class='ocr_par' dir='ltr' id='par_1_53' title="bbox 2286 2498 3868 2571">
     <span class='ocr_line' id='line_1_53' title="bbox 2286 2498 3868 2571; baseline -0.004 -17"><span class='ocrx_word' id='word_1_365' title='bbox 2286 2502 2343 2554; x_wconf 80' lang='grc' dir='ltr'><strong>δὲ</strong></span> <span class='ocrx_word' id='word_1_366' title='bbox 2372 2502 2471 2571; x_wconf 76' lang='grc' dir='ltr'><strong>οὐχ</strong></span> <span class='ocrx_word' id='word_1_367' title='bbox 2501 2499 2694 2561; x_wconf 82' lang='grc' dir='ltr'>ὓδατος</span> <span class='ocrx_word' id='word_1_368' title='bbox 2741 2498 2859 2551; x_wconf 83' lang='grc' dir='ltr'>ἀλλ’</span> <span class='ocrx_word' id='word_1_369' title='bbox 2903 2500 3149 2568; x_wconf 78' lang='grc' dir='ltr'>αἵματος</span> <span class='ocrx_word' id='word_1_370' title='bbox 3189 2502 3283 2552; x_wconf 87' lang='grc' dir='ltr'>καὶ</span> <span class='ocrx_word' id='word_1_371' title='bbox 3333 2500 3655 2568; x_wconf 71' lang='grc' dir='ltr'>πνεύματος</span> <span class='ocrx_word' id='word_1_372' title='bbox 3689 2501 3868 2567; x_wconf 65' lang='grc' dir='ltr'>πηγὴν</span> 
     </span>
    </p>
   </div>
   <div class='ocr_carea' id='block_1_54' title="bbox 2287 2589 3872 2663">
    <p class='ocr_par' dir='ltr' id='par_1_54' title="bbox 2287 2589 3872 2663">
     <span class='ocr_line' id='line_1_54' title="bbox 2287 2589 3872 2663; baseline -0.001 -17"><span class='ocrx_word' id='word_1_373' title='bbox 2287 2592 2785 2663; x_wconf 76' lang='grc' dir='ltr'><strong>ἐγκεχειρισμένος,</strong></span> <span class='ocrx_word' id='word_1_374' title='bbox 2820 2592 2918 2645; x_wconf 76' lang='grc' dir='ltr'>καὶ</span> <span class='ocrx_word' id='word_1_375' title='bbox 2946 2591 3088 2662; x_wconf 83' lang='grc' dir='ltr'>ὁρῶν</span> <span class='ocrx_word' id='word_1_376' title='bbox 3120 2589 3219 2660; x_wconf 79' lang='grc' dir='ltr'><strong>τὴν</strong></span> <span class='ocrx_word' id='word_1_377' title='bbox 3249 2591 3515 2662; x_wconf 80' lang='grc' dir='ltr'>βορϐόρου</span> <span class='ocrx_word' id='word_1_378' title='bbox 3551 2592 3872 2661; x_wconf 76' lang='grc' dir='ltr'>χαλεπωτέ-</span> 
     </span>
    </p>
   </div>
   <div class='ocr_carea' id='block_1_55' title="bbox 2290 2683 3869 2757">
    <p class='ocr_par' dir='ltr' id='par_1_55' title="bbox 2290 2683 3869 2757">
     <span class='ocr_line' id='line_1_55' title="bbox 2290 2683 3869 2757; baseline -0.003 -18"><span class='ocrx_word' id='word_1_379' title='bbox 2290 2704 2387 2757; x_wconf 91' lang='grc' dir='ltr'><strong>ραν</strong></span> <span class='ocrx_word' id='word_1_380' title='bbox 2433 2685 2730 2756; x_wconf 79' lang='grc' dir='ltr'><strong>ἁμαρτίαν·</strong></span> <span class='ocrx_word' id='word_1_381' title='bbox 2762 2683 2985 2753; x_wconf 75' lang='grc' dir='ltr'>ἔχοντάς</span> <span class='ocrx_word' id='word_1_382' title='bbox 3032 2700 3186 2747; x_wconf 86' lang='grc' dir='ltr'>τινας</span> <span class='ocrx_word' id='word_1_383' title='bbox 3239 2684 3335 2736; x_wconf 79' lang='grc' dir='ltr'>καὶ</span> <span class='ocrx_word' id='word_1_384' title='bbox 3369 2684 3721 2752; x_wconf 85' lang='grc' dir='ltr'>προσιόντας,</span> <span class='ocrx_word' id='word_1_385' title='bbox 3770 2686 3869 2735; x_wconf 75' lang='grc' dir='ltr'>οὐκ</span> 
     </span>
    </p>
   </div>
   <div class='ocr_carea' id='block_1_56' title="bbox 2290 2775 3868 2847">
    <p class='ocr_par' dir='ltr' id='par_1_56' title="bbox 2290 2775 3868 2847">
     <span class='ocr_line' id='line_1_56' title="bbox 2290 2775 3868 2847; baseline -0.003 -15"><span class='ocrx_word' id='word_1_386' title='bbox 2290 2780 2619 2847; x_wconf 72' lang='grc' dir='ltr'><strong>ἀγανακτεῖς</strong></span> <span class='ocrx_word' id='word_1_387' title='bbox 2649 2776 2771 2830; x_wconf 81' lang='grc' dir='ltr'><strong>οὐδὲ</strong></span> <span class='ocrx_word' id='word_1_388' title='bbox 2806 2777 3094 2846; x_wconf 81' lang='grc' dir='ltr'>ἀπείργεις</span> <span class='ocrx_word' id='word_1_389' title='bbox 3120 2794 3136 2841; x_wconf 88' lang='lat'><strong>;</strong></span> <span class='ocrx_word' id='word_1_390' title='bbox 3164 2776 3272 2830; x_wconf 77' lang='grc' dir='ltr'><strong>Καὶ</strong></span> <span class='ocrx_word' id='word_1_391' title='bbox 3306 2776 3426 2828; x_wconf 89' lang='grc' dir='ltr'>τίνα</span> <span class='ocrx_word' id='word_1_392' title='bbox 3462 2776 3656 2846; x_wconf 85' lang='grc' dir='ltr'>σχοίης</span> <span class='ocrx_word' id='word_1_393' title='bbox 3679 2775 3749 2828; x_wconf 80' lang='grc' dir='ltr'><strong>ἀν</strong></span> <span class='ocrx_word' id='word_1_394' title='bbox 3772 2777 3868 2845; x_wconf 77' lang='grc' dir='ltr'><strong>τὴν</strong></span> 
     </span>
    </p>
   </div>
   <div class='ocr_carea' id='block_1_57' title="bbox 2293 2863 3869 2937">
    <p class='ocr_par' dir='ltr' id='par_1_57' title="bbox 2293 2863 3869 2937">
     <span class='ocr_line' id='line_1_57' title="bbox 2293 2863 3869 2937; baseline -0.003 -17"><span class='ocrx_word' id='word_1_395' title='bbox 2293 2867 2623 2937; x_wconf 81' lang='grc' dir='ltr'><strong>συγγνώμην</strong></span> <span class='ocrx_word' id='word_1_396' title='bbox 2652 2905 2669 2933; x_wconf 88' lang='grc'><strong>,</strong></span> <span class='ocrx_word' id='word_1_397' title='bbox 2702 2866 2799 2919; x_wconf 84' lang='grc' dir='ltr'>Διά</span> <span class='ocrx_word' id='word_1_398' title='bbox 2820 2865 2980 2919; x_wconf 76' lang='grc' dir='ltr'>τοῦτο</span> <span class='ocrx_word' id='word_1_399' title='bbox 3003 2866 3149 2935; x_wconf 78' lang='grc' dir='ltr'>ὑμᾶς</span> <span class='ocrx_word' id='word_1_400' title='bbox 3173 2867 3200 2917; x_wconf 84' lang='grc' dir='ltr'>ὁ</span> <span class='ocrx_word' id='word_1_401' title='bbox 3225 2865 3358 2926; x_wconf 81' lang='grc' dir='ltr'>Θεὸς</span> <span class='ocrx_word' id='word_1_402' title='bbox 3394 2863 3627 2933; x_wconf 75' lang='grc' dir='ltr'>ἐτίμησε</span> <span class='ocrx_word' id='word_1_403' title='bbox 3660 2865 3869 2932; x_wconf 76' lang='grc' dir='ltr'>ταύτην</span> 
     </span>
    </p>
   </div>
   <div class='ocr_carea' id='block_1_58' title="bbox 2288 2958 3870 3033">
    <p class='ocr_par' dir='ltr' id='par_1_58' title="bbox 2288 2958 3870 3033">
     <span class='ocr_line' id='line_1_58' title="bbox 2288 2958 3870 3033; baseline -0.004 -18"><span class='ocrx_word' id='word_1_404' title='bbox 2288 2963 2387 3033; x_wconf 80' lang='grc' dir='ltr'><strong>τὴν</strong></span> <span class='ocrx_word' id='word_1_405' title='bbox 2419 2964 2607 3031; x_wconf 77' lang='grc' dir='ltr'>τιμήν,</span> <span class='ocrx_word' id='word_1_406' title='bbox 2636 2961 2724 3015; x_wconf 78' lang='grc' dir='ltr'>ἴνα</span> <span class='ocrx_word' id='word_1_407' title='bbox 2777 2961 2844 3013; x_wconf 89' lang='grc' dir='ltr'><strong>τά</strong></span> <span class='ocrx_word' id='word_1_408' title='bbox 2876 2959 3103 3013; x_wconf 78' lang='grc' dir='ltr'>τοιαῦτα</span> <span class='ocrx_word' id='word_1_409' title='bbox 3130 2960 3465 3027; x_wconf 81' lang='grc' dir='ltr'>διακρίνητε.</span> <span class='ocrx_word' id='word_1_410' title='bbox 3500 2958 3680 3011; x_wconf 84' lang='grc' dir='ltr'>Τοῦτο</span> <span class='ocrx_word' id='word_1_411' title='bbox 3706 2958 3870 3026; x_wconf 79' lang='grc' dir='ltr'>ὑμῶν</span> 
     </span>
    </p>
   </div>
   <div class='ocr_carea' id='block_1_59' title="bbox 2291 3049 3869 3127">
    <p class='ocr_par' dir='ltr' id='par_1_59' title="bbox 2291 3049 3869 3127">
     <span class='ocr_line' id='line_1_59' title="bbox 2291 3049 3869 3127; baseline -0.006 -16"><span class='ocrx_word' id='word_1_412' title='bbox 2291 3058 2324 3127; x_wconf 82' lang='grc' dir='ltr'><strong>ἡ</strong></span> <span class='ocrx_word' id='word_1_413' title='bbox 2367 3052 2701 3122; x_wconf 85' lang='grc' dir='ltr'>ἀξία,τοῦτο</span> <span class='ocrx_word' id='word_1_414' title='bbox 2744 3055 2777 3123; x_wconf 81' lang='grc' dir='ltr'><strong>ή</strong></span> <span class='ocrx_word' id='word_1_415' title='bbox 2811 3052 3102 3121; x_wconf 88' lang='grc' dir='ltr'>ἀσφάλεια,</span> <span class='ocrx_word' id='word_1_416' title='bbox 3127 3050 3286 3103; x_wconf 78' lang='grc' dir='ltr'>τοῦτο</span> <span class='ocrx_word' id='word_1_417' title='bbox 3325 3049 3471 3113; x_wconf 73' lang='grc' dir='ltr'>ἄπας</span> <span class='ocrx_word' id='word_1_418' title='bbox 3506 3050 3535 3102; x_wconf 74' lang='grc' dir='ltr'><strong>ὸ</strong></span> <span class='ocrx_word' id='word_1_419' title='bbox 3562 3051 3869 3117; x_wconf 75' lang='grc' dir='ltr'>στέφανος·</span> 
     </span>
    </p>
   </div>
   <div class='ocr_carea' id='block_1_60' title="bbox 613 3138 2185 3229">
    <p class='ocr_par' dir='ltr' id='par_1_60' title="bbox 613 3138 2184 3204">
     <span class='ocr_line' id='line_1_60' title="bbox 613 3138 2184 3204; baseline -0.005 -7"><span class='ocrx_word' id='word_1_420' title='bbox 613 3144 734 3198; x_wconf 59' lang='lat' dir='ltr'><strong>haec</strong></span> <span class='ocrx_word' id='word_1_421' title='bbox 787 3140 1131 3204; x_wconf 88' lang='lat' dir='ltr'><strong>immunitas,</strong></span> <span class='ocrx_word' id='word_1_422' title='bbox 1174 3138 1312 3192; x_wconf 72' lang='lat' dir='ltr'><strong>haec</strong></span> <span class='ocrx_word' id='word_1_423' title='bbox 1364 3138 1546 3191; x_wconf 90' lang='lat' dir='ltr'><strong>omnis</strong></span> <span class='ocrx_word' id='word_1_424' title='bbox 1601 3150 1849 3202; x_wconf 87' lang='lat' dir='ltr'><strong>corona;</strong></span> <span class='ocrx_word' id='word_1_425' title='bbox 1918 3150 2026 3189; x_wconf 92' lang='lat' dir='ltr'><strong>non</strong></span> <span class='ocrx_word' id='word_1_426' title='bbox 2084 3151 2184 3189; x_wconf 84' lang='lat' dir='ltr'><strong>au-</strong></span> 
     </span>
    </p>
   </div>
   <div class='ocr_carea' id='block_1_61' title="bbox 2290 3138 3877 3229">
    <p class='ocr_par' dir='ltr' id='par_1_61' title="bbox 2292 3141 3877 3215">
     <span class='ocr_line' id='line_1_61' title="bbox 2292 3141 3877 3215; baseline -0.004 -15"><span class='ocrx_word' id='word_1_427' title='bbox 2292 3148 2354 3199; x_wconf 85' lang='grc' dir='ltr'>οὐ</span> <span class='ocrx_word' id='word_1_428' title='bbox 2403 3147 2463 3200; x_wconf 80' lang='grc' dir='ltr'>τὸ</span> <span class='ocrx_word' id='word_1_429' title='bbox 2514 3142 2905 3215; x_wconf 76' lang='grc' dir='ltr'>περιϐαλέσθαι</span> <span class='ocrx_word' id='word_1_430' title='bbox 2969 3141 3326 3210; x_wconf 81' lang='grc' dir='ltr'><strong>χιτωνίσκους</strong></span> <span class='ocrx_word' id='word_1_431' title='bbox 3356 3141 3585 3203; x_wconf 80' lang='grc' dir='ltr'>λευκοὺς</span> <span class='ocrx_word' id='word_1_432' title='bbox 3616 3141 3713 3193; x_wconf 81' lang='grc' dir='ltr'><strong>καὶ</strong></span> <span class='ocrx_word' id='word_1_433' title='bbox 3740 3141 3877 3193; x_wconf 81' lang='grc' dir='ltr'>ἀπο-</span> 
     </span>
    </p>
   </div>
   <div class='ocr_carea' id='block_1_62' title="bbox 612 3227 2185 3305">
    <p class='ocr_par' dir='ltr' id='par_1_62' title="bbox 612 3227 2185 3300">
     <span class='ocr_line' id='line_1_62' title="bbox 612 3227 2185 3300; baseline -0.001 -15"><span class='ocrx_word' id='word_1_434' title='bbox 612 3245 722 3288; x_wconf 85' lang='lat' dir='ltr'><strong>Iem</strong></span> <span class='ocrx_word' id='word_1_435' title='bbox 780 3231 1036 3287; x_wconf 86' lang='lat' dir='ltr'><strong>candidis</strong></span> <span class='ocrx_word' id='word_1_436' title='bbox 1097 3229 1301 3285; x_wconf 90' lang='lat' dir='ltr'><strong>tunicis</strong></span> <span class='ocrx_word' id='word_1_437' title='bbox 1359 3228 1776 3300; x_wconf 81' lang='lat' dir='ltr'><strong>splendidisque</strong></span> <span class='ocrx_word' id='word_1_438' title='bbox 1831 3227 2073 3293; x_wconf 87' lang='lat' dir='ltr'><strong>vestiri,</strong></span> <span class='ocrx_word' id='word_1_439' title='bbox 2129 3238 2185 3283; x_wconf 89' lang='lat' dir='ltr'><strong>et</strong></span> 
     </span>
    </p>
   </div>
   <div class='ocr_carea' id='block_1_63' title="bbox 2290 3227 3083 3305">
    <p class='ocr_par' dir='ltr' id='par_1_63' title="bbox 2290 3235 3083 3305">
     <span class='ocr_line' id='line_1_63' title="bbox 2290 3235 3083 3305; baseline -0.001 -14"><span class='ocrx_word' id='word_1_440' title='bbox 2290 3237 2629 3301; x_wconf 78' lang='grc' dir='ltr'>στίλϐοντας,</span> <span class='ocrx_word' id='word_1_441' title='bbox 2660 3237 2753 3290; x_wconf 70' lang='grc' dir='ltr'><strong>καὶ</strong></span> <span class='ocrx_word' id='word_1_442' title='bbox 2792 3235 3083 3305; x_wconf 79' lang='grc' dir='ltr'>περιιέναι.</span> 
     </span>
    </p>
   </div>
   <div class='ocr_carea' id='block_1_64' title="bbox 610 3323 928 3379">
    <p class='ocr_par' dir='ltr' id='par_1_64' title="bbox 610 3323 928 3379">
     <span class='ocr_line' id='line_1_64' title="bbox 610 3323 928 3379; baseline -0.013 0"><span class='ocrx_word' id='word_1_443' title='bbox 610 3323 928 3379; x_wconf 85' lang='lat' dir='ltr'><strong>circumire.</strong></span> 
     </span>
    </p>
   </div>
   <div class='ocr_carea' id='block_1_65' title="bbox 682 3410 2185 3480">
    <p class='ocr_par' dir='ltr' id='par_1_65' title="bbox 682 3410 2185 3480">
     <span class='ocr_line' id='line_1_65' title="bbox 682 3410 2185 3480; baseline -0.004 -11"><span class='ocrx_word' id='word_1_444' title='bbox 682 3416 776 3469; x_wconf 72' lang='lat'><strong>20.</strong></span> <span class='ocrx_word' id='word_1_445' title='bbox 808 3413 877 3468; x_wconf 78' lang='lat' dir='ltr'><strong>At</strong></span> <span class='ocrx_word' id='word_1_446' title='bbox 907 3413 1076 3477; x_wconf 91' lang='lat' dir='ltr'><strong>enim,</strong></span> <span class='ocrx_word' id='word_1_447' title='bbox 1108 3412 1285 3473; x_wconf 89' lang='lat' dir='ltr'><strong>aiunt.</strong></span> <span class='ocrx_word' id='word_1_448' title='bbox 1336 3410 1610 3480; x_wconf 86' lang='lat' dir='ltr'><strong>quomodo</strong></span> <span class='ocrx_word' id='word_1_449' title='bbox 1665 3411 1813 3464; x_wconf 89' lang='lat' dir='ltr'><strong>hunc</strong></span> <span class='ocrx_word' id='word_1_450' title='bbox 1885 3411 1970 3465; x_wconf 78' lang='lat' dir='ltr'><strong>vel</strong></span> <span class='ocrx_word' id='word_1_451' title='bbox 2031 3411 2185 3465; x_wconf 89' lang='lat' dir='ltr'><strong>illum</strong></span> 
     </span>
    </p>
   </div>
   <div class='ocr_carea' id='block_1_66' title="bbox 615 3502 2190 3574">
    <p class='ocr_par' dir='ltr' id='par_1_66' title="bbox 615 3502 2190 3574">
     <span class='ocr_line' id='line_1_66' title="bbox 615 3502 2190 3574; baseline -0.004 -13"><span class='ocrx_word' id='word_1_452' title='bbox 615 3505 973 3561; x_wconf 78' lang='lat' dir='ltr'><strong>noverimus?</strong></span> <span class='ocrx_word' id='word_1_453' title='bbox 1054 3506 1216 3573; x_wconf 80' lang='lat' dir='ltr'><strong>Atqui</strong></span> <span class='ocrx_word' id='word_1_454' title='bbox 1268 3519 1370 3574; x_wconf 90' lang='lat' dir='ltr'><strong>ego</strong></span> <span class='ocrx_word' id='word_1_455' title='bbox 1422 3518 1529 3557; x_wconf 90' lang='lat' dir='ltr'><strong>non</strong></span> <span class='ocrx_word' id='word_1_456' title='bbox 1619 3502 1686 3557; x_wconf 87' lang='lat' dir='ltr'><strong>de</strong></span> <span class='ocrx_word' id='word_1_457' title='bbox 1740 3503 1938 3571; x_wconf 75' lang='lat' dir='ltr'><strong>ignotis</strong></span> <span class='ocrx_word' id='word_1_458' title='bbox 1994 3502 2190 3569; x_wconf 87' lang='lat' dir='ltr'><strong>loquor</strong></span> 
     </span>
    </p>
   </div>
   <div class='ocr_carea' id='block_1_67' title="bbox 613 3595 2187 3666">
    <p class='ocr_par' dir='ltr' id='par_1_67' title="bbox 613 3595 2187 3666">
     <span class='ocr_line' id='line_1_67' title="bbox 613 3595 2187 3666; baseline -0.002 -14"><span class='ocrx_word' id='word_1_459' title='bbox 613 3600 711 3652; x_wconf 83' lang='lat' dir='ltr'><strong>sed</strong></span> <span class='ocrx_word' id='word_1_460' title='bbox 761 3598 831 3652; x_wconf 93' lang='lat' dir='ltr'><strong>de</strong></span> <span class='ocrx_word' id='word_1_461' title='bbox 890 3597 1104 3666; x_wconf 86' lang='lat' dir='ltr'><strong>publice</strong></span> <span class='ocrx_word' id='word_1_462' title='bbox 1167 3597 1330 3652; x_wconf 89' lang='lat' dir='ltr'><strong>notis.</strong></span> <span class='ocrx_word' id='word_1_463' title='bbox 1383 3595 1566 3651; x_wconf 76' lang='lat' dir='ltr'><strong>Dicam</strong></span> <span class='ocrx_word' id='word_1_464' title='bbox 1621 3595 1828 3665; x_wconf 89' lang='lat' dir='ltr'><strong>aliquid</strong></span> <span class='ocrx_word' id='word_1_465' title='bbox 1866 3595 2187 3649; x_wconf 72' lang='lat' dir='ltr'><strong>terribilius.</strong></span> 
     </span>
    </p>
   </div>
   <div class='ocr_carea' id='block_1_68' title="bbox 612 3688 2188 3758">
    <p class='ocr_par' dir='ltr' id='par_1_68' title="bbox 612 3688 2188 3758">
     <span class='ocr_line' id='line_1_68' title="bbox 612 3688 2188 3758; baseline -0.003 -13"><span class='ocrx_word' id='word_1_466' title='bbox 612 3690 733 3745; x_wconf 86' lang='lat' dir='ltr'><strong>Non</strong></span> <span class='ocrx_word' id='word_1_467' title='bbox 815 3698 899 3745; x_wconf 88' lang='lat' dir='ltr'><strong>est</strong></span> <span class='ocrx_word' id='word_1_468' title='bbox 980 3697 1256 3758; x_wconf 88' lang='lat' dir='ltr'><strong>tantopere</strong></span> <span class='ocrx_word' id='word_1_469' title='bbox 1347 3688 1675 3757; x_wconf 83' lang='lat' dir='ltr'><strong>ﬂagitiosum</strong></span> <span class='ocrx_word' id='word_1_470' title='bbox 1753 3690 1801 3741; x_wconf 91' lang='lat' dir='ltr'><strong>si</strong></span> <span class='ocrx_word' id='word_1_471' title='bbox 1836 3688 2188 3758; x_wconf 89' lang='lat' dir='ltr'><strong>cnergumeni</strong></span> 
     </span>
    </p>
   </div>
   <div class='ocr_carea' id='block_1_69' title="bbox 614 3778 2188 3849">
    <p class='ocr_par' dir='ltr' id='par_1_69' title="bbox 614 3778 2188 3849">
     <span class='ocr_line' id='line_1_69' title="bbox 614 3778 2188 3849; baseline -0.003 -14"><span class='ocrx_word' id='word_1_472' title='bbox 614 3781 758 3835; x_wconf 89' lang='lat' dir='ltr'><strong>intra</strong></span> <span class='ocrx_word' id='word_1_473' title='bbox 848 3779 1109 3849; x_wconf 88' lang='lat' dir='ltr'><strong>templum</strong></span> <span class='ocrx_word' id='word_1_474' title='bbox 1168 3778 1299 3844; x_wconf 88' lang='lat' dir='ltr'><strong>sint,</strong></span> <span class='ocrx_word' id='word_1_475' title='bbox 1351 3795 1513 3849; x_wconf 91' lang='lat' dir='ltr'><strong>quam</strong></span> <span class='ocrx_word' id='word_1_476' title='bbox 1561 3778 1653 3845; x_wconf 88' lang='lat' dir='ltr'><strong>hi;</strong></span> <span class='ocrx_word' id='word_1_477' title='bbox 1729 3779 2188 3849; x_wconf 85' lang='lat' dir='ltr'><strong>quemadmodum</strong></span> 
     </span>
    </p>
   </div>
   <div class='ocr_carea' id='block_1_70' title="bbox 613 3870 2194 3940">
    <p class='ocr_par' dir='ltr' id='par_1_70' title="bbox 613 3870 2194 3940">
     <span class='ocr_line' id='line_1_70' title="bbox 613 3870 2194 3940; baseline -0.002 -13"><span class='ocrx_word' id='word_1_478' title='bbox 613 3875 692 3927; x_wconf 86' lang='lat' dir='ltr'><strong>ait</strong></span> <span class='ocrx_word' id='word_1_479' title='bbox 783 3871 1002 3937; x_wconf 87' lang='lat' dir='ltr'><strong>Paulus,</strong></span> <span class='ocrx_word' id='word_1_480' title='bbox 1108 3872 1366 3940; x_wconf 91' lang='lat' dir='ltr'><strong>quoniam</strong></span> <span class='ocrx_word' id='word_1_481' title='bbox 1444 3870 1736 3927; x_wconf 79' lang='lat' dir='ltr'><strong>Christum</strong></span> <span class='ocrx_word' id='word_1_482' title='bbox 1836 3871 2194 3924; x_wconf 81' lang='lat' dir='ltr'><strong>conculcave-</strong></span> 
     </span>
    </p>
   </div>
   <div class='ocr_carea' id='block_1_71' title="bbox 613 3962 2192 4033">
    <p class='ocr_par' dir='ltr' id='par_1_71' title="bbox 613 3962 2192 4033">
     <span class='ocr_line' id='line_1_71' title="bbox 613 3962 2192 4033; baseline -0.003 -14"><span class='ocrx_word' id='word_1_483' title='bbox 613 3973 764 4029; x_wconf 88' lang='lat' dir='ltr'><strong>runt,</strong></span> <span class='ocrx_word' id='word_1_484' title='bbox 827 3974 883 4018; x_wconf 89' lang='lat' dir='ltr'><strong>et</strong></span> <span class='ocrx_word' id='word_1_485' title='bbox 934 3964 1256 4031; x_wconf 84' lang='lat' dir='ltr'><strong>sanguinem</strong></span> <span class='ocrx_word' id='word_1_486' title='bbox 1312 3962 1644 4018; x_wconf 76' lang='lat' dir='ltr'><strong>Testamenli</strong></span> <span class='ocrx_word' id='word_1_487' title='bbox 1704 3964 1969 4032; x_wconf 84' lang='lat' dir='ltr'><strong>pollutum</strong></span> <span class='ocrx_word' id='word_1_488' title='bbox 2036 3962 2192 4033; x_wconf 88' lang='lat' dir='ltr'><strong>judi-</strong></span> 
     </span>
    </p>
   </div>
   <div class='ocr_carea' id='block_1_72' title="bbox 612 4055 2191 4125">
    <p class='ocr_par' dir='ltr' id='par_1_72' title="bbox 612 4055 2191 4125">
     <span class='ocr_line' id='line_1_72' title="bbox 612 4055 2191 4125; baseline -0.001 -16"><span class='ocrx_word' id='word_1_489' title='bbox 612 4063 899 4116; x_wconf 78' lang='lat' dir='ltr'><strong>caverunt,</strong></span> <span class='ocrx_word' id='word_1_490' title='bbox 961 4055 1197 4123; x_wconf 87' lang='lat' dir='ltr'><strong>Spiritus</strong></span> <span class='ocrx_word' id='word_1_491' title='bbox 1252 4056 1438 4125; x_wconf 72' lang='lat' dir='ltr'><strong>gratiae</strong></span> <span class='ocrx_word' id='word_1_492' title='bbox 1473 4055 1862 4109; x_wconf 88' lang='lat' dir='ltr'><strong>contumeliam</strong></span> <span class='ocrx_word' id='word_1_493' title='bbox 1920 4056 2191 4118; x_wconf 83' lang='lat' dir='ltr'><strong>fecerunt,</strong></span> 
     </span>
    </p>
   </div>
   <div class='ocr_carea' id='block_1_73' title="bbox 523 4136 2196 4212">
    <p class='ocr_par' dir='ltr' id='par_1_73' title="bbox 523 4136 2196 4212">
     <span class='ocr_line' id='line_1_73' title="bbox 523 4136 2196 4212; baseline 0.002 -16"><span class='ocrx_word' id='word_1_494' title='bbox 523 4136 533 4144; x_wconf 84' lang='grc'><em>’</em></span> <span class='ocrx_word' id='word_1_495' title='bbox 611 4142 746 4196; x_wconf 80' lang='lat' dir='ltr'><strong>Nam</strong></span> <span class='ocrx_word' id='word_1_496' title='bbox 770 4142 1105 4195; x_wconf 58' lang='lat' dir='ltr'><strong>daemoniaco</strong></span> <span class='ocrx_word' id='word_1_497' title='bbox 1164 4143 1316 4211; x_wconf 88' lang='lat' dir='ltr'><strong>pejor</strong></span> <span class='ocrx_word' id='word_1_498' title='bbox 1349 4152 1431 4197; x_wconf 88' lang='lat' dir='ltr'><strong>est</strong></span> <span class='ocrx_word' id='word_1_499' title='bbox 1461 4153 1716 4212; x_wconf 87' lang='lat' dir='ltr'><strong>peccator</strong></span> <span class='ocrx_word' id='word_1_500' title='bbox 1742 4152 1798 4198; x_wconf 89' lang='lat' dir='ltr'><strong>et</strong></span> <span class='ocrx_word' id='word_1_501' title='bbox 1846 4145 2009 4198; x_wconf 89' lang='lat' dir='ltr'><strong>simul</strong></span> <span class='ocrx_word' id='word_1_502' title='bbox 2037 4161 2196 4199; x_wconf 83' lang='lat' dir='ltr'><strong>acce-</strong></span> 
     </span>
    </p>
   </div>
   <div class='ocr_carea' id='block_1_74' title="bbox 612 4229 2193 4302">
    <p class='ocr_par' dir='ltr' id='par_1_74' title="bbox 612 4229 2193 4302">
     <span class='ocr_line' id='line_1_74' title="bbox 612 4229 2193 4302; baseline 0.003 -20"><span class='ocrx_word' id='word_1_503' title='bbox 612 4231 789 4283; x_wconf 84' lang='lat' dir='ltr'><strong>dens:</strong></span> <span class='ocrx_word' id='word_1_504' title='bbox 817 4238 875 4283; x_wconf 90' lang='lat' dir='ltr'><strong>et</strong></span> <span class='ocrx_word' id='word_1_505' title='bbox 901 4229 992 4284; x_wconf 88' lang='lat' dir='ltr'><strong>ille</strong></span> <span class='ocrx_word' id='word_1_506' title='bbox 1024 4230 1244 4297; x_wconf 88' lang='lat' dir='ltr'><strong>quidem</strong></span> <span class='ocrx_word' id='word_1_507' title='bbox 1274 4231 1532 4299; x_wconf 88' lang='lat' dir='ltr'><strong>quoniam</strong></span> <span class='ocrx_word' id='word_1_508' title='bbox 1587 4241 1674 4285; x_wconf 88' lang='lat' dir='ltr'><strong>est</strong></span> <span class='ocrx_word' id='word_1_509' title='bbox 1711 4234 2030 4302; x_wconf 86' lang='lat' dir='ltr'><strong>arreptitius</strong></span> <span class='ocrx_word' id='word_1_510' title='bbox 2082 4248 2193 4286; x_wconf 90' lang='lat' dir='ltr'><strong>non</strong></span> 
     </span>
    </p>
   </div>
   <div class='ocr_carea' id='block_1_75' title="bbox 614 4321 2195 4391">
    <p class='ocr_par' dir='ltr' id='par_1_75' title="bbox 614 4321 2195 4391">
     <span class='ocr_line' id='line_1_75' title="bbox 614 4321 2195 4391; baseline 0.005 -20"><span class='ocrx_word' id='word_1_511' title='bbox 614 4323 875 4391; x_wconf 84' lang='lat' dir='ltr'><strong>punitur;</strong></span> <span class='ocrx_word' id='word_1_512' title='bbox 917 4322 1007 4375; x_wconf 92' lang='lat' dir='ltr'><strong>hic</strong></span> <span class='ocrx_word' id='word_1_513' title='bbox 1038 4330 1249 4387; x_wconf 91' lang='lat' dir='ltr'><strong>autem,</strong></span> <span class='ocrx_word' id='word_1_514' title='bbox 1281 4322 1323 4375; x_wconf 91' lang='lat' dir='ltr'><strong>si</strong></span> <span class='ocrx_word' id='word_1_515' title='bbox 1359 4321 1582 4391; x_wconf 80' lang='lat' dir='ltr'><strong>indigne</strong></span> <span class='ocrx_word' id='word_1_516' title='bbox 1616 4326 1933 4389; x_wconf 86' lang='lat' dir='ltr'><strong>accesserit,</strong></span> <span class='ocrx_word' id='word_1_517' title='bbox 1988 4333 2195 4379; x_wconf 68' lang='lat' dir='ltr'><strong>aeterno</strong></span> 
     </span>
    </p>
   </div>
   <div class='ocr_carea' id='block_1_76' title="bbox 612 4412 2192 4483">
    <p class='ocr_par' dir='ltr' id='par_1_76' title="bbox 612 4412 2192 4483">
     <span class='ocr_line' id='line_1_76' title="bbox 612 4412 2192 4483; baseline 0.003 -16"><span class='ocrx_word' id='word_1_518' title='bbox 612 4414 886 4482; x_wconf 85' lang='lat' dir='ltr'><strong>supplicio</strong></span> <span class='ocrx_word' id='word_1_519' title='bbox 944 4412 1201 4466; x_wconf 87' lang='lat' dir='ltr'><strong>traditur.</strong></span> <span class='ocrx_word' id='word_1_520' title='bbox 1258 4413 1338 4467; x_wconf 89' lang='lat' dir='ltr'><strong>Nc</strong></span> <span class='ocrx_word' id='word_1_521' title='bbox 1371 4412 1538 4483; x_wconf 79' lang='lat' dir='ltr'><strong>igitur</strong></span> <span class='ocrx_word' id='word_1_522' title='bbox 1589 4415 1956 4471; x_wconf 65' lang='lat' dir='ltr'><strong>dzemoniacos</strong></span> <span class='ocrx_word' id='word_1_523' title='bbox 1977 4424 2192 4471; x_wconf 88' lang='lat' dir='ltr'><strong>tantum</strong></span> 
     </span>
    </p>
   </div>
   <div class='ocr_carea' id='block_1_77' title="bbox 2361 3413 3877 3486">
    <p class='ocr_par' dir='ltr' id='par_1_77' title="bbox 2361 3413 3877 3486">
     <span class='ocr_line' id='line_1_77' title="bbox 2361 3413 3877 3486; baseline -0.003 -14"><span class='ocrx_word' id='word_1_524' title='bbox 2361 3418 2429 3472; x_wconf 86' lang='grc' dir='ltr'><strong>κ’.</strong></span> <span class='ocrx_word' id='word_1_525' title='bbox 2473 3420 2585 3473; x_wconf 71' lang='grc' dir='ltr'><strong>Καὶ</strong></span> <span class='ocrx_word' id='word_1_526' title='bbox 2629 3418 2794 3471; x_wconf 75' lang='grc' dir='ltr'>πόθεν</span> <span class='ocrx_word' id='word_1_527' title='bbox 2842 3417 3088 3486; x_wconf 78' lang='grc' dir='ltr'>οἴδαμεν,</span> <span class='ocrx_word' id='word_1_528' title='bbox 3122 3416 3275 3486; x_wconf 79' lang='grc' dir='ltr'>φασὶ,</span> <span class='ocrx_word' id='word_1_529' title='bbox 3308 3414 3405 3468; x_wconf 82' lang='grc' dir='ltr'><strong>τὸν</strong></span> <span class='ocrx_word' id='word_1_530' title='bbox 3450 3414 3597 3466; x_wconf 76' lang='grc' dir='ltr'>δεῖνι</span> <span class='ocrx_word' id='word_1_531' title='bbox 3632 3415 3731 3467; x_wconf 80' lang='grc' dir='ltr'>καὶ</span> <span class='ocrx_word' id='word_1_532' title='bbox 3784 3413 3877 3467; x_wconf 58' lang='grc' dir='ltr'>τὸν</span> 
     </span>
    </p>
   </div>
   <div class='ocr_carea' id='block_1_78' title="bbox 2290 3505 3877 3579">
    <p class='ocr_par' dir='ltr' id='par_1_78' title="bbox 2290 3505 3877 3579">
     <span class='ocr_line' id='line_1_78' title="bbox 2290 3505 3877 3579; baseline -0.004 -12"><span class='ocrx_word' id='word_1_533' title='bbox 2290 3515 2478 3579; x_wconf 83' lang='grc' dir='ltr'>δεῖνα;</span> <span class='ocrx_word' id='word_1_534' title='bbox 2517 3513 2591 3564; x_wconf 77' lang='grc' dir='ltr'><strong>Οὐ</strong></span> <span class='ocrx_word' id='word_1_535' title='bbox 2631 3512 2761 3579; x_wconf 72' lang='grc' dir='ltr'>περὶ</span> <span class='ocrx_word' id='word_1_536' title='bbox 2794 3511 2901 3562; x_wconf 84' lang='grc' dir='ltr'>τῶν</span> <span class='ocrx_word' id='word_1_537' title='bbox 2952 3508 3333 3577; x_wconf 80' lang='grc' dir='ltr'>ἀγνοουμένων</span> <span class='ocrx_word' id='word_1_538' title='bbox 3362 3506 3527 3573; x_wconf 83' lang='grc' dir='ltr'>λέγω,</span> <span class='ocrx_word' id='word_1_539' title='bbox 3568 3505 3707 3558; x_wconf 61' lang='grc' dir='ltr'>ἀλλὰ</span> <span class='ocrx_word' id='word_1_540' title='bbox 3745 3511 3877 3575; x_wconf 82' lang='grc' dir='ltr'>περὶ</span> 
     </span>
    </p>
   </div>
   <div class='ocr_carea' id='block_1_79' title="bbox 2291 3597 3873 3669">
    <p class='ocr_par' dir='ltr' id='par_1_79' title="bbox 2291 3597 3873 3669">
     <span class='ocr_line' id='line_1_79' title="bbox 2291 3597 3873 3669; baseline -0.004 -13"><span class='ocrx_word' id='word_1_541' title='bbox 2291 3604 2402 3656; x_wconf 84' lang='grc' dir='ltr'><strong>τῶν</strong></span> <span class='ocrx_word' id='word_1_542' title='bbox 2456 3600 2768 3669; x_wconf 80' lang='grc' dir='ltr'>γνωρίμων.</span> <span class='ocrx_word' id='word_1_543' title='bbox 2812 3599 2964 3651; x_wconf 78' lang='grc' dir='ltr'>Εἴπω</span> <span class='ocrx_word' id='word_1_544' title='bbox 2996 3599 3048 3649; x_wconf 90' lang='grc' dir='ltr'>τί</span> <span class='ocrx_word' id='word_1_545' title='bbox 3084 3597 3521 3667; x_wconf 78' lang='grc' dir='ltr'>φρικωδέστερον</span> <span class='ocrx_word' id='word_1_546' title='bbox 3543 3612 3557 3625; x_wconf 78' lang='grc'><strong><em>⁸</em></strong></span> <span class='ocrx_word' id='word_1_547' title='bbox 3594 3597 3699 3667; x_wconf 74' lang='grc' dir='ltr'><strong>οὐχ</strong></span> <span class='ocrx_word' id='word_1_548' title='bbox 3727 3597 3873 3649; x_wconf 78' lang='grc' dir='ltr'>οὕτω</span> 
     </span>
    </p>
   </div>
   <div class='ocr_carea' id='block_1_80' title="bbox 2293 3682 3877 3765">
    <p class='ocr_par' dir='ltr' id='par_1_80' title="bbox 2293 3682 3877 3765">
     <span class='ocr_line' id='line_1_80' title="bbox 2293 3682 3877 3765; baseline -0.005 -17"><span class='ocrx_word' id='word_1_549' title='bbox 2293 3694 2530 3765; x_wconf 75' lang='grc' dir='ltr'>χαλεπὸν</span> <span class='ocrx_word' id='word_1_550' title='bbox 2565 3694 2692 3752; x_wconf 84' lang='grc' dir='ltr'>τοὺς</span> <span class='ocrx_word' id='word_1_551' title='bbox 2719 3689 3150 3761; x_wconf 78' lang='grc' dir='ltr'>ἐνεργουμένους</span> <span class='ocrx_word' id='word_1_552' title='bbox 3182 3687 3256 3756; x_wconf 82' lang='lat' dir='ltr'><strong>(l)</strong></span> <span class='ocrx_word' id='word_1_553' title='bbox 3284 3687 3432 3740; x_wconf 75' lang='grc' dir='ltr'>ἔνδον</span> <span class='ocrx_word' id='word_1_554' title='bbox 3460 3682 3625 3751; x_wconf 72' lang='grc' dir='ltr'>εἶναι,</span> <span class='ocrx_word' id='word_1_555' title='bbox 3653 3689 3729 3750; x_wconf 85' lang='grc' dir='ltr'>ὼς</span> <span class='ocrx_word' id='word_1_556' title='bbox 3752 3689 3877 3741; x_wconf 71' lang='grc' dir='ltr'><strong>τοῦ·</strong></span> 
     </span>
    </p>
   </div>
   <div class='ocr_carea' id='block_1_81' title="bbox 2294 3779 3871 3857">
    <p class='ocr_par' dir='ltr' id='par_1_81' title="bbox 2294 3779 3871 3857">
     <span class='ocr_line' id='line_1_81' title="bbox 2294 3779 3871 3857; baseline -0.003 -18"><span class='ocrx_word' id='word_1_557' title='bbox 2294 3802 2443 3848; x_wconf 89' lang='grc' dir='ltr'>τους,</span> <span class='ocrx_word' id='word_1_558' title='bbox 2468 3779 2501 3857; x_wconf 78' lang='grc' dir='ltr'>ᾖ</span> <span class='ocrx_word' id='word_1_559' title='bbox 2529 3800 2698 3854; x_wconf 81' lang='grc' dir='ltr'>φησιν</span> <span class='ocrx_word' id='word_1_560' title='bbox 2727 3785 2754 3835; x_wconf 86' lang='grc' dir='ltr'>ὁ</span> <span class='ocrx_word' id='word_1_561' title='bbox 2790 3781 3024 3846; x_wconf 81' lang='grc' dir='ltr'><strong>Παῦλος,</strong></span> <span class='ocrx_word' id='word_1_562' title='bbox 3073 3780 3163 3833; x_wconf 80' lang='grc' dir='ltr'>διὰ</span> <span class='ocrx_word' id='word_1_563' title='bbox 3212 3779 3273 3832; x_wconf 83' lang='grc' dir='ltr'>τὺ</span> <span class='ocrx_word' id='word_1_564' title='bbox 3306 3779 3402 3832; x_wconf 75' lang='grc' dir='ltr'>τὸν</span> <span class='ocrx_word' id='word_1_565' title='bbox 3432 3780 3675 3848; x_wconf 72' lang='grc' dir='ltr'>Χριστὸν</span> <span class='ocrx_word' id='word_1_566' title='bbox 3700 3799 3871 3834; x_wconf 82' lang='grc' dir='ltr'>κατα-</span> 
     </span>
    </p>
   </div>
   <div class='ocr_carea' id='block_1_82' title="bbox 2295 3867 3875 3945">
    <p class='ocr_par' dir='ltr' id='par_1_82' title="bbox 2295 3867 3875 3945">
     <span class='ocr_line' id='line_1_82' title="bbox 2295 3867 3875 3945; baseline -0.001 -16"><span class='ocrx_word' id='word_1_567' title='bbox 2295 3878 2561 3945; x_wconf 76' lang='grc' dir='ltr'>πατῆσαι,</span> <span class='ocrx_word' id='word_1_568' title='bbox 2594 3875 2689 3927; x_wconf 74' lang='grc' dir='ltr'>καὶ</span> <span class='ocrx_word' id='word_1_569' title='bbox 2716 3874 2775 3927; x_wconf 80' lang='grc' dir='ltr'>τὸ</span> <span class='ocrx_word' id='word_1_570' title='bbox 2817 3867 2957 3942; x_wconf 80' lang='grc' dir='ltr'>αἷμα</span> <span class='ocrx_word' id='word_1_571' title='bbox 2986 3872 3086 3940; x_wconf 85' lang='grc' dir='ltr'><strong>τῆς</strong></span> <span class='ocrx_word' id='word_1_572' title='bbox 3118 3871 3385 3941; x_wconf 80' lang='grc' dir='ltr'><strong>διαθήκης</strong></span> <span class='ocrx_word' id='word_1_573' title='bbox 3436 3874 3622 3926; x_wconf 82' lang='grc' dir='ltr'>κοινὸν</span> <span class='ocrx_word' id='word_1_574' title='bbox 3660 3875 3875 3945; x_wconf 76' lang='grc' dir='ltr'>ἡγήσα-</span> 
     </span>
    </p>
   </div>
   <div class='ocr_carea' id='block_1_83' title="bbox 2298 3959 3875 4033">
    <p class='ocr_par' dir='ltr' id='par_1_83' title="bbox 2298 3959 3875 4033">
     <span class='ocr_line' id='line_1_83' title="bbox 2298 3959 3875 4033; baseline 0.001 -18"><span class='ocrx_word' id='word_1_575' title='bbox 2298 3964 2446 4029; x_wconf 87' lang='grc' dir='ltr'>σθαι,</span> <span class='ocrx_word' id='word_1_576' title='bbox 2480 3964 2577 4016; x_wconf 75' lang='grc' dir='ltr'>καὶ</span> <span class='ocrx_word' id='word_1_577' title='bbox 2611 3963 2709 4032; x_wconf 79' lang='grc' dir='ltr'>τὴν</span> <span class='ocrx_word' id='word_1_578' title='bbox 2742 3964 2900 4031; x_wconf 87' lang='grc' dir='ltr'>χάριν</span> <span class='ocrx_word' id='word_1_579' title='bbox 2937 3960 3031 4012; x_wconf 80' lang='grc' dir='ltr'>τοῦ</span> <span class='ocrx_word' id='word_1_580' title='bbox 3074 3959 3385 4026; x_wconf 80' lang='grc' dir='ltr'>[Ινεύματος</span> <span class='ocrx_word' id='word_1_581' title='bbox 3416 3962 3875 4033; x_wconf 78' lang='grc' dir='ltr'>ὲνυδρίσαι·δ.ιιο</span> 
     </span>
    </p>
   </div>
   <div class='ocr_carea' id='block_1_84' title="bbox 2300 4051 3870 4123">
    <p class='ocr_par' dir='ltr' id='par_1_84' title="bbox 2300 4051 3870 4123">
     <span class='ocr_line' id='line_1_84' title="bbox 2300 4051 3870 4123; baseline 0.001 -18"><span class='ocrx_word' id='word_1_582' title='bbox 2300 4051 2570 4122; x_wconf 83' lang='grc' dir='ltr'>μονῶντος</span> <span class='ocrx_word' id='word_1_583' title='bbox 2605 4054 2715 4123; x_wconf 74' lang='grc' dir='ltr'><strong>γὰρ</strong></span> <span class='ocrx_word' id='word_1_584' title='bbox 2748 4052 3014 4121; x_wconf 78' lang='grc' dir='ltr'>χείρωνιὸ</span> <span class='ocrx_word' id='word_1_585' title='bbox 3056 4053 3416 4121; x_wconf 79' lang='grc' dir='ltr'>ἡμαρτηκὼς,</span> <span class='ocrx_word' id='word_1_586' title='bbox 3455 4053 3553 4104; x_wconf 77' lang='grc' dir='ltr'>καὶ</span> <span class='ocrx_word' id='word_1_587' title='bbox 3584 4055 3832 4122; x_wconf 82' lang='grc' dir='ltr'>προσιών</span> <span class='ocrx_word' id='word_1_588' title='bbox 3853 4073 3870 4089; x_wconf 90' lang='grc'>·</span> 
     </span>
    </p>
   </div>
   <div class='ocr_carea' id='block_1_85' title="bbox 2295 4142 3867 4215">
    <p class='ocr_par' dir='ltr' id='par_1_85' title="bbox 2295 4142 3867 4215">
     <span class='ocr_line' id='line_1_85' title="bbox 2295 4142 3867 4215; baseline 0.003 -18"><span class='ocrx_word' id='word_1_589' title='bbox 2295 4146 2324 4207; x_wconf 69' lang='grc' dir='ltr'><strong>ὁ</strong></span> <span class='ocrx_word' id='word_1_590' title='bbox 2357 4147 2457 4215; x_wconf 73' lang='grc' dir='ltr'><strong>μὲν</strong></span> <span class='ocrx_word' id='word_1_591' title='bbox 2496 4144 2605 4214; x_wconf 73' lang='grc' dir='ltr'>γὰρ</span> <span class='ocrx_word' id='word_1_592' title='bbox 2632 4145 2820 4213; x_wconf 74' lang='grc' dir='ltr'>ἐπειδὴ</span> <span class='ocrx_word' id='word_1_593' title='bbox 2871 4144 3127 4213; x_wconf 82' lang='grc' dir='ltr'>δαιμονᾷ,</span> <span class='ocrx_word' id='word_1_594' title='bbox 3155 4144 3216 4196; x_wconf 80' lang='grc' dir='ltr'>οὺ</span> <span class='ocrx_word' id='word_1_595' title='bbox 3245 4142 3537 4206; x_wconf 72' lang='grc' dir='ltr'>κολάζεται</span> <span class='ocrx_word' id='word_1_596' title='bbox 3566 4160 3582 4175; x_wconf 76' lang='grc' dir='ltr'><strong>ο</strong></span> <span class='ocrx_word' id='word_1_597' title='bbox 3612 4142 3770 4210; x_wconf 72' lang='grc' dir='ltr'>οὗτος</span> <span class='ocrx_word' id='word_1_598' title='bbox 3795 4149 3867 4213; x_wconf 75' lang='grc' dir='ltr'>δὲ,</span> 
     </span>
    </p>
   </div>
   <div class='ocr_carea' id='block_1_86' title="bbox 2296 4236 3865 4305">
    <p class='ocr_par' dir='ltr' id='par_1_86' title="bbox 2296 4236 3865 4305">
     <span class='ocr_line' id='line_1_86' title="bbox 2296 4236 3865 4305; baseline 0.003 -16"><span class='ocrx_word' id='word_1_599' title='bbox 2296 4237 2427 4289; x_wconf 87' lang='grc' dir='ltr'>ὃταν</span> <span class='ocrx_word' id='word_1_600' title='bbox 2450 4236 2688 4301; x_wconf 80' lang='grc' dir='ltr'>ἀναξίως</span> <span class='ocrx_word' id='word_1_601' title='bbox 2715 4237 2937 4305; x_wconf 82' lang='grc' dir='ltr'>προσίῃ,</span> <span class='ocrx_word' id='word_1_602' title='bbox 2962 4236 3216 4305; x_wconf 76' lang='grc' dir='ltr'><strong>ἀθανάτῳ</strong></span> <span class='ocrx_word' id='word_1_603' title='bbox 3242 4237 3601 4305; x_wconf 82' lang='grc' dir='ltr'>παραδίδοται</span> <span class='ocrx_word' id='word_1_604' title='bbox 3623 4238 3865 4294; x_wconf 78' lang='grc' dir='ltr'>κολάσει.</span> 
     </span>
    </p>
   </div>
   <div class='ocr_carea' id='block_1_87' title="bbox 2297 4325 3862 4397">
    <p class='ocr_par' dir='ltr' id='par_1_87' title="bbox 2297 4325 3862 4397">
     <span class='ocr_line' id='line_1_87' title="bbox 2297 4325 3862 4397; baseline 0.001 -15"><span class='ocrx_word' id='word_1_605' title='bbox 2297 4328 2389 4397; x_wconf 83' lang='grc' dir='ltr'><strong>Μὴ</strong></span> <span class='ocrx_word' id='word_1_606' title='bbox 2414 4328 2596 4379; x_wconf 90' lang='grc' dir='ltr'>τοίνυν</span> <span class='ocrx_word' id='word_1_607' title='bbox 2647 4327 2777 4389; x_wconf 74' lang='grc' dir='ltr'>τοὺς</span> <span class='ocrx_word' id='word_1_608' title='bbox 2827 4325 3198 4397; x_wconf 68' lang='grc' dir='ltr'>δαιμονῶντας</span> <span class='ocrx_word' id='word_1_609' title='bbox 3228 4328 3479 4379; x_wconf 67' lang='grc' dir='ltr'>ἐλαύνετε</span> <span class='ocrx_word' id='word_1_610' title='bbox 3514 4330 3706 4396; x_wconf 83' lang='grc' dir='ltr'>μόνον,</span> <span class='ocrx_word' id='word_1_611' title='bbox 3739 4332 3862 4385; x_wconf 64' lang='grc' dir='ltr'>ἀλλὰ</span> 
     </span>
    </p>
   </div>
   <div class='ocr_carea' id='block_1_88' title="bbox 2297 4417 3843 4490">
    <p class='ocr_par' dir='ltr' id='par_1_88' title="bbox 2297 4417 3843 4490">
     <span class='ocr_line' id='line_1_88' title="bbox 2297 4417 3843 4490; baseline 0 -17"><span class='ocrx_word' id='word_1_612' title='bbox 2297 4422 2507 4483; x_wconf 87' lang='grc' dir='ltr'>πάντας</span> <span class='ocrx_word' id='word_1_613' title='bbox 2559 4420 2769 4483; x_wconf 80' lang='grc' dir='ltr'>ἁπλῶς,</span> <span class='ocrx_word' id='word_1_614' title='bbox 2800 4417 2892 4483; x_wconf 84' lang='grc' dir='ltr'><strong>οὒς</strong></span> <span class='ocrx_word' id='word_1_615' title='bbox 2945 4419 3012 4473; x_wconf 83' lang='grc' dir='ltr'>ἂν</span> <span class='ocrx_word' id='word_1_616' title='bbox 3069 4420 3217 4489; x_wconf 76' lang='grc' dir='ltr'>ἴδητε</span> <span class='ocrx_word' id='word_1_617' title='bbox 3253 4419 3583 4490; x_wconf 85' lang='grc' dir='ltr'>προσιόντας</span> <span class='ocrx_word' id='word_1_618' title='bbox 3615 4424 3843 4487; x_wconf 56' lang='lat' dir='ltr'><strong>ducit»;</strong></span> 
     </span>
    </p>
   </div>
   <div class='ocr_carea' id='block_1_89' title="bbox 610 4502 2185 4585">
    <p class='ocr_par' dir='ltr' id='par_1_89' title="bbox 610 4503 2183 4578">
     <span class='ocr_line' id='line_1_89' title="bbox 610 4503 2183 4578; baseline 0.004 -19"><span class='ocrx_word' id='word_1_619' title='bbox 610 4506 892 4575; x_wconf 68' lang='lat' dir='ltr'><strong>expellite,</strong></span> <span class='ocrx_word' id='word_1_620' title='bbox 935 4503 1029 4557; x_wconf 83' lang='lat' dir='ltr'><strong>sed</strong></span> <span class='ocrx_word' id='word_1_621' title='bbox 1061 4504 1287 4558; x_wconf 76' lang='lat' dir='ltr'><strong>orllnino</strong></span> <span class='ocrx_word' id='word_1_622' title='bbox 1318 4519 1512 4561; x_wconf 88' lang='lat' dir='ltr'><strong>omnes</strong></span> <span class='ocrx_word' id='word_1_623' title='bbox 1554 4522 1694 4576; x_wconf 90' lang='lat' dir='ltr'><strong>quos</strong></span> <span class='ocrx_word' id='word_1_624' title='bbox 1745 4509 1969 4578; x_wconf 86' lang='lat' dir='ltr'><strong>indigne</strong></span> <span class='ocrx_word' id='word_1_625' title='bbox 2028 4526 2183 4566; x_wconf 90' lang='lat' dir='ltr'><strong>acce-</strong></span> 
     </span>
    </p>
   </div>
   <div class='ocr_carea' id='block_1_90' title="bbox 2290 4502 3858 4585">
    <p class='ocr_par' dir='ltr' id='par_1_90' title="bbox 2292 4513 3858 4585">
     <span class='ocr_line' id='line_1_90' title="bbox 2292 4513 3858 4585; baseline 0.002 -18"><span class='ocrx_word' id='word_1_626' title='bbox 2292 4514 2502 4584; x_wconf 74' lang='grc' dir='ltr'>Μηδεὶς</span> <span class='ocrx_word' id='word_1_627' title='bbox 2532 4516 2862 4567; x_wconf 83' lang='grc' dir='ltr'>κοινωνείτω</span> <span class='ocrx_word' id='word_1_628' title='bbox 2894 4514 3004 4565; x_wconf 86' lang='grc' dir='ltr'>τῶν</span> <span class='ocrx_word' id='word_1_629' title='bbox 3042 4513 3118 4583; x_wconf 84' lang='grc' dir='ltr'>μὴ</span> <span class='ocrx_word' id='word_1_630' title='bbox 3163 4513 3424 4582; x_wconf 83' lang='grc' dir='ltr'>μαθητῶν</span> <span class='ocrx_word' id='word_1_631' title='bbox 3453 4530 3468 4545; x_wconf 76' lang='grc' dir='ltr'><strong>ο</strong></span> <span class='ocrx_word' id='word_1_632' title='bbox 3509 4518 3707 4585; x_wconf 69' lang='grc' dir='ltr'>μηδεὶς</span> <span class='ocrx_word' id='word_1_633' title='bbox 3736 4518 3858 4585; x_wconf 73' lang='grc' dir='ltr'>λαμ-</span> 
     </span>
    </p>
   </div>
   <div class='ocr_carea' id='block_1_91' title="bbox 612 4593 2184 4668">
    <p class='ocr_par' dir='ltr' id='par_1_91' title="bbox 612 4593 2184 4668">
     <span class='ocr_line' id='line_1_91' title="bbox 612 4593 2184 4668; baseline 0.006 -21"><span class='ocrx_word' id='word_1_634' title='bbox 612 4598 806 4650; x_wconf 76' lang='lat' dir='ltr'><strong>dcntes</strong></span> <span class='ocrx_word' id='word_1_635' title='bbox 834 4593 1109 4648; x_wconf 87' lang='lat' dir='ltr'><strong>videritis.</strong></span> <span class='ocrx_word' id='word_1_636' title='bbox 1152 4593 1325 4649; x_wconf 88' lang='lat' dir='ltr'><strong>Nemo</strong></span> <span class='ocrx_word' id='word_1_637' title='bbox 1389 4597 1779 4659; x_wconf 85' lang='lat' dir='ltr'><strong>communicet,</strong></span> <span class='ocrx_word' id='word_1_638' title='bbox 1809 4602 1900 4668; x_wconf 89' lang='lat' dir='ltr'><strong>qui</strong></span> <span class='ocrx_word' id='word_1_639' title='bbox 1944 4616 2053 4654; x_wconf 83' lang='lat' dir='ltr'><strong>non</strong></span> <span class='ocrx_word' id='word_1_640' title='bbox 2110 4602 2184 4657; x_wconf 91' lang='lat' dir='ltr'><strong>sit</strong></span> 
     </span>
    </p>
   </div>
   <div class='ocr_carea' id='block_1_92' title="bbox 611 4686 2183 4761">
    <p class='ocr_par' dir='ltr' id='par_1_92' title="bbox 611 4686 2183 4761">
     <span class='ocr_line' id='line_1_92' title="bbox 611 4686 2183 4761; baseline 0.005 -20"><span class='ocrx_word' id='word_1_641' title='bbox 611 4686 946 4755; x_wconf 85' lang='lat' dir='ltr'><strong>discipulus:</strong></span> <span class='ocrx_word' id='word_1_642' title='bbox 977 4686 1158 4740; x_wconf 91' lang='lat' dir='ltr'><strong>nullus</strong></span> <span class='ocrx_word' id='word_1_643' title='bbox 1179 4687 1413 4756; x_wconf 85' lang='lat' dir='ltr'><strong>accipiat</strong></span> <span class='ocrx_word' id='word_1_644' title='bbox 1438 4687 1629 4754; x_wconf 83' lang='lat' dir='ltr'><strong>Judas,</strong></span> <span class='ocrx_word' id='word_1_645' title='bbox 1689 4705 1757 4744; x_wconf 90' lang='lat' dir='ltr'><strong>ne</strong></span> <span class='ocrx_word' id='word_1_646' title='bbox 1782 4689 1935 4745; x_wconf 73' lang='lat' dir='ltr'><strong>Iudae</strong></span> <span class='ocrx_word' id='word_1_647' title='bbox 1963 4709 2183 4761; x_wconf 67' lang='lat' dir='ltr'><strong>poenam</strong></span> 
     </span>
    </p>
   </div>
   <div class='ocr_carea' id='block_1_93' title="bbox 611 4776 2187 4853">
    <p class='ocr_par' dir='ltr' id='par_1_93' title="bbox 611 4776 2187 4853">
     <span class='ocr_line' id='line_1_93' title="bbox 611 4776 2187 4853; baseline 0.007 -22"><span class='ocrx_word' id='word_1_648' title='bbox 611 4778 748 4833; x_wconf 78' lang='lat' dir='ltr'><strong>luat.</strong></span> <span class='ocrx_word' id='word_1_649' title='bbox 782 4777 993 4847; x_wconf 90' lang='lat' dir='ltr'><strong>Corpus</strong></span> <span class='ocrx_word' id='word_1_650' title='bbox 1014 4776 1218 4832; x_wconf 84' lang='lat' dir='ltr'><strong>Christi</strong></span> <span class='ocrx_word' id='word_1_651' title='bbox 1252 4779 1368 4834; x_wconf 69' lang='lat' dir='ltr'><strong>hsce</strong></span> <span class='ocrx_word' id='word_1_652' title='bbox 1388 4796 1608 4853; x_wconf 86' lang='lat' dir='ltr'><strong>quoque</strong></span> <span class='ocrx_word' id='word_1_653' title='bbox 1634 4785 1927 4839; x_wconf 88' lang='lat' dir='ltr'><strong>multitudo</strong></span> <span class='ocrx_word' id='word_1_654' title='bbox 1951 4797 2057 4841; x_wconf 90' lang='lat' dir='ltr'><strong>est.</strong></span> <span class='ocrx_word' id='word_1_655' title='bbox 2083 4788 2187 4842; x_wconf 86' lang='lat' dir='ltr'><strong>Ca-</strong></span> 
     </span>
    </p>
   </div>
   <div class='ocr_carea' id='block_1_94' title="bbox 611 4871 2185 4942">
    <p class='ocr_par' dir='ltr' id='par_1_94' title="bbox 611 4871 2185 4942">
     <span class='ocr_line' id='line_1_94' title="bbox 611 4871 2185 4942; baseline 0.007 -20"><span class='ocrx_word' id='word_1_656' title='bbox 611 4878 735 4925; x_wconf 81' lang='lat' dir='ltr'><strong>vete</strong></span> <span class='ocrx_word' id='word_1_657' title='bbox 791 4885 944 4939; x_wconf 87' lang='lat' dir='ltr'><strong>ergo,</strong></span> <span class='ocrx_word' id='word_1_658' title='bbox 1001 4885 1036 4923; x_wconf 95' lang='lat' dir='ltr'><strong>o</strong></span> <span class='ocrx_word' id='word_1_659' title='bbox 1094 4871 1476 4942; x_wconf 82' lang='lat' dir='ltr'><strong>mysteriorum</strong></span> <span class='ocrx_word' id='word_1_660' title='bbox 1530 4875 1791 4939; x_wconf 82' lang='lat' dir='ltr'><strong>ministri,</strong></span> <span class='ocrx_word' id='word_1_661' title='bbox 1830 4891 1900 4930; x_wconf 90' lang='lat' dir='ltr'><strong>ne</strong></span> <span class='ocrx_word' id='word_1_662' title='bbox 1957 4878 2185 4935; x_wconf 89' lang='lat' dir='ltr'><strong>irritetis</strong></span> 
     </span>
    </p>
   </div>
   <div class='ocr_carea' id='block_1_95' title="bbox 610 4960 2185 5040">
    <p class='ocr_par' dir='ltr' id='par_1_95' title="bbox 610 4960 2185 5040">
     <span class='ocr_line' id='line_1_95' title="bbox 610 4960 2185 5040; baseline 0.006 -25"><span class='ocrx_word' id='word_1_663' title='bbox 610 4960 927 5027; x_wconf 84' lang='lat' dir='ltr'><strong>Dominum,</strong></span> <span class='ocrx_word' id='word_1_664' title='bbox 987 4964 1031 5016; x_wconf 87' lang='lat' dir='ltr'><strong>si</strong></span> <span class='ocrx_word' id='word_1_665' title='bbox 1061 4977 1259 5032; x_wconf 87' lang='lat' dir='ltr'><strong>corpus</strong></span> <span class='ocrx_word' id='word_1_666' title='bbox 1291 4964 1396 5017; x_wconf 90' lang='lat' dir='ltr'><strong>hoc</strong></span> <span class='ocrx_word' id='word_1_667' title='bbox 1423 4979 1530 5016; x_wconf 92' lang='lat' dir='ltr'><strong>non</strong></span> <span class='ocrx_word' id='word_1_668' title='bbox 1556 4965 1884 5031; x_wconf 76' lang='lat' dir='ltr'><strong>puriﬁcetis,</strong></span> <span class='ocrx_word' id='word_1_669' title='bbox 1908 4979 1964 5022; x_wconf 91' lang='lat' dir='ltr'><strong>et</strong></span> <span class='ocrx_word' id='word_1_670' title='bbox 1993 4971 2037 5023; x_wconf 87' lang='lat' dir='ltr'><strong>si</strong></span> <span class='ocrx_word' id='word_1_671' title='bbox 2070 4972 2185 5040; x_wconf 85' lang='lat' dir='ltr'><strong>gla-</strong></span> 
     </span>
    </p>
   </div>
   <div class='ocr_carea' id='block_1_96' title="bbox 611 5054 2187 5124">
    <p class='ocr_par' dir='ltr' id='par_1_96' title="bbox 611 5054 2187 5124">
     <span class='ocr_line' id='line_1_96' title="bbox 611 5054 2187 5124; baseline 0.009 -20"><span class='ocrx_word' id='word_1_672' title='bbox 611 5054 762 5107; x_wconf 82' lang='lat' dir='ltr'><strong>dium</strong></span> <span class='ocrx_word' id='word_1_673' title='bbox 810 5069 909 5124; x_wconf 87' lang='lat' dir='ltr'><strong>pro</strong></span> <span class='ocrx_word' id='word_1_674' title='bbox 942 5054 1199 5108; x_wconf 83' lang='lat' dir='ltr'><strong>alimonia</strong></span> <span class='ocrx_word' id='word_1_675' title='bbox 1270 5056 1519 5109; x_wconf 71' lang='lat' dir='ltr'><strong>tractatis.</strong></span> <span class='ocrx_word' id='word_1_676' title='bbox 1598 5057 1703 5110; x_wconf 83' lang='lat' dir='ltr'><strong>Sed</strong></span> <span class='ocrx_word' id='word_1_677' title='bbox 1757 5060 1972 5113; x_wconf 88' lang='lat' dir='ltr'><strong>etiamsi</strong></span> <span class='ocrx_word' id='word_1_678' title='bbox 2046 5063 2187 5118; x_wconf 80' lang='lat' dir='ltr'><strong>forte</strong></span> 
     </span>
    </p>
   </div>
   <div class='ocr_carea' id='block_1_97' title="bbox 611 5147 2188 5222">
    <p class='ocr_par' dir='ltr' id='par_1_97' title="bbox 611 5147 2188 5222">
     <span class='ocr_line' id='line_1_97' title="bbox 611 5147 2188 5222; baseline 0.008 -25"><span class='ocrx_word' id='word_1_679' title='bbox 611 5147 809 5215; x_wconf 81' lang='lat' dir='ltr'><strong>aliquis</strong></span> <span class='ocrx_word' id='word_1_680' title='bbox 832 5147 1147 5217; x_wconf 88' lang='lat' dir='ltr'><strong>ignorantcr</strong></span> <span class='ocrx_word' id='word_1_681' title='bbox 1162 5148 1388 5203; x_wconf 82' lang='lat' dir='ltr'><strong>accedat</strong></span> <span class='ocrx_word' id='word_1_682' title='bbox 1408 5147 1473 5200; x_wconf 84' lang='lat' dir='ltr'><strong>ad</strong></span> <span class='ocrx_word' id='word_1_683' title='bbox 1503 5148 1724 5217; x_wconf 87' lang='lat' dir='ltr'><strong>indigne</strong></span> <span class='ocrx_word' id='word_1_684' title='bbox 1749 5152 2188 5222; x_wconf 89' lang='lat' dir='ltr'><strong>percipiendum,</strong></span> 
     </span>
    </p>
   </div>
   <div class='ocr_carea' id='block_1_98' title="bbox 608 5236 2186 5307">
    <p class='ocr_par' dir='ltr' id='par_1_98' title="bbox 608 5236 2186 5307">
     <span class='ocr_line' id='line_1_98' title="bbox 608 5236 2186 5307; baseline 0.009 -20"><span class='ocrx_word' id='word_1_685' title='bbox 608 5236 814 5306; x_wconf 84' lang='lat' dir='ltr'><strong>absque</strong></span> <span class='ocrx_word' id='word_1_686' title='bbox 847 5240 957 5293; x_wconf 94' lang='lat' dir='ltr'><strong>ullo</strong></span> <span class='ocrx_word' id='word_1_687' title='bbox 989 5250 1134 5293; x_wconf 84' lang='lat' dir='ltr'><strong>metu</strong></span> <span class='ocrx_word' id='word_1_688' title='bbox 1183 5240 1509 5307; x_wconf 88' lang='lat' dir='ltr'><strong>prohibete:</strong></span> <span class='ocrx_word' id='word_1_689' title='bbox 1546 5240 1713 5293; x_wconf 86' lang='lat' dir='ltr'><strong>Deum</strong></span> <span class='ocrx_word' id='word_1_690' title='bbox 1765 5245 2017 5307; x_wconf 88' lang='lat' dir='ltr'><strong>metuite,</strong></span> <span class='ocrx_word' id='word_1_691' title='bbox 2080 5263 2186 5301; x_wconf 93' lang='lat' dir='ltr'><strong>non</strong></span> 
     </span>
    </p>
   </div>
   <div class='ocr_carea' id='block_1_99' title="bbox 609 5326 2184 5400">
    <p class='ocr_par' dir='ltr' id='par_1_99' title="bbox 609 5326 2184 5400">
     <span class='ocr_line' id='line_1_99' title="bbox 609 5326 2184 5400; baseline 0.01 -21"><span class='ocrx_word' id='word_1_692' title='bbox 609 5326 880 5383; x_wconf 79' lang='lat' dir='ltr'><strong>homines.</strong></span> <span class='ocrx_word' id='word_1_693' title='bbox 918 5329 1115 5400; x_wconf 87' lang='lat' dir='ltr'><strong>Utique</strong></span> <span class='ocrx_word' id='word_1_694' title='bbox 1147 5331 1191 5385; x_wconf 92' lang='lat' dir='ltr'><strong>si</strong></span> <span class='ocrx_word' id='word_1_695' title='bbox 1223 5330 1473 5386; x_wconf 85' lang='lat' dir='ltr'><strong>homines</strong></span> <span class='ocrx_word' id='word_1_696' title='bbox 1525 5333 1850 5398; x_wconf 88' lang='lat' dir='ltr'><strong>metueritis,</strong></span> <span class='ocrx_word' id='word_1_697' title='bbox 1888 5336 1956 5390; x_wconf 88' lang='lat' dir='ltr'><strong>ab</strong></span> <span class='ocrx_word' id='word_1_698' title='bbox 1991 5337 2184 5394; x_wconf 87' lang='lat' dir='ltr'><strong>iisdem</strong></span> 
     </span>
    </p>
   </div>
   <div class='ocr_carea' id='block_1_100' title="bbox 687 5510 1250 5579">
    <p class='ocr_par' dir='ltr' id='par_1_100' title="bbox 687 5510 1250 5579">
     <span class='ocr_line' id='line_1_100' title="bbox 687 5510 1250 5579; baseline 0.005 -16"><span class='ocrx_word' id='word_1_699' title='bbox 687 5510 729 5541; x_wconf 77' lang='lat'><em>&quot;</em></span> <span class='ocrx_word' id='word_1_700' title='bbox 752 5510 943 5564; x_wconf 80' lang='lat' dir='ltr'><strong>Matth.</strong></span> <span class='ocrx_word' id='word_1_701' title='bbox 972 5529 1119 5579; x_wconf 70' lang='lat' dir='ltr'><strong>sxw,</strong></span> <span class='ocrx_word' id='word_1_702' title='bbox 1163 5513 1250 5567; x_wconf 85' lang='lat' dir='ltr'><strong>l8.</strong></span> 
     </span>
    </p>
   </div>
   <div class='ocr_carea' id='block_1_101' title="bbox 676 5648 2179 5721">
    <p class='ocr_par' dir='ltr' id='par_1_101' title="bbox 676 5648 2179 5721">
     <span class='ocr_line' id='line_1_101' title="bbox 676 5648 2179 5721; baseline 0.003 -18"><span class='ocrx_word' id='word_1_703' title='bbox 676 5651 754 5720; x_wconf 79' lang='grc' dir='ltr'><strong>(Ι)</strong></span> <span class='ocrx_word' id='word_1_704' title='bbox 796 5650 1003 5719; x_wconf 83' lang='lat' dir='ltr'><strong>Nempe</strong></span> <span class='ocrx_word' id='word_1_705' title='bbox 1035 5652 1280 5721; x_wconf 90' lang='lat' dir='ltr'><strong>loquitur</strong></span> <span class='ocrx_word' id='word_1_706' title='bbox 1309 5648 1437 5713; x_wconf 90' lang='lat' dir='ltr'><strong>illis,</strong></span> <span class='ocrx_word' id='word_1_707' title='bbox 1476 5650 1681 5720; x_wconf 89' lang='lat' dir='ltr'><strong>quibus</strong></span> <span class='ocrx_word' id='word_1_708' title='bbox 1715 5652 1961 5708; x_wconf 82' lang='lat' dir='ltr'><strong>Ecclesia</strong></span> <span class='ocrx_word' id='word_1_709' title='bbox 1988 5652 2179 5708; x_wconf 89' lang='lat' dir='ltr'><strong>divina</strong></span> 
     </span>
    </p>
   </div>
   <div class='ocr_carea' id='block_1_102' title="bbox 607 5722 1416 5792">
    <p class='ocr_par' dir='ltr' id='par_1_102' title="bbox 607 5722 1416 5792">
     <span class='ocr_line' id='line_1_102' title="bbox 607 5722 1416 5792; baseline -0.005 -15"><span class='ocrx_word' id='word_1_710' title='bbox 607 5722 864 5792; x_wconf 72' lang='lat' dir='ltr'><strong>mysteria</strong></span> <span class='ocrx_word' id='word_1_711' title='bbox 899 5738 1005 5774; x_wconf 84' lang='lat' dir='ltr'><strong>non</strong></span> <span class='ocrx_word' id='word_1_712' title='bbox 1044 5724 1416 5776; x_wconf 79' lang='lat' dir='ltr'><strong>interdixerit.</strong></span> 
     </span>
    </p>
   </div>
   <div class='ocr_carea' id='block_1_103' title="bbox 674 5791 2185 5862">
    <p class='ocr_par' dir='ltr' id='par_1_103' title="bbox 674 5791 2185 5862">
     <span class='ocr_line' id='line_1_103' title="bbox 674 5791 2185 5862; baseline 0.003 -18"><span class='ocrx_word' id='word_1_713' title='bbox 674 5793 752 5860; x_wconf 69' lang='lat' dir='ltr'><strong>t2)</strong></span> <span class='ocrx_word' id='word_1_714' title='bbox 790 5794 998 5849; x_wconf 86' lang='lat' dir='ltr'><strong>Idcirco</strong></span> <span class='ocrx_word' id='word_1_715' title='bbox 1047 5798 1099 5847; x_wconf 83' lang='lat' dir='ltr'><strong>in</strong></span> <span class='ocrx_word' id='word_1_716' title='bbox 1128 5792 1376 5862; x_wconf 83' lang='lat' dir='ltr'><strong>picturis,</strong></span> <span class='ocrx_word' id='word_1_717' title='bbox 1413 5791 1591 5847; x_wconf 69' lang='lat' dir='ltr'><strong>missae</strong></span> <span class='ocrx_word' id='word_1_718' title='bbox 1638 5793 1951 5851; x_wconf 65' lang='lat' dir='ltr'><strong>ercorum</strong></span> <span class='ocrx_word' id='word_1_719' title='bbox 2024 5812 2185 5852; x_wconf 88' lang='lat' dir='ltr'><strong>ener-</strong></span> 
     </span>
    </p>
   </div>
   <div class='ocr_carea' id='block_1_104' title="bbox 2288 4605 3857 4679">
    <p class='ocr_par' dir='ltr' id='par_1_104' title="bbox 2288 4605 3857 4679">
     <span class='ocr_line' id='line_1_104' title="bbox 2288 4605 3857 4679; baseline 0.002 -21"><span class='ocrx_word' id='word_1_720' title='bbox 2288 4607 2498 4660; x_wconf 80' lang='grc' dir='ltr'>ὗανὲτω</span> <span class='ocrx_word' id='word_1_721' title='bbox 2537 4605 2759 4671; x_wconf 72' lang='grc' dir='ltr'>Ἰούδας,</span> <span class='ocrx_word' id='word_1_722' title='bbox 2788 4607 2875 4658; x_wconf 77' lang='grc' dir='ltr'>ἵνα</span> <span class='ocrx_word' id='word_1_723' title='bbox 2911 4606 2987 4675; x_wconf 80' lang='grc' dir='ltr'>μὴ</span> <span class='ocrx_word' id='word_1_724' title='bbox 3021 4606 3091 4659; x_wconf 77' lang='grc' dir='ltr'>τὰ</span> <span class='ocrx_word' id='word_1_725' title='bbox 3135 4606 3309 4659; x_wconf 80' lang='grc' dir='ltr'>Ἰούδα</span> <span class='ocrx_word' id='word_1_726' title='bbox 3354 4608 3524 4679; x_wconf 82' lang='grc' dir='ltr'>πάθῃ.</span> <span class='ocrx_word' id='word_1_727' title='bbox 3557 4610 3730 4679; x_wconf 82' lang='grc' dir='ltr'>Σῶμά</span> <span class='ocrx_word' id='word_1_728' title='bbox 3760 4613 3857 4662; x_wconf 69' lang='grc' dir='ltr'>ἐστι</span> 
     </span>
    </p>
   </div>
   <div class='ocr_carea' id='block_1_105' title="bbox 2290 4698 3857 4769">
    <p class='ocr_par' dir='ltr' id='par_1_105' title="bbox 2290 4698 3857 4769">
     <span class='ocr_line' id='line_1_105' title="bbox 2290 4698 3857 4769; baseline 0.001 -16"><span class='ocrx_word' id='word_1_729' title='bbox 2290 4700 2527 4768; x_wconf 78' lang='grc' dir='ltr'>Χριστοῦ</span> <span class='ocrx_word' id='word_1_730' title='bbox 2580 4700 2672 4751; x_wconf 76' lang='grc' dir='ltr'>καὶ</span> <span class='ocrx_word' id='word_1_731' title='bbox 2706 4698 2864 4751; x_wconf 81' lang='grc' dir='ltr'>τοῦτο</span> <span class='ocrx_word' id='word_1_732' title='bbox 2897 4700 2956 4751; x_wconf 79' lang='grc' dir='ltr'>τὸ</span> <span class='ocrx_word' id='word_1_733' title='bbox 2988 4699 3211 4769; x_wconf 84' lang='grc' dir='ltr'>πλῆθος.</span> <span class='ocrx_word' id='word_1_734' title='bbox 3255 4700 3454 4768; x_wconf 73' lang='grc' dir='ltr'>Ὁρᾶτε</span> <span class='ocrx_word' id='word_1_735' title='bbox 3494 4703 3631 4768; x_wconf 76' lang='grc' dir='ltr'>γοῦν</span> <span class='ocrx_word' id='word_1_736' title='bbox 3660 4705 3712 4755; x_wconf 83' lang='lat' dir='ltr'><strong>oi</strong></span> <span class='ocrx_word' id='word_1_737' title='bbox 3758 4704 3857 4756; x_wconf 79' lang='grc' dir='ltr'>δια-</span> 
     </span>
    </p>
   </div>
   <div class='ocr_carea' id='block_1_106' title="bbox 2286 4791 3857 4862">
    <p class='ocr_par' dir='ltr' id='par_1_106' title="bbox 2286 4791 3857 4862">
     <span class='ocr_line' id='line_1_106' title="bbox 2286 4791 3857 4862; baseline -0.006 -18"><span class='ocrx_word' id='word_1_738' title='bbox 2286 4791 2605 4861; x_wconf 74' lang='grc' dir='ltr'>κονούμενοι</span> <span class='ocrx_word' id='word_1_739' title='bbox 2652 4794 2764 4853; x_wconf 79' lang='grc' dir='ltr'>τοῖς</span> <span class='ocrx_word' id='word_1_740' title='bbox 2793 4792 3134 4860; x_wconf 85' lang='grc' dir='ltr'>μυστηρίοις.</span> <span class='ocrx_word' id='word_1_741' title='bbox 3168 4791 3247 4861; x_wconf 82' lang='grc' dir='ltr'><strong>μὴ</strong></span> <span class='ocrx_word' id='word_1_742' title='bbox 3276 4792 3628 4862; x_wconf 79' lang='grc' dir='ltr'>παροξύνητε</span> <span class='ocrx_word' id='word_1_743' title='bbox 3659 4796 3757 4848; x_wconf 62' lang='grc' dir='ltr'>τὸν</span> <span class='ocrx_word' id='word_1_744' title='bbox 3778 4800 3857 4847; x_wconf 71' lang='grc' dir='ltr'><strong>Δε.</strong></span> 
     </span>
    </p>
   </div>
   <div class='ocr_carea' id='block_1_107' title="bbox 2289 4882 3857 4956">
    <p class='ocr_par' dir='ltr' id='par_1_107' title="bbox 2289 4882 3857 4956">
     <span class='ocr_line' id='line_1_107' title="bbox 2289 4882 3857 4956; baseline 0 -20"><span class='ocrx_word' id='word_1_745' title='bbox 2289 4884 2519 4951; x_wconf 86' lang='grc' dir='ltr'>σπότην,</span> <span class='ocrx_word' id='word_1_746' title='bbox 2543 4883 2643 4935; x_wconf 76' lang='grc' dir='ltr'><strong>οὐκ</strong></span> <span class='ocrx_word' id='word_1_747' title='bbox 2673 4882 3098 4951; x_wconf 76' lang='grc' dir='ltr'>ἐκκαθαίροντες</span> <span class='ocrx_word' id='word_1_748' title='bbox 3125 4884 3186 4934; x_wconf 76' lang='grc' dir='ltr'>τὸ</span> <span class='ocrx_word' id='word_1_749' title='bbox 3220 4884 3387 4953; x_wconf 84' lang='grc' dir='ltr'>σῶμα</span> <span class='ocrx_word' id='word_1_750' title='bbox 3416 4891 3594 4949; x_wconf 57' lang='grc' dir='ltr'>τουτῖ,</span> <span class='ocrx_word' id='word_1_751' title='bbox 3620 4890 3697 4956; x_wconf 79' lang='grc' dir='ltr'><strong>μὴ</strong></span> <span class='ocrx_word' id='word_1_752' title='bbox 3728 4885 3857 4953; x_wconf 73' lang='grc' dir='ltr'>ξίφος</span> 
     </span>
    </p>
   </div>
   <div class='ocr_carea' id='block_1_108' title="bbox 2288 4972 3858 5045">
    <p class='ocr_par' dir='ltr' id='par_1_108' title="bbox 2288 4972 3858 5045">
     <span class='ocr_line' id='line_1_108' title="bbox 2288 4972 3858 5045; baseline 0.001 -19"><span class='ocrx_word' id='word_1_753' title='bbox 2288 4973 2426 5027; x_wconf 81' lang='grc' dir='ltr'>δῶτε</span> <span class='ocrx_word' id='word_1_754' title='bbox 2465 4973 2596 5026; x_wconf 83' lang='grc' dir='ltr'>ἀντὶ</span> <span class='ocrx_word' id='word_1_755' title='bbox 2628 4972 2837 5043; x_wconf 83' lang='grc' dir='ltr'>τροφῆς</span> <span class='ocrx_word' id='word_1_756' title='bbox 2861 4989 2877 5004; x_wconf 89' lang='grc'><strong>·</strong></span> <span class='ocrx_word' id='word_1_757' title='bbox 2901 4972 3038 5026; x_wconf 83' lang='grc' dir='ltr'>ἀλλὰ</span> <span class='ocrx_word' id='word_1_758' title='bbox 3084 4972 3190 5025; x_wconf 75' lang='grc' dir='ltr'>κᾶν</span> <span class='ocrx_word' id='word_1_759' title='bbox 3215 4974 3321 5026; x_wconf 80' lang='grc' dir='ltr'>ὑπὸ</span> <span class='ocrx_word' id='word_1_760' title='bbox 3365 4975 3594 5041; x_wconf 82' lang='grc' dir='ltr'>ἀγνοίας</span> <span class='ocrx_word' id='word_1_761' title='bbox 3619 4978 3768 5040; x_wconf 79' lang='grc' dir='ltr'>τινὲς</span> <span class='ocrx_word' id='word_1_762' title='bbox 3790 4978 3858 5045; x_wconf 77' lang='grc' dir='ltr'><strong>ἕρ-</strong></span> 
     </span>
    </p>
   </div>
   <div class='ocr_carea' id='block_1_109' title="bbox 2291 5065 3857 5138">
    <p class='ocr_par' dir='ltr' id='par_1_109' title="bbox 2291 5065 3857 5138">
     <span class='ocr_line' id='line_1_109' title="bbox 2291 5065 3857 5138; baseline -0.001 -20"><span class='ocrx_word' id='word_1_763' title='bbox 2291 5082 2500 5135; x_wconf 86' lang='grc' dir='ltr'>χωνται</span> <span class='ocrx_word' id='word_1_764' title='bbox 2558 5065 2878 5133; x_wconf 73' lang='grc' dir='ltr'>μεθέξοντες</span> <span class='ocrx_word' id='word_1_765' title='bbox 2928 5065 3185 5129; x_wconf 81' lang='grc' dir='ltr'>ἀναξίως,</span> <span class='ocrx_word' id='word_1_766' title='bbox 3218 5068 3523 5133; x_wconf 76' lang='grc' dir='ltr'>κωλύσατε,</span> <span class='ocrx_word' id='word_1_767' title='bbox 3576 5069 3651 5138; x_wconf 77' lang='grc' dir='ltr'>μὴ</span> <span class='ocrx_word' id='word_1_768' title='bbox 3708 5074 3857 5135; x_wconf 67' lang='grc' dir='ltr'>φροη-</span> 
     </span>
    </p>
   </div>
   <div class='ocr_carea' id='block_1_110' title="bbox 2289 5153 3856 5227">
    <p class='ocr_par' dir='ltr' id='par_1_110' title="bbox 2289 5153 3856 5227">
     <span class='ocr_line' id='line_1_110' title="bbox 2289 5153 3856 5227; baseline 0.004 -22"><span class='ocrx_word' id='word_1_769' title='bbox 2289 5156 2424 5223; x_wconf 79' lang='grc' dir='ltr'>θῆτε</span> <span class='ocrx_word' id='word_1_770' title='bbox 2450 5170 2465 5185; x_wconf 78' lang='grc' dir='ltr'><strong>ο</strong></span> <span class='ocrx_word' id='word_1_771' title='bbox 2497 5154 2776 5223; x_wconf 76' lang='grc' dir='ltr'>φοϐήθητε</span> <span class='ocrx_word' id='word_1_772' title='bbox 2806 5153 2899 5207; x_wconf 77' lang='grc' dir='ltr'>τὸν</span> <span class='ocrx_word' id='word_1_773' title='bbox 2948 5154 3105 5219; x_wconf 78' lang='grc' dir='ltr'>Θεὸν,</span> <span class='ocrx_word' id='word_1_774' title='bbox 3149 5156 3223 5225; x_wconf 79' lang='grc' dir='ltr'>μὴ</span> <span class='ocrx_word' id='word_1_775' title='bbox 3276 5156 3624 5227; x_wconf 77' lang='grc' dir='ltr'>ἀνθρώπους.</span> <span class='ocrx_word' id='word_1_776' title='bbox 3656 5161 3755 5212; x_wconf 77' lang='grc' dir='ltr'><strong>Ἂν</strong></span> <span class='ocrx_word' id='word_1_777' title='bbox 3779 5176 3856 5227; x_wconf 81' lang='grc' dir='ltr'>φο·</span> 
     </span>
    </p>
   </div>
   <div class='ocr_carea' id='block_1_111' title="bbox 2291 5246 3856 5321">
    <p class='ocr_par' dir='ltr' id='par_1_111' title="bbox 2291 5246 3856 5321">
     <span class='ocr_line' id='line_1_111' title="bbox 2291 5246 3856 5321; baseline 0.001 -21"><span class='ocrx_word' id='word_1_778' title='bbox 2291 5247 2497 5318; x_wconf 72' lang='grc' dir='ltr'>δηθῆτε</span> <span class='ocrx_word' id='word_1_779' title='bbox 2526 5246 2875 5316; x_wconf 84' lang='grc' dir='ltr'>ἀνθρώπους,</span> <span class='ocrx_word' id='word_1_780' title='bbox 2900 5248 2993 5297; x_wconf 77' lang='grc' dir='ltr'>καὶ</span> <span class='ocrx_word' id='word_1_781' title='bbox 3037 5246 3130 5298; x_wconf 72' lang='grc' dir='ltr'><strong>ὑπ’</strong></span> <span class='ocrx_word' id='word_1_782' title='bbox 3158 5248 3343 5300; x_wconf 80' lang='grc' dir='ltr'>αὐτῶν</span> <span class='ocrx_word' id='word_1_783' title='bbox 3389 5252 3856 5321; x_wconf 69' lang='grc' dir='ltr'>καταγελασθήσε-</span> 
     </span>
    </p>
   </div>
   <div class='ocr_carea' id='block_1_112' title="bbox 2296 5339 3856 5414">
    <p class='ocr_par' dir='ltr' id='par_1_112' title="bbox 2296 5339 3856 5414">
     <span class='ocr_line' id='line_1_112' title="bbox 2296 5339 3856 5414; baseline -0.001 -20"><span class='ocrx_word' id='word_1_784' title='bbox 2296 5342 2392 5394; x_wconf 85' lang='grc' dir='ltr'><strong>σθε</strong></span> <span class='ocrx_word' id='word_1_785' title='bbox 2411 5356 2425 5372; x_wconf 76' lang='grc'><strong><em>⁸</em></strong></span> <span class='ocrx_word' id='word_1_786' title='bbox 2453 5340 2519 5394; x_wconf 84' lang='grc' dir='ltr'>ἂν</span> <span class='ocrx_word' id='word_1_787' title='bbox 2540 5340 2596 5393; x_wconf 80' lang='grc' dir='ltr'><strong>δὲ</strong></span> <span class='ocrx_word' id='word_1_788' title='bbox 2609 5340 2701 5392; x_wconf 84' lang='grc' dir='ltr'><strong>τὸν</strong></span> <span class='ocrx_word' id='word_1_789' title='bbox 2729 5339 2884 5407; x_wconf 65' lang='grc' dir='ltr'>Θεὸν,</span> <span class='ocrx_word' id='word_1_790' title='bbox 2904 5340 3000 5391; x_wconf 74' lang='grc' dir='ltr'>καὶ</span> <span class='ocrx_word' id='word_1_791' title='bbox 3027 5340 3340 5409; x_wconf 83' lang='grc' dir='ltr'>ἀνθρώποις</span> <span class='ocrx_word' id='word_1_792' title='bbox 3362 5342 3638 5414; x_wconf 72' lang='grc' dir='ltr'>αἰδέσιμοι</span> <span class='ocrx_word' id='word_1_793' title='bbox 3663 5343 3856 5397; x_wconf 67' lang='grc' dir='ltr'>ἔσεσθε.</span> 
     </span>
    </p>
   </div>
   <div class='ocr_carea' id='block_1_113' title="bbox 2296 5643 3847 5732">
    <p class='ocr_par' dir='ltr' id='par_1_113' title="bbox 2296 5643 3847 5732">
     <span class='ocr_line' id='line_1_113' title="bbox 2296 5643 3847 5732; baseline 0.002 -20"><span class='ocrx_word' id='word_1_794' title='bbox 2296 5660 2516 5728; x_wconf 83' lang='lat' dir='ltr'><strong>gumeni</strong></span> <span class='ocrx_word' id='word_1_795' title='bbox 2550 5660 2654 5715; x_wconf 89' lang='lat' dir='ltr'><strong>sub</strong></span> <span class='ocrx_word' id='word_1_796' title='bbox 2690 5661 2950 5717; x_wconf 64' lang='lat' dir='ltr'><strong>diemonis</strong></span> <span class='ocrx_word' id='word_1_797' title='bbox 2999 5643 3185 5732; x_wconf 66' lang='lat' dir='ltr'><strong>specie</strong></span> <span class='ocrx_word' id='word_1_798' title='bbox 3220 5661 3394 5718; x_wconf 90' lang='lat' dir='ltr'><strong>sacris</strong></span> <span class='ocrx_word' id='word_1_799' title='bbox 3426 5661 3639 5718; x_wconf 64' lang='lat' dir='ltr'><strong>aedibus</strong></span> <span class='ocrx_word' id='word_1_800' title='bbox 3661 5657 3847 5715; x_wconf 68' lang='lat' dir='ltr'><strong>divino-</strong></span> 
     </span>
    </p>
   </div>
   <div class='ocr_carea' id='block_1_114' title="bbox 2298 5733 3090 5803">
    <p class='ocr_par' dir='ltr' id='par_1_114' title="bbox 2298 5733 3090 5803">
     <span class='ocr_line' id='line_1_114' title="bbox 2298 5733 3090 5803; baseline 0.004 -20"><span class='ocrx_word' id='word_1_801' title='bbox 2298 5746 2406 5800; x_wconf 90' lang='lat' dir='ltr'><strong>que</strong></span> <span class='ocrx_word' id='word_1_802' title='bbox 2440 5733 2699 5803; x_wconf 76' lang='lat' dir='ltr'><strong>mysterio</strong></span> <span class='ocrx_word' id='word_1_803' title='bbox 2719 5735 3090 5803; x_wconf 81' lang='lat' dir='ltr'><strong>expelluntur.</strong></span> 
     </span>
    </p>
   </div>
  </div>
