4064 6292
300 343 406 407 95’)

1648 344 1982 405 ETIIICON
2028 345 2194 408 VIII.

3460 336 3559 394 97d

300 465 399 515 Διά
429 461 588 514 τοῦτο
631 459 706 530 μὴ
749 459 1142 530 συγχωρήσητε
1205 458 1375 513 ταῦτα
1411 458 1740 529 τολμᾶσθαι.
1777 460 1887 527 Τῆς

1995 458 2398 512 ἰτνίάιιιιξιιιίιιῑ;
2458 456 2541 508 sin
2598 454 2777 524 polius
2830 454 3020 513 Deum,
3074 450 3388 505 hominibus
3434 451 3567 516 ipsis

298 556 483 627 ψυχῆς
546 556 772 616 ἕκαστος
829 553 986 621 ὑμῶν
1040 553 1335 623 ἀποστήτω
1391 553 1680 622 πρότερον,
1716 552 1749 621 ἢ
1786 550 1880 604 τοῦ

302 649 559 716 σώματος
598 644 875 713 μεταδότω
905 644 1001 697 τοῦ
1040 642 1378 695 Δεσποτικοῦ
1408 643 1540 711 παρ’
1567 643 1721 709 ἀξίαν
1748 658 1760 671 ⁸
1790 644 1886 695 καὶ

298 739 358 791 τὸ
383 734 522 808 αἷμα
574 741 635 788 τδ
688 734 887 788 εαυτοῦ
923 735 1164 803 προϊέτω
1195 734 1485 804 πρότερον,
1521 734 1553 803 ἢ
1608 734 1887 801 μεταδότω

300 832 533 899 αἵματος
578 828 722 883 οὕτω
762 827 1068 898 φρικώδους
1116 827 1271 896 παρά
1305 827 1367 879 τὸ
1412 827 1708 898 προσῆκον.
1738 828 1799 879 Εἰ
1831 826 1889 878 δὲ

301 921 541 990 ἠγνόησέ
592 936 675 980 τις
726 920 816 970 «av
864 917 1089 985 φαῦλον,
1125 916 1299 970 πολλά
1353 916 1924 986 περιεργασάμενοςν

302 1014 455 1066 οὐδὲν
491 1012 746 1081 ἔγκλημα
772 1028 785 1042 ⁸
817 1010 988 1063 ταῦτα
1018 1010 1126 1079 γάρ
1176 1027 1268 1079 μοι
1302 1011 1431 1078 περὶ
1466 1008 1574 1061 τῶν
1604 1007 1782 1076 δήλων
1808 1009 1887 1061 εῖ-

307 1120 492 1172 ρηται.
526 1102 624 1153 "Av
661 1095 753 1153 οὖν
787 1101 913 1162 τοὺς
940 1101 1256 1169 γνωρίμους
1287 1099 1395 1150 τῶν
1423 1099 1647 1166 φαύλων
1669 1096 1893 1166 διορθώ-

306 1199 460 1262 σητε,
484 1193 578 1245 καὶ
604 1191 729 1255 τοὺς
764 1190 1023 1260 ἀγνῶτας
1051 1190 1261 1260 ταχέως
1286 1189 1416 1256 ὑμῖν
1439 1190 1466 1241 ό
1490 1187 1621 1251 Θεὸς
1645 1190 1888 1255 γνωριεῖ.

306 1286 405 1337 Ἂν
440 1285 495 1338 δὲ
528 1283 755 1345 τούτους
803 1283 1026 1351 ἐάσητε,
1066 1282 1212 1343 τίνος
1243 1281 1432 1333 ἕνεκεν
1476 1282 1607 1349 ὑμῖν
1647 1278 1891 1340 ἐκείνους

306 1377 578 1446 φανεροὺς
601 1366 817 1443 ποιήσει
839 1375 1023 1426 λοιπόν
1045 1392 1059 1439 ;
1087 1372 1273 1427 Ταῦτα
1289 1372 1434 1434 λέγω
1458 1373 1555 1442 οὐχ
1582 1373 1668 1424 ἵνα
1691 1371 1890 1439 ἀειτείρ⁸

307 1487 467 1539 γητε,
523 1471 634 1522 οὐδ’
691 1469 779 1521 ἴνα
834 1467 1141 1535 ἐκτέμνητε
1175 1468 1361 1535 μόνον,
1393 1466 1507 1518 ἀλλ’
1538 1466 1625 1518 ἵνα
1664 1462 1894 1534 διορθώ-

312 1579 501 1625 σαντες
538 1561 923 1629 ὲπαναγάγητε
953 1575 965 1589 ·
1008 1557 1151 1611 οὕτω
1186 1558 1292 1626 γὰρ
1329 1560 1419 1610 καὶ
1455 1558 1545 1610 τὸν
1574 1558 1706 1609 Θεὸν
1733 1556 1891 1609 ῖλεων

310 1655 480 1719 ἕξετε,
509 1654 602 1705 καὶ
632 1650 1012 1713 πολλοὺςτοὺς
1034 1652 1152 1702 κατ’
1179 1650 1336 1714 ἀξίαν
1372 1648 1893 1719 μεταλαμόσὶνοντας

274 1778 275 1781 η
309 1748 594 1816 εὑρήσετε,
631 1744 724 1797 καὶ
774 1746 873 1813 τῆς
909 1743 1121 1803 οἰκείας
1163 1741 1419 1809 σπουδῆς,
1472 1743 1567 1794 καὶ
1624 1740 1726 1808 τῆς
1763 1742 1892 1809 περὶ

1994 546 2292 600 venerandi
2322 544 2499 598 eritis.
2535 544 2660 597 Ideo
2692 560 2757 597 ne
2814 542 3100 612 patiamini
3135 540 3443 609 hnjnsmodi
3470 555 3568 590 au-

1993 653 2106 690 sus.
2135 637 2345 689 Animae
2376 636 2612 704 quisque
2681 650 2791 697 sua:
2826 634 3007 702 potius
3065 630 3363 690 renuntiet,
3410 646 3572 697 quam

1992 729 2335 782 Dominicnm
2367 742 2567 793 corpus
2595 735 2783 779 contra
2831 725 3149 793 dignitatem
3183 720 3397 776 tradat:
3451 737 3577 775 saa-

1992 821 2211 888 guincm
2243 818 2475 887 quisque
2514 834 2676 872 suum
2725 824 2849 871 ante
2908 817 3179 886 prodigat,
3239 830 3404 884 quam
3438 814 3575 867 adeo

1995 908 2339 964 tremendum
2375 912 2698 979 sanguinem
2739 918 2930 965 contra
2955 908 3033 961 fas
3063 906 3261 962 tradat.
3310 905 3465 973 Quod
3528 903 3572 955 si

1994 1000 2196 1069 aliquis
2217 999 2493 1055 hominem
2533 1009 2877 1068 peccatorem
2924 998 3276 1069 ignoraverit,
3319 996 3575 1066 quamvis

1995 1108 2328 1161 magnopere
2350 1093 2732 1162 vestigaverit,
2760 1092 2908 1147 nulla
2926 1092 3099 1161 ipsius
3118 1091 3276 1160 culpa
3298 1090 3423 1143 erit.
3452 1088 3577 1141 Ilazc

1994 1184 2138 1236 enim
2173 1199 2270 1236 nos
2301 1183 2368 1237 de
2400 1184 2699 1238 manifestis
2737 1184 2905 1237 locuti
2928 1198 3139 1237 sumus.
3177 1182 3294 1235 .Iam
3328 1180 3373 1233 si
3418 1188 3576 1231 notos

1996 1282 2316 1342 peccatores
2336 1274 2781 1330 emendaveritis.
2802 1276 2983 1327 statim
3010 1274 3224 1343 ignotos
3243 1286 3460 1341 quoque
3482 1287 3575 1322 vo-

1996 1363 2081 1418 bis
2132 1366 2276 1420 Deus
2308 1366 2594 1421 revelabit.
2626 1366 2781 1432 Quod
2819 1366 2862 1420 si
2900 1367 3019 1420 illos
3054 1365 3315 1419 accedere
3352 1363 3578 1433 permit-

1996 1455 2148 1518 tatis,
2169 1458 2395 1527 curjarn
2419 1457 2662 1525 reliquos
2687 1457 2845 1511 vobis
2868 1456 3010 1511 Deus
3029 1457 3577 1523 manifestet?Atquc

1996 1547 2111 1601 hac
2134 1548 2241 1612 aio,
2266 1559 2321 1602 ut
2344 1565 2453 1603 non
2475 1550 2711 1606 arceatis
2737 1550 3117 1604 tantummodo
3135 1549 3216 1604 vel
3246 1547 3575 1617 prwcidatis,

1996 1641 2090 1693 sed
2135 1652 2193 1695 ut
2234 1643 2556 1697 emendatos
2604 1643 2901 1698 reducatis.
2956 1645 3046 1697 Sic
3094 1643 3242 1697 enim
3297 1648 3353 1695 et
3402 1641 3573 1694 Deum

1997 1732 2291 1800 propitium
2314 1732 2608 1797 habebitis,
2626 1744 2680 1789 et
2704 1736 2904 1790 multos
2923 1736 3083 1804 digne
3103 1735 3576 1789 communicantes

309 1840 433 1898 τοὺς
472 1837 663 1899 ἄλλους
700 1833 1021 1904 ἐπιμελείας
1058 1833 1229 1885 πολὺν
1266 1832 1613 1902 ἀπολήψεσθε
1650 1832 1740 1883 τὸν
1799 1849 1890 1901 μι-

1997 1826 2367 1893 comperietis,
2400 1835 2455 1880 et
2477 1836 2671 1881 vestrae
2704 1802 3037 1890 sedulitatis,
3083 1835 3248 1897 atque
3283 1842 3410 1896 erga
3436 1826 3577 1878 alios

311 1931 458 1985 σθόν.

378 2028 483 2074 κα’.
520 2022 641 2073 Ἔτι
674 2019 877 2080 πάντες
908 2018 957 2070 οῖ
990 2018 1157 2088 ἱερεῖς
1198 2017 1291 2070 καὶ
1337 2018 1364 2069 ὁ
1413 2017 1544 2080 λαὸς
1590 2018 1679 2069 διὰ
1727 2035 1893 2070 σπου-

308 2114 406 2183 δῆς
448 2111 741 2180 ποιώμεθα
784 2109 1009 2175 πολλῆς,
1062 2108 1204 2161 ὥστε
1262 2108 1402 2177 μετά
1443 2110 1542 2177 τὴν
1587 2110 1740 2178 ἱερὰν
1798 2112 1892 2163 καὶ

311 2203 546 2272 φρικτὴν
574 2201 783 2270 ταύτην
813 2200 1120 2270 τράπεζαν,
1154 2199 1230 2269 μὴ
1267 2199 1401 2266 πρδς
1434 2199 1608 2269 μέθην
1642 2202 1735 2253 κχὶ
1762 2218 1891 2269 τρυε

310 2296 417 2365 φὴν
445 2295 668 2355 ἑαυτοὺς
724 2293 1024 2346 ἐκδιδόναι·
1062 2296 1110 2345 εξ
1162 2292 1270 2360 γὰρ
1314 2292 1572 2344 οὐδέποτε
1612 2293 1720 2361 χρὴ
1766 2310 1893 2362 τρυ-

312 2387 442 2455 φᾷν,
479 2386 571 2437 καὶ
608 2383 771 2437 τοῦτο
818 2384 845 2435 ὁ
889 2381 1099 2445 Παῦλος
1136 2382 1404 2450 ἐδήλωσεν
1434 2381 1625 2442 εἰπὼν,
1664 2400 1682 2432 ι
1734 2383 1796 2434 Ἰ]
1833 2384 1891 2435 δὲ

314 2476 650 2530 σπαταλῶσα
700 2476 851 2540 ζῶσα
897 2475 1147 2543 τέθνηκε,
1200 2493 1218 2526 ι
1267 2473 1448 2543 πολλῷ
1498 2475 1699 2543 μᾶλλον
1749 2475 1891 2543 μετά

309 2568 409 2637 τὴν
458 2569 567 2621 τῶν
628 2569 947 2637 μυστηρίων
999 2567 1324 2620 κοινωνίαν·
1367 2568 1426 2618 οὐ
1475 2568 1582 2636 γὰρ
1616 2566 1703 2619 διά
1734 2569 1892 2620 τοῦτο

310 2658 610 2727 ἐγενόμεθα
664 2659 755 2711 καὶ
804 2659 1011 2727 ζῶμεν,
1059 2657 1147 2710 ἵνα
1204 2657 1471 2726 φάγωμεν
1520 2660 1610 2710 καὶ
1650 2659 1890 2726 πίωμεν,

308 2752 445 2803 ἀλλά
464 2752 527 2802 τὸ
551 2753 746 2818 φαγεῖν
777 2750 867 2803 διὰ
901 2751 960 2802 τὸ
986 2750 1085 2819 ζῇν
1114 2750 1342 2816 γέγονεν
1374 2750 1432 2814 ἐξ
1463 2753 1659 2821 ἀρχῆς.
1698 2751 1891 2820 Ἡμεῖς

306 2844 364 2898 δὲ
415 2844 489 2906 ὼς
535 2843 623 2895 διὰ
669 2842 831 2896 τοῦτο
881 2842 1132 2905 ἐλθόντες
1178 2846 1261 2906 εἰς
1313 2844 1405 2895 τὸν
1448 2844 1677 2913 κόσμον,
1715 2843 1890 2908 οὕτως

307 2938 387 2997 εἰς
438 2937 597 2989 τοῦτο
629 2935 808 2988 πάντα
849 2935 1365 3003 καταναλίσκομεν,
1401 2936 1497 2987 καὶ
1544 2936 1684 3003 μετὰ
1719 2936 1889 3006 μέθης

306 3032 416 3083 ἀπὸ
464 3030 566 3098 τῆς
598 3031 866 3100 αἰσθητῆς
913 3032 1263 3100 ἀνιστάμεθα
1294 3031 1597 3099 τραπέζης,
1644 3031 1890 3101 μηδόλως

307 3119 721 3191 ἐνθυμούμενοι,
773 3120 849 3183 ὼς
905 3122 933 3172 ὁ
993 3123 1134 3190 μετὰ
1202 3121 1303 3192 τὴν
1362 3123 1647 3191 τράπεζαν
1697 3124 1962 3199 καιρδςα

305 3214 659 3282 εὐχαριστίας
709 3213 826 3264 ἐστὶ
885 3212 978 3264 καὶ
1010 3211 1196 3281 ὓμνων
1230 3214 1422 3281 καιρός
1451 3229 1464 3243 ο
1502 3214 1592 3266 τὸν
1635 3215 1691 3267 δὲ
1724 3217 1888 3285 εὐχα-

307 3306 601 3374 ριστοῦντα
653 3305 776 3374 οὐχὶ
829 3303 1051 3372 μεθύειν
1095 3302 1295 3372 χρεὼν,
1330 3304 1447 3356 ἀλλ’
1484 3306 1886 3374 ἐγρηγορέναιο

300 3399 332 3449 ὁ
364 3399 474 3467 γάρ
521 3394 682 3449 τοῦτο
731 3396 1139 3465 ἐνθυμούμενος
1174 3396 1305 3447 ὅταν
1352 3395 1447 3448 ἐπὶ
1476 3398 1759 3468 τραπέζης
1791 3417 1891 3451 κα-

304 3488 450 3557 θίσῃ.
494 3489 576 3540 ὅτι
630 3486 769 3557 μετά
809 3486 906 3557 τὴν
948 3487 1231 3555 τράπεζαν
1272 3486 1435 3539 αὐτὸν
1484 3486 1742 3558 εὔχεσθαι
1788 3490 1888 3554 δεῖ,

307 3578 639 3647 συμμέτρως
676 3578 953 3647 ἐμπλήσει
986 3578 1084 3644 τὴν
1117 3576 1379 3647 γαστέρα,
1411 3578 1499 3632 ἵνα
1548 3580 1621 3648 μὴ
1660 3579 1892 3651 βαρυνό-

306 3686 468 3738 μενος
498 3671 630 3737 γόνυ
673 3668 856 3722 κλῖναι
888 3669 1227 3741 ἀδυνατήσῃ,
1263 3673 1356 3723 καὶ
1387 3672 1482 3723 τὸν
1531 3671 1666 3724 Θεὸν
1706 3690 1887 3741 παρα-

254 3822 271 3826 _
304 3760 556 3825 καλέσαι,
593 3760 891 3813 κάντεῦθεν
938 3762 1164 3829 γένηται
1229 3763 1322 3815 καὶ
1369 3763 1476 3815 τῶν
1511 3764 1724 3831 ἀλόγων
1764 3765 1890 3816 ἀλο-

303 3852 565 3921 γῶτερος.
599 3855 659 3905 Εἰ
687 3855 794 3923 γὰρ
823 3857 1008 3905 ἐκεῖνα
1040 3856 1179 3923 μετά
1208 3854 1306 3924 τὴν
1334 3857 1544 3926 φάτνην
1571 3859 1890 3927 ὁδοιπορίας

306 3947 540 4000 ἅπτεται
585 3947 679 3998 κοιλ⁵
717 3946 1037 4014 ἀχθοφορεῖ,
1071 3947 1167 3998 καὶ
1195 3946 1295 4016 τὴν
1327 3946 1541 4001 οἰκείαν
1570 3947 1888 4018 ἀποπληροῖ

305 4037 609 4100 διακονίαν,
641 4037 759 4099 πῶς
789 4042 890 4089 οὐκ
920 4038 1249 4108 ἀτιμότερος
1276 4038 1371 4091 κειὶ
1404 4039 1584 4091 αὐτῶν
1618 4040 1719 4092 τῶν
1753 4040 1890 4117 δνων

304 4129 334 4178 ό
371 4125 509 4194 μετά
538 4126 637 4195 τὴν
668 4126 949 4195 τράπεζαν
981 4128 1255 4197 ἄχρηστος
1282 4128 1574 4199 ἅνθρωπος
1608 4131 1747 4199 πρὸς
1778 4132 1889 4185 πᾶν

307 4219 468 4287 ἔργον
504 4221 597 4270 καὶ
636 4219 1034 4287 ἀνεπιτήδειος,
1077 4221 1165 4271 ὅτε
1218 4221 1456 4288 μάλιστα
1505 4223 1698 4293 νήφειν
1744 4226 1887 4295 χρή;

308 4312 418 4364 Καὶ.
454 4311 568 4380 ’γὰρ
610 4312 690 4363 ὅτι
724 4311 861 4380 μετὰ
889 4311 987 4377 τὴν
1027 4310 1270 4363 ἑστίασιν
1307 4314 1402 4382 οὐχ
1444 4313 1610 4366 ὕπνον
1642 4316 1762 4369 οὐδὲ
1797 4318 1890 4369 εύ-

306 4405 426 4474 νὴν,
487 4405 601 4457 ἀλλ’
661 4404 830 4473 εὐχὰς
887 4403 982 4455 καὶ
1040 4404 1201 4456 θείων
1259 4405 1497 4474 Γραφῶν
1560 4408 1886 4475 ἀνάγνωσιν,

306 4497 456 4565 ἡμᾶς
491 4495 834 4565 διαδέχεσθαι
891 4495 1019 4564 χρὴ,
1050 4493 1211 4548 τοῦτο
1246 4500 1584 4566 σαφέστερον
1616 4500 1886 4568 ἐδήλωσεν
1920 4488 1963 4544 Ῐ)

304 4591 332 4640 ό
362 4590 597 4656 Χριστός
623 4604 636 4618 ·
671 4590 739 4640 τὰ
774 4587 907 4654 γοῦν
933 4587 1139 4657 ἄπειρα
1173 4589 1356 4658 πλήθη
1386 4589 1508 4642 τότε
1543 4593 1805 4656 ἑστιάσας
1832 4596 1889 4646 ἐν

304 4684 371 4750 τῇ
402 4683 614 4750 ἐρήμῳ,
642 4681 742 4733 οὐκ
773 4682 867 4732 ἐπὶ
893 4682 1085 4750 κλίνην
1115 4682 1623 4752 αύτοὺςέπεμψεν,
1653 4686 1769 4738 ἀλλ’
1796 4688 1890 4741 ἐπὶ

305 4772 459 4825 θείαν
499 4773 768 4841 ἀκρόασιν
799 4772 1029 4824 ἐκάλεσε
1065 4771 1263 4840 λογίιιιν
1289 4790 1301 4802 ·
1351 4774 1413 4826 ού
1457 4774 1567 4845 γὰρ
1604 4776 1887 4848 διέρρηξεν

310 4862 488 4915 αὐτῶν
516 4864 616 4923 τὰς
638 4860 930 4931 γαστέρας,
960 4861 1081 4914 οὐδὲ
1113 4862 1194 4922 εἰς
1222 4860 1399 4931 μέθην
1442 4864 1722 4932 ἐνέϐαλεν,
1749 4869 1887 4923 ἀλλὰ

311 4955 607 5025 πληρώσας
651 4952 834 5006 αὐτῶν
868 4954 967 5021 τὴν
1017 4955 1228 5023 χρείαν,
1266 4955 1406 5024 πρὸς
1452 4956 1551 5025 τὴν
1585 4976 1889 5029 πνευματι-

306 5051 413 5112 κὴν
468 5042 573 5115 ἦγε
629 5050 858 5115 τροφήν.
893 5042 1052 5097 Οὕτω
1100 5047 1191 5099 καί
1258 5047 1421 5116 ἡμεῖς
1478 5049 1743 5119 ποιῶμεν,
1792 5055 1887 5105 καὶ

304 5140 560 5192 τοσόύτον
607 5139 889 5201 ἐθίσαντες
936 5139 1161 5200 ἑαυτοὺς
1219 5139 1422 5193 ἐσθίειν
1465 5142 1590 5194 ὅσον
1646 5148 1780 5211 πρὶς
1827 5148 1887 5198 τὸ

305 5230 407 5299 ζῇν
454 5229 635 5298 μόνον,
679 5230 777 5297 οὐχ
822 5229 948 5281 ὅσον
988 5229 1328 5282 διασπᾶσθαι
1372 5232 1465 5283 καὶ
1509 5234 1842 5302 βαρύνεσθαι
1870 5252 1884 5267 ο

306 5324 402 5375 καὶ
431 5324 662 5375 πάντοτε
706 5321 807 5390 μὲν
838 5323 946 5374 ἀπὸ
974 5321 1073 5391 τῆς
1117 5322 1404 5392 τραπέζης
1457 5328 1532 5395 μὴ
1571 5328 1662 5379 ἐπὶ
1693 5328 1885 5397 κλίνην

305 5420 420 5471 ἀλλ’
459 5419 543 5471 ὲπ⁹
573 5418 739 5489 εὐχὴν
764 5417 1102 5488 τρεπώμεθα
1136 5417 1232 5487 (1).

378 5560 424 5592 ⁸⁵
457 5560 472 5612 I
507 5558 652 5612 Tim.
685 5574 736 5622 ν,
766 5557 821 5611 6.
901 5557 942 5587 ¹⁶
976 5557 1110 5610 Luc.
1152 5571 1225 5621 Ix,
1265 5557 1346 5611 I8.

384 5726 460 5794 (I)
493 5724 587 5779 Est
619 5725 878 5776 hodierna
908 5737 1128 5790 quoque
1154 5722 1497 5794 consuetudo
1532 5725 1584 5775 in
1610 5724 1877 5793 religiosis

308 5792 600 5861 sodaliti‘is,
664 5806 722 5847 ut
767 5803 888 5862 post
952 5807 1195 5844 mensam
1238 5792 1305 5844 ad
1359 5792 1867 5859 ador-.unlatn’bre-

630 5891 901 5949 Ρλτίιυι.
935 5890 1049 5949 GR.
1099 5888 1351 5950 IIXHX.

1993 1929 2142 1969 cura:
2173 1916 2399 1970 multam
2449 1918 2700 1972 referetis
2748 1919 3080 1973 mercedem.

2066 2008 2155 2062 2|.
2194 2007 2426 2078 Insuper
2458 2010 2640 2065 cuncti
2680 2010 2996 2066 sacerdotes
3031 2026 3095 2065 ac
3151 2012 3389 2081 populus
3422 2011 3578 2066 valde

1995 2100 2336 2164 Studeamus,
2397 2118 2464 2156 ne
2519 2102 2644 2171 quis
2680 2112 2804 2171 post
2860 2118 3075 2157 sacrum
3124 2104 3578 2171 tremendumque

1996 2194 2327 2260 convivium,
2365 2194 2619 2249 ebrietati
2651 2206 2705 2250 et
2731 2196 2961 2249 luxuriae
2990 2212 3048 2251 se
3097 2197 3281 2251 dedat.
3332 2196 3465 2251 Nam
3506 2196 3575 2260 si,
3614 2247 3620 2253 .

1995 2299 2273 2354 nunquam
2302 2285 2569 2340 luxuriari
2609 2297 2865 2354 oportere
2891 2288 3053 2341 docet
3098 2287 3297 2341 Paulus
3348 2287 3573 2341 dicens:

2002 2395 2020 2427 ι
2056 2376 2187 2444 Qua:
2211 2387 2395 2433 autem
2424 2380 2476 2433 in
2506 2379 2719 2435 deliciis
2752 2391 2854 2441 est.
2878 2381 3064 2435 vivens
3085 2389 3298 2435 mortua
3322 2389 3408 2435 est
3429 2381 3471 2412 ³⁵
3498 2398 3513 2445 ς
3555 2400 3572 2432 ι

1995 2472 2169 2525 multo
2201 2471 2253 2525 id
2286 2474 2464 2528 minus
2504 2483 2627 2543 post
2658 2473 3048 2543 mysteriorum
3108 2474 3577 2528 communionem.

1994 2562 2111 2617 Non
2140 2564 2286 2619 enim
2310 2565 2504 2620 adhoc
2538 2565 2648 2621 nati
2686 2581 2873 2620 sumus
2900 2576 2955 2621 et
2980 2566 3234 2630 vivimus,
3269 2574 3329 2619 ut
3349 2564 3581 2619 mandn‘

1990 2670 2184 2710 cemus
2239 2672 2303 2710 ac
2340 2657 2613 2723 bibamus,
2645 2659 2739 2713 sed
2778 2659 2900 2714 ideo
2941 2659 3282 2713 comedimus
3334 2668 3392 2712 ut
3434 2658 3579 2712 viva-

1994 2763 2148 2802 mus:
2180 2750 2383 2819 quippe
2410 2749 2554 2804 haud
2585 2751 2767 2805 vivere
2795 2762 2853 2804 ut
2882 2766 3191 2817 vescamur,
3215 2752 3312 2805 sed
3338 2750 3486 2806 vesci
3519 2760 3580 2804 ut

1996 2839 2265 2904 vivamus,
2331 2841 2515 2911 prisco
2562 2842 2689 2910 jure
2773 2852 3038 2898 statutum
3091 2852 3194 2899 est.
3248 2843 3362 2899 Nos
3418 2860 3573 2908 vero,

1995 2932 2149 3001 quasi
2183 2933 2249 2987 ad
2279 2935 2560 3003 crapulam
2600 2936 2652 2988 in
2686 2936 2951 2989 munilum
3010 2937 3347 3000 venerimus,
3377 2948 3575 2991 cuncta

1994 3023 2053 3080 in
2106 3026 2254 3111 illam
2306 3026 2669 3091 absumimus,
2711 3026 2962 3096 ebriique
2992 3042 3021 3080 a
3064 3026 3334 3081 materiali
3389 3043 3578 3083 mensa

1994 3118 2311 3188 surgimus:
2341 3120 2565 3174 minime
2594 3128 2937 3188 reputantes,
2995 3119 3139 3189 quod
3180 3130 3302 3189 post
3333 3134 3578 3176 mensam

1997 3216 2213 3280 tempus
2273 3210 2607 3280 agendarum
2654 3213 2956 3281 gratiarum
2983 3221 3039 3265 et
3070 3211 3400 3281 hymnorum
3436 3220 3578 3267 tem-

1994 3318 2097 3369 pus
2124 3303 2227 3358 sit:
2262 3318 2429 3373 porro
2450 3318 2601 3369 eum,
2635 3304 2726 3373 qui
2760 3304 2965 3374 gratias
2989 3304 3120 3373 agit,
3176 3304 3326 3359 haud
3353 3306 3570 3360 ebrium

1993 3411 2114 3452 esse
2153 3404 2407 3466 Oportere
2441 3396 2535 3450 sed
2570 3405 2975 3463 experrectum.
3010 3394 3145 3450 Nam
3197 3398 3287 3466 qui
3325 3397 3579 3453 conside~

1994 3496 2098 3551 ret,
2154 3488 2283 3542 dum
2310 3502 2512 3542 mensae
2562 3486 2862 3548 accumbit,
2911 3484 3025 3539 fore
3064 3495 3121 3540 ut
3152 3496 3274 3555 post
3329 3502 3573 3543 mensam

1992 3595 2182 3649 preces
2216 3580 2383 3645 dicat,
2411 3579 2457 3632 is
2484 3579 2699 3633 modice
2754 3589 3001 3633 ventrem
3050 3580 3318 3649 implebit,
3349 3596 3418 3635 ne
3451 3581 3577 3635 cibo

1993 3680 2247 3738 gravatus
2276 3685 2418 3739 genu
2453 3670 2675 3725 ﬂectere
2698 3680 2955 3739 nequeat.
2981 3680 3037 3723 et
3067 3670 3237 3725 Deum
3272 3673 3530 3727 invocare
3559 3690 3574 3731 ;

1993 3776 2156 3833 atque
2207 3763 2333 3818 hinc
2387 3765 2478 3815 ﬁat
2533 3764 2712 3818 brutis
2767 3763 3158 3816 irrationalior.
3212 3765 3345 3818 Nam
3376 3766 3422 3819 si
3485 3766 3573 3820 illa

1995 3866 2116 3926 post
2141 3870 2402 3926 praesepe,
2439 3856 2543 3909 iter
2582 3855 2988 3923 ingrediuntur,
3040 3866 3095 3909 et
3134 3871 3301 3910 onera
3363 3856 3574 3921 ferunt,

1993 3958 2048 4002 et
2074 3947 2355 4018 proprium
2387 3946 2755 4001 ministerium
2794 3945 3075 4006 exhibent.
3105 3947 3297 4016 quidni
3326 3949 3395 4003 sit
3443 3950 3577 4018 ipsis

1994 4041 2165 4095 asinis
2215 4039 2687 4109 contemptibilior
2733 4040 2897 4093 homo
2946 4048 3068 4108 post
3100 4056 3343 4094 mensam
3399 4042 3577 4095 cuivis

1993 4132 2144 4201 operi
2198 4132 2416 4200 ineptus
2472 4142 2530 4185 et
2596 4132 2888 4199 impotens,
2928 4144 3052 4184 cum
3112 4141 3291 4184 tamen
3340 4134 3577 4187 maxime

1993 4234 2373 4296 experrectum
2399 4239 2519 4280 esse
2548 4224 2813 4293 oportet?
2851 4222 2981 4276 Nam
3022 4222 3167 4292 quod
3208 4232 3328 4292 post
3361 4224 3572 4285 cibum,

1993 4317 2139 4371 haud
2166 4331 2360 4371 somno
2400 4316 2485 4368 vel
2517 4314 2706 4375 cubili,
2748 4312 2842 4367 sed
2879 4312 3136 4382 precibus
3168 4322 3224 4365 et
3256 4311 3572 4365 divinarum

1993 4410 2403 4482 Scripturarum
2442 4405 2668 4461 lectioni
2705 4404 3006 4458 vacandum
3064 4402 3156 4467 sit,
3179 4403 3233 4456 id
3287 4403 3577 4472 perspicue

1994 4502 2236 4559 ostendit
2266 4500 2541 4564 Christus,
2592 4499 2837 4567 quicum
2881 4496 3224 4550 innumeram
3262 4494 3576 4569 multitndi~

1996 4610 2119 4648 nem
2154 4595 2205 4645 in
2234 4592 2454 4647 deserto
2479 4590 2738 4659 pavissct,
2778 4602 3124 4657 nequaquam
3150 4588 3217 4642 ad
3246 4588 3448 4643 lectum
3478 4602 3575 4641 eos

1997 4687 2166 4752 misit,
2200 4686 2295 4742 sed
2329 4684 2396 4738 ad
2429 4684 2672 4737 divinam
2705 4681 3057 4737 oraculorum
3083 4684 3336 4736 acroasin
3370 4681 3449 4734 ’σε
3482 4696 3576 4733 ne-

1994 4796 2101 4849 que
2126 4780 2347 4833 illorum
2371 4785 2591 4831 ventres
2620 4776 2745 4831 cibo
2775 4777 3007 4845 dirupit,
3036 4775 3151 4830 sed
3188 4776 3430 4842 ipsorum
3477 4789 3574 4828 ex-

1995 4872 2139 4941 pleta
2173 4870 2498 4924 necessitate
2534 4868 2599 4922 ad
2637 4868 2940 4938 spiritalem
2990 4883 3171 4922 escam
3205 4866 3438 4921 vocavit.
3482 4866 3576 4919 Sic

1996 4977 2221 5033 agamus
2249 4969 2304 5017 et
2348 4977 2472 5027 nos,
2533 4971 2698 5030 atque
2753 4971 2985 5016 eatenus
3030 4968 3244 5014 nosmet
3279 4956 3572 5012 comedere

1997 5054 2449 5119 assuefaciamus,
2514 5064 2785 5123 quatenus
2840 5054 2966 5106 vitae
3026 5047 3405 5104 tantummodo
3448 5062 3573 5101 sus-

1997 5145 2269 5199 tentandae
2300 5160 2441 5214 opus
2463 5155 2568 5210 est,
2598 5137 3451 5210 norudirumpendis-stomachis
3476 5148 3573 5193 aut

1995 5238 2315 5307 gravandis:
2360 5247 2523 5305 atque
2549 5238 2771 5291 ornnino
2804 5252 2833 5287 a
2882 5248 3072 5289 mensa
3104 5247 3214 5285 non
3240 5231 3305 5285 ad
3340 5232 3567 5297 lectum,

1995 5327 2089 5381 sed
2126 5329 2189 5380 ad
2250 5342 2442 5395 preces
2484 5338 2845 5381 transeamus.

1989 5726 2127 5779 viter
2183 5726 2233 5807 i_u
2295 5728 2497 5797 templo
2535 5727 2616 5783 vel
2670 5726 2869 5781 sacello
2923 5725 3323 5781 Eucharistiam
3384 5728 3573 5784 cuncti

1977 5809 2324 5852 ευιινειιισιιι.

3166 5890 3233 5949 3]
