4064 6292
447 422 512 488 97
527 428 552 485 3

1585 414 1986 477 THEODORI
2032 407 2588 471 MELITENIOTAS

3600 405 3714 470 976

445 542 739 607 Propterea
777 531 1059 603 potissimo
1104 525 1422 583 insanabilis
1461 525 1686 579 morbus
1714 523 1794 588 ﬁt,
1828 532 1884 578 et
1907 521 2020 575 bel-

2148 517 2476 584 ἱουλεῦσωσι,
2518 519 2755 589 τοσούτῳ
2802 519 2870 572 τὰ
2924 517 3023 588 τῆς
3075 516 3268 590 ἡδονῆς
3318 503 3568 581 αὔξεται.
3620 513 3715 566 Διὸ

442 628 535 682 lua
601 626 774 695 magis
822 621 1112 676 indomita.
1168 617 1410 672 Avaritia
1447 614 1679 679 Giczim,
1711 613 1812 666 viri
1844 610 2018 666 sancti

443 717 653 774 Elissaei
712 711 1186 772 contubernalem,
1250 709 1530 778 leprosum
1577 719 1676 775 pro
1739 701 2018 772 discipulo

444 825 510 866 ac
545 807 811 879 propheta
835 803 1039 859 eﬂ'ccit.
1071 803 1197 854 Haec
1219 799 1535 855 Judaeorum
1571 795 1849 867 principes
1879 809 2019 849 cor-

443 901 615 970 rupit,
672 906 731 952 ut
781 898 920 951 dona
983 893 1324 963 acciperent,
1379 901 1436 945 et
1497 889 1676 943 furum
1730 885 2022 956 participes

445 991 662 1046 tierent.
697 986 820 1040 "ch
845 983 1041 1040 Judnm
1067 981 1404 1052 proditorem
1441 976 1850 1033 reddiditJ—lzec
1877 973 2024 1029 Aua-

445 1085 593 1138 niam
649 1077 906 1148 perdidit.
967 1075 1092 1130 llaec
1148 1075 1434 1128 innumera
1465 1071 1602 1126 bella
1637 1066 1864 1132 invexit,
1893 1081 2024 1121 san-

444 1174 611 1244 guine
645 1171 780 1234 vias,
813 1169 969 1222 luctu
1009 1177 1178 1236 atque
1239 1163 1533 1234 gemitibus
1563 1160 1726 1214 urbes
1757 1154 2026 1226 implevit.

447 1266 571 1320 llaec
626 1276 812 1318 cmnas
867 1259 1070 1314 obtulit
1121 1258 1389 1325 iutpuras,
1456 1267 1671 1306 mcnSas
1694 1247 2023 1320 piaculares,

447 1369 602 1410 escas
637 1352 848 1406 scelere
880 1350 1090 1419 plenas.
1152 1346 1290 1400 llinc
1341 1345 1506 1409 bella,
1533 1352 1589 1396 et
1614 1355 1808 1412 pugna:
1842 1355 1856 1392 :
1895 1336 2026 1391 hinc

450 1449 735 1501 bustorum
791 1442 1116 1506 spoliatorcs
1183 1457 1196 1494 :
1256 1440 1385 1493 hinc
1460 1437 1700 1504 denique
1760 1428 2030 1502 quidquid

451 1541 576 1594 mali
601 1540 785 1593 dicere
822 1545 996 1606 potes.

2127 614 2220 662 καὶ
2254 611 2426 681 ταύτῃ
2462 611 2699 680 μάλιστα
2730 611 2948 664 ἀνίατον
2983 611 3043 664 τὸ
3091 613 3305 680 νόσημα
3347 609 3586 677 γίνεται,
3619 609 3719 660 καὶ

2125 700 2435 754 δυσάλωτον
2483 703 2537 754 τὸ
2567 701 2774 772 θηρίον.
2810 703 2982 757 Τοῦτο
3031 702 3124 755 τὸν
3170 703 3357 770 Γιεζῆ,
3383 701 3536 766 ἀνδρὶ
3566 700 3718 768 ἁγίῳ

2126 791 2205 863 τῷ
2245 792 2537 863 Ἐλισσαίῳ
2592 794 2858 858 συζῶντα,
2891 794 3091 863 λεπρδν
3136 794 3256 846 ἀντὶ
3313 790 3560 863 μαθητοῦ
3617 793 3717 843 καὶ

2127 884 2409 954 προφήτου
2443 886 2712 953 πεποίηκε
2737 901 2750 915 ·
2780 885 2942 938 τοῦτο
2968 885 3095 949 τοὺς
3134 883 3718 956 Ἰνυδαίωνιάρχοντας

2125 974 2437 1045 διέφθειρε,
2488 975 2865 1046 λαμϐάνοντας
2912 976 3060 1048 δῶρα
3105 977 3201 1030 καὶ
3248 977 3538 1038 κοινωνοὺς
3592 977 3719 1026 κλε-

2127 1068 2279 1121 πτῶν
2353 1069 2712 1140 γινομένους·
2773 1070 2931 1123 τοῦτο
3012 1071 3103 1122 τὸν
3166 1069 3372 1122 Ἰούδαν
3442 1067 3711 1139 προδότην

2125 1162 2462 1230 εἰργάσατο·
2519 1161 2680 1214 τοῦτο
2734 1164 2861 1226 τοὺς
2912 1165 3042 1232 περὶ
3098 1163 3354 1215 Ἀνανίαν
3411 1162 3663 1214 ἀπώλεσε
3695 1178 3709 1189 ·

2127 1253 2284 1306 τοῦτο
2346 1254 2575 1323 μυρίους
2610 1256 2882 1324 πολέμους
2940 1257 3260 1326 εἰσήγαγεν,
3305 1255 3552 1322 αἱμάτων
3613 1239 3745 1323 μὲν¹

2128 1343 2226 1405 τὰς
2249 1345 2422 1406 ὁδοὺς,
2461 1343 2674 1414 θρήνων
2705 1345 2760 1397 δὲ
2791 1347 2885 1397 καὶ
2932 1345 3190 1415 οἰμωγῶν
3229 1347 3326 1406 τὰς
3358 1344 3542 1405 πόλεις
3573 1345 3714 1412 πλη-

2142 1434 2323 1502 ρῶσαν
2353 1451 2366 1466 ·
2419 1437 2514 1488 καὶ
2575 1437 2768 1491 δεῖπνα
2819 1439 3046 1508 ἐποίησε
3098 1438 3352 1507 γενέσθαι
3399 1436 3716 1504 ἀκάθαρτα,

2141 1527 2237 1580 καὶ
2284 1527 2569 1597 τραπέζας
2616 1531 2852 1598 ἐναγεῖς,
2908 1533 3000 1582 καὶ
3042 1531 3319 1600 ἐδέσματα
3370 1531 3720 1600 παρανομίας

453 1635 786 1702 ἐνέπλησεν·
859 1629 1112 1683 ἐντεῦθεν
1162 1629 1270 1697 γάρ
1327 1627 1557 1697 πόλεμοι
1643 1623 1740 1677 καὶ
1794 1621 1990 1694 μάχαι,
2069 1619 2325 1676 ἐντεῦθεν
2381 1625 2766 1695 τυμϐωρύχοι,
2820 1628 2912 1680 καὶ
2965 1627 2993 1680 ὃ
3043 1627 3108 1682 ἂν
3160 1631 3320 1699 εῖπῃς
3379 1629 3569 1694 κακὸν,
3634 1631 3722 1680 ἐν-

451 1731 668 1785 τεῦθεν.

527 1825 579 1876 3.
608 1822 906 1891 Propterea
932 1820 1075 1874 hanc
1101 1816 1262 1871 divus
1308 1813 1509 1868 Paulus
1537 1808 1834 1881 appellavit
1856 1807 2024 1862 simu-

2199 1803 2268 1874 γ’.
2323 1806 2424 1860 Διά
2495 1807 2653 1862 τοῦτο
2714 1808 3156 1880 είδωλολατρείαν
3212 1811 3240 1862 ὁ
3292 1811 3433 1874 θεῖος
3509 1811 3720 1871 Παῦλος

458 1917 730 1970 lacrorum
766 1913 1091 1968 servitutem
1147 1909 1210 1974 ¹⁸,
1237 1918 1295 1963 ut
1351 1905 1569 1960 malitiae
1595 1899 2030 1972 magnitudinem

457 2006 792 2062 ostenderet.
842 2004 952 2059 Cur
1013 2016 1146 2056 vero
1195 1999 1618 2054 simulacrorum
1666 1990 2026 2048 servitutem?

457 2100 596 2167 Quia
629 2097 784 2152 multi
812 2096 1100 2166 pecuniam
1126 2093 1346 2156 habent,
1371 2089 1468 2145 sed
1498 2104 1561 2144 ea
1587 2087 1663 2142 uti
1683 2091 2032 2149 nonaudent,

461 2193 554 2248 sed
610 2189 1016 2262 quodammodo
1060 2195 1412 2248 consecrant,
1444 2192 1501 2237 et
1527 2181 1595 2236 ad
1633 2180 1775 2235 ﬁlios
1812 2179 2036 2232 horum-

461 2301 569 2354 que
595 2293 842 2351 posteros
879 2280 1261 2336 transmittunt
1309 2279 1594 2339 intactam,
1657 2283 1916 2342 tanquam
1951 2285 2038 2325 sa-

461 2395 552 2434 cra
615 2378 864 2448 quaedam
918 2374 1149 2430 donaria
1200 2373 1408 2427 violare
1456 2375 1764 2438 parcentes.
1787 2363 1946 2431 Quod
1989 2362 2036 2418 si

461 2468 758 2538 aliquando
818 2476 1112 2537 coguntur,
1158 2464 1317 2533 quasi
1376 2460 1644 2514 nefarium
1681 2456 1886 2526 aliquid
1914 2469 2040 2524 ege-

463 2563 596 2624 rint,
645 2562 718 2615 ita
769 2572 910 2628 aegre
967 2570 1025 2610 se
1074 2554 1300 2610 habent.
1335 2549 1577 2620 Alioqui,
1610 2547 2038 2602 sicntethnicus

464 2652 823 2708 simulacrum
886 2649 1036 2712 colit,
1099 2647 1173 2701 ita
1231 2660 1426 2700 aurum
1453 2657 1650 2698 avarus
1679 2639 1865 2711 januis
1891 2655 2040 2694 com-

466 2743 689 2800 mendat
749 2749 804 2796 et
858 2740 1019 2805 seris,
1073 2753 1170 2807 pro
1213 2737 1415 2806 templo
1441 2749 1624 2801 arcam
1661 2732 1957 2797 labricans,
1984 2739 2041 2785 et

463 2837 736 2908 argenteis
769 2835 916 2889 vasis
949 2832 1276 2888 recondens.
1337 2828 1427 2896 At,
1458 2826 1666 2897 inquis,
1699 2839 1899 2880 aurum
1928 2837 2038 2877 non

467 2933 676 2996 adorat,
712 2929 864 2983 velut
885 2925 1141 2981 ethnicus
1165 2921 1542 2979 simulacrum.
1572 2920 1828 2975 Attamen
1854 2916 2038 2971 omni-

469 3024 686 3079 inodam
734 3021 812 3074 illi
880 3018 1101 3074 adhibet
1138 3016 1433 3070 culturam.
1467 3012 1743 3068 Praeterea
1782 3008 2041 3064 ethnicus

470 3115 737 3171 libentius
781 3111 972 3167 oculos
1018 3117 1074 3163 et
1103 3107 1342 3161 animam
1395 3103 1650 3176 projiciet
1679 3116 1842 3171 quam
1873 3099 2044 3154 simu-

471 3207 704 3260 lacrum.
766 3200 843 3255 lta
910 3199 1075 3254 etiam
1139 3197 1260 3250 auri
1312 3204 1610 3248 amatores.
1669 3191 1773 3246 Sed
1813 3207 1923 3245 non
1955 3177 2116 3244 ve-C

470 3303 754 3358 nerantur,
778 3291 982 3360 inquis,
1015 3303 1234 3343 aurum.
1261 3287 1425 3356 Atqui
1455 3301 1522 3340 ne
1551 3283 1806 3339 ethnicus
1823 3282 2046 3352 quidem

470 3386 866 3447 simulacrum,
928 3381 1025 3436 sed
1073 3379 1472 3434 inhabitantem
1541 3375 1655 3430 illic
1716 3375 2044 3428 dannonem.

473 3482 550 3535 Ita
611 3477 760 3532 avari
818 3472 1008 3544 uiique
1063 3487 1261 3527 aurum
1302 3486 1410 3524 non
1436 3469 1687 3529 adorant,
1716 3468 1811 3522 sed
1835 3466 1904 3519 ab
1930 3463 2050 3519 auri

475 3578 699 3642 aspectu
731 3576 787 3622 et
819 3563 1265 3634 concupiscentia
1321 3561 1681 3616 resultantem
1718 3560 1770 3612 in
1803 3558 2048 3628 ipsorum

473 3664 686 3720 animas
734 3661 1057 3714 damonem.
1121 3655 1378 3710 Diemone
1419 3655 1564 3708 cnim
1594 3652 1787 3708 saevior
1813 3662 1895 3705 est
1925 3666 2053 3705 ava-

477 3755 616 3810 ritiae
660 3751 921 3815 allectus;
968 3757 1134 3817 atque
1177 3747 1308 3802 huic
1368 3745 1526 3800 multi
1566 3746 1736 3814 magis
1763 3743 2048 3810 obcdiunt,

477 3861 639 3917 quam
669 3844 762 3899 alii
797 3841 960 3897 idolis
996 3855 1008 3890 :
1042 3841 1127 3893 his
1157 3838 1302 3892 enim
1337 3837 1492 3892 multi
1513 3835 2053 3903 nonohteinpcrant;

477 3913 533 3990 at
562 3931 804 3989 avaritiae
838 3944 1029 3984 onmes
1052 3928 1275 3994 cedunt,
1326 3938 1382 3983 ct
1403 3926 1668 3997 quidquid
1710 3913 1826 3995 ipsa
1848 3940 2055 3995 prace-

481 4026 643 4095 perit,
711 4038 920 4078 morem
968 4029 1186 4091 gerunt.
1228 4019 1296 4074 Et
1355 4018 1562 4074 videsis
1600 4017 1731 4087 quid
1756 4032 1819 4071 ea
1850 4018 1994 4071 dicat
2038 4033 2052 4070 :

481 4117 664 4172 llostis
693 4123 812 4171 esto
847 4124 904 4169 et
931 4113 1205 4167 inimicus
1240 4110 1510 4177 omnium,
1553 4109 1746 4179 ignora
1776 4118 2052 4172 naturam,

482 4212 652 4264 Deum
703 4213 1014 4270 contemne,
1063 4201 1197 4258 mihi
1231 4210 1400 4257 temet
1433 4201 1677 4254 immola.
1711 4196 1770 4253 In
1797 4200 2058 4254 omnibus

482 4300 567 4354 bis
615 4299 1050 4367 obtemperatur.
1109 4294 1178 4349 Et
1239 4290 1548 4347 simulacris
1602 4289 1826 4360 quidem
1887 4289 2060 4345 boves

481 4405 647 4462 atque
720 4405 853 4446 oves
907 4386 1226 4451 immolant;
1281 4393 1336 4440 et
1366 4382 1594 4438 avaritia
1628 4381 1804 4437 dicit:
1833 4380 2058 4436 lmmola

480 4484 616 4539 mihi
681 4491 830 4536 tuam
879 4479 1158 4550 propriam
1209 4475 1471 4540 animam,
1502 4485 1558 4530 et
1589 4474 1679 4529 ille
1719 4473 1926 4528 obedit.
1973 4473 2056 4528 Vi-

481 4575 603 4631 den’
644 4574 835 4643 quales
886 4573 989 4626 ista
1013 4570 1214 4625 habeat
1241 4584 1387 4634 aras,
1438 4567 1626 4638 quales
1650 4567 1876 4636 recipiat
1899 4565 2060 4620 victi-

485 4666 635 4719 mas?
661 4666 797 4731 Apte
832 4663 1017 4730 itaque
1065 4674 1294 4730 magnus
1323 4657 1526 4714 Paulus
1568 4655 1854 4711 avaritiam
1882 4654 2056 4708 simu-

485 4759 762 4811 lacrorum
826 4752 1152 4807 servitutem
1212 4749 1528 4821 appellavit,
1598 4758 1788 4818 utpote
1841 4745 2058 4817 cupidi-

488 4857 658 4902 tatum
693 4843 940 4900 omnium
968 4827 1348 4898 saevissimam.

560 4962 616 5015 4.
668 4956 906 5014 Onmino
959 4963 1145 5009 autem
1173 4953 1368 5008 vitium
1403 4953 1511 5008 hoc
1543 4952 1758 5022 ineptos
1782 4953 1910 5007 facit
1939 4953 2063 5008 illos

490 5047 584 5117 qui
609 5061 675 5100 eo
708 5053 984 5110 tenentur,
1012 5040 1128 5098 sive
1155 5041 1415 5095 militaria
1464 5056 1604 5112 opus
1632 5042 1704 5096 sit
1733 5041 1849 5096 sive
1877 5042 2064 5097 civilia

490 5152 717 5193 munera
749 5149 974 5206 gerere:
1009 5149 1189 5203 neque
1214 5135 1270 5188 in
1306 5133 1540 5203 publicis
1600 5141 1833 5198 tantum,
1873 5149 2062 5188 verum

489 5231 655 5285 etiam
688 5227 740 5282 in
767 5228 994 5296 privatis
1029 5226 1282 5296 negotiis.
1336 5224 1470 5279 Nam
1501 5235 1557 5280 et
1593 5227 1637 5280 si
1669 5228 1808 5280 forte
1837 5240 2062 5280 uxorem

493 5324 762 5378 ducturus
811 5331 894 5376 est
941 5321 1036 5391 qui
1087 5319 1331 5374 avaritiae
1366 5319 1558 5376 morbo
1586 5328 1830 5390 urgetur,
1860 5334 2065 5388 nequa-

491 5429 654 5485 quam
681 5415 884 5466 virtutc
920 5413 1205 5480 praditam
1242 5411 1497 5481 accipiet,
1521 5411 1617 5466 sed
1657 5410 1903 5465 omnium
1940 5425 2063 5480 pes-

489 5506 706 5568 simam,
766 5505 1013 5572 pecunia:
1067 5518 1255 5559 amore
1319 5506 1520 5560 victus.
1595 5503 1664 5560 Et
1735 5502 1780 5558 si
1867 5505 2063 5558 domus

491 5592 724 5646 emenda
751 5601 854 5655 est,
887 5590 1030 5644 haud
1061 5592 1348 5649 decentem
1384 5595 1624 5665 ingenuo
1649 5596 1855 5651 homini
1891 5607 2060 5657 emet,

495 5683 591 5737 sed
641 5699 762 5752 quae
805 5683 978 5752 pluris
1022 5684 1195 5740 locari
1240 5696 1423 5756 queat.
1479 5687 1541 5741 Et
1587 5689 1629 5741 si
1687 5703 1896 5753 servos,
1949 5689 2061 5741 sive

567 5867 607 5894 “‘
648 5864 848 5920 ColoSs.
883 5882 962 5932 Ill,
999 5867 1050 5921 ὅ.

2140 1899 2399 1953 ἐκάλεσεν
2456 1900 2610 1968 αὐτὸ,
2645 1900 2706 1954 τὺ
2752 1902 2853 1970 τῆς
2903 1902 3104 1965 κακίας
3162 1902 3396 1970 μέγεθος
3450 1904 3723 1956 ἐνδεικνύ-

2143 2007 2322 2061 μενος.
2370 1992 2471 2046 Διά
2512 1993 2566 2046 τί
2615 1993 3093 2066 εἰδωλολατρείανς
3147 1995 3270 2047 Ὀτι
3309 1995 3493 2064 ἔχουσι
3539 1995 3724 2048 πολλοὶ

2141 2085 2419 2155 χρήματα,
2446 2087 2539 2140 καὶ
2580 2087 2892 2159 χρήσασθαι
2936 2088 3122 2149 αὐτοῖς
3167 2087 3227 2140 οὗ
3271 2087 3565 2156 τολμῶσιν,
3599 2083 3717 2139 ἀλλ’

2141 2177 2485 2247 ἀφιεροῦσιν,
2517 2178 2880 2247 είς“ὲκγόνους
2914 2177 3010 2232 καὶ
3037 2181 3163 2242 τοὺς
3193 2177 3251 2243 ἐξ
3283 2178 3511 2230 ἐκείνων
3535 2195 3718 2246 παρα-

2144 2273 2453 2342 πέμποντες
2508 2272 2786 2340 ἀνέπαφα,
2819 2271 3073 2341 καθάπερ
3125 2272 3288 2325 τινῶν
3344 2272 3718 2339 ἀναθημάτων

2143 2363 2203 2416 οὐ
2233 2361 2541 2434 τολμῶντες
2567 2365 2831 2434 ἅψασθαι.
2867 2364 2994 2417 Ἐὰν
3020 2364 3076 2417 δέ
3108 2381 3239 2417 ποτε
3272 2365 3717 2433 ἀναγκασόῶσιν,

2145 2455 2336 2528 ὥσπερ
2383 2457 2646 2528 ἀθέμιτόν
2697 2474 2753 2510 τι
2805 2458 3137 2529 πράξαντες,
3193 2457 3336 2511 οὕτω
3390 2458 3718 2512 διάκεινται.

2146 2551 2255 2602 Καὶ
2293 2550 2466 2612 ἄλλως
2509 2550 2563 2602 δὲ
2605 2548 2794 2620 ὥσπερ
2823 2551 2884 2602 τὸ
2918 2551 3105 2616 ξόανον
3137 2553 3164 2602 ὸ
3197 2549 3398 2618 Ἕλλην
3435 2549 3717 2619 περιέπει,

2145 2645 2317 2706 οὕτως
2347 2647 2374 2698 ὁ
2401 2644 2734 2714 φιλάργυρος
2785 2645 2844 2696 τὸ
2886 2643 3112 2714 χρυσίον
3161 2642 3354 2712 θύραις
3403 2645 3721 2696 πιστεύεται

2148 2740 2241 2790 καὶ
2274 2737 2510 2806 μοχλοῖς,
2538 2737 2659 2791 ἀντὶ
2704 2736 2834 2790 ναοῦ
2873 2738 2932 2788 τὸ
2967 2734 3223 2789 κιὸῶτιον
3267 2735 3722 2798 κατασκευάζων,

2147 2833 2241 2884 καὶ
2295 2830 2746 2900 ἐναποτιθέμενος
2804 2829 3059 2882 σκεύεσιν
3126 2830 3406 2898 ἀργυροῖς.
3467 2826 3613 2882 Ἀλλ’
3661 2827 3722 2880 οῦ

2149 2925 2466 2995 προσκυνεῖ,
2501 2923 2760 2991 καθάπερ
2790 2924 3014 2984 ἐκεῖνος,
3051 2921 3112 2974 τὸ
3140 2921 3349 2984 ξόανον,
3381 2920 3517 2974 ἀλλὰ
3545 2921 3726 2973 πᾶσαν

2149 3018 2518 3071 ἐπιδείκνυται
2575 3018 2703 3087 περὶ
2747 3015 2881 3068 αὐτὸ
2933 3016 3253 3085 θεραπείαν.
3301 3016 3470 3069 Πάλιν
3521 3016 3726 3077 ἐκεῖνος

2149 3111 2320 3181 ἡδέως
2346 3114 2408 3163 ἂν
2441 3111 2566 3170 τοὺς
2598 3106 2909 3178 ὀφθαλμοὺς
2933 3108 3028 3160 καὶ
3078 3108 3176 3177 τὴν
3209 3109 3389 3177 ψυχὴν
3437 3108 3660 3177 πρόοιτο
3693 3106 3725 3174 ἢ

2150 3204 2213 3257 τὺ
2245 3204 2454 3270 ξόανον.
2487 3202 2668 3254 Τοῦτο
2695 3202 2788 3255 καὶ
2812 3203 2862 3254 οἱ
2901 3202 2962 3253 τὸ
2993 3201 3216 3271 χρυσίον
3251 3200 3554 3270 φιλοῦντες.
3591 3199 3727 3253 Ἀλλ’

2150 3299 2212 3352 οὐ
2253 3299 2628 3369 προσκυνοῦσι
2658 3298 2718 3350 τὸ
2754 3296 3004 3368 χρυσίον,
3043 3295 3243 3365 φησίν·
3286 3295 3409 3348 οὐδὲ
3441 3299 3643 3358 ἐκεῖνος
3675 3296 3730 3348 τὸ

2152 3390 2387 3456 εἴδωλον,
2420 3389 2535 3443 ἀλλ’
2584 3391 2732 3459 ὅμως
2791 3391 3090 3459 προσκυνεῖ
3135 3388 3225 3440 τὸν
3268 3387 3586 3440 ἐνοικοῦντα
3613 3388 3729 3441 δαί-

2155 3499 2316 3551 μονα.
2354 3481 2539 3545 Οὕτως
2593 3483 2640 3534 οἱ
2690 3482 3115 3551 φιλοχρήματοι,
3144 3480 3248 3534 κᾶν
3287 3480 3361 3550 μὴ
3411 3480 3472 3532 τ’)
3511 3481 3730 3548 χρυσῖον

2154 3573 2556 3644 προσκυνῶσιν,
2599 3573 2734 3626 ἀλλά
2767 3574 2862 3626 τὸν
2887 3575 2995 3626 ἀπὸ
3035 3573 3136 3642 τῆς
3168 3573 3344 3642 ὅψεως
3378 3571 3473 3624 τοῦ
3505 3572 3730 3642 χρυσίου

2155 3667 2250 3720 καὶ
2277 3669 2372 3736 τῆς
2403 3665 2698 3735 ἐπιθυμίας
2727 3665 3079 3735 ἐπιπηδῶντα
3105 3665 3339 3734 δαίμονα
3373 3667 3493 3726 ταῖς
3525 3665 3728 3715 τούτων

2154 3760 2352 3828 ψυχαῖς
2373 3775 2386 3790 ·
2410 3758 2662 3828 δαίμονος
2692 3757 2800 3826 γὰρ
2828 3757 3210 3828 χαλεπώτερον
3234 3758 3332 3827 τῆς
3363 3756 3730 3827 φιλαργυρίας

2158 3852 2192 3919 ἡ
2228 3849 2493 3919 ἐπιθυμία
2518 3865 2531 3880 ο
2567 3849 2662 3900 καὶ
2708 3849 2881 3920 ταύτῃ
2933 3849 3120 3901 πολλοὶ
3155 3848 3358 3919 μᾶλλον
3388 3849 3668 3901 πείθονται
3699 3845 3730 3916 ἢ

2156 3943 2334 4012 ἐτεροι
2388 3945 2500 4005 τοῖς
2542 3942 2814 4004 εἰδώλοις·
2852 3943 2970 3994 ἐκεῖ
3020 3941 3118 4010 μὲν
3161 3941 3270 4010 γὰρ
3323 3940 3496 3994 πολλά
3557 3956 3734 4009 παρα-

2158 4036 2433 4100 κούουσιν,
2472 4033 2704 4090 ἐνταῦθα
2755 4033 2813 4086 δέ
2852 4034 3028 4086 πάντα
3081 4032 3312 4099 εἴκουσι,
3341 4032 3435 4086 καὶ
3483 4033 3621 4101 ὅπερ
3671 4033 3733 4084 ἀν

2159 4129 2286 4200 εἴπῃ
2341 4127 2571 4198 ποιῆσαι
2621 4126 2920 4179 πείθονται.
2965 4125 3073 4177 Καὶ
3105 4125 3208 4194 ὅρα
3251 4126 3304 4177 τί
3358 4124 3504 4192 λέγει
3530 4139 3544 4153 ·
3579 4123 3734 4177 Πολέ-

2164 4240 2286 4292 μιος
2321 4222 2412 4273 ἔσο
2459 4221 2553 4273 καὶ
2606 4219 2799 4290 ἐχθρὸς
2849 4219 3134 4280 ἁπάντων,
3168 4217 3359 4286 ἀγνόει
3400 4217 3499 4287 τὴν
3553 4216 3732 4285 φύσιν,

2161 4313 2496 4384 καταφρόνει
2529 4313 2687 4379 Θεοῦ,
2712 4311 3018 4366 κατάθυσὸν
3049 4327 3140 4381 μοι
3168 4311 3364 4363 σαυτόν
3385 4326 3399 4340 ·
3435 4311 3529 4363 κα)⁸
3565 4309 3736 4362 πάντα

2160 4407 2444 4461 πείθονται
2470 4423 2483 4437 ·
2520 4406 2612 4459 καὶ
2642 4407 2756 4469 τοῖς
2797 4407 2896 4475 μὲν
2930 4404 3140 4472 ξοάνοις
3191 4401 3319 4472 βοῦς
3367 4403 3460 4454 καὶ
3493 4401 3734 4468 πρόϐατα

2085 4514 2137 4574 1)
2165 4499 2420 4552 θύουσιν·
2459 4500 2490 4562 ἡ
2553 4497 2608 4551 δὲ
2663 4497 2999 4567 φιλαργυρία
3048 4496 3237 4561 λέγει·
3283 4494 3454 4546 Θῦσόν
3504 4512 3594 4563 μοι
3641 4493 3734 4562 τὴν

2168 4590 2369 4646 σαυτοῦ
2393 4580 2591 4660 ιῖῖυχὴν,
2621 4591 2715 4643 καὶ
2747 4590 2946 4642 πείοει.
2981 4588 3144 4660 Ὁρᾷς
3176 4588 3320 4650 οἴους
3349 4581 3461 4657 ἔχει
3499 4587 3732 4656 βωμοὺς,

2165 4681 2256 4738 οἷοι
2311 4684 2529 4754 δέχεται
2585 4682 2844 4750 Odium;
2879 4682 3273 4748 Προσηκόντως
3315 4679 3424 4748 ἄρα
3477 4677 3684 4737 Παῦλος
3711 4679 3737 4729 ὁ

2171 4777 2346 4848 μέγας
2393 4775 2550 4829 τοῦτο
2582 4774 3036 4843 εἰδωλολατρείαν
3087 4773 3366 4835 ἐκάλεσεν,
3395 4769 3468 4832 ὡς
3524 4770 3735 4823 πάντων

2169 4868 2355 4922 παθῶν
2385 4867 2771 4938 χαλεπώτατον
2804 4867 2998 4927 πάθος.

2238 4957 2300 5008 δ’.
2329 4955 2439 5007 Καὶ
2469 4953 2750 5023 πανταχοῦ
2809 4954 2864 5006 δὲ
2916 4952 3075 5006 τοῦτο
3113 4952 3175 5005 τὸ
3215 4953 3384 5016 πάθας
3429 4955 3738 5024 ἀχρήστους

2169 5047 2314 5101 ποιεῖ
2342 5047 2465 5108 τοὺς
2498 5045 2603 5098 ὑπὸ
2637 5043 2826 5097 τούτου
2861 5045 3329 5115 κεκρατημένους,
3358 5044 3427 5098 ἀν
3463 5062 3527 5099 τε
3577 5063 3740 5116 στραο

2166 5139 2426 5208 τηγῆσαι,
2461 5139 2526 5192 ἀν
2555 5155 2615 5190 τε
2643 5138 3047 5206 δημαγωγῆσαι
3076 5136 3168 5206 δέῃ
3193 5154 3204 5168 ·
3236 5137 3440 5207 μᾶλλον
3469 5137 3528 5190 δὲ
3561 5138 3659 5190 οὐκ
3683 5139 3739 5190 ἐν

2166 5232 2277 5290 τοῖς
2343 5233 2543 5293 κοινοῖς
2597 5229 2780 5298 μόνον,
2813 5229 2947 5283 ἀλλὰ
2985 5230 3079 5282 καὶ
3131 5232 3189 5282 ἐν
3240 5232 3352 5293 τοῖς
3408 5228 3584 5292 ίδίοις.
3626 5229 3741 5282 Κᾶν

2167 5323 2403 5386 γυναῖκα
2450 5322 2557 5392 γὰρ
2605 5321 2909 5389 ἀγαγέσθαι
2954 5321 3125 5393 μέλλῃ
3170 5324 3197 5375 ὁ
3247 5321 3619 5393 φιλαργυρὲαν
3661 5335 3744 5374 νο·

2171 5414 2302 5479 σῶν,
2357 5415 2416 5467 οὺ
2471 5415 2698 5485 λήψεται
2745 5417 2845 5483 τὴν
2898 5417 3174 5486 ἐνάρετον,
3225 5415 3364 5469 ἀλλά
3411 5415 3509 5486 τὴν
3556 5413 3740 5467 πασῶν

2171 5505 2545 5574 φαυλοτάτην,
2605 5505 2785 5575 ἥττων
2866 5509 3168 5576 χρημάτων
3239 5507 3578 5575 γενόμενος,
3640 5504 3740 5557 κᾶν

2168 5597 2346 5649 οἰκίαν
2379 5597 2662 5666 πρίασθαι,
2686 5597 2746 5649 οῦ
2790 5597 2887 5667 τὴν
2921 5598 3192 5673 ἐλευθέρῳ
3225 5599 3567 5669 πρέπουσαν,
3608 5579 3740 5650 ἀλλὰ

2170 5690 2267 5758 τὴν
2321 5689 2486 5740 πολὺν
2541 5689 2845 5759 δυναμένην
2895 5690 2986 5743 τὸν
3047 5689 3239 5758 μισθὸν
3293 5691 3583 5758 ἐνεγκεῖν·
3638 5685 3740 5741 κᾶν
