4064 6292
364 322 465 384 977

356 432 573 493 οίκέτας
597 470 612 494 ,

357 524 697 591 φαυλότατον
746 525 997 596 λήψεται,
1037 529 1126 584 διὰ
1177 531 1239 584 τὸ
1289 533 1496 603 κέρδος.
1528 535 1636 589 Καὶ
1684 537 1736 589 τί
1793 536 1937 606 λέγω

359 617 718 685 στρατηγίαν,
755 622 850 672 καὶ
881 620 1261 691 δημαγωγίαν,
1296 628 1390 680 καὶ
1437 629 1791 699 οίκονομίας;
1834 632 1938 685 κᾶν

354 709 463 778 γὰρ
518 710 774 779 βασιλεὺς
824 709 896 785 ᾖ,
937 716 1155 770 πάντων
1209 718 1359 771 ἐστὶν
1420 721 1785 794 ἀθλιώτερος,
1842 724 1938 778 καὶ

355 798 502 869 λύμη
531 801 630 871 τῆς
673 805 1024 877 οἰκουμένης,
1049 811 1144 862 καὶ
1195 813 1415 866 πάντων
1451 813 1819 886 πενέστερος⁶
1858 817 1936 880 ὡς

353 895 462 964 γάρ
525 889 607 958 εἷς
659 898 770 950 τῶν
826 899 1039 954 πολλῶν
1073 902 1434 969 διακείσεται,
1471 907 1594 976 οὐχὶ
1621 908 1688 961 τὰ
1717 897 1938 962 πάντων

353 985 548 1041 ἑαυτοῦ
576 989 813 1058 νομίζων
837 988 1000 1057 εῖναι,
1043 994 1161 1047 ἀλλ’
1199 997 1392 1049 ἑαυτὸν
1417 997 1514 1052 ἕνα
1548 999 1658 1052 τῶν
1693 1000 1930 1067 πάντων,

356 1079 450 1130 καὶ
507 1080 578 1133 τὰ
639 1083 857 1136 πάντων
908 1085 1195 1151 ἁρπάζων,
1245 1087 1340 1141 καὶ
1398 1090 1616 1143 πάντων
1673 1092 1932 1146 ἐλάττονα

355 1171 502 1238 ἔχειν
567 1175 838 1242 νομίζων*
899 1179 964 1245 τῇ
1016 1180 1122 1248 γὰρ
1179 1180 1293 1232 τῶν
1352 1181 1568 1237 οὐδέπω
1624 1185 1938 1254 κτηθέντων

357 1265 626 1334 ἐπιθυμίᾳ
677 1268 744 1319 τὰ
808 1270 1051 1338 παρόντα
1113 1272 1350 1342 μετρῶν,
1388 1274 1538 1328 οὐδὲν
1583 1276 1754 1329 ταῦτα
1804 1277 1938 1346 πρὸς

356 1355 543 1407 ἐκεῖνα
583 1353 721 1410 εἶναι
749 1360 1043 1430 ἡγήσεται.
1077 1364 1167 1416 Διὸ
1198 1366 1293 1417 καί
1337 1384 1418 1428 τις
1453 1369 1617 1436 φησὶν
1664 1367 1739 1432 ὡς
1787 1370 1938 1422 οῦδὲν

356 1449 703 1519 ἀνομώτερον
729 1453 1084 1525 φυλαργύρου
1112 1473 1126 1486 ο
1159 1459 1186 1508 6
1211 1459 1317 1527 γὰρ
1347 1458 1589 1520 τοιοῦτος
1625 1461 1717 1513 καὶ
1746 1460 1940 1514 ἑαυτὸν

357 1539 688 1609 ἀποδίδοται,
724 1544 819 1596 καὶ
868 1547 1044 1608 κοινδς
1088 1550 1446 1620 περιέρχεται
1477 1551 1576 1622 τῆς
1609 1553 1938 1622 οἰκουμένης

359 1632 572 1702 ἐχθρὸς,
644 1636 828 1703 ἀλγῶν
885 1640 968 1693 ὅτι
1028 1642 1101 1711 μὴ
1166 1644 1390 1713 χρυσίον
1437 1645 1592 1715 φέρει
1640 1647 1765 1700 ἀντὶ
1825 1646 1938 1698 τῶν

356 1723 646 1794 ἀσταχύων
696 1729 729 1796 ή
781 1729 874 1798 γῆ,
904 1731 1000 1783 καὶ
1030 1732 1150 1784 ἀντὶ
1181 1732 1290 1785 τῶν
1330 1736 1586 1802 ναμάτων
1618 1738 1674 1789 ai
1707 1735 1934 1806 κρῆναι,

358 1816 454 1866 καὶ
481 1816 600 1869 ἀντὶ
629 1819 739 1870 τῶν
767 1819 934 1874 λίθων
966 1822 1033 1875 τὰ
1064 1823 1165 1894 ὄρη
1194 1841 1207 1854 ·
1249 1824 1621 1895 δυσχεραίνων
1661 1828 1798 1896 πρὸς
1828 1829 1928 1898 τὴν

358 1904 672 1978 εὐετηρίαν,
701 1909 758 1961 ὲν
790 1912 904 1974 τοῖς
936 1917 1138 1977 κοινοῖς
1175 1915 1404 1982 ἀγαθοῖς
1455 1918 1893 1988 συνεσταλμένος
1918 1937 1932 1951 ⁸

359 2001 541 2053 πᾶσαν
583 2002 1064 2074 ἀποστρεφόμενος
1110 2009 1409 2079 πρόφασιν,
1464 2010 1590 2064 ὅθεν
1642 2013 1744 2065 οὐκ
1790 2012 1936 2066 ἔστιν

358 2092 625 2162 ἀργύριον
669 2093 855 2150 λαϐεῖν
885 2114 898 2129 ο
951 2099 1128 2152 πάντα
1185 2102 1497 2170 ὑπομένων,
1550 2105 1674 2158 ὅθεν
1707 2106 1802 2159 καὶ
1843 2105 1938 2160 δύο

361 2187 526 2254 μόνον
568 2188 822 2256 συλλέξαι
868 2190 1093 2255 ὀϐολοὺς
1124 2191 1242 2245 ἔνι·
1277 2193 1525 2258 ἅπαντας
1577 2197 1776 2266 μισῶν,
1811 2199 1940 2262 τοὺς

359 2280 617 2348 πένητας,
660 2281 786 2345 τοὺς
838 2282 1150 2352 πλουσίους,
1205 2286 1333 2348 τοὺς
1389 2287 1488 2356 μὲν
1534 2287 1792 2359 πένητας,
1836 2289 1939 2360 μή·

360 2385 492 2422 ποτε
525 2371 921 2440 προσελθόντες
965 2377 1230 2444 αἰτήσωσι
1256 2392 1272 2406 ο
1304 2379 1430 2440 τοὺς
1457 2379 1514 2431 δὲ
1548 2378 1938 2444 πλουτοῦντας,

360 2460 444 2514 ὅτι
479 2462 554 2531 μὴ
585 2463 654 2516 τὰ
685 2464 910 2517 ἐκείνων
946 2463 1059 2534 ἔχει
1087 2481 1102 2497 ·
1134 2467 1383 2532 ἅπαντας
1437 2471 1505 2522 τὰ
1533 2470 1697 2524 αὐτοῦ
1725 2471 1942 2539 νομίζει

361 2555 658 2626 κεκτῆσθαι
680 2570 697 2588 ⁸
727 2558 822 2608 καὶ
851 2556 924 2620 ὡς
954 2557 1110 2626 παρὰ
1143 2559 1362 2613 πάντων
1388 2560 1742 2632 ἠδικημένος,
1765 2562 1939 2626 οὕτως

361 2649 500 2718 πρὸς
559 2649 770 2712 πάντας
825 2649 1211 2721 δυσχεραίνειο
1267 2653 1590 2723 πλησμονὴν
1647 2657 1748 2710 οὐκ
1806 2650 1937 2724 οἵδε,

362 2741 524 2812 κόρον
585 2743 684 2795 οὐκ
735 2743 1067 2798 ἐπίσταται·
1119 2747 1176 2797 ὲν
1231 2747 1408 2814 σκότῳ
1457 2748 1658 2816 διάγων
1705 2749 1785 2819 τῷ
1832 2750 1940 2805 τῶν

361 2833 662 2903 χρημάτων
687 2833 873 2904 ἔρωτι,
907 2835 1016 2888 τῶν
1043 2838 1526 2906 περισπουδάστων
1551 2840 1610 2892 τὸ
1640 2841 1838 2906 κάλλος
1865 2844 1938 2908 ὡς

362 2925 541 2994 χρεὼν
587 2925 649 2978 ού
703 2927 1001 2993 γινώσκειο
1044 2928 1293 2999 καθάπερ
1334 2930 1441 2983 οὐδ’
1487 2935 1515 2985 6
1565 2934 1622 2986 έν
1656 2935 1833 3005 σκότῳ
1865 2935 1943 3006 τῷ

361 3015 610 3102 α’ἰσθητῷ
637 3015 944 3087 καθήμενος
997 3017 1222 3073 δύναται
1258 3021 1477 3090 βλέπειν
1505 3022 1564 3076 τὸ
1595 3025 1790 3088 κάλλος
1833 3025 1946 3081 τῶν

363 3107 512 3178 αῦτῷ
569 3109 1004 3178 προσαγομένων
1088 3111 1257 3166 λίθων
1327 3113 1558 3183 τιμίων,
1625 3116 1657 3186 ἧ
1727 3119 2014 3195 χρυσῶνα

364 3198 598 3263 σκευῶν,
632 3201 664 3270 ἢ
699 3199 986 3270 ἁλουργῶν
1021 3202 1255 3272 ἱματίων
1283 3218 1300 3232 ⁶
1337 3205 1529 3269 σκότος
1558 3208 1650 3260 καὶ
1679 3209 1788 3277 γάρ
1821 3210 1940 3264 ἐστι

364 3293 558 3360 νοητὸν
611 3295 640 3354 6
686 3293 794 3346 τῶν
825 3296 1128 3366 χρημάτων
1187 3295 1351 3366 ἔρως,
1383 3298 1535 3352 οὐδὲν
1598 3301 1784 3369 ἀφιεὶς
1834 3301 1944 3355 τῶν

363 3385 535 3438 δντων
584 3385 876 3453 φαίνεσθαι
934 3387 1011 3450 ὡς
1063 3387 1376 3453 ἐστιν,ἀλλ⁹
1412 3391 1657 3462 ἑτέρως’
1712 3395 1945 3466 ἐπείπερ

364 3477 604 3548 οὐδαμοῦ
633 3479 743 3532 τῶν
783 3482 1127 3550 πραγμάτων
1182 3486 1214 3553 ὴ
1267 3483 1428 3551 φύσις
1461 3487 1733 3555 φαίνεται,
1763 3489 1838 3552 ὡς
1889 3491 1946 3543 ὲν

365 3572 564 3642 πενίᾳ·
603 3571 838 3643 οὐδαμοῦ
869 3571 1044 3638 οὕτως
1095 3575 1380 3645 ἐλέγχεται
1437 3577 1505 3631 τὰ
1535 3578 1804 3634 δοκοῦντα
1843 3581 1944 3651 μὲν

365 3658 530 3730 εἶναι,
567 3665 641 3735 μὴ
667 3665 794 3720 ὄντα
823 3666 904 3730 δὲ,
935 3666 1010 3728 ὡς
1043 3669 1102 3720 ὲν
1137 3669 1450 3741 φιλοσοφίᾳ.

438 3756 502 3810 ε’.
539 3758 649 3811 Καὶ
678 3758 753 3821 ὡς
779 3763 836 3810 ἐν
883 3759 1083 3830 βραχεῖ
1105 3761 1296 3828 φάναι,
1333 3764 1360 3815 6
1390 3762 1730 3836 φιλάργυρος
1761 3767 1952 3820 τοσού-

366 3867 484 3912 τοις
532 3851 624 3902 καὶ
679 3849 1022 3920 τηλικούτοις
1083 3853 1428 3922 ἐνδεδεμένος
1478 3859 1691 3920 κακοῖς,
1729 3859 1949 3912 πάντων

369 3944 524 3995 ἐστὶν
558 3941 887 4013 ἀθλιώτερος
907 3960 920 3974 ·
954 3943 1143 4014 ῶσπερ
1173 3945 1264 3997 οῦν
1291 3948 1319 3998 6
1357 3946 1562 4001 τούτων
1590 3949 1950 4020 ἀπηλλαγμέ-

371 4053 461 4097 νος
496 4037 589 4088 ml.
609 4036 917 4103 φιλοσοφῶν
945 4036 1314 4108 ζη).ωτὸτερος
1343 4039 1563 4092 πάντων
1589 4055 1602 4069 ⁸
1632 4042 1660 4093 ὁ
1699 4040 1798 4110 μὲν
1843 4042 1950 4110 γὰρ

375 4127 653 4196 ἐνάρετος,
682 4125 784 4179 κᾶν
816 4127 1032 4196 οἰκέτης
1052 4124 1107 4202 ᾖ,
1137 4128 1239 4181 κᾶν
1269 4129 1561 4198 δεσπότης,
1586 4133 1803 4185 πάντων
1833 4132 1952 4186 ἐστὶ

377 4217 829 4288 μακαριώτεροςο
858 4218 1033 4282 οὐδεὶς
1081 4220 1190 4289 γὰρ
1237 4221 1404 4274 αὑτὸν
1463 4223 1677 4291 ποιήσει
1740 4225 1949 4294 κακῶς,
1989 4284 1992 4286 ν

376 4309 480 4362 κᾶν
531 4310 581 4363 oi
637 4311 703 4363 ἐκ
755 4311 855 4381 τῆς
915 4313 1240 4382 οἰκουμένης
1303 4313 1634 4369 συνέλθωσιν
1685 4315 1948 4384 ἅπαντες,

376 4403 522 4458 ὅπλα
559 4399 664 4456 καῖ’
713 4405 1052 4475 στρατόπεδα
1110 4407 1384 4470 κινοῦντες
1439 4411 1534 4461 καὶ
1586 4408 1952 4479 πολεμοῦντες

1731 333 2065 396 E'l‘lllCON
2116 335 2193 395 [Χ
2208 382 2222 396 .

675 431 778 485 κᾶν
831 433 1008 488 ὁτιοῦν
1059 435 1247 508 ἕτερον
1302 429 1559 495 ὠνεῖσθαι
1622 442 1830 515 μέλλῃ,
1879 445 1939 498 τὸ

2052 445 2340 515 quidquam
2425 447 2573 500 aliud
2642 461 2826 503 emere
2891 455 3185 518 oporteat,
3265 449 3621 527 deterrimum

3513 343 3622 408 978

2043 539 2302 609 quodque
2347 539 2485 594 lucri
2537 557 2702 596 causa
2757 541 2945 612 eliget.
3012 541 3154 609 Quid
3215 543 3339 599 dico
3392 546 3625 616 militare

2041 641 2136 684 aut
2195 631 2358 685 civile
2409 640 2502 686 aut
2553 632 3084 688 administratorium
3171 638 3404 691 munus!
3489 638 3622 692 Nam

2040 719 2294 790 quamvis
2317 736 2413 775 rex
2451 720 2545 782 sit.
2575 721 2821 775 omnium
2853 721 3267 778 infelicissimus
3300 734 3405 785 est,
3433 727 3623 782 mundi

2041 811 2259 877 sordes,
2321 821 2376 867 et
2445 814 2692 869 omnium
2724 815 3145 884 pauperrimus.
3179 815 3426 892 Namque
3454 835 3623 872 unum

2041 913 2099 954 se
2141 899 2209 955 de
2238 901 2426 957 multis
2461 903 2648 958 credet
2682 919 2697 956 :
2733 919 2918 973 neque
2957 905 3202 960 omnium
3249 921 3308 962 se
3342 907 3626 964 dominum

2039 977 2352 1059 aestimabit,
2419 995 2514 1049 sed
2555 1011 2613 1050 se
2669 1012 2840 1050 unum
2874 995 2942 1052 de
2974 999 3222 1052 omnium
3252 1015 3485 1055 numero
3525 1019 3538 1056 :
3571 1010 3625 1056 et

2042 1098 2157 1138 rem
2220 1086 2465 1140 omnium
2512 1087 2584 1141 ad
2640 1103 2698 1142 se
2743 1090 2947 1154 trahet,
3012 1091 3259 1146 omnium
3303 1107 3361 1146 se
3395 1093 3627 1150 minime

2043 1175 2249 1232 habere
2310 1189 2530 1248 putans.
2585 1183 2832 1254 Namque
2874 1199 2941 1240 ex
2985 1185 3205 1242 illorum
3235 1201 3358 1255 quae
3387 1187 3493 1242 sibi
3527 1187 3626 1241 ad-

2042 1272 2151 1327 huc
2184 1272 2393 1327 desunt
2418 1274 2754 1343 cupiditate,
2792 1291 2891 1332 sua
2943 1279 3164 1348 propria
3195 1278 3450 1346 metiens,
3487 1280 3625 1336 nihil

2041 1363 2157 1418 haec
2192 1380 2302 1434 pra:
2328 1365 2437 1420 illis
2463 1382 2585 1422 esse
2605 1367 2892 1438 judicabit.
2919 1369 3101 1436 Quare
3129 1379 3184 1426 et
3217 1372 3440 1442 quidam
3466 1372 3624 1439 dixit,

2041 1456 2178 1510 nihil
2234 1473 2401 1511 avaro
2435 1473 2556 1514 esse
2583 1459 2831 1530 iniquius
2865 1479 2878 1516 :
2917 1477 3043 1516 nam
3100 1465 3266 1518 homo
3306 1465 3624 1534 hujusmodi

2040 1563 2100 1602 se
2157 1548 2338 1618 ipsum
2383 1566 2605 1620 quoque
2668 1552 2856 1617 tradit,
2931 1563 2987 1608 et
3039 1556 3356 1610 communis
3413 1555 3626 1611 incedit

2043 1639 2233 1692 mu-ndi
2263 1639 2459 1704 hostis,
2492 1640 2689 1696 dolens
2720 1641 2868 1711 quod
2929 1658 3129 1700 aurum
3153 1660 3254 1714 pro
3283 1645 3453 1712 spicis
3480 1655 3625 1699 terra

2040 1745 2151 1783 non
2192 1729 2353 1791 ferat,
2386 1741 2441 1785 et
2470 1747 2570 1801 pro
2604 1731 2834 1787 fluentis
2871 1733 3076 1800 fontes,
3127 1747 3180 1790 et
3208 1751 3310 1805 pro
3348 1736 3626 1804 lapidibus

2039 1833 2291 1878 montes:
2330 1823 2573 1878 irascens
2601 1824 2728 1878 anni
2766 1824 3030 1890 ubertati,
3059 1836 3117 1882 et
3149 1828 3201 1879 in
3237 1826 3628 1884 communibus

2037 1914 2203 1969 bonis
2238 1916 2586 1985 angustiatus
2610 1934 2624 1982 ;
2651 1917 2955 1986 quamlibet
2985 1917 3330 1974 occasionem
3362 1935 3629 1989 respuens

2043 2004 2188 2058 unde
2219 2020 2325 2058 non
2362 2005 2434 2059 sit
2466 2015 2755 2076 argentum
2823 2023 3020 2078 capere
3046 2025 3062 2074 ;
3091 2009 3276 2063 omnia
3318 2010 3624 2078 perferens,

2043 2095 2188 2150 unde
2241 2096 2326 2151 vel
2390 2095 2529 2151 duos
2582 2107 2792 2152 tantum
2842 2098 3038 2154 obolos
3084 2100 3382 2155 corradere
3418 2101 3625 2170 liceat;

2043 2202 2236 2243 omnes
2265 2188 2394 2244 odio
2423 2189 2633 2245 habens
2664 2206 2938 2260 pauperes
2977 2206 3040 2246 ac
3071 2191 3302 2248 divites:
3332 2208 3628 2263 pauperes,

2047 2294 2118 2332 ne
2164 2279 2306 2334 forte
2369 2281 2699 2336 accedentes
2753 2290 2978 2352 petant;
3037 2283 3266 2350 divites,
3319 2285 3449 2354 quia
3509 2301 3625 2339 rem

2043 2369 2267 2425 illorum
2328 2388 2439 2426 non
2488 2373 2658 2428 habet
2717 2393 2729 2427 :
2789 2389 2986 2430 omnes
3013 2390 3110 2430 sua
3146 2377 3325 2445 ipsius
3349 2377 3630 2447 possidere

2042 2464 2361 2530 existimat;
2386 2474 2440 2520 et
2469 2468 2627 2536 quasi
2652 2467 2721 2521 ab
2777 2468 3036 2523 omnibus
3062 2468 3375 2533 fraudatus,
3414 2471 3488 2524 ita
3515 2487 3633 2523 om-

2044 2556 2209 2611 nibus
2230 2567 2313 2611 est
2348 2558 2524 2613 iratus
2553 2576 2568 2612 :
2603 2561 2970 2628 repletionem
3037 2577 3144 2615 non
3200 2563 3376 2627 novit,
3405 2563 3630 2617 satieta-

2045 2656 2155 2700 tem
2197 2647 2398 2702 nescit.
2442 2648 2498 2702 ln
2536 2649 2780 2703 tenebris
2831 2665 3058 2706 versans
3089 2651 3159 2704 ob
3188 2651 3437 2717 pecunia:
3476 2667 3630 2707 amo-

2045 2754 2190 2806 rem,
2245 2755 2432 2795 rerum
2492 2742 2966 2797 aestimabiliorum
3026 2744 3503 2813 pulchritudinem
3572 2754 3634 2800 ut

2046 2847 2147 2903 par
2194 2840 2278 2887 est
2336 2848 2446 2887 non
2496 2834 2745 2903 agnoscit
2790 2873 2804 2898 ,
2840 2836 3300 2902 quemadmodum
3357 2853 3458 2891 nec
3518 2837 3632 2901 ille,

2047 2924 2138 2996 qui
2193 2925 2250 2979 in
2305 2924 2552 2979 tenebris
2580 2926 2933 2981 sensibilibus
2974 2929 3151 2991 sedet,
3178 2943 3409 2983 cernere
3453 2938 3637 2999 potest

2046 3015 2516 3086 pulchritudinem
2551 3017 2860 3073 oblaturum
2889 3020 2940 3074 ei
2976 3019 3218 3089 lapidum
3235 3024 3632 3089 pretiosorum,

2048 3117 2140 3163 aut
2173 3123 2466 3162 aureorum
2505 3125 2784 3171 vasorum.
2813 3121 2910 3166 aut
2937 3112 3173 3165 vestium
3199 3127 3632 3180 purpurcarum.

2051 3200 2426 3256 Tenebrarum
2484 3217 2679 3272 reapse
2723 3202 3182 3258 intellectualium
3227 3208 3400 3258 instar
3430 3214 3634 3274 estpe-

2051 3293 2225 3347 cuniae
2261 3308 2436 3357 amor,
2468 3307 2581 3348 rem
2607 3293 2816 3347 nullam
2867 3297 3087 3364 patiens
3117 3294 3294 3350 videri
3331 3295 3408 3350 uti
3442 3312 3633 3352 revera

2051 3394 2154 3449 est,
2185 3385 2282 3440 sed
2316 3386 2515 3440 aliter:
2553 3387 3002 3457 quandoquidem
3048 3403 3315 3458 nusquam
3341 3389 3416 3448 ita
3447 3405 3630 3444 rerum

2053 3486 2249 3531 natura
2306 3487 2560 3548 apparet,
2621 3489 2680 3533 ut
2721 3479 2775 3535 in
2836 3491 3167 3551 paupertate
3209 3498 3526 3552 :nusquam
3555 3483 3636 3538 sic

2053 3583 2434 3642 coarguuntur
2467 3589 2590 3644 quae
2616 3574 2876 3631 videntur
2901 3590 3045 3642 esse,
3109 3591 3233 3632 cum
3275 3592 3384 3632 non
3414 3577 3542 3642 sint,
3576 3587 3637 3630 nt

2054 3662 2109 3716 in
2146 3663 2518 3733 phil050phia.

2126 3755 2180 3808 5.
2236 3756 2415 3825 Atque
2472 3764 2532 3810 ut
2580 3753 2910 3826 compendio
2976 3757 3246 3823 dicamus,
3302 3775 3504 3816 avarus
3558 3769 3637 3816 tot

2059 3847 2338 3915 tantisque
2381 3847 2719 3902 constrictus
2767 3849 2949 3912 malis,
2983 3851 3231 3904 omnium
3257 3860 3342 3905 est
3374 3851 3638 3908 infelicis-

2057 3937 2230 3992 simus
2290 3954 2303 3990 :
2360 3939 2507 3993 sicut
2558 3939 2805 3993 vicissim
2865 3942 2960 4008 qui
3018 3941 3281 3996 hiscaret
3304 3952 3360 3996 et
3393 3943 3640 4010 philoso-

2059 4029 2280 4100 phatur,
2320 4045 2428 4099 prae
2460 4030 2720 4084 omnibus
2758 4031 3127 4086 :cmulandus.
3187 4033 3404 4086 Etenim
3433 4035 3637 4099 virtute

2057 4122 2322 4193 praeditus
2346 4122 2451 4184 vir,
2476 4123 2592 4177 sive
2616 4123 2858 4178 famulus
2911 4124 2982 4178 sit
3015 4127 3130 4179 sive
3161 4125 3349 4191 herus,
3387 4128 3636 4189 omnium

2059 4223 2145 4270 est
2200 4213 2556 4269 beatissimus
2611 4232 2625 4268 :
2681 4230 2846 4271 nemo
2889 4215 3096 4290 quippe
3162 4216 3213 4272 ei
3267 4217 3407 4272 male
3445 4218 3638 4285 faciet,

2061 4307 2272 4362 etiamsi
2314 4323 2376 4362 ex
2404 4308 2537 4361 orbe
2572 4308 2829 4363 universo
2872 4324 3064 4379 omnes
3096 4310 3450 4375 conveniant,
3487 4327 3643 4377 arma

2062 4396 2452 4466 exercitusque
2519 4406 2825 4464 moventes,
2882 4396 3046 4468 eique
3075 4396 3284 4452 bellum
3318 4396 3640 4454 inferentes.

377 4495 529 4566 αὐτῷ
555 4511 571 4529 ο
603 4497 632 4550 6
660 4495 714 4549 δὲ
744 4497 1020 4567 μοχθηρὸς
1068 4498 1163 4550 καὶ
1213 4498 1417 4566 φαῦλος
1445 4501 1540 4556 καὶ
1568 4501 1810 4566 τοιοῦτος
1846 4496 1948 4555 οἷον

2065 4493 2128 4544 At
2183 4506 2386 4560 pravus
2443 4497 2499 4545 et
2544 4504 2808 4559 nequam,
2867 4501 2926 4544 et
2979 4489 3197 4559 qualem
3223 4489 3643 4561 descripsimus,

376 4587 777 4658 διεγράψαμεν,
811 4589 915 4642 κᾶν
941 4589 1201 4658 βασιλεὺς
1227 4585 1284 4663 ᾗ,
1309 4592 1412 4644 κᾶν
1439 4595 1610 4664 μυρία
1648 4597 1958 4665 περίκειται

376 4683 708 4752 διαδήματα,
761 4681 868 4737 κᾶν
920 4685 1178 4752 στρατιὰν
1237 4686 1338 4756 ἔχῃ
1406 4687 1804 4758 πολυάριθμον,
1863 4691 1959 4743 καὶ

379 4776 532 4842 παρὰ
569 4774 663 4826 τοῦ
713 4775 970 4845 τυχόντος
1025 4775 1092 4828 τὰ
1134 4776 1338 4846 ἔσχατα
1398 4777 1666 4853 πείσεται.
1712 4778 1956 4850 Οὓτωςή

381 4866 548 4918 κακία
581 4865 839 4927 ἁσθενέςῐ
873 4865 1045 4928 οὕτως
1083 4866 1302 4935 ίσχυρδν
1332 4867 1364 4936 η
1395 4868 1563 4938 ἀρετή
1597 4868 1609 4921 l
1666 4871 1729 4922 Τί
1779 4871 1960 4924 τοίνυν

380 4953 685 5026 ἐπιθυμῶν,
712 4953 989 5026 ἄνθρωπε,
1011 4955 1334 5025 χρημάτων,
1362 4955 1582 5018 πενθεῖς
1611 4954 1685 5018 ῶς
1714 4959 1772 5008 ἐν
1802 4956 1962 5027 πενία

381 5046 488 5114 ῶν;
522 5047 577 5101 τί
633 5047 871 5118 θρηνεῖς,
901 5046 1094 5118 ἑορτὴν
1146 5047 1341 5116 ἄγωνς
1389 5050 1486 5103 καὶ
1550 5048 1658 5118 γὰρ
1703 5047 1905 5118 ἑορτῶν
1935 5050 1964 5102 6

379 5141 577 5210 καιρός
604 5154 618 5168 ·
653 5139 708 5192 τί
731 5138 967 5204 κλαίεις,
1001 5137 1234 5191 πλούτου
1285 5138 1464 5210 ἐρῶν,
1499 5139 1594 5193 καὶ
1646 5141 1755 5210 γὰρ
1785 5141 1961 5212 πανη-

381 5248 540 5300 γυρις
601 5232 636 5302 ἡ
694 5232 929 5302 πτωχία,
998 5231 1064 5285 ἂν
1119 5235 1430 5302 σωφρονῇς.
1483 5232 1570 5298 Τί,
1624 5225 1668 5285 ὦ
1725 5233 1961 5298 παιδίον,

382 5324 589 5397 ὀδύρης
643 5321 854 5375 παιδίον
893 5322 1002 5394 γὰρ
1047 5322 1128 5375 δεῖ
1175 5322 1267 5374 τὸν
1317 5321 1563 5376 τοιοῦτον
1594 5322 1805 5378 καλεῖν.
1849 5323 1965 5376 Οὐκ

384 5418 528 5488 ἔχεις
600 5419 902 5488 χρήματα,
945 5417 1116 5485 πένης
1168 5415 1280 5481 (Iw;
1342 5417 1584 5487 μεγάλου
1637 5415 1686 5471 εί
1740 5417 1963 5488 φορτίου

384 5509 812 5580 ἀπηλλαγμένος
835 5523 850 5539 °
887 5508 1089 5578 μᾶλλον
1119 5509 1176 5562 δὲ
1209 5509 1527 5580 θαυμαστδς
1573 5506 1627 5564 εἴ
1656 5511 1756 5565 καὶ
1789 5511 1966 5582 μακά,-

388 5621 530 5675 ριος,
583 5605 683 5675 τῆς
740 5605 1061 5674 φρονήσεως
1119 5604 1214 5657 καὶ
1268 5604 1567 5675 καρτερίας
1625 5605 1720 5659 καὶ
1784 5605 1966 5674 πάσης

387 5693 710 5762 φιλοσοφίας
753 5693 1080 5747 διδάσκοι).ον
1130 5693 1293 5765 ἔχων,
1331 5695 1476 5764 φημὶ
1513 5694 1699 5766 δὲτὴν
1747 5696 1963 5758 πενίαν,

389 5779 542 5857 ᾗκαὶ
591 5788 618 5840 6
662 5787 915 5860 Λάζαρος
976 5785 1153 5854 συζῶν
1203 5786 1664 5858 ἐστεφανοῦτοδῆ
1720 5787 1814 5841 καὶ
1874 5787 1967 5841 τὸν

2063 4583 2315 4652 quamvis
2373 4599 2468 4636 rex
2527 4583 2601 4636 sit
2641 4592 2701 4636 ct
2759 4581 3040 4637 sexcentis
3091 4593 3326 4638 ornatus
3389 4583 3644 4649 coronis,

2065 4674 2320 4744 quamvis
2359 4688 2724 4727 numerosum
2750 4672 3053 4727 exercitum
3090 4672 3310 4738 habent,
3342 4687 3371 4726 a
3398 4673 3648 4743 quolibet

2065 4765 2296 4820 summis
2331 4765 2489 4817 malis
2521 4764 2659 4817 allici
2707 4764 2929 4834 poterit.
2975 4762 3128 4819 Adeo
3152 4765 3394 4834 nequitia
3429 4764 3644 4818 infirma

2065 4859 2180 4913 est!
2234 4857 2372 4911 adeo
2426 4857 2604 4910 valida
2636 4856 2846 4912 virtus!
2886 4856 2998 4911 Cur
3030 4872 3184 4927 ergo,
3213 4873 3246 4911 ο
3273 4857 3438 4910 homo
3475 4870 3646 4925 pecu-

2065 4951 2172 5004 niae
2206 4949 2426 5020 cupide,
2453 4949 2606 5018 luges
2638 4957 2896 5019 tanquam
2920 4949 2977 5005 in
3000 4949 3283 5020 egestate?
3314 4964 3413 5004 cur
3441 4951 3647 5009 lamen-

2067 5043 2201 5098 taris
2227 5042 2285 5098 in
2320 5042 2867 5098 solemnitate?Nam
2898 5041 3264 5098 solemnitatis
3292 5041 3397 5100 hoc
3428 5048 3648 5111 tempus

2066 5145 2171 5192 est.
2229 5135 2341 5192 Cur
2386 5135 2506 5201 ﬂes,
2557 5135 2877 5190 divitiarum
2911 5134 3164 5188 amator?
3194 5133 3371 5188 instar
3419 5133 3518 5195 tibi
3553 5149 3646 5189 so.-

2068 5229 2370 5287 lemnitatis
2431 5240 2728 5300 paupertas
2783 5229 2912 5294 erit,
2963 5229 3009 5284 si
3061 5243 3194 5286 sana
3237 5238 3421 5290 mente
3447 5229 3646 5290 fueris.

2069 5323 2201 5389 Cur,
2247 5339 2406 5394 puer,
2465 5323 2681 5394 ejulas?
2733 5323 2870 5377 Nam
2904 5337 3140 5395 puerum
3174 5323 3456 5396 appellare
3485 5338 3651 5393 opor-

2071 5424 2149 5472 tet
2207 5415 2489 5470 hominem
2546 5415 2882 5486 hujusmodi.
2929 5415 3049 5470 Non
3113 5414 3287 5474 babes
3334 5415 3648 5486 pecuniam,

2069 5509 2197 5580 quia
2249 5523 2458 5579 pauper
2502 5508 2592 5564 es?
2645 5523 2842 5574 magno
2907 5507 3154 5578 pondere
3214 5524 3274 5563 es
3330 5507 3646 5562 liberatus:

2072 5602 2185 5657 imo
2235 5602 2404 5657 etiam
2456 5599 2817 5656 admirandus
2874 5614 2936 5655 es
2975 5616 3040 5656 ac
3070 5601 3289 5666 beatus,
3318 5599 3446 5671 quia
3466 5598 3650 5652 omnis

2074 5694 2434 5765 phil050phia:
2486 5692 2799 5764 magistram
2864 5693 3037 5748 habes
3084 5693 3421 5764 pauperiem,
3455 5691 3646 5760 inqua

2075 5787 2242 5842 vitam
2295 5786 2500 5858 degens
2556 5785 2794 5842 Laurus
2847 5786 3240 5843 coronabatur.
3296 5784 3421 5840 llaec
3471 5782 3643 5843 Jacob
