4064 6292
415 333 524 398 979

1477 349 1480 351 λ
1541 343 1950 405 TI-lEODOlll
1990 343 2542 404 ΜΕΜΤΕΝΙΟΤΕ

3563 337 3674 398 9:30

416 453 546 510 fecit
575 453 865 516 illustrem,
901 469 1041 524 pane
1099 459 1305 510 tantum
1338 457 1500 526 potiri
1530 459 1870 528 cupientem.
1905 459 1984 514 Ob

2101 461 2300 514 ἰακωϐ
2357 459 2524 523 ἔδειξε
2588 457 2876 528 λαμπρὸν,
2936 455 3102 526 ἄρτου
3165 456 3328 524 μένου
3385 455 3674 526 ἐπιτυχεῖν

415 547 561 600 hanc
588 543 888 616 Joseplium
919 557 1139 615 queque
1201 547 1542 602 admiramur
1563 590 1578 612 ,
1605 551 1698 618 qui
1727 551 1777 604 in
1806 560 1990 604 extre-

415 649 560 692 mam
593 638 817 694 devenit
843 640 1181 708 pauperiem,
1215 655 1391 708 neque
1425 642 1478 694 in
1507 643 1829 696 servitutem
1871 653 1990 698 tan-

415 725 704 784 tummodo
757 731 850 785 sed
898 729 954 785 et
1001 731 1054 784 in
1112 746 1391 786 carcerem
1459 753 1472 786 :
1529 749 1706 804 neque
1737 735 1883 788 hune
1916 735 1989 790 ita

417 821 706 877 laudamus
765 833 887 876 cum
925 819 1264 876 frumentum
1320 823 1621 890 distribuit,
1657 842 1820 895 quam
1862 841 1990 881 eum

417 921 694 968 carcerem
727 911 994 968 incoluit:
1029 930 1205 984 neque
1235 925 1344 970 tam
1377 916 1432 971 in
1469 917 1796 980 diademate,
1826 934 1991 988 quam

418 1005 470 1058 in
498 1005 771 1061 vinculis:
805 1021 986 1075 neque
1021 1001 1129 1061 tam
1155 1009 1376 1076 quando
1429 1009 1482 1064 in
1516 1011 1715 1066 throno
1739 1011 1990 1080 sedebat,

417 1107 581 1160 quam
607 1105 728 1146 eum
769 1093 996 1147 insidias
1025 1110 1218 1164 passus
1243 1095 1669 1153 divendebatur.

486 1184 539 1237 6.
573 1183 640 1238 At
694 1183 840 1240 enim
900 1177 967 1241 ab
1026 1188 1210 1258 aliquo
1270 1192 1629 1262 contemptim
1689 1209 1994 1264 percussus

416 1271 589 1338 fuisti,
626 1283 884 1346 tanquam
943 1291 1192 1347 pauper;
1254 1279 1449 1336 fortior
1501 1281 1628 1337 hinc
1677 1283 1852 1340 factus
1907 1300 1988 1340 es.

419 1363 524 1417 Sed
555 1371 734 1434 neque
763 1365 963 1421 nobilis
995 1383 1057 1422 es
1091 1383 1266 1437 neque
1299 1365 1546 1441 dynasta,
1585 1371 1714 1442 quia
1761 1373 1992 1428 inhono-

417 1465 569 1512 ratus
609 1467 670 1512 ut
698 1469 885 1528 egens.
918 1457 1085 1531 Atqui
1120 1463 1199 1517 sic
1233 1461 1368 1517 mihi
1415 1461 1560 1517 aliud
1596 1480 1784 1520 narras
1822 1466 1992 1519 liber-

415 1550 544 1604 tatis
571 1565 762 1620 genus.
782 1551 925 1606 Audi
949 1562 1004 1607 et
1034 1554 1286 1610 ethnicus
1308 1555 1372 1610 de
1399 1555 1485 1610 bis
1519 1557 1991 1626 philosOphantes,

423 1641 782 1712 dicentesque
839 1643 972 1696 nihil
1036 1653 1198 1714 grave
1257 1645 1491 1714 perpeti,
1525 1647 1619 1717 qui
1679 1647 1750 1702 ita
1809 1647 1992 1702 animo

416 1733 596 1788 aﬂ'ecti
657 1744 806 1790 sunt.
869 1735 939 1790 At
965 1736 1193 1791 domum
1235 1737 1577 1806 splendidam
1612 1747 1668 1792 et
1699 1737 1989 1810 insignem,

2092 551 2460 621 ἐπιθυμοῦντα
2487 566 2501 581 ⁸
2538 549 2605 603 δι’
2634 549 2700 618 ἢν
2733 552 2828 602 καὶ
2871 547 2961 600 τὸν
2987 547 3190 617 Ἰωσὴφ
3227 547 3588 617 θαυμάζομεν
3613 551 3676 602 ὲν

2091 645 2295 714 ἐσχάτῃ
2333 643 2624 713 γενόμενον
2685 640 2848 710 πενίᾳ
2878 677 2893 702 ,
2947 641 3042 692 καὶ
3087 639 3215 708 οὐχὶ
3271 639 3460 693 δοῦλον
3511 641 3678 708 μόνον

2090 737 2416 805 γενόμενον,
2465 733 2602 787 ἀλλὰ
2678 733 2776 786 καὶ
2833 731 3164 801 δεσμώτην·
3215 733 3278 784 οὗ
3333 733 3446 800 γὰρ
3497 731 3678 795 οὕτως

2092 817 2422 896 ἐπαινοῦμεν
2453 826 2617 878 αὑτὸν
2651 825 2739 878 ὅτε
2764 824 2855 877 τὸν
2889 828 3036 878 σῖτον
3063 825 3354 892 διένειμεν,
3386 825 3462 888 ὡς
3495 825 3585 878 ὅτε
3613 825 3678 876 τδ

2090 918 2467 988 δεσμωτήριον
2502 914 2637 986 ῷκει
2657 932 2671 946 ·
2708 915 2830 968 οὐδὲ
2855 915 2945 967 ὅτε
2973 914 3030 966 τὸ
3062 915 3304 984 διάδημα
3329 916 3672 984 περίεκειτο,

2092 1003 2167 1070 ὦς
2205 1009 2292 1062 ὅτε
2345 1009 2442 1077 τὴν
2475 1007 2702 1060 ἅλυσιν·
2751 1006 2861 1058 οὐδ’
2905 1006 2994 1058 ὅτε
3042 1007 3136 1059 ἐπὶ
3189 1007 3286 1059 τοῦ
3315 1007 3510 1075 θρόνου
3543 1009 3680 1059 ἐκα-

2094 1097 2304 1163 θέζετο,
2331 1099 2404 1159 ὡς
2435 1099 2524 1150 ὅτε
2556 1096 2952 1150 ἐπεϐουλεύετο
2983 1100 3078 1150 καὶ
3107 1098 3394 1152 ἐπωλεῖτο.

2165 1189 2242 1254 ς’.
2287 1189 2426 1242 Ἀλλ’
2464 1187 2772 1258 ὲτυπτήθης
2801 1191 2951 1255 παρὰ
2985 1205 3129 1252 τινος
3151 1189 3226 1250 ὡς
3257 1188 3474 1258 πτωχὸς
3504 1205 3680 1240 κατα-

2093 1280 2386 1352 φρονηθείς
2421 1298 2435 1346 ;
2475 1280 2570 1332 καὶ
2604 1280 2656 1332 τί
2687 1279 2850 1334 τοῦτο
2881 1297 2898 1347 ;
2955 1280 3435 1350 καρτερικὼτερος
3487 1278 3678 1332 ὲντεῦ-

2093 1374 2184 1428 θεν
2215 1374 2424 1442 ἐγένου.
2460 1373 2602 1427 Ἀλλ’
2633 1375 2690 1426 οὐ
2714 1373 2984 1444 κέκτησαι
3031 1373 3192 1439 δόξαν
3216 1373 3310 1426 καὶ
3327 1372 3672 1436 δυναστείαν,

2091 1467 2281 1538 ἄτιμος
2312 1467 2386 1520 ὢν
2423 1467 2498 1529 ὡς
2529 1468 2722 1534 πένης.
2756 1466 2926 1520 Πάλιν
2963 1466 3132 1536 ἀλλης
3165 1465 3484 1537 ἐλευθερίας
3537 1462 3676 1528 εἶδός

2096 1576 2186 1630 μοι
2223 1557 2425 1627 λέγεις.
2460 1551 2726 1612 ’Ἄκουσον
2749 1559 2844 1612 καὶ
2867 1557 2971 1611 τῶν
2997 1559 3104 1624 ἔξω
3123 1559 3298 1612 ταῦτα
3327 1559 3680 1626 φιλοσοφούν-

2092 1669 2199 1704 των
2226 1653 2320 1704 καὶ
2340 1650 2612 1718 λεγόντων
2641 1649 2810 1720 μηδὲν
2830 1649 3161 1704 πεπονθέναι
3183 1650 3356 1704 δεινὸν
3386 1650 3513 1712 τοὺς
3533 1649 3676 1704 οὕτω

2093 1742 2448 1814 φρονοῦντας.
2505 1741 2644 1794 Ἀλλ’
2697 1742 2876 1796 οἰκίαν
2928 1742 3030 1794 οὐκ
3075 1740 3222 1811 ἔχεις
3267 1741 3532 1810 λαμπρὰν
3581 1742 3676 1793 καὶ

414 1833 474 1878 et
506 1826 674 1892 septis
705 1825 1010 1895 praeditam,
1049 1839 1157 1882 non
1194 1802 1387 1893 habes,
1420 1829 1546 1898 quia
1582 1831 1778 1900 opibus
1807 1802 1986 1896 cares,

2093 1802 2370 1904 περιφανῆ
2409 1802 2504 1887 καὶ
2536 1832 2860 1902 περιϐόλους
2891 1833 3014 1904 ἔχου
3028 1802 3150 1897 σαν..
3183 1802 3278 1886 ἅτε
3313 1802 3676 1900 στερούμενος

419 1917 652 1988 ideoque
712 1921 810 1975 has
840 1929 1086 1991 emptas.
1137 1917 1215 1977 En
1256 1939 1386 1978 vero
1420 1925 1675 1981 universa
1729 1933 1873 1980 terra
1937 1927 1992 1982 in

419 2023 717 2081 conspectu
759 2025 851 2068 tuo
901 2023 1004 2078 est,
1039 2015 1256 2084 publica
1290 2013 1540 2080 aedificia,
1574 2017 1688 2071 sive
1728 2017 1858 2071 hinc
1901 2016 1995 2070 de-

419 2105 763 2160 lectationem
805 2107 920 2162 siire
979 2121 1136 2163 usum
1193 2123 1386 2176 capere
1416 2108 1572 2163 velis.
1623 2108 1766 2176 Quid
1827 2125 1992 2179 porro

413 2198 716 2266 jucundius
745 2201 941 2269 quidve
970 2201 1253 2272 pulchrius
1281 2201 1402 2256 coeli
1433 2201 1808 2268 firmamento,
1844 2203 1991 2271 quod

419 2289 578 2344 nobis
604 2289 748 2346 Deus
785 2291 1032 2348 extendit
1065 2293 1330 2348 lacunar?
1357 2291 1492 2348 Nam
1525 2302 1580 2347 et
1617 2293 1784 2348 nostri
1816 2295 1991 2363 gratia

417 2391 662 2435 creatum
691 2381 815 2448 fuit,
847 2391 901 2437 et
929 2399 1222 2440 connnune
1259 2393 1344 2441 est
1373 2387 1606 2452 cunctis,
1638 2398 1694 2441 et
1731 2386 1988 2451 maxime,

417 2473 489 2528 ob
517 2473 980 2542 pulchritudinem
1005 2489 1158 2530 suam
1193 2475 1450 2531 idoneum
1482 2477 1647 2532 menti
1672 2477 1737 2532 ad
1760 2478 1990 2535 Creato-

415 2581 531 2620 rem
569 2581 789 2620 sursum
846 2565 1189 2622 extollendze.
1229 2567 1526 2638 Quousque
1554 2585 1653 2624 nos
1687 2585 1842 2624 amor
1875 2581 1995 2624 tan-

417 2671 608 2727 topere
645 2659 996 2727 prmsentium
1041 2675 1225 2713 rerum
1257 2659 1550 2728 occupabit
1588 2660 1990 2731 superﬂuarum

415 2756 580 2818 atque
611 2747 929 2803 inutilium?
971 2747 1106 2802 Nam
1137 2748 1342 2803 divitia:
1381 2749 1526 2805 inter
1555 2767 1644 2807 res
1687 2751 1990 2822 superﬂuas

417 2851 764 2912 reputantur,
820 2857 1049 2912 quarum
1102 2841 1249 2897 nulla
1282 2853 1368 2898 est
1415 2843 1643 2899 utilitas.
1695 2844 1991 2913 Quousque

416 2935 754 2992 vanitatibus
807 2935 1243 2990 inhaerebimus?
1290 2936 1590 3006 Quousque
1643 2939 1815 2992 eteius
1881 2953 1990 2992 non

419 3028 826 3099 suspiciemus?
855 3039 963 3082 non
998 3028 1166 3083 sobrii
1211 3029 1457 3082 erimus?
1494 3045 1600 3084 non
1635 3031 1855 3085 satietas
1883 3039 1990 3084 ter-

2092 1927 2416 1998 χρημάτων,
2459 1926 2555 1980 καὶ
2583 1926 2672 1979 διὰ
2710 1924 2869 1978 τοῦτο
2899 1925 3108 1980 τούτων
3143 1925 3334 1998 ὀρέγῃ.
3381 1926 3526 1978 Ἀλλ’
3567 1926 3674 1980 ἰδοὺ

2097 2018 2249 2069 πᾶσα
2276 2017 2308 2086 ἡ
2336 2016 2410 2086 γῆ
2451 2014 2683 2068 ἐνώπιόν
2721 2032 2838 2080 σου,
2867 2015 2934 2068 τὰ
2965 2015 3205 2084 δημόσια
3235 2015 3672 2087 οἰκοδομήματα,

2093 2110 2204 2164 εἴτε
2231 2111 2314 2173 εἰς
2347 2109 2566 2179 τέρψιν,
2597 2111 2707 2161 εἴτε
2733 2111 2813 2170 εἰς
2845 2108 3030 2178 χρείαν
3059 2109 3200 2178 ἔχειν
3226 2109 3450 2172 ἐθέλεις.
3489 2111 3596 2162 Καὶ
3623 2109 3674 2160 τί

2090 2203 2450 2274 τερπνότερον
2500 2204 2596 2256 καὶ
2644 2203 2976 2272 ὡραιότερον
3023 2203 3118 2256 τοῦ
3153 2201 3536 2271 στερεώματος
3577 2202 3674 2254 τοῦ

2090 2295 2344 2366 οὐρανοῦ,
2377 2291 2435 2349 ὃν
2469 2298 2498 2349 6
2524 2295 2656 2360 Θεὸς
2685 2299 2817 2366 ἡμῖν
2863 2296 3129 2360 ἐξέτεινεν
3155 2295 3392 2363 δροφον;
3443 2295 3537 2346 καὶ
3567 2294 3674 2362 γὰρ

2091 2389 2160 2444 δι’
2192 2390 2338 2460 ἡμᾶς
2371 2387 2586 2459 γέγονε,
2631 2389 2727 2442 καὶ
2754 2387 2934 2452 κοινός
2963 2387 3111 2442 ἔστιν
3143 2386 3348 2442 ἅπασιν
3379 2385 3544 2456 ἡμῖν,
3577 2385 3675 2439 καὶ

2090 2482 2159 2536 τὰ
2193 2482 2427 2552 μέγιστα
2455 2481 2673 2550 ὠφελεῖ,
2711 2481 2788 2540 ὡς
2815 2481 2902 2535 διὰ
2933 2481 3026 2534 τοῦ
3065 2481 3296 2542 κάλλους
3325 2481 3408 2541 είς
3443 2480 3534 2532 τὸν
3563 2481 3668 2549 Aq-

2095 2574 2355 2646 μιουργὸν
2377 2573 2738 2644 ἀναπέμπων.
2759 2573 2940 2642 Μέχρι
2966 2573 3108 2635 τίνος
3129 2573 3156 2624 6
3179 2572 3320 2640 ἔρως
3349 2573 3500 2640 ἡμᾶς
3525 2569 3670 2622 οὕτω

2091 2667 2311 2736 κατέχει
2330 2664 2439 2719 τῶν
2461 2664 2748 2734 παρόντων
2773 2664 3136 2732 πραγμάτων,
3153 2661 3264 2716 τῶν
3283 2662 3556 2730 περιττῶν
3583 2661 3673 2712 καὶ

2091 2760 2408 2828 ἀνονήτων;
2438 2757 2467 2808 6
2498 2757 2607 2825 γὰρ
2649 2755 2880 2819 πλοῦτος
2905 2759 2962 2810 ἐν
2992 2757 3106 2818 τοῖς
3141 2755 3442 2822 περιττοῖς,
3475 2753 3534 2804 ὲν
3589 2747 3672 2814 οἷς

2090 2847 2245 2904 οὐδὲν
2266 2848 2458 2914 δψελος
2487 2847 2722 2916 γίνεται.
2745 2847 2923 2916 Μέχρι
2942 2845 3090 2908 τίνος
3112 2842 3541 2914 προσηλούμεθα
3557 2841 3674 2901 τοῖς

2095 2939 2347 3010 ματαίοις
2372 2955 2388 3004 ;
2425 2939 2604 3008 Μέχρι
2633 2939 2778 3002 τίνος
2805 2937 2868 2990 οὐ
2901 2936 3271 3004 διαϐλέπομεν
3300 2937 3358 2988 ὲν
3377 2937 3487 2997 τοῖς
3511 2934 3674 3003 οὖρα-

2093 3038 2203 3097 νοῖς
2239 3033 2343 3098 ;ού
2373 3033 2620 3104 νήφομεν
2656 3048 2672 3098 ;
2705 3033 2767 3085 οὐ
2800 3029 3154 3099 λαμϐάνομεν
3199 3029 3362 3096 κόρον
3401 3028 3508 3079 τῶν
3553 3013 3678 3094 τηΐέ

419 3133 674 3175 renarqu
741 3133 926 3174 rerum
1001 3119 1382 3188 lluxarumque
1435 3135 1533 3174 nos
1597 3121 1818 3189 capiet?
1881 3136 1988 3174 non

2096 3143 2200 3177 νων
2233 3123 2440 3178 τούτων
2483 3122 2578 3176 καὶ
2611 3121 3034 3192 παραρρεόντων
3063 3137 3078 3186 ;
3108 3119 3169 3172 ού
3199 3117 3566 3188 παιδευόμεθα
3587 3117 3672 3170 διὰ

419 3215 652 3282 denique
717 3215 958 3283 ipsarum
1036 3211 1297 3265 vilitatem
1361 3215 1739 3280 experimento
1815 3213 1992 3266 disce-

419 3319 541 3358 mus
561 3305 586 3356 ἲ

488 3397 542 3448 7.
576 3395 890 3465 Cogitemus
927 3391 1054 3446 illos
1085 3392 1176 3460 qui
1227 3391 1424 3446 divites
1450 3401 1576 3447 ante
1621 3408 1720 3446 nos
1771 3395 1995 3447 exstite-

422 3500 581 3549 runt;
641 3501 828 3540 nonne
877 3485 968 3538 illa
1001 3484 1184 3537 omnia
1221 3483 1518 3546 somnium,
1554 3483 1767 3550 tnnbra,
1800 3493 1852 3537 et
1897 3483 1994 3536 flos

421 3577 686 3634 fuerunt?
737 3589 918 3631 nunne
993 3574 1347 3630 rumusculus
1416 3583 1578 3644 atque
1627 3574 1854 3629 fabula?
1901 3575 1993 3629 llle

419 3671 572 3726 dives
601 3670 738 3736 fuit;
773 3677 828 3722 at
879 3684 1029 3723 nunc
1065 3667 1154 3723 ubi
1181 3667 1404 3733 divitiae,
1435 3683 1556 3738 quae
1583 3667 1808 3739 dilapsa!
1866 3677 1996 3723 sunt

417 3771 472 3818 et
519 3763 830 3832 corruptae?
865 3761 971 3818 Sed
1033 3771 1254 3833 peccata
1303 3770 1524 3817 manent
1554 3761 1624 3816 ob
1676 3762 1796 3816 illas
1843 3777 1995 3817 com-

420 3857 610 3924 missa,
641 3865 698 3912 et
730 3863 958 3926 propter
988 3865 1210 3926 peccata
1250 3855 1482 3925 punitio.
1513 3854 1807 3926 Quousque
1835 3855 1992 3926 egeni

418 3965 482 4004 ac
509 3963 779 4019 pauperes
815 3963 903 4004 res
941 3947 1236 4003 duraturas
1261 3949 1490 4018 fugient,
1519 3949 1791 4018 perituras
1820 3962 1994 4004 secta-

417 4042 678 4096 bn-ntur?
721 4041 838 4096 Non
889 4047 974 4096 est
1023 4055 1352 4110 quemquam
1407 4039 1629 4095 divitem
1685 4055 1835 4106 esse,
1887 4040 1992 4094 nisi

420 4134 472 4188 in
533 4135 716 4187 anima
771 4133 1063 4204 upulentus
1115 4127 1226 4188 sit:
1274 4131 1436 4186 sicuti
1485 4131 1692 4186 nemini
1729 4133 1995 4203 contingit

419 4241 540 4282 esse
571 4227 821 4297 pauperi,
845 4228 948 4281 nisi
977 4227 1030 4280 in
1058 4225 1242 4280 animo
1259 4234 1634 4297 paupertatem
1665 4238 1837 4295 gerat.
1856 4225 1990 4281 Nam

417 4319 464 4372 si
500 4321 679 4388 potior
717 4329 801 4373 est
832 4319 1010 4372 anima
1043 4333 1298 4388 corpore,
1341 4333 1446 4370 non
1479 4329 1686 4386 queunt
1723 4317 1990 4372 debiliora

416 4413 563 4464 illam
601 4412 703 4464 sibi
757 4411 1056 4478 subjicere;
1089 4409 1183 4464 sed
1229 4425 1350 4478 quae
1378 4409 1560 4478 potior
1608 4418 1712 4472 est,
1749 4410 1838 4463 illa
1869 4425 1990 4478 qua:

2093 3219 2194 3286 τῆς
2218 3217 2418 3289 πείρας
2447 3216 2628 3269 αὐτῶν
2653 3215 2752 3284 τὴν
2791 3213 3106 3276 εύτέλειαις

2169 3403 2234 3468 ζ’.
2277 3400 2652 3469 Ἐννοήσωμεν
2685 3397 2809 3462 τοὺς
2850 3397 2954 3467 rvpi.
3004 3395 3164 3466 ἡμῶν
3223 3395 3666 3464 πλουτήσαντας·

2095 3497 2216 3563 οὐχὶ
2239 3495 2372 3562 ὃναρ
2403 3495 2582 3547 πάντα
2610 3493 2794 3544 ἐκεῖνα
2829 3507 2842 3548 :
2873 3491 2994 3558 οὐχὶ
3025 3489 3151 3541 σκιὰ
3191 3488 3284 3540 καὶ
3311 3488 3470 3548 ἄνθος
3506 3503 3522 3552 ;
3554 3487 3671 3555 οὐχὶ

2095 3587 2339 3656 διήγημα
2372 3585 2467 3637 καὶ
2503 3583 2675 3652 μῦθος
2709 3601 2722 3645 ;
2752 3583 2779 3634 6
2810 3583 2958 3634 δεῖνα
3009 3579 3379 3646 πεπλούτηκε,
3417 3578 3510 3630 καὶ
3566 3575 3668 3628 ποῦ

2095 3675 2496 3738 νῦνδπλοῦτος
2530 3681 2560 3734 ;'
2619 3671 2894 3726 Ἀπώλετο
2941 3673 3035 3726 καὶ
3099 3672 3443 3740 διέφθαρται.
3513 3669 3672 3724 Ἀλλὰ

2094 3771 2164 3823 τὰ
2192 3769 2263 3822 δι’
2291 3768 2471 3822 αὐτῶν
2501 3767 2878 3836 ἁμαρτήματα
2907 3765 3078 3834 μένει,
3112 3765 3260 3834 καὶὴ
3291 3764 3378 3817 διὰ
3395 3763 3462 3815 τὰ
3495 3763 3671 3832 ἁμαρ-

2095 3865 2318 3934 τήματα
2341 3861 2584 3923 κόλασις.
2618 3860 2796 3930 Μέχρι
2829 3857 2974 3918 τίνος
3004 3860 3210 3925 πτωχοὶ
3261 3859 3358 3909 καὶ
3421 3856 3666 3922 πένητες,

2094 3957 2164 4010 τὰ
2195 3955 2295 4024 μὲν
2324 3954 2556 4024 μένοντα
2585 3953 2902 4020 φεύγοντες,
2941 3950 3228 4013 διώκοντες
3259 3949 3314 4001 δὲ
3347 3949 3416 4002 τὰ
3451 3947 3672 4016 φεύγον-

2095 4065 2165 4101 τα
2203 4063 2219 4110 ;
2251 4045 2363 4099 Οὐκ
2396 4044 2512 4097 ἔστι
2545 4042 2802 4096 πλούσιον
2845 4038 2985 4094 εἶναι
3011 4039 3104 4094 τὸν
3143 4042 3219 4109 μὴ
3242 4043 3307 4110 τῇ
3340 4039 3486 4109 ψυχῇ
3511 4038 3669 4090 πλου-

2093 4133 2295 4189 τοῦντα
2331 4151 2344 4164 °
2376 4134 2630 4204 καθάπερ
2667 4135 2768 4186 οὐκ
2799 4131 2876 4184 ἔνι
2911 4132 3128 4200 πτωχὸν
3178 4125 3318 4182 εἶναι
3352 4131 3444 4182 τὸν
3489 4129 3564 4199 μὴ
3613 4129 3672 4180 ὲν

2093 4230 2302 4300 διανοίᾳ
2327 4231 2518 4298 ἔχοντα
2564 4227 2662 4298 τὴν
2695 4225 2887 4278 πενίαν
2924 4241 2939 4257 ·
2967 4226 3014 4277 εί
3069 4224 3176 4294 γὰρ
3209 4222 3540 4294 κυριώτερον
3577 4221 3668 4273 τοῦ

2098 4319 2347 4392 σώματος
2375 4323 2406 4391 ἡ
2434 4319 2602 4390 ψυχὴ,
2630 4321 2730 4373 οὐκ
2761 4317 2938 4387 ἰσχύει
2967 4317 3034 4369 τὰ
3077 4316 3152 4386 μὴ
3203 4317 3532 4385 ἰσχυρότεροι
3577 4315 3674 4366 αὺ-

2094 4417 2194 4486 τὴν
2221 4413 2484 4466 διαθεῖναι
2515 4413 2654 4480 πρὸς
2695 4410 2868 4464 ἑαυτά
2897 4426 2911 4441 ·
2937 4409 3054 4462 ἀλλ’
3085 4411 3117 4476 ὴ
3151 4409 3314 4477 κυρῖα
3343 4408 3408 4458 τὰ
3433 4405 3509 4477 μὴ
3533 4406 3670 4458 οὕτω

417 4517 574 4570 atque
608 4513 715 4554 non
749 4513 876 4554 sunt
907 4499 1120 4562 valida,
1144 4500 1211 4553 ad
1235 4517 1294 4554 se
1325 4499 1490 4554 trahit
1518 4511 1680 4568 atque
1715 4511 1989 4555 transmu-

2095 4509 2266 4578 κύρια
2299 4506 2434 4578 πρὸς
2471 4505 2670 4575 ἑαυτὴν
2715 4501 3002 4570 ἐφέλκεται
3037 4504 3131 4553 καὶ
3167 4499 3501 4566 μεταϐάλλει
3528 4515 3540 4528 ·
3577 4499 3670 4552 καὶ

418 4605 516 4648 tat.
583 4591 828 4660 Namque
883 4601 938 4644 et
992 4607 1087 4645 cor
1127 4591 1168 4644 si
1208 4591 1352 4661 quod
1391 4591 1648 4646 damnum
1685 4593 1989 4660 pertulerit,

415 4691 591 4737 totum
627 4695 825 4750 corpus
855 4698 1011 4751 mque
1046 4681 1264 4736 adlicit:
1293 4693 1345 4737 et
1377 4685 1420 4736 si
1449 4699 1653 4752 aegrum
1680 4683 1867 4746 fuerit,
1894 4684 1990 4738 toti

421 4792 612 4830 massae
641 4785 838 4838 nocet;
881 4775 964 4828 sin
997 4775 1291 4840 incolume,
1323 4791 1714 4845 usquequaque
1747 4777 1988 4846 prodest.

421 4871 592 4923 Secus
631 4883 781 4931 vero,
815 4867 857 4921 si
884 4867 1029 4937 quod
1059 4867 1205 4921 aliud
1237 4867 1542 4920 membrum
1567 4867 1802 4929 laboret,
1826 4868 1994 4922 corde

418 4961 679 5015 incolumi
733 4969 1008 5022 manente,
1065 4957 1222 5012 facile
1260 4967 1314 5011 et
1341 4958 1573 5011 aliorum
1620 4957 1990 5012 membrorum

417 5055 675 5106 damnum
715 5051 1048 5123 dispellilur.

485 5145 540 5197 8.
581 5143 652 5198 Ut
683 5153 864 5199 autem
893 5142 1234 5198 manifestius
1261 5141 1404 5210 quod
1439 5141 1562 5196 dico
1587 5137 1837 5204 eﬂiciam,
1872 5155 1993 5209 qua:

418 5237 630 5290 utilitas
661 5251 964 5300 ramorum,
998 5237 1086 5291 die
1135 5235 1290 5300 mihi,
1326 5233 1706 5296 viridantium,
1739 5233 1786 5286 si
1837 5231 1992 5285 radix

418 5327 766 5382 marcescat?
813 5325 990 5382 Secus
1031 5337 1250 5390 autem,
1296 5326 1571 5395 quodnam
1599 5325 1990 5379 detrimentum

416 5423 674 5475 foliorum
712 5415 950 5489 ἀσίδηρον
983 5421 1371 5484 arescentium,
1414 5417 1714 5472 dummodo
1753 5432 1880 5471 sana
1922 5417 1993 5470 sit

419 5513 612 5566 radix?
663 5509 754 5568 Sic
784 5513 947 5566 etiam
1005 5512 1148 5566 nulla
1191 5521 1276 5566 est
1310 5510 1627 5563 divitiarum
1661 5509 1886 5574 utilitas,
1945 5507 1990 5562 si

417 5604 597 5657 anima
650 5605 720 5658 sit
767 5603 1097 5673 paupercula
1134 5619 1147 5654 :
1181 5615 1358 5670 neque
1393 5601 1629 5655 vicissim
1673 5607 1829 5654 nocet
1863 5615 1993 5670 pau-

423 5695 682 5755 pertas.si
719 5695 898 5746 anima
933 5691 1091 5745 dives
1119 5689 1212 5744 sit.
1252 5693 1318 5742 At
1348 5690 1656 5757 quomodo,
1711 5690 1988 5758 inquiunt,

423 5781 575 5833 dives
603 5783 670 5834 sit
707 5785 886 5837 animi
935 5783 978 5836 si
1023 5779 1221 5851 opibus
1256 5781 1480 5833 careat?
1529 5781 1642 5833 lmo
1680 5795 1808 5833 vero
1862 5791 1991 5834 tunc

2096 4601 2203 4670 γὰρ
2233 4599 2264 4668 ἡ
2295 4597 2494 4666 καρδία
2531 4597 2662 4648 ὅταν
2695 4595 2817 4647 τινὰ
2867 4592 3087 4662 δέξηται
3123 4591 3347 4661 βλάϐην,
3423 4591 3568 4646 ἅπαν
3611 4592 3670 4642 τὸ

2098 4685 2256 4760 σῶμα
2288 4687 2432 4742 οὕτω
2463 4685 2740 4754 διατίθησι
2765 4699 2780 4714 ·
2825 4685 2928 4736 κᾶν
2961 4683 3262 4750 δύσκρατος
3315 4683 3563 4752 γένηται,
3595 4682 3670 4750 τῷ

2094 4782 2261 4835 παντὶ
2284 4779 2614 4848 λυμαίνεται
2659 4795 2671 4809 ·
2710 4777 2815 4830 κᾶν
2841 4773 3131 4845 εὔκρατος,
3162 4775 3223 4828 τὸ
3256 4777 3362 4828 πᾶν
3389 4776 3630 4843 ὀνίνησιν
3653 4793 3666 4806 ·

2096 4868 2162 4921 ἂν
2193 4867 2247 4919 δέ
2279 4884 2333 4918 τι
2363 4863 2473 4918 τῶν
2519 4865 2724 4918 λοιπῶν
2787 4864 3090 4934 διαφθαρῇ,
3131 4864 3340 4931 ταύτης
3403 4867 3670 4932 μενούσης

2095 4959 2303 5027 ὑγιοῦς,
2341 4957 2580 5018 εὐκόλως
2611 4957 2880 5010 κάκείνων
2901 4954 2997 5024 τὴν
3016 4953 3196 5025 λύμην
3217 4956 3667 5008 ἀποτινάσσεται.

2164 5155 2222 5208 η·
2260 5135 2378 5190 Ἵνα
2406 5135 2461 5188 δὲ
2496 5135 2589 5187 καὶ
2621 5132 2952 5202 σαφέστερον
2975 5131 3002 5184 ὃ
3023 5131 3166 5199 λέγω
3193 5131 3425 5200 ποιήσω,
3458 5129 3512 5182 τί
3545 5129 3672 5182 κλά-

2093 5232 2198 5284 δων
2223 5227 2436 5298 ὄφελος,
2468 5229 2587 5278 εἰπέ
2612 5243 2722 5294 μοι,
2766 5224 3015 5294 χλωρῶν,
3039 5225 3166 5278 ὃταν
3188 5225 3222 5292 ἡ
3251 5223 3376 5293 ῥίζα
3405 5223 3672 5292 μικραί-νη·-

2093 5339 2183 5375 ται
2219 5337 2235 5388 ;
2271 5319 2336 5371 Τί
2373 5305 2438 5371 ⁵δὲ
2473 5317 2666 5386 βλάϐος
2696 5317 2805 5368 τῶν
2857 5316 3064 5368 ἄνωθεν
3121 5313 3495 5383 ξηρανθέντων
3546 5311 3670 5381 φύλ-

2093 5413 2224 5474 λων,
2253 5409 2458 5480 ταύτης
2493 5409 2661 5478 οΰσης
2692 5408 2915 5476 ὑγιοῦ;;
2946 5405 3103 5460 Οὕτω
3134 5407 3229 5458 καὶ
3261 5405 3498 5459 ἐνταῦθα
3522 5406 3672 5458 οὐδὲν

2093 5503 2286 5571 ὄφελος
2341 5501 2669 5572 χρημάτων,
2721 5502 2902 5568 ψυχῆς
2969 5497 3137 5568 οὔσης
3198 5500 3460 5568 πενιχρᾶς
3493 5515 3507 5529 ·
3555 5495 3670 5549 οὐδὲ

2097 5592 2294 5662 βλάϐος
2322 5589 2536 5653 πενίας,
2560 5589 2740 5659 ψυχῆς
2775 5589 2942 5659 οὔσης
2975 5586 3254 5650 πλουσίας.
3288 5589 3398 5640 Καὶ
3443 5585 3560 5646 πῶς
3607 5587 3671 5638 ἂν

2093 5687 2304 5754 γένοιτο
2349 5682 2600 5750 πλουσία,
2661 5683 2816 5752 φησὶ,
2850 5681 2996 5752 ψυχὴ
3053 5683 3110 5733 ὲν
3170 5680 3327 5749 πενίᾳ
3377 5679 3670 5750 χρημάτων

2095 5774 2271 5842 οὖσας
2333 5775 2586 5830 Μάλιστα
2647 5773 2854 5827 ειν-τότε
2916 5775 3168 5840 γένοιτο·
3225 5771 3346 5824 τότε
3411 5771 3522 5841 γὰρ
3575 5767 3666 5823 καὶ
