4064 6292
494 308 598 370 983

1619 317 2017 380 'l'llEODORI
2067 323 2621 388 ΜἘΙΛΊἜΝΙΟΤΕ

3633 334 3734 398 θῗί

471 423 634 477 nobis
661 421 901 486 nocebit,
929 422 972 477 si
1007 423 1190 480 sobria
1222 433 1404 480 mente
1435 426 2039 501 fuerimtts.oProptcrea

2166 453 2362 504 ρωμεν.
2400 440 2492 492 Διὸ
2527 442 2854 510 παρακαλῶ,
2913 443 2987 514 μὴ
3049 445 3318 515 τοσαύτην
3365 449 3736 520 ὑπεμένωμεν

471 532 573 572 oro
595 531 910 587 quaesoque,
942 532 1010 572 ne
1063 518 1223 572 talem
1253 519 1524 586 patiamur
1556 521 1842 587 insaniam,
1895 524 2039 579 salu-

473 615 583 662 tem
628 616 873 662 nostram
909 617 1134 679 propter
1178 610 1452 664 modicum
1513 623 1800 682 argentum
1855 617 2038 686 prodi-

469 710 700 768 gentes:
735 698 830 754 sed
885 699 1192 754 futurarum
1259 718 1444 756 rerum
1505 719 1657 772 spem
1719 705 2038 763 foveamus:

470 803 631 843 senes
672 789 891 857 quidem
922 829 939 856 ,
971 799 1160 858 utpote
1210 793 1495 847 manifeste
1540 805 1825 850 cernentes
1876 798 2042 854 breve

470 878 629 933 nobis
657 894 942 949 superesse
975 879 1101 932 vitae
1147 889 1398 950 tempus;
1442 883 1673 952 juvenes
1697 894 1903 950 autem,
1943 903 2042 941 ceu

474 979 622 1024 certo
657 971 912 1035 scientes,
946 971 1092 1026 haud
1125 973 1356 1027 multum
1387 975 1546 1030 nobis
1571 977 1842 1046 reliquum
1873 994 1994 1033 esse
2025 997 2039 1032 :

474 1075 708 1129 namque
738 1070 796 1114 ut
839 1062 926 1116 fur
960 1063 1012 1116 in
1062 1073 1242 1128 nocte,
1282 1065 1354 1119 ita
1398 1067 1514 1121 dies
1559 1067 1646 1122 illa
1683 1072 1850 1123 venit.
1882 1068 2042 1126 Omni

472 1154 639 1222 igitur
691 1155 874 1209 studio
937 1155 1174 1211 vitemus
1216 1158 1428 1226 cupidae
1482 1161 1726 1215 avaritia:
1767 1163 2043 1216 morbum.

472 1244 790 1314 Quanquam
820 1247 965 1301 enim
1006 1263 1144 1302 Saeva
1181 1260 1264 1304 est
1290 1250 1402 1304 haec
1437 1251 1616 1305 bellua
1643 1295 1656 1315 ,
1692 1262 1752 1306 ut
1785 1252 2042 1320 diximus,

474 1337 857 1401 nihilominus,
891 1340 935 1394 si
970 1349 1116 1394 certe
1145 1342 1396 1405 velimus,
1433 1342 1588 1398 facile
1616 1361 1732 1398 eam
1761 1347 2046 1415 superabi-

473 1444 616 1482 mtts.
636 1429 754 1484 Non
779 1431 924 1484 enim
951 1431 1134 1485 innata
1159 1441 1242 1485 est
1259 1449 1319 1487 ac
1341 1436 1602 1489 naturalis
1621 1437 1717 1489 ista
1739 1437 2045 1506 cupiditas;

473 1519 718 1588 alioquin
766 1521 877 1590 jam
931 1523 1058 1576 inde
1101 1539 1130 1577 a
1179 1541 1360 1578 rerum
1418 1527 1576 1580 initio
1635 1529 1795 1582 insita
1830 1527 2045 1584 fuisset.

475 1609 638 1677 Atqui
698 1611 1004 1681 antiquitus
1065 1629 1243 1683 neque
1279 1630 1472 1668 aurum
1520 1626 1660 1680 erat,
1705 1633 1879 1686 neque
1928 1619 2046 1672 auri

476 1702 620 1756 ullus
647 1712 878 1759 amator.

550 1797 636 1849 Η.
666 1796 782 1849 Jam
806 1837 820 1861 ,
877 1799 920 1852 si
989 1799 1189 1862 vultis,
1218 1801 1361 1853 unde
1401 1800 1739 1862 hoc,malum
1781 1807 2048 1872 eruperit,
2085 1784 2125 1836 Β

477 1886 675 1941 όίεειηι.
715 1889 852 1942 Dum
892 1905 1260 1954 prtecessores
1309 1907 1439 1948 suos
1473 1895 1704 1963 quisque
1736 1897 2047 1960 aemulatur,

479 1982 729 2034 morbum
771 1994 1031 2052 aggravat
1059 2002 1073 2050 ;
1106 1992 1160 2039 et
1203 1986 1538 2054 cupientem,
1571 1987 1616 2043 is
1647 1989 1738 2058 qui
1775 1991 2051 2044 antecedit

477 2071 692 2126 incitat.
725 2073 857 2128 Nam
901 2089 1024 2129 eum
1062 2075 1246 2129 vident
1275 2077 1467 2133 domos
1493 2079 1823 2148 splendidas,
1864 2079 2052 2133 latitu-

476 2166 660 2219 dinem
682 2181 960 2236 agrorum,
994 2184 1277 2223 servorum
1304 2185 1515 2240 greges,
1537 2180 1591 2225 et
1618 2180 1874 2242 argentea
1903 2187 2051 2234 vasa,

479 2269 534 2310 et
585 2257 807 2311 multam
865 2261 1317 2320 vestimentorum
1365 2264 1698 2332 congeriem,
1757 2263 1896 2317 nihil
1944 2280 2051 2317 nou

479 2355 647 2413 agunt
690 2357 750 2400 ut
779 2348 917 2401 alios
952 2361 1216 2418 sttperent
1249 2368 1262 2403 :
1304 2360 1467 2420 atque
1495 2353 1566 2406 ita
1591 2355 1804 2420 priores
1833 2368 2050 2406 causam

485 2439 729 2504 praebent
767 2440 1045 2506 secundis,
1083 2442 1136 2495 hi
1172 2453 1352 2497 autem
1410 2445 1666 2513 posteris.
1702 2445 1854 2510 Quod
1890 2445 1933 2499 si
1965 2460 2050 2500 so—

481 2530 767 2583 brietatem
828 2532 1067 2586 retinere
1104 2533 1329 2596 vellent,
1378 2535 1500 2588 aliis
1543 2537 1787 2606 magistri
1825 2553 1934 2590 non
1977 2537 2056 2590 fo-

482 2630 632 2699 rent.
680 2623 868 2692 Neque
926 2624 1130 2678 idcirco
1181 2625 1230 2678 hi
1299 2626 1631 2692 posteriores
1688 2637 2054 2692 excusantur;

481 2724 613 2768 sunt
641 2715 786 2768 enim
841 2715 931 2769 alii
973 2716 1064 2785 qui
1105 2732 1237 2786 opes
1271 2727 1662 2784 contenmunt;
1695 2720 1840 2788 quod
1877 2721 2053 2789 ipsum

482 2822 812 2877 magnopere
841 2807 1220 2873 demonstrat,
1255 2824 1362 2862 nou
1395 2825 1514 2864 esse
1571 2811 1893 2866 naturaliter
1928 2812 2058 2866 insi-

486 2911 598 2953 tum
627 2901 873 2954 avaritiae
898 2901 1170 2966 morbum,
1199 2917 1319 2970 qua:
1343 2918 1430 2955 res
1457 2918 1519 2956 ex
1543 2903 1649 2957 illis
1681 2903 1928 2972 patescit,
1960 2904 2055 2974 qui

484 2995 646 3050 alieni
707 2994 776 3050 ab
834 3009 900 3048 eo
953 3003 1098 3048 sunt.
1153 2993 1430 3064 Siquidem
1478 2996 1715 3065 physica:
1767 2999 2056 3066 qualitates

2143 528 2354 593 ἄνοιαν,
2382 531 2722 599 προδιδόντες
2751 536 2849 600 τὴν
2877 539 3152 608 σωτηρῖαν
3183 542 3343 610 ἡμῶν
3386 542 3476 594 διά
3540 545 3737 612 μικτήν

2146 620 2469 688 ἀργυρίδιον
2505 640 2519 654 ο
2554 624 2671 676 ἀλλ’
2703 627 3056 698 ἀντεχόμενοι
3098 631 3195 697 τῆς
3229 632 3535 703 μελλούσης
3586 634 3738 686 ἔλπε-

2143 707 2252 772 δος,
2290 713 2471 781 οἱμὲν
2515 717 2913 785 γεγηρακότες,
2951 720 3046 772 ἆτε
3096 721 3298 784 εἰδότες
3344 725 3601 793 φανερῶς
3654 729 3736 777 ὅτι

2144 799 2326 868 ὀλίγος
2373 805 2509 874 ἡμῖν
2553 806 2907 860 ὑπολείπεται
2948 813 3046 879 τῆς
3102 813 3247 879 ζωῆς
3299 816 3524 882 γρόνος·
3572 817 3623 868 οἱ
3682 817 3734 868 δὲ

2147 892 2279 957 νέοι,
2311 892 2404 946 ac:
2441 899 2802 966 πεπεισμένοι
2838 901 3027 969 σαφῶς
3062 903 3143 955 ὅτι
3172 906 3234 958 οὐ
3271 906 3404 958 πολὺ
3435 908 3495 959 τὸ
3556 907 3739 958 λειπῦ-

2151 999 2311 1051 μενον
2337 1003 2351 1018 ο
2379 984 2454 1048 ὡς
2477 987 2585 1058 γάρ
2621 990 2865 1060 κλέπτης
2909 993 2966 1042 ἐν
2996 998 3174 1061 νυκτὶ,
3234 996 3408 1060 οὕτως
3468 1000 3499 1065 ἡ
3556 1000 3739 1066 ἡμέρα

2147 1075 2327 1145 ἐκείνη
2359 1077 2600 1146 ἔρχεται.
2655 1083 2951 1154 Φεύγωμεν
2976 1091 3126 1160 πάσῃ
3173 1091 3378 1159 σπουδῇ
3413 1094 3511 1158 τῆς
3545 1091 3743 1159 φιλαρ-

2149 1167 2349 1234 γυρίας
2383 1171 2484 1237 τὴν
2528 1173 2680 1226 νόσον
2704 1192 2718 1207 ο
2748 1179 2794 1230 εἰ
2825 1176 2934 1249 γάρ
2993 1183 3085 1234 καὶ
3119 1182 3290 1234 δεινὸν
3318 1183 3469 1234 τουτὶ
3525 1182 3588 1234 τὸ
3639 1183 3739 1251 θη-

2151 1255 2392 1323 ρίον,ὼ;
2417 1262 2665 1332 ετπομεν.
2699 1266 2813 1319 ἀλλ’
2866 1269 3016 1338 ὅμως
3062 1271 3157 1324 ὲάν
3209 1272 3474 1340 θέλωμεν,
3537 1273 3741 1341 ῥαδῖως

2151 1350 2522 1418 περιεσόμεθα
2555 1370 2571 1386 ο
2608 1357 2668 1408 ού
2703 1358 2810 1426 γάρ
2840 1360 2987 1412 ἐστιν
3020 1363 3050 1430 ή
3087 1361 3356 1430 ἐπιθυμία
3388 1363 3531 1430 αὕτη
3559 1362 3740 1430 ἔμφυ-

2150 1455 2240 1500 τος
2271 1441 2366 1494 καὶ
2393 1445 2599 1515 φυσική
2635 1461 2647 1476 ·
2683 1447 2713 1517 ἦ
2742 1450 2847 1518 γάρ
2885 1451 2950 1504 ἂν
2979 1453 3133 1523 παρὰ
3166 1455 3262 1522 τὴν
3293 1453 3470 1524 ἀρχὴν
3492 1453 3732 1521 ὲνετέθη.

2151 1531 2267 1584 Νῦν
2289 1534 2345 1586 δὲ
2371 1536 2594 1605 χρυσίον
2617 1541 2716 1594 οὐκ
2747 1537 2812 1610 ἦν
2845 1543 3073 1612 ἀνωθεν,
3096 1547 3214 1599 οὐδὲ
3242 1547 3354 1618 ἦρα
3379 1564 3464 1608 τις
3488 1547 3737 1615 χρυσίου.

2228 1805 2318 1853 ια’.
2367 1799 2506 1852 Ἀλλ’
2561 1803 2610 1853 εἰ
2662 1801 2940 1870 βούλεσθε,
3002 1804 3144 1874 λέγω
3177 1806 3339 1859 πόθεν
3398 1808 3616 1876 εἰσῆλθε
3683 1810 3744 1863 τδ

2154 1891 2321 1944 κακόν
2351 1909 2365 1924 ο
2398 1892 2625 1956 ἕκαστος
2674 1895 2767 1947 τὸν
2819 1899 2923 1966 πρὸ
2954 1898 3118 1949 αὐτοῦ
3175 1897 3486 1968 ζηλοῦντες,
3527 1901 3743 1953 ἐπέτει-

2155 2000 2244 2034 νον
2288 1983 2350 2034 τδ
2381 1983 2620 2054 νόσημα,
2681 1987 2775 2038 καὶ
2820 1989 2914 2039 τὸν
2981 1988 3310 2058 βουλόμενον
3364 1993 3392 2044 ό
3449 1991 3744 2060 προλαεὼν

2157 2069 2413 2139 ἐρεθίζει.
2462 2073 2632 2126 Ὅταν
2681 2077 2788 2144 γὰρ
2843 2076 3028 2129 ἴδωσιν
3072 2079 3249 2141 οἰκίας
3301 2078 3586 2149 λαμπρὰς,
3649 2082 3742 2132 καὶ

2156 2161 2361 2230 πλῆθος
2379 2163 2588 2233 ἀγρῶν,
2618 2168 2712 2218 καὶ
2744 2167 3094 2236 ἀνδραπόδων
3123 2169 3342 2237 ἀγέλας,
3380 2174 3476 2223 καὶ
3521 2173 3744 2239 ἀργυρᾶ

2159 2253 2349 2321 σκεύη,
2389 2255 2482 2306 καὶ
2513 2255 2682 2310 πολὺν
2733 2259 2966 2326 ἱματίων
3020 2261 3271 2328 φορυτὸν,
3335 2264 3513 2315 πάντα
3567 2266 3742 2330 πρᾶτ-

2158 2361 2361 2409 τουσιν,
2392 2344 2533 2399 ὥστε
2567 2347 2972 2416 ὑπερϐαλέσθαι
3007 2366 3022 2381 ·
3079 2350 3217 2403 ὥστε
3265 2352 3315 2403 οἱ
3373 2354 3582 2422 πρῶτοι
3633 2353 3744 2404 τῶν

2157 2434 2428 2506 δευτέρων
2456 2438 2616 2490 αῖτιοι
2661 2439 2922 2506 γίνονται,
2953 2441 3196 2494 κάκεῖνοι
3217 2442 3327 2494 τῶν
3367 2445 3490 2512 μετ’
3519 2445 3735 2506 αὐτούς.

2161 2527 2224 2580 Εἰ
2254 2528 2308 2579 δὲ
2341 2528 2626 2583 ἐϐούλοντο
2655 2535 2975 2604 σωφρονεῖν,
2999 2533 3103 2586 οὐκ
3129 2532 3193 2586 ἂν
3250 2539 3361 2596 τοῖς
3403 2536 3586 2598 ἄλλοις
3627 2539 3745 2603 i575-

2159 2637 2311 2673 νοντο
2363 2622 2680 2677 διδάσκαλοι
2717 2642 2731 2656 ο
2796 2626 2996 2695 μᾶλλον
3045 2627 3102 2680 δὲ
3152 2627 3272 2680 οὐδὲ
3323 2627 3536 2690 τούτοις
3594 2628 3744 2680 ἔστιν

2159 2713 2427 2781 ἀπολογία
2453 2730 2466 2744 '
2503 2715 2611 2768 εἰσὶ
2644 2716 2751 2785 γὰρ
2777 2718 2868 2770 καὶ
2901 2717 3080 2789 ἕτεροι
3112 2720 3416 2788 χρημάτων
3467 2736 3741 2788 καταφρο-

2160 2790 2378 2870 νοῦντες
2409 2821 2423 2838 ο
2448 2806 2476 2859 ὃ
2503 2808 2596 2860 καὶ
2629 2810 2756 2861 αὐτὸ
2785 2810 2986 2880 δεῖγμα
3041 2815 3298 2880 μέγιστον
3322 2813 3415 2865 τοῦ
3450 2813 3525 2883 μὴ
3578 2829 3744 2879 φυσι-

2161 2897 2254 2950 κὸν
2288 2891 2510 2952 εἶναιτὸ
2547 2900 2641 2969 τῆς
2691 2901 3056 2972 φιλαργυρίας
3096 2905 3306 2974 νόσημα
3335 2921 3349 2936 ο
3375 2906 3468 2958 καὶ
3517 2907 3581 2956 ὲκ
3633 2904 3751 2962 τῶν

2162 2987 2367 3055 ταύτης
2417 2989 2526 3058 γὰρ
2579 2990 3020 3061 ἀπηλλαγμένων
3078 2992 3236 3046 τοῦτο
3284 2995 3499 3061 γίνεται
3561 2995 3746 3063 δῆλον,

485 3104 803 3142 communes
859 3087 1116 3142 omnibus
1145 3097 1314 3140 sunt:
1373 3087 1489 3140 haec
1538 3100 1719 3143 autem
1765 3090 2057 3158 cupiditas,

2166 3077 2349 3146 ἐπειδὴ
2388 3077 2455 3130 τὰ
2484 3079 2584 3147 τῆς
2612 3080 2827 3148 φύσεως
2862 3083 3014 3135 κοινὰ
3039 3084 3257 3137 πάντων
3292 3086 3440 3137 ἐστίν
3472 3102 3487 3116 ·
3521 3083 3662 3152 αὕτη
3686 3087 3744 3137 δὲ

487 3181 648 3250 culpa
683 3189 870 3234 nostra
923 3178 1304 3234 tantummodo
1326 3178 1540 3232 exsistit
1575 3197 1587 3232 :
1624 3180 1750 3233 hinc
1790 3182 2056 3245 nascitur,

488 3274 620 3327 hinc
678 3281 945 3341 augetur;
996 3281 1050 3324 et
1105 3270 1182 3324 illi
1220 3271 1492 3325 inhiantes
1529 3287 1653 3324 cum
1687 3275 2058 3342 occupaverit.

490 3376 679 3421 contra
711 3375 960 3420 naturam
995 3363 1120 3419 facit
1144 3364 1347 3417 vivere.
1370 3363 1582 3417 Etenim
1612 3379 1733 3417 cum
1768 3380 1874 3418 non
1900 3380 2064 3433 agno-

491 3470 653 3515 scunt
709 3457 1003 3528 populares
1055 3471 1204 3521 suos,
1272 3455 1497 3520 amicos,
1529 3454 1750 3517 fratres,
1795 3465 2064 3526 cognatos

493 3566 719 3621 prorsus
781 3549 1087 3618 quoslibet,
1117 3556 1172 3600 ct
1223 3562 1344 3600 cum
1384 3546 1491 3599 illis
1547 3561 1605 3600 se
1647 3546 1793 3615 ipsos
1847 3563 2066 3616 quoque

494 3644 802 3710 negligant,
839 3641 890 3693 id
926 3640 1225 3694 enimvero
1260 3647 1447 3693 contra
1471 3647 1717 3691 naturam
1753 3638 1936 3694 vivere
1960 3651 2063 3694 est.

495 3733 650 3789 Unde
691 3741 916 3802 apparet
938 3731 1274 3785 contrarium
1309 3737 1519 3783 natura:
1559 3744 1681 3784 esse
1716 3729 1819 3783 hoc
1847 3729 2064 3794 vitium,

496 3828 556 3883 i-d‘
586 3840 670 3882 est
699 3826 941 3880 avaritiae
972 3825 1247 3879 morbum.

570 3920 659 3974 1⁵2.
688 3919 980 3987 Propterea
1015 3926 1070 3970 et
1111 3916 1281 3970 Judas
1328 3915 1382 3969 in
1420 3915 1564 3970 hunc
1602 3915 1852 3970 morbum
1910 3913 2068 3983 culpa

497 4031 595 4070 sua
624 4011 938 4081 implicitus,
978 4008 1224 4078 proditor
1247 4007 1449 4062 Christi
1490 4007 1723 4070 exstitit,
1758 4021 2069 4075 quanquam

448 4153 450 4156 ,
499 4109 568 4160 ab
593 4105 784 4161 eodem
831 4103 1050 4157 Christo
1091 4109 1334 4154 vocatus.
1385 4099 1597 4168 Quippe
1625 4114 1734 4152 non
1783 4109 1868 4151 est
1924 4112 2074 4150 coar—

500 4209 657 4253 ctans
685 4195 780 4250 Dei
820 4195 1057 4259 vocatio,
1112 4207 1291 4261 neque
1332 4190 1438 4243 vim
1497 4189 1626 4243 facit
1679 4189 1846 4243 menti
1879 4203 2071 4242 eorum

501 4291 596 4360 qui
628 4289 884 4343 virtutem
919 4284 1172 4353 amplecti
1205 4281 1400 4334 nolunt
1430 4279 1558 4333 :sed
1587 4267 1838 4332 hortatur
1866 4285 2074 4332 tantum

501 4395 558 4438 et
583 4381 862 4445 consulit,
891 4389 947 4433 et
977 4380 1170 4444 satagit
1215 4385 1378 4444 atque
1409 4372 1500 4426 dat
1532 4387 1753 4441 operam
1794 4369 2074 4425 suadendo

2168 3171 2229 3220 ἐκ
2281 3169 2554 3240 ῥᾳθυμίας
2609 3173 2642 3241 ἡ
2678 3173 2943 3242 ἐπιθυμία
3005 3175 3214 3242 γίνεται
3248 3177 3415 3245 μόνης
3447 3192 3461 3206 °
3493 3176 3747 3228 ἐντεῦθεν

2168 3263 2385 3329 φίεται,
2425 3263 2669 3316 ἐντεῦθεν
2713 3264 2934 3330 αὔξεται
2963 3283 2976 3298 ⁸
3013 3268 3252 3330 καὶτοὺς
3303 3270 3441 3338 πρὸς
3469 3269 3640 3338 αὐτὴν
3658 3287 3748 3320 κε-

2167 3358 2398 3425 χηνότας
2431 3357 2557 3409 ὅταν
2591 3357 2708 3428 ἕλῃ,
2737 3359 2891 3429 παρὰ
2921 3361 3082 3428 φύσιν
3109 3362 3254 3413 ποιεῖ
3285 3361 3406 3430 ζῇν,
3430 3362 3605 3414 Ὅταν
3638 3364 3749 3430 γὰρ

2167 3449 2404 3517 ἀγνοῶσι
2428 3453 2552 3514 τοὺς
2569 3442 2896 3521 ὁμοφύλους,
2924 3455 3048 3516 τοὺς
3082 3453 3368 3522 ἀδελφοὺς,
3398 3456 3524 3516 τοὺς
3551 3472 3747 3523 συγγε-

2169 3547 2277 3606 νεῖς
2322 3545 2568 3610 ἅπαντας
2600 3546 2809 3611 ἁπλῶς,
2842 3550 2929 3598 καὶ
2964 3549 3100 3616 μετά
3126 3548 3330 3601 τούτων
3371 3550 3465 3602 καὶ
3495 3550 3748 3610 ἑαυτοῦςν

2171 3639 2321 3708 παρὰ
2385 3639 2546 3706 φύσιν
2577 3639 2734 3692 τοῦτό
2764 3643 2879 3693 ἐστι
2913 3641 3034 3709 ζῇν.
3069 3640 3231 3693 Ὅθεν
3277 3641 3433 3712 δῆλον
3478 3645 3558 3694 ὅτι
3593 3641 3748 3710 παρὰ

2171 3730 2334 3798 φύσιν
2367 3734 2399 3801 ὴ
2431 3730 2620 3795 κακία,
2647 3733 2742 3784 καὶ
2770 3730 2830 3782 τὸ
2858 3732 2955 3800 τῆς
2990 3730 3353 3802 φιλαργυρίας
3397 3731 3634 3802 νόσημα.

2248 3911 2330 3982 ιβ’.
2359 3914 2454 3966 Διά
2488 3912 2646 3966 τοῦτο
2686 3913 2780 3966 καῖ⁵
2809 3916 2836 3966 ὁ
2867 3913 3065 3975 Ἰούδας
3091 3913 3264 3981 τούτῳ
3305 3912 3623 3984 περιπεσὼν
3677 3915 3741 3967 ἐκ

2175 4003 2474 4073 ῥᾳθυμίας,
2519 4003 2782 4072 προδότης
2834 4005 3047 4070 ἐγένετο
3106 4005 3200 4057 τοῦ
3250 4005 3509 4072 Χριστοῦ,
3565 4007 3742 4058 καίτοι

2173 4095 2394 4161 κληθεὶς
2433 4093 2524 4148 ὑπ’
2555 4093 2721 4147 αὐτοῦ
2745 4093 2838 4146 τοῦ
2867 4095 3108 4164 Χριστοῦ
3138 4113 3151 4127 ο
3183 4098 3276 4148 καὶ
3309 4098 3417 4167 γὰρ
3450 4098 3550 4150 οὐκ
3581 4099 3745 4164 ἀναγ-

2175 4186 2412 4255 καστικὴ
2447 4185 2542 4238 τοῦ
2566 4185 2700 4238 Θεοῦ
2737 4187 2768 4254 ἡ
2803 4186 3014 4255 κλῆσις,
3036 4187 3156 4240 οὐδὲ
3193 4186 3442 4257 βιάζεται
3473 4190 3572 4257 τὴν
3610 4187 3745 4256 γνὼ-

2178 4295 2286 4348 μην
2317 4279 2424 4330 τῶν
2453 4277 2527 4347 μὴ
2565 4276 2906 4348 βουλομένων
2941 4279 3142 4350 ἀρετὴν
3170 4280 3388 4333 ἑλέσθαι
3421 4297 3433 4310 ·
3469 4280 3607 4333 ἀλλά
3641 4298 3744 4332 πα·-

2178 4373 2356 4438 ραινεῖ
2386 4372 2480 4438 μὲν
2514 4371 2609 4423 καὶ
2643 4370 3024 4437 συμϐουλεύει,
3069 4373 3163 4424 καὶ
3220 4372 3400 4425 πάντα
3457 4375 3608 4423 ποιεῖ
3659 4375 3744 4423 καὶ

503 4487 569 4531 ut
606 4475 733 4530 boui
773 4473 1006 4526 fiamus:
1041 4483 1203 4539 quam
1248 4466 1292 4520 si
1331 4465 1575 4519 nonnulli
1617 4479 1722 4516 non
1755 4462 2062 4522 admittunt1

2183 4452 2660 4531 πραγματεύεται,
2698 4459 2838 4513 ὥστε
2894 4464 3079 4514 πεῖσαι
3125 4462 3377 4528 γενέσθαι
3424 4463 3700 4532 χρηστούς
3729 4479 3742 4492 ·

503 4569 650 4624 haud
691 4566 895 4621 idcirco
926 4561 1072 4631 cogit
1094 4581 1106 4626 ;
1131 4559 1289 4616 sicuti
1325 4572 1502 4626 neque
1533 4555 1728 4610 Iudam
1760 4553 1934 4623 coegit
1958 4551 2076 4605 fieri

503 4657 735 4716 bonum,
767 4660 1053 4722 postquam
1088 4649 1367 4717 improbus
1419 4660 1728 4717 pravusque
1767 4644 1924 4711 culpa
1959 4657 2078 4710 pro-

503 4747 623 4818 pria
663 4743 734 4798 ob
798 4741 945 4794 hunc
1001 4739 1251 4793 morbum
1299 4746 1567 4792 evaserat.
1607 4736 1744 4789 llinc
1795 4734 1963 4824 enim,
2025 4743 2080 4786 et

504 4855 614 4894 non
653 4833 896 4899 aliunde,
954 4830 1089 4884 fiunt
1135 4829 1449 4899 hujusmodi
1483 4827 1854 4881 mutationes:
1892 4838 2083 4894 quem-

507 4927 803 4984 admodum
843 4941 879 4978 a'
906 4924 1051 4976 hono
1077 4922 1260 4975 studio
1286 4919 1583 4989 procedunt
1601 4918 1912 4974 contrariae.
1936 4916 2080 4982 Quot

507 5023 654 5076 enim
705 5019 800 5091 qui
843 5019 1062 5073 fuerant
1116 5014 1377 5076 violenti,
1438 5012 1836 5066 mansuetiores
1887 5010 2082 5063 ovibus

509 5125 697 5184 postea
731 5107 1074 5166 evaserunt?
1093 5107 1238 5174 Quot
1265 5105 1570 5168 luxuriosi,
1602 5103 1861 5170 deinceps
1893 5100 2085 5170 pudici

509 5204 1029 5270 exstiterttnt‘lQuot
1057 5210 1218 5256 antea
1252 5213 1496 5270 rapaces,
1516 5197 1714 5252 deinde
1745 5211 1841 5250 sua
1865 5210 2084 5266 quoque

509 5301 902 5375 proiecerunt?
935 5299 1326 5367 Quamobrem,
1352 5297 1396 5350 si
1430 5294 1693 5365 sapimus,
1729 5291 1916 5362 procul
1943 5291 2084 5360 abji-

512 5401 723 5452 ciamus
776 5395 1090 5448 divitiarum
1124 5390 1501 5460 cupiditatem,
1542 5397 1598 5443 et
1645 5386 1889 5441 avaritia:
1939 5400 2086 5438 mor-

512 5489 678 5552 bum;
705 5487 862 5555 cujus
893 5485 1193 5553 nequitiam
1230 5483 1332 5554 ipsi
1356 5495 1576 5552 quoque
1605 5487 1877 5533 testantur
1913 5475 2081 5538 avari,

516 5581 770 5652 iniuriam
794 5576 898 5632 sibi
930 5575 1045 5629 fieri
1066 5577 1398 5647 judicantes,
1420 5571 1857 5642 quotiescunque
1885 5566 2087 5635 aliquis

519 5670 600 5723 eis
637 5671 740 5723 hoc
766 5668 1122 5739 opprobrium
1165 5665 1448 5736 ohjeeerit.
1479 5663 1543 5716 Et
1576 5678 1635 5716 re
1684 5661 1904 5730 quidem
1934 5673 2083 5719 vera,

529 5773 804 5812 summum
838 5760 943 5814 hoc
970 5769 1055 5814 cst
1086 5757 1462 5827 opprobrium,
1498 5753 1788 5821 multaupte
1830 5747 2088 5820 nequitia:

2183 4554 2309 4605 εἰδὲ
2347 4552 2422 4622 μὴ
2452 4553 2768 4619 ἀνάσχοιντό
2795 4570 2960 4618 τινες,
2985 4553 3082 4605 οὐκ
3145 4552 3468 4619 ἀναγκάζει,
3500 4553 3748 4618 καθάπερ

2182 4642 2304 4695 osa:
2334 4643 2425 4693 τὸν
2472 4641 2676 4708 Ἰούδαν
2703 4643 2982 4710 ἠνάγκασε
3016 4643 3268 4710 γενέσθαι
3310 4642 3497 4706 καλὸν,
3523 4643 3747 4710 γενόμε-

2183 4752 2271 4787 νον
2303 4735 2575 4804 μοχθηρὸν
2611 4734 2706 4786 καὶ
2735 4733 2934 4804 φαῦλον
2962 4735 3068 4786 ἀπὸ
3088 4734 3277 4787 τούτου
3304 4732 3393 4785 τοῦ
3446 4736 3750 4803 νοσήματος

2184 4827 2248 4878 ἐκ
2291 4827 2561 4897 ῥᾳθυμίας
2591 4841 2604 4854 ·
2651 4825 2900 4878 ἐντεῦθεν
2939 4826 3030 4877 καὶ
3095 4826 3202 4894 γὰρ
3256 4827 3355 4878 οὐκ
3419 4824 3644 4877 ἄλλοθεν
3694 4826 3747 4876 αἱ

2183 4917 2429 4974 τοιαῦται
2463 4917 2775 4986 μεταϐολαὶ,
2814 4918 3061 4985 καθάπερ
3093 4917 3197 4970 ἀπὸ
3243 4918 3483 4986 σπουδῆς
3531 4920 3587 4971 αἱ
3622 4920 3749 4987 πρὸς

2184 5011 2245 5063 τὸ
2283 5011 2545 5064 ἐναντίον.
2583 5009 2742 5060 Πόσοι
2763 5009 2894 5076 γοῦν
2915 5009 3196 5077 γενόμενοι
3224 5007 3418 5076 βίαιοι.
3465 5009 3751 5077 προϐάτων

2186 5100 2526 5172 ἡμερώτεροι
2554 5101 2835 5168 γεγόνασιν
2866 5098 3090 5170 ὕστερον
3121 5117 3136 5166 ;
3180 5102 3339 5153 Πόσοι
3365 5102 3619 5169 ἀσελγεῖς
3656 5100 3754 5152 σώ-

2189 5208 2382 5261 φρονες
2419 5190 2555 5259 μετά
2581 5190 2751 5244 ταῦτα
2779 5193 3123 5260 κατέστησαν
3156 5207 3170 5256 ;
3225 5192 3386 5243 Πόσοι
3433 5192 3752 5244 πλεονέκται

2187 5282 2294 5352 πρὸ
2329 5281 2519 5333 τούτου
2552 5279 3028 5351 ὕστερονέρῤιψαν
3053 5283 3144 5334 καὶ
3199 5282 3268 5334 τὰ
3311 5282 3490 5334 αὐτῶν
3521 5299 3535 5344 ;
3594 5283 3754 5335 Ὥστε

2188 5374 2585 5442 ἔὰννήφωμεν,
2621 5373 2956 5442 ἐκϐαλσῦμεν
2976 5373 3073 5444 τὴν
3106 5374 3400 5443 ἐπιθυμίαν
3451 5374 3547 5427 τοῦ
3597 5374 3757 5427 πλού·

2188 5482 2300 5528 του,
2328 5463 2541 5532 καὶτῆς
2572 5463 2936 5532 φιλαργυρίας
2974 5464 3033 5516 τὸ
3057 5466 3291 5532 νόσημα,
3323 5465 3460 5535 ὅπερ
3494 5465 3586 5518 καὶ
3604 5466 3756 5518 αὐτοὶ

2193 5555 2562 5624 μαρτυροῦσιν
2594 5551 2733 5607 εἶναι
2768 5557 2938 5608 κακὸν
2961 5557 3009 5607 οἱ
3045 5555 3398 5624 φιλάργυροι,
3444 5557 3754 5625 νομίζοντες

2192 5650 2350 5719 ὓϐριν
2373 5649 2430 5700 *εὖ
2459 5647 2715 5716 πρᾶγμα,
2747 5648 2874 5698 ὅταν
2904 5664 2985 5709 τις
3021 5647 3203 5708 αὐτοῖς
3259 5645 3416 5698 τοῦτο
3461 5648 3756 5717 προσενέγ-

2195 5758 2264 5813 κῃ
2299 5743 2354 5793 τὸ
2392 5739 2591 5802 ὄνειδος
2631 5754 2642 5766 ’
2675 5741 2898 5810 ἔσχατον
2949 5739 3125 5804 τοῦτο,
3157 5743 3259 5792 καὶ
3297 5738 3506 5809 ποτλῆςν
3559 5737 3752 5798 κακίας
