4064 6292
206 374 311 437 9ἓο

1286 398 1384 482 βξ(
1444 397 1681 458 Ltnno
1743 400 1835 457 an
1881 403 2408 465 sarmentum.

3367 421 3398 476 Si
3416 422 3427 429 ”
3438 420 3469 477 (l

202 496 505 562 τροφίμους
542 499 770 554 ποιοῦσα
806 505 935 574 περὶ
964 506 1067 576 γῆν
1100 513 1509 579 στρεφομένους
1543 512 1648 577 ἔτι,
1681 516 1774 565 καὶ

1889 517 2082 583 vineit,
2141 535 2306 587 supra
2368 519 2589 588 quidem
2654 522 2934 575 terrestria
2998 525 3304 592 erigendo,
3374 549 3467 585 su-

204 590 264 638 τὸ
292 589 355 657 δὴ
406 591 662 657 μέγιστον
692 596 772 657 εἰς
820 597 1056 667 μίμησιν
1095 601 1354 669 ἥκοντας.
1383 605 1505 656 ὅσον
1541 605 1782 671 ἐφικτὸν,

201 680 300 731 τοῦ
334 680 491 736 Θεοῦ.
524 684 629 735 ’Ἢν
677 684 912 753 ὑμνοῦσι
964 691 1061 758 μὲν
1092 691 1144 742 οἵ
1180 708 1236 743 τε
1266 693 1526 761 τρόφιμοι
1558 694 1784 761 ταύτης,

204 772 299 823 καὶ
338 773 562 842 ὅσοιπερ
616 776 724 828 ἀπὸ
779 780 879 848 τῆς
936 782 1166 835 συννὰου
1215 801 1390 855 ταυτῃ
1452 785 1783 855 ποιητικῆς·

208 861 438 929 ὑμνοῦσι
468 864 524 917 δὲ
556 864 832 933 λογοποιοί
880 886 964 934 τε,
1008 873 1103 924 καὶ
1160 867 1242 936 οἷς
1289 875 1348 927 τί,
1385 878 1486 943 τὴν
1535 876 1788 943 γλῶτταν

209 953 509 1022 ἑλληνίζειν
543 959 767 1031 σπουδὴ,
801 961 939 1031 πλὴν
971 963 1020 1014 ει
1052 965 1124 1032 μή
1158 964 1258 1017 ποῦ
1291 983 1375 1026 τις
1411 965 1610 1034 μανίαν
1642 969 1785 1020 ἁπα-

211 1047 515 1116 ρηγόρητον
551 1051 801 1117 μαίνεται
828 1069 843 1084 ·
876 1054 1021 1107 οὑτω
1056 1056 1199 1125 μέγα
1232 1058 1325 1109 καὶ
1351 1058 1493 1110 θεῖόν
1523 1075 1574 1110 τι
1600 1060 1788 1129 χρῆμα

212 1138 389 1205 σοφία.
422 1142 530 1193 Καὶ
557 1142 729 1208 οὑτως
760 1144 1055 1215 ὑπερφυῶς
1086 1148 1359 1217 ἐννοῆσαι,
1379 1148 1453 1211 ὡς
1481 1146 1617 1219 μηδὲ
1644 1146 1789 1218 ἔχειν

211 1231 386 1282 εἰπεῖν
424 1233 560 1301 μήτε
615 1251 667 1287 τι
710 1236 819 1288 τῶν
866 1239 996 1306 παρ’
1055 1241 1189 1308 ἡμῖν
1226 1241 1416 1311 ἕτερον
1458 1241 1788 1313 πάμπληθες

212 1320 502 1391 ὑπερέχειν
557 1325 667 1379 τῶν
714 1328 928 1381 ἄλλωνσ
965 1330 1164 1382 οὐκοῦν
1198 1332 1320 1384 οὐδὲ
1378 1332 1627 1397 γέγονεν,
1681 1332 1788 1386 οὐδ’

210 1412 357 1482 ἄλλῳ
413 1433 490 1485 τῳ
548 1419 741 1486 μηδενὶ
773 1421 834 1472 τὸ
877 1422 1178 1494 πρόσρημα
1241 1426 1386 1479 τοῦτ’
1444 1428 1785 1497 ἐπενεγκεῖν,

209 1503 510 1560 οὔτ’ἆλλου
555 1508 631 1578 (1)
668 1510 869 1579 μᾶλλον
902 1516 1098 1582 σοφίας
1134 1515 1411 1587 ἀνθρώπῳ
1465 1522 1786 1589 προσήκειν.

212 1599 423 1652 Οὐκοῦν
452 1601 563 1655 οὐδ’
612 1603 765 1657 ἐστιν
816 1606 1015 1669 ἄλλως,
1053 1606 1127 1677 μὴ
1183 1609 1380 1678 σοφίας
1412 1610 1679 1677 ὑπούσης,
1710 1608 1789 1681 τῷ

210 1689 327 1743 ὄντι
358 1694 745 1763 καταφανῆναι
800 1695 1089 1751 κάλλιστον
1113 1700 1205 1752 καὶ
1252 1699 1541 1772 ἄνθρωπον
1573 1703 1790 1773 ἀληθῶς

210 1782 353 1853 λόγῳ
374 1801 431 1836 τε
462 1786 768 1856 χρώμενον,
802 1791 895 1841 καὶ
933 1791 1105 1860 τούτῳ
1133 1792 1241 1845 τῶν
1288 1792 1492 1847 λοιπῶν
1526 1794 1788 1866 μετεχόν-

209 1891 319 1927 των
340 1877 437 1929 τοῦ
467 1879 567 1948 ζῇν
593 1881 947 1951 διαφέροντα.

1889 624 2099 678 praque
2135 611 2369 664 visibilis
2399 612 2719 667 coliocando
2779 615 3027 670 alumnos
3061 633 3211 683 suos,
3267 635 3468 675 terram

1890 699 2067 754 adhuc
2097 700 2398 757 incolentes
2437 720 2621 758 rerum
2655 706 2957 760 cmlestium
2996 710 3290 777 participes
3341 716 3467 766 red-

1889 790 1989 855 dit,
2024 800 2076 846 et
2111 793 2174 846 ad
2204 795 2395 859 Deum,
2433 807 2697 865 quantum
2728 802 2944 868 assequi
2980 800 3030 854 id
3065 801 3213 869 licet,
3249 805 3468 860 imitano

1888 887 2017 940 dum
2052 899 2353 956 promovet.
2386 891 2557 955 Quam
2588 907 2710 945 cum
2744 894 2911 962 ipsius
2944 894 3180 948 alumnis
3200 908 3469 966 quotquot

1888 981 2180 1048 poeticam,
2213 996 2336 1034 cum
2372 996 2434 1036 ea
2473 985 2736 1051 templum
2792 1001 3085 1040 eonuuuue
3150 988 3464 1050 habentem,

1890 1072 2102 1136 colent,
2152 1072 2370 1143 hymnis
2396 1076 2699 1130 celebrant.
2731 1075 3012 1137 Oratores.
3045 1080 3248 1148 quique
3286 1081 3471 1136 Greece

1889 1159 2036 1227 loqui
2085 1161 2353 1225 ambiunt,
2389 1164 2491 1217 nisi
2546 1164 2755 1221 insania
2802 1166 3087 1243 incurabili
3121 1180 3351 1239 agantur
3385 1188 3473 1225 vc-

1889 1259 2218 1320 xenturque,
2258 1253 2446 1308 laudes
2486 1254 2603 1325 ejus
2638 1266 2843 1311 canunt
2890 1270 2939 1312 et
2972 1261 3291 1329 prasalicant,
3334 1263 3471 1315 adeo

1891 1357 2084 1411 magna
2114 1345 2411 1415 divinaque
2431 1362 2518 1404 res
2569 1359 2653 1404 est
2681 1354 2974 1421 sapientia.
3008 1352 3471 1424 Tamqueo-ximie

1892 1451 1956 1489 ac
1994 1439 2207 1493 excelse
2231 1439 2296 1492 de
2327 1456 2389 1493 ea
2444 1443 2815 1505 sentiendum,
2849 1455 2907 1499 ut
2958 1446 3106 1500 aliud
3167 1448 3467 1517 quidquam

1890 1540 2102 1593 eorum,
2134 1545 2254 1599 quae
2289 1533 2432 1600 apud
2462 1544 2561 1587 nos
2604 1536 2866 1589 mortales
2896 1536 3051 1589 valde
3099 1539 3267 1591 tnulta
3302 1550 3469 1598 sunt,

1890 1620 2103 1673 caeteris
2136 1632 2393 1690 prrestare
2423 1624 2711 1693 quisquam
2762 1626 2946 1681 dicere
2976 1640 3232 1696 nequeat.
3282 1630 3470 1697 Neque

1893 1709 2184 1778 contingit,
2222 1720 2281 1764 ut
2313 1713 2457 1765 ullus
2493 1714 2597 1767 alia
2630 1714 2697 1769 de
2728 1732 2786 1767 re
2823 1717 3068 1784 qualibet
3096 1717 3199 1769 hoc
3229 1716 3469 1789 elogium

1892 1802 2205 1870 protulerit,
2248 1803 2454 1857 nullam
2487 1806 2697 1861 scilicet
2729 1810 2926 1861 honuni
2957 1826 3059 1862 rem
3098 1812 3265 1879 magis
3309 1828 3471 1879 quam

1745 1942 1753 1949 ,
1816 1883 1863 1942 Β
1891 1895 2212 1962 sapientiam
2239 1900 2534 1952 convenire.
2560 1899 2719 1954 Nullo
2749 1900 2931 1969 itaque
2966 1900 3072 1954 alio
3097 1902 3280 1964 modo,
3307 1919 3472 1972 quam

209 1971 254 2023 si
288 1972 554 2040 sapientia
584 1973 782 2039 subsit,
815 1976 1093 2031 hominem
1145 1978 1601 2048 pulcherrimum,
1634 1988 1689 2036 et
1728 1985 1941 2040 ratione
1974 2002 2100 2042 vera
2151 1997 2416 2053 utentem,
2469 1991 2538 2045 ob
2580 2008 2812 2063 eamque
2854 1996 3067 2050 emteris
3099 1997 3474 2052 animantibus

208 2064 524 2119 viventibus
564 2070 998 2135 praestantiorem
1037 2073 1596 2146 excellentioremque
1637 2080 1927 2136 ostendere
1969 2084 2230 2152 possibile
2287 2094 2390 2141 est.

278 2158 355 2242 B'.
389 2162 502 2232 Τῆς
557 2163 740 2218 τοίνυν
791 2167 1126 2236 σεμνοτάτης
1182 2168 1501 2238 φιλοσοφίας
1552 2174 1618 2225 τὰ
1652 2175 1780 2244 περὶ

206 2239 299 2304 τὸν
319 2252 549 2323 οὐρανὸν
581 2255 917 2327 θεωρήματα
944 2258 1039 2313 τοῦ
1068 2260 1383 2331 θεολογικοῦ
1406 2264 1530 2334 δίχα
1562 2239 1782 2321 πάντων

210 2347 747 2418 ὑπερανιδρυμένου,
773 2352 832 2404 τὸ
859 2352 1156 2423 κράτιστον
1192 2356 1287 2410 καὶ
1326 2358 1652 2424 κεφάλαιον·
1690 2361 1783 2414 καὶ

211 2439 447 2507 πάρεστι
473 2441 534 2493 τὸ
567 2440 669 2510 τῆς
710 2443 1050 2513 ὑπερνεφοῦς
1090 2447 1459 2516 ἀστρονομίας
1508 2451 1783 2518 ὑπερϐάλ-

209 2532 302 2585 λον
328 2534 481 2603 ὀρᾷν.
521 2535 591 2585 Ἢ
622 2535 730 2587 τῶν
760 2536 934 2590 ἄλλων
966 2533 1101 2590 οὖσα
1138 2534 1395 2604 καθάπαξ
1424 2542 1778 2610 ἐπίπροσθεν,

209 2624 346 2694 ὓλην
377 2626 477 2694 μὲν
505 2626 874 2699 ὑποϐέϐληται
907 2632 1051 2682 κατὰ
1102 2632 1195 2683 τὸν
1228 2634 1449 2686 εἰπόντα
1477 2634 1539 2684 τὸ
1598 2634 1781 2702 μακά-

212 2734 329 2789 ριον
360 2718 591 2788 οὐρανοῦ
627 2720 807 2790 σῶμα,
864 2723 1094 2792 παρέχει
1151 2718 1208 2776 δὲ
1243 2726 1340 2793 τήν
1390 2738 1448 2777 τε
1480 2726 1661 2778 αἰτίαν
1716 2728 1780 2795 τῇ

207 2810 367 2881 λοιπῇ
420 2811 779 2883 μαθηματικῇ
833 2813 1058 2882 θεωρίᾳ,
1094 2817 1188 2868 καὶ
1242 2817 1381 2880 ὅλως
1415 2814 1512 2889 τὴν
1542 2820 1781 2885 γένεσιν,

209 2904 443 2973 ἀριθμόν
469 2921 525 2956 τε
561 2904 658 2975 ἤδη
693 2906 884 2976 κόσμῳ
915 2910 1163 2975 γεννῶσα
1220 2911 1310 2962 τὸν
1340 2911 1653 2980 σὺστοιχον,
1691 2914 1783 2965 καὶ

209 2997 541 3066 ἁρμονικοὺς
574 2997 766 3066 λόγους
792 3000 883 3053 καὶ
938 3003 1205 3072 μουσικήν
1225 3018 1240 3034 ο
1274 3003 1343 3055 τά
1371 3017 1429 3055 τε
1465 3005 1571 3057 τῶν
1598 3020 1784 3075 γραμ·

213 3091 331 3161 μῶν
359 3090 617 3145 οὑσιοῦσα
645 3092 820 3164 πάθη,
863 3096 977 3161 καὶ,
1016 3095 1089 3159 ὡς
1121 3095 1252 3157 ἔπος
1298 3098 1491 3158 εἰπεῖν,
1525 3098 1785 3168 δημαγω-

209 3182 341 3251 γοὺς
369 3183 657 3254 οὐρανίους
685 3185 782 3237 καὶ
816 3187 1078 3252 σοφιστὰς
1101 3189 1159 3237 ἐν
1193 3186 1375 3255 αἰθέρι
1401 3188 1530 3249 τοὺς
1570 3188 1784 3258 ἀνθρώ·-

210 3286 347 3336 πους
401 3274 665 3327 ποιοῦσα·
729 3276 803 3345 μὴ
855 3276 974 3327 κατ’
1008 3274 1083 3343 (2)
1136 3275 1425 3343 ἐπιψαύειν
1454 3279 1621 3345 γαίης
1655 3280 1785 3332 ποσὶ

207 3363 539 3429 δοκοῦντας,
593 3366 724 3419 ὅταν
774 3366 991 3435 ἄστρων
1043 3370 1187 3421 κατὰ
1230 3366 1354 3420 νοῦν
1402 3366 1785 3439 ἀμφιδρόμονς

213 3454 465 3524 ἰχνεὺωσι
491 3455 697 3519 ἕλικας.

1959 2176 2023 2231 ll.
2075 2177 2443 2251 Philosophia:
2497 2184 2665 2256 igitur
2719 2202 2935 2242 summo
2985 2188 3137 2243 cultu
3192 2204 3258 2243 ac
3307 2204 3475 2244 vene-

1885 2272 2105 2326 ratione
2149 2278 2546 2344 prosequendae
2600 2278 2969 2346 theoremata,
3021 2296 3142 2350 quae
3186 2280 3254 2335 ad
3288 2297 3470 2335 rerum

1886 2362 2189 2417 cmlestium
2246 2369 2768 2438 contemplationem
2822 2372 3117 2440 pertinent.
3187 2373 3474 2443 theologize

1885 2455 2113 2508 scientia
2144 2473 2308 2524 supra
2338 2470 2567 2515 metet-as
2594 2464 2938 2532 seorsimque
2969 2465 3036 2517 ab
3088 2464 3154 2517 iis
3192 2464 3354 2518 sedes
3383 2482 3476 2516 su-

1887 2546 2173 2601 blimiorcs
2208 2549 2429 2604 interim
2464 2562 2790 2621 oceupante,
2831 2556 3106 2622 prmeipua
3164 2556 3310 2607 inter
3369 2555 3473 2607 alia

1886 2645 2014 2690 sunt
2042 2654 2056 2701 ;
2116 2638 2598 2710 principatumque
2658 2642 2936 2709 obtinent;
2968 2645 3132 2713 inque
3167 2644 3272 2698 illis
3302 2645 3476 2699 nubes

1886 2735 1940 2782 et
1962 2740 2159 2783 cuneta
2193 2743 2435 2787 meteora
2470 2736 2786 2800 superantis
2816 2738 3169 2790 astronomia:
3193 2737 3475 2790 excellen-
3523 2790 3538 2803 ο

1887 2822 2016 2876 tiam
2044 2826 2315 2893 speculari
2348 2827 2497 2880 licet.
2526 2827 2659 2892 Qua:
2684 2844 2811 2882 cum
2862 2838 3091 2882 exteras
3123 2843 3314 2882 omnes
3366 2844 3473 2882 ser

1886 2915 2064 2968 entias
2094 2916 2406 2980 antecellat,
2440 2919 2729 2971 materiam
2756 2917 3005 2987 quidem,
3030 2933 3126 2971 seu
3166 2917 3469 2987 objectum,

1888 3004 1941 3058 iu
1972 3017 2081 3074 quo
2110 3016 2381 3067 versatur,
2416 3008 2549 3061 cmli
2575 3023 2798 3077 corpus,
2828 3007 3051 3062 beatum
3086 3007 3306 3061 cuidam
3342 3007 3464 3060 die-

1889 3105 2025 3158 tum,
2065 3097 2357 3165 proponit;
2402 3099 2628 3168 ipsaque
2660 3114 2825 3153 causa
2883 3110 2939 3153 et
2970 3099 3196 3153 omnino
3239 3098 3473 3168 genitrix

1887 3189 2433 3256 eoutemplatiouum.
2467 3205 2589 3259 qua?
2621 3191 2673 3243 in
2719 3191 2935 3244 caneris
2966 3191 3277 3243 matheseos
3306 3189 3474 3258 parti-

1888 3278 1991 3332 bus
2029 3288 2193 3344 sunt;
2238 3294 2361 3334 eum
2402 3290 2458 3334 et
2490 3298 2778 3335 numerum
2825 3283 3071 3352 ejusdem
3106 3298 3228 3335 cum
3270 3281 3476 3334 mundo

1889 3372 2102 3427 ordinis
2131 3383 2187 3427 et
2218 3384 2446 3437 natura,
2478 3376 2720 3428 rationes
2751 3374 3101 3429 harmouieas
3124 3384 3180 3429 et
3212 3374 3474 3429 musicam

1817 3439 1866 3503 c
1894 3465 2163 3534 producat
2207 3476 2581 3535 generetque;
2612 3467 2992 3536 liuearumque
3026 3467 3389 3537 proprietates
3423 3475 3477 3517 et

206 3552 533 3607 atl‘ectiones
563 3554 824 3619 stabiliat,
867 3563 1055 3623 atque,
1094 3563 1154 3609 ut
1212 3556 1284 3609 ita
1326 3555 1527 3624 dicam,
1576 3567 1826 3613 oratores
1866 3561 2118 3617 caelestes
2156 3571 2212 3617 et
2264 3563 2539 3632 sophistas
2585 3565 2857 3619 mthereos
2917 3562 3171 3618 homines
3246 3563 3475 3625 reddat;

208 3647 325 3715 qui,
359 3660 481 3699 eum
505 3648 994 3703 circumvertentcs
1019 3663 1077 3703 se
1103 3656 1378 3704 astrorum
1404 3650 1778 3707 revelationes
1818 3664 2002 3710 mente
2073 3657 2481 3728 investigarint,
2524 3658 2759 3726 pedibus
2825 3666 3029 3713 terram
3092 3658 3306 3712 calcare
3350 3672 3472 3710 am-

210 3745 353 3815 plius
389 3760 449 3799 se
478 3761 588 3799 non
620 3752 836 3813 putant.

281 3834 354 3890 I".
391 3838 547 3890 Εἴπω
579 3839 640 3889 τὸ
673 3836 860 3906 μεῖζον
890 3839 984 3892 καὶ
1013 3838 1372 3909 τελειότερον,
1405 3858 1423 3892 ι
1461 3841 1526 3894 Οἱ
1559 3840 1785 3912 οὐρανοὶ⁸

206 3928 523 4000 διηγοῦνται
569 3926 729 3992 δόξαν
782 3928 939 3995 Θεοῦ,
1001 3931 1223 3999 ποίησιν
1279 3930 1337 3984 δὲ
1388 3932 1591 4001 χειρῶν
1617 3930 1783 3985 αὑτοῦ

208 4020 539 4088 ἀναγγέλλει
584 4020 645 4074 τὸ
684 4021 991 4091 στερέωμα.
1039 4038 1057 4072 ι
1123 4021 1233 4075 Καὶ
1261 4023 1357 4075 ὅτε
1412 4023 1787 4093 ἐγεννήθησαν

206 4114 408 4185 ἄστρα,
442 4113 575 4184 φησὶ
627 4114 764 4184 πρὸς
798 4113 922 4167 ’1ὼό
957 4115 985 4166 ὁ
1023 4115 1277 4184 ἀριθμῶν
1338 4115 1519 4186 πλήθη
1546 4116 1785 4186 ἄστρων,

207 4207 305 4260 καὶ
326 4208 493 4260 πᾶσιν
516 4207 700 4270 αὑτοῖς
723 4207 810 4260 ὀνό
819 4220 969 4276 ματα
993 4207 1200 4272 καλῶν,
1226 4223 1245 4258 ι
1278 4208 1516 4278 ’ῌνεσάν
1541 4225 1609 4277 με
1633 4209 1786 4277 φωνῇ

211 4300 424 4370 μεγάλῃ
488 4302 695 4363 πάντες
751 4300 976 4367 ἄγγελοί
1036 4318 1139 4367 μου
1202 4302 1297 4353 καὶ
1360 4301 1633 4370 ὕμνησαν.
1675 4299 1789 4352 »Τί

205 4390 414 4456 τᾶλλας
462 4391 713 4460 ⁶Λ6ραὰμ
744 4392 771 4443 ὁ
823 4392 1096 4461 μακάριος
1142 4392 1252 4443 τῶν
1282 4392 1588 4459 Ἀσσυρίων
1620 4392 1792 4461 ἐκφὺς

205 4485 274 4551 τῇ
311 4483 559 4553 πολυθέῳ
607 4483 863 4546 καθάπαξ
917 4484 1272 4553 ὲνισχημένος
1313 4483 1509 4552 πλάνῃ,
1553 4484 1792 4553 πρῶτοε,

206 4577 292 4645 εἵη
315 4574 359 4626 δ’
392 4575 567 4627 εἰπεῖν
597 4574 691 4626 καὶ
731 4575 915 4642 μόνος,
953 4575 1045 4626 τὶν
1078 4576 1187 4627 τῶν
1213 4574 1349 4627 ὅλων
1378 4574 1524 4641 ἔγνω
1556 4576 1791 4644 ποιητὴν

1965 3837 2052 3896 lll.
2089 3840 2246 3907 Quod
2280 3840 2578 3892 maximum
2611 3854 2742 3893 vero
2779 3836 3347 3908 perfectissimumque
3368 3846 3474 3899 est.

1892 3936 2070 3991 dicam
2108 3951 2121 3987 :
2153 3953 2169 3984 ‹
2208 3933 2340 3987 Coeli
2374 3943 2635 3986 enarrant
2664 3931 2892 4000 gloriam
2932 3929 3047 3994 Dei,
3096 3939 3150 3983 et
3181 3944 3320 3998 Opus
3363 3945 3478 3980 ma-

1894 4041 2064 4080 nuum
2090 4026 2208 4095 ejus
2235 4022 2526 4077 annuntiat
2552 4024 2960 4075 ﬁrmamentum
3002 4022 3057 4082 ¹;
3098 4037 3116 4069 ι
3149 4034 3258 4088 quo
3289 4028 3471 4072 autem

1894 4125 2174 4172 momento
2220 4126 2365 4170 astra
2397 4123 2583 4168 creata
2637 4122 2783 4175 sunt,
2822 4112 2914 4182 qui
2944 4126 3135 4166 eorum
3169 4111 3477 4165 multitudi-

1895 4224 1994 4262 nes
2026 4215 2303 4267 numerat.
2346 4216 2402 4262 et
2433 4207 2692 4261 omnibus
2721 4206 2786 4259 iis
2842 4205 3066 4260 nomina
3091 4213 3273 4268 vocat,
3331 4204 3478 4256 Deus

1895 4302 1962 4355 ad
2002 4302 2196 4355 .lobum
2226 4301 2381 4354 dicit:
2425 4318 2444 4350 Ι
2499 4300 2684 4368 Magna
2737 4313 2871 4352 voce
2925 4312 3118 4351 omnes
3156 4298 3335 4367 angeli
3371 4298 3474 4350 mei

1890 4391 2256 4447 laudaverunt
2293 4406 2377 4445 me
2422 4393 2749 4459 hymnisque
2784 4389 3140 4443 celebrarunt
3180 4389 3220 4442 ¹.
3264 4407 3280 4438 ι
3330 4388 3468 4454 Quid

1898 4486 2095 4554 plura?
2129 4486 2400 4538 Abraham
2430 4486 2520 4537 ille
2554 4485 2749 4539 beatus
2774 4484 2827 4537 in
2860 4482 3082 4553 Assyria
3125 4491 3310 4541 natus.
3341 4484 3445 4536 deo
3467 4513 3478 4522 -

1898 4596 2132 4649 rumque
2162 4579 2526 4648 plurimorum
2558 4579 2694 4631 [also
2741 4578 2892 4631 cultu
2943 4587 2999 4630 et
3026 4592 3210 4630 errore
3243 4574 3481 4644 implici-

207 4670 304 4721 καὶ
349 4669 486 4721 Θεδν
533 4667 848 4735 πολυῖστωρ
908 4666 983 4719 ὢν
1013 4669 1107 4719 καὶ
1136 4668 1494 4731 πανσὺνετος,
1540 4668 1674 4737 φησί
1706 4685 1785 4730 τις

1898 4685 2005 4737 tus,
2039 4675 2266 4741 primus,
2299 4672 2455 4725 liceat
2482 4672 2643 4725 etiam
2675 4671 2857 4725 dicere
2888 4671 3058 4733 solus,
3094 4670 3475 4723 universorum

204 4762 351 4832 ἀνὴρ
381 4762 543 4831 ἱερὸς,
574 4759 1161 4833 ἁποπροσποιοὺμενος
1213 4763 1312 4830 μὲν
1362 4760 1422 4812 τὸ
1456 4761 1565 4813 τῶν
1590 4760 1783 4811 Ἀσσυ-

206 4856 343 4927 ρίων
376 4855 703 4925 ἐγχείρημα,
759 4853 859 4923 τὴν
914 4854 972 4906 δὲ
1021 4854 1119 4922 τῆς
1164 4854 1420 4923 ἀληθείας
1476 4852 1786 4922 κατάληψίν

202 4950 402 5018 ἀρκεῖν
456 4947 761 5018 ἡγούμενος
814 4944 997 5014 ἐαυτῷ
1050 4944 1187 5015 πρὸς
1240 4945 1422 4998 πᾶσαν
1470 4944 1785 5012 εὐετηρίαν,

204 5040 332 5093 ἐπεὶ
358 5040 452 5092 καὶ
489 5041 659 5108 μόνην
687 5035 828 5091 οἶδεν
874 5036 1227 5103 εὐδαιμονίαν
1253 5036 1542 5104 φιλοσοφία
1581 5036 1656 5104 (ὅ)
1688 5034 1786 5103 τὴν

202 5134 307 5199 τῆς
340 5129 520 5201 ψυχῆς
558 5128 805 5195 εὐεξίαν·
844 5133 939 5185 καὶ
971 5132 1155 5200 μέντοι
1185 5132 1279 5184 καὶ
1311 5132 1409 5201 τὴν
1446 5130 1623 5199 ἀληθῆ
1655 5129 1789 5199 περὶ

203 5224 346 5279 Θεοῦ
376 5226 717 5296 κτησάμενος
752 5227 975 5293 γνῶσιν,
1003 5228 1113 5287 τοῖς
1140 5225 1260 5277 κατ’
1287 5226 1516 5297 οὐρανὸν
1544 5224 1790 5291 θεάμασι

200 5321 302 5373 τὸν
347 5318 589 5389 ἡγεμόνα
639 5321 766 5372 νοῦν
812 5320 1055 5388 ἀκριϐῶς
1115 5320 1456 5388 ἐπιστήσαςδ
1496 5310 1792 5387 κράτιστος

202 5414 284 5466 ὢν
311 5414 379 5464 τὰ
408 5410 648 5478 τοιαῦτα,
678 5412 773 5467 καὶ
804 5412 1095 5483 ξύμπασαν
1126 5410 1495 5482 ἀστρονομίας
1529 5409 1666 5479 ἔχων
1694 5407 1793 5478 τὴν

200 5505 548 5575 ἐπιστήμην.

280 5627 298 5657 ¹
332 5626 478 5681 Psal.
512 5639 625 5688 xix,
663 5624 714 5678 l.
794 5627 814 5657 ¹
841 5624 967 5681 Job.
998 5640 1184 5687 xxxix,
1218 5623 1272 5677 7.

280 5766 358 5833 (ι)
396 5767 566 5819 υὺδὲν
595 5767 744 5820 ἄλλο.

281 5840 359 5908 (“3)
403 5838 549 5891 Hor‘.

1889 4764 2206 4820 Creatorem
2236 4774 2292 4819 et
2350 4766 2519 4817 Deum
2554 4765 2794 4834 agnovit,
2828 4780 2952 4817 cum
2992 4764 3105 4832 ipse
3144 4763 3475 4820 multiscius.

1891 4864 2060 4927 utque
2094 4860 2179 4911 vir
2213 4859 2433 4927 quidem
2462 4871 2617 4910 Sacer
2643 4858 2737 4921 ait,
2778 4856 3026 4911 omnium
3057 4856 3369 4924 intelligem
3399 4872 3482 4907 os-

1891 4957 1974 5005 set
2000 4949 2397 5019 ;abdicatoque
2420 4951 2769 5020 Assyriorum
2802 4951 3074 5011 instituto,
3106 4948 3171 5003 ad
3204 4947 3480 5001 felicitatis

1895 5042 2290 5095 abundantiam
2329 5044 2655 5112 cepiamque
2686 5060 2870 5097 rerum
2924 5044 3193 5105 omnium,
3229 5041 3478 5118 veritatis

1897 5134 2446 5203 Cmnprelteusiouem
2484 5137 2587 5189 sibi
2620 5134 2869 5190 sufﬁcere
2903 5134 3273 5189 existimavit:
3306 5132 3476 5183 solum

1899 5227 2171 5294 siquidem
2208 5228 2539 5297 unicamque
2599 5228 2995 5281 beatitudinem
3050 5223 3477 5294 philosophiam,

1899 5320 1993 5387 qui
2027 5322 2219 5374 animo:
2250 5322 2428 5375 bonus
2456 5331 2747 5389 rectusque
2784 5320 3002 5374 habitus
3032 5330 3135 5382 est,
3175 5316 3287 5387 ipse
3312 5334 3483 5370 nove—

1900 5421 2005 5466 rat.
2034 5410 2228 5465 Veram
2256 5413 2525 5481 siquidem
2557 5413 2624 5466 de
2672 5412 2789 5466 Deo‘
2815 5412 3099 5466 scientiam
3129 5422 3183 5465 et
3213 5412 3485 5479 cegnitioa

1900 5520 2022 5557 llam
2051 5504 2153 5557 fuit
2182 5512 2486 5565 assecutus.
2518 5504 2606 5560 ubi
2645 5506 2856 5562 mentis,
2892 5521 3012 5573 Quae
3038 5522 3159 5575 pars
3184 5505 3237 5559 in
3258 5503 3493 5557 homine

1970 5769 2048 5839 (ὖ)
2082 5768 2432 5838 Φιλοσοφίαν.
