4064 6292
431 418 496 485 ti‘i
511 425 536 482 .3

1569 364 1970 475 TllEODOltl
2016 406 2573 469 MELITENlOTAi

3583 403 3697 468 97G

428 539 724 604 Propterea
762 528 1043 601 potissimo
1089 523 1406 581 insanabilis
1446 523 1670 576 morbus
1698 521 1778 585 ﬁt,
1812 531 1868 575 et
1891 519 2004 573 hel-

2132 515 2460 582 ἱουλεὺσωσι,
2502 517 2739 587 τοσούτῳ
2786 516 2854 570 τὰ
2907 515 3007 586 τῆς
3059 515 3252 588 ἡδονῆς
3303 501 3552 579 αὔξεται.
3603 511 3698 564 Διὸ

426 626 519 680 lua
585 624 758 693 magis
807 619 1097 674 indomita.
1153 615 1394 670 Avaritia
1431 612 1663 678 ϐἰυῑίιιι,
1695 611 1796 665 viri
1829 608 2002 664 sancti

428 715 637 772 Elissaei
697 709 1170 770 contubernalem,
1234 707 1514 776 leprosmn
1561 717 1660 772 pro
1723 699 2002 770 discipulo

428 823 494 864 ac
529 804 796 876 propheta
819 801 1023 858 eﬂ‘ecit.
1056 801 1182 852 Haec
1203 797 1519 853 Judaaorum
1554 794 1833 864 principes
1863 807 2003 847 cor-

342 968 344 970 ,
428 898 600 967 rupit,
657 905 716 950 ut
765 896 903 949 dona
967 891 1308 961 acciperent,
1363 899 1420 943 et
1481 887 1660 940 furum
1713 883 2006 954 participes

430 989 646 1043 tierent.
682 985 804 1038 Haec
829 981 1025 1038 Judam
1051 979 1388 1050 proditorem
1427 973 1833 1031 reddidit.ll.ec
1861 971 2008 1026 Ana-

429 1083 578 1136 niam
633 1075 891 1146 perdidit.
951 1073 1076 1128 llam
1132 1073 1419 1126 innumera
1449 1069 1586 1124 bella
1621 1065 1848 1130 invexit,
1877 1078 2007 1119 san-

428 1171 594 1242 guine
628 1169 765 1232 vias,
797 1167 952 1220 luctu
993 1174 1162 1233 atque
1223 1160 1516 1231 gemitibus
1547 1158 1710 1212 urbes
1740 1152 2010 1224 implevit.

431 1263 556 1318 llaec
610 1273 795 1315 coenas
851 1257 1053 1311 obtulit
1105 1255 1373 1322 impuras,
1441 1265 1655 1304 mensas
1678 1245 2007 1317 piaculares,

432 1367 587 1407 escas
621 1349 831 1403 scelere
863 1347 1074 1416 plenas.
1136 1344 1274 1398 llinc
1325 1342 1490 1406 bella,
1518 1349 1574 1394 et
1598 1353 1792 1409 pugna:
1827 1352 1840 1389 :
1879 1334 2010 1388 hinc

434 1446 720 1498 bustorum
775 1439 1100 1502 spoliatorcs
1167 1455 1180 1490 :
1240 1437 1369 1491 hinc
1445 1434 1685 1502 denique
1744 1425 2014 1500 quidquid

436 1539 560 1591 mali
585 1537 770 1590 dicere
806 1542 980 1603 potes.

2111 612 2205 660 καὶ
2238 609 2410 679 ταύτῃ
2445 610 2683 678 μάλιστα
2714 609 2932 662 ἀνίατον
2967 609 3026 662 τὸ
3075 610 3288 678 νόσημα
3330 607 3570 675 γίνεται,
3603 607 3702 658 καὶ

2109 698 2419 752 δυσάλωτον
2467 701 2521 752 τι
2551 699 2759 770 θηρίον.
2794 700 2966 754 Τοῦτο
3015 700 3108 753 τὸν
3155 701 3342 768 Γιεξῆ,
3366 699 3520 764 ἀνδρὶ
3549 698 3700 766 ἁγίῳ

2109 790 2189 861 τῷ
2229 790 2520 862 Ἐλισσαίῳ
2575 792 2842 856 συζῶντα,
2874 793 3076 860 λεπρδν
3120 792 3241 844 ἀντὶ
3297 788 3545 860 μαθητοῦ
3601 791 3700 841 καὶ

2111 881 2394 951 προφήτου
2427 883 2695 952 πεποίηκε
2721 900 2733 913 ο
2764 882 2926 936 τοῦτο
2951 884 3079 947 τοὺς
3119 882 3701 954 Ἰνυδαίωνᾷρχονταξ

2108 972 2421 1042 διέφθειρε,
2471 973 2848 1044 λαμὸἅνοντας
2895 974 3044 1046 δῶρα
3090 975 3184 1028 καὶ
3232 976 3524 1035 κοινωνοὺς
3576 975 3701 1025 κλε-

2111 1065 2264 1119 πτῶν
2337 1067 2696 1138 γινομένους⁹
2757 1068 2915 1121 τοῦτο
2997 1069 3088 1121 τὸν
3151 1067 3356 1120 Ἰούδαν
3426 1066 3694 1138 προδότην

2109 1159 2446 1228 είργάσατοο
2503 1159 2664 1212 τοῦτο
2719 1162 2844 1224 τοὺς
2896 1163 3025 1230 περὶ
3083 1161 3337 1212 Ἀνανίαν
3393 1160 3691 1212 ἀπώλεσε·

2111 1250 2268 1304 τοῦτο
2329 1252 2560 1320 μυρίους
2593 1254 2866 1322 πολέμους
2924 1255 3243 1324 εἰσήγαγεν,
3288 1252 3536 1320 αἱμάτων
3597 1239 3736 1320 μέν’.

2112 1341 2210 1403 τὰς
2232 1341 2406 1404 ὀδοὺς,
2445 1341 2658 1411 θρήνων
2688 1343 2743 1395 δὲ
2774 1345 2869 1395 καὶ
2916 1343 3174 1412 οξμωγῶν
3212 1345 3310 1404 τὰς
3342 1343 3528 1403 πόλεις
3559 1342 3696 1409 πλη-

2125 1431 2350 1499 ρῶσανο
2403 1435 2498 1486 καὶ
2559 1435 2752 1490 δεῖπνα
2803 1437 3030 1506 ἐποίησε
3082 1435 3336 1505 γενέσθαι
3383 1434 3697 1502 ἀκάθαρτα,

2124 1525 2220 1577 καὶ
2267 1524 2553 1595 τραπέζας
2600 1529 2836 1596 ἐναγεῖς,
2892 1532 2984 1580 καὶ
3026 1529 3302 1599 ἐδέσματα
3354 1529 3701 1597 παρανομίας

438 1632 770 1699 ἐνέπλησεν·
843 1626 1096 1680 ἐντεῦθεν
1147 1627 1254 1695 γὰρ
1311 1625 1541 1694 πόλεμοι
1627 1621 1724 1674 καὶ
1778 1618 1989 1691 μάχαι,
2053 1616 2308 1674 ἐντεῦθεν
2365 1622 2749 1693 τυμϐωρύχοι,
2804 1626 2897 1678 καὶ
2950 1625 2978 1678 ὃ
3027 1625 3091 1679 ἂν
3143 1629 3304 1697 είπῃς
3362 1627 3554 1690 κακὸν,
3618 1628 3704 1678 ἐν-

436 1728 652 1782 τεῦθεν.

511 1822 563 1873 5.
592 1819 890 1888 Propterea
917 1817 1059 1871 hanc
1085 1813 1246 1868 divus
1292 1811 1493 1866 Paulus
1520 1805 1818 1879 appellavit
1840 1805 2008 1860 simu-

2183 1801 2252 1872 γ’.
2306 1804 2408 1858 Διὰ
2479 1805 2637 1860 τοῦτο
2698 1805 3140 1877 είδωλολατρείαν
3195 1808 3223 1860 ὁ
3275 1809 3416 1872 θεῖος
3492 1809 3702 1869 Παῦλος

443 1915 714 1968 lacrorum
750 1911 1075 1966 servitutem
1132 1906 1279 1971 “,ut
1335 1903 1554 1957 malitiae
1579 1897 2014 1970 magnitudinem

441 2002 777 2059 ostenderet.
826 2001 936 2056 Cur
998 2013 1131 2054 vero
1179 1996 1601 2052 simulacrorum
1650 1988 2010 2046 servitutem?

441 2097 580 2164 Quia
612 2095 769 2149 multi
796 2093 1084 2163 pecuniam
1110 2091 1330 2154 habent,
1355 2087 1450 2147 sed
1481 2101 1544 2142 ea
1570 2085 1648 2139 uti
1667 2099 1774 2138 non
1790 2089 2015 2146 audent,

445 2191 538 2245 sed
594 2186 1000 2258 quodammodo
1044 2192 1395 2245 consecrant,
1428 2188 1485 2235 et
1510 2178 1579 2234 ad
1617 2178 1759 2233 ﬁlios
1796 2176 2020 2230 horum-

445 2299 552 2352 quc
579 2291 826 2348 posteros
863 2277 1245 2334 transmittunt
1292 2275 1578 2336 intactam,
1641 2280 1900 2339 tanquam
1935 2282 2021 2322 sa-

445 2393 536 2431 cra
599 2375 848 2445 quaedam
902 2371 1133 2427 donaria
1183 2369 1392 2424 violare
1439 2373 1747 2435 parcentes.
1770 2361 1929 2428 Quod
1973 2359 2020 2415 si

445 2465 741 2535 aliquando
802 2474 1096 2534 coguntur,
1141 2461 1302 2530 quasi
1359 2457 1628 2512 nefarium
1665 2453 1869 2523 aliquid
1897 2467 2023 2522 ege-

447 2561 579 2621 rint,
628 2559 701 2612 ita
753 2569 894 2625 aegre
950 2568 1009 2608 sc
1057 2551 1285 2606 habent.
1320 2546 1560 2617 Alioqui,
1593 2545 2022 2600 sicutethnicus

447 2649 806 2704 simulacrum
869 2646 1019 2710 colit,
1083 2644 1157 2698 ita
1215 2657 1410 2697 aurum
1437 2654 1633 2695 avarus
1663 2637 1848 2709 januis
1874 2651 2024 2692 com-

449 2740 672 2797 mendat
731 2747 788 2792 ct
842 2737 1003 2802 seris,
1056 2751 1154 2805 pro
1196 2733 1398 2804 templo
1424 2746 1608 2798 arcam
1644 2729 1940 2795 lahricans,
1967 2737 2024 2783 et

447 2835 720 2905 argenteis
753 2833 900 2887 vasis
932 2829 1260 2886 recondens.
1319 2826 1411 2892 At,
1441 2823 1649 2894 inquis,
1683 2837 1882 2877 aurum
1911 2834 2020 2875 non

450 2931 660 2992 adorat,
697 2926 848 2980 velut
868 2923 1124 2978 ethnicus
1147 2918 1526 2976 simulacrum.
1555 2917 1811 2972 Attamen
1837 2913 2021 2968 omni-

452 3022 669 3076 ruodam
717 3018 795 3072 illi
863 3015 1084 3070 adhibet
1121 3013 1416 3068 culturam.
1451 3009 1726 3065 Praeterea
1765 3006 2024 3061 ethnicus

454 3112 720 3168 libentius
765 3108 956 3164 oculos
1001 3114 1057 3160 et
1085 3104 1325 3158 animam
1380 3100 1634 3173 projiciet
1663 3114 1826 3168 quam
1857 3097 2028 3151 simu-

455 3203 688 3257 lacrum.
749 3197 827 3252 Ita
893 3196 1059 3251 etiam
1122 3194 1242 3247 auri
1295 3201 1593 3246 amatores.
1651 3189 1756 3244 Sed
1795 3203 1906 3242 non
1937 3174 2099 3241 ve-C

454 3300 737 3355 uerautur,
762 3288 966 3358 inquis,
999 3300 1217 3340 aurum.
1244 3283 1408 3353 Atqui
1439 3298 1504 3336 ne
1534 3280 1789 3336 ctlmicus
1807 3279 2029 3350 quidem

453 3383 850 3444 simulacrum,
911 3378 1008 3433 sed
1057 3376 1454 3431 inhabitantem
1525 3373 1638 3426 illic
1699 3372 2027 3425 damtonem.

456 3479 534 3532 lta
594 3474 743 3530 avari
801 3469 992 3540 uiique
1047 3483 1244 3524 aurum
1285 3483 1393 3521 non
1419 3466 1670 3527 adorant,
1699 3464 1887 3518 se-lah
1913 3461 2033 3516 auri

459 3576 682 3638 aspectu
714 3573 770 3620 et
803 3559 1249 3632 concupiscentia
1304 3557 1664 3613 resultantem
1701 3557 1754 3610 in
1786 3555 2032 3626 ipsorum

457 3661 669 3722 animas
717 3657 1041 3712 daemonem.
1104 3653 1361 3707 Dazmone
1402 3653 1547 3704 enim
1577 3649 1770 3704 saevior
1795 3659 1877 3702 cst
1908 3663 2036 3702 ava-

461 3752 600 3808 ritiae
644 3748 904 3812 allectus;
951 3754 1117 3814 atque
1161 3743 1291 3799 huic
1351 3741 1509 3797 multi
1549 3744 1719 3811 magis
1746 3740 2031 3806 obcdiunt,

460 3858 622 3914 quam
652 3841 745 3896 alii
780 3839 943 3894 idolis
979 3852 991 3888 :
1025 3837 1110 3890 his
1139 3835 1285 3890 enim
1320 3833 1476 3889 multi
1496 3833 2036 3900 nonobtcmpcrant;

461 3911 516 3986 at
545 3928 788 3986 avaritiae
821 3941 1012 3982 onmes
1035 3925 1258 3990 cedunt,
1309 3934 1365 3978 et
1385 3923 1650 3993 quidquid
1693 3911 1809 3992 ipsa
1830 3937 2037 3992 pra'ce-

465 4023 626 4092 perit,
695 4035 903 4075 morem
951 4025 1168 4088 gerunt.
1211 4017 1279 4070 Et
1337 4015 1544 4071 videsis
1583 4014 1714 4084 quid
1739 4029 1802 4069 ea
1832 4015 1977 4068 dicat
2021 4030 2035 4067 :

465 4114 648 4168 llostis
677 4120 796 4167 esto
830 4121 886 4166 et
913 4109 1188 4164 inimicus
1223 4107 1493 4173 omnium,
1536 4106 1729 4176 ignora
1759 4115 2035 4170 naturam,

465 4209 636 4261 Deum
686 4210 996 4266 contemne,
1046 4198 1180 4254 mihi
1213 4206 1383 4254 temet
1416 4197 1660 4251 immola.
1694 4194 1753 4250 ln
1780 4197 2042 4252 omnibus

466 4297 550 4351 bis
598 4295 1034 4362 obtemperatur.
1092 4291 1161 4346 Et
1223 4287 1532 4344 simulacris
1585 4287 1809 4357 quidem
1870 4287 2043 4342 boves

463 4402 629 4458 atque
703 4401 836 4442 oves
891 4383 1209 4448 immolant;
1264 4391 1320 4436 et
1349 4379 1578 4435 avaritia
1611 4378 2041 4434 dicitzlmmola

2122 1897 2383 1951 ἐκάλεσεν
2440 1898 2592 1965 αὐτὸ,
2629 1897 2690 1952 τὺ
2736 1899 2838 1968 τῆς
2886 1900 3088 1962 κακίας
3145 1900 3379 1968 μέγεθος
3433 1901 3705 1954 ὲνδεικνέ⁸

2127 2005 2305 2058 μενος.
2353 1989 2455 2043 Διὰ
2495 1991 2549 2044 τί
2599 1991 3076 2063 είδωλολατρείανς
3130 1992 3253 2044 Ὀτι
3291 1993 3477 2063 έχουσι
3522 1993 3704 2046 πολλοὶ

2124 2083 2402 2153 χρήματα,
2429 2085 2522 2137 καὶ
2563 2084 2876 2156 χρήσασθαι
2919 2085 3106 2146 αὐτοῖς
3150 2086 3210 2137 οὗ
3255 2084 3548 2154 τολμῶσιν,
3582 2080 3699 2138 ἀλλ’

2125 2174 2468 2245 ἀφιεροῦσιν,
2500 2176 2863 2245 είς’ὲκγόνους
2899 2175 2994 2228 καὶ
3021 2178 3146 2240 τοὺς
3175 2175 3235 2240 ἐξ
3265 2176 3494 2228 ἐκείνων
3519 2193 3699 2244 παρα-

2127 2270 2437 2339 πέμποντες
2491 2270 2770 2338 ἀνέπαφα,
2803 2269 3056 2339 καθὰπερ
3107 2269 3271 2322 τινῶν
3327 2269 3700 2337 ἀναθημάτων

2126 2361 2186 2413 οὐ
2216 2361 2524 2432 τολμῶντες
2551 2363 2815 2432 ἅψασθαι.
2851 2362 2977 2415 Ἐὰν
3003 2361 3059 2414 δέ
3090 2378 3222 2415 ποτε
3255 2362 3699 2430 ἀναγκασθῶσιν,

2128 2453 2319 2524 ῶσπερ
2366 2455 2630 2526 ἀθέμιτόν
2680 2472 2737 2508 τι
2788 2456 3119 2526 πράξαντες,
3177 2455 3319 2508 οὕτω
3374 2456 3699 2510 διάκεινται.

2130 2548 2238 2600 Καὶ
2276 2548 2450 2610 ἄλλως
2493 2548 2547 2600 δὲ
2587 2547 2777 2618 ὥσπερ
2806 2548 2868 2600 τὸ
2902 2548 3088 2614 ξόανον
3120 2551 3147 2600 ὁ
3179 2547 3382 2616 Ἕλλην
3419 2547 3698 2617 περιέπει,

2129 2642 2300 2704 οὕτως
2330 2641 2718 2711 διφιλάργυρος
2769 2643 2828 2694 τὸ
2869 2641 3095 2711 χρυσίον
3143 2640 3337 2710 θύραις
3387 2642 3702 2694 πιστεύεται

2131 2738 2224 2787 καὶ
2257 2735 2494 2804 μοχλοῖς,
2521 2735 2642 2788 ἀντὶ
2687 2734 2818 2787 ναοῦ
2856 2736 2916 2786 τὸ
2951 2732 3206 2786 κιϐώτιον
3249 2733 3703 2797 κατασκευάζων,

2131 2830 2224 2882 καὶ
2279 2827 2730 2897 έναποτιθέμενος
2788 2826 3042 2879 σκεύεσιν
3109 2827 3389 2896 ἀργυροῖς.
3451 2824 3596 2879 ’Δλλ“
3642 2826 3704 2878 οὐ

2133 2923 2450 2992 προσκυνεῖ,
2484 2920 2743 2989 καθάπερ
2773 2921 2998 2982 ἐκεῖνος,
3033 2918 3095 2972 τὸ
3123 2919 3332 2982 ξόανον,
3363 2918 3501 2971 ἀλλὰ
3527 2919 3707 2971 πᾶσαν

2132 3016 2501 3068 ἐπιδείκνυται
2558 3016 2686 3084 περὶ
2729 3013 2864 3066 αὐτὸ
2916 3013 3236 3082 θεραπείαν.
3284 3014 3454 3067 Πάλιν
3505 3014 3707 3075 ἐκεῖνος

2132 3109 2303 3179 ἡδέως
2329 3111 2391 3160 ἂν
2424 3107 2549 3168 τοὺς
2581 3107 2893 3175 ὀφθαλμοὺς
2916 3106 3011 3158 καὶ
3060 3105 3159 3175 τὴν
3193 3106 3373 3175 ψυχὴν
3420 3106 3642 3176 πρόοιτο
3675 3104 3708 3171 ἢ

2134 3202 2196 3254 τὸ
2228 3201 2437 3267 ξόανον.
2470 3199 2652 3252 Τοῦτο
2678 3201 2772 3252 καὶ
2796 3201 2846 3252 οἱ
2885 3199 2946 3251 τὸ
2975 3199 3199 3269 χρυσίον
3234 3198 3538 3268 φιλοῦντες.
3575 3196 3710 3250 Ἀλλ’

2133 3296 2196 3350 οὐ
2237 3296 2611 3366 προσκυνοῦσι
2641 3296 2700 3348 τὸ
2737 3294 2987 3365 χρυσίον,
3026 3293 3226 3362 φησίν·
3269 3293 3391 3345 οὐδὲ
3425 3297 3626 3356 ἐκεῖνος
3656 3294 3713 3344 τὸ

2135 3387 2370 3453 εἴδωλον,
2403 3387 2518 3441 ἀλλ’
2567 3389 2715 3457 ὅμως
2774 3389 3073 3457 προσκυνεῖ
3117 3385 3209 3437 τὸν
3251 3385 3570 3439 ἐνοικοῦντα
3596 3386 3712 3438 δαί-

2138 3495 2299 3549 μονα.
2337 3478 2522 3542 Οὕτως
2577 3481 2624 3532 οί
2673 3479 3098 3549 φιλοχρήματοι,
3127 3478 3232 3532 κᾶν
3270 3478 3343 3548 μὴ
3394 3478 3455 3530 τδ
3495 3479 3715 3546 χρυσῖον

2137 3571 2539 3641 προσκυνῶσιν,
2583 3571 2718 3623 ἀλλὰ
2750 3571 2845 3623 τὸν
2870 3571 2978 3623 ἀπὸ
3018 3570 3119 3639 τῆς
3150 3571 3327 3639 ὅψεως
3361 3569 3456 3622 τοῦ
3488 3569 3714 3639 χρυσίου

2137 3665 2234 3717 atat
2260 3667 2355 3732 τῆς
2385 3663 2681 3733 ἐπιθυμίας
2709 3661 3062 3733 ἐπιπηδῶντα
3088 3663 3322 3732 δαίμονα
3355 3665 3477 3724 ταῖς
3507 3663 3713 3713 τούτων

2137 3757 2335 3826 ψυχαῖς
2357 3773 2370 3788 ·
2393 3755 2645 3825 δαίμονος
2675 3755 2784 3824 γὰρ
2812 3755 3194 3825 χαλεπώτερον
3217 3755 3314 3824 τῆς
3346 3754 3715 3825 φιλαργυρίας

2141 3850 2174 3916 ἡ
2211 3846 2476 3916 ἐπιθυμία
2501 3863 2514 3877 ·
2551 3847 2646 3898 καὶ
2691 3847 2865 3917 ταύτῃ
2916 3847 3103 3899 πολλοὶ
3139 3845 3342 3916 μᾶλλον
3371 3846 3651 3898 πείθονται
3683 3844 3716 3914 ἢ

2139 3941 2318 4009 ἕτεροι
2371 3942 2483 4003 τοῖς
2525 3939 2797 4002 εἰδώλοις·
2835 3941 2952 3992 ἐκεῖ
3002 3939 3101 4007 μὲν
3144 3939 3254 4006 γὰρ
3306 3937 3478 3990 πολλὰ
3539 3954 3719 4007 παρα-

2141 4034 2416 4096 κούουσιν,
2455 4030 2687 4088 ἐνταῦθα
2738 4031 2796 4083 δὲ
2835 4032 3011 4083 πάντα
3063 4029 3294 4096 εἴκουσι,
3324 4029 3418 4082 καὶ
3465 4029 3604 4098 ὅπερ
3654 4029 3718 4081 ἂν

2141 4126 2270 4197 εἴπῃ
2323 4124 2554 4195 ποιῆσαι
2604 4123 2904 4177 πείθονται.
2948 4122 3056 4175 Καὶ
3087 4123 3190 4192 δρα
3234 4123 3286 4174 τί
3341 4121 3527 4190 λέγει’
3562 4120 3719 4174 Πολέ-

2147 4237 2268 4289 μιος
2303 4219 2395 4271 ἔσο
2443 4219 2536 4271 καὶ
2589 4217 2782 4288 ἐχθρὸς
2833 4216 3116 4278 ἁπάντων,
3151 4214 3341 4283 ἀγνόει
3384 4213 3482 4285 τὴν
3536 4212 3717 4282 φύσιν,

2143 4310 2479 4381 καταφρόνει
2511 4310 2670 4377 Θεοῦ,
2695 4309 3000 4364 κατάθυσόν
3032 4325 3122 4378 μοι
3149 4309 3348 4360 σαυτόν
3368 4323 3382 4336 ·
3418 4308 3512 4360 καὶ
3548 4307 3720 4359 πάντα

2143 4405 2466 4458 πείθονται·
2503 4404 2594 4457 καὶ
2625 4405 2739 4465 τοῖς
2780 4405 2878 4472 μὲν
2913 4402 3121 4469 ξοάνοις
3173 4398 3302 4469 βοῦς
3350 4400 3443 4452 καὶ⁵
3476 4399 3720 4465 πρόϐατα

463 4480 600 4535 mihi
663 4488 813 4533 tuam
863 4475 1141 4546 propriam
1193 4472 1453 4538 animam,
1485 4483 1540 4527 et
1572 4471 1662 4526 ille
1703 4470 1909 4525 obedit.
1956 4470 2028 4525 Vi-

2147 4496 2404 4550 Otiouaw'
2441 4498 2473 4560 ἡ
2535 4495 2592 4548 δὲ
2645 4470 2982 4565 φιλαργυρία
3031 4494 3219 4559 λέγει·
3265 4491 3437 4544 Θῦσόν
3487 4509 3577 4561 μοι
3624 4491 3717 4560 τὴν

464 4571 586 4628 den’
626 4570 818 4640 quales
870 4569 973 4622 ista
997 4566 1198 4621 habeat
1225 4580 1370 4631 aras,
1421 4563 1609 4634 quales
1633 4563 1858 4633 recipiat
1882 4563 2042 4618 victi-

468 4663 618 4716 mas?
644 4663 780 4728 Apte
815 4659 1000 4726 itaque
1048 4670 1277 4726 maguus
1307 4653 1509 4710 Paulus
1551 4652 1838 4708 avaritiam
1865 4651 2038 4704 simu-

467 4756 745 4808 lacrorum
809 4749 1135 4805 servitutem
1195 4745 1511 4818 appellavit,
1580 4755 1771 4814 utpote
1824 4743 2041 4813 cupidi-

471 4854 641 4899 tatqu
675 4841 923 4897 omnium
951 4839 1330 4895 saevissimam.

543 4959 599 5012 4.
651 4954 889 5011 Omnino
942 4961 1128 5007 autem
1156 4952 1350 5006 vitium
1386 4951 1494 5006 hoc
1525 4950 1742 5019 ineptos
1764 4949 1893 5004 facit
1921 4950 2047 5005 illos

473 5044 567 5114 qui
592 5058 657 5097 eo
690 5050 966 5108 teneantur,
994 5039 1110 5096 sive
1137 5039 1396 5094 militaria
1446 5054 1587 5108 opus
1614 5039 1686 5094 sit
1715 5037 1832 5094 sive
1859 5039 2046 5093 civilia

473 5149 700 5190 munera
732 5147 956 5204 gerere:
991 5147 1172 5201 neque
1196 5133 1251 5186 in
1287 5131 1522 5200 publicis
1583 5139 1816 5195 tantum,
1854 5147 2044 5185 verum

472 5229 638 5282 etiam
670 5224 722 5278 in
749 5225 977 5293 privatis
1010 5224 1264 5294 negotiis.
1319 5221 1452 5277 Nam
1484 5233 1540 5278 et
1575 5224 1620 5277 si
1652 5225 1790 5277 l'orte
1819 5237 2045 5277 uxorem

475 5321 745 5374 ducturus
793 5329 876 5373 est
923 5317 1019 5388 qui
1070 5317 1314 5372 avaritiae
1349 5315 1540 5372 morbo
1569 5325 1813 5386 urgetur,
1843 5331 2048 5385 nequa-

474 5425 636 5481 quam
663 5413 867 5464 virtute
902 5409 1187 5477 prmditam
1225 5407 1479 5478 accipiet,
1503 5407 1600 5463 sed
1639 5407 1886 5462 omnium
1923 5423 2046 5476 pes-

472 5503 688 5564 simam,
748 5501 996 5569 pecunite
1050 5515 1238 5555 amore
1300 5502 1504 5556 victus.
1577 5500 1646 5556 Et
1717 5499 1762 5555 si
1849 5501 2046 5555 domus

473 5588 707 5643 emenda
733 5599 836 5652 eat,
870 5587 1013 5641 haud
1043 5588 1331 5646 decentem
1366 5592 1606 5661 ingenuo
1631 5593 1838 5648 homini
1873 5604 2043 5654 emet,

477 5680 574 5734 sed
623 5696 744 5748 quae
787 5680 960 5750 pluris
1005 5681 1178 5737 locari
1222 5693 1405 5753 queat.
1463 5683 1524 5738 Et
1569 5685 1612 5738 si
1670 5699 1879 5750 servos,
1931 5686 2044 5738 sive

549 5864 590 5892 ¹¹⁶
630 5862 831 5917 Coloss.
865 5879 944 5929 ιιι,
981 5865 1032 5918 5.

660 6060 678 6118 Ι

2151 4587 2351 4643 σαυτοῦ
2376 4577 2574 4658 ψύχὴν,
2604 4588 2698 4642 καὶ
2730 4588 2928 4639 πείθει.
2963 4586 3126 4657 Ὁρᾷς
3158 4586 3303 4648 οἴους
3331 4579 3444 4655 ἔχει
3481 4584 3716 4654 βωμοὺς,

2147 4678 2238 4736 οἷα
2294 4681 2512 4750 δέχεται
2568 4679 2826 4748 Battara;
2861 4680 3255 4746 Προσηκόντως
3297 4677 3407 4746 ἄρα
3459 4675 3667 4736 Παῦλος
3695 4676 3721 4727 ὁ

2153 4775 2328 4844 μέγας
2376 4773 2533 4826 τοῦτο
2565 4772 3018 4841 εἰδωλολατρείαν
3069 4770 3348 4832 ἐκάλεσεν,
3377 4767 3450 4830 ὠ,
3507 4767 3720 4820 πάντων

2152 4865 2338 4918 παθῶν
2368 4864 2754 4935 χαλεπώτατον
2786 4865 2980 4925 πάθος.

2221 4954 2282 5005 δ’.
2312 4952 2422 5005 Καὶ
2451 4950 2732 5021 πανταχοῦ
2792 4951 2847 5004 δὲ
2898 4950 3057 5003 τοῦτο
3096 4950 3157 5003 τὸ
3196 4951 3368 5015 πάθος
3413 4953 3722 5023 ἀχρήστους

2151 5044 2298 5098 ποιεῖ
2325 5044 2448 5106 τοὺς
2480 5042 2586 5095 ὑπὸ
2619 5041 2809 5095 τούτου
2843 5043 3312 5112 κεκρατημένους,
3340 5043 3409 5096 ἄν
3446 5060 3508 5097 τε
3560 5061 3724 5114 utpa-

2149 5136 2409 5205 τηγῆοαι,
2445 5135 2509 5189 ἄν
2538 5151 2598 5187 τε
2627 5136 3029 5204 δημαγωγῆσαι
3058 5135 3150 5204 δέῃ
3175 5152 3186 5165 ’
3217 5135 3422 5205 μᾶλλον
3452 5136 3511 5188 δὲ
3543 5137 3643 5188 οὐκ
3668 5138 3722 5188 ὲν

2149 5229 2260 5288 τοῖς
2325 5229 2526 5290 κοινοῖς
2580 5227 2762 5296 μόνον,
2795 5227 2929 5281 ἀλλὰ
2966 5228 3060 5280 καὶ
3113 5230 3171 5280 ὲν
3222 5229 3335 5290 τοῖς
3391 5227 3566 5290 ίδίοις.
3609 5228 3724 5280 Kiv

2150 5321 2386 5384 γυναῖκα
2432 5320 2540 5389 γὰρ
2588 5319 2892 5386 ἀγαγέσθαι
2936 5320 3107 5391 μέλλῃ
3151 5322 3178 5373 ὁ
3230 5320 3602 5391 φιλαργυρῖαν
3643 5333 3728 5372 νος

2153 5412 2284 5476 σῶν,
2339 5413 2398 5464 οὐ
2453 5412 2680 5482 λήψεται
2728 5414 2828 5481 τὴν
2880 5414 3156 5483 ἐνάρετον,
3207 5413 3347 5467 ἀλλὰ
3393 5414 3492 5484 τὴν
3539 5411 3724 5466 πασῶν

2153 5502 2528 5572 φαυλοτάτην,
2588 5503 2767 5572 ἥττων
2849 5506 3150 5574 χρημάτων
3222 5505 3560 5573 γενόμενος,
3622 5503 3723 5556 κᾶν

2150 5595 2328 5647 οἰκίαν
2362 5595 2645 5665 πρῖασθαι,
2669 5595 2728 5647 οὐ
2773 5595 2868 5664 τὴν
2903 5595 3174 5671 ἐλευθέρῳ
3208 5597 3550 5667 πρέπουσαν,
3591 5575 3722 5649 ἀλλὰ

2153 5686 2250 5756 τὴν
2303 5686 2468 5738 πολὺν
2523 5687 2827 5756 δυναμένην
2877 5688 2968 5742 τὸν
3029 5687 3222 5756 μισθὸν
3276 5689 3566 5756 ἐνεγκεῖν·
3620 5684 3722 5739 κᾶν
