4064 6292
387 323 490 387 977

1756 339 1907 399 ΕἸἬ
1921 338 2090 400 lCON
2142 341 2218 400 [Χ
2234 387 2247 401 .

3538 348 3646 413 978

382 436 637 498 οἰκέτας,
700 435 803 489 κᾶν
856 438 1034 492 ότιοῦν
1084 440 1273 512 ἓτερον
1327 434 1584 499 ὠνεῖσθαι
1648 447 1854 519 μέλλῃ,
1904 449 1964 502 τὸ

2076 450 2366 520 quidquam
2450 451 2598 505 aliud
2668 467 2851 507 emere
2916 461 3210 522 oporteat,
3290 455 3646 512 deterrimum

383 528 722 595 φαυλότατον
772 530 1023 600 λήψεται,
1062 534 1152 588 διὰ
1203 536 1265 588 τὸ
1315 538 1521 607 κέρδος.
1554 540 1662 593 Καὶ
1709 542 1762 593 τί
1819 542 1962 610 λέγω

385 621 743 689 στρατηγίαν,
782 626 876 677 καὶ
906 624 1287 695 δημαγωγίαν,
1322 632 1416 684 καὶ
1463 634 1816 703 οίκονομίας;
1859 638 1963 690 κᾶν

380 714 487 782 γὰρ
544 714 799 783 βασιλεὺς
849 713 921 789 ᾖ,
963 720 1181 774 πάντων
1235 723 1384 775 ἐστὶν
1446 726 1810 798 ἀθλιώτερος,
1867 729 1963 781 καὶ

381 802 526 873 λύμη
556 806 655 874 τῆς
699 810 1049 882 οἰκουμένης,
1074 816 1169 866 καὶ
1220 817 1440 870 πάντων
1476 818 1844 889 πενέστερος·
1884 822 1960 884 ὡς

378 899 488 967 γὰρ
550 894 633 962 εἷς
685 903 795 954 τῶν
852 904 1065 957 πολλῶν
1098 907 1459 973 διακείσεται,
1496 911 1619 981 οὖχὶ
1646 912 1713 965 τὰ
1742 914 1962 967 πάντων

378 990 573 1044 ἑαυτοῦ
601 994 838 1062 νομίζων
863 993 1025 1061 εἶναι,
1068 999 1186 1050 ἀλλ’
1225 1001 1417 1054 ἑαυτὸν
1442 1002 1539 1055 ἕνα
1574 1002 1683 1056 τῶν
1718 1005 1956 1070 πάντων,

381 1083 475 1134 καὶ
532 1084 602 1137 τὰ
664 1086 882 1140 πάντων
934 1090 1220 1155 ἁρπάζων,
1270 1091 1365 1145 καὶ
1423 1095 1641 1148 πάντων
1698 1096 1957 1150 ἐλάττονα.

380 1175 527 1243 ἔχειν
592 1180 863 1246 νομίζων·
925 1184 989 1249 τῇ
1042 1184 1147 1252 γὰρ
1204 1184 1317 1235 τῶν
1378 1186 1593 1240 οὐδέπω
1650 1189 1962 1259 κτηθέντων

382 1269 651 1338 ἐπιθυμίᾳ
703 1273 769 1323 τὰ
833 1274 1076 1343 παρόντα
1138 1277 1374 1346 μετρῶν,
1414 1278 1563 1332 οὐδὲν
1608 1280 1780 1333 ταῦτα
1829 1282 1963 1349 πρὸς

382 1360 568 1411 ἐκεῖνα
607 1357 746 1415 εἶναι
774 1365 1068 1435 ἡγήσεται.
1103 1368 1192 1420 Διὸ
1223 1370 1317 1421 καί
1361 1388 1444 1432 τις
1479 1373 1642 1440 φησὶν
1690 1372 1764 1435 ὡς
1811 1374 1963 1425 οὐδὲν

381 1453 727 1523 ἀνομώτερον
754 1458 1109 1529 φυλαργύρου
1137 1477 1151 1491 ·
1185 1463 1210 1512 6
1236 1464 1341 1531 γὰρ
1373 1462 1614 1525 τοιοῦτος
1650 1465 1742 1516 καὶ
1771 1465 1964 1518 ὲαυτὲν

382 1544 714 1613 ἀποδίδοται,
749 1549 844 1600 καὶ
893 1551 1068 1612 κοινδς
1113 1555 1471 1625 περιέρχεται
1502 1556 1601 1625 τῆς
1634 1558 1963 1627 οίκουμένης

384 1636 598 1705 ἐχθρὸς.
669 1640 853 1706 ἀλγῶν
911 1644 992 1697 ὅτι
1053 1646 1126 1714 μὴ
1190 1648 1415 1716 χρυσίον
1463 1649 1617 1719 φέρει
1665 1651 1789 1704 ἀντὶ
1850 1650 1963 1702 τῶν

382 1727 671 1798 ἀσταχύων
721 1733 754 1800 ἡ
806 1733 899 1801 γῆ,
929 1735 1024 1787 καὶ
1055 1736 1175 1788 ἀντὶ
1206 1736 1315 1789 τῶν
1356 1740 1611 1807 ναμάτων
1644 1742 1699 1793 αί
1733 1740 1958 1810 κρῆναι,

383 1820 479 1870 καὶ
506 1820 625 1872 ἀντὶ
654 1822 764 1873 τῶν
792 1822 959 1877 λίθων
991 1826 1058 1878 τὰ
1089 1827 1190 1897 όρη
1219 1845 1233 1857 ·
1274 1828 1645 1899 δυσχεραίνων
1686 1832 1822 1900 πρὸς
1852 1834 1952 1903 τὴν

383 1908 697 1981 εὐετηρίαν,
725 1913 782 1965 ὲν
815 1916 928 1978 τοῖς
962 1921 1163 1981 κοινοῖς
1200 1919 1429 1986 ἀγαθοῖς
1481 1922 1917 1992 συνεσταλμένος
1943 1941 1957 1955 ·

385 2005 565 2056 πᾶσαν
607 2006 1088 2078 ἀποστρεφόμενος
1135 2013 1434 2082 πρόφασιν,
1490 2014 1614 2068 ὅθεν
1667 2017 1768 2068 οὐκ
1815 2017 1961 2070 ἔστιν

383 2095 649 2165 ἀργύριον
694 2097 880 2153 λαϐεῖν
909 2118 922 2132 ·
974 2103 1153 2156 πάντα
1210 2106 1522 2174 ὑπομένων,
1575 2109 1698 2162 ὅθεν
1732 2110 1826 2162 καὶ
1868 2110 1962 2164 δύο

387 2190 550 2257 μόνον
594 2191 846 2259 συλλέξαι
893 2194 1117 2258 ὀϐολοὺς
1149 2195 1267 2249 ἔνι·
1303 2197 1550 2262 ἅπαντας
1603 2201 1801 2269 μισῶν,
1836 2202 1964 2265 τοὺς

385 2284 642 2352 πένητας,
685 2286 811 2348 τοὺς
863 2286 1174 2355 πλουσίους,
1231 2289 1358 2352 τοὺς
1413 2291 1513 2360 μὲν
1560 2291 1817 2362 πένητας,
1860 2294 1963 2364 μή·

385 2388 517 2426 ποτε
550 2375 945 2443 προσελθόντες
989 2380 1255 2448 αἰτήσωσι
1282 2396 1297 2409 ·
1329 2383 1454 2444 τοὺς
1483 2382 1539 2435 δὲ
1574 2382 1962 2448 πλουτοῦντας,

386 2464 468 2517 ὅτι
503 2466 578 2534 μὴ
610 2466 678 2519 τὰ
709 2468 935 2521 ἐκείνων
970 2468 1084 2538 ἔχει
1112 2485 1127 2500 ·
1159 2471 1407 2536 ἅπαντας
1462 2475 1530 2526 τὰ
1558 2475 1721 2527 αὐτοῦ
1750 2475 1966 2543 νομίζει

387 2558 721 2629 κεκτῆσθαι·
753 2563 848 2612 καὶ
876 2560 949 2623 ὡς
979 2562 1134 2629 παρὰ
1169 2562 1386 2617 πάντων
1413 2565 1766 2635 ἠδικημένος,
1789 2566 1963 2630 οὕτως

386 2653 524 2720 πρὸς
584 2653 795 2715 πάντας
849 2653 1235 2725 δυσχεραίνει·
1292 2657 1615 2727 πλησμονὴν
1671 2661 1772 2713 οὒκ
1831 2655 1962 2728 οἶδε,

388 2745 548 2815 κόρον
608 2747 709 2798 οὐκ
760 2746 1091 2801 ἐπίσταται·
1143 2751 1201 2801 ὲν
1256 2750 1433 2817 σκότῳ
1482 2752 1683 2820 διάγων
1731 2753 1809 2823 τῷ
1857 2754 1965 2809 τῶν

386 2837 687 2907 χρημάτων
712 2838 897 2908 ἔρωτι,
932 2840 1039 2892 τῶν
1068 2842 1551 2909 περισπουδάστων
1576 2844 1635 2896 τὸ
1665 2845 1863 2910 κάλλος
1889 2848 1963 2911 ὼς

387 2929 566 2997 χρεὼν
612 2930 673 2981 οὐ
727 2930 1025 2997 γινώσκει·
1069 2932 1317 3003 καθάπερ
1359 2934 1465 2987 οὐδ’
1512 2938 1539 2989 6
1589 2939 1646 2990 ἐν
1680 2939 1857 3009 σκότῳ
1890 2939 1967 3010 τῷ

387 3019 635 3105 αἰσθητῷ
662 3019 968 3091 καθήμενος
1020 3022 1246 3077 δύναται
1282 3024 1501 3094 βλέπειν
1529 3026 1588 3080 τὸ
1620 3029 1814 3092 κάλλος
1858 3030 1970 3085 τῶν

388 3112 536 3181 αὐτῷ
594 3112 1029 3182 προσαγομένων
1113 3115 1281 3170 λίθων
1353 3118 1582 3187 τιμίων,
1650 3120 1681 3190 ἢ
1750 3123 2039 3199 χρυσῶνα

390 3202 622 3267 σκευῶν,
657 3205 689 3274 ἢ
724 3204 1011 3273 ἁλουργῶν
1046 3206 1280 3276 ἱματίων
1308 3222 1324 3236 ’
1361 3210 1553 3273 σκότος
1583 3212 1674 3264 καὶ
1702 3213 1812 3281 γάρ
1845 3215 1964 3268 ἐστι

388 3296 582 3364 νοητὸν
636 3298 665 3350 6
711 3297 819 3349 τῶν
850 3300 1152 3369 χρημάτων
1211 3299 1375 3371 ἔρως,
1407 3303 1560 3355 οὐδὲν
1622 3305 1807 3373 ἀφιεὶς
1858 3306 1968 3360 τῶν

388 3388 559 3441 όντων
608 3389 900 3456 φαίνεσθαι
959 3391 1035 3453 ὡς
1088 3391 1399 3457 ἔστιν,ἀλλ’
1436 3396 1681 3467 ἑτέρως·
1737 3400 1969 3471 ἐπείπερ

389 3481 628 3551 οὐδαμοῦ
657 3482 767 3535 τῶν
807 3486 1151 3554 πραγμάτων
1207 3490 1238 3557 ἡ
1292 3488 1452 3555 φύσις
1486 3491 1757 3559 φαίνεται,
1787 3494 1862 3557 ὡς
1913 3496 1970 3547 ὲν

389 3576 589 3645 πενίᾳ·
627 3576 861 3647 οὐδαμοῦ
894 3576 1067 3642 οὕτως
1119 3579 1403 3649 ἐλέγχεται
1461 3581 1529 3635 τὰ
1560 3583 1827 3639 δοκοῦντα
1866 3585 1968 3655 μὲν

390 3661 554 3733 εἶναι,
592 3670 665 3738 μὴ
691 3670 817 3723 ὄντα
848 3670 928 3734 δὲ,
960 3670 1034 3732 ὡς
1067 3672 1126 3723 ὲν
1162 3674 1474 3745 φιλοσοφίᾳ.

464 3760 526 3814 ε’.
564 3762 673 3814 Καὶ
702 3762 776 3825 ὠς
803 3766 860 3814 ἐν
908 3763 1107 3833 βραχεῖ
1130 3765 1320 3832 φάναι,
1356 3768 1384 3819 6
1415 3766 1754 3840 φιλάργυρος
1785 3772 1975 3824 τοσού-

391 3870 507 3915 τοις
557 3855 648 3905 καὶ
704 3855 1046 3923 τηλικούτοις
1108 3857 1453 3926 ἐνδεδεμένος
1502 3863 1715 3924 κακοῖς,
1754 3863 1973 3916 πάντων

394 3948 548 3999 ἐστὶν
582 3945 911 4017 ἀθλιώτερος
932 3964 945 3978 ·
978 3947 1167 4018 ὥσπερ
1197 3949 1288 4001 οὖν
1316 3952 1343 4003 6
1381 3950 1586 4005 τούτων
1614 3953 1973 4024 ἀπηλλαγμέ-

396 4057 485 4101 νος
521 4040 613 4091 καὶ
633 4040 941 4107 φιλοσοφῶν
968 4040 1337 4111 ζηλωτότερος
1368 4043 1587 4095 πάντων
1614 4059 1626 4073 ·
1657 4046 1684 4097 6
1723 4045 1822 4114 μὲν
1868 4046 1974 4114 γὰρ

400 4132 677 4200 ἐνάρετος,
706 4129 808 4183 κᾶν
840 4131 1056 4199 οἰκέτης
1076 4128 1130 4206 ᾗ,
1161 4132 1263 4185 κᾶν
1292 4132 1585 4202 δεσπότης,
1610 4137 1827 4189 πάντων
1858 4137 1976 4191 ἐστὶ

401 4221 853 4293 μακαριώτερος·
882 4222 1056 4285 οὐδεὶς
1105 4224 1213 4293 γὰρ
1261 4224 1428 4277 αὐτὸν
1488 4228 1700 4295 ποιήσει
1764 4230 1973 4297 κακῶς,

402 4313 505 4367 κᾶν
556 4314 605 4367 οί
661 4315 727 4367 ἐκ
779 4314 878 4385 τῆς
939 4317 1264 4386 οἰκουμένης
1327 4317 1658 4373 συνέλθωσιν
1709 4319 1972 4389 ἅπαντες,

400 4407 545 4461 ὅπλα
583 4404 685 4460 καῖ
737 4408 1075 4478 στρατόπεδα
1134 4411 1407 4474 κινοῦντες
1463 4415 1559 4465 καὶ
1610 4412 1976 4483 πολεμοῦντες

2068 544 2327 614 quodque
2372 544 2509 599 lucri
2562 561 2726 600 causa
2782 546 2971 617 eliget.
3038 546 3178 613 Quid
3240 548 3363 604 dico
3417 551 3649 605 militare

2067 646 2162 689 aut
2221 636 2383 690 civile
2434 644 2527 690 aut
2578 637 3110 693 administratorium
3196 643 3428 696 munus!
3514 643 3647 697 Nam

2066 724 2318 794 quamvis
2343 740 2438 779 rex
2477 725 2570 786 sit,
2600 726 2846 779 omnium
2879 726 3292 783 infelicissimus
3325 739 3430 789 est,
3459 732 3647 786 mundi

2067 815 2284 882 sordes,
2346 826 2401 871 et
2471 819 2718 873 omnium
2750 820 3171 889 pauperrimus.
3204 821 3451 892 Namque
3481 839 3648 877 unum

2066 919 2125 959 se
2166 904 2233 959 de
2262 907 2451 961 multis
2486 908 2673 962 credet
2708 924 2721 961 :
2758 924 2943 977 neque
2982 909 3227 965 omnium
3274 926 3332 966 se
3367 912 3651 967 dominum

2066 982 2378 1063 mstimabit,
2444 1000 2539 1053 sed
2580 1016 2637 1054 se
2694 1017 2864 1055 unum
2899 1000 2967 1057 de
2999 1003 3247 1057 omnium
3276 1020 3509 1059 numero
3550 1023 3562 1059 :
3596 1014 3649 1061 et

2067 1103 2182 1142 rem
2245 1090 2490 1144 omnium
2538 1092 2609 1145 ad
2665 1108 2723 1147 se
2768 1094 2971 1159 trahet,
3037 1096 3283 1151 omnium
3328 1112 3385 1151 se
3420 1097 3652 1154 minime

2067 1180 2273 1237 habere
2334 1194 2555 1253 putans.
2609 1187 2856 1258 Namque
2899 1204 2966 1244 ex
3010 1190 3229 1246 illorum
3260 1206 3382 1260 qua:
3411 1192 3517 1247 sibi
3551 1192 3651 1246 ad-

2067 1277 2175 1331 huc
2209 1277 2418 1331 desunt
2443 1278 2779 1347 cupiditate,
2817 1295 2915 1336 sua
2967 1284 3189 1352 propria
3220 1283 3475 1350 metiens,
3512 1286 3649 1340 nihil

2067 1367 2182 1423 hare
2216 1384 2327 1437 prae
2354 1370 2461 1424 illis
2489 1387 2610 1425 esse
2630 1372 2917 1443 iudicabit.
2943 1374 3125 1441 Quare
3153 1384 3209 1431 et
3242 1377 3465 1446 quidam
3491 1377 3649 1443 dixit,

2067 1461 2202 1514 nihil
2259 1477 2425 1515 avaro
2460 1478 2581 1518 esse
2609 1464 2855 1534 iniquius
2890 1484 2902 1520 :
2942 1482 3067 1521 nam
3125 1469 3290 1523 homo
3331 1469 3648 1539 hujusmodi

2066 1567 2124 1606 se
2183 1552 2361 1621 ipsum
2408 1570 2629 1624 quoque
2693 1556 2882 1621 tradit,
2956 1568 3012 1613 et
3064 1561 3381 1615 communis
3438 1560 3650 1615 incedit

2068 1644 2257 1696 mundi
2288 1644 2484 1709 hostis,
2517 1644 2714 1699 dolens
2745 1646 2891 1716 quod
2954 1663 3153 1704 aurum
3177 1664 3278 1719 pro
3308 1650 3477 1717 spicis
3505 1660 3649 1703 terra

2066 1749 2175 1787 nou
2216 1733 2378 1795 ferat.
2411 1745 2466 1790 et
2496 1752 2595 1805 pro
2630 1736 2859 1792 fluentis
2896 1737 3100 1804 fontes,
3152 1752 3204 1794 et
3233 1756 3334 1810 pro
3373 1741 3650 1809 lapidibus

2064 1837 2315 1882 montes:
2355 1827 2598 1883 irascens
2626 1829 2753 1882 anni
2792 1829 3055 1895 ubertati,
3084 1842 3141 1886 et
3173 1833 3225 1884 in
3262 1831 3653 1888 communibus

2062 1919 2227 1973 bonis
2262 1920 2611 1989 angustiatus
2635 1939 2648 1987 ;
2676 1922 2980 1991 quamlibet
3010 1922 3354 1978 occasionem
3386 1940 3654 1993 respuens

2067 2008 2212 2062 unde
2244 2024 2350 2063 non
2386 2010 2459 2063 sit
2490 2021 2780 2080 argentum
2848 2028 3086 2082 capere;
3115 2014 3300 2068 omnia
3343 2014 3649 2083 perferens.

2068 2100 2213 2154 unde
2265 2101 2351 2155 vel
2414 2100 2554 2155 duos
2607 2111 2816 2156 tantum
2866 2103 3061 2159 obolos
3108 2105 3407 2160 corradere
3442 2106 3649 2174 liceat;

2067 2206 2260 2247 omnes
2290 2193 2418 2249 odio
2448 2193 2658 2249 habens
2689 2210 2963 2265 pauperes
3002 2210 3064 2250 ac
3095 2196 3327 2253 divites:
3357 2213 3651 2268 pauperes,

2072 2298 2142 2336 ne
2189 2283 2330 2338 forte
2394 2285 2723 2341 accedentes
2778 2295 3002 2357 petant;
3061 2288 3291 2354 divites,
3344 2290 3473 2359 quia
3534 2305 3649 2343 rem

2068 2373 2292 2429 illorum
2353 2392 2463 2431 non
2513 2377 2683 2432 habet
2742 2396 2754 2431 :
2814 2394 3010 2434 omnes
3038 2395 3134 2434 sua
3170 2381 3349 2449 ipsius
3374 2382 3655 2451 possidere

2067 2469 2385 2535 existimat;
2411 2478 2464 2525 et
2494 2472 2651 2540 quasi
2677 2471 2746 2525 ab
2802 2473 3061 2527 omnibus
3088 2473 3399 2537 fraudatus,
3439 2475 3512 2528 ita
3539 2492 3657 2527 οιιιι-

2068 2561 2233 2615 nibus
2255 2572 2337 2615 est
2373 2562 2592 2617 iratus:
2628 2565 2994 2633 repletionem
3061 2582 3169 2619 non
3225 2568 3400 2630 norit,
3429 2568 3654 2621 satieta-

2070 2660 2179 2704 tem
2222 2651 2422 2706 neseit.
2467 2653 2523 2706 ln
2560 2653 2804 2708 tenebris
2856 2670 3083 2710 versans
3113 2655 3183 2709 ob
3214 2656 3460 2722 pecuniae
3500 2672 3654 2712 amo-

2070 2759 2213 2810 rem,
2270 2760 2456 2799 rerum
2517 2747 2991 2801 aestimabiliorum
3050 2749 3527 2817 pulchritudinem
3598 2759 3658 2805 ut

2071 2851 2171 2907 par
2218 2844 2303 2891 est
2361 2853 2469 2891 non
2520 2839 2769 2907 agnoscit
2814 2878 2828 2902 ,
2865 2841 3324 2906 quemadmodum
3382 2857 3483 2895 nec
3543 2842 3655 2905 ille,

2071 2929 2162 3000 qui
2217 2930 2275 2983 in
2330 2928 2577 2984 tenebris
2604 2930 2957 2986 seusibilibus
2998 2933 3175 2995 sedet,
3203 2948 3433 2988 cernere
3478 2943 3661 3003 potest

2071 3020 2541 3090 pulchritudinem
2576 3022 2883 3078 oblatorum
2913 3025 2964 3079 ei
3001 3024 3242 3094 lapidum
3260 3028 3657 3094 pretiosorum,

2073 3121 2164 3167 aut
2197 3128 2490 3167 aureorum
2529 3129 2808 3175 vasorum.
2837 3126 2933 3170 aut
2961 3117 3197 3170 vestium
3224 3132 3655 3185 purpurcarum.

2075 3205 2450 3260 Tenebrarum
2508 3222 2703 3276 reapse
2748 3207 3206 3262 intellectualium
3252 3213 3425 3263 instar
3454 3219 3657 3279 estpe-

2075 3298 2249 3352 cuuiae
2286 3313 2461 3361 amor,
2492 3313 2605 3352 rem
2631 3298 2840 3352 nullam
2892 3301 3111 3369 patiens
3141 3300 3317 3355 videri
3356 3300 3432 3354 uti
3467 3317 3657 3358 revera

2075 3399 2178 3453 est,
2210 3389 2305 3444 sed
2341 3390 2539 3445 aliter:
2577 3392 3025 3461 quandoquidem
3072 3408 3339 3463 nusquam
3366 3394 3439 3453 ita
3471 3410 3654 3449 rerum

2078 3491 2273 3536 natura
2330 3492 2584 3553 apparet,
2644 3494 2703 3537 ut
2745 3484 2799 3539 in
2860 3496 3191 3555 paupertate
3234 3503 3550 3557 :nusquam
3579 3489 3660 3542 sic

2078 3588 2457 3647 coarguuntur
2491 3594 2614 3648 qua:
2640 3580 2899 3635 videntur
2925 3595 3069 3646 esse,
3133 3596 3257 3636 cum
3300 3597 3408 3636 non
3438 3582 3566 3646 sint,
3600 3592 3661 3635 ut

2078 3667 2133 3720 in
2171 3667 2543 3737 philosophia.

2151 3760 2204 3812 5.
2260 3760 2439 3829 Atque
2496 3769 2555 3814 ut
2604 3760 2933 3830 compendio
3000 3762 3269 3828 dicamus,
3326 3780 3527 3821 avarus
3581 3774 3661 3821 tot

2083 3851 2362 3919 tantisque
2406 3852 2743 3906 constrictus
2791 3854 2972 3917 malis,
3007 3856 3254 3909 omnium
3281 3865 3365 3910 est
3398 3856 3662 3914 infelicis.

2081 3942 2255 3997 simus
2314 3959 2327 3993 :
2384 3943 2530 3997 sicut
2582 3943 2829 3997 vicissim
2889 3946 2983 4013 qui
3042 3946 3127 3999 his
3149 3959 3304 4001 caret
3327 3957 3383 4001 et
3416 3948 3663 4014 philoso-

2083 4034 2304 4104 phatur,
2344 4050 2452 4103 pra:
2484 4034 2743 4088 omnibus
2781 4036 3150 4090 mmulandus.
3211 4038 3428 4091 Etenim
3457 4040 3660 4094 virtute

2082 4127 2345 4197 praeditus
2370 4127 2475 4189 vir,
2500 4127 2615 4181 sive
2640 4127 2881 4182 famulus
2934 4129 3005 4182 sit
3038 4132 3152 4183 sive
3185 4130 3372 4195 herus,
3411 4134 3659 4194 omnium

2083 4227 2169 4274 est
2225 4218 2579 4274 beatissimus
2635 4237 2648 4273 :
2706 4234 2869 4275 nemo
2913 4220 3119 4293 quippe
3185 4221 3236 4276 ei
3290 4222 3430 4277 male
3469 4223 3662 4291 faciet,

2086 4312 2296 4367 etiamsi
2338 4328 2400 4366 ex
2428 4313 2560 4366 orbe
2596 4313 2853 4367 universo
2895 4329 3087 4383 omnes
3120 4315 3473 4381 conveniant,
3510 4331 3666 4381 arma

2086 4401 2476 4471 exercitusque
2544 4411 2848 4468 moventes,
2906 4401 3069 4473 eique
3099 4402 3307 4456 bellum
3342 4401 3663 4458 inferentes.

402 4499 552 4570 αὐτῷ
578 4514 595 4532 ·
627 4502 655 4553 6
683 4499 738 4552 δὲ
768 4500 1043 4571 μοχθηρὸς
1092 4502 1187 4553 καὶ
1237 4502 1440 4569 φαῦλος
1469 4506 1563 4561 καὶ
1591 4505 1833 4569 τοιοῦτος
1870 4500 1971 4559 οἷο·¹

2090 4497 2152 4548 At
2206 4510 2410 4564 pravus
2467 4502 2523 4549 et
2571 4509 2833 4563 nequam,
2892 4505 2949 4549 et
3003 4494 3220 4564 qualem
3246 4494 3667 4566 descripsimus,

401 4592 800 4662 διεγράψαμεν,
834 4593 938 4646 κᾶν
965 4593 1224 4662 βασιλεὺς
1251 4590 1307 4667 ᾗ,
1333 4596 1435 4648 κᾶν
1463 4599 1634 4667 μυρία
1672 4602 1981 4669 περίκειται

401 4687 731 4756 διαδήματα,
785 4685 892 4741 κᾶν
944 4688 1201 4756 στρατ;ὰν
1261 4690 1361 4760 ἔχῃ
1430 4692 1828 4762 πολυάριυμον,
1886 4695 1982 4747 καὶ

403 4780 555 4845 παρὰ
593 4778 687 4830 τοῦ
736 4779 993 4849 τυχόντος
1049 4778 1115 4831 τὰ
1158 4780 1361 4849 ἔσχατα
1421 4781 1689 4837 πείσεται.
1736 4782 1979 4855 Οῦτωςή

405 4870 571 4922 κακία
605 4869 862 4931 ἁσθενέςῑ
895 4869 1068 4932 οὕτως
1106 4870 1325 4939 ἰσχυρὸν
1356 4872 1387 4940 ή
1418 4872 1586 4941 ἀρετή
1621 4872 1633 4925 l
1689 4875 1753 4926 Τί
1803 4875 1983 4928 τοίνυν

404 4958 708 5029 ἐπιθυμῶν,
735 4958 1012 5029 ἄνθρωπε,
1034 4960 1358 5029 χρημάτων,
1385 4959 1605 5023 πενθεῖς
1635 4959 1708 5022 ὡς
1737 4963 1795 5012 ὲν
1826 4960 1985 5031 πενίᾳ

405 5050 512 5117 (Iw;
546 5052 600 5104 τί
657 5050 894 5122 θρηνεῖς,
925 5050 1117 5122 ἑορτὴν
1169 5051 1365 5120 ἄγων;
1413 5054 1509 5107 καὶ
1573 5052 1681 5122 γὰρ
1726 5052 1929 5123 ἑορτῶν
1959 5055 1987 5106 6

403 5145 600 5214 καιρός
627 5158 641 5173 ·
677 5143 731 5196 τί
755 5142 990 5208 κλαίεις,
1024 5141 1256 5195 πλούτου
1309 5142 1487 5215 ἑρῶν;
1523 5144 1617 5198 καὶ
1669 5145 1779 5215 γὰρ
1808 5146 1985 5216 πανή-

406 5252 563 5303 γυρις
625 5236 659 5305 ἡ
717 5236 952 5306 πτωχία,
1021 5235 1087 5288 ἂν
1143 5240 1453 5306 σωφρονῇς.
1506 5236 1593 5303 Τί,
1648 5230 1692 5290 ὦ
1748 5238 1984 5302 παιδίον,

406 5328 612 5400 ὸδύρῃς
666 5324 877 5379 παιδίον
917 5326 1025 5397 γὰρ
1070 5326 1151 5378 δεῖ
1199 5326 1290 5379 τὸν
1341 5326 1586 5381 τοιοῦτον
1618 5326 1828 5383 καλεῖν.
1873 5328 1988 5381 Οὐκ

408 5421 551 5492 ἔχεις
623 5422 925 5491 χρήματα,
968 5421 1139 5489 πένης
1191 5419 1304 5485 div;
1366 5421 1607 5491 μεγάλου
1661 5420 1710 5475 εἳ
1764 5422 1987 5492 φορτίου

408 5512 835 5583 ἀπηλλαγμένος
858 5527 872 5542 ·
911 5512 1112 5581 μᾶλλον
1143 5513 1199 5566 δὲ
1232 5513 1550 5583 θαυμαστδς
1597 5510 1650 5568 εἴ
1679 5516 1780 5569 καὶ
1812 5516 1989 5586 μακά-

411 5625 552 5678 ριος,
607 5608 706 5678 τῆς
764 5609 1084 5678 φρονήσεως
1142 5608 1236 5660 καὶ
1291 5608 1590 5679 καρτερίας
1649 5610 1743 5662 καὶ
1808 5610 1989 5678 πάσης

411 5696 733 5765 φιλοσοφίας
777 5697 1102 5751 διδάσκαλον
1154 5697 1316 5768 ἔχων,
1355 5698 1499 5769 φημὶ
1538 5698 1723 5769 δὲτὴν
1770 5700 1987 5762 πενίαν,

412 5783 565 5860 ﬁxit
614 5791 641 5843 6
686 5791 938 5863 Λάζαρος
1000 5789 1176 5856 συζῶν
1226 5790 1687 5862 ἐστεφανοῦτο-ἧ
1743 5791 1836 5845 καὶ
1897 5792 1989 5844 τὸν

2088 4587 2338 4656 quamvis
2398 4603 2491 4641 rex
2551 4589 2625 4641 sit
2666 4597 2724 4641 et
2784 4586 3063 4641 sexcentis
3115 4598 3349 4642 ornatus
3412 4588 3667 4653 coronis,

2088 4679 2344 4748 quamvis
2384 4693 2748 4731 numerosum
2774 4677 3077 4731 exercitum
3114 4677 3334 4741 habent,
3365 4692 3395 4731 a
3421 4678 3671 4748 quolibet

2090 4770 2320 4823 summis
2356 4770 2512 4822 malis
2544 4768 2684 4821 allici
2730 4768 2953 4838 poterit.
2998 4766 3151 4823 Adeo
3176 4770 3418 4838 nequitia
3452 4770 3668 4823 infirma

2089 4864 2204 4917 est!
2259 4861 2396 4914 adeo
2451 4860 2627 4914 valida
2660 4860 2869 4915 virtus!
2910 4861 3021 4915 Cur
3054 4877 3208 4931 ergo,
3237 4878 3269 4915 o
3296 4861 3462 4915 homo
3499 4876 3670 4930 pecu-

2088 4955 2195 5009 nia:
2230 4953 2449 5023 cupide.
2477 4954 2630 5021 luges
2661 4962 2919 5022 tanquam
2944 4953 3000 5008 in
3023 4954 3306 5024 egestate?
3337 4970 3436 5009 cur
3464 4956 3670 5014 lamen-

2092 5047 2224 5102 taris
2251 5046 2307 5101 in
2344 5046 2692 5101 solemnitate
2713 5046 2735 5099 ?
2756 5046 2890 5101 Nam
2922 5046 3288 5101 solemuitatis
3316 5046 3420 5101 hoc
3452 5054 3670 5115 tempus

2089 5149 2194 5196 est.
2252 5140 2365 5196 Cur
2409 5139 2529 5205 ﬂes,
2581 5139 2900 5194 divitiarum
2935 5138 3187 5192 amator?
3217 5139 3395 5192 instar
3444 5138 3540 5197 tibi
3576 5154 3669 5194 so.—

2092 5234 2393 5291 lcmnitatis
2455 5245 2750 5305 paupertas
2807 5233 2935 5298 erit,
2987 5234 3032 5288 si
3085 5249 3217 5291 sana
3261 5244 3444 5289 mente
3471 5234 3669 5295 fueris.

2093 5329 2224 5393 Cur,
2271 5344 2430 5398 puer,
2489 5328 2704 5399 cjulas?
2756 5326 2893 5381 Nam
2928 5342 3163 5399 puerum
3197 5327 3478 5400 appellare
3508 5343 3674 5397 opor-

2094 5429 2173 5476 tet
2231 5421 2512 5475 hominem
2570 5420 2905 5491 hujusmodi.
2954 5421 3072 5474 Non
3136 5419 3310 5479 babes
3356 5419 3671 5489 pecuniam,

2093 5514 2221 5584 quia
2273 5528 2482 5583 pauper
2525 5513 2616 5569 es?
2668 5529 2865 5580 magno
2932 5513 3177 5583 pondere
3238 5528 3297 5567 es
3354 5511 3669 5567 liberatus:

2096 5607 2208 5661 imo
2258 5608 2427 5661 etiam
2480 5606 2840 5661 admirandus
2897 5621 2959 5661 es
2999 5622 3063 5661 ac
3094 5606 3312 5671 beatus,
3341 5606 3469 5676 quia
3489 5604 3672 5659 onmis

2097 5699 2456 5769 philosOphiae
2510 5698 2823 5768 magistram
2887 5699 3060 5753 habes
3108 5698 3445 5768 pauperiem,
3478 5697 3531 5751 in
3562 5712 3669 5766 qua

2098 5793 2265 5846 vitam
2318 5791 2523 5862 degens
2580 5790 2818 5845 Lazarus
2870 5791 3263 5848 coronabatur.
3320 5790 3444 5846 llxc
3494 5788 3665 5849 Jacol:
