4064 6292
401 347 510 412 979

1527 356 1936 418 TIlEODOl‘tI
1976 355 2526 417 MELITENIOTE

3549 349 3664 410 93-0

400 467 532 523 fecit
561 467 850 530 illustrem,
887 481 1026 537 pane
1085 473 1291 524 tantmn
1323 470 1485 539 potiri
1515 471 1856 541 cupientem.
1890 471 1970 527 0b

2086 473 2284 526 ,ιακωο
2343 471 2510 536 ἔδειξε
2573 470 2861 540 λαμπρὸν,
2921 467 3088 538 ἄρτου
3150 467 3312 536 μιῐνου
3369 467 3662 537 ἐπιτυχεῖν

400 559 546 614 hanc
574 553 872 629 Josephum
904 569 1125 629 queque
1186 549 1528 614 admiramur
1549 603 1564 626 ,
1591 564 1684 631 qui
1712 563 1763 616 in
1792 573 1976 618 estre-

401 665 546 706 mam
578 651 802 708 devenit
829 653 1167 722 pauperiem,
1199 669 1376 722 neque
1411 653 1463 707 in
1492 655 1815 710 servitutem
1857 666 1976 710 tan-

401 737 690 797 tummodo
742 743 836 798 sed
883 743 940 798 et
987 745 1039 798 in
1097 759 1377 800 carcerem
1445 765 1456 799 :
1514 763 1692 817 neque
1723 748 1869 802 hunc
1901 748 1976 804 ita

401 835 691 890 laudamus
751 847 873 889 cum
910 833 1250 890 frumentum
1305 829 1606 904 distribuit,
1643 855 1806 908 quam
1847 855 1976 894 cum

403 937 680 982 carcerem
712 925 979 980 incoluit:
1015 943 1190 996 neque
1221 938 1330 983 tam
1364 929 1417 984 in
1455 929 1782 994 diademate,
1812 947 1976 1002 quam

404 1020 456 1070 in
484 1019 756 1074 vinCulis:
791 1033 971 1088 neque
1007 1029 1114 1074 tam
1140 1022 1362 1089 quando
1414 1023 1468 1077 in
1502 1023 1702 1078 throno
1725 1023 1976 1092 sedebat,

403 1119 567 1173 quam
592 1119 714 1159 cum
754 1105 981 1161 insidias
1011 1113 1204 1178 passus
1229 1109 1654 1166 divendcbatur.

472 1197 524 1251 6.
558 1197 626 1252 At
680 1195 826 1253 enim
885 1189 952 1254 ab
1012 1201 1196 1271 aliquo
1255 1205 1615 1274 centemptim
1674 1222 1980 1276 percussus

403 1285 575 1352 fuisti,
612 1297 869 1359 tanquam
929 1305 1178 1360 pauper;
1240 1292 1434 1348 fortior
1487 1293 1614 1350 hinc
1663 1295 1838 1352 faetus
1893 1312 1974 1352 es.

405 1377 511 1431 Sed
541 1385 719 1448 neque
749 1379 949 1434 nobilis
981 1395 1042 1436 es
1077 1396 1251 1450 neque
1285 1377 1532 1454 dynasta,
1570 1385 1699 1454 quia
1748 1387 1978 1441 inhono-

403 1479 554 1526 ratus
595 1481 656 1525 ut
684 1483 871 1542 egens.
905 1469 1072 1544 Atqui
1106 1476 1185 1530 sic
1220 1475 1354 1530 mihi
1401 1475 1545 1530 aliud
1583 1492 1770 1532 narras
1808 1479 1978 1532 liber-

402 1563 529 1618 tatis
557 1579 746 1633 genus.
768 1563 911 1620 Audi
935 1575 990 1620 et
1021 1567 1272 1623 ethnicus
1294 1567 1359 1622 de
1385 1568 1471 1624 his
1505 1569 1977 1639 phil050phantcs,

409 1654 768 1726 dicentesque
825 1655 957 1710 nihil
1023 1667 1184 1727 grave
1243 1657 1477 1727 perpeti,
1511 1659 1604 1729 qui
1664 1661 1736 1716 ita
1795 1659 1978 1714 animo

401 1747 582 1800 affecti
643 1757 791 1804 sunt.
855 1747 925 1803 At
951 1749 1180 1804 domum
1221 1751 1563 1820 splendidam
1598 1759 1655 1804 et
1685 1749 1974 1822 insignem,

400 1845 460 1891 et
491 1840 660 1906 septis
690 1839 996 1909 praeditam,
1035 1851 1144 1896 non
1180 1815 1372 1906 habes,
1405 1843 1532 1911 quia
1568 1843 1764 1913 opibus
1793 1815 1972 1908 cares,
2005 1815 2053 1874 Β

404 1931 638 2002 ideoque
697 1935 795 1989 has
826 1943 1071 2005 exoptas.
1123 1929 1202 1990 En
1241 1951 1372 1991 vero
1405 1939 1662 1993 universa
1715 1945 1859 1992 terra
1923 1939 1978 1992 in

405 2037 703 2095 conspectu
745 2039 838 2081 tuo
887 2036 990 2092 est,
1026 2027 1242 2097 publica
1277 2027 1527 2093 aedificia,
1559 2030 1673 2084 sive
1715 2029 1844 2084 hinc
1887 2028 1980 2083 dc-

404 2119 750 2174 lectationem
791 2120 904 2175 sive
965 2135 1122 2176 usum
1179 2136 1373 2189 capere
1402 2121 1558 2175 velis.
1609 2121 1751 2188 Quid
1815 2138 1979 2192 porro

399 2211 702 2280 jucundius
731 2213 926 2283 quidve
955 2213 1239 2284 pulchrius
1267 2215 1388 2269 caeli
1419 2213 1795 2280 ﬁrmamento,
1830 2215 1977 2284 quod

405 2301 564 2358 nobis
589 2297 734 2360 Deus
771 2305 1018 2360 extendit
1051 2305 1316 2362 lacunar?
1343 2305 1478 2360 Nam
1510 2313 1567 2360 et
1603 2305 1772 2361 nostri
1801 2307 1977 2376 gratia

403 2405 646 2449 creatum
677 2395 801 2461 fuit,
833 2405 887 2450 et
916 2412 1207 2453 commune
1245 2407 1330 2454 est
1359 2399 1592 2464 cunctis,
1625 2410 1681 2454 et
1717 2398 1975 2464 maxime,

402 2487 474 2542 ob
503 2487 966 2556 pulchritudinem
991 2504 1144 2543 suam
1178 2489 1436 2545 idoneum
1468 2491 1633 2546 menti
1659 2490 1724 2544 ad
1747 2491 1978 2547 Creato-

403 2595 516 2633 rem
556 2593 775 2634 sursum
833 2579 1174 2636 extollendte.
1215 2579 1512 2652 Quousque
1540 2598 1640 2637 nos
1673 2597 1830 2636 amor
1862 2593 1982 2637 tam

403 2685 593 2741 tepere
631 2672 982 2741 prmsentium
1027 2688 1211 2726 rerum
1243 2673 1536 2742 occupabit
1574 2672 1976 2744 superﬂuarum

401 2769 566 2832 atque
597 2761 915 2816 inutilium?
957 2761 1092 2816 Nam
1124 2762 1329 2816 divitia:
1367 2763 1512 2818 inter
1540 2780 1630 2820 res
1672 2763 1977 2836 superfluas

402 2865 750 2926 reputantur,
807 2869 1036 2925 quarum
1089 2857 1236 2910 nulla
1268 2865 1354 2912 est
1401 2857 1628 2912 utilitas.
1681 2858 1978 2926 Quousque

403 2950 740 3005 vanitatibus
793 2949 1229 3004 inhaerebimus?
1275 2949 1575 3019 Quousque
1629 2952 1802 3006 caelos
1867 2965 1976 3004 non

405 3041 812 3112 suspiciemus?
841 3053 949 3096 non
985 3041 1152 3096 sobrii
1198 3041 1444 3095 erimus?
1481 3058 1585 3096 non
1620 3043 1841 3098 satietas
1870 3052 1977 3097 ter-

2078 563 2445 634 ὲπιῡυμοῦντα
2473 579 2486 594 ⁸
2524 562 2591 615 δι’
2620 561 2686 631 ἢν
2718 565 2814 614 καλ⁴
2855 560 2946 612 τὸν
2971 559 3176 629 Ἰωσὴφ
3211 559 3574 628 θαυμάζομεν
3601 563 3662 614 ὲν

2077 657 2280 726 ἐσχάτῃ
2318 655 2610 725 γενόμενον
2670 653 2834 723 πενίᾳ
2863 689 2878 714 ,
2931 653 3030 704 καὶ
3075 651 3200 720 οὐχὶ
3255 651 3443 704 δοῦλον
3497 654 3662 719 μόνον

2077 749 2402 817 γενῦμενον,
2451 746 2589 800 ἀλλὰ
2665 746 2760 798 καὶ
2819 744 3149 813 δεσμώτην·
3201 744 3262 796 οὗ
3317 745 3428 812 γὰρ
3483 743 3662 805 οὕτως

2077 829 2408 908 ἐπαινοῦμεν
2439 838 2602 891 αὐτὸν
2637 837 2724 890 ὅτε
2750 836 2841 889 τὸν
2875 840 3022 890 σῖτον
3049 836 3338 904 διένειμεν,
3370 836 3446 899 ὡς
3479 837 3571 888 ὅτε
3599 836 3664 888 τδ

2076 931 2453 1000 δεσμωτήριον
2488 927 2657 998 ᾠκει·
2693 927 2816 980 οὐδὲ
2841 927 2930 979 ὅτε
2959 927 3017 978 τὸ
3047 926 3288 996 διάδημα
3313 928 3656 994 περίεκειτο,

2077 1019 2153 1082 ὡς
2191 1022 2278 1074 ὅτε
2331 1021 2428 1090 τὴν
2461 1019 2687 1072 ἅλυσιν·
2737 1018 2848 1070 οὐδ’
2891 1019 2980 1070 ὅτε
3027 1019 3121 1070 ἐπὶ
3175 1018 3270 1071 τοῦ
3301 1019 3494 1087 θρόνου
3529 1020 3664 1070 ἑκα-

2080 1110 2290 1175 οέζετο,
2318 1111 2390 1172 ὡς
2421 1111 2510 1164 ὅτε
2541 1108 2938 1162 ἐπεϐουλεύετο
2969 1111 3063 1163 καὶ
3093 1109 3379 1164 ἐπωλεῖτο.

2151 1201 2229 1266 ς’.
2273 1201 2412 1255 Ἀλλ’
2450 1199 2758 1270 ὲτυπτήθης
2787 1202 2937 1267 παρὰ
2971 1217 3114 1264 τινος
3135 1201 3212 1263 ὡς
3239 1199 3458 1269 πτωχὸς
3489 1216 3664 1251 κατα-

2079 1292 2372 1364 φρονηθείς
2407 1311 2421 1358 ;
2461 1292 2557 1345 καὶ
2590 1292 2642 1344 τί
2674 1291 2835 1346 τοῦτο
2867 1310 2884 1360 ;
2941 1291 3418 1362 καρτερικὼτερος
3473 1290 3664 1342 ὲντεῦ-

2079 1386 2169 1440 Θεν
2202 1386 2410 1455 ἐγένου.
2446 1385 2588 1440 Ἀλλ’
2618 1387 2677 1438 οὐ
2699 1385 2970 1456 κέκτησαι
3017 1386 3176 1451 δόξαν
3201 1385 3294 1438 καί
3313 1383 3658 1448 δυναστείαν,

2077 1480 2267 1550 ἄτιμος
2299 1479 2373 1532 ὢν
2410 1479 2484 1541 ὡς
2515 1481 2708 1546 πένης.
2743 1478 2912 1532 Πάλιν
2949 1478 3117 1548 ἄλλης
3149 1477 3469 1548 ἐλευθερίας
3521 1473 3662 1539 εῐόός

2082 1589 2172 1642 μοι
2209 1569 2410 1640 λέγεις.
2447 1572 2712 1624 ’Ἄκουσον
2735 1571 2830 1624 καὶ
2852 1569 2957 1623 τῶν
2983 1571 3090 1636 ἔξω
3109 1570 3283 1624 ταῦτα
3313 1570 3666 1638 φιλοσοφούν-

2079 1681 2185 1716 των
2212 1665 2305 1716 καὶ
2327 1662 2599 1730 λεγόντων
2627 1661 2795 1732 μηδὲν
2816 1661 3147 1716 πεπονθέναι
3169 1661 3340 1715 δεινὸν
3371 1661 3498 1724 τοὺς
3519 1661 3664 1715 οὕτω

2080 1755 2434 1825 φρονοῦντας.
2491 1753 2630 1806 Ἀλλ’
2683 1754 2862 1808 οίκίαν
2915 1753 3015 1806 οὐκ
3061 1753 3208 1822 ἔχεις
3253 1753 3518 1822 λαμπρὰν
3567 1753 3662 1804 καὶ

2079 1847 2356 1916 περιφανῆ
2397 1846 2490 1899 καὶ
2521 1844 2845 1914 περιὸόλους
2877 1844 3136 1916 ἔχουσαν,
3169 1844 3264 1898 ἅτε
3299 1843 3662 1912 στερούμενος

2078 1939 2402 2010 χρημάτων,
2446 1939 2541 1992 καὶ
2569 1938 2658 1990 διὰ
2697 1936 2856 1992 τοῦτο
2885 1937 3094 1992 τούτων
3130 1937 3320 2010 (ipim.
3367 1938 3511 1990 Ἀλλ·
3551 1939 3660 1992 ισοξ,

2084 2030 2235 2081 πᾶσα
2262 2029 2294 2098 ἡ
2323 2028 2396 2097 γῆ
2437 2026 2669 2080 ἐνώπιόν
2707 2044 2824 2092 σου,
2853 2027 2920 2080 τὸ.
2952 2027 3190 2096 δημόσια
3221 2027 3658 2098 οἰκοδομήματα,

2078 2121 2190 2176 εἴτε
2217 2123 2300 2185 εἰς
2333 2121 2552 2192 τέρψιν,
2584 2123 2694 2173 εἴτε
2719 2122 2800 2182 εἰς
2830 2119 3016 2190 χρείαν
3045 2121 3186 2189 ἔχειν
3212 2120 3436 2183 ἐθέλεις.
3473 2123 3582 2172 Καὶ
3609 2120 3660 2172 τε

2076 2215 2437 2286 τερπνότερον
2485 2217 2582 2268 καὶ
2630 2215 2962 2284 ὡραιοτερον
3009 2215 3104 2268 τοῦ
3140 2213 3522 2283 στερεὼματος
3563 2213 3658 2265 τοῦ

2075 2307 2330 2379 οὐρανοῦ,
2363 2301 2422 2361 ὃν
2455 2310 2484 2362 ὁ
2510 2308 2642 2372 Θεὸς
2671 2311 2804 2378 ἡμῖν
2849 2308 3114 2372 ἐξέτεινεν
3141 2307 3378 2375 δροφον;
3429 2307 3523 2357 καὶ
3552 2305 3658 2374 γὰρ

2077 2401 2146 2456 δι’
2177 2403 2324 2474 ἡμᾶς
2357 2399 2572 2470 γέγονε,
2617 2401 2713 2454 καὶ
2741 2399 2920 2464 κοινός
2949 2399 3097 2454 ἐστιν
3129 2397 3334 2454 ἅπασιν
3365 2397 3530 2468 ἡμῖν,
3565 2396 3656 2450 καὶ

2077 2495 2145 2548 τὰ
2179 2495 2414 2564 μέγιστα
2441 2493 2660 2562 ὠφελεῖ.
2697 2494 2774 2552 ὡς
2801 2493 2888 2546 διὰ
2919 2493 3011 2546 τοῦ
3051 2493 3280 2554 κάλλους
3311 2493 3394 2553 είς
3429 2491 3520 2544 τὸν
3547 2493 3650 2560 Aq-

2081 2586 2340 2657 μιουργόν
2361 2585 2536 2638 ἀναπέ
2547 2601 2724 2656 μπων.
2747 2584 2926 2654 Μέχρι
2953 2585 3094 2647 τίνος
3113 2585 3142 2636 ὁ
3165 2583 3306 2652 ἔρως
3335 2583 3486 2652 ἡμᾶς
3511 2581 3652 2634 οὕτω

2077 2679 2298 2747 κατέχει
2316 2676 2426 2732 τῶν
2446 2677 2734 2746 παρόντων
2759 2676 3122 2744 πραγμάτων,
3140 2673 3250 2726 τῶν
3267 2673 3542 2742 περιττῶν
3567 2672 3654 2724 καὶ

2077 2773 2394 2840 ἀνονήτωνς
2424 2769 2453 2820 ὁ
2484 2769 2593 2838 γὰρ
2635 2767 2866 2830 πλοῦτος
2891 2771 2948 2821 ἒν
2978 2768 3092 2829 τοῖς
3126 2767 3428 2834 περιττοῖς,
3461 2765 3520 2816 ὲν
3575 2758 3654 2824 οἷς

2076 2859 2232 2916 οὐδὲν
2252 2860 2445 2926 ὄφελος
2474 2859 2708 2928 γίνεται.
2731 2859 2910 2927 Μέχρι
2928 2857 3076 2918 τίνος
3097 2854 3526 2926 προσηλούμεοα
3543 2853 3656 2912 τοῖς
3693 2881 3696 2883 λ

2081 2952 2334 3022 ματαίοις
2359 2968 2375 3018 ;
2411 2951 2591 3020 Μέχρι
2619 2951 2764 3013 τίνος
2791 2950 2854 3002 οὐ
2887 2949 3256 3017 διαϐλέπομεν
3287 2949 3474 3008 ἐντοῖς
3496 2946 3656 3016 οὖρα-

2079 3051 2190 3110 νοῖς
2225 3045 2329 3111 ςού
2359 3046 2607 3116 νήφομεν
2643 3060 2658 3111 ;
2691 3045 2753 3096 οὐ
2786 3041 3140 3111 λαμεάνομεν
3185 3040 3348 3108 κόρον
3388 3039 3495 3092 τῶν
3539 3025 3662 3106 γηΐέ

406 3145 660 3189 venarum
728 3145 913 3187 rerum
988 3131 1368 3201 “utrarumque
1421 3147 1520 3186 nos
1583 3134 1804 3202 capiet?
1869 3149 1974 3188 non

2081 3155 2187 3190 νων
2219 3136 2426 3190 τούτων
2470 3135 2565 3188 καὶ
2597 3133 3022 3204 παραρρεόντων
3050 3149 3065 3197 ;
3095 3131 3156 3185 οὐ
3185 3129 3552 3199 παιδευόμεθα
3571 3129 3656 3182 δια

405 3227 640 3296 denique
704 3227 945 3296 ipsarum
1022 3223 1283 3278 vilitatem
1347 3227 1725 3294 experimento
1802 3225 1978 3280 disce-

405 3333 528 3371 mus
549 3319 572 3369 ἲ

474 3411 530 3462 7.
563 3409 877 3478 Cogitemus
913 3405 1040 3460 illos
1071 3405 1163 3474 qui
1213 3403 1410 3459 divites
1437 3413 1562 3459 ante
1607 3421 1706 3459 nos
1758 3407 1982 3459 exstite-

409 3514 568 3562 runt;
627 3513 816 3553 nonne
865 3497 955 3551 illa
988 3497 1170 3550 omnia
1207 3497 1504 3558 sonmium,
1541 3496 1754 3562 mnbra,
1787 3506 1839 3549 et
1884 3495 1980 3549 llos

407 3591 673 3647 fuerunt?
723 3603 906 3644 nonne
979 3587 1333 3642 rumusculu's
1402 3596 1564 3657 atque
1613 3587 1841 3642 fabula?
1887 3588 1980 3642 llle

405 3684 560 3739 dives
587 3682 726 3749 fuit;
761 3690 815 3736 at
867 3696 1014 3736 nunc
1051 3680 1142 3736 ubi
1169 3680 1390 3745 divitiae,
1422 3697 1542 3751 qua:
1570 3679 1796 3751 dilapsae
1853 3691 1982 3736 sunt

405 3781 460 3832 et
505 3777 817 3846 corrupta?
851 3773 958 3831 Sed
1019 3783 1241 3845 peccata
1289 3781 1511 3830 manent
1540 3775 1611 3829 ob
1663 3775 1783 3830 illas
1830 3790 1982 3830 com-

407 3871 596 3937 missa,
629 3879 685 3926 et
717 3877 944 3944 propter
975 3877 1196 3938 peccata
1237 3867 1469 3938 punitio.
1499 3867 1794 3940 Quousque
1821 3868 1978 3940 egeni

405 3979 470 4018 ac
497 3976 766 4032 pauperes
801 3977 890 4017 res
927 3961 1224 4015 daraturas
1247 3961 1476 4031 fugient,
1505 3961 1777 4030 perituras
1807 3975 1982 4017 secta-

405 4055 665 4110 buntur?
707 4054 825 4109 Non
875 4061 960 4110 est
1010 4068 1340 4123 quemquam
1394 4051 1616 4108 divitem
1671 4067 1822 4120 esse,
1873 4053 1980 4107 nisi

407 4147 460 4202 in
520 4148 702 4200 anima
758 4146 1050 4216 opulentus
1102 4145 1212 4200 sit:
1262 4145 1423 4199 sicuti
1473 4143 1680 4198 nemini
1716 4145 1982 4215 contingit

406 4255 527 4295 esse
559 4240 808 4310 pauperi,
831 4240 934 4294 nisi
965 4240 1016 4292 in
1045 4239 1229 4293 animo
1247 4247 1621 4310 paupertatem
1651 4250 1824 4308 gerat.
1843 4239 1978 4293 Nam

405 4332 452 4385 si
487 4335 666 4401 potior
705 4341 788 4386 est
819 4331 996 4385 anima
1029 4345 1285 4400 corpore,
1327 4346 1434 4384 non
1466 4341 1674 4399 queunt
1710 4329 1978 4384 debiliora

405 4425 550 4477 illam
588 4424 690 4477 sibi
743 4424 1043 4490 subjicere;
1077 4421 1170 4476 sed
1215 4437 1337 4491 quae
1366 4422 1548 4490 potior
1595 4429 1700 4486 est,
1737 4422 1825 4476 illa
1855 4437 1978 4490 quae

405 4531 560 4583 neque
594 4527 702 4567 non
736 4525 863 4567 sunt
895 4511 1106 4574 valida,
1131 4513 1198 4566 ad
1222 4529 1280 4568 se
1311 4513 1478 4567 trahit
1505 4523 1668 4581 atque
1701 4523 1976 4568 transmu-
2011 4501 2054 4558 ι)

405 4619 502 4661 tat.
569 4605 816 4674 Namque
870 4614 926 4656 et
980 4620 1074 4658 cor
1114 4605 1156 4656 si
1195 4603 1339 4673 quod
1379 4605 1635 4658 damnum
1672 4605 1976 4672 pertulerit,

403 4705 579 4750 totum
614 4709 812 4762 corpus
843 4710 998 4763 :cquc
1033 4695 1252 4748 adlicit:
1281 4703 1333 4749 et
1365 4697 1407 4750 si
1437 4712 1640 4765 aegrum
1667 4695 1854 4758 fuerit,
1882 4697 1978 4750 toti

407 4801 599 4843 massae
628 4798 826 4852 nocet;
868 4789 952 4840 sin
985 4787 1278 4852 incolume,
1311 4804 1702 4857 usquequaque
1734 4789 1975 4858 prodest.

409 4884 579 4936 Secus
619 4895 768 4944 vero,
801 4880 845 4934 si
871 4880 1017 4950 quod
1047 4879 1193 4934 aliud
1225 4879 1530 4933 membrum
1555 4879 1789 4941 laboret,
1814 4881 1982 4934 corde

405 4974 666 5027 incolumi
720 4981 996 5035 manente,
1053 4969 1210 5024 facile
1248 4970 1560 5023 etaliorum
1608 4971 1978 5024 membrorum

404 5068 662 5119 damnum
702 5063 1036 5136 dispellilur.

472 5157 526 5211 8.
569 5157 639 5212 Ut
671 5167 852 5211 autem
880 5155 1222 5211 manifestius
1249 5153 1392 5223 quod
1427 5154 1549 5209 dico
1575 5151 1825 5216 cilicium,
1859 5167 1980 5222 qua:

405 5249 617 5304 utilitas
649 5264 952 5314 ramorum,
985 5249 1074 5303 die
1121 5247 1277 5312 mihi,
1314 5245 1694 5308 viridantium,
1727 5245 1773 5298 si
1825 5241 1980 5297 radix

405 5341 754 5396 marcescat?
800 5339 978 5395 Serus
1019 5351 1238 5402 autem,
1283 5338 1558 5408 quodnam
1587 5337 1978 5392 detrimentum

404 5437 661 5489 foliorum
700 5429 937 5503 desuper
970 5433 1359 5496 areSt-entium,
1402 5429 1700 5484 dummodo
1741 5445 1868 5483 sana
1910 5429 1981 5482 sit

406 5527 599 5580 radix?
650 5525 741 5580 Sic
771 5527 934 5579 etiam
992 5525 1136 5578 nulla
1179 5533 1264 5578 est
1298 5523 1615 5576 divitiarum
1648 5521 1874 5587 utilitas,
1933 5521 1978 5573 si

403 5618 584 5670 anima
637 5617 708 5670 sit
755 5615 1084 5685 paupercula
1121 5631 1135 5666 :
1170 5629 1346 5683 neque
1381 5614 1617 5667 vicissim
1661 5621 1816 5666 nocet
1851 5629 1981 5682 pau-

409 5707 670 5770 pertas.si
707 5707 885 5758 anima
921 5705 1079 5758 dives
1107 5703 1198 5756 sit.
1241 5705 1306 5754 At
1336 5703 1644 5770 quomodo,
1699 5702 1977 5770 inquiunt,

411 5797 562 5849 dives
591 5797 657 5849 sit
695 5797 874 5849 aninta
924 5796 965 5849 si
1011 5793 1208 5864 opibus
1243 5793 1467 5846 careat?
1517 5794 1630 5846 lino
1669 5808 1796 5846 vero
1851 5803 1978 5846 tunc

2080 3232 2180 3300 τῆς
2205 3230 2404 3302 πείρας
2434 3229 2614 3281 αὐτῶν
2639 3227 2739 3295 τὴν
2777 3225 3052 3280 εὐτέλεια)
3075 3240 3092 3288 ς

2155 3415 2220 3481 ζ’.
2263 3413 2638 3481 Ἐννοήσωμεν
2671 3411 2796 3474 τοὺς
2836 3409 2940 3479 arpi;
2991 3407 3151 3478 ἡμῶν
3209 3408 3652 3476 πλουτήσαντας·

2081 3510 2202 3575 οὐχὶ
2225 3507 2359 3575 δναρ
2391 3507 2568 3559 πάντα
2597 3505 2781 3556 ἐκεῖνα
2816 3519 2830 3561 ;
2859 3503 2980 3570 οὐχὶ
3012 3501 3138 3554 σκιὰ
3177 3500 3270 3552 καὶ
3298 3499 3456 3560 ἄνθος
3493 3516 3509 3564 ;
3541 3498 3658 3567 οὐχὶ

2081 3599 2326 3669 διήγημα
2358 3596 2454 3650 καὶ
2489 3595 2662 3664 μῦθος
2695 3614 2709 3657 ;
2739 3595 2766 3646 ὁ
2797 3595 2946 3646 δεῖνα
2997 3591 3365 3658 πεπλούτηκε,
3405 3589 3498 3642 καὶ
3553 3587 3654 3640 ποῦ

2083 3688 2484 3750 νῦνδπλοῦτος
2517 3693 2546 3746 :'
2605 3684 2881 3738 Ἀπώλετο
2928 3685 3022 3738 καὶ
3087 3683 3430 3752 διέφθαρται.
3501 3681 3658 3735 Ἀλλὰ

2081 3783 2150 3836 τὰ
2179 3782 2250 3834 δι’
2278 3779 2458 3836 αὐτῶν
2488 3779 2864 3848 ἁμαρτήματα
2893 3777 3065 3847 μένει,
3099 3777 3248 3845 καὶή
3279 3775 3364 3829 διὰ
3381 3775 3449 3827 τὰ
3483 3775 3658 3843 ἁμαρ-

2081 3877 2304 3946 τήματα
2327 3873 2571 3936 κόλασις.
2605 3872 2782 3942 Μέχρι
2817 3869 2960 3930 τίνος
2991 3872 3196 3937 πτωχοὶ
3248 3871 3345 3921 καὶ
3407 3868 3654 3934 πένητες,

2081 3969 2151 4022 τὰ
2183 3967 2281 4035 μὲν
2311 3967 2544 4036 μένοντα
2573 3964 2888 4032 φεύγοντες,
2928 3962 3216 4026 διώκοντες
3246 3961 3301 4012 δὲ
3333 3961 3403 4014 τὰ
3439 3960 3660 4028 φεύγον-

2081 4077 2152 4113 τα
2190 4075 2206 4122 ;
2238 4059 2350 4112 Οὐκ
2382 4057 2499 4110 ἐστι
2532 4055 2788 4108 πλούσιον
2832 4050 2972 4106 εἶναι
2997 4051 3092 4106 τὸν
3129 4054 3206 4122 μὴ
3229 4055 3294 4121 τῇ
3327 4050 3473 4121 ψυχῇ
3499 4051 3656 4102 πλου-

2081 4145 2282 4201 τοῦντα
2317 4163 2331 4176 ·
2363 4147 2617 4216 καθάπερ
2655 4145 2755 4198 οὐκ
2786 4143 2863 4196 ἔνι
2898 4143 3115 4212 πτωχὸν
3165 4137 3305 4194 εἶναι
3339 4142 3432 4195 τὸν
3477 4141 3552 4211 μὴ
3601 4141 3658 4192 ὲν

2081 4242 2290 4313 διανοίᾳ
2313 4243 2506 4311 ἔχοντα
2551 4240 2649 4310 τὴν
2682 4237 2874 4290 πενίαν
2911 4253 2926 4270 ο
2954 4237 3002 4289 εί
3056 4236 3163 4306 γὰρ
3196 4235 3529 4306 κυριώτερον
3566 4233 3658 4285 τοῦ

2085 4331 2334 4404 σώματος
2363 4335 2394 4402 ἡ
2422 4332 2590 4403 ψυχὴ,
2617 4333 2716 4385 οὐκ
2747 4329 2925 4400 ἰσχύει
2954 4329 3021 4380 τὰ
3064 4327 3140 4398 μὴ
3191 4329 3520 4397 ἰσχυρότερα
3565 4327 3662 4378 αὑ-

2081 4429 2182 4498 τὴν
2209 4426 2471 4480 διαθεῖναι
2502 4425 2642 4492 πρὸς
2682 4421 2855 4476 ἑαυτά
2884 4438 2898 4453 ·
2925 4419 3041 4474 ἀλλ’
3071 4423 3105 4488 ἠ
3139 4422 3302 4488 κυρία
3329 4420 3394 4471 τὰ
3421 4418 3496 4489 μὴ
3519 4418 3659 4470 οὕτω

2083 4521 2252 4590 κύρια
2286 4519 2422 4590 πρὸς
2459 4517 2658 4587 ἑαυτὴν
2702 4513 2988 4582 ἐφέλκεται
3024 4516 3119 4564 καὶ
3154 4511 3488 4579 μεταϐάλλει
3514 4527 3528 4539 ·
3566 4511 3660 4564 καὶ

2083 4614 2190 4682 γὰρ
2282 4609 2482 4678 καρδία
2519 4609 2648 4661 ὅταν
2683 4607 2805 4660 τινὰ
2855 4605 3074 4674 δέξηται
3109 4604 3334 4674 βλάϐην,
3410 4603 3556 4657 ἆπαν
3601 4603 3660 4654 τὸ

2085 4703 2243 4772 σῶμα
2275 4699 2420 4754 οὕτω
2451 4698 2727 4766 διατίθησι
2752 4711 2768 4728 ⁸
2812 4696 2915 4749 κᾶν
2949 4695 3250 4762 δύσκρατος
3301 4695 3552 4764 γένηται,
3583 4695 3660 4762 τῷ

2081 4794 2248 4847 παντὶ
2272 4791 2601 4861 λυμαίνεται
2645 4807 2659 4821 ⁸
2697 4791 2803 4842 κᾶν
2829 4787 3118 4857 εὔκρατος,
3150 4787 3212 4840 τὸ
3243 4788 3350 4840 πᾶν
3377 4787 3618 4856 ὀνίνησιν
3641 4804 3656 4817 ·

2083 4881 2149 4933 ἂν
2181 4879 2234 4932 δέ
2266 4896 2320 4930 τι
2350 4875 2460 4930 τῶν
2507 4877 2712 4930 λοιπῶν
2775 4876 3076 4945 διαφθαρῇ,
3118 4875 3326 4942 ταύτης
3390 4877 3658 4945 μενούσης

2082 4971 2290 5040 ὑγιοῦς,
2329 4969 2568 5030 εὐκόλως
2598 4968 2868 5022 κάκείνων
2888 4965 2984 5035 τὴν
3003 4965 3183 5036 λύμην
3205 4968 3654 5020 ἀποτινάσσεται.

2152 5165 2210 5220 η·
2247 5147 2366 5203 Ἵνα
2393 5147 2448 5199 δὲ
2483 5147 2577 5199 καὶ
2609 5143 2939 5214 σαφέστερον
2962 5143 2989 5196 ὃ
3011 5143 3154 5211 λέγω
3181 5142 3412 5211 ποιήσω,
3445 5141 3500 5192 τί
3532 5139 3660 5192 κλάο

2081 5243 2186 5296 δων
2211 5239 2424 5310 ὄφελος,
2455 5239 2576 5290 εἰπέ
2600 5255 2710 5306 μοι,
2755 5235 3003 5306 χλωρῶν,
3026 5236 3154 5288 ὅταν
3177 5237 3210 5304 ἡ
3238 5233 3364 5304 ῥίζα
3391 5235 3660 5304 μαραίνη-

2081 5351 2171 5388 ται
2207 5349 2223 5399 ;
2259 5331 2324 5383 Τί
2361 5317 2426 5384 δὲ
2460 5329 2654 5400 βλάϐος
2684 5329 2793 5380 τῶν
2845 5327 3051 5380 ἄνωθεν
3092 5317 3482 5395 ’ξηρανθέντων
3533 5323 3656 5392 φύλ-

2080 5427 2211 5487 λων,
2241 5423 2446 5492 ταύτης
2481 5419 2649 5490 οὔσης
2679 5419 2902 5488 ὑγιοῦςς
2934 5417 3090 5472 Οὕτω
3122 5419 3217 5470 καὶ
3249 5417 3486 5470 ἐνταῦθα
3509 5417 3658 5470 οὐδὲν

2081 5517 2273 5583 ὅφελος
2329 5512 2657 5584 χρημάτων,
2709 5515 2890 5581 ψυχῆς
2955 5510 3125 5580 οὔσης
3186 5511 3448 5581 πενιχρᾶς
3481 5527 3496 5542 ·
3543 5505 3656 5561 οὐδὲ

2085 5605 2282 5676 βλάίος
2309 5601 2524 5665 πενίας.
2548 5601 2728 5671 ψυχῆς
2763 5603 2929 5671 οὔσης
2961 5599 3243 5662 πλουσίας.
3275 5600 3386 5652 Καὶ
3429 5597 3546 5656 πῶς
3595 5598 3656 5650 ἂν

2081 5699 2292 5767 γένοιτο
2337 5695 2588 5762 πλουσία,
2649 5695 2804 5764 φησι,
2837 5691 2984 5764 ψυχὴ
3040 5695 3099 5745 ὲν
3157 5691 3316 5762 πενίᾳ
3365 5691 3654 5763 χρημάτων

2083 5787 2259 5855 οῖσα;
2321 5787 2573 5843 Μάλιστα
2635 5785 2842 5838 civ-7.4::
2903 5787 3156 5852 γένοιτο·
3213 5785 3334 5836 τότε
3401 5783 3510 5853 γὰρ
3563 5779 3652 5834 καὶ
