4064 6292
321 373 387 432 θέῗῗ
402 371 418 432 1

1694 389 2036 450 ΕΤΙΙΙΟΟΝ
2085 391 2187 451 IX.

3477 395 3585 457 es?

316 490 569 544 πλουτεῖν
610 491 818 547 εἴωθεν.
852 493 912 545 Εἰ
955 493 1083 560 γὰρ,
1131 492 1314 554 καθὼς
1377 495 1636 558 πολὶάκες
1700 500 1901 564 ἐδείξα,

2009 505 2284 559 maxime:
2323 515 2453 560 tunc
2480 507 2626 561 enim
2664 510 2779 579 ipsa
2822 510 3089 565 ditescere
3132 511 3289 564 solet.
3326 511 3379 564 Si
3411 513 3580 570 enim,

320 601 441 652 μεν,
475 583 632 636 τοῦτο
667 584 1021 647 πλουτοῦντος
1050 589 1369 656 τεκμήριον,
1421 589 1479 642 τὸ
1533 595 1894 660 καταφρονεῖν

315 678 616 744 χρημάτων
648 679 740 729 καὶ
769 678 996 747 μηδενὸς
1026 680 1257 742 δεῖσθαι,
1284 681 1510 752 εὔδηλον
1562 683 1643 735 ὃτι
1704 684 1895 748 πενίας

314 770 472 821 τοῦτο
498 767 733 837 μάλιστα
771 772 1020 837 σημεῖον,
1064 771 1124 822 τὸ
1173 774 1471 841 χρημάτων
1506 774 1754 841 ἐφίεσθαι
1789 791 1803 805 ·
1837 777 1896 828 τὸ

317 860 425 928 γάρ
458 863 515 912 ἐν
551 863 714 932 πενίᾳ
743 856 884 914 εἶναι
917 863 1119 928 μᾶλλον
1154 867 1302 917 ποιεῖ
1335 865 1582 917 πλουτεῖν
1607 879 1620 894 ·
1655 868 1743 917 καὶ
1789 867 1896 934 γὰρ

314 954 395 1005 ὅτι
421 953 788 1022 εὐκολώτερον
820 956 884 1008 ἄν
916 972 996 1014 τις
1033 957 1088 1006 ἐν
1123 957 1284 1028 πενίᾳ
1331 959 1362 1026 ἦ
1394 960 1450 1010 ἐν
1485 958 1700 1026 πλούτῳ
1731 976 1899 1011 κατα-

315 1045 604 1115 φρονήσειε
630 1047 952 1114 χρημάτων,
985 1051 1074 1099 καὶ
1127 1049 1328 1116 μᾶλλον
1352 1050 1564 1117 ἐφίεται
1595 1051 1896 1120 χρημάτων
1915 1059 1928 1078 ¹

313 1137 341 1187 6
367 1136 622 1199 πλούσιος
671 1137 700 1208 ἢ
747 1140 773 1190 6
805 1139 995 1206 πένης,
1037 1141 1202 1193 παντί
1236 1158 1344 1194 που
1391 1142 1552 1212 δῆλον
1579 1158 1593 1173 ⁸
1625 1143 1698 1206 ὼς
1734 1144 1842 1213 γὰρ
1872 1149 1898 1198 ὁ

317 1229 533 1298 μεθύων
569 1230 768 1300 μᾶλλον
801 1231 930 1303 διψᾷ
959 1234 1054 1286 τοῦ
1090 1236 1454 1304 μετασχόντος
1481 1237 1771 1307 αὐτάρκως
1802 1238 1892 1291 τοῦ

315 1321 583 1388 πόματος,
613 1321 786 1388 οὕτως
816 1327 842 1376 ὀ
885 1325 942 1376 ἐν
993 1324 1210 1396 πλούτῳ
1243 1325 1444 1395 μᾶλλον
1478 1328 1730 1398 ὀρέγεται
1765 1345 1900 1398 χρη-

321 1412 504 1479 μάτων
534 1412 627 1466 τοῦ
661 1417 717 1466 ἐν
749 1417 910 1487 πενίᾳ
941 1417 1094 1480 ὄντος
1125 1435 1139 1449 ο
1191 1419 1314 1471 οὐδὲ
1345 1421 1455 1490 γάρ
1491 1421 1639 1474 ἐστιν
1666 1419 1808 1491 αὕτη
1866 1421 1900 1488 ἡ

316 1507 579 1575 ἐπιθυμία
604 1508 851 1579 τοιαύτη,
875 1511 1017 1563 ὥστε
1057 1511 1134 1581 τῷ
1158 1513 1362 1566 πλεόνι
1395 1513 1730 1577 σϐέννυσθαι,
1762 1513 1901 1567 ἀλλὰ

317 1600 624 1652 τούναντίον
656 1601 990 1656 ἀνάπτεσθαι
1029 1604 1240 1673 πέφυκε
1271 1605 1445 1676 τούτῳ
1469 1623 1484 1638 ο
1523 1606 1618 1660 καὶ
1651 1606 1901 1676 καθάπερ

315 1691 376 1743 τὸ
406 1692 516 1760 πῦρ
554 1694 680 1747 ὅταν
737 1694 876 1766 λάϐῃ
933 1697 1158 1750 πλείονα
1198 1699 1428 1768 τροφὴν,
1485 1699 1605 1752 τότε
1667 1699 1904 1769 μάλιστα

315 1784 604 1852 ἀγριοῠται
635 1824 650 1847 ,
692 1787 836 1840 οὕτω
885 1789 979 1842 καὶ
1028 1791 1059 1859 ἡ
1103 1791 1214 1843 τῶν
1272 1791 1570 1861 χρημάτων
1615 1793 1900 1862 ἐπιθυμία,

2004 607 2062 650 ιιι
2119 614 2261 667 εευιιρ
2315 599 2838 668 demonstravimus,
2885 603 3070 656 divitis
3121 615 3203 657 est
3252 602 3584 656 conditionis

2002 700 2405 758 argumentum,
2437 709 2602 761 opum
2640 706 3006 764 contemptus,
3042 705 3096 748 et
3148 694 3350 748 nullius
3379 697 3453 748 rei
3497 697 3583 749 in-

2003 783 2260 850 digentia,
2290 796 2502 838 constat
2547 786 2784 839 vicissim
2826 788 2930 840 hoc
2977 804 3097 841 esse
3131 789 3467 856 paupertatis
3496 788 3583 840 in-

2001 874 2230 938 dictum,
2261 876 2303 925 si
2325 890 2455 942 opes
2484 877 2969 945 concupiscantur.
2993 878 3238 945 Namque
3269 879 3320 931 iu
3346 894 3583 946 paupere

2004 967 2112 1017 vita
2172 969 2399 1029 versari,
2430 968 2598 1036 magis
2631 968 2754 1021 facit
2782 969 3070 1024 ditescere.
3094 969 3345 1023 Profecto
3370 971 3584 1023 facilius

2003 1073 2232 1129 pauper,
2290 1076 2450 1128 quant
2510 1063 2694 1124 dives,
2734 1080 2866 1132 opes
2911 1072 3225 1117 contemnet
3263 1065 3583 1133 :magisque

2002 1162 2154 1222 optat
2201 1155 2489 1223 pecuniam
2542 1156 2694 1210 dives
2750 1173 2912 1226 quam
2963 1172 3192 1226 pauper,
3237 1165 3290 1210 ut
3327 1155 3584 1208 omnihus

2001 1244 2344 1312 exploratum
2371 1254 2471 1298 est.
2510 1244 2661 1299 Sicut
2694 1248 2840 1298 enim
2866 1246 3054 1300 ebrius
3080 1246 3248 1314 magis
3280 1247 3392 1298 sitit
3418 1261 3578 1311 quam

2004 1336 2096 1406 qui
2130 1336 2409 1391 moderate
2441 1337 2637 1391 biberit
2664 1357 2676 1403 ;
2716 1339 2794 1391 sic
2829 1340 2991 1392 etiam
3022 1339 3173 1392 dives
3204 1337 3586 1392 vehementius

2004 1429 2292 1498 pecuniam
2321 1440 2475 1500 optat
2501 1446 2663 1500 quam
2701 1439 2929 1500 pauper.
2967 1431 3215 1500 Namque
3254 1430 3396 1484 haud
3433 1434 3583 1500 ejus-

2005 1521 2151 1575 modi
2177 1531 2259 1576 est
2296 1521 2412 1576 haec
2437 1523 2733 1591 cupiditas,
2786 1533 2841 1576 ut
2875 1525 3032 1591 copia
3086 1524 3258 1592 possit
3286 1522 3584 1592 exstingui,

2008 1615 2103 1670 sed
2165 1615 2233 1668 ab
2288 1617 2388 1670 hac
2425 1617 2606 1685 potius
2635 1618 2818 1687 augeri
2851 1617 3010 1670 solet.
3044 1603 3222 1686 Atque
3274 1615 3583 1683 utﬂamma

2007 1723 2130 1763 cum
2164 1709 2424 1778 majorem
2457 1724 2636 1762 escam
2689 1719 2846 1763 nacta
2898 1709 3062 1763 fuerit
3089 1751 3101 1770 ,
3139 1721 3268 1762 tunc
3304 1708 3588 1776 potissimo

2009 1802 2192 1865 Stevit,
2224 1801 2303 1855 sic
2329 1801 2575 1870 pecuniae
2617 1802 2906 1870 cupiditas.
2951 1817 3060 1870 quo
3091 1802 3211 1870 plus
3237 1802 3356 1855 auri
3403 1803 3587 1871 inges-

315 1877 445 1928 ὅταν
508 1877 668 1932 πλέον
734 1879 980 1952 ἐμϐάλλῃ
1041 1884 1288 1951 χρυσίον,
1348 1884 1467 1936 τότε
1531 1885 1764 1954 μάλιστα
1822 1887 1902 1937 αι’-

2006 1893 2166 1957 seris,
2203 1902 2331 1948 tunc
2359 1894 2592 1946 maxime
2623 1893 2928 1948 extollitur.

313 1985 486 2038 ρεται.

384 2061 450 2116 θ’.
485 2063 648 2117 Ὅθεν
673 2065 792 2118 οὺδέ
814 2067 1036 2137 ἥδονται
1065 2069 1112 2122 οἱ
1144 2071 1444 2139 χρημάτων
1478 2074 1710 2142 ἐρῶντες
1760 2075 1901 2146 ὑπὲρ

311 2147 386 2206 ὧν
413 2155 646 2224 ἔχουσιν,
678 2157 774 2210 an
805 2160 1097 2228 κεχηνότες
1151 2162 1245 2233 ὅλῃ
1273 2166 1340 2234 τῇ
1395 2165 1605 2237 διανοίᾳ.
1651 2168 1783 2237 προς
1834 2171 1902 2220 τὰ

314 2247 482 2317 μήπω
511 2249 785 2318 ληφθέντα
819 2267 833 2282 ο
870 2253 965 2305 καὶ
1002 2254 1076 2324 μὴ
1139 2255 1299 2324 μόνον
1332 2257 1429 2327 οὐχ
1465 2259 1703 2328 ἥδονται,
1769 2261 1902 2313 ἀλλὰ

311 2343 408 2393 καὶ
440 2342 842 2410 βασανίζονται.
880 2346 990 2414 ὅσῳ
1013 2348 1079 2400 ἂν
1119 2348 1576 2416 περιϐάλλωνται,
1608 2352 1685 2419 τῷ
1735 2353 1902 2421 μηδὲν

311 2434 513 2487 εἰδέναι
548 2437 722 2504 πέρας
752 2439 849 2508 τῆς
878 2438 1136 2510 τοιαύτης
1185 2441 1504 2509 ἐπιθυμίας.
1541 2443 1754 2514 Ὠσπερ
1793 2444 1902 2515 ἄρα

311 2529 410 2581 καὶ
457 2531 485 2583 6
517 2529 786 2598 διηνεκῶς
836 2531 1026 2602 διψῶν,
1067 2532 1170 2586 κᾶν
1228 2535 1427 2606 μυρίας
1463 2536 1628 2608 ἐκπίῃ
1694 2537 1898 2608 πηγάς.

311 2619 414 2688 τῆς
443 2619 637 2689 ἡδονῆς
666 2621 900 2685 οὐδὸλως
950 2622 1294 2686 αἰσθάνεται,
1324 2623 1414 2676 διὰ
1459 2626 1520 2676 τὸ
1555 2625 1628 2695 μὴ
1690 2623 1902 2693 λαμϐά-

313 2731 428 2766 νειν
450 2715 610 2783 κόρον
641 2731 655 2746 ·
684 2716 778 2768 καὶ
806 2715 1060 2788 καθάπερ
1093 2718 1259 2771 πάλιν
1291 2718 1546 2788 εὐνοῦχος
1603 2718 1902 2788 ἐπιθυμίαν

310 2807 454 2878 ἔχων
477 2809 881 2880 ἀπαρθενεῦσαι
907 2810 1206 2876 νεςένιν,ὡς
1247 2813 1380 2882 φησί
1419 2831 1504 2877 τις
1546 2813 1730 2882 σοφὸς,
1768 2815 1895 2867 ὅταν

311 2903 486 2969 αὐτὴν
517 2903 810 2974 περιλάϐῃ,
835 2904 1215 2972 συμπλέκεται
1255 2905 1357 2972 μὲν
1390 2908 1454 2975 τῇ
1500 2906 1776 2979 ἐρωμένῃ.
1827 2905 1902 2975 μὴ

311 2994 609 3064 δυνάμενος
641 2997 698 3048 δὲ
729 2997 828 3066 τὴν
862 2997 1163 3065 ἐπιθυμίαν
1208 2997 1512 3066 ἐμπλῆσαι,
1539 2998 1639 3066 τὴν
1664 2996 1902 3066 ἐσχάτην

315 3090 551 3154 βάσανον
595 3090 856 3156 ὑπομένει
887 3104 903 3120 ⁶
939 3089 1085 3142 οὕτω
1120 3089 1214 3142 καὶ
1243 3092 1270 3142 6
1315 3089 1654 3158 φιλάργυρος
1711 3087 1902 3141 ἐπιθυ-

321 3183 441 3252 μῶν
472 3181 700 3252 χρυσίου
729 3183 822 3235 καὶ
852 3182 1140 3250 ἀργυρίου,
1173 3182 1304 3233 ὅταν
1335 3182 1392 3233 ἐν
1448 3181 1642 3249 κτήσει
1675 3181 1902 3250 γένηται

313 3275 546 3339 τούτων,
576 3275 892 3342 συγγίνεται
923 3275 1022 3343 μὲν
1045 3277 1110 3344 τῇ
1136 3273 1387 3343 εὐπορία,
1413 3273 1487 3334 ὡς
1511 3272 1715 3340 ταύτην
1741 3271 1900 3342 ἔχων,

313 3367 598 3437 ἐμπλῆσαι
631 3367 687 3419 δὲ
719 3368 819 3436 τὴν
872 3365 1172 3435 ἐπιθυμίαν
1209 3366 1428 3418 ἃπασαν
1464 3365 1523 3416 οὐ
1579 3364 1901 3431 δυνάχ,·.ενος,

311 3459 403 3516 ἀεί
432 3461 579 3512 ἐςτιν
609 3461 668 3512 ἐν
698 3458 860 3532 ὀδύνῃ
898 3474 911 3486 ·
949 3458 1203 3510 πλουτεῖν
1232 3457 1339 3527 γάρ
1361 3455 1523 3508 πλέον
1555 3454 1901 3524 βουλόμενος,

314 3553 414 3607 καὶ
450 3550 843 3620 περιϐαλέσθαι
868 3549 1076 3612 πλεῖον,
1109 3549 1342 3602 ἀνάπτει
1395 3547 1620 3616 μᾶλλον,
1662 3545 1757 3599 καὶ
1815 3545 1905 3597 οὐ·

310 3643 506 3698 δέποτε
544 3641 779 3707 ἵσταται,
812 3630 952 3694 ἀλλὰ
975 3640 1079 3693 κᾶν
1134 3639 1304 3710 μυρία
1334 3638 1475 3709 λάϐῃ
1500 3637 1753 3702 τάλαντα,
1785 3636 1904 3689 ἐτέ-

315 3754 431 3808 ρων
461 3735 738 3788 τοσούτων
783 3733 1044 3802 ἐπιθυμεῖ
1077 3749 1090 3763 ·
1127 3732 1230 3785 κᾶν
1261 3731 1471 3784 τούτων
1509 3729 1766 3802 ἐπιτύχῃ,
1822 3727 1904 3790 δὶς

313 3832 587 3887 τοσούτων
617 3830 830 3900 ἐφίεται
866 3845 880 3859 ·
909 3829 1004 3881 καὶ
1031 3825 1236 3896 προῖὼν
1267 3826 1364 3876 καὶ
1396 3824 1464 3876 τὰ
1487 3822 1612 3892 ὅρη,
1650 3823 1748 3873 καὶ
1801 3820 1905 3890 τὴν

313 3931 442 3997 γῆν,
477 3925 574 3978 καὶ
617 3923 716 3992 τὴν
783 3921 1076 3983 θάλατταν,
1112 3918 1208 3970 καὶ
1251 3917 1428 3970 πάντα
1488 3913 1705 3983 εὔχεται
1755 3912 1903 3981 αὐτῷ

312 4016 576 4086 γενέσθαι
602 4013 848 4084 χρυσίον,
878 4012 1074 4080 καινήν
1098 4026 1222 4062 τινα
1253 4007 1452 4077 μανίαν
1505 4007 1599 4058 καὶ
1641 4003 1899 4073 φοϐερὰν,

315 4110 411 4163 καὶ
445 4107 701 4160 οὐδέποτε
721 4104 1032 4173 δυναμένην
1090 4100 1384 4168 σϐεσθῆναι
1458 4095 1806 4166 μαινόμενος.
1843 4095 1903 4147 Εἰ

311 4196 498 4249 τοίνυν
541 4196 601 4246 τὸ
647 4194 832 4246 πλεῖον
875 4191 1133 4260 ἐφίεσθαι
1172 4189 1365 4249 πενίας
1406 4187 1741 4255 τεκμήριον,
1775 4187 1801 4238 6
1847 4185 1903 4237 δέ

313 4295 374 4344 ἐν
409 4291 626 4360 πλούτῳ
651 4288 919 4353 τοιοῦτος,
963 4280 1120 4348 οὗτος
1153 4285 1394 4355 μάλιστά
1425 4286 1572 4336 ἐστιν
1607 4285 1666 4336 ἐν
1714 4281 1898 4350 πενίᾳ.

324 4387 491 4457 Ὁρᾷς
518 4386 602 4437 ὅτι
633 4384 757 4436 τότε
790 4383 1032 4454 μάλιστα
1071 4381 1296 4433 πένεται
1326 4381 1358 4449 ὴ
1390 4380 1560 4448 ψυχὴ,
1583 4379 1711 4430 ὅταν
1740 4377 1904 4428 πλου-

312 4481 381 4547 τῇ
419 4496 431 4510 ·
470 4478 566 4530 καὶ
595 4477 720 4530 τότε
749 4476 990 4537 πλουτεῖ,
1018 4474 1148 4526 ὅταν
1172 4475 1230 4524 ἐν
1260 4473 1423 4540 πενίᾳ
1532 4488 1547 4536 ἓ

391 4575 440 4622 ι’.
481 4569 624 4622 Εἱδέ
693 4568 893 4638 βούλει,
935 4566 1031 4620 καὶ
1090 4565 1184 4618 ἐπὶ
1230 4564 1540 4634 προσώπων
1594 4564 1684 4615 τὸν
1743 4562 1901 4628 λόγον
1931 4559 1982 4616 Ι)

312 4662 692 4732 γυμνάςωμεν
727 4676 742 4689 ·
777 4662 872 4714 καὶ
903 4660 1151 4712 ἔστωσαν
1187 4658 1281 4710 δύο
1338 4657 1504 4721 τινὲς,
1543 4654 1573 4706 6
1626 4655 1727 4724 μὲν
1767 4655 1903 4723 ἔχων

319 4755 492 4825 μύρια
529 4755 790 4820 τάλαντα,
815 4756 840 4806 ὁ
864 4755 920 4806 δὲ
976 4754 1108 4806 δέκα
1143 4767 1156 4779 ·
1188 4752 1284 4803 καὶ
1328 4748 1671 4818 ἀμφοτέρους
1732 4747 1904 4800 ταῦτα

312 4849 726 4920 ἀφαιρούμεθα.
765 4847 861 4910 Τίς
895 4842 989 4900 οὖν
1027 4845 1230 4915 μᾶλλον
1258 4843 1489 4911 ἀλγήσει
1527 4859 1541 4906 ;
1593 4841 1649 4892 '0
1675 4841 1741 4894 τὰ
1797 4840 1900 4910 μιύ⁸

319 4961 412 5017 ρια
440 4942 730 5004 ἀπολέσας.
758 4940 870 4993 Οὐκ
895 4938 960 4992 ἂν
989 4938 1043 4991 δὲ
1075 4938 1274 5008 μᾶλλον
1301 4937 1556 5006 ἤλγησεν,
1580 4936 1627 4985 εἰ
1666 4933 1739 5003 μὴ
1768 4934 1902 5001 μᾶλ-

317 5036 411 5088 λον
439 5034 647 5101 ἐφίλει·
681 5035 728 5085 εἰ
755 5033 810 5085 δὲ
849 5033 1054 5100 μᾶλλον
1091 5032 1257 5100 φιλεῖ,
1287 5031 1490 5099 μᾶλλον
1529 5026 1826 5096 ἐπιθυμεῖ·
1856 5027 1902 5077 εί

317 5129 373 5182 δὲ
399 5127 599 5197 μᾶλλον
627 5127 908 5196 ἐπιθυμεῖ,
947 5126 1145 5196 μᾶλλόν
1194 5127 1342 5178 ἐστιν
1373 5125 1430 5174 ἐν
1458 5122 1620 5191 πενία
1646 5137 1660 5151 ⁸
1707 5121 1901 5172 τούτου

316 5221 427 5288 γὰρ
455 5219 687 5289 μάλιστα
714 5219 1110 5288 ἐπιθυμοῦμεν,
1137 5213 1197 5272 οὗ
1243 5217 1479 5285 μάλιστά
1502 5217 1670 5284 ἐσμεν
1717 5214 1773 5265 ἐν
1821 5215 1904 5265 ἐν-

317 5314 440 5385 δείᾳ
471 5329 486 5345 ⁸
521 5315 630 5368 ἀπὸ
662 5316 771 5382 γὰρ
798 5315 1002 5377 ἐνδείας
1040 5312 1359 5383 ἡέπιθυμία
1393 5324 1407 5340 ⁹
1435 5309 1563 5362 ἔνθα
1619 5307 1728 5378 γάρ
1756 5307 1821 5360 ἂν

319 5407 502 5474 κόρος,
532 5405 830 5475 ἐπιθυμίαν
857 5407 958 5458 οὐκ
981 5405 1125 5458 ἔστιν
1158 5401 1296 5456 εἶναι
1329 5417 1341 5433 ⁸
1377 5399 1601 5469 καὶγὰρ
1635 5398 1754 5451 τότε
1800 5399 1903 5467 μά-

318 5500 480 5551 λιστα
500 5497 765 5567 διψῶμεν,
803 5499 930 5550 ὅταν
969 5497 1161 5559 ἐνδεῶς
1216 5497 1427 5565 ἕλωμεν
1465 5492 1650 5546 ποτοῦ.
1699 5490 1905 5544 Λοιπὶν

320 5585 416 5642 οὖν
449 5589 706 5658 aitagit
769 5592 979 5654 πενίαν,
1046 5588 1182 5641 ἀλλὰ
1229 5587 1356 5656 παρ’
1420 5588 1566 5656 ἡμᾶς
1622 5585 1819 5646 αὐτοὺς
1867 5585 1901 5652 ἡ

322 5682 496 5752 βὶάϐη
529 5682 735 5750 γίνεται
762 5699 774 5711 ·
801 5683 976 5745 οὐδεὶς
1000 5684 1106 5753 γὰρ
1145 5682 1292 5750 ἡμᾶς
1323 5681 1660 5748 λυμανεῖται,
1693 5676 1785 5729 ἐάν
1813 5677 1901 5746 νή-

398 5863 440 5894 ”‘
497 5864 661 5917 Eccli.
694 5881 791 5916 axx
816 5906 827 5926 ,
862 5865 948 5916 ‘2l.

2077 2075 2128 2130 9.
2162 2075 2527 2141 Quamobrem
2557 2091 2624 2128 ue
2648 2075 3231 2145 delectanturquidem
3263 2075 3582 2130 divitiarum

2005 2179 2280 2223 amatores
2305 2169 2369 2222 iis
2387 2185 2506 2238 quae
2541 2171 2772 2233 habent,
2797 2169 3240 2240 quandoquidem
3265 2180 3371 2223 tota
3404 2180 3586 2225 mente

2005 2262 2070 2314 ad
2120 2261 2240 2315 illas
2280 2262 2494 2315 inhiant
2525 2279 2659 2330 quas
2701 2263 2944 2317 nondum
2998 2263 3178 2333 adepti
3213 2272 3359 2318 sunt.
3396 2264 3586 2332 Neque

2007 2365 2215 2410 tantum
2273 2372 2381 2411 non
2435 2357 2800 2422 delectantur,
2840 2373 3030 2412 verum
3064 2359 3228 2413 etiam
3266 2357 3586 2412 cruciantur

2005 2465 2114 2519 quo
2145 2449 2316 2520 magis
2347 2450 2643 2515 ditescunt,
2681 2451 2804 2518 quia
2840 2451 3049 2504 nullum
3075 2451 3392 2520 Cupiditatis
3417 2450 3586 2519 hujus

2007 2543 2299 2596 terminum
2356 2551 2678 2613 agnoscunt.
2741 2541 2896 2597 Sicut
2955 2544 3101 2597 enim
3167 2545 3258 2612 qui
3317 2552 3583 2612 perpetuo

2004 2634 2140 2691 sitit.
2172 2633 2386 2688 etiamsi
2421 2642 2712 2691 sexcentos
2743 2635 2962 2689 hauriat
2999 2635 3200 2708 fontes,
3240 2636 3446 2690 nullam
3483 2650 3584 2689 vo-

2004 2727 2268 2797 luptatem
2302 2729 2464 2796 capit,
2499 2729 2627 2797 quia
2659 2728 2865 2781 nullam
2909 2727 3220 2782 satietatem
3262 2728 3579 2796 experitur;

2005 2835 2198 2874 rursus
2225 2821 2365 2875 sicut
2393 2821 2562 2891 spado
2586 2823 2814 2890 cupiens
2836 2821 3188 2890 juveuculam
3211 2821 3586 2890 devirginare.

2005 2923 2065 2967 ut
2121 2915 2198 2967 ait
2256 2914 2477 2983 quidam
2532 2914 2844 2983 sapiens”,
2903 2929 3027 2967 cum
3077 2929 3197 2968 eam
3230 2915 3585 2983 corripuerit,

2004 3006 2201 3061 nititur
2233 3006 2455 3076 quidem
2495 3007 2546 3059 iu
2590 3009 2874 3070 amasiam,
2931 3005 3024 3060 sed
3054 3006 3182 3076 quia
3230 3006 3586 3076 cupiditatem

2006 3097 2224 3166 explere
2256 3099 2466 3166 nequit,
2500 3098 2816 3162 cruciatur;
2854 3099 2928 3151 ita
2964 3113 3160 3151 avarus
3189 3098 3308 3151 auri
3343 3099 3585 3168 argenti-

1931 3214 1974 3270 ο
2009 3204 2114 3258 que
2143 3189 2395 3257 cupidus,
2429 3204 2611 3243 rerum
2647 3191 2866 3259 quidem
2909 3193 3062 3260 copia
3088 3190 3317 3259 potitur,
3339 3191 3434 3244 sed
3455 3190 3582 3260 quia

2011 3290 2190 3334 tamen
2229 3281 2586 3348 Cupiditatem
2616 3291 2782 3335 totam
2821 3284 3041 3350 explere
3072 3285 3287 3351 nequit,
3317 3291 3582 3351 perpetuo

2008 3371 2254 3423 cruciatu
2311 3383 2556 3440 urgetur.
2597 3371 2764 3441 Magis
2804 3377 2948 3426 enim
2983 3375 3253 3428 ditescere
3287 3377 3496 3435 volens.
3532 3385 3586 3429 et

2007 3462 2259 3532 pluribus
2318 3463 2646 3526 redundare,
2710 3467 3162 3535 incenditpotius
3216 3484 3378 3536 quam
3431 3468 3587 3521 sedat

2009 3556 2400 3624 cupiditatem:
2427 3557 2518 3610 sed
2545 3558 2647 3611 etsi
2679 3556 2870 3612 decem
2902 3559 3070 3612 millia
3106 3561 3302 3614 talenta
3347 3561 3577 3627 ceperit,

2009 3645 2233 3700 totidem
2297 3647 2398 3700 alia
2447 3648 2653 3716 expetit
2697 3667 2708 3700 :
2747 3665 2869 3718 qum
2919 3651 2963 3704 si
3016 3662 3346 3706 consecutus
3398 3652 3584 3712 fuerit,

2009 3739 2232 3792 totidem
2275 3751 2493 3808 exoptat
2531 3759 2544 3795 :
2596 3758 2937 3813 pergensque
2985 3761 3171 3814 porro,
3209 3758 3420 3801 montes
3449 3764 3584 3818 quo-

2007 3846 2133 3899 que,
2159 3841 2213 3884 et
2249 3840 2444 3885 terram
2474 3849 2536 3887 ac
2564 3849 2734 3898 mare,
2767 3837 2949 3889 omnia
2986 3837 3223 3906 denique
3254 3853 3448 3892 aurum
3476 3841 3580 3894 sibi

2009 3922 2122 3976 ﬁeri
2155 3925 2420 3992 postulat,
2461 3941 2595 3979 nova
2633 3927 2865 3994 quadam
2910 3927 3121 3983 insania
3148 3971 3162 3994 ,
3216 3941 3269 3984 et
3298 3946 3578 3999 nunquam

2005 4016 2401 4085 exstinguenda
2439 4017 2738 4071 insaniens.
2795 4019 2848 4073 Si
2894 4035 3024 4090 ergo
3053 4023 3208 4089 plura
3241 4021 3581 4086 desiderare,

2005 4110 2344 4176 paupertatis
2370 4117 2455 4162 est
2494 4110 2754 4164 indicium
2783 4151 2797 4174 ,
2830 4112 3139 4181 hujnsmodi
3177 4122 3356 4165 autem
3382 4123 3464 4166 est
3489 4116 3580 4181 qui

2008 4200 2061 4251 in
2095 4198 2302 4253 divitiis
2334 4209 2582 4255 versatur
2608 4244 2622 4266 ,
2673 4204 2923 4271 sequitur
2977 4211 3036 4256 ut
3089 4202 3176 4256 hic
3212 4219 3319 4272 prae
3368 4208 3583 4259 caeteris

2005 4305 2214 4359 pauper
2263 4293 2355 4346 sit.
2393 4292 2581 4347 Viden”
2633 4294 2795 4363 igitur
2845 4303 2974 4348 tunc
3007 4295 3290 4364 potissime
3338 4297 3576 4350 animam

2005 4395 2126 4435 esse
2150 4398 2607 4452 pauperem,eum
2637 4396 2717 4437 est
2742 4386 2925 4448 dives,
2951 4392 3004 4438 et
3037 4394 3168 4438 tunc
3185 4400 3303 4440 esse
3331 4385 3579 4451 divitem,

2007 4489 2130 4528 cum
2176 4475 2226 4528 in
2272 4487 2592 4546 paupertate
2625 4479 2752 4532 est?
3551 4541 3560 4548 _

2084 4567 2168 4621 lO.
2201 4566 2352 4632 Quod
2396 4569 2438 4622 si
2474 4575 2665 4636 mavis,
2713 4581 2772 4626 ut
2807 4573 2968 4627 etiam
3004 4572 3055 4625 in
3085 4573 3334 4640 personis
3364 4589 3578 4628 sermo-

2007 4674 2130 4712 nem
2187 4670 2430 4714 uostrum
2466 4678 2860 4726 exerceamus,
2913 4665 3024 4718 sint
3073 4666 3263 4734 utique
3321 4665 3430 4718 duo
3462 4666 3602 4734 qui-u

2007 4751 2156 4815 dam,
2177 4753 2314 4808 alius
2338 4754 2524 4809 decem
2560 4757 2704 4810 mille
2727 4757 2924 4810 talenta
2951 4758 3338 4822 habens,alius
3356 4761 3542 4813 decem
3569 4779 3581 4814 :

2006 4858 2170 4910 porro
2216 4853 2508 4913 utrumque
2542 4846 2656 4900 suis
2707 4847 3027 4915 spuiiemus.
3068 4848 3199 4914 Quis
3237 4850 3454 4918 gravius
3487 4849 3582 4900 do-

2006 4933 2182 4990 lebit?
2232 4936 2374 4990 Sane
2409 4939 2500 5004 qui
2534 4937 2721 4992 decem
2783 4939 2931 4992 mille
2987 4941 3187 4994 amisit.
3234 4941 3353 4994 Non
3398 4949 3581 4994 autem

2007 5028 2178 5097 magis
2219 5027 2449 5095 doleret,
2506 5030 2606 5084 nisi
2672 5038 2792 5099 plus
2853 5033 3273 5102 amaretzquod
3310 5033 3351 5085 si
3409 5033 3580 5102 magis

2007 5129 2173 5187 amat,
2225 5123 2396 5191 magis
2428 5124 2622 5194 cupit:
2659 5126 2702 5178 si
2760 5127 2930 5194 magis
2971 5125 3138 5194 cupit,
3185 5126 3388 5194 majore
3437 5143 3577 5196 pau-

2007 5223 2216 5280 pertate
2245 5225 2472 5283 urgetur
2500 5233 2512 5268 :
2547 5233 2668 5269 nam
2712 5218 2813 5271 hoc
2847 5219 3088 5285 pmcipue
3115 5225 3390 5285 optamus,
3423 5221 3579 5287 cujus

2005 5311 2278 5376 praecipue
2304 5310 2610 5376 indigemus
2650 5329 2663 5363 :
2724 5327 2956 5379 namque
2986 5327 3050 5364 ex
3085 5319 3324 5379 egestate
3364 5311 3580 5380 cupidi-

2009 5409 2126 5454 tas:
2162 5400 2255 5452 ubi
2306 5401 2452 5453 enim
2490 5403 2733 5464 satietas,
2774 5419 2880 5456 non
2917 5415 2998 5456 est
3033 5418 3259 5457 cernere
3310 5404 3580 5472 cupidita-

2009 5501 2135 5544 tem.
2179 5490 2312 5544 Nam
2365 5501 2494 5545 tunc
2542 5495 2923 5548 vehementius
2972 5495 3204 5559 sitimus,
3265 5510 3386 5550 cum
3451 5506 3577 5563 potu

2006 5597 2276 5635 caremus.
2309 5581 2572 5650 Superest
2629 5583 2814 5652 igitur,
2856 5567 2959 5636 udo
3003 5601 3030 5636 a
3069 5594 3388 5652 paupertate
3419 5584 3511 5637 sed
3548 5601 3576 5636 a

2007 5674 2165 5728 nobis
2222 5672 2352 5742 ipsis
2410 5673 2666 5727 damnum
2723 5674 2825 5729 hec
2879 5677 3188 5743 provenire.
3226 5674 3398 5728 Nemo
3428 5674 3576 5729 enim
