4064 6292
489 318 591 380 983

1613 327 2011 389 TllEODORl
2061 333 2615 398 MELITENIOTIE

3625 343 3733 407 925

469 432 626 486 nobis
655 430 895 495 nocebit,
923 431 966 486 si
1002 433 1184 490 sobria
1216 443 1399 490 mente
1430 436 2034 511 ΐιιθτίιιιιιεθΡτοβῑΜθιι

2161 462 2356 514 ,ςωμεν.
2394 450 2486 502 Διὸ
2521 452 2848 520 παρακαλῶ,
2907 453 2981 524 μὴ
3043 455 3311 525 τοσαύτην
3359 458 3734 529 ὑπεμένωμεν

464 541 566 581 oro
588 539 904 596 quaesoque,
936 542 1004 581 ne
1056 527 1218 582 talem
1247 529 1518 596 patiamur
1550 531 1836 597 insaniam,
1889 534 2033 589 salu-

465 625 576 672 tem
621 625 866 671 nostram
902 627 1128 688 propter
1172 620 1446 674 modicum
1507 633 1794 692 argentum
1850 627 2032 695 prodi-

462 719 693 777 gentes:
727 707 823 762 sed
877 707 1187 764 futurarum
1253 728 1439 766 rerum
1499 728 1651 782 spem
1713 715 2032 772 foveamus:

464 813 624 852 senes
665 798 885 866 quidem
916 839 933 864 ,
965 809 1154 868 utpote
1205 803 1489 857 manifeste
1535 814 1820 859 cernentes
1870 807 2036 863 breve

465 887 622 942 nobis
651 903 936 958 superesse
970 889 1095 942 vitae
1142 899 1392 960 tempus;
1437 893 1667 962 juvenes
1692 904 1897 960 autem,
1937 913 2036 951 ceu

467 988 616 1033 certo
651 981 907 1046 scientes,
941 980 1086 1036 haud
1119 983 1350 1037 multum
1382 985 1540 1039 nobis
1565 987 1836 1056 reliquum
1867 1003 1988 1043 esse
2018 1007 2034 1042 :

468 1085 702 1139 namque
732 1079 791 1124 ut
834 1072 920 1126 fur
954 1073 1007 1126 in
1057 1084 1236 1138 nocte,
1277 1075 1348 1129 ita
1392 1076 1509 1130 dies
1553 1077 1641 1132 illa
1677 1082 1845 1132 venit.
1876 1078 2035 1135 Omni

467 1164 633 1232 igitur
685 1165 869 1219 studio
931 1165 1169 1220 vitemus
1211 1167 1422 1236 cupida:
1477 1170 1720 1224 avaritia:
1762 1172 2037 1225 [nm-bum.

466 1255 785 1323 Quanquam
815 1257 959 1311 enim
1000 1273 1139 1312 saeva
1175 1270 1257 1314 est
1284 1259 1397 1314 haec
1432 1260 1611 1315 bellua
1638 1304 1650 1325 ,
1687 1272 1746 1316 ut
1779 1261 2036 1329 diximus,

469 1347 852 1411 nihilominus,
886 1350 929 1403 si
965 1359 1110 1404 certe
1140 1351 1392 1415 velimus,
1428 1353 1583 1408 facile
1610 1370 1726 1408 eam
1755 1357 2040 1425 superabi—

468 1454 609 1492 mus.
630 1439 748 1493 Non
773 1441 918 1494 enim
945 1441 1128 1494 innata
1152 1451 1236 1495 est
1254 1459 1313 1497 ac
1336 1445 1597 1499 naturalis
1615 1446 1711 1499 ista
1734 1447 2039 1516 cupiditas;

467 1529 712 1599 alioquin
760 1531 872 1600 jam
925 1532 1053 1586 inde
1095 1549 1125 1588 a
1175 1551 1355 1588 rerum
1412 1536 1570 1590 initio
1629 1538 1790 1591 insita
1825 1537 2039 1593 luisset.

469 1619 632 1687 Atqui
692 1620 998 1690 antiquitus
1060 1638 1238 1693 neque
1273 1640 1466 1677 aurum
1515 1636 1654 1690 erat,
1699 1643 1874 1695 neque
1923 1629 2040 1682 auri

471 1711 614 1766 ullus
641 1723 872 1769 amator.

545 1806 630 1858 ll.
660 1805 814 1872 Jam,
871 1809 914 1862 si
984 1808 1183 1872 vultis,
1213 1810 1355 1863 unde
1395 1810 1734 1871 hoe.malum
1775 1815 2042 1882 eruperit,

471 1896 670 1950 dicmn.
710 1898 846 1952 Dum
886 1915 1254 1964 praecessores
1303 1917 1432 1957 suos
1467 1903 1699 1972 quisque
1731 1907 2042 1969 aemulatur,

474 1991 724 2043 morbum
765 2003 1025 2062 aggravat
1053 2011 1068 2059 ;
1100 2002 1154 2048 et
1196 1995 1533 2064 cupientem,
1565 1997 1610 2052 is
1641 1999 1732 2067 qui
1771 2000 2045 2054 antecedit

470 2080 686 2136 incitat.
719 2082 852 2136 Nam
895 2099 1018 2138 cum
1056 2085 1240 2138 vident
1268 2086 1461 2142 domos
1487 2088 1818 2157 splendidas,
1859 2088 2047 2143 latitu-

471 2175 654 2229 dinem
677 2190 954 2246 agrorum,
988 2193 1272 2232 servorum
1298 2195 1510 2250 greges,
1531 2189 1585 2234 el
1613 2189 1868 2251 argentea
1898 2197 2046 2242 vasa,

473 2278 528 2319 et
578 2266 801 2320 multam
859 2270 1311 2329 vestimentorum
1359 2273 1692 2341 congeriem,
1752 2273 1890 2326 nihil
1939 2290 2046 2326 non

474 2365 641 2422 agunt
685 2366 744 2410 ut
773 2357 912 2411 alios
946 2369 1210 2427 superent
1244 2377 1256 2412 :
1298 2369 1462 2430 atque
1489 2362 1561 2415 ita
1587 2364 1798 2430 priores
1827 2378 2044 2416 causam

479 2448 724 2513 praebent
761 2450 1039 2516 secundis,
1077 2451 1130 2504 hi
1166 2462 1347 2506 autem
1404 2455 1660 2522 posteris.
1697 2454 1848 2520 Quod
1885 2454 1928 2508 si
1960 2469 2044 2509 so-

475 2539 761 2592 brietatem
823 2542 1061 2595 retinere
1097 2543 1324 2605 vellent,
1373 2544 1495 2597 aliis
1538 2545 1781 2615 magistri
1820 2562 1928 2600 non
1971 2546 2050 2600 fo-

476 2639 626 2708 rent.
674 2631 862 2700 Neque
920 2633 1124 2688 idcirco
1175 2634 1224 2687 hi
1293 2635 1626 2702 posteriores
1683 2646 2049 2700 excusantur;

475 2733 607 2777 sunt
634 2723 780 2777 enim
835 2724 925 2778 alii
967 2725 1058 2794 qui
1100 2741 1232 2795 opes
1265 2737 1657 2792 contemnunt;
1690 2729 1834 2797 quod
1871 2730 2048 2798 ipsum

476 2831 806 2887 magnopere
835 2815 1215 2883 demonstrat,
1249 2833 1356 2872 nou
1390 2834 1508 2872 esse
1566 2821 1887 2874 naturaliter
1923 2821 2052 2874 insi-

479 2919 593 2962 tum
620 2909 868 2964 avaritiae
892 2910 1164 2975 morbum,
1195 2926 1314 2979 quae
1337 2927 1424 2964 res
1453 2926 1514 2965 ex
1537 2911 1644 2966 illis
1676 2912 1923 2981 patescit,
1954 2912 2049 2984 qui

479 3004 640 3058 alieni
700 3003 770 3058 ab
828 3019 894 3057 eo
948 3012 1092 3056 sunt.
1147 3003 1425 3072 Siquidem
1472 3005 1710 3074 physicae
1762 3007 2050 3075 qualitates

2138 538 2348 602 ἄνοιαν,
2376 541 2716 608 προδιδόντες
2745 545 2842 610 τὴν
2870 549 3146 617 σωτηρῐαν
3178 551 3337 619 ήμῶν
3379 551 3470 604 διὰ
3533 554 3736 621 μικτήν

2141 630 2463 697 ἀργυρεδιον
2499 649 2513 663 ·
2548 633 2664 686 ἀλλ’
2696 637 3051 707 ἀντεχόμενοι
3092 641 3188 706 τῆς
3223 642 3528 712 μελλούσης
3582 643 3736 695 ἔλπε-

2138 717 2247 781 δος,
2285 722 2466 790 οἱμὲν
2509 727 2906 795 γεγηρακότες,
2945 729 3040 780 ἇτε
3090 731 3292 794 εἰδότες
3338 734 3595 802 φανερῶς
3648 737 3734 786 ὅτι

2139 809 2321 878 ὀλίγος
2367 815 2502 882 ἡμῖν
2547 815 2900 870 ὑπολείπεται
2943 822 3040 888 τῆς
3096 822 3241 889 ζωῆς
3292 826 3517 892 γρόνοςο
3566 827 3616 877 0i
3677 827 3731 876 ἃ

2142 901 2273 966 νέοι,
2305 901 2398 956 ac:
2436 908 2795 976 πεπεισμένοι
2832 911 3021 978 σαφῶς
3056 913 3137 964 ὅτι
3167 915 3228 967 ού
3266 916 3397 967 πολὺ
3427 917 3488 968 τὸ
3549 917 3737 968 λειπῦ-

2145 1008 2305 1060 μενον
2331 1013 2345 1028 ο
2373 994 2449 1057 ὡς
2471 997 2580 1067 γὰρ
2616 999 2858 1069 κλέπτης
2903 1003 2959 1052 ὲν
2990 1008 3168 1069 νυκτὶ,
3227 1005 3402 1068 οὕτως
3461 1009 3492 1074 ἡ
3551 1009 3734 1076 ἡμέρα

2142 1085 2321 1154 ἐκείνη
2353 1087 2594 1156 ἔρχεται.
2650 1092 2944 1164 Φεύγωμεν
2970 1100 3121 1170 πάσῃ
3168 1100 3372 1168 σπουδῇ
3405 1103 3504 1167 τῆς
3537 1100 3739 1168 φιλαρο

2143 1176 2344 1243 γυρίας
2377 1179 2479 1247 τὴν
2523 1183 2674 1236 νόσον
2698 1202 2712 1216 '
2741 1188 2789 1239 ei
2819 1185 2927 1259 γὰρ
2987 1193 3078 1243 καὶ
3113 1191 3284 1244 δεινὸν
3311 1193 3462 1243 τουτὶ
3517 1191 3580 1244 τὸ
3632 1193 3734 1260 θη-

2145 1265 2279 1332 ρίον,
2309 1267 2386 1330 ὡς
2411 1271 2660 1342 εἴπομεν,
2693 1276 2806 1328 ἀλλ’
2860 1279 3010 1348 ὅμως
3056 1280 3151 1333 saw
3203 1281 3468 1349 θέλωμεν,
3530 1281 3736 1350 ῥᾳδέως

2145 1360 2517 1428 περιεσόμεθα
2550 1380 2566 1395 ·
2602 1366 2662 1418 οὗ
2697 1367 2805 1435 γάρ
2834 1370 2981 1422 ἐστιν
3013 1373 3044 1440 ἡ
3081 1370 3350 1440 ἐπιθυμία
3382 1372 3524 1440 αὕτη
3553 1372 3734 1439 ἔμφυ-

2143 1465 2234 1510 τος
2265 1451 2360 1504 καὶ
2387 1455 2594 1524 φυσική
2629 1471 2642 1485 ο
2677 1457 2708 1526 ἦ
2737 1460 2841 1528 γὰρ
2879 1460 2944 1513 ἂν
2973 1461 3128 1532 παρὰ
3159 1464 3256 1532 τὴν
3288 1462 3462 1533 ἀρχὴν
3486 1462 3727 1531 ὲνετέθη.

2145 1541 2261 1593 Νῦν
2283 1544 2339 1595 δὲ
2366 1547 2588 1614 χρυσίον
2611 1549 2711 1603 οὒκ
2742 1546 2807 1620 ἦν
2840 1552 3067 1620 ἄνωθεν,
3089 1556 3208 1608 οὐδὲ
3236 1556 3348 1627 ἦρα
3374 1573 3456 1618 τις
3481 1556 3732 1624 χρυσίου.

2222 1813 2311 1862 ια’.
2361 1808 2501 1862 Ἀλλ’
2555 1812 2604 1863 εἰ
2656 1810 2934 1879 βούλεσθε,
2996 1814 3138 1883 λέγω
3171 1815 3332 1868 πόθεν
3391 1817 3610 1885 εἰσῆλθε
3677 1819 3737 1872 τδ

2148 1901 2315 1952 κακόν
2346 1918 2359 1934 ·
2391 1902 2619 1965 ἕκαστος
2669 1904 2761 1956 τὸν
2813 1907 2918 1975 πρὸ
2949 1907 3113 1959 αὐτοῦ
3170 1906 3480 1976 ζηλοῦντες,
3521 1909 3737 1962 ἐπέτει-

2149 2009 2238 2043 νον
2281 1993 2344 2043 τὸ
2375 1993 2612 2063 νόσημα,
2675 1996 2769 2048 καὶ
2815 1998 2908 2048 τὸν
2975 1992 3305 2066 βουλόμενον
3358 2001 3386 2053 ὁ
3442 2001 3737 2068 προλαϐὼν

2151 2079 2407 2148 ἐρεθίζει.
2455 2082 2627 2134 Ὅταν
2674 2086 2782 2153 γὰρ
2837 2085 3022 2138 ἴδωσιν
3067 2088 3243 2150 οἰκίας
3295 2087 3580 2157 λαμπρὰς,
3643 2090 3735 2141 καὶ

2151 2171 2355 2240 πλῆθος
2373 2173 2583 2242 ἀγρῶν,
2612 2177 2706 2226 καὶι
2738 2176 3089 2245 ἀνδραπόδων
3118 2179 3337 2246 ἀγέλας,
3374 2183 3470 2232 καὶ
3515 2181 3738 2248 ἀργυρᾶ

2153 2262 2343 2330 σκεύη,
2383 2263 2476 2315 καὶ
2507 2264 2676 2318 πολὺν
2727 2267 2960 2336 ἱματίων
3013 2269 3266 2337 φορυτὸν,
3330 2272 3506 2324 πάντα
3560 2274 3735 2338 πρᾶτ-

2152 2371 2356 2418 τουσιν,
2387 2353 2527 2408 ὥστε
2561 2356 2967 2425 ὑπερϐαλέσθαι
3001 2375 3015 2389 °
3073 2359 3212 2412 ὥστε
3259 2361 3310 2412 οἱ
3367 2362 3574 2430 πρῶτοι
3627 2361 3738 2413 τῶν

2152 2443 2422 2515 δευτέρων
2451 2447 2610 2499 aluo:
2656 2447 2916 2515 γίνονται,
2946 2451 3189 2503 κάκεῖνοι
3211 2451 3322 2503 τῶν
3361 2454 3484 2520 μετ’
3511 2453 3729 2515 αὐτούς.

2155 2536 2217 2588 Εἰ
2248 2537 2302 2588 δὲ
2335 2537 2620 2592 ἐϐούλοντο
2649 2545 2968 2613 σωφρονεῖν,
2993 2542 3096 2595 οὐκ
3123 2541 3188 2595 ἂν
3245 2547 3355 2606 τοὶς
3398 2544 3579 2606 ἄλλοις
3620 2548 3738 2612 ἐγί-

2153 2645 2306 2682 νοντο
2357 2631 2674 2685 διδάσκαλοι
2711 2651 2725 2664 ι
2790 2635 2990 2703 μᾶλλον
3039 2635 3096 2689 δὲ
3147 2635 3266 2689 οὐδὲ
3317 2637 3530 2698 τούτοις
3588 2638 3736 2689 ἔστιν

2154 2722 2421 2789 ἀπολογία
2447 2739 2460 2753 ·
2497 2724 2605 2776 εἰσὶ
2638 2725 2745 2794 γὰρ
2771 2726 2862 2778 καὶ
2896 2726 3074 2797 ἕτεροι
3106 2729 3410 2797 χρημάτων
3461 2745 3734 2797 καταςρο·

2154 2799 2372 2878 νοῦντες
2403 2830 2417 2845 ’
2443 2815 2470 2868 ὃ
2497 2817 2590 2868 καὶ
2623 2819 2750 2870 αὐτὸ
2779 2819 2980 2888 δεῖγμα
3035 2823 3291 2889 μέγιστον
3316 2821 3410 2874 τοῦ
3444 2823 3520 2892 μὴ
3573 2837 3736 2887 φυσι-

2155 2906 2249 2959 κὸν
2282 2901 2504 2960 εἶναιτὸ
2542 2909 2635 2978 τῆς
2685 2909 3051 2981 φιλαργυρίας
3090 2913 3300 2983 νόσημα
3329 2930 3343 2944 ·
3369 2915 3463 2967 καὶ
3512 2916 3575 2964 ὲκ
3626 2913 3743 2971 τῶν

2157 2996 2362 3064 ταύτης
2411 2997 2521 3068 γὰρ
2573 2999 3014 3069 ἀπηλλαγμένων
3072 3001 3230 3055 τούτο
3279 3004 3494 3070 γίνεται
3555 3003 3738 3071 δῆλον,

479 3113 798 3152 communes
853 3097 1111 3151 omnibus
1140 3107 1308 3149 sunt:
1368 3097 1484 3150 haec
1533 3108 1714 3152 autem
1761 3099 2051 3168 cupiditas,

2161 3086 2344 3155 ἐπειδὴ
2383 3086 2449 3138 τὰ
2479 3087 2578 3156 τῆς
2606 3089 2820 3158 φύσεως
2857 3092 3008 3144 κοινὰ
3033 3093 3251 3146 πάντων
3287 3094 3434 3146 ἐστίν
3467 3111 3480 3126 ·
3516 3093 3655 3162 αὕτη
3679 3096 3736 3146 δὲ

481 3190 642 3260 culpa
677 3197 864 3243 nostra
917 3187 1299 3242 tantummodo
1320 3187 1536 3242 exsistit
1570 3206 1582 3240 :
1619 3189 1744 3242 hinc
1784 3190 2051 3255 nascitur,

482 3283 614 3337 hinc
672 3290 940 3351 augetur;
990 3291 1045 3334 et
1099 3279 1176 3333 illi
1215 3280 1487 3334 inhiantes
1524 3296 1648 3333 cum
1682 3283 2052 3350 occupaverit.

484 3385 674 3430 contra
705 3383 955 3429 naturam
990 3372 1116 3427 facit
1139 3373 1341 3426 vivere.
1365 3373 1576 3427 Etenim
1607 3388 1728 3425 cum
1762 3389 1869 3427 non
1894 3389 2059 3442 agno-

485 3479 648 3524 scunt
703 3467 998 3537 populares
1050 3480 1199 3530 suos,
1267 3464 1491 3529 amicos,
1524 3463 1745 3526 fratres,
1790 3475 2058 3534 cognatos

486 3575 714 3630 prorsus
776 3557 1166 3627 quosliliet,et
1218 3571 1339 3610 cum
1378 3555 1486 3608 illis
1542 3570 1600 3609 se
1641 3554 1788 3624 ipsos
1841 3571 2060 3626 quoque

489 3653 796 3720 negligunt,
833 3649 886 3702 id
921 3649 1064 3703 enim
1089 3663 1220 3702 vero
1255 3657 1442 3702 contra
1465 3655 1711 3700 naturam
1747 3646 1930 3702 vivere
1954 3660 2057 3702 est.

489 3743 645 3799 U‘nde
685 3751 911 3811 apparet
933 3740 1268 3794 contrarium
1303 3747 1513 3792 natura:
1552 3753 1675 3793 esse
1710 3737 1814 3792 hoc
1841 3738 2058 3803 vitium,

491 3837 550 3892 id
581 3849 664 3891 est
694 3835 935 3890 avaritiae
967 3834 1241 3888 morbum.

564 3929 654 3982 lit.
681 3929 974 3997 Propterea
1010 3935 1065 3980 et
1106 3925 1276 3979 ludas
1323 3924 1376 3978 in
1414 3925 1558 3979 hunc
1597 3923 1847 3978 morbum
1903 3921 2063 3992 culpa

493 4040 589 4078 sua
619 4020 934 4090 implicitus,
973 4018 1218 4087 proditor
1242 4016 1443 4071 Christi
1483 4015 1717 4078 exstitit,
1752 4029 2064 4083 quanquam

493 4117 562 4170 ab
588 4114 779 4170 eodem
825 4111 1045 4166 Christo
1087 4119 1329 4163 vocatus.
1378 4107 1591 4176 Quippe
1619 4123 1727 4160 non
1777 4117 1862 4160 est
1918 4121 2068 4159 coar-

494 4218 652 4262 etans
680 4204 775 4259 Dei
814 4204 1052 4267 vocatio,
1107 4215 1285 4269 neque
1326 4199 1432 4252 vim
1491 4198 1621 4252 facit
1673 4198 1841 4252 menti
1873 4211 2066 4250 eorum

495 4300 590 4370 qui
623 4297 879 4351 virtutem
914 4293 1167 4362 amplecti
1200 4290 1395 4343 nolunt
1425 4287 1552 4342 :sed
1581 4277 1832 4341 hortatur
1859 4294 2068 4340 tantum

494 4403 553 4447 et
577 4390 818 4446 consulit
842 4431 858 4454 ,
886 4398 942 4442 et
972 4388 1164 4452 satagit
1210 4393 1372 4452 atque
1403 4381 1494 4434 dat
1526 4395 1747 4449 operam
1788 4377 2069 4433 suadendo

2163 3180 2224 3229 ix
2275 3178 2549 3248 ῥᾳθυμίας
2603 3182 2636 3250 ή
2672 3181 2937 3251 ἐπιθυμία
2999 3183 3208 3251 γίνεται
3243 3186 3410 3254 μόνης
3441 3201 3456 3215 '
3488 3185 3738 3238 ἐντεῦθεν

2162 3271 2380 3337 cierat,
2419 3272 2663 3325 ἐντεῦθεν
2707 3273 2928 3338 αὒξεται
2956 3293 2970 3306 ο
3007 3277 3099 3328 καὶ
3121 3277 3246 3339 τοὺς
3298 3279 3436 3347 πρὸς
3465 3279 3740 3347 αὑτὴνκε-

2162 3367 2394 3433 χηνότας
2427 3366 2552 3418 ὅταν
2585 3365 2702 3437 ἕλῃ,
2732 3367 2895 3438 παρὰ,
2915 3369 3076 3437 φύσιν
3103 3371 3248 3422 ποιεῖ
3279 3369 3400 3439 ζῇν.
3425 3371 3599 3423 Ὅταν
3631 3373 3741 3438 γὰρ

2161 3459 2400 3526 ἀγνοῶσι
2423 3462 2547 3522 τοὺς
2563 3451 2892 3530 ὁμοφύλους,
2919 3463 3043 3525 τοὺς
3076 3463 3364 3531 ἀδελφοὺς,
3393 3465 3518 3525 τοὺς
3546 3481 3739 3532 συγγε-

2163 3555 2272 3616 νεῖς
2317 3554 2562 3618 ἅπαντας
2595 3554 2803 3620 ἁπλῶς,
2837 3559 2924 3608 καὶ
2959 3559 3094 3625 μετὰ
3120 3557 3325 3610 τούτων
3365 3558 3460 3610 καὶ
3490 3559 3740 3618 ἑαυτοὺς,

2165 3648 2316 3716 παρὰ
2380 3648 2541 3714 φύσιν
2572 3648 2728 3701 τοῦτό
2759 3651 2874 3701 ἔστι
2907 3650 3028 3718 ζῇν.
3063 3649 3226 3702 ’Ὀθεν
3271 3650 3428 3721 δῆλον
3473 3653 3553 3702 ὅτι
3587 3651 3739 3719 παρὰ

2165 3740 2329 3806 φύσιν
2362 3743 2394 3810 ἡ
2426 3738 2614 3803 κακία,
2641 3742 2736 3792 καὶ
2765 3739 2824 3791 τὸ
2852 3740 2949 3808 τῆς
2984 3739 3348 3811 φιλαργυρίας
3391 3741 3626 3811 νόσημα.

2242 3920 2326 3990 ιβ’.
2353 3922 2448 3974 Διὰ
2483 3920 2640 3974 τοῦτο
2680 3922 2774 3974 καὶ
2803 3924 2830 3974 ὁ
2861 3921 3060 3984 Ἰούδας
3085 3921 3258 3990 τούτῳ
3300 3920 3616 3992 περιπεσὼν
3671 3923 3734 3975 ἐκ

2170 4012 2469 4082 ῥᾳθυμίας,
2513 4012 2777 4081 προδότης
2828 4013 3042 4079 ἐγένετο
3101 4013 3194 4065 τοῦ
3244 4014 3504 4081 Χριστοῦ,
3559 4015 3735 4067 καίτοι

2167 4103 2388 4170 κληθεὶς
2427 4101 2519 4156 ὑπ’
2550 4102 2715 4155 αὐτοῦ
2740 4101 2832 4155 τοῦ
2861 4104 3102 4173 Χριστοῦ
3132 4121 3145 4135 ·
3179 4106 3270 4156 καὶ
3303 4107 3411 4175 γὰρ
3445 4107 3544 4158 οὐκ
3575 4107 3738 4172 αναγ-

2170 4195 2406 4263 καστικὴ
2441 4193 2536 4247 τοῦ
2560 4193 2695 4246 Θεοῦ
2731 4196 2762 4262 ἠ
2798 4194 3008 4263 κλῆσις,
3031 4197 3150 4249 οὐδὲ
3187 4195 3438 4265 βιᾶζεται
3467 4198 3566 4265 τὴν
3604 4196 3739 4264 γνὼ-

2173 4304 2280 4357 μην
2312 4287 2418 4338 τῶν
2447 4285 2522 4356 μὴ
2559 4284 2901 4356 βουλομένων
2936 4288 3137 4358 ἀρετὴν
3165 4289 3383 4342 ἑλέσθαι
3415 4305 3428 4318 °
3464 4288 3602 4341 ἀλλὰ
3635 4307 3737 4341 πι-

2173 4381 2350 4446 ραινεί
2381 4380 2474 4446 μὲν
2509 4380 2604 4431 καὶ
2638 4379 3018 4446 συμϐουλεύει,
3063 4381 3156 4432 καὶ
3214 4381 3394 4434 πάντα
3453 4384 3602 4432 ποιεῖ
3652 4383 3738 4431 καὶ

497 4496 563 4540 ut
600 4485 728 4539 boui
768 4481 1001 4535 (lamus:
1036 4492 1198 4548 quam
1243 4474 1286 4528 si
1325 4473 1569 4528 nonnulli
1611 4488 1716 4525 non
1749 4471 2055 4530 admittunt,

2177 4461 2654 4540 πραγματεύεται,
2693 4468 2833 4521 ὣστε
2889 4473 3074 4522 πεῖσαι
3119 4471 3372 4536 γενέσθαι
3419 4471 3693 4540 χρηστούς
3723 4487 3734 4501 ο

497 4579 644 4633 haud
685 4575 890 4630 idcirco
921 4571 1100 4640 cogit;
1125 4568 1284 4624 sicuti
1320 4581 1496 4635 neque
1527 4564 1722 4619 J’udam
1754 4561 1929 4632 coegit
1952 4559 2070 4614 ﬁeri

497 4666 729 4726 bonum,
761 4669 1048 4730 postquam
1083 4657 1362 4725 improbus
1413 4669 1723 4725 pravusque
1761 4653 1918 4720 culpa
1952 4667 2072 4720 pro-

497 4756 618 4827 pria
658 4753 728 4807 ob
793 4751 940 4803 hunc
996 4747 1247 4801 morbum
1293 4755 1561 4800 evaserat.
1601 4745 1737 4798 l‘liue
1789 4743 1957 4833 enim,
2019 4753 2075 4795 et

500 4864 608 4902 non
647 4842 892 4908 aliunde,
949 4840 1083 4893 fiunt
1130 4837 1444 4908 hujusmodi
1478 4836 1848 4890 mutationes:
1887 4847 2078 4902 quent-

501 4936 797 4992 admodum
837 4950 873 4987 a-
902 4934 1046 4987 bono
1073 4931 1254 4985 studio
1281 4927 1907 5000 proceduntcontraria‘.
1930 4926 2074 4990 Quot

501 5031 648 5085 enim
700 5029 794 5100 qui
837 5027 1056 5082 fuerant
1110 5025 1370 5087 violenti,
1431 5022 1830 5076 mansuetiores
1880 5019 2076 5072 ovibus

503 5134 692 5193 postea
726 5117 1069 5175 evaserunt?
1087 5117 1232 5183 Quot
1258 5114 1523 5169 luxuriosi
1549 5151 1564 5177 ,
1596 5112 1855 5180 deinceps
1889 5109 2078 5179 pudici-

503 5215 866 5273 exstiterunt?
882 5213 1023 5280 Quot
1051 5220 1213 5265 antea
1247 5223 1490 5278 rapaces,
1510 5205 1707 5261 deinde
1738 5220 1835 5258 sua
1859 5218 2077 5274 quoque

503 5309 896 5384 proiecerunt?
930 5308 1321 5376 Quamobrem,
1347 5306 1390 5358 si
1425 5302 1688 5373 sapimus,
1723 5299 1910 5370 procul
1937 5299 2078 5368 abji-

506 5410 716 5462 ciamus
770 5404 1085 5459 divitiarum
1119 5398 1496 5468 cupiditatem,
1536 5405 1592 5451 et
1640 5393 1883 5448 avaritia:
1934 5408 2080 5446 mor-

507 5499 671 5562 bum;
699 5497 856 5565 cujus
887 5493 1188 5563 nequitiam
1225 5490 1327 5561 ipsi
1351 5503 1570 5559 quoque
1599 5495 1872 5540 testantur
1907 5483 2076 5546 avari,

509 5590 764 5660 iniuriam
788 5587 893 5641 sibi
925 5585 1040 5639 ﬁeri
1061 5584 1393 5656 iudicantes,
1414 5579 1852 5651 quotiescunque
1880 5573 2082 5643 aliquis

512 5679 594 5732 eis
631 5680 734 5732 hoc
760 5677 1118 5747 opprobrium
1161 5673 1442 5745 obiecerit.
1474 5671 1537 5725 Et
1571 5686 1630 5724 re
1679 5669 1898 5738 quidem
1928 5681 2078 5727 vera,

523 5782 798 5820 summum
833 5767 939 5821 hoc
965 5778 1049 5822 cst
1080 5764 1456 5836 opprobrium,
1492 5761 1782 5830 multaeque
1825 5755 2082 5828 nequitiae

2178 4562 2302 4614 εἰδὲ
2341 4561 2416 4630 μὴ
2447 4561 2764 4627 ἀνάσχοιντὸ
2790 4578 2955 4626 τινες,
2979 4562 3076 4614 οὐκ
3139 4561 3463 4628 ἀναγκάζει,
3495 4561 3742 4627 καθάπερ

2176 4651 2298 4703 asas
2329 4651 2420 4702 τὸν
2467 4650 2671 4716 Ἰούδαν
2698 4651 2977 4719 ἠνάγκασε
3011 4651 3263 4718 γενέσθαι
3305 4651 3492 4715 καλὸν,
3519 4651 3740 4718 γενόμε-

2177 4761 2266 4796 νον
2297 4743 2571 4814 μοχθηρὲν
2606 4743 2701 4795 καὶ
2729 4741 2929 4811 φαῦλον
2957 4743 3062 4795 ἀπὸ
3082 4743 3272 4795 τούτου
3299 4741 3389 4794 τοῦ
3440 4745 3740 4812 νοσήματος

2178 4837 2242 4887 ὲκ
2285 4835 2555 4905 ῥᾳθυμίας
2586 4849 2599 4862 ·
2646 4833 2894 4886 ἐντεῦθεν
2933 4834 3024 4886 καὶ
3090 4834 3196 4902 γὰρ
3250 4835 3350 4887 οὐκ
3415 4833 3639 4886 ἄλλοθεν
3688 4835 3740 4885 αἱ

2177 4926 2424 4982 τοιαῦται
2457 4925 2770 4995 μεταϐολαὶ,
2809 4926 3056 4993 καθάπερ
3089 4926 3192 4978 ἀπὸ
3239 4927 3479 4994 σπουδῆς
3525 4929 3581 4980 αἱ
3617 4928 3744 4996 πρὸς

2178 5018 2240 5072 τὸ
2278 5019 2540 5072 ἐναντίον.
2577 5017 2738 5069 Πόσοι
2758 5017 2888 5084 γοῦν
2911 5017 3190 5085 γενόμενοι
3219 5016 3412 5085 βίαιοι,
3459 5017 3745 5086 προϐάτων

2180 5108 2520 5181 ἡμερώτεροι
2549 5109 2831 5176 γεγόνασιν
2861 5107 3085 5179 ὕστερον
3116 5126 3131 5175 ;
3175 5111 3333 5162 Πόσοι
3361 5111 3615 5178 ἀσελγεῖς
3651 5109 3749 5162 σὼ·-

2183 5217 2378 5270 ιρρονες
2413 5199 2550 5271 μετὰ
2575 5199 2746 5252 ταῦτα
2773 5201 3118 5268 κατέστησαν
3151 5217 3164 5265 ;
3219 5200 3382 5252 Πόσοι
3429 5201 3747 5254 πλεονέκται

2182 5290 2289 5360 πρὸ
2324 5290 2513 5342 τούτου
2546 5288 3023 5360 ὕστερονὲρῤιψειν
3047 5291 3139 5342 καὶ
3193 5291 3263 5344 τὰ
3306 5291 3486 5343 αὐτῶν
3516 5309 3531 5355 ;
3590 5292 3747 5345 Ὥστε

2182 5383 2278 5434 ἐὰν
2297 5383 2579 5450 νήςωμεν,
2616 5382 2952 5451 ἐκϐαλοῦμεν
2970 5383 3067 5453 τὴν
3100 5383 3396 5452 ἐπιθυμίαν
3447 5383 3542 5436 τοῦ
3593 5383 3750 5436 πλού-

2183 5491 2295 5537 του,
2323 5471 2536 5541 καὶτῆς
2567 5471 2930 5541 φιλαργυρίας
2969 5473 3027 5525 τὸ
3052 5475 3286 5540 νόσημα,
3319 5474 3456 5544 ὅπερ
3490 5475 3582 5526 καὶ
3599 5475 3749 5528 αὐτοὶ

2188 5563 2557 5633 μαρτυροῦσιν
2589 5560 2728 5616 εἶναι
2763 5565 2932 5618 κακὸν
2956 5565 3004 5616 οἱ
3040 5565 3394 5633 φιλάργυροι,
3440 5567 3746 5634 νομίζοντες

2187 5659 2344 5727 ὖειριν
2367 5659 2425 5708 τὺ
2454 5655 2709 5724 πρᾶγμα,
2741 5657 2868 5707 ὅταν
2899 5673 2980 5718 τις
3016 5657 3198 5717 αὐτοῖς
3254 5654 3412 5708 τοῦτο
3458 5657 3747 5726 προσενέγ-

2189 5766 2260 5822 κῃ
2293 5751 2348 5801 τὶ
2387 5747 2586 5810 ὄνειδος
2626 5763 2637 5774 ’
2669 5748 2893 5818 ἔσχατον
2944 5747 3119 5813 τοῦτο,
3152 5753 3247 5800 καὶ
3292 5747 3502 5818 ποπλῆς
3553 5745 3744 5806 κακίας
