4064 6292
262 403 372 465 985

1649 396 1993 459 ETHICON
2042 395 2148 458 IX.

3421 392 3525 457 986

261 511 562 577 ἀπόδειξις.
598 507 660 564 Εἰ
693 508 809 579 γὰρ
845 508 1155 580 χρημάτων
1196 506 1473 578 ὑπεριδεῖν
1507 509 1607 560 οὐκ
1662 508 1884 576 άνεχό-,

1988 515 2357 578 rgumentum.
2391 506 2524 562 Nam
2571 504 2616 560 si
2665 518 2795 576 ope‘s
2829 510 3186 559 contemnere
3221 517 3328 556 non
3363 505 3526 557 susti-

265 607 432 678 μεθα,
480 606 623 667 τινος
683 603 845 659 ἄλλου
908 601 1283 673 περιεσόμεθά
1328 618 1457 655 ποτε
1509 601 1848 671 ἐπιθυμίαςς

264 699 400 752 ἀλλὰ
431 695 780 767 δοξομανίας,
810 695 986 764 θυμοῦ
1020 694 1053 764 ἢ
1083 693 1258 764 ὀργῆς
1285 711 1301 759 ;
1337 695 1448 747 Καὶ
1501 694 1618 756 πῶς
1647 693 1715 747 άν
1771 711 1852 754 τις

265 791 560 858 πεισθείης
599 789 902 855 ἐπιθυμίας
941 787 1042 855 μὲν
1077 788 1189 858 γὰρ
1220 787 1383 840 ἕνεκα
1436 786 1538 855 τῆς
1595 787 1707 838 τῶν
1753 802 1857 838 σωο

272 882 457 952 μάτων
488 881 582 933 καὶ
606 879 778 950 θυμοῦ
808 880 900 932 καὶ
933 879 1103 948 ὀργῆς
1124 877 1314 931 πολλοὶ
1363 877 1458 930 καὶ
1500 878 1599 944 τῆς
1654 875 1856 945 σαρκὸς

268 975 370 1041 τὴν
403 971 754 1039 κατασκευὴν
785 971 1122 1038 λογίζονται,
1161 971 1261 1023 καὶ
1289 970 1389 1030 τὰς
1423 966 1733 1036 ὑπερϐολὰς
1759 967 1854 1018 ἀν-

266 1065 569 1118 τιτιθέασιν
606 1065 807 1134 ίατρῶν
837 1064 1029 1126 παῖδες
1061 1077 1076 1092 ⁸
1128 1063 1226 1115 καὶ
1267 1061 1361 1115 τὸν
1388 1059 1486 1129 μέν
1525 1058 1858 1128 θερμότερον

275 1160 374 1212 καὶ
405 1158 704 1227 ὑγρότερον
736 1155 1070 1224 λαγνότερον
1099 1149 1244 1207 εἷναί
1292 1170 1448 1220 φασι,
1476 1153 1568 1205 τὸν
1614 1150 1670 1203 δέ
1721 1150 1859 1221 πρὸς

277 1249 584 1319 ξηροτέραν
601 1249 916 1314 ἐμπεσόντα
942 1246 1280 1316 δυσκρασίαν
1315 1243 1612 1313 ἁκρόχολον
1641 1243 1738 1296 καὶ
1769 1242 1861 1294 θυ-

278 1339 454 1411 μώδη.
473 1340 862 1410 Φυλαργυρίας
895 1339 952 1391 δέ
981 1338 1168 1392 ἕνεκεν
1199 1337 1375 1399 οὖδας
1396 1336 1651 1389 οὐδέποτε
1677 1333 1860 1388 αὐτῶν

277 1432 510 1500 ἤκουσεν
539 1431 842 1500 εἰρηκότων
873 1445 927 1481 τι
959 1428 1219 1482 τοιοῦτον.
1267 1425 1424 1481 Οὕτω
1457 1424 1730 1496 ῥᾳθυμίας
1763 1425 1862 1493 μό-

276 1539 379 1590 νης
413 1523 532 1573 ἐστὶ
564 1522 660 1574 καὶ
702 1519 882 1590 ψυχῆς
938 1519 1249 1588 ἀναλγήτου
1305 1517 1464 1570 τοῦτο
1518 1516 1579 1568 τὸ
1626 1516 1859 1586 νόσημα,

275 1613 378 1667 καὶ
399 1613 624 1666 δυνατὸν
644 1614 804 1666 τοῦτο
837 1614 1033 1680 φυγεῖν
1063 1612 1234 1682 ἡμᾶς,
1286 1610 1350 1663 ἂν
1382 1611 1647 1679 θέλωμεν.

353 1703 444 1772 ιγ’.
476 1703 880 1771 Σπουδάσωμεν
911 1700 1228 1771 τοιγαροῦν,
1261 1702 1558 1768 ἀγαπητοὶ,
1591 1698 1686 1752 καὶ
1736 1696 1862 1750 τοῦ-

275 1816 339 1852 το
363 1796 788 1867 διορθώσασθαι,
823 1796 917 1848 καὶ
953 1793 1023 1847 τὰ
1053 1793 1178 1846 καθ’
1206 1793 1444 1860 ἑκάστην
1475 1791 1692 1860 ἠλικίαν
1727 1791 1861 1859 ἡμῖν

1959 616 2167 654 nemus.
2206 615 2500 671 quamnam
2535 614 2774 667 unquam
2800 597 3086 651 vincemus
3112 597 3274 649 aliam
3317 592 3534 661 cupidi-

1959 693 2170 747 tatem?
2201 708 2330 746 num
2385 691 2614 760 gloriie?
2647 705 2775 744 num
2822 689 2990 743 animi
3023 687 3378 744 vehementia:
3436 695 3531 738 aut

1958 785 2082 838 ine?
2115 784 2250 850 Quis
2301 784 2351 837 id
2387 783 2612 837 credat?
2657 781 3024 848 Cupiditatem
3071 779 3290 848 quidem
3339 790 3535 844 corpo-

1959 892 2103 941 rum,
2163 883 2216 930 et
2271 875 2438 927 animi
2476 873 2902 934 vehementiam,
2939 879 2994 925 et
3044 871 3205 932 iram,
3265 868 3422 921 multi
3477 867 3530 919 in

1959 967 2140 1022 carnis
2166 975 2417 1019 naturam
2446 964 2758 1028 conferunt,
2791 979 2955 1034 quam
2993 979 3106 1017 rem
3149 961 3346 1016 medici
3376 975 3537 1026 evag-

1960 1066 2184 1129 gerant:
2218 1066 2272 1111 et
2301 1072 2426 1111 eum
2453 1057 2544 1126 qui
2576 1058 2646 1110 sit
2681 1055 2910 1110 calidior
2958 1053 3330 1112 lunnidiorve.
3372 1051 3534 1104 lasci-

1959 1150 2170 1203 viorem
2217 1164 2337 1203 esse
2379 1149 2578 1202 aiunt:
2628 1159 2683 1201 at
2722 1147 3009 1201 sicciorem
3046 1145 3302 1199 sortitum
3335 1151 3538 1210 tempe-

1962 1243 2254 1307 rationem,
2288 1233 2610 1294 irritaliilem
2658 1238 2774 1293 fore
2827 1247 2882 1293 et
2927 1236 3277 1291 iracundum.
3314 1235 3539 1288 Verum-

1965 1344 2143 1386 tamen
2190 1331 2258 1386 de
2312 1331 2536 1384 avaritia
2593 1330 2732 1385 nihil
2794 1328 3107 1400 hujusmodi
3157 1329 3226 1382 ab
3280 1327 3368 1381 his
3429 1324 3538 1380 dici

1964 1437 2204 1491 unquam
2227 1432 2567 1490 compertum
2606 1424 2710 1475 est.
2747 1419 2898 1474 Adeo
2933 1419 3104 1473 solius
3160 1416 3424 1470 socordiae
3457 1423 3540 1468 est

1963 1515 2268 1583 animaeque
2321 1513 2549 1583 ignaviae
2598 1512 2688 1567 hic
2745 1511 3009 1577 morbus,
3055 1523 3296 1578 cumque
3343 1507 3538 1581 vitare,

1965 1606 2254 1676 potestatis
2277 1613 2476 1660 nostra:
2494 1614 2599 1660 est.

2039 1695 2125 1748 15.
2157 1695 2486 1750 Studeamus
2526 1694 2732 1762 itaque,
2789 1689 3119 1756 cbarissimi,
3161 1687 3270 1744 hoc
3321 1699 3540 1756 quoque

1968 1789 2260 1842 emendare
2288 1785 2500 1851 vitium,
2532 1793 2588 1839 et
2621 1800 2712 1840 eas
2741 1799 2862 1854 quae
2911 1784 2966 1837 in
3013 1782 3242 1852 singulis
3289 1779 3544 1834 mtatibus

280 1889 644 1958 ἐπιγινόμενα
669 1888 816 1958 πάθη
842 1890 979 1956 πρὸς
1011 1887 1073 1940 τὺ
1097 1886 1342 1939 ἐναντίον
1394 1883 1726 1952 μεταθεῖναι.
1768 1883 1865 1935 Ἂν

1988 1879 2294 1933 iboriuntur
2313 1877 2473 1931 nobis
2491 1875 2842 1946 cupiditates,
2862 1874 2918 1929 in
2948 1873 3286 1928 contrarium
3303 1881 3542 1925 vertere.

279 1983 337 2036 δὲ
362 1984 485 2037 καθ’
507 1983 739 2035 ἕκαστον
774 1983 943 2051 μέρος
975 1980 1076 2049 τῆς
1116 1978 1266 2048 ζωῆς
1315 1977 1474 2047 ἡμῶν
1531 1974 1866 2042 παραπλέω-

286 2094 390 2148 μεν
436 2077 565 2138 τοὺς
612 2077 710 2145 τῆς
757 2073 959 2142 ἀρετῆς
1016 2074 1242 2134 πόνους,
1305 2067 1583 2138 πανταχοῦ
1631 2070 1868 2135 ναυάηγια

285 2167 678 2236 ὑπομένοντες,
714 2166 804 2218 ἐπὶ
827 2165 919 2217 τὸν
947 2163 1142 2233 λιμένα
1171 2161 1360 2214 λοιπὸν
1391 2161 1638 2223 ἐλθόντες
1669 2159 1870 2228 ἔρημοι

283 2258 530 2328 φορτίων
575 2256 1011 2326 πνευματικῶν,
1071 2254 1140 2305 τὰ
1194 2251 1400 2322 ἔσχατα
1460 2249 1868 2320 ὑπομενοῦμεν.

285 2351 536 2418 Πέλαγος
587 2348 697 2419 γάρ
755 2349 906 2400 ἐστιν
939 2344 1240 2413 τεταμένον
1290 2346 1318 2397 6
1354 2342 1545 2412 παρὼν
1596 2341 1746 2410 βίος·
1777 2341 1872 2393 καὶ

288 2437 562 2508 ὥσπερέν
592 2439 658 2505 τῇ
681 2435 924 2505 θαλάττῃ
955 2431 1126 2502 ταύτῃ
1159 2431 1413 2501 διάφοροι
1458 2429 1651 2483 κόλποι
1685 2429 1871 2496 διαφό-

294 2547 424 2602 ρους
454 2530 668 2598 ἔχοντες
691 2526 967 2597 χειμῶνας
1000 2542 1015 2556 ⁸
1059 2527 1156 2578 καὶ
1177 2527 1204 2578 6
1235 2525 1335 2594 μέν
1387 2524 1611 2590 Αἰγαῖος
1663 2521 1755 2574 διὰ
1807 2521 1877 2575 τὰ

290 2621 586 2692 πνεύματά
610 2622 722 2673 ἐστι
756 2619 992 2691 χαλεπός
1021 2635 1034 2648 ⁸
1061 2621 1089 2672 ό
1140 2616 1195 2670 δὲ
1247 2615 1496 2687 πορθμὸς
1543 2617 1571 2669 ό
1599 2616 1875 2686 Τυρρηνι-

293 2714 392 2775 κὸς
414 2712 501 2766 διὰ
523 2712 621 2782 τὴν
651 2711 1018 2782 στενοχωρίαν
1054 2724 1072 2739 ⁸
1105 2710 1138 2780 ἡ
1173 2707 1231 2762 δέ
1267 2708 1606 2780 Χάρυϐδιςή
1639 2706 1776 2778 πρδς
1809 2708 1875 2776 τῇ

297 2805 476 2877 Λιϐύῃ
507 2805 594 2860 διὰ
617 2804 686 2858 τὰ
714 2805 960 2874 τέλματα
989 2819 1004 2834 ⁸
1039 2805 1071 2873 ἠ
1104 2802 1464 2871 Προποντῖςή
1510 2798 1615 2865 ἔξω
1645 2797 1738 2852 τοῦ
1773 2799 1877 2850 Εὑ-

300 2897 480 2962 ξείνου
510 2897 716 2950 Πόντου
749 2895 834 2948 διὰ
856 2895 915 2948 sb
943 2895 1202 2966 ῥαγδαῖον
1234 2892 1328 2947 τοῦ
1383 2893 1564 2964 ροθίου
1601 2909 1614 2923 ⁸
1666 2891 1735 2946 τὰ
1774 2891 1882 2956 ἔξω

299 2989 577 3061 Γαδείρων
607 2989 694 3042 διὰ
717 2989 815 3059 τὴν
862 2986 1104 3058 ἐρημίαν
1153 2985 1248 3038 καὶ
1295 2983 1356 3038 τὸ
1403 2983 1626 3053 ἀτριϐἐς
1674 2985 1766 3038 καὶ
1823 2982 1883 3036 τὸ

299 3082 658 3152 ἀνιστόρητον
684 3081 796 3134 τῶν
826 3082 1009 3134 τόπων
1029 3097 1042 3111 ·
1079 3080 1178 3132 καὶ
1207 3079 1333 3134 ἄλλο
1367 3079 1532 3148 μέρος
1563 3076 1628 3129 δι’
1653 3075 1839 3146 ἕτερον
1865 3089 1878 3104 ·

301 3175 565 3229 οὕτωκαὶ
605 3175 696 3226 ἐπὶ
728 3173 826 3242 τῆς
853 3173 1024 3241 ξωῆς·
1050 3171 1151 3240 τῆς
1201 3169 1502 3240 ἡμετέρας.
1555 3168 1669 3221 Καὶ
1733 3167 1883 3236 πρῶ-

303 3286 398 3322 τον
440 3267 677 3335 πέλαγος
728 3266 876 3318 ἔστιν
929 3265 1058 3317 ἰδεῖν
1111 3262 1172 3316 τὸ
1210 3263 1311 3330 τῆς
1368 3260 1625 3330 παιδικῆς
1666 3259 1883 3330 ἡλικίας

304 3364 478 3417 πολὺν
505 3363 627 3432 ἔχον
652 3361 746 3416 τὸν
771 3361 932 3413 σάλον
964 3359 1054 3412 διά
1076 3358 1136 3411 τὸ
1171 3357 1422 3427 ἀνόητον.
1452 3355 1539 3408 διὰ
1592 3355 1692 3423 τὴν
1729 3355 1884 3406 εὐκοο

305 3455 455 3519 λίαν,
477 3456 564 3508 διὰ
598 3455 659 3509 τὸ
691 3455 766 3524 μὴ
803 3450 1274 3521 πεπηγέναι..Διὰ
1324 3447 1490 3501 τοῦτο
1535 3446 1632 3500 καὶ
1690 3445 1887 3500 παιδαο

306 3547 531 3615 γωγοὺς
560 3546 874 3615 ἐφιστῶμεν
923 3545 1018 3597 καὶ
1074 3542 1454 3607 διδασκάλους,
1486 3539 1546 3592 τὸ
1597 3537 1784 3591 λεῖπον
1821 3539 1887 3606 τῇ

309 3639 589 3708 φύσειδιὰ
607 3639 706 3708 τῆς
731 3638 1053 3708 ἐπιμελείας
1089 3623 1464 3705 εἰσφέροντες,
1532 3632 1723 3700 ὥσπερ
1772 3631 1890 3683 ἐκεῖ

311 3733 402 3786 διὰ
437 3732 533 3800 τῆς
552 3733 748 3801 τέχνης
779 3731 875 3800 τῆς
899 3730 1067 3796 κυϐες
1083 3729 1322 3796 θητικῆς.
1352 3727 1508 3780 Μετὰ
1547 3723 1752 3796 ταύτην
1794 3721 1892 3792 τὴν

313 3824 535 3894 ἡλικίαν
565 3823 712 3892 ήτοῦ
749 3821 1037 3892 μειρακίου
1092 3819 1398 3887 διαδέχεται
1447 3817 1714 3879 Θάλασσα,
1765 3814 1894 3866 ἔνθα

319 3911 530 3983 σφοδρὰ
550 3913 618 3966 τὰ
649 3911 962 3979 πνεύματα,
996 3908 1248 3978 καθάπερ
1282 3909 1340 3958 ἐν
1389 3904 1467 3973 τῷ
1507 3903 1739 3971 Αἰγαίῳ,
1795 3900 1895 3966 τῆς

319 4003 618 4073 ἐπιθυμίας
645 4003 780 4072 ἡμῖν
800 3999 1197 4070 αὐξανομένης.
1258 3995 1368 4050 Καὶ
1401 3993 1539 4062 αὕτη
1595 3992 1830 4063 μάλιστα
1863 3991 1895 4059 ἡ

319 4095 513 4166 ἡλικία
538 4088 883 4163 διορθώσεως
919 4089 1152 4162 ἕρημος,
1183 4087 1242 4140 οὐ
1271 4086 1359 4140 διὰ
1378 4084 1436 4138 τὸ
1464 4085 1534 4136 τά
1563 4082 1898 4152 ἁμαρτήμα-

319 4203 394 4239 τα
415 4187 491 4254 μὴ
538 4182 862 4254 ἐλέγχεσθαι
899 4195 915 4211 ⁸
977 4180 1073 4233 καὶ
1118 4179 1226 4247 γὰρ
1275 4175 1371 4229 καὶ⁹
1426 4172 1742 4233 διδάσκαλος
1801 4171 1899 4223 καὶ

321 4277 678 4346 παιδαγωγὸς
731 4274 921 4328 λοιπὸν
967 4271 1264 4338 ἐξίσταται.
1321 4267 1492 4319 Ὅταν
1548 4261 1642 4316 οὖν
1691 4262 1761 4315 τὰ
1803 4261 1901 4330 μὲν

324 4371 621 4440 πνεύματα
675 4367 1038 4436 σφοδρότερον
1077 4360 1328 4430 διαπνέῃ,
1387 4358 1414 4410 ό
1459 4356 1516 4410 δέ
1561 4354 1906 4425 κυϐερνήτης

323 4460 746 4530 ἀσθενέστερος,
777 4461 876 4510 καὶ
916 4458 944 4507 ὁ
980 4452 1200 4522 ἀμύνων
1222 4447 1394 4510 οὐδεὶς
1420 4443 1477 4520 ᾖ,
1508 4444 1760 4513 ἐννόησον
1810 4443 1904 4495 τοῦ

1969 1974 2125 2040 Quod
2165 1975 2210 2030 si
2252 1989 2347 2044 per
2379 1972 2626 2042 singulos
2659 1971 2782 2026 vitae
2825 1979 3024 2024 nostra:
3053 1967 3255 2038 gradus
3294 1967 3547 2036 neglexe-

1972 2069 2148 2122 rimus
2175 2065 2392 2120 virtutis
2431 2064 2670 2127 labores,
2701 2063 2906 2132 ubique
2933 2059 3219 2126 naufragia
3245 2059 3543 2128 patientes,

1973 2174 2097 2214 cum
2123 2159 2176 2212 in
2209 2166 2426 2229 portum
2461 2155 2699 2224 denique
2725 2154 3012 2209 veniemus
3061 2151 3400 2221 spiritalibus
3429 2164 3548 2203 sar-

1974 2251 2114 2305 cinis
2162 2250 2341 2313 vacui,
2384 2262 2696 2319 supremam
2749 2259 2966 2314 pmnam
3023 2245 3263 2298 luemus.
3313 2240 3546 2310 Pelagus

1975 2342 2122 2395 enim
2148 2350 2360 2394 vastum
2387 2347 2470 2393 est
2492 2339 2603 2393 vita
2622 2350 2886 2407 praesens.
2907 2335 2976 2390 Et
2998 2331 3458 2405 quemadmodum
3493 2333 3547 2384 in

1979 2434 2083 2488 hoc
2130 2432 2266 2487 mari
2322 2431 2523 2486 diversi
2578 2431 2734 2484 sinus
2783 2435 2944 2490 sunt,
2994 2426 3244 2480 diversas
3285 2424 3551 2478 habentes

1979 2527 2370 2587 tempestates;
2396 2533 2521 2571 nam
2549 2517 2792 2586 Aigzeum
2819 2529 2968 2569 mare
3011 2515 3082 2568 ob
3113 2524 3304 2566 ventos
3333 2511 3551 2566 diliicile

1979 2620 2095 2664 est:
2121 2609 2320 2663 fretum
2345 2608 2748 2680 Tyrrhenicum
2772 2615 2993 2678 prOpter
3024 2604 3304 2674 angustias
3333 2621 3348 2671 ;
3379 2603 3554 2674 Syrtis

1979 2699 2122 2770 apud
2153 2699 2380 2771 Libyam
2405 2699 2476 2754 ob
2509 2707 2715 2752 tractus
2743 2699 3050 2767 palustres;
3084 2686 3376 2764 Propontis
3401 2703 3554 2748 extra

1983 2797 2208 2862 pontum
2242 2789 2510 2848 Euxinum
2530 2796 2750 2858 propter
2769 2786 3036 2841 undarum
3060 2785 3322 2854 impetum
3349 2803 3361 2845 ;
3388 2783 3556 2836 maria

1983 2883 2124 2938 ultra
2150 2882 2327 2938 Gades
2357 2892 2584 2952 propter
2608 2881 2968 2936 solitudinem
3003 2889 3059 2934 et
3082 2876 3556 2936 it'er'inusitatum,

1983 2983 2039 3027 et
2085 2974 2330 3029 locorum
2365 2973 2748 3039 ignorantiam,
2785 2980 2843 3026 et
2889 2971 3008 3025 aliae
3039 2969 3308 3043 aliam'ob
3335 2981 3556 3021 causam

1985 3076 2200 3137 partes;
2258 3068 2330 3121 ita
2384 3068 2643 3121 usuvenit
2687 3066 2818 3120 vita:
2855 3074 3074 3119 nostrm.
3119 3062 3362 3116 Primum
3407 3073 3559 3111 mare

1963 3160 2174 3214 ‘videre
2214 3170 2298 3214 εει
2327 3159 2554 3229 puerilis
2599 3158 2795 3225 aetatis,
2824 3157 3047 3212 multam
3095 3153 3300 3208 habens
3321 3164 3561 3205 commo-

1991 3253 2191 3307 tionem
2223 3253 2293 3308 ob
2325 3253 2596 3306 inscitiam
2624 3262 2680 3306 et
2707 3249 3110 3320 simplicitatem
3152 3262 3215 3300 ac
3259 3244 3557 3298 levitatem;

1992 3346 2289 3415 Pmpterea
2312 3354 2368 3399 et
2384 3346 2704 3415 paedagogos
2723 3341 3051 3412 apponimus
3068 3345 3232 3407 atque
3251 3335 3574 3404 magistros,-

1993 3450 2201 3492 natura:
2241 3439 2514 3493 defectum
2566 3452 2700 3492 cura
2728 3436 3068 3506 supplentes,
3117 3421 3257 3486 sicut
3310 3429 3365 3482 in
3423 3427 3568 3480 mari

1993 3529 2344 3598 providemus
2365 3526 2708 3597 gubernandi
2737 3537 2872 3580 arte.
2916 3525 3067 3579 Hauc
3114 3529 3326 3576 aetatem
3358 3517 3567 3587 excipit

1994 3621 2376 3674 adolescentiae
2404 3635 2576 3684 mare,
2627 3618 2718 3671 ubi
2754 3617 3108 3670 vehementes
3136 3611 3303 3674 venti,
3337 3610 3482 3664 sicut
3510 3609 3564 3660 in

1994 3712 2201 3779 Ᾱῑετιιο,
2241 3720 2399 3765 aucta
2443 3710 2497 3762 in
2538 3708 2698 3762 nobis
2742 3703 3204 3774 concupiscentia.
3240 3705 3417 3770 Atque
3454 3698 3568 3751 haec

1997 3804 2339 3874 potissimum
2361 3811 2493 3856 aetas
2515 3799 2873 3854 emendatore
2897 3803 3086 3856 caret,
3111 3808 3218 3847 non
3243 3791 3418 3846 solum
3443 3789 3568 3858 quia

2000 3894 2377 3950 vehementius
2417 3891 2654 3955 fastidit,
2681 3889 2775 3943 sed
2818 3887 2946 3957 quia
2987 3891 3206 3954 peccata
3233 3897 3339 3937 non
3383 3897 3575 3950 repre-

1998 3985 2352 4050 henduntur;
2381 3998 2502 4037 nam
2535 3981 2792 4051 magister
2813 3989 2869 4034 et
2905 3977 3260 4048 praedagogus
3293 3975 3402 4044 jam
3444 3972 3572 4025 sub-

2000 4077 2131 4132 moti
2185 4075 2359 4130 fuere.
2395 4073 2530 4129 Cum
2557 4087 2687 4142 ergo
2735 4068 2883 4124 venti
2930 4066 3152 4137 quidem
3195 4060 3573 4118 vehementius

2001 4169 2155 4234 ﬂant,
2203 4168 2538 4238 gubernator
2565 4177 2696 4218 vero
2741 4159 3010 4214 inﬁrmior
3060 4163 3162 4217 est,
3194 4163 3250 4208 et
3281 4161 3578 4220 protector

2004 4262 2187 4316 nullus
2205 4237 2309 4324 est,
2334 4257 2620 4313 considera
2642 4261 2842 4324 quanta
2873 4251 2945 4305 sit
2976 4255 3289 4317 tempestas.
3313 4237 3577 4297 Posthinc

2005 4353 2186 4408 adhuc
2223 4351 2327 4405 alia
2355 4348 2529 4405 aetatis
2563 4363 2710 4418 pars,
2744 4356 2941 4412 nempe
2983 4339 3157 4394 virilis
3186 4335 3358 4397 subit,
3385 4335 3439 4388 in
3470 4347 3577 4400 qua

2007 4445 2084 4500 rei
2109 4443 2395 4498 familiaris
2424 4456 2576 4504 cura,
2604 4440 2658 4492 in
2689 4451 2795 4506 qua
2823 4450 2982 4498 uxor,
3015 4429 3244 4500 nuptiae,
3277 4427 3578 4481 liberorum

325 4553 599 4626 χειμῶνος
637 4552 698 4604 τὸ
721 4547 974 4620 μέγεθος.
1000 4545 1154 4600 Μετὰ
1181 4541 1344 4595 τοῦτο
1367 4539 1534 4594 πάλιν
1561 4535 1649 4590 ’έτε
1661 4555 1751 4607 ρον
1811 4535 1884 4604 μέ·

2011 4534 2346 4606 procreatio,
2371 4533 2565 4586 domus
2599 4528 2864 4599 regimen,
2883 4533 2940 4580 et
2966 4523 3122 4578 multi
3147 4517 3579 4576 sollicitudinum

329 4625 422 4718 ρος
441 4649 540 4716 τῆς
568 4643 810 4715 ἡλικίας,
847 4642 907 4695 τὸ
927 4641 1038 4694 τῶν
1069 4636 1276 4707 ἀνδρῶν
1303 4634 1537 4698 ἔπεισιν,
1570 4633 1627 4684 ἐν
1648 4625 1692 4699 ᾧ
1716 4631 1784 4683 τὰ
1804 4631 1904 4698 τῆς

327 4741 647 4809 οἰκονομίας
673 4738 950 4791 ἐπίκειται
985 4748 1000 4763 ⁸
1036 4733 1123 4786 ὅτε
1169 4729 1228 4782 δέ
1259 4727 1397 4798 γυνὴ
1428 4727 1525 4780 καὶ
1583 4724 1760 4793 γάμος
1808 4724 1904 4776 καὶ

2012 4626 2224 4682 nimbi:
2257 4635 2498 4694 tuncque
2537 4619 2816 4691 praecipue
2848 4616 3077 4672 avaritia
3105 4612 3396 4669 eﬂlorescit
3420 4617 3584 4679 atque

2013 4720 2238 4774 invidia.

329 4795 648 4892 παιδοποιία
680 4835 776 4890 καὶ
796 4833 974 4894 οἰκίας
1021 4795 1351 4900 προστασία,
1384 4795 1506 4877 -καὶ
1555 4820 1751 4874 πολλαὶ
1806 4818 1914 4871 τῶν
1991 4817 2290 4887 φροντίδων
2339 4812 2588 4883 νιφάδες,
2631 4810 2753 4864 τότε
2805 4805 3041 4878 μάλιστα
3077 4803 3181 4856 καὶ.
3252 4795 3589 4870 φιλαργυρία

273 4945 286 4960 ⁵
328 4933 485 4988 ἀνθεῖ
544 4931 639 4986 καὶ
698 4927 984 5000 βασκανία.

411 5024 491 5080 ιδ’.
526 5016 816 5077 Ὀταναοῦν
837 5017 1069 5070 ἕκαστον
1101 5015 1267 5084 μέρος
1307 5010 1407 5080 τῆς
1437 5007 1660 5078 ἡλικίας
1699 5019 1912 5074 παρερ-

332 5118 566 5192 χιῦμεθα
603 5117 742 5186 μετὰ
769 5110 1068 5179 ναυαγίων,
1098 5105 1216 5169 πῶς
1265 5103 1576 5173 ἁρκέσομεν
1607 5101 1672 5168 τῇ
1708 5094 1912 5164 παρού-

335 5187 410 5284 σῃ
427 5187 555 5280 -ζωῇ
584 5228 598 5276 ;
630 5207 747 5268 πῶς
770 5204 871 5276 τὴν
904 5200 1206 5272 μέλλουσαν
1231 5190 1630 5264 διαφευξόμεθα
1647 5187 1870 5241 κόλασιν
1895 5202 1911 5250 ;

335 5278 468 5362 ὅταν
498 5278 606 5372 γάρ
641 5301 699 5354 ἐν
739 5297 842 5366 μὲν
876 5296 942 5364 τῇ
976 5291 1171 5362 πρώτῃ
1205 5287 1393 5358 ἡλικίᾳ
1427 5283 1593 5352 μηδὲν
1632 5278 1914 5350 μανθάνω-

342 5415 446 5465 μεν
488 5369 664 5463 δγιές,
696 5392 754 5444 ἐν
791 5388 848 5441 δέ
870 5390 936 5458 τῇ
967 5384 1181 5452 νεότητι
1217 5378 1294 5450 μὴ
1324 5375 1792 5447 σωφρονήσωμεν,
1818 5369 1915 5465 καὶ

341 5462 543 5556 ανδρες
589 5485 877 5552 γενόμενοι
928 5472 1294 5546 φιλαργυρίας
1354 5469 1431 5540 μὴ
1475 5462 1917 5537 περιγενώμεθα,

337 5582 463 5635 τότε
495 5579 682 5644 ὥσπερ
717 5575 796 5637 εἷς
818 5590 937 5627 τινα
966 5568 1188 5624 ἀντλίαν
1215 5565 1274 5618 τὸ
1306 5567 1481 5635 γῆρας
1517 5561 1784 5624 ἐλθόντες,
1823 5557 1918 5610 καὶ

343 5673 550 5732 πάσαις
582 5671 702 5731 ταῖς
725 5665 930 5734 πάγαις
973 5662 1200 5722 ταύταις
1228 5658 1288 5710 τὸ
1339 5655 1546 5723 σκάφος
1599 5652 1698 5730 τῆς
1739 5651 1918 5720 ψυχῆς

347 5761 741 5830 ἀσθενέστερον
767 5752 1321 5815 κατασκευάσαντες,
1361 5745 1479 5799 τῶν
1524 5743 1754 5796 σανίδων
1805 5741 1922 5794 δια-

345 5852 681 5920 λελυμένων,
716 5848 1097 5918 ἀπαντήσομεν
1156 5844 1236 5905 εἰς
1290 5840 1499 5894 ἐκεῖνον
1545 5836 1634 5890 τὸν
1698 5833 1918 5902 λιμένα,

2029 5025 2036 5030 ·
2089 4997 2177 5052 M.
2211 4994 2264 5052 Si
2293 5007 2436 5064 ergo
2455 4990 2698 5062 singulas
2715 4986 2894 5044 :etatis
2918 4995 3102 5056 partes
3131 4984 3278 5038 inter
3304 4976 3587 5047 naufragia

2015 5091 2404 5160 transigemus,
2441 5083 2573 5156 quid
2618 5091 2819 5138 nostrae
2853 5076 3108 5151 praesenti
3144 5074 3270 5128 vita:
3303 5070 3591 5139 ﬁet?quo-

2018 5180 2182 5235 modo
2203 5159 2452 5234 futuram
2493 5173 2786 5230 vitabimus
2813 5167 3064 5241 pinnam?
3086 5165 3220 5220 Nam
3256 5162 3302 5217 si
3333 5161 3386 5216 iu
3417 5159 3590 5230 prima

2017 5283 2176 5330 aetate
2231 5272 2369 5327 nihil
2420 5283 2613 5324 sanum
2648 5264 3056 5340 didicerimus,
3107 5260 3162 5313 in
3219 5253 3588 5312 adolescentia

2019 5373 2388 5434 temperantes
2432 5376 2541 5414 non
2579 5358 2869 5420 fuerimus,
2922 5355 2977 5407 in
3014 5349 3272 5404 virilitate
3302 5345 3594 5401 avaritiam-

2020 5430 2604 5523 nonvsuperaverimus
2626 5465 2650 5515 ;.
2678 5456 2810 5500 tunc
2843 5444 2910 5498 ad
2956 5447 3301 5498 senectutem
3328 5434 3492 5490 veluti
3521 5430 3596 5485 ad

2020 5547 2312 5620 quamdam
2343 5547 2612 5600 sentinam
2640 5536 2908 5610 provecti,
2936 5544 3224 5604 postquam
3261 5531 3348 5584 his
3377 5524 3595 5581 cunctis

2021 5618 2430 5712 impedimentis
2477 5635 2734 5704 scapham
2773 5627 2966 5684 animae
3004 5623 3363 5680 inﬁrmiorem
3397 5618 3601 5673 εστω-

2022 5737 2215 5798 rimus,
2247 5729 2448 5785 tabulis
2489 5722 2911 5782 dissilientibus,
2948 5719 3008 5774 in
3062 5717 3213 5772 illum
3251 5720 3469 5783 portum
3500 5724 3601 5761 νου

2025 5795 2260 5890 uicinus,
2311 5819 2498 5878 multis
2557 5813 2770 5876 onerati
2829 5807 3140 5881 quisquiliis
3198 5819 3300 5876 pro
3359 5795 3602 5872 spiritali
