4064 6292
615 334 718 402 991

1724 331 2129 403 THEODORI
2175 331 2750 397 MELITENIOT.E.

3773 337 3863 400 992

613 456 938 527 principalis
968 467 1074 526 est,
1131 469 1384 516 accurata
1458 455 1818 529 diligentique
1891 447 2261 523 applicatione
2305 450 2737 505 theorematibus
2798 448 3114 505 cmlestibus
3167 449 3575 519 perfectissime
3609 454 3869 522 perceptis

615 551 884 605 Universae
922 555 1276 608 astronomiae
1309 553 1559 623 peritiam
1596 555 1908 624 acquisivit.

686 638 773 698 ιν.
805 641 917 699 Hoc
935 648 1099 699 etiam
1129 647 1348 711 addere,
1381 649 1544 718 idque
1571 661 1900 719 opportune,
1929 663 2174 718 possum.

2351 637 2422 693 A'.
2470 639 2621 707 Ἐχω
2672 637 2768 690 καὶ
2814 637 2933 690 τόδε
2994 639 3350 710 προσθεῖναι,
3401 641 3498 694 καὶ
3557 640 3732 702 ὅντως
3781 642 3860 694 ἐπὶ

616 735 866 790 Salvator
888 739 1109 805 quidem
1157 751 1408 794 naturam
1438 751 1682 796 nostram
1718 750 1942 811 propter
1976 758 2076 797 nos
2101 743 2184 796 in-

613 827 734 880 duit
761 827 1026 893 ;intinitis
1052 846 1185 884 vero
1208 827 1374 886 editis
1410 832 1706 899 miraculis,
1728 832 2044 889 Judzeorum
2077 835 2182 904 ipsi

614 917 981 972 insidiantium
1023 917 1225 976 malitia
1258 933 1314 976 et
1343 924 1545 980 invidia
1577 927 1795 980 tandem
1827 929 2186 996 compreheno

614 1020 708 1062 sus
738 1011 790 1063 in
819 1024 1037 1066 crucem
1073 1015 1266 1069 volens
1297 1027 1603 1087 sponteque
1634 1034 1732 1073 sua
1783 1021 1988 1090 agitur,
2015 1028 2072 1074 et
2127 1019 2184 1074 in

614 1117 776 1155 carne
805 1104 1026 1170 patitur.
1063 1105 1265 1160 Praeter
1286 1113 1482 1162 cmtera
1517 1119 1719 1172 autem,
1750 1127 1871 1180 qua:
1899 1112 2186 1180 inopinato

614 1192 945 1262 iusoliloque
975 1213 1123 1251 more
1173 1204 1540 1269 contigerunt,
1576 1202 1829 1257 tenebras
1863 1205 1962 1258 soli
1997 1220 2188 1274 snper-

612 1284 790 1347 l‘mnli,
827 1287 894 1340 iis
925 1288 1090 1342 etiam
1120 1292 1212 1358 qui
1249 1306 1434 1346 rerum
1471 1294 1775 1348 cm!cstiunt
1817 1297 2062 1365 apprime
2089 1312 2186 1366 pe-

612 1377 703 1431 riti
756 1391 936 1442 erant,
970 1381 1432 1448 discernentibus,
1463 1386 1699 1452 accidit;
1739 1388 1882 1455 quod
1939 1391 2187 1443 omnium

613 1469 846 1524 maxime
877 1472 942 1526 ad
976 1472 1150 1536 illum,
1177 1477 1270 1544 qui
1295 1477 1349 1530 in
1377 1477 1522 1548 ligno
1552 1481 2029 1535 condemnationis
2057 1481 2186 1536 sub-

613 1563 758 1617 latus
797 1575 936 1631 erat,
976 1569 1440 1646 cognoscendum,
1477 1574 1622 1641 quod
1671 1573 1814 1628 Deus
1848 1573 1966 1642 ipse
2015 1583 2185 1638 esset,

615 1671 806 1710 causas
844 1659 1095 1725 prmhuit.
1143 1660 1287 1716 Solis
1339 1664 1507 1730 enim,
1543 1665 1637 1734 qui
1695 1665 1804 1720 diei
1857 1667 2052 1722 oculus
2106 1679 2192 1724 est

614 1748 1114 1816 splendidissimus,
1177 1755 1423 1822 eclipsim
1462 1772 1556 1824 per
1593 1759 1737 1812 luna:
1796 1758 1850 1811 in
1914 1760 2190 1827 synodicis

615 1840 1096 1908 coniunctionibus
1137 1842 1782 1916 interpositionemjuxta
1802 1857 2016 1902 naturae
2046 1850 2191 1919 leges

615 1928 834 1993 laetam,
864 1939 920 1983 at
950 1930 1068 1986 sine
1104 1948 1255 1986 mora
1292 1935 1344 1988 in
1412 1936 1656 1989 tenebris
1689 1951 1926 2006 semper,
1965 1953 2192 1996 cernere

617 2019 946 2090 quandoque
985 2025 1178 2090 datur;
1207 2041 1328 2095 quin
1363 2026 1589 2096 insuper
1623 2028 1776 2097 prior
1809 2030 1995 2085 delicit
2027 2047 2149 2100 pars
2171 2071 2186 2095 ,

619 2116 791 2178 prima
827 2129 1045 2183 quoque
1079 2116 1269 2171 lumini
1306 2119 1646 2185 restituitur;
1669 2120 2041 2192 vicissimque,
2070 2139 2193 2193 qua:

617 2205 812 2258 ultima
843 2205 1174 2261 obscuratur
1210 2209 1354 2272 loco,
1389 2221 1664 2279 postrema
1713 2215 1878 2269 etiam
1910 2217 2141 2286 emergit
2175 2233 2189 2270 :

617 2307 782 2364 atque
808 2298 972 2351 etiam
1003 2299 1240 2354 diversis
1263 2301 1317 2356 in
1353 2310 1514 2357 terrae
1539 2303 1873 2372 climatibus,
1898 2306 2022 2360 aliis
2043 2307 2194 2366 aliis.-

615 2401 725 2454 que
755 2386 1071 2444 hominibus
1103 2391 1252 2444 varia
1277 2401 1333 2446 et
1367 2392 1620 2463 inaequali
1653 2395 2029 2465 magnitudine
2051 2399 2192 2452 ecli-

618 2483 732 2548 psis
799 2492 1042 2550 apparet.
1083 2483 1212 2549 Quae
1260 2501 1392 2540 vero
1457 2487 1559 2542 sub
1611 2489 1878 2556 passionis
1931 2499 2192 2560 tempus,

621 2571 842 2638 quando
877 2572 1050 2642 legale
1100 2573 1308 2630 Pascha
1359 2577 1722 2642 mactabatur,
1777 2580 1829 2632 in
1890 2580 2193 2648 plenilunio

619 2661 749 2714 luna
777 2662 873 2716 soli
907 2678 971 2716 ex
997 2662 1262 2719 diametro
1288 2667 1561 2734 Opposita,
1581 2677 1633 2721 et
1665 2669 1816 2722 illinc
1840 2669 1904 2722 ad
1929 2673 2193 2741 conjunc-

623 2751 829 2804 tionem
895 2752 1235 2808 incessanter
1291 2767 1569 2821 currente,
1605 2759 1843 2827 incidit,
1899 2764 2188 2832 conjuncta

620 2844 882 2898 miraculo
908 2845 1011 2900 fuit
1044 2847 1180 2901 visa.
1218 2847 1428 2903 Statum
1478 2867 1667 2906 rursus
1705 2853 1796 2922 qui
1835 2855 1885 2908 in
1925 2856 2190 2925 principio

615 2939 740 3000 fuit.
784 2939 897 2994 haec
949 2927 1170 3010 eclipsis
1224 2943 1550 2998 mirabiliter
1608 2945 1856 3009 retinuit,
1902 2948 1974 3001 ita
2033 2957 2092 3002 ut
2123 2952 2192 3004 ab

620 3029 776 3084 initio
811 3042 866 3084 et
911 3042 1033 3101 post
1066 3021 1267 3088 solidas
1305 3052 1400 3104 per
1435 3047 1541 3090 tres
1588 3037 1751 3093 horas
1809 3039 2074 3094 deﬁciens
2137 3051 2193 3094 et

619 3123 950 3179 obscuratus
985 3135 1131 3180 totus
1155 3127 1236 3182 sol
1270 3131 1656 3197 permanserit.
1689 3131 1971 3186 Tenebras
2001 3148 2187 3203 porro,

617 3233 740 3284 qua:
767 3228 1038 3272 terrarum
1072 3221 1260 3275 orbem
1313 3223 1380 3276 ab
1428 3223 1642 3278 oriente
1671 3227 1736 3278 ad
1775 3241 2034 3292 occasum,
2059 3244 2188 3297 pro-

2285 731 2498 802 καιρόν.
2531 729 2878 785 Πολιτεύεται
2921 732 3023 802 μὲν
3069 733 3179 803 γὰρ
3219 737 3280 804 τῇ
3330 736 3452 788 καθ’
3509 738 3665 805 ἡμᾶς
3716 737 3859 802 φύσει

2283 825 2353 876 δι’
2383 824 2525 894 ἡμᾶς
2557 824 2584 876 ό
2627 823 2819 893 Σωτήρ
2841 840 2856 857 ⁸
2890 827 3103 894 μυρίων
3141 827 3199 880 δὲ
3232 828 3370 880 ὅσων
3399 829 3708 894 θαυμάτων
3740 844 3856 896 χρη·

2287 914 2523 984 σάμενος
2553 914 2874 980 ἐπιδείξεσι,
2907 917 3059 980 τέλος
3105 917 3199 970 τοῦ
3233 918 3342 971 τῶν
3380 919 3666 972 Ἰουδαίων
3699 918 3843 970 ὲπιοε

2289 1005 2456 1076 μένου
2490 1004 2666 1075 τούτῳ
2699 1006 2895 1073 φθόνου
2931 1009 3137 1074 κακῶς,
3170 1008 3312 1063 ἑκὼν
3359 1010 3455 1063 ἐπὶ
3494 1009 3591 1062 τὸν
3641 1011 3837 1077 στανρο

2288 1097 2574 1165 ἀνάγεται,
2603 1097 2699 1150 καὶ
2748 1098 2948 1167 πάσχει
3002 1102 3168 1170 σαρκί
3194 1118 3207 1132 ·
3240 1101 3362 1154 τότε
3407 1103 3599 1154 τοίνυν
3650 1102 3785 1169 πρός
3810 1119 3859 1168 γε

2287 1193 2399 1253 τοῖς
2456 1190 2641 1252 ἄλλοις
2698 1191 3023 1260 παραδόξως
3076 1194 3466 1263 γεγενημένοις
3529 1198 3626 1247 καὶ
3693 1197 3862 1257 σκότος

2287 1281 2440 1350 ἡλίου
2485 1282 2890 1352 καταχεόμενον
2946 1279 3014 1355 ἦν
3065 1287 3181 1348 τοῖς
3229 1285 3580 1355 ὴκριὸωκόσι
3635 1287 3864 1355 ἀκριϐῶς

2288 1374 2357 1426 τὰ
2402 1373 2652 1442 οὐράνια,
2697 1376 2918 1430 πάντων
2971 1377 3211 1445 μάλιστα
3275 1379 3514 1447 παρέχον
3576 1379 3864 1446 μανθάνειν

2291 1463 2424 1517 Θεὸν
2447 1461 2586 1519 εἶναι
2615 1466 2706 1520 τὸν
2741 1465 2884 1536 ξύλῳ
2923 1471 3366 1539 μετεωρισθέντα
3398 1471 3502 1534 τῆς
3530 1471 3863 1539 καταδίκης·

2292 1557 2390 1627 τὴν
2450 1559 2551 1627 μὲν
2605 1560 2714 1632 γὰρ
2778 1561 3040 1628 ἑκάστοτε
3121 1562 3452 1631 γιγνομένην
3520 1562 3865 1631 ἐκλειπτικὴν

2293 1652 2596 1719 φαντασίαν
2625 1651 2716 1704 τοῦ
2743 1653 2842 1720 τῆς
2862 1653 3084 1723 ,ἡμέρας
3120 1653 3404 1722 ὀφθαλμοῦ
3453 1654 3867 1724 λαμπροτάτου,

2294 1745 2357 1796 ἐκ
2406 1743 2517 1798 τῶν
2573 1744 2704 1814 περ)⁸
2745 1744 2847 1814 τὴν
2891 1745 3175 1814 συνοδικὴν
3215 1745 3482 1810 συζυγίαν
3515 1745 3620 1812 τῆς
3652 1744 3868 1813 σελήνης

2295 1834 2749 1904 ὲπιπροσθήσεων
2787 1836 2936 1889 ἐστιν
2979 1836 3110 1906 όρᾷν
3145 1835 3224 1903 τῷ
3261 1835 3361 1905 τῆς
3413 1835 3641 1904 φύσεως
3681 1838 3866 1890 ἀποτε-

2295 1929 2564 1999 λουμὲνην
2597 1931 2730 1999 ὅρῳ,
2759 1930 2854 1982 καὶ
2898 1932 3068 2000 μόνης
3101 1946 3269 1997 κεκτη
3283 1930 3452 1999 μένην
3507 1929 3710 1998 χρόνον
3738 1930 3868 1981 οὐδέ.

2296 2039 2450 2074 ποτε.
2479 2022 2601 2073 Ἔτι
2641 2037 2705 2088 γε
2741 2021 2848 2091 μὴν
2885 2021 2980 2073 καὶ
3027 2022 3088 2074 τὸ
3134 2021 3353 2091 πρῶτον
3389 2021 3654 2074 ἐκλεῖπον
3692 2024 3866 2091 μέρος,

2293 2112 2437 2166 τοῦτ’
2480 2112 2614 2166 αὐτὸ
2667 2113 2760 2164 καὶ
2814 2111 3046 2180 πρώτως
3092 2111 3628 2182 ἀναπληρούμενον,
3694 2116 3871 2181 ὥσπερ

2294 2206 2426 2260 αὐτὸ
2479 2204 2804 2268 τελευταίως
2845 2204 3330 2274 ἐπισκοτούμενον,
3364 2206 3873 2276 ἀνακαθαιρόμενον

2295 2297 2563 2350 ὖστατονυ
2602 2298 2739 2352 ἀλλὰ
2791 2297 2888 2352 καὶ
2939 2297 3120 2353 ἄλλοτ’
3174 2299 3354 2360 ἄλλοις
3412 2299 3741 2368 ἀνθρώποις
3789 2302 3874 2352 lx".

2291 2389 2567 2459 διαφόρων
2607 2391 2789 2460 μερῶν
2821 2389 3234 2461 φανταζόμενον
3263 2392 3362 2461 τῆς
3402 2393 3527 2460 γῆς.
3561 2393 3681 2460 Τὴν
3722 2393 3780 2443 δὲ
3823 2395 3875 2443 ὲν

2293 2481 2372 2550 τῷ
2404 2481 2656 2550 Σωτῆρος
2711 2480 2873 2535 πάθει
2913 2482 3312 2552 γεγενημένην,
3345 2483 3403 2534 ἐν
3447 2498 3510 2534 τε
3550 2483 3877 2551 πανσελήνῳ

2293 2573 2550 2640 τηνικάδε
2587 2572 2817 2642 νομικοῦ
2868 2573 3137 2642 θυομένου
3188 2574 3377 2642 φάσκα
3412 2574 3514 2643 (ι),
3547 2574 3879 2641 τελεσθῆναι

2296 2664 2392 2718 σὺν
2439 2663 2678 2736 θαύματι
2739 2666 2838 2734 τῆς
2900 2665 3131 2735 σελήνης
3195 2663 3364 2734 οὔσης
3419 2669 3482 2719 ὲκ
3549 2667 3877 2734 διαμέτρου,

2294 2757 2548 2810 κάκεῖθεν
2602 2758 2925 2828 δραμούσης
2973 2760 3218 2828 ἀχρόνως
3271 2759 3406 2826 πρδς
3453 2759 3719 2811 σύνοδον·
3786 2761 3882 2811 καὶ

2293 2839 2451 2912 αὖθις
2484 2849 2550 2902 αὖ
2582 2851 2681 2918 τῆς
2712 2851 2987 2922 προτέρας
3018 2851 3290 2921 τυχούσης
3323 2852 3572 2914 ὲκτᾶπως
3605 2853 3878 2914 στάσεως,

2294 2943 2540 3006 καὶτοῖς
2595 2941 2742 3000 ὅλοις
2797 2943 2890 2995 ἐπὶ
2939 2944 3118 3013 τρισὶν
3169 2943 3318 3004 ὅλαις
3367 2941 3543 3011 ὥραις
3585 2941 3735 2994 οὕτω
3766 2941 3883 2993 δια-

2297 3039 2477 3104 μεῖναι
2519 3037 2657 3104 μετά
2708 3036 2799 3088 τὸν
2848 3035 2942 3088 τοῦ
2985 3035 3204 3106 πρώτου
3257 3035 3609 3097 ἐκλείποντος
3658 3036 3880 3105 χρόνον,

2292 3129 2385 3183 τοῦ
2411 3129 2455 3184 δ’
2487 3127 2553 3184 αὖ
2599 3130 2826 3201 ὕστερον
2857 3129 3077 3200 πρώτου
3101 3145 3116 3160 ο
3159 3129 3294 3197 πρὸς
3341 3128 3396 3181 δὲ
3440 3129 3536 3182 καὶ
3566 3128 3736 3197 ζόφον
3772 3130 3880 3181 πᾶ-

2295 3240 2394 3276 σαν
2419 3223 2558 3277 κατά
2590 3223 2787 3277 ταυτὸν
2820 3222 2918 3293 τὴν
2949 3222 3040 3291 ὑφ’
3073 3224 3221 3292 ἡλίου
3250 3224 3571 3293 ἀνισχοντος
3605 3221 3738 3290 ἄχρι
3792 3223 3887 3274 καὶ

621 3319 838 3365 tensum
874 3309 1210 3380 terrtierunt,
1231 3329 1458 3384 quaeque
1479 3317 1674 3370 virium
1694 3332 1757 3371 ac
1781 3319 2036 3386 potentia:
2062 3336 2192 3374 cru-

2297 3318 2554 3387 δυομένου
2612 3318 2868 3386 μεγάλως
2933 3317 3348 3387 ἐκπλήττοντα,
3404 3315 3500 3369 καὶ
3564 3316 3630 3368 τὸ
3693 3315 3887 3382 περιὸν

621 3401 768 3474 cthxi
799 3404 1232 3472 magnitudinem
1264 3406 1573 3470 ostendere,
1640 3409 1789 3462 solus
1842 3411 2190 3467 inconsuetas

622 3493 790 3547 fuisse
831 3495 1068 3562 noverit,
1097 3497 1189 3566 qui
1218 3497 1284 3551 ad
1323 3501 1669 3554 astronomia:
1707 3502 1929 3566 intimos
1969 3506 2196 3574 penitis-

621 3585 1173 3656 simosque‘recessus
1191 3591 1514 3658 penetrarit.
1551 3593 1625 3646 Ex
1659 3593 1883 3662 quibus,
1913 3596 2018 3650 nisi
2053 3597 2184 3652 data

623 3693 787 3746 opera
819 3678 1088 3748 malignus
1116 3695 1238 3735 e350
1269 3681 1390 3752 quis
1423 3683 1576 3749 velit,
1609 3687 1918 3740 caelestium
1949 3677 2198 3742 contem-

625 3774 864 3842 platione
897 3776 1217 3844 scientitica,
1244 3793 1363 3847 qua:
1399 3795 1508 3834 non
1547 3781 1825 3836 hominem
1861 3783 2193 3852 simplicem,

624 3867 719 3919 scd
760 3867 929 3920 Deum
973 3867 1255 3924 hominem
1292 3872 1346 3925 in
1403 3871 1550 3942 ligno
1584 3874 1912 3941 pendentem
1953 3855 2198 3930 declarat

624 3972 679 4012 ct
716 3960 985 4028 pra-dicit,
1029 3971 1285 4032 tanquam
1322 3975 1655 4032 praeceptore
1723 3983 1853 4021 usus
1908 3967 2195 4021 veritatem

626 4054 658 4106 li
683 4069 768 4107 inc
798 4062 942 4108 certe
961 4055 1255 4110 admodum
1284 4059 1619 4125 cognoverit.
1641 4058 1905 4114 Tenebrae
1927 4061 2197 4129 siquidem

625 4156 929 4209 nocturnas,
989 4162 1110 4216 qua:
1169 4149 1473 4202 meridiano
1523 4159 1767 4219 tempore
1824 4153 2198 4223 contigerunt,

627 4239 931 4294 secundum
961 4242 1348 4295 astronomiae
1379 4243 1516 4296 artis
1539 4243 1790 4314 dogmata
1819 4256 2027 4298 naturm
2053 4247 2202 4315 leges

628 4351 740 4389 non
773 4343 998 4398 secutae,
1033 4335 1128 4389 sed
1162 4336 1388 4406 iubente
1426 4351 1490 4391 ac
1521 4337 1874 4407 praecipiente
1925 4338 2034 4393 Deo
2073 4348 2202 4394 sunt

630 4438 945 4498 portentose
985 4429 1213 4485 obortae.
1972 4433 1975 4437 ’

702 4521 764 4576 V.
799 4521 1083 4590 Tanquam
1115 4537 1248 4590 ergo
1285 4537 1397 4576 rem
1429 4523 1667 4592 aliquam
1719 4538 1908 4579 revera
1968 4524 2206 4579 admira-

632 4614 796 4667 bilem
828 4627 892 4667 ac
927 4611 1373 4681 pulcherrimam,
1405 4605 1530 4682 quae
1560 4613 1704 4667 inter
1750 4614 1996 4670 homines
2025 4617 2203 4670 scien-

2293 3407 2578 3462 δεικνύντα
2633 3410 2732 3475 τῆς
2779 3407 2873 3461 τοῦ
2931 3408 3339 3477 σταυρωθέντος
3393 3409 3596 3474 ἰσχύος,
3629 3407 3796 3474 μόνος
3824 3405 3892 3458 ἂν

2295 3502 2463 3572 εἰδείη
2513 3500 2699 3570 σαφῶς
2747 3501 2774 3553 ὃ
2811 3499 2861 3568 γ’
2916 3503 2996 3562 εἰς
3027 3498 3324 3570 τοῦσχατον
3358 3499 3731 3567 ἀστρονομίας
3773 3498 3888 3551 ἰών.

2299 3573 2497 3648 Ἔνθεν
2522 3612 2604 3647 τοι
2633 3593 2728 3646 κοιλ⁹
2758 3593 2913 3664 γνοίη
2940 3593 3085 3663 μάλα
3110 3592 3376 3661 ἀκριϐῶς,
3404 3594 3451 3643 εξ
3477 3592 3553 3660 μὴ
3579 3592 3893 3644 συντίθοιτο

2297 3686 2668 3748 ἐθελοκακεῖν,
2697 3685 2982 3755 χρώμενος
3033 3683 3108 3747 ὡς
3160 3683 3236 3754 (5)
3275 3685 3405 3752 περὶ
3437 3683 3774 3752 παιδοτρξὸῃ
3827 3686 3891 3753 τῇ

2297 3779 2404 3832 τῶν
2456 3778 2724 3846 οὐρανίων
2771 3779 3175 3847 ἐπιστημονικῇ
3224 3776 3451 3847 θεωρία,
3498 3775 3738 3844 τάληθὲς
3790 3777 3892 3845 ήδη

2300 3870 2746 3942 προαγγελλούσῃ
2785 3871 2859 3939 μὴ
2885 3869 3043 3938 ψιλὸν
3071 3870 3360 3936 ἄνθρωπον
3408 3865 3576 3930 εἶναι,
3601 3867 3890 3936 θεάνθρω-

2300 3982 2402 4016 πον
2462 3965 2518 4015 δὲ
2583 3965 2676 4015 ἐπὶ
2741 3963 2902 4028 ξύλου
2982 3961 3379 4031 κρεμάμενον·
3449 3963 3496 4012 εί
3551 3961 3618 4030 δὴ
3681 3963 3779 4010 καὶ
3839 3959 3894 4008 τὸ

2299 4057 2615 4125 νυκςερινὸν
2654 4056 2775 4107 τότε
2811 4055 3000 4118 σκότος
3037 4057 3093 4105 ὲν
3140 4051 3488 4122 μεσημϐρία.
3524 4052 3600 4120 μη
3647 4052 3889 4118 συμῆἁν,

2290 4142 2441 4218 ’ᾗπερ
2495 4147 2645 4200 δοκεῖ
2682 4150 2747 4217 τῇ
2801 4148 2988 4222 τέχνῃ,
3038 4146 3252 4212 φύσεως
3302 4145 3516 4204 πάντως
3572 4141 3895 4212 ἀκολουθία,

2302 4239 2437 4290 θεοῦ
2466 4239 2522 4292 δὲ
2553 4238 2875 4310 θαυμασίως
2908 4238 3316 4308 προστάγματι.

2381 4506 2452 4561 E'.
2477 4509 2639 4562 Ὥστε
2665 4507 2842 4572 ἔξεστι
2874 4505 2978 4576 μὴν
3005 4505 3174 4568 ὅντως
3198 4505 3271 4567 ὡς
3304 4505 3600 4558 θεσπέσιόν
3626 4523 3682 4556 τι
3709 4503 3893 4573 χρῆμτ

2307 4603 2403 4656 καὶ
2441 4602 2750 4662 κάλλιστον,
2788 4599 2885 4668 τὴν
2935 4601 2992 4650 ὲν
3036 4595 3350 4666 ἀνθρώποις
3405 4598 3757 4666 τιμιωτάτην
3807 4598 3896 4648 καὶ

634 4705 847 4774 tiasque
880 4713 1103 4758 caeteras
1130 4703 1307 4757 locum
1335 4707 1566 4758 maxime
1589 4706 1877 4760 sublimem
1911 4716 1966 4761 et
1995 4707 2194 4763 divinis

2309 4697 2594 4764 θειοτάτην
2640 4691 2738 4760 τῆς
2788 4689 2982 4758 λοιπῆς
3029 4689 3263 4757 θεωρίας
3311 4688 3554 4758 ἔχουσαν
3587 4692 3768 4756 τάξιν,
3805 4692 3898 4756 τὴν

633 4798 944 4868 proximum
973 4805 1224 4866 occupat,
1253 4800 1639 4852 astronomiam
1665 4814 1830 4870 supra
1859 4799 2088 4855 modum
2113 4817 2204 4858 vc-

632 4889 957 4953 nerandam,
987 4889 1166 4959 adque
1196 4892 1482 4960 superiora
1512 4892 1867 4947 scandentem
1899 4893 2200 4962 appellare,

633 4988 766 5052 quin
804 4983 969 5036 etiam
1029 4983 1294 5052 pra:conis
1334 4983 1480 5037 vices
1544 4983 1808 5037 adorandi
1849 4983 2142 5038 obeuntem
2175 5001 2203 5038 a

636 5079 747 5130 Deo
785 5075 852 5130 ad
913 5090 1015 5130 nos
1048 5074 1344 5145 profectam
1379 5075 1563 5129 dicere
1591 5089 1904 5143 possumus.
1953 5076 2211 5130 omnibus

637 5182 786 5226 recte
819 5171 1301 5226 considerantibus
1326 5170 1470 5238 quod
1529 5177 1748 5237 oportet
1787 5177 2210 5234 monstrantem,

635 5277 703 5317 ac
733 5263 879 5317 clare
909 5263 1354 5326 annuntiantem,
1413 5261 1592 5331 ipsum
1634 5273 1736 5330 pro
1764 5259 2083 5315 hominibus
2113 5259 2213 5314 bo-

639 5355 843 5409 minem
874 5355 1100 5420 factum,
1133 5355 1414 5424 Deumque
1456 5367 1646 5409 rursus
1671 5361 1978 5408 manentem
2026 5353 2214 5408 carnis

632 5452 807 5506 etiam
831 5451 1208 5519 assumptione
1245 5464 1459 5503 onmem
1489 5448 1542 5502 in
1565 5462 1727 5503 cruce
1760 5455 2010 5500 naturam
2051 5460 2215 5500 reno-

641 5559 794 5599 1vare.
821 5542 1224 5598 Astronomiam
1261 5539 1544 5596 enimvero
1576 5548 1733 5593 vetus
1762 5553 2003 5606 veraque
2026 5552 2216 5590 narra-

634 5639 722 5693 tio
750 5646 855 5700 est,
886 5651 914 5690 a
951 5637 1060 5690 Deo
1094 5650 1193 5706 per
1227 5636 1482 5704 angelum
1514 5631 1666 5688 Sethi
1697 5630 1934 5700 posteris
1960 5629 2212 5685 traditam

629 5741 784 5790 esse.
822 5726 966 5798 quod
996 5740 1094 5795 pro
1125 5735 1407 5796 comperto
1427 5724 1646 5795 quidem
1677 5721 1964 5778 habeatur.

829 5846 1039 5916 [lia/‘3.

2313 4787 2656 4857 ὑπέρσεμνον
2679 4782 3066 4854 ἀστρονομίαν,
3090 4783 3183 4836 καὶ
3205 4781 3318 4836 ἄνω
3355 4782 3656 4850 βαίνουσαν
3685 4798 3898 4851 προσει-

2311 4883 2464 4942 πεῖν,
2531 4877 2666 4932 ἀλλά
2727 4879 2822 4929 καὶ
2877 4876 3078 4946 τρόπον
3134 4876 3380 4944 κήρυκος
3441 4876 3898 4944 σεϐασμιωτάτον

2314 4970 2441 5042 παρ’
2482 4971 2632 5040 ἡμᾶς
2684 4969 2841 5040 ἥκειν
2875 4968 3010 5036 πρὸς
3059 4967 3153 5018 τοῦ
3206 4965 3367 5021 Θεοῦ.
3405 4967 3543 5019 πᾶσι
3604 4967 3898 5020 δεικνῦσιν

2317 5066 2428 5127 τοῖς
2473 5063 2652 5125 καλῶς
2700 5060 2968 5130 Ευνορῶσι
3005 5062 3066 5112 τὸ
3098 5059 3236 5124 δέον,
3273 5060 3370 5112 καὶ
3419 5059 3702 5129 λαμπρῶς
3736 5063 3903 5122 ἅπαξ·

2317 5156 2614 5225 γέλλουσαν
2641 5154 2782 5221 ὑπὲρ
2807 5153 3111 5222 ἀνθρώπων
3150 5150 3317 5204 αὑτὸν
3365 5152 3671 5222 γενόμενον
3699 5151 3899 5220 ἀνθρω-

2315 5265 2416 5303 πον
2461 5248 2594 5301 Θεὸν
2637 5246 2794 5310 αὖθις
2827 5247 3079 5316 μένοντα,
3109 5244 3203 5296 καὶ
3244 5243 3323 5313 τῷ
3350 5245 3453 5312 τῆς
3499 5245 3712 5315 σαρκὸς
3743 5259 3897 5313 xpos-

2319 5343 2567 5414 λήμματι
2611 5343 2795 5394 πᾶσαν
2840 5340 2931 5392 ἐπὶ
2973 5336 3208 5408 σταυροῦ
3239 5336 3338 5406 τὴν
3370 5336 3539 5404 φύσιν
3574 5336 3896 5403 ἀνανεούμε-

2319 5452 2429 5490 νον.
2472 5434 2867 5505 ’Δστρονομίαν
2918 5433 3012 5486 καὶ
3064 5432 3174 5501 γὰρ
3213 5430 3346 5499 πρὸς
3381 5430 3524 5484 Θεοῦ
3553 5431 3624 5484 δι’
3669 5429 3892 5499 ἀγγέλου

2323 5529 2554 5590 παλαιὸς
2591 5527 2747 5594 λόγος
2775 5525 2868 5580 καὶ
2896 5523 3107 5595 ἀληθῶς
3135 5522 3275 5593 ἔχων
3299 5522 3558 5578 δεδόσθαι
3583 5525 3700 5588 τοῖς
3730 5525 3793 5576 ἐκ
3811 5515 3893 5573 τσῦ

2324 5621 2454 5690 Σήθο
2495 5620 2581 5692 εἴη
2614 5620 2700 5689 δή.

2395 5830 2471 5902 (ῖί)
2515 5831 2608 5882 Ὠσ
2622 5826 2793 5898 περεί.
