4064 6292
233 394 334 455 993

233 596 535 667 ματισμοὺς
558 596 666 647 τῶν
692 593 962 661 κινήσεων
996 591 1153 661 ἡλίου
1186 609 1243 643 τε
1276 590 1373 642 καὶ
1418 589 1674 659 σελήνης,
1710 589 1806 642 καὶ

229 688 335 742 τῶν
385 686 592 741 λοιπῶν
638 686 888 754 ἀστέρων
943 685 1081 753 πρός
1138 699 1197 735 τε
1246 680 1511 749 ἀλλήλους
1566 682 1660 732 καὶ
1705 682 1808 748 τὴν

230 783 331 853 γῆν
361 782 611 853 θεωρεῖν,
642 780 703 833 τό
740 796 797 832 τε
849 779 917 830 δι’
961 773 1327 845 ἀστρονομίας
1366 772 1805 841 προγνωστικὸν,

228 879 382 932 τοῦτο
417 879 479 947 δὴ
510 877 631 937 ταῖς
678 872 958 942 ἀληθείαις
992 870 1065 938 (6)
1103 868 1305 920 εἰδέναι
1351 867 1537 930 τέλος,
1571 865 1699 933 περὶ
1730 857 1806 916 ὧν
1850 874 1853 875 ⁷

231 977 262 1044 ἡ
305 972 507 1042 σπουδὴ
558 970 636 1041 τῷ
672 967 995 1036 Πτολεμαίῳ
1045 965 1104 1017 ἐν
1144 964 1255 1024 τοῖς
1305 960 1454 1030 τρισὶ
1502 960 1639 1029 πρ“ς
1693 962 1805 1021 τοῖς

230 1071 355 1122 δέκα
395 1066 619 1137 βιϐλίοις
652 1064 751 1133 τῆς
790 1062 1036 1129 μεγάλης
1100 1054 1429 1119 συντάξεως,
1460 1054 1549 1105 καὶ
1602 1053 1807 1120 γνῶσιν

231 1158 476 1231 ἡγεῖσθαι
506 1154 680 1210 ταῦτα
719 1153 805 1206 διὰ
839 1149 1160 1220 φιλοσοφίας
1211 1144 1645 1214 ἐπιστημονικὴν
1679 1144 1805 1211 περί

228 1269 387 1305 τινων
418 1252 521 1303 ὑπὸ
568 1246 704 1301 Θεοῦ
750 1243 1124 1314 παρηγμένων
1168 1239 1382 1306 φύσεων
1423 1237 1531 1303 ὅπη
1581 1252 1635 1287 τε
1671 1235 1803 1304 ἔχει,

229 1348 320 1399 καὶ
379 1346 527 1405 ὅπως
583 1340 760 1395 ταῦτα
818 1339 1082 1406 φέρεται,
1138 1333 1341 1393 θεῖκοῖς
1396 1326 1804 1396 πειθαρχοῦντα

228 1440 445 1501 πάντως
472 1437 623 1507 ὅροις
651 1450 709 1486 τε
756 1433 852 1485 καὶ
883 1428 1298 1498 προστάγμασι,
1336 1423 1481 1491 μέγα
1532 1420 1803 1471 δέδεικται

226 1529 579 1607 πολλαχόθεν,
604 1528 699 1580 καὶ
735 1524 811 1587 ὡς
841 1521 1060 1593 ἀληθῶς
1092 1518 1385 1588 ὑπερμέγα
1416 1531 1476 1567 τε
1510 1513 1603 1565 καὶ
1638 1511 1806 1577 ὑπερ-

227 1624 578 1679 σπούδαστον.

299 1803 383 1867 Z'~
407 1803 481 1857 Τό
510 1818 573 1870 γε
618 1798 724 1871 μὴν
765 1798 863 1860 τάς
892 1792 1190 1867 δραστικὰς
1229 1789 1435 1842 τούτων
1484 1784 1799 1852 ποιότητας,

225 1902 320 1955 καὶ
354 1899 453 1970 τὴν
490 1894 727 1963 φυσικὴν
770 1890 881 1943 τῶν
938 1880 1413 1955 συσχηματισμῶν
1460 1876 1637 1929 αὐτῶν
1671 1872 1800 1925 ίδιο-

222 1991 473 2063 τροπίαν,
504 1986 687 2042 αἰτίαν
728 1982 837 2035 τῶν
887 1978 1017 2048 περὶ¹
1056 1975 1211 2045 ⁸ἡμιϊις
1246 1966 1676 2040 συμπτωμάτων
1719 1964 1801 2016 τί-

224 2083 435 2146 θεσθαι,
482 2073 995 2147 καταψευδομένους
1046 2069 1153 2122 τῶν
1202 2062 1494 2133 οὐρανίων,
1546 2059 1653 2112 κάκ
1702 2056 1800 2125 τῆς

221 2177 425 2232 τούτων
452 2173 726 2243 κινήσεως
755 2169 853 2230 τὰς
886 2164 1130 2234 γενέσεις
1162 2159 1407 2220 πλέκειν,
1445 2155 1539 2209 καὶ
1562 2154 1628 2205 τὰ
1668 2151 1800 2220 ξυμ-

224 2269 500 2331 σαίνοντα,
556 2261 851 2318 κάντεῦθεν
913 2258 1095 2311 δοκεῖν
1162 2254 1260 2325 τὴν
1322 2251 1431 2303 τῶν
1495 2245 1801 2317 μελλόντων

222 2366 368 2435 ἔςχειν
422 2358 622 2412 εἰδέναι
667 2352 1004 2423 πρόγνωσιν,
1038 2348 1066 2400 δ
1115 2347 1178 2417 δὴ
1225 2345 1323 2413 τῆς
1378 2336 1797 2435 ἀστρολογικῆς,

219 2432 319 2529 της
349 2457 394 2510 δ’
427 2453 596 2522 αὐτῆς
638 2452 732 2503 καὶ
766 2443 1155 2517 μαθηματικῆς
1198 2436 1471 2508 λαχούσης
1502 2432 1799 2529 ἐξαιρέτως

218 2524 541 2619 κεκλῆσθαι,
590 2539 961 2613 πολυασχολομ
995 2531 1360 2604 ματαιότητός
1393 2531 1531 2590 ἐστι,
1569 2527 1635 2595 τῇ
1690 2524 1798 2576 τῶν

217 2646 437 2711 ἄστρων
482 2636 693 2705 κινήσει
744 2631 814 2684 τὰ
864 2630 1112 2699 ἡμέτερα
1163 2619 1573 2693 συμφερούσης.
1625 2616 1798 2669 Τοῦτο

216 2736 398 2789 τοίνυν
427 2729 565 2800 πρὸς
596 2727 674 2796 τῷ
694 2723 874 2793 ,μηδὲν
903 2722 1051 2789 ὑγιὲς
1081 2718 1379 2787 κεκτῆσθαι
1413 2714 1508 2767 καὶ
1543 2712 1799 2783 ἀληθείας

214 2830 478 2897 ἐχόμενον
520 2820 615 2874 καὶ
666 2817 804 2887 πρὸς
851 2814 1059 2881 πλάνην
1102 2811 1259 2881 φέρει
1304 2810 1398 2863 καὶ
1440 2806 1602 2877 βυθὸν
1646 2806 1797 2858 ἀπω-

213 2921 369 2983 λείας
398 2919 513 2978 τοῖς
553 2911 801 2966 εὐσεϐεῖν
832 2906 1074 2960 ἐθέλουσι
1105 2904 1247 2956 πάνυ
1274 2918 1357 2954 τοι
1382 2899 1795 2970 λυμαινόμενοι.

212 3011 385 3068 Ταῦτ’
415 3011 523 3081 ἄρα
554 3006 649 3059 καὶ
692 3004 848 3071 νόμοι
879 2998 1039 3061 θεῖοι,
1071 2997 1163 3049 καὶ
1201 2994 1505 3048 θεσπεσίων
1551 2992 1645 3046 καὶ
1680 2992 1797 3045 θεο-

212 3103 444 3175 πρεπῶν
496 3098 845 3159 θεσπίσματα
882 3090 1223 3145 διδασκάλων
1254 3087 1352 3141 σύν
1407 3104 1471 3154 γε
1523 3088 1636 3146 τοῖς
1697 3085 1796 3153 τὴν

214 3196 457 3270 μαγικὴν
503 3188 883 3259 κακοτεχνίαν,
917 3189 1011 3239 καὶ
1058 3183 1193 3237 Θεοῦ
1228 3184 1417 3253 πόρρω
1469 3181 1790 3251 βάλλουσαν,

210 3291 402 3353 κακῶς
454 3288 549 3341 καὶ
577 3283 754 3345 ἀθέως
796 3278 1185 3351 ἐξησκημένην
1221 3277 1322 3345 (7),
1350 3275 1445 3328 καὶ
1477 3273 1794 3342 μαθηματι-

207 3386 367 3446 κοὺς,
427 3381 605 3433 εῐτουν
666 3373 1052 3443 ἀστρολόγους,
1108 3369 1185 3430 ὡς
1238 3370 1406 3430 εἰκὸς,
1456 3365 1793 3435 ἀποτροπιά-

208 3478 420 3541 ζ’,νταιο
455 3472 550 3526 ἆτε
602 3470 667 3535 δὴ
720 3469 854 3536 πρὸς
889 3466 953 3516 τα
989 3463 1101 3516 ἅνω
1132 3461 1435 3530 κεχηνότας
1468 3476 1530 3527 γε
1584 3459 1788 3527 μάτην,

208 3572 303 3623 καὶ
342 3571 408 3637 τῇ
458 3568 664 3618 τούτων
715 3562 928 3625 κινήσει
973 3556 1071 3625 τὴν
1119 3555 1399 3624 ἡμετέραν
1437 3551 1791 3622 προσαρτῶν-

205 3681 309 3725 τας
369 3660 513 3727 ζωὴν
578 3651 982 3723 θεομαχοῦντας
1038 3645 1319 3715 ἄντικρυς,
1353 3644 1447 3711 καὶ
1504 3642 1791 3712 βαίνοντας

203 3757 378 3816 ὅντως
431 3751 573 3818 ὑπὲρ
613 3748 679 3800 τὰ
737 3742 1082 3811 ἐσκαμμένα,
1136 3740 1229 3791 ἐπὶ
1260 3739 1414 3805 κακῷ
1466 3738 1638 3807 δήπου
1690 3737 1791 3803 τῆς

208 3850 362 3904 σφῶν
408 3844 589 3899 αὐτῶν
645 3839 908 3908 κεφαλῆς,
962 3838 1021 3889 ἐν
1070 3835 1171 3892 ίσω
1225 3832 1270 3886 δ’
1322 3835 1498 3884 εἰπεῖν
1549 3834 1642 3884 καὶ
1688 3830 1792 3899 ψυ-

206 3940 334 4007 χῆς.

284 4206 367 4258 11'.
415 4200 551 4254 Ἀλλ’
577 4198 821 4259 ἐκείνους
858 4195 957 4265 μὲν
985 4193 1127 4247 οὕτω
1170 4192 1376 4255 πάντας
1404 4192 1463 4244 δὲ
1497 4183 1659 4255 ἀξίως
1691 4196 1791 4262 τῆς

208 4295 488 4371 ἡμετέρας
511 4290 803 4359 ἐξωθοῦσιν
834 4288 1006 4357 αὐλῆς
1039 4290 1085 4340 οἱ
1120 4286 1299 4348 καλῶς
1331 4287 1500 4356 αὐτῆς
1532 4287 1792 4357 προϊστά-

213 4406 370 4462 μενοι
396 4406 409 4419 ·
438 4386 551 4453 ἐγὼ
589 4384 645 4436 δὲ
694 4383 904 4440 τούτοις
937 4382 1040 4433 ὅσα
1086 4382 1180 4432 καὶ
1210 4382 1337 4441 παῖς
1373 4380 1616 4449 πατράσι
1657 4380 1788 4431 ἑπό-

213 4498 376 4553 μενος
406 4482 515 4541 τοῖς
545 4478 707 4546 ἱεροῖς
739 4472 1000 4544 τροφεῦσι
1035 4473 1127 4524 καὶ
1159 4473 1495 4535 παιδευταῖς,
1533 4472 1627 4523 καὶ
1660 4472 1787 4540 παρ’

1303 390 1403 450 EX
1444 388 1679 450 LlBllO
1731 388 1824 449 DE

299 506 389 573 ς’.
440 503 511 559 Τὸ
563 503 660 575 μὲν
705 502 797 558 οὖν
830 503 957 565 τοὺς
1004 501 1317 572 γινομένους
1366 502 1629 554 ἑκάστοτε
1673 517 1800 569 σχη-
1835 508 1876 563 Α

1895 388 2302 449 ASTRONOM
2320 390 2387 449 ίΛ
2402 436 2414 450 .
3384 393 3484 449 {illi

1985 502 2069 556 \‘l.
2111 502 2480 557 Occurrentes
2539 501 2703 572 igitur
2738 500 2975 556 subinde
3008 510 3190 558 motus
3249 504 3383 559 solis
3435 501 3493 555 ei

1910 593 2052 649 luna:
2082 605 2515 665 ca'lerarumque
2544 595 2826 649 stellarum
2856 596 3001 650 inter
3022 609 3079 651 se
3108 604 3163 650 et
3185 596 3252 649 ad
3285 606 3489 650 terram

1909 688 2391 757 configurationes,
2433 687 2817 756 contemplari,
2853 697 2927 753 et,
2962 704 3083 756 quae
3111 703 3210 758 per
3241 698 3496 743 astrono-

1910 779 2073 832 iniam
2127 780 2380 841 habetur,
2427 780 2857 848 pramotionem;
2905 782 2999 849 qui
3046 781 3344 835 veritatum
3395 796 3494 835 no-

1909 864 2246 927 scendarum
2288 872 2409 927 finis
2439 882 2542 937 est,
2577 874 2631 926 in
2666 874 2869 942 quibus
2903 875 3266 943 assequendis
3302 875 3484 928 trede-

1909 964 2016 1019 cim
2043 980 2248 1035 magna:
2272 967 2705 1019 constructionis
2726 966 3228 1033 lihriscompositis
3260 979 3486 1034 operam

1910 1072 2063 1112 suam
2094 1057 2421 1112 Ptolemaaus
2456 1058 2693 1121 locavit;
2745 1073 2920 1126 eaque
2951 1056 3312 1111 scientilicam
3368 1056 3492 1125 phi-

1911 1149 2168 1217 losophir
2196 1150 2400 1217 regulis
2432 1151 2745 1204 existimare
2788 1151 2855 1204 de
2893 1151 3258 1219 quorumdam
3292 1167 3320 1203 a
3380 1149 3490 1202 Deo

1910 1242 2308 1312 productoruin
2362 1243 2576 1296 naturis
2625 1244 2929 1306 notionem,
2964 1243 3239 1311 quomodo
3271 1243 3384 1311 ipsa
3430 1256 3488 1295 se

1908 1333 2169 1393 habeam,
2203 1342 2258 1386 et
2288 1349 2392 1401 qua
2424 1334 2636 1387 ratione
2670 1334 2868 1391 divinis
2897 1337 3184 1403 praeceptis
3213 1346 3267 1387 et
3297 1335 3487 1386 decre-

1908 1427 1976 1479 tis
2008 1439 2233 1495 prorsus
2258 1426 2615 1495 obsequendo
2651 1426 2922 1490 ferantur,
2980 1445 3172 1499 magna
3199 1437 3253 1481 et
3313 1427 3485 1481 ardua

1907 1519 2096 1573 multis
2124 1520 2462 1589 argumentis
2493 1520 2863 1574 demonstrata
2909 1536 2996 1576 res
3028 1531 3133 1582 est,
3178 1533 3345 1589 utque
3388 1536 3484 1573 ve-

1907 1626 2025 1663 rum
2057 1610 2257 1674 dicam,
2282 1625 2446 1679 supra
2482 1614 2703 1665 modum
2763 1627 2955 1681 magno
2985 1622 3037 1668 et
3071 1627 3285 1667 summo
3336 1610 3485 1665 cultu

1905 1702 2239 1757 veneranda.

1976 1795 2088 1849 VII.
2138 1795 2443 1861 Qualitates
2474 1804 2656 1849 autem
2693 1796 2938 1864 ipsorum
2978 1797 3204 1861 activas,
3238 1807 3293 1849 et
3326 1806 3476 1850 natu-

1904 1888 2070 1942 ralem
2103 1889 2597 1959 configurationum
2623 1889 2952 1959 peculiarem
2986 1888 3230 1950 modum,
3260 1904 3481 1942 causam

1903 1998 2091 2037 eorum
2122 1982 2241 2054 qua:
2272 1970 2604 2037 hominibus
2634 1983 2914 2044 accidunt,
2947 1981 3263 2051 coelestibus
3292 1996 3489 2051 corpo-

1905 2075 2061 2130 ribus
2085 2076 2219 2131 falsa
2247 2076 2540 2131 tribuendo
2564 2084 2808 2130 statuere
2836 2092 2849 2140 ;
2877 2090 3050 2144 exque
3076 2066 3295 2128 illorum
3332 2085 3479 2128 motu

1902 2167 2243 2235 genethliaca
2275 2168 2511 2223 themata
2535 2178 2862 2231 contexere;
2897 2176 2952 2221 et
2981 2164 3285 2220 accidentia
3309 2165 3482 2217 dedu-

1901 2274 2048 2323 cere,
2080 2259 2316 2329 indeque
2348 2260 2742 2330 praznotionem
2783 2258 3093 2311 futurorum
3128 2256 3314 2311 haberi
3351 2270 3480 2325 pos-

1903 2367 1980 2414 se,
2030 2350 2177 2421 quod
2219 2352 2285 2405 ad
2326 2351 2704 2421 astrologiam,
2759 2350 3162 2404 mathematica:
3210 2346 3479 2417 singulari

1903 2444 2215 2514 eximioque
2245 2445 2465 2498 nomine
2484 2443 2824 2513 insignitam,
2844 2444 3108 2512 pertinet,
3132 2442 3473 2506 existimare,

1902 2538 2094 2591 otiosa:
2124 2538 2371 2591 stultitiae
2401 2536 2467 2591 ad
2523 2546 2797 2590 astrorum
2853 2545 3055 2609 motus,
3092 2544 3350 2603 tanquam
3409 2536 3477 2589 ad

1903 2641 2115 2690 causas,
2153 2627 2419 2681 humanas
2455 2628 2699 2681 actiones
2728 2618 3014 2681 'rcferentis
3034 2642 3171 2695 opus
3197 2639 3297 2681 est.
3330 2626 3484 2683 Illius

1903 2718 2069 2787 igitur
2101 2719 2252 2784 artis,
2305 2736 2424 2789 qua:
2465 2723 2528 2772 ad
2563 2720 2861 2788 quidquam
2923 2719 3049 2772 boni
3082 2721 3311 2788 sanique
3346 2720 3479 2774 nihil

1902 2814 2132 2880 confert,
2170 2831 2401 2883 qumque
2454 2815 2657 2867 nullam
2699 2828 2822 2865 cum
2872 2815 3104 2868 veritate
3157 2813 3475 2869 afﬁnitatem

1902 2907 2088 2967 habet,
2117 2908 2355 2973 cognitio
2385 2908 2441 2959 in
2489 2921 2759 2971 errorem,
2793 2907 3165 2975 corruptionis
3215 2907 3484 2974 perditio»

1902 3000 2093 3069 niSque
2123 2999 2397 3069 abyssum,
2427 2999 2513 3067 pie
2562 3014 2720 3068 agerc
2753 2999 3067 3055 volentibus
3099 3000 3255 3053 valde
3290 3001 3479 3068 perni-

1900 3091 2126 3152 ciosam,
2160 3089 2407 3144 adducit.
2439 3088 2588 3143 Talia
2618 3089 2804 3159 igitur,
2842 3106 2947 3141 una
2980 3104 3105 3143 cum
3135 3089 3323 3158 magiae
3353 3104 3477 3157 pra-

1874 3197 2019 3234 »vam
2075 3192 2271 3246 artum,
2331 3196 2452 3250 qua).
2492 3180 2770 3234 hominem
2809 3195 2838 3233 a
2883 3181 2992 3234 Deo
3024 3180 3183 3250 longe
3239 3181 3478 3249 proiicit,

1901 3273 2147 3341 improhe
2175 3286 2230 3327 et
2258 3281 2446 3342 spreto
2475 3274 2703 3327 numine
2735 3272 3146 3336 exercentibus,
3175 3273 3478 3327 mathema-

1900 3369 2147 3435 ticisqne,
2186 3365 2442 3419 videlicet
2500 3365 2813 3434 astrologis,
2870 3375 2926 3419 et
2972 3365 3121 3434 leges
3169 3365 3387 3427 divinae,
3421 3374 3477 3418 et

1899 3460 2281 3527 magistrorum
2307 3457 2399 3510 Dei
2426 3458 3041 3525 cultorum,divinoque
3064 3457 3272 3526 Spiritu
3302 3460 3470 3512 adlla-

1899 3560 2077 3604 torum
2103 3550 2319 3603 oracula
2345 3551 2470 3616 jure
2499 3549 2691 3601 merito
2721 3559 3045 3603 aversantur
3062 3550 3478 3605 abominantur-

1899 3656 2023 3711 que.
2062 3641 2138 3694 llli
2171 3640 2375 3709 quippe
2409 3640 2473 3691 ad
2507 3652 2736 3707 corpora
2759 3640 3048 3707 superiora
3077 3642 3344 3707 oscitante
3379 3657 3475 3694 ore

1898 3732 2100 3784 frustra
2121 3729 2502 3797 respicientes,
2529 3728 2598 3781 ab
2623 3743 2814 3781 eorum
2844 3738 2994 3780 motu
3030 3728 3196 3782 vitam
3226 3741 3472 3785 nostram

1896 3822 2160 3892 pendere,
2195 3822 2361 3874 Deum
2396 3820 2631 3873 adverso
2666 3820 2821 3873 vultu
2868 3820 3265 3889 impugnando,
3323 3826 3474 3892 posi-

1897 3926 2089 3983 tosque
2130 3914 2394 3968 terminos
2432 3912 2810 3975 transiliendo,
2841 3920 3124 3979 statuunt,
3178 3917 3322 3970 unde
3357 3925 3474 3971 tan-

1894 4009 2016 4062 dem
2053 4008 2297 4076 incaan
2326 4021 2484 4060 suum
2525 4006 2827 4075 perniciem
2884 4006 3234 4078 animamque
3265 4010 3473 4079 pariter

1892 4114 2046 4153 suam
2068 4090 2378 4153 accersunt.

1969 4191 2104 4245 \’lll.
2135 4191 2226 4246 Sic
2262 4192 2451 4261 itaque
2503 4206 2699 4245 omnes
2732 4191 2857 4247 illos
2904 4208 2970 4247 ex
3033 4196 3238 4249 nostris
3271 4198 3466 4261 caulis,

1895 4286 1989 4355 qui
2032 4293 2179 4339 recte
2220 4284 2324 4338 illis
2355 4294 2597 4353 praesunt
2632 4294 2901 4352 pastores,
2934 4286 3130 4339 merito
3163 4289 3464 4357 expellunt.

1897 4380 2098 4433 llorum
2140 4377 2304 4431 etiam
2336 4393 2458 4441 ego,
2516 4386 2704 4446 utpote
2737 4376 2879 4430 ﬁlius
2939 4362 3154 4447 patrum
3196 4382 3469 4436 nutricio-

1896 4487 2014 4524 rnm
2045 4481 2098 4524 et
2125 4469 2541 4538 paedagogorum
2580 4468 2824 4537 vestigiis
2844 4468 3174 4537 insistendo,
3205 4472 3467 4539 duarum,

206 4572 367 4627 οὐδὲν
404 4571 500 4640 μέν
529 4568 700 4635 ἄγων,
734 4564 829 4617 καὶ
851 4560 1127 4614 διαπτύων
1157 4562 1303 4613 δυοῖν
1334 4560 1440 4611 τῶν
1467 4560 1562 4628 τῆς
1595 4559 1790 4639 ἀστρο-

1900 4580 2019 4633 quze
2066 4562 2207 4615 circa
2263 4573 2406 4614 astra
2468 4573 2775 4622 versantur,
2831 4562 3186 4616 scientiarum
3236 4564 3468 4620 alteram

210 4667 482 4735 θεάμονος
510 4658 699 4729 σοφίας
725 4655 880 4708 εἰδῶν
911 4653 971 4706 τὸ
1000 4651 1272 4720 δεύτερον,
1302 4650 1376 4713 ὡς
1407 4650 1699 4702 ἐπίϐουλόν
1730 4666 1789 4702 τε

212 4761 307 4811 καὶ
339 4752 629 4824 σφαλερὸν,
661 4748 796 4803 καθὸ
829 4748 927 4810 τὰς
965 4747 1074 4798 τῶν
1109 4748 1594 4815 ἐμπεριεχομένων
1628 4763 1791 4814 μετα·

211 4850 377 4910 ϐολὰς
404 4848 491 4899 διὰ
536 4844 647 4896 τῶν
678 4841 923 4911 ἀστέρων
971 4836 1450 4908 συσχηματισμῶν
1499 4836 1795 4889 ἀποτελου-

210 4940 387 5010 μένας
411 4939 460 4991 οἱ
492 4936 620 5006 περὶ
672 4933 847 4988 ταῦτα
895 4931 1098 4999 κομψοὶ
1137 4929 1417 4998 τηνάλλως
1464 4929 1630 4997 φασὶν
1669 4930 1792 4981 ἐπι-

212 5031 571 5089 σκέπτεσθαι.
604 5028 697 5082 καὶ
731 5027 850 5079 λίαν
894 5023 1272 5084 ἐπικινδύνως.
1321 5021 1394 5073 Τὸ
1444 5022 1707 5090 πρότερον
1737 5019 1793 5072 δὲ

206 5129 282 5195 τῇ
334 5122 486 5186 τάξει
541 5136 599 5172 τε
656 5118 750 5171 καὶ
804 5114 1054 5182 δυνάμει,
1115 5113 1209 5165 καὶ
1269 5113 1498 5182 φέρεται
1554 5112 1662 5181 γὰρ
1719 5111 1789 5164 τὰ

209 5216 410 5286 πρῶτα
439 5212 582 5267 κατὰ
607 5209 715 5262 τῶν
762 5208 959 5271 ἄλλων,
995 5205 1128 5273 πρὸς
1171 5204 1437 5274 μεγίστην
1466 5204 1652 5273 ὄνησιν
1693 5203 1791 5271 φέ-

215 5325 333 5377 ρον,
370 5308 463 5357 καὶ
497 5303 623 5371 περὶ
651 5300 750 5360 τὰς
779 5300 887 5351 τῶν
912 5300 1159 5367 ἀστέρων
1194 5298 1356 5366 μόνον
1390 5299 1634 5367 κινήσεις
1670 5298 1793 5367 ἕχον

211 5401 275 5450 ἐν
296 5397 441 5464 λόγῳ
468 5393 772 5459 τιθέμενος,
798 5389 955 5454 ἔδοξα
989 5388 1126 5456 πρὸς
1169 5385 1474 5457 εὔχρηστον
1512 5388 1611 5457 τῆς
1654 5389 1791 5440 θεω-

216 5489 342 5561 ρίας
375 5482 876 5555 ὑπομνηματισμὸν
908 5478 1150 5548 ἐμαυτοῦ
1179 5496 1238 5531 τε
1272 5480 1434 5549 χάριν
1468 5481 1561 5533 καὶ
1589 5480 1699 5533 τῶν
1727 5497 1791 5547 γε

213 5578 643 5653 προτρεψάντων
688 5577 751 5628 ἐκ
784 5573 1165 5627 παλαιοτάτων
1196 5568 1466 5642 συνήθων,
1506 5576 1562 5627 ἐν
1596 5573 1696 5642 μὲν
1726 5578 1791 5643 τῇ

217 5672 414 5743 πρώτῃ
458 5669 626 5739 βίϐλῳ
675 5667 768 5719 τοῦ
828 5665 1094 5735 παρόντος
1158 5665 1563 5734 συντάγματος,
1609 5666 1683 5731 ὡς
1738 5669 1794 5719 ἐν

299 5851 375 5924 (6)
410 5849 519 5915 Τάς
550 5847 824 5920 ἀληθείας.

1898 4656 2045 4709 ιιιίίο
2084 4655 2135 4708 in
2185 4654 2359 4724 pretio
2395 4653 2592 4717 habeo,
2643 4664 2811 4721 utque
2855 4653 3223 4721 deccptriccm
3272 4672 3333 4707 ac
3371 4655 3472 4709 fal-

1896 4749 2069 4801 lacem
2136 4748 2478 4814 intutamque
2540 4742 2763 4798 avérsnr
2824 4760 2840 4797 :
2895 4755 3170 4813 quatenus
3230 4762 3351 4815 qua:
3412 4748 3465 4802 in

1896 4838 2102 4890 mundo
2136 4834 2468 4889 mutationes
2515 4833 2791 4898 accidunt,
2852 4836 2919 4888 ab
2955 4844 3229 4889 astrorum
3282 4840 3465 4907 positu

1895 4938 1948 4981 et
1976 4924 2411 4995 conliguratione
2440 4923 2658 4975 immitti
2694 4933 2969 4988 asserunt,
3003 4928 3095 4995 qui
3125 4944 3244 4981 eam
3279 4931 3469 4996 pneci-

1897 5037 2002 5090 pne
2032 5022 2261 5089 iactant,
2293 5035 2357 5074 ac
2393 5020 2632 5073 maximo
2667 5035 2792 5073 cum
2843 5021 3090 5088 periculo
3115 5024 3467 5088 profitentur.

1895 5112 2099 5167 Ordine
2126 5129 2256 5167 vero
2285 5123 2341 5168 et
2372 5113 2629 5168 facultate
2652 5116 2911 5184 primam,
2948 5115 3152 5183 primas
3174 5116 3319 5167 enim
3345 5132 3471 5184 par-

1898 5213 1978 5258 tes
2009 5204 2123 5257 hare
2149 5204 2413 5258 adversus
2446 5206 2579 5260 alias
2606 5208 2706 5259 sibi
2742 5207 3001 5268 vindicat,
3026 5206 3370 5260 utilissimam
3406 5224 3473 5263 ac

1895 5296 2129 5349 maxime
2160 5296 2587 5360 conducibilem,
2623 5297 2979 5353 in,astrorum
3006 5298 3245 5351 motibus
3266 5298 3470 5352 riman-

1896 5388 1979 5442 dis
2028 5387 2372 5440 Solummodo
2404 5396 2715 5441 versantem
2746 5388 2966 5456 plurimi
2997 5388 3223 5452 faciens,
3270 5392 3321 5444 in
3354 5394 3471 5461 pri.

1895 5495 1980 5532 mo
2014 5477 2175 5547 hujus
2204 5477 2387 5546 cperis
2423 5476 2574 5540 libro,
2604 5474 2674 5529 'ut
2718 5476 2943 5539 theoria:
2971 5479 3385 5547 explicationem
3416 5490 3471 5537 et

1897 5573 1951 5625 in
1982 5572 2124 5624 illam
2144 5570 2620 5633 commentarium,
2650 5580 2757 5622 tam
2780 5570 2904 5631 mei,
2930 5587 3093 5639 quam
3122 5572 3467 5629 hortatorum

1897 5666 2032 5720 mihi
2065 5663 2130 5716 ab
2162 5660 2394 5728 antiquo
2433 5662 2788 5716 familiarium
2836 5679 2999 5719 causa
3037 5667 3337 5722 faciliorem
3372 5684 3470 5724 ex-

1977 5845 2051 5913 (7)
2100 5842 2547 5912 Ἐξησκημένοις.
