4064 6292
273 348 378 409 997

342 457 397 510 l'.
462 457 717 527 Μιμηταὶ
770 457 877 525 γαρ
945 456 1091 510 οὗτοι

267 551 611 618 γεννήτορος,
646 550 844 615 σοφίαν
893 549 993 616 μὲν
1046 551 1143 618 τὴν
1193 551 1323 619 περὶ
1373 552 1439 602 τά
1485 553 1717 622 οὐράνια
1751 551 1845 604 καὶ

265 642 366 710 τὴν
400 640 608 693 τούτων
655 641 1020 710 διακόσμησιν
1066 643 1392 712 ἐπενόησαν,
1422 645 1634 712 πρῶτοι
1666 661 1847 713 γραμ-

270 731 458 797 μάτων
506 731 831 798 ἐφευρόντες
864 730 1070 792 τύπους
1110 731 1203 782 καί
1255 733 1322 783 τά
1374 736 1577 800 σημεῖα
1609 734 1704 784 τοῦ
1757 733 1846 784 οὑ-

270 823 434 891 ρανςῦ
475 825 568 876 καὶ
598 825 696 885 τὰς
727 824 937 892 τροπὰς
986 824 1076 877 τοῦ
1114 826 1381 893 ἐνιαυτοῦ,
1426 828 1520 882 καὶ
1554 829 1654 888 τὰς
1691 828 1845 880 ἐϐδο-

272 914 464 982 μάδας,
498 915 736 977 καὶτοῖς
775 913 1044 967 ἁπλανέσι
1100 915 1206 968 τῶν
1266 919 1511 986 ἀστέρων
1565 918 1848 980 ἐπιθέντες

268 1005 509 1075 ὀνόματα
562 1007 657 1058 καὶ
707 1009 823 1069 τοῖς
884 1005 1278 1076 πλανωμένοις.
1320 1009 1492 1078 ’Υπὲρ
1527 1010 1583 1062 δὲ
1629 1009 1720 1061 τοῦ
1771 1010 1845 1080 μὴ

269 1096 550 1164 διαφυγεῖν
586 1098 714 1158 τοὺς
755 1099 1078 1167 ἀνθρώπους
1111 1101 1177 1152 τὰ
1201 1100 1506 1170 εὑρημένα,
1544 1101 1678 1171 μηδέ
1715 1103 1846 1171 πρὶν

269 1188 350 1248 εις
418 1189 615 1253 γνῶσιν
663 1188 838 1241 ἐλθεῖν
892 1191 1190 1260 φθαρῆναι,
1245 1193 1637 1262 προειρηκότος
1671 1192 1846 1263 Ἀδὰμ

268 1278 576 1349 ἀφανισμὸν
626 1281 846 1333 ἔσεσθαι
897 1281 1007 1335 τῶν
1053 1283 1212 1346 ὅλων,
1255 1285 1348 1336 τὶν
1400 1283 1499 1354 μὲν
1541 1283 1664 1337 κατ’
1695 1286 1848 1353 ἰσχὺν

272 1371 464 1440 πυρὸς,
497 1375 588 1425 τὸν
631 1373 684 1424 δὲ
717 1373 906 1444 ἕτερον
938 1377 1076 1428 κατά
1112 1379 1234 1444 μίαν
1268 1378 1364 1429 καὶ
1396 1376 1603 1446 πλῆθος
1633 1376 1846 1442 ὕδατος,

272 1465 478 1532 στήλας
524 1467 884 1536 ποιησάμενοι
937 1469 1050 1535 δύο,
1085 1472 1184 1539 τὴν
1240 1471 1339 1540 μὲν
1374 1473 1436 1522 ἐκ
1464 1472 1712 1537 πλίνθου,
1751 1472 1850 1542 τὴν

269 1556 317 1612 δ’
349 1557 543 1627 ἑτέραν
585 1561 648 1611 ἐκ
677 1559 850 1625 λίθου,
889 1562 1233 1632 ἀμφοτέραις
1263 1564 1331 1616 τὰ
1360 1565 1640 1634 εὑρημένα
1674 1583 1852 1636 προσ-

271 1651 536 1722 έγραψαν,
595 1652 680 1704 ἵνα
738 1656 836 1721 τῆς
899 1654 1181 1725 πλινθίνης
1238 1658 1342 1710 ὑπὸ
1391 1659 1490 1726 τῆς
1545 1659 1852 1728 ἐπομϐρίας

271 1741 686 1810 ἀφανισθείσης,
716 1744 748 1814 ἡ
781 1744 954 1814 λιθίνη
990 1747 1221 1814 μείνασα
1258 1748 1470 1801 ἅπαντα
1506 1750 1622 1818 δοίη
1656 1753 1850 1819 μαθεῖν

269 1835 381 1894 τοῖς
430 1832 745 1904 ἀνθρώποις
802 1836 872 1888 τὰ
929 1838 1399 1908 ἐγγεγραμμένα·
1459 1841 1696 1912 δηλοῦσα
1751 1845 1848 1898 καὶ

273 1923 555 1993 πλινθίνην
587 1925 677 1977 ὑπ’
717 1928 898 1980 αὐτῶν
932 1929 1262 1992 ἀνατεθῆναι
1292 1948 1306 1962 ·
1334 1931 1400 2002 ἢν
1437 1933 1501 2003 δὴ
1531 1936 1626 1986 καὶ
1661 1935 1848 2003 μένειν

271 2017 412 2068 κατά
455 2017 553 2086 τὴν
581 2018 778 2088 Σλρίδα
825 2019 928 2089 γῆν
964 2021 1123 2090 ἄχρις
1153 2023 1364 2076 ἐκείνου
1407 2027 1562 2094 φησὶ,
1603 2026 1745 2096 λέγω
1779 2028 1846 2099 δὴ

270 2110 372 2180 τὴν
398 2108 603 2179 λιθίνην
633 2126 646 2139 ·
676 2111 778 2180 τῆς
800 2112 857 2165 δέ
889 2113 994 2181 γῆς
1022 2117 1301 2187 ἐπομὸρίᾳ
1340 2121 1839 2190 κατακλυσθείσης,

272 2202 368 2251 καὶ
422 2200 584 2270 μόνου
635 2200 760 2253 Νῶε
797 2203 1224 2271 περισωθέντος,
1279 2208 1525 2278 ἀρχηγοῦ
1577 2227 1636 2262 τε
1685 2229 1851 2265 κατα-

273 2293 498 2355 στάντος
536 2293 796 2361 δευτέρου
828 2295 1034 2363 κόσμου
1058 2311 1072 2325 ·
1103 2297 1198 2349 καὶ
1227 2298 1290 2368 δὴ
1324 2301 1432 2352 τῶν
1483 2301 1580 2354 ἀπ’
1610 2303 1845 2369 ἐκείνου,

269 2383 360 2436 διά
401 2384 501 2453 τὴν
552 2384 618 2451 ἦν
667 2387 969 2455 ἐπενόησαν
1023 2386 1232 2454 τόλμαν
1277 2389 1704 2458 οίκοδομούντων
1753 2393 1846 2446 τὸν

272 2475 508 2542 πύργον,
541 2475 924 2544 συγχυθέντων
965 2476 1065 2545 τὴν
1121 2477 1392 2546 γλῶτταν,
1419 2480 1514 2533 ἆτε
1565 2481 1630 2551 δὴ
1661 2482 1846 2547 κακῶς

271 2570 370 2621 καὶ
431 2567 606 2630 ἀθέως
678 2569 1134 2637 ὁμοφωνούντων,
1194 2573 1354 2641 μόνος
1416 2575 1693 2644 Ἀρφαξάδ
1748 2578 1848 2648 τὴν

273 2660 480 2711 οἰκείαν
538 2660 912 2731 διατηρήσας,
964 2663 1250 2717 Χαλδαίων
1322 2666 1607 2735 πρόγονος.
1661 2668 1725 2720 Οἱ
1792 2669 1848 2722 δέ

274 2751 492 2820 φύσεως
557 2752 772 2820 ἀγαθῆς
823 2755 1154 2822 γεγονότες,
1204 2758 1296 2810 καὶ
1357 2760 1424 2812 τὰ
1486 2761 1579 2813 ἐπὶ
1636 2760 1850 2832 λιθίνης

277 2843 481 2913 στήλης
513 2844 766 2912 εὑρόντες
795 2849 1255 2916 ἐγγεγραμμένα,
1283 2849 1382 2921 τὴν
1413 2853 1524 2904 τῶν
1577 2853 1850 2922 οὐρανίων

275 2936 687 3004 συνεγράψαντο
735 2939 1042 3007 ἐπιστήμην
1071 2955 1086 2970 ·
1137 2941 1393 2995 τοσοῦτον
1437 2942 1851 3013 θαυμασθέντες

275 3029 429 3097 παρά
455 3029 622 3080 πᾶσιν
653 3029 742 3080 ἐπὶ
789 3031 971 3099 σοφίᾳ.
1006 3031 1148 3085 ὥστε
1199 3035 1443 3099 καὶτοὺς
1478 3038 1658 3090 αὐτῶν
1704 3037 1850 3107 φιλο-

1371 347 1472 406 ΕΧ
1513 347 1748 406 LlBRO
1793 347 1889 406 DE
1930 346 2456 404 ΑΒΤιιοκοΜιΑ.

1150 457 1240 512 τοῦ
1297 461 1510 512 ἑαυτῶν
1562 463 1848 528 γεγονότες
1881 467 1922 516 Α

1884 1795 1922 1848 Β

3419 348 3524 409 998

2030 455 2091 508 Χ.
2127 457 2421 510 Enimvero
2449 471 2573 508 eum
2630 454 2684 509 bi
2717 455 2801 510 sui
2832 458 3073 525 parentis
3103 455 3407 512 imitatores
3438 473 3525 512 es-

1952 558 2092 609 sent,
2134 549 2200 601 de
2253 548 2572 603 cwlestibus
2602 562 2907 616 eorumque
2964 547 3158 601 ordine
3212 556 3269 600 et
3325 560 3524 604 ornatu

1950 639 2324 708 philosophari
2357 639 2669 709 cogitarunt
2723 658 2736 693 :
2789 638 3064 708 primique
3099 639 3407 694 litterarum
3441 648 3526 710 ty-

1951 746 2069 798 pos,
2099 732 2221 784 coeli
2255 732 2430 798 signa,
2475 730 2603 784 anni
2636 731 2872 799 partium
2903 729 3294 785 conversiones
3319 741 3373 784 et
3404 747 3526 801 sep-

1953 823 2183 876 timanas
2221 825 2572 889 invenerunt,
2602 824 2831 893 fixisque
2863 823 3036 878 stellis
3065 838 3128 877 ac
3158 823 3392 892 planetis
3425 839 3524 878 no-

1950 917 2096 970 mina
2131 919 2463 986 imposuere.
2513 917 2592 971 Ne
2624 932 2753 970 vero
2781 919 2873 971 illa
2933 916 3154 971 inventa
3212 916 3527 972 hominibus

1952 1008 2220 1077 perirent,
2245 1016 2303 1061 et
2337 1017 2630 1076 antequam
2665 1008 2848 1062 forent
2875 1009 3090 1076 cognita
3107 1014 3524 1068 evanescerent,

1951 1113 2075 1152 cum
2105 1099 2345 1153 universi
2373 1099 2703 1154 deletionem
2745 1101 3075 1168 ruinamque
3117 1099 3418 1168 duplicem,
3463 1098 3518 1151 vi

1952 1190 2092 1260 ignis
2124 1191 2374 1256 alteram,
2409 1191 2638 1246 alteram
2687 1192 2897 1245 infinita
2932 1207 3202 1260 aquarum
3233 1191 3391 1257 copia
3438 1189 3525 1243 fu-

1954 1294 2134 1337 turam
2185 1284 2533 1352 praedixisset
2581 1283 2842 1349 Adamus,
2873 1283 3146 1337 columnis
3177 1283 3392 1338 duabus
3422 1297 3520 1337 ex-

1952 1377 2175 1430 structis
2213 1377 2550 1446 erectisque.
2595 1392 2700 1430 una
2737 1377 2958 1446 quidem
2991 1377 3254 1439 lateritia,
3303 1375 3520 1445 lapidea

1953 1468 2150 1534 altera,
2207 1468 2428 1522 inventa
2483 1483 2578 1522 sua
2627 1470 2844 1536 utrique
2887 1470 3310 1537 inscripserunt,
3352 1477 3431 1532 ut,
3474 1467 3521 1521 si

1953 1559 2191 1612 1..tcritia
2225 1559 2293 1612 ab
2331 1559 2645 1628 ingentibus
2700 1561 3044 1630 profusisque
3095 1560 3365 1615 imbribus
3395 1575 3519 1614 cor-

1956 1669 2145 1723 rump:
2158 1664 2328 1717 retur,
2356 1655 2570 1722 lapidea
2593 1663 2926 1723 superesset,
2952 1670 3016 1707 ex
3040 1669 3145 1722 qua
3176 1660 3400 1721 possent
3428 1653 3526 1706 ho-

1957 1746 2130 1797 mines
2159 1756 2356 1799 cuncta
2392 1747 2650 1814 inscripta
2689 1747 2994 1807 addiscere,
3028 1755 3190 1813 atque
3230 1744 3524 1799 lateritiam

1952 1836 2020 1889 ab
2058 1837 2434 1906 ipsis‘quoque
2486 1837 2654 1891 fuisse
2702 1847 2940 1891 erectam
2991 1847 3045 1890 et
3087 1846 3460 1890 consecratam
3508 1853 3520 1887 :

1951 1943 2113 1996 quam
2146 1928 2328 1992 etiam,
2366 1929 2635 2001 lapideam
2669 1929 2815 1991 dico,
2849 1929 2914 1983 ad
2950 1931 3039 1984 illa
3074 1945 3248 1999 usque
3276 1938 3524 1998 tempora

1953 2018 2007 2072 in
2061 2019 2217 2090 Syria
2261 2030 2407 2074 stare
2446 2036 2509 2074 ac
2543 2035 2868 2090 permanere
2902 2021 2999 2075 ait.
3041 2021 3110 2075 At
3142 2038 3263 2076 cum
3315 2022 3526 2075 diluvio

1956 2121 2099 2165 terra
2131 2121 2387 2179 cooperta
2414 2113 2625 2178 fuisset,
2653 2129 2716 2168 ac
2748 2115 2896 2170 solus
2929 2114 3062 2179 Noe,
3097 2114 3321 2168 secundi
3368 2130 3525 2167 mun-

1951 2202 2004 2257 di
2043 2204 2296 2273 priuceps
2314 2203 2511 2267 factus,
2536 2214 2787 2259 servatus
2818 2206 3281 2275 fuisset,ejusque
3313 2207 3522 2273 posteri

1951 2296 2200 2358 audacia,
2232 2311 2393 2365 quam
2427 2297 2610 2350 animo
2658 2305 3137 2366 praesumpserant,
3174 2299 3365 2352 turrim
3397 2297 3529 2353 tedi-

1952 2384 2230 2448 ﬂcassent,
2274 2388 2627 2458 ipsorumque
2656 2389 2855 2458 linguae
2893 2391 3136 2444 confusa:
3165 2392 3526 2459 perturbata:-

1952 2491 2059 2545 que
2098 2476 2376 2542 fuissent,
2404 2479 2548 2546 quod
2584 2479 2772 2549 inique
2802 2491 3102 2550 spretoque
3125 2483 3236 2535 Deo
3259 2483 3311 2535 in
3345 2483 3522 2552 ipsum

1951 2571 2350 2639 eonjurasscnt,
2411 2572 2690 2640 propriam
2763 2573 3114 2642 nativamque
3166 2575 3526 2645 Arphaxadus

1951 2661 2198 2722 retinuit,
2227 2671 2282 2716 et
2305 2663 2688 2718 Chaldaeorum
2715 2667 2954 2720 nationis
2987 2682 3186 2736 parens
3217 2680 3524 2739 auctorque

1953 2757 2076 2811 fuit.
2119 2757 2184 2812 Hi
2219 2773 2356 2813 vero
2387 2757 2623 2813 indolem
2662 2759 2862 2813 bonam
2899 2761 3291 2831 ingeniumque
3352 2765 3524 2826 nacti,

1951 2864 2073 2919 qua:
2105 2849 2335 2918 lapidea:
2369 2851 2641 2904 columnae
2713 2850 2978 2920 inscripta
3027 2860 3208 2913 eranl,
3264 2852 3525 2920 inventis,

1952 2939 2257 2997 cmlertium
2309 2938 2592 2993 scientiam
2651 2940 3046 3010 conscripsere.
3107 2939 3352 3006 Quorum
3417 2951 3524 2997 tam

1955 3030 2154 3085 eximia
2189 3030 2290 3084 fuit
2320 3031 2609 3100 sapientia,
2669 3041 2727 3084 ιιι
2761 3046 2858 3085 eos
2887 3046 3080 3085 omnes
3117 3033 3366 3087 homines
3415 3033 3528 3088 sint

279 3119 477 3187 σόφους
521 3120 647 3189 περὶ
670 3121 1033 3190 ἀστρονομίαν
1070 3123 1131 3177 τὸ
1165 3127 1330 3179 πλέον
1361 3128 1605 3198 ἔχοντας,
1639 3131 1729 3182 καὶ
1763 3148 1851 3200 γε-

1956 3121 2234 3185 admirati,
2265 3121 2402 3176 adeo
2435 3132 2491 3176 ut
2530 3122 2772 3191 ipsorum
2808 3123 3122 3192 philosophi
3160 3125 3210 3176 in
3247 3124 3412 3179 rebus
3439 3142 3526 3180 as-

279 3209 645 3278 νεθλιαλογεῖν
673 3212 774 3283 ἤδη
807 3217 1330 3284 προσποιουμένους,
1351 3219 1652 3285 Χαλδαίους
1685 3239 1852 3293 προσ-

277 3303 666 3373 αγορεύεσθαι.

352 3486 460 3538 l.-\‘.
509 3487 764 3555 Στράϐων
814 3489 1158 3559 γεωγραφών
1214 3493 1370 3562 φησὶ,
1412 3494 1490 3564 τῷ
1541 3497 1707 3567 κοινῷ
1756 3497 1850 3550 τοῦ

275 3577 470 3644 γένους
504 3579 730 3648 ὀνόματι
761 3582 886 3632 κατ’
932 3582 1124 3652 ἐξοχὴν
1154 3583 1589 3654 ὀνομαζομένους
1637 3589 1852 3642 οἰκοῦνε

276 3685 380 3730 τας
422 3667 520 3737 μέν
543 3670 642 3737 τῆς
667 3669 1012 3733 Βαϐυλωνίας
1047 3673 1229 3742 χώραν
1257 3676 1438 3737 αὐτοῖς
1463 3679 1543 3739 είς
1569 3683 1853 3732 κατοικίαν

279 3759 672 3830 ἀφωρισμένην
708 3763 1118 3831 πλησιάζουσαν
1151 3768 1262 3828 τοῖς
1297 3785 1352 3818 τε
1391 3769 1596 3838 Ἄραψι
1647 3775 1739 3824 καὶ
1785 3776 1850 3844 τῇ

280 3853 424 3903 κατὰ
467 3853 678 3922 Πέρσας
711 3855 980 3926 λεγομένῃ
1009 3856 1274 3928 θαλάσσῃ,
1315 3861 1397 3921 είς
1430 3861 1600 3913 πλείω
1629 3863 1684 3915 δὲ
1719 3866 1850 3935 γένη

277 3945 684 4015 διῃρημένους·
737 3951 830 3998 καὶ
891 3949 1017 4011 τοὺς
1069 3950 1170 4018 μὲν
1234 3952 1554 4022 Ὀρχηνοὺς,
1611 3955 1738 4018 τοὺς
1795 3957 1851 4008 δὲ

279 4038 650 4106 καλουμένους
688 4039 1089 4108 Βορσιππινοὺς
1121 4044 1214 4095 καὶ
1252 4045 1443 4107 ἄλλους
1478 4045 1678 4110 ἄλλως,
1703 4049 1852 4102 ὡσάν

280 4129 408 4180 καθ’
435 4130 676 4200 αἱρέσεις
704 4131 841 4184 ἄλλα
877 4136 970 4184 καὶ
1001 4132 1132 4186 ἄλλα
1179 4138 1310 4202 περὶ
1339 4137 1446 4188 τῶν
1493 4138 1671 4189 αὐτῶν
1703 4139 1855 4209 έχον-

279 4238 384 4282 τας
435 4221 700 4290 δόγματα.
741 4223 829 4276 Ἐν
872 4219 954 4287 οἷς
990 4226 1142 4280 ἄλλοι
1178 4243 1237 4280 τε
1287 4226 1531 4281 πλεῖστοι
1565 4231 1853 4298 γεγόνασιν

279 4314 553 4383 ἀξιόλογοι
601 4315 828 4386 ἄνδρες,
889 4318 984 4370 καὶ
1055 4320 1290 4386 μάλιστα
1341 4323 1707 4393 Ζωροάστρης
1760 4326 1856 4380 καὶ

285 4405 406 4475 μετ’
448 4408 656 4460 ἐκεῖνον
715 4409 983 4478 Ὀτάνης·
1024 4412 1051 4462 ὃ
1095 4428 1153 4462 τε
1207 4411 1443 4480 Κιδηνᾶς
1495 4419 1589 4468 καὶ
1643 4417 1854 4470 Ναϐου-

287 4496 492 4565 ριανὸς,
527 4500 622 4550 καὶ
656 4500 752 4552 σὺν
781 4501 966 4563 αὐτοῖς
990 4502 1017 4553 ΰ
1052 4504 1302 4566 Σουδῖνιος
1329 4521 1344 4538 ·
1386 4507 1522 4560 ἀλλὰ
1545 4510 1634 4560 καὶ
1662 4511 1856 4564 Σελευ-

284 4592 412 4650 κίας
475 4590 738 4653 Χαλδαῖος
801 4593 894 4644 καὶ
951 4591 1114 4656 οὗτός
1168 4598 1340 4650 ἐστιν.
1403 4600 1496 4653 Ἐκ
1549 4601 1756 4656 τούτων
1799 4605 1860 4658 τὸ

286 4677 519 4731 παλαιὸν
550 4682 576 4732 ὁ
613 4681 784 4748 μέγας
835 4683 1129 4752 γενόμενος
1193 4685 1465 4758 Ἀϐραὰμ,
1500 4693 1594 4743 καὶ
1644 4695 1860 4760 πρῶτος

287 4769 422 4821 Θεὸν
474 4772 580 4823 τῶν
607 4772 746 4825 ὅλων
793 4775 1129 4843 δημιουργὸν
1163 4779 1426 4845 ἐγνωκώς
1455 4799 1467 4812 ·
1494 4785 1606 4844 τοῖς
1657 4802 1716 4836 τε
1763 4787 1860 4855 τῆς

288 4863 392 4929 γῆς
443 4863 536 4914 καὶ
573 4863 850 4933 θαλάσσης
887 4866 1202 4934 παθήμασι,
1236 4871 1329 4921 καὶ
1368 4871 1468 4940 τῆς
1501 4874 1574 4942 (8)
1608 4882 1736 4945 περὶ
1767 4879 1861 4932 τὸν

283 4955 437 5022 ἥλιον
468 4953 561 5005 καὶ
595 4954 843 5025 σελήνην,
874 4959 970 5009 καὶ
993 4961 1128 5011 πᾶσι
1159 4962 1270 5022 τιῖς
1298 4961 1418 5013 κατ’
1460 4966 1686 5033 οὐρανὸν
1720 4985 1862 5037 συμ-

285 5048 536 5100 ϐαίνουσι
591 5049 980 5118 λογισάμενος·
1021 5052 1117 5103 καὶ
1168 5054 1344 5123 τούτῳ
1373 5056 1438 5125 δὴ
1493 5059 1861 5129 προσδραμὼν

289 5138 522 5206 ἑτοίμως
573 5139 846 5205 καλοῦντι,
886 5141 981 5191 καὶ
1032 5143 1107 5204 είς
1167 5143 1448 5205 Αἴγυπτον
1484 5147 1861 5215 ἀκολουθήσας

288 5233 585 5301 κατάγοντι
609 5247 622 5261 ·
658 5233 819 5285 κάκεῖ
849 5237 960 5294 τοῖς
1001 5233 1353 5300 λογιωτάτοις
1391 5237 1706 5302 Αἰγυπτίων
1741 5239 1858 5292 διασ

290 5324 478 5392 φόροις
523 5323 696 5374 ἔθεσιν
740 5325 1154 5393 ἀρεσκομένου,
1187 5329 1280 5378 καὶ
1325 5329 1391 5378 τὰ
1430 5328 1563 5395 παρ’
1612 5329 1862 5400 ἀλλήλοις

287 5414 680 5483 ἐκφαυλίξουσι
711 5417 918 5484 νόμιμα
955 5419 1048 5469 καὶ
1097 5417 1184 5469 διὰ
1227 5417 1383 5471 τοῦτο
1409 5418 1693 5487 δυσμενῶς
1725 5424 1862 5492 πρὸς

289 5506 560 5576 ἀλλήλους
591 5507 792 5575 έχουσι,
828 5507 1103 5577 συντυχὼν
1133 5509 1383 5572 ἑκάστοις
1408 5510 1586 5562 αὐτῶν
1609 5513 1863 5567 διαπτύει

294 5603 393 5667 μὲν
439 5594 531 5656 οὒς
583 5596 859 5649 ἐπτοοῦντο
907 5596 1097 5664 λόγους
1131 5602 1258 5668 περὶ
1307 5600 1413 5649 τῶν
1456 5600 1601 5654 ἰδίων
1648 5604 1862 5670 κενοὺς,

365 5775 441 5844 (8)
473 5773 619 5836 τοῖς.

1892 4474 1935 4527 υ

1957 3213 2278 3268 tronmnicis
2314 3222 2372 3266 ιιι
2428 3213 2722 3282 plurimum
2781 3213 3058 3282 occupati,
3110 3228 3288 3282 exque
3339 3212 3529 3284 figuris

1955 3303 2225 3358 natalitiis
2281 3304 2520 3372 cmlique
2569 3303 2907 3358 thematibus
2953 3305 3290 3374 praedicendi
3351 3313 3525 3361 artem

1954 3395 2213 3464 professi,
2251 3395 2490 3449 Chaldaei
2527 3395 2638 3450 sint
2681 3397 2844 3450 etiam
2899 3397 3175 3466 appellati.

2026 3483 2118 3538 XI.
2155 3485 2351 3539 Strabo
2400 3485 2454 3538 itt
2506 3485 2666 3540 libris
2720 3487 2836 3540 suis
2877 3488 3258 3557 geographicis
3293 3490 3528 3554 scribit,

1955 3580 2233 3633 communi
2261 3580 2443 3648 gentis
2473 3579 2696 3632 nomine
2726 3593 2824 3648 per
2850 3579 3228 3634 excellentiam
3262 3579 3526 3648 appellari

1956 3669 2160 3723 incolas
2183 3670 2522 3740 Babylonica:
2548 3671 2819 3726 Arabibus
2845 3681 2898 3723 et
2923 3670 3059 3725 mari
3090 3671 3141 3724 P-
3169 3672 3310 3724 rsico
3331 3671 3524 3726 vicina:

1956 3760 2216 3827 regionis,
2240 3776 2362 3827 qua:
2394 3761 2526 3828 ipsis
2549 3761 2600 3812 in
2636 3762 2824 3828 plures
2851 3762 3059 3816 classes
3085 3763 3276 3816 divisis
3305 3764 3374 3815 ad
3421 3752 3517 3816 ha.-

1955 3851 2240 3904 bitandum
2274 3850 2376 3903 fuit
2431 3851 2702 3904 attributa
2768 3859 2826 3904 et
2879 3852 3154 3919 seposita;
3221 3867 3529 3921 eorumque

1954 3941 2092 3994 alios
2121 3939 2434 4001 Orehcnos.
2497 3941 2635 3994 alios
2684 3941 3074 4010 Borsippenos,
3127 3942 3266 3995 alios
3297 3942 3530 3997 diversis

1955 4030 2273 4085 llOlItlllllJtlS
2331 4040 2554 4085 vocatos
2601 4032 2806 4096 fuisse;
2836 4041 3109 4100 quatenus
3141 4032 3310 4088 variis
3361 4033 3529 4086 sectis

1956 4125 2162 4180 addicti
2213 4125 2280 4181 de
2315 4127 2480 4181 rebus
2517 4126 2712 4181 iisdem
2775 4126 3146 4181 diversimode
3195 4127 3528 4180 sentiebant.

1957 4217 2014 4272 In
2045 4219 2245 4287 quibus
2273 4218 2496 4286 plurimi
2543 4219 2634 4272 alii
2669 4219 2921 4274 celebres
2946 4228 3002 4273 et
3042 4218 3202 4273 laude
3231 4218 3381 4287 digni
3433 4218 3533 4272 ﬂo-

1958 4319 2193 4364 ruerunt
2225 4311 2350 4376 viri,
2379 4327 2613 4380 quorum
2658 4312 2972 4380 prtecipuus
3007 4310 3291 4364 Zoroasler
3317 4321 3373 4364 et
3430 4309 3529 4378 qui

1958 4401 2110 4454 illum
2153 4409 2376 4454 secutus
2401 4408 2484 4454 est
2512 4399 2705 4455 Otones
2753 4399 3037 4462 elaruere;
3096 4395 3326 4453 Cidcnas
3379 4396 3534 4451 dein-

1961 4511 2090 4564 ceps
2116 4505 2171 4548 et
2223 4494 2588 4559 Naburimtus,
2634 4492 2838 4562 quibus
2877 4491 3113 4545 Sudinus
3164 4501 3530 4558 accensetur;

1962 4602 2152 4641 verum
2185 4587 2345 4640 etiam
2384 4585 2627 4641 Seleucus
2663 4585 2910 4640 Seleucia
2961 4585 3230 4639 oriundus
3259 4593 3345 4639 est
3393 4599 3534 4653 quo-

1962 4694 2068 4748 que
2096 4678 2398 4732 Chaldaeus.
2435 4678 2510 4731 Ex
2535 4694 2595 4731 ca
2621 4689 2782 4746 gette
2829 4693 3059 4746 magnus
3097 4677 3363 4730 Abraham
3399 4677 3530 4729 olim

1963 4781 2116 4824 ortus
2151 4771 2318 4826 Deum
2357 4772 2591 4824 universi
2623 4781 2954 4833 creatorem,
2984 4787 3048 4824 ex
3100 4771 3287 4833 variis,
3323 4786 3443 4839 qum
3477 4773 3531 4824 itt

1963 4871 2109 4916 terra
2138 4870 2195 4916 et
2222 4862 2356 4916 mari
2383 4873 2686 4917 cernuntur
2725 4863 3114 4918 atfectionibus
3136 4874 3192 4918 et
3226 4863 3535 4932 proprieta-

1965 4955 2128 5016 tibus.
2163 4971 2343 5025 exque
2373 4957 2650 5017 omnibus,
2683 4973 2802 5024 quae
2835 4959 2982 5011 circa
3029 4958 3197 5011 solent
3249 4963 3305 5009 et
3344 4956 3532 5008 lunam

1962 5057 2018 5102 et
2047 5049 2248 5104 ccelum
2289 5049 2568 5113 accidunt,
2607 5050 2986 5104 ratiocinando
3019 5051 3230 5118 primus
3252 5049 3530 5116 cognovit,

1963 5140 2028 5194 ad
2062 5157 2246 5209 quem,
2284 5158 2409 5196 cum
2448 5152 2670 5199 vocaret
2698 5144 2898 5210 ipsum,
2935 5143 3098 5196 celeri
3133 5157 3295 5194 cursu
3349 5155 3536 5194 acces-

1964 5234 2056 5298 sit,
2081 5245 2136 5288 et
2165 5234 2216 5286 in
2253 5233 2549 5305 Egyptum
2605 5236 2970 5288 deducentem
3025 5244 3246 5287 secutus
3279 5243 3382 5288 est.
3427 5234 3531 5291 Ubi

1965 5339 2089 5378 cum
2117 5322 2512 5392 Egyptiorutn,
2539 5325 2632 5392 qui
2659 5324 3152 5378 consuetudinilms
3167 5325 3400 5380 diversis
3420 5338 3538 5380 stu-

1967 5414 2182 5476 dentes,
2236 5412 2587 5482 invicemque
2619 5413 2711 5466 alii
2751 5413 2987 5466 aliorum
3053 5412 3198 5480 leges
3251 5415 3536 5482 despectui

1966 5506 2253 5568 habentes,
2279 5504 2486 5557 mutuis
2520 5505 2664 5557 inter
2698 5519 2754 5557 se
2783 5505 2926 5558 odiis
2959 5514 3014 5557 ct
3037 5505 3336 5559 inimicitiis
3358 5515 3537 5559 certa-

1968 5598 2116 5664 bant,
2147 5595 2334 5649 l'ttisset
2366 5595 2788 5664 sapientissimis
2827 5612 3174 5664 congressus,
3220 5608 3536 5650 aversatus-
