  <div class='ocr_page' id='page_1' title='image "/cluster/home/n/w/nwhite01/storage/ocr_20150623/149/mdp.39015078384750/518.png"; bbox 0 0 4064 6292; ppageno 0'>
   <div class='ocr_carea' id='block_1_1' title="bbox 249 388 380 454">
    <p class='ocr_par' dir='ltr' id='par_1_1' title="bbox 249 388 380 454">
     <span class='ocr_line' id='line_1_1' title="bbox 249 388 380 454; baseline -0.008 0"><span class='ocrx_word' id='word_1_1' title='bbox 249 388 380 454; x_wconf 71' lang='grc'>1001</span> 
     </span>
    </p>
   </div>
   <div class='ocr_carea' id='block_1_2' title="bbox 1241 387 2535 455">
    <p class='ocr_par' dir='ltr' id='par_1_2' title="bbox 1241 387 2535 455">
     <span class='ocr_line' id='line_1_2' title="bbox 1241 387 2535 455; baseline -0.002 0"><span class='ocrx_word' id='word_1_2' title='bbox 1241 390 1645 455; x_wconf 81' lang='lat' dir='ltr'><strong>GEURGIUS</strong></span> <span class='ocrx_word' id='word_1_3' title='bbox 1677 392 2036 453; x_wconf 76' lang='lat' dir='ltr'><strong>LAPITIIA.</strong></span> <span class='ocrx_word' id='word_1_4' title='bbox 2079 416 2145 427; x_wconf 77' lang='grc'><strong><em>-</em></strong></span> <span class='ocrx_word' id='word_1_5' title='bbox 2181 387 2535 453; x_wconf 84' lang='lat' dir='ltr'><strong>NOTITIA.</strong></span> 
     </span>
    </p>
   </div>
   <div class='ocr_carea' id='block_1_3' title="bbox 3361 389 3496 457">
    <p class='ocr_par' dir='ltr' id='par_1_3' title="bbox 3361 389 3496 457">
     <span class='ocr_line' id='line_1_3' title="bbox 3361 389 3496 457; baseline 0.044 -6"><span class='ocrx_word' id='word_1_6' title='bbox 3361 389 3496 457; x_wconf 75' lang='grc'><strong>1002</strong></span> 
     </span>
    </p>
   </div>
   <div class='ocr_carea' id='block_1_4' title="bbox 243 507 1816 585">
    <p class='ocr_par' dir='ltr' id='par_1_4' title="bbox 243 510 1813 585">
     <span class='ocr_line' id='line_1_4' title="bbox 243 510 1813 585; baseline 0.003 -21"><span class='ocrx_word' id='word_1_7' title='bbox 243 510 579 565; x_wconf 72' lang='grc' dir='ltr'>καθέκαστον</span> <span class='ocrx_word' id='word_1_8' title='bbox 610 511 863 580; x_wconf 76' lang='grc' dir='ltr'>ὁρίζοντα</span> <span class='ocrx_word' id='word_1_9' title='bbox 892 513 1044 581; x_wconf 74' lang='grc' dir='ltr'>παρὰ</span> <span class='ocrx_word' id='word_1_10' title='bbox 1078 513 1173 577; x_wconf 81' lang='grc' dir='ltr'>τὰς</span> <span class='ocrx_word' id='word_1_11' title='bbox 1201 515 1473 581; x_wconf 75' lang='grc' dir='ltr'><strong>ἐγκλίσεις</strong></span> <span class='ocrx_word' id='word_1_12' title='bbox 1509 516 1813 585; x_wconf 79' lang='grc' dir='ltr'><strong>γενομένης</strong></span> 
     </span>
    </p>
   </div>
   <div class='ocr_carea' id='block_1_5' title="bbox 1918 507 3495 585">
    <p class='ocr_par' dir='ltr' id='par_1_5' title="bbox 1920 507 3495 583">
     <span class='ocr_line' id='line_1_5' title="bbox 1920 507 3495 583; baseline -0.003 -16"><span class='ocrx_word' id='word_1_13' title='bbox 1920 528 2018 582; x_wconf 86' lang='lat' dir='ltr'><strong>per</strong></span> <span class='ocrx_word' id='word_1_14' title='bbox 2047 512 2295 583; x_wconf 83' lang='lat' dir='ltr'><strong>singulos</strong></span> <span class='ocrx_word' id='word_1_15' title='bbox 2354 512 2674 565; x_wconf 85' lang='lat' dir='ltr'><strong>horizontes</strong></span> <span class='ocrx_word' id='word_1_16' title='bbox 2726 524 2789 565; x_wconf 78' lang='lat' dir='ltr'><strong>ex</strong></span> <span class='ocrx_word' id='word_1_17' title='bbox 2848 507 3301 566; x_wconf 76' lang='lat' dir='ltr'><strong>inclinationibus</strong></span> <span class='ocrx_word' id='word_1_18' title='bbox 3328 507 3495 563; x_wconf 82' lang='lat' dir='ltr'><strong>variis</strong></span> 
     </span>
    </p>
   </div>
   <div class='ocr_carea' id='block_1_6' title="bbox 241 602 1816 679">
    <p class='ocr_par' dir='ltr' id='par_1_6' title="bbox 241 604 1816 679">
     <span class='ocr_line' id='line_1_6' title="bbox 241 604 1816 679; baseline 0.003 -24"><span class='ocrx_word' id='word_1_19' title='bbox 241 606 297 655; x_wconf 82' lang='grc' dir='ltr'>ὲν</span> <span class='ocrx_word' id='word_1_20' title='bbox 342 606 461 667; x_wconf 81' lang='grc' dir='ltr'>ταῖς</span> <span class='ocrx_word' id='word_1_21' title='bbox 509 604 697 668; x_wconf 82' lang='grc' dir='ltr'><strong>τάξεσι</strong></span> <span class='ocrx_word' id='word_1_22' title='bbox 752 607 1047 676; x_wconf 70' lang='grc' dir='ltr'><strong>διαφορᾶς⁸</strong></span> <span class='ocrx_word' id='word_1_23' title='bbox 1087 608 1144 659; x_wconf 80' lang='grc' dir='ltr'>ἐν</span> <span class='ocrx_word' id='word_1_24' title='bbox 1175 605 1233 659; x_wconf 79' lang='grc' dir='ltr'><strong>δὲ</strong></span> <span class='ocrx_word' id='word_1_25' title='bbox 1274 607 1352 677; x_wconf 83' lang='grc' dir='ltr'><strong>τῷ</strong></span> <span class='ocrx_word' id='word_1_26' title='bbox 1405 609 1575 679; x_wconf 75' lang='grc' dir='ltr'>τρίτῳ</span> <span class='ocrx_word' id='word_1_27' title='bbox 1625 608 1816 679; x_wconf 77' lang='grc' dir='ltr'>βιϐλίῳ</span> 
     </span>
    </p>
   </div>
   <div class='ocr_carea' id='block_1_7' title="bbox 1918 602 3496 679">
    <p class='ocr_par' dir='ltr' id='par_1_7' title="bbox 1921 602 3496 674">
     <span class='ocr_line' id='line_1_7' title="bbox 1921 602 3496 674; baseline -0.004 -14"><span class='ocrx_word' id='word_1_28' title='bbox 1921 614 2098 660; x_wconf 86' lang='lat' dir='ltr'><strong>ortam</strong></span> <span class='ocrx_word' id='word_1_29' title='bbox 2124 605 2362 674; x_wconf 85' lang='lat' dir='ltr'><strong>explicat</strong></span> <span class='ocrx_word' id='word_1_30' title='bbox 2395 612 2451 659; x_wconf 93' lang='lat' dir='ltr'><strong>et</strong></span> <span class='ocrx_word' id='word_1_31' title='bbox 2502 602 2769 659; x_wconf 91' lang='lat' dir='ltr'><strong>ostendit.</strong></span> <span class='ocrx_word' id='word_1_32' title='bbox 2801 602 2990 658; x_wconf 87' lang='lat' dir='ltr'><strong>Tertio</strong></span> <span class='ocrx_word' id='word_1_33' title='bbox 3035 602 3178 657; x_wconf 91' lang='lat' dir='ltr'><strong>libro</strong></span> <span class='ocrx_word' id='word_1_34' title='bbox 3210 603 3343 657; x_wconf 80' lang='lat' dir='ltr'><strong>solis</strong></span> <span class='ocrx_word' id='word_1_35' title='bbox 3375 616 3496 654; x_wconf 78' lang='lat' dir='ltr'><strong>mo-</strong></span> 
     </span>
    </p>
   </div>
   <div class='ocr_carea' id='block_1_8' title="bbox 240 692 1816 770">
    <p class='ocr_par' dir='ltr' id='par_1_8' title="bbox 240 695 1816 770">
     <span class='ocr_line' id='line_1_8' title="bbox 240 695 1816 770; baseline 0.004 -24"><span class='ocrx_word' id='word_1_36' title='bbox 240 697 335 762; x_wconf 79' lang='grc' dir='ltr'>τὴν</span> <span class='ocrx_word' id='word_1_37' title='bbox 361 695 593 766; x_wconf 78' lang='grc' dir='ltr'><strong>ἡλιακὴν</strong></span> <span class='ocrx_word' id='word_1_38' title='bbox 626 696 845 767; x_wconf 82' lang='grc' dir='ltr'>κίνησιν</span> <span class='ocrx_word' id='word_1_39' title='bbox 866 715 880 728; x_wconf 74' lang='grc' dir='ltr'><strong><em>ο</em></strong></span> <span class='ocrx_word' id='word_1_40' title='bbox 915 699 973 751; x_wconf 82' lang='grc' dir='ltr'>ὲν</span> <span class='ocrx_word' id='word_1_41' title='bbox 999 698 1056 752; x_wconf 81' lang='grc' dir='ltr'><strong>δὲ</strong></span> <span class='ocrx_word' id='word_1_42' title='bbox 1084 697 1161 766; x_wconf 83' lang='grc' dir='ltr'>τῷ</span> <span class='ocrx_word' id='word_1_43' title='bbox 1186 700 1429 770; x_wconf 79' lang='grc' dir='ltr'><strong>τετάρτῳ</strong></span> <span class='ocrx_word' id='word_1_44' title='bbox 1458 703 1552 753; x_wconf 85' lang='grc' dir='ltr'><strong>καὶ</strong></span> <span class='ocrx_word' id='word_1_45' title='bbox 1580 701 1816 770; x_wconf 79' lang='grc' dir='ltr'>πέμπτῳ</span> 
     </span>
    </p>
   </div>
   <div class='ocr_carea' id='block_1_9' title="bbox 1918 692 3496 770">
    <p class='ocr_par' dir='ltr' id='par_1_9' title="bbox 1920 692 3496 764">
     <span class='ocr_line' id='line_1_9' title="bbox 1920 692 3496 764; baseline -0.003 -13"><span class='ocrx_word' id='word_1_46' title='bbox 1920 706 2063 762; x_wconf 90' lang='lat' dir='ltr'><strong>tum,</strong></span> <span class='ocrx_word' id='word_1_47' title='bbox 2098 708 2156 751; x_wconf 93' lang='lat' dir='ltr'><strong>ut</strong></span> <span class='ocrx_word' id='word_1_48' title='bbox 2180 706 2235 751; x_wconf 92' lang='lat' dir='ltr'><strong>et</strong></span> <span class='ocrx_word' id='word_1_49' title='bbox 2277 704 2475 764; x_wconf 82' lang='lat' dir='ltr'><strong>quarto</strong></span> <span class='ocrx_word' id='word_1_50' title='bbox 2506 705 2561 750; x_wconf 90' lang='lat' dir='ltr'><strong>et</strong></span> <span class='ocrx_word' id='word_1_51' title='bbox 2603 696 2797 764; x_wconf 87' lang='lat' dir='ltr'><strong>quinto</strong></span> <span class='ocrx_word' id='word_1_52' title='bbox 2826 695 3102 759; x_wconf 81' lang='lat' dir='ltr'><strong>lunarem,</strong></span> <span class='ocrx_word' id='word_1_53' title='bbox 3132 692 3393 763; x_wconf 77' lang='lat' dir='ltr'><strong>expendit</strong></span> <span class='ocrx_word' id='word_1_54' title='bbox 3438 702 3496 747; x_wconf 91' lang='lat' dir='ltr'><strong>et</strong></span> 
     </span>
    </p>
   </div>
   <div class='ocr_carea' id='block_1_10' title="bbox 240 784 1820 860">
    <p class='ocr_par' dir='ltr' id='par_1_10' title="bbox 240 784 1820 860">
     <span class='ocr_line' id='line_1_10' title="bbox 240 784 1820 860; baseline 0.001 -24"><span class='ocrx_word' id='word_1_55' title='bbox 240 785 340 860; x_wconf 79' lang='grc' dir='ltr'>τὴν</span> <span class='ocrx_word' id='word_1_56' title='bbox 387 784 721 855; x_wconf 82' lang='grc' dir='ltr'>σεληνιακήν</span> <span class='ocrx_word' id='word_1_57' title='bbox 753 802 765 815; x_wconf 93' lang='grc'><strong>·</strong></span> <span class='ocrx_word' id='word_1_58' title='bbox 802 786 862 838; x_wconf 85' lang='grc' dir='ltr'>ὲν</span> <span class='ocrx_word' id='word_1_59' title='bbox 899 784 957 839; x_wconf 78' lang='grc' dir='ltr'><strong>δὲ</strong></span> <span class='ocrx_word' id='word_1_60' title='bbox 1006 786 1086 854; x_wconf 82' lang='grc' dir='ltr'>τῷ</span> <span class='ocrx_word' id='word_1_61' title='bbox 1134 786 1278 855; x_wconf 73' lang='grc' dir='ltr'>ἕκτῳ</span> <span class='ocrx_word' id='word_1_62' title='bbox 1323 786 1391 839; x_wconf 82' lang='grc' dir='ltr'>τὰ</span> <span class='ocrx_word' id='word_1_63' title='bbox 1442 786 1670 848; x_wconf 76' lang='grc' dir='ltr'><strong>ταύταις</strong></span> <span class='ocrx_word' id='word_1_64' title='bbox 1698 788 1820 838; x_wconf 78' lang='grc' dir='ltr'><strong>ἐπι-</strong></span> 
     </span>
    </p>
   </div>
   <div class='ocr_carea' id='block_1_11' title="bbox 241 874 1818 947">
    <p class='ocr_par' dir='ltr' id='par_1_11' title="bbox 241 874 1818 947">
     <span class='ocr_line' id='line_1_11' title="bbox 241 874 1818 947; baseline 0.003 -21"><span class='ocrx_word' id='word_1_65' title='bbox 241 874 651 945; x_wconf 76' lang='grc' dir='ltr'>συμσαενοντα,</span> <span class='ocrx_word' id='word_1_66' title='bbox 690 877 983 940; x_wconf 81' lang='grc' dir='ltr'>συνοδικάς</span> <span class='ocrx_word' id='word_1_67' title='bbox 1028 894 1087 929; x_wconf 83' lang='grc' dir='ltr'><strong>τε</strong></span> <span class='ocrx_word' id='word_1_68' title='bbox 1138 879 1281 947; x_wconf 74' lang='grc' dir='ltr'><strong>φημὶ</strong></span> <span class='ocrx_word' id='word_1_69' title='bbox 1314 878 1409 930; x_wconf 76' lang='grc' dir='ltr'><strong>καὶ</strong></span> <span class='ocrx_word' id='word_1_70' title='bbox 1454 878 1818 947; x_wconf 79' lang='grc' dir='ltr'>πανσεληνια-</span> 
     </span>
    </p>
   </div>
   <div class='ocr_carea' id='block_1_12' title="bbox 238 967 1817 1039">
    <p class='ocr_par' dir='ltr' id='par_1_12' title="bbox 238 967 1817 1039">
     <span class='ocr_line' id='line_1_12' title="bbox 238 967 1817 1039; baseline 0 -18"><span class='ocrx_word' id='word_1_71' title='bbox 238 969 341 1032; x_wconf 75' lang='grc' dir='ltr'>κάς</span> <span class='ocrx_word' id='word_1_72' title='bbox 378 967 666 1035; x_wconf 79' lang='grc' dir='ltr'><strong>συζυγίας,</strong></span> <span class='ocrx_word' id='word_1_73' title='bbox 706 969 799 1022; x_wconf 73' lang='grc' dir='ltr'><strong>καὶ</strong></span> <span class='ocrx_word' id='word_1_74' title='bbox 849 970 978 1031; x_wconf 83' lang='grc' dir='ltr'>τοὺς</span> <span class='ocrx_word' id='word_1_75' title='bbox 1008 969 1203 1031; x_wconf 74' lang='grc' dir='ltr'>ἄλλους</span> <span class='ocrx_word' id='word_1_76' title='bbox 1233 968 1327 1028; x_wconf 77' lang='grc' dir='ltr'>οὓς</span> <span class='ocrx_word' id='word_1_77' title='bbox 1376 970 1518 1038; x_wconf 83' lang='grc' dir='ltr'>πρὸς</span> <span class='ocrx_word' id='word_1_78' title='bbox 1541 969 1634 1021; x_wconf 77' lang='grc' dir='ltr'>τὸν</span> <span class='ocrx_word' id='word_1_79' title='bbox 1662 968 1817 1039; x_wconf 80' lang='grc' dir='ltr'>ἥλιον</span> 
     </span>
    </p>
   </div>
   <div class='ocr_carea' id='block_1_13' title="bbox 237 1060 1817 1131">
    <p class='ocr_par' dir='ltr' id='par_1_13' title="bbox 237 1060 1817 1131">
     <span class='ocr_line' id='line_1_13' title="bbox 237 1060 1817 1131; baseline 0 -18"><span class='ocrx_word' id='word_1_80' title='bbox 237 1062 270 1131; x_wconf 79' lang='grc' dir='ltr'>ἢ</span> <span class='ocrx_word' id='word_1_81' title='bbox 304 1060 534 1129; x_wconf 83' lang='grc' dir='ltr'><strong>σελήνην</strong></span> <span class='ocrx_word' id='word_1_82' title='bbox 567 1063 806 1114; x_wconf 78' lang='grc' dir='ltr'>ποιεῖται</span> <span class='ocrx_word' id='word_1_83' title='bbox 857 1061 1274 1131; x_wconf 81' lang='grc' dir='ltr'>σχηματισμούς</span> <span class='ocrx_word' id='word_1_84' title='bbox 1300 1078 1314 1092; x_wconf 76' lang='grc' dir='ltr'><strong>ο</strong></span> <span class='ocrx_word' id='word_1_85' title='bbox 1352 1061 1435 1114; x_wconf 77' lang='grc' dir='ltr'>ἔτι</span> <span class='ocrx_word' id='word_1_86' title='bbox 1485 1078 1550 1128; x_wconf 80' lang='grc' dir='ltr'>γε</span> <span class='ocrx_word' id='word_1_87' title='bbox 1579 1062 1686 1131; x_wconf 86' lang='grc' dir='ltr'><strong>μὴν</strong></span> <span class='ocrx_word' id='word_1_88' title='bbox 1722 1061 1817 1114; x_wconf 81' lang='grc' dir='ltr'><strong>καὶ</strong></span> 
     </span>
    </p>
   </div>
   <div class='ocr_carea' id='block_1_14' title="bbox 236 1152 1817 1223">
    <p class='ocr_par' dir='ltr' id='par_1_14' title="bbox 236 1152 1817 1223">
     <span class='ocr_line' id='line_1_14' title="bbox 236 1152 1817 1223; baseline -0.001 -18"><span class='ocrx_word' id='word_1_89' title='bbox 236 1154 335 1216; x_wconf 74' lang='grc' dir='ltr'>τὰς</span> <span class='ocrx_word' id='word_1_90' title='bbox 371 1152 721 1215; x_wconf 72' lang='grc' dir='ltr'><strong>ἐκλειπτικὰς</strong></span> <span class='ocrx_word' id='word_1_91' title='bbox 758 1154 1065 1221; x_wconf 72' lang='grc' dir='ltr'><strong>φαντασίας</strong></span> <span class='ocrx_word' id='word_1_92' title='bbox 1122 1155 1218 1207; x_wconf 77' lang='grc' dir='ltr'><strong>καὶ</strong></span> <span class='ocrx_word' id='word_1_93' title='bbox 1267 1154 1337 1206; x_wconf 79' lang='grc' dir='ltr'>τὰ</span> <span class='ocrx_word' id='word_1_94' title='bbox 1385 1153 1690 1223; x_wconf 83' lang='grc' dir='ltr'>παθήματα</span> <span class='ocrx_word' id='word_1_95' title='bbox 1715 1168 1727 1181; x_wconf 92' lang='grc'><strong>·</strong></span> <span class='ocrx_word' id='word_1_96' title='bbox 1758 1154 1817 1204; x_wconf 76' lang='grc' dir='ltr'>ὲν</span> 
     </span>
    </p>
   </div>
   <div class='ocr_carea' id='block_1_15' title="bbox 236 1241 1817 1314">
    <p class='ocr_par' dir='ltr' id='par_1_15' title="bbox 236 1241 1817 1314">
     <span class='ocr_line' id='line_1_15' title="bbox 236 1241 1817 1314; baseline -0.001 -17"><span class='ocrx_word' id='word_1_97' title='bbox 236 1246 292 1297; x_wconf 80' lang='grc' dir='ltr'><strong>δὲ</strong></span> <span class='ocrx_word' id='word_1_98' title='bbox 320 1244 399 1314; x_wconf 84' lang='grc' dir='ltr'>τῷ</span> <span class='ocrx_word' id='word_1_99' title='bbox 431 1244 647 1313; x_wconf 76' lang='grc' dir='ltr'><strong>ἑϐδόμῳ</strong></span> <span class='ocrx_word' id='word_1_100' title='bbox 682 1243 778 1295; x_wconf 69' lang='grc' dir='ltr'><strong>καὶ</strong></span> <span class='ocrx_word' id='word_1_101' title='bbox 806 1242 980 1314; x_wconf 81' lang='grc' dir='ltr'><strong>ὀγδόῳ</strong></span> <span class='ocrx_word' id='word_1_102' title='bbox 1013 1243 1083 1295; x_wconf 74' lang='grc' dir='ltr'>τὰ</span> <span class='ocrx_word' id='word_1_103' title='bbox 1114 1244 1248 1312; x_wconf 77' lang='grc' dir='ltr'>περὶ</span> <span class='ocrx_word' id='word_1_104' title='bbox 1276 1243 1378 1312; x_wconf 84' lang='grc' dir='ltr'>τῆς</span> <span class='ocrx_word' id='word_1_105' title='bbox 1421 1243 1531 1295; x_wconf 85' lang='grc' dir='ltr'>τῶν</span> <span class='ocrx_word' id='word_1_106' title='bbox 1558 1241 1817 1296; x_wconf 81' lang='grc' dir='ltr'>ἀπλανῶν</span> 
     </span>
    </p>
   </div>
   <div class='ocr_carea' id='block_1_16' title="bbox 236 1336 1816 1405">
    <p class='ocr_par' dir='ltr' id='par_1_16' title="bbox 236 1336 1816 1405">
     <span class='ocr_line' id='line_1_16' title="bbox 236 1336 1816 1405; baseline -0.001 -17"><span class='ocrx_word' id='word_1_107' title='bbox 236 1338 584 1405; x_wconf 72' lang='grc' dir='ltr'><strong>καλουμένων</strong></span> <span class='ocrx_word' id='word_1_108' title='bbox 642 1336 901 1405; x_wconf 73' lang='grc' dir='ltr'>σφαίρας.</span> <span class='ocrx_word' id='word_1_109' title='bbox 953 1337 1042 1389; x_wconf 89' lang='grc' dir='ltr'><strong>Ἐν</strong></span> <span class='ocrx_word' id='word_1_110' title='bbox 1098 1338 1153 1390; x_wconf 81' lang='grc' dir='ltr'><strong>δὲ</strong></span> <span class='ocrx_word' id='word_1_111' title='bbox 1208 1337 1322 1399; x_wconf 84' lang='grc' dir='ltr'>τοῖς</span> <span class='ocrx_word' id='word_1_112' title='bbox 1384 1337 1594 1399; x_wconf 81' lang='grc' dir='ltr'>λοιποῖς</span> <span class='ocrx_word' id='word_1_113' title='bbox 1652 1338 1816 1388; x_wconf 81' lang='grc' dir='ltr'>πέντε</span> 
     </span>
    </p>
   </div>
   <div class='ocr_carea' id='block_1_17' title="bbox 239 1426 1818 1497">
    <p class='ocr_par' dir='ltr' id='par_1_17' title="bbox 239 1426 1818 1497">
     <span class='ocr_line' id='line_1_17' title="bbox 239 1426 1818 1497; baseline -0.002 -17"><span class='ocrx_word' id='word_1_114' title='bbox 239 1427 467 1497; x_wconf 78' lang='grc' dir='ltr'>βιϐλίοις</span> <span class='ocrx_word' id='word_1_115' title='bbox 500 1428 566 1479; x_wconf 81' lang='grc' dir='ltr'>τὰ</span> <span class='ocrx_word' id='word_1_116' title='bbox 594 1428 723 1497; x_wconf 77' lang='grc' dir='ltr'>περὶ</span> <span class='ocrx_word' id='word_1_117' title='bbox 751 1427 860 1479; x_wconf 85' lang='grc' dir='ltr'><strong>τῶν</strong></span> <span class='ocrx_word' id='word_1_118' title='bbox 887 1427 1050 1480; x_wconf 83' lang='grc' dir='ltr'>πέντε</span> <span class='ocrx_word' id='word_1_119' title='bbox 1083 1426 1377 1494; x_wconf 82' lang='grc' dir='ltr'>πλανητῶν</span> <span class='ocrx_word' id='word_1_120' title='bbox 1409 1441 1818 1497; x_wconf 84' lang='grc' dir='ltr'>προσαγορευο-</span> 
     </span>
    </p>
   </div>
   <div class='ocr_carea' id='block_1_18' title="bbox 240 1514 1815 1586">
    <p class='ocr_par' dir='ltr' id='par_1_18' title="bbox 240 1514 1815 1586">
     <span class='ocr_line' id='line_1_18' title="bbox 240 1514 1815 1586; baseline -0.001 -17"><span class='ocrx_word' id='word_1_121' title='bbox 240 1519 438 1585; x_wconf 83' lang='grc' dir='ltr'>μένων.</span> <span class='ocrx_word' id='word_1_122' title='bbox 463 1518 712 1571; x_wconf 72' lang='lat' dir='ltr'><strong>&quot;Exacta</strong></span> <span class='ocrx_word' id='word_1_123' title='bbox 760 1518 818 1570; x_wconf 78' lang='grc' dir='ltr'>δὲ</span> <span class='ocrx_word' id='word_1_124' title='bbox 872 1518 1104 1581; x_wconf 85' lang='grc' dir='ltr'>τούτων,</span> <span class='ocrx_word' id='word_1_125' title='bbox 1134 1516 1209 1580; x_wconf 83' lang='grc' dir='ltr'>ὣς</span> <span class='ocrx_word' id='word_1_126' title='bbox 1265 1533 1436 1586; x_wconf 82' lang='grc' dir='ltr'>φησιν</span> <span class='ocrx_word' id='word_1_127' title='bbox 1490 1518 1547 1569; x_wconf 83' lang='grc' dir='ltr'>ὲν</span> <span class='ocrx_word' id='word_1_128' title='bbox 1595 1515 1673 1584; x_wconf 83' lang='grc' dir='ltr'><strong>τῷ</strong></span> <span class='ocrx_word' id='word_1_129' title='bbox 1720 1514 1815 1568; x_wconf 81' lang='grc' dir='ltr'>τοῦ</span> 
     </span>
    </p>
   </div>
   <div class='ocr_carea' id='block_1_19' title="bbox 235 1608 1814 1679">
    <p class='ocr_par' dir='ltr' id='par_1_19' title="bbox 235 1608 1814 1679">
     <span class='ocr_line' id='line_1_19' title="bbox 235 1608 1814 1679; baseline -0.002 -17"><span class='ocrx_word' id='word_1_130' title='bbox 235 1608 458 1679; x_wconf 82' lang='grc' dir='ltr'>πρώτου</span> <span class='ocrx_word' id='word_1_131' title='bbox 515 1610 777 1679; x_wconf 82' lang='grc' dir='ltr'>δευτέρῳ,</span> <span class='ocrx_word' id='word_1_132' title='bbox 828 1609 1106 1662; x_wconf 83' lang='grc' dir='ltr'>δείκνυσιν</span> <span class='ocrx_word' id='word_1_133' title='bbox 1158 1610 1187 1660; x_wconf 82' lang='grc' dir='ltr'><em>ὁ</em></span> <span class='ocrx_word' id='word_1_134' title='bbox 1241 1610 1404 1675; x_wconf 70' lang='grc' dir='ltr'>σοφὸς</span> <span class='ocrx_word' id='word_1_135' title='bbox 1463 1608 1814 1676; x_wconf 84' lang='grc' dir='ltr'>Πτολεμαῖος,</span> 
     </span>
    </p>
   </div>
   <div class='ocr_carea' id='block_1_20' title="bbox 235 1698 1816 1771">
    <p class='ocr_par' dir='ltr' id='par_1_20' title="bbox 235 1698 1816 1771">
     <span class='ocr_line' id='line_1_20' title="bbox 235 1698 1816 1771; baseline -0.004 -17"><span class='ocrx_word' id='word_1_136' title='bbox 235 1702 437 1771; x_wconf 82' lang='grc' dir='ltr'>ἀρχαῖς</span> <span class='ocrx_word' id='word_1_137' title='bbox 474 1700 571 1769; x_wconf 83' lang='grc' dir='ltr'><strong>μὲν</strong></span> <span class='ocrx_word' id='word_1_138' title='bbox 608 1703 703 1752; x_wconf 77' lang='grc' dir='ltr'><strong>καὶ</strong></span> <span class='ocrx_word' id='word_1_139' title='bbox 738 1700 927 1769; x_wconf 82' lang='grc' dir='ltr'>ὥσπερ</span> <span class='ocrx_word' id='word_1_140' title='bbox 962 1700 1238 1769; x_wconf 82' lang='grc' dir='ltr'>Θεμελίοις</span> <span class='ocrx_word' id='word_1_141' title='bbox 1270 1701 1350 1761; x_wconf 71' lang='grc' dir='ltr'><strong>εἰς</strong></span> <span class='ocrx_word' id='word_1_142' title='bbox 1391 1698 1489 1768; x_wconf 83' lang='grc' dir='ltr'>τὴν</span> <span class='ocrx_word' id='word_1_143' title='bbox 1530 1698 1816 1767; x_wconf 83' lang='grc' dir='ltr'>ἀνεύρεσιν</span> 
     </span>
    </p>
   </div>
   <div class='ocr_carea' id='block_1_21' title="bbox 234 1788 1813 1863">
    <p class='ocr_par' dir='ltr' id='par_1_21' title="bbox 234 1788 1813 1863">
     <span class='ocr_line' id='line_1_21' title="bbox 234 1788 1813 1863; baseline -0.003 -19"><span class='ocrx_word' id='word_1_144' title='bbox 234 1794 521 1863; x_wconf 81' lang='grc' dir='ltr'>χρώμενος</span> <span class='ocrx_word' id='word_1_145' title='bbox 572 1794 687 1855; x_wconf 85' lang='grc' dir='ltr'>τοῖς</span> <span class='ocrx_word' id='word_1_146' title='bbox 746 1791 1008 1862; x_wconf 72' lang='grc' dir='ltr'>ἐναργέσι</span> <span class='ocrx_word' id='word_1_147' title='bbox 1089 1790 1475 1860; x_wconf 77' lang='grc' dir='ltr'>φαινομένοις,</span> <span class='ocrx_word' id='word_1_148' title='bbox 1534 1788 1630 1842; x_wconf 77' lang='grc' dir='ltr'><strong>καὶ</strong></span> <span class='ocrx_word' id='word_1_149' title='bbox 1692 1790 1813 1849; x_wconf 88' lang='grc' dir='ltr'>ταῖς</span> 
     </span>
    </p>
   </div>
   <div class='ocr_carea' id='block_1_22' title="bbox 1918 785 3489 855">
    <p class='ocr_par' dir='ltr' id='par_1_22' title="bbox 1918 785 3489 855">
     <span class='ocr_line' id='line_1_22' title="bbox 1918 785 3489 855; baseline -0.003 -13"><span class='ocrx_word' id='word_1_150' title='bbox 1918 788 2271 842; x_wconf 85' lang='lat' dir='ltr'><strong>determinat.</strong></span> <span class='ocrx_word' id='word_1_151' title='bbox 2303 787 2470 841; x_wconf 86' lang='lat' dir='ltr'><strong>Sexto</strong></span> <span class='ocrx_word' id='word_1_152' title='bbox 2508 802 2629 855; x_wconf 74' lang='lat' dir='ltr'><strong>qua:</strong></span> <span class='ocrx_word' id='word_1_153' title='bbox 2662 786 2906 852; x_wconf 86' lang='lat' dir='ltr'><strong>utrisque</strong></span> <span class='ocrx_word' id='word_1_154' title='bbox 2931 785 3097 840; x_wconf 86' lang='lat' dir='ltr'><strong>simul</strong></span> <span class='ocrx_word' id='word_1_155' title='bbox 3133 785 3489 854; x_wconf 81' lang='lat' dir='ltr'><strong>contingunt,</strong></span> 
     </span>
    </p>
   </div>
   <div class='ocr_carea' id='block_1_23' title="bbox 1916 863 3496 951">
    <p class='ocr_par' dir='ltr' id='par_1_23' title="bbox 1916 863 3496 951">
     <span class='ocr_line' id='line_1_23' title="bbox 1916 863 3496 951; baseline -0.003 -17"><span class='ocrx_word' id='word_1_156' title='bbox 1916 880 2210 951; x_wconf 85' lang='lat' dir='ltr'><strong>synodicas</strong></span> <span class='ocrx_word' id='word_1_157' title='bbox 2249 894 2451 949; x_wconf 88' lang='lat' dir='ltr'><strong>nempe</strong></span> <span class='ocrx_word' id='word_1_158' title='bbox 2484 878 2733 949; x_wconf 76' lang='lat' dir='ltr'><strong>syzygias</strong></span> <span class='ocrx_word' id='word_1_159' title='bbox 2764 888 2820 933; x_wconf 90' lang='lat' dir='ltr'><strong>et</strong></span> <span class='ocrx_word' id='word_1_160' title='bbox 2871 877 3205 941; x_wconf 85' lang='lat' dir='ltr'><strong>plenilunia:</strong></span> <span class='ocrx_word' id='word_1_161' title='bbox 3248 863 3496 947; x_wconf 71' lang='lat' dir='ltr'><strong>aliasque</strong></span> 
     </span>
    </p>
   </div>
   <div class='ocr_carea' id='block_1_24' title="bbox 1918 969 3496 1041">
    <p class='ocr_par' dir='ltr' id='par_1_24' title="bbox 1918 969 3496 1041">
     <span class='ocr_line' id='line_1_24' title="bbox 1918 969 3496 1041; baseline -0.003 -14"><span class='ocrx_word' id='word_1_162' title='bbox 1918 972 2054 1027; x_wconf 84' lang='lat' dir='ltr'><strong>solis</strong></span> <span class='ocrx_word' id='word_1_163' title='bbox 2083 983 2137 1025; x_wconf 90' lang='lat' dir='ltr'><strong>et</strong></span> <span class='ocrx_word' id='word_1_164' title='bbox 2180 970 2325 1025; x_wconf 68' lang='lat' dir='ltr'><strong>lunaa</strong></span> <span class='ocrx_word' id='word_1_165' title='bbox 2351 971 2416 1024; x_wconf 86' lang='lat' dir='ltr'><strong>ad</strong></span> <span class='ocrx_word' id='word_1_166' title='bbox 2445 970 2680 1024; x_wconf 71' lang='lat' dir='ltr'><strong>invicem</strong></span> <span class='ocrx_word' id='word_1_167' title='bbox 2716 970 3070 1026; x_wconf 73' lang='lat' dir='ltr'><strong>habitudines</strong></span> <span class='ocrx_word' id='word_1_168' title='bbox 3099 980 3154 1025; x_wconf 89' lang='lat' dir='ltr'><strong>et</strong></span> <span class='ocrx_word' id='word_1_169' title='bbox 3184 969 3496 1041; x_wconf 51' lang='lat' dir='ltr'><strong>conﬁgura-</strong></span> 
     </span>
    </p>
   </div>
   <div class='ocr_carea' id='block_1_25' title="bbox 1918 1058 3496 1130">
    <p class='ocr_par' dir='ltr' id='par_1_25' title="bbox 1918 1058 3496 1130">
     <span class='ocr_line' id='line_1_25' title="bbox 1918 1058 3496 1130; baseline 0.001 -16"><span class='ocrx_word' id='word_1_170' title='bbox 1918 1060 2098 1115; x_wconf 85' lang='lat' dir='ltr'><strong>tiones</strong></span> <span class='ocrx_word' id='word_1_171' title='bbox 2128 1075 2158 1113; x_wconf 88' lang='lat' dir='ltr'><strong>a</strong></span> <span class='ocrx_word' id='word_1_172' title='bbox 2185 1075 2241 1114; x_wconf 85' lang='lat' dir='ltr'><strong>se</strong></span> <span class='ocrx_word' id='word_1_173' title='bbox 2274 1059 2617 1114; x_wconf 83' lang='lat' dir='ltr'><strong>observatas.</strong></span> <span class='ocrx_word' id='word_1_174' title='bbox 2674 1058 2920 1129; x_wconf 82' lang='lat' dir='ltr'><strong>Eclipses</strong></span> <span class='ocrx_word' id='word_1_175' title='bbox 2959 1068 3247 1130; x_wconf 73' lang='lat' dir='ltr'><strong>praeterea,</strong></span> <span class='ocrx_word' id='word_1_176' title='bbox 3285 1076 3496 1129; x_wconf 87' lang='lat' dir='ltr'><strong>easque</strong></span> 
     </span>
    </p>
   </div>
   <div class='ocr_carea' id='block_1_26' title="bbox 1917 1152 3500 1208">
    <p class='ocr_par' dir='ltr' id='par_1_26' title="bbox 1917 1152 3500 1208">
     <span class='ocr_line' id='line_1_26' title="bbox 1917 1152 3500 1208; baseline 0 -1"><span class='ocrx_word' id='word_1_177' title='bbox 1917 1153 2350 1207; x_wconf 86' lang='lat' dir='ltr'><strong>concomitantia</strong></span> <span class='ocrx_word' id='word_1_178' title='bbox 2389 1152 2696 1207; x_wconf 90' lang='lat' dir='ltr'><strong>accidentia</strong></span> <span class='ocrx_word' id='word_1_179' title='bbox 2724 1160 2781 1206; x_wconf 90' lang='lat' dir='ltr'><strong>et</strong></span> <span class='ocrx_word' id='word_1_180' title='bbox 2809 1152 3258 1208; x_wconf 76' lang='lat' dir='ltr'><strong>circumstantias</strong></span> <span class='ocrx_word' id='word_1_181' title='bbox 3313 1152 3500 1208; x_wconf 88' lang='lat' dir='ltr'><strong>decla-</strong></span> 
     </span>
    </p>
   </div>
   <div class='ocr_carea' id='block_1_27' title="bbox 1918 1234 3495 1312">
    <p class='ocr_par' dir='ltr' id='par_1_27' title="bbox 1918 1234 3495 1312">
     <span class='ocr_line' id='line_1_27' title="bbox 1918 1234 3495 1312; baseline 0.001 -17"><span class='ocrx_word' id='word_1_182' title='bbox 1918 1251 2027 1297; x_wconf 89' lang='lat' dir='ltr'><strong>rat.</strong></span> <span class='ocrx_word' id='word_1_183' title='bbox 2061 1234 2307 1312; x_wconf 79' lang='lat' dir='ltr'><strong>Septimo</strong></span> <span class='ocrx_word' id='word_1_184' title='bbox 2334 1252 2389 1296; x_wconf 90' lang='lat' dir='ltr'><strong>et</strong></span> <span class='ocrx_word' id='word_1_185' title='bbox 2416 1250 2611 1297; x_wconf 83' lang='lat' dir='ltr'><strong>octavo</strong></span> <span class='ocrx_word' id='word_1_186' title='bbox 2644 1257 2765 1311; x_wconf 63' lang='lat' dir='ltr'><strong>quae</strong></span> <span class='ocrx_word' id='word_1_187' title='bbox 2800 1241 2869 1296; x_wconf 91' lang='lat' dir='ltr'><strong>ad</strong></span> <span class='ocrx_word' id='word_1_188' title='bbox 2928 1243 3203 1311; x_wconf 74' lang='lat' dir='ltr'><strong>Spbaaram</strong></span> <span class='ocrx_word' id='word_1_189' title='bbox 3260 1243 3495 1297; x_wconf 83' lang='lat' dir='ltr'><strong>lixarum</strong></span> 
     </span>
    </p>
   </div>
   <div class='ocr_carea' id='block_1_28' title="bbox 1918 1332 3495 1403">
    <p class='ocr_par' dir='ltr' id='par_1_28' title="bbox 1918 1332 3495 1403">
     <span class='ocr_line' id='line_1_28' title="bbox 1918 1332 3495 1403; baseline 0.001 -16"><span class='ocrx_word' id='word_1_190' title='bbox 1918 1332 2199 1403; x_wconf 85' lang='lat' dir='ltr'><strong>pertinent</strong></span> <span class='ocrx_word' id='word_1_191' title='bbox 2229 1333 2511 1388; x_wconf 88' lang='lat' dir='ltr'><strong>stellarum</strong></span> <span class='ocrx_word' id='word_1_192' title='bbox 2559 1332 2902 1403; x_wconf 85' lang='lat' dir='ltr'><strong>exsequitur.</strong></span> <span class='ocrx_word' id='word_1_193' title='bbox 2934 1332 3238 1388; x_wconf 88' lang='lat' dir='ltr'><strong>Postremis</strong></span> <span class='ocrx_word' id='word_1_194' title='bbox 3273 1334 3495 1389; x_wconf 84' lang='lat' dir='ltr'><strong>tandem</strong></span> 
     </span>
    </p>
   </div>
   <div class='ocr_carea' id='block_1_29' title="bbox 1918 1425 3494 1496">
    <p class='ocr_par' dir='ltr' id='par_1_29' title="bbox 1918 1425 3494 1496">
     <span class='ocr_line' id='line_1_29' title="bbox 1918 1425 3494 1496; baseline 0.003 -18"><span class='ocrx_word' id='word_1_195' title='bbox 1918 1426 2163 1496; x_wconf 86' lang='lat' dir='ltr'><strong>quinque</strong></span> <span class='ocrx_word' id='word_1_196' title='bbox 2194 1425 2539 1495; x_wconf 83' lang='lat' dir='ltr'><strong>planetarum</strong></span> <span class='ocrx_word' id='word_1_197' title='bbox 2599 1426 3001 1496; x_wconf 87' lang='lat' dir='ltr'><strong>appellatorum</strong></span> <span class='ocrx_word' id='word_1_198' title='bbox 3059 1438 3245 1484; x_wconf 88' lang='lat' dir='ltr'><strong>motus</strong></span> <span class='ocrx_word' id='word_1_199' title='bbox 3278 1429 3494 1484; x_wconf 54' lang='lat' dir='ltr'><strong>exarui-</strong></span> 
     </span>
    </p>
   </div>
   <div class='ocr_carea' id='block_1_30' title="bbox 1919 1518 3492 1589">
    <p class='ocr_par' dir='ltr' id='par_1_30' title="bbox 1919 1518 3492 1589">
     <span class='ocr_line' id='line_1_30' title="bbox 1919 1518 3492 1589; baseline 0.004 -19"><span class='ocrx_word' id='word_1_200' title='bbox 1919 1525 2014 1570; x_wconf 89' lang='lat' dir='ltr'><strong>nat</strong></span> <span class='ocrx_word' id='word_1_201' title='bbox 2056 1528 2113 1572; x_wconf 86' lang='lat' dir='ltr'><strong>et</strong></span> <span class='ocrx_word' id='word_1_202' title='bbox 2157 1518 2581 1587; x_wconf 88' lang='lat' dir='ltr'><strong>contemplatur.</strong></span> <span class='ocrx_word' id='word_1_203' title='bbox 2622 1518 3069 1589; x_wconf 86' lang='lat' dir='ltr'><strong>Unumquodque</strong></span> <span class='ocrx_word' id='word_1_204' title='bbox 3107 1536 3241 1575; x_wconf 88' lang='lat' dir='ltr'><strong>vero</strong></span> <span class='ocrx_word' id='word_1_205' title='bbox 3273 1537 3492 1587; x_wconf 89' lang='lat' dir='ltr'><strong>eorum,</strong></span> 
     </span>
    </p>
   </div>
   <div class='ocr_carea' id='block_1_31' title="bbox 1919 1608 3492 1679">
    <p class='ocr_par' dir='ltr' id='par_1_31' title="bbox 1919 1608 3492 1679">
     <span class='ocr_line' id='line_1_31' title="bbox 1919 1608 3492 1679; baseline 0.005 -17"><span class='ocrx_word' id='word_1_206' title='bbox 1919 1616 1979 1662; x_wconf 92' lang='lat' dir='ltr'><strong>ut</strong></span> <span class='ocrx_word' id='word_1_207' title='bbox 2008 1622 2132 1677; x_wconf 82' lang='lat' dir='ltr'><strong>cap.</strong></span> <span class='ocrx_word' id='word_1_208' title='bbox 2171 1608 2205 1662; x_wconf 72' lang='grc'>2</span> <span class='ocrx_word' id='word_1_209' title='bbox 2235 1608 2363 1663; x_wconf 88' lang='lat' dir='ltr'><strong>libri</strong></span> <span class='ocrx_word' id='word_1_210' title='bbox 2391 1613 2430 1676; x_wconf 66' lang='lat' dir='ltr'><strong>tl</strong></span> <span class='ocrx_word' id='word_1_211' title='bbox 2459 1611 2576 1678; x_wconf 85' lang='lat' dir='ltr'><strong>ipse</strong></span> <span class='ocrx_word' id='word_1_212' title='bbox 2612 1612 2826 1677; x_wconf 84' lang='lat' dir='ltr'><strong>scribit,</strong></span> <span class='ocrx_word' id='word_1_213' title='bbox 2880 1613 3078 1668; x_wconf 84' lang='lat' dir='ltr'><strong>ductus</strong></span> <span class='ocrx_word' id='word_1_214' title='bbox 3136 1614 3492 1679; x_wconf 65' lang='lat' dir='ltr'><strong>Ptolemaeus,</strong></span> 
     </span>
    </p>
   </div>
   <div class='ocr_carea' id='block_1_32' title="bbox 1920 1698 3494 1777">
    <p class='ocr_par' dir='ltr' id='par_1_32' title="bbox 1920 1698 3494 1777">
     <span class='ocr_line' id='line_1_32' title="bbox 1920 1698 3494 1777; baseline 0.006 -26"><span class='ocrx_word' id='word_1_215' title='bbox 1920 1698 2226 1754; x_wconf 81' lang='lat' dir='ltr'><strong>manifestis</strong></span> <span class='ocrx_word' id='word_1_216' title='bbox 2248 1699 2525 1769; x_wconf 86' lang='lat' dir='ltr'><strong>clarisque</strong></span> <span class='ocrx_word' id='word_1_217' title='bbox 2554 1703 2955 1771; x_wconf 67' lang='lat' dir='ltr'><strong>phaznomenis,</strong></span> <span class='ocrx_word' id='word_1_218' title='bbox 2975 1708 3251 1777; x_wconf 87' lang='lat' dir='ltr'><strong>certisque</strong></span> <span class='ocrx_word' id='word_1_219' title='bbox 3279 1719 3335 1761; x_wconf 87' lang='lat' dir='ltr'><strong>et</strong></span> <span class='ocrx_word' id='word_1_220' title='bbox 3356 1708 3494 1761; x_wconf 89' lang='lat' dir='ltr'><strong>nulli</strong></span> 
     </span>
    </p>
   </div>
   <div class='ocr_carea' id='block_1_33' title="bbox 1920 1790 3493 1869">
    <p class='ocr_par' dir='ltr' id='par_1_33' title="bbox 1920 1790 3493 1869">
     <span class='ocr_line' id='line_1_33' title="bbox 1920 1790 3493 1869; baseline 0.007 -26"><span class='ocrx_word' id='word_1_221' title='bbox 1920 1790 2091 1845; x_wconf 89' lang='lat' dir='ltr'><strong>dubio</strong></span> <span class='ocrx_word' id='word_1_222' title='bbox 2122 1790 2399 1857; x_wconf 83' lang='lat' dir='ltr'><strong>obnoxiis,</strong></span> <span class='ocrx_word' id='word_1_223' title='bbox 2432 1808 2556 1862; x_wconf 66' lang='lat' dir='ltr'><strong>qua:</strong></span> <span class='ocrx_word' id='word_1_224' title='bbox 2614 1794 2684 1848; x_wconf 88' lang='lat' dir='ltr'><strong>ab</strong></span> <span class='ocrx_word' id='word_1_225' title='bbox 2742 1798 3124 1852; x_wconf 86' lang='lat' dir='ltr'><strong>anterioribus</strong></span> <span class='ocrx_word' id='word_1_226' title='bbox 3180 1800 3493 1869; x_wconf 88' lang='lat' dir='ltr'><strong>priscisque</strong></span> 
     </span>
    </p>
   </div>
   <div class='ocr_carea' id='block_1_34' title="bbox 235 1870 1816 1957">
    <p class='ocr_par' dir='ltr' id='par_1_34' title="bbox 235 1879 1815 1949">
     <span class='ocr_line' id='line_1_34' title="bbox 235 1879 1815 1949; baseline -0.001 -16"><span class='ocrx_word' id='word_1_227' title='bbox 235 1881 582 1945; x_wconf 81' lang='grc' dir='ltr'>ἁδιστάκτοις</span> <span class='ocrx_word' id='word_1_228' title='bbox 632 1882 739 1934; x_wconf 83' lang='grc' dir='ltr'><strong>τῶν</strong></span> <span class='ocrx_word' id='word_1_229' title='bbox 769 1899 830 1933; x_wconf 85' lang='grc' dir='ltr'><strong>τε</strong></span> <span class='ocrx_word' id='word_1_230' title='bbox 890 1882 996 1949; x_wconf 77' lang='grc' dir='ltr'>πρὸ</span> <span class='ocrx_word' id='word_1_231' title='bbox 1074 1882 1291 1933; x_wconf 75' lang='grc' dir='ltr'>ἐκείνου</span> <span class='ocrx_word' id='word_1_232' title='bbox 1362 1882 1457 1932; x_wconf 75' lang='grc' dir='ltr'><strong>καὶ</strong></span> <span class='ocrx_word' id='word_1_233' title='bbox 1525 1879 1636 1932; x_wconf 84' lang='grc' dir='ltr'><strong>τῶν</strong></span> <span class='ocrx_word' id='word_1_234' title='bbox 1695 1880 1815 1932; x_wconf 84' lang='grc' dir='ltr'>κατ’</span> 
     </span>
    </p>
   </div>
   <div class='ocr_carea' id='block_1_35' title="bbox 1918 1870 3495 1957">
    <p class='ocr_par' dir='ltr' id='par_1_35' title="bbox 1921 1884 3495 1957">
     <span class='ocr_line' id='line_1_35' title="bbox 1921 1884 3495 1957; baseline 0.006 -21"><span class='ocrx_word' id='word_1_235' title='bbox 1921 1884 2278 1949; x_wconf 88' lang='lat' dir='ltr'><strong>astronomis,</strong></span> <span class='ocrx_word' id='word_1_236' title='bbox 2312 1900 2544 1954; x_wconf 60' lang='lat' dir='ltr'><strong>quaeque</strong></span> <span class='ocrx_word' id='word_1_237' title='bbox 2579 1901 2678 1940; x_wconf 87' lang='lat' dir='ltr'><strong>sua</strong></span> <span class='ocrx_word' id='word_1_238' title='bbox 2728 1896 2890 1942; x_wconf 76' lang='lat' dir='ltr'><strong>aetate</strong></span> <span class='ocrx_word' id='word_1_239' title='bbox 2918 1890 3078 1944; x_wconf 81' lang='lat' dir='ltr'><strong>factae</strong></span> <span class='ocrx_word' id='word_1_240' title='bbox 3117 1890 3360 1957; x_wconf 84' lang='lat' dir='ltr'><strong>fuerant,</strong></span> <span class='ocrx_word' id='word_1_241' title='bbox 3393 1892 3495 1947; x_wconf 90' lang='lat' dir='ltr'><strong>ob—</strong></span> 
     </span>
    </p>
   </div>
   <div class='ocr_carea' id='block_1_36' title="bbox 234 1970 1816 2048">
    <p class='ocr_par' dir='ltr' id='par_1_36' title="bbox 234 1970 1813 2043">
     <span class='ocr_line' id='line_1_36' title="bbox 234 1970 1813 2043; baseline -0.002 -18"><span class='ocrx_word' id='word_1_242' title='bbox 234 1974 446 2025; x_wconf 81' lang='grc' dir='ltr'>ὲκείνον</span> <span class='ocrx_word' id='word_1_243' title='bbox 474 1976 794 2042; x_wconf 74' lang='grc' dir='ltr'>τηρήσεωνο</span> <span class='ocrx_word' id='word_1_244' title='bbox 830 1974 931 2036; x_wconf 75' lang='grc' dir='ltr'>τὰς</span> <span class='ocrx_word' id='word_1_245' title='bbox 970 1974 1027 2026; x_wconf 83' lang='grc' dir='ltr'>δὲ</span> <span class='ocrx_word' id='word_1_246' title='bbox 1063 1972 1265 2043; x_wconf 77' lang='grc' dir='ltr'>ἐφεξῆς</span> <span class='ocrx_word' id='word_1_247' title='bbox 1295 1972 1404 2025; x_wconf 86' lang='grc' dir='ltr'><strong>τῶν</strong></span> <span class='ocrx_word' id='word_1_248' title='bbox 1449 1970 1813 2041; x_wconf 73' lang='grc' dir='ltr'>καταλήψεων</span> 
     </span>
    </p>
   </div>
   <div class='ocr_carea' id='block_1_37' title="bbox 1918 1970 3499 2048">
    <p class='ocr_par' dir='ltr' id='par_1_37' title="bbox 1925 1975 3499 2048">
     <span class='ocr_line' id='line_1_37' title="bbox 1925 1975 3499 2048; baseline 0.006 -21"><span class='ocrx_word' id='word_1_249' title='bbox 1925 1975 2352 2041; x_wconf 78' lang='lat' dir='ltr'><strong>servationibus,</strong></span> <span class='ocrx_word' id='word_1_250' title='bbox 2381 1991 2482 2045; x_wconf 91' lang='lat' dir='ltr'><strong>pro</strong></span> <span class='ocrx_word' id='word_1_251' title='bbox 2516 1977 2810 2048; x_wconf 89' lang='lat' dir='ltr'><strong>principiis</strong></span> <span class='ocrx_word' id='word_1_252' title='bbox 2847 1982 2915 2034; x_wconf 79' lang='lat' dir='ltr'><strong>ai:</strong></span> <span class='ocrx_word' id='word_1_253' title='bbox 2953 1982 3123 2036; x_wconf 84' lang='lat' dir='ltr'><strong>veluti</strong></span> <span class='ocrx_word' id='word_1_254' title='bbox 3159 1982 3499 2038; x_wconf 79' lang='lat' dir='ltr'><strong>fundamen-</strong></span> 
     </span>
    </p>
   </div>
   <div class='ocr_carea' id='block_1_38' title="bbox 232 2065 1816 2142">
    <p class='ocr_par' dir='ltr' id='par_1_38' title="bbox 232 2065 1815 2138">
     <span class='ocr_line' id='line_1_38' title="bbox 232 2065 1815 2138; baseline -0.001 -20"><span class='ocrx_word' id='word_1_255' title='bbox 232 2066 566 2137; x_wconf 73' lang='grc' dir='ltr'><strong>ἑφαρμόζων</strong></span> <span class='ocrx_word' id='word_1_256' title='bbox 610 2066 697 2120; x_wconf 76' lang='grc' dir='ltr'><strong>διὰ</strong></span> <span class='ocrx_word' id='word_1_257' title='bbox 753 2066 862 2121; x_wconf 83' lang='grc' dir='ltr'>τῶν</span> <span class='ocrx_word' id='word_1_258' title='bbox 915 2068 972 2119; x_wconf 82' lang='grc' dir='ltr'>ὲν</span> <span class='ocrx_word' id='word_1_259' title='bbox 1030 2068 1150 2130; x_wconf 84' lang='grc' dir='ltr'>ταῖς</span> <span class='ocrx_word' id='word_1_260' title='bbox 1202 2068 1552 2138; x_wconf 82' lang='grc' dir='ltr'>γραμμικαῖς</span> <span class='ocrx_word' id='word_1_261' title='bbox 1600 2065 1815 2133; x_wconf 76' lang='grc' dir='ltr'>ἐφόδοις</span> 
     </span>
    </p>
   </div>
   <div class='ocr_carea' id='block_1_39' title="bbox 1918 2065 3494 2142">
    <p class='ocr_par' dir='ltr' id='par_1_39' title="bbox 1927 2066 3494 2142">
     <span class='ocr_line' id='line_1_39' title="bbox 1927 2066 3494 2142; baseline 0.006 -24"><span class='ocrx_word' id='word_1_262' title='bbox 1927 2067 1996 2120; x_wconf 84' lang='lat' dir='ltr'><strong>tis</strong></span> <span class='ocrx_word' id='word_1_263' title='bbox 2029 2066 2316 2131; x_wconf 89' lang='lat' dir='ltr'><strong>adhibitis,</strong></span> <span class='ocrx_word' id='word_1_264' title='bbox 2349 2068 2614 2123; x_wconf 88' lang='lat' dir='ltr'><strong>ostendit.</strong></span> <span class='ocrx_word' id='word_1_265' title='bbox 2639 2069 2770 2135; x_wconf 81' lang='lat' dir='ltr'><strong>Quae</strong></span> <span class='ocrx_word' id='word_1_266' title='bbox 2793 2086 2924 2125; x_wconf 88' lang='lat' dir='ltr'><strong>vero</strong></span> <span class='ocrx_word' id='word_1_267' title='bbox 2947 2088 3011 2127; x_wconf 84' lang='lat' dir='ltr'><strong>ex</strong></span> <span class='ocrx_word' id='word_1_268' title='bbox 3068 2074 3177 2128; x_wconf 87' lang='lat' dir='ltr'><strong>illis</strong></span> <span class='ocrx_word' id='word_1_269' title='bbox 3221 2074 3494 2142; x_wconf 78' lang='lat' dir='ltr'><strong>colligun-</strong></span> 
     </span>
    </p>
   </div>
   <div class='ocr_carea' id='block_1_40' title="bbox 234 2157 591 2224">
    <p class='ocr_par' dir='ltr' id='par_1_40' title="bbox 234 2157 591 2224">
     <span class='ocr_line' id='line_1_40' title="bbox 234 2157 591 2224; baseline 0.006 -13"><span class='ocrx_word' id='word_1_270' title='bbox 234 2157 591 2224; x_wconf 75' lang='grc' dir='ltr'><strong>ἀποδείξεων.</strong></span> 
     </span>
    </p>
   </div>
   <div class='ocr_carea' id='block_1_41' title="bbox 1923 2160 3495 2230">
    <p class='ocr_par' dir='ltr' id='par_1_41' title="bbox 1923 2160 3495 2230">
     <span class='ocr_line' id='line_1_41' title="bbox 1923 2160 3495 2230; baseline 0.004 -17"><span class='ocrx_word' id='word_1_271' title='bbox 1923 2170 2011 2213; x_wconf 88' lang='lat' dir='ltr'><strong>tur</strong></span> <span class='ocrx_word' id='word_1_272' title='bbox 2043 2169 2099 2213; x_wconf 82' lang='lat' dir='ltr'><strong>et</strong></span> <span class='ocrx_word' id='word_1_273' title='bbox 2127 2160 2697 2230; x_wconf 85' lang='lat' dir='ltr'><strong>comprehenduntur,</strong></span> <span class='ocrx_word' id='word_1_274' title='bbox 2726 2162 3037 2220; x_wconf 81' lang='lat' dir='ltr'><strong>linearibus</strong></span> <span class='ocrx_word' id='word_1_275' title='bbox 3063 2164 3495 2220; x_wconf 58' lang='lat' dir='ltr'><strong>demonstratio-</strong></span> 
     </span>
    </p>
   </div>
   <div class='ocr_carea' id='block_1_42' title="bbox 1918 2252 2996 2326">
    <p class='ocr_par' dir='ltr' id='par_1_42' title="bbox 1918 2252 2996 2326">
     <span class='ocr_line' id='line_1_42' title="bbox 1918 2252 2996 2326; baseline 0.007 -21"><span class='ocrx_word' id='word_1_276' title='bbox 1918 2252 2083 2307; x_wconf 82' lang='lat' dir='ltr'><strong>nibus</strong></span> <span class='ocrx_word' id='word_1_277' title='bbox 2114 2261 2240 2321; x_wconf 86' lang='lat' dir='ltr'><strong>apte</strong></span> <span class='ocrx_word' id='word_1_278' title='bbox 2272 2254 2679 2309; x_wconf 86' lang='lat' dir='ltr'><strong>accommodata</strong></span> <span class='ocrx_word' id='word_1_279' title='bbox 2723 2255 2996 2326; x_wconf 84' lang='lat' dir='ltr'><strong>explanat.</strong></span> 
     </span>
    </p>
   </div>
   <div class='ocr_carea' id='block_1_43' title="bbox 269 2420 3496 2468">
    <p class='ocr_par' dir='ltr' id='par_1_43' title="bbox 269 2420 3496 2468">
     <span class='ocr_line' id='line_1_43' title="bbox 269 2420 3496 2468; baseline 0.001 -2"><span class='ocrx_word' id='word_1_280' title='bbox 269 2420 3496 2468; x_wconf 43' lang='grc' dir='ltr'><em>Μ</em></span> 
     </span>
    </p>
   </div>
   <div class='ocr_carea' id='block_1_44' title="bbox 1480 2597 2238 2644">
    <p class='ocr_par' dir='ltr' id='par_1_44' title="bbox 1480 2597 2238 2644">
     <span class='ocr_line' id='line_1_44' title="bbox 1480 2597 2238 2644; baseline 0.004 -3"><span class='ocrx_word' id='word_1_281' title='bbox 1480 2597 1647 2643; x_wconf 80' lang='lat' dir='ltr'><strong>ANNO</strong></span> <span class='ocrx_word' id='word_1_282' title='bbox 1692 2597 1924 2643; x_wconf 81' lang='lat' dir='ltr'><strong>DOMINI</strong></span> <span class='ocrx_word' id='word_1_283' title='bbox 1969 2600 2238 2644; x_wconf 80' lang='lat' dir='ltr'><strong>MCCCXLI</strong></span> 
     </span>
    </p>
   </div>
   <div class='ocr_carea' id='block_1_45' title="bbox 534 2753 3254 3082">
    <p class='ocr_par' dir='ltr' id='par_1_45' title="bbox 534 2753 3254 3082">
     <span class='ocr_line' id='line_1_45' title="bbox 534 2753 3254 3082; baseline 0.003 -119"><span class='ocrx_word' id='word_1_284' title='bbox 534 2753 1897 3082; x_wconf 72' lang='lat' dir='ltr'><strong>GEORGIUs</strong></span> <span class='ocrx_word' id='word_1_285' title='bbox 2041 2756 3254 2971; x_wconf 86' lang='lat' dir='ltr'><strong>LAPITHA</strong></span> 
     </span>
    </p>
   </div>
   <div class='ocr_carea' id='block_1_46' title="bbox 1419 3184 2310 3241">
    <p class='ocr_par' dir='ltr' id='par_1_46' title="bbox 1419 3184 2310 3241">
     <span class='ocr_line' id='line_1_46' title="bbox 1419 3184 2310 3241; baseline 0 0"><span class='ocrx_word' id='word_1_286' title='bbox 1419 3184 1558 3241; x_wconf 84' lang='grc' dir='ltr'><strong>ΤΟΥ</strong></span> <span class='ocrx_word' id='word_1_287' title='bbox 1601 3185 2000 3240; x_wconf 76' lang='grc' dir='ltr'><strong>ΣΟΦΩΤΑΤΟΥ</strong></span> <span class='ocrx_word' id='word_1_288' title='bbox 2049 3187 2310 3241; x_wconf 82' lang='grc' dir='ltr'>ΚΥιίΟΥ</span> 
     </span>
    </p>
   </div>
   <div class='ocr_carea' id='block_1_47' title="bbox 704 3342 3034 3587">
    <p class='ocr_par' dir='ltr' id='par_1_47' title="bbox 704 3342 3034 3587">
     <span class='ocr_line' id='line_1_47' title="bbox 704 3342 3034 3587; baseline 0.005 -73"><span class='ocrx_word' id='word_1_289' title='bbox 704 3342 1820 3517; x_wconf 77' lang='grc' dir='ltr'><strong>ΓΕΩΡΓΙΟΥ</strong></span> <span class='ocrx_word' id='word_1_290' title='bbox 1935 3343 3034 3587; x_wconf 63' lang='grc' dir='ltr'><strong>ΑΑΙΠΘΟΥ,</strong></span> 
     </span>
    </p>
   </div>
   <div class='ocr_carea' id='block_1_48' title="bbox 1609 3596 2116 3663">
    <p class='ocr_par' dir='ltr' id='par_1_48' title="bbox 1609 3596 2116 3663">
     <span class='ocr_line' id='line_1_48' title="bbox 1609 3596 2116 3663; baseline 0.004 -14"><span class='ocrx_word' id='word_1_291' title='bbox 1609 3596 1746 3651; x_wconf 83' lang='grc' dir='ltr'><strong>ΤΟΥ</strong></span> <span class='ocrx_word' id='word_1_292' title='bbox 1782 3597 2116 3663; x_wconf 84' lang='grc' dir='ltr'><strong>ΚΥΠΡΙΟΥ,</strong></span> 
     </span>
    </p>
   </div>
   <div class='ocr_carea' id='block_1_49' title="bbox 904 3750 2807 3843">
    <p class='ocr_par' dir='ltr' id='par_1_49' title="bbox 904 3750 2807 3843">
     <span class='ocr_line' id='line_1_49' title="bbox 904 3750 2807 3843; baseline 0.004 -10"><span class='ocrx_word' id='word_1_293' title='bbox 904 3750 1286 3835; x_wconf 61' lang='grc' dir='ltr'><strong>Σ¹ΙΤΙΧΟΙ</strong></span> <span class='ocrx_word' id='word_1_294' title='bbox 1363 3752 1972 3839; x_wconf 87' lang='grc' dir='ltr'><strong>ΠΟΛΙΤΙΚΟΙ</strong></span> <span class='ocrx_word' id='word_1_295' title='bbox 2050 3754 2807 3843; x_wconf 82' lang='grc' dir='ltr'><strong>ΛΥΤΟΣΧΕΔΙΟΙ</strong></span> 
     </span>
    </p>
   </div>
   <div class='ocr_carea' id='block_1_50' title="bbox 1644 3903 2078 3957">
    <p class='ocr_par' dir='ltr' id='par_1_50' title="bbox 1644 3903 2078 3957">
     <span class='ocr_line' id='line_1_50' title="bbox 1644 3903 2078 3957; baseline 0.002 -2"><span class='ocrx_word' id='word_1_296' title='bbox 1644 3903 1771 3955; x_wconf 84' lang='grc' dir='ltr'><strong>ΕΙΣ</strong></span> <span class='ocrx_word' id='word_1_297' title='bbox 1806 3904 2078 3957; x_wconf 83' lang='grc' dir='ltr'><strong>ΑΚΟΗΝ.</strong></span> 
     </span>
    </p>
   </div>
   <div class='ocr_carea' id='block_1_51' title="bbox 1388 4162 2315 4226">
    <p class='ocr_par' dir='ltr' id='par_1_51' title="bbox 1388 4162 2315 4226">
     <span class='ocr_line' id='line_1_51' title="bbox 1388 4162 2315 4226; baseline 0.005 -5"><span class='ocrx_word' id='word_1_298' title='bbox 1388 4162 1977 4224; x_wconf 79' lang='lat' dir='ltr'><strong>SAPlENTlSSIMl</strong></span> <span class='ocrx_word' id='word_1_299' title='bbox 2034 4164 2315 4226; x_wconf 75' lang='lat' dir='ltr'><strong>DOMlNl</strong></span> 
     </span>
    </p>
   </div>
   <div class='ocr_carea' id='block_1_52' title="bbox 501 4331 3220 4547">
    <p class='ocr_par' dir='ltr' id='par_1_52' title="bbox 501 4331 3220 4547">
     <span class='ocr_line' id='line_1_52' title="bbox 501 4331 3220 4547; baseline 0.003 -56"><span class='ocrx_word' id='word_1_300' title='bbox 501 4333 1305 4491; x_wconf 75' lang='lat' dir='ltr'><strong>GEORGII</strong></span> <span class='ocrx_word' id='word_1_301' title='bbox 1420 4331 2377 4538; x_wconf 65' lang='lat' dir='ltr'><strong>LAPITHAE,</strong></span> <span class='ocrx_word' id='word_1_302' title='bbox 2501 4343 3220 4547; x_wconf 78' lang='lat' dir='ltr'><strong>CYPRII,</strong></span> 
     </span>
    </p>
   </div>
   <div class='ocr_carea' id='block_1_53' title="bbox 1334 4582 2405 4679">
    <p class='ocr_par' dir='ltr' id='par_1_53' title="bbox 1334 4582 2405 4679">
     <span class='ocr_line' id='line_1_53' title="bbox 1334 4582 2405 4679; baseline 0.006 -6"><span class='ocrx_word' id='word_1_303' title='bbox 1334 4582 1792 4673; x_wconf 79' lang='lat' dir='ltr'><strong>VERSUS</strong></span> <span class='ocrx_word' id='word_1_304' title='bbox 1866 4584 2405 4679; x_wconf 85' lang='lat' dir='ltr'><strong>POLITICI</strong></span> 
     </span>
    </p>
   </div>
   <div class='ocr_carea' id='block_1_54' title="bbox 799 4755 2945 4836">
    <p class='ocr_par' dir='ltr' id='par_1_54' title="bbox 799 4755 2945 4836">
     <span class='ocr_line' id='line_1_54' title="bbox 799 4755 2945 4836; baseline 0.005 -13"><span class='ocrx_word' id='word_1_305' title='bbox 799 4762 912 4823; x_wconf 83' lang='lat' dir='ltr'><strong>EX</strong></span> <span class='ocrx_word' id='word_1_306' title='bbox 958 4755 1344 4823; x_wconf 72' lang='lat' dir='ltr'><strong>TEMPORE</strong></span> <span class='ocrx_word' id='word_1_307' title='bbox 1392 4762 1621 4825; x_wconf 75' lang='lat' dir='ltr'><strong>FACT]</strong></span> <span class='ocrx_word' id='word_1_308' title='bbox 1656 4759 2093 4836; x_wconf 78' lang='lat' dir='ltr'><strong>PALAMQUE</strong></span> <span class='ocrx_word' id='word_1_309' title='bbox 2139 4766 2496 4829; x_wconf 79' lang='lat' dir='ltr'><strong>OMNIBUS</strong></span> <span class='ocrx_word' id='word_1_310' title='bbox 2534 4771 2945 4834; x_wconf 82' lang='lat' dir='ltr'><strong>RECITATI.</strong></span> 
     </span>
    </p>
   </div>
   <div class='ocr_carea' id='block_1_55' title="bbox 480 4890 3256 4969">
    <p class='ocr_par' dir='ltr' id='par_1_55' title="bbox 480 4890 3256 4969">
     <span class='ocr_line' id='line_1_55' title="bbox 480 4890 3256 4969; baseline 0.006 -28"><span class='ocrx_word' id='word_1_311' title='bbox 480 4892 570 4957; x_wconf 76' lang='lat' dir='ltr'><strong>(Ex</strong></span> <span class='ocrx_word' id='word_1_312' title='bbox 606 4893 828 4941; x_wconf 83' lang='lat' dir='ltr'><strong>editione</strong></span> <span class='ocrx_word' id='word_1_313' title='bbox 856 4893 897 4942; x_wconf 86' lang='lat' dir='ltr'><strong>J.</strong></span> <span class='ocrx_word' id='word_1_314' title='bbox 941 4892 995 4941; x_wconf 84' lang='lat' dir='ltr'><strong>F.</strong></span> <span class='ocrx_word' id='word_1_315' title='bbox 1022 4892 1328 4943; x_wconf 72' lang='lat' dir='ltr'><strong>‘Boissonadii</strong></span> <span class='ocrx_word' id='word_1_316' title='bbox 1365 4894 1415 4942; x_wconf 85' lang='lat' dir='ltr'><strong>in</strong></span> <span class='ocrx_word' id='word_1_317' title='bbox 1442 4894 1485 4943; x_wconf 84' lang='grc' dir='ltr'><em>Ν</em></span> <span class='ocrx_word' id='word_1_318' title='bbox 1493 4891 1643 4945; x_wconf 70' lang='lat' dir='ltr'><strong>otices</strong></span> <span class='ocrx_word' id='word_1_319' title='bbox 1674 4899 1721 4944; x_wconf 79' lang='lat' dir='ltr'><strong>et</strong></span> <span class='ocrx_word' id='word_1_320' title='bbox 1749 4890 1963 4943; x_wconf 67' lang='lat' dir='ltr'><strong>Eximit;</strong></span> <span class='ocrx_word' id='word_1_321' title='bbox 1997 4894 2059 4943; x_wconf 78' lang='lat' dir='ltr'><strong>de</strong></span> <span class='ocrx_word' id='word_1_322' title='bbox 2081 4896 2129 4943; x_wconf 88' lang='lat' dir='ltr'><strong>la</strong></span> <span class='ocrx_word' id='word_1_323' title='bbox 2150 4891 2470 4959; x_wconf 78' lang='lat' dir='ltr'><strong>bibliothéque</strong></span> <span class='ocrx_word' id='word_1_324' title='bbox 2493 4898 2558 4947; x_wconf 89' lang='lat' dir='ltr'><strong>du</strong></span> <span class='ocrx_word' id='word_1_325' title='bbox 2594 4895 2702 4959; x_wconf 83' lang='lat' dir='ltr'><strong>Roi,</strong></span> <span class='ocrx_word' id='word_1_326' title='bbox 2730 4906 2849 4951; x_wconf 89' lang='lat' dir='ltr'><strong>tom.</strong></span> <span class='ocrx_word' id='word_1_327' title='bbox 2886 4900 2992 4963; x_wconf 82' lang='grc' dir='ltr'><strong>ΧΠ,</strong></span> <span class='ocrx_word' id='word_1_328' title='bbox 3018 4912 3159 4967; x_wconf 79' lang='lat' dir='ltr'><strong>parte</strong></span> <span class='ocrx_word' id='word_1_329' title='bbox 3180 4912 3256 4969; x_wconf 88' lang='grc' dir='ltr'><strong>υ.)</strong></span> 
     </span>
    </p>
   </div>
   <div class='ocr_carea' id='block_1_56' title="bbox 1542 5124 2183 5218">
    <p class='ocr_par' dir='ltr' id='par_1_56' title="bbox 1542 5124 2183 5218">
     <span class='ocr_line' id='line_1_56' title="bbox 1542 5124 2183 5218; baseline 0.011 -8"><span class='ocrx_word' id='word_1_330' title='bbox 1542 5124 2183 5218; x_wconf 64' lang='grc' dir='ltr'><strong>1³ΒίΕΡᾹΊῚΟ</strong></span> 
     </span>
    </p>
   </div>
   <div class='ocr_carea' id='block_1_57' title="bbox 659 5273 3085 5359">
    <p class='ocr_par' dir='ltr' id='par_1_57' title="bbox 659 5273 3085 5359">
     <span class='ocr_line' id='line_1_57' title="bbox 659 5273 3085 5359; baseline 0.005 -20"><span class='ocrx_word' id='word_1_331' title='bbox 659 5282 738 5342; x_wconf 80' lang='lat' dir='ltr'><strong>In</strong></span> <span class='ocrx_word' id='word_1_332' title='bbox 769 5297 891 5359; x_wconf 70' lang='lat' dir='ltr'><strong>qua</strong></span> <span class='ocrx_word' id='word_1_333' title='bbox 924 5278 1231 5338; x_wconf 75' lang='lat' dir='ltr'><strong>inseritur</strong></span> <span class='ocrx_word' id='word_1_334' title='bbox 1262 5276 1496 5336; x_wconf 79' lang='lat' dir='ltr'><strong>notitia</strong></span> <span class='ocrx_word' id='word_1_335' title='bbox 1524 5273 1598 5337; x_wconf 78' lang='lat' dir='ltr'><strong>de</strong></span> <span class='ocrx_word' id='word_1_336' title='bbox 1626 5275 1904 5354; x_wconf 83' lang='lat' dir='ltr'><strong>Georgio</strong></span> <span class='ocrx_word' id='word_1_337' title='bbox 1938 5278 2207 5357; x_wconf 83' lang='lat' dir='ltr'><strong>Lapitha</strong></span> <span class='ocrx_word' id='word_1_338' title='bbox 2241 5301 2317 5341; x_wconf 75' lang='lat' dir='ltr'><strong>ex</strong></span> <span class='ocrx_word' id='word_1_339' title='bbox 2351 5282 2587 5345; x_wconf 78' lang='lat' dir='ltr'><strong>Allatio</strong></span> <span class='ocrx_word' id='word_1_340' title='bbox 2622 5286 2708 5345; x_wconf 79' lang='lat' dir='ltr'><strong>Du</strong></span> <span class='ocrx_word' id='word_1_341' title='bbox 2752 5288 3085 5350; x_wconf 73' lang='lat' dir='ltr'><strong>Gnoncus.</strong></span> 
     </span>
    </p>
   </div>
   <div class='ocr_carea' id='block_1_58' title="bbox 316 5518 3491 5601">
    <p class='ocr_par' dir='ltr' id='par_1_58' title="bbox 316 5518 3491 5601">
     <span class='ocr_line' id='line_1_58' title="bbox 316 5518 3491 5601; baseline 0.001 -16"><span class='ocrx_word' id='word_1_342' title='bbox 316 5523 400 5585; x_wconf 89' lang='lat' dir='ltr'><strong>Le</strong></span> <span class='ocrx_word' id='word_1_343' title='bbox 444 5524 669 5601; x_wconf 79' lang='lat' dir='ltr'><strong>poéme</strong></span> <span class='ocrx_word' id='word_1_344' title='bbox 717 5518 960 5597; x_wconf 88' lang='lat' dir='ltr'><strong>dontje</strong></span> <span class='ocrx_word' id='word_1_345' title='bbox 993 5518 1205 5580; x_wconf 87' lang='lat' dir='ltr'><strong>donne</strong></span> <span class='ocrx_word' id='word_1_346' title='bbox 1239 5518 1322 5579; x_wconf 88' lang='lat' dir='ltr'><strong>ici</strong></span> <span class='ocrx_word' id='word_1_347' title='bbox 1359 5519 1416 5581; x_wconf 81' lang='lat' dir='ltr'><strong>la</strong></span> <span class='ocrx_word' id='word_1_348' title='bbox 1458 5519 1779 5597; x_wconf 75' lang='lat' dir='ltr'><strong>premiére</strong></span> <span class='ocrx_word' id='word_1_349' title='bbox 1825 5522 2106 5589; x_wconf 76' lang='lat' dir='ltr'><strong>edition,</strong></span> <span class='ocrx_word' id='word_1_350' title='bbox 2160 5539 2190 5582; x_wconf 76' lang='grc' dir='ltr'><strong>ο</strong></span> <span class='ocrx_word' id='word_1_351' title='bbox 2236 5525 2335 5583; x_wconf 80' lang='lat' dir='ltr'><strong>éte</strong></span> <span class='ocrx_word' id='word_1_352' title='bbox 2384 5538 2611 5601; x_wconf 83' lang='lat' dir='ltr'><strong>coplc,</strong></span> <span class='ocrx_word' id='word_1_353' title='bbox 2661 5540 2815 5585; x_wconf 83' lang='lat' dir='ltr'><strong>avec</strong></span> <span class='ocrx_word' id='word_1_354' title='bbox 2860 5531 3035 5588; x_wconf 83' lang='lat' dir='ltr'><strong>tuute</strong></span> <span class='ocrx_word' id='word_1_355' title='bbox 3085 5528 3491 5590; x_wconf 77' lang='lat' dir='ltr'><strong>l’exactitude</strong></span> 
     </span>
    </p>
   </div>
   <div class='ocr_carea' id='block_1_59' title="bbox 220 5621 3491 5704">
    <p class='ocr_par' dir='ltr' id='par_1_59' title="bbox 220 5621 3491 5704">
     <span class='ocr_line' id='line_1_59' title="bbox 220 5621 3491 5704; baseline 0 -18"><span class='ocrx_word' id='word_1_356' title='bbox 220 5626 390 5686; x_wconf 90' lang='lat' dir='ltr'><strong>dont</strong></span> <span class='ocrx_word' id='word_1_357' title='bbox 421 5624 487 5702; x_wconf 86' lang='lat' dir='ltr'><strong>je</strong></span> <span class='ocrx_word' id='word_1_358' title='bbox 537 5621 675 5683; x_wconf 86' lang='lat' dir='ltr'><strong>suis</strong></span> <span class='ocrx_word' id='word_1_359' title='bbox 724 5621 1027 5700; x_wconf 83' lang='lat' dir='ltr'><strong>capable,</strong></span> <span class='ocrx_word' id='word_1_360' title='bbox 1078 5634 1191 5679; x_wconf 88' lang='lat' dir='ltr'><strong>sur</strong></span> <span class='ocrx_word' id='word_1_361' title='bbox 1244 5636 1330 5678; x_wconf 91' lang='lat' dir='ltr'><strong>un</strong></span> <span class='ocrx_word' id='word_1_362' title='bbox 1370 5621 1724 5681; x_wconf 83' lang='lat' dir='ltr'><strong>manuscrit</strong></span> <span class='ocrx_word' id='word_1_363' title='bbox 1765 5623 1842 5682; x_wconf 90' lang='lat' dir='ltr'><strong>de</strong></span> <span class='ocrx_word' id='word_1_364' title='bbox 1892 5621 1946 5684; x_wconf 87' lang='lat' dir='ltr'><strong>la</strong></span> <span class='ocrx_word' id='word_1_365' title='bbox 1988 5621 2438 5700; x_wconf 78' lang='lat' dir='ltr'><strong>bibliothéque</strong></span> <span class='ocrx_word' id='word_1_366' title='bbox 2480 5622 2565 5683; x_wconf 83' lang='lat' dir='ltr'><strong>du</strong></span> <span class='ocrx_word' id='word_1_367' title='bbox 2615 5623 2758 5697; x_wconf 80' lang='lat' dir='ltr'><strong>Roi,</strong></span> <span class='ocrx_word' id='word_1_368' title='bbox 2798 5622 3040 5701; x_wconf 89' lang='lat' dir='ltr'><strong>lequel,</strong></span> <span class='ocrx_word' id='word_1_369' title='bbox 3078 5630 3262 5704; x_wconf 76' lang='lat' dir='ltr'><strong>aprés</strong></span> <span class='ocrx_word' id='word_1_370' title='bbox 3315 5627 3491 5688; x_wconf 84' lang='lat' dir='ltr'><strong>avoir</strong></span> 
     </span>
    </p>
   </div>
   <div class='ocr_carea' id='block_1_60' title="bbox 226 5720 3489 5806">
    <p class='ocr_par' dir='ltr' id='par_1_60' title="bbox 226 5720 3489 5806">
     <span class='ocr_line' id='line_1_60' title="bbox 226 5720 3489 5806; baseline 0.002 -23"><span class='ocrx_word' id='word_1_371' title='bbox 226 5727 416 5803; x_wconf 79' lang='lat' dir='ltr'><strong>porte</strong></span> <span class='ocrx_word' id='word_1_372' title='bbox 455 5724 1007 5784; x_wconf 86' lang='lat' dir='ltr'><strong>succcssivement</strong></span> <span class='ocrx_word' id='word_1_373' title='bbox 1042 5722 1131 5781; x_wconf 83' lang='lat' dir='ltr'><strong>les</strong></span> <span class='ocrx_word' id='word_1_374' title='bbox 1162 5720 1468 5780; x_wconf 83' lang='lat' dir='ltr'><strong>numéros</strong></span> <span class='ocrx_word' id='word_1_375' title='bbox 1513 5720 1695 5794; x_wconf 76' lang='lat'><strong>2039,</strong></span> <span class='ocrx_word' id='word_1_376' title='bbox 1737 5721 1926 5798; x_wconf 72' lang='lat'><strong>2256,</strong></span> <span class='ocrx_word' id='word_1_377' title='bbox 1965 5724 2147 5797; x_wconf 90' lang='lat'><strong>3337,</strong></span> <span class='ocrx_word' id='word_1_378' title='bbox 2210 5732 2307 5785; x_wconf 88' lang='lat' dir='ltr'><strong>est</strong></span> <span class='ocrx_word' id='word_1_379' title='bbox 2342 5722 2758 5803; x_wconf 83' lang='lat' dir='ltr'><strong>aujourd’hui</strong></span> <span class='ocrx_word' id='word_1_380' title='bbox 2788 5724 3013 5790; x_wconf 79' lang='lat' dir='ltr'><strong>inserit</strong></span> <span class='ocrx_word' id='word_1_381' title='bbox 3045 5747 3126 5792; x_wconf 86' lang='lat' dir='ltr'><strong>au</strong></span> <span class='ocrx_word' id='word_1_382' title='bbox 3159 5728 3489 5806; x_wconf 72' lang='lat' dir='ltr'><strong>catalogue</strong></span> 
     </span>
    </p>
   </div>
   <div class='ocr_carea' id='block_1_61' title="bbox 219 5824 958 5888">
    <p class='ocr_par' dir='ltr' id='par_1_61' title="bbox 219 5824 958 5888">
     <span class='ocr_line' id='line_1_61' title="bbox 219 5824 958 5888; baseline -0.001 -2"><span class='ocrx_word' id='word_1_383' title='bbox 219 5842 385 5888; x_wconf 76' lang='lat' dir='ltr'><strong>sous</strong></span> <span class='ocrx_word' id='word_1_384' title='bbox 422 5828 476 5886; x_wconf 86' lang='lat' dir='ltr'><strong>le</strong></span> <span class='ocrx_word' id='word_1_385' title='bbox 515 5824 740 5886; x_wconf 75' lang='lat' dir='ltr'><strong>cliiifrc</strong></span> <span class='ocrx_word' id='word_1_386' title='bbox 774 5826 958 5885; x_wconf 73' lang='lat'><strong>2877.</strong></span> 
     </span>
    </p>
   </div>
   <div class='ocr_carea' id='block_1_62' title="bbox 556 5928 3129 5991">
    <p class='ocr_par' dir='ltr' id='par_1_62' title="bbox 556 5928 3129 5991">
     <span class='ocr_line' id='line_1_62' title="bbox 556 5928 3129 5991; baseline -0.009 -2"><span class='ocrx_word' id='word_1_387' title='bbox 556 5932 824 5990; x_wconf 74' lang='lat' dir='ltr'><strong>PATllOL.</strong></span> <span class='ocrx_word' id='word_1_388' title='bbox 859 5930 974 5991; x_wconf 80' lang='lat' dir='ltr'><strong>GR.</strong></span> <span class='ocrx_word' id='word_1_389' title='bbox 1016 5928 1278 5990; x_wconf 74' lang='lat' dir='ltr'><strong>CXLlX.</strong></span> <span class='ocrx_word' id='word_1_390' title='bbox 3047 5930 3129 5991; x_wconf 62' lang='lat'><strong>32</strong></span> 
     </span>
    </p>
   </div>
  </div>
