4064 6292
378 307 516 373 Ῑθῦθ
778 318 867 375 σει

1249 303 1554 366 NICEPH.
1587 300 1975 362 GREGOH/E
2009 302 2440 364 ALLOCUTlO
2473 305 2572 363 AD
2612 306 2765 365 1MP;

3483 308 3638 373 1070

379 420 475 474 νῦν
524 418 864 489 εὐφροσύνης
899 418 1146 490 μακροὺς
1178 418 1527 486 ἀναπέμπειν
1567 417 1693 478 τοὺς
1738 413 1944 483 ὕμνους
1980 416 2018 473 Λ
2052 416 2101 468 οι
2133 416 2188 468 δὲ
2215 417 2279 470 τὸ
2303 416 2402 486 τῆς
2425 417 2664 480 διανοίας
2697 417 2790 482 ὀξὺ
2809 417 2903 472 καὶ
2931 418 3332 491 τελεσιουργὸν,
3357 423 3449 475 καὶ
3471 424 3621 488 ὅπως

379 511 710 580 ἐπείγονται,
736 513 833 566 καλ⁸
861 512 1061 582 σκιρτᾷ
1091 511 1191 564 καὶ
1241 511 1424 580 χαίρει
1470 509 1563 562 τὸν
1599 507 1802 578 ὡραῖον
1847 506 1946 576 τῆς

378 605 646 678 εὐθυμίας
696 605 902 674 χιτῶνα
950 605 1013 657 τὸ
1063 602 1172 656 τῶν
1224 602 1436 655 πόλεων
1507 599 1949 670 ἀμφιεννύμενον

382 699 694 768 πρόσωπον.
723 697 797 750 Σὺ
823 697 932 765 γὰρ
954 693 1005 750 εἰ
1040 695 1137 749 καὶ
1160 695 1429 764 ζωογόνος
1459 693 1568 746 τῶν
1603 690 1950 762 πραγμάτων

381 792 581 860 καρδία
621 792 715 844 καὶ
762 791 946 857 τεῖχος
985 788 1081 841 καὶ
1117 786 1368 856 θεμέλιος
1419 787 1517 839 καὶ
1563 783 1794 844 πλοῦτος
1840 783 1950 836 τῶν

381 882 613 944 πόλεων,
643 881 740 933 καὶ
786 880 923 950 πρὸς
973 878 1033 931 σὲ
1067 876 1378 946 βλέπουσιν,
1433 875 1566 928 ὅπου
1599 889 1704 943 περ
1760 873 1826 926 ἂν
1856 868 1948 942 ἧς,

379 967 573 1037 ὥσπερ
597 967 667 1020 τὰ
689 967 790 1036 τῆς
821 968 924 1036 γῆς
966 967 1324 1036 βλαστήματα
1359 965 1496 1034 πρὸς
1526 965 1701 1034 ἥλιον.
1733 963 1876 1015 Ἀλλ’
1898 963 1948 1014 οί

383 1056 484 1127 μὲν
511 1057 666 1125 σοφοί
695 1073 750 1108 τε
799 1058 896 1109 καὶ
920 1056 1139 1126 ελληνες
1169 1055 1320 1124 λόγοι
1343 1055 1414 1107 τά
1442 1069 1502 1106 τε
1537 1053 1675 1108 ἄλλα
1714 1055 1809 1107 καὶ
1853 1053 1950 1105 Ἦ-

383 1147 589 1218 ρακλέα
609 1149 702 1204 τὸν
735 1149 880 1201 πάνυ
915 1147 1255 1217 παμπόλλων
1288 1145 1597 1214 ἀνθρώπων
1623 1145 1720 1198 καὶ
1742 1140 1949 1196 πόλεων

381 1241 682 1312 εὐεργέτην
736 1239 1088 1294 καταστάντα
1133 1238 1266 1306 φασὶ
1315 1236 1563 1306 μεγάλης
1601 1237 1704 1306 τῆς
1750 1233 1948 1288 ἑαυτοῦ

381 1335 540 1404 δόξης
587 1334 868 1404 ἐμπλῆσαι
915 1333 1017 1400 τήν
1076 1349 1135 1384 τε
1197 1331 1430 1385 Ἐλλάδα
1491 1331 1585 1382 καὶ
1636 1331 1788 1391 ὅσαις
1855 1328 1952 1398 τῆς

393 1427 644 1488 Ἑλλάδος
677 1425 934 1478 ἐπέκεινα
969 1423 1157 1474 πόλεσι
1211 1422 1305 1475 καὶ⁴
1336 1421 1543 1492 χώραις
1590 1421 1698 1474 ἔδει
1732 1421 1832 1490 τῆς
1857 1419 1956 1472 αὑ-

383 1515 476 1569 τοῦ
504 1514 756 1587 βοηθείας
778 1529 792 1545 ο
826 1513 1193 1566 ἐπελαύνοντα
1222 1512 1333 1580 γὰρ
1359 1511 1646 1580 καθαίρειν
1670 1511 1705 1563 ἃ.
1733 1511 1830 1580 τῆς
1851 1510 1954 1578 γῆς

387 1607 602 1677 ἐκείνης
659 1605 855 1674 ἐφύετο
909 1605 1196 1673 νοσήματα
1249 1605 1344 1657 καὶ
1405 1603 1720 1672 ὑϐρίσματα
1783 1603 1954 1655 ὁπόσα

386 1698 731 1768 γεωργοῦσιν
766 1701 952 1764 ἄγριοι
982 1695 1151 1764 θῆρες
1183 1695 1277 1747 καλ⁸
1315 1695 1475 1756 πόδες
1534 1694 1768 1764 λῃστῶν.
1812 1693 1953 1747 Ἀλλ’

2059 508 2353 562 ἀκόλουθον
2385 510 2447 562 τὸ
2473 509 2581 564 τῶν
2613 510 2841 578 ἀγώνων
2872 510 3045 580 πέρας
3073 514 3248 575 ποιεῖς
3271 515 3393 574 ταῖς
3437 502 3623 567 ὲπιδοὲ
3703 577 3708 580 _

2054 598 2174 662 λαίς
2202 599 2313 652 τῶν
2335 599 2521 669 ἀρχῶν
2544 615 2557 630 ·
2592 599 2815 668 φθάνεις
2843 600 2951 670 γὰρ
2984 600 3063 670 τῷ
3099 600 3254 671 τάχει
3280 601 3376 655 τοῦ
3422 602 3624 672 δρόμου

2054 692 2153 760 τὴν
2185 691 2284 762 σὴν
2322 691 2604 758 ἀγγελίαν,
2631 692 2728 746 καὶ
2771 690 2902 762 πρὶν
2947 693 3278 763 ἀκουσθῆναι
3307 693 3474 766 φαίνῃ
3521 713 3626 746 πα-

2061 781 2175 852 ρὼν
2209 781 2302 834 καὶ
2331 784 2396 852 τῇ
2443 781 2689 852 αἰφνιδίᾳ
2731 800 2826 836 σου
2873 783 3151 854 παρουσίᾳ
3200 785 3269 837 τὰ
3319 782 3430 835 τῶν
3461 786 3627 836 πολε-

2060 869 2201 940 μίων
2235 869 2459 938 θραύεις
2491 872 2806 940 σκέμματα.
2833 870 2989 926 Οὕτω
3031 875 3157 935 τοὺς
3182 873 3501 943 Τριϐαλλῶν
3537 875 3629 926 καὶ

2062 961 2277 1015 Μυσῶν
2310 962 2616 1033 ἐξέπληξας
2667 965 2968 1034 ἡγεμόνας,
3010 965 3368 1020 καθεύδουσιν
3398 968 3630 1028 ἐπιστὰς

2059 1051 2317 1115 πολλάκις
2369 1055 2776 1125 ἀπροσδόκητος
2799 1055 2987 1128 ὥσπερ
3030 1075 3114 1121 τις
3165 1058 3404 1130 αἰθέριος
3433 1051 3630 1127 κεραυ-

2058 1147 2182 1208 νός·
2233 1147 2376 1200 οὕτω
2428 1145 2558 1200 Χίον
2606 1143 2768 1213 εἷλες,
2817 1148 2964 1202 οὕτω
3009 1149 3268 1204 Φώκαιαν
3325 1150 3631 1212 ἑδουλὼσω,

2059 1237 2233 1300 οὓτως
2281 1239 2573 1308 Ἰλλυριοὺς
2619 1240 2985 1309 κατέδραμες,
3028 1240 3169 1292 οὕτω
3218 1241 3314 1293 νῦν
3362 1241 3632 1303 Αἰτωλοὺς

2061 1331 2154 1384 καὶ
2188 1331 2531 1400 Ἀκαρνᾶνας
2561 1333 2617 1394 ἐς
2674 1332 2735 1384 τὸ
2767 1333 2992 1401 ἀρχαῖον
3037 1333 3386 1402 ὲπανήγαγες
3447 1334 3633 1403 σχῆμα

2061 1425 2160 1491 τῆς
2199 1422 2492 1491 Ῥωμαίων
2539 1423 2967 1494 ἠγεμονίας(1).
3047 1463 3062 1479 .
3143 1462 3157 1476 .
3241 1463 3254 1478 .
3335 1467 3348 1478 .
3428 1465 3440 1478 .
3524 1468 3536 1480 .
3619 1469 3632 1481 .
3731 1445 3744 1456 ‘

2065 1519 3635 1587 .............καὶᾶμφω

2062 1605 2130 1658 τὰ
2167 1610 2405 1674 στοιχεῖα
2438 1607 2729 1675 ἐμπλήσας
2777 1607 2872 1659 τοῦ
2905 1609 3204 1674 θαύματος.
3236 1611 3394 1677 Λέγω
3441 1609 3507 1678 δὴ
3538 1611 3636 1675 τὴν

2063 1698 2326 1751 διαϐᾶσαν
2364 1698 2423 1761 ἐξ
2455 1697 2638 1760 Ἀσίας
2673 1700 2794 1750 καθ’
2818 1700 2974 1768 ἡμῶν
3006 1701 3280 1769 Περσικὴν
3304 1702 3520 1770 ἐκείνην
3544 1702 3636 1753 καὶ

387 1767 572 1847 ἐκεῖνα
614 1793 764 1857 λόγοι
797 1792 906 1860 ἄρα
950 1786 1090 1860 ἦσαν
1130 1788 1315 1859 μύθων
1348 1788 1677 1854 αὐτονομίαν
1708 1803 1957 1851 συναγω·
1987 1767 2030 1821 Β
2061 1788 2338 1856 δύσμαχον
2367 1789 2596 1855 δύναμίν
2634 1807 2692 1841 τε
2735 1767 2845 1843 και
2874 1767 3108 1856 ὅπλισιν,
3147 1793 3212 1861 ἣν
3250 1792 3432 1861 ἡμέρᾳ
3468 1767 3637 1861 iam,

386 1881 1071 1959 th'ogtéqu‘rtipuzoﬁvra;
1102 1881 1177 1942 ὡς
1199 1880 1266 1932 τὰ
1300 1879 1473 1931 πολλὰ
1518 1879 1613 1930 καί⁸
1650 1878 1824 1946 ῥᾷστα
1853 1876 1954 1942 τὴν

387 1974 555 2044 ἀκοὴν
586 1974 1021 2033 ὑποκλέπτοντες
1046 1986 1062 2002 ⁸
1105 1969 1200 2023 νῦν
1248 1969 1294 2021 δ’
1325 1965 1466 2020 εἶδεν
1503 1967 1660 2020 ἄλλον
1691 1969 1726 2034 ἡ
1763 1966 1955 2027 Ἑλλὰς

399 2067 675 2138 Ἡρακλέα
742 2068 823 2130 σὲ,
869 2067 1108 2134 πολυετῆ
1167 2063 1507 2131 κιθαίροντα
1577 2062 1678 2129 γῆς
1735 2059 1953 2124 ἐκείνης

393 2161 673 2230 ιδοσὴματα
691 2160 784 2212 καὶ
804 2157 1144 2227 ὑϐρίσματα,
1167 2156 1226 2206 οὐ
1260 2154 1418 2221 θέρος
1441 2153 1537 2205 καὶ
1555 2152 1655 2220 ξαρ
1679 2152 1757 2212 είς
1775 2149 1956 2202 ὅπλων

387 2251 753 2322 περιμένοντα
807 2247 1017 2317 χρείαν,
1070 2245 1206 2298 ἀλλὰ
1258 2245 1452 2311 φύσεις
1484 2241 1643 2310 ὡρῶν
1691 2242 1786 2293 καὶ
1814 2257 1956 2293 στοι-

389 2346 551 2416 χείων
593 2339 1049 2410 καινοτομοῦντα,
1084 2339 1178 2390 καὶ
1236 2336 1394 2406 θέρος
1430 2335 1528 2402 μὲν
1559 2333 1863 2402 ἡγούμενον
1896 2331 1956 2382 τὸ

387 2437 497 2491 τῶν
552 2435 838 2505 χειμώνων
867 2431 1061 2501 ψῦχος,
1089 2431 1304 2499 τρυφὴν
1351 2428 1408 2481 δὲ
1439 2429 1538 2495 τὴν
1591 2427 1832 2490 ἀσιτίαν,
1865 2425 1957 2478 καὶ

390 2528 558 2580 ὕπνον
589 2525 692 2595 μὲν
720 2525 818 2593 τὴν
853 2523 1184 2592 ἀγρυπνίαν,
1211 2521 1551 2582 ἀναπαύσεις
1583 2519 1637 2570 δὲ
1671 2516 1956 2586 βασιλικὰς

390 2619 488 2671 καὶ
516 2616 796 2688 ῥᾳθυμίας
823 2615 886 2668 τὸ
919 2612 1358 2678 διανυκτερεύειν
1411 2611 1622 2680 αἴθριον
1654 2610 1748 2662 καὶ
1777 2609 1959 2668 πόνοις

393 2710 545 2772 ίδίοις
597 2708 674 2776 τῷ
729 2706 898 2775 κοινῷ
943 2705 1042 2774 τὴν
1078 2705 1349 2771 ὠφέλειαν
1381 2701 1720 2772 παρέχεσθαι
1771 2699 1960 2753 καὶτὸ

394 2801 662 2872 μηδαμῶς
715 2801 839 2859 τοὺς
873 2796 1165 2855 πλείστους
1207 2795 1576 2866 περιδρόμους
1615 2791 1810 2860 τρέψαι
1842 2788 1962 2860 βού-

390 2889 579 2940 λεσθαι
609 2887 744 2956 πρίις
777 2887 1012 2954 ἠρεμίαν
1048 2883 1154 2937 οὐδ’
1189 2882 1287 2951 ὀψὲ
1317 2884 1412 2936 τοῦ
1447 2885 1663 2952 χρόνον,
1691 2880 1825 2934 ἀλλὰ
1867 2880 1959 2931 πό-

387 2995 502 3041 νοις
532 2979 727 3040 πὸνους
763 2977 1051 3046 ἐπιφέρειν
1071 2975 1166 3028 καὶ
1189 2974 1465 3044 διαδόχους
1487 2974 1714 3040 ἁγώιων
1744 2970 1962 3038 ἀγῶνας

386 3069 655 3122 δεικνύειν
689 3068 830 3120 κατὰ
853 3069 913 3120 τὸ
944 3066 1186 3136 συνεχὲς,
1214 3063 1597 3136 ἠπειρωτικῶν
1626 3063 1725 3132 μὲν
1759 3061 1961 3116 θαλασ-

390 3163 562 3226 σίους,
585 3159 888 3212 θαλασσίων
916 3158 961 3211 δ’
988 3157 1055 3212 αὖ
1075 3158 1496 3227 ἠπειρωτικοὺς.
1525 3157 1636 3210 Καὶ
1659 3155 1768 3207 τῶν
1789 3154 1966 3206 τοιού-

386 3269 501 3304 ’των
533 3248 762 3318 ἀγώνων
791 3251 838 3301 oi.
860 3249 960 3317 μὲν
983 3249 1042 3302 τὸ
1069 3247 1269 3316 πλῆθος
1296 3246 1690 3314 θαυμάζουσιν,
1714 3245 1764 3297 oi.
1785 3244 1840 3297 δὲ
1867 3245 1965 3314 τὴν

392 3339 704 3410 συνέχειαν,
753 3339 848 3392 καὶ
874 3340 925 3391 οί
952 3339 1048 3407 μὲν
1078 3339 1138 3392 τὸ
1185 3339 1294 3391 τῶν
1329 3340 1546 3407 δρόμων
1579 3337 1968 3406 ἀγχίστροφον,

388 3523 712 3580 civitatibus
767 3537 1018 3577 securum
1087 3521 1492 3577 fundamenttnn
1537 3531 1591 3574 ct
1628 3535 1756 3589 opes
1789 3523 1972 3574 firmas

385 3624 658 3688 praestas;
724 3613 775 3667 in
839 3623 890 3668 te
953 3613 1153 3682 igitur,
1206 3612 1512 3680 ubicunque
1574 3609 1697 3672 sis,
1757 3624 1969 3674 omnes,

386 3705 745 3772 sicutplantae
789 3704 956 3756 solem
991 3717 1200 3767 versus,
1226 3701 1540 3767 respiciunt.
1567 3700 1632 3754 Et
1661 3699 1971 3755 Graecorum

385 3796 618 3867 quidem
659 3797 831 3849 ducta:
857 3795 1152 3848 relationes
1176 3792 1460 3847 Herculem
1493 3791 1845 3860 plurimarum
1873 3805 1972 3845 na-

387 3891 613 3944 tionum
663 3886 1052 3952 civitatumque
1102 3884 1501 3940 benefactorum
1551 3882 1720 3937 fuisse
1750 3896 1816 3937 ae
1875 3898 1972 3936 no-

390 3977 564 4033 minis
619 3975 702 4032 sui
763 3975 902 4030 fama
957 3975 1220 4030 Graeciam
1277 3974 1570 4042 replerisse
1646 3983 1703 4029 et
1776 3973 1972 4028 vicinis

385 4070 654 4142 gentibus
703 4069 904 4123 auxilio
967 4069 1141 4122 fuisse
1198 4067 1360 4121 fidem
1403 4067 1654 4130 faciunt,
1705 4066 1970 4136 siquidem

392 4175 621 4226 terras,
688 4175 822 4228 quas
881 4159 1055 4222 adiit,
1111 4160 1314 4213 morbis
1387 4174 1453 4215 ae
1505 4159 1744 4214 ferarum
1808 4160 1969 4214 latro-

2063 1881 2281 1942 γωνίσω
2339 1878 2458 1946 μιᾷ,
2491 1879 2783 1940 πλείστους
2841 1879 2942 1945 μὲν
3002 1880 3229 1944 ἀνελὼν,
3300 1882 3516 1943 πλείους
3580 1882 3637 1933 δὲ

2064 1969 2271 2030 ζῶντας
2298 1968 2456 2024 ἑλών.
2507 1969 2614 2020 Καὶ
2663 1969 2699 2022 ὃ.
2742 1971 2910 2022 πάλαι
2957 1971 3330 2038 Θεμιστοκλέα
3356 1973 3653 2039 ἀκούομεν-

2063 2061 2122 2124 se
2167 2059 2420 2127 ’Λττικῆς
2474 2061 2572 2111 καὶ
2622 2061 2938 2112 Παυσανίαν
2989 2062 3055 2114 ὲκ
3115 2063 3525 2134 Λακεδαίμονος
3581 2066 3638 2117 ἐν

2067 2150 2238 2219 ίκανῷ
2270 2151 2602 2218 διαστήματι
2629 2151 2824 2219 χρόνου
2873 2150 2969 2203 δύο
2998 2153 3400 2221 μερισαμένους
3432 2155 3637 2222 στήσα-

2068 2242 2187 2293 σθαι
2211 2243 2448 2310 τρόπαια
2482 2241 2621 2308 κατὰ
2644 2241 2756 2293 τῶν
2797 2242 2941 2310 μετὰ
2985 2241 3186 2310 Ξέρξου
3233 2243 3483 2312 Περσῶν,
3514 2274 3580 2282 —
3611 2247 3638 2296 ὁ

2039 2336 2165 2403 ·μὲν
2195 2333 2304 2402 γὰρ
2333 2334 2388 2384 ἐν
2406 2335 2519 2396 τοῖς
2551 2335 2681 2402 περὶ
2705 2334 2988 2402 Σαλαμῖνα
3015 2337 3220 2398 στενοῖς
3247 2337 3343 2406 τὴν
3373 2337 3637 2405 ναυτικὴν

2067 2425 2291 2477 ἐκείνων
2325 2425 2693 2478 κατεῦἁπτισε
2747 2425 3000 2494 δύναμιν,
3033 2429 3060 2480 ό
3091 2427 3147 2480 δὲ
3200 2432 3327 2498 περὶ
3379 2427 3637 2482 Βοιωτίαν

2066 2521 2135 2568 τὰ
2167 2517 2584 2587 περιλειφθέντα
2614 2517 2713 2569 σὺν
2752 2518 3045 2588 Μαρδονίῳ
3096 2520 3440 2588 στρατόπεδα
3475 2538 3638 2572 κατε·-

2066 2609 2384 2678 τροπὼσατο
2407 2639 2478 2650 ——
2500 2608 2674 2662 ταῦτα
2700 2611 2764 2662 σὺ
2798 2608 3009 2678 βέλτιον
3041 2613 3100 2662 ὲν
3129 2612 3315 2682 ἡμέρα
3360 2613 3637 2682 διεπράξω

2073 2701 2168 2768 μιᾷ
2194 2699 2334 2752 κατὰ
2381 2699 2488 2750 τῶν
2517 2699 2954 2750 ὲπεισπεσόντων
3002 2699 3139 2768 ἡμῖν
3175 2700 3461 2767 αίφνιδίως
3502 2701 3640 2770 Περ-

2075 2791 2204 2841 σῶν.
2233 2787 2373 2850 Τοὺς
2403 2788 2503 2856 μὲν
2535 2789 2643 2857 γὰρ
2698 2786 2910 2857 κύμασι
2971 2789 3064 2842 καὶ
3121 2790 3322 2858 ῥοθίοις
3369 2791 3641 2862 θαλάττης

2071 2881 2276 2943 ἔδωκας
2314 2879 2698 2950 βαπτίζεσθαι,
2737 2883 2861 2944 τοὺς
2893 2881 2949 2934 δὲ
2979 2882 3233 2952 καθάπερ
3274 2884 3552 2954 ἀστάχυας
3582 2887 3654 2937 ἐν

2071 2973 2183 3034 τοῖς
2235 2971 2520 3042 παραλίοις
2570 2971 2668 3042 τῆς
2715 2972 2939 3043 Θρᾴκης
2971 2973 3382 3043 κατέστρωσας,
3416 2975 3542 3038 τοὺς
3582 2975 3640 3028 δὲ

2072 3060 2290 3124 πλείους
2319 3061 2528 3125 ζῶντας
2555 3063 2857 3132 ὲχειρώσω,
2908 3063 3095 3134 ὥσπερ
3136 3067 3194 3120 ὲν
3223 3066 3443 3138 ἐξουσίᾳ
3487 3067 3642 3136 βασι-

2073 3152 2200 3221 λικῇ
2229 3154 2393 3222 τριχῇ
2450 3153 2511 3205 τὸ
2533 3155 2631 3222 τῆς
2667 3153 2827 3223 νίκης
2881 3155 3268 3224 διαιρούμενος
3320 3159 3637 3227 κράτιστον.

2073 3240 2247 3295 Πάλαι
2281 3243 2380 3311 μὲν
2411 3241 2504 3296 οὖν
2536 3242 2818 3314 ἐθαύμαζε
2856 3245 3028 3314 δῆμος
3061 3247 3330 3316 Ἐλλήνων
3367 3248 3643 3304 Ἀλκιϐιά-

2071 3330 2170 3400 δην
2203 3332 2412 3386 ὲκείνον
2468 3334 2561 3388 τὸν
2606 3335 2980 3407 Σωκρατικὸν,
3015 3338 3108 3392 τὸν
3158 3338 3432 3404 Κλεινίου,
3461 3340 3552 3393 τὸν
3583 3343 3640 3394 ὲν

2073 3511 2164 3566 alii
2207 3513 2545 3569 velocitatem
2579 3525 2636 3574 et
2678 3532 2906 3574 acumen
2959 3519 3159 3590 ingenii
3199 3523 3277 3576 tui
3316 3524 3641 3594 suspiciunt.

2075 3602 2208 3656 Nam
2259 3608 2436 3660 mmtii
2475 3607 2550 3661 tui
2582 3621 2742 3663 cursu
2789 3619 3205 3680 praevertuntur,
3248 3623 3303 3669 et
3340 3616 3519 3671 subita
3551 3626 3656 3672 tua.

2075 3698 2364 3765 praesentia
2394 3699 2630 3753 hostium
2671 3703 3105 3757 machinamenta
3149 3706 3300 3760 irrita
3334 3707 3492 3764 facis.
3555 3709 3645 3764 Sic

2077 3786 2438 3842 'l‘riballorum
2471 3790 2848 3862 Mysornmqae
2891 3795 3057 3852 duces
3100 3801 3433 3854 conturbas-ti
3466 3841 3482 3862 .
3543 3818 3645 3857 nec

2075 3879 2326 3947 opinatos
2367 3895 2460 3935 eos
2492 3880 2734 3939 fulminis
2778 3885 2952 3942 inStar
2983 3887 3300 3944 adoricndo.
3335 3895 3426 3946 Sic
3467 3893 3645 3948 Chion

2073 3971 2286 4036 cepisti,
2322 3971 2398 4024 sic
2429 3971 2708 4027 Phocaeam
2750 3974 3046 4046 subegisti;
3077 3977 3156 4032 sic
3186 3978 3457 4050 Illyricum
3491 3985 3646 4038 inva-

2074 4060 2227 4127 sisti;
2266 4063 2346 4116 sic
2377 4054 2757 4141 nnpchEtolis
2776 4075 2939 4136 atque
2963 4067 3340 4128 Acarnanibus
3366 4075 3644 4145 antiquam

2077 4152 2445 4208 Romanorum
2480 4155 2706 4210 formam
2742 4159 3014 4225 refecisti;
3048 4162 3127 4216 sic
3159 4172 3356 4217 terram
3389 4182 3645 4237 mareque

2075 4244 2430 4314 stirpi-fecisti.
2463 4247 2592 4300 Dico
2623 4249 2875 4316 equidem
2909 4255 3209 4307 exercitum
3257 4254 3418 4310 istum
3462 4257 3644 4313 Persi-

2077 4353 2228 4396 cum,
2257 4339 2347 4406 qni
2391 4349 2581 4394 contra
2626 4356 2725 4395 nos
2753 4343 2956 4406 movit,
2994 4352 3044 4399 te
3077 4360 3182 4400 uno
3207 4346 3293 4401 die
3333 4349 3646 4419 proﬂigasse

387 4272 641 4326 nntnqne
670 4255 877 4324 injuriis
913 4254 1170 4308 liberarii.
1207 4253 1313 4307 Sed
1347 4253 1461 4308 ista:
1506 4255 1699 4308 fabula:
1753 4255 1855 4310 fide
1893 4255 1971 4310 le-

384 4350 592 4420 gitima
624 4358 873 4401 carentes
896 4360 1054 4400 aures
1099 4348 1477 4401 tantummodo
1522 4347 1762 4403 titillant.
1819 4347 1874 4400 In
1922 4358 1971 4401 te

384 4452 584 4498 autem
623 4438 832 4493 Graecia
880 4452 1078 4492 novum
1136 4438 1376 4506 possidet
1420 4437 1704 4493 Herculem
1740 4442 1830 4507 qui
1885 4457 1959 4494 re-

2079 4441 2132 4482 et
2187 4431 2384 4486 multos
2412 4439 2507 4484 aut
2547 4432 2849 4500 cecidisse,
2893 4444 2989 4490 aut
3034 4438 3185 4493 vivos
3229 4441 3454 4508 cepisse.
3491 4442 3646 4508 Quod

381 4537 618 4603 sionem
679 4533 836 4586 istam
873 4546 977 4585 non
1037 4529 1252 4586 morbis.
1287 4545 1352 4585 ac
1381 4531 1593 4600 injuriis
1625 4531 1841 4596 liberm,
2081 4521 2224 4574 υιιὶιιι
2243 4521 2369 4574 οίὶιη
2396 4521 2792 4578 Themistocles
2822 4541 2886 4578 ex
2915 4527 3111 4596 Attica,
3141 4539 3194 4585 Cl
3218 4530 3515 4590 Pausanias
3542 4535 3645 4589 La-

380 4639 572 4680 Vcl‘tlo
607 4635 767 4690 atque
800 4623 988 4678 aestivo
1023 4632 1265 4692 tempore
1308 4638 1414 4678 non
1444 4625 1510 4677 ad
1540 4639 1689 4678 arma
1722 4625 1959 4692 recurrit

2077 4616 2384 4670 cellaemone
2413 4617 2617 4686 egressi
2667 4616 2933 4685 fecerunt,
2967 4623 3072 4676 duo
3126 4623 3199 4679 de.
3250 4623 3425 4682 Xerxe
3478 4628 3641 4685 Persa

377 4716 488 4773 sed
519 4713 818 4767 stationum
846 4725 901 4766 et
927 4718 1316 4768 elementorum
1347 4722 1594 4769 naturam
1629 4715 1959 4782 reformavit;

2081 4713 2282 4774 tropica
2312 4709 2590 4778 erigendo,
2619 4736 2691 4750 --
2721 4727 2952 4781 quorum
2983 4730 3122 4771 unus
3164 4717 3380 4786 quidem
3415 4721 3643 4774 classem

374 4805 484 4876 qui
544 4803 715 4870 frigus
756 4801 1046 4856 hibernmn
1080 4816 1175 4870 pro
1203 4812 1414 4865 aestate,
1443 4803 1638 4857 famem
1670 4819 1766 4872 pro
1797 4807 1972 4858 abun-
2081 4797 2313 4851 hostium
2373 4800 2426 4852 in
2482 4799 2624 4856 freto
2651 4802 2888 4859 Bmotieo
2927 4805 3144 4872 delevit,
3193 4810 3329 4865 alter
3378 4822 3560 4866 castra
3615 4830 3644 4866 ιι

373 4894 617 4956 dantis,
653 4891 922 4944 insomnia
955 4904 1051 4954 pro
1077 4890 1260 4959 quiete
1300 4890 1487 4944 habes.
1542 4889 1621 4945 Tu
1670 4892 1716 4946 si
1749 4895 1849 4947 sub
1883 4894 1974 4949 dio
2083 4887 2364 4950 ΙΙίπιΙοῐιίο
2404 4891 2593 4947 Γειὲειὲι
2631 4895 2796 4964 cep“.
2829 4926 2896 4937 -
2926 4897 2980 4952 id
3032 4908 3086 4954 ιιι
3147 4902 3336 4956 melius
3397 4916 3501 4957 IIIIa
3562 4904 3648 4959 die

374 4993 717 5057 pernoctas,
741 4982 885 5048 regia
925 4989 974 5032 te
1005 4979 1283 5046 voluptate
1314 4978 1413 5032 frui
1447 4989 1640 5048 putas;
1670 4991 1723 5034 tu
1757 4985 1974 5052 propria
2082 4979 2282 5044 fecisti,
2315 4981 2532 5048 Persas,
2574 4985 2664 5052 qui
2701 4999 2915 5043 nosmet
2943 4992 3181 5060 aggressi
3213 4990 3454 5057 fuerant,
3494 4993 3644 5048 Subi-

373 5075 690 5131 coltmloda
718 5073 992 5126 connnuni
1037 5070 1253 5124 utilitati
1293 5073 1573 5140 pomponii.
1593 5089 1624 5138 ;.
1646 5085 1698 5127 tu
1729 5075 1981 5130 cursibus
2082 5070 2276 5138 gendo.
2312 5072 2460 5127 Alios
2500 5075 2644 5128 enim
2691 5080 2849 5133 undis
2903 5093 2966 5133 ac
3027 5081 3278 5136 lmetibus
3331 5085 3499 5138 maris
3550 5085 3647 5138 im-

378 5164 862 5224 laboriosisnova
883 5163 1185 5217 certamina
1211 5171 1266 5215 et
1292 5161 1508 5216 labores
1521 5164 1693 5230 addis,
1722 5179 1820 5219 nee
1845 5175 1980 5218 tem-
2081 5163 2342 5231 mersisti,
2373 5167 2511 5222 alios
2541 5177 2598 5220 ut
2627 5169 2868 5224 calamos
2909 5173 2972 5226 ad
3005 5171 3255 5229 Thraciae
3301 5176 3477 5231 littora
3507 5190 3647 5233 stra-

372 5256 520 5331 pori
559 5267 664 5306 nec
690 5252 851 5306 rebus
881 5253 1170 5320 parcendo.
1209 5261 1264 5306 et
1299 5267 1504 5322 pugnas
1536 5261 1646 5306 tum
1676 5255 1976 5309 maritimas
2083 5253 2226 5320 visti,
2281 5255 2415 5310 alios
2443 5272 2669 5312 numero
2703 5261 2886 5328 plures
2946 5265 3097 5318 vivos
3146 5267 3360 5334 cepzsri,
3423 5270 3504 5323 sic
3549 5285 3646 5338 pro

371 5366 521 5408 cum
563 5353 854 5398 terrestres
889 5343 1098 5398 ciendo.
1153 5341 1220 5396 Et
1265 5343 1453 5396 borum
1482 5344 1699 5413 quidem
1725 5348 1977 5401 ecrtami-
2083 5345 2226 5416 regia
2281 5354 2370 5401 tua
2421 5359 2688 5417 potestate
2731 5353 2928 5423 triplici
2965 5357 3185 5412 victoria
3237 5360 3478 5415 functus.
3509 5361 3648 5416 Olim

377 5453 532 5496 nunt
569 5433 664 5486 alii
697 5432 1120 5496 multitudinem,
1156 5431 1248 5487 alii
1274 5431 1632 5501 frequentiam
1663 5437 1959 5504 mirantur;

2083 5439 2295 5506 quidem
2326 5439 2496 5497 erci
2530 5443 2863 5500 Alcibiadem
2894 5448 3041 5501 illtnn
3075 5449 3439 5517 Socraticum,
3459 5452 3647 5507 Clinia:

451 5571 545 5641 (ι)
584 5565 721 5630 Quae
756 5577 876 5642 post
905 5583 961 5642 vi
997 5567 1294 5642 ἡγεμονίας
1327 5568 1581 5642 leguntur
1617 5587 1790 5642 usque
1822 5574 1890 5628 ad
1923 5593 1972 5630 ν.

365 5637 719 5714 κρατιστον-
748 5637 1032 5714 (lin_._5l),
1090 5640 1427 5714 iti_tttargitte
1476 5637 1976 5714 demum-apposito

367 5707 559 5786 δίειιο
596 5707 813 5761 addidit
841 5707 1121 5762 librarius.
1157 5707 1288 5762 Dedi
1317 5707 1444 5777 qua:
1480 5711 1582 5779 legi
1615 5707 1973 5779 adnue-potu.

2085 5587 2246 5645 rant;
2299 5579 2555 5636 nonnulla
2587 5585 2733 5639 enim
2761 5586 2828 5638 ab
2865 5584 3233 5661 illili0_t't'.t:isil.
3265 5591 3631 5661 bibliopngus.

3025 5659 3230 5712 Ευι-ιυιι
3262 5659 3573 5716 [Λινειωνείε.
