4118 6312
275 450 330 511 17
1191 458 1658 524 ΦΥΖΛΝΤῙΝᾺΕ
1700 461 1744 517 ll
1763 459 1850 516 lb’l

1952 459 2078 516 Udi
2121 461 2261 519 LIB.
2308 462 2479 519 XXV.
3455 460 3520 522 IS

272 565 513 633 ράλογον,
550 565 671 618 ἀλλ’
706 569 754 620 εί
782 571 861 638 μὴ
892 569 998 622 πᾶν
1027 571 1146 622 ἐκεῖ
1165 572 1226 623 τὸ
1266 574 1550 642 γινόμενόν
1583 576 1697 626 ἐστι
1736 590 1839 627 πα-

1952 575 2363 629 l‘umlamentnm
2410 576 2620 629 lirmins
2675 575 3074 631 naneiseuutur
3111 582 3166 628 et
3212 575 3389 644 palam
3423 576 3518 629 im-

271 649 512 718 ράλογον,
545 654 739 724 Ἡμεῖς
775 655 821 708 δ’
851 657 1100 710 ἐνταυθοῖ
1125 661 1264 729 μήτε
1299 661 1533 731 περισσὰ
1565 662 1626 714 τδ
1658 664 1838 730 παρά-

269 758 379 793 παν
411 740 704 810 ζητοῦντες
758 745 1079 814 σοφίζεσθαι
1123 750 1265 803 κατά
1321 768 1382 818 γε
1435 751 1535 821 τὴν
1574 754 1837 823 περιττὴν

267 833 362 884 καὶ
414 832 665 903 εὔτεκνον
721 836 928 907 ταύτην
978 840 1198 908 σοφίαν,
1251 841 1378 912 μήθ’
1441 844 1670 905 ἑαυτοὺς
1730 843 1839 895 τῶν

268 920 433 976 θείων
480 924 682 993 μᾶλλον
706 926 948 980 δικαιοῦν
981 929 1230 1014 πατρίωέ
1278 927 1837 1001 διαπληκτιζομένους

273 1015 333 1066 ἐν
385 1013 450 1084 [ί.
485 1014 578 1070 101
642 1015 697 1088 a]
731 1017 1033 1082 διαλέξεσιν
1089 1013 1302 1090 ἄμετρα
1371 1022 1463 1074 τὸν
1525 1023 1840 1093 καινότερον

269 1104 492 1170 τρόπον,
522 1107 656 1160 ἀλλὰ
712 1111 827 1172 τοῖς
893 1111 994 1178 μὲν
1045 1112 1254 1165 ἄνωθεν
1311 1112 1370 1166 εὖ
1433 1115 1840 1184 γεγραμμένοις

270 1196 603 1262 ἐμμένοντες
653 1200 911 1270 δόγμασι,
955 1203 1023 1255 τὰ
1087 1203 1143 1256 δὲ
1203 1201 1474 1271 σιγηθέντ’
1535 1206 1851 1271 ἀναξαίνειν

271 1284 496 1357 μηδαμῆ
528 1289 789 1358 μηδαμῶς
818 1292 1097 1356 ἀξιοῦντες
1144 1296 1266 1362 μηδ’
1299 1296 1557 1349 ἀναλύειν
1585 1296 1842 1366 ἀκαίροις

268 1377 568 1445 πειρᾶσθαι
633 1381 1038 1451 συλλογισμοῖς,
1089 1386 1254 1454 ἠμείς
1305 1405 1364 1440 τε
1409 1389 1458 1440 οί
1525 1391 1842 1456 ποιμαίνειν

270 1465 471 1520 uasa:
493 1467 748 1536 λαχόντες
778 1475 1168 1541 πνευματικῶς
1215 1476 1307 1528 τὸν
1344 1479 1556 1548 μακρὶν
1585 1479 1844 1546 δδεύομεν

270 1556 421 1625 βῖσν,
485 1559 580 1611 καὶ
632 1560 692 1612 τὸ
746 1568 1112 1632 πνευματικὸν
1172 1566 1329 1634 ἡμῶν
1387 1567 1585 1635 ὁμοίιος
1636 1568 1844 1638 ἄγομεν

269 1648 520 1713 ποίμνιον
541 1651 646 1704 ὑπὸ
675 1653 982 1725 κυϐερνήτῃ
1005 1657 1081 1727 τῷ
1109 1659 1255 1727 μόνῳ
1279 1657 1498 1712 πάντων
1526 1660 1845 1732 δημιουργῷ

271 1741 368 1792 καὶ
419 1740 558 1809 Θεῷ,
626 1744 917 1806 πολυυετας
967 1748 1024 1800 δὲ
1092 1749 1190 1802 καὶ
1247 1751 1438 1814 ἁθεῖας
1489 1750 1842 1821 Παλαμικὰς,

272 1830 478 1898 μᾶλλον
501 1832 544 1884 δ’
587 1833 856 1903 ὲνσάρκου
903 1839 1219 1907 οἰκονομίας
1269 1840 1552 1910 ἀθέτησιν,
1574 1841 1774 1893 ταυτὸν
1801 1841 1845 1894 δ’

269 1923 447 1974 εἰπεῖν
480 1924 811 1994 Ἐκκλησίας
848 1927 1065 1998 ἀπάσης
1110 1929 1369 1995 καθάπαξ
1395 1933 1705 2000 ἀνατροπὴν
1731 1932 1841 1984 οὔτ’

269 2012 573 2081 ἐδεξάμεθα
602 2015 725 2069 οὔτε
760 2018 866 2086 μὴν
895 2020 1175 2090 δεξαίμεθ’
1222 2022 1287 2075 ἄν
1339 2039 1492 2087 ποτε,
1534 2022 1637 2077 κᾶν
1661 2023 1847 2092 ἐχθροὶ

274 2105 463 2174 μυρίοι
510 2108 726 2175 μυρίων
776 2108 1092 2179 ἔμπροσθεν
1138 2112 1328 2165 ίστῶσι
1373 2113 1622 2166 θανάτων
1671 2114 1846 2182 σκεύη

261 2199 368 2280 ,καὶ
425 2201 820 2268 μηχανήματα,
863 2202 996 2254 ἀλλὰ
1045 2205 1136 2256 καὶ
1196 2204 1361 2258 αὑτὸν
1413 2205 1707 2272 Παλαμᾶν,
1753 2206 1848 2257 καὶ

268 2290 386 2340 ὅσοι
417 2291 588 2342 ταυτιί⁵
622 2291 914 2360 φρονοῦσιν
937 2293 1104 2360 αὐτῷ,
1150 2295 1290 2362 μετὰ
1327 2294 1438 2347 τῶν
1462 2294 1628 2347 αὐτοῦ
1673 2293 1846 2345 τοιούο

269 2396 380 2430 των
427 2375 844 2449 δογμάτων,ὧν
900 2383 994 2434 καὶ
1041 2384 1205 2452 ἡμείς
1267 2384 1414 2446 ὅπως
1468 2377 1587 2435 ποτ’
1642 2384 1700 2434 ὲν
1753 2382 1850 2452 θέᾳ

223 2510 226 2512 -
271 2471 642 2539 κατέστημεν,
673 2472 750 2538 τῷ
788 2472 992 2544 αἰωνίῳ
1039 2474 1492 2544 παριπέμπομεν
1540 2473 1849 2541 ἀναθέματε

270 2577 334 2612 τε
390 2562 487 2614 καὶ
518 2564 675 2633 πυρί.
733 2565 952 2618 Τούτων
1003 2566 1048 2618 δ’
1097 2567 1297 2636 ἀκριϐῆ
1354 2567 1452 2636 τὴν
1509 2565 1850 2635 παράστασιν

271 2653 418 2720 ἔχεις
444 2670 504 2706 τε
537 2659 626 2708 καὶ
663 2655 806 2720 ἕξεις
844 2658 1029 2722 αὐτὸς,
1061 2657 1214 2710 διιὼν
1257 2659 1355 2718 τὰς
1399 2657 1634 2711 ἐνταῦθα
1666 2659 1850 2717 πόλεις

269 2748 369 2798 καὶ
392 2746 592 2828 λώβης
628 2749 904 2816 Αἰγύπτου
938 2754 1032 2803 καὶ
1078 2751 1355 2819 Ἀραϐίας,
1379 2753 1634 2818 Φοινίκης
1664 2767 1724 2802 τε
1757 2753 1852 2804 καὶ

271 2840 496 2909 Συρίας,
530 2842 624 2893 καὶ
658 2843 760 2894 ὅσα
796 2842 922 2910 περὶ
947 2843 1148 2904 ταύτας
1184 2841 1395 2895 οἰκοῦσι
1427 2843 1559 2910 γένη
1589 2843 1850 2911 Χριστια-

271 2933 405 2999 νῶν,
451 2935 602 2995 ὅπως
668 2937 726 2987 ὲν
788 2933 939 3002 μέσῳ
1000 2933 1108 2986 τῶν
1136 2932 1354 2988 ἀσεϐῶν
1409 2933 1508 2987 καὶ
1561 2934 1850 3005 ἀκάθαρτα

271 3023 431 3093 χείλη
461 3024 694 3092 ἑχόντων
719 3023 1016 3086 οἰκοῦντες,
1049 3024 1145 3075 καὶ
1178 3022 1484 3093 ἀλλοτρίοις
1505 3021 1851 3086 δουλεύοντες

271 3116 483 3178 ὅπλοις,
531 3115 679 3182 ὅμως
726 3118 793 3184 τῇ
834 3114 946 3166 τῶν
994 3110 1098 3168 ὦδε
1139 3115 1485 3182 στοιχοῦντες
1537 3116 1850 3167 ἐπισκόπων

269 3203 598 3274 διδασκαλίᾳ
619 3205 679 3257 τὸ
707 3204 934 3271 πάτριον
968 3202 1131 3266 σέϐας
1165 3204 1252 3255 ἀεὶ
1282 3205 1393 3264 τοῖς
1425 3204 1593 3272 ἱεροῖς
1625 3203 1850 3270 νέμουσι

271 3297 532 3365 δογμασι.
586 3295 938 3366 Μηκύνοιμεν
980 3295 1026 3348 δ’
1082 3296 1172 3359 ἂν,
1231 3294 1282 3347 εί
1338 3293 1518 3362 λέγειν
1567 3293 1851 3363 ιοελοιμεν

274 3388 500 3442 ᾶπαντα
564 3388 761 3456 ἑφεξῆς
811 3389 913 3439 ὅσα
960 3404 1017 3440 τε
1070 3390 1098 3439 ό
1139 3388 1281 3449 θεῖος
1321 3387 1534 3447 ἐκεῖνος
1585 3385 1724 3454 ἀνὴρ
1763 3385 1850 3437 ἐπ’

275 3479 416 3550 ἐμοῦ
450 3479 674 3548 διεξῄει,
703 3478 797 3531 καὶ
821 3479 921 3530 ὅσοι
951 3478 1098 3532 ἄλλοι
1145 3478 1319 3540 ἄλλως
1354 3476 1560 3546 ἀλλαχῆ
1590 3475 1685 3535 καὶ
1715 3491 1852 3526 παν-

277 3571 438 3639 ταχῆ,
469 3573 571 3638 τῆς
596 3571 788 3638 ὁμοίας
822 3569 1055 3638 ἐχόμενα
1084 3567 1290 3632 τάξεώς
1334 3585 1390 3620 τε
1425 3568 1520 3620 καὶ
1543 3565 1850 3627 εὐλαϐείας.

1943 667 2279 737 probitatem
2312 669 2468 736 quasi
2506 667 2708 721 vividis
2737 667 3016 721 eolorihus
3051 667 3296 721 indutam
3332 676 3520 722 osten-

1939 760 2096 814 dunt.
2122 759 2303 825 Quare
2349 760 2482 812 mihi
2519 759 2706 813 mirari
2742 759 2891 812 subit
2933 776 3036 811 non
3071 760 3114 812 si
3159 759 3289 826 quid
3326 759 3400 811 ibi
3432 775 3520 811 ra-

1942 851 2077 906 tioni
2128 851 2529 907 inconveniens
2584 851 2812 917 incidat,
2855 851 2950 905 sed
3005 853 3048 905 si
3085 852 3520 919 non,quidqttid

1940 947 2176 1014 geritur.
2205 961 2236 999 a
2289 946 2500 999 ratione
2531 943 2846 999 abhorreat.
2884 943 2994 998 Nos
3043 954 3227 998 autem
3262 943 3354 997 hic
3376 986 3390 1009 ,
3424 946 3519 1012 qui

1941 1051 2049 1090 non
2068 1051 2528 1104 supervacaneam
2547 1038 2705 1090 istam
2729 1044 2784 1090 et
2811 1035 3163 1090 artiﬁciosam
3190 1035 3522 1105 sapientiam

1942 1128 2142 1182 sectari
2172 1129 2226 1182 in
2249 1127 2434 1181 animo
2466 1128 2735 1182 habemus
2769 1141 2873 1180 nec
2916 1127 3216 1182 rhetoricis
3240 1127 3524 1181 subtilita-

1946 1219 2092 1273 tibus
2112 1217 2297 1272 divina
2317 1233 2440 1272 cum
2464 1218 2708 1288 prolanis
2726 1218 3196 1272 confumlemihus
3211 1219 3522 1273 studemus.

1942 1307 2106 1375 hujus
2131 1307 2393 1377 temporis
2417 1309 2474 1362 in
2506 1309 2776 1374 dogmatis
2792 1308 3103 1378 antiquitus
3129 1307 3270 1362 bene
3303 1307 3525 1378 scriptis

1943 1412 2381 1468 permaneamns,
2410 1414 2590 1468 neque
2608 1414 2730 1466 qua:
2754 1399 2972 1453 silentio
2999 1400 3238 1452 involuta
3259 1411 3409 1462 sunt,
3439 1417 3525 1451 re-

1943 1489 2145 1544 fricare
2162 1499 2258 1543 aut
2293 1491 2499 1560 ineptis
2537 1489 3054 1544 ratiocinationibus
3074 1490 3331 1558 expedire
3362 1506 3527 1544 cone-

1946 1595 2092 1643 mur,
2121 1596 2244 1645 nos,
2283 1579 2430 1645 dico,
2462 1581 2666 1650 quibus
2705 1581 2796 1636 hic
2825 1590 3107 1650 pastorum
3144 1595 3343 1634 munus
3382 1581 3526 1634 obti-

1947 1671 2026 1741 git
2057 1671 2256 1739 spiritu
2290 1672 2454 1726 aliter
2484 1673 2703 1742 longam
2736 1674 2903 1726 vitam
2925 1673 3178 1743 degimus
3222 1681 3278 1726 et
3307 1688 3526 1742 gregem

1947 1768 2196 1814 nostrum
2229 1760 2571 1828 spiritualem
2607 1761 2803 1815 eodem
2837 1763 2998 1816 modo
3029 1764 3268 1831 reglmus
3297 1765 3402 1816 sub
3431 1779 3531 1832 gu-

1951 1847 2266 1912 bernatore,
2302 1849 2680 1904 universitatis
2730 1866 2916 1905 rerum
2977 1852 3095 1905 solo
3127 1851 3324 1919 opilice
3363 1861 3529 1920 atque

1953 1937 2081 2002 Deo,
2108 1938 2533 2009 polytheismum
2567 1951 2748 1995 autem
2790 1950 2847 1996 et
2892 1942 3224 1997 atheismnm
3270 1943 3527 2005 Pttinllla“,

1949 2026 2122 2093 magis
2148 2041 2280 2080 vero
2335 2030 2760 2085 exstinctionem
2828 2033 3076 2102 mysterii
3133 2033 3529 2086 incarnationis

1950 2113 2070 2180 Dei,
2092 2115 2178 2170 vel
2202 2115 2349 2184 quod
2375 2117 2516 2170 idem
2543 2127 2647 2179 est,
2678 2118 2849 2172 totius
2882 2120 3136 2174 Ecclesia:
3153 2121 3370 2189 planam
3400 2137 3529 2173 (νηι-

1951 2203 2270 2258 ιέιέἱοοίιηι
2329 2221 2439 2258 non
2500 2206 2856 2280 probavimus
2903 2223 3081 2278 neque
3130 2225 3371 2276 unquam
3424 2209 3533 2278 27·

1951 2292 2334 2361 probabimus,
2380 2295 2423 2348 si
2461 2296 2624 2349 etiam
2658 2297 2896 2351 hostium
2932 2287 3353 2353 innumerabilis
3389 2300 3530 2352 mul-

1954 2386 2132 2440 titudo
2157 2388 2534 2454 quarumlibet
2591 2391 2854 2444 mortiutn
2913 2392 3275 2446 instrumenta
3310 2402 3364 2444 et
3420 2408 3531 2445 ina-

1951 2476 2144 2531 chinas
2174 2477 2334 2532 nobis
2357 2480 2668 2548 protendat,
2729 2481 2822 2534 sed
2859 2491 2914 2536 et
2951 2483 3130 2552 ipsum
3171 2482 3444 2537 [‘alan-am
3477 2492 3532 2536 et

1953 2567 2046 2634 qui
2089 2582 2213 2619 cum
2249 2582 2316 2620 eo
2343 2569 2593 2622 sentiunt
2621 2585 2746 2622 cum
2781 2571 3052 2638 dogmatis
3099 2571 3235 2633 suis,
3270 2588 3389 2637 qnte
3431 2578 3529 2625 nos

1951 2671 2172 2723 quoque
2225 2657 2445 2725 quando
2489 2660 2767 2732 vidimus,
2800 2675 3018 2716 aeterna:
3072 2665 3432 2717 exsecrationi
3477 2675 3530 2719 et

1954 2747 2062 2816 igni
2101 2748 2446 2803 mandamus.
2505 2747 2715 2804 Ilorum
2753 2751 3326 2809 verborumaceurata
3357 2755 3526 2809 docu-

1954 2846 2138 2892 menta
2173 2840 2392 2894 invenis
2417 2851 2580 2910 atque
2612 2843 2862 2898 invenies
2885 2889 2898 2908 ,
2946 2845 2991 2899 si
3040 2847 3209 2902 urbes
3242 2857 3405 2916 atque
3441 2864 3525 2900 τοι

1952 2925 2144 2996 giones
2159 2926 2374 2998 )Egypti
2402 2939 2456 2984 et
2477 2931 2716 2992 Arabiae,
2736 2932 3035 2988 Phreniciae
3061 2945 3116 2989 et
3145 2935 3311 3004 Syrim
3337 2947 3390 2991 et
3408 2954 3532 3006 qua:

1953 3015 2009 3068 in
2038 3015 2369 3071 iisincolunt
2387 3028 2576 3086 gentes
2603 3019 3046 3075 Christianorum
3063 3037 3353 3094 peragrare
3374 3027 3530 3093 velis,

1953 3122 2074 3176 quae
2115 3123 2427 3178 quanquam
2469 3111 2718 3166 habitant
2765 3112 2908 3166 inter
2957 3115 3153 3182 impios
3198 3116 3524 3184 imparoqne

1879 3237 1924 3294 Ο
1954 3213 2050 3253 ore
2096 3201 2354 3269 praeditos
2407 3210 2572 3270 atque
2613 3202 2810 3258 alienis
2851 3205 3015 3259 annis
3057 3207 3314 3275 subjecta:
3359 3217 3523 3268 sunt,

1957 3297 2140 3344 tamen
2187 3289 2514 3346 'doctrinam
2569 3293 2757 3347 talium
2830 3296 3215 3366 episcoporum
3295 3312 3532 3366 sequen-

1958 3391 2062 3445 tes,
2109 3383 2471 3437 reverentiam
2525 3400 2554 3437 a
2616 3385 2866 3453 patrihus
2931 3387 3183 3441 traditam
3255 3407 3537 3457 nunquam

1957 3489 2065 3527 non
2123 3473 2330 3527 sanctis
2387 3474 2699 3529 attribuunt
2778 3477 3065 3547 dogmatis.
3135 3479 3379 3548 Longum
3425 3491 3529 3540 est,

1957 3563 2141 3617 omnia
2199 3578 2460 3618 enarrare
2546 3582 2668 3634 qua:
2721 3565 2944 3621 divinus
3003 3568 3092 3622 ille
3161 3570 3245 3622 vir
3317 3585 3530 3624 mecum

272 3662 729 3728 communicavit,
780 3673 836 3715 et
889 3676 1010 3730 quae
1063 3660 1154 3714 alii
1201 3661 1334 3714 alias
1377 3659 1538 3713 aliter
1586 3656 1720 3711 mihi
1770 3652 2080 3710 referebant
2141 3651 2207 3706 ad
2250 3653 2504 3709 eumdem
2562 3655 2814 3708 ordinem
2873 3664 3035 3725 atque
3070 3659 3327 3727 pietatem
3365 3665 3534 3729 perti-

272 3758 483 3812 nentia.

353 3855 425 3908 Ζ’.
470 3853 751 3918 Ἰἓξπετίαν
780 3852 826 3905 δ’
855 3850 948 3904 οὖν
982 3852 1131 3920 ὅμως
1173 3852 1331 3919 ἡμεῖς
1368 3849 1423 3899 ὲν
1472 3846 1702 3906 ἐκείνοις
1737 3845 1852 3896 δια-

270 3945 596 4015 τετριφότες
629 3945 740 4005 τοῖς
781 3942 987 4002 τόποις,
1020 3941 1214 3992 ἔπειτα
1251 3939 1484 4005 πλήρεσι
1514 3939 1624 3997 τοῖς
1657 3931 1849 3994 ἱστίοις

273 4039 606 4107 ἀναχθέντες
653 4037 717 4086 ὲκ
769 4033 1018 4095 Κιλικίας
1059 4033 1357 4101 δευτεραῖοι
1397 4032 1448 4091 ἐς
1500 4028 1726 4094 Κύπρον
1756 4028 1851 4096 τὴν

273 4135 442 4199 νῆσον
496 4127 872 4197 κιτήχθημεν,
923 4125 1053 4178 ἔνθα
1101 4126 1167 4193 δὴ
1217 4125 1310 4176 καὶ
1359 4119 1850 4189 πολὺνδιατρξϐειν

276 4218 548 4286 ἐγνώκειν
577 4217 752 4281 ἔγωγε
785 4214 969 4282 χρόνον
999 4213 1086 4266 διά
1124 4229 1180 4263 τε
1211 4211 1378 4262 τᾶλλα
1409 4210 1517 4261 τῶν
1559 4209 1657 4276 τῆς
1683 4208 1850 4276 νήσου

274 4309 462 4363 καλῶν
507 4309 602 4360 καὶ
632 4308 733 4374 τήν
767 4322 829 4373 γε
879 4305 1100 4372 ἔννομον
1136 4319 1194 4355 τε
1244 4303 1336 4354 καὶ
1377 4299 1649 4367 φιλόξενον
1699 4299 1852 4349 πολι-

271 4405 452 4466 τείαν,
485 4398 583 4454 καῖ
611 4403 851 4470 μάλιστα
883 4397 1097 4450 πάντων
1123 4398 1211 4451 διὰ
1239 4398 1338 4463 τὴν
1368 4393 1463 4446 τοῦ
1507 4391 1674 4460 σοφοῦ
1711 4389 1856 4442 ὲκεί-

273 4513 374 4548 νου
407 4494 599 4562 ἀνδρὸς
632 4492 872 4560 ὁμιλίαν,
901 4490 1180 4559 Γεωργίου
1211 4489 1352 4558 φημὶ
1380 4485 1473 4539 τοῦ
1504 4485 1771 4550 Λαπίθου,
1809 4475 1855 4549 ᾧ

2032 3841 2141 3895 VII.
2175 3839 2279 3895 Sex
2321 3855 2420 3911 per
2456 3855 2630 3896 annos
2662 3856 2786 3897 cum
2825 3843 2877 3896 in
2911 3843 3018 3898 illis
3045 3845 3182 3899 locis
3215 3847 3532 3911 fuissemus,

1956 3950 2022 3987 ex
2051 3931 2242 3987 Cilicia
2272 3933 2408 3986 velis
2440 3934 2615 4002 passis
2640 3935 2694 3986 in
2730 3935 2900 3988 altum
2931 3935 3122 4002 delati,
3155 3939 3400 3994 secundo
3445 3942 3532 3995 die

1958 4025 2024 4077 ad
2059 4025 2292 4077 insulam
2322 4024 2919 4094 Cyprutnappulimus,
2947 4029 3037 4082 ubi
3066 4030 3288 4098 longum
3320 4040 3536 4099 tempus

1961 4116 2289 4168 commorari
2345 4117 2744 4170 constitueram
2799 4133 2924 4170 cum
2975 4121 3046 4173 ob
3087 4123 3212 4183 alia,
3245 4138 3363 4190 quae
3401 4141 3532 4191 prze-

1959 4206 2052 4260 het
2086 4204 2264 4260 insula
2297 4205 2609 4266 commoda,
2641 4218 2753 4260 tum
2795 4209 2940 4276 quod
2981 4211 3055 4263 rei
3096 4211 3326 4278 publicae
3358 4215 3530 4268 admi-

1960 4295 2213 4348 nistratio
2243 4296 2500 4363 prun-lare.
2530 4296 2742 4365 legibus
2779 4306 3078 4366 temperata
3117 4311 3221 4361 est,
3250 4312 3304 4354 et
3333 4302 3536 4367 oppido

1961 4385 2253 4453 hospitalis
2285 4424 2300 4448 ,
2360 4387 2596 4440 maxime
2653 4402 2786 4440 vero
2812 4401 2880 4440 eo
2907 4390 3138 4442 consilio
3159 4432 3171 4454 ,
3226 4401 3284 4442 ut
3316 4392 3534 4458 Georgii

1962 4475 2227 4544 Lapithae,
2262 4476 2359 4530 viri
2393 4478 2541 4532 illius
2568 4479 2959 4546 sapientissimi
2995 4483 3393 4535 consuetudine
3421 4496 3536 4536 nte-

273 4588 380 4639 οὐκ
417 4561 581 4648 εὐθὺς
613 4582 827 4644 ἀποϐὰς
849 4585 947 4651 τῆς
977 4585 1114 4643 νε·ἱις
1162 4579 1580 4648 ὲνετετυχήκειν
1611 4575 1850 4645 αὐθημε-

1961 4582 2070 4629 rer,
2107 4582 2270 4635 quem
2303 4567 2414 4637 28
2446 4569 2672 4636 quidem
2709 4584 2738 4622 c
2778 4569 2900 4622 navi
2923 4585 3176 4640 egressus
3215 4587 3320 4624 non
3350 4573 3534 4624 statim

275 4678 410 4746 ρον
459 4676 519 4727 ού
572 4675 682 4744 γὰρ
732 4674 960 4742 πλησίον
994 4672 1110 4723 ἐκεῖ
1142 4687 1242 4723 που
1291 4669 1389 4738 τὴν
1435 4666 1652 4737 οἴκησιν
1685 4660 1854 4734 εἶχεν,

271 4767 419 4824 ἀλλὰ
461 4767 606 4820 δυοῖν
636 4766 875 4835 ἡμέραιν
931 4764 1024 4816 τοῦ
1073 4763 1291 4833 λιμένος
1330 4761 1643 4830 ἀπέχουσαν
1681 4760 1762 4821 είς
1798 4757 1858 4809 ὃν

273 4864 444 4930 ἡμεῖς
471 4859 776 4927 τηνικαῦτα
806 4853 1559 4922 ὲσεπεπλεύκειμεν.·Ῥόδου
1607 4849 1706 4920 μὲν
1751 4848 1858 4917 γὰρ

275 4949 498 5017 ἐκείνης
527 4938 634 5015 τῆς
658 4946 825 5014 νήσου
862 4943 1063 5012 μείζων
1099 4942 1250 4994 ἐστὶν
1271 4944 1303 5009 ἡ
1339 4941 1586 5010 Κύπρος,
1614 4939 1710 4992 καὶ
1739 4941 1858 5008 ἅμα

273 5039 345 5091 οὗ
385 5035 508 5088 κατ’
537 5037 778 5104 ἐκείνην,
805 5032 920 5085 ἀλλ’
959 5033 1239 5103 ἐπιμήκης
1278 5031 1341 5082 τδ
1373 5034 1558 5100 σχῆμα.
1583 5044 1597 5058 ⁶
1655 5030 1858 5098 μεταξὺ

272 5127 324 5179 δ’
364 5125 535 5192 αὐτῆς
563 5123 692 5194 ὅρος
732 5124 976 5189 ἑστήκει,
1008 5121 1105 5190 τὴν
1131 5120 1374 5190 κορυφὴν
1404 5121 1460 5180 ἐς
1501 5118 1633 5187 ὕψος
1662 5119 1862 5184 ἀνάγον

281 5215 524 5284 μακρόν.
551 5212 841 5278 Ὄλυμπος
877 5209 1125 5262 καλεῖται
1153 5207 1212 5258 τὸ
1259 5209 1407 5276 ὅρος,
1442 5207 1498 5272 ἐξ
1525 5206 1584 5257 οῦ
1632 5209 1723 5276 καὶ
1756 5225 1860 5275 πη-

275 5303 380 5370 γαὶ
415 5298 678 5368 ποταμῶν
707 5295 1077 5358 ἀποὸλύζουσι
1125 5297 1296 5365 τρεῖς,
1329 5290 1405 5346 ὧν
1446 5296 1473 5345 ὁ
1509 5294 1715 5362 μείζων
1758 5312 1858 5346 κα-

276 5395 547 5460 λούμενος
595 5390 844 5451 Λάπιθος
889 5391 1101 5441 κάτεισι
1154 5390 1367 5457 τέμνων
1418 5386 1508 5439 καὶ
1551 5387 1861 5457 περιρρέων

275 5487 384 5556 τὴν
440 5485 764 5538 Λευκωσίαν
811 5479 1011 5531 οὕτωσὶ
1080 5478 1428 5546 καλουμένην
1487 5476 1703 5545 χώραν,
1764 5478 1860 5529 καὶ

277 5576 581 5631 ἀποπτύων
610 5575 672 5627 τὸ
697 5571 918 5643 ῥεῖθρον
947 5573 1096 5639 παρὰ
1117 5571 1215 5639 τηε)
1245 5573 1300 5631 ἐς
1325 5569 1523 5638 ἄρκτον
1552 5568 1862 5636 βλέπουσαν

279 5669 585 5720 θάλασσαν.
636 5663 848 5715 Τούτου
898 5662 1049 5728 παρὰ
1103 5661 1198 5721 τὰς
1250 5658 1415 5728 ὄχθας
1476 5658 1668 5726 ἔτυχεν
1721 5659 1863 5727 ἔχων

280 5759 495 5818 ἐκεῖνος
524 5755 625 5824 τὴν
657 5754 896 5820 οἴκησιν.
937 5748 1016 5801 διὸ
1046 5752 1138 5802 καὶ
1178 5748 1424 5816 Λαπίθης
1453 5748 1514 5799 ἔκ
1542 5765 1606 5815 γε
1639 5749 1731 5800 τοῦ
1764 5765 1859 5799 πο-

280 5845 465 5918 ταμοῦ
499 5847 594 5900 ml.
635 5843 804 5906 αὐτὸς
850 5843 997 5906 ὅπως
1041 5841 1167 5895 ποτὲ
1204 5840 1658 5913 παρωνόμασται.
1701 5839 1858 5911 ι’νιίη

1959 4659 2154 4713 eodem
2197 4659 2287 4713 dic
2314 4660 2613 4712 convenire
2651 4661 2825 4729 potiti.
2873 4661 2988 4714 Non
3032 4663 3178 4714 enim
3213 4663 3264 4714 in
3309 4663 3535 4730 prt‘ipilt-

1958 4765 2068 4820 quo
2101 4749 2561 4808 hahebatsedem.
2597 4752 2690 4804 sed
2717 4751 2952 4806 duorum
2987 4754 3202 4807 dierum
3239 4755 3539 4807 iterinter-

1958 4849 2078 4895 erat
2133 4841 2274 4895 inter
2301 4857 2420 4894 cam
2463 4850 2627 4909 atque
2662 4854 2877 4910 portum
2912 4845 2963 4897 in
2999 4861 3159 4912 quem
3208 4855 3319 4896 tum
3354 4846 3538 4904 Illt‘lll'-

1964 4935 2159 4987 rimus.
2191 4931 2407 5002 Cyprus
2441 4933 2586 4986 enim
2618 4934 2790 5003 major
2812 4943 2896 4987 est
2932 4935 3105 4986 insula
3132 4933 3322 4986 llhodo
3358 4950 3538 5002 neque

1962 5026 2154 5078 eadem
2185 5065 2200 5088 ,
2248 5040 2358 5093 qua
2424 5026 2514 5077 illa
2576 5025 2750 5078 forma
2775 5068 2790 5090 ,
2829 5026 2922 5079 sed
2960 5028 3215 5094 oblonga.
3267 5026 3322 5078 In
3360 5027 3536 5078 media

1963 5129 2144 5168 autem
2182 5115 2358 5169 insula
2391 5131 2547 5168 mons
2608 5125 2715 5179 est,
2760 5117 2849 5169 cui
2895 5116 3112 5169 culmen
3166 5118 3232 5170 ad
3287 5132 3536 5184 magnam

1963 5207 2313 5260 altitudinem
2351 5207 2528 5261 ellert.
2583 5208 2846 5277 Olympus
2885 5210 3192 5276 appellatur
3242 5224 3308 5260 ex
3357 5223 3537 5274 eoque

1963 5299 2128 5350 trimn
2175 5297 2464 5351 ﬂuviorum
2503 5299 2683 5352 fontes
2732 5297 3049 5367 proﬂuunt,
3095 5314 3327 5367 quorum
3367 5301 3541 5351 maxi-

1965 5404 2105 5451 mus,
2147 5390 2234 5442 cui
2289 5388 2520 5456 Lapitho
2580 5405 2779 5442 nomen
2816 5400 2937 5449 est,
2978 5389 3299 5443 Lcucosiam
3365 5391 3540 5456 regio-

1965 5493 2111 5540 nem,
2143 5495 2264 5546 quae
2294 5479 2521 5544 diritur,
2556 5478 2797 5531 secernit
2837 5487 3000 5545 atque
3048 5477 3404 5542 circumfluit,
3440 5477 3536 5530 llu-

1964 5579 2192 5635 ctnsque
2226 5569 2278 5620 in
2323 5585 2470 5621 mare
2499 5609 2510 5627 ,
2561 5569 2708 5636 quod
2749 5569 2800 5621 in
2843 5570 3250 5636 septentriones
3286 5579 3534 5636 spectat,

1964 5659 2185 5711 emittit.
2217 5659 2295 5710 Ad
2335 5660 2497 5727 hujus
2527 5659 2768 5711 llutninis
2793 5659 2939 5726 ripas
2973 5659 3060 5711 ille
3085 5661 3420 5712 domicilium
3447 5659 3539 5710 lia-

1966 5749 2117 5808 buit,
2157 5760 2492 5818 quapropter
2519 5751 2683 5802 etiam
2729 5749 2844 5816 ipse
2903 5750 3162 5817 Lapithes
3210 5766 3272 5802 ex
3312 5749 3537 5802 ﬂumine

1967 5840 2384 5910 coanominatus
2441 5841 2676 5895 videtur.
2730 5841 2924 5894 Statim
2983 5855 3109 5894 vero
3140 5841 3264 5909 quis
3309 5857 3372 5894 ex
3423 5840 3538 5892 sola
