4118 6312
688 432 754 496 31
1827 430 2253 500 ,ΝΠΙΕΙἮΟΠΙ
2291 426 2601 487 GREUUR
2630 423 2671 480 Ε
3858 407 3924 469 32

687 540 885 616 lisjam
914 545 1161 615 impediti
1192 552 1373 607 erant,
1404 544 1699 612 quominus
1731 543 1785 596 in
1811 543 2124 609 superiores
2152 556 2241 593 re-

2351 555 2469 599 νους
2503 539 2757 603 δυνάμεις
2781 576 2793 598 ,
2832 533 2976 597 μέγα
3008 529 3063 581 δὲ
3099 528 3189 582 διὰ
3219 527 3377 579 τοῦτο
3408 526 3627 594 φρονεῖν
3659 522 3921 590 ἔχοντας,

687 634 877 701 ςιὶυηοο
907 637 970 686 et‘
1011 633 1187 685 lacum
1232 630 1533 685 Maeotidem
1597 641 1652 685 et
1688 632 1753 684 ad
1801 632 1940 685 ostia
1986 629 2245 684 Tanaidis

687 741 787 792 pro
817 740 915 776 suo
946 721 1053 793 42
1082 720 1313 774 arbitrio
1373 730 1536 788 alque
1585 720 1886 783 voluntate,
1947 729 2007 773 ut
2059 728 2242 781 antea,

688 814 1007 879 navigarent
1036 828 1097 865 ac
1137 812 1706 865 eircumveherentur.
1773 808 1954 875 Quare
2001 823 2129 863 suas
2157 822 2251 862 co—

687 906 807 972 pias
834 914 1183 961 contraxere.
1235 902 1542 955 triremium
1602 916 1891 954 numerum
1950 908 2248 962 auxerunt,

684 986 848 1046 etiam
881 1004 1095 1047 veteres
1124 1007 1191 1045 ex
1227 991 1513 1044 navalibus
1553 990 1919 1059 undecunque
1947 989 2248 1059 productas

687 1096 853 1134 naves
928 1080 1255 1143 refecerunt,
1306 1081 1578 1149 simulque
1656 1082 1837 1133 socias
1893 1081 2249 1148 subditasque

691 1174 856 1225 urbes
917 1171 1237 1240 insulasque
1282 1172 1348 1224 ad
1408 1172 1727 1226 certaminis
1776 1172 2093 1225 societatem
2153 1171 2251 1225 ad-

684 1270 964 1325 vocarent,
1029 1268 1089 1314 ut
1144 1275 1293 1313 arma
1350 1259 1711 1327 triremesque
1744 1270 1799 1314 ct
1851 1260 2056 1313 milites
2106 1260 2249 1314 clas-

682 1352 827 1405 sicos
884 1366 981 1419 pro
1038 1365 1133 1403 sua
1186 1365 1416 1418 quzeque
1483 1350 1741 1403 facultate
1768 1348 2243 1403 conferrent.Ad-

685 1440 1133 1494 voeabantetiam
1162 1454 1224 1493 ex
1252 1440 1475 1493 remotis
1504 1439 1819 1508 regionibus
1856 1439 2054 1493 milites
2082 1439 2248 1506 largis

686 1531 737 1583 in
773 1544 1010 1598 przesens
1034 1531 1341 1599 stipendiis,
1370 1529 1698 1596 largioribus
1721 1530 1773 1583 in
1808 1530 2055 1583 futurum
2084 1530 2242 1598 polli-

682 1620 1063 1685 citationibus,
1090 1636 1213 1674 cum
1245 1621 1381 1674 alios
1419 1630 1531 1674 tum
1566 1619 1875 1679 Catalaunos.
1903 1620 1997 1687 qui
2031 1620 2097 1673 ad
2123 1619 2251 1674 Gal-

684 1710 848 1763 licum
880 1726 1027 1764 mare
1059 1710 1289 1764 inferius
1330 1711 1653 1772 incolentes,
1714 1712 1801 1764 ubi
1857 1712 2243 1780 Pyrenaeorum

684 1802 953 1853 montium
987 1800 1157 1867 pedes
1184 1801 1434 1869 proxime
1480 1800 1764 1861 desinunt,
1826 1801 2033 1854 ferocia
2080 1809 2247 1871 atque

683 1893 884 1945 virtute
916 1892 1106 1947 bellica
1151 1892 1267 1945 sive
1304 1893 1503 1961 praeliis
1538 1891 1891 1945 terrestribus
1918 1892 2030 1945 sive
2056 1892 2253 1961 pugnis

685 1985 972 2039 navalibus
1006 1983 1336 2044 exhibenda,
1373 1983 1509 2036 nulli
1538 1982 1856 2036 Latinorum
1889 1981 2114 2037 cedunt.

757 2248 893 2303 XIII.
922 2249 1058 2304 Cum
1091 2250 1257 2319 igitur
1305 2250 1444 2304 hanc
1507 2251 1579 2305 ob
1608 2264 1828 2304 causam
1880 2250 2046 2303 etiam
2075 2248 2241 2305 Creta

686 2341 922 2394 tumultu
952 2340 1268 2394 turbaretur
1288 2352 1341 2393 et
1368 2356 1643 2394 armorum
1666 2341 1941 2393 sociorum
1974 2340 2249 2393 omnium-

684 2448 789 2499 que
818 2448 997 2485 rerum
1032 2433 1097 2485 ad
1126 2432 1366 2487 hostium
1422 2432 1766 2486 incursiones
1819 2431 2089 2485 arcendas
2126 2432 2249 2486 ido-

685 2538 911 2576 nearum
972 2533 1233 2592 apparatu
1301 2523 1457 2592 quasi
1490 2530 1903 2587 concuterewr,
1960 2523 2087 2577 inde
2121 2538 2251 2577 vere

687 2612 910 2667 ineunte
946 2614 1077 2672 abii.
1114 2626 1278 2682 atque
1313 2614 1535 2667 sinistra
1584 2613 1861 2667 Salamine
1905 2613 2079 2667 insula
2111 2629 2249 2682 prte-

686 2704 954 2763 termissa.
998 2704 1089 2757 ubi
1125 2703 1521 2760 Themistocles
1550 2702 1767 2757 Neoclis
1797 2703 1940 2757 lilius
1967 2704 2247 2773 quondam

684 2797 869 2862 capias
905 2796 1124 2849 navales
1156 2796 1444 2850 Persarum
1481 2796 1808 2849 demersisse
1836 2795 2061 2861 dicitur,
2085 2806 2141 2851 et
2167 2798 2251 2852 in-

684 2887 853 2951 sulas,
880 2902 1017 2955 quas
1050 2886 1315 2956 Cyclades
1344 2898 1565 2948 vocant,
1592 2896 2008 2955 praetervectus,
2036 2887 2102 2942 ad
2143 2888 2250 2943 Eu-

685 2976 859 3029 boeam
908 2977 1141 3031 insulam
1177 2977 1359 3045 appuli
1385 2978 1491 3044 jam
1546 2976 1748 3030 multos
1808 2994 1984 3031 annos
2020 2965 2247 3033 Venetis

682 3067 974 3120 subditam.
1012 3066 1125 3132 Qua
1165 3068 1217 3119 in
1254 3067 1428 3120 insula
1464 3083 1586 3119 cum
1625 3067 1845 3135 longius
1893 3078 2106 3135 tempus
2135 3069 2245 3141 5.3

682 3159 1007 3212 commorari
1043 3160 1470 3222 constituissem,
1498 3175 1777 3213 armorum
1803 3162 2040 3231 bellique
2067 3178 2237 3231 appao
2270 3184 2316 3247 ρ

682 3258 825 3308 ratu.
859 3248 912 3303 in
938 3264 1099 3317 quem
1126 3264 1341 3303 summo
1370 3249 1553 3303 studio
1587 3261 1750 3319 atque
1776 3252 2059 3307 alacritate
2082 3254 2244 3307 etiam

682 3340 1023 3395 Eubmenses
1075 3340 1469 3404 iueubuerunt,
1511 3358 1541 3395 ’ὀ
1583 3343 1866 3412 proposito
1899 3344 2240 3400 deterrebar.

683 3431 845 3484 Fama
877 3430 1024 3485 enim
1062 3440 1202 3494 erat,
1254 3432 1476 3502 jamjam
1528 3432 1781 3487 triremes
1841 3448 1907 3487 ex
1942 3434 2130 3487 Genua
2163 3435 2248 3489 in-

683 3522 818 3575 festo
846 3521 1048 3590 impetu
1083 3523 1135 3575 in
1166 3537 1262 3577 eos
1296 3523 1648 3593 navigaturas
1677 3539 1821 3579 esse.
1860 3524 2044 3589 Quare
2089 3526 2245 3580 brevi

682 3619 925 3679 tempore
963 3623 1072 3666 tota
1100 3614 1274 3667 insula
1312 3615 1647 3682 perlustrata
1679 3627 1737 3670 et
1774 3617 2030 3681 urbibus,
2062 3632 2243 3687 quan-

686 3711 803 3755 tum
833 3700 952 3755 ﬁeri
988 3704 1185 3770 potuit,
1230 3702 1443 3764 invisis,
1496 3704 1563 3757 ad
1609 3704 1987 3770 Artemisium,
2024 3705 2247 3761 Eubmze

683 3795 1119 3859 promontorium
1200 3794 1669 3861 septentrionale,
1762 3795 2037 3863 profectus
2099 3813 2244 3851 sum.

683 3882 837 3936 Unde
866 3898 988 3937 cum
1009 3885 1116 3953 jam
1148 3886 1371 3953 provehi
1408 3886 1629 3951 vellem,
1654 3887 1845 3941 classis
1878 3880 2246 3943 hostium'deu

682 3975 857 4027 currit
908 3990 1101 4043 meque
1152 3991 1179 4028 a
1216 3976 1553 4041 profecdone
1610 3978 1912 4045 prohibuit.
1971 3978 2247 4034 Triremes

683 4065 828 4117 enim
858 4066 1179 4120 Genuenses
1209 4066 1625 4134 quatuordecim
1655 4067 1946 4121 celerrimo
1979 4083 2145 4122 cursu
2178 4070 2244 4122 ad

683 4154 925 4221 Oropum
952 4164 1007 4208 et
1033 4156 1281 4209 Aulidem
1316 4158 1657 4225 appellentes
1691 4158 1793 4210 sub
1826 4157 1989 4211 linem
2042 4163 2248 4215 aestatis

686 4244 1185 4310 conspiciebantur.
1218 4246 1364 4299 lnter
1396 4247 1559 4299 hasce
1586 4248 1731 4300 enim
1758 4248 1925 4301 urbes
1951 4249 2113 4316 paulo
2136 4265 2248 4302 me—

689 4333 881 4389 ridiem
914 4350 1105 4390 versus
1134 4337 1265 4391 sitas
1294 4347 1489 4405 portus
1520 4347 1603 4391 est
1629 4338 1913 4407 oblongus,
1943 4355 2032 4404 qui
2058 4356 2249 4409 quam-

685 4440 903 4493 cunque
930 4427 1268 4493 tempestatis
1318 4428 1400 4479 ναι
1442 4428 1927 4482 turbulentissime
1966 4430 2072 4483 vim
2103 4446 2247 4484 con-

2353 628 2543 679 επειτα
2582 625 2726 691 παρὰ
2759 622 2914 686 δόξαν
2948 619 3037 670 ὑπ’
3064 616 3285 669 ἐκείνων
3315 615 3414 684 ήδη
3452 612 3830 677 κωλυομένους
3865 610 3921 665 ἐς

2352 717 2440 769 τὸν
2474 717 2583 767 ἄνω
2608 715 2769 765 τόπον
2800 712 2891 763 καὶ
2922 711 3018 777 τὴν
3047 708 3299 761 Μαιῶτιν
3326 705 3417 757 καὶ
3447 704 3543 763 τὰς
3573 698 3799 759 ἐκϐολὰς
3828 697 3921 750 τοῦ

2350 808 2612 865 Τανάϊδος
2650 802 2907 857 ἀναπλεῖν
2944 801 3038 853 καὶ
3083 797 3367 864 περιπλεῖν
3408 794 3530 846 κατ’
3558 789 3808 857 ἐξουσίαν
3845 787 3922 847 ὡς

2351 900 2634 968 πρότερον.
2664 893 2827 948 Ὀθεν
2852 892 3003 945 αὐτοί
3029 906 3088 941 τε
3118 890 3217 948 τὰς
3247 886 3454 947 οἰκείας
3479 883 3734 951 ἦθροιζον
3759 877 3924 932 δυνά-

2353 1006 2500 1057 μεις,
2543 988 2789 1057 τριήρεις
2834 1001 2890 1036 τε
2940 981 3158 1041 πλείους
3202 976 3312 1030 τῶν
3357 976 3492 1037 τέως
3539 972 3715 1025 οὐσῶν
3759 987 3925 1024 κατε-

2350 1081 2612 1145 σκεύαζον
2648 1078 2738 1132 καὶ
2780 1077 2873 1138 τὰς
2915 1076 2979 1127 ἐκ
3020 1070 3214 1125 πολλοῦ
3256 1065 3693 1141 νενεωλκημένας
3730 1062 3926 1115 καθελ-

2348 1171 2609 1232 κύσαντες
2662 1166 2995 1233 πανταχόθεν
3046 1160 3457 1222 ἐπεσκεύαζον,
3510 1159 3606 1209 καὶ
3657 1154 3772 1223 ἅμα
3818 1153 3923 1214 τὰς

2350 1262 2694 1333 συμμαχίδας
2727 1260 2824 1313 καὶ
2859 1256 3133 1325 ὑπηκόους
3167 1246 3351 1314 πόλεις
3386 1250 3476 1303 καὶ
3510 1248 3703 1317 νήσους
3739 1248 3796 1308 ἐς
3827 1245 3923 1297 τὸν

2348 1354 2527 1407 κοινὸν
2555 1352 2782 1404 ἐκάλουν
2811 1349 3027 1414 ἀγῶνα,
3060 1346 3197 1399 ὅπλα
3230 1344 3318 1394 κα“.
3349 1340 3593 1411 τριήρεις
3626 1336 3714 1390 καὶ
3750 1351 3921 1401 στρα-

2350 1444 2546 1507 τιώτας
2574 1444 2885 1512 ναυμάχους
2915 1434 3373 1505 συνεισφερούσας
3400 1434 3543 1485 κατὰ
3572 1431 3667 1498 τὴν
3694 1427 3923 1480 ἐνοῦσαν

2350 1537 2555 1605 ἑκάστῃ
2581 1533 2830 1602 δύναμιν.
2861 1530 3232 1583 Συνεκάλεσαν
3257 1527 3302 1579 δ’
3327 1521 3420 1577 οὖν
3446 1524 3538 1575 καὶ
3564 1522 3671 1573 τῶν
3699 1521 3924 1588 πόρρω-

2352 1627 2443 1680 θεν
2468 1628 2653 1696 ἀϐροῖς
2685 1625 2785 1695 μὲν
2808 1626 2901 1677 καὶ
2926 1623 3026 1690 ἠδη
3060 1620 3427 1689 μισθώμασιν,
3450 1613 3776 1683 ἁδροτέραις
3796 1611 3845 1664 δ’
3867 1612 3926 1672 ἐς

2352 1719 2413 1772 τὸ
2449 1717 2638 1785 μέλλον
2670 1714 3058 1781 ἐπαγγελίαις,
3092 1712 3285 1770 ἄλλους
3316 1726 3374 1761 τε
3411 1709 3501 1760 καλ
3537 1703 3886 1763 Κατελάνους
3908 1741 3924 1761 ,

2352 1810 2400 1861 οἳ
2431 1810 2670 1879 ᾧκηνται
2704 1806 2853 1860 κάτω
2882 1804 3033 1870 παρὰ
3063 1803 3161 1869 τὴν
3193 1798 3457 1867 Γαλλικὴν
3486 1796 3779 1858 θάλασσαν,
3811 1794 3928 1859 ὅπη

2353 1899 2459 1952 τῶν
2491 1895 2814 1966 Πυρηναίων
2845 1892 2987 1963 ὀρῶν
3017 1893 3065 1945 ol
3100 1890 3259 1951 πόδες
3289 1893 3523 1956 ἄγχιστα
3554 1885 3833 1952 λήγουσιν.
3868 1885 3929 1943 ἐς

2352 1990 2555 2056 τόλμαν
2589 1985 2909 2054 πολεμικὴν,
2946 1984 3043 2051 ὅση
3080 1998 3139 2033 τε
3177 1977 3519 2046 ἡπειρωτικὴ
3557 1974 3650 2025 καὶ
3684 1973 3782 2037 ὅση
3820 1969 3925 2021 θαι

2353 2081 2601 2141 λάττιος,
2648 2076 2756 2129 τῶν
2803 2074 3087 2145 πρωτείων
3136 2070 3312 2123 οὐδέσι
3361 2066 3605 2121 Λατίνων
3655 2078 3925 2131 παραχω-

2358 2170 2608 2242 ροῦντας.

2422 2264 2521 2317 1Γ’.
2562 2261 2712 2314 Ἐπεὶ
2740 2258 2872 2327 γοῦν
2895 2258 2981 2311 διὰ
3006 2256 3177 2309 ταῦτα
3208 2255 3301 2306 καὶ
3332 2252 3521 2322 Κρήτη
3552 2249 3781 2317 θόρυϐον
3805 2244 3927 2314 εἶχε

2353 2360 2446 2409 καὶ
2476 2355 2551 2415 ὡς
2581 2354 2754 2407 εἰπεῖν
2783 2352 2986 2405 ἐσείετο
3018 2350 3187 2408 πᾶσα,
3218 2340 3746 2415 παρασκευαζομένη
3783 2339 3929 2405 πρὸς

2352 2445 2489 2498 ὅπλα
2527 2441 2848 2511 συμμαχικὰ
2872 2430 2934 2493 ’τε
2970 2439 3064 2491 καὶ
3098 2439 3197 2489 ὅσα
3229 2435 3336 2486 τῶν
3369 2430 3681 2499 πολεμικῶν
3718 2427 3929 2495 ἐφόδων

2353 2538 2490 2590 εἰσὶν
2541 2533 2936 2603 άποτρεπτικὰ,
2996 2527 3309 2597 μετέϐαινον
3359 2522 3567 2576 ἐκεῖθεν
3613 2519 3927 2590 ἀρχομένου

2349 2628 2445 2703 τοῖρ
2479 2624 2611 2698 ἦρος
2634 2666 2648 2689 ,
2683 2626 2774 2678 καὶ
2808 2623 2963 2690 ἀφεὶς
2998 2620 3252 2686 εὐώνυμα
3286 2616 3560 2685 Σαλαμῖνα
3590 2614 3687 2683 τὴν
3719 2613 3889 2679 νῆσον
3904 2650 3928 2703 ν,

2352 2702 2477 2773 ἔνθα
2508 2714 2875 2785 Θεμιστοκλέα
2905 2713 2995 2765 τὸν
3023 2709 3317 2770 Νεοκλέους
3350 2708 3553 2759 ἐκεῖνον
3584 2703 3748 2758 πάλαι
3782 2702 3925 2771 φασὶ

2349 2810 2447 2880 τὴν
2476 2810 2581 2861 τῶν
2613 2807 2836 2876 Περσῶν
2868 2804 3080 2871 ἐκείνην
3110 2801 3366 2870 ναυτικὴν
3398 2796 3796 2852 καταϐαπτίσαι
3825 2794 3925 2846 δύ-

2350 2914 2533 2965 ναμιν,
2581 2896 2776 2963 νήσους
2824 2910 2881 2945 τε
2928 2893 2994 2952 ἃς
3040 2889 3324 2952 Κυκλάδας
3370 2889 3502 2956 φασὶ
3547 2884 3929 2955 παραλλάξας,

2351 2984 2691 3039 κατέπλευσα
2736 2986 2792 3047 ἐς
2834 2981 3067 3036 Εὗϐοιαν
3108 2982 3206 3047 τὴν
3248 2979 3430 3047 νῆσον,
3473 2977 3712 3045 ὑπήκοον
3752 2970 3929 3027 οὖσαν

2351 3079 2652 3139 Βενετικοῖς
2699 3076 2832 3129 ἐτῶν
2881 3075 2979 3145 ήδη
3032 3072 3273 3141 μακρῶν.
3324 3070 3429 3123 Καί
3483 3087 3548 3138 με
3597 3067 3926 3135 βουλόμενον

2352 3170 2569 3224 πλείονα
2614 3169 2802 3236 χρόνον
2846 3164 3178 3234 ἐνδιατρῖψαι
3220 3160 3391 3229 ταύτῃ
3435 3162 3468 3228 ἡ
3519 3159 3624 3211 τῶν
3668 3157 3925 3211 Εὐϐοέων

2348 3258 2652 3315 ἀνέστειλεν
2693 3255 2941 3325 ἀσχολία,
2989 3254 3155 3322 πολλή
3202 3270 3282 3312 τις
3328 3247 3461 3303 οὖσα
3507 3250 3609 3301 καὶ·
3642 3249 3779 3316 αὕτη
3826 3251 3930 3301 καὶ

2351 3351 2495 3417 μάλα
2523 3346 2585 3412 γέ
2612 3365 2663 3400 τι
2692 3342 3208 3410 κατεσπουδασμένη
3245 3342 3379 3408 πρὸς
3409 3340 3588 3391 ὃπλων
3616 3342 3703 3391 καὶ
3739 3337 3929 3407 μάχης

2348 3439 2699 3508 παρασκευήν
2724 3453 2738 3469 ·
2778 3435 2992 3505 μέλλειν
3024 3431 3131 3501 γὰρ
3170 3430 3247 3501 [l'.
3285 3431 3386 3485 105
3422 3428 3492 3499 αἶ
3553 3430 3677 3481 ὅσον
3710 3428 3931 3480 οὐδέπω

2347 3525 2501 3592 λόγος
2524 3521 2591 3593 ἦν
2618 3522 2878 3591 πολεμίας
2905 3524 2966 3574 ὲκ
2994 3518 3259 3581 Γεννούας
3285 3520 3369 3570 ἐπ’
3390 3518 3585 3579 αὐτοὺς
3611 3517 3929 3569 καταπλεύ-

2350 3636 2462 3671 σειν
2506 3620 2771 3686 τριήρεις.
2806 3614 2972 3667 Ὅθεν
3015 3615 3072 3665 ἐν
3117 3611 3311 3681 βραχεῖ
3352 3611 3449 3680 τὴν
3492 3611 3657 3678 νῆσον
3704 3610 3930 3677 ἐκείνην

2349 3710 2517 3762 ἐλθὼν
2551 3710 2647 3759 καὶ
2692 3704 3109 3773 περισκοπήσας
3151 3702 3367 3755 ἅπασαν
3390 3742 3403 3762 ,
3438 3702 3533 3753 καὶ
3566 3701 3663 3761 τὰς
3705 3701 3930 3769 ἐκείνης

2346 3802 2469 3852 ὅσον
2496 3800 2620 3866 ἐξῆν
2642 3797 2934 3865 ἱστορήσας
2962 3794 3164 3855 πόλεις,
3189 3786 3323 3863 ἧκον
3348 3793 3438 3843 ἐπὶ
3461 3792 3519 3843 τὸ
3550 3791 3924 3860 Ἀρτεμίσιον,

2351 3893 2560 3962 βόρειον
2601 3891 2771 3959 ἄκρον
2811 3888 3064 3947 Εὖϐοίας.
3111 3886 3380 3939 Κάκεῖθεν
3424 3884 3578 3945 αὖθις
3620 3883 3925 3950 ἀνάγεσθαι

2352 3983 2672 4051 βουλόμενον
2699 3980 2930 4049 ἐπέσχεν
2961 3976 3220 4045 ἐξαίφνης
3250 3978 3283 4045 ή
3313 3976 3421 4027 τῶν
3456 3974 3726 4041 πολεμίων
3757 3993 3930 4027 κατα-

2351 4071 2628 4124 πλεύσασα
2666 4070 2915 4136 δύναμις.
2952 4069 3209 4137 Τριήρεις
3251 4069 3357 4135 γὰρ
3399 4068 3763 4119 Γεννουῖτικαὶ
3796 4082 3929 4117 τεο-

2352 4178 2415 4214 σα
2427 4160 2748 4231 ρεσκαίδεκα
2771 4158 3027 4226 λήγοντος
3050 4158 3241 4227 θέρους
3264 4156 3520 4225 ὤφθησαν
3541 4157 3637 4224 τὴν
3660 4158 3929 4224 ταχὶστην

2349 4254 2406 4311 ἐς
2443 4251 2684 4319 Ὠρωπὸν
2728 4248 2822 4299 καὶ
2870 4247 3063 4299 Αὐλίδα
3112 4249 3495 4309 καταίρουσαι.
3546 4247 3763 4309 Μεταξὺ
3813 4248 3930 4314 γὰρ

2350 4347 2467 4396 ταῖν
2517 4344 2662 4394 δυοῖν
2706 4342 2937 4392 ταύταιν
2984 4340 3309 4408 νοτιωτέραν
3351 4339 3448 4407 τὴν
3493 4338 3643 4389 θέσιν
3685 4322 3930 4407 ἐχουσῶν

2353 4436 2459 4488 τῶν
2497 4434 2703 4487 πόλεων
2737 4436 2882 4485 ἐστιν
2916 4432 3191 4500 ἐπιμήκης
3234 4431 3401 4499 λιμὴν
3431 4469 3443 4490 ,
3488 4432 3667 4482 πᾶσαν
3708 4430 3927 4496 ἀνέμων

689 4518 922 4581 temnit;
958 4518 1012 4570 in
1044 4533 1170 4571 eum
1200 4518 1365 4587 igitur
1408 4520 1568 4572 modo
1601 4520 1786 4573 hostes
1833 4520 2032 4575 invecti
2070 4531 2243 4577 erant.

2354 4526 2627 4595 χλευάζων
2665 4525 2835 4593 βίαιον
2871 4524 3118 4592 κίνησιν,
3157 4524 3212 4581 ἐς
3254 4521 3312 4571 ὃν
3344 4520 3547 4586 ἀρτίως
3586 4520 3928 4571 ὲσὲπλευσαν

688 4608 913 4661 Postero
946 4617 1129 4660 autent
1164 4608 1252 4660 die
1320 4609 1539 4677 triginta
1586 4622 1823 4679 quatuor
1880 4613 2131 4667 triremes
2154 4614 2251 4669 Vc-

690 4697 956 4766 netzejam
986 4698 1077 4751 diu
1104 4698 1372 4752 insidiata:
1408 4700 1517 4752 illis
1551 4700 1794 4755 hostium
1821 4702 2052 4756 navibus
2078 4703 2247 4756 adve-

687 4799 787 4843 cto:
817 4800 1008 4857 portus
1066 4789 1671 4847 faucibusinterclusis
1720 4793 2033 4849 Genuiticas
2080 4809 2249 4848 naves

691 4881 1013 4953 necopinato
1033 4882 1189 4951 quasi
1221 4882 1321 4935 reti
1342 4883 1655 4937 cinxerunt.
1686 4884 1765 4938 Ex
1789 4886 1992 4953 quibus
2009 4897 2248 4955 quatuor

688 4990 855 5029 naves
882 4976 1061 5028 statim
1088 4975 1221 5028 velis
1249 4975 1442 5041 passis,
1488 4976 1644 5043 quasi
1693 4977 1934 5030 alearum
1963 4978 2131 5045 jactui
2189 4991 2248 5030 re

687 5067 1000 5133 commiSSa,
1026 5074 1217 5133 aperto
1288 5066 1535 5133 periculo
1584 5067 1815 5120 dubium
1868 5066 2245 5135 praxlcrentcs,

688 5159 927 5215 hostium
958 5160 1195 5226 gladium
1226 5159 1713 5227 subterlugerunt;
1766 5160 2007 5227 reliquas
2066 5169 2247 5212 autem

687 5265 852 5305 naves
881 5250 1067 5317 paucis
1097 5250 1363 5316 exceptis,
1402 5251 1492 5316 qui
1528 5250 1579 5302 in
1608 5251 1981 5304 continentem
2012 5252 2250 5304 exsilue-

688 5352 835 5405 runt,
874 5357 1065 5396 ontnes
1086 5358 1209 5394 cum
1237 5342 1552 5396 hominibus
1579 5343 1765 5397 Veneti
1796 5352 2059 5421 ceperunt
2085 5360 2247 5397 manu

687 5434 793 5505 44,
823 5449 929 5487 ιιοη
950 5443 1202 5487 conserta
1228 5449 1406 5501 neque
1440 5450 1615 5504 pugna
1641 5436 1816 5488 navali
1850 5436 2157 5487 commissa.
2184 5436 2249 5489 Et

690 5529 800 5578 haec
829 5528 1049 5594 quidem
1084 5543 1167 5580 res
1198 5530 1274 5580 sic
1307 5544 1361 5581 se
1387 5528 1502 5581 fere
1551 5529 1643 5581 illo
1698 5538 1939 5594 tempore
1993 5528 2247 5584 habebat.

692 5616 985 5669 Praefectus
1012 5628 1195 5669 autem
1231 5618 1421 5670 classis
1452 5617 1673 5671 Veneta:
1735 5626 2087 5684 posteaquam
2141 5628 2248 5669 tam

692 5723 951 5775 prospere
985 5724 1070 5761 res
1096 5707 1434 5772 ceciderunt,
1472 5709 1688 5763 [inlicere
1721 5708 2045 5768 rationibus.
2074 5724 2249 5774 quan-

692 5809 805 5852 tum
836 5802 1065 5856 maxime
1103 5800 1215 5855 licri
1252 5799 1448 5868 potuit,
1477 5800 1764 5865 ordinatis,
1801 5799 2030 5854 navibus
2059 5800 2251 5855 solutis

2349 4620 2396 4669 οἱ
2430 4617 2695 4684 πολέμιοι.
2728 4616 2833 4668 Καὶ
2866 4614 2980 4682 ἅμα
3010 4614 3065 4674 ἐς
3093 4612 3189 4682 τὴν
3217 4609 3509 4679 ὑπεράίαν
3536 4610 3794 4678 τέσσαρες
3826 4612 3927 4661 καὶ

2349 4710 2644 4775 τριάκοντα
2670 4707 2915 4774 τριήρεις
2946 4705 3251 4766 Βενετικαὶ,
3283 4701 3381 4762 τὰς
3416 4700 3676 4768 πολεμέας
3700 4701 3927 4763 ἐκείνας

2351 4801 2415 4851 ἐκ
2460 4797 2659 4849 πολλοῦ
2702 4797 3059 4863 ναυ).οχοῦσαι
3082 4835 3096 4858 ,
3132 4792 3476 4845 ἐπέπλευσαν
3509 4808 3569 4843 τε
3612 4794 3701 4845 καὶ
3733 4793 3790 4844 τὸ
3823 4796 3925 4845 τοῦ

2350 4891 2565 4960 λιμένος
2598 4888 2835 4957 ἐφραξαν
2871 4887 3062 4955 στόμα.
3092 4886 3213 4936 Τῶν
3241 4884 3332 4936 οὖν
3364 4884 3751 4935 Γεννουῖτικῶν
3784 4884 3926 4936 νεῶν

2348 4986 2423 5048 ὡς
2465 4988 2522 5039 ὲν
2561 4984 2760 5053 δικτύῳ
2803 4982 2954 5050 παρὰ
2995 4979 3149 5042 δόξαν
3187 4978 3285 5046 ήδη
3335 4975 3822 5043 συγκλεισθεισῶν,
3865 4979 3926 5029 αἰ

2354 5075 2454 5144 μὲν
2484 5072 2746 5141 τέσσαρες
2778 5070 2938 5129 εὐθὺς
2970 5067 3379 5120 άναπετάσασαι
3410 5066 3478 5115 τὰ
3513 5066 3673 5124 ἱστία.
3704 5067 3793 5117 καὶ
3829 5084 3929 5116 κα-

2353 5163 2528 5230 θάπερ
2558 5162 2614 5212 ἐν
2646 5160 2832 5222 κύϐοις
2862 5156 2957 5210 τοῦ
2988 5155 3297 5225 προφανοῦς
3326 5154 3418 5207 τὸν
3449 5154 3928 5222 ἀμφιϐαλλόμενον

2352 5251 2704 5319 ἀνθελόμεναί
2748 5266 2808 5301 τε
2858 5250 2953 5301 καὶ
3000 5246 3368 5317 άναρῤίψασαι
3419 5246 3684 5309 κίνδυνον,
3733 5244 3927 5297 ἔλαθον

2352 5343 2553 5396 οὑτωσὶ
2598 5343 2658 5392 τὸ
2704 5339 2957 5407 πολέμιον
3003 5338 3281 5405 διαδρᾶναι
3330 5336 3515 5404 ξίφος·
3560 5338 3658 5397 τάς
3704 5355 3764 5403 γε
3816 5338 3928 5404 μὴν

2352 5432 2693 5494 ἐπιλοίπους,
2729 5430 2867 5499 πλὴν
2902 5429 3095 5495 ὀλίγων
3131 5426 3341 5495 ἀνδρῶν
3377 5430 3431 5488 ἐς
3465 5426 3563 5492 τὴν
3600 5427 3792 5494 χέρσον
3830 5428 3928 5480 ὲκ-

2354 5522 2779 5593 πεπηδηκότων,
2811 5520 3139 5587 αὐτάνδρους
3169 5518 3388 5577 ἁπάσας
3420 5514 3562 5568 εἶλον
3598 5516 3724 5584 πρὶν
3756 5519 3925 5584 ἄρξαι

2353 5617 2551 5683 χειρῶν
2579 5616 2671 5664 καὶ
2702 5611 3021 5679 ναυμαχίας.
3050 5610 3157 5659 Καὶ
3181 5609 3351 5661 ταῦτα
3382 5606 3479 5675 μὲν
3512 5607 3628 5675 τῇδέ
3658 5625 3731 5675 πη
3764 5610 3925 5678 ἔσχεν

2354 5709 2469 5759 ἐκεῖ
2504 5708 2624 5758 κατ’
2651 5706 2855 5755 ἐκεῖνον
2887 5702 2978 5752 τὸν
3012 5701 3200 5768 χρόνον
3227 5715 3240 5727 ’
3272 5700 3301 5751 ὂ
3335 5715 3398 5765 γε
3437 5699 3541 5767 μὴν
3572 5699 3665 5751 τοῦ
3706 5702 3926 5756 Βενετι-

2356 5799 2452 5851 κο)
2502 5796 2689 5850 στόλου
2735 5793 3023 5862 ναύαρχος,
3070 5794 3125 5853 ἐς
3172 5790 3326 5843 τοῦτο
3372 5790 3538 5858 τύχης
3586 5791 3927 5860 ἐληλυθότων
