4086 6324
634 400 706 464 47
1826 399 2239 461 NICEPHORI
2278 398 2664 460 GREGOIUE
3799 392 3871 455 48

631 522 1103 570 sacrosanctorum
1164 513 1423 570 Ecclesia:
1498 513 1813 583 dogmatum
1874 515 2182 571 defensores

2295 519 2482 581 ἀκοήν.
2524 516 2643 584 Ἀφ’
2673 512 2733 566 οὗ
2768 513 2876 583 γὰρ
2904 513 3001 576 τὰς
3030 512 3300 582 ἡμετέρας
3335 512 3502 564 πᾶσιν
3528 509 3861 563 ἀπέκλεισαν

630 606 873 676 perpessi
909 606 1077 663 simus
1104 644 1120 667 ,
1148 604 1425 673 quomodo
1458 604 1695 674 denique
1725 605 1863 659 varii
1910 608 2193 661 hominum

628 699 796 751 animi
826 697 940 751 sive
972 694 1233 750 nobilium
1262 696 1375 750 sive
1400 697 1504 750 alia
1535 695 1771 762 fortuna,
1806 711 2025 766 genere,
2062 714 2192 766 pru-

630 786 812 840 dentia
845 788 1109 843 utentium
1140 794 1323 841 nostra
1364 802 1526 843 causa
1569 786 1748 841 aﬂ‘ecti
1784 790 1891 841 sint
1916 829 1929 851 ,
1962 798 2073 841 tum
2121 805 2191 844 ne

627 894 727 948 ego
748 878 966 948 quidem
991 881 1343 943 cessaverim,
1366 896 1486 949 qua:
1516 890 1638 945 apta
1660 890 1808 946 sunt,
1844 881 1938 935 tibi
1965 898 2189 950 rcSpnn-

626 968 755 1023 dere
786 969 942 1024 etvel
967 970 1294 1023 valetudinis
1327 956 1695 1025 imbecillitate
1728 972 2006 1043 animique
2034 975 2189 1041 a-gri-

627 1063 815 1118 tudine
850 1064 1160 1133 posthabita
1214 1072 1359 1117 tuam
1390 1064 1581 1117 audire
1627 1065 2020 1118 narrationem.
2064 1066 2183 1130 Quo

622 1154 767 1208 enim
794 1171 859 1209 ex
887 1166 1131 1225 tempore
1165 1163 1384 1209 nostras
1417 1154 1563 1209 fores
1587 1156 1843 1209 omnibus
1874 1158 2188 1210 clauserunt

622 1244 793 1297 nostri
826 1254 879 1297 et
918 1226 1174 1299 Ecclesia:
1212 1244 1516 1307 carniﬁces,
1545 1246 1679 1298 nihil
1711 1248 1936 1300 omnino
1965 1247 2032 1300 de
2066 1247 2155 1300 tati

626 1332 727 1386 bus
760 1333 922 1387 rebus
955 1349 1125 1403 usque
1151 1332 1218 1387 ad
1244 1334 1392 1387 hunc
1427 1333 1569 1387 diem
1604 1336 1943 1392 accurratius
1976 1336 2185 1391 discere

626 1423 799 1490 potui,
828 1440 1140 1493 quanquam
1184 1440 1371 1479 earum
1425 1425 1663 1493 cognitio
1698 1426 2097 1479 maxime‘mibi
2132 1426 2184 1481 in

624 1515 823 1582 optatis
870 1526 974 1569 est.
1016 1518 1093 1570 Ad
1122 1516 1463 1585 propositum
1499 1515 1664 1584 igitur
1696 1532 1975 1585 regressus
2002 1520 2184 1572 omnia

2305 606 2473 674 θύρας
2510 606 2558 657 οἱ
2593 606 2691 674 τῆς
2718 602 3003 663 εὐσεϐείας
3052 602 3144 653 καὶ
3178 600 3333 668 ἡμῶν
3379 598 3587 669 δήμιοι,
3623 599 3684 650 οὐ
3716 596 3864 650 δεδό-

2300 696 2471 765 νημαί
2519 714 2571 748 τι
2632 695 2797 761 σαφὲς
2845 695 2969 761 περὶ
3014 691 3120 742 τῶν
3161 690 3419 743 τοιούτων
3479 687 3671 755 μαθεῖν
3712 685 3865 738 οὐδὲν

2298 789 2511 858 ούδαμῆ
2553 806 2640 839 πω
2676 788 2839 857 μέχρι
2875 787 2968 838 καὶ
3011 786 3273 852 τήμερον,
3310 781 3373 852 [ί.
3406 782 3507 837 109
3537 798 3568 833 a
3600 778 3620 851 ]
3654 780 3747 831 καὶ
3781 780 3864 846 γί-

2296 881 2445 931 νεταί
2484 896 2573 948 μοι
2622 878 2711 931 διὰ
2747 877 3004 945 πλείστης
3046 876 3286 941 ὲφξσεως
3320 874 3352 941 ἡ
3384 871 3587 925 τούτων
3622 872 3767 939 μάλα
3799 870 3859 935 τέ

2294 990 2345 1023 τι
2374 973 2595 1039 γνῶσις.
2643 967 2952 1025 ’Λναλαϐὼν
3010 962 3105 1019 οὖν
3163 981 3254 1035 μοι
3296 964 3421 1030 λέγε
3469 962 3643 1016 ταῦτα
3684 963 3861 1014 πάντα

2291 1060 2416 1115 καθ’
2446 1063 2699 1122 ἕκαστον,
2732 1059 3044 1130 πρωτιθεὶς
3081 1057 3176 1110 καὶ
3206 1058 3298 1109 τὸν
3341 1055 3533 1125 καιρὸν
3566 1053 3701 1122 ὁμοῦ
3732 1051 3857 1105 καθ’

2290 1156 2349 1209 ὄν
2386 1172 2455 1209 τε.
2495 1154 2655 1216 αὐτὸς
2718 1155 2773 1214 ἐς
2819 1153 3110 1216 Βυζάντιον
3138 1146 3293 1219 ἦκες,
3325 1150 3420 1201 καὶ
3475 1149 3609 1217 πρός
3661 1164 3723 1214 γε
3780 1146 3860 1198 ἔτι

2290 1248 2411 1299 καθ’
2446 1245 2505 1299 δν
2534 1248 2739 1298 ἕκαστα
2780 1246 2987 1297 τούτων
3022 1243 3380 1310 ἁκὴκοαςμῦς
3412 1241 3478 1294 ἀν
3514 1238 3638 1292 καθ’
3672 1239 3859 1305 είρμὶν

2290 1339 2500 1393 ἐκεῖθεν
2527 1337 2820 1402 κατιούσης
2856 1336 2952 1403 τῆς
2974 1335 3279 1404 διηγήσεως
3312 1332 3857 1401 εὐπαρακολούθητος

2288 1431 2381 1481 καὶ
2415 1430 2548 1495 ἡμῖν
2579 1429 2612 1495 ἡ
2656 1428 2764 1478 τῶν
2796 1424 3056 1477 τοιούτων
3101 1423 3407 1490 ἐγγίγνοιτο
3455 1420 3690 1491 μάθησις
3734 1419 3865 1471 ἐκα-

2287 1519 2527 1589 τέρωθεν
2556 1521 2864 1590 ἑκατέροις.

631 1609 761 1663 .uilti
786 1608 1098 1676 singulatim
1121 1610 1579 1678 exponas,addito
1603 1612 1765 1671 etiam
1791 1622 2056 1680 tempore,
2077 1630 2187 1683 quo
2226 1614 2547 1687 Byzantium
2612 1616 2847 1670 redieris
2881 1625 2936 1669 et
2964 1629 3074 1684 quo
3105 1612 3347 1683 quidque
3408 1610 3707 1672 audiveris,
3756 1608 3867 1680 60

624 1710 685 1754 ut
720 1700 1034 1756 narratione
1082 1701 1205 1756 inde
1246 1718 1312 1757 ex
1351 1705 1544 1759 ordine
1586 1707 1919 1772 procedente
1971 1708 2188 1776 utrique
2225 1720 2476 1765 nostrum
2521 1709 2761 1779 cognitio
2834 1723 3015 1763 rerum
3086 1707 3155 1762 ab
3202 1716 3431 1774 utraque
3466 1713 3618 1773 parte
3651 1702 3866 1773 βπερὶ·-

624 1809 726 1849 cna
758 1792 973 1849 evadat.

690 1928 859 1983 XXII.
896 1947 913 1980 ι
945 1928 1100 1995 Quod
1129 1930 1191 1983 ad
1226 1939 1443 1999 tempus
1487 1933 1705 1998 attinet,
1742 1933 1945 2000 inquit,
1981 1932 2192 2002 Byzan-
2229 1940 2268 1993 Β

623 2026 757 2078 tium
786 2032 908 2093 post
932 2022 1193 2087 caniculae
1217 2030 1398 2076 ortum
1450 2031 1639 2076 aestate
1683 2025 1797 2092 jam
1830 2033 2065 2078 exeunte
2100 2039 2187 2076 re-

619 2127 811 2169 versus
876 2128 1017 2167 sum.
1072 2111 1205 2165 Navi
1268 2126 1524 2182 egressus
1568 2111 1793 2167 domum
1845 2114 1969 2167 veni
2004 2113 2188 2181 ibique

618 2204 931 2276 quindecim
980 2203 1273 2257 continuos
1313 2203 1428 2259 dies
1475 2214 1725 2259 versatus
1773 2218 1860 2258 me
1914 2204 2079 2259 refeci
2134 2214 2189 2259 et

620 2294 911 2367 navigandi
946 2295 1225 2348 molestias
1266 2294 1470 2350 sensim
1520 2295 1894 2364 paulatimque
1930 2295 2183 2349 abstersi.

620 2390 781 2447 Hisce
812 2385 1007 2440 diebus
1034 2384 1157 2439 aliis
1201 2386 1336 2439 alias
1373 2386 1560 2440 amicis
1592 2401 1678 2440 me
1728 2386 2189 2441 convenientibus

614 2490 671 2534 et
702 2493 915 2533 mecum
939 2476 1398 2532 conversantibus
1444 2488 1702 2533 accurate
1733 2478 1915 2532 omnia
1943 2478 2187 2547 comperi

616 2575 684 2629 de
725 2572 929 2643 synodo
984 2572 1109 2633 ista,
1152 2582 1315 2639 quam
1372 2567 1651 2629 dicebant.
1702 2583 1807 2637 qua
1862 2568 2073 2621 ratione
2120 2583 2187 2623 ex

618 2665 1078 2733 tempore'coacta
1100 2668 1269 2723 esset,
1296 2673 1418 2728 quae
1450 2658 1522 2711 ibi
1551 2674 1579 2712 a
1606 2657 1932 2727 praesidibus
1954 2658 2188 2712 Palamaa

619 2750 1050 2821 suﬂragantibus
1101 2756 1158 2803 et
1227 2747 1402 2817 palam
1459 2746 1834 2817 dejerantibus
1903 2748 2186 2817 illegitime

612 2854 785 2915 gesta,
838 2856 947 2911 quo
1009 2848 1167 2911 pacto
1201 2840 1397 2909 dogma
1446 2840 1515 2893 de
1564 2840 1750 2894 multis
1800 2840 2187 2894 divinitatibus

615 2948 795 2991 ratum
827 2934 1055 2998 factum,
1088 2932 1408 3002 mysterium
1439 2946 1573 2984 vero
1605 2931 2000 2985 incarnationis
2024 2946 2184 2985 ever-

616 3040 736 3079 sum
770 3034 936 3080 esset.
980 3023 1181 3077 Praeter
1215 3021 1321 3075 alia
1354 3034 1505 3085 vero,
1537 3036 1658 3088 qua:
1706 3035 1772 3073 ne
1806 3020 2034 3074 auribus
2062 3021 2185 3089 qui-

616 3119 741 3172 dem
796 3114 1107 3178 hominum,
1159 3113 1254 3181 qui
1303 3112 1390 3181 pie
1439 3121 1605 3181 atque
1663 3112 1941 3166 moderate
2003 3111 2186 3166 vivere

618 3209 810 3273 velint,
844 3203 1138 3274 ingerenda
1167 3210 1314 3265 sunt,
1356 3202 1448 3256 illa
1480 3217 1699 3271 quoque
1752 3202 2032 3263 nimirum,
2065 3217 2186 3270 quae

617 3302 853 3356 barbare
888 3307 944 3353 et
972 3297 1197 3352 eﬂ'erate
1249 3295 1358 3357 isti,
1403 3294 1603 3363 quibus
1654 3302 1930 3363 pastorum
1979 3308 2179 3345 munus

612 3392 831 3461 obtigit,
861 3397 1170 3461 gesserunt,
1222 3387 1289 3442 de
1314 3388 1515 3455 quibus
1558 3385 1869 3455 pastoribus
1913 3385 2177 3438 Dominus

613 3484 751 3538 dixit
786 3500 800 3537 :
841 3502 859 3535 ι
892 3482 1148 3537 Pastores
1196 3478 1566 3541 insaniebant,
1609 3486 1855 3546 pastores
1890 3477 2178 3538 vastabant

611 3575 823 3627 vineam
852 3586 1027 3626 meam
1046 3573 1088 3623 ¹.
1120 3589 1138 3623 ι
1168 3569 1417 3639 Compcri
1440 3570 1627 3631 etiam.
1652 3579 1711 3623 ut
1741 3569 2175 3638 persecutionem

613 3666 1093 3722 horribilissimam
1164 3662 1365 3731 ubique
1426 3662 1789 3715 instituissent
1854 3680 1867 3715 :
1930 3670 1989 3715 ut
2051 3661 2179 3715 dein

613 3759 863 3815 nonnulli
891 3755 1137 3828 episcopi
1166 3769 1289 3810 cum
1315 3752 1593 3807 nonnullis
1624 3761 1674 3807 et
1701 3766 1890 3805 omnes
1912 3751 2023 3805 fere
2055 3766 2178 3805 cum

614 3851 865 3906 omnibus
892 3846 1269 3908 dissedisscnt,
1316 3854 1572 3913 tanquam
1615 3842 1935 3911 paenitentia
1969 3843 2095 3898 tacti
2125 3851 2180 3898 et

613 3938 990 4010 magnitudine
1034 3936 1304 3990 scelerum
1337 3947 1561 3987 suorum
1594 3932 1701 4001 61
1734 3932 1838 4001 ipsi
1900 3933 2178 3999 perterriti

611 4030 977 4087 contumelias
1009 4037 1064 4083 et
1092 4026 1410 4081 inimicitias
1449 4025 1695 4079 omnium
1729 4025 2095 4094 undecunque
2123 4028 2177 4081 in

609 4135 706 4176 eos
728 4121 989 4174 conﬂatas
1014 4119 1236 4171 omnino
1262 4114 1405 4168 ierre
1432 4130 1537 4168 non
1566 4124 1788 4182 possent
1815 4131 1827 4166 :
1856 4122 1913 4166 ut
1942 4114 2180 4183 denique

613 4212 911 4280 imperator
959 4208 1015 4262 in
1061 4205 1271 4260 medios
1321 4206 1541 4259 irruens
1596 4205 1735 4258 alios
1790 4204 2071 4258 blanditiis
2124 4214 2182 4259 et

616 4299 1024 4373 largitionibus,
1064 4296 1201 4351 alios
1232 4295 1394 4349 minis
1424 4295 1527 4349 sibi
1574 4295 1830 4349 subactos
1862 4296 1913 4348 in
1947 4295 2179 4350 Palamre

616 4401 796 4462 partes
827 4390 1087 4445 traxisset
1117 4399 1172 4443 et
1204 4387 1494 4451 eﬂecisset,
1525 4394 1581 4438 ut
1615 4400 1787 4439 novos
1828 4395 2003 4439 tomos
2027 4401 2179 4441 com-

616 4491 881 4551 ponerent
951 4481 1150 4549 quibus
1200 4478 1534 4546 impietatcm
1584 4477 1703 4545 ejus
1764 4477 2174 4530 ennﬁrniarent.

2382 1933 2439 1987 '0
2478 1935 2575 2003 μὲν
2600 1934 2664 2003 δὴ
2704 1932 2893 2003 χρόνος
2934 1931 3059 1986 καθ’
3112 1931 3170 1984 δν
3217 1929 3458 1983 ἐπανιὼν
3492 1928 3859 1993 κατέπλευσα,

2293 2029 2477 2095 φησίν,
2506 2030 2558 2087 ἐς
2587 2024 2906 2090 Βυζάντιον,
2940 2025 3077 2092 μετά
3112 2022 3271 2082 κυνὸς
3301 2024 3546 2093 ὑπῆρχεν
3577 2020 3859 2085 ἐπιτολὰς,

2289 2120 2549 2187 λήγοντος
2587 2118 2687 2186 ήδη
2727 2114 2823 2169 τοῦ
2876 2115 3091 2185 θέρους.
3149 2114 3323 2169 Εὐθὺς
3372 2109 3465 2167 οὖν
3516 2114 3727 2167 ἀποϐὰς
3762 2115 3866 2175 τῆς

2291 2210 2424 2271 νεὼς
2453 2208 2634 2261 οῐκαδε
2662 2188 3069 2276 ἀφικόμὴνριαὶ
3098 2204 3365 2275 οἰκουρῶν
3394 2205 3778 2259 διετετελέκειν
3799 2206 3865 2273 ﬂ-

2289 2300 2436 2361 λίους
2476 2298 2602 2365 ἑξῆς
2633 2295 3050 2359 πεντεκαίδεκα,
3082 2295 3483 2363 ἀναλαμϐάνων
3508 2312 3565 2347 τε
3595 2297 3859 2364 ἐμαυτὸν,

2290 2390 2385 2442 καὶ
2413 2389 2509 2458 τὴν
2550 2390 2615 2440 ὲκ
2666 2386 2939 2453 Θαλάττης
2977 2386 3160 2455 ἠρέμα
3194 2386 3453 2439 καὶκατὰ
3502 2386 3697 2455 μικρὸν
3726 2386 3864 2438 ἀπο-

2290 2478 2609 2547 τριϐόμενος
2643 2476 2858 2545 ἀηδίαν.
2897 2477 3007 2529 Καὶ
3035 2476 3219 2544 μὲνδὴ
3257 2476 3364 2529 τῶν
3393 2477 3617 2547 ἡμερῶν
3650 2475 3860 2546 μεταξὺ

2290 2568 2521 2621 τουτωνὶ
2573 2568 2911 2638 προσιόντων
2952 2567 3131 2621 ἄλλοτ’
3180 2567 3356 2620 ἄλλων
3394 2566 3563 2634 φίλων
3596 2566 3690 2619 καὶ
3738 2566 3865 2635 ὁμι-

2291 2658 2526 2725 λούντων
2579 2660 2712 2725 ἡμῖν
2762 2657 3003 2727 ἀκριϐῶς
3062 2659 3351 2725 ἀκηκοέναι
3401 2675 3491 2727 μοι
3540 2660 3769 2725 γέγονεν
3800 2656 3866 2710 ἆ-

2294 2767 2491 2811 παντα,
2535 2750 2635 2817 τήν
2678 2748 2726 2801 τ’
2778 2749 3185 2817 ὀνομαζομένην
3213 2750 3413 2802 οὑτωσί
3467 2766 3585 2812 πως
3621 2749 3862 2809 σύνοδον.

2289 2843 2436 2905 ὅπως
2488 2859 2545 2894 τε
2583 2841 2944 2911 ὲσχεδίασται.
2991 2842 3085 2893 καὶ
3122 2842 3221 2894 ὅσα
3268 2842 3583 2910 πέπρακται
3632 2840 3869 2909 παρανό-

2293 2948 2407 2999 μως
2448 2934 2563 2983 ἐκεῖ
2593 2933 2727 2999 πρὸς
2756 2933 2867 2985 τῶν
2900 2934 3179 3002 προέδρων
3210 2934 3317 2985 τῶν
3370 2933 3607 3003 Παλαμᾷ
3640 2950 3871 3000 συμμα-

2289 3023 2525 3092 χούντων
2554 3024 2647 3074 καὶ
2680 3022 3219 3088 ἀνακεκαλυμμένως
3244 3022 3668 3090 ιπιορκούντων,
3696 3020 3778 3074 ετι
3804 3038 3866 3073 τε

2288 3116 2436 3175 ὅπως
2466 3115 2524 3165 τὸ
2559 3114 2657 3182 μὲν
2698 3115 2797 3183 τῆς
2836 3114 3126 3176 πολυθετις
3164 3114 3445 3184 ὴκύρωται
3482 3115 3680 3183 δόγμα,
3714 3114 3777 3166 τὸ
3808 3112 3867 3165 δὲ

2290 3205 2386 3273 τῆς
2424 3206 2692 3274 ὲνσάρκου
2730 3208 3032 3275 μυστήριον
3062 3208 3378 3274 οἱκονομὲας
3421 3206 3731 3277 ἀνῄρηται·
3769 3206 3866 3258 καὶ

2288 3300 2422 3365 πρός
2450 3314 2511 3363 γε
2544 3302 2653 3361 τοῖς
2694 3298 2895 3363 ἄλλοις,
2938 3300 2972 3352 ἃ
3006 3300 3127 3368 μηδ’
3159 3301 3297 3368 ἀκοῇ
3336 3300 3641 3370 σωφρονεῖν
3672 3299 3743 3351 δι’
3776 3299 3869 3351 σύ-

2285 3387 2497 3441 σέϐειαν
2550 3390 2965 3463 προαιρουμένῃ
2999 3391 3198 3444 διδόναι
3238 3389 3437 3461 χρεὼν,
3491 3394 3719 3447 κάκεῖνα
3764 3393 3863 3454 δησι

2280 3480 2410 3550 λαδὴ
2439 3482 2539 3534 ὅσα
2592 3482 2945 3551 βαρϐαρικῶς
3000 3498 3055 3533 τε
3093 3483 3184 3534 καί
3231 3482 3513 3551 θηριωδῶς
3566 3484 3866 3552 εἴργασται

2282 3569 2418 3637 πρὸς
2443 3570 2549 3621 τῶν
2582 3572 2893 3637 ποιμαίνειν
2919 3570 3190 3639 λαχόντων
3215 3573 3313 3639 τὴν
3348 3572 3696 3643 Ἐκκλησίαν,
3726 3577 3865 3644 περὶ

2281 3653 2355 3713 ὧν
2382 3663 2408 3713 ὁ
2438 3659 2641 3727 Κύριος
2676 3660 2803 3727 ἔφη,
2840 3678 2857 3711 ι
2905 3661 3167 3731 Ποιμένες
3198 3664 3628 3732 ἠφρονεύσαντο,
3660 3666 3865 3733 ποιμέ-

2283 3767 2371 3812 νες
2402 3750 2720 3820 διέφθειραν
2756 3751 2847 3803 τὸν
2898 3753 3197 3821 ἀμπελῶνά
3230 3772 3352 3821 μου.
3400 3775 3418 3807 ι
3482 3758 3591 3809 Καὶ
3622 3759 3739 3826 ἅμα
3768 3760 3866 3813 τον

2282 3842 2374 3894 ἐπὶ
2398 3841 2607 3903 τούτοις
2640 3843 3079 3911 φρικωδέστατον
3111 3848 3199 3896 καὶ
3230 3847 3571 3900 παντοδαπὸν
3592 3848 3857 3916 διωγμὸν,

2281 3932 2521 3986 κᾶπειτα
2554 3934 2704 3995 ὅπως
2733 3950 2791 3985 τι
2828 3934 3191 4004 διηνέχθησαν
3229 3937 3362 3987 ἔνιοι
3407 3938 3526 3989 κατ’
3553 3941 3712 3991 ἐνίων
3738 3942 3865 3993 ἐπί-

2283 4041 2499 4089 σκοποι,
2522 4016 2628 4077 ’καὶ
2660 4024 2850 4093 σχεδὸν
2900 4025 3143 4088 ἅπαντες
3199 4027 3321 4078 καθ’
3352 4028 3632 4093 ἀπάντων,
3665 4030 3861 4103 ὥσπερ

2282 4112 2346 4164 ὲκ
2388 4112 2699 4180 μεταμέλου
2743 4112 2803 4164 τὸ
2838 4112 3070 4181 μέγεθος
3098 4113 3209 4165 τῶν
3257 4118 3537 4185 σφετέρων
3564 4120 3863 4187 ἀτοπημά-

2280 4220 2391 4256 των
2441 4205 2890 4275 ἐκπεπληγμένοι
2943 4223 3025 4271 τε,
3061 4209 3156 4259 καὶ
3207 4208 3329 4260 οὐδὲ
3365 4212 3553 4276 φέρειν
3600 4211 3865 4276 καθάπαξ

2280 4297 2597 4367 ἀνεχόμενοι
2623 4298 2715 4359 τὰς
2749 4298 2969 4350 πάντων
2990 4299 3079 4352 διά
3111 4299 3281 4351 ταῦτα
3313 4302 3651 4372 πανταχόθεν
3673 4303 3862 4374 ὕϐρεις

2283 4389 2381 4439 καὶ
2411 4387 2710 4456 ἀπεχθείας
2733 4404 2747 4419 ⁸
2782 4392 2875 4442 καὶ
2898 4391 3044 4452 ὅπως
3080 4393 3105 4442 ὁ
3132 4392 3387 4460 βασιλεὺς
3414 4393 3619 4461 μεταξὺ
3647 4410 3867 4465 παριμ-

2284 4478 2469 4531 πεσὼν
2504 4481 2631 4542 τοὺς
2665 4480 2762 4548 μὲν
2804 4480 3069 4541 θωπείαις
3102 4486 3191 4535 καὶ
3222 4487 3522 4554 χρημάτων
3546 4488 3862 4558 διανομαῖς,

611 4574 747 4629 Cum
798 4585 930 4625 vero
982 4571 1048 4623 de
1076 4569 1287 4622 ueteris
1336 4566 1593 4619 omnibus
1637 4567 1799 4619 rebus
1850 4569 1893 4619 si
1931 4582 2178 4633 qumrere

2286 4573 2409 4633 τοὺς
2436 4570 2480 4622 δ’
2512 4571 2763 4633 ἀπειλαῖς
2791 4572 3108 4641 ὑπηγάγετό
3139 4593 3194 4628 τε
3230 4578 3421 4655 καὶ..τῴ
3456 4581 3693 4652 [Ιαλαμᾷ
3726 4600 3867 4651 συμ-

613 4674 780 4733 atque
811 4659 1155 4729 percunctari
1198 4658 1415 4717 vellem.
1471 4657 1674 4727 majore
1724 4656 1855 4709 mihi
1898 4658 2011 4711 otio
2042 4672 2180 4725 Opus

610 4765 777 4819 esset,
815 4755 867 4807 in
899 4752 1002 4806 alia
1036 4761 1281 4819 tempora
1325 4750 1374 4802 id
1420 4749 1780 4803 diﬂerendutn
1805 4764 1925 4803 esse
1961 4750 2173 4818 putavi,

612 4858 776 4917 atque
803 4838 1015 4899 duabus
1035 4851 1247 4895 tantum
1280 4841 1429 4896 hisee
1462 4841 1628 4893 rebus
1654 4840 1962 4894 accuratius
1992 4840 2179 4905 explo-

617 4934 804 4991 randis
859 4948 1022 4988 omne
1074 4932 1318 4987 studium
1382 4942 1439 4985 et
1488 4946 1707 4999 operam
1771 4930 2049 5000 impendi,
2120 4940 2179 4983 ut

613 5026 846 5096 primum
895 5024 1114 5094 quidem
1148 5036 1559 5091 cognoscerem,
1614 5037 1714 5073 cur
1765 5020 1819 5071 in
1872 5020 2173 5075 custodiam

611 5118 938 5171 atrociorem
996 5123 1045 5169 te
1100 5130 1262 5183 quam
1314 5114 1556 5182 reliquos
1610 5112 1999 5165 includendum
2054 5126 2174 5166 esse

610 5214 947 5282 imperantes
991 5208 1410 5263 decrevissent:
1449 5206 1650 5260 deinde
1703 5206 1964 5273 quidnam
2012 5208 2173 5259 novis

610 5302 728 5355 istis
760 5301 921 5355 tomis
949 5300 1017 5353 ab
1044 5296 1317 5367 episcopis
1361 5308 1419 5352 et
1466 5297 1892 5365 imperatoribus
1936 5297 2174 5363 perscri-

611 5406 761 5463 ptum
797 5401 942 5447 esset
973 5401 1029 5445 et
1058 5405 1227 5459 quare
1262 5403 1357 5443 eos
1388 5404 1417 5441 a
1449 5402 1507 5441 se
1536 5388 1669 5457 ipsis
1700 5388 1977 5442 confectos
2006 5388 2170 5443 etiam

609 5485 752 5555 apud
785 5498 843 5538 se
890 5483 1218 5546 retinerent,
1254 5480 1594 5549 argumentis
1646 5494 1861 5546 eorum,
1910 5496 1977 5534 ne
2020 5483 2172 5549 quis-

611 5590 773 5643 quam
801 5589 864 5627 ea
898 5571 1180 5641 explorare
1224 5581 1425 5639 posset,
1479 5570 1746 5640 profunda
1797 5572 2171 5628 taciturnitate

680 5777 699 5803 ⁸
734 5773 931 5828 Jercm.
976 5789 1074 5837 xu,
1103 5774 1186 5826 10,
1792 5814 1803 5821 .
2125 5828 2153 5858 ι

2287 4662 2495 4731 μάχους
2552 4658 2692 4714 εἶναι
2752 4665 3015 4716 πέπεικεν
3073 4668 3180 4726 del,
3217 4671 3311 4721 καὶ
3352 4671 3549 4736 τόμους
3608 4672 3862 4726 τίθεσθαι

2283 4752 2529 4815 καινοὺς,
2566 4752 2661 4821 τῆς
2687 4752 2852 4804 αὑτοῦ
2885 4753 3189 4820 βεϐαιωτὰς
3223 4757 3563 4821 δυσσεϐ;ίας.
3604 4761 3725 4813 Τῶν
3762 4765 3862 4831 μὲν

2279 4837 2372 4893 οὖν
2419 4842 2595 4895 ἀλλων
2644 4844 2900 4895 ἀπάντων
2932 4844 3059 4913 πέρι
3109 4846 3295 4915 ζητεῖν
3330 4850 3424 4900 καὶ
3474 4850 3861 4920 διερευνᾶσθαι

2282 4932 2589 5001 βούλεσθαι,
2621 4934 2717 4988 ἆτε
2751 4934 2946 5004 σχολῆς
2975 4936 3202 5005 δεόμενα
3232 4941 3472 5004 πλείονος
3496 4982 3511 5005 ,
3546 4946 3760 5014 ἑτέροις
3806 4949 3858 4999 ἐ-

2284 5042 2468 5092 γνωκα
2522 5026 2631 5078 δεῖν
2666 5030 3023 5096 ταμιεύεσθαι
3056 5036 3296 5100 χρῆνοιςο
3347 5035 3509 5099 αὐτὸς
3550 5038 3607 5090 δὲ
3666 5041 3863 5106 μόνοις

2280 5117 2399 5169 δυσὶ
2434 5119 2674 5170 τουτοισὶ
2702 5121 2801 5189 τὴν
2828 5123 3008 5174 πᾶσαν
3052 5124 3143 5175 τοῦ
3178 5127 3345 5178 πόθου
3398 5130 3635 5199 σπουδὴν
3664 5138 3861 5199 ’περιέ⁴

2278 5209 2495 5276 κλεισα,
2517 5213 2618 5281 τήν
2646 5229 2705 5264 τε
2735 5214 3012 5286 κάθειρξιν
3031 5218 3131 5285 τὴν
3152 5218 3250 5288 σὴν
3280 5222 3491 5289 μαθεῖν,
3514 5223 3718 5295 δηλαδὴ
3740 5229 3859 5286 πῶς

2277 5302 2331 5362 ἐς
2353 5302 2412 5353 τὸ
2440 5301 2745 5373 βιαιότερον
2776 5305 2807 5373 ἦ
2840 5307 2979 5358 κατά
3011 5310 3135 5370 τοὺς
3156 5309 3343 5373 ἄλλους
3376 5314 3726 5383 ἐξενηνέχθαι
3744 5322 3859 5381 τοῖς

2276 5392 2540 5459 ἄρχουσιν
2593 5395 2678 5462 εἴη
2710 5394 3101 5465 ἐψηφισμένον,
3139 5406 3233 5452 καὶ
3284 5402 3402 5468 ἅμα
3456 5404 3507 5455 τί
3559 5404 3626 5456 ἂν
3668 5408 3760 5477 εἴη
3792 5410 3860 5462 τὰ

2276 5480 2386 5542 τοῖς
2422 5485 2631 5545 καινοῖς
2668 5486 2805 5551 πρὸς
2854 5487 2959 5539 τῶν
2996 5489 3311 5542 ἐπισκόπων
3343 5494 3436 5544 καὶ
3470 5491 3741 5560 βασιλέων
3767 5499 3862 5565 ἑγ-

2278 5574 2640 5643 γεγραμμένα
2670 5577 2878 5644 τόμοις,
2924 5582 3017 5631 καὶ
3056 5582 3178 5634 ὅτου
3209 5582 3367 5653 χάριν
3409 5586 3564 5638 αὐτοὶ
3598 5588 3723 5643 καθ’
3756 5592 3863 5644 αύ-
