4118 6312
277 350 346 416 IS"
1229 357 1680 422 ΒΥΖΛΝΤΙΝᾸΞ
1719 360 1874 420 HIS'J

1975 362 2114 423 [tUE
2152 363 2296 427 LIB.
2345 365 2512 428 XXV.
3495 369 3564 432 50

276 473 397 533 τοὺς
428 470 840 536 συντεθεικότες
865 470 1066 536 αὐτοὺς
1088 473 1248 529 αὐτοὶ
1278 477 1372 530 καὶ
1405 479 1702 548 κατέχουσι
1728 474 1862 546 παρ’

1975 479 2254 545 involutis,
2301 496 2480 552 neque
2510 481 2578 536 ad
2615 491 2855 538 vestram
2907 485 3162 539 notitiam
3208 499 3271 539 ea
3317 484 3564 554 proferre

278 566 514 630 ἑαυτοῖς,
539 566 855 619 ἀνέκπυστα
884 568 1072 622 τᾶνδον
1095 571 1322 639 σιωπῆς⁹
1331 573 1524 640 μυχοῖς
1552 569 1865 626 καλύπτον-

276 676 366 719 τες
395 661 491 710 καὶ
518 658 649 729 ὑμῖν
676 660 998 729 ἐμφανίζειν
1021 663 1083 714 οὐ
1109 661 1255 730 μάλα
1284 663 1620 731 τολμῶντες.

349 750 476 802 ΚΓ.
516 742 662 820 Περῗ
716 751 818 820 μὲν
853 748 949 803 σοῦ
981 752 1170 805 πολλοὶ
1224 751 1491 816 πολλάκις
1540 754 1604 806 ἐκ
1651 753 1866 805 πολλῶν

275 843 582 912 ἐλέχθησαν
623 843 798 911 λόγοι,
829 844 1082 915 διάφοροι
1116 846 1218 914 μὲν
1269 842 1412 900 εἷναι
1456 846 1762 908 δοκοῦντες.
1800 845 1862 917 [Γ.

278 935 298 986 -Ι
312 936 383 989 O9
413 934 470 1005 b]
503 935 640 1007 πρὸς
677 935 723 988 δ’
753 936 850 990 ἕνα
880 937 1084 1000 πάντες
1129 938 1423 1008 βλέποντες
1457 938 1662 992 σκοπόν
1688 951 1703 966 ⁸
1734 939 1869 1005 τάγ-

272 1026 468 1095 κώμια
497 1029 567 1079 τὰ
591 1029 659 1081 σὰ
693 1027 917 1098 δηλαδὴ,
948 1028 1023 1090 ὡς
1052 1029 1279 1082 ἐκείνων
1313 1029 1531 1100 ἑκάστῳ
1566 1027 1866 1089 διαθέσεως

271 1120 423 1187 ἔχειν
452 1120 589 1188 πρὸς
619 1120 681 1173 σὲ
711 1121 1018 1186 συνέσαινε,
1045 1123 1143 1175 καὶ
1183 1121 1301 1192 ἅμα
1332 1123 1698 1194 σχολαστικῆς
1730 1123 1868 1195 πρός

270 1227 338 1274 γε
368 1213 439 1265 τὰ
469 1212 728 1281 δρώμενα
757 1213 1021 1268 διανοίας.
1056 1208 1154 1276 Οἷς
1186 1231 1248 1283 γε
1284 1215 1392 1285 μὴν
1427 1217 1482 1278 ες
1521 1215 1589 1269 τὰ
1627 1216 1870 1283 μάλιστα

272 1303 507 1372 φοιτῶσι
553 1305 789 1378 Παλαμᾷ
813 1323 874 1359 τε
922 1306 1017 1360 καί
1048 1307 1305 1378 Κοκκίνῳ
1331 1308 1408 1377 τῷ
1449 1308 1782 1378 ’Ἡρακλείας
1817 1311 1872 1361 ὲ-

274 1397 538 1464 πισκόπῳ
562 1397 716 1468 παρὰ
744 1399 955 1453 τούτων
984 1399 1178 1470 μαθεῖν
1196 1401 1598 1472 ἐναργέστερον
1621 1400 1870 1468 ἑξεγὲνε-

268 1506 355 1553 το,
387 1490 480 1558 εἴη
504 1491 572 1544 ἂν
598 1491 742 1556 ταδὶ,
775 1491 835 1544 ἓν
866 1493 968 1563 μὲν
989 1494 1072 1547 ὅτι
1117 1493 1440 1566 Ῥωμαϊκὴν
1484 1494 1732 1564 ἱστορίαν
1757 1494 1870 1547 τῶν

271 1571 583 1652 γινομένων
609 1585 870 1639 ἁπάντων
902 1585 1276 1656 συγγράφοντι
1303 1602 1387 1640 σοι
1419 1588 1628 1657 σφόδρα
1658 1586 1870 1656 φιλότι-

275 1693 378 1744 μον
403 1675 465 1728 τό
495 1692 562 1742 γε
609 1677 692 1739 είς
727 1676 788 1729 σε
830 1670 990 1748 ἧκον,
1041 1677 1212 1743 εἰκὸς,
1254 1677 1458 1748 μᾶλλον
1492 1679 1538 1732 δ’
1585 1679 1688 1733 οὐκ
1718 1677 1871 1742 me;

268 1767 392 1821 ἀλλ’
418 1769 663 1839 ἀνάγκη,
688 1770 784 1822 καὶ
810 1770 939 1841 περὶ
967 1769 1077 1823 τῶν
1100 1770 1587 1842 ἑκκλησιαστικῶν
1615 1771 1868 1842 συγγρά-

274 1879 398 1929 φειν
425 1861 704 1931 πολέμων.
749 1862 848 1924 Τίς
878 1862 990 1932 γάρ
1019 1861 1129 1916 τῶν
1158 1863 1332 1934 μηδεν
1382 1863 1612 1934 μηδαμῆ
1660 1879 1870 1936 προση-

275 1958 487 2009 κδντων
533 1973 618 2010 σοι
658 1956 939 2027 δημοσίων
983 1957 1352 2028 πραγμάτων,
1406 1957 1573 2030 φαίην
1595 1957 1641 2012 δ’
1681 1959 1750 2012 ἂν
1774 1958 1869 2013 καὶ

276 2049 716 2117 οἰκουμενικῶν,
765 2048 1131 2120 αὑθαιρέτους
1181 2049 1420 2121 μόχθους
1468 2046 1890 2122 ἀναδεχόμενον¹

279 2141 501 2210 βλέπων
535 2158 596 2195 σε
620 2143 782 2210 δίξης
822 2143 989 2196 ἕνεκα
1029 2143 1119 2196 δια
1149 2143 1252 2212 γῆς
1284 2143 1656 2214 πλανωμένης
1684 2144 1779 2198 καὶ
1810 2145 1871 2201 τὸ

277 2237 427 2304 [χνος
456 2237 546 2289 ἐπὶ
571 2233 776 2304 σαθροῦ
809 2252 951 2300 τινος
993 2236 1088 2290 καὶ
1113 2235 1269 2289 νόθου
1301 2237 1468 2304 φάναι
1502 2236 1701 2306 ,κλέους
1723 2239 1874 2307 ὲρει-

278 2328 507 2398 δούσης.
539 2329 627 2380 ἵνα
658 2327 866 2398 δηλαδὴ
895 2333 1096 2398 μεστὸν
1143 2327 1375 2382 σεαυτοῦ
1410 2327 1505 2382 τὸν
1537 2328 1736 2400 ἐφεξῆς
1767 2346 1870 2382 κα-

275 2414 517 2486 ταλίπῃς
548 2414 746 2482 αἰῶνα,
781 2415 1018 2487 ὑποψίας
1047 2416 1228 2470 ἀθῶον
1287 2418 1508 2488 ἀφεῖναι
1553 2420 1870 2490 ἀνάσχοιτο,

276 2509 377 2562 καὶ
410 2509 548 2577 μηδὲ
584 2511 770 2563 πᾶσαν
812 2510 1047 2565 ἐνταῦθα
1095 2511 1300 2578 μᾶλλον
1346 2512 1500 2582 ἰσχὺν
1547 2513 1871 2567 καταθεῖναι

279 2616 344 2651 σε
371 2598 673 2655 σπουδάσαι
701 2601 981 2666 λογίσαιτο
1009 2601 1185 2670 λόγων
1212 2601 1323 2656 τῶν
1351 2603 1484 2669 σῶν,
1512 2603 1599 2657 ἵνα
1623 2607 1715 2658 καὶ
1745 2606 1874 2668 τοὺς

275 2691 562 2754 κλύδωνας
591 2691 703 2745 τῶν
741 2693 990 2764 πατρίων
1019 2694 1334 2764 δογμάτων,
1363 2695 1490 2749 ὅσον
1519 2697 1763 2765 ἐφικτὸν,
1784 2698 1874 2750 διὰ

280 2786 472 2856 πάσης
520 2786 859 2857 οημοσιεύσῃ
903 2788 1004 2855 τῆς
1056 2788 1407 2859 οἰκουμένης,
1462 2790 1558 2842 καὶ
1593 2791 1712 2858 ἄμα
1745 2791 1875 2855 τοὺς

231 2925 236 2927 .
281 2881 417 2942 σοὺς
447 2879 588 2949 ὑπὲρ
630 2881 840 2932 τούτων
870 2879 1085 2948 ἀγῶνας
1115 2881 1350 2953 ἐνδείξῃ,
1383 2881 1479 2935 καὶ
1502 2880 1596 2946 οὓς
1625 2883 1710 2936 ἀεὶ
1736 2884 1876 2955 πρὸς

278 2973 396 3026 τῶν
445 2973 753 3037 κακοδὸξων
801 2973 1081 3037 κινδύνους
1124 2973 1419 3042 ἐφίστασαι
1445 3011 1459 3035 .
1506 2976 1874 3030 παντοδαπῶν

277 3062 586 3129 ἀπάξοντας
612 3063 863 3117 θανάτων
883 3081 899 3130 ;
923 3064 1020 3117 Ἐν
1053 3065 1152 3136 μὲν
1172 3065 1237 3135 δὴ
1267 3064 1360 3120 οῦν
1401 3065 1562 3122 τοῦτο
1592 3069 1762 3137 φασὶν
1790 3070 1877 3124 at-

277 3171 400 3206 τιον
448 3152 544 3208 τοῦ
577 3171 642 3223 γε
686 3153 752 3224 δὴ
799 3155 910 3207 τῶν
942 3155 1118 3210 ἄλλων
1159 3157 1363 3226 μᾶλλον
1389 3158 1532 3213 κατὰ
1568 3159 1663 3214 σοῦ
1702 3163 1874 3216 κινεί-

281 3247 414 3301 σθαι
461 3247 584 3310 τοὺς
641 3247 978 3315 ἀντιθέτους,
1029 3250 1125 3302 καὶ
1176 3249 1439 3304 τοιούτων
1488 3268 1573 3306 σοι
1605 3251 1873 3323 διηνεκῶς

280 3338 647 3403 συσκευάζειν
678 3337 928 3393 θανάτων
949 3339 1236 3411 κρατῆρας
1261 3358 1276 3373 ’
1309 3343 1565 3414 δεύτερον
1587 3345 1632 3399 δ’
1653 3348 1741 3400 ὅτι
1764 3347 1875 3402 τῶν

277 3433 464 3487 ἄλλων
491 3431 792 3504 ἀφρόντιδα
821 3433 940 3502 βίον
986 3436 1081 3488 καὶ
1113 3435 1356 3506 άμοχοον
1402 3440 1545 3492 οἴκοι
1569 3441 1875 3511 διατρισόν-

277 3542 415 3586 των,
447 3526 548 3576 οὐκ
575 3522 802 3592 ἠμέλεις
836 3522 1004 3593 ζήλου
1040 3524 1105 3577 σὺ
1146 3527 1243 3579 καὶ
1274 3526 1506 3596 θορύϐου
1535 3530 1736 3594 παντὸς
1769 3534 1876 3602 ἐμ.-

277 3617 502 3670 πιπλῶν
560 3616 632 3670 τὰ
694 3617 964 3686 βασίλεια,
1019 3618 1116 3672 νῦν
1167 3619 1292 3687 μὲν,
1327 3620 1423 3682 οὓς
1463 3621 1738 3689 εὐγένειαι
1778 3629 1874 3682 καὶ

276 3709 475 3778 χρόνον
540 3706 708 3776 τύχαι
774 3705 1081 3778 περιοδικαὶ
1137 3707 1456 3777 κοσμοῦσιν,
1498 3708 1718 3781 ἔχεσθαι
1772 3715 1874 3784 μὶν

276 3800 554 3870 λαμπρῶς
593 3799 680 3852 ἀεὶ
713 3798 825 3852 τῶν
866 3800 1111 3870 πατρίων
1141 3799 1415 3855 διδάσκων
1461 3802 1601 3856 ἐθῶν
1642 3806 1739 3858 καὶ
1783 3806 1873 3859 v6-

276 3904 424 3956 μων,
455 3886 768 3957 ἀπέχεσθαι
816 3886 872 3940 δὲ
906 3888 1016 3941 τῶν
1054 3888 1312 3959 ἀθέσμων
1340 3890 1435 3944 τοῦ
1477 3891 1718 3964 Παλαμᾶ
1745 3913 1874 3952 και-

273 3978 586 4046 νοφωνιῶν,
637 3977 732 4031 νῦν
761 3977 807 4033 δ’
846 3979 1010 4032 αὑτὸν
1049 3980 1288 4052 ἐλέγχων
1342 3984 1446 4055 ἰδίᾳ
1476 4002 1535 4038 τε
1582 3989 1677 4040 καὶ
1706 3987 1874 4059 δημο-

275 4073 375 4142 σίᾳ
398 4072 490 4123 τὸν
524 4070 780 4142 βασιλέα,
813 4073 909 4126 καὶ
944 4072 1039 4127 νῦν
1074 4073 1174 4144 μιν
1208 4074 1344 4144 ὁμοῦ
1386 4077 1466 4146 τῷ
1499 4081 1874 4151 πατριαρχεύ-

274 4182 436 4219 σαντι
470 4166 603 4235 πρὶν
638 4165 920 4236 Ἰσιδώρῳ,
950 4166 1045 4220 νῦν
1083 4167 1135 4220 δ’
1165 4167 1304 4236 ὁμοῦ
1355 4169 1433 4239 τῷ
1462 4170 1717 4224 δυσσεϐεῖ
1761 4175 1874 4228 Ua-

271 4259 453 4329 ὶαμᾷ,
476 4263 571 4313 καὶ
595 4262 694 4314 νῦν
731 4261 833 4330 μὲν
867 4261 1147 4331 Ίουλιανῷ
1178 4264 1551 4332 παραϐάλλων
1575 4269 1670 4318 καὶ
1698 4267 1876 4333 Meﬁt-

277 4352 483 4423 μιανῷ,
524 4351 622 4404 νῦν
667 4352 712 4405 δ’
745 4353 1141 4425 Εἰκονομάχοις
1175 4357 1271 4409 καὶ
1310 4357 1423 4417 τοῖς
1450 4357 1716 4423 τοιούτοις
1747 4359 1873 4413 διώ-

275 4462 459 4510 κταις.
491 4444 728 4498 Κάπειτ’
754 4445 854 4513 οὐχ
879 4447 1025 4509 ὅπως
1053 4447 1114 4500 οὐ
1137 4451 1247 4510 τοῖς
1278 4449 1543 4513 τοιούτοις
1570 4451 1870 4521 ἠρκέσθης,

275 4539 420 4592 ἀλλὰ
448 4538 643 4610 καύτῷ
680 4538 879 4609 μακρῷ
921 4541 1189 4612 συνεδρίῳ
1216 4540 1314 4609 τῆς
1345 4542 1552 4595 ἀτόπου
1586 4543 1868 4612 φάλαγγος
1905 4537 1948 4591 D

274 4631 392 4684 τῶν
437 4633 720 4702 ποιμένων
765 4631 997 4684 ἐκείνων
1044 4634 1580 4706 πεπαρρησιασμένῃ
1606 4635 1699 4688 καὶ
1729 4637 1871 4688 ἀπα.-

181 4794 187 4799 .
278 4725 619 4796 ρακαλύπτῳ
659 4728 728 4796 τῇ
766 4725 983 4796 γλώττῃ
1014 4727 1436 4805 παρεισκιίκλιτιν
1461 4730 1561 4782 οὐκ
1588 4728 1759 4793 ἁνίεις
1783 4733 1876 4784 καὶ⁵

277 4817 756 4887 ἐπαναλαμϐάνων
786 4819 926 4873 αὑτά
948 4836 1007 4872 τε
1033 4819 1228 4881 ταῦτα,
1261 4820 1466 4888 καηὸσα
1499 4821 1709 4876 τούτων
1729 4841 1877 4897 παρ-

276 4912 512 4982 ενείρων
553 4910 751 4982 μείζω,
794 4914 886 4966 καὶ
912 4914 1336 4983 προσονειδὶςων
1364 4915 1510 4984 μάλα
1546 4932 1609 4985 γε
1636 4918 1874 4989 πικρῶς,

276 5005 376 5060 καὶ
423 5005 567 5060 κατὰ
624 5005 827 5059 σαυτοῦ
883 5005 1057 5078 συχνὰ
1106 5008 1281 5060 ποιῶν
1335 5008 1732 5080 μανικώτερον,
1780 5014 1876 5065 κκὶ

276 5095 460 5161 ταῦτ’,
496 5096 662 5166 εἴπερ
691 5113 780 5159 τις
827 5097 1036 5167 ἕτερος.
1064 5097 1224 5162 εἰδὼς
1271 5100 1456 5164 αὐτὸν,
1488 5100 1565 5164 ὡς
1596 5100 1760 5172 εἴπερ
1782 5103 1874 5155 καὶ

275 5188 543 5259 αὐτῆμαρ
587 5188 919 5258 καταπὲψει.
970 5189 1109 5246 ἀλλά
1139 5207 1202 5260 γε
1248 5191 1344 5244 καὶ
1375 5192 1709 5260 μετέπισθεν
1758 5192 1875 5262 ἔχει

277 5279 465 5346 κότον,
497 5280 646 5351 δφρα
677 5281 929 5354 τελέσσῃ.

359 5375 486 5428 και.
515 5371 716 5444 Τρίτον
764 5374 849 5428 ὅτι
891 5373 1174 5444 χλευάζων
1218 5374 1418 5439 αὐτοὺς
1455 5375 1593 5446 πρὸς
1641 5377 1878 5446 ἀπειλῆς

278 5464 589 5535 ἆνήνεγκας
639 5465 849 5536 σκῆμα,
883 5466 1067 5534 λόγοις
1113 5468 1525 5539 ἁντιρῥητικοῖς
1582 5469 1878 5525 καταλύειν

275 5555 376 5610 τδν
406 5557 600 5629 τόμον,
627 5557 691 5612 δν
717 5557 876 5613 αὐτοὶ
907 5561 1108 5615 νεωστὶ
1136 5562 1234 5615 καὶ
1270 5561 1446 5631 λάθρα
1476 5564 1752 5617 συνθεῖναι
1783 5581 1845 5618 τε
1865 5597 1877 5606 -

275 5649 636 5720 τολμήκεσαν
694 5651 836 5706 κατὰ
895 5653 997 5724 τῆς
1029 5653 1340 5720 εὐσεϐείας,
1378 5657 1876 5727 ἐπαγγειλάμενος.

276 5745 393 5799 Καὶ
426 5745 691 5818 τέταρτον
721 5748 810 5803 ὅτι
862 5750 1077 5819 μακρὴν
1126 5751 1232 5822 ἢδη
1260 5753 1451 5821 χρόνον
1495 5753 1598 5823 τὴν
1637 5751 1878 5823 θύραθεν

281 5839 470 5893 πᾶσαν
501 5840 699 5910 cupias
720 5839 1030 5914 διδάσκοντι
1065 5842 1352 5910 πλείστους
1379 5843 1472 5898 καὶ
1499 5844 1877 5912 παντοδαποὺς

1969 572 2260 628 auderent.

1971 776 1977 792 ε
2046 755 2238 811 XXIII.
2288 759 2365 812 De
2426 766 2477 812 te
2513 758 2680 828 igitur
2727 759 2882 813 mttlti
2929 774 3076 827 saepe
3108 772 3136 812 a
3175 757 3363 812 multis
3415 754 3566 812 fere-

1973 848 2180 902 bantur
2219 864 2524 910 sermones,
2558 849 2651 918 qui
2706 865 3021 920 quanquam
3077 851 3222 904 inter
3270 865 3328 904 se
3361 848 3566 904 diversi

1972 941 2328 1004 videbantur,
2363 941 2427 994 ad
2461 957 2630 994 unum
2685 951 2866 996 tamen
2910 958 3107 998 omnes
3149 941 3314 996 linem
3347 950 3566 1010 specta—

1973 1032 2128 1094 bant.
2184 1034 2249 1086 ad
2291 1047 2414 1087 tuas
2463 1034 2678 1089 scilicet
2732 1033 2942 1096 laudes,
2982 1045 3149 1104 prout
3197 1035 3435 1104 quisque
3483 1031 3570 1088 vel

1972 1123 2159 1177 animo
2193 1124 2246 1176 in
2284 1134 2338 1178 te
2367 1124 2602 1179 aﬂ‘ectus
2632 1125 2715 1179 vel
2745 1125 2958 1196 judicio
2990 1125 3061 1180 de
3106 1127 3295 1192 rebus,
3322 1141 3445 1194 quae
3473 1137 3571 1194 ge-

1973 1224 2195 1278 runtur,
2225 1216 2490 1284 prazditns
2521 1224 2661 1271 erat.
2700 1217 2804 1284 Qui
2833 1232 2968 1272 vero
2999 1219 3239 1272 maxime
3289 1217 3569 1271 Palamam

1973 1308 2380 1373 etCoceinnm,
2421 1308 2698 1364 Heraclea:
2745 1310 3094 1379 episcopum,
3149 1308 3572 1380 frequentantes

1971 1400 2082 1470 62
2114 1399 2412 1454 dilucidius
2458 1401 2527 1454 ab
2578 1403 2713 1470 ipsis
2768 1417 2860 1457 res
2901 1417 3236 1472 cognoscere
3289 1408 3568 1472 poterant,

1973 1491 2140 1546 bascc
2175 1491 2288 1547 lere
2322 1509 2519 1547 causas
2545 1494 2784 1549 afferunt
2816 1513 2830 1549 :
2867 1496 3106 1563 primum
3142 1493 3390 1564 quidem,
3421 1495 3570 1565 quod

1977 1583 2075 1639 tibi
2113 1583 2403 1639 historiam
2438 1585 2743 1640 Romanam
2785 1587 3038 1642 omnium
3076 1601 3286 1653 rerum,
3317 1601 3442 1656 qua:
3480 1603 3574 1658 ge-

1974 1683 2197 1740 runtur,
2254 1687 2525 1745 quantum
2580 1678 2638 1732 in
2675 1688 2725 1732 te
2754 1687 2858 1742 est,
2895 1677 3192 1733 ambitioso
3216 1677 3400 1732 studio
3443 1693 3574 1734 con-

1976 1767 2244 1823 scribenti
2270 1777 2708 1824 consentaneum
2735 1769 2818 1824 vel
2853 1769 3040 1839 potius
3066 1769 3449 1826 necessarium
3475 1769 3571 1833 sit,

1973 1861 2142 1917 etiam
2202 1861 2273 1917 de
2340 1861 2747 1917 certaminibus
2801 1861 3195 1918 ecclesiasticis
3269 1877 3573 1932 exponere.

1972 1952 2109 2021 Quis
2133 1953 2308 2019 enim,
2341 1955 2436 2024 qui
2481 1954 2774 2009 molestum
2831 1971 2922 2009 res
2973 1954 3243 2025 publicas,
3296 1971 3420 2026 qua:
3469 1955 3572 2008 tui-

1973 2048 2123 2102 nitne
2159 2048 2227 2102 ad
2264 2058 2314 2102 te
2345 2047 2645 2116 pertinent,
2679 2059 2735 2102 et
2768 2063 2942 2117 pr0pe
2981 2049 3215 2103 dixerim
3275 2056 3390 2102 toto
3435 2048 3571 2103 orbe

1975 2152 2247 2196 terrarum
2300 2150 2483 2211 gestas
2552 2141 2946 2195 conscribendi
2995 2140 3241 2196 laborem
3312 2149 3364 2195 te
3425 2139 3572 2194 ultro

1976 2217 2376 2301 suscipientem
2428 2230 2614 2286 videat
2671 2231 2858 2300 gloria:
2909 2246 3075 2286 causa
3126 2241 3334 2286 terram
3376 2245 3573 2300 perva-

1976 2323 2160 2394 gantis
2189 2332 2246 2378 et
2274 2322 2569 2393 vestigium
2597 2323 2789 2393 putida
2811 2324 3050 2393 quadam
3076 2333 3152 2387 et,
3185 2333 3244 2377 ut
3267 2324 3342 2378 ita
3365 2323 3572 2387 dicant,

1975 2416 2288 2471 adulterata
2343 2415 2492 2470 fatua
2552 2415 2867 2478 innitentis,
2934 2416 3195 2471 nimirum
3263 2424 3322 2470 ut
3387 2416 3578 2472 futura

1976 2508 2176 2564 secula
2236 2519 2325 2561 tua
2377 2507 2550 2578 gloria
2601 2507 2762 2577 plena
2814 2506 3121 2578 relinquas,
3152 2515 3205 2562 te
3253 2507 3571 2578 suspicione

1977 2601 2214 2655 liberutn
2249 2603 2437 2655 sinere
2456 2600 2782 2666 sustinebit,
2806 2616 2986 2671 neque
3009 2603 3194 2671 potius
3220 2615 3440 2657 omnem
3463 2601 3573 2656 vim

1979 2701 2204 2748 tuorum
2239 2696 2531 2747 verborum
2576 2693 2630 2746 in
2663 2707 2732 2748 eo
2771 2701 2822 2747 te
2854 2708 3064 2763 ponere
3098 2691 3482 2758 arbitrabitur,
3517 2702 3578 2748 ut

1977 2786 2145 2842 etiam
2177 2796 2536 2856 tempestates
2567 2785 2876 2855 patriorum
2922 2785 3268 2859 dogntatum,
3301 2795 3574 2857 quantum

1979 2879 2100 2935 ﬂeri
2134 2880 2332 2949 possit,
2368 2896 2467 2950 per
2497 2890 2670 2934 totum
2700 2880 2894 2936 orbem
2923 2882 3152 2952 evulges
3177 2881 3456 2952 simulque
3481 2890 3574 2936 tua

1977 2974 2283 3028 certamina
2321 2989 2422 3042 pro
2451 2973 2520 3031 iis
2560 2983 2818 3043 suscepta
2868 2987 3035 3044 atque
3084 2973 3349 3043 pericula,
3382 2989 3578 3030 omnes

1982 3078 2189 3121 mortes
2232 3066 2565 3130 redolentia,
2595 3067 2665 3120 ab
2700 3065 2971 3134 improbis
2998 3065 3098 3121 tibi
3134 3081 3356 3137 semper
3393 3066 3578 3122 inten-

1902 3192 1945 3250 ε
1982 3168 2092 3214 tata
2133 3157 2436 3213 ostendas?
2499 3155 2652 3212 lianc
2715 3172 2881 3212 unam
2915 3171 3038 3213 esse
3089 3172 3313 3213 causam
3359 3156 3578 3222 dicunt,

1982 3260 2210 3321 prapter
2251 3266 2418 3321 quant
2449 3249 2755 3305 adversarii
2793 3250 2845 3304 in
2881 3260 2933 3303 te
2968 3250 3376 3316 vehementius,
3409 3265 3577 3320 quam

1983 3343 2037 3396 in
2074 3342 2345 3412 reliquos.
2380 3342 2594 3397 incitati
2633 3342 2744 3397 sint
2799 3341 3011 3413 tibique
3061 3354 3334 3414 perpetuo
3385 3343 3579 3398 morti-

1982 3436 2097 3490 fera
2128 3435 2327 3506 pocula
2378 3444 2726 3504 comparent.
2780 3435 2969 3490 Altera
3032 3450 3199 3491 causa
3252 3445 3358 3502 est,
3405 3435 3576 3506 quod,

1977 3528 2102 3583 aliis
2143 3528 2294 3582 domi
2328 3527 2498 3582 vitam
2531 3543 2786 3583 securam
2823 3537 2880 3584 et
2915 3528 3208 3584 socordem
3261 3529 3578 3599 agentibus,

1980 3632 2036 3677 tu
2075 3636 2183 3677 non
2235 3623 2495 3678 cessabas
2543 3623 2663 3678 zelo
2693 3633 2751 3678 et
2809 3624 2985 3679 turbis
3034 3624 3294 3680 omnibus
3347 3624 3581 3694 implere
3649 3640 3651 3642 ·

1979 3717 2271 3787 palatium,
2301 3731 2428 3773 cum
2463 3719 2681 3785 generis
2717 3717 3008 3775 nobilitate
3039 3729 3096 3776 et
3145 3718 3387 3774 fortuna:
3421 3717 3580 3775 vicis-

1977 3810 2322 3867 situdinibus
2345 3822 2579 3866 ornatos
2600 3811 2890 3882 splendide
2917 3813 3126 3883 patrios
3153 3811 3264 3885 63
3315 3828 3498 3869 mores
3519 3824 3578 3870 ct

1976 3905 2129 3976 leges
2166 3919 2389 3975 Semper
2414 3905 2696 3974 amplecti,
2727 3906 3036 3977 illegitimis
3060 3915 3245 3960 autem
3274 3905 3577 3963 verborum

1978 3997 2324 4051 novitatibus
2375 3997 2610 4052 Palamat
2659 3997 2946 4053 abstinere
2991 3998 3243 4063 doceres,
3283 3998 3338 4052 in
3393 3998 3576 4068 ipsum

1977 4098 2164 4143 autem
2198 4089 2591 4158 imperatorem
2621 4089 2874 4159 privatim
2905 4103 3073 4161 atque
3104 4090 3326 4162 publice
3368 4106 3576 4161 Oppre-

1977 4180 2096 4236 btia
2131 4181 2411 4251 injiceres,
2441 4183 2605 4237 modo
2635 4198 2762 4238 eum
2800 4199 2906 4238 una
2961 4198 3087 4238 cum
3136 4183 3374 4251 Isidoro,
3411 4195 3578 4239 antea

1977 4272 2407 4349 patriareltieam
2461 4275 2651 4330 sedem
2709 4275 3019 4340 obtinente,
3081 4275 3248 4329 modo
3281 4290 3389 4329 una
3445 4291 3579 4333 cum

1977 4363 2146 4433 impio
2182 4365 2445 4433 Palama,
2483 4377 2600 4422 tum
2656 4382 2783 4423 cum
2835 4367 3058 4424 Iuliano
3108 4377 3165 4422 et
3213 4367 3574 4431 Maximiano.

1976 4465 2092 4510 tum
2133 4472 2257 4512 eum
2291 4458 2677 4515 leonomacltis
2715 4473 2771 4516 et
2806 4459 3079 4530 ejusmodi
3120 4462 3578 4530 persecutoribus

1976 4551 2373 4619 comparando.
2431 4551 2639 4618 Deinde
2697 4552 2844 4622 quod
2902 4551 3055 4606 ltisce
3110 4567 3219 4606 non
3275 4562 3577 4608 contentus

1975 4641 2078 4710 ipsi
2109 4657 2308 4712 magno
2357 4643 2596 4698 concilio
2629 4645 2837 4700 insana:
2882 4645 3102 4699 illorum
3162 4654 3446 4715 pastorum
3480 4628 3577 4700 ca-

1978 4741 2146 4788 tervte
2171 4733 2348 4789 libera
2400 4743 2458 4790 et
2504 4734 2759 4794 intimida
2796 4737 2982 4807 lingua
3031 4736 3255 4793 easdem
3310 4739 3579 4793 calumias

1976 4828 2282 4886 identidem
2331 4833 2583 4904 ingerere
2615 4842 2671 4888 et
2720 4834 2803 4887 vel
2835 4833 2902 4888 iis
2934 4834 3174 4902 majores
3241 4834 3576 4889 intersbrerc

1978 4921 2466 4995 acerbissimisque
2513 4925 2826 4982 maledictis
2878 4926 3260 4996 perstringere
3311 4928 3578 4999 atqncjn

1978 5022 2154 5068 temet
2205 5016 2390 5084 ipsum
2443 5018 2638 5072 savire
2699 5031 2809 5071 non
2873 5017 3204 5082 desistcbas,
3259 5033 3576 5088 quanquam

1981 5104 2131 5160 haud
2181 5122 2315 5162 sane
2361 5108 2642 5179 ignorans,
2695 5126 2847 5176 eum,
2895 5110 3028 5165 licet
3081 5109 3148 5163 ad
3209 5120 3428 5179 tempus
3465 5111 3579 5164 ira-

1978 5199 2242 5257 cundiam
2272 5203 2609 5273 supprimat.
2654 5211 2900 5258 attamen
2951 5202 3021 5258 ad
3075 5203 3324 5258 futurum
3361 5214 3577 5273 tempus

1982 5293 2230 5357 diiierre,
2271 5294 2451 5350 donec
2487 5294 2555 5350 ad
2590 5295 2756 5352 tinem
2781 5295 3044 5351 adducat.

2055 5383 2250 5440 XXIV.
2285 5386 2529 5443 Tertiam
2559 5402 2788 5444 causam
2834 5387 3094 5451 afferunt,
3129 5387 3277 5458 quod
3321 5403 3420 5443 eos
3447 5388 3576 5444 irri-

1983 5477 2122 5535 dens
2160 5479 2302 5535 adeo
2351 5480 2723 5538 comminatus
2769 5496 2853 5545 es,
2905 5491 2956 5537 te
3003 5462 3355 5536 orationibus
3403 5480 3577 5535 antir-

1983 5572 2211 5628 rbetieis
2241 5582 2451 5630 tomum
2471 5573 2624 5629 illum
2653 5573 3023 5630 refutaturum
3046 5588 3193 5640 esse,
3216 5589 3379 5644 quem
3400 5590 3577 5645 nuper

1977 5674 2039 5719 et
2065 5663 2380 5720 clanculum
2408 5673 2603 5722 contra
2635 5681 2822 5722 veram
2861 5665 3027 5722 tidem
3082 5681 3421 5737 componere
3451 5669 3574 5723 ausi

1983 5757 2243 5814 fuissent.
2266 5759 2556 5825 Quartum,
2579 5759 2730 5829 quod
2763 5760 2857 5814 diu
2884 5759 2995 5829 jam
3028 5758 3321 5830 profanam
3350 5773 3578 5814 onmem

1982 5848 2316 5921 sapientiam
2377 5849 2636 5908 docendo
2693 5850 2793 5908 tibi
2878 5851 3150 5922 plurimos
3204 5851 3578 5920 undecunque
