4110 6330
631 335 735 397 1⁸15

1828 324 2241 415 NICEPUOBI
2282 322 2666 385 CREGORE

3766 312 3874 374 176

627 448 930 505 secundum
982 446 1245 515 cujusque
1297 444 1374 498 rei
1425 444 1736 497 domestica:
1787 452 1839 495 et
1893 440 2196 495 nobilitatis

2306 441 2323 491 θ
2354 436 2806 506 Καντακουξηνδς
2833 432 3144 505 αἰσχυνθεὶς
3196 430 3389 501 ἔρανον
3437 426 3573 498 βιρδς
3602 426 3712 479 τῶν
3758 425 3877 487 Βυ,

630 542 918 594 rationem.
979 540 1055 593 lta
1111 539 1285 593 tribus
1340 536 1620 589 mensibus
1676 532 1947 603 reliquum
2006 532 2193 602 templi

630 644 770 686 lCt‘ltl
780 648 829 684 m
872 640 1232 684 restauratum
1270 635 1375 683 ρει.

694 907 861 961 xxn.
900 893 1157 973 Quaenam
1230 920 1434 974 autem,
1502 909 1889 979 Agatltangelc,
1949 910 2019 963 ob
2054 909 2197 962 cala-

627 1003 829 1058 mitatis
856 1005 1307 1071 magnitudinem,
1335 1004 1539 1058 veritus
1564 1020 1631 1059 ne
1666 1006 1919 1059 homines
1948 1006 2194 1074 legerent

625 1105 679 1147 ct
720 1094 993 1159 audirent,
1032 1093 1084 1147 in
1124 1094 1369 1148 oratione
1406 1104 1495 1148 tua
1532 1096 1787 1149 omisisti.
1818 1096 2005 1164 Neque
2048 1096 2193 1149 enim

629 1188 857 1256 majora,
895 1196 955 1238 ut
986 1186 1117 1238 mihi
1150 1185 1566 1256 videtur,qnant
1590 1204 1711 1257 qum
1734 1199 1835 1243 ate
1871 1190 2014 1242 dicta
2044 1196 2191 1253 sunt,

630 1292 807 1344 neque
847 1277 1204 1330 insolentiora
1255 1287 1483 1345 possunt
1525 1278 1652 1333 dici.
1690 1280 1894 1334 Tamen
1928 1281 2197 1349 parsimo-

628 1369 716 1420 nia
768 1368 1000 1436 quadam
1056 1368 1323 1423 orationis
1359 1358 1526 1422 unum
1561 1370 1646 1424 vel
1696 1370 1807 1423 duo
1832 1385 2032 1425 .corum
2073 1387 2193 1438 qua:

629 1460 765 1513 levia
814 1470 941 1513 sunt
978 1461 1136 1514 velim
1182 1462 1313 1513 mihi
1354 1476 1598 1523 enarres,
1650 1477 1718 1515 ne
1766 1462 1926 1528 longo
1976 1462 2195 1516 silentio

626 1551 866 1601 animum
922 1550 975 1602 in
1029 1552 1401 1618 suspicionem
1463 1553 1691 1606 inducas
1736 1568 1911 1621 neque
1948 1554 2197 1624 longiore

626 1642 874 1695 oratione
918 1658 1082 1697 aures
1114 1644 1390 1698 audientis
1423 1644 1713 1699 obtundas.

696 1841 883 1896 )tXlll.
907 1844 1144 1896 Primum
1174 1844 1357 1913 igitur,
1392 1844 1577 1899 divine
1608 1846 1708 1907 vir,
1733 1847 1924 1900 audias
1946 1864 2030 1901 me
2067 1867 2191 1904 nar-

628 1948 836 1990 rantem
868 1936 935 1989 de
960 1935 1209 1988 Barbaris
1242 1934 1347 1987 illis
1373 1936 1486 2002 qui,
1513 1936 1951 2005 quandocunque
1982 1940 2194 2004 volunt,

625 2046 748 2083 cum
782 2043 992 2081 summa
1027 2027 1302 2081 hilaritate
1347 2028 1776 2097 progrediuntur
1817 2030 1868 2082 in
1892 2031 2106 2098 Tegias,
2138 2041 2198 2085 nt

631 2122 907 2193 mysteriis
934 2120 1343 2189 superstitionis
1374 2120 1553 2188 impia:
1593 2121 1837 2189 prwsint,
1872 2129 1926 2174 et
1958 2122 2195 2177 dissolu-

622 2226 737 2269 tam
758 2196 1215 2283 'inconditamquc
1248 2212 1417 2267 vitam
1446 2223 1612 2282 agunt
1643 2213 1984 2279 indulgendo
2018 2216 2196 2269 ventri

626 2318 682 2363 et
709 2306 1020 2360 vinolentia:
1053 2316 1109 2359 et
1145 2304 1409 2373 quidquid
1436 2304 1736 2373 cupiditate
1765 2307 1993 2360 excitari
2033 2309 2196 2364 solet.

632 2399 695 2453 lli
735 2400 901 2468 igitur
934 2411 1058 2450 cum
1113 2397 1166 2449 in
1206 2396 1409 2464 templo
1450 2396 1596 2463 quod
1647 2396 1700 2448 in
1753 2396 1961 2451 aedibus
2031 2401 2199 2468 regiis

627 2499 714 2543 est
788 2502 941 2541 sacra
999 2486 1255 2555 mysteria
1306 2484 1503 2537 facmri
1565 2486 1695 2546 sint,
1754 2484 1806 2537 in
1852 2485 2010 2539 atriis
2054 2487 2198 2539 nuda

620 2596 750 2634 cum
816 2578 1109 2631 saltationc
1186 2575 1467 2628 incondita
1544 2575 1788 2628 carmina
1857 2584 1913 2628 et
1970 2576 2199 2645 hymnos

626 2673 919 2729 Maliometi
968 2680 1193 2725 canunt.
1243 2668 1455 2733 Quibus
1485 2666 1644 2735 203
1678 2668 1845 2722 rebus
1912 2669 2086 2736 magis
2132 2668 2199 2722 ad

626 2779 747 2818 sese
800 2776 961 2830 quant
1015 2758 1081 2813 ad
1137 2756 1427 2825 Evangelia
1486 2757 1760 2810 audienda
1825 2758 2050 2812 trahunt
2104 2768 2201 2811 aut

627 2868 818 2907 onmes
870 2861 965 2906 aut
1014 2850 1309 2903 nonnullos
1360 2864 1549 2903 eorum
1606 2850 1700 2918 qui
1760 2849 1832 2904 ibi
1885 2850 2200 2920 congregati

628 2953 781 2999 sunt.
812 2945 1013 2998 Eodem
1061 2941 1223 2995 modo
1254 2940 1319 2994 ad
1358 2942 1561 3010 regiam
1606 2955 1847 2995 mensam
1880 2942 2202 3013 plerumque

627 3036 871 3108 cymbala
893 3034 1157 3089 adbibere
1178 3043 1231 3088 et
1255 3032 1467 3087 ludicra
1492 3033 1855 3088 instrumenta
1880 3044 1934 3088 ct
1956 3036 2199 3092 carmina

632 3128 798 3195 impia
834 3128 1037 3180 solent.

2301 532 2537 593 ζαντίων
2569 528 2785 581 κελεύει
2845 524 3271 596 συμφορηθῆνσι
3296 520 3417 600 κατ’
3441 520 3595 581 ἀξίαν
3621 518 3877 571 ἑκάστων

2300 628 2406 678 τῶν
2420 641 2479 675 τε
2501 624 2643 693 μάλα
2660 622 2928 674 πλουσίων
2944 621 3038 673 xui
3064 620 3161 688 μὴ,
3176 618 3269 669 xui
3293 615 3401 669 τῶν
3422 612 3621 683 μᾶλλον
3638 609 3873 673 ἐνδόξων

2298 717 2394 768 καὶ
2426 718 2521 784 μὴ,
2550 716 2644 768 xui
2678 712 2850 774 οὕτως
2893 714 2949 763 ἐν
2980 711 3130 777 τρισὶ
3162 709 3293 778 μησὶ
3321 705 3497 759 καὶτὸ
3534 703 3633 773 τῆς
3659 700 3875 772 ὀροφῆς

2297 807 2389 860 τοῦ
2431 806 2534 856 νεὼ
2560 804 2879 871 λειπόμενον
2906 799 3304 852 ἐκτετέλεσται.

2372 918 2499 972 KB’.
2537 919 2671 971 Τίνα
2711 918 2753 969 δ’
2793 892 2883 986 ἦν,
2916 908 2964 973 ,ὧ
3000 913 3130 966 καλι
3179 906 3580 978 ’Ᾱγαθάγγελε,
3633 904 3786 958 ταῦθ’
3841 904 3877 955 ε

2298 1009 2386 1064 διὰ
2437 1008 2634 1068 κακίας
2696 994 2946 1074 μέγεθος,
2982 1002 3179 1071 -φειδοῐ
3236 1000 3344 1054 τών
3374 998 3586 1069 ἀνδρῶν
3623 994 3876 1056 ἐκείνων,

2298 1104 2405 1154 τῶν
2427 1118 2485 1152 τε
2518 1102 2786 1165 λεγόντων
2814 1098 2956 1165 φημὶ
2982 1098 3072 1148 xui
3101 1095 3209 1146 τῶν
3241 1092 3574 1154 ἀκουόντων,
3612 1086 3881 1154 σιωπώσῃ

2302 1195 2671 1263 παρέπεμψας
2690 1190 2907 1259 γλώττῃ
2934 1206 2949 1255 ;
2987 1188 3117 1257 μηδὲ
3150 1187 3257 1255 γὰρ
3288 1176 3430 1236 εἶναι
3467 1184 3617 1235 δοκεῖ
3648 1194 3739 1249 μοι
3764 1179 3881 1235 τῶν

2304 1288 2471 1356 μήπω
2515 1284 2580 1353 γέ
2636 1299 2718 1334 σοι
2774 1281 3076 1351 λεχθέντων
3112 1280 3181 1330 τά
3230 1277 3493 1351 λεχθέντα
3531 1276 3668 1343 μήτε
3704 1270 3883 1349 μείζω

2303 1382 2439 1448 μήτε
2478 1378 2584 1446 μὴν
2619 1374 2964 1444 ἀτοπώτερα.
3002 1373 3192 1441 Ὅμως
3240 1369 3470 1436 ἐκλογὴν
3508 1364 3883 1433 ποιησάμενος

2305 1472 2369 1524 σύ
2404 1488 2465 1539 γε
2495 1468 2750 1521 κάκεῖθεν
2785 1465 3041 1536 μετρίαν,
3070 1464 3129 1517 ἒν
3163 1463 3191 1530 ἢ
3243 1462 3338 1514 δύο
3371 1462 3480 1512 τῶν
3528 1454 3886 1523 κουφοτέρων

2302 1560 2634 1629 ἀπαγγεῖλαί
2704 1578 2793 1627 μοι
2852 1554 3368 1627 προθυμήθητι.ὠς
3420 1553 3495 1620 μὴ
3554 1545 3886 1601 ἀποκναίειν

2308 1639 2442 1722 μήτε
2487 1653 2675 1721 μακρᾷ
2708 1652 2831 1718 σιγῇ
2868 1654 2967 1711 τὰς
3020 1649 3175 1716 ἡμῶν
3207 1645 3461 1707 ὑπονοίας
3493 1643 3630 1713 μήτε
3670 1655 3887 1710 μακρο-

2232 1787 2273 1839 n
2306 1747 2483 1815 τέροις
2514 1744 2693 1809 λόγοις
2727 1742 2826 1802 τὰς
2857 1739 3010 1808 ήμῶν
3042 1738 3233 1800 ἀκοάς.

2372 1858 2498 1910 Kl".
2533 1857 2641 1909 Καὶ
2687 1856 2784 1923 μὲν
2815 1854 2879 1922 δὴ
2921 1867 3138 1918 πρωτον
3171 1852 3314 1903 ἔστω
3364 1868 3469 1913 σοι,
3510 1849 3632 1901 θεία
3670 1864 3759 1915 μοι
3788 1861 3887 1897 κε-

2300 1948 2466 2016 φοιλὴ,
2507 1946 2642 2015 πρὸς
2690 1945 2955 2014 ἀκρόασιν
3000 1945 3061 1995 τὸ
3097 1944 3228 2011 περὶ
3267 1942 3377 1994 τῶν
3405 1939 3698 2011 βαρϐάρων
3739 1936 3886 1988 ἐκεί-

2300 2055 2429 2097 νων,
2488 2037 2537 2088 οἳ
2578 2037 2844 2104 διηνεκῶς
2886 2034 2980 2086 καὶ
3034 2032 3434 2101 ὅτεβούλοιντο
3488 2030 3625 2099 μετὰ
3674 2026 3883 2093 πολλῆς

2301 2130 2622 2198 κωμάζουσι
2655 2128 2755 2193 τῆς
2817 2126 3102 2196 ῥᾳστώνης
3145 2126 3223 2186 είς
3262 2123 3330 2175 τὰ
3363 2122 3635 2198 βασίλεια,
3670 2134 3884 2190 μυστα-

2300 2196 2472 2287 γωγοὶ
2510 2218 2605 2269 xui
2653 2216 2907 2286 πρόεδροι
2958 2214 3055 2283 τῆς
3093 2213 3322 2275 ἀσεϐοῦς
3354 2196 3654 2282 θρησκείας
3701 2209 3887 2270 ὄντες,

2302 2306 2396 2357 καὶ
2453 2302 2567 2372 βίον
2603 2303 2723 2372 μὲν.
2753 2304 2827 2365 ὡς
2859 2304 3045 2370 φασὶν,
3074 2302 3307 2354 ἄσκευόν
3340 2318 3398 2353 τε
3436 2301 3529 2351 xui
3569 2299 3747 2365 ἄζυγα
3780 2296 3880 2366 βό-

2302 2413 2545 2460 σκοντες,
2576 2397 2776 2464 γαστρὶ
2796 2396 2850 2447 δέ
2879 2394 3099 2447 πάντων
3142 2395 3378 2461 μάλιστα
3405 2392 3753 2451 δουλεύοντες
3786 2388 3889 2441 καὶ

2300 2485 2707 2554 ἀκρατοποσίας
2739 2484 3067 2555 ἡττώμενοι,
3100 2486 3194 2537 xui
3223 2486 3323 2536 ὃσα
3358 2485 3416 2536 τὸ
3455 2482 3551 2550 τῆς
3579 2477 3887 2547 ἐπιθυμίας

2301 2583 2601 2634 ἀκόλαστον
2639 2580 2961 2647 ἁναφλέγει.
3013 2574 3176 2632 Οὗτοι
3216 2579 3396 2629 τοίνυν
3448 2574 3751 2645 μελλούσης
3778 2573 3886 2641 τῆς

2306 2677 2454 2744 ἱερᾶς
2482 2674 2761 2726 τελεῖσθαι
2799 2674 3191 2741 μυσταγωγίας
3225 2672 3282 2723 ἐν
3335 2670 3412 2738 τῷ
3449 2668 3559 2722 τῶν
3594 2665 3888 2736 βασιλείων

2303 2766 2459 2829 ἐκτδς
2506 2765 2637 2835 ἱερῷ
2668 2767 2912 2833 τεμένει,
2946 2764 3142 2833 χοροὺς
3195 2762 3453 2821 ἱστώντες
3486 2761 3688 2812 ἐκεῖνοι
3732 2758 3886 2824 παρὰ

2302 2857 2399 2917 τὰς
2433 2853 2739 2924 βασιλείους
2772 2852 2941 2915 αὐλὰς
3005 2851 3295 2920 ἀντᾴδουσί
3344 2866 3403 2901 τε
3450 2849 3551 2918 τὴν
3602 2847 3886 2915 γυμνικὴν

2303 2947 2520 3016 ἐκείνην
2553 2946 2877 3016 ὀρχούμενοι
2922 2944 3171 3013 ὗρχησιν,
3210 2942 3304 2994 xui
3343 2940 3577 3009 ἀσήμοις
3613 2939 3885 3005 κλαγγαῖς

2304 3040 2403 3101 τὰς
2434 3037 2529 3089 τοῦ
2566 3036 2815 3103 Μωάμεθ
2848 3033 3160 3087 muscam
3185 3033 3327 3103 ᾠδὰς
3359 3033 3456 3084 xui
3485 3031 3613 3092 τοὺς
3653 3029 3884 3098 ὕμνους,

2230 3120 2276 3182 C
2309 3125 2475 3198 δι’,ών
2509 3131 2603 3184 xui
2646 3130 3001 3183 ἀνθέλκουσιν
3033 3128 3170 3196 πρὸς
3196 3125 3295 3195 τὴν
3327 3125 3537 3177 ἑαυτῶν
3576 3122 3780 3192 μᾶλλον
3828 3124 3889 3173 ἀ-

630 3222 857 3292 κρόασιν
886 3222 917 3292 ἢ
950 3223 1044 3291 τὴν
1070 3221 1179 3275 τῶν
1203 3221 1361 3274 θείων
1393 3222 1742 3291 Εὐαγγελίων
1772 3223 1901 3276 ποτὲ
1966 3225 2065 3293 μὲν
2125 3227 2330 3293 πάντας
2361 3228 2568 3292 ἁπλῶς,
2619 3227 2751 3279 ποτὲ
2800 3225 2843 3278 δ’
2915 3224 3088 3286 ἐνίους
3136 3222 3247 3275 τῶν
3292 3220 3675 3290 ἠθροισμένων
3742 3220 3882 3275 ἐκεῖ.

630 3315 705 3369 Τὸ
734 3316 779 3367 δ’
818 3315 950 3365 αὐτὸ
977 3316 1071 3367 xui
1101 3316 1229 3383 περὶ
1268 3316 1367 3384 τήν
1395 3313 1669 3384 βασίλειον
1702 3318 1987 3386 τράπεζαν
2013 3320 2211 3388 δρῶσιν
2254 3322 2328 3383 ώς
2368 3323 2437 3374 τὰ
2492 3320 2663 3373 πολλά
2708 3321 2847 3390 μετά
2896 3334 2958 3385 γε
3000 3316 3063 3389 [Γ.
3110 3316 3208 3371 112
3242 3313 3315 3386 1.]
3357 3312 3421 3383 δή
3461 3312 3760 3381 κυμϐᾰλων
3788 3318 3888 3369 xui

631 3404 943 3474 θυμελικῶν
977 3402 1227 3473 ὀργάνων
1274 3404 1367 3456 xui
1399 3403 1687 3473 ᾀσμάτων,
1723 3406 1896 3457 όπΰσα
1938 3408 2049 3469 τοῖς
2077 3409 2338 3462 ἀσεϐέσιν
2378 3410 2634 3463 εἴθισται.

701 3518 892 3575 XXIV.
934 3516 1049 3572 lloc
1095 3532 1263 3571 unum
1290 3533 1319 3571 a
1354 3534 1438 3572 tne
1466 3520 1645 3573 obiter
1674 3519 1882 3574 dictum
1920 3523 2013 3576 sit.
2059 3520 2208 3576 Reli—

634 3626 803 3682 quum
836 3617 919 3663 est
953 3608 1024 3661 ob
1054 3623 1327 3661 aerumnas
1359 3624 1421 3662 ac
1456 3610 1673 3664 labores
1711 3612 2077 3691 barbarorum
2112 3629 2208 3667 co-

635 3704 755 3773 pias
797 3716 861 3755 ex
905 3700 1154 3770 Bithynia
1209 3700 1261 3753 in
1296 3700 1569 3769 Eumpam
1623 3701 1898 3770 proﬁcisci
1943 3706 2207 3771 noluisse,

634 3808 737 3849 nec
773 3793 1157 3849 Cantaeuzcno
1195 3793 1305 3861 regi
1338 3806 1461 3845 cum
1492 3794 1559 3845 ad
1598 3809 1655 3849 se
1685 3805 1909 3849 vocaret
1945 3810 2003 3850 se
2029 3796 2210 3866 appli-

584 3918 587 3921 ν
637 3892 873 3938 catnras.
929 3880 1046 3945 Qua
1122 3895 1179 3934 re
1245 3881 1335 3935 ille
1387 3892 1635 3947 coactus,
1686 3891 1896 3939 turmas
1958 3885 2209 3940 mercede

644 3971 950 4025 conductas
994 3985 1118 4024 cum
1156 3971 1479 4027 mulieribus
1525 3984 1581 4028 ct
1615 3975 1809 4030 liberis
1846 3978 1900 4030 in
1931 3977 2207 4047 Europam

638 4062 1054 4131 transportavit,
1080 4077 1201 4131 quae
1236 4063 1283 4117 ei
1316 4063 1445 4118 visa:
1468 4076 1596 4119 sunt
1627 4081 1746 4121 esse
1784 4070 2130 4124 munimento
2154 4080 2211 4125 ct

640 4154 898 4207 terriculo
920 4154 1218 4224 Palteologo
1236 4170 1437 4223 genero
1457 4165 1712 4227 tanquam
1732 4158 2001 4230 Gorgonis
2020 4160 2208 4217 facies.

638 4243 909 4299 Triballos
954 4244 1243 4314 llysosque
1271 4246 1325 4299 in
1356 4248 1647 4303 nonnullas
1680 4247 2011 4307 Chersonesi
2044 4254 2211 4309 urbes

630 4340 1056 4410 transportavit,
1096 4340 1141 4392 si
1190 4339 1331 4394 forte
1365 4356 1431 4395 ex
1485 4343 1552 4396 iis
1600 4352 1785 4397 essent
1823 4347 1915 4415 qui
1953 4346 2087 4400 socii
2123 4346 2207 4400 sui

638 4432 692 4484 in
730 4430 874 4484 bello
901 4445 1026 4484 esse
1061 4429 1266 4484 vellent
1298 4438 1356 4483 ut
1397 4431 1674 4486 Romanos
1711 4434 1835 4488 illos
1875 4436 2109 4490 miseros
2155 4436 2208 4490 in

637 4520 904 4574 servitute
960 4522 1263 4575 retinerent
1318 4523 1577 4577 mandato
1630 4524 1775 4593 regis
1819 4540 1883 4580 ac
1932 4526 2212 4583 voluntate

638 4612 831 4682 adiuti.
880 4611 1032 4667 Unde
1068 4622 1323 4681 tanquam
1356 4628 1420 4667 ex
1460 4612 1828 4670 munitissimo
1860 4618 2211 4686 receptaculo

636 4705 843 4775 egressi
885 4704 1188 4772 proximam
1227 4703 1477 4759 Thraciae
1512 4715 1723 4774 partem
1760 4708 2052 4761 vastabant
2083 4710 2211 4764 sub-

2387 3526 2508 3582 KA'.
2552 3529 2649 3579 Ἐν
2705 3524 2897 3594 μὲνδὴ
2950 3520 3113 3575 τοῦτο
3170 3517 3415 3583 σιίιωδιῖις
3472 3521 3713 3591 εἰρήσθω
3759 3536 3889 3589 μοι·

2310 3619 2565 3689 δεύτερον
2599 3622 2643 3672 δ’
2670 3621 2753 3671 ὅτι
2805 3620 2899 3670 xui
2927 3617 3013 3668 διὰ
3044 3615 3105 3668 τὸ
3137 3614 3479 3683 πολύμοχθόν
3511 3631 3570 3667 τε
3596 3617 3693 3666 xui
3725 3614 3895 3668 πολυ-

2313 3708 2539 3778 ἀσχολον
2569 3710 2638 3761 τά
2667 3708 2777 3761 τῶν
2826 3706 3117 3777 βαρῇάρων
3155 3704 3495 3775 στρατόπεδα
3533 3704 3897 3774 διαπεραιοῦν

2314 3802 2441 3853 σθαι
2476 3802 2700 3870 συχνότε
2715 3816 2807 3871 ρον
2836 3799 2972 3869 πρὸς
3004 3796 3279 3868 Εὐρώπην
3304 3798 3368 3849 ἐκ
3399 3796 3654 3859 Βιθυνίας
3677 3797 3898 3866 ἀπηγο-

2316 3893 2577 3962 ρεύκασιν
2614 3892 2734 3961 ήδη,
2764 3892 2859 3943 xui
2895 3890 3087 3944 οὐκέτι
3120 3886 3379 3941 καλοῦντι
3400 3887 3483 3957 ’τῷ
3510 3887 3728 3957 βασιλεῖ
3748 3888 3899 3941 Καν-

2312 3984 2638 4053 τακουζηνῷ
2667 3982 2960 4053 προσέχειν
2992 3982 3206 4049 ἔφασαν
3235 3977 3394 4043 αὖθις
3431 3982 3522 4034 τὸν
3571 3978 3698 4033 νοῦν
3721 3995 3737 4010 ·
3767 3981 3899 4033 ὅθεν

2286 4100 2287 4103 η
2313 4073 2732 4141 ἀναγκασθέντα
2761 4071 2951 4125 τοῦτον
2978 4071 3212 4137 λογάδας
3264 4069 3478 4122 ἐκεῖθεν
3509 4069 3899 4137 μισθώσασθαι

2312 4182 2373 4218 τε
2415 4165 2509 4217 xui
2544 4165 2662 4234 ἅμα
2689 4166 2906 4232 γυναιξί
2928 4183 2985 4218 τε
3018 4166 3114 4220 xui
3138 4166 3352 4227 τέκνοις
3379 4163 3461 4225 εἰς
3491 4161 3769 4232 Εὐρώπην
3794 4180 3894 4230 με-

2312 4260 2614 4325 τενεγκεῖν,
2652 4258 2885 4321 ὁπόσους
2932 4259 3275 4330 ἀποχρήσειν
3319 4257 3498 4322 ἔδοξεν
3547 4257 3629 4319 είς
3682 4257 3902 4311 ἐπιτεί-

2314 4368 2488 4421 χισμα
2518 4353 2613 4404 xui
2646 4350 2921 4421 φόϐητρόν
2976 4353 3097 4406 ἀντὶ
3122 4350 3387 4423 Γοργόνρς
3416 4349 3583 4419 ἄλλης
3620 4348 3717 4404 τοῦ
3742 4366 3902 4420 γαμ-

2316 4443 2447 4511 ϐροῦ
2493 4443 2882 4510 Παλαιολόγου,
2928 4444 3019 4497 xui
3050 4445 3104 4497 εἴ
3132 4460 3217 4507 τις
3245 4436 3441 4513 ἐκέίνῳ
3473 4442 3718 4512 βούλοιτο
3754 4461 3902 4517 συμ-

2319 4536 2513 4603 μαχεῖν
2557 4537 2623 4586 ἐκ
2655 4533 2973 4599 Τριϐαλλῶν
3009 4536 3104 4589 καὶ
3134 4534 3357 4587 Μυσῶν.
3406 4534 3518 4587 Καὶ
3556 4532 3759 4595 αὐτοὺς
3786 4536 3903 4588 τῶν

2316 4627 2375 4677 ἐν
2417 4623 2985 4697 Χερρονήσῳ”πόλεων
3018 4626 3279 4689 ἐνοικίζει
3314 4626 3475 4691 τισὶν,
3525 4626 3601 4692 ὡς
3650 4628 3745 4679 xui
3774 4627 3903 4679 δού-
3962 4638 3969 4639 '

2315 4718 2430 4781 λοις
2454 4719 2761 4787 διηνεκέσιν
2795 4718 2895 4788 ήδη
2947 4717 3253 4788 κεχρῆσθαι
3285 4717 3599 4771 παντάπασι
3628 4720 3743 4781 τοῖς
3776 4720 3904 4772 ἐκεῖ

590 4795 1029 4867 Δ,Ῑὶοἰιξι)ιιιιι(ιιι‹ε.
1095 4794 1211 4849 Jam
1277 4810 1408 4851 vero
1464 4796 1696 4867 llyrcani
1766 4797 1911 4852 [ilius
1960 4800 2052 4868 qui
2111 4816 2202 4869 per

2318 4808 2693 4878 ταλαιπώροις
2729 4805 3042 4876 Ῥωμαίοις,
3086 4808 3187 4876 τῆς
3220 4807 3463 4877 ἐφέσεως
3498 4808 3903 4876 συνειληφότας

640 4895 1051 4965 Hellespontum
1087 4893 1365 4962 profectus
1392 4903 1511 4948 erat
1556 4905 1811 4964 tanquam
1848 4896 1899 4948 in
1935 4896 2205 4951 coloniam

558 4984 561 4985 ⁷
637 4998 694 5043 et
726 4986 956 5055 patriam
982 4995 1187 5039 terrain
1224 4985 1473 5039 habitare
1526 4987 1600 5040 ibi
1651 5002 1776 5041 cum
1830 4988 2084 5043 Barbaris
2113 4991 2205 5058 qui

638 5080 805 5149 paulo
867 5087 993 5131 ante
1055 5078 1161 5129 huc
1192 5086 1453 5131 venerant
1503 5094 1559 5132 se
1594 5095 1750 5146 posse
1801 5080 2052 5148 putabat.
2082 5081 2212 5147 Qum

642 5183 774 5221 vero
809 5177 1112 5234 sequuntur
1148 5176 1208 5219 ut
1253 5169 1508 5235 prudenti
1540 5169 1740 5236 cuique
1776 5170 2071 5224 admodum
2118 5186 2211 5227 co-

640 5257 813 5328 gnita,
847 5258 891 5310 si
948 5258 1208 5321 volueris,
1248 5258 1459 5313 tacebo.
1518 5260 1681 5330 204
1736 5262 1870 5315 Nam
1932 5273 1991 5316 ut
2043 5264 2210 5318 certis

640 5350 949 5404 rationibus
999 5351 1262 5420 conjictas
1293 5366 1355 5405 ca
1401 5368 1523 5421 quae
1570 5355 1792 5407 silentio
1845 5359 2207 5423 praetermissa

640 5448 770 5490 sunt
795 5437 972 5507 qualia
1007 5439 1116 5492 sint
1152 5439 1310 5493 facile
1345 5451 1393 5494 te
1415 5453 1796 5497 assecuturum
1830 5435 1983 5512 puto,
2008 5448 2050 5499 si
2086 5464 2208 5516 quae

639 5529 783 5581 dicta
818 5538 941 5581 sunt
977 5529 1147 5598 probe
1185 5530 1451 5593 audieris,
1478 5532 1579 5585 etsi
1608 5533 1911 5601 asperrima
1942 5547 2068 5588 sunt
2100 5538 2209 5590 for-

639 5617 781 5670 sitan
838 5634 959 5687 qttze
1018 5619 1276 5673 Callistus
1340 5620 1394 5675 in
1450 5620 1897 5680 Cantacuzenum
1958 5627 2210 5684 invectas

636 5710 989 5767 acerbissime
1021 5714 1286 5769 evomuit.

2317 4903 2611 4971 ἐπίκουρον
2648 4900 2746 4971 ήδη
2780 4900 2963 4953 καὶτὸ
3000 4900 3094 4953 τοῦ
3149 4900 3415 4971 βασιλέως
3448 4901 3750 4971 ἐνδόσιμον,
3790 4902 3902 4970 ἀρ’

2320 4987 2394 5047 ὧν
2424 4995 2497 5053 ὡς
2525 4993 2582 5057 ἐξ
2610 4993 2954 5062 όρμητηρίου
2986 4993 3172 5045 λοιπόν
3216 4992 3496 5061 ἀσφαλοῦς
3534 4995 3771 5059 ἐξιόντες
3804 4997 3891 5047 xu‘

2320 5085 2419 5153 τὴν
2443 5084 2570 5153 ἑξῆς
2591 5086 2679 5136 ἀεὶ
2708 5084 2986 5154 ληΐζονταί
3018 5100 3076 5134 τε
3108 5085 3203 5137 xui
3228 5084 3614 5138 ὑποποιοῦνται
3646 5086 3901 5155 Θρᾴκην.

2325 5166 2467 5243 Ἰιδη
2497 5176 2552 5229 δὲ
2601 5179 2694 5227 xui
2728 5176 2756 5227 ὁ
2796 5174 2891 5226 τοῦ
2935 5176 3206 5245 Ὑρκανοῦ
3244 5179 3369 5238 παῖς
3416 5175 3491 5239 ὡς
3538 5179 3617 5239 είς
3668 5177 3806 5229 ἰδίαν
3836 5181 3905 5231 ἀ·-

2320 5268 2543 5319 ποικίαν
2568 5268 2659 5319 xui
2701 5266 2937 5335 πατρίαν
2969 5266 3074 5334 γῆν
3110 5267 3303 5329 διαϐὰς
3340 5268 3432 5319 τὸν
3472 5268 3899 5335 Ἑλλήσποντον,

2322 5359 2598 5409 συνοικεῖν
2662 5360 2779 5409 ἐκεῖ
2843 5358 2954 5418 τοῖς
3014 5358 3181 5426 ὀλίγῳ
3244 5360 3508 5427 πρότερον
3582 5357 3907 5428 ἐληλυθόσιν

2322 5449 2503 5515 ἔκρινε
2530 5449 2640 5501 δεῖν
2671 5449 2907 5510 ἐκείνοις
2932 5448 3250 5518 βαρϐάροις.
3271 5450 3350 5503 Τὰ
3376 5449 3424 5503 δ’
3454 5451 3579 5519 ἑξῆς
3607 5450 3687 5513 ὡς
3715 5452 3905 5522 ἥκιστ’

2317 5538 2491 5606 ἄδηλα
2523 5538 2630 5592 τῶν
2665 5539 2902 5593 συνετῶν
2933 5540 3163 5609 οὐδέσιν,
3199 5544 3247 5595 εί
3289 5542 3501 5611 βούλοιο
3548 5544 3635 5609 σὺ,
3683 5546 3905 5616 σιωπή-

2320 5647 2520 5698 σομαιο
2551 5633 2861 5705 ἀποχρῆναι
2896 5621 3002 5705 γάρ
3045 5632 3199 5707 οἶμαι
3249 5640 3343 5691 καὶ
3392 5638 3490 5709 τὴν
3531 5640 3642 5693 τῶν
3680 5657 3908 5695 σιωπω-

2322 5721 2496 5788 μένων
2532 5724 2863 5794 συμϐάλλειν
2897 5728 3145 5784 ἐντεῦθεν
3197 5730 3458 5800 ποιότητα
3501 5732 3910 5803 λογικωτέραις
