4146 6302
654 306 760 375 247

1831 306 2250 369 NICEPHORI
2292 307 2676 374 GREGORE

3796 310 3909 375 248

727 420 837 476 Vil.
878 418 1065 477 Tertio
1117 421 1239 476 loco
1288 419 1665 491 deprehensus
1707 436 1768 476 es
1811 422 2045 491 epinans
2092 422 2221 476 sub-

2400 424 2475 491 Z'.
2518 427 2717 496 Τρίτον
2739 425 2796 480 δὲ
2822 426 2905 479 ὅτι
2938 426 3034 478 καὶ
3062 426 3161 488 τὰς
3192 424 3345 477 θείας
3381 420 3712 484 ὑποστάσεις
3739 420 3910 472 ἀνω.»⁹

655 516 887 569 stantias
922 515 1136 569 divinas
1160 517 1398 569 essentia
1424 530 1629 577 carere,
1662 524 1722 568 ut
1749 514 1916 567 etiam
1976 528 2223 583 smpenu-

654 620 808 659 mero
840 608 948 675 jam
981 612 1160 671 antea,
1210 606 1280 659 ita
1320 614 1377 658 ut
1427 606 1745 661 substantia:
1797 604 1894 659 tibi
1933 604 2223 657 videantur

656 710 761 749 non
794 695 1065 750 substare.
1092 696 1243 761 Quod
1276 698 1423 750 enim
1446 697 1681 751 essentia
1701 704 1871 757 caret,
1898 697 2225 750 substantia}

650 786 813 839 etiam
846 798 930 843 est
960 803 1181 856 expers,
1209 798 1263 843 et
1290 791 1560 857 sequitur,
1607 799 1684 853 ut,
1733 790 1775 839 si
1829 788 1951 842 illas
2004 804 2223 857 quoque

652 879 967 935 divinitates
1000 882 1237 935 essentia
1277 889 1529 935 carentes
1593 881 1646 933 in
1702 896 1993 934 numerum
2042 880 2225 935 inﬁni-

655 981 766 1023 tum
798 971 1147 1026 divinitatum
1202 973 1571 1026 increaturam
1610 971 1847 1038 dividas,
1884 974 2224 1026 substantias

648 1061 842 1115 eodem
886 1063 1049 1116 modo
1078 1077 1197 1117 esse
1235 1062 1439 1117 divisas
1478 1062 1725 1131 opineris
1758 1080 1772 1115 :
1806 1072 1863 1117 et
1898 1063 2044 1132 quod
2080 1078 2223 1133 same

650 1154 897 1209 scribens
932 1155 1314 1224 deprehensus
1363 1171 1442 1217 es,
1488 1171 1594 1209 non
1644 1157 1821 1211 solum
1878 1158 2045 1210 trium
2096 1159 2223 1210 sub-

650 1246 997 1309 stantiarum,
1026 1261 1145 1300 esse
1172 1254 1423 1300 naturam
1450 1246 1715 1311 divinam,
1747 1249 1841 1300 sed
1872 1248 2029 1316 281
2057 1249 2222 1302 etiam

652 1334 969 1398 multarum,
1006 1337 1139 1392 illud
1173 1338 1263 1393 ltie
1294 1354 1516 1409 quoque
1547 1354 1713 1393 ausus
1736 1347 1819 1394 cst
1853 1340 2061 1403 dicere,
2099 1355 2222 1393 cum

649 1434 705 1479 et
753 1428 1093 1484 substantias
1141 1430 1394 1486 essentia:
1446 1438 1501 1487 et
1545 1430 1862 1486 divinitates
1900 1431 2225 1485 substantia:

649 1530 901 1587 expertas
930 1525 1231 1579 venereris.
2006 1533 2011 1539 ‘

719 1611 856 1663 Vill.
893 1612 1157 1677 Quartum
1196 1632 1320 1670 cum
1362 1627 1417 1673 et
1462 1619 1687 1673 homine
1719 1630 1775 1675 et
1816 1619 1999 1688 lapide
2032 1636 2223 1674 exem-

648 1703 751 1770 plis
783 1705 954 1760 utaris
991 1716 1045 1760 et
1097 1710 1419 1776 contendas,
1478 1713 1777 1767 essentiam
1825 1713 2222 1782 comprehendi

648 1810 771 1847 cum
805 1796 891 1859 iis,
923 1812 1045 1865 qua:
1076 1800 1128 1853 in
1154 1816 1216 1854 ea
1262 1811 1561 1856 cernantur
1607 1804 1843 1858 naturali
1904 1804 2089 1868 modo,
2128 1805 2223 1857 de-

650 1885 952 1951 prehensus
999 1903 1056 1942 es
1085 1905 1252 1957 porro
1297 1891 1528 1945 credens
1581 1892 1947 1947 accidentium
1999 1906 2220 1960 quoque

648 1982 1193 2048 comprehensionem
1236 1998 1358 2038 esse
1403 1984 1551 2038 illam
1599 1986 1896 2039 essentiam
1948 1984 2216 2047 divinam,

648 2071 794 2124 velut
816 2072 871 2125 in
896 2072 1077 2141 lapide
1104 2089 1134 2128 a
1171 2085 1220 2128 te
1249 2075 1478 2145 jactato,
1510 2077 1603 2145 qui
1635 2077 1983 2146 gravitatem,
2016 2076 2213 2144 frigus,

645 2160 905 2224 colorem,
923 2162 1342 2232 longitudinem,
1364 2164 1736 2226 latitudinem,
1758 2163 2219 2231 altitudinemque

644 2264 701 2305 et
739 2267 1081 2323 quascunque
1118 2254 1387 2324 ejusmodi
1417 2256 1643 2326 cogitari
1674 2263 1919 2323 possunt,
1950 2257 2240 2317 continet,-

646 2346 698 2398 id
732 2346 877 2413 quod
910 2347 1075 2401 etiam
1108 2349 1266 2416 pejus
1304 2356 1387 2403 est
1415 2348 1647 2402 stultitia
1676 2350 1883 2416 priore.

716 2436 806 2490 1K.
852 2439 1022 2492 Porro
1056 2440 1313 2507 quintum
1338 2440 1566 2494 stultum
1596 2441 1877 2508 illud,quo
1909 2440 2069 2494 etiam
2091 2456 2222 2493 con-

647 2533 827 2584 firmas
867 2531 1228 2601 ignorantiam
1273 2540 1420 2585 tuam
1468 2541 1523 2584 et
1564 2532 1859 2584 multorum
1913 2533 2218 2585 doctrinam

645 2624 873 2676 deorum
904 2623 1257 2691 perversione
1285 2622 1559 2675 dictorum
1582 2621 1864 2675 Athanasii
1902 2622 2103 2689 magni.
2135 2620 2216 2674 Ad

648 2732 813 2769 unum
843 2715 988 2769 enim
1022 2714 1113 2769 ille
1140 2716 1273 2769 dicit
1306 2716 1501 2769 referri
1542 2715 1634 2768 illa
1672 2725 1748 2768 tot
1781 2715 2018 2774 nomina,
2058 2713 2221 2767 nimi-

646 2824 765 2863 rum
804 2808 869 2861 ad
900 2809 1219 2863 essentiam.
1261 2808 1342 2862 Tu
1369 2818 1549 2863 autem
1587 2809 1911 2877 imprudens
1945 2817 2135 2862 contra
2169 2820 2220 2863 te

645 2899 876 2954 attulisti
908 2914 1069 2967 quem
1106 2914 1205 2967 pro
1248 2908 1297 2953 te
1329 2892 1594 2955 allaturos
1617 2916 1760 2955 eras.
1800 2902 1933 2955 Tam
1979 2902 2132 2956 rudis
2160 2915 2221 2954 es

645 2991 880 3044 etvalde
916 2991 1173 3044 incultus.
1224 2991 1428 3045 Deinde
1481 3001 1536 3044 et
1596 2994 1879 3047 materietn
1928 3004 1982 3047 et
2036 2992 2223 3062 exple-

2335 519 2484 579 σίους
2528 514 2669 573 εἶναι
2717 517 2955 582 δοξάζων
3012 518 3207 578 ἑάλως,
3260 516 3452 585 ὥσπερ
3503 513 3601 565 καὶ
3644 511 3913 571 πολλάκις

2332 612 2435 679 ήδη
2494 612 2779 679 πρότερον,
2832 612 2909 673 ὼς
2964 610 3208 677 γίνεσθαί
3272 624 3354 659 σοι
3419 605 3517 665 τὰς
3575 604 3911 663 ὑποστάσεις

2333 704 2762 787 ἀνυποστάτους.
2800 703 2873 756 Τὸ
2914 702 3018 771 γὰρ
3053 700 3305 753 ἀνούσιον
3337 697 3717 752 ἀνυπόστατον
3742 708 3759 723 ·
3810 693 3913 745 καὶ

2334 795 2522 847 λοιπὸν
2549 795 2623 857 ὡς
2643 796 2771 848 ὅταν
2797 794 2892 848 καὶ
2933 794 3033 855 τὰς
3069 793 3354 851 ἀνουσίους
3385 790 3600 849 ἐκείνας
3645 787 3913 852 θεότητας

2333 886 2411 947 εἷς
2444 887 2673 954 ἄπειρον
2717 886 2953 955 ἀριθμὸν
2999 883 3270 952 θεοτήτων
3316 881 3699 948 παραπέμππς
3746 877 3912 930 ἀκτῖ-

2334 994 2495 1041 στων,
2525 978 2855 1039 ὑποστάσεις
2882 975 3023 1029 εἶναι
3054 976 3150 1028 καὶ
3192 974 3401 1034 ταύτας
3433 970 3679 1036 δοξάζεις
3699 986 3713 999 ο
3744 970 3840 1020 καὶ
3878 968 3909 1020 ὃ

2332 1069 2591 1131 πολλάκις
2649 1070 2820 1131 ἑάλως
2846 1070 3094 1139 γράφων,
3153 1066 3226 1137 μὴ
3275 1068 3709 1136 τρισυπόστατον
3763 1058 3913 1115 εἶναι

2336 1163 2495 1229 μόνον
2548 1162 2643 1231 τὴν
2696 1163 2847 1215 θείαν
2887 1163 3070 1229 φύσιν,
3102 1160 3239 1213 ἀλλὰ
3287 1162 3381 1211 καὶ
3436 1159 3911 1214 πολυυττύστατον,

2331 1255 2493 1308 τοῦτο
2520 1255 2797 1309 κάνταῦθα
2826 1255 3192 1324 τετόλμηκας,
3228 1251 3560 1311 ὑποστάσεις
3597 1250 3695 1317 μὲν
3743 1250 3915 1300 ἀνου-

2334 1350 2502 1414 σίους,
2540 1349 2799 1417 θεότητας
2839 1348 2882 1401 δ’
2911 1348 3319 1410 ἀνυποστάτους
3351 1346 3546 1399 σέϐων.

2404 1616 2486 1668 ιι.
2524 1613 2799 1682 Τέταρτον
2855 1615 2909 1665 δὲ
2963 1615 3045 1667 ὅτι
3095 1614 3188 1666 καὶ
3238 1612 3327 1665 τὸν
3370 1612 3661 1679 ἄνθρωπον
3690 1608 3781 1662 καὶ
3820 1609 3918 1659 τὸν

2331 1704 2476 1755 λίθον
2496 1706 2574 1763 εἰς
2617 1702 2925 1770 ὑπόδειγμα
2975 1702 3179 1769 φέρων,
3212 1702 3307 1753 καὶ
3354 1699 3671 1767 ὁριζόμενος
3715 1695 3915 1747 οὐσίαν

2331 1794 2470 1849 εἶναι
2536 1796 2673 1863 μετὰ
2726 1794 2837 1847 τῶν
2899 1793 3144 1860 φυσικῶς
3200 1792 3331 1859 περὶ
3384 1790 3555 1856 αὐτὴν
3611 1787 3918 1855 ὁρωμένων

2333 1890 2893 1956 συλλαμϐανομένην,
2958 1886 3131 1945 edim;
3180 1884 3261 1937 ἔτι
3322 1885 3413 1935 καὶ
3479 1880 3922 1948 συμϐεϐηκότων

2332 1984 2594 2051 σύλληψιν
2630 1978 2764 2034 εἶναι
2797 1981 3035 2049 νομίζων
3064 1981 3243 2051 [L136
3276 1979 3351 2049 v.]
3382 1977 3482 2047 τὴν
3511 1977 3665 2030 θείαν
3691 1975 3918 2038 ἐκείνην

2329 2078 2515 2130 οὐσίαν
2540 2076 2729 2145 ὥσπερ
2770 2076 2863 2127 ἐπὶ
2894 2074 2988 2127 τοῦ
3026 2074 3430 2143 προϐληθέντος
3478 2088 3560 2122 σοι
3605 2070 3776 2128 λίθου,
3811 2068 3916 2135 βα-

2332 2182 2446 2234 ρος.
2469 2164 2807 2233 ψυχρότητα,
2839 2162 3058 2229 χρῶμα,
3097 2162 3291 2229 μῆκος,
3333 2160 3536 2220 πλάτος
3584 2158 3682 2209 καὶ
3717 2156 3909 2224 βάθος,

2331 2261 2425 2309 καὶ
2455 2258 2555 2307 ὅσα
2590 2255 2817 2307 τοιαῦτα
2847 2258 2984 2306 νοεῖν
3017 2256 3129 2323 ἔχει
3172 2270 3274 2318 τις,
3308 2252 3543 2322 ἔχοντος.
3578 2251 3643 2301 Ὃ
3684 2249 3781 2301 καὶ
3812 2246 3915 2298 τοῦ

2332 2348 2603 2418 προτέρου
2635 2349 2816 2417 χεῖρον
2846 2350 2922 2405 εἰς
2959 2346 3209 2398 ἀτοπίαν.

2401 2442 2477 2492 6'.
2540 2442 2648 2494 Καὶ
2701 2424 2957 2507 πέμπτον
2993 2438 3215 2501 ἄτοπον,
3256 2437 3340 2489 ὅτι
3392 2436 3487 2487 καὶ
3538 2435 3774 2503 βεϐαιοῖς
3807 2433 3917 2499 τὴν

2334 2532 2431 2596 σὴν
2462 2531 2704 2597 ἀμαθίαν
2741 2532 2834 2583 καὶ
2866 2529 3154 2582 πολυθεῖαν
3189 2528 3278 2580 διὸ.
3305 2527 3405 2593 τῆς
3433 2529 3566 2595 πρὸς
3607 2528 3695 2577 τὸν
3732 2524 3914 2592 μέγαν

2343 2624 2660 2676 ’Λθανάσιον
2694 2621 3085 2688 συκοφαντίας.
3130 2621 3252 2672 Ἐπὶ
3290 2621 3395 2687 γὰρ
3426 2620 3483 2671 ἒν
3522 2621 3725 2677 ἐκεῖνος
3760 2616 3915 2684 ἔχειν

2332 2720 2465 2787 φησι
2503 2719 2600 2787 τὴν
2652 2716 2931 2785 ἀναφορὰν
2976 2714 3044 2766 τὰ
3091 2714 3233 2765 οὕτω
3264 2712 3437 2764 πολλὰ
3486 2711 3595 2761 τῶν
3626 2709 3914 2777 ὀνομάτων

2331 2814 2577 2873 ἐκείνων,
2619 2812 2799 2862 εἶτουν
2838 2810 2936 2877 τὴν
2962 2807 3189 2861 οὐσίαν·
3238 2806 3301 2858 σὺ
3337 2804 3382 2857 δ’
3425 2804 3525 2855 οὐκ
3571 2801 3739 2872 ⁴ξξςθου
3766 2799 3915 2851 κατὰ

2334 2899 2561 2952 σεαυτοῦ
2602 2898 2845 2966 κομίζων
2894 2897 2952 2947 ὃν
2984 2897 3123 2963 ὑπὲρ
3161 2892 3394 2946 σεαυτοῦ
3441 2891 3746 2958 κεκόμοκας
3773 2904 3785 2915 ·
3820 2886 3919 2939 (ρῦ-

2333 3012 2438 3057 τως
2469 2992 2686 3062 ἀμαθὴς
2720 2988 2767 3044 εἷ
2800 2992 2892 3043 καί
2944 2990 3089 3059 μάλα
3118 2990 3395 3057 ἀγροῖκος.
3433 2980 3566 3036 Εἶτα
3599 2982 3694 3033 καὶ
3726 2980 3917 3049 ἄθροι-

649 3084 853 3136 tionem
889 3084 1194 3138 divinitatis
1246 3086 1360 3139 inec
1404 3087 1523 3154 ipse
1568 3087 1840 3149 nominat,
1890 3102 2001 3142 non
2037 3098 2220 3148 tamen

2334 3106 2444 3157 σμα
2476 3089 2621 3154 λέγει
2672 3089 2765 3139 καὶ
2811 3084 3089 3154 πλήρωμα
3135 3082 3391 3150 θεότητος
3426 3077 3599 3130 ταῦτα
3628 3077 3815 3137 αὐτὸς,
3847 3076 3919 3127 οὐ

2940 3176 2948 3178 Α
3010 3175 3018 3178 .
3123 3158 3153 3178 Ι
3268 3173 3278 3178 -
3546 3170 3556 3178 ι
3643 3167 3654 3178 ι
3768 3169 3778 3178 ι
3824 3167 3867 3178 .ς

648 3176 1025 3242 divinitatum,
1058 3193 1179 3246 quae
1202 3178 1271 3232 ab
1301 3180 1561 3243 essentia,
1601 3190 1660 3232 ut
1688 3191 1743 3232 tu
1783 3178 1883 3245 vis,
1908 3199 1963 3235 et
1990 3183 2135 3237 inter
2162 3199 2221 3239 se

645 3270 920 3324 diii‘erant.
954 3269 1243 3334 Quomodo
1293 3272 1437 3325 enim
1490 3271 1617 3326 talia
1672 3271 1856 3327 dicere
1900 3277 2095 3343 possit,
2128 3276 2221 3343 qui

644 3362 711 3416 ad
749 3378 919 3416 unum
950 3364 1041 3417 illa
1069 3364 1262 3418 referri
1296 3363 1724 3428 dicit,nintirum
1757 3365 1824 3419 ad
1880 3368 2177 3421 essentiam
2205 3369 2225 3421 ?

715 3452 786 3508 Χ.
820 3455 916 3509 Est
960 3464 1143 3510 autem
1198 3465 1458 3525 praeterea
1498 3466 1716 3510 sextum
1740 3456 2039 3511 absurdum
2066 3457 2221 3523 illud,

645 3548 793 3620 quod
837 3548 1087 3604 divinum
1133 3566 1356 3622 quoque
1421 3550 1737 3604 criminaris
1801 3551 2223 3617 Damascenunt,

646 3642 792 3713 quod
821 3651 877 3696 et
904 3643 1081 3711 ipsum
1116 3642 1333 3713 planius
1367 3657 1397 3695 a
1422 3642 1584 3696 nobis
1627 3652 1815 3711 postea
1851 3642 2088 3697 dicetur.
2127 3645 2227 3699 De-

648 3733 1051 3793 monstrabitur
1082 3735 1253 3797 enim,
1284 3733 1596 3802 signiﬁcare
1623 3743 1678 3792 et
1710 3732 1937 3789 dill‘erre
1962 3751 2071 3789 non
2102 3751 2225 3791 esse

649 3828 816 3889 idem,
848 3826 1011 3901 282
1038 3827 1259 3881 etiamsi
1288 3836 1347 3880 tu
1378 3825 1732 3881 vociferando
1772 3828 2070 3896 rumparis,
2128 3828 2224 3897 qui

648 3919 1012 3974 remotissima
1053 3919 1283 3975 misceas
1317 3928 1373 3973 et
1400 3918 1585 3976 dicere
1630 3918 1879 3978 divinum
1928 3918 2082 3975 illum
2118 3922 2226 3974 cri-

648 4008 878 4067 mineris
898 4010 1075 4063 virum
1097 4008 1166 4064 ait
1192 4010 1433 4065 increata
1456 4020 1587 4066 natu
1599 4028 1656 4065 ra
1678 4010 1901 4065 dill‘erre
1921 4010 2222 4067 increatam

645 4101 767 4174 ejus
799 4097 1171 4155 elileientiam.
1217 4100 1410 4170 Neque
1451 4101 1601 4157 enim
1647 4100 1941 4171 quisquam
1974 4104 2223 4157 omnium

649 4196 704 4254 in
740 4194 888 4249 illius
916 4193 1159 4263 scriptis,
1197 4194 1445 4262 quamvis
1486 4195 1719 4249 multum
1765 4194 2100 4265 inquisierit,
2132 4198 2222 4251 vix

650 4302 827 4357 neque
857 4280 1112 4357 magnum
1145 4286 1393 4340 omnium
1421 4302 1599 4356 neque
1623 4288 1979 4343 minimarum
1999 4290 2222 4360 quidem

645 4380 947 4457 quidquam
976 4379 1155 4433 simile
1190 4380 1433 4433 inveniat
1459 4394 1697 4447 unquam
1748 4381 1818 4435 iis
1856 4397 1975 4451 quae
2012 4399 2161 4437 nunc
2192 4398 2221 4437 a

2336 3185 2441 3252 μὴν
2471 3180 2741 3248 θεοτήτων
2772 3178 2867 3245 τῆς
2900 3175 3085 3235 οὐσίας
3118 3158 3396 3241 διαφόρων
3428 3170 3570 3223 κατὰ
3607 3167 3665 3221 σὲ
3696 3169 3787 3220 καὶ
3812 3167 3919 3219 ἁλ-

2330 3276 2525 3345 λήλων.
2570 3274 2692 3334 Πῶς
2722 3272 2828 3341 γὰρ
2866 3270 2921 3332 ὃς
2951 3270 3041 3322 ἐπὶ
3070 3268 3126 3321 ἓν
3153 3266 3292 3320 αὐτὰ
3320 3265 3421 3335 τὴν
3457 3264 3737 3332 ἀναφορὰν
3761 3259 3920 3329 ἔχειν

2333 3366 2487 3434 φησι,
2518 3362 2719 3430 δηλαδὴ
2750 3361 2849 3429 τὴν
2878 3359 3069 3411 οὐσίαν
3093 3377 3106 3422 ;

2406 3458 2463 3510 i'.
2495 3456 2650 3507 Ἐστι
2692 3454 2827 3507 κάπὶ
2856 3453 3071 3513 τούτοις
3114 3448 3274 3501 ἕκτον
3317 3452 3539 3507 ὰτοπον,
3579 3447 3660 3498 εει
3702 3446 3798 3497 καὶ
3822 3442 3922 3495 τὸν

2335 3551 2479 3604 θεῖον
2516 3550 2873 3616 συκοφαντεῖς
2908 3544 3294 3611 Δαμασκηνὸν,
3336 3541 3411 3603 ὡς
3468 3540 3750 3608 προῖιῦσιν
3782 3540 3923 3606 ἡμῖν

2335 3643 2616 3712 εἰρήσεται
2650 3638 2742 3691 καὶ
2780 3637 2912 3691 αὐτὸ
2936 3634 3293 3704 πλατύτερον.
3325 3633 3686 3701 Δειχθήσεται
3716 3632 3821 3696 γὰρ
3854 3630 3923 3682 τὺ

2334 3730 2765 3803 χαρακτηρίζειν
2812 3728 2890 3797 τῷ
2932 3726 3217 3796 διαφέρειν
3253 3726 3327 3796 μὴ
3365 3719 3504 3777 ε’ναι
3556 3724 3774 3786 ταυτὶν,
3814 3722 3923 3774 κᾶν

2335 3827 2399 3879 σὺ
2436 3824 2575 3895 βοῶν
2629 3823 2957 3891 διαρῥαγῇτ,
3001 3820 3071 3871 τα
3102 3820 3311 3887 ἄμικτα
3360 3816 3556 3885 μιγνὺς
3607 3822 3701 3867 καί
3734 3815 3923 3881 λέγειν

2332 3916 2425 3970 τὸν
2472 3915 2618 3967 θεῖον
2668 3914 2877 3965 ἐκεῖνον
2917 3910 3245 3977 αἰτιώμενος
3297 3909 3471 3973 ἄνδρα
3520 3908 3618 3974 τῆς
3654 3906 3919 3957 ἀχτίστου

2334 4007 2553 4077 φύσεως
2588 4006 2871 4075 διαφέρειν
2912 4004 3010 4072 τὴν
3048 4002 3305 4054 ἄκτιστον
3341 4000 3545 4069 ταύτης
3597 3998 3919 4065 ἐνέργειαν.

2333 4105 2468 4158 Οὐδὲ
2491 4102 2599 4173 γὰρ
2626 4101 2799 4163 οὐδεὶς
2847 4099 2955 4152 τῶν
2986 4097 3245 4152 ἁπάντων
3278 4098 3335 4148 ὲν
3377 4099 3487 4157 τοῖς
3532 4095 3745 4147 ἐκείνου
3781 4108 3919 4158 συγ-

2333 4200 2656 4267 γράμμασιν
2685 4194 2805 4247 οὑεὲ
2840 4193 3012 4247 πολλὰ
3043 4192 3289 4261 μογήσας
3319 4188 3444 4242 οὒτε
3488 4187 3649 4257 μόγις
3684 4188 3830 4253 μέγα
3862 4200 3920 4238 τι

2332 4294 2442 4347 τῶν
2469 4292 2689 4346 πάντιοιν
2737 4288 2861 4342 οὔτε
2914 4287 3059 4355 μάλα
3106 4284 3262 4354 μόλις
3290 4284 3423 4351 γοῦν
3460 4283 3573 4335 τῶν
3614 4282 3920 4348 ἐλαχίστων

2332 4380 2485 4433 οὐδὲν
2539 4379 2847 4448 ὀμότροπον
2890 4376 2956 4429 ἄν
3000 4373 3124 4427 ποθ’
3174 4371 3323 4442 εὕροι
3384 4372 3628 4424 τουτοισὶ
3674 4377 3788 4433 τοις
3820 4368 3920 4421 νῦν

648 4481 721 4531 te,
754 4469 998 4534 Palama,
1022 4461 1397 4525 obtrectatore
1439 4474 1711 4526 detestato
1734 4483 1791 4527 et
1833 4473 2101 4528 insidioso
2135 4476 2219 4527 in-

2333 4472 2779 4543 παρευρημὲνοις
2829 4471 2924 4523 καὶ
2972 4457 3417 4535 προτεθειμένοις
3475 4463 3554 4533 τῷ
3619 4464 3920 4531 καταράτῳ

646 4572 813 4624 venta
850 4570 905 4617 et
939 4562 1153 4631 prolata
1203 4571 1351 4617 sunt.
1380 4563 1591 4620 Deinde
1620 4565 1948 4619 alterutrum
1976 4568 2224 4635 quidem,

645 4664 743 4710 aut
779 4654 925 4709 enim
980 4670 1090 4716 non
1121 4656 1324 4712 invitus
1350 4656 1488 4713 falso
1523 4657 1859 4722 criminaris,
1896 4668 1989 4712 aut
2021 4659 2228 4714 invitus

649 4746 741 4810 illa
774 4747 1019 4817 ignoras,
1044 4756 1100 4801 et
1130 4747 1429 4803 illiteratus
1452 4763 1533 4811 es,
1572 4759 1634 4803 ut
1657 4748 1900 4811 videtur,
1942 4750 2145 4813 adhuc,
2174 4762 2230 4803 et

650 4839 953 4907 primorum
984 4838 1269 4908 sapientiae
1289 4840 1703 4902 elementorum
1725 4841 1955 4896 omnino
1981 4842 2225 4911 ignarus,

646 4946 882 4999 quorum
921 4930 1056 4985 illud
1088 4931 1415 4997 insanabile,
1451 4932 1559 4987 hoc
1601 4934 2021 4993 semimiserum.
2046 4934 2232 5004 (diuti-

646 5023 741 5084 dio
777 5023 999 5093 melius)
1027 5032 1083 5079 et
1106 5025 1352 5080 sanabile
1394 5037 1478 5081 est
1521 5042 1535 5079 :
1570 5025 1619 5081 si
1650 5025 1818 5096 igitur
1859 5036 1917 5082 et
1974 5030 2095 5097 ipse
2124 5028 2226 5093 vis,

645 5118 752 5173 ltoc
797 5114 999 5184 delige.
1059 5115 1406 5170 Alterutrum
1452 5114 1601 5170 enim
1664 5131 1750 5172 me
1799 5119 2047 5176 visurum
2104 5133 2226 5173 esse

644 5224 807 5282 spero
865 5217 1133 5280 optoque,
1159 5216 1253 5265 aut
1307 5218 1361 5265 te
1409 5208 1629 5266 volente
1656 5209 1894 5266 reditum
1923 5219 2102 5273 tuum,
2132 5223 2229 5266 aut

646 5312 699 5361 te
755 5307 985 5360 nolente.
1039 5300 1321 5357 interitum
1364 5311 1561 5367 tuum;
1604 5304 1836 5357 alterum
1891 5305 2037 5359 enim
2074 5314 2126 5359 te
2162 5304 2239 5373 li-V

645 5395 862 5451 berahit
889 5410 920 5449 a
950 5395 1195 5463 pernicie
1221 5406 1445 5461 aeterna,
1472 5398 1707 5452 alterum
1733 5399 1907 5452 etiam
1930 5407 2161 5453 Caeteros
2192 5414 2231 5454 a

646 5485 865 5541 datnnu.
926 5484 1216 5555 Quomodo
1278 5487 1447 5557 igitur
1498 5490 1836 5557 persuadere
1898 5489 2228 5543 conabimur

646 5578 739 5636 tali
776 5593 955 5649 eaque
997 5581 1109 5650 jam
1153 5581 1332 5636 aetatis
1378 5593 1640 5651 provecto
1690 5589 1826 5643 viro,
1857 5594 1954 5636 aut
2000 5583 2227 5637 omnino

648 5670 927 5738 quomodo
959 5685 1069 5725 non
1100 5671 1505 5743 desperandum
1539 5676 1644 5729 erit
1671 5675 1739 5728 de
1765 5674 1884 5729 utili
1910 5676 2055 5729 exitu
2094 5692 2225 5746 pro-

646 5774 871 5837 spccms
918 5779 1099 5838 neque
1128 5781 1267 5825 vana
1314 5766 1407 5823 ﬁet
1462 5768 1669 5840 opera?
1702 5768 1908 5825 Tamen
1961 5770 2083 5826 volo
2116 5770 2225 5841 ple-

2338 4583 2422 4620 σοι
2477 4564 2711 4632 Παλαμᾷ
2762 4560 2859 4614 καὶ
2914 4557 3508 4627 δολερῷίσυκοφάντῃ.
3569 4557 3728 4607 Δυοῖν
3784 4554 3919 4621 γοῦν

2333 4659 2526 4711 ἔπειτα
2581 4657 2831 4725 θάτερον,
2889 4654 2919 4722 ἢ
2968 4653 3076 4722 γὰρ
3128 4650 3272 4703 ἑκὼν
3328 4648 3676 4717 βλασφημεῖς
3728 4646 3761 4713 ἢ
3820 4647 3919 4716 οὐχ

2333 4751 2475 4804 ἑκὼν
2506 4750 2743 4816 ἀγνοεῖς,
2777 4745 3164 4815 ἀναλφάϐητος
3189 4743 3286 4803 ὢν,
3325 4744 3399 4805 ὡς
3444 4743 3645 4804 ἔοικεν,
3679 4740 3785 4801 ἔτι,
3822 4741 3919 4793 καὶ

2332 4842 2442 4894 τῶν
2478 4841 2708 4909 πρώτων
2738 4839 2835 4907 τῆς
2886 4837 3079 4904 σοφίας
3115 4835 3397 4905 στοιχείων
3439 4835 3581 4887 πάνυ
3631 4849 3683 4885 τι
3720 4832 3915 4901 ἀδαὴς.

2333 4928 2433 4987 Ὧν
2474 4936 2534 4986 τὺ
2584 4932 2685 5001 μὲν
2729 4931 2973 4995 ἀνίατον,
3002 4930 3062 4981 το
3118 4926 3165 4981 δ’
3212 4926 3621 4998 ἡμιμόχθηροιΐ
3647 4928 3743 4978 καὶ
3776 4926 3921 4979 ἰάσι-

2337 5046 2438 5099 μον
2465 5044 2481 5061 ο
2516 5027 2585 5099 ἢν
2628 5025 2725 5082 οὖν
2768 5027 2865 5079 καὶ
2911 5024 3072 5086 αὐτὸς
3105 5020 3320 5094 ἐθέλῃς,
3362 5020 3487 5073 ἐ.λοῦ
3535 5020 3599 5072 τὸ
3635 5018 3918 5091 δεύτερον.

2332 5124 2489 5176 Δυιῖν
2530 5124 2642 5190 γὰρ
2680 5119 2907 5190 ὄψεσθαι
2955 5117 3183 5183 θάτερον
3214 5113 3421 5179 ἐλπίζω
3455 5114 3551 5167 καὶ
3592 5111 3847 5185 εὔχομαι,
3879 5114 3914 5186 ἢ

2332 5216 2430 5285 τὴν
2493 5213 2592 5285 σὴν
2637 5212 3001 5285 ἐπιστροφὴν,
3042 5213 3091 5263 εί
3124 5208 3328 5279 βούλει,
3360 5207 3393 5274 ἢ
3442 5207 3540 5277 τὴν
3593 5207 3696 5275 σὴν
3739 5224 3919 5261 κατα-

2334 5305 2600 5377 στροφὴν,
2633 5305 2682 5357 εἰ
2726 5303 2802 5375 μὴ
2835 5302 3037 5373 βούλει.
3075 5300 3147 5352 Τὺ
3181 5299 3282 5368 μὲν
3318 5299 3429 5367 γὰρ
3457 5296 3518 5349 σὲ
3570 5296 3673 5367 τῆς
3722 5296 3921 5351 πολυε-

2331 5398 2459 5461 τοῦς
2489 5399 2766 5463 ἀπωλείας
2793 5400 3081 5466 ὲξελεῑται,
3109 5399 3170 5452 τδ
3200 5398 3257 5451 δὲ
3291 5398 3391 5452 καὶ
3430 5398 3559 5459 τοὺς
3608 5397 3805 5459 ἄλλους
3838 5396 3919 5469 μὴ

2334 5491 2694 5562 βλάπτεσθαι.
2746 5492 2921 5545 Πόθεν
2957 5489 3048 5543 οὖν
3082 5491 3500 5563 ἐπιχειροίημεν
3546 5488 3616 5543 ἂν
3646 5490 3921 5558 μεταπεί-

2332 5585 2445 5639 θειν
2474 5584 2644 5654 ἄνδρα
2672 5584 2927 5638 τοσοῦτον
2960 5584 3053 5637 καὶ
3085 5582 3258 5649 οὕτως
3290 5583 3515 5656 ἡλικίας
3564 5581 3759 5652 ἔχοντα
3786 5598 3801 5646 ;
3841 5581 3919 5635 ἰι

2331 5680 2551 5743 παντως
2572 5678 2698 5733 ὅθεν
2722 5677 2823 5734 οὐκ
2848 5673 3268 5733 ἀνέλπιστον’ἆν
3307 5674 3395 5748 εἴη
3427 5674 3491 5729 τὸ
3522 5674 3750 5745 σκέμμα
3773 5675 3917 5741 πρὶς

2328 5771 2613 5841 ὠφέλιμον
2646 5770 2819 5837 τέλος,
2853 5769 2991 5842 μηδὲ
3024 5771 3252 5839 μάταιος
3285 5768 3485 5838 γένοιτ’
3521 5768 3587 5827 ἂν
3616 5769 3648 5839 ἡ
3680 5765 3917 5839 σπουδή.
