4146 6302
160 434 259 495 957

1175 407 1621 475 ΒΥΖΛΝΤΙΝᾸΞ
1657 406 2047 468 ΙΠΞΤΟῐὶῐίΕ
2084 404 2232 466 LIB.
2271 402 2452 463 XXX.

3330 391 3437 453 ‘2i8

159 546 368 610 λήσεως
405 538 639 600 κανόνας
681 534 776 587 καὶ
799 533 1016 602 νόμους.
1055 531 1166 584 Καὶ
1198 531 1298 583 οῦκ
1332 529 1416 596 ὲφ⁹
1445 529 1592 589 ὲνὸς,
1624 525 1739 577 ἀλλ’

1874 524 2106 576 ilurimis
2133 534 2188 576 ct
2215 521 2473 584 diversis,
2497 531 2621 586 qua:
2653 513 2943 584 supposita
2979 520 3128 575 sunt,
3171 509 3436 579 quodque

160 635 252 684 ἐπὶ
281 629 561 682 πλείστων
589 643 647 678 τε
671 625 767 678 καὶ
790 622 1066 691 διαςρόρων
1094 620 1476 686 ὑποκειμένων
1507 617 1742 670 ἕκαστον

160 726 214 774 ἓν
245 722 307 774 ὃν
343 720 570 787 λέγεται
618 717 812 786 ονομα,
855 717 917 766 τὸ
964 715 1217 767 πλεῖστον
1253 714 1453 765 εἰπεῖν.
1499 706 1626 762 Οἷον
1652 711 1744 761 ἐπὶ

161 812 585 879 ὑποδείγματος,
607 809 732 874 περὶ
768 807 1078 877 βουλήσεως
1107 804 1261 874 εὖροι
1291 821 1373 866 τις
1405 803 1473 856 ἂν
1502 800 1744 868 τούνομα

165 905 295 956 ποτὲ
336 906 438 973 μὲν
482 903 574 953 ἐπὶ
616 900 714 967 τῆς
761 900 1019 954 ἀκτίστου
1067 895 1132 967 ιι.
1168 897 1270 951 159
1301 895 1351 966 υ]
1399 894 1614 963 φύσεως
1650 893 1744 943 τοῦ

165 994 290 1046 Υίοῦ
360 991 798 1060 λαμϐανόμενον.
858 989 988 1040 ποτὶ
1042 987 1089 1040 δ’
1131 988 1222 1039 ἐπὶ
1267 986 1377 1039 τῶν
1426 983 1746 1050 κτισμάτων

166 1085 314 1153 παρὰ
337 1083 448 1134 τῶν
468 1083 660 1148 ἁγίων,
678 1081 752 1142 ὡς
773 1069 990 1148 όμέγας
1021 1078 1337 1138 Ἀθανάσιος
1362 1077 1505 1128 κατᾶ
1535 1075 1748 1143 “Apatu-

164 1179 266 1228 νῶν
297 1176 531 1244 γράφων
575 1176 740 1244 φησὶν
786 1174 858 1234 ὡς
897 1170 948 1224 oi
982 1169 1199 1231 ἀσεϐεῖς
1243 1170 1301 1221 οὐ
1343 1168 1559 1220 θέλουσι
1590 1165 1748 1234 λόγον

168 1268 256 1321 καὶ
291 1267 496 1335 βουλὴν
526 1267 710 1329 ζῶσαν
749 1259 893 1316 εἶναι
922 1261 1016 1315 τδν
1044 1262 1197 1322 Υίδν,
1247 1261 1376 1328 περὶ
1403 1259 1460 1310 δὲ
1495 1259 1584 1311 τὸν
1615 1257 1750 1309 Θεὸν

170 1360 429 1429 βούλησιν
459 1359 552 1410 καὶ
601 1356 861 1425 φρόνησιν
903 1356 994 1406 καὶ
1027 1353 1220 1420 σοερίαν
1255 1351 1330 1412 ὡς
1362 1351 1476 1415 ἕξιν
1511 1347 1749 1417 συμϐαίι

169 1469 363 1503 νουσαν
407 1453 504 1502 καὶ
531 1448 1069 1516 ἀποσυμῦαίνουσαν.
1103 1447 1215 1497 Καὶ
1247 1444 1450 1510 ὁμοίως
1497 1441 1750 1510 Ἰωάννης

165 1546 189 1596 ὁ
228 1545 293 1595 ἐκ
347 1540 648 1611 Δαμασκοῦ
692 1539 951 1609 βούλησιν
993 1538 1085 1591 καὶ
1136 1536 1333 1603 σοφίαν
1373 1536 1468 1587 καὶ
1519 1534 1753 1600 δύναμιν

164 1629 250 1681 τὴν
277 1630 410 1681 Υίὸν
446 1626 588 1681 εἶναι
624 1627 776 1692 λέγει
804 1625 901 1679 τοῦ
935 1625 1165 1693 Πατρός·
1203 1623 1262 1676 οὐ
1291 1622 1398 1692 χρὴ
1434 1621 1541 1691 γὰρ
1570 1621 1751 1689 λέγειν

167 1722 260 1772 ἐπὶ
276 1720 411 1772 Θεοῦ
448 1718 736 1787 ποιότητα,
762 1717 847 1770 ἵνα
868 1716 942 1788 μὴ
966 1716 1222 1769 σύνθετον
1243 1716 1409 1768 αὐτὸν
1432 1714 1754 1781 ποιήσωμεν

168 1813 226 1876 ἐξ
254 1812 446 1868 οὐσίας
478 1812 573 1866 καὶ
603 1810 914 1880 ποιότητος.
962 1809 1075 1861 Καὶ
1119 1808 1257 1878 πρός
1309 1823 1375 1873 γε
1406 1807 1434 1858 ό
1458 1805 1755 1858 Νυσσαέων

1852 631 2077 678 nomen,
2110 629 2426 682 quanquam
2460 627 2630 665 unum
2663 617 2770 673 est,
2809 620 2992 661 tamen
3015 606 3223 659 dicitur
3256 604 3435 672 pluri-

1852 724 1999 761 mum
2032 708 2366 776 signiﬁcare,
2410 713 2466 757 ut
2497 702 2732 770 exempli
2795 700 2992 767 gratia,
3045 697 3112 751 de
3150 701 3436 748 voluntate

1850 799 2096 866 reperias
2142 813 2341 852 nomen
2375 795 2652 850 interdum
2697 794 2750 846 in
2796 803 2991 844 natura
3034 789 3277 842 increata
3312 784 3436 837 Filii

1854 899 2209 960 usurpatum,
2247 889 2529 944 interdum
2564 896 2746 939 autem
2780 887 2835 938 in
2896 882 3098 936 creatis
3144 897 3172 932 a
3206 880 3436 940 sanctis,

1852 981 2016 1050 292
2047 989 2106 1032 ιιι
2137 979 2471 1033 Athanasius
2513 990 2745 1042 magnus
2795 985 2986 1026 contra
3022 972 3258 1024 Arianos
3298 969 3436 1020 scri-

1856 1074 1989 1125 bens
2019 1070 2153 1123 dicit
2184 1088 2193 1120 :
2235 1089 2252 1118 ρ
2282 1068 2436 1137 Impii
2473 1082 2581 1120 non
2615 1076 2865 1118 statuunt
2898 1063 3095 1117 Filium
3121 1075 3242 1113 esse
3275 1057 3443 1112 ratio-

1855 1177 1978 1214 nem
2008 1161 2435 1221 et,vnluntatem
2470 1166 2524 1211 et
2576 1155 2966 1221 cogitationem
3021 1159 3076 1204 et
3112 1149 3440 1217 sapientiam

1856 1263 2112 1319 tanquam
2146 1250 2393 1302 habitum
2417 1246 2837 1301 convenientem
2856 1251 2911 1295 et
2934 1239 3442 1296 inconvenientem.

1858 1344 1920 1396 Et
1961 1342 2128 1395 simili
2168 1342 2379 1394 ratione
2422 1341 2666 1392 Joannes
2701 1338 3069 1390 Damasccnus
3100 1332 3441 1384 voluntatem

1855 1441 1911 1486 et
1947 1432 2279 1500 sapientiam
2322 1438 2376 1482 et
2403 1429 2507 1481 vim
2542 1427 2742 1480 Filium
2769 1440 2889 1480 esse
2925 1424 3060 1477 dicit
3093 1422 3292 1475 Patris.
3325 1420 3443 1472 Non

1857 1523 2007 1576 enim
2042 1537 2337 1591 possumus
2377 1520 2681 1587 praedicare
2735 1515 2803 1570 de
2838 1515 2948 1569 Deo
2997 1512 3342 1582 qualitatem.
3380 1524 3446 1560 ne

1857 1612 2226 1682 compositum
2288 1625 2415 1664 eum
2483 1609 2752 1678 ﬁngamus
2784 1621 2848 1660 ex
2896 1604 3140 1659 essentia
3177 1612 3227 1655 et
3267 1600 3448 1669 quali-

1861 1715 1994 1760 tate.
2053 1705 2122 1759 Et
2175 1714 2441 1773 praeterea
2490 1699 2792 1770 Gregorius
2845 1697 3129 1768 Nyssenus
3181 1693 3317 1748 dicit
3365 1708 3452 1746 rc-

1861 1811 1992 1849 vera
2029 1793 2364 1864 sapientiam
2400 1802 2455 1846 et
2487 1791 2823 1844 voluntatem
2861 1788 2998 1841 nihil
3023 1800 3145 1841 esse
3173 1799 3338 1854 quam
3364 1799 3453 1836 sa-

169 1905 468 1976 Γρηγόριος
493 1903 664 1965 ὅντως
685 1878 790 1971 σοιρ
797 1903 876 1953 ίαν
898 1901 990 1954 καὶ
1011 1899 1206 1969 βουλὴν
1223 1897 1377 1951 οὐδὲν
1400 1897 1487 1950 ἒτε
1497 1912 1587 1966 ρον
1611 1893 1753 1949 εἶναι

1873 1887 2144 1949 iientiam,
2178 1886 2230 1939 in
2263 1898 2582 1937 universum
2613 1879 3070 1950 praemeditatam,
3100 1879 3155 1931 in
3191 1893 3297 1946 qua
3323 1878 3450 1928 uni-

171 1999 321 2065 λέγει
354 1997 497 2057 πλὴν
528 1997 628 2065 τῆς
650 1994 745 2047 τοῦ
773 1995 974 2057 παντὸς
1001 1992 1512 2062 προεπινοουμένης
1544 1990 1759 2058 σοφίας,

172 2088 230 2138 ὲν
259 2080 379 2155 {ita
414 2085 598 2138 πάντα
622 2083 843 2151 ἐγένετο
877 2084 970 2135 καὶ
997 2078 1357 2149 διεκοσμήθη·
1387 2079 1625 2148 Χριστὸς
1651 2078 1762 2147 γὰρ

173 2169 310 2224 Θεοῦ
340 2171 574 2239 δύναμις
617 2171 712 2222 καὶ
742 2165 880 2220 Θεοῦ
937 2168 1122 2236 σοφία.
1161 2166 1270 2220 Καὶ
1299 2164 1460 2219 τοῦτο
1498 2167 1597 2235 μὲν
1635 2167 1764 2235 περὶ

172 2262 268 2316 τοῦ
318 2263 521 2316 ταυτὸν
578 2259 723 2314 εἷναι
778 2261 920 2315 κατά
974 2260 1038 2314 τὸ
1085 2259 1495 2329 σημαινόμενον
1549 2261 1763 2324 οὐσίαν,

173 2355 408 2421 δύναμιν
443 2358 538 2408 καὶ
571 2355 964 2424 βούλησιν“καὶ
999 2356 1214 2421 σοφίαν.
1278 2354 1364 2404 Ἐν
1399 2349 1586 2414 ἄλλοις
1609 2351 1653 2404 δ’
1678 2353 1768 2404 εὑ-

176 2443 425 2511 ρίσκεται
474 2443 653 2508 λέγων
686 2446 712 2496 ὁ
748 2443 894 2506 Θεῖος
947 2442 1205 2512 Μάξιμος
1242 2442 1318 2505 ὡς
1348 2444 1380 2511 ή
1410 2443 1635 2511 οέλησις
1671 2444 1764 2495 καὶ

177 2533 209 2598 ἡ
238 2531 497 2600 βούλησις
536 2532 636 2584 οὐκ
669 2533 783 2584 ἔστι
815 2532 1018 2584 ταυτὸν
1050 2534 1113 2601 τῇ
1146 2531 1308 2600 οὐσίᾳ.
1336 2528 1430 2582 τοῦ
1459 2531 1616 2583 Θεοῦ.
1660 2549 1678 2581 ι
1701 2530 1768 2583 'II

181 2624 283 2691 μὲν
310 2626 418 2694 γὰρ
451 2623 675 2693 θέλησις
713 2627 809 2680 καὶ
838 2623 1068 2694 ἄρχεται
1097 2626 1192 2676 καὶ
1225 2622 1465 2677 παύεται
1484 2638 1496 2652 ⁸
1533 2624 1566 2694 ὴ
1593 2624 1648 2676 δὲ
1675 2624 1770 2676 οὐ·

181 2708 272 2761 σία
293 2709 416 2763 οὕτε
457 2711 692 2781 ἄρχεται
720 2708 846 2764 οὔτε
873 2709 1130 2764 παύεται.
1169 2709 1242 2762 Τὸ
1271 2709 1316 2764 δ’
1342 2711 1646 2781 ἀρχόμενον
1677 2712 1771 2764 καὶ

180 2804 492 2872 παυόμενον
539 2803 616 2872 τῷ
667 2805 808 2872 μήτε
859 2805 1156 2875 ἀρχομένῳ
1202 2804 1342 2873 μήτε
1387 2805 1686 2873 παυομένῳ
1714 2804 1773 2856 τὸ

182 2897 314 2949 αὐτὸ
346 2892 492 2950 εἶναι
537 2897 599 2948 οὐ
637 2897 884 2951 δύναται.
930 2898 991 2950 Εἰ
1042 2897 1152 2966 γὰρ
1187 2898 1384 2950 ταυτὸν
1408 2893 1478 2968 ἦν
1507 2900 1574 2967 τῇ
1613 2898 1773 2967 οὐσία

180 2991 275 3042 τοῦ
309 2984 443 3044 Θεοῦ
478 2990 508 3057 ἡ
551 2987 835 3058 βούλησις,
871 2991 1041 3059 ἐχρῆν
1072 2991 1205 3058 μιᾶς
1237 2989 1404 3060 οὔσης
1443 2989 1542 3059 τῆς
1586 2989 1775 3052 οὐσίας

188 3084 316 3152 μίαν
347 3077 484 3135 εἶναι
509 3082 603 3135 καὶ
623 3082 724 3150 τὴν
749 3081 992 3152 θέλησιν.
1011 3081 1150 3133 Ἀλλ’
1179 3083 1213 3150 ή
1235 3080 1449 3150 Γραφὴ,
1480 3097 1498 3131 ι
1529 3082 1766 3145 Πάντα,›

187 3178 373 3246 φησὶν,
412 3195 430 3226 ι
457 3177 558 3228 ὅσα
585 3175 872 3244 ἠθέλησεν.
906 3173 1153 3245 ἐποίησε.
1186 3174 1367 3226 Πολλά
1398 3172 1492 3226 οῦν
1535 3172 1774 3242 ἠθέλησε

187 3271 279 3323 καὶ
321 3270 422 3338 οὐχ
471 3270 550 3322 ἓν.
586 3289 604 3320 ι
647 3251 756 3321 κξιι
800 3267 1021 3336 ὁμοίως·
1052 3269 1080 3320 ό
1127 3269 1270 3331 θεῖος
1303 3267 1594 3338 Κύριλλος,
1632 3285 1651 3319 ι
1706 3266 1770 3322 Ἦ

185 3362 356 3428 ἑνὸς,ι
385 3364 541 3432 φησί,
565 3379 584 3412 ι
606 3361 713 3414 τῶν
741 3361 1175 3431 ὠνομασμένων,
1204 3361 1442 3430 Πατρός,
1476 3360 1642 3426 λέγω,
1675 3363 1774 3412 καὶ

187 3452 320 3510 Υίοῦ
363 3459 460 3507 καὶ
498 3454 659 3521 ἁγίου
703 3453 1048 3525 Πνεῦματος,
1094 3452 1471 3525 δημιουργικὴ
1521 3453 1767 3523 Θὲλησις,

188 3548 515 3616 ἐφ’ὅτιρπερ
546 3545 612 3599 ἂν
663 3545 884 3614 λέγοιτο
933 3546 1197 3614 γενέσθαι
1251 3545 1440 3616 τυχὸν,
1483 3544 1775 3615 ἐνέργημα

195 3636 293 3705 μὲν
321 3633 492 3689 αὐτοῦ
524 3637 663 3688 ἐστι·
695 3634 837 3704 πλὴν
864 3634 953 3688 διὰ
982 3635 1167 3704 πάσης
1194 3634 1418 3704 ἔρχεται
1443 3635 1542 3704 τῆς
1579 3635 1777 3716 Θεότητ

190 3742 298 3790 τος,
331 3726 550 3795 καὶτῆς
588 3725 731 3793 ὑπὲρ
765 3726 865 3796 τὴν
899 3727 1078 3780 κτίσιν
1106 3727 1298 3789 οὐσίας
1324 3728 1475 3781 ἐστὶν
1505 3728 1772 3782 ἀποτέλε-

194 3834 325 3886 σμα.
357 3836 377 3870 ι
441 3815 612 3887 Ὀρᾷς
643 3817 764 3880 πῶς
807 3817 840 3886 ή
893 3817 1003 3870 τῶν
1041 3818 1328 3886 ὀνομάτων
1359 3821 1456 3875 καὶ
1509 3821 1778 3892 ῥημάτων

195 3910 396 3977 γνῶσις
426 3907 855 3978 ιπιστημονικὴ,
899 3907 970 3960 δι’
995 3901 1071 3962 ὧν
1105 3908 1258 3977 λόγοι
1295 3911 1389 3964 καὶ
1422 3911 1776 3979 ἀποφαντικὰ

193 4003 443 4072 δόγματα
463 4004 642 4056 πάντα
662 4001 798 4070 πρὸς
813 4001 1028 4071 γένεσιν
1048 4001 1325 4073 ιρχονται,
1343 4003 1584 4074 μεγάλης
1601 4004 1779 4058 δεῖται

194 4093 291 4164 τῆς
312 4093 597 4164 περινοίας
618 4093 1064 4162 καὶιξιτάσεωςς
1103 4096 1370 4166 ὁμώνυμα
1401 4093 1510 4166 γάρ
1543 4097 1661 4148 ἑστι
1710 4095 1781 4149 τὰ

199 4189 393 4244 πολλά.
413 4189 527 4242 Καὶ
551 4187 644 4242 διὰ
673 4187 833 4243 τοῦτο
873 4191 1076 4248 πάντες
1099 4190 1149 4242 oi.
1168 4189 1278 4242 τῶν
1327 4189 1627 4261 αίριτικῶν
1661 4189 1782 4242 θία-

198 4297 299 4348 σοι,
329 4281 548 4344 τούτοις
580 4280 1074 4352 ἑγκαλυπτόμινοι,
1105 4278 1388 4346 τοξεύουσι
1447 4282 1570 4335 κατ’
1599 4279 1782 4334 ἄλλοτ’

196 4373 392 4436 ἄλλους
421 4373 654 4442 καιροὺς
675 4372 899 4442 ἀφανῶς
915 4372 1015 4444 τὴν
1047 4371 1332 4426 εὐσέϐειαν
1347 4371 1424 4434 ὡς
1448 4375 1514 4426 hc
1535 4371 1744 4442 λόχμης
1762 4387 1778 4406 ο

196 4458 236 4531 ᾧ
258 4465 326 4536 δὴ
349 4465 447 4519 καὶ
473 4464 654 4532 λέγων
684 4464 783 4518 καὶ
803 4464 1032 4534 γράφων
1069 4466 1156 4518 καὶ
1183 4463 1345 4528 αὐτὸς
1367 4465 1637 4534 κέχρησαι
1665 4464 1777 4517 τολ-

1864 1991 2026 2030 versa
2061 1973 2350 2029 facta.sint
2403 1984 2456 2027 et
2493 1971 2787 2026 adornata.
2846 1967 3104 2023 Christus
3160 1967 3308 2019 enim
3357 1965 3447 2016 Dei

1866 2079 1951 2126 est
1985 2072 2070 2123 vis
2100 2077 2154 2122 et
2184 2066 2283 2120 Dei
2305 2065 2598 2134 sapientia.
2631 2065 2810 2132 Atque
2843 2062 2946 2116 hoc
2973 2059 3197 2130 quidem
3221 2057 3456 2112 sufﬁciat

1867 2163 1938 2217 de
1963 2176 2054 2224 eo,
2081 2158 2229 2229 quod
2266 2157 2410 2211 idem
2441 2165 2526 2211 est
2553 2171 2617 2210 ex
2650 2154 3052 2223 signiﬁcatione
3083 2151 3347 2212 essentia,
3373 2151 3456 2202 vis

1869 2263 1924 2308 et
1953 2252 2216 2306 voluntas
2241 2261 2297 2304 et
2326 2248 2623 2317 sapientia.
2660 2248 2736 2302 Ex
2769 2247 2890 2301 aliis
2925 2245 3233 2314 reperimus
3264 2243 3456 2297 dicen-

1871 2355 1979 2401 tem
2025 2343 2319 2397 Maximum
2376 2340 2673 2396 divinum:
2728 2338 3033 2394 Consilium
3092 2346 3150 2390 et
3200 2337 3457 2389 voluntas

1871 2455 1980 2492 non
2012 2447 2140 2492 sunt
2180 2436 2323 2490 idem
2356 2445 2523 2504 atque
2550 2432 2793 2489 essentia
2828 2432 2958 2497 Dei;
3010 2431 3270 2486 voluntas
3308 2431 3457 2485 enim

1872 2540 1928 2586 et
1963 2529 2160 2598 incipit
2194 2540 2252 2583 et
2279 2528 2511 2593 desinit,
2537 2527 2782 2582 essentia
2818 2534 3004 2580 autem
3035 2539 3217 2592 neque
3267 2521 3462 2590 incipit

1874 2638 2054 2692 neque
2091 2623 2336 2687 desinit;
2374 2621 2521 2690 quod
2547 2632 2731 2674 autem
2765 2617 2959 2688 incipit
2989 2625 3045 2672 et
3082 2615 3304 2679 desinit,
3335 2631 3460 2670 cum

1874 2732 1962 2781 eo,
1992 2716 2140 2786 quod
2171 2730 2352 2785 neque
2381 2714 2578 2783 incipit
2605 2726 2787 2782 neque
2854 2710 3082 2772 desinit,
3138 2708 3284 2763 idem
3343 2722 3465 2761 es~e

1877 2824 1988 2862 non
2019 2817 2226 2878 potest.
2274 2806 2504 2862 Etenim
2559 2806 2603 2860 si
2647 2804 2793 2859 idem
2834 2813 2983 2859 esset
3037 2817 3164 2857 cum
3229 2801 3466 2856 essentia

1876 2902 1972 2955 Dei
2014 2902 2296 2964 voluntas,
2325 2909 2613 2969 oporteret
2632 2913 2758 2952 cum
2785 2913 2894 2950 una
2911 2897 2982 2952 sit
3009 2895 3271 2958 essentia,
3300 2907 3465 2947 unam

1877 3008 1999 3049 esse
2049 2993 2216 3048 etiam
2258 2992 2628 3048 voluntatem.
2668 2989 2775 3045 Sed
2834 2990 3147 3060 Scriptura,
3182 3006 3200 3038 ι
3245 2986 3468 3053 OmnEa,

1882 3087 2088 3157 inquit,
2126 3099 2477 3156 quaecunque
2514 3083 2712 3152 voluit,
2756 3085 3023 3139 creavita
3096 3082 3264 3136 Multa
3299 3082 3470 3152 igitur

1880 3177 2075 3240 voluit,
2112 3192 2295 3246 neque
2322 3190 2458 3230 vero
2482 3190 2675 3231 unum.
2710 3174 2778 3228 Et
2801 3173 2967 3229 simili
2998 3175 3208 3228 ratione
3231 3173 3471 3244 Cyrillns

1877 3269 2121 3332 divinus,
2181 3268 2473 3334 Voluntas,
2550 3268 2755 3337 inquit,
2811 3266 2979 3322 unius
3031 3266 3469 3328 nominatorum,

1881 3361 2070 3417 Patris
2101 3360 2227 3416 dico
2249 3368 2304 3415 et
2331 3359 2456 3415 Filii
2489 3370 2547 3415 et
2575 3359 2740 3430 293
2769 3359 3013 3430 Spiritus
3046 3360 3248 3424 sancti,
3275 3375 3472 3415 crcans

1877 3452 2022 3520 apud
2044 3465 2436 3520 quemcunque
2453 3463 2575 3505 esse
2603 3451 2830 3514 dicitur,
2853 3449 3059 3504 factum
3082 3448 3204 3518 ejus
3230 3459 3335 3515 est,
3373 3451 3468 3505 sed

1877 3555 1978 3611 per
2011 3549 2178 3596 totam
2211 3539 2558 3596 divinitatem
2584 3551 2669 3595 est
2701 3540 2817 3596 fusa
2848 3550 2905 3596 et
2924 3540 3202 3604 essentiae,
3235 3557 3359 3611 quae
3385 3550 3472 3597 est

1877 3641 2006 3688 ante
2036 3632 2400 3696 creationem,
2435 3642 2521 3687 est
2549 3632 2834 3705 perfectio.
2862 3631 3048 3698 Vides,
3080 3633 3368 3686 nominum
3417 3645 3474 3690 et

1879 3724 2184 3780 verborum
2210 3724 2581 3794 cognitionem
2611 3724 3076 3794 philosophicam,
3099 3741 3126 3778 a
3146 3725 3352 3794 quibus
3374 3742 3474 3778 nu-

1883 3817 2066 3872 tiones
2099 3825 2156 3871 et
2185 3815 2444 3882 dogmata
2492 3816 2795 3871 constituta
2821 3818 3000 3871 omnia
3054 3819 3336 3882 oriuntur,
3357 3835 3474 3872 ina-

1877 3923 2040 3980 gnam
2064 3909 2348 3980 requirere
2363 3907 2707 3979 prudentiam
2731 3920 2788 3965 ct
2807 3911 3171 3980 qua-stionem
3197 3913 3380 3983 :ejusd
3420 3928 3472 3967 m

1881 4002 2030 4056 enim
2059 4003 2306 4057 nominis
2331 4010 2461 4056 sunt
2488 4001 2834 4073 plerumque.
2868 4002 2935 4058 Et
2961 3986 3253 4075 propterea
3278 4019 3474 4060 omnes

1881 4095 2272 4152 lizereticorum
2305 4107 2484 4152 COBlllS
2510 4140 2525 4165 ,
2555 4097 2644 4152 his
2679 4096 2914 4152 involuti
2941 4135 2956 4161 ,
2992 4105 3193 4168 petunt
3241 4098 3476 4154 diversis

1882 4187 2230 4260 temporibus
2267 4187 2510 4244 obscure
2542 4189 2807 4258 pietatem
2845 4199 3106 4260 tanquam
3131 4203 3202 4243 ex
3231 4189 3474 4256 insidiis,

1880 4296 1988 4352 qua
2011 4291 2066 4335 et
2086 4280 2204 4351 ipse
2229 4295 2362 4335 usus
2385 4295 2447 4337 es
2463 4281 2694 4336 audacia
2711 4290 2766 4338 et
2786 4279 3025 4336 dicendo
3067 4289 3124 4336 et
3176 4281 3478 4336 scribendo

1882 4375 2110 4429 omnino
2163 4373 2404 4428 maxime
2478 4384 2669 4428 contra
2740 4372 2996 4442 dogmata
3052 4372 3234 4427 divina
3289 4375 3474 4427 omnia

1882 4466 1993 4530 illa,
2025 4480 2088 4520 ac
2120 4479 2298 4534 neque
2336 4474 2653 4534 pascentem
2693 4465 2880 4519 omnia
2902 4464 3035 4519 solis
3073 4465 3278 4536 ignem,
3308 4480 3475 4535 quem

198 4574 412 4629 μηματι
440 4555 759 4610 παντάπασι
800 4558 940 4611 κατᾶ
986 4557 1094 4612 τῶν
1126 4557 1288 4611 θείων
1316 4557 1605 4627 δογμάτων
1629 4559 1768 4628 μάλι

1893 4567 2089 4613 testem
2125 4559 2295 4612 habes
2338 4557 2624 4627 pravitatis
2665 4567 2793 4622 tuae,
2828 4557 3042 4614 vereris
3065 4597 3080 4624 ,
3114 4571 3299 4628 neque
3342 4558 3479 4612 solis

197 4650 522 4706 σταπάντων
540 4649 790 4716 ἐκείνων,
803 4653 896 4703 καὶ
924 4647 1048 4704 οὒτε
1064 4650 1164 4720 τὴν
1182 4651 1252 4704 τὰ
1268 4651 1452 4704 πάντα
1470 4649 1772 4720 βόσκουσαν

1885 4665 2012 4706 crca
2039 4664 2192 4705 orem
2245 4665 2424 4718 neque
2457 4649 2744 4704 hominum
2785 4665 3137 4720 quemquam.

195 4748 346 4818 ἡλίου
369 4745 546 4814 φλόγα
581 4746 838 4816 μάρτυρα
869 4747 968 4814 τῆς
991 4745 1258 4816 πονηρίας
1285 4743 1424 4815 ἔχων
1449 4745 1707 4816 αἰσχύνῃ,
1733 4743 1858 4798 οὐτε
1881 4745 1990 4816 μὴν
2007 4743 2099 4796 τὸν
2115 4741 2210 4796 τοῦ
2235 4742 2390 4812 ἡλίου
2413 4742 2758 4813 δημιουργὸν
2776 4742 2892 4797 οὐτ’
2918 4743 3222 4816 ἀνθρώπων
3253 4746 3472 4802 οὐδένα.

264 4838 365 4894 It".
393 4841 506 4894 Καὶ
531 4839 619 4891 ῐνα
643 4855 703 4890 σε
728 4838 822 4892 καὶ
865 4839 966 4908 τὴν
991 4837 1089 4906 τῆς
1122 4833 1408 4907 ἐνεργείας
1435 4838 1637 4902 διδάξω
1668 4855 1783 4907 φω-

197 4933 290 5002 νὴν
319 4915 489 4985 οὖσαν
518 4929 724 4998 μᾶλλον
752 4929 866 4982 τῶν
893 4929 1209 4998 ὁμωνύμων
1245 4928 1437 5000 αὐτὴν,
1475 4928 1542 5000 [Γ.
1577 4930 1680 4983 MO
1707 4927 1779 5000 r.]

199 5030 288 5078 καὶ
319 5024 751 5093 λαμϐανομένην
803 5022 898 5074 καὶ
947 5021 1037 5073 ἐπ’
1074 5020 1251 5074 ἄλλων
1303 5021 1428 5091 μὲν,
1462 5022 1599 5075 ἀλλὰ
1644 5022 1783 5074 κάπὶ

198 5115 292 5184 τῆς
325 5115 480 5176 Θείας
506 5113 724 5182 ἐκείνης
751 5113 848 5165 καὶ
883 5110 1164 5179 μακαρίας
1197 5111 1386 5172 οὐσίας
1414 5111 1509 5164 καὶ
1543 5109 1782 5176 φύσεως,

198 5209 323 5260 ὅταν
375 5205 850 5276 ἀπροσδιορίστως
909 5203 1160 5271 λέγηται,
1209 5201 1306 5254 τοῦ
1363 5203 1511 5254 θείου
1563 5202 1783 5270 πρῶτον

201 5299 360 5350 ἄκουε
402 5297 685 5366 Μαξίμου·
721 5315 739 5347 ι
781 5295 846 5347 Ἠ
883 5294 1444 5363 αὐτοῦπεραγαθότης
1489 5291 1615 5357 νοῦς
1649 5292 1786 5346 οὖσα

202 5397 289 5444 καὶ
323 5391 420 5458 ὅλη
475 5394 729 5459 ἐνέργεια
779 5391 860 5449 είς
894 5385 1092 5454 ἑαυτὴν
1127 5385 1488 5455 ἑστραμμένη
1519 5386 1785 5454 ἐνέργειά

206 5486 366 5547 ἑστιν,
398 5487 460 5537 οὐ
511 5484 742 5550 δυνάμει
797 5485 1066 5549 πρότερον
1126 5478 1260 5532 οὖσα
1296 5479 1605 5549 ἀφροσύνη,
1666 5475 1784 5532 εἶτα

204 5573 321 5636 νοῦς
352 5574 606 5646 ἐνεργείᾳ.
632 5571 930 5642 γενομένη,
980 5570 1146 5623 Ὄοεν
1184 5573 1278 5623 καὶ
1302 5570 1427 5633 νοῦς
1463 5573 1584 5624 ἐστι
1618 5572 1782 5638 μόνος

207 5666 454 5735 καθαρὸς,
490 5667 592 5718 οὐκ
616 5665 914 5733 ἐπίκτητον
945 5663 1084 5734 ἔχων
1111 5663 1170 5715 τὸ
1202 5668 1442 5733 φρονεῖν,
1479 5663 1615 5716 ἀλλὰ
1653 5664 1786 5731 παρ’

208 5759 389 5812 ἑαυτοῦ
419 5762 638 5821 πάντως
667 5762 803 5812 νοεῖ.
832 5758 892 5810 lii
924 5759 1032 5827 γὰρ
1066 5758 1099 5825 ὴ
1124 5757 1224 5824 μὲν
1253 5756 1412 5809 οὐσία
1446 5755 1613 5808 αὐτοῦ
1646 5757 1779 5824 ἄλλη

211 5851 366 5921 iniu,
400 5853 436 5908 ἃ
466 5855 522 5908 δὲ
550 5855 666 5906 νοεῖ
694 5851 861 5922 ἕτερα
905 5851 1070 5906 αὑτοῦ
1103 5853 1273 5914 ἐστιν,
1308 5850 1536 5920 ἀνόητος
1563 5848 1717 5931 ἔσται
1748 5854 1781 5921 ἡ

1951 4834 2093 4890 XIII.
2129 4835 2196 4890 Et
2237 4844 2295 4889 ut
2328 4847 2379 4890 te
2408 4836 2577 4910 etiam
2609 4835 2919 4891 efﬁcientia:
2962 4835 3224 4892 edem-am
3282 4854 3476 4893 vocem

1881 4943 2004 4982 esse
2036 4926 2206 4997 magis
2229 4925 2555 4980 eorumdem
2585 4927 2871 4979 nominum
2903 4925 3102 4995 ipsam,
3129 4934 3185 4981 et
3214 4931 3477 4995 usurpari

1881 5028 1937 5073 et
1967 5018 2022 5073 in
2055 5018 2180 5072 aliis
2210 5017 2572 5086 quidem,sed
2603 5026 2660 5072 et
2685 5019 2737 5071 in
2770 5017 2953 5070 divina
2984 5017 3074 5071 illa
3112 5026 3170 5072 et
3199 5018 3358 5073 beata
3387 5038 3479 5073 es-

1884 5111 2062 5168 sentia
2103 5121 2160 5166 et
2193 5120 2413 5176 natura,
2467 5126 2593 5165 cum
2623 5112 2922 5166 indiscrete
2953 5112 3194 5175 dicatur,
3231 5113 3477 5182 primum

1884 5203 2135 5257 divinum
2168 5203 2364 5258 audias
2395 5203 2689 5257 Maximum
2735 5220 2751 5258 :
2784 5203 3018 5257 Maxima
3057 5203 3310 5269 bonitas,
3357 5223 3482 5275 q'ie

1896 5314 2050 5354 mens
2081 5308 2186 5365 est,
2232 5308 2285 5352 et
2315 5300 2496 5354 omnis
2524 5298 2845 5366 eﬁicientia,
2877 5303 2932 5353 in
2965 5315 3025 5353 se
3057 5303 3481 5367 conversa,elii-

1894 5395 2093 5448 cientia
2115 5401 2363 5461 cst,cum
2399 5407 2506 5446 non
2535 5393 2840 5447 secundum
2874 5393 3179 5464 potentiam
3217 5404 3375 5449 antea
3411 5396 3484 5450 sit

1888 5485 2149 5548 amentia,
2196 5494 2396 5554 postea
2429 5499 2584 5539 mens
2639 5486 2944 5541 secundum
2995 5486 3348 5542 efﬁcientiam
3385 5493 3483 5555 iit;

1889 5578 2073 5646 itaque
2104 5579 2271 5632 etiam
2318 5592 2474 5632 mens
2514 5587 2599 5632 est
2645 5579 2759 5633 sola
2811 5595 3098 5649 pura,non
3137 5579 3345 5634 factitia
3388 5598 3484 5634 usa

1887 5672 2241 5739 cogitatione,
2275 5669 2370 5724 sed
2405 5686 2502 5739 per
2520 5685 2579 5724 se
2602 5672 2774 5740 ipsam
2824 5674 3052 5725 ontiiino
3085 5674 3341 5741 intelligit
3394 5676 3484 5727 lit-

1887 5765 2032 5817 enim
2061 5764 2104 5817 si
2125 5763 2360 5818 essentia
2383 5765 2502 5832 ejus
2523 5764 2737 5818 diversa
2761 5775 2864 5829 est,
2887 5782 3007 5834 (ματ
3030 5777 3211 5819 autem
3229 5769 3489 5840 294m-

1887 5852 2190 5922 telligit,ab
2218 5866 2281 5908 ea
2304 5852 2520 5908 diversa
2555 5854 2835 5918 sunt,sinc
2863 5868 3027 5907 sensu
3049 5857 3114 5907 sit
3153 5872 3375 5910 necesse
3401 5868 3482 5910 est
