4110 6330
577 394 686 456 9.ῧῖ

1783 376 2206 440 NICEPHORI
2249 374 2643 436 GliEGORzﬁ

3743 366 3858 430 264

580 510 755 569 Atque
791 499 1013 561 Paulus,
1055 515 1072 548 ι
1109 495 1268 562 Quia,
1297 495 1496 563 inquit,
1528 491 1820 546 veritatem
1852 505 1963 544 non
2003 501 2160 541 acce-

2296 488 2362 540 εαὶ
2394 484 2738 554 μεμηνότων.
2766 482 2876 537 Καὶ
2908 479 3120 544 Παῦλος
3148 480 3230 544 δὲ,
3265 497 3283 532 ι
3326 478 3476 535 Ἀνο⁹
3498 476 3597 545 ὧν,
3638 497 3657 532 ι
3691 486 3853 548 φησι.

580 603 802 664 perunt,
857 591 1036 644 mittet
1067 588 1133 641 iis
1163 585 1511 641 eflicientiam
1543 583 1752 637 erroris
1802 595 1976 650 usque
2025 579 2157 632 dum

580 684 936 739 crediderint.
974 700 989 730 ι
1028 679 1133 733 Sed
1187 678 1353 731 etiam
1406 682 1575 728 totam
1623 673 1878 727 animalis
1929 667 2163 722 admini-

585 777 902 832 strationem
957 781 1014 826 ct
1056 768 1526 839 dispensationem
1575 763 1920 820 efficientiam
1983 760 2156 814 sancti

581 877 798 930 vocant,
839 867 956 921 sive
988 863 1215 919 vivendi
1243 860 1411 924 vires,
1460 867 1514 912 et
1565 853 1905 925 intelligendi
1938 864 1993 907 et
2040 866 2163 907 sen-

581 959 773 1015 tiendi.

657 1050 771 1104 XV.
797 1037 933 1102 Cum
965 1045 1134 1118 igitur
1169 1053 1246 1099 tot
1277 1039 1711 1111 signiﬁcationes
1736 1038 1833 1092 tibi
1866 1034 2161 1106 propositae

584 1144 715 1206 sint,
757 1156 892 1210 quas
926 1139 1199 1208 significat
1248 1151 1349 1188 vox
1377 1172 1391 1195 ,
1431 1133 1623 1186 eodem
1672 1139 1834 1197 atque
1876 1127 2161 1183 efﬁcientia

585 1235 810 1288 nomine
863 1231 1108 1300 przt‘dila,
1158 1227 1251 1294 qui
1296 1234 1352 1278 tu
1391 1221 1760 1292 praetermissa
1793 1218 2037 1273 omnium
2073 1231 2162 1270 co-

585 1326 830 1394 gnitione
860 1320 1117 1388 confugis
1161 1317 1225 1370 ad
1278 1331 1394 1378 eas,
1433 1330 1556 1383 quae
1603 1313 1656 1366 in
1699 1310 2005 1379 Scripturis
2054 1323 2160 1360 non

585 1418 959 1485 reperiuntur,
991 1423 1047 1467 et
1075 1411 1391 1478 Scripturas
1424 1406 1550 1458 talia
1585 1404 1770 1458 dicere
1804 1402 1941 1456 falso
1971 1398 2162 1453 crimi-

583 1507 772 1560 naris?
806 1504 906 1558 Ubi
932 1503 1077 1557 enim
1111 1499 1334 1554 diﬁcrre
1366 1497 1590 1553 omnino
1625 1495 1758 1548 dicit
1795 1493 2034 1548 Joannes
2063 1491 2162 1543 Da-

585 1612 877 1652 masccnus
905 1595 971 1648 ab
1009 1595 1250 1645 increata
1279 1604 1472 1643 natura
1508 1589 1805 1641 increatam
1839 1585 1954 1653 ejus
1999 1581 2164 1651 299

595 1687 981 1751 efﬁcientiam,
1015 1686 1156 1738 sicut
1205 1693 1262 1735 tu
1308 1683 1421 1734 ha‘c
1481 1679 1754 1747 pervertis
1814 1674 2164 1743 impudenter

587 1778 974 1837 criminando?
1019 1777 1235 1830 Etenim
1265 1774 1526 1842 explicari
1555 1770 1778 1840 quidem
1806 1776 2060 1823 naturam
2091 1766 2161 1823 ab

2275 597 2292 630 ι
2338 581 2434 649 τὴν
2473 579 2734 648 ἀλήθειαν
2774 578 2874 630 οὐκ
2915 577 3183 642 ἐδέξαντο,
3226 574 3431 642 πέμψει
3471 575 3656 635 αὐτοῖς
3696 572 3855 640 ἐνέρ-

2268 686 2425 738 γειαν
2460 670 2671 734 πλάνης
2703 671 2781 731 εἰς
2812 668 2874 720 τὸ
2907 667 3197 721 πιστεῦσαι
3231 665 3452 726 αὐτούς.
3494 682 3513 715 ι
3558 663 3720 715 Ἀλλὰ
3753 662 3854 714 καὶ

2268 761 2366 830 τὴν
2405 761 2497 813 τοῦ
2538 761 2678 818 ζώου
2714 762 2893 814 πᾶσαν
2927 758 3241 827 οἰκονομίαν
3288 759 3571 825 ἐνέργειαν
3611 754 3660 804 ei
3690 750 3846 818 ἃγιοί

2271 871 2463 921 φασιν,
2494 853 2680 905 είτουν
2732 853 2829 916 τὰς
2863 852 3103 916 ζωτικάς
3142 850 3404 920 δυνάμεις
3443 847 3541 910 τάς
3570 863 3630 898 τε
3656 845 3856 913 νοερᾶς

2269 944 2366 995 καὶ
2399 943 2754 1014 αίσθητικάς.

2343 1032 2446 1089 lE'.
2472 1034 2761 1089 Τοσούτων
2793 1034 2856 1106 δή
2889 1051 2972 1087 σοι
3020 1032 3406 1103 προκειμένων
3429 1026 3862 1100 σημαινομένων

2269 1126 2414 1195 ἅπερ
2439 1126 2473 1194 ὴ
2497 1125 2600 1194 τῆς
2625 1125 2912 1196 ἐνεργείας
2942 1124 3238 1196 ὁμώνυμος
3270 1123 3446 1194 [12141
3484 1120 3562 1193 v.]
3592 1119 3728 1175 οὖσα
3756 1137 3863 1188 ση-

2273 1219 2458 1288 μαίνει
2481 1219 2660 1286 φωνὴ,
2689 1219 2807 1280 πῶς
2843 1219 3212 1288 παρατρέχων
3239 1216 3494 1270 ἁπάντων
3521 1218 3618 1284 τὴν
3649 1216 3862 1283 γνῶσιν

2269 1309 2642 1380 καταφεύγεις
2681 1309 2934 1377 ἐφ’ἆπερ
2963 1310 3062 1361 οὐκ
3107 1308 3257 1361 ἐστιν
3309 1311 3369 1362 ὲν
3422 1309 3543 1366 ταῖς
3585 1307 3860 1374 Γραφαῖς.

2271 1403 2369 1455 καὶ
2400 1401 2581 1471 λέγειν
2615 1402 2975 1469 συκοφαντεῖς
3001 1401 3100 1462 τὰς
3139 1401 3366 1471 Γραφὰς
3391 1401 3460 1452 τὰ
3488 1399 3706 1462 τοιάδε;
3746 1399 3865 1450 Ποῦ

2273 1494 2384 1561 γὰρ
2410 1494 2695 1564 διαφέρειν
2725 1493 2860 1555 ὅλως
2905 1493 3071 1564 φησὶν
3121 1495 3149 1546 ὁ
3193 1491 3555 1562 Δαμασκηνὸς
3598 1487 3867 1556 Ἰωάννης

2270 1585 2370 1656 τῆς
2436 1587 2696 1640 ὰκτίστου
2742 1587 2958 1656 φύσεως
3001 1585 3102 1654 τὴν
3155 1585 3412 1639 άκτιστον
3465 1583 3672 1653 ταύτης
3708 1583 3870 1652 ἐνέρ-

2271 1696 2454 1748 γειαν,
2489 1677 2682 1750 ὥσπερ
2717 1679 2781 1732 σὺ
2827 1676 3139 1740 διαϐάλλεις
3185 1677 3412 1748 άναίδην
3461 1675 3864 1745 συκοφαντῶν;

2274 1769 2722 1839 Χαρακτηρίζειν
2777 1767 2880 1836 μὲν
2935 1768 3044 1837 γὰρ
3100 1766 3446 1836 ἀκηκόαμεν,
3503 1766 3784 1834 διαφέρειν
3818 1761 3867 1816 δ’

588 1890 653 1928 eo
686 1873 1017 1933 audivimus,
1061 1868 1285 1922 ditl'erre
1317 1875 1499 1919 autem
1534 1878 1655 1917 eam
1707 1874 1975 1929 nusquam
2022 1857 2175 1912 inve-

2296 1860 2491 1928 ιύδαμῆ
2520 1863 2613 1914 τὸν
2640 1861 2782 1914 θεῖον
2807 1861 2978 1930 ἄνδρα
3008 1861 3218 1914 ἐκεῖνον
3245 1859 3577 1932 εὑρίσκομεν
3606 1858 3868 1925 λέγοντα.

591 1970 772 2019 nimus
827 1962 1100 2014 dicentem
1159 1958 1312 2011 illum
1364 1953 1611 2009 divinum
1655 1953 1856 2005 virum.
1890 1948 2010 2004 Jam
2045 1961 2178 2003 vero

593 2057 636 2111 si
674 2066 726 2109 tu
755 2053 972 2123 quidem
1007 2052 1153 2103 illam
1189 2057 1402 2102 natura).
1433 2043 1857 2114 explicationem
1889 2055 1988 2110 pro
2018 2039 2178 2094 dific-

591 2147 766 2201 rentia
800 2142 1022 2207 accipis,
1058 2140 1170 2209 jam
1217 2147 1306 2192 est
1340 2136 1437 2190 tibi
1488 2136 1784 2204 reliquum,
1819 2146 1943 2185 cuin
1981 2129 2177 2184 audias

591 2237 929 2305 Si-ripturam
963 2228 1702 2298 dicentem,explicationem
1731 2223 1908 2279 Patris
1937 2236 2057 2277 esse
2087 2219 2179 2274 Fi-

591 2329 831 2398 liuni,ut
859 2319 1182 2375 dissimilem
1211 2317 1407 2371 Filium
1446 2315 1592 2369 Patri
1637 2313 1916 2377 enunties,
1945 2321 1997 2366 et
2032 2308 2179 2379 quod

594 2394 660 2470 ad
703 2424 952 2466 naturam
997 2410 1193 2462 attinet
1219 2404 1463 2460 essentia
1496 2409 1779 2457 carentem
1807 2410 1863 2453 et
1906 2397 2065 2450 valde
2098 2394 2186 2448 di-

597 2521 842 2560 versum.
887 2501 1016 2564 Sed,
1075 2511 1134 2553 ut
1169 2498 1405 2557 videtur,
1436 2493 1582 2563 quod
1633 2508 1662 2545 u
1715 2501 1910 2545 natura
1949 2501 2177 2558 pravum

595 2610 700 2660 est,
728 2606 786 2650 ut
819 2597 889 2649 ita
913 2596 1114 2652 dicam.
1139 2602 1194 2645 et
1217 2588 1385 2645 semel
1416 2587 1729 2656 periculoso
1760 2583 1963 2637 mentis
1989 2579 2183 2635 inorbo

605 2689 864 2743 affectum
896 2697 953 2740 et
1004 2693 1297 2754 propterea
1343 2675 1856 2744 divinis‘dogmatis
1890 2673 2182 2740 abruptum

596 2794 683 2839 cst
715 2784 768 2836 in
803 2795 1079 2842 errorem,
1113 2768 1358 2844 tempore
1387 2772 1572 2826 delere
1605 2768 1852 2822 habitum
1883 2763 2028 2818 haud
2072 2762 2187 2817 scio

599 2889 666 2928 an
696 2885 976 2939 nunquam
1009 2867 1203 2937 possit,
1233 2879 1339 2917 non
1375 2859 1549 2929 magis
1578 2871 1742 2928 quam
1776 2851 2053 2909 interdum
2086 2849 2188 2902 lia-

599 2966 781 3022 bitum
837 2960 1051 3033 pulchri
1101 2973 1171 3012 ex
1219 2956 1373 3027 pocsi
1409 2953 1615 3024 pellere
1663 2958 1865 3020 potest,
1903 2941 2190 3000 celerrime

598 3059 882 3114 decutitur
910 3070 968 3107 re
1009 3053 1127 3121 ipsa
1154 3051 1427 3103 detectum
1450 3087 1466 3112 ,
1501 3059 1625 3099 cum
1666 3050 1863 3097 natura
1915 3035 2106 3094 redeat
2135 3041 2192 3089 et

601 3149 838 3220 recipiat
899 3143 1156 3200 facillime
1195 3138 1521 3210 genuinum.
1566 3134 1630 3188 Et
1663 3143 1720 3188 tu
1751 3132 1973 3203 quidem
2013 3127 2189 3183 simu-

599 3219 766 3297 lando
796 3248 847 3292 te
881 3236 1082 3291 efferre
1114 3230 1428 3287 testimonia
1453 3227 1684 3296 scripta,
1711 3224 1900 3278 insane
1929 3219 2150 3290 quidem
2174 3256 2190 3282 ,

609 3345 732 3405 ipse
759 3326 1050 3384 stultitiam
1079 3332 1228 3378 tuam
1265 3323 1409 3375 ultro
1438 3317 1671 3388 detegis,
1706 3330 1827 3384 qua:
1866 3327 1990 3366 cum
2027 3310 2193 3364 etiam

606 3401 661 3477 in
695 3418 1021 3475 sententiam
1053 3427 1244 3484 vagam
1275 3422 1331 3466 ct
1367 3409 1590 3479 impiam
1625 3414 1931 3477 pervertas,
1956 3403 2066 3473 jam
2096 3401 2197 3454 im-

603 3512 933 3584 probitatem
967 3507 1066 3561 tibi
1109 3503 1386 3576 propriam
1443 3500 1663 3570 publice
1713 3494 1969 3565 exponis.
2003 3491 2195 3560 Neque

605 3607 754 3661 eiiim
781 3603 890 3672 jam
920 3601 1158 3655 celatum
1200 3593 1346 3666 quod
1394 3592 1460 3647 ad
1493 3590 1661 3645 animi
1705 3589 1966 3656 mysteria
1997 3585 2198 3638 attinet

606 3710 667 3749 se
702 3695 1073 3748 dormiturum
1120 3693 1306 3754 sperat
1353 3679 1642 3752 pravitatis
1676 3677 1857 3732 scelus
1890 3684 2186 3728 secretum.

606 3782 898 3840 Eniaiiavit
937 3779 1084 3833 enim
1121 3787 1175 3831 ct
1206 3777 1483 3844 divulgata
1512 3779 1597 3826 est
1637 3771 1691 3824 in
1721 3768 1858 3824 solis
1906 3766 2094 3820 radios
2128 3766 2202 3820 si-

608 3877 829 3945 mulque
856 3876 909 3927 in
928 3871 1227 3926 ludibrium
1252 3877 1307 3922 et
1330 3866 1733 3922 cavillationem
1770 3861 1970 3918 theatri
1997 3859 2196 3914 comici

609 3968 975 4036 frequentem,
993 3973 1048 4017 et
1070 3961 1298 4032 gloriam
1321 3973 1486 4029 quam
1509 3953 1726 4024 assequi
1745 3951 2002 4008 studehas
2020 3949 2202 4020 perdi-

617 4059 744 4115 disti
777 4065 1037 4111 mutatam
1064 4052 1226 4122 300
1254 4053 1308 4105 in
1338 4046 1644 4112 infamiam,
1677 4045 1823 4116 quod
1853 4054 2035 4099 autem
2051 4042 2197 4097 vela-

614 4153 712 4207 bas
741 4151 878 4220 ipse,
905 4149 1144 4202 dedecus
1183 4153 1361 4208 tuum,
1394 4143 1514 4214 ejus
1534 4143 1644 4211 iam
1676 4153 1832 4194 sacra
1878 4137 2200 4193 revelatoria

614 4245 796 4299 facere
815 4249 866 4296 te
885 4249 944 4294 ut
979 4239 1034 4293 in
1075 4236 1274 4291 Bacchi
1302 4235 1577 4306 mysteriis
1626 4247 1736 4287 non
1774 4232 1966 4287 sentis.

685 4333 825 4388 XVI.
880 4333 1131 4387 Palamas
1179 4340 1362 4382 autem
1410 4325 1551 4381 nihil
1599 4325 1668 4380 ad
1703 4325 1822 4379 lube
1863 4321 2205 4392 respondens

618 4426 780 4480 aliain
812 4423 939 4477 iniit
965 4423 1133 4482 viam,
1160 4430 1220 4472 ut
1250 4429 1371 4473 erat
1398 4419 1518 4486 ejus
1552 4431 1690 4470 mos.
1725 4414 1920 4470 Nonne
1949 4427 2200 4484 magnus,

622 4517 824 4587 inquit,
858 4514 1090 4568 Basilius
1141 4529 1208 4566 ex
1239 4508 1545 4565 elIicientiis
1572 4507 1684 4592 ‘Dei
1715 4505 1851 4562 dicit
1879 4521 1979 4561 nos
2007 4519 2210 4576 cogno-
2243 4537 2286 4592 D
2320 4552 2338 4585 ε

623 4624 781 4666 scere
819 4605 1027 4661 Deum?
1053 4605 1368 4659 Ellicientia:
1399 4602 1546 4656 enini
1572 4589 1720 4670 ejus,
1761 4599 1837 4654 ait
1867 4600 1978 4665 ille,
2006 4597 2072 4652 ad
2111 4613 2211 4653 nos

623 4701 986 4761 descendunt,
1023 4703 1258 4753 essentia
1292 4708 1475 4751 autem
1527 4697 1646 4766 ejus
1679 4705 1868 4749 manet
1913 4693 2207 4747 inaccessa.

627 4792 734 4848 Has
768 4789 1279 4862 igitnrcfﬁcientias
1328 4790 1490 4843 habet
1538 4789 1705 4851 Deus,
1756 4786 1852 4855 qui
1899 4786 2042 4838 alius
2084 4793 2208 4844 est,

623 4886 762 4938 alias
787 4893 842 4938 et
869 4884 1182 4947 increatas;
1220 4881 1302 4935 ha:
1331 4882 1476 4935 enim
1511 4891 1635 4934 sunt
1664 4877 2052 4948 providentiae,
2085 4884 2214 4930 sunt

628 4982 882 5034 eventus,
908 4988 1073 5042 porro
1101 4972 1412 5035 infinitum,
1440 4970 1749 5032 immotum,
1804 4968 2057 5037 simplex,
2109 4967 2214 5020 ini-

631 5065 712 5118 tio
742 5074 796 5116 et
832 5067 936 5116 linc
977 5079 1192 5125 carens,
1228 5063 1517 5131 sapientia,
1542 5062 1717 5114 Virtus
1749 5069 1804 5114 et
1844 5061 2061 5118 similia.
2093 5075 2214 5127 quae

627 5159 811 5210 omnia
838 5156 940 5209 alia
966 5157 1186 5224 quidem
1249 5165 1376 5208 sunt
1414 5170 1477 5208 ac
1520 5156 1780 5217 essentia,
1805 5153 1898 5206 sed
1951 5152 2212 5205 incrcnta.

628 5247 791 5302 Aliud
841 5249 986 5302 enini
1034 5257 1115 5301 est
1144 5247 1290 5316 quod
1325 5246 1511 5308 habet,
1532 5246 1676 5299 aliud
1707 5247 1852 5313 quod
1888 5245 2138 5304 iial,e:ui',
2162 5251 2212 5295 ct

628 5340 907 5394 diversum
942 5338 1186 5408 quidem.

704 5533 869 5589 XVII.
917 5536 992 5590 Ad
1033 5537 1149 5592 luec
1183 5534 1452 5606 Gregoras
1490 5536 1850 5602 respondens,
1884 5534 2171 5603 l‘roprium
2199 5574 2213 5598 ,

633 5623 830 5692 inquit,
873 5626 972 5677 hoc
1003 5626 1122 5691 tibi,
1161 5627 1358 5690 amice,
1391 5637 1480 5694 est.
1512 5630 1750 5696 signum,
1790 5639 1847 5678 ut
1900 5627 2032 5678 iiinil
2067 5625 2212 5694 quod

633 5714 697 5765 ad
731 5729 844 5765 rem
881 5717 1170 5783 pertineat,
1199 5718 1554 5787 respondeas,
1583 5718 1676 5771 sed
1709 5731 1806 5785 pro
1838 5717 1956 5768 aiiis
1989 5719 2090 5769 alia
2117 5719 2213 5769 ad-

631 5803 802 5859 ducas
836 5806 1174 5876 iinpei'ferta,
1200 5810 1422 5865 omissis
1451 5811 1537 5873 iis,
1561 5825 1679 5878 quae
1707 5810 1878 5877 magis
1903 5809 2215 5864 necessaria

2390 1954 2449 2008 δὲ
2509 1956 2573 2008 τὸ
2623 1954 3056 2025 χαρακτηρίζειν
3086 1941 3250 2017 αὐτὸς
3283 1953 3408 2008 ἀντὶ
3456 1951 3552 2005 τοῦ
3583 1947 3873 2019 διαφέρειν

2279 2042 2610 2114 λαμϐάνεις,
2674 2040 2792 2113 ὥρα
2853 2058 2935 2094 σοι
3001 2042 3189 2093 λοιπὸν
3246 2039 3343 2093 xui.
3402 2039 3736 2110 χαρακτῆρα
3769 2036 3873 2089 τοῦ

2280 2135 2495 2206 Πατρὺς
2550 2133 2643 2196 τὸν
2704 2133 2834 2188 Υίὸν
2864 2134 2964 2204 τῆς
2999 2131 3224 2204 Γραφῆς
3279 2131 3534 2186 ἀκούοντι.
3569 2131 3874 2199 λεγούσης,

2282 2228 2536 2328 ἀνόμοιον
2569 2229 2661 2281 τὸν
2705 2227 2836 2279 Υίδν
2869 2225 2946 2297 τῷ
2977 2226 3156 2297 Πατρὶ
3208 2224 3506 2296 κηρύττειν
3563 2225 3658 2278 καὶ
3701 2225 3873 2278 ἀνού-

2285 2315 2404 2374 σιοῦ
2475 2320 2571 2373 καὶ⁸
2626 2319 2829 2390 σφόδρα
2889 2317 3151 2388 διάφορον
3207 2315 3307 2387 τὴν
3356 2317 3545 2385 φύσιν.
3617 2315 3758 2367 Ἀλλ’
3793 2315 3878 2378 ὡς

2286 2412 2456 2477 ἔοικε,
2491 2411 2554 2465 τὸ
2591 2411 2753 2478 φύσει
2793 2411 2966 2466 κακὸν
3015 2410 3092 2475 ὡς
3135 2411 3332 2475 εἰπεῖν,
3365 2410 3463 2462 καὶ
3511 2410 3578 2464 τά
3606 2408 3707 2475 τῆς
3753 2408 3879 2461 δια-

2291 2507 2442 2564 νοίας
2501 2503 2650 2568 ἅπαξ
2708 2503 2901 2574 καίρια
2956 2503 3248 2569 νενοσηκὸς
3281 2499 3515 2554 καὶτῶν
3554 2499 3716 2553 Θείων
3748 2501 3881 2551 ἑπι-

2289 2594 2517 2664 σφαλῶς
2551 2594 2879 2664 ἀπερρωγὸς
2911 2593 3002 2646 διὰ
3024 2591 3197 2645 ταῦτα
3226 2590 3538 2660 δογμάτων,
3567 2591 3742 2660 χρόνῳ
3769 2589 3882 2659 τὴν

2285 2686 2404 2751 ἕξιν
2434 2687 2536 2741 οὐκ
2583 2689 2648 2743 άν
2686 2691 2806 2742 ποτ’
2837 2676 3246 2756 ἀποτρίψασθαι
3278 2684 3520 2748 δύναιτο,
3557 2686 3640 2738 ὅτι
3670 2684 3747 2754 μὴ
3775 2686 3884 2738 καὶ

2289 2781 2390 2850 τὴν
2424 2781 2538 2834 ἔσθ’
2573 2782 2664 2835 ὅτε
2715 2781 2810 2834 τοῦ
2864 2778 3034 2833 καλοῦ
3067 2777 3438 2849 προσποίησιν
3467 2780 3700 2847 τάχιστα
3737 2779 3885 2829 dir-.0-

2295 2875 2527 2944 σείεται,
2579 2873 2909 2943 πράγμασιν
2939 2873 3121 2934 αὐτοῖς
3174 2869 3557 2939 ἐλεγχόμενον,
3588 2869 3889 2940 παλινδρο-

2298 2967 2510 3037 μούσης
2565 2969 2669 3037 τῆς
2722 2966 2942 3035 φύσεως
2998 2964 3097 3017 καὶ
3145 2963 3640 3034 ἀναλαμϐανούσης
3674 2965 3739 3017 ὲκ
3778 2963 3883 3017 τοῦ

2296 3062 2502 3134 ῥᾴστου
2535 3060 2596 3112 τὺ
2632 3061 2880 3129 γνήσιον.
2924 3059 3036 3112 Καὶ
3071 3054 3136 3110 σύ
3173 3073 3238 3125 γε
3273 3057 3383 3128 μὴν
3413 3059 3474 3111 ὲν
3503 3057 3600 3126 μὲν
3633 3057 3708 3123 τῷ
3738 3075 3885 3127 γρα-

2299 3155 2465 3222 φικὰς
2493 3153 2804 3225 μαρτυρίας
2830 3149 3253 3222 προσποιεῖσθαι
3280 3151 3551 3225 κομίζειν,
3583 3151 3681 3221 οὐχ
3708 3151 3888 3218 ὑγιῶς

2297 3221 2343 3302 δ’
2374 3221 2618 3317 οἴω-την
2670 3221 2830 3310 αὐτὸς
2866 3221 3064 3302 σαυτοῦ
3105 3261 3168 3314 γε
3202 3221 3626 3314 αμαθίανκὲκὼν
3655 3245 3889 3311 ἐξελέγ-

2299 3357 2440 3411 χεις,
2494 3341 2555 3393 ὲν
2609 3337 2667 3391 δὲ
2705 3337 2784 3408 τῷ
2845 3339 2940 3391 καὶ
2979 3337 3118 3406 πρὸς
3174 3333 3462 3404 ἐπισφαλῆ
3514 3337 3611 3390 καὶ
3640 3336 3886 3405 δυσσεϐῆ

2298 3434 2541 3486 διάνοιαν
2572 3430 2745 3491 αὑτὰς
2775 3427 3133 3498 διαστρέφειν
3163 3427 3263 3498 τὴν
3297 3429 3511 3480 οἰκείαν
3541 3428 3623 3481 ἔτι
3657 3429 3890 3497 θεατρξο

2300 3528 2416 3590 ζεις
2472 3527 2790 3580 κακόνοιαν.
2847 3524 3048 3576 Οὐκέτι
3105 3523 3215 3594 γὰρ
3251 3523 3582 3589 ἀνέλεγκτον
3629 3523 3686 3580 ἐς
3717 3523 3785 3575 τά
3821 3539 3892 3589 γε

2299 3619 2402 3688 τῆς
2439 3619 2623 3689 ψυχῆς
2660 3617 2941 3686 μυστήρια
2991 3617 3354 3684 καθευδήσειν
3384 3615 3661 3676 ὲλπέζεται
3690 3615 3750 3666 τὸ
3784 3614 3898 3680 τῆς

2306 3709 2515 3772 κακίας
2546 3708 2868 3779 ἀπόρρητον
2902 3706 3057 3775 ἄγος·
3091 3706 3396 3777 ἐξερρύηκε
3425 3706 3532 3776 γὰρ
3574 3709 3670 3758 καὶ
3698 3706 3908 3759 διαπε-

2309 3802 2572 3872 φοίτηκεν
2631 3802 2690 3862 ἐς
2721 3799 2872 3868 ἡλίου
2908 3798 3081 3866 αὐγὰς
3115 3799 3209 3850 καὶ
3241 3798 3357 3867 ἅμα
3411 3799 3467 3859 ἐς
3501 3799 3756 3869 μυκτῆρα
3789 3801 3900 3855 καὶ

2315 3891 2518 3962 χλεύην
2549 3890 2780 3960 θεάτρου
2814 3893 3019 3961 μεστὴν
3049 3888 3316 3956 κωμικοῦ.
3352 3890 3460 3940 Καὶ
3494 3891 3561 3959 ἣν
3597 3889 3696 3958 μὲν
3732 3891 3898 3944 ἐδίω-

2313 4000 2405 4046 κες
2466 3983 2825 4046 ἀπολώλεκας
2881 3982 3040 4049 δόξαν
3074 3981 3211 4052 πρὸς
3259 3980 3480 4046 ἀδοξίαν
3517 3984 3894 4051 μετενεγκών·

2309 4078 2374 4148 ἣν
2394 4075 2440 4129 δ’
2463 4074 2771 4138 ὲκάλυπτες
2801 4073 3068 4144 αἰσχύνην
3094 4075 3258 4136 αὐτὸς
3297 4073 3521 4138 σαυτοῦ,
3557 4075 3758 4147 ταύτης
3788 4078 3901 4149 ἤδη

2305 4167 2377 4219 τὰ
2415 4167 2889 4237 ἀνακαλυπτήρια
2919 4166 3064 4220 θύων
3097 4166 3291 4236 ῶσπερ
3327 4165 3386 4218 ἐν
3416 4165 3715 4220 Διονυσίων
3747 4185 3908 4234 πομ-

2311 4258 2442 4323 παῖς
2470 4259 2573 4312 οὐκ
2601 4260 2859 4332 αἰσθάνῃ.

2385 4349 2506 4420 1G”.
2549 4351 2611 4405 '0
2644 4351 2702 4406 δὲ
2755 4351 3024 4421 Παλαμᾶς
3067 4351 3222 4406 οὐδὲν
3273 4354 3411 4424 πρὸς
3459 4354 3638 4410 ταῦτα
3662 4357 3917 4426 ἀποκρι-

2312 4444 2554 4514 νάμενος
2608 4444 2812 4514 ἑτέραν
2841 4443 3083 4506 ὲϐάδισε,
3122 4444 3286 4499 τοῦτο
3311 4445 3380 4515 δὴ
3408 4447 3468 4498 τὸ
3501 4448 3689 4509 εἰωθὸς
3719 4450 3908 4517 αὐτῷ.

2373 4530 2510 4588 Εἶτα
2541 4534 2641 4604 οὐχ
2675 4537 2704 4588 ὁ
2744 4535 2938 4605 μέγας,
2983 4541 3139 4608 φησὶ,
3178 4520 3465 4602 Βασίλειος
3510 4543 3574 4592 ὲκ
3603 4539 3710 4594 τῶν
3741 4543 3916 4612 svsp-

2314 4626 2483 4694 γειῶν
2535 4627 2631 4680 τοῦ
2686 4627 2822 4681 Θεοῦ
2855 4629 3056 4699 φάσκει
3097 4629 3391 4698 γνωρίζειν
3419 4633 3566 4701 ἡμᾶς
3596 4632 3688 4686 τὸν
3717 4633 3858 4686 θεόν
3886 4656 3908 4702 ;

2314 4716 2381 4768 Δί
2414 4717 2522 4786 γὰρ
2555 4718 2836 4786 ἐνέργειαι
2867 4716 3056 4791 αὑτοῦ,
3095 4721 3250 4790 φησι,
3282 4721 3418 4791 πρὸς
3451 4720 3602 4790 ἡμᾶς
3631 4722 3920 4778 καταϐαί-

2315 4820 2525 4866 νουσιν.
2578 4805 2613 4873 ἡ
2664 4805 2709 4857 δ’
2743 4805 2900 4857 οὐσία
2931 4804 3096 4858 αὐτοῦ
3128 4808 3282 4876 μένει
3329 4807 3645 4876 ἀπρόσιτος.
3681 4808 3920 4876 Ταύτας

2315 4891 2410 4948 οὖν
2441 4895 2541 4959 τὰς
2572 4898 2858 4967 ἐνεργείας
2886 4896 2998 4967 ἔχει
3031 4899 3058 4949 ὁ
3088 4897 3220 4961 Θεὸς
3244 4897 3402 4962 ἄλλος
3435 4897 3510 4952 ὣν
3541 4898 3707 4963 ἄλλας
3730 4899 3921 4967 οῦσας

2318 4990 2410 5041 καὶ
2465 4989 2778 5051 ὀικτίστούς⁸
2843 4983 3004 5042 αὗται
3062 4993 3171 5060 γάρ
3225 4991 3364 5065 εἰσιν
3417 4990 3475 5045 αί
3537 4993 3816 5060 πρόνοιαι,
3851 5000 3922 5051 οἱ

2318 5080 2563 5149 πρόοδοι,
2599 5081 2660 5132 τὸ
2697 5080 2948 5149 ἄπειρον,
3011 5081 3072 5134 τὸ
3132 5084 3443 5151 ἄτρεπτον,
3477 5083 3540 5137 τὸ
3570 5083 3810 5148 ἁπλοῦν,
3849 5088 3924 5140 τὸ

2317 5171 2580 5238 ἄναρχον,
2633 5172 2696 5221 τὸ
2743 5171 3128 5239 ἀτελεύτητον,
3178 5175 3212 5242 ἡ
3250 5174 3504 5244 σοφία,ἡ
3549 5175 3774 5245 δύναμι,
3812 5180 3926 5234 καὶ⁵

2315 5263 2384 5313 τὰ.
2415 5261 2665 5325 τοιαῦτα,
2695 5263 2833 5315 ἄλλα
2877 5266 2975 5332 μὲν
3011 5266 3141 5318 ὄντα
3174 5267 3327 5335 παρὰ
3372 5269 3474 5338 τὴν
3500 5270 3708 5336 οὐσίαν,
3741 5271 3925 5325 ἄκτι-

2323 5372 2418 5404 ςτιι
2458 5355 2536 5407 δέ.
2597 5357 2759 5409 Ἄλλο
2789 5359 2896 5425 γὰρ
2941 5360 2998 5410 τι
3037 5358 3160 5428 ἕχον
3217 5361 3314 5412 καὶ
3356 5362 3486 5415 ἄλλο
3525 5362 3588 5415 τὸ
3639 5364 3926 5432 ἐχόμενον

2323 5449 2414 5498 καὶ
2453 5447 2734 5515 διάφορον.
2781 5470 2797 5500 ι

2389 5537 2487 5592 ΙΖ’.
2511 5539 2572 5610 μ’.
2592 5542 2691 5594 142
2721 5543 2792 5614 ις]
2813 5545 2953 5614 [ip-3;
2983 5548 3155 5601 ταῦτα
3187 5553 3211 5600 ὁ
3245 5550 3529 5620 Γρηγορᾶς
3554 5550 3924 5620 ἀποκριθεὶς,

2329 5651 2347 5682 ι
2394 5633 2554 5684 Ἴδιόν
2607 5652 2689 5686 σοι
2724 5635 2904 5697 τοῦτο,
2942 5641 3129 5706 φησὶν,
3179 5635 3224 5693 ὦ
3271 5642 3550 5710 ἄνθρωπε.
3591 5641 3929 5713 γνώρισμα,

2323 5726 2490 5793 μηδὲν
2547 5729 2678 5794 πρὸς
2715 5728 2844 5790 ἔπος
2888 5732 3310 5801 ἀποκρίνεςῡαι,
3371 5736 3484 5786 αλλ’
3531 5736 3646 5787 ανο’
3701 5738 3930 5806 ἐτέρων

2320 5820 2684 5883 παρεισάγειν
2717 5823 2907 5893 ἕτερα,
2942 5827 3173 5895 ἡμιτελῆ
3207 5830 3274 5880 τὸ.
3298 5828 3706 5893 ἀναγκαιότερα
3740 5848 3934 5889 κατέ-
