4146 6302
107 71 368 209 τ

299 374 406 440 213

1239 382 1688 445 ΒῩΖΑΝΤΙΝΕ
1731 382 1888 443 HIS'l

1992 385 2114 444 [LE
2151 379 2296 444 LIB.
2339 382 2526 444 XXX.
3457 377 3570 442 975

369 484 474 540 18’.
515 485 672 540 Ἐπεὶ
711 486 755 538 δ’
779 487 807 540 δ
847 488 944 559 τῆς
978 490 1165 553 οὐςίας
1193 493 1319 563 ὅρος
1349 497 1446 548 καὶ
1475 493 1634 559 λόγος
1655 493 1881 563 (ταυτὸν

2062 495 2206 551 XIX.
2239 494 2512 561 Quoniam
2547 502 2730 547 autem
2774 491 3031 548 essentia:
3062 487 3311 543 deﬁnitio
3339 497 3394 542 et
3431 489 3576 543 ratio

297 577 410 644 γὰρ
440 576 568 644 δρος
619 576 712 629 καὶ
759 576 942 646 λόγος)
974 581 1209 650 πρᾶγμά
1267 584 1418 636 ἐστιν
1466 583 1878 652 αὐθύπαρκτον,

299 665 378 736 μὴ
414 667 675 736 δεόμενον
727 667 923 737 ἑτέρου
981 670 1119 738 πρὸς
1165 670 1424 745 ὓπαρξιν,
1455 674 1538 743 εῐη
1571 672 1637 726 ἂν
1664 675 1882 734 πάντως

295 760 399 812 καὶ
417 761 447 812 δ
474 760 578 828 τῆς
608 761 891 830 ινεργεῐας
922 761 1082 829 λόγος
1119 765 1147 814 ὁ
1175 764 1362 830 αὐτὸς,
1388 763 1493 818 κᾶν
1519 768 1633 822 τοῖς
1654 763 1884 832 ὀνόμασι

293 848 618 920 διαφέρωσι,
656 851 894 920 πρᾶγμα
946 852 1338 925 αὐθύπαρκτον
1397 855 1625 926 δηλαδὴ,
1660 856 1736 926 μὴ
1768 855 1886 908 δεό-

300 957 469 1009 μενον
517 941 708 1010 ἑτέρον
759 943 896 1013 πρὸς
935 944 1196 1012 ὓπαρξιν.
1237 945 1396 1001 Οὕτω
1439 945 1551 1018 γὰρ
1599 947 1694 1002 καὶ
1725 948 1753 1000 ὁ
1781 945 1886 1015 τῆς

291 1033 630 1103 ταυτότητος
686 1033 919 1099 σώζεται
974 1037 1153 1105 λόγος,
1217 1039 1296 1103 ὡς
1355 1040 1452 1092 καὶ
1510 1041 1540 1092 ὁ
1592 1039 1694 1108 τῆς
1751 1038 1886 1109 ἀλη-

291 1124 444 1188 θείας
501 1125 848 1198 δμολογητὴς
909 1127 1205 1196 σοφώτατα
1271 1130 1696 1202 μεμαρτύρηκε,
1756 1130 1887 1186 Θεό-

296 1217 476 1289 δωρος
526 1220 556 1272 6
608 1219 890 1290 Γραπτδς,
950 1237 970 1271 σ
1011 1221 1203 1286 Οὕτως
1255 1221 1346 1286 ἂν,
1404 1224 1609 1294 φήσας,
1647 1222 1888 1288 εὐσεϐῶς

295 1310 522 1378 νοηθείη
548 1312 582 1380 ή
616 1312 716 1380 μὲν
745 1312 866 1366 θεία
896 1313 1148 1384 ἐνέργεια
1171 1314 1361 1378 ἀῐδιος,
1387 1315 1590 1386 μᾶλλον
1613 1315 1660 1368 δ’
1683 1317 1886 1371 αὐτενο

303 1402 521 1470 ἑργεια,
554 1403 635 1473 τῷ
669 1405 744 1475 μὴ
805 1405 1093 1475 διωρίσθαι
1116 1407 1216 1476 τῆς
1242 1406 1430 1470 οὐσίας
1456 1408 1556 1476 τὴν
1587 1407 1887 1478 ὶνέργειαν,

296 1496 440 1548 ἀλλά
496 1496 591 1549 τὸν
645 1498 810 1550 αὐτὸν
867 1496 1030 1566 λόγον
1081 1498 1435 1568 ἐπιδέχεσθαι
1494 1499 1584 1554 διὰ
1638 1500 1740 1570 τὴν
1787 1499 1888 1568 τῆς

296 1585 482 1650 ἀττλῆς
518 1589 614 1641 καὶ⁸
646 1588 944 1657 ἀσωμάτου
974 1589 1193 1658 φύσεως
1228 1591 1492 1661 ἰδιότητα.
1522 1610 1542 1644 ι
1562 1592 1674 1646 Καὶ
1697 1590 1883 1658 πάλιν,

304 1699 322 1732 ι
364 1679 601 1748 Ἕτερον
654 1681 850 1734 οὐσίαν
895 1684 992 1734 καὶ
1044 1682 1176 1737 ἄλλο
1216 1683 1504 1754 ινιργειαν
1553 1683 1665 1737 τῶν
1715 1684 1886 1738 πάλαι

297 1773 470 1834 τινὲς.
505 1772 583 1834 ὡς
625 1775 719 1826 ἐπὶ
751 1773 861 1827 τῶν
906 1773 1245 1844 σωματικῶς
1293 1775 1714 1846 θεωρουμένων,
1741 1776 1888 1827 οὕτω

299 1859 367 1928 δὴ
402 1861 544 1914 κάπὶ
575 1861 672 1915 τοῦ
706 1864 855 1918 θείου
911 1863 1074 1931 λόγου
1131 1865 1398 1918 ἐτίθεντο.
1443 1866 1620 1936 Ὅπερ
1655 1867 1768 1927 τοῖς
1800 1867 1889 1918 εὐ-
1923 1896 1963 1950 ο

299 1953 522 2006 σεσέσιν
555 1955 879 2025 ἀπείρηται.
929 1955 1060 2011 Ἐπὶ
1099 1958 1210 2027 γὰρ
1256 1956 1365 2010 τῶν
1398 1957 1588 2010 ἁπλῶν
1622 1959 1714 2011 καὶ
1745 1958 1890 2010 ἀσωο

299 2044 492 2112 μάτων
532 2047 590 2099 ὲν
635 2045 814 2098 οὐδενὶ
848 2045 1134 2116 διαφέρειν
1185 2046 1404 2100 ῐσασινο
1462 2048 1524 2099 οὐ
1575 2046 1684 2116 γὰρ
1719 2045 1892 2115 διορι-

298 2134 461 2187 στέον
512 2135 691 2189 ταῦτα
749 2137 1021 2206 ἀλλήλων,
1069 2139 1156 2192 ἵνα
1209 2139 1284 2209 μὴ
1346 2138 1602 2192 σύνθετον
1650 2137 1712 2191 τὸ
1747 2139 1890 2209 ὑπὲρ

301 2227 488 2279 πᾶσαν
523 2226 807 2296 ἁπλότητα
865 2228 1076 2297 νοῆται.
1139 2227 1280 2281 Οὔτε
1342 2227 1450 2298 γὰρ
1493 2230 1528 2298 ἡ
1577 2227 1696 2281 θεία
1728 2227 1890 2281 οὐσία

295 2318 660 2388 ἁνενὲργητος
692 2319 778 2388 εἴη
809 2319 873 2373 ἄν
910 2336 1062 2383 ποτε,
1089 2318 1201 2372 οὐτ’
1245 2319 1494 2385 ἀνούσιος
1521 2322 1561 2391 ﬂ
1581 2320 1882 2389 ἑνέργεια.»

310 2411 559 2472 ’Δκούεις
622 2411 730 2463 τῶν
768 2413 930 2481 ιερῶν
977 2413 1318 2466 διδασκάλων
1386 2415 1486 2482 τῆς
1555 2415 1888 2484 Ἐκκλησίας

297 2501 456 2569 παρὰ
486 2501 744 2554 τοσοῦτον
791 2506 857 2572 τῇ
900 2504 1060 2574 οὐσίᾳ
1097 2503 1195 2570 τὴν
1231 2505 1521 2574 ἐνέργειαν
1548 2507 1605 2558 ἓν
1631 2507 1725 2559 καὶ
1751 2525 1887 2560 ταυ-

295 2593 391 2646 τδν
436 2591 531 2644 ἰπὶ
563 2593 700 2646 Θεοῦ
739 2593 1201 2664 δογματιξὸντων,
1240 2597 1372 2667 παρ’
1411 2599 1535 2652 ὅσον
1573 2601 1886 2654 καὶαύτεν-

298 2683 520 2752 έργειαν
611 2684 840 2738 καλσιῦσι
891 2687 982 2739 διὰ
1041 2685 1140 2758 τὴν
1199 2688 1376 2758 ἄκραν
1439 2692 1768 2762 ταύτότητα,
1811 2692 1888 2756 ὡς

299 2774 424 2846 μηδ’
453 2775 616 2844 ἄχρις
663 2776 910 2839 ἐπινοίας
956 2778 1351 2848 παρακύπτειν
1409 2783 1528 2834 ἐκεῖ
1578 2782 1887 2854 δυναμένης

297 2863 566 2933 διαφορᾶς
601 2865 842 2922 διας-οὗν.
888 2886 906 2919 ι
946 2868 1196 2932 Ἀκούεις
1237 2869 1282 2923 δ’
1332 2868 1417 2924 ἔτι
1457 2871 1556 2923 καὶ
1603 2870 1745 2939 ὅπερ
1799 2885 1882 2922 σοι

300 2955 566 3027 ἀνωτέρω
608 2959 1023 3028 δεδηλώκαμεν·
1059 2961 1124 3012 σύ
1150 2962 1261 3030 γὰρ
1300 2960 1490 3028 ἔλεγες
1523 2960 1888 3031 ἀνενέργητον

300 3046 413 3099 τότ’
438 3043 584 3101 εἶναι
612 3049 714 3119 τὴν
731 3048 884 3103 θείαν
917 3051 1122 3120 μᾶλλον
1142 3051 1354 3114 οὐσίαν,
1373 3051 1506 3105 ὅταν
1537 3050 1596 3104 ἓν
1627 3053 1721 3105 καὶ
1748 3067 1885 3105 ταυ-

296 3141 388 3193 τὸν
417 3141 647 3212 λέγηται
674 3141 864 3213 ἄμφω,
881 3143 1004 3197 τότε
1030 3143 1072 3195 δ’
1095 3144 1319 3215 ινεργῆ,
1337 3145 1467 3198 ὅταν
1553 3145 1882 3216 διῃρημένα,

1992 589 2164 661 (idem
2210 587 2360 642 enim
2387 583 2638 640 definitio
2670 595 2725 638 et
2770 581 2933 653 ratio)
2965 597 3051 637 res
3075 588 3162 636 est
3191 579 3573 634 substantialis

1991 695 2112 749 qua:
2145 693 2253 732 non
2307 687 2462 747 egeat
2503 676 2606 730 alia
2639 676 2704 730 ad
2741 673 3142 735 exsistentiam,
3188 670 3414 724 omnino
3459 685 3570 723 non

1991 778 2173 839 potest
2193 783 2316 823 esse
2345 767 2512 821 etiam
2535 765 2838 821 eﬂicieutite
2898 763 3038 816 ratio
3093 775 3204 815 non
3235 757 3430 814 eadem
3487 757 3574 812 vel

1994 859 2051 914 in
2089 858 2412 914 nominibus
2439 856 2678 912 diversis
2702 897 2716 921 ,
2759 871 2848 909 res
2881 853 3140 908 nimirum
3191 848 3576 906 substantialis

1991 966 2115 1022 quae
2145 965 2254 1005 non
2281 958 2438 1020 egeat
2457 950 2563 1003 alia
2587 947 2654 1002 ad
2676 945 3044 1002 substantiam
3079 962 3092 998 :
3128 943 3202 998 ita
3233 941 3382 998 enim
3406 939 3577 995 etiam

1993 1042 2242 1113 ejusdem
2279 1039 2499 1110 generis
2545 1039 2685 1093 ratio
2719 1047 2994 1098 servatur,
3028 1032 3175 1104 quod
3234 1030 3398 1086 etiam
3428 1027 3576 1083 veri-

1996 1135 2126 1189 tatis
2156 1129 2444 1186 confessor
2479 1128 2891 1200 sapientissime
2932 1132 3165 1180 testatus
3211 1132 3297 1176 est
3321 1119 3582 1174 Theodo-

1995 1240 2093 1280 rus
2123 1224 2387 1294 Graptus,
2419 1237 2543 1279 cum
2571 1222 2759 1276 dicat:
2793 1237 2810 1271 ι
2845 1217 2959 1273 Hoc
3017 1215 3180 1289 modo
3211 1213 3300 1282 pie
3341 1210 3578 1282 cogitari

1994 1328 2130 1385 puto
2156 1333 2171 1368 :
2197 1313 2383 1368 divina
2413 1310 2709 1367 eﬂicientia
2735 1319 2820 1366 est
2858 1307 3218 1376 sempiterna,
3243 1303 3357 1357 sive
3389 1302 3578 1372 potius

1998 1407 2113 1478 ipsa
2143 1405 2461 1471 eﬂicicntia,
2505 1404 2635 1474 quia
2667 1419 2778 1457 non
2814 1400 3077 1456 distincta
3105 1403 3190 1452 est
3226 1395 3294 1449 ab
3335 1391 3582 1449 essentia

1995 1497 2314 1563 elﬁcieutia,
2358 1498 2453 1552 sed
2494 1495 2745 1552 eamdem
2799 1492 3069 1547 rationem
3113 1486 3315 1557 accipit
3353 1493 3578 1555 prapter

1993 1592 2262 1661 simplicis
2288 1598 2345 1645 et
2391 1589 2733 1658 incorporeas
2765 1594 2981 1640 natura:
3010 1579 3428 1652 proprietatem.
3471 1594 3488 1627 ι
3510 1575 3583 1630 Et

1937 1676 1943 1683 ’
1998 1697 2236 1738 rursus:
2273 1701 2291 1733 ι
2321 1681 2482 1735 Aliud
2517 1695 2641 1734 esse
2689 1677 3013 1740 essentiam,
3049 1673 3196 1728 aliud
3231 1669 3582 1726 eiiicientiam

1997 1774 2163 1845 310
2203 1773 2513 1843 priscorum
2562 1770 2787 1840 quidam
2817 1768 2962 1824 utin
2997 1766 3064 1821 iis
3081 1779 3203 1834 quae
3242 1763 3294 1818 in
3335 1760 3584 1832 corpori-

1993 1865 2099 1920 bus
2148 1863 2591 1935 perspiciuntur.
2622 1861 2696 1915 ita
2729 1860 2893 1914 etiam
2933 1859 2986 1912 in
3022 1856 3210 1912 divina
3239 1854 3452 1909 ratione
3485 1867 3586 1922 po~

1993 1966 2259 2021 suerunt,
2311 1956 2362 2010 id
2419 1954 2566 2025 qttod
2621 1953 2696 2023 pii
2750 1952 3082 2008 rel‘utaruut.
3120 1949 3179 2004 In
3239 1947 3590 2017 simplicibus

1995 2047 2144 2102 enim
2206 2053 2263 2102 et
2313 2046 2656 2116 iucorporeis
2690 2045 2843 2098 nullo
2872 2044 3036 2099 modo
3088 2041 3179 2095 illa
3211 2041 3426 2094 diversa
3459 2052 3585 2093 esse

1995 2152 2247 2209 possunt;
2271 2151 2451 2206 neque
2471 2135 2620 2190 enim
2645 2134 3032 2204 distinguenda
3061 2140 3189 2186 sunt
3208 2147 3237 2184 a
3256 2144 3314 2184 se
3345 2128 3584 2183 invicem

1991 2230 2136 2295 haec,
2157 2246 2228 2285 ne
2245 2228 2618 2299 compositum
2642 2225 2918 2298 cogitetur
2947 2221 3002 2279 id
3022 2222 3170 2292 quod
3201 2234 3420 2276 omnem
3447 2219 3582 2274 sius-

1993 2320 2295 2391 plicitatem
2341 2326 2565 2387 superat
2593 2333 2611 2384 ;
2645 2330 2757 2370 non
2815 2316 2964 2369 enim
2996 2313 3187 2368 divina
3212 2310 3448 2366 essentia
3475 2325 3582 2363 un-

1993 2428 2158 2481 quam
2193 2427 2315 2466 esse
2337 2418 2519 2482 potest
2547 2407 2798 2464 inetiicax
2823 2444 2838 2470 ,
2877 2419 3054 2475 neque
3094 2402 3388 2460 efﬁcientia
3429 2401 3575 2455 incs-

1990 2503 2260 2558 sentialis.
2303 2521 2322 2552 ι
2358 2499 2534 2556 Audis
2567 2511 2790 2555 sanctos
2835 2497 3095 2554 Ecclesia}
3143 2496 3398 2552 doctores
3464 2503 3588 2549 tan-

1994 2607 2109 2652 tum
2144 2611 2272 2652 cum
2299 2594 2540 2650 essentia
2575 2591 2929 2646 efﬁcientiam
2959 2605 3127 2644 unum
3155 2589 3414 2656 idemque
3455 2601 3580 2641 esse

1991 2689 2044 2742 in
2079 2689 2188 2742 Deo
2213 2694 2527 2749 censentes,
2546 2693 2815 2754 quantum
2845 2682 3010 2736 etiam
3035 2681 3206 2751 ipsam
3231 2678 3579 2735 eliicientiam

1995 2790 2194 2837 vocant
2221 2795 2340 2835 eam
2366 2788 2593 2850 propter
2615 2791 2892 2832 summum
2916 2772 3256 2832 discriminis
3279 2771 3580 2838 defectum

1995 2873 2074 2927 ita
2119 2881 2182 2927 ut
2233 2886 2303 2926 ne
2339 2870 2394 2925 in
2454 2869 2852 2941 cogitationem
2898 2867 3122 2936 quidem
3174 2866 3457 2920 insinuare
3503 2863 3582 2919 ibi

1993 2963 2171 3030 possit
2198 2957 2509 3014 diﬂ'erentia
2537 2957 2960 3027 qualiscunque.
2998 2955 3175 3010 Audis
3215 2970 3382 3025 porro
3411 2954 3584 3009 etiam

1995 3049 2054 3106 id
2083 3049 2232 3120 quod
2256 3063 2425 3118 supra
2458 3048 2557 3103 tibi
2579 3046 3101 3104 demonstravimus.
3137 3045 3217 3100 Tu
3252 3042 3401 3100 enim
3432 3044 3585 3100 dice-

1993 3144 2094 3200 bas
2128 3143 2467 3198 inemcaeem
2502 3150 2617 3196 tum
2639 3155 2761 3196 esse
2786 3139 3029 3195 divinam
3055 3139 3239 3208 potius
3256 3139 3582 3201 essentiam,

299 3235 535 3304 πρᾶγμα
569 3234 1039 3304 τερατωδέστατόν
1060 3252 1120 3288 τι
1144 3237 1240 3290 καὶ
1259 3237 1657 3305 ἀμαθέστατον,
1691 3239 1787 3290 καὶ
1813 3239 1888 3308 μὴ

1995 3252 2123 3292 cum
2153 3237 2413 3292 dicantur
2436 3234 2601 3290 ambo
2636 3249 2806 3288 unum
2839 3232 3095 3302 idemque
3141 3245 3285 3296 ese,
3323 3238 3439 3283 tum
3480 3244 3584 3283 au-

311 3326 495 3378 πᾶσαν
518 3325 684 3394 μόνον
706 3327 1013 3393 ἐκπλῆττον
1039 3328 1210 3396 ἀκοὴν
1231 3331 1296 3396 τῇ
1331 3327 1657 3400 ἀσελτηρία,
1685 3330 1770 3382 ὅτι
1809 3330 1884 3400 μὴ

302 3419 395 3469 καὶ
411 3418 543 3480 τοὺς
564 3418 764 3485 σοφοὺς
788 3419 1042 3470 τουτουσὶ
1061 3418 1415 3482 διδασκάλους
1437 3420 1539 3489 τῆς
1556 3420 1886 3488 Ἑκκλησίας

303 3507 680 3576 συκοφαντοῦν
718 3507 909 3570 esse:
939 3509 1002 3561 υύ
1045 3509 1156 3579 γὰρ
1174 3508 1480 3578 διοριστέον
1515 3507 1690 3562 ταῦτα
1717 3509 1883 3578 φασιν

1994 3338 2105 3386 tem
2126 3327 2431 3392 'emcacem,
2464 3326 2736 3394 cumjsint
2763 3324 2937 3380 divisa
2972 3342 2985 3380 :
3025 3338 3148 3393 qua
3181 3338 3274 3378 res
3305 3331 3392 3377 est
3415 3321 3583 3376 mira-

1994 3419 2106 3476 culi
2131 3428 2190 3475 et
2234 3419 2559 3489 ignorantia;
2607 3417 3027 3488 plenissima,et
3057 3431 3178 3486 qu'e
3211 3423 3425 3468 tantum
3472 3427 3581 3469 non

1992 3523 2186 3564 omnes
2235 3508 2526 3578 perturbet
2583 3522 2748 3563 aures
2803 3506 3174 3570 absurditate,
3198 3505 3370 3561 multo
3401 3504 3575 3574 magis

300 3599 548 3670 ἀλλήλων
579 3601 804 3665 ἐκεῖνοι,
832 3600 921 3652 ἵνα
957 3617 1017 3653 τε
1043 3600 1179 3671 μήτε
1215 3600 1474 3653 σύνθετον
1505 3602 1566 3652 τὸ
1593 3599 1735 3668 ὑπὲρ
1770 3601 1878 3656 πᾶ·

1992 3600 2154 3656 etiam
2172 3600 2451 3670 sapientes
2470 3600 2570 3655 bos
2590 3599 2846 3654 doctores
2865 3598 3120 3654 Ecclesiae
3131 3598 3462 3653 criminetur
3485 3597 3590 3650 im-

309 3711 408 3746 σαν
434 3692 720 3758 ἁπλότητα
745 3694 956 3760 νοῆται,
986 3695 1081 3746 καὶ
1101 3694 1189 3746 ἵνα
1217 3694 1344 3763 μήθ’
1374 3693 1602 3766 ὴ[ί.145
1627 3692 1702 3764 r.]
1721 3694 1881 3747 οὐσία

1992 3691 2284 3760 pudenter.
2314 3690 2504 3760 Neque
2525 3691 2669 3744 enim
2695 3689 3085 3760 distinguenda
3113 3704 3232 3744 esse
3251 3691 3368 3742 haec
3390 3687 3588 3742 dicunt

301 3787 661 3856 Μνέργητος
687 3786 772 3854 τίη
823 3787 889 3839 ἄν
917 3803 1043 3838 ποτε
1073 3787 1198 3856 μήτ’
1231 3787 1483 3851 ἀνούσιος
1516 3788 1549 3857 ἡ
1586 3789 1878 3856 ἐνέργεια.

1993 3781 2071 3836 illi
2112 3795 2142 3836 a
2177 3795 2236 3836 se
2263 3780 2502 3836 invicem
2531 3820 2546 3845 ,
2603 3795 2672 3833 ne
2723 3779 3091 3848 compositum
3125 3779 3400 3848 cogitetur
3434 3775 3584 3846 quod

304 3894 523 3934 omnem
590 3878 1001 3950 simplicitatem
1047 3890 1312 3950 superat,
1353 3895 1494 3936 neve
1535 3893 1779 3949 unquam
1815 3874 1891 3933 sit
1938 3890 2119 3947 neque
2183 3873 2424 3930 essentia
2487 3872 2766 3939 itteﬂicax,
2797 3887 2976 3941 neque
3007 3869 3300 3928 efﬁcientia
3338 3871 3586 3924 inessen-

305 3973 470 4027 tialis.

377 4068 461 4121 ις’.
501 4067 648 4136 Πρὸς
678 4067 851 4121 ταῦτα
875 4072 903 4123 ὁ
935 4069 1200 4136 Παλαμᾶς
1227 4067 1530 4135 ἀντιλέγων
1561 4065 1748 4118 κοινὸν
1781 4063 1884 4134 μὲν

307 4161 512 4229 ἔφησεν
555 4155 698 4213 εἶναι
750 4162 928 4232 δόγμα
979 4160 1088 4213 τῶν
1134 4177 1192 4212 τε
1246 4159 1444 4226 ἔξωθεν
1481 4159 1576 4212 καὶ
1615 4159 1723 4210 τῶν
1763 4156 1886 4210 καθ’

2055 4057 2175 4114 XX.
2212 4058 2293 4113 Ad
2323 4059 2438 4113 haec
2462 4058 2711 4113 Palamas
2750 4040 3428 4126 respondens.comtnune
3461 4069 3586 4112 esse

1986 4153 2123 4208 dixit
2163 4153 2268 4208 hoc
2323 4152 2519 4222 dogma
2581 4160 2931 4206 externorum
2959 4149 3118 4218 311
3153 4159 3209 4203 et
3261 4159 3580 4203 nostrorum

309 4250 458 4317 ἡμᾶς
494 4251 807 4317 φιλοσόφων
838 4254 1013 4318 τουτὶ,
1067 4251 1162 4303 καὶ
1194 4251 1295 4304 οὐκ
1337 4249 1625 4317 ἀντιλέγω·
1653 4247 1791 4319 πλὴν
1821 4246 1888 4299 τὰ

1992 4244 2465 4315 philosophorum,
2526 4256 2708 4312 neque
2768 4255 2870 4311 ego
2918 4238 3100 4294 eidem
3137 4253 3427 4308 repugno:
3481 4239 3578 4294 sed

303 4337 395 4390 τὸν
425 4339 587 4390 αὐτὸν
634 4340 998 4409 ἐπιδεχόμενοι
1059 4341 1219 4409 λόγον
1268 4341 1362 4394 δύο
1393 4342 1511 4393 ἐστὶ
1555 4344 1650 4392 καὶ
1681 4340 1784 4409 οὐχ
1804 4337 1884 4391 ἓν.

305 4429 418 4483 Καὶ
475 4432 524 4481 εί
576 4429 694 4493 δύο,
737 4432 854 4494 πῶς
902 4435 1072 4501 χωρὶς
1127 4432 1448 4502 ἡστινοσοῦν
1500 4431 1635 4500 πρὸς
1681 4430 1888 4498 ἄλληλα

303 4520 613 4591 διαφορᾶςς
669 4522 860 4574 ’Ἔστιν
908 4523 999 4576 οὖν
1054 4525 1087 4593 ἡ
1142 4523 1242 4593 μὲν
1287 4525 1554 4592 ταυτότης
1600 4522 1692 4574 τοῦ
1726 4521 1886 4588 λόγου

1989 4353 2113 4406 quae
2143 4337 2399 4391 eamdem
2433 4335 2706 4390 rationem
2755 4333 3037 4403 accipiunt
3093 4331 3205 4386 d'uo
3244 4333 3357 4385 sint
3399 4347 3581 4401 neque

1993 4445 2128 4484 vero
2158 4445 2365 4495 unum;
2405 4443 2471 4482 ac
2503 4427 2549 4482 si
2587 4426 2739 4492 duo,
2786 4427 3067 4496 quomodo
3106 4431 3314 4480 remota
3367 4434 3496 4480 sunt
3551 4442 3583 4480 ει

1996 4520 2374 4590 qualicunque
2429 4519 2747 4574 differentia
2785 4519 2932 4572 inter
2977 4517 3078 4572 se?
3120 4515 3387 4571 ldentitas
3417 4516 3584 4585 igitur

306 4616 450 4668 κατὰ
487 4615 548 4667 τὸ
599 4612 737 4668 εἶναι
785 4616 975 4684 ἄμφω,
1015 4616 1114 4684 τήν
1148 4633 1206 4668 τε
1256 4616 1447 4668 οὐσίαν
1477 4615 1574 4668 καὶ
1603 4613 1700 4684 τὴν
1731 4614 1887 4684 ἐνέρ-

1992 4614 2226 4668 rationis
2274 4612 2328 4666 in
2387 4626 2455 4665 eo
2523 4611 2626 4664 sita
2659 4619 2784 4676 est,
2815 4608 2965 4677 quod
3009 4607 3208 4670 ambo,
3258 4615 3314 4662 et
3343 4608 3583 4662 essentia

305 4720 484 4771 γειαν,
522 4705 774 4758 ἇκτιστα·
818 4709 849 4776 ἡ
883 4707 938 4757 δὲ
988 4705 1221 4773 διαφορὰ
1264 4705 1324 4758 τὸ
1359 4707 1460 4775 μὲν
1503 4703 1718 4770 οὐσίαν,
1752 4703 1814 4755 τδ
1843 4701 1890 4756 δ’

305 4797 581 4860 ἁνούσιον,
611 4815 709 4870 την
739 4798 1025 4868 ἐνέργειαν
1055 4798 1283 4869 δηλαδή.

382 4978 513 5031 KA'.
561 4978 619 5029 ὐ
641 4978 698 5030 δὲ
731 4978 1038 5047 Γρηγορᾶς,
1071 4977 1196 5030 Ὅτι
1222 4977 1341 5047 μὲν,
1371 4977 1526 5046 φησὶ,
1557 4978 1618 5030 τὸ
1639 4977 1892 5031 ἅνούσιον

303 5071 413 5125 οὐκ
428 5070 506 5136 ὃν,
541 5072 600 5123 τι)
632 5070 676 5122 δ’
701 5072 802 5122 οὐκ
824 5069 885 5124 ὃν
912 5073 972 5122 οὐ
1017 5072 1173 5132 Θεὸς,
1197 5070 1356 5139 δῆλον
1389 5073 1500 5133 τεῖς
1532 5071 1706 5124 ἅπασι
1753 5071 1892 5140 πλὴν

307 5161 424 5216 σοῦ.
461 5163 585 5216 Ὀτι
620 5160 664 5214 δ’
696 5162 849 5215 οὐδὲν
882 5162 963 5215 ἔτι
997 5161 1230 5216 κωλύσει
1267 5163 1454 5216 λοιπὸν
1485 5163 1890 5232 συμπεραίνειν

306 5259 401 5308 καὶ
440 5256 586 5325 ἡμᾶς
634 5257 727 5307 ἐπὶ
775 5255 874 5324 τῆς
915 5256 1172 5307 συνθέτου
1217 5257 1326 5327 ἄρα
1364 5255 1582 5325 φύσεως
1616 5255 1708 5307 τὸν
1739 5259 1893 5310 ἀντι.

305 5347 561 5418 κείμενον
610 5346 863 5416 δέχεσθαι
919 5346 1080 5414 λόγον
1114 5347 1212 5418 τὴν
1254 5346 1541 5418 ἐνέργειαν
1588 5352 1653 5420 τῇ
1708 5349 1889 5421 οὐσίᾳ,

307 5439 404 5492 καὶ
435 5435 575 5492 εἶναι
610 5439 754 5492 δυοῖν
809 5438 868 5504 ἐξ
913 5439 1157 5509 ἀνάγκης
1196 5441 1503 5512 θάτερον,ῆ
1541 5443 1640 5512 τὴν
1675 5443 1774 5509 μὲν
1803 5445 1895 5495 οὐ-

307 5531 434 5584 σίαν
479 5531 641 5601 ἡμῶν
685 5531 964 5594 ἄκτιστον,
1000 5531 1097 5602 τὴν
1141 5533 1186 5585 δ’
1245 5533 1526 5602 ἐνέργειαν
1580 5535 1891 5605 κτιστὴν,ἢ

305 5620 405 5690 τῆς
443 5623 633 5685 οὐσίας
660 5619 830 5690 οὐσης
853 5622 1078 5691 κτιστῆς
1109 5617 1247 5675 εἶναι
1275 5625 1374 5695 τὴν
1421 5626 1700 5694 ἐνέργειαν
1743 5627 1894 5680 ἀκτι-

309 5727 455 5780 στον,
489 5713 650 5782 δῆλον
695 5715 792 5768 καὶ
837 5713 999 5767 τοῦτο
1038 5713 1196 5767 παντί
1232 5731 1332 5768 που
1376 5714 1444 5770 τὰ
1501 5717 1774 5785 μάλισταο
1819 5717 1894 5780 ὼς

309 5809 417 5879 γὰρ
442 5805 521 5872 οἷς
557 5810 619 5862 τὺ
644 5803 787 5862 εἶναι
814 5807 1010 5862 ταυτὸν
1061 5807 1154 5862 ναὶ
1181 5810 1207 5861 ὁ
1238 5806 1398 5877 λόγος
1431 5809 1458 5860 ὁ
1490 5809 1674 5874 αὐτος,
1714 5806 1893 5872 οὕτως

1994 4715 2051 4760 et
2080 4704 2399 4766 eﬂicieutia,
2434 4704 2547 4757 sint
2593 4704 2838 4757 inereata
2872 4719 2884 4754 :
2914 4699 3224 4755 diti‘erentia
3269 4712 3452 4754 autem
3492 4714 3581 4765 ea,

1996 4799 2057 4852 ut
2108 4797 2345 4851 alterum
2381 4796 2453 4850 sit
2485 4796 2731 4852 essentia
2755 4835 2770 4858 ,
2808 4793 3044 4848 alterum
3092 4799 3276 4845 autem
3332 4791 3584 4848 inessen-

1994 4889 2147 4951 tiale,
2176 4889 2469 4944 efﬁcientia
2503 4888 2797 4942 nimirum.

2066 4981 2211 5037 XXI.
2253 4981 2528 5052 Gregoras
2554 4989 2737 5034 autem
2765 4999 2778 5033 :
2807 4978 3192 5042 Inessentialc,
3217 4977 3430 5048 inquit,
3471 4990 3581 5030 non

1993 5090 2116 5130 esse
2139 5116 2154 5142 ,
2186 5076 2332 5144 quod
2365 5082 2550 5128 autem
2582 5089 2691 5127 non
2713 5073 2806 5136 sit,
2836 5087 2942 5125 nou
2978 5085 3100 5125 esse
3137 5069 3326 5127 Deum.
3365 5069 3433 5122 ab
3465 5082 3584 5121 om-

1995 5165 2162 5220 nibus
2191 5165 2518 5232 intelligitur
2547 5163 2653 5217 nisi
2679 5178 2709 5217 a
2735 5171 2808 5215 te.
2861 5160 3012 5215 Nibil
3049 5168 3234 5214 autem
3268 5163 3377 5228 jam
3404 5157 3584 5224 impe-

1994 5257 2248 5312 diturum
2273 5270 2416 5320 esse,
2453 5254 2755 5324 quominus
2783 5268 2886 5307 nos
2907 5265 3131 5322 quoque
3161 5248 3585 5310 concludamus.

1997 5351 2052 5404 in
2072 5349 2381 5418 composita
2414 5356 2608 5402 natura
2635 5345 2992 5401 eﬂicientiam
3025 5343 3281 5412 accipere
3311 5341 3582 5395 rationem

1995 5443 2246 5498 essentia).
2277 5439 2585 5509 oppositam
2617 5481 2632 5504 ,
2679 5448 2736 5493 et
2762 5452 2882 5493 esse
2925 5436 3355 5490 alterumutrum
3391 5446 3586 5486 neces-

1995 5535 2179 5595 sario.
2214 5542 2310 5587 aut
2373 5532 2669 5589 essentiam
2760 5537 3004 5584 nostram
3070 5529 3408 5590 increatam,
3470 5521 3585 5578 elli-

1996 5625 2256 5681 cientiam
2309 5633 2494 5678 autem
2550 5632 2818 5688 creatam,
2872 5629 2964 5675 aut
2996 5619 3291 5676 essentiam
3318 5624 3585 5684 creatam,

1995 5716 2342 5771 ellicientiam
2409 5725 2595 5769 autem
2664 5715 3005 5777 iucreatam,
3049 5713 3152 5767 hoc
3209 5709 3282 5764 ab
3323 5708 3588 5764 omnibus

1995 5808 2168 5876 probe
2228 5807 2572 5874 intelligitur.
2621 5807 2839 5862 Etenim
2873 5816 2930 5860 ut
2964 5806 3032 5860 iis
3080 5804 3283 5874 quibus
3339 5799 3584 5857 essentia
