4146 6302
605 303 712 364 287

1872 308 2049 369 NlCE
2061 309 2293 371 PHOHI
2331 311 2713 371 GltEGOR/ﬁ

3746 303 3874 369 288

606 418 812 472 Christi
840 417 1137 486 Ecclesium
1164 417 1327 470 simul
1363 433 1487 471 cum
1520 419 1705 484 Evang
1728 421 1830 473 -!iis
1859 433 1911 476 et
1933 423 2189 476 ommbus

2315 424 2468 480 ,αὕτα
2506 428 2533 477 6
2560 424 2847 493 Γρηγορᾶς
2876 421 3069 489 ὥσπερ
3088 419 3274 480 ἔνθους
3307 416 3597 486 γενόμενος
3635 416 3871 488 ἀνεϐόη-

609 523 824 579 patrum
861 510 1179 562 divinorum
1222 511 1559 577 scripturis,
1592 524 1648 566 et
1677 516 1857 569 dicere
1892 514 2089 569 Filium
2125 529 2181 571 et.

607 602 872 653 rationem
907 599 999 653 Dei
1035 599 1285 655 diversos
1320 601 1482 673 325
1511 620 1631 658 esse
1666 622 1694 658 a
1731 617 1955 674 paterna
1986 624 2182 663 essen-

611 690 683 742 tia
721 698 778 740 et
806 690 1141 743 submissum
1180 694 1376 756 Deum,
1406 705 1462 748 ut
1485 696 1788 751 Eunomius
1816 705 1872 750 et
1902 696 2066 753 Arius
2092 699 2185 754 ille

607 790 663 833 et
686 780 998 850 quicunque
1021 783 1147 836 talia
1174 784 1283 855 jam
1310 786 1439 839 olim
1471 788 1760 842 conviciati
1789 790 1942 845 sunt?
1970 793 2184 847 Etenim

610 880 670 923 ut
701 870 1013 926 divinorum
1054 886 1451 944 praceptorum
1481 890 1792 932 nostrorum
1819 882 2069 935 omittam
2104 882 2190 936 di-

608 970 723 1031 cta,
749 974 933 1017 nonne
966 963 1168 1018 auditis
1189 980 1381 1018 omnes
1414 982 1630 1035 semper
1657 968 1907 1022 divinum
1941 968 2190 1040 Evange-

610 1052 743 1104 liunt
806 1054 987 1107 dicere
1031 1071 1045 1108 :
1090 1076 1106 1106 ι
1145 1053 1337 1111 Omnia
1391 1074 1488 1125 per
1535 1058 1707 1126 ipsum
1765 1062 1903 1115 facta
1952 1072 2102 1127 sunt,
2134 1070 2187 1115 et

614 1143 733 1196 sine
792 1146 909 1211 ipso
936 1145 1137 1199 factum
1194 1158 1278 1201 est
1330 1150 1487 1206 nihil.
1522 1154 1665 1217 quod
1699 1153 1903 1207 factum
1930 1162 2083 1217 estp
2137 1165 2193 1208 et

612 1234 873 1287 Davide
909 1237 1077 1290 multo
1103 1247 1261 1291 antea
1293 1240 1653 1294 vaticinatum
1689 1258 1849 1297 esse:
1887 1242 2110 1297 «Omnia
2137 1245 2192 1296 in

612 1326 879 1393 sapientia
911 1326 1085 1381 fecisti
1110 1345 1125 1391 ;
1154 1348 1172 1380 ι
1210 1340 1266 1383 ct
1317 1330 1667 1385 Solomonem
1720 1347 1946 1387 rursus:
1986 1350 2004 1383 ι
2050 1332 2194 1387 Deus

616 1420 884 1487 sapientia
929 1419 1173 1475 fundavit
1226 1433 1453 1487 terram,
1508 1424 1770 1478 stabilivit
1820 1426 1991 1479 caelos
2066 1441 2198 1493 pru-

616 1508 801 1562 dentia
846 1510 918 1560 ἲ»
962 1510 1101 1575 Quid
1160 1512 1324 1579 igitur
1374 1514 1487 1581 jam
1543 1530 1687 1583 opus
1757 1527 1842 1571 est
1900 1517 2085 1571 verbis
2127 1518 2195 1570 ad

615 1600 1010 1655 ostendendam
1063 1604 1340 1673 antiquam
1390 1608 1508 1671 ejus
1560 1607 1614 1659 in
1667 1609 1939 1673 dogmatis
1982 1624 2200 1675 perver—

624 1692 840 1745 sitatam
905 1709 1066 1761 quam
1112 1699 1223 1763 jam
1274 1698 1402 1750 olim
1453 1700 1748 1766 parturivit
1800 1712 1851 1751 et
1884 1701 2116 1770 peperit,
2146 1710 2200 1753 et

2287 532 2400 578 σεν,
2440 534 2458 566 ι
2491 516 2605 569 Ούκ
2627 514 2876 577 ἀκούετε,
2912 512 3115 573 πάντες
3154 512 3203 563 oi
3233 510 3330 579 τῆς
3352 506 3677 581 ,ὀρθοδοξίας
3707 509 3873 561 ἀντι-

2285 604 2629 674 ποιούμενοι,
2690 601 2985 669 νιτροφανῶς
3032 598 3366 668 ἀναιροῦντα
3400 598 3496 667 τὴν
3530 597 3731 667 ιύσεὸἧ
3764 597 3868 651 τοῦ

2290 696 2531 767 Χριστοῦ
2565 696 2893 767 Ἐκκλησίαν
2925 692 3062 762 ὁμοῦ
3089 694 3200 753 τοῖς
3242 690 3601 757 Εὐαγγελίοις
3626 692 3721 744 καὶ
3755 692 3873 743 πά·-

2292 807 2413 852 σαις
2441 789 2549 842 τῶν
2581 788 2740 839 θειων
2783 785 3044 855 Πατέρων
3089 783 3355 857 γραφαῖς,
3386 783 3481 834 καὶ
3515 781 3748 847 λέγοντα
3773 782 3872 831 τὸν

2292 882 2420 935 Υίὺν
2469 883 2561 933 καὶ
2606 880 2779 943 Λόγον
2838 876 2933 929 τοῦ
2993 875 3129 928 ὀεοῦ
3156 874 3418 941 διάφορον
3461 873 3559 940 τῆς
3594 870 3878 939 πατρικῆς

2290 974 2480 1034 οὐσίας
2512 973 2607 1025 καὶ⁵
2664 971 2956 1038 ὑφειμένον
3013 967 3169 1032 θεὸν,
3207 964 3461 1031 καθάπερ
3512 962 3778 1030 Εὐνόμιός
3809 976 3878 1012 τι

2294 1068 2389 1118 καὶ
2423 1066 2639 1133 Ἀρειος
2665 1064 2894 1123 ἐκεῖνος,
2920 1059 3015 1114 καὶ
3064 1061 3179 1112 ὅσοι
3213 1058 3282 1110 τά
3310 1054 3537 1109 τοιαῦτα
3574 1055 3749 1107 πάλαι
3786 1053 3887 1120 βε-

2295 1157 2801 1225 ϐλςισφημήκεσανς
2837 1152 2953 1206 Ἷνα
2995 1151 3101 1220 γὰρ
3137 1150 3235 1212 τὰς
3284 1147 3392 1202 τῶν
3425 1146 3585 1199 θείων
3619 1144 3883 1198 διδασκέμ-

2296 1244 2403 1297 λων
2428 1245 2582 1313 ἡμῶν
2613 1246 2666 1295 ὲν
2691 1243 2769 1310 τῷ
2800 1242 3027 1311 παρόντι
3050 1240 3265 1308 σιγήσω
3288 1238 3499 1308 ῥήσεις,
3519 1236 3620 1288 οὐκ
3641 1233 3885 1286 ἀκούετε

2299 1338 2498 1398 πάντες
2531 1336 2620 1389 ἀεὶ
2643 1335 2737 1387 τοῦ
2765 1336 2909 1387 θείου
2945 1333 3197 1399 λέγοντος
3225 1327 3584 1396 Εὑαγγελίου,
3645 1345 3663 1377 ι
3687 1325 3887 1378 Πάντα

2298 1428 2365 1481 δι’
2394 1426 2559 1480 αὑτοῦ
2590 1427 2828 1494 ἐγένετο,
2890 1426 2986 1477 καὶ
3021 1424 3193 1492 χωρὶς
3228 1418 3393 1473 αὐτοῦ
3423 1418 3641 1484 ἐγένετο
3671 1414 3790 1467 οὐδὲ
3819 1414 3887 1467 ἐν

2301 1520 2329 1570 ὃ
2355 1520 2597 1584 γέγονεν,
2633 1534 2651 1566 ι
2696 1516 2787 1567 καὶ
2812 1515 2904 1566 τοῦ
2946 1512 3109 1565 Δαϐὶδ
3158 1508 3349 1574 mihi?
3397 1504 3891 1576 προθεσπίσαντος

2303 1610 2588 1676 πρότερον,
2635 1625 2651 1656 ι
2688 1607 2874 1657 Πάντα
2908 1606 2965 1655 ὲν
3001 1601 3163 1669 σοφίᾳ
3221 1597 3504 1665 ἐποίησας,
3576 1612 3596 1646 ι
3655 1590 3885 1644 καὶτοῦ

2304 1700 2647 1765 Σολομῶντος
2680 1695 2858 1756 αὖθις,
2902 1714 2919 1744 ι
2971 1692 3033 1747 Ὀ
3057 1691 3190 1753 Θεὸς
3240 1692 3305 1759 τῇ
3341 1686 3503 1755 σοφίᾳ
3547 1684 3893 1750 Hispallus:

622 1799 729 1835 non
760 1784 961 1838 desiuit
996 1802 1216 1854 semper
1265 1790 1513 1843 scribere
1558 1802 1612 1845 et
1661 1792 1872 1853 dicere,
1903 1796 1952 1845 in
1997 1792 2197 1857 plateis

2315 1793 2398 1858 ιὴν
2427 1759 2552 1858 γῆν,
2581 1787 2845 1855 ἡτοίμασε
2865 1785 2923 1837 δὲ
2946 1782 3213 1853 οὐρανοὺς
3237 1782 3296 1833 ὲν
3317 1780 3633 1847 φρονήσει.»
3664 1775 3762 1836 Τίς
3789 1770 3895 1827 οὖν

619 1889 842 1945 quoque
872 1886 927 1929 et
958 1876 1091 1931 foris
1123 1880 1346 1944 docere,
1368 1890 1595 1949 propter
1648 1898 1896 1952 magnam
1945 1883 2066 1951 ejus
2100 1882 2195 1950 qui

617 1968 913 2035 prohibere
964 1970 1132 2035 possit
1160 1983 1285 2023 eum
1347 1972 1727 2040 solitudinem,
1768 1982 1825 2028 et
1863 1988 2025 2028 aures
2064 1988 2194 2043 per-

621 2058 799 2110 forare
832 2058 1279 2129 simpliciorum?
1327 2082 1347 2114 ι

2302 1883 2380 1935 ἔτι
2414 1880 2572 1950 χρεία
2605 1878 2781 1945 λόγων
2818 1878 2900 1937 είς
2928 1873 3206 1937 ἀπόδειξιν
3252 1871 3354 1939 τῆς
3381 1866 3747 1933 παλαιγενοῦς
3785 1865 3898 1919 αῦ-

2300 1974 2397 2027 τοῦ
2429 1969 2772 2035 κακοδοξίας,
2819 1971 2885 2037 ἣν
2919 1966 3085 2019 πάλαι
3124 1961 3354 2031 ὼὸίνησὲ
3386 1977 3445 2012 τε
3470 1959 3567 2013 καὶ
3598 1958 3756 2010 ἔτεκε
3788 1957 3897 2009 καὶ

2301 2063 2389 2116 ἀεὶ
2416 2061 2646 2129 γράφων
2682 2059 2778 2110 καὶ
2809 2056 2982 2124 λέγων
3010 2055 3070 2107 οὐ
3118 2050 3412 2113 διαλείπει,
3448 2049 3548 2101 κάν
3581 2049 3703 2108 ταῖς
3742 2046 3898 2098 πλα-

619 2149 793 2211 τείαις
820 2154 915 2203 καὶ
942 2154 1167 2221 ἀγοραῖς
1193 2154 1463 2209 διδάσκων
1514 2156 1655 2210 κατὰ
1714 2158 1917 2229 πολλὴν
1982 2156 2077 2212 τοῦ
2137 2156 2485 2217 κωλύσοντος
2548 2152 2819 2223 ἐρημίαν,
2877 2149 2973 2201 καὶ
3026 2144 3124 2209 τὰς
3190 2142 3361 2205 ἀκοὰς
3429 2140 3724 2213 διορύττων
3778 2154 3901 2190 των

624 2245 1008 2315 ἁπλουστέρων
1025 2267 1041 2312 ;
1073 2268 1091 2299 ι

692 2335 884 2391 XXVI.
936 2338 1185 2396 Palamas
1233 2353 1416 2399 autem
1470 2349 1761 2400 nominum
1814 2358 1872 2402 et
1900 2349 2200 2403 verborum

626 2428 880 2484 notiones
904 2442 960 2485 et
983 2431 1387 2490 declinationes
1416 2444 1635 2490 mutans
1662 2439 1899 2506 pessima
1924 2438 2203 2491 convicia-

626 2519 811 2575 batur.
865 2522 1157 2592 Postquam
1213 2528 1549 2594 vituperatus
1602 2538 1770 2593 esset,
1808 2538 1864 2582 ut
1924 2529 2202 2594 induetus,

627 2612 1074 2681 conjunctionum
1106 2616 1506 2682 oppositionem
1539 2618 1873 2683 introduxit,
1894 2635 2090 2674 vocum
2123 2620 2207 2674 ni-

634 2701 835 2755 mirum
870 2722 887 2754 ι
914 2702 1012 2772 μὲν
1042 2724 1059 2756 ι
1095 2714 1150 2759 et
1175 2724 1193 2757 ι
1228 2706 1336 2759 δὲ.›
1381 2727 1399 2759 ‹
1423 2707 1713 2777 Cognoscit
1742 2712 2009 2775 enim,ait
2036 2712 2207 2767 divini

628 2791 842 2847 ﬂaxiini
901 2793 1128 2860 dictum,
1163 2811 1223 2850 se
1273 2798 1494 2867 quidem
1550 2800 1695 2855 Deus
1730 2816 1795 2855 ex
1842 2803 2081 2857 essentia
2113 2818 2213 2859 sua

632 2880 792 2935 beata
817 2899 830 2935 :
858 2899 980 2952 qua:
1010 2893 1190 2939 autem
1214 2888 1283 2941 ab
1298 2902 1364 2943 eo
1392 2889 1533 2942 facta
1562 2899 1761 2953 sunt,e
1800 2892 2071 2960 sapientia
2091 2908 2211 2958 sua,

632 2986 731 3038 per
752 2987 915 3040 quam
943 2985 998 3027 et
1032 2974 1087 3027 in
1111 2989 1217 3043 qua
1252 2976 1504 3031 universa
1537 2977 1684 3033 iecit.
1714 2978 2021 3049 Oportebat
2044 2983 2216 3052 igitur

2382 2345 2527 2409 KG’.
2571 2340 2629 2391 Ὀ
2658 2338 2709 2392 δὲ
2744 2334 3010 2403 Παλαμᾶς
3037 2331 3145 2384 τῶν
3173 2328 3456 2396 ὀνομάτων
3490 2323 3585 2376 καὶ
3624 2322 3907 2392 ῥημάτων

2310 2434 2409 2492 τὰς
2445 2431 2655 2490 ἐννοίας
2681 2430 2775 2479 καὶ
2809 2426 3016 2485 κλίσεις
3048 2418 3411 2489 μεθαρμόζων
3440 2415 3789 2482 ἐϐλασφήμει
3822 2414 3898 2465 τὰ

2314 2524 2582 2591 χείριστα.
2636 2514 3014 2583 Ἐπιτιμηθεὶς
3038 2512 3085 2563 δ’
3112 2510 3187 2572 ὡς
3219 2508 3440 2576 ἀμαθὴς
3479 2507 3578 2573 τὴν
3624 2505 3733 2557 τῶν
3766 2523 3900 2555 συν-

2312 2614 2526 2681 δέσμων
2573 2609 2864 2676 διαστολὴν
2922 2602 3209 2671 άντεισῆγε
3244 2598 3335 2653 τοῦ
3373 2600 3472 2666 μὲν
3524 2598 3618 2649 καὶ
3675 2596 3770 2648 τοῦ
3807 2596 3897 2652 δέ.

2325 2724 2344 2756 ι
2391 2704 2649 2756 Γινώσκει
2684 2701 2810 2769 γὰρ,
2864 2716 2880 2749 ι
2924 2698 3088 2765 φησὶν
3118 2696 3151 2763 ἡ
3186 2691 3281 2745 τοῦ
3312 2693 3458 2744 θείου
3504 2689 3759 2757 Μαξῖμου
3795 2688 3903 2757 ρή-

2322 2814 2426 2861 σις,
2463 2815 2481 2845 ι
2521 2792 2711 2846 ἑαυτὸν
2738 2792 2836 2859 μὲν
2866 2792 2892 2842 6
2926 2788 3058 2850 Θεὸς
3108 2788 3172 2838 ὲκ
3209 2784 3311 2850 τῆς
3372 2799 3521 2849 μακα
3570 2783 3649 2831 ἠτ
3702 2780 3900 2840 οὐσίας

2327 2886 2516 2950 αὑτοῦ,
2542 2886 2613 2938 τὰ
2650 2884 2699 2937 δ’
2726 2883 2816 2935 ὑπ’
2850 2878 3016 2936 αὑτοῦ
3046 2876 3308 2946 γεγονότα
3350 2875 3412 2928 ὲκ
3446 2875 3543 2941 τῆς
3571 2876 3760 2941 σοφίας
3791 2874 3899 2926 αύ-

2321 2978 2440 3044 τοῦ,
2471 2977 2539 3030 δι’
2573 2970 2641 3047 ἦς
2676 2977 2768 3029 καὶ
2796 2976 2853 3026 ὲν
2890 2968 3017 3045 ᾖτὰ
3059 2971 3165 3024 πάν
3327 2969 3547 3036 .υἷησεν.
3611 2966 3759 3018 Ἔδει
3802 2964 3904 3017 οῦν

634 3076 759 3113 eum
799 3062 981 3117 dicere
1014 3065 1321 3118 secundum
1343 3081 1459 3129 vos,
1490 3066 1687 3121 Filium
1714 3083 1933 3137 quoque
1962 3068 2209 3123 similiter

2322 3073 2497 3123 εἰπεῖν
2530 3068 2653 3121 καθ’
2709 3067 2850 3135 ὑμᾶς
2908 3067 2989 3117 ὅτι
3047 3063 3141 3115 καὶ
3174 3062 3200 3112 6
3229 3061 3354 3120 Υίὸς
3402 3058 3610 3126 ὁμοίως
3633 3056 3899 3124 γινώσκει

636 3166 967 3221 cognoscere
985 3170 1043 3210 se
1058 3171 1124 3210 ex
1137 3158 1371 3211 essentia
1391 3158 1510 3226 ejus
1524 3158 1684 3227 326
1704 3158 2209 3221 beata,uteamdem

636 3256 890 3298 naturam
922 3247 1285 3317 eamdemque
1322 3252 1618 3303 essentiam
1646 3249 2000 3327 ostenderet:
2062 3248 2210 3318 quod

637 3342 760 3386 cum
789 3336 856 3389 ab
891 3351 956 3389 co
997 3339 1431 3406 prmtermissum
1468 3340 1537 3394 sit
1564 3340 1807 3405 silentio,
1857 3350 2087 3410 apparet
2134 3340 2216 3394 illi

639 3440 851 3480 mecum
877 3432 1195 3497 convenire,
1218 3447 1394 3501 neque
1416 3448 1546 3487 vero
1568 3434 1678 3487 ullo
1694 3433 1854 3487 modo
1869 3433 2175 3488 vobiscum.
2190 3452 2210 3485 ›

712 3515 921 3571 XXVII.
950 3519 1138 3587 Magna
1174 3522 1341 3588 igitur
1367 3524 1719 3591 oppositione
1745 3524 1885 3577 facta
1924 3523 2217 3591 utriusque

641 3592 814 3673 partis
844 3608 1115 3677 Gregoras
1156 3619 1413 3680 tanquam
1448 3612 1671 3667 arbiter
1721 3613 1897 3669 factus
1932 3623 1988 3669 et
2015 3616 2216 3684 capitis

643 3696 862 3752 dolores
902 3700 1051 3765 parvi
1103 3700 1313 3754 faciens
1346 3712 1568 3770 propter
1615 3717 1746 3756 usus
1780 3703 2083 3772 auxiliique
2116 3718 2215 3757 ne-

645 3789 985 3842 cessitatem:
1035 3790 1305 3845 «Primum
1338 3793 1583 3859 quidem,
1620 3794 1821 3862 inquit,
1850 3795 2213 3863 spectandum

644 3888 763 3939 est,
814 3890 1000 3931 utrum
1044 3894 1365 3936 communes
1402 3882 1658 3935 Ecclesiae
1714 3882 2075 3952 cogitationes
2124 3899 2213 3936 sc-

645 3983 848 4035 quatur
891 3980 946 4021 ct
990 3970 1302 4024 divinorum
1353 3973 1573 4027 Patrum
1621 3976 1925 4028 sententias
1975 3988 2216 4043 superne

648 4058 1020 4123 conﬁrmatas,
1084 4060 1389 4114 secundum
1452 4061 1714 4115 Basiliutn
1762 4063 2053 4131 Magnum,
2120 4064 2215 4133 qui

650 4158 902 4215 oportere
936 4150 1070 4203 dicit
1101 4166 1200 4205 nos
1230 4166 1257 4204 a
1289 4153 1676 4207 communibus
1709 4154 1776 4207 de
1816 4153 1929 4207 Deo
1962 4154 2216 4224 cogitatis

649 4254 808 4293 orsos
836 4242 1110 4295 contraria
1165 4257 1221 4295 in
1250 4238 1479 4297 vocibus
1506 4246 1805 4299 convenire
1846 4260 1957 4299 non
1995 4254 2213 4313 putare.

651 4329 788 4382 Tum
814 4332 1113 4384 secundum
1137 4349 1454 4387 communes
1473 4337 1772 4389 sententias
1801 4336 2215 4390 concedendum

2321 3163 2513 3216 ἑαυτὸν
2538 3163 2601 3213 ἐκ
2627 3160 2726 3227 τῆς
2767 3156 3047 3226 μακαρίας
3101 3153 3289 3214 οὐσίας
3316 3150 3498 3210 αὐτοι,
3562 3149 3646 3200 ἵνα
3674 3148 3735 3199 τὸ
3767 3150 3905 3215 ὀμο-

2324 3256 2455 3323 φυὲς
2498 3255 2589 3306 καὶ
2619 3250 2904 3319 ὁμοούσιον
2929 3247 3080 3315 δείξῃ
3107 3262 3119 3275 ·
3154 3242 3347 3297 τούτου
3380 3241 3423 3294 δ’
3451 3241 3643 3308 ἐκείνῳ
3680 3255 3903 3304 σιωπη-

2322 3346 2507 3406 θέντος
2566 3343 2842 3395 δείκνυται
2883 3336 3197 3408 συμφωνῶν
3249 3332 3394 3411 ἐμοὶ,
3450 3334 3545 3385 καὶ
3589 3324 3801 3398 οὖδαμῆ
3832 3345 3901 3397 γε

2323 3437 2351 3487 ὑ
2364 3439 2474 3489 μῖν.
2519 3454 2537 3485 ι

2362 3455 2474 3597 μῖἷ..
2491 3455 2593 3579 ιλιι
2630 3521 2710 3594 νζ]
2747 3519 2875 3575 KZ'.
2907 3518 3115 3586 Πολλῆς
3149 3514 3243 3568 οῦν
3300 3512 3608 3572 ἑνστάσιως
3651 3507 3911 3563 ἐνταυθοῖ

2322 3616 2621 3686 γενομένης
2646 3614 2754 3667 τῶν
2783 3609 3150 3679 ἑκατέρωθεν,
3172 3606 3361 3673 ὥσπερ
3384 3602 3669 3672 διαιτητὴς
3695 3600 3902 3669 μεταξὺ

2320 3709 2613 3780 γενόμενος
2644 3708 2673 3759 6
2708 3706 3021 3775 Γρηγορᾶς,
3046 3700 3264 3761 καὶτὰς
3315 3697 3416 3765 τῆς
3451 3694 3698 3763 κεφαλῆς
3727 3693 3906 3760 ἀλγη-

2318 3802 2476 3863 δόνας
2508 3798 2661 3868 παρὰ
2690 3797 2899 3866 φαῦλον
2928 3794 3066 3855 τέως
3093 3789 3471 3861 ποιησάμενος
3500 3784 3590 3838 διὰ
3616 3784 3715 3851 τὴν
3733 3782 3905 3849 ἀνάγ-

2324 3905 2428 3958 κην
2452 3890 2548 3957 τῆς
2577 3887 2790 3955 χρείας,
2822 3905 2839 3935 ι
2871 3884 3093 3953 Πρῶτον
3135 3882 3233 3950 μὲν
3257 3878 3546 3941 σκεπτέον,
3584 3873 3903 3945 φησὶ,δυοίν

2324 3980 2587 4050 ὁπότερον
2622 3981 2740 4039 ταῖς
2774 3978 2982 4037 κοιναῖς
3010 3975 3108 4039 τῆς
3147 3970 3476 4039 Ἐκκλησίας
3506 3968 3735 4026 ἐννοίαις
3768 3966 3906 4016 ἀκο-

2321 4073 2504 4126 λουθεῖ
2532 4070 2626 4124 καὶ
2648 4073 2767 4132 ταῖς
2794 4066 3000 4121 ἄνωθεν
3023 4063 3391 4134 κυρωθείσαις
3410 4058 3517 4111 τῶν
3535 4055 3698 4110 θείων
3720 4053 3906 4118 δόξαις

2327 4161 2605 4229 Πατέρων,
2620 4158 2761 4212 κατὰ
2778 4155 2870 4208 τὸν
2900 4152 3072 4222 μέγαν
3093 4149 3376 4204 Βασίλειον
3394 4147 3590 4216 χρῆναι
3623 4145 3907 4210 φάσκοντα

2320 4255 2465 4322 ἡμᾶς
2496 4254 2601 4303 ἀπὸ
2623 4248 2732 4301 τῶν
2755 4245 2949 4300 κοινῶν
2982 4243 3205 4295 ἐννοιῶν
3233 4240 3593 4311 ὁρμωμένους
3616 4254 3683 4288 πε
3696 4238 3747 4302 pi
3764 4232 3906 4286 Θεοῦ

2323 4345 2391 4397 τὰ
2434 4341 2841 4408 ἐναντιούμενα,
2895 4340 3020 4390 ὅσον
3066 4336 3158 4387 ἐπὶ
3198 4338 3265 4404 τῇ
3296 4333 3463 4397 λέξει,
3507 4329 3792 4397 ὁμολογεῖν
3828 4326 3909 4396 μὴ

649 4429 755 4485 est,
781 4422 1019 4475 divinam
1051 4434 1303 4478 naturam
1338 4425 1537 4479 bonam
1572 4442 1693 4480 esse
1723 4437 1778 4480 et
1812 4429 1907 4480 ira:
1932 4436 2209 4497 expertem

2323 4441 2481 4489 νοεῖν.
2504 4431 2626 4488 Οίον
2651 4447 2795 4485 κατα
2816 4430 2913 4492 τὰς
2937 4427 3123 4486 κοινὰς
3146 4415 3446 4491 ὑπολήιβεις
3480 4420 3596 4473 ἐστι
3617 4420 3716 4489 τὴν
3752 4418 3909 4470 θείαν

650 4522 706 4565 et
749 4514 980 4581 justam:
1024 4515 1219 4582 quodsi
1273 4518 1471 4571 iratum
1514 4530 1607 4572 aut
1659 4531 1911 4574 moestum
1958 4535 2080 4575 eSse
2123 4530 2219 4573 aut

653 4604 1030 4671 pmuitentiam
1064 4620 1224 4675 agere
1256 4617 1350 4661 aut
1386 4607 1465 4660 uti
1516 4608 1703 4677 aliquo
1746 4622 1854 4661 non
1902 4624 1968 4663 ex
2018 4613 2220 4661 inerito

653 4694 819 4747 Deum
845 4696 1126 4764 Scriptura
1159 4697 1323 4763 dicat,
1344 4702 1503 4752 decet
1534 4699 1815 4769 inquirere
1843 4701 1896 4752 in
1923 4700 2220 4752 verborum

654 4786 785 4852 vim,
828 4798 883 4841 et
938 4790 1245 4858 excogitare
1295 4792 1572 4859 quomodo
1602 4792 1881 4859 possimus
1931 4790 2224 4843 restituere

653 4893 797 4943 eam,
830 4896 1006 4948 neque
1042 4897 1169 4937 vero
1195 4894 1446 4937 evertere
1478 4887 1805 4943 sententias.
1844 4900 1965 4953 qu:e
1995 4895 2125 4944 sunt
2157 4884 2225 4938 de

658 4970 791 5035 Deo,
822 4987 1044 5039 graves:
1089 4986 1146 5028 et
1180 4976 1281 5029 hoc
1316 4976 1477 5031 modo
1517 4979 1635 5030 sine
1670 4977 1973 5030 cliensione
2003 4987 2224 5029 utemur

657 5060 979 5129 Scripturis,
1035 5079 1099 5118 ex
1161 5067 1224 5121 iis
1285 5078 1404 5135 quae
1456 5070 1775 5122 obscuriora
1830 5081 1963 5121 sunt
2012 5069 2224 5122 nullum

659 5152 917 5207 damnum
968 5156 1229 5213 facientes
1250 5198 1265 5223 ,
1314 5175 1377 5212 ex
1416 5160 1483 5212 iis
1516 5171 1717 5224 autem,
1749 5178 1871 5230 qua:
1902 5162 2045 5214 clara
2077 5170 2227 5225 sunt,

661 5248 955 5301 utilitatem
988 5250 1284 5316 capientes.
1342 5253 1567 5305 Constat
1608 5254 1829 5321 quidem
1865 5254 2005 5306 inter
2040 5266 2232 5305 onmes

661 5343 1017 5405 orlilUtiUXOS,
1044 5344 1296 5398 universa
1328 5360 1425 5413 per
1447 5344 1643 5397 Filium
1670 5354 1726 5399 ct
1760 5346 1930 5397 verbo
1956 5344 2049 5399 Dei
2093 5344 2235 5398 facta

666 5447 805 5487 esse.
843 5433 1014 5487 Vcr'to
1037 5436 1202 5500 enim,
1227 5436 1322 5501 ait,
1342 5437 1557 5490 Domini
1590 5439 1711 5491 οωῐὶ
1750 5448 1877 5489 sunt
1912 5437 2145 5501 lirmati;
2181 5446 2236 5490 et

667 5536 725 5578 ut
742 5526 961 5579 divinus
979 5528 1137 5597 327
1156 5526 1539 5598 aitGngorius
1569 5528 1870 5597 Nyssenus:
1898 5529 1975 5582 Re
2006 5542 2131 5581 vera
2152 5541 2237 5580 su-

669 5619 869 5689 pientia
893 5630 945 5671 ct
963 5622 1215 5675 voluntas
1232 5620 1365 5675 nihil
1390 5620 1536 5675 aliud
1559 5632 1662 5685 est,
1679 5638 1839 5690 quam
1866 5619 2239 5689 prmmcditata

675 5713 998 5768 universalis
1025 5713 1313 5784 sapientia,
1335 5714 1390 5768 in
1409 5730 1516 5785 qua
1549 5716 1802 5769 universa
1830 5715 1968 5768 facta
1995 5725 2048 5769 ct
2078 5714 2239 5766 ador-

2322 4526 2480 4592 φύσιν
2511 4523 2724 4589 ἀγαθὴν
2760 4517 2856 4571 καὶ
2900 4515 3170 4583 ἀόργητον
3215 4514 3309 4563 καὶ
3337 4508 3560 4562 δικαίαν
3594 4506 3904 4575 ὁμολογεῖν.

2335 4616 2459 4667 Ἐὰν
2491 4610 2583 4665 οὖν
2606 4609 2963 4679 ὀργιζόμενον
2996 4606 3028 4675 ἦ
3063 4600 3411 4670 λυπούμενον
3456 4598 3489 4667 ἡ
3530 4594 3913 4665 μεταμελόμε·

2323 4723 2412 4758 νον
2444 4705 2477 4773 ἦ
2520 4707 2595 4769 μὴ
2652 4698 2775 4752 κατ’
2812 4698 2971 4762 ἀξίαν
2999 4694 3110 4748 τινὶ
3142 4693 3429 4763 χρώμενον
3464 4690 3497 4757 ἡ
3528 4688 3716 4758 Γραφὴ
3744 4685 3907 4758 λέγῃ,

2325 4798 2390 4865 Cr}
2413 4798 2505 4847 εῖν
2540 4794 2805 4860 προσήκει
2831 4789 2891 4841 τὸ
2920 4788 3017 4856 τῆς
3052 4785 3251 4848 λέξεως
3301 4780 3573 4851 βούλημα,
3612 4780 3706 4831 καὶ
3740 4794 3907 4845 μερι-

2331 4888 2468 4956 μνᾷν
2504 4886 2624 4937 τίνα
2680 4882 2881 4953 τρόπον
2910 4878 3371 4945 ἀποκαταστῆσαι
3403 4870 3749 4940 δυνηθῶμεν,
3780 4869 3911 4936 οὐχὶ

2328 4980 2386 5031 δὲ
2416 4976 2746 5046 ἀνατρέπειν
2772 4975 2871 5029 τὰς
2896 4971 3214 5038 ἀξιολόγους
3239 4968 3370 5037 περὶ
3402 4964 3538 5017 Θεοῦ
3577 4961 3905 5030 ὑπολήψεις.

2333 5068 2443 5120 Καὶ
2470 5065 2643 5125 οὕτως
2667 5060 3069 5132 ἀπροσκόπτως
3092 5052 3457 5122 ἐντευξόμεθα
3478 5054 3598 5114 ταῖς
3638 5052 3792 5121 Γραφ
3804 5052 3907 5115 λῖς,

2331 5158 2441 5211 άπὸ
2467 5157 2563 5227 μὲν
2596 5155 2703 5207 τῶν
2737 5152 3123 5220 άσαφεστέρων
3161 5148 3237 5217 μὴ
3275 5146 3657 5217 βλαπτόμενοι,
3715 5144 3819 5195 ἀπὸ
3848 5142 3911 5194 δὲ

2334 5250 2443 5303 τῶν
2475 5248 2755 5316 εὐλήπτων
2787 5242 3189 5314 ὠφελούμενοι.
3258 5241 3417 5293 Ἐστι
3458 5236 3556 5306 μὲν
3606 5231 3701 5288 οῦν
3726 5235 3913 5287 συνδε-

2335 5342 2596 5410 δογμένον
2628 5341 2832 5392 ἅπασιν
2858 5336 3157 5407 όρθοδόξοις
3184 5335 3251 5387 τά
3305 5332 3486 5385 πάντα
3519 5330 3607 5382 διά
3637 5328 3730 5381 τοῦ
3774 5325 3910 5379 Υίοῦ

2338 5440 2431 5489 καὶ
2486 5434 2646 5501 λόγου
2698 5432 2795 5484 τοῦ
2834 5430 2966 5483 Θεοῦ
3008 5428 3367 5497 γεγενῆσθαι.
3416 5441 3434 5474 ι
3466 5422 3555 5492 Τῷ
3594 5422 3739 5488 λόγῳ
3756 5418 3911 5486 ,γὰρ,

2341 5528 2495 5597 φησὶ,
2531 5524 2736 5595 Κυρίου
2761 5526 2809 5577 οί
2844 5523 3066 5592 οὐρανοὶ
3092 5520 3528 5590 ἐστερεώθησαν.
3564 5533 3583 5565 ι
3626 5512 3735 5567 Καὶ
3767 5510 3915 5563 κατά

2342 5619 2433 5672 τὸν
2473 5618 2731 5671 Νυσσαέα
2753 5616 2898 5669 θεῖον
2918 5614 3217 5684 Γρηγόριον
3243 5612 3412 5671 ὅντως
3436 5608 3601 5675 σοφία
3632 5608 3723 5658 καὶ
3748 5601 3915 5674 βουλὴ

2344 5712 2495 5765 οὐδὲν
2528 5709 2716 5779 ἕτερόν
2744 5710 2861 5763 ἐστι
2897 5707 3039 5775 πλὴν
3064 5707 3160 5774 τῆς
3193 5704 3286 5759 τοῦ
3331 5700 3529 5762 παντὸς
3553 5710 3883 5768 προεπινοου
