4146 6302
309 381 416 445 331

1199 382 1639 444 BYZANTINIE
1676 382 2057 443 lllS'l‘Ullle
2091 384 2231 444 LIB.
2268 384 2511 444 XXX”.

3448 374 3556 443 338

308 502 425 554 θῶν
444 500 747 572 δρθοδόξοις
773 502 955 572 βιϐλία
983 503 1126 556 κατὰ
1154 502 1263 555 τῶν
1290 503 1680 573 Είκονομάχων
1702 504 1877 571 ἀφῆκε

1984 516 2106 556 eum
2139 501 2320 557 atfecit
2352 499 2499 571 quod
2538 497 2778 554 fidelium
2834 498 3020 553 socius
3054 496 3256 567 scripta
3304 495 3558 552 ediderat

306 592 391 663 τῷ
420 593 545 664 βίῳ,
586 595 683 664 τὴν
714 596 943 649 ἐκείνων
985 595 1107 649 τότε
1142 594 1497 665 ἐξελέγχοντα
1533 595 1878 657 δυσσέϐειαν,

308 683 411 737 νῦν
436 684 497 739 δὲ
531 684 629 756 τὴν
666 686 1014 754 Παλαμικὴν,
1065 689 1128 739 ἐκ
1155 688 1285 756 μιᾶς
1324 685 1647 757 ἀρξαμένων
1670 687 1880 757 ἀμφοῖν

307 778 667 850 προφάσεως,
721 776 814 832 τοῦ
845 778 905 829 ἐν
936 778 1201 847 Θαϐωρίφ
1243 779 1389 848 λέγω
1414 780 1491 849 τῷ
1526 780 1644 851 δρει
1680 778 1878 848 φωτδς,

307 866 390 930 ὥς
432 867 783 939 δειχθήσεται
836 869 1173 942 πλατύτερον
1212 872 1500 938 προίόντος
1547 870 1641 925 τοῦ
1690 871 1877 938 λόγου.

306 959 580 1012 Καὶποία
601 959 811 1024 τοῦτον,
839 960 1100 1031 ἔφασκεν,
1128 957 1270 1015 οῖδεν
1308 962 1640 1033 Ἐκκλησίιη
1684 964 1779 1018 καὶ
1800 965 1883 1028 τίς

307 1050 483 1105 αὐτοῦ
513 1066 644 1106 ποτε
700 1036 923 1122 μνήμην
984 1053 1279 1122 πεποίηται
1318 1053 1427 1108 τῶν
1484 1057 1707 1125 ἡμερῶν
1723 1072 1738 1121 ;
1772 1056 1883 1111 Καὶ

308 1142 488 1195 πολλά
514 1141 741 1196 τοιαῦτα
776 1143 1040 1212 συνείρων
1078 1145 1178 1212 τὴν
1217 1144 1327 1197 τῶν
1348 1145 1710 1218 βλασφημιῶν
1745 1148 1883 1219 ἐπή-

309 1248 477 1299 νεγκε
507 1233 799 1304 κορωνίδα,
846 1236 928 1288 ὅτι
986 1233 1148 1287 πάνθ’
1193 1234 1291 1289 δσα
1338 1234 1518 1304 βιϐλία
1544 1240 1881 1309 πεποιῆσθαι

307 1324 531 1393 λέγεται
564 1328 705 1380 κατὰ
753 1326 860 1379 τῶν
886 1327 1271 1398 Είκονομάχων
1300 1327 1451 1398 αὐτῷ
1489 1329 1761 1401 αίρέσεων
1792 1333 1885 1401 γέ-

311 1432 405 1486 μει
437 1416 693 1489 μακρῶν.
728 1419 840 1473 Καὶ
882 1419 933 1470 εί
988 1418 1090 1487 μιν
1118 1418 1302 1489 ιτεροί
1335 1436 1481 1483 τινες
1510 1420 1883 1492 ὑποϐολιμαῖα

307 1508 848 1577 παρεισενέγκαντες
898 1508 959 1562 τὺ
998 1507 1165 1583 αὐτοῦ
1208 1526 1271 1578 γε
1310 1510 1635 1579 ἐπέγραψαν
1686 1513 1880 1583 ὄνομα,

306 1600 648 1669 ἀνέγκλητος
676 1600 777 1669 μὲν
810 1598 1170 1663 ἐπαιαύτδς,
1212 1601 1279 1653 τὰ
1308 1600 1366 1653 δέ
1414 1601 1601 1670 βιϐλία
1629 1603 1691 1657 οὗ
1714 1622 1729 1639 ο
1763 1610 1811 1660 εί
1837 1610 1885 1660 δ’

306 1691 480 1745 αὐτοῦ
502 1691 580 1761 τῷ
601 1691 717 1744 δντι
754 1691 988 1760 βεϐαίως
1021 1692 1182 1756 εἷσὶν,
1210 1692 1348 1762 ὁμοῦ
1374 1696 1486 1758 τοῖς
1521 1694 1749 1765 βιϐλίοις
1774 1700 1886 1769 ἄρα

307 1780 623 1853 ἀπέϐλητος
671 1784 766 1837 καὶ
821 1782 983 1847 αὐτὸς
1041 1784 1135 1837 καὶ
1178 1787 1292 1846 τοῖς
1350 1784 1535 1850 ἄλλοις
1581 1790 1886 1860 αίρετικοῖς

308 1874 658 1945 ἐναρίθμιος.

387 1970 462 2022 ε’.
500 1968 789 2025 Τοσούτων
819 1965 913 2022 οὐν
970 1970 1067 2023 καὶ
1123 1961 1268 2024 οὕτω
1329 1973 1600 2042 μεγέθους
1632 1979 1887 2044 ἀσεϐείας

308 2058 549 2129 ἐχόντων
581 2059 757 2128 λόγων
785 2058 1056 2129 αὐτήκοος
1088 2061 1117 2113 ὀ
1146 2060 1437 2132 Γρηγορᾶς
1480 2066 1723 2134 γεγονὼς
1756 2070 1891 2136 σφό.

306 2151 415 2219 δρα
454 2167 513 2202 τε
557 2149 830 2220 ἐξεπλάγη
886 2153 983 2205 καὶ
1016 2154 1235 2223 ἄφωνος
1283 2155 1508 2224 ἔμεινεν
1552 2160 1683 2229 ἄχρι
1705 2163 1796 2216 καὶ
1830 2165 1886 2228 ἐς

308 2243 463 2312 ῶρας
487 2242 700 2313 μακρόν
726 2261 776 2296 τι
804 2244 1105 2314 διάστημα.
1133 2247 1365 2303 Ἔπειτα
1395 2250 1572 2323 θυμοῦ
1606 2257 1699 2310 καὶ
1721 2257 1884 2329 ζήλου

310 2334 461 2387 θείου
495 2335 697 2402 μεστὸς
735 2334 975 2404 γεγονὼς
1012 2337 1218 2403 τοιάδε,
1276 2342 1541 2411 στραφεὶς
1599 2346 1737 2416 πρὸς
1795 2350 1887 2402 τὸν

312 2424 795 2496 Καντακουζηνδν,
859 2427 1024 2498 φησί·
1079 2429 1146 2482 Τί
1208 2447 1313 2500 μου
1345 2433 1408 2485 τὸ
1447 2436 1629 2506 γῆρας
1657 2439 1758 2493 οὐκ
1790 2443 1885 2511 ἐᾷς

309 2517 567 2587 ἠρεμεῖν,
603 2518 723 2572 ἀλλ’
755 2521 1131 2585 ἐπιϐουλεύεις
1159 2523 1284 2589 isi;
1316 2525 1382 2582 Τί
1406 2543 1474 2595 με
1504 2531 1628 2593 ταῖς
1659 2535 1780 2596 σαῖς
1799 2535 1886 2587 ἀεὶ

308 2610 557 2678 μερίζων
588 2611 872 2683 αἱρέσεσιν
901 2614 1002 2668 οὐκ
1032 2615 1343 2686 ἐνάρκησας
1364 2620 1479 2674 οὐδ’
1512 2621 1610 2692 6ψέ
1639 2626 1738 2694 τῆς
1769 2627 1886 2697 ηλι-

308 2700 439 2763 κίας
466 2700 568 2771 τῆς
610 2703 711 2769 σῆς
744 2703 957 2775 καὶτῆς
999 2705 1095 2761 νῦν
1126 2706 1521 2781 βαρυδαίμονος
1564 2716 1769 2787 τύχης;
1818 2719 1885 2773 Τί

310 2792 368 2863 μ’
399 2792 579 2846 ἄλλοτ’
611 2795 837 2849 ἄλλοθεν
892 2798 969 2861 ὡς
1003 2800 1065 2853 ἐκ
1100 2800 1311 2872 λόχμης
1339 2805 1434 2857 καὶ
1463 2806 1677 2877 δρυμοῦ
1711 2826 1883 2881 προσ-

306 2882 546 2949 ϐάλλων,
578 2887 639 2938 οὐ
670 2887 873 2959 τολμᾷς
910 2890 1051 2943 κατὰ
1083 2891 1341 2960 μέτωπον
1372 2894 1635 2969 ἄντικρυς
1673 2901 1765 2955 τὸν
1792 2904 1885 2958 σὸν

308 2972 377 3047 [ἰ.
414 2975 519 3031 158
550 2977 623 3049 r.]
666 2981 954 3050 ἐπιφέρειν
989 2982 1248 3053 πόλεμον,
1303 2985 1421 3039 ἀλλ’
1459 2989 1561 3043 οὐκ
1594 2990 1744 3044 ἔστιν
1769 2994 1883 3047 οὐθ’

304 3063 431 3141 ὅθεν
453 3064 569 3119 οὐθ’
596 3068 685 3121 ὅτε
714 3068 797 3139 μὴ
818 3068 917 3138 τὴν
952 3072 1053 3141 σήν
1080 3088 1172 3142 μοι
1202 3076 1502 3144 προσάγεις
1533 3078 1883 3149 ἀτέκμαρτον

1982 592 2184 662 quibus
2219 591 2705 646 lconomachorum
2738 589 2986 660 impietas
3016 589 3555 659 deprehendebatur,

1983 697 2132 737 nunc
2152 698 2285 738 vero
2305 684 2470 739 etiam
2498 682 2891 736 Palamitarum-
2908 680 3000 750 qui
3015 682 3209 737 eodem
3235 688 3559 750 argumento

1983 788 2041 828 se
2072 773 2415 840 fulciebant;
2450 774 2517 830 de
2570 775 2693 829 luce
2744 780 2933 828 autem
2968 787 3278 827 sermonem
3313 772 3452 827 facio
3502 771 3560 825 i‘n

1983 874 2169 919 monte
2224 864 2498 931 Thabore,
2541 880 2705 935 quam
2754 866 2893 919 infra
2933 878 3272 934 exponemus
3318 862 3558 948 planius.

1985 953 2117 1021 Quae
2145 956 2303 1011 vero?
2324 958 2503 1027 inquit
2531 957 2641 1023 ille,
2678 956 2923 1013 Ecclesia
2966 956 3115 1013 hunc
3139 957 3360 1025 agnovit
3384 956 3409 1009 ?
3438 954 3563 1025 quis

1986 1048 2305 1102 memoriam
2380 1050 2501 1118 ejus
2577 1049 2931 1103 observavit?
2994 1049 3089 1105 [lis
3160 1048 3390 1117 insuper
3455 1048 3563 1104 alia

1988 1137 2154 1191 multa
2177 1138 2387 1191 addidit
2414 1149 2469 1193 et
2496 1140 2951 1195 contumeliarum
2974 1155 3234 1194 acervum
3264 1140 3565 1209 complevit

1986 1243 2109 1283 cum
2152 1228 2323 1283 libros
2360 1240 2633 1301 quotquot
2683 1233 2907 1287 omnino
2957 1231 3252 1301 conscripti
3286 1232 3562 1287 ferrentur

1986 1331 2175 1375 contra
2227 1322 2636 1388 lconomachos,
2696 1323 2860 1395 382
2928 1324 3095 1380 nimis
3135 1326 3372 1380 refertos
3440 1340 3564 1382 esse

1986 1413 2169 1481 pravis
2196 1414 2551 1483 Opinionibus
2573 1415 2805 1482 diceret,
2828 1427 2885 1470 et
2910 1416 3014 1470 nisi
3063 1416 3131 1471 ab
3159 1417 3281 1471 aliis
3329 1416 3561 1487 quibus.
3646 1440 3651 1445 ι

1987 1504 2113 1558 dam
2144 1505 2635 1575 interpolatoribns
2667 1524 2868 1563 nomen
2893 1510 3015 1579 ejus
3050 1509 3375 1580 inscriptum
3416 1522 3566 1566 esset

1986 1596 2161 1662 libris,
2186 1599 2434 1669 ignowm
2464 1599 2601 1654 illud
2629 1616 2946 1655 mansurum
2984 1601 3187 1665 fuisse;
3227 1618 3334 1656 non
3382 1611 3561 1657 tamen

1988 1686 2114 1741 libri
2158 1688 2259 1755 ipsi
2290 1708 2303 1753 ;
2332 1690 2427 1758 qui
2457 1706 2647 1745 revera
2704 1691 2927 1761 quidem
2969 1703 3271 1755 exstarent,
3310 1694 3404 1748 sed
3458 1710 3563 1748 una

1989 1789 2112 1829 cum
2147 1777 2235 1831 his
2268 1794 2468 1833 nomen
2506 1781 2627 1849 ejus
2663 1783 3035 1850 abjiciendunt
3061 1798 3179 1839 esse
3210 1795 3266 1839 et
3300 1784 3566 1838 adnume-

1989 1869 2218 1924 randum
2246 1866 2473 1942 reliquis
2501 1872 2797 1930 haereticis.

2056 1959 2121 2013 V.
2156 1960 2287 2027 Quae
2312 1963 2478 2019 verba
2520 1974 2683 2021 tantze
2736 1967 2892 2037 plena
2946 1967 3243 2040 impietatis
3271 1984 3396 2026 cnm
3429 1972 3567 2028 Gre-

1986 2064 2145 2119 goras
2178 2053 2440 2125 audisset,
2477 2058 2838 2113 vehementer
2868 2061 3053 2114 animo
3091 2062 3376 2130 perculsus
3407 2074 3565 2119 estet

1985 2143 2265 2198 obmutuit
2300 2161 2396 2215 per
2422 2147 2643 2219 longum
2671 2149 2823 2206 hora:
2848 2150 3221 2207 intervallum.
3258 2154 3330 2208 At
3361 2154 3565 2210 deinde
3680 2156 3713 2169 "

1985 2233 2169 2290 animo
2191 2243 2247 2290 et
2273 2236 2455 2293 divina
2508 2240 2933 2309 condignatinne
2974 2242 3233 2312 impletus
3281 2245 3453 2300 vertit
3505 2261 3566 2302 se

1985 2324 2039 2377 in
2080 2322 2521 2381 Cautaeuzenum
2554 2330 2737 2384 verbis
2776 2330 2966 2386 hisce:
3008 2332 3121 2387 Cur
3150 2348 3257 2388 non
3281 2346 3561 2392 senectam

1986 2414 2122 2469 mibi
2206 2416 2344 2473 sinis
2428 2420 2834 2490 tranquillam?
2892 2420 3006 2478 Cur
3073 2438 3292 2493 semper
3365 2426 3562 2483 hmresi

1985 2514 2077 2559 tua
2111 2505 2386 2577 inquietas
2407 2525 2493 2566 me
2523 2528 2701 2582 neque
2749 2516 3027 2569 succurris
3072 2516 3205 2571 mihi
3265 2518 3357 2587 qui
3401 2529 3564 2575 aetate

1978 2596 2089 2669 jam
2125 2599 2414 2658 coniectus
2444 2618 2565 2658 sum
2592 2613 2799 2660 etcum
2852 2616 2998 2661 tanta
3036 2625 3185 2664 nunc
3228 2610 3560 2681 ingravescit

1984 2688 2202 2745 miseria
2227 2691 2379 2747 ?Cur
2409 2693 2573 2748 modo
2604 2694 2731 2750 hinc
2761 2696 2926 2751 modo
2978 2697 3127 2752 illinc
3158 2706 3419 2769 tanquam
3472 2701 3560 2755 in-

1983 2780 2141 2835 sidiis
2188 2792 2243 2837 et
2284 2784 2511 2840 latebris
2563 2802 2949 2856 prorumpens,
2987 2789 3123 2844 mihi
3157 2806 3267 2845 non
3328 2793 3558 2847 adversa

1985 2871 2166 2929 fronte
2190 2874 2403 2945 justum
2451 2877 2656 2932 bellum
2694 2879 2912 2937 infers?
2955 2880 3144 2951 Neque
3178 2884 3334 2938 locus
3382 2900 3561 2954 neque

1987 2976 2203 3037 tempus
2232 2978 2317 3023 est
2348 2984 2457 3039 quo
2484 2986 2595 3026 non
2627 2972 3088 3030 insolentissimas
3119 2984 3242 3031 tuas
3297 2978 3560 3034 tentatio-

1983 3074 2083 3114 nes
2104 3060 2157 3115 in
2184 3076 2270 3117 me
2300 3070 2505 3119 vertas.
2530 3064 2642 3120 Cur
2675 3066 2727 3119 in
2757 3065 2942 3123 divina
2992 3069 3244 3138 dogmata
3272 3073 3433 3128 modo
3460 3075 3560 3131 hos

305 3157 541 3224 πεῖραν;
568 3158 635 3211 Τί
666 3162 809 3215 κατά
839 3161 949 3215 τῶν
982 3163 1142 3217 θείων
1172 3164 1458 3236 δογμάτων
1485 3168 1662 3225 ἄλλοτ’
1685 3172 1879 3240 ἀλλους

1985 3152 2157 3207 modo
2182 3153 2307 3208 illos
2343 3157 2584 3212 exstruis
2613 3156 2875 3228 Olympos
2927 3168 2983 3215 et
3030 3162 3326 3219 Parnassos
3365 3177 3561 3222 contu-

306 3248 546 3317 ἐγείρεις
621 3250 937 3322 Ὀλύμπους
996 3257 1092 3309 καὶ
1149 3257 1472 3327 Παρνασούς
1529 3262 1884 3337 βλασφημίας

304 3338 656 3411 αὐτομαθὸῦς
689 3344 781 3396 καὶ
807 3344 1149 3414 ὀψιμαθοῦςς
1185 3349 1252 3402 Τί
1284 3353 1425 3406 κατὰ
1454 3353 1561 3408 τῶν
1590 3355 1748 3410 θείων
1773 3361 1883 3412 Πα-

302 3434 482 3503 τέρων
534 3434 819 3505 χαράδρας
882 3438 1203 3509 ἀνορύττεις
1263 3443 1350 3495 ἀεὶ
1412 3448 1737 3517 καινοτέρας
1784 3454 1882 3507 καὶ

307 3524 449 3596 μόνῃ
472 3528 539 3595 τῇ
579 3529 644 3596 σῇ
674 3529 1103 3598 παρευρημένας
1135 3530 1419 3587 αὐτοθελεῖ
1448 3536 1663 3607 ἐπινοίᾳ
1693 3555 1707 3603 ;
1746 3541 1880 3596 Τίνα

304 3617 498 3670 τοῦτον
531 3618 591 3682 ἐξ
638 3618 988 3688 αὐτοσχεδίου
1040 3621 1120 3692 τῷ
1160 3622 1288 3695 θείῳ
1323 3626 1520 3697 ἐκείνῳ
1559 3630 1735 3702 lla-cpi.
1784 3634 1879 3687 καὶ

304 3709 458 3777 σοφῷ
490 3708 798 3780 διδασκάλῳ
826 3712 924 3781 τῆς
960 3714 1289 3784 Ἑκκλησίας
1316 3718 1435 3772 νέον
1457 3721 1703 3787 ὁπλίζεις
1754 3726 1879 3797 ’Δρ-

302 3800 520 3870 χίλοχον
556 3802 590 3872 ἢ
638 3805 838 3872 μᾶλλον
905 3805 1221 3877 Ἀρχιλόχου
1274 3810 1531 3881 πίθηκον,
1566 3814 1626 3879 ὃς
1680 3814 1874 3892 πρὶνῆ

306 3889 505 3955 μαθεῖν
529 3890 730 3944 ἄπονον
757 3893 930 3944 οἴεται
958 3894 1243 3962 εἰληφέναι
1292 3901 1499 3967 ταμίαν
1551 3903 1747 3972 σοφίας
1778 3889 1878 3977 τὴν

312 3979 566 4032 Ἠσιόδου
604 3980 831 4050 δάφνην,
868 3984 964 4036 καὶ
1002 3985 1138 4057 μόνῃ
1178 3986 1397 4059 θελήσει
1424 3992 1485 4043 τὸ
1520 3992 1874 4063 δογματίζειν

298 4067 609 4137 ἀλώσιμονς
647 4072 716 4123 Ἦ
748 4072 847 4125 οὐκ
872 4074 1119 4140 ἀκούεις,
1150 4078 1203 4129 τί
1228 4079 1386 4132 ταῦτ’
1417 4082 1511 4135 ἐπὶ
1536 4084 1630 4138 σοῦ
1660 4087 1722 4139 τὸ
1750 4105 1877 4159 σχε-

300 4154 599 4211 τλιώτατον
636 4157 795 4213 τοῦτο
855 4163 949 4215 καὶ
981 4166 1227 4234 μεμηνὸς
1286 4168 1579 4241 ἀνδράριον
1642 4154 1876 4247 ἐξηρενύ-

301 4246 467 4313 ξατο;
500 4245 628 4319 Ἆρ’
661 4252 864 4307 ἀνεκτά
914 4255 1074 4308 ταῦτ’
1118 4257 1310 4320 ἀκοαῖς
1355 4259 1498 4331 λόγῳ
1530 4264 1626 4318 καὶ
1663 4245 1873 4342 διανοίᾳ

298 4341 742 4410 διοικουμέναις;
779 4344 1015 4413 Φθέγξαι
1035 4364 1088 4401 τι
1114 4348 1253 4420 πρὸς
1282 4351 1459 4407 ταῦτα
1479 4398 1493 4419 ,
1531 4356 1619 4410 ῖνα
1652 4341 1873 4432 γνῶμεν

300 4432 350 4485 εί
381 4433 456 4501 μὴ
485 4433 794 4504 ὁμότροπον
822 4437 1045 4507 τρέφεις
1074 4439 1206 4507 γοῦν
1238 4443 1296 4495 ἐν
1326 4444 1540 4511 τούτοις
1572 4453 1666 4504 καὶ
1709 4453 1873 4518 αὐτὸς

298 4524 359 4577 τὸ
386 4523 488 4593 τῆς
512 4523 738 4594 γνώμης
758 4505 1103 4596 βουλόμενον,
1150 4531 1216 4582 Ἦ
1256 4533 1364 4600 γὰρ
1401 4533 1468 4604 σὴ
1518 4505 1698 4610 σιωπὴ
1731 4505 1871 4610 seu:
1900 4505 1952 4565 θ

298 4615 355 4669 λε
366 4616 464 4687 poi
490 4617 789 4681 συνειδότος
816 4618 1053 4688 ὑποψίαν
1076 4620 1406 4694 ἀνειληφυῖα
1434 4628 1662 4696 πολλὰς,
1691 4628 1870 4702 οἶμαι,

297 4711 483 4780 ἐγερεῖ
512 4712 654 4764 κατά
691 4710 784 4765 σοῦ
812 4712 906 4775 τὰς
958 4714 1065 4765 τῶν
1104 4714 1382 4785 λοιδοριῶν
1432 4724 1755 4790 τρικυμίας.
1790 4720 1866 4781 Ἥ

295 4802 409 4874 γὰρ
438 4801 538 4855 οὐκ
572 4802 734 4864 αὐτὸς
770 4803 964 4856 ἐαυτοῦ
1004 4820 1061 4855 τε
1103 4804 1195 4857 καὶ
1245 4808 1340 4859 τοῦ
1378 4814 1643 4881 σφετέρου
1678 4813 1868 4872 θιάσου

296 4894 504 4955 παντὸς
545 4895 809 4963 ἄντικρυς
852 4900 1270 4968 καταμαρτυρεῖ
1321 4903 1417 4953 καὶ
1452 4904 1561 4955 τῶν
1600 4905 1871 4960 ἀσεϐειῶν

296 4987 694 5057 ἐπ.ψηφίζεται
721 4986 819 5058 τὴν
846 4989 1113 5059 μεγίστην
1138 4988 1154 5054 ξ
1178 4992 1275 5044 Ὃν
1306 4993 1415 5065 γὰρ
1444 4999 1618 5051 πᾶσαι
1643 4999 1870 5071 διαρῤή-

294 5081 395 5151 δην
429 5081 665 5150 τιμῶσιν
718 5080 959 5136 εὐσεϐῶν
1017 5084 1330 5152 ἐκκλησίαι,
1396 5092 1488 5143 καὶ
1543 5090 1603 5144 ὃν
1633 5092 1868 5161 ὑμνοῦσι

294 5175 656 5245 λογογράφων
698 5176 785 5228 καὶ
820 5177 1175 5246 μουσουργῶν
1212 5180 1373 5233 ὁσίων
1405 5186 1556 5252 χοροὶ
1588 5186 1730 5238 κατὰ
1761 5191 1869 5242 πᾶ-

297 5279 397 5315 σαν
431 5263 625 5333 χρόνου
678 5262 949 5332 περίοδον,
1002 5267 1097 5316 καὶ
1141 5259 1204 5317 οὗ
1265 5268 1392 5331 τοὺς
1448 5268 1646 5333 ἄθλους
1678 5275 1772 5326 καὶ
1800 5276 1869 5331 τὰ

297 5354 436 5421 σοφὰ
468 5355 825 5422 παλαίσματα
854 5356 940 5408 διὰ
963 5356 1144 5425 πάσης
1180 5358 1384 5428 ἡχῆσαι
1430 5361 1533 5429 γῆς
1562 5362 1866 5433 διαγέγονε,

294 5441 671 5510 τοῦτονοῦτος
716 5449 1053 5518 ίσχυρίζεται
1115 5451 1190 5521 μὴ
1229 5453 1447 5519 εἰδέναι,
1498 5456 1613 5509 ἀλλ’
1639 5457 1720 5519 είς
1759 5461 1867 5515 τόδ’

294 5538 512 5606 ἡλικίας
542 5539 890 5594 παντάπασιν
941 5542 1255 5613 ἀμφότερον
1308 5545 1606 5616 διαμεῖναι,
1654 5552 1747 5604 καὶ
1770 5570 1864 5606 τυ-

295 5626 427 5694 φλδς
475 5628 589 5680 τῶν
643 5630 949 5697 γινομένων
980 5632 1075 5685 καὶ
1128 5634 1314 5701 κωφὸς
1366 5637 1476 5691 τῶν
1528 5638 1861 5709 λεγομένων,

294 5716 479 5785 ὅμοιον
511 5716 706 5787 ὥσπερ
735 5717 802 5773 ἂν
833 5720 882 5773 εί
909 5723 1002 5773 καὶ
1037 5722 1167 5791 περὶ
1198 5725 1292 5779 τοῦ
1329 5729 1677 5796 παγκοσμίου
1710 5730 1881 5784 τοῦδε·

294 5810 491 5877 φωτὸς,
548 5810 652 5879 τῆς
720 5810 954 5883 ἡλιακῆς
1009 5816 1227 5888 ἐκείνης
1282 5818 1584 5889 λαμπάδος.
1648 5825 1863 5893 ἀγνοεῖν

1986 3245 2279 3303 meliarum
2303 3261 2334 3302 a
2365 3256 2418 3305 te
2449 3248 2810 3306 conﬁctarum
2840 3261 2897 3308 et
2941 3266 3067 3310 sero
3126 3264 3309 3314 tamen
3355 3258 3560 3317 frustra

1982 3338 2465 3408 excogitatarum?
2516 3342 2650 3411 quid
2706 3342 2761 3398 in
2824 3353 3045 3400 sanctos
3099 3346 3287 3404 Patres
3340 3366 3561 3423 semper

1983 3430 2118 3485 facis
2154 3432 2339 3487 foveas
2388 3449 2509 3503 qua:
2543 3435 2660 3490 solo
2706 3444 2800 3490 tuo
2831 3439 3062 3494 consilio
3094 3438 3419 3497 fodiuntur?
3444 3442 3560 3500 Cur

1980 3537 2048 3576 ex
2080 3531 2323 3593 tempore
2349 3525 2403 3578 in
2438 3526 2686 3583 divinum
2729 3529 2943 3584 Patrem
2971 3530 3124 3587 illum
3169 3542 3218 3588 et
3257 3545 3559 3607 praecepto-

1981 3628 2095 3668 rem
2121 3617 2612 3685 sapientissimum,
2652 3635 2857 3676 novum
2905 3622 3133 3679 exhibes
3162 3626 3556 3684 Archilochum

1980 3704 2065 3757 vel
2093 3705 2276 3773 potius
2300 3706 2614 3762 Archilochi
2642 3709 2857 3765 simiam
2882 3727 2899 3777 ;
2924 3714 3016 3781 qui
3045 3713 3207 3786 383
3230 3717 3553 3787 priusquam

1979 3796 2108 3865 quid
2161 3796 2418 3854 didicerit
2452 3801 2570 3856 sine
2601 3796 2789 3857 laboro
2821 3804 3080 3875 opinatur
3120 3808 3446 3879 adepturum
3498 3828 3558 3867 se

1979 3888 2263 3956 sapientia:
2299 3889 2521 3948 Hesiodi
2554 3895 2823 3962 lauream,
2845 3906 2903 3953 ct
2934 3913 3035 3967 pro
3091 3902 3395 3980 solisvotis
3439 3904 3555 3959 suis
3670 3890 3673 3891 ν

1978 3978 2219 4036 delatum
2270 3983 2336 4037 iri
2375 3987 2695 4041 certaminis
2744 3988 3039 4060 dogmatiei
3089 3992 3193 4047 sibi
3247 3998 3553 4064 prmmium.

1976 4070 2179 4127 Annon
2208 4075 2466 4132 audivisti
2494 4092 2614 4149 qua
2663 4079 2718 4133 in
2750 4089 2801 4134 te
2850 4082 3182 4139 miserabilis
3211 4095 3269 4140 et
3308 4086 3554 4145 furiosus

1978 4162 2346 4221 homunculus
2396 4168 2499 4223 iste
2542 4171 3092 4238 evomuerit?Quid,
3143 4190 3251 4229 non
3290 4177 3556 4234 abhorre-

1976 4255 2110 4312 bant
2143 4258 2259 4313 haec
2287 4267 2356 4315 ab
2381 4261 2608 4317 auribus
2633 4271 2690 4317 et
2726 4264 2909 4319 verbis
2941 4266 3048 4319 tuis
3100 4282 3165 4321 ac
3200 4270 3425 4323 mente?
3453 4270 3553 4325 Lo-

1977 4364 2149 4417 quere
2178 4351 2245 4405 ad
2288 4352 2403 4407 haec
2463 4360 2523 4406 ut
2572 4368 2970 4423 cognoscamus
3025 4373 3091 4410 an
3145 4360 3392 4414 eamdem
3438 4362 3551 4417 alas

1978 4442 2167 4498 saltem
2189 4442 2243 4496 in
2269 4444 2353 4498 his
2374 4444 2489 4511 ipse
2508 4446 2909 4502 mentem.Nem
2931 4449 3207 4507 silentium
3226 4459 3377 4507 tuum
3398 4454 3553 4509 mala:

1980 4532 2332 4587 conscientiae
2386 4536 2761 4604 suspicionem
2797 4546 3060 4593 movetet
3089 4540 3291 4596 multos
3357 4558 3553 4599 vereor

1982 4636 2050 4675 ne
2076 4621 2129 4675 in
2160 4629 2211 4677 te
2237 4623 2633 4680 maledicentia:
2678 4625 2882 4682 ﬂuctus
2910 4629 3133 4684 excitet.
3158 4629 3326 4696 Quid?
3366 4644 3577 4691 nonne"

1981 4713 2158 4781 palam
2211 4714 2314 4769 istc
2370 4716 2544 4787 ipsius
2588 4726 2644 4773 et
2697 4714 2925 4773 suorum
2988 4722 3197 4776 cultum
3250 4724 3546 4781 fanaticum

1981 4802 2246 4858 adversus
2306 4819 2407 4858 nos
2471 4813 2702 4860 testatur
2762 4816 2819 4862 et
2861 4808 3197 4877 impietatem
3249 4816 3548 4869 maximam

1980 4893 2311 4963 profitetur?
2341 4895 2474 4949 Nam
2509 4911 2672 4968 quem
2701 4912 2893 4953 omnes
2926 4899 3071 4953 clara
3101 4916 3235 4957 voce
3281 4906 3545 4959 honorant

1978 4989 2194 5057 piorum
2222 4989 2418 5060 synodi
2459 4998 2516 5043 et
2567 4989 2848 5046 celebrant
2875 4993 3210 5062 scriptorum
3244 5006 3301 5051 et
3330 5001 3547 5067 piorum

1981 5081 2267 5137 doctorum
2296 5082 2452 5136 ebori
2505 5097 2602 5153 per
2643 5099 2805 5139 omne
2838 5093 3075 5155 tempus,
3110 5097 3167 5142 et
3209 5089 3369 5158 cujus
3396 5092 3552 5148 labo-

1981 5190 2069 5231 res
2098 5184 2153 5229 et
2178 5175 2441 5245 praeclara
2470 5176 2768 5230 certamina
2797 5193 2897 5245 per
2942 5193 3161 5233 omnem
3209 5189 3418 5240 terram
3462 5186 3549 5240 in-

1979 5270 2330 5335 crebnerunt,
2363 5267 2511 5323 hunc
2566 5268 2665 5323 iste
2699 5279 2975 5324 asseverat
2996 5286 3055 5326 se
3093 5272 3366 5343 ignorare,
3392 5276 3548 5344 quasi

1979 5359 2071 5429 qui
2103 5348 2212 5415 tam
2246 5366 2518 5427 provecta:
2552 5360 2729 5415 aetatis
2760 5360 2929 5415 fuerit
2959 5373 3258 5434 utrumque
3286 5373 3545 5435 expertus

1976 5460 2144 5517 esset,
2193 5460 2255 5505 ut
2278 5467 2400 5521 qua:
2434 5443 2564 5506 stite
2597 5452 2765 5521 pedes
2793 5462 2955 5507 erant
3010 5469 3186 5509 caecus
3218 5471 3327 5510 non
3381 5458 3546 5514 vidis-

1975 5554 2078 5608 set,
2112 5552 2167 5599 et
2205 5561 2326 5615 qua:
2359 5545 2415 5599 in
2450 5559 2545 5600 ore
2574 5545 2847 5613 omnium,
2887 5547 3088 5603 surdus
3133 5564 3243 5604 non
3277 5550 3541 5607 audisset.

1975 5638 2128 5705 Quod
2164 5638 2389 5707 perinde
2424 5645 2509 5693 est
2542 5651 2608 5691 ac
2636 5637 2682 5691 si
2722 5638 2847 5707 quis
2872 5637 2940 5693 de
2974 5640 3106 5695 solis
3132 5640 3256 5696 luce
3286 5656 3391 5711 qua
3436 5653 3547 5699 ter-

1974 5747 2161 5786 rarum
2187 5740 2383 5785 cuneta
2412 5730 2809 5785 collustrantur
2828 5733 3042 5787 nescire
3063 5747 3121 5787 se
3154 5733 3387 5789 afﬁrmet
3409 5749 3541 5789 num

1974 5822 2098 5895 quis
2138 5837 2169 5877 ο
2199 5822 2340 5877 vivis
2370 5836 2436 5877 ea
2470 5821 2768 5879 frueretur.
2802 5822 2917 5885 Sed
2955 5840 2986 5881 ο
3033 5824 3249 5881 duobus
3310 5826 3542 5883 alterum
