4144 6302
653 327 756 393 351

660 452 827 520 τίαις,
882 451 1334 522 ἀλληλογαμίαις,

1816 339 2230 401 NllQEi’llORl
2269 338 2649 402 GBEGORIF

1421 456 1515 508 καὶ
1598 456 1931 522 ἁπαξαπλῶς
1980 460 2038 510 ιν
2091 458 2292 522 πάσαις
2329 458 2591 520 ἀσωτίαις
2651 452 3153 524 ιγκυλινδούμενοι.
3218 453 3285 505 τά
3344 452 3567 505 τοιαῦτα
3622 452 3892 519 πράττειν

3782 329 3897 395 352

660 542 887 607 ἀπαθῶς
938 545 1343 613 τερατεύονται,
1421 547 1761 615 ἀναισθήτως
1821 549 2101 612 νοσοῦντες
2153 548 2250 616 τὴν
2290 550 2616 615 ὶμπὰθειαν,
2655 550 2747 603 καὶ
2802 546 3122 614 ἀναλγήτως
3169 543 3262 613 ὑφ’
3328 544 3539 597 ἑαυτῶν
3583 538 3887 613 πάσχοντες

660 640 757 690 καὶ
795 640 904 692 τῶν
946 641 1006 692 ἐν
1036 641 1218 705 αὐτοῖς
1259 642 1555 697 οίκούντων
1599 640 2107 715 δαιμόνων,’ὥσπερ
2157 645 2208 695 oi
2246 647 2509 713 φρενίτιδι
2544 647 2900 717 κατεχόμενοι
2928 646 3088 711 νόσῳ.

733 727 875 783 Xlll.
932 729 1181 785 inveniet
1219 741 1403 784 autem
1428 733 1740 804 quicunque
1770 735 2058 790 consulere
2091 734 2217 788 velit

2352 780 2355 781 ν
2390 737 2488 790 ll".
2503 736 2572 789 Εὐ
2582 737 2646 805 pq
2656 753 2734 789 σει
2756 735 2799 787 δ’
2817 737 2843 788 ὀ
2862 735 3184 804 βουλόμενος
3203 734 3546 806 περὶτούτων
3565 730 3667 784 κάν
3682 728 3762 801 τῷ
3774 730 3885 801 ὅρῳ

662 820 722 874 iu
768 820 1055 888 disciplina
1105 821 1172 875 de
1225 822 1481 889 praeticis
1528 836 1728 880 sancta!
1769 825 2215 880 et‘meumenica:

664 900 1086 980 tertim‘synodi,
1119 914 1283 966 etiam
1331 917 1593 982 septimm,
1630 916 1906 984 quomodo
1936 916 2217 971 diﬂ'ament

661 1012 719 1056 et
748 1002 1121 1057 condemnem
1149 1004 1327 1073 turpia
1374 999 1570 1060 horum
1596 1008 1837 1062 facinora
1859 1019 1915 1063 et
1941 1008 2219 1078 quomodo

661 1090 1019 1146 Massalianos
1056 1094 1189 1149 istos
1221 1096 1491 1164 appellent
1519 1104 1575 1151 et
1604 1097 2003 1154 Marcionistas.
2054 1098 2221 1153 Satis-

660 1180 863 1237 t‘aeient
888 1196 1071 1239 autem
1101 1202 1247 1240 nunc
1274 1188 1338 1241 ad
1365 1188 1695 1243 evidentiam
1727 1191 1832 1245 alia
1861 1192 2093 1260 plurima
2138 1202 2219 1245 te-

659 1272 917 1327 stimonia
958 1273 1233 1329 luculenta
1286 1287 1341 1332 et
1388 1293 1495 1345 prae
1546 1279 1666 1334 aliis
1712 1281 1967 1335 omnibus
2006 1295 2127 1349 quae
2152 1282 2221 1335 ab

662 1364 805 1415 Atim
832 1376 1013 1417 monte
1044 1365 1125 1419 bis
1148 1376 1204 1419 et
1231 1375 1313 1420 ter
1336 1378 1392 1422 et
1418 1370 1616 1437 saepius
1640 1372 1707 1424 ad
1734 1386 1834 1425 nos
1853 1380 2221 1441 pervenerunt

658 1454 910 1523 evulgata
932 1465 985 1508 et
1009 1456 1178 1510 libere
1196 1458 1369 1524 palam
1389 1461 1636 1528 exposita
1650 1460 2000 1526 documenta,
2021 1462 2219 1531 quibus

660 1544 881 1599 illorum
917 1548 1129 1616 singula
1176 1549 1376 1618 ﬂagitia
1425 1550 1759 1606 indicantur.
1817 1550 1887 1606 At
1930 1556 1975 1607 si
2005 1554 2220 1620 pietatis

658 1645 857 1689 nostrae
879 1647 931 1690 et
957 1651 1158 1693 saneta:
1180 1640 1443 1695 doctrinae
1462 1644 1721 1696 intererat
1745 1643 2048 1712 intelligere
2084 1659 2220 1711 quo-

657 1727 821 1779 modo
864 1726 1085 1781 Thabor
1126 1737 1182 1782 et
1229 1729 1465 1784 Hermon
1512 1732 1564 1785 in
1596 1733 1815 1787 nomine
1840 1734 2049 1789 Doiuini
2074 1735 2219 1789 Cele-

657 1821 795 1874 brati
822 1832 1027 1887 essent,
1063 1832 1119 1877 et
1166 1828 1209 1877 si
1249 1826 1351 1878 hac
1385 1825 1453 1878 de
1486 1841 1546 1879 re
1583 1828 1956 1880 necessarium
1995 1827 2219 1880 omnino

657 1923 777 1967 erat
798 1929 918 1983 qum
941 1928 1064 1967 cum
1092 1915 1370 1970 miraculis
1399 1916 1473 1969 ibi
1495 1914 1656 1969 editis
1680 1918 1968 1984 conjuncta
1994 1917 2220 1970 fuissent

658 2005 961 2073 inquirere.
993 2007 1168 2075 iisque
1194 2006 1601 2084 venerationem
1628 2022 1893 2075 summam
1935 2008 2177 2062 tribuere
2203 2025 2216 2061 :

657 2098 893 2167 primum
917 2111 1055 2164 opus
1080 2105 1282 2151 eratut
1322 2112 1352 2151 a
1380 2098 1512 2150 viris
1538 2099 1712 2151 doctis
1752 2113 1871 2166 quae
1918 2109 2062 2152 certa
2110 2100 2219 2151 sint

655 2201 909 2246 accurate
942 2192 1373 2261 inquirerentur,
1404 2192 1567 2263 398
1593 2208 1768 2263 neque
1809 2194 2103 2261 quidquam
2137 2194 2221 2246 in-

652 2283 853 2349 iustius
909 2292 1023 2335 erat
1082 2297 1242 2351 quam
1297 2284 1363 2337 de
1395 2297 1462 2337 eo
1497 2283 1588 2352 qui
1624 2283 1692 2337 de
1739 2294 1920 2337 nostra
1974 2283 2220 2337 doctrina

658 2371 983 2439 loquebatur
1007 2371 1051 2425 si
1083 2386 1272 2427 revera
1312 2373 1413 2425 viri
1440 2372 1589 2426 docti
1630 2372 1922 2441 plurimum
1973 2373 2221 2425 valebant

656 2480 967 2534 quanquam
1028 2479 1133 2516 non
1183 2463 1373 2517 eadem
1425 2463 1653 2517 facultas
1700 2464 1909 2517 ceteris
1965 2463 2221 2517 omnibus

656 2554 833 2609 inerat
864 2558 954 2622 qui
990 2554 1271 2609 nobiseum
1297 2552 1515 2608 faciunt'
1534 2554 1889 2622 eamdemque
1916 2554 2219 2608 doctrinam

658 2646 889 2710 habent,
930 2660 1196 2713 quaerere,
1226 2660 1357 2699 num
1389 2661 1418 2699 e
1452 2660 1679 2698 numero
1711 2654 1956 2699 sutorum
1981 2654 2081 2699 aut‘
2115 2645 2221 2698 fos-

656 2752 842 2791 sorum
876 2744 969 2789 aut
998 2737 1366 2805 sophistarum
1398 2745 1562 2791 esset.
1604 2735 1809 2790 Deinde
1838 2744 2017 2790 autem
2048 2739 2221 2791 fateor

659 2831 704 2883 si
764 2829 915 2883 nullo
978 2826 1140 2881 modo
1180 2828 1432 2883 evitabile
1486 2835 1544 2882 et
1595 2840 1820 2896 prorsus
1853 2832 2217 2882 necessarium

570 2936 573 2937 '
656 2918 870 2979 fuisset;
924 2932 1010 2971 me
1065 2932 1404 2985 nequaquam
1481 2917 1554 2971 ibi
1632 2918 1962 2972 omissurum
2051 2918 2219 2970 luisse

655 3010 822 3064 verba
856 3011 1054 3073 facere,
1081 3025 1147 3064 eo
1179 3019 1236 3063 ut
1265 3024 1511 3064 caverem
1547 3010 1679 3063 milii
1711 3025 1777 3062 ne
1810 3008 2064 3062 ludibriis
2083 3008 2216 3062 mibi

656 3088 1029 3155 obtrectarent
1052 3115 1265 3168 unaque
1295 3100 1415 3153 aliis
1439 3102 1529 3170 qui
1566 3100 1771 3154 indocti
1800 3108 1927 3153 sunt
1957 3115 2025 3152 ne
2060 3098 2219 3154 facile

657 3208 688 3248 a
762 3192 1010 3249 scelestis
1088 3192 1378 3261 impietatis
1433 3192 1756 3260 przesidibus
1811 3190 2216 3259 deciperentur.

2319 827 2428 880 τῶν
2465 828 2787 897 ηρακτικῶν
2815 827 2912 895 τῆς
2944 828 3109 893 ἁγίας
3140 826 3235 880 καὶ
3263 825 3656 894 οίκουμενικῆς
3684 822 3881 891 τρίτης

2324 920 2564 985 συνόδου,
2594 920 2689 972 καὶ
2720 919 2918 986 ὁμοίως
2954 920 3049 986 τῆς
3092 917 3349 987 ἑϐδόμης.
3384 916 3532 979 ὅπως
3579 932 3636 968 τε
3668 916 3881 981 ἐκπομ-

2325 1013 2549 1065 πεύουει
2606 1012 2696 1064 καί
2753 1008 3212 1081 ἀναθεματίζουσι
3260 1010 3358 1073 τὰς
3394 1007 3645 1078 μυσαρὰς
3699 1004 3881 1060 αὐτῶν

2320 1104 2608 1170 ἐργασίας,
2662 1102 2753 1155 καὶ
2791 1102 2937 1163 ὅπως
2986 1102 3110 1160 τοὺς
3152 1100 3346 1163 αὐτοὺς
3390 1095 3778 1159 Μασαλιανούς
3820 1109 3883 1147 τι

2322 1194 2546 1248 καλοῦσι
2594 1194 2687 1247 καὶ
2726 1194 3171 1260 Μαρκιωνιστάς.
3211 1191 3529 1261 ’Δρκέσουσι
3581 1188 3628 1242 δ’
3659 1189 3738 1241 ἔτι
3789 1187 3888 1239 καὶ

2322 1284 2415 1339 νῦν
2444 1286 2498 1339 ἐς
2527 1285 2759 1353 δήλωσιν
2785 1284 2920 1337 ἀλλα
2943 1302 3002 1337 τε
3024 1285 3249 1337 πλείστα
3283 1283 3563 1353 μαρτύρια
3590 1282 3685 1336 καὶ
3710 1280 3883 1348 σαφῆ,

2320 1380 2413 1431 καὶ
2438 1376 2543 1444 τιρό
2571 1395 2633 1445 γε
2667 1379 2884 1431 πάντων
2915 1379 2961 1429 oi
2989 1379 3052 1430 ἐκ
3082 1376 3176 1431 τοῦ
3193 1374 3357 1433 ’Ἄθω
3384 1376 3474 1430 τοῦ
3497 1376 3656 1445 ὅρους
3681 1373 3775 1427 καὶ
3802 1372 3888 1435 δὶς

2322 1470 2417 1521 καὶ
2451 1468 2569 1535 τρὶς
2599 1467 2695 1520 καὶ
2736 1466 2997 1530 πολλάκις
3030 1467 3348 1538 ἐληλυθότες
3384 1463 3890 1537 πεπαῤῥησιασμέ-

2319 1579 2401 1614 νοι
2446 1561 2541 1614 καὶ
2580 1560 2833 1629 ὕπαιθροι
2864 1561 3040 1629 τόμοι,
3082 1560 3151 1613 τὰ
3199 1561 3400 1614 τούτων
3429 1558 3628 1628 αἰσχρά
3672 1555 3796 1610 καθ’
3825 1556 3889 1608 ἔ-

2323 1668 2503 1705 καστα
2541 1652 2934 1719 παριστῶντες.
2969 1651 3111 1705 Ἀλλ’
3142 1653 3191 1705 εί
3224 1652 3323 1722 μὲν
3369 1649 3515 1703 τοῦτ’
3542 1645 3608 1719 ἦν
3632 1651 3659 1702 ὁ
3690 1649 3788 1716 τῆς
3819 1648 3880 1715 ή-

2326 1740 2445 1808 μῶν
2491 1739 2777 1803 εὐσεϐείας
2810 1742 2903 1795 καὶ
2941 1742 3177 1803 πίστεως
3210 1741 3355 1809 ὅρος,
3393 1740 3591 1793 ειδέναι
3621 1738 3739 1799 πῶς
3774 1738 3888 1790 Θα-

2321 1828 2441 1899 οὼρ
2489 1830 2582 1883 και
2626 1831 2849 1899 Ἐρμὼν
2892 1834 2950 1884 ιν
2983 1831 3060 1899 τῷ
3098 1832 3321 1902 ὀνόματι
3372 1832 3577 1899 Κυρίου
3620 1818 3889 1899 ἠγαλλιά-

2322 1938 2505 1986 σαντο,
2541 1922 2635 1976 καὶ
2673 1923 2753 1985 είς
2782 1921 2926 1975 τοῦτῗ
2971 1922 3216 1991 ἀνάγκης
3265 1916 3335 1991 ἧν
3373 1922 3433 1976 τὸ
3462 1922 3889 1990 περιιστάμενον
3912 1921 3933 1933 “

2321 2009 2420 2071 τὰς
2470 2012 2587 2061 ἐκεῖ
2631 2008 3302 2077 θαυματοποιίαςείδέναι
3356 2011 3453 2064 καὶ
3497 2009 3723 2072 ταύταις
3780 2008 3886 2075 τῆς

2324 2099 2748 2166 προσκυνήσεως
2774 2100 2959 2167 νέμειν
2982 2098 3041 2151 τὸ
3069 2098 3133 2170 [ί.
3164 2099 3255 2154 ibi
3293 2098 3369 2171 εκ]
3399 2100 3713 2168 κράτιστον,
3736 2098 3888 2152 ποῶ-

2320 2204 2412 2238 τον
2443 2188 2541 2255 μὲν
2574 2188 2751 2252 σοφῶν
2795 2188 3006 2257 ἀνδρῶν
3036 2189 3205 2243 ἐδεῖτο
3247 2190 3382 2258 πρὸς
3408 2190 3635 2259 ἔρευναν
3673 2191 3889 2256 τάσφαο

2320 2280 2443 2342 λοῦς
2470 2279 2697 2348 ἀκριϐῆ,
2737 2282 2832 2333 καὶ
2870 2280 3022 2334 οὐδὲν
3070 2281 3135 2335 ἂν
3162 2277 3229 2353 ἦν
3259 2282 3588 2349 ἀδικώτερον
3619 2283 3759 2337 κατά
3789 2284 3885 2335 τὸν

2324 2371 2547 2424 εἰπόντα
2568 2370 2668 2439 τῆς
2696 2372 2981 2441 ἡμετέρας
3003 2371 3261 2437 πίστεως,
3292 2374 3340 2425 εί
3368 2373 3427 2426 τὸ
3464 2374 3626 2425 πλέον
3659 2367 3808 2442 εῖχον
3833 2372 3883 2425 oi

2322 2464 2495 2528 σοφοὶ,
2548 2462 2639 2513 καὶ
2684 2461 2783 2514 οὐκ
2823 2462 2913 2516 ἐπ’
2940 2462 3063 2532 ῐσης
3102 2462 3194 2515 τοῦ
3230 2464 3498 2526 σώζεσθαι
3540 2466 3674 2516 πᾶσι
3711 2463 3884 2532 μετῆν

2319 2552 2619 2619 ὁμοφύλοις
2648 2552 2741 2604 καὶ
2774 2553 3124 2622 ὁμογνώμοσι
3158 2556 3256 2620 τὴν
3295 2554 3601 2617 εὐσέϐειαν,
3631 2556 3745 2608 ait:
3772 2555 3884 2609 τῶν

2321 2646 2565 2696 σκυτέων
2613 2660 2697 2706 τις
2732 2645 2819 2713 εῐη
2844 2646 2941 2698 καὶ
2971 2645 3295 2699 σκαπανέων
3326 2648 3419 2701 καὶ
3465 2645 3519 2697 εί
3540 2663 3622 2708 τις
3654 2646 3766 2699 τῶν
3794 2663 3883 2699 σο-

2320 2734 2548 2803 φιστῶν.
2582 2736 2846 2805 Δεύτερον
2883 2737 2929 2790 δ’
2950 2738 3159 2805 εἴποιμι
3186 2737 3252 2790 ἂν
3282 2736 3355 2799 ὡς
3382 2738 3463 2800 είς
3489 2737 3663 2807 βίαιόν
3691 2755 3744 2789 τι
3787 2739 3884 2793 καὶ

2319 2827 2727 2897 ἀναπόδραστον
2757 2827 2817 2881 τὸ
2852 2828 2949 2896 τῆς
2982 2828 3226 2898 ἀνάγκης
3268 2829 3517 2881 ινταυθοῖ
3561 2829 3884 2897 περιίστατο

2317 2918 2601 2983 τρόπαιον,
2637 2920 2764 2987 περὶ
2795 2917 2989 2971 πολλοῦ
3041 2917 3192 2985 μέντ’
3228 2919 3294 2970 ἀν
3323 2922 3417 2971 καὶ
3448 2919 3632 2985 αὒτᾌς,
3677 2919 3881 2989 μᾶλλον
3915 2980 3931 2988 _

2317 3008 2373 3061 δὲ
2401 3009 2496 3061 τοῦ
2539 3010 2739 3072 παντὸς
2768 3008 3068 3078 ἐποιούμην
3098 3008 3159 3062 τὸ
3203 3010 3385 3077 λέγειν
3412 3009 3669 3075 ινταῦθα,
3713 3011 3885 3077 ὲμαυυ

2317 3101 2413 3154 τοῦ
2450 3118 2507 3153 τε
2546 3100 3021 3172 προμηθούμενος,
3077 3100 3151 3163 ὡς
3205 3100 3279 3170 μὴ
3332 3101 3723 3171 διασαλλοίμην
3769 3104 3883 3164 τοϊς

2319 3193 2759 3260 φιλοσκώμμοσι,
2805 3193 2899 3245 καὶ
2929 3192 3046 3259 ἅμα
3088 3193 3195 3244 τῶν
3240 3191 3637 3261 ἀφελεστέρων,
3686 3192 3763 3255 ὡς
3804 3193 3881 3263 μὴ

654 3284 812 3339 Nune
853 3298 984 3337 vero
1041 3296 1163 3337 cum
1222 3297 1414 3336 vanam
1462 3297 1653 3337 eorum
1700 3281 2214 3337 demonstrationem

2320 3285 2516 3357 ῥᾳδίως
2549 3284 2898 3352 ἐξαπατῷντο
2928 3284 3062 3351 πρὸς
3085 3283 3193 3336 τῶν
3224 3284 3453 3336 ἀνοσίων
3486 3284 3583 3348 τῆς
3620 3283 3882 3345 ἀσεϐείας

654 3394 776 3435 esse
800 3377 959 3433 nobis
981 3376 1115 3431 satis
1128 3376 1363 3440 eluceat,
1381 3386 1436 3430 et
1464 3376 1667 3429 frustra
1685 3391 1781 3429 eos
1799 3385 1850 3428 et
1870 3374 1987 3430 sine
2013 3382 2212 3428 eventu

2320 3378 2619 3446 προέδρων.
2652 3375 2765 3429 Νὗν
2800 3375 2844 3429 δ’
2867 3376 3055 3441 ἐπειδὴ
3090 3374 3325 3442 ματαίαν
3349 3374 3609 3441 ἐπίδειξιν
3642 3369 3783 3429 εἶναι
3815 3375 3880 3428 τδ

653 3473 1082 3529 concertationis
1107 3472 1336 3525 multum
1362 3470 1536 3523 lutum
1570 3468 1899 3531 concitasse,
1924 3477 2127 3531 tacere,
2153 3474 2211 3520 ut

2320 3469 2553 3534 πρᾶγμα
2615 3467 2902 3519 κατανοεῖν
2952 3466 3083 3533 ἡμῖν
3141 3465 3527 3533 παραγίνεται,
3562 3465 3654 3518 καὶ
3710 3465 3881 3516 πολὺν

652 3562 788 3629 dixi,
821 3561 1087 3615 malebam
1116 3573 1277 3627 quam
1310 3557 1511 3617 dicere,
1552 3570 1654 3609 nec
1696 3570 1828 3609 vero
1853 3570 1918 3608 ea
1950 3556 2017 3609 de
2044 3569 2207 3608 causa

2322 3561 2440 3629 μὶν,
2488 3559 2746 3627 ἀνόνητον
2775 3556 2828 3609 δὲ
2860 3557 2954 3610 καὶ
3000 3555 3120 3624 εἰκῇ
3169 3556 3259 3607 τον
3287 3556 3385 3624 τῆς
3423 3555 3598 3623 ἔριδος
3626 3554 3880 3607 ἐντεῦθεν

655 3669 719 3708 ac
746 3653 788 3706 si
822 3652 1006 3705 dicere
1031 3650 1255 3704 omnino
1287 3662 1385 3717 per
1417 3663 1475 3701 se
1506 3646 1699 3701 inutile
1744 3657 1909 3710 esset,
1941 3646 2034 3701 Sed
2083 3648 2211 3715 quia

2320 3651 2590 3720 κονιορτὸν
2624 3648 2997 3715 ἐγειρόμενον,
3044 3647 3224 3716 σιγᾷν,
3258 3646 3333 3706 ὡς
3375 3648 3613 3715 εἴρηται,
3660 3646 3880 3699 eccum.

651 3745 814 3799 nobis
836 3744 954 3813 ipso
977 3757 1045 3797 eo
1074 3752 1317 3809 tempore
1346 3738 1539 3793 inutile
1576 3738 1689 3794 fore
1714 3739 2022 3793 videbatur.
2057 3737 2212 3803 Quod

2320 3758 2428 3811 μην
2461 3741 2526 3793 ἂν
2558 3737 2813 3807 μᾶλλονῆ
2851 3738 3051 3805 λέγειν,
3088 3737 3148 3790 ού
3192 3739 3253 3789 τὸ
3296 3736 3477 3804 λέγειν
3511 3736 3586 3801 ὡς
3616 3737 3883 3807 ἀνόνητον

652 3837 1083 3905 inopportunum
1110 3847 1232 3886 esse
1262 3839 1315 3885 et
1350 3830 1507 3883 nobis
1559 3838 1815 3897 tanquam
1848 3829 2051 3897 probro
2098 3828 2213 3881 fore

2320 3834 2457 3886 κατὰ
2507 3837 2670 3899 φύσιν
2714 3832 2957 3901 ὑπάρχον
3002 3831 3412 3899 ἀποσειόμενος,
3467 3831 3581 3884 ἀλλ’
3620 3832 3696 3891 ὡς
3743 3834 3881 3901 ἡμῖν

654 3930 831 3999 ipsum
867 3924 998 3980 i!lud
1034 3934 1250 3990 tempus
1286 3922 1416 3975 satis
1442 3920 1715 3974 monebat.
1740 3918 1814 3973 De
1840 3919 2040 3988 quibus
2063 3918 2209 3973 enim

653 4018 1010 4089 quaestionem
1045 4023 1359 4084 preponunt
1389 4028 1498 4065 non
1543 4010 1940 4073 necessariam,
1971 4010 2088 4065 haec
2120 4025 2210 4065 re-

652 4110 1000 4179 sponsionem
1022 4104 1385 4161 necessariam
1408 4118 1515 4156 non
1548 4101 1844 4171 postulant.
1863 4099 2039 4155 Audio
2061 4102 2207 4155 enim

656 4215 912 4271 magnum
961 4196 1221 4253 Basilium
1265 4193 1482 4263 quando
1546 4191 1615 4246 ab
1666 4193 1880 4259 Arianis
1933 4202 2215 4262 rogaretur

656 4305 714 4349 ut
740 4295 1083 4350 enuntiatum
1143 4289 1334 4343 «Deus.
1369 4285 1575 4340 creavit
1628 4300 1745 4337 mei
1810 4285 2106 4353 explicaret
2157 4283 2210 4339 id

657 4387 975 4456 repudiasse
1008 4390 1063 4434 et
1091 4378 1294 4433 silentii
1330 4391 1550 4430 causam
1577 4389 1696 4427 eam
1731 4374 2033 4442 professum
2064 4390 2211 4438 esse,

655 4478 803 4549 quod
835 4477 984 4529 nulla
1003 4472 1104 4527 sibi
1136 4470 1203 4525 de
1234 4468 1499 4539 ejusmodi
1526 4469 1793 4520 sententia
1824 4466 2037 4520 dicendi
2068 4475 2216 4521 esset

655 4569 975 4630 necessitas,
1000 4563 1299 4634 prtesertim
1319 4576 1442 4614 cum
1465 4575 1563 4627 per
1588 4558 2211 4627 parabolametobscura

656 4660 821 4713 verba
853 4664 907 4710 et
939 4657 1220 4723 :enigmata
1253 4652 1460 4720 prolata
1500 4656 1704 4714 essent,
1765 4662 1832 4702 ne
1881 4648 1973 4716 qui
2000 4649 2215 4702 audiret

2318 3926 2562 3995 ὑπάρχον
2603 3925 2860 3992 ἀνόνητον
2894 3924 3039 3989 ἄρτι,
3086 3923 3183 3991 τὴν
3218 3922 3422 3991 ἀωρίαν
3456 3926 3592 3985 τέως
3630 3924 3723 3977 τοῦ
3754 3926 3887 3993 χρό-

2312 4035 2407 4068 νου
2442 4015 2692 4083 καθάπερ
2715 4015 2836 4067 τινὰ
2859 4014 3051 4082 κηλῖδα
3071 4016 3535 4081 συμπεπτωκυῖαν
3550 4015 3881 4081 ὁθενδηποτ-

2317 4108 2409 4162 οὖν
2452 4106 2606 4175 παρὰ
2646 4106 2705 4157 τὸ
2734 4104 2878 4166 εἰκὸς
2918 4104 3320 4171 ἀναδεξαμένου
3342 4121 3357 4135 ⁸
3393 4104 3429 4158 θ.
3457 4108 3563 4173 γὰρ
3590 4106 3883 4175 ἐνδεχομέ-

2316 4217 2414 4267 νην
2438 4199 2535 4250 οὐκ
2571 4196 2877 4262 ἀναγκαίαν
2915 4195 2969 4247 δὲ
2992 4195 3391 4262 προϐάλλονται
3426 4196 3675 4265 ζήτησιν,
3706 4197 3885 4250 ταῦτα

2318 4290 2536 4348 πάντως
2563 4286 2672 4338 οὐδ’
2705 4283 3009 4352 ἀναγκαίαν
3050 4283 3172 4336 τινὰ
3197 4284 3294 4351 τὴν
3324 4285 3617 4352 ἀπόκρισιν
3658 4287 3888 4339 ἀπαιτεῖ

2319 4377 2619 4447 πανταχοῦ.
2657 4376 2863 4430 Ἀκούω
2892 4377 3000 4444 γάρ
3031 4377 3123 4427 καὶ
3176 4375 3270 4427 τοῦ
3312 4376 3553 4444 μεγάλου
3597 4377 3884 4431 Βασιλείου

2320 4468 2796 4541 περιφρονοῦντος,
2827 4468 2987 4519 ὁπότε
3031 4468 3165 4536 πρὸς
3208 4467 3317 4521 τῶν
3344 4455 3667 4536 ⁸”Αρειιίνῶν
3711 4470 3886 4524 ἀπαι-

2317 4566 2460 4616 τοίτο
2489 4562 2587 4629 τὴν
2604 4560 2722 4621 τοῦ,
2764 4578 2781 4611 ι
2816 4559 3021 4627 Κύριος
3052 4559 3232 4612 ἐκτισέ
3266 4576 3359 4627 με,
3402 4578 3419 4610 ι
3461 4560 3887 4630 φωνὴνὲξηγεῖο

2320 4655 2466 4713 σθαι,
2501 4652 2594 4704 καὶ
2625 4650 2725 4718 τῆς
2750 4651 2911 4719 σιγῆς
2938 4650 3036 4718 τὴν
3062 4649 3240 4703 αἰτίαν
3269 4651 3591 4717 φάσκοντος,
3625 4653 3698 4721 μὴ
3740 4648 3883 4707 εἴναι

655 4750 818 4821 399
846 4748 1085 4816 ambigui
1117 4744 1374 4813 quiddam
1399 4741 1526 4796 inde
1548 4742 1880 4809 conciperet.
1904 4741 2213 4810 Eademque

2320 4742 2515 4812 δηλαδὴ
2572 4740 2840 4810 μηδεμίαν
2897 4741 3144 4808 ἀνάγκην
3202 4741 3332 4809 περὶ
3393 4740 3649 4810 τοιαύτης
3701 4741 3883 4810 λέγειν
3968 4802 3971 4803 ν

654 4847 725 4899 de
753 4860 915 4898 causa
959 4856 1060 4910 ego
1104 4852 1319 4908 quoque
1375 4848 1555 4892 tacere
1604 4836 1676 4889 ibi
1734 4836 2022 4899 malebam,
2052 4835 2215 4903 idque

657 4949 765 4989 non
795 4933 966 4985 solum
994 4938 1215 4998 propter
1244 4943 1306 4982 ea
1329 4942 1449 4994 qua:
1471 4941 1633 4994 supra
1657 4926 1903 4994 exposui,
1932 4924 2026 4979 sed
2049 4925 2213 4979 etiam

657 5034 881 5095 propter
918 5022 1145 5090 plurima
1185 5021 1309 5074 alia.
1361 5020 1499 5074 Sunt
1523 5018 1665 5071 enim
1694 5020 1785 5087 qui
1814 5032 2066 5072 sermone
2096 5033 2217 5087 per-

658 5121 847 5189 spicuo
885 5125 1130 5182 utantur,
1183 5116 1272 5168 alii
1326 5117 1415 5182 qui
1442 5128 1669 5182 prorsus
1722 5126 1829 5165 non
1881 5110 2213 5182 perspicuo;

658 5213 751 5280 qui
787 5210 888 5264 etsi
940 5208 1275 5278 argumentis
1329 5222 1436 5260 non
1472 5205 1730 5259 differunt
1760 5221 1786 5257 a
1824 5205 2002 5269 nobis,
2032 5212 2209 5257 tamen

659 5303 843 5358 verbis
876 5312 930 5356 et
961 5301 1184 5354 vocibus
1220 5299 1332 5353 suis
1364 5295 1737 5367 peculiaribus
1769 5295 1990 5349 differre
2016 5294 2180 5347 viden

665 5405 752 5449 tur
783 5394 848 5448 iis
877 5394 968 5461 qui
998 5392 1199 5445 indocti
1233 5399 1361 5444 sunt
1387 5398 1443 5442 et
1475 5389 1671 5457 quibus
1698 5402 1880 5441 sacras
1905 5386 2221 5455 Seripturas

666 5486 718 5539 in
749 5481 1177 5537 controversiam
1212 5479 1413 5534 dueere
1446 5478 1637 5545 placet.
1705 5476 1820 5528 {alio
1851 5484 2032 5528 autem
2063 5473 2223 5526 modo

666 5573 978 5642 intelligunt
1009 5572 1101 5639 qui
1137 5571 1191 5624 in
1225 5566 1536 5637 hujusmodi
1567 5566 1727 5619 rebus
1757 5564 1985 5618 nimium
2010 5578 2224 5630 semper

666 5663 960 5732 exquirere
1015 5670 1070 5715 et
1121 5676 1217 5728 per
1267 5657 1553 5726 allegorias
1603 5655 1787 5710 dicere
1828 5654 2062 5719 volunt;
2117 5651 2225 5705 alio

673 5755 838 5809 modo
863 5754 954 5821 qui
992 5751 1310 5819 simpliciter
1340 5749 1685 5816 interpretari
1713 5753 1767 5801 et
1802 5746 2072 5799 illu~trarc
2107 5752 2223 5797 stt:-

2318 4835 2526 4903 φωνῆς,
2558 4834 2648 4885 καὶ
2677 4831 2850 4884 ταῦτα
2874 4830 2959 4883 διὰ
2983 4830 3309 4899 παραϐολῶν
3346 4831 3442 4884 καὶ
3470 4833 3765 4885 σκοτεινῶν
3793 4833 3880 4888 λό-

2319 4943 2430 4994 γων
2455 4925 2546 4976 καὶ
2570 4923 2911 4991 αἰνιγμάτων
2957 4922 3451 4990 προενηνεγμένης,
3475 4922 3549 4984 ῶς
3580 4924 3750 4991 μηδὲν
3779 4926 3879 4978 ἀν-

2318 5017 2731 5085 αμφισόήτητον
2756 5010 2899 5066 εἶναι
2927 5013 3115 5066 λαϐεῖν
3145 5013 3205 5078 ἐξ
3256 5014 3430 5081 αὐτῆς
3464 5014 3554 5069 τδν
3588 5017 3877 5075 ἀκούοντα.

2322 5109 2420 5161 Διά
2446 5107 2576 5181 γοῦν
2604 5105 2779 5158 ταῦτα
2823 5102 2978 5169 κάγὼ
3014 5105 3227 5172 σιωπᾷν
3271 5103 3573 5173 ἐϐουλόμην
3602 5107 3764 5169 αὐτὸς
3792 5109 3886 5161 ὲν-

2320 5200 2531 5251 ταυθοῖ.
2560 5198 2667 5249 Καὶ
2703 5196 2775 5265 μὴ
2810 5195 2970 5263 μόνον
2996 5195 3061 5247 δι’
3089 5194 3125 5248 ἃ
3157 5196 3767 5265 προαπηριθμησάμην,
3799 5201 3884 5253 ὅτι

2326 5290 2401 5359 μὴ
2424 5288 2518 5340 καὶ
2552 5287 2729 5340 ἀλλων
2755 5288 2926 5355 δήπου
2954 5286 3221 5338 πλείστων
3247 5285 3434 5339 ἕνεκα.
3466 5288 3576 5340 Καὶ
3613 5288 3721 5357 γὰρ
3752 5289 3884 5343 ἔνιοι

2326 5378 2423 5445 μὲν
2458 5374 2726 5444 σαφηνείᾳ.
2769 5372 3036 5442 γλώττης,
3074 5373 3204 5425 ἔνιοι
3258 5373 3301 5425 δ’
3339 5374 3540 5441 ἣκιστα
3564 5376 3884 5445 κέχρηνται,

2324 5470 2419 5522 καὶ
2448 5470 2495 5521 εί
2527 5468 2602 5535 μὴ
2631 5468 2752 5529 ταῖς
2777 5465 3031 5528 ἐννοίαις,
3056 5464 3170 5516 ἀλλ’
3193 5464 3287 5516 οὖν
3324 5468 3389 5533 τῇ
3424 5482 3488 5531 γε
3523 5464 3664 5529 λέξει
3693 5466 3886 5537 καὶτῷ

2321 5562 2421 5627 τῆς
2453 5559 2707 5628 φράσεως
2746 5557 2987 5624 σχήματι
3020 5556 3358 5626 διενηνέχθαι
3392 5556 3640 5610 δοκοῦσιν
3665 5558 3885 5627 ὲνιαχοῦ

2322 5652 2432 5709 τοῖς
2459 5647 2687 5716 ἀμαθῶς
2708 5662 2767 5699 τε
2793 5645 2888 5699 καὶ
2923 5645 3212 5711 ἐριστικῶς
3243 5646 3365 5706 ταῖς
3394 5644 3637 5715 Γραφαίς
3667 5643 3889 5714 ὁμιλοῦ-

2328 5759 2429 5795 σιν.
2464 5742 2573 5795 Καὶ
2611 5739 2783 5803 ἄλλως
2838 5739 2935 5808 μὲν
2975 5733 3057 5800 οἷς
3110 5739 3176 5793 τὰ
3240 5738 3367 5807 περὶ
3418 5737 3610 5792 τούτου
3640 5737 3756 5801 πῶς
3787 5736 3891 5809 μὲν
