4144 6302
208 359 316 422 353

1151 357 1592 421 ΒΥΖΑΝΤΙΝΒ
1632 354 2017 416 Ιὶίὸτοῖὶίίίῐ
2065 353 2212 411 LIB.
2255 353 2500 413 XXXII.

3359 353 3468 416 εει

205 475 608 544 ἐγκωμιάζειν,
630 477 744 541 πῶς
767 477 812 532 δ’
833 477 1178 546 ἀναγωγικόν
1204 495 1327 531 τινα
1350 477 1532 545 λέγειν
1571 474 1776 544 τρόπον

1894 470 2026 524 dent
2078 470 2193 555 ipsa
2251 480 2458 523 tantum
2493 468 2636 522 nuda
2670 467 2949 546 Evangelii
2993 467 3158 522 verba
3191 467 3310 523 sine
3351 471 3462 523 ulla

206 566 306 618 καὶ
334 567 780 638 ἀλληγοροῦντας
804 568 1059 633 διεξιέναι
1092 570 1328 634 ἔπεισιν,
1364 567 1540 628 ἄλλως
1586 566 1645 620 δὲ
1668 567 1782 625 τοῖς

207 655 403 719 ἁπλῶς
431 658 760 727 ἑρμηνεύειν
791 660 888 711 καὶ
921 657 1234 727 ἐξηγεῖσθαι
1265 656 1660 727 προελομένοις
1687 654 1785 724 μό-

207 762 309 809 νας
359 749 534 812 αὐτὰς
592 749 686 802 τοῦ
721 750 1064 818 Εύαγγελίου
1098 750 1199 810 τὰς
1235 750 1421 819 ῥήσεις
1469 745 1785 814 φιλοτιμίας

1888 562 2254 616 astimatione
2283 572 2340 639 et
2379 562 2630 630 detege-re
2662 571 2930 630 quantum
2963 560 3080 614 ﬁeri
3112 562 3283 630 pessit
3310 570 3468 616 aecu-

1903 660 2020 705 ratc
2047 665 2172 719 qua;
2203 649 2387 704 verbis
2417 649 2605 704 subest
2639 650 2996 713 sententiam,
3028 665 3208 720 neque
3243 651 3335 719 qui
3386 650 3468 703 ul-

1889 743 2064 796 terius
2098 741 2399 811 quidquam
2429 739 2800 810 indagandum
2831 754 2954 794 esse
2985 749 3203 808 putant.
3251 737 3468 794 Rursus

207 837 434 908 ἀπάσης
460 841 638 902 ἐκτὸς,
669 841 765 893 καὶ
791 839 1217 902 ἀνακαλύπτειν,
1255 839 1378 890 ὅσον
1410 824 1655 905 ἐφικτὸν,
1692 833 1786 884 τὸν

1894 832 1995 887 alio
2037 833 2195 886 modo
2222 830 2446 885 differre
2469 831 2727 885 videntur
2757 831 2844 896 iis,
2882 832 2974 902 qui
3003 833 3166 888 hodie
3200 833 3321 902 pios
3351 834 3470 887 aui-

203 929 536 998 ἐγκείμενον
562 933 684 994 ταῖς
718 929 898 992 λέξεσι
932 931 1058 984 νοῦν
1088 929 1354 1000 ἀκριϐῶς,
1383 929 1478 984 καὶ
1509 927 1675 979 πλέον
1698 925 1790 978 οὖ-

207 1021 298 1072 δὲν
341 1022 662 1090 περαιτέρω
690 1023 872 1090 ζητεῖν
895 1036 910 1051 ·
957 1021 1134 1084 ἄλλως
1161 1019 1220 1074 δὲ
1251 1021 1364 1082 τοῖς
1394 1016 1490 1071 νῦν
1527 1019 1618 1070 ἀπὶ
1652 1033 1787 1084 συγ-

207 1111 367 1182 χύσει
389 1113 490 1182 τῆς
507 1112 791 1176 εὐσεϐείας
815 1115 1126 1181 ἑπιφυεῖσιν
1149 1110 1429 1173 ἀσεϐέσιν,
1458 1109 1508 1163 οἲ
1531 1110 1630 1178 τὴν
1659 1107 1789 1177 μίαν

208 1204 472 1257 ἀκτιστον
499 1205 731 1273 θεότητα
774 1207 912 1275 πρὸς
941 1205 1204 1274 ἀπείρους
1259 1204 1354 1256 καὶ
1379 1202 1667 1270 διαφόρους
1701 1201 1787 1252 τέ-

213 1306 434 1360 μνουσι,
466 1294 562 1345 καὶ
587 1293 706 1361 ἅμα
755 1294 891 1363 όρᾷν
919 1293 1197 1363 αἰσθητοῖς
1253 1292 1552 1361 ὀφθαλμοῖς
1587 1293 1786 1358 ἐγκαυ-

210 1377 417 1446 χῶνται
446 1379 543 1432 καὶ
568 1381 778 1449 ὁμιλεῖν
806 1381 865 1444 ιξ
897 1382 1039 1434 οῐνου
1069 1381 1168 1435 καὶ
1199 1379 1412 1448 τρυφῆς
1441 1377 1786 1445 Παλαμικῆς.

209 1469 268 1522 δν
287 1469 558 1524 ἀδύνατοι·
589 1471 718 1524 ίδεῖν
742 1472 1148 1544 μεμαθήκαμεν
1173 1472 1302 1543 μήτ’
1330 1471 1634 1539 ἀνθρώπων
1664 1469 1790 1539 μήτ’

209 1560 463 1628 ἀγγέλων
488 1560 712 1613 οὐδένιν
743 1561 922 1624 ἄλλως
950 1563 994 1614 δ’
1028 1557 1184 1624 αὖθις
1219 1565 1331 1624 τοῖς
1353 1562 1642 1629 ἑπομένοις
1695 1560 1782 1628 βα-

213 1650 443 1713 ναύσοις
473 1653 572 1704 καὶ
601 1653 1044 1722 τριωδολιμαίοις
1075 1654 1454 1722 γυναικαρίοις
1479 1652 1570 1704 καὶ
1594 1653 1790 1719 ἀνδρα-

212 1741 372 1813 ρίοις.
418 1743 510 1806 Ὠς
565 1739 706 1797 εἶναι
770 1744 1111 1809 πολλαπλοῦς
1163 1747 1259 1799 καὶ⁵
1306 1744 1605 1807 πολυειδεῖς
1659 1744 1790 1804 τοὺς

1890 937 2009 976 mos
2047 923 2371 990 perturbare
2412 921 2634 1001 student
2683 923 2887 991 impiis,
2925 924 3132 993 quique
3166 939 3328 977 unam
3385 925 3469 977 luo

1889 1021 2127 1065 creatam
2185 1009 2444 1063 deitatem
2497 1007 2550 1062 in
2587 1009 2833 1062 inﬁnitas
2883 1017 2940 1064 et
2996 1011 3352 1064 multimodas
3383 1009 3470 1063 di-

1890 1101 2173 1165 scindunt,
2208 1100 2481 1167 simulque
2516 1099 2704 1155 videre
2737 1115 2855 1154 eam
2889 1101 3052 1155 claris
3084 1101 3258 1155 oculis
3281 1115 3340 1153 se
3383 1101 3468 1170 ja-

1891 1198 2045 1243 ctant
2084 1198 2138 1242 et
2161 1191 2487 1258 conjunctos
2517 1205 2576 1243 se
2603 1205 2727 1243 esse
2758 1198 2881 1258 post
2934 1191 3122 1244 viuum
3158 1200 3214 1244 et
3246 1205 3464 1244 comes-

1893 1281 2163 1333 sationem
2193 1278 2522 1332 Palamicam
2551 1295 2674 1334 cum
2706 1295 2770 1334 ea
2797 1295 3089 1345 quamnos
3120 1295 3465 1350 nequaquam

1891 1370 2046 1423 cerni
2077 1383 2239 1438 posse
2278 1370 2572 1425 didicimus
2599 1387 2778 1439 neque
2809 1371 2877 1425 ab
2899 1373 3123 1426 homine
3148 1373 3257 1426 ullo
3288 1387 3468 1440 neque

1891 1462 1958 1514 ab
1997 1461 2229 1529 angelis.
2268 1463 2517 1530 Denique
2552 1463 2660 1516 alio
2689 1465 2850 1516 modo
2884 1465 3220 1532 intelligunt.
3250 1478 3372 1532 qua?
3412 1464 3468 1517 in

1892 1553 2154 1606 comitatu
2225 1568 2447 1622 semper
2495 1567 2582 1607 est
2612 1553 2766 1622 plebs
2801 1571 2830 1606 e
2878 1556 3120 1609 tabernis
3151 1564 3207 1609 et
3243 1555 3470 1623 perdita:

1891 1643 2138 1713 vilesque
2214 1645 2476 1699 mulieres
2540 1654 2596 1700 et
2650 1646 2994 1699 hoxnunculi.
3052 1645 3239 1714 Itaque
3290 1645 3348 1699 lit
3407 1653 3469 1698 ut

1894 1735 2228 1802 multiplices
2276 1735 2401 1789 inde
2437 1746 2494 1789 et
2542 1737 2706 1790 variae
2739 1735 2934 1790 forum
2977 1747 3176 1791 sancta:
3203 1737 3469 1791 doctrina:

211 1809 470 1887 δντεῦθεν
513 1835 922 1900 ἀποδλύζοντας
965 1837 1066 1908 τῆς
1095 1838 1393 1908 θρησκείας
1429 1836 1659 1905 ῥύακας,
1695 1835 1790 1887 καὶ

1895 1835 2149 1895 tanquam
2216 1826 2379 1880 rivuli
2442 1827 2755 1896 proﬂuam;
2817 1836 2873 1882 et
2931 1827 3182 1897 profecto
3225 1828 3467 1896 cogitare

213 1925 487 1995 Πρωτέως
499 1928 742 1997 τήμερον
754 1927 963 1982 δεῖσθαί
978 1943 1140 1991 τινος,
1155 1926 1498 2013 ἀλλοιοῦσθαι
1515 1924 1576 1997 [ί.
1599 1925 1700 1979 16?.
1715 1924 1789 1996 r.]

214 2017 738 2088 δυναμένοιυόσυχνά
764 2021 901 2090 πρὸς
931 2021 1002 2075 τὰ
1031 2019 1263 2090 διάφορα
1310 2020 1420 2074 τῶν
1452 2019 1790 2088 ὁμιλούντων

211 2109 316 2178 ἤθη
342 2110 440 2162 καὶ
468 2108 708 2179 ἆμαντάς
736 2127 797 2164 τε
828 2111 1060 2178 γνώσεις
1082 2112 1179 2166 καὶ
1207 2108 1631 2182 διχοστατούσας
1653 2108 1792 2178 γνώ-

259 2217 349 2261 ας.

259 2217 349 2261 ας.

218 2217 255 2268 μ
287 2287 383 2345 Ι.ὶ’.
416 2291 518 2346 Διά
546 2292 612 2364 δὴ
641 2293 818 2348 ταῦτα
863 2297 959 2347 καὶ
988 2295 1059 2347 τὰ
1107 2293 1264 2348 τοιαῦ
1278 2312 1336 2346 :a.
1373 2292 1598 2364 βαθείας
1634 2291 1792 2359 σιγῆς

215 2381 502 2434 ἀνθεῖλκον
539 2383 741 2453 ἔρωτες
787 2384 849 2437 τὸ
891 2389 991 2454 τῆς
1021 2386 1163 2456 ἐμῆς
1200 2386 1378 2456 ψυχῆς
1417 2381 1790 2453 λογιζόμενον,

217 2472 314 2524 καὶ
348 2471 629 2537 τοιούτους
673 2475 738 2546 δή
769 2493 921 2539 τινας
948 2478 1007 2529 ἐν
1052 2477 1281 2547 ἐμαυτῷ
1326 2477 1453 2539 τοὺς
1495 2474 1806 2543 λογισμοὺς·

217 2560 488 2631 ἐξήσκουν
518 2563 652 2632 ἐγὼ,
706 2566 896 2628 δεδιὼς
952 2568 1028 2639 μὴ
1083 2568 1263 2637 μάτην
1307 2567 1544 2637 ἀορίστῳ
1587 2583 1649 2619 τε
1698 2564 1795 2616 καὶ

217 2651 438 2722 ἀστάτῳ
469 2654 719 2725 στοιχείῳ
747 2655 826 2726 τῷ
847 2659 968 2728 ἀέρι
1002 2658 1139 2722 δόξω
1167 2657 1435 2721 δανείζειν
1468 2659 1662 2725 λόγους
1696 2658 1794 2710 αύ-

213 2743 344 2796 τίκα
381 2745 534 2812 μάλα
562 2745 1157 2817 λυθησομένους.Ἐπεὶ
1187 2751 1243 2804 δὲ
1274 2749 1612 2818 πανταχόθεν
1645 2748 1793 2818 mra;

216 2837 569 2907 περιθέοντες
624 2838 720 2891 νῦν
751 2841 800 2892 oi
852 2841 952 2909 τῆς
1007 2842 1289 2905 εὐσεϐείας
1339 2842 1643 2909 ἀγωνισταὶ
1697 2843 1793 2895 καὶ

217 2929 428 2998 σφόδρα
459 2929 558 2999 τῆς
584 2929 822 2992 πίστεως
853 2931 1208 3002 ἀντεχόμενοι
1235 2933 1630 3002 πιθανωτέροις
1661 2949 1794 3002 χρη-

217 3017 449 3087 σάμενοι
484 3019 666 3088 λόγοις
703 3021 957 3091 ἐκθύμως
985 3040 1044 3075 τε
1070 3023 1284 3087 ἀξιοῦσι
1321 3027 1414 3076 καὶ
1450 3024 1702 3091 ἀνάγκην
1727 3026 1791 3091 τῇ

215 3110 443 3173 ἀξιώσει
498 3111 768 3174 ἐπάγουσι
807 3113 1159 3182 παντοδαπὴν
1212 3128 1336 3164 τινα
1393 3113 1485 3163 καὶ
1547 3113 1680 3164 πολὺ
1730 3111 1861 3194 τδρ

215 3199 478 3268 διάπυρον
514 3201 882 3268 κεκτημένην,
913 3203 1010 3255 καὶ
1041 3203 1176 3268 ἀρὰς
1207 3200 1785 3272 προσεπιδαψιλεύουσι

214 3293 282 3363 τῇ
309 3291 524 3363 ἀνάγκη
563 3293 638 3364 μὴ
672 3294 932 3363 περιιδεῖν
962 3295 1475 3364 ἀναμοχλευομὲνην
1521 3294 1621 3363 τὴν
1649 3293 1786 3361 ἀλή-

219 3383 391 3447 θειαν,
425 3385 838 3446 κινδυνεύοντας
869 3386 926 3439 δὲ
957 3387 1084 3446 τοὺς
1132 3385 1383 3448 πολλοὺς,
1419 3386 1544 3444 τοὺς
1583 3387 1678 3452 μὲν
1708 3385 1787 3444 εἰς

215 3475 286 3528 τά
317 3474 524 3545 ἔσχατα
564 3477 665 3544 τῆς
713 3478 980 3544 κακίστης
1026 3478 1132 3529 τῶν
1161 3476 1528 3530 Μασαλιανῶν
1567 3474 1790 3544 περιπί-

219 3580 374 3618 πτειν
406 3567 698 3634 αίρέσεως,
727 3568 853 3629 τοὺς
879 3567 928 3619 δ’
960 3569 1040 3628 είς
1081 3567 1150 3619 τὰ
1190 3567 1301 3620 τῶν
1341 3568 1690 3619 Ἀκτιστιτῶν
1725 3583 1785 3618 τε

219 3654 311 3708 καὶ
342 3656 914 3727 ’Δνθρωπομορφιτῶν
955 3657 1228 3728 βάραθρα,
1263 3660 1387 3720 τοὺς
1420 3659 1464 3710 δ’
1511 3661 1590 3720 είς
1627 3658 1787 3711 ἀλλοπ-

217 3750 412 3809 κότους
450 3750 542 3800 καὶ
585 3748 912 3818 τερατώδεις
943 3749 1134 3813 ἄλλους
1173 3751 1473 3820 κρημνοὺς,
1517 3749 1608 3802 καὶ
1638 3750 1788 3804 ἄκων

217 3839 487 3909 ιξάγομαι
521 3840 701 3908 λέγειν
729 3840 765 3893 ἀ
799 3841 873 3910 μὴ
901 3843 1245 3912 προῄρημαι,
1277 3842 1377 3911 τὴν
1411 3841 1506 3895 τοῦ
1543 3840 1787 3910 κρύψαν-

215 3945 308 3993 τος
340 3929 403 3983 τὸ
437 3931 608 4000 δῶρον
644 3930 767 3984 καθ’
801 3931 989 4001 ἕτερον
1019 3934 1218 4003 τρόπον
1266 3932 1450 3994 δεδιὼς
1485 3933 1787 4000 καταδίκην

216 4017 454 4078 ἑκείνου,
493 4017 592 4070 an
632 4020 987 4088 στενοχωρῶν
1017 4021 1110 4072 καὶ
1153 4021 1357 4074 ἀδικῶν
1390 4021 1449 4072 τὸ
1481 4020 1586 4072 τῶν
1615 4020 1788 4087 λόγων

218 4107 457 4178 χρηστὸν
507 4109 571 4161 ού
604 4109 751 4179 μάλα
790 4110 961 4172 ἄκων,
1000 4111 1213 4164 πλείοσι
1234 4112 1521 4179 φαίνεσθαι
1553 4110 1788 4179 χρηστὸν

217 4201 628 4271 ἀφαιρούμενος
676 4200 765 4253 διά
827 4203 924 4270 τῆς
984 4201 1167 4271 σιγῆς.
1200 4202 1471 4270 Τρέποιτο
1502 4201 1545 4254 δ’
1583 4204 1660 4264 εἰς
1691 4202 1790 4265 τὰς

214 4287 327 4341 τῶν
355 4288 549 4341 αίτίων
575 4289 821 4357 κεφαλὰς
853 4291 923 4344 τὰ
959 4293 1059 4361 τῆς
1095 4291 1376 4360 μέμψεως,
1410 4293 1466 4343 ὲν
1507 4290 1569 4344 ού
1610 4292 1790 4359 καιρῷ

218 4374 573 4445 βιασαμένων
615 4376 795 4443 λέγειν
838 4377 908 4430 τὰ
952 4379 1020 4447 τῇ
1053 4377 1214 4447 φύσει
1263 4379 1360 4447 μὲν
1391 4378 1605 4447 καίρια,
1633 4378 1789 4430 οὔπω

1892 1916 2056 1987 400
2103 1917 2266 1970 liceat
2319 1916 2483 1970 hodie
2541 1917 2610 1971 de
2647 1918 2845 1973 Proteo
2890 1919 2984 1987 qui
3026 1920 3219 1972 crebro
3266 1917 3467 1970 mutari

1893 2017 2074 2078 potest
2133 2008 2191 2061 in
2250 2009 2431 2062 varios
2489 2022 2553 2061 ae
2613 2008 2862 2064 diversos
2937 2010 3220 2064 hominum
3285 2023 3469 2063 mores

1891 2113 2192 2168 eorumque
2222 2099 2566 2169 cognitiones
2616 2108 2668 2155 et
2705 2100 3037 2156 dissidentes
3083 2103 3226 2155 inter
3260 2115 3317 2154 se
3347 2114 3472 2154 sen-

1902 2192 2128 2248 tentias.

1964 2294 2107 2351 XIV.
2171 2295 2405 2366 Propter
2435 2295 2553 2351 haec
2607 2307 2662 2351 et
2708 2296 2908 2351 similia
2955 2296 3048 2350 alti
3081 2295 3285 2351 silentii
3316 2311 3470 2351 amor

1895 2387 2139 2442 animum
2191 2402 2372 2441 meum
2405 2387 2626 2442 tenebat
2646 2396 2703 2442 et
2734 2387 2868 2442 tales
2895 2387 3013 2442 fere
3048 2389 3191 2455 apud
3229 2402 3315 2442 me
3344 2403 3471 2444 sen-

1897 2479 2096 2532 tentias
2125 2477 2486 2534 conformavi.
2550 2477 2832 2531 Timebam
2875 2478 3022 2532 enim
3075 2492 3143 2532 ne
3173 2487 3380 2533 temere
3414 2479 3470 2532 in

1895 2582 2079 2622 aerem
2105 2567 2437 2621 elementum
2494 2565 2770 2620 infinitum
2826 2577 2882 2621 et
2928 2566 3092 2619 inane
3144 2565 3470 2635 projicerem

1893 2661 2170 2715 orationes
2190 2658 2372 2713 statim
2394 2660 2444 2710 in
2469 2657 2702 2711 nihilum
2725 2649 2990 2712 abituras.
3012 2658 3469 2726 Quandoquidem

1895 2744 2088 2804 autem‘
2123 2749 2363 2816 undique
2415 2764 2515 2803 nos
2563 2751 2988 2804 circumstantes
3045 2765 3194 2804 nunc
3253 2749 3472 2818 pietatis

1895 2840 2141 2893 vindices
2185 2848 2239 2892 et
2285 2839 2631 2893 tenacissime
2659 2840 2817 2892 ﬁdem
2845 2841 3239 2908 amplectentes
3265 2838 3471 2892 ﬁrmio-

1895 2931 2049 2985 ribus
2081 2931 2154 2982 uti
2185 2931 2528 2998 argumentis
2561 2945 2660 2998 par
2702 2944 2824 2982 esse
2857 2937 3051 2998 putant
3079 2938 3135 2982 et
3171 2930 3473 2984 necessita-

1894 3029 2004 3074 tem
2056 3019 2520 3088 argutncntatieni
2581 3019 2865 3073 adducunt
2920 3019 3166 3089 undique
3213 3019 3471 3074 collatam

1893 3122 1948 3167 et
1987 3111 2218 3165 multum
2269 3113 2485 3166 roboris
2553 3111 2848 3164 habentem
2896 3121 2950 3166 et
2999 3122 3125 3175 vota
3153 3113 3470 3167 necessitati

1897 3201 2158 3270 adjiciunt
2186 3200 2607 3270 nenegligamus
2637 3200 2884 3254 veritatis
2908 3201 3199 3256 cernenda:
3224 3201 3469 3255 studium

1897 3300 1952 3343 et
1999 3289 2308 3359 periculum
2354 3305 2383 3343 a
2421 3290 2700 3358 plerisque
2747 3291 3109 3344 defendamus
3159 3306 3225 3344 ne
3278 3293 3372 3345 alii
3415 3292 3471 3346 in

1894 3396 2162 3435 summam
2189 3381 2750 3450 nequitiamjincidaut
2773 3382 3199 3437 Masaliauorum
3221 3383 3471 3450 haeresis,

1894 3472 1983 3525 alii
2006 3473 2057 3525 in
2080 3473 2264 3526 foveas
2284 3473 2734 3527 Aetistitarum-ct
2760 3473 3470 3544 Anthropomorphitarum,

1895 3563 1988 3617 alii
2020 3563 2074 3617 in
2104 3564 2212 3617 alia
2245 3564 2516 3634 pestiferae
2554 3573 2610 3618 et
2637 3574 2964 3619 monstrasse
3015 3565 3242 3620 haeresis
3271 3567 3469 3635 praeci-

1894 3652 2069 3720 pitia,
2115 3653 2174 3705 tit
2226 3663 2286 3707 ut
2337 3652 2421 3707 vel
2480 3653 2686 3707 invitus
2732 3667 2897 3722 cogar
2942 3653 3127 3709 dicere
3158 3671 3278 3724 qua:
3309 3665 3471 3710 antea

1895 3743 2031 3796 mihi
2060 3757 2169 3796 non
2203 3743 2482 3813 proposui,
2517 3745 2726 3798 veritus
2757 3745 2867 3798 alio
2890 3749 3050 3798 modo
3079 3760 3294 3814 pmuam
3328 3748 3471 3814 eius,

1895 3832 1988 3901 qui
2026 3832 2229 3885 donum
2268 3833 2488 3897 celavit,
2520 3841 2707 3900 utpote
2742 3840 3028 3888 coarctans
3067 3843 3232 3903 atque
3269 3836 3470 3904 injuria

1895 3920 2136 3974 alliciens
2184 3920 2358 3976 bonas
2412 3921 2654 3975 rationes
2711 3937 2819 3976 non
2886 3923 3109 3986 invitus,
3163 3923 3471 3990 impediens

1896 4013 2115 4068 silentio
2145 4027 2288 4078 meo,
2328 4027 2395 4068 ne
2427 4013 2678 4081 pluribus
2707 4022 2998 4082 appareret
3027 4014 3258 4068 bonum.
3317 4015 3470 4069 Vitu-

1896 4106 2108 4173 perium
2141 4113 2322 4159 autem
2378 4120 2436 4160 se
2464 4113 2643 4158 vertat
2690 4105 2742 4156 in
2792 4106 2972 4173 capita
3015 4117 3341 4169 auctorum,
3376 4110 3468 4176 qui

1896 4195 2054 4266 5.01
2084 4209 2169 4248 me
2208 4205 2507 4265 coegerunt
2533 4195 2712 4250 alieno
2758 4207 3004 4264 tempore
3029 4197 3214 4251 dicere
3248 4215 3309 4251 ca
3349 4186 3471 4268 qua:

1897 4300 1998 4353 per
2043 4298 2102 4338 se
2150 4293 2464 4352 opportuna
2503 4292 2655 4347 sunt,
2706 4285 2802 4339 sed
2844 4285 3089 4340 nondum
3135 4302 3314 4356 neque
3370 4304 3468 4356 pro

1901 4377 2156 4444 praesenti
2204 4390 2387 4428 rerum
2435 4375 2753 4430 conditione
2786 4392 2961 4444 neque
2992 4392 3094 4446 pro
3127 4377 3469 4432 auditoribus

215 4466 261 4520 δ’
283 4466 413 4520 οὒτε
442 4471 556 4530 τοῖς
585 4466 959 4538 καθεστηκόσι
991 4472 1315 4539 πράγμασιν
1354 4470 1484 4524 ὅντα
1520 4470 1644 4523 οὔτε
1676 4473 1788 4532 τοῖς

1898 4475 2224 4534 opportuna.
2257 4464 2391 4518 Nam
2429 4466 2483 4518 in
2515 4465 2832 4519 auditorum
2864 4468 3126 4536 opinione
3158 4469 3466 4522 vincentem

216 4558 480 4612 ἀκούουσι
514 4560 731 4630 καίρια.
773 4561 860 4612 Ἐν
891 4561 998 4629 γάρ
1031 4564 1095 4632 τῇ
1127 4562 1235 4614 τῶν
1260 4561 1568 4615 ἀκουόντων
1592 4561 1790 4633 γνώμῃ

213 4655 316 4722 τὴν
347 4651 591 4706 νικῶσαν
630 4653 776 4722 ἔχειν
807 4653 1153 4722 πεπείσμεθα
1182 4653 1364 4724 ψῆφον
1395 4653 1469 4716 ὡς
1504 4657 1573 4707 τὰ
1620 4655 1792 4708 πολλὰ.

215 4747 487 4816 κειμένην
511 4744 610 4815 τὴν
637 4745 746 4798 τῶν
773 4745 1042 4814 λεγόντων
1065 4746 1346 4817 ἀλήθειαν.

290 4833 389 4889 ιω.
416 4833 634 4887 Βέλτιον
667 4832 766 4902 μὲν
795 4832 887 4886 οὖν
908 4828 978 4905 ἦν
1003 4833 1068 4888 ἂν
1097 4839 1153 4902 έν
1182 4838 1296 4896 τοῖς
1319 4833 1580 4895 τοιούτοις
1608 4835 1791 4905 σιγᾷν,

217 4926 293 4987 ῶς
327 4925 672 4993 διείληπται·
701 4925 820 4978 ἀλλ’
853 4927 941 4978 ὅτε
980 4926 1046 4996 δὴ
1075 4930 1168 4979 καί
1195 4929 1293 4996 τῆς
1328 4928 1485 4996 σιγῆς
1516 4928 1565 4979 οῖ
1612 4932 1794 4998 καιροὶ

217 5023 320 5088 τὴν
351 5016 460 5068 τῶν
513 5017 822 5087 λεγομένων
875 5017 1279 5087 ξενοδοκοῦντες
1335 5013 1480 5089 ἦσαν
1533 5020 1792 5088 ἀσμένως

222 5113 422 5181 φορὰν,
457 5109 552 5161 καὶ
585 5109 646 5159 οὐ
673 5108 770 5178 τὴν
795 5108 1104 5176 ἀναγκαίαν
1129 5108 1225 5162 τοῦ
1248 5110 1427 5177 λέγειν
1455 5109 1792 5178 προῦὀαλλον

223 5201 529 5271 πρόφασιν.
561 5197 719 5249 Ἔστι
774 5196 872 5264 μὲν
917 5195 1030 5266 γὰρ
1065 5198 1160 5250 καὶ
1214 5197 1373 5266 σιγῆς
1419 5197 1634 5267 καιρὸς,
1676 5197 1793 5249 ἀλλ’

220 5292 311 5344 ὅτε
355 5288 418 5358 δὴ
457 5285 618 5356 σιγῆς
658 5286 931 5355 δεομένοις
978 5285 1276 5355 ἀκροαταῖς
1319 5287 1674 5359 ὲντςδγχάνω.
1705 5287 1791 5338 ὅτε

219 5382 264 5434 δ’
295 5379 468 5446 ἀξίοις
504 5379 770 5431 καὶπάνυ
802 5394 855 5430 τι
901 5375 1185 5447 χρῄζουσι.
1225 5377 1358 5429 Τότε
1391 5377 1436 5428 δ’
1483 5373 1578 5428 οὖν
1616 5376 1792 5428 καὶτὸ

221 5473 573 5544 ἐνδεχόμενον
624 5473 705 5530 είς
749 5471 848 5540 τὴν
891 5470 984 5522 νοῦ
1027 5469 1332 5537 ἀναγκαίου
1382 5469 1574 5538 μοῖραν
1608 5467 1792 5534 σαφῶς

222 5567 687 5634 ἀποκεκριμένον,
716 5563 906 5633 λέληθε
937 5563 1034 5633 τὴν
1064 5559 1157 5614 τοῦ
1187 5560 1535 5630 ἐνδεχομένου
1562 5559 1792 5628 δύναμιν

219 5656 589 5722 ἀπολωλεκὸς,
622 5655 729 5708 ὑπὸ
751 5655 847 5724 τῆς
878 5654 1122 5725 ἀνάγκης
1157 5651 1464 5705 καταποθὲν
1491 5649 1565 5713 ὡς
1592 5651 1789 5705 εἰπεῖν.

233 5751 527 5806 ’ἀθανάτου
555 5750 664 5819 γὰρ
700 5746 796 5815 τῆς
827 5749 1100 5819 ἡμετέρας
1128 5744 1292 5816 οὔσης
1315 5741 1495 5814 ψυχῆς
1533 5741 1626 5795 καὶ
1657 5743 1791 5797 ἀθα-

1895 4566 2098 4610 sortem
2128 4555 2362 4625 positam
2395 4569 2517 4611 esse
2548 4556 2907 4624 arbitramur,
2935 4560 3008 4612 ita
3038 4571 3096 4612 ut
3127 4573 3269 4627 διε-ρο
3290 4559 3471 4628 jaceat

1895 4644 2196 4700 dicentium
2228 4647 2456 4703 veritas.
2884 4665 2888 4671 '

1966 4834 2081 4890 XV.
2106 4834 2164 4889 In
2195 4835 2284 4890 his
2307 4837 2472 4906 igitur
2503 4839 2696 4893 melius
2725 4850 2861 4907 erat,
2889 4850 2949 4895 ut
2987 4857 3360 4907 censeremus,
3397 4842 3470 4898 si-

1893 4925 2126 4982 lcntium
2186 4936 2394 4989 tenere,
2457 4932 2678 4997 quando
2722 4932 2933 4988 scilicet
2973 4932 3178 4989 silentii
3221 4945 3467 5003 tempora

1899 5019 2167 5071 dictorum
2207 5018 2312 5069 vim
2344 5019 2582 5073 libenter
2614 5021 2667 5074 in
2701 5037 2758 5076 se
2793 5025 3124 5092 reciperent.
3168 5041 3345 5094 neque
3385 5027 3472 5081 rli-

1896 5109 2056 5162 cendi
2085 5110 2448 5164 necessariam
2476 5126 2697 5166 causam
2747 5114 3141 5170 obtenderent.
3194 5116 3291 5172 Est
3317 5120 3466 5173 enim

1896 5200 2099 5254 silentii
2124 5210 2338 5270 tempus
2359 5180 2756 5271 opportundm.
2799 5206 2891 5260 ubi
2921 5208 3205 5262 auditores
3245 5211 3466 5266 silentio

1895 5301 2089 5362 egeant
2119 5290 2286 5360 hique
2316 5306 2383 5346 eo
2413 5293 2561 5362 digni
2590 5297 2700 5349 sint
2729 5308 2786 5350 et
2811 5297 2969 5352 valde
2993 5298 3044 5352 id
3073 5300 3320 5368 cupiant.
3347 5300 3468 5369 Quo

1897 5391 2053 5451 pacto
2074 5382 2129 5436 id
2159 5381 2306 5451 quod
2336 5383 2546 5437 licitum
2586 5395 2687 5449 est,
2725 5387 3154 5447 innecessitatis
3175 5392 3285 5445 vim
3307 5392 3467 5461 plane

1896 5473 2198 5544 sejunctam
2229 5475 2448 5534 transit.
2486 5477 2536 5528 vi
2574 5478 2704 5532 liciti
2740 5479 2953 5550 abjecta
2985 5491 3245 5550 tanquam
3286 5500 3314 5536 a
3374 5498 3468 5536 ne~

1895 5563 2149 5617 cessitate
2177 5562 2455 5617 devorata.
2511 5565 2646 5620 Cum
2708 5570 2853 5622 cnim
2905 5571 3087 5626 anima
3137 5582 3318 5625 nostra
3368 5573 3468 5626 im-

1897 5656 2144 5709 mortalis
2177 5656 2247 5709 sit
2269 5665 2322 5710 ct
2355 5657 2692 5712 immortales
2710 5677 2902 5714 eurum
2932 5678 3055 5731 qua:
3079 5672 3316 5732 aguntur
3337 5679 3467 5718 con-

1899 5742 2066 5798 tineat
2097 5743 2470 5811 necessitates,
2501 5746 2592 5799 uni
2652 5763 2778 5803 vero
2818 5750 3010 5805 anima:
3061 5756 3238 5820 ipsum
3297 5762 3466 5816 totum
