4144 6302
264 402 375 464 513

1537 396 1715 458 νιΤΑ
1753 395 1812 455 S.
1855 394 2153 455 CODRAT
2168 394 2187 450 ί
2200 439 2217 455 .

259 533 404 584 γειν,
438 513 526 568 διὰ
559 512 740 583 πάσης
767 515 1008 575 ἐπινοίας
1040 511 1211 566 ἐλθὼν
1236 511 1264 563 ϐ
1292 508 1561 574 κολάζων,
1586 509 1832 568 ἐκείνους

1947 523 2064 560 cum
2107 504 2242 558 nihil
2275 502 2391 557 fere
2438 498 2806 570 excogitatum
2864 497 2969 552 sibi
3032 497 3293 552 otnittens
3334 506 3511 551 tortor

264 608 367 677 μὲν
394 608 638 676 νικητὰς,
668 605 859 658 ἑαυτὸν
882 605 936 657 δὲ
965 606 1062 672 τῆς
1098 604 1267 672 ἥττης
1290 604 1385 654 καὶ
1414 601 1562 654 ἄκων
1589 599 1826 668 κληροῦ-

262 715 361 767 χον
402 697 600 759 ἐποίει,
631 696 717 749 διὰ
749 697 928 761 πάσης
974 694 1299 763 προστάττει
1345 690 1577 760 συρῆναι
1607 690 1702 756 τῆς
1732 688 1831 740 πόε-

257 786 427 852 λεως,
456 786 684 847 ὑπτίους
718 786 781 836 εκ
806 783 982 836 ποδῶν
1019 782 1419 851 δεσμηοέντας.
1450 781 1558 831 Καὶ
1587 776 1831 830 εἴλκοντο

267 880 369 946 μὲν
402 873 639 945 ἀφειδῶς
669 874 719 925 οἱ
760 872 996 943 Χριστοῦ
1028 873 1291 941 ἀθληταίο
1337 869 1625 924 ἐϐάλλοντο
1657 868 1703 920 δ’
1726 866 1833 918 ὑπὸ

266 962 490 1014 πάντων
526 962 603 1021 ὼς
654 961 827 1011 εἰπεῖν
866 958 1183 1025 συγκλύδων
1223 958 1385 1011 τινῶν
1428 959 1521 1009 καὶ
1556 954 1831 1022 ἁγοραέων

271 1050 574 1123 μειρακίων
622 1050 793 1111 λίθοις
849 1065 906 1102 τε
957 1049 1049 1101 καὶ
1095 1048 1297 1114 ξύλοις,
1329 1047 1423 1100 καὶ
1468 1048 1575 1115 ὅτῳ
1620 1045 1837 1097 δύναιτο

264 1144 499 1205 ιιιαστος
525 1142 735 1211 τρόπῳ,
784 1141 890 1203 ἓως
929 1143 1025 1210 τῆς
1060 1140 1267 1202 πόλεως
1290 1137 1683 1208 ἀπηνέχθησαν
1707 1135 1833 1199 ἔξω,

266 1236 403 1287 ὅπου
452 1234 549 1287 καὶ
601 1233 699 1303 τήν
748 1231 1007 1299 τελευτὴν
1055 1222 1214 1299 εὖρον
1268 1230 1363 1281 τοῦ
1393 1228 1532 1298 βίου,
1570 1228 1712 1293 ξίφει
1736 1226 1832 1287 τὰς

267 1320 513 1388 κεφαλὰς
550 1318 1009 1387 ἀποϐεϐληκότες.
1059 1317 1221 1370 Ἆλλὰ
1254 1321 1362 1385 γὰρ
1394 1320 1419 1369 ὁ
1452 1318 1593 1377 θεῖος
1625 1316 1836 1383 Κοδρᾶ-

271 1428 363 1472 τος
396 1412 495 1463 σὺν
528 1414 641 1472 τοῖς
673 1411 809 1478 ἀμφ’
838 1411 1002 1461 αὐτὴν
1033 1408 1177 1460 οὕτω
1208 1408 1313 1475 πρὸ
1345 1406 1438 1459 τοῦ
1484 1408 1689 1467 ἄστεως
1724 1406 1838 1469 ἐξε-

270 1500 549 1561 λαθέντες.
581 1502 700 1552 ἐκεῖ
742 1515 845 1551 που
875 1496 969 1550 τοῦ
999 1497 1179 1565 τείχου
1224 1498 1451 1563 ἔγγιστα
1483 1494 1641 1563 δίκην
1670 1496 1837 1546 ἀστα-

269 1594 418 1660 χύων
470 1591 567 1651 τὰς
609 1589 849 1657 κεφαλάς
902 1588 1248 1658 ἀφῄρηνται,
1302 1587 1549 1655 Μαρτίου
1606 1585 1839 1653 δεκάτην

272 1681 500 1746 ἄγοντος
532 1680 673 1741 τότε,
706 1678 801 1730 τοῦ
828 1677 987 1747 ἔαρος
1017 1676 1137 1729 νέον
1166 1677 1269 1746 ήδη
1303 1676 1397 1744 τὴν
1433 1679 1537 1743 γῆν
1569 1676 1835 1737 ἐπιόντος.

280 1774 349 1825 Ἦ
378 1772 433 1823 δὲ
462 1771 523 1823 τὸ
570 1767 958 1840 καταρῤεὖσαν
1002 1766 1210 1819 ἐκεῖθεν
1246 1760 1387 1835 αἷμα
1433 1765 1707 1831 δεξαμένη
1738 1764 1837 1815 πέ-

1934 598 2061 662 iste,
2091 612 2120 650 a
2148 594 2449 649 victoribus
2479 602 2660 645 tamen
2690 593 2795 645 illis
2823 593 3137 646 \ineeretur
3170 592 3249 643 vel
3282 592 3507 652 invitus,

1932 688 2160 756 supinos
2185 683 2419 754 pedibus
2449 682 2684 751 alligatis
2715 682 2918 750 raptari
2962 697 3059 751 per
3110 682 3301 735 urbem
3355 698 3513 734 man-

1932 777 2046 831 dat.
2082 774 2465 829 Trahebantur
2496 772 2682 840 itaque
2722 771 2941 825 athleta:
2994 771 3200 824 Christi
3248 771 3508 824 immitis-

1932 868 2089 927 sime,
2122 874 2176 917 et
2202 881 2232 916 a
2256 863 2567 932 promiscua
2624 862 2779 914 turba
2818 861 3222 930 juvenibusque
3267 862 3509 915 cireum-

1932 954 2172 1008 foraneis
2198 953 2494 1021 lapidibus,
2530 952 2686 1020 lignis
2719 960 2775 1005 et
2826 953 2971 1012 aliis,
3024 967 3145 1021 qua:
3176 952 3243 1004 ad
3284 966 3507 1005 manum

1935 1055 2114 1107 erant,
2170 1042 2500 1112 petebantur
2539 1040 2755 1095 :donec
2801 1043 3019 1095 tandem
3094 1050 3246 1095 extra
3316 1043 3507 1095 urbem

1938 1144 2158 1187 ventum
2189 1141 2290 1196 est,
2320 1132 2413 1184 ubi
2460 1130 2735 1198 capitibus
2786 1130 2965 1200 gladio
3016 1130 3297 1196 abscissis,
3348 1132 3511 1183 linem

1936 1225 2060 1277 vita:
2091 1224 2441 1275 invenerunt.
2478 1222 2656 1289 Atque
2690 1223 2768 1274 sic
2791 1220 2979 1273 divino
3038 1219 3279 1274 Codrato
3336 1229 3393 1272 et
3421 1235 3511 1274 so—

1938 1318 2040 1370 ciis
2077 1315 2211 1369 urbe
2268 1314 2479 1383 ejectis,
2535 1314 2600 1367 ad
2660 1316 2774 1381 ipsa
2809 1316 2928 1383 ejus
2977 1315 3176 1368 mcenia
3233 1315 3510 1383 spicarum

1940 1406 2111 1460 instar
2138 1407 2318 1471 capita
2374 1405 2620 1459 demessa
2680 1412 2830 1466 sunt,
2889 1404 3066 1456 Martii
3120 1404 3207 1457 die
3270 1406 3510 1468 decima,

1939 1512 2066 1551 vere
2086 1498 2267 1549 denuo
2301 1505 2502 1549 terram
2533 1495 2829 1547 invrsente.
2861 1492 3061 1547 Saxum
3092 1494 3337 1561 quidem,
3365 1495 3509 1562 quod

1939 1586 2269 1642 deﬂuentem
2296 1586 2538 1654 ipsorum
2574 1584 2896 1651 sanguinem
2935 1584 3173 1652 excepit,
3207 1598 3363 1651 aqua:
3390 1584 3515 1637 fon-

1943 1687 2049 1731 tem
2082 1676 2370 1730 confestim
2414 1676 2621 1735 emisit,
2674 1675 2986 1741 nos1risque
3047 1675 3212 1727 etiam
3256 1673 3517 1743 tempori-

1946 1769 2045 1821 bus
2074 1767 2327 1821 emittere
2366 1766 2433 1819 ad
2477 1766 2797 1819 morborum
2867 1768 3046 1817 omnis
3076 1765 3295 1833 generis
3330 1778 3515 1817 reme-

269 1875 399 1926 τια,
445 1858 629 1924 πηγὴν
670 1854 861 1915 ὕδατος
904 1856 966 1906 ὲκ
1004 1854 1097 1905 τοῦ
1151 1852 1493 1922 παραχρῆμα
1527 1850 1837 1913 ἀντιδοῦσα,

1947 1856 2030 1910 dia
2051 1864 2386 1935 perseverat.
2405 1853 2754 1908 Venerandas
2772 1862 2955 1905 autem
2982 1852 3245 1921 reliquias
3270 1851 3514 1918 ipsorum

268 1948 507 2002 διατελεῖ
547 1948 636 1999 καὶ
674 1947 731 2008 ἐς
773 1942 935 2014 δεῦρο
980 1944 1309 2013 νοσημάτων
1355 1942 1621 1995 παντοίων
1666 1942 1838 2003 ίάσεις

272 2038 747 2107 συναποῤῥέουσα.
782 2035 863 2088 Τὰ
907 2033 962 2086 δὲ
990 2035 1149 2103 τίμια
1175 2033 1356 2087 αὐτῶν
1392 2032 1625 2100 λείψανα
1652 2032 1839 2098 θεοφι-

268 2132 381 2193 λεῖς
421 2130 738 2197 ἀνελόμενοι
773 2126 985 2196 ἄνδρες,
1033 2126 1151 2185 καὶΔ
1184 2128 1409 2194 τέμενος
1454 2124 1596 2177 θεῖον
1641 2125 1837 2191 διιιμά⁴

273 2240 430 2293 μενοι
489 2223 594 2291 πρὸ
633 2218 728 2273 τοῦ
775 2220 985 2280 ἄστεως
1035 2218 1211 2287 τούτῳ
1258 2216 1409 2277 ταῦτ’
1453 2215 1837 2283 ἐγκατέθεντο,

261 2313 575 2379 ἀσφάλειαν
602 2310 871 2380 μεγίστην
911 2311 979 2379 τῇ
1012 2309 1165 2360 πόλει
1200 2308 1295 2361 καὶ
1326 2306 1602 2377 θησαυρὸν
1640 2305 1842 2361 ἄσυλον

275 2403 327 2454 la
336 2404 545 2470 μάτων.

1949 1948 2025 2015 pii
2091 1947 2189 2000 viri
2257 1946 2620 2014 collegerunt,
2660 1956 2715 1998 et
2780 1944 2834 1997 in
2886 1944 3109 2011 templo,
3152 1943 3296 2011 quod
3346 1955 3516 2011 prope

1948 2039 2136 2093 urbem
2169 2038 2281 2092 Deo
2322 2048 2667 2093 exstructum
2708 2035 2777 2089 ab
2834 2035 2967 2103 ipsis
2999 2033 3345 2102 postmodum
3406 2042 3513 2091 est,

1947 2130 2364 2184 collocaverunt
2420 2128 2709 2196 maximam
2744 2127 2865 2181 urbi
2909 2128 3158 2180 tutelam.
3184 2133 3240 2179 et
3273 2125 3518 2178 sanatio-

1947 2238 2078 2278 num
2107 2224 2423 2277 thesaurum
2457 2230 2893 2276 sacrosanctum.

3403 382 3509 446 5M
3614 426 3621 431 η

1707 2487 1935 2545 CAPUT
1978 2487 2071 2543 ΙΙΙ.

948 2598 1269 2672 Martyrium
1306 2600 1534 2655 aliorum
1564 2600 1885 2669 quindecim,
1925 2600 2163 2670 εκεηιρίο
2206 2598 2263 2654 S.
2294 2598 2513 2653 Codrati
2543 2616 2841 2669 passorum.

349 2732 398 2786 ι’.
445 2730 609 2784 Ἀλλὰ
659 2729 725 2781 τὰ
766 2728 865 2798 μὲν
897 2728 1042 2797 ἀμφὶ
1086 2728 1362 2797 Κοδρᾶτον
1404 2729 1497 2780 καὶ
1542 2726 1668 2789 τ”δῖ
1702 2725 1841 2796 ἀμφ’

2021 2728 2105 2783 10.
2131 2729 2308 2797 Atque
2336 2728 2450 2782 haec
2479 2730 2545 2783 de
2568 2728 2804 2783 Codrato
2832 2731 3060 2801 ejusque
3098 2732 3283 2795 sociis,
3318 2749 3512 2805 super-

274 2821 443 2875 αύτὸν
492 2817 755 2873 τοιαῦτα’
807 2818 1101 2871 ὑπόλοιπον
1152 2818 1197 2871 δ’
1242 2819 1309 2872 ἂν
1350 2817 1436 2888 εἴη
1474 2816 1750 2870 διαλαϐεῖν
1780 2818 1840 2869 εν

1947 2829 2053 2884 est,
2085 2830 2145 2872 ut
2175 2820 2473 2873 certamina
2506 2835 2727 2889 quoque
2770 2822 2959 2888 paucis
3008 2838 3373 2892 exsequamur
3426 2842 3521 2882 eo-

276 2912 473 2982 βραχεῖ
504 2912 601 2963 καὶ
631 2909 730 2979 τὴν
758 2909 868 2961 τῶν
922 2909 1099 2963 ἄλλων
1144 2910 1393 2978 ἄθλησιν,
1446 2907 1495 2961 οἶ
1535 2907 1843 2978 διδασκάλῳ

1950 2924 2072 2962 rum
2126 2910 2217 2978 qui
2274 2910 2589 2978 magisterio
2667 2909 2889 2963 Codrati
2938 2911 3194 2981 bonoque
3266 2916 3520 2984 exemplo

278 3002 544 3071 Κώράτῳ
592 3003 958 3071 χρησάμενοι,
1014 3002 1109 3053 καὶ
1161 3001 1382 3073 χρηστῷ
1434 3002 1842 3071 παραδείγματι

1950 3004 2015 3054 ad
2051 3000 2402 3069 pugnandum
2458 3015 2558 3068 pro
2611 2996 2834 3054 Christo
2891 3001 3128 3056 viriliter
3179 3007 3519 3072 temporibus

274 3094 416 3162 πρὸς
441 3095 566 3156 τοὺς
595 3094 685 3146 διὰ
706 3092 951 3162 Χριστὸν
980 3094 1197 3160 ἀγῶνας
1226 3095 1284 3144 ὲν
1314 3094 1541 3156 ἐκείνοις
1575 3095 1687 3156 τοῖς
1709 3098 1841 3162 χρό-

1953 3089 2150 3143 iisdem
2180 3090 2483 3151 invaluere,
2513 3088 2790 3142 mentibus
2824 3088 2877 3142 in
2912 3090 3061 3144 illius
3109 3093 3515 3149 munulationem

276 3203 403 3248 νοις
456 3183 841 3256 ὲρρώσθησαν,
883 3184 1029 3254 ζήλῳ
1060 3184 1135 3255 τῷ
1168 3185 1304 3254 πρὸς
1348 3186 1513 3239 αὑτὸν
1544 3186 1641 3245 τὰς
1666 3185 1844 3254 ψυχὰς

272 3275 721 3346 ἔκπυρώσαντες.
755 3274 866 3327 Ἐνὶ
896 3274 996 3343 μὶν
1023 3273 1117 3327 οὖν
1152 3275 1390 3338 ἅπαντες
1416 3274 1647 3344 δικαστῇ
1676 3275 1847 3343 παρέ-

275 3384 507 3437 στησαν,
523 3368 735 3437 Τερτίῳ
756 3366 1338 3437 ἁνθυπάτῳἛλλάδος,
1358 3366 1653 3437 διαφόρους
1677 3366 1734 3419 δὲ
1749 3365 1846 3427 τὰς

274 3455 531 3516 κολάσεις
558 3453 891 3515 ὑποστάντες
916 3453 1138 3521 ἐξῆλθον
1161 3454 1251 3506 τὸν
1270 3453 1405 3523 βίον·
1428 3452 1622 3523 πρῶτα
1640 3454 1739 3523 μὲν
1754 3448 1848 3505 οὖν

273 3544 682 3612 Ούῐκτουρῐνος,
715 3541 969 3611 Οὺῖκτωρ
1010 3557 1071 3595 τε
1116 3541 1578 3610 καὶιΝικηφόρος,
1625 3540 1849 3611 μυρίαις

273 3633 544 3704 πρότερον
594 3630 1020 3696 καταξανθέντες
1054 3629 1330 3700 βασάνοις,
1360 3633 1554 3685 ἔπειτα
1586 3633 1645 3683 ὲν
1694 3630 1847 3699 ὅλμῳ

276 3724 473 3793 βιαίως
502 3723 567 3775 τὰ
617 3723 849 3790 σώματα
886 3720 1289 3791 συντριϐέντες,
1327 3721 1466 3785 σὼας
1508 3723 1603 3775 καὶ
1634 3721 1850 3790 άλωϐἡ-

273 3830 408 3875 τους
442 3813 532 3874 τὰς
572 3812 749 3881 ψυχάς
787 3811 866 3880 τῷ
896 3810 1017 3880 Θεῷ
1068 3813 1458 3881 παρέπεμπον.
1489 3811 1756 3882 Δεύτερος
1792 3810 1850 3863 δὲ

274 3905 544 3966 Κλαύδιος
576 3903 651 3973 (ιι)
682 3904 778 3963 τὰς
810 3904 996 3971 χεῖρας
1026 3905 1121 3955 καὶ
1150 3902 1277 3964 τοὺς
1301 3902 1469 3966 πόδας
1501 3904 1851 3973 ἀκρωτηρια-

278 3992 430 4054 σθεὶς
462 3990 670 4060 χαίρων
707 3990 909 4044 ἀπεῖπε
938 3988 1017 4058 τῷ
1055 3989 1176 4059 ζῇν,
1205 3987 1432 4057 δραμὼν
1463 3988 1599 4059 πρὸς
1627 3989 1759 4042 Θεὸν
1790 3989 1852 4042 δν

276 4084 487 4151 ἐζήτει.
526 4080 723 4150 Τρίτος
752 4078 809 4131 δὲ
852 4080 881 4131 δ
910 4080 1201 4148 Διόδωρος,
1236 4080 1368 4147 θείῳ
1396 4078 1565 4148 ἔρωτι
1594 4078 1851 4149 ἐκπυρώ.

279 4193 380 4239 σις
403 4174 501 4239 τὴν
522 4170 723 4243 ψυχὴν,
753 4172 807 4232 ις
839 4171 1011 4241 μέσην
1041 4170 1138 4240 τὴν
1182 4172 1300 4223 κατ’
1335 4171 1501 4224 αὑτοῦ
1536 4187 1609 4223 πα
1622 4187 1853 4241 ρασκευ-

277 4265 545 4323 αςθεὶσαν
580 4260 759 4330 πυρὰν
788 4261 1030 4325 ἅλλεται,
1070 4261 1207 4332 πυρὶ
1241 4259 1354 4331 πῦρ
1387 4260 1463 4323 ὡς
1498 4262 1676 4313 εἰπεῖν
1704 4261 1854 4314 ἀντι-

275 4355 472 4421 τάξας,
504 4355 581 4423 τῷ
610 4354 792 4423 ἐνύλῳ
823 4351 888 4405 τὸ
936 4353 1101 4407 ᾶῦλον
1127 4368 1143 4382 ·
1190 4352 1286 4404 καὶ
1327 4352 1527 4421 μικρὸν
1579 4350 1849 4416 ἐπιϐιοὺς,

1949 3178 2216 3234 accensis.
2241 3179 2319 3233 Ad
2345 3194 2511 3232 unum
2539 3178 2723 3248 itaque
2752 3179 2995 3248 judicem
3050 3196 3243 3238 omnes
3293 3186 3515 3254 quidem

1947 3272 2192 3336 adducti,
2225 3271 2448 3325 tertium
2483 3284 2682 3339 nempe
2714 3273 3099 3335 proconsulem
3137 3272 3385 3343 Graeciae,
3438 3279 3521 3332 di-

1947 3361 2121 3417 versis
2152 3372 2329 3416 tamen
2358 3360 2644 3429 suppliciis
2682 3362 2946 3427 toleratis,
2992 3365 3105 3419 vita
3162 3378 3522 3422 excesserunt

1947 3451 2260 3507 Victorinus
2281 3451 2543 3521 primum,
2592 3451 2797 3517 Victor,
2851 3463 2905 3508 et
2936 3454 3304 3522 NicepbOrus,
3352 3458 3520 3511 innu-

1950 3542 2118 3595 meris
2146 3550 2303 3595 antea
2326 3542 2549 3595 lacerati
2576 3543 2885 3609 tormentis,
2917 3545 2971 3599 in
2998 3548 3266 3601 mortario
3299 3549 3519 3603 tandem

1949 3631 2281 3699 corporibus
2321 3630 2592 3684 violenter
2643 3632 2922 3697 contritis,
2984 3634 3097 3689 Deo
3160 3637 3524 3692 reddiderunt

1952 3723 2163 3777 animas
2197 3723 2375 3777 salvas
2421 3733 2475 3776 et
2507 3723 2835 3779 incolumes.
2886 3725 3142 3782 Secundo
3205 3730 3326 3785 loco
3357 3731 3523 3786 Clau-

1952 3814 2095 3876 dius,
2129 3814 2381 3868 manibus
2404 3813 2746 3883 pedibusque
2764 3816 3025 3872 abscissis
3055 3819 3123 3871 ad
3148 3820 3314 3874 Deum
3356 3839 3519 3889 quem

1951 3906 2228 3975 quaerebat
2256 3920 2521 3972 currens,
2574 3907 2699 3960 ViL'B
2737 3909 3017 3963 valedixit.
3073 3910 3293 3965 Tertius
3324 3912 3524 3966 Diodo—

1952 4008 2070 4057 rus,
2102 4008 2289 4047 amare
2322 3993 2417 4047 Dei
2450 4004 2689 4050 mentem
2730 3996 3101 4061 inflammatis.
3165 4001 3403 4055 medium
3468 4004 3522 4056 in

1954 4099 2144 4154 rogum
2172 4084 2275 4139 sibi
2330 4095 2583 4155 paratum
2625 4086 2873 4151 insilivit,
2932 4089 3045 4159 igni
3088 4091 3291 4159 ignem,
3342 4104 3403 4146 ut
3451 4095 3523 4147 ita

1953 4174 2153 4239 dicam,
2178 4190 2481 4245 opponens,
2512 4178 2741 4231 materia
2771 4190 3050 4234 carentem
3079 4184 3349 4239 materiali
3381 4203 3395 4237 :
3429 4187 3524 4255 qui

1952 4280 2077 4321 cum
2111 4265 2392 4335 paululum
2424 4267 2843 4336 supervixisset,
2865 4272 3083 4341 utrique
3108 4273 3218 4344 igni
3263 4289 3320 4329 se
3345 4276 3525 4345 ipsum

1953 4356 2259 4421 distribuit,
2288 4366 2509 4411 terreno
2542 4358 2811 4427 quidquid
2863 4362 2918 4415 in
2979 4378 3039 4419 se
3071 4375 3351 4421 terrenum
3409 4379 3527 4424 erat

279 4449 535 4518 ἑκατέρῳ
570 4447 705 4517 πυρὶ
738 4444 1091 4514 διεμερίσατο
1114 4443 1332 4507 ἑαυτὸν,
1364 4442 1603 4505 ἀποδοὺς
1622 4443 1716 4495 τὸν
1750 4443 1844 4512 μεν

1955 4449 2190 4513 donans,
2228 4447 2481 4517 spiritum
2540 4459 2725 4504 autem
2770 4452 2983 4520 divino,
3040 4465 3205 4524 atque
3232 4473 3328 4526 per
3381 4460 3527 4515 hunc

277 4537 416 4612 χοῦν
439 4537 520 4608 τῷ
546 4538 742 4607 γηΐνῳ,
773 4535 837 4587 τὸ
862 4535 918 4589 δὲ
951 4533 1168 4603 πνεῦμα
1194 4533 1273 4605 τῷ
1295 4533 1447 4603 θείῳ,
1479 4536 1573 4587 καὶ
1596 4533 1665 4586 δι’
1684 4531 1852 4587 αὑτοῦ

278 4630 365 4700 τῷ
393 4628 535 4699 Θεῷ.
571 4626 845 4698 Τέταρτος
875 4626 933 4679 δὲ
960 4625 1247 4696 Σεραπίων
1290 4624 1598 4694 κεφαλικὴν
1627 4624 1853 4693 ὑπομεί-

281 4740 380 4784 νας
410 4718 708 4789 τιμωρίαν,
730 4717 867 4787 πρὺς
898 4714 1131 4785 Χριστὸν
1164 4714 1455 4781 διαϐαίνει,
1483 4714 1582 4784 τὴν
1612 4714 1686 4778 ὡς
1718 4716 1854 4785 ἁλη-

281 4815 393 4877 θῶς
423 4810 587 4865 αὑτοῦ
613 4808 875 4878 κεφαλήν.
900 4806 1157 4877 Πέμπτος
1192 4805 1248 4859 δὲ
1291 4805 1511 4868 Παπίας
1551 4806 1733 4876 πόντῳ
1760 4807 1854 4858 καὶ

280 4905 495 4974 κύματι
538 4901 1027 4963 καταϐαπτισοεὶς,
1061 4900 1173 4961 τοῖς
1206 4896 1371 4962 θείοις
1423 4899 1520 4952 καὶ
1552 4899 1853 4968 ἀκηράτοις

278 4996 634 5068 ινορμίζεται
666 4994 869 5062 λιμέσι.
913 4992 1022 5046 Καὶ
1053 4988 1543 5058 συγκατατίθενται
1588 4995 1682 5044 καὶ
1710 4983 1855 5045 οὗτοι

280 5086 363 5155 τῷ
390 5087 519 5155 θείῳ
545 5084 850 5155 διδασκάλῳ
881 5082 1166 5152 Κοδράτῳ,
1198 5080 1426 5144 πλοῦτος
1450 5081 1756 5152 ὑπίρτιμος
1785 5084 1854 5151 τῇ

283 5174 562 5247 Κορίνθῳ,
577 5178 673 5239 τὰς
696 5176 1043 5246 μαρτυρικὰς
1066 5173 1280 5226 ἐκεῖθεν
1306 5172 1679 5242 ἑφαπλοῦντες
1703 5172 1855 5240 πάσῃ

283 5272 355 5339 τῇ
391 5269 658 5338 περιγείῳ
694 5266 1085 5338 (εὐεργεσίας).

365 5359 455 5415 ια’.
482 5360 589 5413 Ἰὀῦ
630 5360 675 5413 δ’
708 5360 878 5413 αὐτοῦ
910 5360 1098 5413 τούτου
1142 5356 1333 5412 θιάσου
1388 5359 1482 5411 καὶ
1531 5358 1631 5426 τῆς
1680 5357 1852 5424 αὐτῆς

360 5536 437 5607 (4)
470 5532 697 5607 septem
719 5535 775 5589 hi
813 5544 1080 5607 martyres
1126 5534 1385 5607 coluntur
1410 5532 1676 5607 a__Gr:ecis
1700 5603 1709 5607 _
1736 5541 1850 5607 tum

280 5602 629 5676 aliis'diebus
662 5614 776 5676 tum
816 5602 1048 5658 maxime
1104 5609 1137 5658 5
1162 5605 1402 5676 Aprilis.
1442 5602 1565 5676 Nos_
1582 5603 1849 5676 quidquid

285 5674 398 5733 fere
426 5676 495 5731 de
525 5676 593 5744 iis
623 5674 728 5727 diei
761 5684 974 5744 poterat
1003 5676 1321 5743 collegimus
1342 5675 1407 5727 ad
1433 5675 1503 5726 ‘25
1529 5674 1810 5726 Februarii
1835 5689 1848 5723 :

283 5747 430 5807 quod
466 5747 523 5799 in
553 5742 775 5799 Latinis
812 5742 1207 5807 Martyrologiis
1267 5754 1475 5807 septem
1536 5744 1852 5799 nominibus

1951 4539 2086 4595 Deo.
2110 4539 2352 4604 Quartus
2378 4538 2645 4609 Serapion
2682 4544 2875 4611 plexus
2898 4547 3100 4615 capite,
3124 4548 3190 4602 ad
3219 4549 3524 4618 Christum,

1957 4641 2213 4700 tanquam
2237 4632 2540 4701 genuinum
2567 4646 2733 4703 caput
2787 4651 2973 4701 suum,
3002 4641 3239 4694 transiit.
3291 4641 3529 4708 Quintus

1958 4721 2152 4792 Papias
2185 4724 2351 4777 maris
2382 4722 2639 4779 ﬂuctibus
2671 4727 3014 4797 submersus,
3066 4730 3285 4789 divinos
3328 4742 3384 4787 et
3407 4749 3530 4806 cor-

1961 4815 2233 4883 ruptionis
2261 4814 2520 4870 ﬂuctibus
2547 4832 2655 4873 non
2682 4820 2957 4876 obnoxios
2993 4834 3185 4892 portus
3214 4829 3528 4896 occupavit.

1963 4907 2137 4975 Atque
2170 4907 2258 4961 isti
2282 4907 2501 4971 eodem,
2532 4925 2643 4976 quo
2670 4910 2888 4967 divinus
2918 4912 3160 4982 ipsorum
3207 4917 3400 4971 doctor
3421 4918 3533 4973 Co-

1962 4999 2171 5064 dratus,
2201 4999 2321 5053 loco
2356 4998 2617 5069 depositi,
2648 5001 3063 5058 inaestimabiles
3115 5004 3530 5061 Corinthiorum

1956 5090 2165 5144 divitiae
2194 5099 2350 5155 sunt,
2379 5090 2596 5144 solitam
2648 5091 2777 5148 inde
2830 5095 3167 5164 martyribus
3220 5096 3536 5153 beneﬁcen-

1956 5180 2086 5233 tiam
2115 5194 2213 5248 per
2252 5189 2425 5234 totum
2454 5189 2725 5235 terrarum
2758 5183 2948 5237 orbem
2969 5186 3330 5253 explicantes.

2028 5358 2114 5412 ll.
2164 5358 2502 5427 Ellulserunt
2530 5375 2596 5416 ex
2624 5362 2817 5417 eodem
2846 5372 2991 5419 caatu
3024 5374 3077 5417 ct
3109 5364 3365 5435 pauegyri
3413 5366 3534 5435 plu-

1962 5535 2106 5605 passi
2138 5535 2457 5605 legerentur
2494 5536 2546 5590 in
2572 5535 2805 5605 Egypto
2840 5538 2941 5592 sub
2974 5538 3311 5595 Numeriano
3350 5554 3406 5597 et
3436 5544 3535 5598 Sa-

1964 5604 2266 5687 binonduce
2304 5624 2315 5657 :
2351 5604 2691 5687 etquamvis
2716 5604 3012 5687 martyrii"
3039 5613 3202 5663 etiam
3240 5627 3411 5679 genus
3444 5628 3533 5667 es-

1960 5682 2045 5796 (s‘et
2074 5675 2379 5798 diversailm,
2406 5676 2459 5729 in
2494 5677 2670 5729 medio
2707 5675 2890 5730 tamen
2917 5675 3533 5747 reliquimus’essentne

2001 5753 2272 5803 istmauen
2320 5761 2356 5800 ι.
3222 5761 3227 5764 ‘
