4080 6324
281 401 391 475 ειη

1585 398 2026 462 REFUTATIO
2067 397 2252 463 NILl.

3443 396 3552 459 850

277 509 392 565 τῶν
443 507 730 579 ὑμετέρων
789 509 910 565 δότε
961 508 1262 565 ἀπολαύειν
1311 508 1576 580 συνεχῶς,
1612 511 1706 563 καὶ
1759 508 1862 578 τῆς

1977 508 2222 563 fruamur
2271 517 2327 564 et
2374 509 2647 566 charitate
2698 510 2934 580 aliisque
2975 506 3258 574 omnibus,
3303 505 3447 562 sicut
3492 513 3551 560 et

280 602 530 670 ἀγάπης,
573 603 668 656 καὶ
724 602 948 656 πάντων
985 602 1096 656 τῶν
1148 603 1351 668 ἀλλων,
1389 600 1582 672 ὥσπερ
1621 603 1716 654 καὶ
1765 601 1864 668 εμ-

281 693 540 758 προσθεν.
575 712 594 745 ι
630 693 786 748 Μετά
815 693 992 748 ταῦτα
1035 693 1241 764 γράφει
1275 697 1305 749 ὁ
1343 693 1636 754 θεσπέσιος
1674 693 1863 762 Πατὴρ

281 781 612 850 ἀτοιμότατα
668 782 816 853 ἔχειν
843 783 940 836 τοῦ
981 782 1241 850 κριθῆναι
1287 783 1439 851 παρὰ
1473 780 1566 834 τοῦ
1619 780 1858 840 πάππα,

283 873 386 926 καὶ
412 871 672 942 μηδαμῶς
707 872 934 941 φεύγειν
964 873 1024 925 τὸ
1049 873 1296 927 τοιοῦτον
1322 872 1632 942 κριτήριον.
1655 871 1864 941 Γράφει

280 965 378 1016 καὶ
403 963 662 1033 δευτέραν
693 964 831 1034 πρὸς
860 964 954 1017 τὸν
989 965 1224 1019 πάππαν
1259 963 1556 1037 έπιστολὴν
1599 964 1742 1019 πάνυ
1775 965 1866 1016 εὖ·

283 1057 566 1124 χαριστὼν
598 1055 740 1128 ὑπὲρ
763 1056 862 1122 τῆς
892 1057 1332 1128 καταδληθείσης
1366 1057 1622 1127 σπουδῆς,
1649 1057 1755 1111 κάν
1788 1057 1866 1128 μὴ

284 1143 444 1212 ἔτυχε
493 1147 560 1198 τὰ
593 1147 900 1215 πράγματα
945 1147 1046 1217 τῆς
1095 1147 1458 1217 ὀφειλομένης
1503 1144 1863 1216 διορθώσεως.

299 1238 441 1290 Ἀλλ’
457 1238 552 1291 οὖν
573 1239 647 1310 μὴ
669 1239 782 1291 δείν
805 1240 1121 1309 ἀποκαμεῖν
1143 1241 1234 1293 τὸν
1256 1240 1514 1293 πάππαν·
1538 1238 1867 1308 προκεῖσθαι

284 1328 396 1396 γάρ
426 1329 577 1398 αύτῷ
607 1331 796 1393 ἀγῶνα
849 1329 1265 1401 ταραττομένης
1317 1329 1506 1400 σχεδον
1552 1330 1652 1397 τῆς
1687 1331 1872 1381 οἰκου-

289 1421 462 1490 μένης
499 1422 740 1491 ἀπάσης.

363 1511 504 1582 τρία
534 1514 668 1582 γοῦν
697 1515 814 1570 έστι
847 1516 1038 1570 λαϐεῖν
1083 1519 1148 1572 ἐκ
1182 1517 1295 1572 τῶν
1325 1516 1422 1572 τοῦ
1467 1517 1866 1588 Χρυσοστόμου

286 1603 486 1670 φωνῶν
509 1619 523 1632 ·
584 1605 668 1659 δτι
692 1606 795 1659 οὐκ
823 1608 1068 1678 ένείχετο
1094 1611 1122 1662 6
1156 1610 1546 1679 Χρυσόστομος
1579 1609 1868 1680 κρίνεσθαι

287 1693 397 1746 ὑπὸ
423 1695 520 1749 τοῦ
557 1696 992 1769 Ἀλεξανδρείας·
1023 1701 1107 1755 ὅτι
1126 1701 1468 1755 έπικαλετται
1497 1703 1559 1754 τδ
1581 1702 1868 1773 κριτήριον

283 1785 390 1839 τοῦ
419 1789 644 1855 πάππα,
679 1791 767 1845 ἵνα
796 1793 898 1860 τῆς
927 1794 1116 1848 ἀδίκου
1141 1795 1376 1865 κρίσεως
1413 1795 1726 1867 ἀπαλλαγῇ·
1762 1796 1865 1860 ὅτι,

1965 609 2152 653 antea.
2187 616 2206 650 ι
2252 597 2452 672 Subdit
2504 599 2708 656 deinde
2753 609 2984 656 sanctus
3031 598 3216 662 Pater,
3264 594 3554 666 paratissi-

1968 703 2119 744 mum
2162 705 2221 745 se
2265 705 2388 746 esse
2434 690 2501 746 ad
2556 692 2908 747 subeundum
2965 705 3121 762 papae
3149 689 3446 758 judicium.
3495 693 3552 739 et

1965 781 2084 852 ejus
2123 782 2359 837 tribunal
2387 799 2446 838 se
2477 783 2627 838 nullo
2655 767 3116 840 modo‘devitare.
3147 779 3352 836 Scribit
3375 786 3436 834 e-t
3469 777 3553 830 al-

1967 879 2143 928 teram
2175 873 2465 943 epistolam
2508 875 2575 928 ad
2622 873 2879 930 eumdem
2915 888 3136 944 papam,
3185 869 3406 940 agitque
3436 883 3550 921 ma-

1967 981 2102 1036 gnas
2127 968 2331 1038 gratias
2365 983 2465 1039 pro
2496 967 2678 1024 studio
2721 969 2944 1031 collato,
2995 964 3250 1036 quamvis
3277 961 3548 1017 subsecu-

1969 1064 2085 1113 tum
2121 1073 2234 1113 non
2256 1071 2404 1115 esset
2434 1059 2762 1125 remedium,
2801 1059 2947 1127 quod
2993 1073 3136 1128 opus
3185 1064 3322 1111 erat.
3371 1054 3548 1123 ltogat

1968 1156 2155 1205 tamen
2189 1165 2258 1205 ne
2288 1166 2430 1222 papa
2453 1166 2677 1206 causam
2701 1150 2954 1216 deserat;
2980 1147 3320 1218 propositum
3344 1145 3549 1214 quippe

1969 1240 2050 1296 illi
2080 1256 2202 1296 esse
2235 1253 2537 1308 certamen,
2591 1240 2959 1299 interturbato
2989 1240 3106 1296 fere
3150 1238 3410 1295 universo
3442 1246 3552 1291 ter-

1968 1349 2156 1390 rarum
2181 1336 2340 1390 orbe.

2042 1515 2118 1570 Ex
2167 1516 2371 1586 quibus
2414 1515 2792 1588 Chrysostomi
2849 1512 3034 1568 verbis
3086 1511 3189 1566 tria
3241 1509 3547 1564 habemus:

1969 1607 2115 1677 quod
2147 1623 2257 1662 non
2289 1606 2500 1663 ferebat
2528 1607 2955 1678 Chrysostomus
2990 1621 3050 1661 se
3075 1606 3144 1660 ab
3176 1601 3549 1658 Alexandrino

1967 1699 2228 1771 iudicari;
2267 1699 2415 1770 quod
2461 1701 2700 1770 appellat
2731 1715 2882 1770 papa:
2920 1697 3216 1770 judicium,
3260 1704 3319 1750 ut
3345 1709 3404 1749 se
3446 1691 3552 1746 iui-

1973 1804 2084 1858 quo
2109 1789 2321 1858 judiclb
2355 1789 2648 1853 liberaret;
2702 1789 2873 1860 quod,
2920 1788 3142 1844 turbata
3194 1802 3289 1857 per
3333 1783 3553 1839 univer-

284 1883 704 1952 ταραττομένης
912 1858 1304 1957 οίκουμενικῆς
1369 1858 1718 1957 Ἐκκλησίάξ
1774 1858 1866 1941 τὸν

1977 1896 2090 1935 ιιιιιι
2117 1882 2310 1937 orbem
2337 1881 2600 1948 Ecclesia,
2651 1858 2846 1953 papam
2881 1883 3087 1937 excitat
3134 1881 3202 1936 ad
3259 1877 3549 1936 ferendum

284 1967 524 2020 πάππαν
552 1969 820 2040 διεγείρει
867 1975 1004 2041 πρὸς
1029 1971 1267 2044 ἀμυιὶαν.
1317 1975 1382 2030 Τί
1431 1976 1487 2028 δὲ
1529 1975 1658 2029 ἀλλο
1691 1976 1869 2030 ταῦτα

1977 1972 2254 2041 iudicium.
2287 1971 2412 2029 Haec
2441 1989 2607 2042 porro
2639 1975 2770 2044 quid
2802 1973 2952 2029 aliud
2982 1964 3115 2027 sunt
3153 1986 3318 2041 quam
3365 1980 3552 2038 aperta

284 2057 325 2128 ἢ
354 2059 618 2128 ὁμολογία
668 2063 845 2133 σαφὴς
875 2065 976 2134 τῆς
1009 2068 1383 2139 ἀποπολικῆς
1431 2070 1524 2122 καὶ
1552 2072 1866 2141 οίκουμενι-

284 2151 393 2212 κῆς
421 2155 476 2202 ὲν
493 2154 571 2222 τῷ
597 2155 800 2224 πάππα
827 2157 1096 2223 ἐξουσίας,
1121 2159 1192 2228 ἢν
1217 2159 1340 2213 οὔτε
1364 2162 1391 2213 ὀ
1433 2160 1868 2230 Ἃλεξανδρείας,

288 2238 424 2290 οὔτε
451 2240 479 2290 ὁ
507 2239 1137 2310 Κωνσταντινουπόλεως
1163 2244 1334 2317 εἶχεν,
1371 2250 1402 2319 ἢ
1446 2251 1590 2319 ἔχεις
1628 2251 1750 2314 Πῶς
1777 2249 1870 2304 οὖν

285 2329 444 2383 οὐδέν
475 2333 618 2399 μέγα
649 2332 726 2403 τῷ
768 2336 993 2408 Ῥώμης
1041 2339 1105 2392 τὸ
1158 2341 1520 2395 ἀποστολικδν
1559 2343 1866 2407 καλεῖσθαι,

286 2419 528 2473 ἑκάστου
562 2421 671 2474 τῶν
702 2425 1022 2481 ἐπισκόπων
1053 2427 1366 2499 καθημένου
1402 2431 1497 2482 ἐπὶ
1532 2429 1626 2484 τοῦ
1674 2431 1868 2502 θρόνου

283 2511 388 2562 τοῦ
419 2513 693 2582 Χριστοῦς
734 2517 848 2569 Ούκ
875 2519 991 2571 ἔστι
1022 2520 1193 2573 ταῦτα
1227 2521 1497 2591 σύμφωνα
1541 2523 1619 2591 τῷ
1667 2524 1868 2594 φρονή-

289 2623 429 2674 ματι
481 2607 575 2660 τοῦ
609 2609 1022 2681 Χρυσοστόμου,
1062 2616 1155 2666 καὶ
1189 2614 1291 2683 τῆς
1324 2616 1491 2668 πάλαι
1543 2617 1871 2686 ἀνατολικῆς

297 2697 655 2768 Ἐκκλησίας·
694 2702 832 2755 ἀλλά
854 2703 1123 2772 τὸδλέγειν
1160 2707 1236 2769 ὡς
1265 2706 1444 2774 λέγεις
1472 2702 1722 2761 κλέπτειν
1754 2710 1873 2762 ἐστὶ

287 2790 393 2851 τὰς
424 2793 696 2862 πατρικάς
743 2795 992 2864 χρήσεις,
1031 2801 1125 2852 καὶ
1145 2797 1414 2869 ἀναρχίαν
1443 2800 1536 2852 καὶ
1590 2802 1871 2871 σχίσματα

285 2886 676 2951 παρεισάγειν.
731 2888 924 2941 Καίτοι
971 2891 1094 2943 οὐδὲ
1135 2892 1278 2945 κατά
1328 2893 1429 2962 τὴν
1469 2892 1570 2962 σὴν
1607 2890 1873 2962 ἐξήγησιν

287 2977 694 3044 συμπεραίνεις
722 2977 751 3030 δ
777 2978 983 3047 βούλει.
1017 2982 1198 3035 Ἔστω
1220 2985 1331 3054 γὰρ
1361 2983 1570 3043 πάντας
1596 2986 1722 3046 τοὺς
1754 2986 1872 3038 ἑπι-

287 3065 531 3128 σκδπους
559 3067 834 3139 καθῆσθαι
866 3071 957 3124 tui.
990 3071 1084 3124 τοῦ
1117 3072 1308 3141 θρόνου
1337 3075 1432 3126 τοῦ
1457 3073 1720 3144 Χριστοῦ·
1755 3076 1872 3127 ἀλλ’

1970 2063 2252 2119 confessio
2284 2065 2598 2134 apostolicae
2626 2076 2680 2120 et
2711 2064 3040 2120 universalis
3091 2065 3145 2118 in
3193 2077 3331 2132 papa
3363 2067 3553 2113 aucto-

1973 2157 2174 2220 ritatis,
2200 2173 2364 2227 quam
2421 2172 2523 2213 nec
2558 2157 2985 2220 Alexandrinus,
3020 2171 3120 2208 nec
3159 2151 3552 2208 Constantino-

1971 2248 2252 2318 politanus
2283 2247 2477 2301 habuit
2529 2259 2623 2301 aut
2671 2247 2877 2301 habet?
2906 2243 3196 2311 Quomodo
3241 2243 3404 2312 igitur
3440 2255 3548 2293 non

1973 2339 2474 2410 nagniiaciendutn
2513 2339 2660 2408 quod
2694 2339 2974 2392 Romanus
3025 2345 3253 2391 vocetur
3284 2332 3549 2401 apostoli-

1973 2445 2092 2490 cus.
2129 2445 2254 2484 cum
2303 2431 2600 2500 episcopus
2634 2430 2870 2500 quisque
2905 2428 3095 2484 sedeat
3133 2429 3186 2480 in
3225 2425 3355 2480 sede
3391 2423 3552 2478 Chri-

1973 2522 2088 2576 sti?
2117 2521 2243 2576 Hac
2276 2537 2384 2575 non
2412 2521 2747 2576 conveniunt
2789 2536 2913 2574 cum
2968 2534 3135 2575 sensu
3171 2514 3550 2586 Chrysostomi

1973 2622 2030 2668 et
2055 2614 2293 2682 antiqua:
2321 2612 2620 2668 Orientalis
2646 2614 2936 2676 Ecclesiae;
2965 2611 3059 2666 sed
3092 2611 3165 2664 ita
3197 2609 3380 2662 dicere
3409 2617 3464 2658 nt
3495 2615 3551 2658 ιιι

1975 2705 2132 2769 dicis,
2162 2716 2248 2760 est
2294 2705 2516 2760 Patrum
2570 2707 2877 2761 sententias
2920 2703 3122 2758 aﬂerre
3175 2701 3465 2764 fallaciter,
3499 2706 3556 2753 et

1976 2797 2227 2868 negando
2259 2799 2555 2868 primatum
2602 2799 2841 2853 schisma
2899 2798 3181 2851 inducere.
3225 2794 3552 2861 Quanquam

1976 2906 2043 2944 ne
2071 2891 2151 2944 sic
2179 2890 2424 2955 quidem,
2449 2900 2509 2942 ut
2541 2900 2596 2944 tu
2623 2889 3033 2959 interpretaris,
3068 2888 3239 2942 habes
3262 2886 3409 2954 quod
3446 2885 3551 2937 vis.

1977 2981 2107 3036 Esto
2138 2981 2284 3036 enim
2317 2981 2462 3052 quod
2491 2997 2682 3036 omnes
2729 2981 2968 3051 episcopi
3029 2981 3260 3034 sedeant
3315 2979 3370 3032 in
3419 2976 3549 3030 sede

1976 3074 2212 3138 Christi;
2247 3089 2357 3128 non
2399 3084 2578 3128 tamen
2613 3087 2837 3127 necesse
2867 3083 2952 3128 est
2990 3071 3183 3126 sedere
3211 3083 3404 3123 omnes
3429 3081 3554 3120 cum

284 3157 395 3210 οὐκ
430 3158 642 3227 ἀνάγκη
690 3161 963 3231 καθῆσθαι
1015 3163 1276 3232 ἰσοτίμως
1300 3181 1315 3197 ·
1349 3165 1540 3235 ὥσπερ
1570 3167 1619 3218 oi
1651 3165 1868 3234 νομικοὶ

1977 3166 2308 3236 aequalitalis
2330 3167 2542 3221 honore
2574 3185 2588 3220 :
2631 3165 2776 3220 sicut
2811 3174 2866 3220 et
2905 3163 3109 3236 legales
3149 3161 3462 3218 sacerdotes
3499 3160 3554 3211 in

290 3251 465 3318 ἱερεῖς
498 3252 588 3302 ἐπὶ
620 3251 720 3320 τῆς
752 3254 995 3315 Μωσέως
1044 3254 1338 3326 καθέδρας,
1390 3253 1506 3308 ἀλλ’
1552 3256 1653 3308 oin:
1701 3257 1869 3309 ίσοτί-

291 3358 436 3411 μως,
486 3342 742 3413 ὑπερεῖχε
788 3345 897 3415 γὰρ
923 3348 980 3398 έν
1012 3348 1197 3408 αὐτοῖς
1251 3351 1279 3401 ὀ
1325 3349 1503 3417 μέγας
1555 3352 1873 3420 ἀρχιερεύς.

286 3434 454 3501 Min.
479 3437 660 3488 τοίνυν
698 3437 780 3505 τῷ
821 3437 1042 3508 Ῥώμης
1082 3440 1258 3509 θρόνῳ
1285 3441 1345 3494 τὸ
1389 3442 1548 3512 μόνον
1586 3443 1873 3498 καλεῖσθαι

286 3521 590 3589 δξαιρέτως
623 3527 1008 3593 ἀποστολικὸν,
1037 3530 1131 3581 καὶ
1157 3531 1216 3583 τὸ
1249 3533 1405 3600 μόνον
1429 3532 1572 3585 οὕτω
1595 3532 1868 3604 καθῆσθαι

289 3618 392 3669 ἀπὶ
428 3616 523 3670 τοῦ
555 3621 750 3688 θρόνου
782 3620 876 3673 τοῦ
903 3622 1168 3693 Χριστοῦ,
1197 3621 1338 3677 ὥστε
1372 3626 1579 3695 κρίνειν
1620 3626 1871 3692 ἃπαντας

286 3714 426 3776 τοὺς
464 3714 824 3777 ἐπισκόπους.

949 3855 1226 3910 ΝΕΙΛΟΣ.

374 4005 394 4040 ε
432 3988 505 4040 Τὸ
535 3987 591 4042 δὲ
625 3986 828 4056 λέγειν,
874 3990 1041 4060 Μόνῳ
1076 3991 1155 4060 τῷ
1197 3991 1397 4060 πάππα
1429 3990 1638 4058 ἔξεστιν
1689 3995 1870 4047 οίκου-

291 4083 528 4153 μενικὴν
559 4083 834 4153 ἀθροξζειν
866 4083 1108 4146 σύνοδον,
1155 4087 1272 4147 πῶς
1312 4087 1371 4136 ού
1407 4087 1518 4148 τοῖς
1557 4086 1677 4140 λίαν
1710 4093 1876 4154 φανε-

288 4178 413 4245 ροῖς
445 4175 749 4239 ἀντιλέγειν
800 4178 940 4240 ἐστὶ,
993 4179 1199 4247 μᾶλλον
1251 4178 1305 4231 δὲ
1338 4180 1454 4241 πῶς
1484 4180 1584 4231 οὐκ
1613 4181 1868 4249 αἰσχύνη,

283 4270 386 4320 τὸν
433 4269 584 4336 ἱερέα
631 4270 740 4322 ἀπο
765 4270 972 4322 τούτων
1017 4271 1445 4340 φιλοτιμεῖσθαι,
1504 4272 1594 4339 ἀφ’
1641 4265 1717 4326 ὧν
1750 4273 1871 4326 ἐστι

291 4362 440 4429 μέγα
481 4363 569 4414 καὶ
617 4361 708 4413 τὸν
736 4363 981 4433 ⁶βασιλέα
1033 4367 1281 4433 φρονεῐνς
1330 4367 1448 4418 Ἵνα
1479 4365 1533 4418 δὲ
1572 4367 1742 4436 είδῇς,
1789 4367 1871 4420 ὅτι

289 4453 583 4524 βασιλεῦσι
619 4455 840 4521 μᾶλλον,
885 4456 984 4508 οὐκ
1014 4458 1334 4521 ἐπισκόποις
1361 4459 1428 4512 τὰ
1461 4461 1686 4513 τοιαῦτα
1725 4464 1874 4514 ἀνεῖ-

1980 3259 2243 3314 cathedra
2298 3258 2468 3331 Moysi
2529 3275 2636 3314 non
2679 3274 2871 3312 omnes
2929 3256 3214 3326 atqualiter
3259 3254 3556 3314 sedebant;

1981 3354 2258 3409 eminebat
2287 3354 2437 3407 enim
2470 3353 2617 3406 inter
2652 3352 2777 3407 illos
2805 3350 3077 3421 pontifex.
3113 3349 3304 3418 Itaque
3352 3345 3562 3416 magni-

1980 3445 2298 3500 faciendum
2328 3455 2414 3500 est
2444 3444 2588 3516 quod
2623 3444 2738 3502 sola
2776 3443 3025 3497 Romana
3059 3441 3220 3496 sedes
3255 3456 3352 3508 per
3380 3436 3562 3492 excel-

1979 3539 2207 3595 lentiam
2261 3549 2490 3594 vocetur
2543 3537 2841 3607 apostolica
2878 3577 2893 3602 ,
2951 3544 3007 3589 et
3062 3533 3214 3590 solus
3265 3531 3562 3600 episcopus

1982 3634 2260 3689 Rosulanus
2286 3635 2361 3689 ita
2388 3633 2580 3690 sedeat
2617 3635 2671 3688 in
2705 3630 2971 3686 cathedra
2999 3628 3231 3692 Christi,
3264 3634 3320 3680 ut
3345 3625 3557 3695 episco-

1978 3744 2173 3796 porum
2209 3730 2453 3784 omnium
2485 3729 2554 3782 sit
2580 3726 2770 3796 judcx.

2437 3836 2666 3920 'NtLus
2701 3861 2852 3932 (Cap.
2890 3859 3080 3915 χχιιι.

2067 4025 2084 4056 ι
2123 4003 2312 4058 Dicere
2346 4010 2553 4063 autem.
2590 4001 2690 4056 soli
2742 4015 2896 4070 papze
2949 3999 3121 4055 licere
3165 3997 3560 4054 (ecurnenicam

1979 4097 2297 4168 congregari
2333 4093 2625 4164 synodum,
2671 4107 2740 4146 an
2780 4107 2888 4145 non
2939 4099 3024 4146 est
3081 4107 3202 4160 quae
3232 4089 3564 4142 manifestis-

1981 4194 2121 4247 sima
2162 4199 2292 4246 sunt
2320 4187 2676 4260 oppugnare?
2705 4202 2771 4239 an
2822 4184 3004 4254 potius
3039 4195 3196 4253 turpe
3231 4197 3338 4235 non
3381 4191 3462 4235 est
3501 4182 3556 4233 in

1979 4301 2049 4344 eo
2096 4283 2438 4340 sacerdotem
2493 4296 2611 4336 esse
2666 4278 3060 4340 ambitiosum,
3100 4277 3155 4330 in
3211 4291 3318 4345 quo
3376 4284 3560 4344 potest

1981 4380 2146 4435 etiam
2171 4377 2470 4444 imperator
2502 4388 2562 4427 se
2580 4370 2834 4443 jactare?
2871 4369 2941 4424 Ut
2977 4367 3122 4423 scias
3143 4377 3326 4422 autem
3370 4367 3433 4418 ad
3463 4366 3564 4418 im-

1986 4479 2296 4538 peratorem
2329 4465 2534 4533 potius,
2561 4477 2724 4532 quam
2760 4461 2825 4514 ad
2849 4461 3143 4529 episcopos
3171 4458 3222 4512 id
3263 4458 3564 4528 pertinere,

288 4563 410 4597 ται.
472 4544 744 4610 ἀνάγνωθι
802 4546 910 4598 ἀπὸ
963 4545 1074 4598 τῶν
1128 4549 1458 4619 Πρακτικῶν
1501 4553 1598 4619 τῆς
1651 4552 1872 4621 πρώτης

1983 4557 2149 4625 legito
2189 4553 2476 4622 epistolam
2521 4549 2711 4621 prima:
2747 4549 2943 4622 synodi
2977 4551 3044 4603 ad
3091 4547 3391 4603 Ecclesiam
3442 4548 3567 4602 Ale-

292 4636 523 4688 συνίδοι)
555 4638 653 4702 τὴν
680 4637 974 4706 επιστολὴν
1011 4640 1181 4702 αὐτῆς
1211 4642 1277 4710 τῇ
1317 4641 1715 4712 Ἀλεξανδρέων
1759 4644 1880 4698 Ἐκ-

295 4728 523 4798 κλησίᾳ·
564 4746 582 4778 ι
623 4731 864 4799 Ἐπειδὴ,
899 4731 1056 4800 φησὶ,
1083 4731 1179 4800 τῆς
1215 4732 1312 4790 τοῦ
1344 4733 1478 4786 Θεοῦ
1513 4735 1755 4804 χάριτος,
1788 4738 1881 4788 καὶ

283 4823 397 4872 *τοῦ
425 4821 842 4888 θεοφιλεστάτου
867 4823 1133 4891 βασιλέως
1157 4825 1601 4883 Κωνσταντίνου.
1636 4843 1878 4890 συναγα-

292 4917 489 4981 γέντος
538 4916 687 4984 ἡμᾶς
733 4917 795 4967 ὲκ
845 4916 1118 4986 διαφόρων
1159 4918 1460 4986 ἐπαρχιῶν.
1499 4939 1513 4968 ι
1572 4921 1878 4987 Ἀναγνωθι

294 5007 410 5062 ἀπὸ
441 5009 546 5058 τῶν
579 5009 903 5075 ιΙρακτικῶν
931 5011 1036 5078 τῆς
1057 5011 1244 5082 τρίτης
1276 5011 1496 5063 συνῧδου
1528 5011 1629 5080 τὴν
1662 5014 1881 5064 ἐπιστο-

293 5099 399 5166 λὴν
431 5099 601 5170 αὐτῆς
636 5102 771 5171 πρὸς
800 5102 1080 5155 Θεοδόσιον
1107 5105 1202 5156 καὶ
1233 5102 1685 5157 Ούαλεντινιανόν
1712 5122 1724 5135 ·
1758 5123 1776 5156 ι
1815 5105 1880 5157 Ἡ

283 5192 437 5254 νὰγὶα
479 5191 717 5256 σύνοδος,
773 5197 958 5262 φησὶν,
1011 5195 1045 5263 ,ἡ
1105 5193 1287 5263 χάριτι
1335 5194 1469 5247 Θεοῦ
1506 5195 1601 5246 καὶ
1648 5195 1880 5264 νεύματι

295 5282 396 5335 τοῦ
437 5283 704 5354 ὑμετέρου
755 5285 992 5354 κράτους
1046 5286 1372 5354 συναχθεῖσα
1405 5289 1462 5338 ἐν
1495 5288 1559 5354 τῇ
1609 5285 1880 5354 Ἐφεσίων

302 5373 676 5440 μητροπόλει·
718 5392 735 5423 ι
773 5375 866 5425 καὶ
900 5377 1007 5426 ἀπὸ
1039 5373 1131 5425 τοῦ
1170 5375 1354 5436 τέλους
1395 5375 1504 5426 τῶν
1554 5376 1881 5443 Πρακτικῶν

297 5463 402 5530 τῆς
436 5463 706 5534 τετάρτης
751 5467 974 5519 συνόδου
1001 5482 1011 5493 ·
1049 5485 1067 5517 ι
1112 5467 1175 5518 Ἡ
1222 5467 1354 5534 ἁγία
1394 5470 1489 5517 καὶ
1536 5467 1746 5536 μεγάλη
1789 5471 1882 5518 καὶ

297 5556 658 5626 οἰκουμενικὴ
707 5557 943 5620 σύνοδος,
981 5560 1012 5626 ὴ
1055 5559 1194 5610 κατά
1246 5558 1381 5611 Θεοῦ
1423 5559 1584 5628 χάριν
1646 5562 1740 5611 καὶ
1791 5561 1880 5611 θέ-

303 5661 524 5712 σπισμα
560 5647 668 5698 τῶν
708 5646 1122 5700 εὐσεϐεστάτων
1162 5647 1258 5700 καὶ
1309 5647 1673 5715 φιλοχρξστων
1722 5648 1882 5716 ἡμῶν

305 5736 573 5807 βασ.λέ‹υν
611 5738 989 5808 συναχθεῖσα.›
1035 5738 1094 5790 ’0
1128 5738 1182 5790 δὲ
1215 5738 1484 5807 μακάριος
1509 5738 1658 5789 Λέων
1682 5739 1708 5789 ὁ
1747 5739 1881 5788 Ῥώ-

308 5845 420 5900 μης
465 5829 730 5900 Θεοξοσὶῳ
775 5833 851 5903 τῷ
899 5832 1112 5902 βασιλεί
1163 5832 1412 5902 γράφων,
1463 5833 1584 5884 ἀντὶ
1639 5833 1879 5901 μεγάλου

1985 4645 2349 4702 xandrinant:
2417 4664 2434 4694 ι
2479 4641 2745 4712 Quoniam
2770 4685 2783 4704 ,
2819 4642 3037 4712 inquit,
3092 4641 3184 4695 Dei
3236 4641 3406 4710 gratia
3433 4682 3445 4705 ,
3510 4649 3564 4692 et

1982 4736 2375 4792 Consmntinus
2432 4711 2541 4790 Deo
2611 4731 3042 4788 amabilissimns
3118 4732 3416 4801 imperator
3465 4745 3568 4784 nos

1986 4828 2335 4898 congregavit
2391 4843 2422 4882 e
2494 4827 2726 4879 diversis
2795 4823 3116 4893 provinciis.
3176 4841 3194 4874 ι
3260 4817 3450 4890 Legite
3503 4819 3570 4875 e‘x

1984 4921 2134 4975 Actis
2171 4921 2344 4973 ter-time
2382 4919 2575 4989 synodi
2605 4917 2893 4987 epistolam
2933 4915 3053 4986 ejus
3100 4914 3166 4967 ad
3198 4913 3569 4967 Theodosium

1985 5024 2041 5068 et
2071 5013 2536 5075 Valens-inimum,
2562 5011 2781 5065 actione
2817 5026 2867 5064 γι
2896 5027 2910 5062 :
2939 5029 2956 5059 ι
2981 5009 3179 5061 Sancta
3205 5009 3441 5076 synodus
3472 5006 3564 5060 hei

1985 5104 2158 5175 gratia
2187 5114 2242 5157 et
2269 5114 2406 5158 nutu
2427 5104 2725 5174 majestatis
2756 5109 2947 5154 vestra?
2965 5109 3291 5167 congregata
3319 5099 3572 5165 inlﬂphe-

1985 5194 2195 5248 siorum
2222 5193 2545 5261 metropoli;
2578 5213 2594 5244 ι
2623 5203 2674 5245 et
2701 5208 2768 5245 ex
2791 5191 2895 5244 ﬁne
2928 5200 3176 5243 actorum
3197 5199 3405 5256 quarta:
3437 5204 3568 5257 syn-

1985 5284 2076 5338 odi
2104 5303 2116 5338 :
2153 5304 2168 5336 ι
2204 5283 2402 5338 Sancta
2437 5296 2492 5338 et
2537 5299 2728 5352 magna
2761 5291 2816 5335 et
2840 5281 3164 5335 universalis
3188 5282 3448 5349 synodus,
3475 5295 3571 5348 per

1989 5378 2078 5430 Dei
2103 5377 2328 5445 gratiam
2353 5383 2409 5428 et
2426 5375 2765 5429 sanctionem
2783 5372 3318 5440 religiosissimorum
3344 5370 3570 5425 etChri-

1985 5467 2053 5520 sti
2075 5467 2374 5519 amantium
2411 5467 2808 5535 imperatorum
2823 5464 3069 5517 collecta.
3086 5483 3101 5512 ι
3125 5463 3322 5515 Beatus
3351 5477 3571 5531 quoque

1988 5556 2097 5610 Leo
2131 5557 2414 5610 Romanus
2461 5557 2757 5624 cpisc0pus
2811 5557 2877 5609 ad
2919 5555 3288 5608 Theodosium
3333 5556 3572 5622 impera-

1989 5658 2160 5703 torcm
2193 5649 2457 5711 scribens,
2484 5649 2604 5702 loco
2646 5664 2852 5720 magna:
2887 5647 2959 5700 rei
3000 5648 3155 5716 petit,
3189 5657 3247 5698 ut
3272 5647 3572 5712 imperator

1987 5752 2258 5797 annuerct
2310 5741 2427 5795 ﬁeri
2483 5741 2536 5794 in
2574 5741 2722 5793 Italia
2771 5739 3041 5810 synodum
3086 5741 3420 5808 generalem.
3456 5736 3571 5789 Non

1991 5835 2236 5904 petiissct
2279 5841 2486 5898 autem,
2513 5833 2554 5886 si
2578 5830 2719 5900 juris
2757 5833 2838 5885 Sui
2868 5831 3059 5884 (uisset
3084 5843 3340 5898 μιωδιιιιο
3371 5826 3524 5882 illud.
3551 5846 3567 5878 ι
