4114 6328
317 436 417 499 881
1750 439 1941 501 IlUNi

1929 437 2133 499 iTUM.
3450 437 3554 503 882

1500 569 3536 592 *WW

1656 722 2228 822 MONITU'M

1269 887 1382 946 (Mai
1420 885 1721 935 Bibliotheca
1752 898 1875 933 nova
1901 885 2098 934 Patrum
2125 895 2241 935 tom.
2272 887 2355 946 Vl,
2382 902 2428 946 β.
2454 887 2584 943 ΗΟ.)

391 1137 430 1190 Α
466 1135 659 1189 Nicetis
702 1134 771 1186 ad
810 1132 1103 1186 Theodoros
1150 1132 1475 1185 redeundum
1523 1138 1616 1183 est.
1656 1127 1798 1181 Sane
1831 1143 1984 1196 quem
2020 1130 2174 1181 modo
2220 1129 2415 1183 edituri
2440 1146 2628 1184 sumus
2661 1131 2990 1187 Theodorum
3048 1134 3447 1197 Mcliteniotam,
3503 1136 3558 1187 in

322 1233 581 1289 postrema
615 1220 913 1274 Graecitatis
944 1226 1102 1275 «etate
1136 1217 1410 1271 collocavit
1458 1217 1695 1270 Allatius
1723 1214 1950 1267 diatrib.
1996 1231 2049 1267 n.
2086 1212 2403 1282 CXXXIII,
2437 1218 2528 1287 qui
2559 1234 2680 1272 eum
2719 1219 2850 1287 facit
2881 1223 3186 1275 scribentem
3225 1237 3367 1274 anno
3399 1220 3559 1275 Citri-

320 1314 388 1365 sti
417 1312 571 1373 1361,
612 1317 704 1362 sub
738 1308 945 1361 Joanne
977 1307 1001 1359 I
1034 1305 1333 1374 Palwologo
1361 1306 1703 1372 imperatore.
1735 1299 1837 1357 Sed
1865 1310 2044 1355 tamen
2080 1319 2184 1357 non
2222 1305 2401 1358 omnia
2430 1322 2592 1370 nava,
2632 1306 2900 1361 deteriora
2932 1316 3075 1372 sunt,
3109 1311 3247 1376 quod
3278 1309 3331 1361 in
3359 1310 3560 1362 cunctis

325 1401 515 1467 linguis
553 1396 861 1466 populisque
893 1396 1277 1465 comperimus;
1306 1405 1354 1447 et
1401 1394 1517 1463 ipse
1548 1391 1788 1447 Allatius
1831 1407 1962 1458 opus
2004 1390 2280 1455 Theodori,
2320 1409 2442 1447 mox
2473 1412 2505 1446 a
2539 1393 2688 1449 nobis
2731 1395 2931 1464 partim
2962 1396 3241 1457 edendum,
3276 1395 3358 1449 vel
3391 1398 3560 1464 potius

324 1486 683 1543 delibandum.
718 1486 843 1537 dicit
876 1485 1109 1543 doctum,
1140 1481 1318 1536 divina
1351 1480 1598 1535 doctrina
1632 1480 1906 1547 refertum.
1942 1487 1992 1532 et
2026 1478 2246 1549 dignum
2282 1480 2423 1549 quod
2466 1480 2634 1535 lucem
2664 1482 2858 1535 videat.
2894 1481 2987 1536 Est
3016 1482 3193 1535 autem
3220 1483 3329 1536 ha'c
3352 1480 3560 1537 στατο-

324 1591 439 1625 rum
476 1582 749 1625 auctorum
784 1571 943 1623 etiam
977 1570 1146 1636 inﬁmi
1182 1568 1288 1623 aui
1334 1568 1451 1621 laus
1507 1566 1900 1637 quodammodo
1941 1566 2254 1634 singularis,
2295 1576 2349 1621 ut
2388 1568 2660 1638 eleganter
2696 1570 3074 1638 emendateque
3103 1568 3336 1640 plerique
3380 1587 3557 1625 omnes

323 1660 649 1729 scripserint,
688 1657 1021 1719 Itlemmides,
1050 1664 1201 1726 puta,
1227 1654 1515 1717 Gemistus,
1557 1653 1856 1715 Planndes,
1883 1653 2053 1718 Gaza,
2093 1654 2394 1710 Demetrius
2430 1655 2722 1725 Cydonius,
2744 1656 3069 1719 ‘Bessarion,
3101 1656 3196 1711 alii
3225 1656 3410 1724 multi;
3431 1659 3557 1713 dum

326 1747 533 1799 interim
576 1744 754 1797 Latini
782 1746 947 1797 nostri
974 1743 1257 1795 ruditatem
1289 1742 1578 1809 quamdam
1604 1741 1867 1795 scribendi
1897 1757 2007 1810 pra:
2030 1757 2084 1795 se
2113 1740 2351 1809 ferebant
2378 1748 2405 1797 :‘
2424 1746 2589 1797 donec
2619 1744 2782 1813 paulo
2814 1754 2953 1813 post,
2987 1741 3165 1815 politis
3194 1746 3386 1799 iterum
3415 1748 3559 1816 apud

326 1850 419 1887 nos
445 1833 656 1890 litteris.
692 1840 872 1885 tantus
906 1831 1060 1884 rediit
1098 1829 1279 1882 Latini
1312 1829 1570 1883 sermonis
1596 1826 1762 1898 lepor,
1797 1838 1853 1881 ut
1885 1828 2007 1898 jam
2038 1826 2237 1883 Grtecis
2265 1830 2605 1884 invidendum
2647 1847 2751 1885 non
2777 1831 2958 1901 fuerit.

392 1920 564 1991 Igitur
591 1921 671 1973 hic
704 1919 1000 1972 Theodorus
1032 1916 1293 1984 exegetica
1322 1916 1542 1968 scientia
1584 1923 1634 1968 et
1672 1914 1986 1985 eloquentia:
2019 1918 2170 1987 copia
2204 1917 2543 1971 abundanter
2570 1919 2847 1986 pra-ditus,
2897 1929 3133 1989 quatuor
3165 1918 3458 1989 Evangelia
3502 1920 3557 1972 in

324 2026 483 2062 unam
507 2011 694 2062 seriem
716 2025 746 2060 a
785 2022 841 2060 se
866 2020 1123 2069 connexa,
1157 2019 1287 2057 novo
1321 2002 1687 2055 commentarii
1731 2017 1918 2072 genere
1945 2003 2284 2071 explananda
2311 2006 2538 2074 suscepit
2572 2021 2589 2059 :
2633 2023 2817 2075 nempe
2850 2022 2979 2076 opus
3009 2024 3166 2062 suum
3193 2010 3247 2062 in
3281 2006 3556 2062 volumina

325 2112 507 2148 novem
553 2096 791 2165 digessit,
824 2108 1047 2163 quorum
1078 2089 1290 2159 singula
1323 2088 1539 2142 totidem
1572 2089 1868 2153 διαλέξεις.
1895 2089 1949 2142 id
1996 2098 2072 2144 est
2118 2107 2407 2151 sermones,
2440 2092 2724 2158 habebant,
2761 2094 2852 2161 qui
2877 2111 3056 2149 omnes
3085 2096 3370 2149 immanem
3402 2100 3557 2148 unius

324 2200 485 2251 supra
512 2183 775 2251 octoginta
814 2196 1112 2234 sermonum
1146 2193 1412 2230 summam
1448 2176 1773 2246 efﬁciebant.
1810 2175 1915 2230 Sed
1940 2178 2081 2231 enim
2116 2194 2181 2232 ex
2210 2194 2393 2232 novem
2424 2180 2504 2232 his
2539 2179 2888 2234 voluminibus
2919 2197 3083 2234 unum
3113 2181 3479 2233 tantummodo
3502 2181 3558 2232 in

338 2272 592 2327 Vaticana
636 2273 873 2324 codicum
914 2269 1246 2329 bibliotheca,
1286 2268 1378 2320 sub
1408 2283 1630 2320 numero
1659 2264 1730 2319 68
1744 2266 1787 2328 ι,
1821 2264 2069 2328 habetur,
2098 2267 2235 2333 quod
2266 2274 2343 2318 est
2375 2266 2531 2319 seriei
2561 2267 2829 2335 praedicta
2858 2277 3133 2336 quartum,
3167 2267 3412 2337 foliorum
3454 2267 3557 2321 560

322 2360 496 2420 in-i°,
524 2359 804 2428 scriptura:
847 2358 901 2408 in
940 2358 1129 2409 charta
1167 2355 1296 2409 satis
1326 2354 1612 2423 perspicua
1643 2361 1690 2404 et
1728 2352 2045 2405 emendatae.
2091 2349 2289 2420 Scopas
2337 2362 2385 2405 et
2443 2354 2581 2405 ratio
2639 2354 2799 2407 totius
2850 2356 3025 2423 operis
3059 2354 3374 2425 proponitur
3404 2356 3459 2407 in
3497 2369 3557 2407 eo

323 2446 559 2508 exordio,
590 2448 727 2515 quod
756 2444 989 2497 Allatius
1020 2444 1074 2495 in
1093 2442 1323 2496 diatriba
1342 2458 1440 2494 sua
1467 2440 1729 2501 recitavit,
1756 2437 1998 2516 quodque
2025 2438 2178 2493 initio
2206 2441 2386 2508 quarti
2408 2442 2534 2493 tomi
2561 2442 2735 2494 nescio
2755 2441 3017 2511 quomodo
3041 2449 3409 2495 conservatum
3435 2443 3553 2510 fuit.

395 2531 529 2597 Quid
577 2530 833 2601 agerem?
876 2530 1016 2585 Sane
1062 2531 1269 2584 animus
1303 2529 1487 2582 avebat
1530 2534 1695 2580 totum
1728 2542 1859 2596 opus
1890 2525 1946 2579 in
1978 2523 2146 2579 lucem
2196 2528 2529 2596 protrahere,
2572 2536 2739 2582 totum
2784 2530 2906 2582 item
2959 2528 3156 2583 Latina
3204 2516 3561 2583 translatione

324 2625 547 2675 donare.
598 2620 699 2675 Sed
743 2638 846 2674 non
895 2621 1075 2673 omnia
1121 2634 1394 2688 possumus
1423 2633 1643 2682 omnes;
1676 2618 1871 2681 etenim
1905 2616 1990 2669 hic
2029 2628 2162 2666 unus
2195 2613 2377 2676 codex,
2425 2615 2470 2666 si
2509 2614 2679 2669 debito
2716 2625 2983 2685 apparatu
3028 2618 3341 2680 instructus,
3382 2614 3560 2670 Grece

330 2710 613 2780 Latineque
643 2710 908 2770 ederetur,
943 2706 1061 2778 plus
1091 2722 1238 2775 wquo
1270 2707 1400 2760 mihi
1431 2714 1633 2775 tempus
1676 2706 1923 2774 eriperet,
1960 2712 2007 2755 et
2043 2700 2260 2770 plenum
2292 2703 2668 2768 propemodum
2697 2702 2974 2769 conﬁceret
3003 2720 3149 2758 nova:
3181 2704 3336 2775 hujus
3369 2705 3557 2757 biblio-

326 2801 484 2851 theca:
511 2796 777 2851 volumen.
828 2790 1260 2848 Contrahendum
1293 2793 1471 2858 itaque
1517 2792 1798 2846 comitium
1834 2790 1935 2859 fuit
1961 2807 1979 2842 .·
2030 2797 2078 2841 et
2116 2789 2367 2857 quoniam
2399 2797 2583 2842 auctor
2632 2789 2867 2860 singulos
2901 2807 3167 2846 sermones
3218 2808 3362 2856 suos,
3414 2808 3559 2845 more

326 2886 704 2955 Chrysostomi,
732 2885 924 2938 morali
958 2883 1316 2952 peroratione,
1349 2881 1547 2934 diserta
1576 2877 1750 2933 hercle
1799 2888 1847 2931 et
1891 2876 2133 2951 perutili,
2165 2876 2449 2940 concludit,
2488 2878 2585 2929 has
2632 2893 2725 2931 nos
2770 2880 2939 2947 operis
2984 2879 3213 2933 morales
3260 2887 3438 2949 partes
3491 2880 3561 2933 ad

323 2966 647 3040 vulgandam
677 2971 987 3040 delegimus.
1028 2969 1094 3021 Et
1127 2970 1327 3036 priores
1359 2967 1569 3036 quidem
1592 2982 1707 3032 sex,
1748 2967 1931 3023 Graece
1978 2972 2206 3027 tantum,
2245 2965 2516 3017 brevitatis
2546 2981 2731 3023 causa.
2766 2969 3052 3033 ponimus;
3082 2975 3187 3022 tres
3230 2984 3351 3022 vero
3385 2977 3561 3036 postc-

326 3062 489 3111 riores
517 3052 835 3127 properante
865 3056 1073 3109 calamo
1106 3053 1324 3108 Latinas
1350 3056 1511 3107 etiam
1539 3054 1778 3123 fecimus,
1808 3054 2041 3122 praefixis
2070 3054 2261 3124 ubique
2294 3053 2483 3113 titulis,
2524 3070 2654 3124 quos
2683 3064 2869 3109 auctor
2901 3058 3010 3122 ipse
3038 3059 3093 3109 in
3118 3058 3324 3126 ,prtevio
3352 3057 3559 3127 syllaba

325 3146 569 3213 scripsit;
603 3160 908 3213 quanquam
933 3144 1193 3197 breuiores
1226 3142 1522 3195 necessario
1550 3150 1673 3195 sunt
1712 3142 1767 3195 hi
1797 3142 1962 3205 tituli,
2014 3158 2180 3211 neque
2222 3142 2354 3196 satis
2383 3143 2600 3209 dignum
2631 3144 2963 3213 disertissimi
3006 3145 3194 3213 scripti
3238 3144 3557 3210 prteludinm

326 3233 582 3299 prmbent.
613 3232 786 3302 Igitur
814 3231 933 3283 novi
958 3224 1283 3297 studiosique
1324 3227 1539 3298 lectores
1575 3228 1739 3282 multo
1769 3246 1863 3299 per
1904 3246 1959 3284 se
1991 3229 2174 3287 melius
2202 3229 2455 3285 Theodori
2488 3233 2652 3285 nostri
2705 3226 3084 3300 eloquentiam,
3119 3234 3337 3303 dignam
3374 3234 3562 3304 edepol

326 3320 633 3372 melioribus
664 3319 889 3379 strculis,
918 3319 1185 3371 aestimare
1216 3324 1483 3385 poterunt.

403 3405 765 3458 Verumtamen
802 3406 895 3459 hoc
938 3405 1197 3473 praecipue
1248 3419 1327 3456 me
1378 3405 1659 3472 permovit,
1705 3411 1761 3454 ut
1814 3403 1983 3456 octavi
2022 3402 2287 3470 prolixam
2336 3419 2443 3472 pro:
2467 3405 2671 3457 caneris
2709 3406 2967 3459 sermonis
3013 3407 3403 3474 perorationem
3454 3422 3558 3459 non

325 3495 641 3555 amitterem,
677 3493 783 3545 imo
816 3499 863 3543 et
895 3489 1084 3544 Latina
1120 3491 1554 3554 interpretatione
1591 3490 1898 3552 comitarer,
1926 3490 2050 3557 quia
2083 3491 2151 3541 ibi
2185 3488 2454 3543 luculenta
2486 3500 2534 3545 et
2561 3491 2821 3559 pra‘clttra
2849 3492 2905 3559 ﬁt
2937 3494 3191 3562 expositio
3225 3492 3370 3560 ﬁdei,
3399 3511 3559 3559 quam

326 3582 391 3632 de
420 3579 515 3635 SS.
549 3579 901 3633 Eucltaristia!
938 3579 1185 3647 mysterio
1213 3576 1395 3630 Crazca
1420 3580 1623 3645 pariter
1653 3594 1768 3630 cum
1806 3576 2004 3630 Latina
2033 3567 2065 3644 ip
2080 3576 2324 3644 roﬁtetur
2352 3577 2611 3632 Ecclesia.
2643 3578 2855 3633 Scilicet
2886 3580 2989 3632 duo
3014 3588 3138 3632 sunt
3178 3580 3431 3649 precipui
3466 3581 3559 3632 he-

326 3668 698 3719 terodoxorum
732 3666 783 3717 iu
818 3663 1095 3724 Occidente
1122 3680 1326 3716 errares
1358 3672 1542 3716 contra
1592 3663 2025 3726 Eucharistiam;
2066 3680 2291 3734 quorum
2324 3667 2470 3733 prior
2491 3676 2645 3736 negat
2675 3668 3347 3739 transsubstantiationem,
3382 3667 3435 3720 id
3483 3675 3559 3719 est

327 3755 479 3824 panis
506 3770 566 3807 ac
591 3753 698 3806 vini
730 3753 781 3805 in
817 3751 1010 3805 Christi
1043 3767 1230 3819 corpus
1256 3753 1671 3821 sanguinemque
1704 3750 2135 3812 conversionem;
2168 3749 2307 3804 alter
2334 3768 2438 3805 non
2466 3768 2652 3819 corpus
2676 3742 2890 3813 Christi,
2917 3753 3007 3823 sed
3035 3754 3147 3822 ejus
3175 3749 3557 3823 potius‘tgpum

328 3840 411 3893 rel
442 3839 671 3909 figuram
706 3840 759 3891 in
787 3855 924 3906 pane
954 3840 1173 3905 vinoque
1202 3847 1503 3891 consecrato
1535 3838 1793 3906 agnoscit.
1830 3836 2013 3906 Utique
2058 3839 2204 3907 prior
2239 3854 2390 3891 error
2421 3842 2699 3907 posteriori
2737 3842 2872 3893 viam
2904 3832 3125 3901 sternit;
3158 3858 3281 3893 nam
3322 3843 3367 3893 si
3408 3842 3559 3893 nulla

325 3929 635 3980 substantia
657 3926 922 3979 conversio
953 3924 1242 3993 perﬁcitur,
1272 3932 1592 3991 manentque
1613 3926 1766 3993 panis
1800 3941 1861 3976 ac
1893 3928 2112 3990 vinum;
2145 3926 2333 3994 corpus
2367 3923 2587 3989 Christi,
2618 3934 2691 3979 tot
2719 3942 2885 3979 sacrit
2911 3926 3201 3993 Scriptura:
3233 3924 3559 3994 Petrumque

330 4015 642 4067 testimoniis
680 4015 731 4065 in
768 4012 1103 4065 Eucharistia
1134 4022 1413 4073 assertum,
1453 4012 1669 4065 ubinam
1702 4020 1775 4064 est
1801 4014 1826 4065 i’
1866 4009 2119 4081 Sequitur
2148 4028 2295 4081 ergo,
2337 4020 2393 4064 ut
2428 4014 2641 4065 nonnisi
2670 4014 2845 4081 ﬁgura
2879 4014 2992 4082 ejus
3043 4031 3105 4067 ac
3154 4018 3557 4083 reprtescntatio

326 4106 379 4155 in
408 4103 500 4155 hoc
528 4109 823 4168 peragenda
858 4102 1103 4169 mysteria
1133 4097 1251 4163 ﬁat.
1288 4098 1436 4151 Perit
1476 4100 1655 4167 itaque
1688 4099 2027 4168 funditnsque
2057 4099 2263 4151 deletur
2302 4101 2738 4168 pretiosissimum
2774 4101 3012 4154 omnium
3056 4103 3251 4155 divina:
3299 4118 3424 4171 erga
3463 4120 3557 4157 nos

327 4189 607 4241 charitatis
658 4189 1030 4239 documentum
1064 4202 1126 4238 ac
1157 4186 1376 4237 donum.
1416 4185 1581 4237 I’rimi
1631 4187 1825 4238 erroris
1872 4185 2201 4254 primipilnm
2250 4202 2304 4240 se
2357 4186 2741 4254 quodammodo
2767 4188 2891 4239 olim
2944 4192 3059 4254 (an.
3098 4188 3257 4257 1675)
3287 4191 3558 4242 constituit

325 4276 559 4328 Joannes
616 4275 948 4342 Anglicanus
978 4272 1225 4325 Ilunelmi
1259 4271 1478 4339 prwsul,
1518 4273 1652 4325 edito
1703 4272 1835 4326 libro
1880 4291 1993 4327 cum
2024 4275 2118 4326 hoc
2149 4276 2422 4328 invenusto
2469 4273 2624 4326 titulo
2649 4273 2886 4328 Historia
2913 4278 3552 4330 transsuluslanttalionis

330 4361 574 4431 pupulis;
604 4361 755 4429 quasi
790 4360 898 4412 hac
927 4360 1171 4412 doctrina
1198 4361 1413 4413 nonnisi
1438 4359 1647 4426 papalis
1677 4362 1768 4422 sit,
1794 4363 2105 4414 decernente
2136 4363 2432 4429 prtesertim
2455 4361 2611 4414 tertio
2635 4361 2963 4416 Innocentio.
3000 4362 3156 4432 Atqui
3181 4364 3338 4417 etiam
3365 4362 3555 4426 Gra'ci,

329 4450 742 4516 nominatimque
772 4458 945 4500 noster
974 4447 1295 4510 Theodorus,
1327 4448 1461 4511 hanc
1487 4446 1719 4501 clamose
1746 4448 2044 4502 doctrinam
2066 4464 2156 4502 ore
2186 4450 2422 4517 praprio,
2449 4465 2553 4501 non
2580 4459 2755 4503 autem
2785 4432 2989 4518 papali,
3012 4449 3386 4518 depra'dicant.
3415 4449 3557 4502 Nam

326 4538 463 4604 quod
491 4538 684 4589 dicitur
718 4553 749 4588 a
783 4536 930 4588 nobis
962 4534 1212 4604 vigilante
1256 4534 1511 4597 vocabulo
1545 4537 2081 4596 transsubstnntinri,
2116 4536 2169 4589 id
2214 4536 2455 4589 videlicet
2508 4554 2539 4588 a
2590 4535 2877 4598 Theodoro,
2915 4552 3033 4589 cum
3082 4535 3266 4590 (irteca
3298 4536 3555 4601 Ecclesia,

286 4686 290 4688 ἡ
326 4627 509 4677 cadent
538 4618 752 4692 prorsus
782 4625 993 4675 notione
1020 4621 1272 4689 deﬁnitur
1315 4617 1772 4688 μέταόά).λεσοαι,
1819 4640 1911 4690 μετ

1930 4623 2266 4685 αποιεῖσθαι,
2303 4623 2843 4691 μετασκευάζεσθαι,
2879 4622 3265 4690 μεθίστασθαι,
3297 4642 3555 4693 μεταστι-

327 4712 681 4779 χειὼςασθαι,
719 4710 992 4762 ποιεῖσθαι
1027 4708 1109 4762 vel
1137 4708 1388 4775 γίνεσθαι
1426 4710 1585 4777 σῶμα
1618 4710 1714 4761 καὶ
1746 4704 1887 4777 αἷμα
1917 4712 1952 4763 Χ

1931 4710 2180 4779 Κριστοῦ.
2214 4712 2340 4765 Ilaec
2370 4710 2621 4765 nimirum
2655 4722 2844 4763 cuncta
2876 4710 3129 4765 vocabula
3174 4710 3365 4779 legenti
3400 4712 3556 4765 Theo-

328 4802 515 4853 dornm
540 4800 719 4852 statim
750 4786 1043 4851 occurrent.

399 4886 546 4954 Alter
578 4888 799 4951 pariter,
828 4886 893 4937 de
918 4894 1039 4954 typo
1065 4884 1259 4938 scilicet
1286 4870 1395 4937 loco
1426 4885 1500 4936 rei
1535 4900 1691 4947 vera’,
1720 4902 1868 4937 error
1897 4885 2259 4939 disertissimis
2296 4883 2460 4937 verbis
2494 4903 2524 4938 (ι
2557 4893 2733 4937 nostro
2767 4884 3031 4938 Theodoro
3064 4887 3379 4953 exploditur,
3407 4906 3580 4957 quem.

326 4973 493 5027 oculis
546 4976 775 5025 lustrare
818 4973 948 5041 satis
992 4974 1079 5023 sit.
1127 4972 1375 5023 Attamen
1425 4972 1710 5024 redivivum
1746 4973 1839 5024 hoc
1875 4983 2246 5030 commentum,
2298 4987 2555 5039 nuperum
2592 4988 2796 5040 quoque
2842 4984 3126 5038 patronum
3175 4987 3360 5027 nactus
3401 4988 3553 5037 erat,

326 5064 534 5114 doctum
574 5062 745 5113 virum
807 5058 1197 5126 Anglicanam;
1246 5059 1330 5109 cui
1376 5061 1559 5111 statim
1591 5075 1707 5110 cum
1754 5058 2036 5125 peridonea
2082 5058 2274 5127 lingua:
2318 5056 2673 5125 Ecclesia’que
2713 5057 2944 5126 Syriacce
2977 5060 3222 5126 praesidio
3266 5061 3553 5116 catholicus

324 5151 476 5200 heros
504 5144 1148 5211 occurrens,splendidam
1181 5143 1437 5212 palmam,
1475 5142 1749 5213 pltilosyris
1776 5134 1893 5199 liet'e
1924 5145 2311 5213 plaudentibus,
2346 5146 2658 5213 reportarit.
2709 5144 3012 5199 Rediuiuum
3038 5148 3151 5199 disci
3176 5158 3551 5214 commentum,

324 5238 448 5301 quia
478 5233 598 5301 jam
643 5231 834 5285 sa-culo
867 5230 1062 5283 Christi
1092 5246 1228 5283 nouo
1281 5230 1516 5283 Joannes
1549 5229 1733 5284 Scotus
1781 5231 2196 5299 Erigena'hujus
2243 5233 2440 5284 erroris
2484 5232 2711 5297 infamia
2758 5231 3110 5301 ﬂagraverat,
3153 5237 3240 5301 qui
3286 5236 3478 5288 idcirco
3520 5255 3553 5289 a

323 5320 558 5373 conciliis
592 5327 746 5387 atque
773 5318 1101 5387 pontiﬁcibus
1132 5318 1355 5371 solemni
1385 5320 1647 5370 sententia
1679 5320 1946 5387 perculsus
1976 5318 2091 5386 fuit.
2128 5320 2481 5381 Quamobrem
2518 5321 2718 5385 frustra
2762 5329 2837 5371 est
2865 5320 3200 5389 supradictus
3232 5320 3551 5375 Dunelmen-

324 5410 418 5465 sis.
458 5410 546 5477 qui
575 5407 746 5474 aperis
774 5408 855 5459 sui
891 5404 1124 5473 capitulo
1173 5403 1295 5465 VII,
1330 5421 1382 5457 n.
1423 5405 1476 5462 'I,
1507 5405 1631 5456 dunt
1664 5405 1866 5474 fatetur
1895 5408 2208 5459 damnatum
2254 5407 2418 5472 fuisse
2448 5404 2762 5476 Erigcnam,
2804 5410 2957 5477 quasi
2989 5424 3181 5477 panem
3213 5418 3260 5461 et
3289 5412 3466 5463 vinum
3497 5413 3552 5464 in
3590 5416 3593 5417 ⁷

329 5496 684 5558 ΙίυεΙιαι-ἱδιὶα,
720 5495 858 5546 nuda
888 5500 1093 5545 tantum
1123 5494 1273 5559 signa
1302 5507 1411 5544 csse
1440 5498 1782 5550 asseveraret,
1816 5492 1991 5544 subdit
2027 5506 2228 5561 postea,
2262 5493 2314 5545 id
2340 5493 2403 5547 ab
2432 5494 2543 5562 ejus
2568 5509 2725 5547 sensu
2753 5504 2800 5547 et
2830 5492 2937 5562 ﬁde.
2968 5496 3196 5547 maxime
3224 5494 3383 5564 fuisse
3420 5498 3555 5549 alie,

324 5599 469 5635 unm.
520 5580 973 5634 Verumenimvero
1026 5580 1133 5630 ha'c
1162 5578 1406 5646 Erigcnte
1440 5578 1710 5646 apologia,
1743 5588 1930 5631 contra
1959 5595 2168 5633 omnem
2216 5579 2763 5634 historitu'veritatem
2791 5598 2823 5634 a
2860 5580 3204 5635 Dunelmensi
3233 5583 3334 5648 fit;
3389 5598 3552 5650 quam

320 5670 612 5737 comperire
651 5669 702 5720 in
738 5666 977 5736 plurimis
1019 5664 1163 5718 libris
1192 5665 1329 5727 licet,
1367 5674 1416 5717 et
1444 5675 1583 5717 certe
1612 5665 1753 5729 apud
1783 5664 2027 5719 Natalem
2068 5666 2431 5720 Alexandrum
2460 5668 2583 5720 hist.
2611 5681 2736 5722 sae.
2760 5665 2864 5731 IX,
2887 5668 3097 5723 dissert.
3138 5666 3296 5734 XIV,
3347 5685 3553 5725 necnon

321 5758 375 5809 in
412 5753 560 5807 I'etri
591 5755 653 5808 de
684 5751 872 5807 Marco
905 5751 1059 5819 longa
1091 5751 1313 5820 epistola
1352 5752 1493 5821 apud
1527 5752 1843 5804 Dacherium
1871 5751 2055 5820 Spicil.
2089 5761 2131 5804 t.
2166 5750 2278 5815 III,
2314 5768 2367 5818 p.
2394 5752 2520 5808 835.
2544 5752 2661 5807 Ima
2693 5770 2813 5808 vero
2848 5755 2904 5808 in
2939 5755 3177 5809 carmine
3205 5772 3411 5826 quoque
3434 5759 3552 5827 ejus

324 5844 586 5908 paschali,
617 5843 892 5914 quodcum
920 5840 1040 5895 aliis
1074 5843 1125 5895 in
1151 5852 1292 5895 torno
1321 5845 1500 5909 quinto
1528 5842 1891 5897 Classicorum
1922 5841 2030 5894 ΛΑ.
2069 5856 2159 5892 nos
2190 5842 2469 5903 edidimus,
2504 5841 2737 5908 ejusdem
2770 5843 3023 5897 Inerescos
3057 5845 3269 5911 vestigia
3307 5844 3557 5915 coargui:-
