4110 6332
285 387 390 448 977

1650 392 1986 454 ETHICON
2037 393 2114 453 [Χ
2129 440 2143 454 .

3435 395 3543 460 9'18

206 525 214 538 -
278 497 535 558 οἰκέτας.
597 495 701 548 κᾶν
753 496 931 550 ὁτιοῦν
981 498 1169 569 ἕτερον
1222 489 1480 555 ὠνεῖσθαι
1542 501 1750 573 μέλλῃ,
1799 503 1860 556 τδ

1975 503 2262 573 quidquam
2345 502 2494 558 aliud
2562 516 2747 558 emere
2811 511 3106 573 oporteat,
3184 502 3543 558 deterrimum

280 587 618 655 φαυλότατον
668 587 920 658 λήψεται,
958 590 1048 645 διὰ
1099 592 1160 645 τὸ
1209 593 1417 662 κέρδος.
1449 594 1558 648 Καὶ
1603 595 1656 649 τί
1714 594 1858 664 λέγω

282 680 641 750 στρατηγίαν,
678 684 772 735 καὶ
803 682 1184 752 δημαγωγίαν,
1217 688 1312 740 καὶ
1358 688 1712 757 οίκονομίας;
1753 689 1860 743 κᾶν

275 772 389 842 γὰρ
443 772 695 842 βασιλεὺς
745 771 818 847 ᾖ,
860 776 1077 831 πάντων
1131 779 1280 831 ἐστὶν
1340 780 1707 852 ἀθλιώτερος,
1763 781 1858 836 καὶ

277 860 426 932 λύμη
454 863 554 931 τῆς
594 867 947 937 οἰκουμένης,
971 871 1066 922 καὶ
1116 873 1336 926 πάντων
1371 872 1741 943 πενέστερος’
1778 874 1856 936 ὡς

274 957 388 1026 γὰρ
449 951 530 1020 εἷς
582 960 692 1011 τῶν
748 959 961 1013 πολλῶν
994 961 1356 1027 διακείσεται,
1391 965 1515 1035 οὐχὶ
1542 965 1609 1018 τὰ
1637 967 1859 1020 πάντων

275 1047 472 1102 ἑαυτοῦ
500 1049 737 1119 νομίζων
759 1048 922 1115 εἶναι,
964 1053 1083 1106 ἀλλ’
1121 1055 1313 1108 ἑαυτὸν
1337 1055 1436 1110 ενα
1469 1056 1580 1110 τῶν
1613 1057 1854 1122 πάντων,

277 1140 376 1192 καὶ
431 1139 500 1192 τὰ
561 1141 780 1195 πάντων
830 1144 1118 1210 ἁρπάζων,
1166 1145 1262 1199 καὶ
1319 1148 1539 1201 πάντων
1594 1148 1853 1202 ἐλάττονα

277 1230 427 1299 ἔχειν
489 1233 762 1301 νομίζων·
821 1237 888 1303 τῇ
939 1237 1045 1306 γὰρ
1101 1237 1215 1290 τῶν
1274 1238 1490 1294 οὐδέπω
1546 1239 1860 1310 κτηθέντων

279 1323 549 1393 ἐπιθυμίᾳ
600 1327 667 1378 τὰ
731 1328 974 1396 παρόντα
1035 1329 1272 1399 μετρῶν,
1310 1330 1461 1384 οὐδὲν
1504 1330 1677 1385 ταῦτα
1724 1332 1860 1401 πρὸς

277 1414 468 1466 ἐκεῖνα
505 1410 645 1470 εἶναι
672 1417 966 1487 ἡγήσεται.
999 1420 1091 1473 Διὸ
1121 1422 1216 1473 καί
1258 1439 1340 1484 τις
1375 1425 1540 1492 φησὶν
1585 1422 1662 1487 ὡς
1708 1425 1860 1476 οὐδὲν

276 1505 626 1576 ἀνομώτερον
652 1511 1006 1580 φυλαργὺρου
1034 1529 1049 1543 ·
1080 1514 1109 1565 6
1132 1515 1240 1583 γὰρ
1270 1513 1512 1576 τοιοῦτος
1547 1515 1640 1566 καὶ
1668 1513 1861 1568 ἑαυτὸν

276 1592 613 1665 ἀποδίδοται,
646 1599 743 1654 καὶ
791 1603 967 1665 κοινὸς
1011 1605 1370 1674 περιέρχεται
1398 1605 1499 1676 τῆς
1531 1606 1860 1676 οίκουμίνης

277 1688 498 1758 ἐχθρὸς,
567 1692 752 1759 ἀλγῶν
808 1694 891 1749 δτι
951 1697 1025 1765 μὴ
1085 1698 1314 1767 χρυσίον
1360 1699 1515 1769 φέρει
1561 1699 1687 1753 ἀντὶ
1747 1699 1860 1753 τῶν

276 1778 570 1849 ἀσταχύων
620 1783 653 1853 η
704 1783 798 1854 γῆ,
827 1785 924 1838 καὶ
952 1786 1073 1839 ἀντὶ
1104 1785 1214 1838 τῶν
1253 1789 1510 1856 ναμάτων
1541 1791 1597 1842 αἱ
1629 1788 1857 1859 κρῆναι,

278 1869 380 1922 καὶ
406 1871 525 1923 ἀντὶ
554 1872 663 1924 τῶν
690 1872 859 1928 λίθων
888 1876 957 1929 τὰ
986 1876 1088 1947 δρη
1117 1894 1130 1906 ·
1171 1877 1544 1948 δυσχεραίνων
1584 1881 1721 1949 πρὸς
1750 1881 1853 1952 τὴν

278 1959 596 2032 εὐετηρίαν,
624 1962 681 2016 ιν
712 1966 826 2029 τοῖς
859 1970 1061 2030 κοινοῖς
1097 1968 1327 2036 ἀγαθοῖς
1378 1970 1815 2041 συνεσταλμένος
1841 1989 1855 2003 ’

281 2054 466 2106 πᾶσαν
506 2055 988 2128 ἀποστρεφόμενος
1033 2062 1333 2131 πρόφασιν,
1387 2063 1512 2117 ὅθεν
1564 2065 1667 2117 οὐκ
1713 2065 1859 2118 ἐστιν

277 2145 550 2215 ἀργύριον
593 2145 779 2202 λαϐεῖν
807 2168 822 2181 θ
873 2152 1052 2206 πάντα
1108 2154 1420 2220 ὑπομένων,
1472 2156 1596 2210 ὅθεν
1631 2157 1725 2210 καὶ
1766 2156 1860 2211 δύο

283 2238 452 2306 μόνον
492 2239 745 2308 συλλέξαι
790 2243 1015 2308 ὀϐολοὺς
1046 2243 1126 2298 ἔνι
1149 2261 1165 2276 ο
1200 2246 1448 2310 ἅπαντας
1500 2248 1700 2316 μισῶν,
1733 2250 1862 2313 τοὺς

278 2331 540 2399 πένητας,
583 2333 710 2396 τοὺς
762 2333 1073 2403 πλουσίους,
1128 2337 1256 2398 τοὺς
1311 2337 1412 2408 μὲν
1457 2323 1715 2409 πένητας,
1758 2340 1862 2410 μή·

279 2436 418 2474 ποτε
451 2423 844 2490 προσελθόντες
887 2427 1153 2495 αἰτήσωσι
1179 2443 1196 2457 ο
1226 2429 1352 2492 τοὺς
1381 2429 1437 2483 δὲ
1470 2429 1861 2492 πλουτοῦντας,

281 2511 370 2565 ὃτι
403 2513 479 2582 μὴ
508 2514 577 2566 τὰ
607 2514 834 2568 ἐκείνων
869 2514 982 2585 εχει
1009 2531 1026 2547 ⁸
1055 2517 1304 2582 ἅπαντας
1359 2521 1429 2573 τὰ
1453 2520 1620 2574 αὐτοῦ
1648 2521 1865 2589 νομίζει

281 2605 584 2676 κεκτῆσθαι
602 2620 621 2638 ο
653 2608 746 2682 καὶ
774 2606 849 2669 ὡς
877 2607 1032 2676 παρὰ
1066 2609 1285 2664 πάντων
1309 2610 1666 2682 ἠδικημένος,
1687 2611 1863 2675 οὕτως

282 2699 425 2766 πρὸς
484 2687 708 2760 πάνταῖ
749 2698 1134 2770 δυσχεραίνει·
1189 2702 1514 2773 πλησμονὴν
1570 2705 1671 2759 οὐκ
1729 2700 1861 2773 οἵδε,

282 2790 449 2860 κόρον
507 2791 608 2844 οὐκ
658 2790 950 2846 ιπίσταται
976 2808 990 2824 ο
1041 2794 1100 2845 ἑν
1153 2794 1332 2862 σκότῳ
1379 2795 1583 2864 διάγων
1628 2797 1709 2866 τῷ
1755 2798 1865 2853 τῶν

281 2880 586 2952 χρημάτων
611 2881 796 2952 ἔρωτι,
831 2883 940 2936 τῶν
965 2886 1450 2954 περισπουδάστων
1476 2887 1534 2941 τὸ
1563 2889 1762 2953 κάλλος
1787 2891 1862 2955 ὡς

282 2972 466 3042 χρεὼν
510 2973 573 3025 οὑ
626 2973 925 3040 γινώσκειο
968 2976 1216 3048 καθάπερ
1256 2978 1364 3030 οὐδ’
1409 2982 1438 3034 6
1488 2982 1546 3033 tv
1579 2981 1758 3051 σκότῳ
1789 2982 1867 3054 τῷ

282 3061 534 3132 αἰσθητῷ
561 3062 868 3133 καθήμενος
919 3063 1145 3120 δύναται
1179 3067 1400 3138 βλέπειν
1427 3069 1489 3124 τὸ
1518 3071 1714 3135 κάλλος
1757 3073 1868 3128 τῶν

281 3153 437 3224 αὐτῷ
493 3155 928 3224 προσαγομένων
1012 3157 1180 3212 λίθων
1251 3159 1481 3229 τιμίων,
1549 3163 1582 3234 ἢ
1650 3165 1866 3234 χρυσῶν
1896 3183 1938 3241 C

175 3250 183 3253 '
283 3244 521 3309 σκευῶν,
556 3246 589 3316 ἢ
623 3245 910 3316 ἁλουργῶν
944 3248 1178 3319 ίματίων
1207 3266 1220 3280 ·
1259 3251 1451 3316 σκότος
1482 3256 1574 3306 κα)⁵
1602 3256 1712 3323 γάρ
1743 3257 1864 3310 ἐστι

283 3338 482 3406 νοητδν
534 3339 564 3392 6
609 3339 718 3392 τῶν
747 3342 1051 3412 χρημάτων
1109 3341 1274 3413 ἔρως,
1306 3345 1459 3398 οὐδὲν
1521 3347 1706 3414 ἀφιεὶς
1757 3347 1867 3401 τῶν

282 3429 460 3484 δντων
507 3430 800 3508 φαίνεσθαι
856 3432 932 3494 ὡς
986 3433 1299 3506 tarmen}
1334 3438 1580 3510 ἑτέρως·
1635 3441 1868 3512 ἐπείπερ

282 3520 528 3592 οὐδαμοῦ
556 3523 666 3577 τῶν
706 3527 1050 3594 πραγμάτων
1105 3531 1137 3598 ἡ
1190 3528 1351 3597 φύσις
1384 3533 1656 3600 φαίνεται,
1686 3534 1762 3597 ὡς
1811 3537 1870 3589 ὲν

283 3616 488 3687 πενία·
525 3613 760 3686 οὐδαμοῦ
792 3616 966 3682 οὕτως
1017 3620 1303 3690 ἐλέγχεται
1359 3622 1428 3676 τὰ
1459 3623 1727 3678 δοκοῦντα
1766 3625 1868 3696 μὲν

284 3701 454 3773 εἶναι,
489 3709 564 3779 μὴ
589 3709 716 3764 ὄντα
746 3709 827 3774 δὲ,
857 3710 932 3773 ὡς
965 3712 1025 3765 ἑν
1061 3714 1371 3786 φιλοσοφίᾳ.

360 3799 424 3855 ε’.
461 3801 572 3855 Καὶ
600 3801 675 3865 ὡς
701 3806 759 3854 ἐν
806 3801 1005 3873 βραχεῖ
1027 3805 1220 3873 φάναι,
1255 3808 1284 3860 6
1313 3807 1652 3880 φιλάργυρος
1684 3811 1874 3865 τοσού-

284 3909 406 3956 τοις
454 3894 547 3946 καί
600 3893 946 3964 τηλικούτοις
1006 3897 1351 3966 ἐνδεδεμένος
1401 3902 1614 3964 κακοῖς,
1653 3903 1874 3957 πάντων

286 3987 448 4040 εστὶν
481 3985 809 4056 ἀθλιώτερος
830 4003 844 4018 ο
876 3987 1066 4058 ὥσπερ
1095 3988 1188 4042 οὖν
1215 3992 1241 4043 6
1279 3991 1486 4047 τούτων
1513 3993 1873 4065 ἀπηλλαγμέ-

287 4096 384 4141 νος
419 4079 512 4130 καὶ
531 4079 839 4147 φιλοσοφῶν
865 4079 1236 4152 ζηλωτότερος
1266 4083 1485 4137 πάντων
1512 4100 1526 4114 °
1555 4087 1584 4138 6
1622 4086 1722 4156 μὲν
1768 4086 1874 4155 γὰρ

292 4170 575 4239 ἐνάρετος,
603 4168 706 4222 κᾶν
737 4169 954 4239 οἰκέτης
975 4167 1029 4244 ᾖ,
1060 4171 1162 4224 κᾶν
1191 4172 1484 4243 δεσπότης,
1509 4178 1727 4230 πάντων
1756 4178 1875 4231 εστὶ

293 4259 751 4331 μακαριώτερος·
781 4260 956 4325 οὐδεὶς
1003 4263 1114 4332 γάρ
1159 4264 1327 4318 αὑτὸν
1386 4269 1600 4336 ποιήσει
1663 4271 1873 4337 κακῶς,

293 4351 403 4406 κᾶν
453 4352 503 4406 οί
559 4353 626 4406 ὲκ
676 4352 778 4424 τῆς
836 4354 1164 4424 οἰκουμένης
1226 4358 1557 4418 συνέλθωσιν
1609 4359 1872 4429 ἅπαντες,

293 4446 443 4500 ὅπλα
481 4447 594 4498 καί
635 4445 974 4515 στρατόπεδα
1032 4449 1307 4513 κινοῦντες
1356 4455 1458 4505 ,καί
1506 4450 1882 4524 πολεμοῦντες

1962 595 2223 666 quodque
2267 596 2406 650 lucri
2457 612 2624 652 causa
2676 597 2866 667 eliget.
2933 597 3073 664 Quid
3135 597 3259 653 dico
3311 597 3546 652 militare

1961 698 2057 741 aut
2114 687 2278 742 civile
2327 696 2424 741 aut
2472 687 3005 743 administratorium
3091 689 3325 744 munusl
3409 689 3544 743 Nam

1959 774 2214 846 quamvis
2239 791 2333 830 rex
2371 775 2466 835 sit.
2495 776 2742 831 omnium
2774 774 3188 831 infelicissimus
3220 787 3327 837 est,
3355 777 3544 831 mundi

1961 865 2179 931 sordes,
2241 877 2297 920 et
2365 868 2613 924 Omnium
2644 869 3067 938 pauperrimus.
3099 868 3348 938 Namque
3375 885 3545 923 unum

1961 970 2020 1010 se
2060 954 2129 1009 de
2157 955 2347 1011 multis
2381 957 2568 1011 credet
2602 973 2617 1010 :
2653 972 2838 1027 neque
2877 957 3124 1013 omnium
3169 973 3229 1014 se
3263 958 3547 1012 dominum

1960 1046 2274 1112 aestimabit,
2340 1048 2436 1104 sed
2475 1064 2534 1103 se
2590 1065 2760 1104 unum
2795 1047 2863 1104 de
2894 1050 3144 1104 omnium
3172 1065 3408 1106 numero
3447 1068 3460 1104 :
3493 1059 3546 1105 et

1963 1153 2079 1194 rem
2140 1140 2386 1194 omnium
2433 1139 2506 1194 ad
2560 1155 2620 1195 se
2664 1141 2869 1206 trahet,
2933 1142 3181 1197 omnium
3224 1157 3283 1196 se
3317 1142 3549 1196 minime

1964 1230 2170 1287 habere
2231 1241 2452 1302 putans.
2505 1235 2754 1306 Namque
2794 1250 2863 1291 ex
2906 1235 3128 1292 illorum
3157 1250 3280 1304 qua
3308 1235 3416 1290 sibi
3449 1234 3550 1290 ad-

1963 1327 2073 1381 huc
2104 1325 2314 1381 desunt
2339 1325 2677 1397 cupiditate,
2713 1342 2810 1382 sua
2865 1328 3087 1398 propria
3118 1327 3374 1393 metiens,
3410 1327 3547 1382 nihil

1963 1417 2079 1472 haec
2112 1433 2224 1487 prae
2250 1418 2359 1472 illis
2385 1433 2508 1473 esse
2526 1418 2815 1489 iudicabit.
2841 1418 3024 1486 Quare
3050 1428 3108 1475 et
3139 1420 3364 1489 quidam
3390 1419 3549 1486 dixit,

1963 1509 2101 1564 nihil
2155 1524 2324 1564 avaro
2357 1525 2480 1566 esse
2505 1510 2754 1581 iniquius
2787 1528 2801 1565 :
2839 1527 2967 1566 nam
3025 1512 3189 1567 homo
3229 1512 3547 1583 huiusmodi

1963 1615 2022 1654 se
2080 1601 2260 1670 ipsum
2305 1615 2528 1671 quoque
2590 1601 2780 1668 teadit,
2853 1612 2910 1658 et
2962 1604 3281 1658 communis
3337 1603 3550 1658 incedit

1965 1691 2156 1745 mundi
2185 1691 2382 1756 hostis,
2415 1690 2612 1747 dolens
2643 1691 2792 1762 quod
2851 1707 3050 1747 aurum
3077 1708 3178 1763 pro
3208 1692 3376 1760 spicis
3405 1703 3550 1747 terra

1963 1797 2075 1836 non
2113 1781 2277 1843 ferat.
2308 1791 2365 1836 et
2393 1798 2494 1852 pro
2528 1781 2758 1838 tluentis
2794 1782 2999 1849 fontes,
3050 1797 3104 1839 et
3132 1799 3234 1854 pro
3272 1784 3551 1852 lapidibus

1961 1885 2213 1930 montes:
2252 1875 2496 1930 irascens
2523 1875 2653 1929 anni
2690 1875 2954 1939 ubertati,
2983 1885 3041 1932 et
3073 1877 3126 1929 in
3161 1874 3552 1930 communibus

1961 1965 2126 2021 bonis
2159 1967 2547 2036 angustiatus;
2575 1967 2880 2036 quamlibet
2908 1967 3253 2023 occasionem
3286 1982 3554 2036 respuens

1965 2054 2111 2109 unde
2142 2069 2249 2109 non
2285 2055 2359 2110 sit
2389 2065 2679 2126 argentum
2747 2073 2985 2127 capere;
3014 2057 3200 2112 omnia
3243 2057 3551 2127 perferens,

1966 2146 2111 2200 un‘le
2163 2146 2250 2201 vel
2313 2145 2453 2202 duos
2504 2157 2716 2202 tantum
2765 2148 2961 2203 obolos
3008 2149 3308 2204 corradere
3341 2148 3550 2215 liceat;

1965 2252 2159 2293 omnes
2188 2238 2319 2295 odio
2347 2239 2558 2295 habens
2588 2231 2861 2309 pauperes
2901 2255 2965 2295 ac
2995 2240 3228 2296 divites:
3258 2255 3553 2310 pauperes.

1970 2344 2041 2382 ne
2086 2329 2229 2383 forte
2291 2329 2624 2386 accedentes
2677 2338 2902 2400 petant;
2961 2330 3192 2397 divites,
3244 2332 3375 2401 quia
3435 2347 3552 2385 rem

1966 2418 2190 2475 illorum
2252 2436 2363 2475 non
2412 2421 2583 2476 habet
2642 2439 2654 2475 :
2713 2437 2912 2478 omnes
2937 2438 3036 2478 sua
3071 2424 3251 2493 ipsius
3273 2423 3558 2494 possidere

1965 2513 2365 2579 existimat;et
2392 2515 2552 2584 quasi
2575 2514 2645 2570 ab
2701 2516 2962 2572 omnibus
2987 2515 3300 2580 fraudatus,
3339 2517 3414 2570 ita
3439 2533 3560 2570 em—

1967 2606 2132 2659 nibus
2153 2614 2236 2659 est
2272 2607 2492 2662 iratus:
2527 2609 2894 2678 repletionem
2960 2624 3069 2664 non
3124 2610 3300 2672 novit,
3328 2609 3556 2664 satieta-

1968 2705 2079 2749 tem
2121 2695 2322 2750 nescit.
2366 2697 2424 2750 In
2459 2697 2705 2752 tenebris
2756 2713 2985 2754 versans
3012 2698 3083 2752 ob
3113 2698 3362 2764 pecunia:
3401 2713 3557 2753 amo-

1971 2802 2110 2853 rem,
2168 2803 2356 2843 rerum
2415 2790 2892 2846 aestimabiliorum
2952 2791 3428 2861 pulchritudinem
3497 2800 3560 2846 ut

1970 2895 2070 2950 par
2117 2887 2202 2935 est
2260 2896 2369 2936 non
2419 2881 2670 2950 agnoscit
2715 2921 2730 2945 ,
2765 2883 3226 2950 quemadmodum
3283 2899 3385 2937 nec
3445 2884 3559 2948 ille,

1971 2972 2063 3043 qui
2115 2973 2175 3026 in
2228 2971 2477 3027 tenebris
2503 2973 2860 3029 sensibilibus
2899 2975 3078 3038 sedet,
3103 2991 3336 3031 cernere
3378 2984 3563 3047 potest

1971 3062 2441 3134 pulchritudinem
2475 3065 2785 3121 oblator-um
2813 3066 2866 3121 ei
2901 3066 3144 3137 lapidum
3161 3071 3560 3137 pretiosorum,

1971 3163 2065 3210 aut
2096 3170 2391 3209 aureorum
2429 3171 2710 3219 vasorum.
2737 3168 2834 3214 aut
2862 3160 3100 3213 vestium
3125 3175 3560 3229 purpurearum.

1974 3247 2350 3303 Tenebrarum
2409 3263 2603 3318 reapse
2648 3250 3108 3306 intellectualium
3154 3256 3327 3306 instar
3357 3261 3562 3320 estpe-

1975 3339 2150 3393 cunize
2186 3354 2361 3403 amor,
2391 3355 2505 3394 rem
2531 3340 2742 3394 nullam
2793 3343 3012 3411 patiens
3041 3342 3219 3397 videri
3257 3343 3335 3396 uti
3368 3359 3559 3399 revera

1973 3440 2078 3494 est,
2109 3430 2204 3486 sed
2239 3431 2440 3486 aliter:
2477 3432 2926 3503 quandoquidem
2973 3449 3242 3504 nusquam
3267 3436 3343 3492 ita
3372 3451 3557 3491 rerum

1977 3532 2173 3576 natura
2229 3533 2484 3593 apparet,
2545 3535 2604 3578 ut
2645 3525 2700 3580 in
2761 3537 3092 3596 paupertate
3134 3543 3453 3598 :nusquam
3481 3529 3563 3584 sic

1977 3626 2358 3687 eoarguuntur
2383 3633 2514 3688 qua:
2539 3619 2801 3674 videntur
2824 3635 2969 3687 esse,
3034 3635 3158 3676 eum
3200 3637 3309 3677 non
3338 3623 3468 3687 sint,
3502 3631 3563 3676 ut

1977 3706 2034 3761 in
2071 3707 2442 3778 philosophia.

2050 3799 2104 3853 5.
2159 3799 2340 3870 Atque
2394 3809 2457 3854 ut
2503 3801 2834 3870 compendio
2899 3802 3171 3869 dicamus,
3226 3820 3429 3860 avarus
3483 3815 3564 3861 tot

1983 3893 2263 3961 tantisque
2305 3893 2643 3947 constrictus
2692 3894 2873 3958 malis,
2907 3897 3157 3950 omnium
3182 3906 3268 3952 est
3299 3897 3565 3954 infelicis-

1981 3983 2156 4038 simus
2213 4001 2228 4035 :
2284 3983 2432 4038 sicut
2483 3985 2729 4039 vicissim
2789 3988 2884 4054 qui
2941 3986 3028 4040 his
3049 4000 3206 4043 caret
3229 3999 3285 4043 et
3319 3989 3565 4056 philoso-

1984 4074 2203 4144 phatur,
2243 4090 2354 4144 prae
2383 4075 2644 4130 omnibus
2682 4077 3051 4133 mmulandus.
3111 4079 3331 4133 Etenim
3360 4081 3564 4136 virtute

1982 4167 2244 4237 praeditus
2270 4167 2375 4229 vir,
2400 4168 2516 4222 sive
2541 4168 2782 4223 famulus
2835 4170 2906 4224 sit
2939 4173 3054 4225 sive
3087 4171 3275 4237 herus,
3312 4173 3563 4227 omnium

1983 4267 2068 4316 est
2125 4258 2479 4314 beatissimus
2535 4277 2548 4313 :
2607 4275 2770 4315 nemo
2813 4261 3020 4331 quippe
3086 4263 3138 4318 ei
3192 4264 3334 4319 male
3377 4265 3565 4332 laciet,

1985 4352 2196 4408 etiamsi
2236 4367 2300 4405 ex
2328 4353 2461 4406 orbe
2496 4354 2754 4407 universo
2795 4370 2989 4410 omnes
3021 4357 3375 4421 conveniant,
3413 4361 3568 4413 arma

1986 4441 2376 4511 exercitusque
2443 4451 2750 4507 moventes,
2806 4441 2969 4511 eique
3001 4443 3210 4497 bellum
3243 4442 3566 4500 inferentes.

296 4537 450 4608 αὐτῷ
476 4551 494 4570 ο
522 4539 554 4590 6
579 4537 638 4592 δὲ
666 4537 942 4608 μοχθηρὸς
990 4540 1086 4591 καὶ
1135 4540 1340 4608 φαῦλος
1368 4544 1462 4596 ml
1491 4545 1734 4609 τοιοῦτος
1769 4539 1870 4598 οἶοι

1989 4537 2051 4588 At
2106 4550 2311 4603 pravus
2367 4541 2426 4589 et
2469 4550 2733 4603 nequam,
2794 4545 2851 4589 et
2903 4534 3121 4605 qualem
3147 4535 3569 4605 descripsimus,

293 4615 699 4700 διεγράψαμεν,
733 4630 837 4685 κᾶν
863 4631 1124 4700 βασιλεὺς
1149 4627 1207 4705 ᾗ,
1231 4634 1336 4686 κᾶν
1362 4638 1534 4705 μυρία
1571 4640 1882 4708 περίκειται

294 4723 630 4792 διαδήματα,
686 4722 791 4778 κᾶν
841 4727 1102 4794 στρατιὰν
1160 4728 1261 4798 ἔχῃ
1328 4730 1728 4800 πολυάριυμον,
1785 4710 1883 4786 καὶ

297 4805 454 4882 παρὰ
490 4813 586 4883 rei.
634 4816 891 4885 τυχόντος
947 4817 1014 4870 τὰ
1055 4795 1260 4887 ἔσχατα
1320 4795 1880 4892 πείσεύιιίθῦτωςὴ

297 4905 471 4960 κακία
503 4904 760 4968 ἁσθενέςί
793 4905 966 4970 οὕτως
1004 4908 1224 4976 ἰσχυρὸν
1254 4909 1287 4977 ὴ
1317 4910 1486 4978 ἁρετή
1521 4911 1533 4962 l
1589 4913 1653 4963 Τί
1702 4912 1884 4964 τοίνυν

298 4993 607 5066 ἐπιθυμῶν,
633 4993 911 5065 ἄνθρωπε,
933 4998 1257 5066 χρημὲιτων,
1284 4996 1505 5059 πενθεῖς
1534 4997 1609 5059 ὠς
1638 4999 1696 5050 ἐν
1726 4998 1886 5068 πενίᾳ

299 5086 411 5154 ὥν;
444 5086 499 5141 τί
555 5085 792 5158 θρηνεῖς,
822 5087 1016 5158 ἑορτὴν
1067 5087 1263 5157 ἄγων’;
1313 5091 1408 5144 καὶ
1474 5090 1582 5160 γὰρ
1626 5089 1829 5159 ἑορτῶν
1859 5093 1887 5142 ὁ

298 5179 499 5249 καιρός
527 5193 540 5208 ⁸
575 5178 629 5232 τί
653 5178 888 5242 κλαίεις,
923 5179 1157 5231 πλούτου
1209 5179 1351 5250 ἐρῶν
1372 5198 1387 5246 ;
1423 5181 1519 5234 καὶ
1570 5182 1678 5251 γὰρ
1709 5184 1884 5251 πανή-

299 5287 461 5339 γυρις
523 5272 558 5341 ὴ
615 5271 851 5340 πτωχία,
920 5271 986 5323 ἂν
1042 5275 1361 5342 σωφρονῇς.
1406 5273 1493 5339 Τί,
1548 5267 1592 5326 ὧ
1648 5275 1884 5338 παιδίον,

299 5363 510 5434 δδύρῃ;
565 5359 776 5414 παιδίον
815 5361 923 5431 γὰρ
969 5361 1049 5414 δεῖ
1098 5362 1189 5413 τὸν
1241 5361 1486 5415 τοιοῦτον
1519 5363 1727 5419 καλεῖν.
1773 5365 1888 5416 Οὐκ

302 5457 450 5525 ἔχεις
521 5457 824 5526 χρήματα,
867 5455 1038 5522 πένης
1090 5454 1202 5520 div;
1264 5456 1507 5524 μεγάλου
1560 5457 1610 5510 εί
1663 5460 1887 5527 φορτίου

301 5546 732 5616 ἀπηλλαγμένος
758 5561 771 5575 ·
810 5546 1011 5616 μᾶλλον
1041 5547 1098 5600 δὲ
1131 5548 1449 5616 θαυμαστὸς
1497 5546 1550 5602 εἴ
1579 5551 1678 5602 καὶ
1713 5553 1889 5621 μακά-

305 5657 450 5712 ριρς.
505 5640 603 5710 τῆς
662 5643 982 5710 φρονήσεως
1041 5642 1135 5694 καὶ
1191 5643 1490 5711 καρτερίας
1549 5644 1643 5696 καὶ
1709 5645 1888 5712 πάσης

306 5729 630 5797 φιλοσοφίας
675 5729 1000 5783 διδάσκαλον
1053 5731 1215 5801 ἔχων,
1253 5733 1398 5802 φημὶ
1437 5733 1493 5784 δὲ
1525 5733 1622 5802 τὴν
1671 5735 1885 5796 πειξαν,

304 5817 462 5893 ﬁmi.
513 5824 538 5875 6
583 5823 836 5894 Λάζαρος
899 5822 1074 5888 σ-λζῶν
1125 5825 1588 5895 ἐστεριινὼτΨῆ
1645 5825 1736 5877 καὶ
1797 5826 1888 5877 τὸν

1987 4626 2239 4695 quantivis
2298 4642 2390 4680 rex
2451 4628 2526 4680 sit
2565 4636 2623 4681 et
2685 4626 2964 4682 sexcentis
3015 4638 3251 4681 ornatus
3313 4628 3571 4691 coronis,

1988 4717 2244 4787 quamvis
2283 4731 2650 4770 numerosum
2674 4716 2979 4771 exercitum
3015 4717 3235 4779 habent,
3266 4731 3296 4770 α
3322 4717 3575 4787 quolibet

1989 4807 2220 4863 summis
2255 4808 2413 4861 malis
2445 4807 2584 4860 allici
2631 4807 2854 4876 poterit.
2901 4806 3052 4862 Adeo
3075 4808 3320 4878 nequitia
3353 4808 3571 4863 infirma

1988 4902 2104 4956 est!
2159 4899 2297 4953 adeo
2352 4899 2528 4952 valida
2561 4898 2770 4953 virtus!
2811 4899 2923 4952 Cur
2955 4914 3108 4968 ergo.
3138 4915 3171 4953 ο
3198 4899 3365 4954 homo
3401 4915 3572 4969 pecu-

1989 4993 2095 5046 nia:
2131 4991 2350 5060 cupide,
2378 4993 2531 5058 luges
2562 5000 2820 5061 tanquam
2845 4992 2902 5045 in
2924 4992 3208 5062 egestate?
3238 5007 3338 5047 cur
3367 4996 3573 5047 lamen-

1992 5084 2125 5138 taris
2152 5085 2208 5137 in
2245 5084 2592 5138 solemnitate
2613 5084 2635 5136 ?
2656 5083 2790 5138 Nam
2822 5084 3190 5138 solemnitalis
3218 5084 3324 5139 hoe
3355 5093 3573 5155 tempus

1991 5186 2095 5231 est.
2153 5176 2265 5231 Cur
2311 5176 2458 5240 ﬂes,’
2481 5176 2801 5230 divitiarum
2836 5177 3089 5230 amator?
3121 5177 3298 5232 instar
3338 5176 3444 5231 .libi
3479 5193 3573 5233 so.

1992 5271 2294 5326 lemnitatis
2355 5283 2651 5341 paupertas
2709 5271 2836 5335 erit,
2889 5273 2933 5326 si
2987 5288 3120 5327 sana
3164 5281 3347 5328 mente
3375 5272 3571 5328 fueris.

1994 5364 2124 5429 Cur,
2171 5380 2330 5434 puer,
2391 5365 2605 5436 cjulas?
2658 5365 2794 5419 Nam
2832 5381 3066 5434 puerum
3100 5365 3382 5435 appellare
3412 5381 3577 5437 opor-

1996 5467 2072 5512 tet
2133 5457 2411 5511 hominem
2471 5457 2806 5527 huiusmodi.
2855 5459 2973 5513 Non
3039 5459 3212 5512 babes
3259 5458 3574 5528 pecuniam,

1995 5551 2122 5620 quia
2173 5565 2382 5619 pauper
2426 5551 2517 5603 es?
2571 5567 2766 5614 magno
2833 5552 3079 5620 pondere
3139 5566 3200 5605 es
3257 5550 3573 5605 liberatus:

1997 5644 2108 5696 imo
2158 5644 2326 5696 etiam
2381 5643 2741 5696 admiramlus
2799 5659 2861 5698 es
2903 5661 2965 5697 ac
2996 5644 3215 5708 beatus,
3244 5644 3371 5713 quia
3394 5642 3574 5696 omnis

1999 5736 2355 5804 philosophiae
2411 5735 2724 5804 magistram
2792 5736 2961 5789 habes
3010 5736 3347 5806 pauperiem,
3382 5735 3573 5801 inqua

2000 5827 2165 5881 \ilam
2219 5827 2423 5896 degens
2481 5826 2719 5880 lutzants
2773 5828 3164 5884 coronabatur.
3224 5827 3347 5882 llxc
3397 5825 3569 5880 .lacul:
