4088 6404
368 337 1316 359 ~~“_—_—m
2458 367 3565 391 “WW'

763 543 1764 681 ΝΙΚΗΦΟΡΟΥ
1884 551 2236 690 ΤΟΥ
2346 562 3138 701 ΓΡΗΓΟΡΑ

1153 794 1741 910 ΡΩΜΑΙΚ
1757 800 1961 913 ΗΣ
2048 804 2752 926 ΙΣΤΟΡΙΑΣ

1641 1024 2010 1115 ΛΟΓΟΣ
2087 1031 2278 1115 ΚΕ.

910 1383 1040 1536 Ν
1046 1384 1956 1547 ICEPHORI
2032 1390 3005 1560 GREGOR/E

1109 1678 1990 1804 BYZANTleE
2072 1695 2812 1818 HISTOBIIE

1060 1933 1413 2027 LIBER
1524 1935 2165 2051 VICESIMUS
2255 1949 2837 2052 QUINTUS.

399 2269 554 2342 [CmL
585 2274 705 2332 Vat.
738 2276 898 2344 l095,
930 2278 1055 2335 l'°98
1083 2277 1161 2352 b.]
1181 2283 1261 2336 A'.
1300 2282 1458 2353 Ἐμοὶ
1480 2283 1536 2337 δὲ
1565 2288 1902 2358 προσωτέρω

1979 2340 1981 2348 .
2078 2292 2350 2365 1-181.
2380 2296 2516 2353 Cum
2562 2299 2783 2370 longius
2813 2306 3070 2376 progredi
3118 2309 3313 2366 vellem
3362 2313 3580 2370 duabus

297 2366 585 2437 ,προάγειν
630 2369 939 2442 βουλομένῳ
961 2371 1108 2426 δυοῖν
1138 2373 1322 2440 ἕνεκα,
1348 2375 1498 2439 ὅπως
1553 2394 1613 2432 τε
1662 2380 1898 2450 μάθοιμι

325 2453 489 2523 μέχρι
516 2455 684 2510 πόσου
712 2458 809 2528 τῆς
837 2458 1120 2529 ἀλλοτρίας
1145 2462 1362 2533 ἐκείνης
1386 2464 1491 2533 γῆς
1520 2465 1616 2517 καὶ
1654 2466 1723 2519 δι’
1753 2467 1897 2521 ὅσων

323 2544 492 2599 ἐθνῶν
521 2547 747 2601 ἐκείνων
784 2549 960 2622 διήκει
1013 2553 1318 2623 σωζόμενον
1352 2554 1412 2608 τὸ
1434 2556 1783 2626 Χριστιανῶν
1813 2557 1895 2613 ἐτι

323 2637 500 2705 γένος,
520 2638 613 2693 καὶ
645 2641 792 2706 ὅπως
817 2644 876 2696 ἐν
897 2645 1083 2713 μέσοις
1113 2647 1226 2709 τοῖς
1252 2646 1506 2700 ἀσεϐέσιν
1539 2647 1619 2701 ἐτι
1644 2649 1755 2704 τῶν
1789 2668 1896 2704 πα-

324 2723 491 2790 τρίων
514 2725 696 2797 ἔχεται
724 2729 1009 2802 δογμάτων
1031 2734 1128 2803 τῆς
1150 2733 1432 2801 εὐσεϐείας
1462 2738 1606 2793 κατὰ
1624 2740 1714 2795 τὸν
1739 2742 1892 2812 σφίσι

321 2813 691 2888 ἀπλούστερόν
737 2838 793 2874 τε
826 2823 919 2875 καὶ
953 2823 1314 2894 ἀληθέστερον
1365 2827 1590 2897 τρόπον,
1634 2832 1729 2887 καὶ
1777 2832 1892 2903 ἅμα

322 2906 620 2963 θεάσασθαι
654 2912 708 2963 εἴ
731 2913 783 2965 τί
817 2930 921 2967 που
947 2916 1043 2986 τῆς
1061 2919 1293 2989 ἀρχαίας
1333 2922 1524 2990 σοφίας
1551 2923 1769 2993 ἐκείνης
1791 2942 1890 2979 πε·

325 2998 497 3065 ρίεστι
539 2999 769 3071 λείψανα
814 3005 1102 3074 Χαλδαίοις
1137 3011 1230 3064 καὶ
1266 3011 1536 3083 Πέρσαις,
1561 3015 1814 3083 ἐμποδὼν
1839 3018 1890 3071 οἱ

317 3090 425 3144 τῶν
476 3092 856 3164 ’Ῑεραπολιτῶν
877 3099 1202 3172 γεγένηνται
1226 3103 1614 3176 κοσμιώτεροι,
1647 3107 1772 3161 ἐπεί
1803 3108 1889 3163 τοί

316 3200 378 3251 γε
402 3183 561 3255 μέχρι
587 3186 683 3239 καὶ
722 3189 781 3251 ἐς
820 3189 1068 3256 ἐκείνους
1119 3194 1511 3266 προεληλύθειν
1536 3197 1668 3267 ἐγὼ,
1705 3200 1889 3256 διακο-

317 3276 464 3341 σίους
492 3280 628 3347 ὁμοῦ
659 3281 755 3333 καὶ
790 3279 853 3353 [Γ.
893 3281 960 3337 99
993 3283 1051 3357 a]
1081 3285 1282 3355 χιλίους
1311 3288 1477 3357 ἐγγύς
1503 3308 1608 3346 που
1639 3292 1887 3359 σταδίους

313 3368 581 3439 θαλάττης
624 3371 947 3443 ἀπέχοντας.
1000 3377 1076 3429 05
1129 3377 1238 3446 γὰρ
1263 3377 1427 3434 εὔοδα
1465 3381 1688 3438 ἐσεσθαι
1721 3385 1885 3441 ὑπισ-

311 3458 530 3526 χνοῦντό
561 3478 651 3527 μοι
678 3463 758 3517 ἔτι
784 3466 852 3518 τά
883 3466 1118 3536 πρόσθεν
1153 3467 1242 3523 διά
1294 3470 1356 3524 τὸ
1385 3472 1494 3526 τῶν
1526 3476 1885 3546 προσοικούν-

308 3567 420 3603 των
464 3552 872 3622 ἀλλόγλωσσονο
905 3560 967 3612 οὐ
1007 3559 1115 3630 μὴν
1160 3560 1270 3615 οὐδ’
1314 3565 1363 3617 εί
1401 3565 1563 3620 εῦοδα
1594 3563 1664 3638 ἦν
1696 3570 1881 3624 ἐντεῦ-

310 3641 426 3703 θεν.
456 3641 641 3711 ἥκιστ’
672 3644 766 3699 οῦν
816 3647 966 3719 ὅμως
1020 3650 1438 3720 περιλείπεσθαι
1489 3656 1772 3731 Χαλδαῖκῇ
1820 3677 1881 3715 τε

310 3732 383 3802 γῇ
429 3733 524 3787 καὶ
568 3735 809 3809 Περσικῇ
842 3740 1037 3811 σοφίας
1069 3742 1207 3807 ὅλως
1253 3744 1472 3817 ἐκείνης
1517 3748 1636 3821 ῐχνη
1685 3768 1743 3805 τε
1788 3756 1881 3807 καὶ

309 3823 689 3895 γνωρίσματα.
738 3828 827 3894 Ἐξ
853 3830 976 3884 ὅτου
1008 3833 1115 3903 γάρ
1157 3832 1218 3885 τὸ
1248 3835 1515 3890 Σκυθικὸν
1544 3839 1881 3913 ἐπιρρεῦσαν

310 3914 487 3979 γένος·
507 3917 602 3970 καὶ
649 3916 877 3988 ἐκχυθὲν
908 3921 1120 3976 ἄνωθέν
1149 3925 1316 3979 ποθεν
1348 3927 1410 3993 ἐξ
1442 3929 1724 4000 ἀρκτικῶν
1771 3952 1882 4005 πη-

306 4003 419 4073 γῶν
450 4006 701 4079 καθάπερ
751 4012 983 4081 ἀχανοῦς
1036 4033 1180 4082 τινος
1229 4018 1373 4091 ὕδωρ
1411 4022 1707 4092 πελάγους,
1739 4003 1881 4098 Πέρ-

306 4114 405 4162 σχς
443 4116 502 4152 τε
542 4100 871 4159 ἐδουλώσατο
918 4108 1013 4162 καὶ
1052 4111 1272 4182 Μήδους
1322 4116 1420 4169 καὶ
1473 4119 1655 4172 πᾶσαν
1703 4119 1879 4175 εἰπεῖν

303 4191 535 4259 ταυτηνὶ
579 4192 680 4263 τὴν
723 4193 907 4250 Ἀσίαν
934 4198 1097 4271 ἄχρις
1141 4202 1319 4258 Ἰνδῶν
1358 4222 1418 4259 τε
1470 4206 1700 4263 ἐκείνων
1741 4213 1879 4283 πρὸς

301 4281 379 4334 ἔω
411 4285 505 4335 καὶ
530 4283 688 4357 ἄχρις
730 4286 979 4358 ’Δράϐων
1004 4296 1233 4347 τουτωνὶ
1260 4297 1398 4367 πρὸς
1429 4297 1603 4367 νότον,
1622 4301 1684 4355 οὐ
1714 4281 1881 4372 μόνον

299 4373 371 4424 τὶ
415 4372 589 4429 πλείω
636 4378 743 4431 τῶν
780 4380 1064 4454 ἐγχωρίων
1109 4385 1259 4453 ἠθῶν
1312 4389 1540 4443 ἐκείνων
1595 4390 1731 4464 ἔσϐη
1782 4396 1877 4449 καὶ

300 4466 601 4538 ἐτεθνήκει,
646 4471 783 4526 ἀλλά
833 4475 929 4528 καὶ
973 4477 1114 4532 αὐτὰ
1164 4480 1272 4534 τῶν
1319 4482 1493 4539 ἐθνῶν
1525 4488 1755 4543 ἐκείνων
1805 4490 1876 4545 τὰ

298 4563 501 4614 τοπικά
557 4562 900 4635 διαστήματά
945 4587 1003 4623 τε
1060 4572 1153 4626 καὶ
1206 4575 1333 4645 ὅρια
1387 4586 1721 4653 συγκέχυται
1779 4588 1875 4642 καὶ

302 4653 653 4709 παντάπασίν
701 4659 817 4713 ἐστι
864 4661 1195 4720 δυσείκαστα
1229 4669 1346 4725 νῦν.
1395 4673 1656 4732 Γίνεσθαι
1687 4677 1742 4732 δέ
1780 4697 1873 4751 μοι

305 4742 537 4810 μάλιστα
587 4745 705 4813 νῦν,
753 4749 911 4824 εἴπερ
963 4755 1105 4822 ποτ’,
1138 4758 1461 4832 ἀξύμφορον
1493 4764 1736 4835 ἔφασκον
1770 4742 1873 4842 τὴν

299 4836 471 4890 ἐκεῖσε
495 4839 723 4908 πάροδον
749 4844 838 4902 διὰ
866 4849 962 4911 τὰς
990 4850 1116 4921 ἄρτι
1160 4860 1567 4930 κατεσχηκυῖας
1599 4865 1693 4916 καὶ
1729 4836 1870 4920 Σκῦ-

298 4925 394 4990 θας
447 4930 640 4996 αὐτοὺς
690 4936 811 4989 κατ’
865 4939 1112 5013 ἀλλήλων
1148 4925 1446 5017 ἔριδας-*τε
1499 4956 1594 5008 καὶ
1647 4957 1839 5013 στάσει

297 5022 421 5089 περὶ
471 5025 775 5094 πρωτείων,
813 5029 907 5084 τοῦ
941 5035 1093 5104 σφῶν
1143 5039 1390 5113 ἀρχηγοῦ
1441 5047 1538 5101 καὶ
1586 5049 1860 5122 ἡγεμόνος

298 5112 398 5181 πρὸ
426 5116 619 5185 μικροῦ
664 5118 1007 5191 τεθνηκότος.
1053 5129 1219 5185 Ταῦτ’
1259 5134 1353 5188 οὖν
1383 5137 1550 5209 ἔγωγ’
1580 5112 1857 5214 ἀκηκοὼς,

302 5206 391 5258 καὶ
439 5205 554 5278 ἀμα
608 5214 848 5285 συνορῶν
893 5218 992 5288 τῆς
1021 5223 1216 5292 ὁμοίας
1259 5205 1581 5300 συγχῦσεως
1607 5205 1861 5307 ’τίνεμόᾇ

303 5312 459 5364 μενον
485 5302 576 5354 καὶ
606 5304 694 5357 ἐπ’
725 5308 974 5379 ΙἌραϐας
1003 5320 1255 5372 τουτουσὶ
1302 5323 1649 5395 προχωροῦν,
1677 5302 1866 5383 τελευ-

298 5390 553 5456 τήσαντος
575 5401 771 5452 νεωστὶ
803 5402 896 5455 καὶ
929 5404 1024 5459 τοῦ
1054 5390 1359 5477 Αἰγυπτίου
1626 5390 1721 5475 καὶ
1748 5423 1862 5478 τῶν

290 5482 450 5537 υίὲων
490 5488 618 5558 περὶ
654 5490 755 5562 τῆς
799 5496 974 5569 ἀρχῆς
1017 5500 1077 5554 ἐν
1135 5504 1389 5577 ἀλλήλοις
1433 5482 1861 5583 στασιαζόντων,

291 5577 386 5627 καὶ
440 5586 801 5653 πεφυρμένων
844 5598 1095 5668 πανταχῆ
1129 5599 1238 5653 τῶν
1288 5601 1389 5671 τῆς
1429 5604 1714 5674 Αἰγύπτου

297 5667 554 5741 ’Δραϐίας
590 5682 952 5751 πραγμάτων,
1003 5667 1239 5759 τάχιστα
1288 5667 1598 5768 ἀνεχώρουν

520 5768 784 5837 ΡΑΤιιιιι.
817 5779 933 5839 Gn.
967 5780 1233 5843 CXLIX.

1999 2396 2065 2438 ex
2093 2388 2297 2452 causis,
2325 2390 2525 2458 partim
2563 2401 2624 2448 ut
2667 2408 3084 2466 cognoscerem,
3112 2400 3179 2455 ad
3209 2419 3373 2473 quem
3408 2406 3575 2464 tinem

2000 2482 2164 2531 terrae
2187 2476 2336 2534 illius
2365 2483 2692 2553 peregrinae,
2721 2494 2778 2540 et
2806 2503 2907 2557 per
2928 2505 3067 2559 quas
3087 2502 3276 2562 gentes
3300 2497 3577 2555 Christia-

1997 2581 2200 2624 norum
2235 2570 2421 2628 adhuc
2448 2590 2620 2645 genus
2646 2577 2858 2634 salvum
2886 2585 3302 2651 extenderetur,
3346 2597 3403 2642 et
3434 2606 3573 2659 quo-

1997 2659 2163 2715 modo
2188 2660 2336 2719 inter
2359 2666 2572 2722 medios
2596 2668 2941 2741 irreligiosos
2968 2674 3221 2734 homines
3244 2682 3421 2749 patria
3447 2684 3574 2739 liin

1996 2750 2254 2821 dogmata
2283 2756 2623 2827 simpliciore
2651 2778 2749 2818 sua
2778 2773 2836 2820 ct
2865 2766 3085 2824 veriore
3118 2770 3334 2828 ratione
3366 2777 3576 2845 amplc-

1995 2853 2261 2912 cteretur,
2301 2850 2503 2919 partim
2552 2866 2612 2908 ut
2658 2854 2929 2923 viderem,
2984 2877 3115 2917 num
3172 2864 3315 2921 forte
3366 2870 3572 2925 alicubi

1994 2937 2138 3006 apud
2166 2938 2454 2997 Chaldaeos
2483 2953 2540 2999 et
2575 2945 2770 3003 Persas
2813 2950 3056 3021 antiquae
3091 2953 3242 3010 illius
3280 2960 3574 3029 sapientiae

1991 3039 2278 3087 exstarent
2328 3033 2599 3105 reliquiae,
2632 3038 2703 3093 ab
2753 3035 3111 3112 llierapolitis
3162 3048 3574 3109 honestissimis

1992 3116 2353 3191 impediebar,
2380 3127 2447 3182 ad
2478 3144 2618 3200 quos
2650 3148 2824 3203 usque
2855 3150 2956 3207 ego
2983 3153 3366 3207 processeram
3396 3160 3573 3215 quan-

1989 3228 2155 3282 quam
2180 3217 2330 3272 mille
2361 3218 2476 3276 fere
2504 3224 2761 3282 ducentis
2791 3229 2987 3284 stadiis
3015 3246 3046 3287 a
3070 3234 3208 3289 mari
3237 3234 3565 3305 disjunctos.

1992 3308 2056 3363 Hi
2091 3310 2239 3364 enim
2287 3312 2439 3370 locos
2486 3318 2655 3373 etiam
2691 3320 3106 3394 longinquiores
3137 3327 3209 3383 ob
3259 3328 3565 3390 incolarum

1989 3403 2331 3472 peregrinam
2400 3407 2645 3480 linguam
2703 3428 2814 3470 non
2865 3422 3156 3477 commode
3205 3423 3346 3480 adiri
3404 3442 3569 3496 posse

1986 3494 2360 3565 aﬂirmabant;
2392 3503 2529 3571 quin
2558 3505 2725 3561 etiam
2758 3506 2802 3563 si
2827 3508 2986 3566 facile
3014 3512 3154 3569 adiri
3192 3494 3443 3587 possent,
3486 3533 3568 3577 at-

1914 3625 1961 3686 B
1992 3592 2175 3686 tamen
2207 3604 2556 3686 nequaquam
2596 3597 2742 3667 apud
2772 3597 3064 3659 Chaldaeos
3093 3615 3149 3660 et
3178 3608 3376 3666 Persas
3417 3613 3566 3671 illius

1985 3676 2268 3746 sapientiae
2306 3684 2537 3756 veStigia
2588 3699 2756 3759 atque
2814 3693 3024 3751 indicia
3070 3712 3386 3769 superesse.
3441 3705 3564 3772 Quo

1983 3765 2131 3822 enim
2183 3784 2251 3825 ex
2304 3781 2551 3844 tempore
2602 3795 2736 3847 gens
2782 3781 3037 3855 Scythica
3077 3765 3156 3844 exi
3177 3792 3423 3850 fontibus
3460 3765 3566 3867 i9

1982 3863 2511 3928 septentrionalibus
2536 3869 2711 3931 effusa
2743 3872 3009 3931 ﬂuctuum
3049 3879 3228 3937 instar
3261 3886 3428 3941 maris

1982 3952 2160 4009 manis
2190 3953 2412 4027 lateque
2436 3963 2659 4029 expansl
2688 3964 2740 4018 in
2765 3966 2949 4022 Asiam
2980 3969 3143 4027 irruit
3168 3984 3336 4045 atque
3364 3979 3561 4037 Persas

1980 4043 2280 4116 Medosque
2307 4057 2365 4104 et
2398 4058 2567 4107 totam
2598 4052 2714 4111 fere
2742 4056 2953 4115 hancce
2974 4060 3157 4118 Asiam
3181 4043 3288 4121 una
3312 4084 3377 4123 ex
3404 4084 3560 4140 parte

1983 4152 2160 4207 usque
2191 4140 2260 4195 ad
2292 4141 2459 4200 Indos
2490 4144 2759 4202 orientem
2782 4166 2996 4217 versus,
3032 4159 3276 4213 etaltera
3308 4176 3375 4216 ex
3404 4176 3559 4232 parte

1979 4247 2155 4302 usque
2176 4235 2242 4288 ad
2265 4235 2477 4293 Arabes
2498 4241 2784 4296 meridiem
2809 4259 3002 4302 versus
3029 4248 3082 4302 in
3109 4250 3375 4309 ditionem
3402 4273 3556 4313 suam

1979 4323 2214 4393 redegit,
2252 4340 2363 4381 non
2394 4328 2572 4383 solum
2602 4330 2893 4391 domestici
2938 4336 3324 4411 indigenarum
3376 4364 3559 4406 mores

1938 4446 1941 4447 ν
1980 4421 2381 4488 propemodum
2409 4425 2667 4482 exstincti
2699 4437 2829 4483 sunt
2854 4438 3019 4500 atque
3054 4434 3433 4516 intermortui,
3459 4445 3554 4498 sed

1979 4506 2148 4563 etiam
2205 4510 2323 4580 ipsa
2370 4515 2616 4582 gentium
2674 4517 2965 4576 intervalla
3026 4524 3274 4596 ﬁnesque
3326 4506 3556 4588 confusa

1976 4610 2109 4656 sunt
2138 4610 2304 4672 atque
2340 4621 2490 4663 nunc
2540 4624 2769 4677 prorsus
2819 4616 3045 4684 cognitu
3102 4618 3368 4676 difﬁcilia.
3412 4624 3553 4680 Tum

1974 4704 2159 4749 autem
2188 4711 2354 4765 quam
2385 4700 2621 4757 maxime
2648 4702 2755 4758 iter
2784 4705 2838 4760 in
2874 4705 3006 4762 istas
3037 4719 3219 4767 terras
3250 4712 3555 4771 incommo-

1976 4784 2108 4840 dum
2161 4788 2295 4843 mihi
2336 4790 2455 4847 fore
2500 4793 2759 4851 dicebant
2801 4797 2874 4853 ob
2909 4802 3296 4859 contentiones
3337 4805 3557 4863 discor-

1974 4877 2207 4949 diasque
2251 4880 2319 4936 de
2350 4884 2665 4955 principatu
2699 4889 2843 4944 inter
2875 4890 3025 4961 ipsos
3069 4892 3302 4965 Scythas
3329 4906 3556 4954 exorlas

1843 4970 2223 5042 cc'principe
2274 4988 2467 5030 eorum
2517 4986 2681 5048 atque
2727 4980 2868 5038 duce
2916 4984 3080 5053 paulo
3127 4994 3256 5043 ante
3308 5002 3552 5047 mortuo.

1969 5061 2125 5129 Quod
2159 5080 2284 5121 cum
2342 5082 2446 5138 ego
2478 5071 2758 5127 audissem
2795 5074 3113 5147 similesque
3148 5080 3343 5137 turbas
3384 5084 3551 5138 etiam

1967 5156 2024 5211 in
2055 5156 2267 5215 Arabes
2296 5162 2538 5232 grassari
2578 5163 2849 5234 viderem,
2896 5184 3024 5224 cum
3076 5188 3255 5241 nuper
3324 5186 3551 5231 mortua

1971 5248 2259 5309 Pharaone
2288 5253 2548 5326 Egyptio
2576 5258 2670 5315 lilii
2700 5261 2821 5331 ejus
2850 5263 2919 5318 de
2952 5281 3122 5333 regno
3150 5267 3297 5322 inter
3333 5285 3391 5324 se
3434 5270 3551 5326 dis-

1967 5339 2217 5398 siderent
2265 5353 2319 5399 et
2365 5345 2748 5419 Egyptiorum
2801 5354 3159 5428 Arabumque
3204 5375 3295 5415 res
3343 5361 3548 5430 ubique

1968 5433 2289 5502 miscerent,
2325 5438 2617 5498 celerrime
2666 5444 2795 5501 inde
2846 5449 3132 5517 proiectus
3188 5450 3241 5505 in
3296 5450 3547 5508 Ciliciam

1969 5529 2196 5595 recessi,
2233 5531 2529 5587 maximam
2577 5544 2743 5606 atque
2793 5540 3269 5609 opulentissimam
3314 5551 3545 5610 terram,

1763 5614 1862 5667 καὶ
1965 5617 2074 5673 situ
2132 5627 2299 5691 atque
2357 5631 2553 5679 natura
2616 5631 2959 5698 praeclaram,
3036 5634 3128 5688 ubi
3198 5650 3322 5690 cum
3409 5639 3546 5695 alias

1648 5700 1859 5758 ἐκεῖθεν
1966 5710 2167 5767 multas
2194 5714 2486 5783 praeclaras
2517 5720 2684 5777 urbes
2717 5723 2864 5779 inter
2895 5740 3063 5797 seque
3093 5727 3304 5785 vicinas
3333 5730 3543 5800 iuveni,

3168 5825 3196 5882 1
