  <div class='ocr_page' id='page_1' title='image "/cluster/home/n/w/nwhite01/storage/ocr_20150623/149:no.2/coo.31924054870542/013.png"; bbox 0 0 4088 6470; ppageno 0'>
   <div class='ocr_carea' id='block_1_1' title="bbox 491 385 3734 452">
    <p class='ocr_par' dir='ltr' id='par_1_1' title="bbox 491 385 3734 452">
     <span class='ocr_line' id='line_1_1' title="bbox 491 385 3734 452; baseline -0.001 -2"><span class='ocrx_word' id='word_1_1' title='bbox 491 385 560 452; x_wconf 67' lang='grc' dir='ltr'>Η</span> <span class='ocrx_word' id='word_1_2' title='bbox 1696 388 2112 449; x_wconf 82' lang='lat' dir='ltr'><strong>NICEPHORI</strong></span> <span class='ocrx_word' id='word_1_3' title='bbox 2152 389 2530 451; x_wconf 63' lang='lat' dir='ltr'><strong>GREGORJE</strong></span> <span class='ocrx_word' id='word_1_4' title='bbox 3668 386 3734 450; x_wconf 74' lang='grc'><strong>12</strong></span> 
     </span>
    </p>
   </div>
   <div class='ocr_carea' id='block_1_2' title="bbox 492 493 2057 567">
    <p class='ocr_par' dir='ltr' id='par_1_2' title="bbox 492 493 2057 566">
     <span class='ocr_line' id='line_1_2' title="bbox 492 493 2057 566; baseline -0.001 -16"><span class='ocrx_word' id='word_1_5' title='bbox 492 505 607 551; x_wconf 91' lang='lat' dir='ltr'><strong>tum</strong></span> <span class='ocrx_word' id='word_1_6' title='bbox 641 495 869 551; x_wconf 89' lang='lat' dir='ltr'><strong>Tarsum</strong></span> <span class='ocrx_word' id='word_1_7' title='bbox 901 511 1012 565; x_wconf 75' lang='lat' dir='ltr'><strong>pra:</strong></span> <span class='ocrx_word' id='word_1_8' title='bbox 1043 495 1256 551; x_wconf 66' lang='lat' dir='ltr'><strong>ueteris</strong></span> <span class='ocrx_word' id='word_1_9' title='bbox 1284 495 1580 566; x_wconf 78' lang='lat' dir='ltr'><strong>egregiam,</strong></span> <span class='ocrx_word' id='word_1_10' title='bbox 1619 493 1711 548; x_wconf 90' lang='lat' dir='ltr'><strong>ubi</strong></span> <span class='ocrx_word' id='word_1_11' title='bbox 1742 495 1908 550; x_wconf 89' lang='lat' dir='ltr'><strong>etiam</strong></span> <span class='ocrx_word' id='word_1_12' title='bbox 1945 496 2057 548; x_wconf 81' lang='lat' dir='ltr'><strong>An-</strong></span> 
     </span>
    </p>
   </div>
   <div class='ocr_carea' id='block_1_3' title="bbox 2161 493 3730 567">
    <p class='ocr_par' dir='ltr' id='par_1_3' title="bbox 2162 493 3730 567">
     <span class='ocr_line' id='line_1_3' title="bbox 2162 493 3730 567; baseline -0.003 -17"><span class='ocrx_word' id='word_1_13' title='bbox 2162 498 2339 551; x_wconf 84' lang='grc' dir='ltr'>όπίσω</span> <span class='ocrx_word' id='word_1_14' title='bbox 2377 495 2557 551; x_wconf 76' lang='grc' dir='ltr'>ἀπιὼν</span> <span class='ocrx_word' id='word_1_15' title='bbox 2591 497 2650 561; x_wconf 77' lang='grc' dir='ltr'>ἐς</span> <span class='ocrx_word' id='word_1_16' title='bbox 2681 497 2958 563; x_wconf 86' lang='grc' dir='ltr'>Κιλικίαν,</span> <span class='ocrx_word' id='word_1_17' title='bbox 2982 496 3184 562; x_wconf 84' lang='grc' dir='ltr'>θέσεως</span> <span class='ocrx_word' id='word_1_18' title='bbox 3232 496 3462 567; x_wconf 81' lang='grc' dir='ltr'>ἔχουσαν</span> <span class='ocrx_word' id='word_1_19' title='bbox 3494 493 3730 564; x_wconf 77' lang='grc' dir='ltr'>εὐφυῶς,</span> 
     </span>
    </p>
   </div>
   <div class='ocr_carea' id='block_1_4' title="bbox 492 587 2057 658">
    <p class='ocr_par' dir='ltr' id='par_1_4' title="bbox 492 587 2057 658">
     <span class='ocr_line' id='line_1_4' title="bbox 492 587 2057 658; baseline 0.001 -17"><span class='ocrx_word' id='word_1_20' title='bbox 492 589 711 644; x_wconf 82' lang='lat' dir='ltr'><strong>tiochiae</strong></span> <span class='ocrx_word' id='word_1_21' title='bbox 750 590 1058 658; x_wconf 81' lang='lat' dir='ltr'><strong>patriarcha</strong></span> <span class='ocrx_word' id='word_1_22' title='bbox 1093 589 1417 658; x_wconf 89' lang='lat' dir='ltr'><strong>plerumque</strong></span> <span class='ocrx_word' id='word_1_23' title='bbox 1451 587 1637 642; x_wconf 85' lang='lat' dir='ltr'><strong>sedem</strong></span> <span class='ocrx_word' id='word_1_24' title='bbox 1673 601 1826 642; x_wconf 84' lang='lat' dir='ltr'><strong>suam</strong></span> <span class='ocrx_word' id='word_1_25' title='bbox 1866 587 2057 642; x_wconf 84' lang='lat' dir='ltr'><strong>habet.</strong></span> 
     </span>
    </p>
   </div>
   <div class='ocr_carea' id='block_1_5' title="bbox 2161 587 3734 658">
    <p class='ocr_par' dir='ltr' id='par_1_5' title="bbox 2166 587 3734 658">
     <span class='ocr_line' id='line_1_5' title="bbox 2166 587 3734 658; baseline 0.002 -19"><span class='ocrx_word' id='word_1_26' title='bbox 2166 587 2425 656; x_wconf 78' lang='grc' dir='ltr'><strong>πλείστην</strong></span> <span class='ocrx_word' id='word_1_27' title='bbox 2450 606 2509 639; x_wconf 88' lang='grc' dir='ltr'><strong>τε</strong></span> <span class='ocrx_word' id='word_1_28' title='bbox 2551 587 2667 658; x_wconf 80' lang='grc' dir='ltr'>ἅμα</span> <span class='ocrx_word' id='word_1_29' title='bbox 2692 590 2786 641; x_wconf 78' lang='grc' dir='ltr'>καὶ</span> <span class='ocrx_word' id='word_1_30' title='bbox 2823 589 2944 643; x_wconf 93' lang='grc' dir='ltr'>λίαν</span> <span class='ocrx_word' id='word_1_31' title='bbox 2975 588 3144 644; x_wconf 78' lang='grc' dir='ltr'>οὖσαν</span> <span class='ocrx_word' id='word_1_32' title='bbox 3181 587 3480 658; x_wconf 84' lang='grc' dir='ltr'>εὐδαίμονα</span> <span class='ocrx_word' id='word_1_33' title='bbox 3525 587 3734 657; x_wconf 81' lang='grc' dir='ltr'>χώραν.</span> 
     </span>
    </p>
   </div>
   <div class='ocr_carea' id='block_1_6' title="bbox 484 676 2057 750">
    <p class='ocr_par' dir='ltr' id='par_1_6' title="bbox 484 679 2057 750">
     <span class='ocr_line' id='line_1_6' title="bbox 484 679 2057 750; baseline 0 -18"><span class='ocrx_word' id='word_1_34' title='bbox 484 680 629 734; x_wconf 76' lang='lat' dir='ltr'><strong>lluic</strong></span> <span class='ocrx_word' id='word_1_35' title='bbox 657 681 803 734; x_wconf 92' lang='lat' dir='ltr'><strong>enim</strong></span> <span class='ocrx_word' id='word_1_36' title='bbox 837 681 958 734; x_wconf 83' lang='lat' dir='ltr'><strong>urbi</strong></span> <span class='ocrx_word' id='word_1_37' title='bbox 1001 695 1126 736; x_wconf 88' lang='lat' dir='ltr'><strong>cum</strong></span> <span class='ocrx_word' id='word_1_38' title='bbox 1158 681 1278 735; x_wconf 59' lang='lat' dir='ltr'><strong>alia:</strong></span> <span class='ocrx_word' id='word_1_39' title='bbox 1330 679 1678 734; x_wconf 71' lang='lat' dir='ltr'><strong>summitates</strong></span> <span class='ocrx_word' id='word_1_40' title='bbox 1707 687 1874 750; x_wconf 83' lang='lat' dir='ltr'><strong>atque</strong></span> <span class='ocrx_word' id='word_1_41' title='bbox 1905 689 2057 733; x_wconf 87' lang='lat' dir='ltr'><strong>com-</strong></span> 
     </span>
    </p>
   </div>
   <div class='ocr_carea' id='block_1_7' title="bbox 2161 676 3735 750">
    <p class='ocr_par' dir='ltr' id='par_1_7' title="bbox 2165 676 3735 747">
     <span class='ocr_line' id='line_1_7' title="bbox 2165 676 3735 747; baseline 0 -18"><span class='ocrx_word' id='word_1_42' title='bbox 2165 677 2292 730; x_wconf 73' lang='grc' dir='ltr'>ἔνθα</span> <span class='ocrx_word' id='word_1_43' title='bbox 2334 676 2398 746; x_wconf 79' lang='grc' dir='ltr'>δὴ</span> <span class='ocrx_word' id='word_1_44' title='bbox 2431 678 2523 730; x_wconf 69' lang='grc' dir='ltr'>καὶ</span> <span class='ocrx_word' id='word_1_45' title='bbox 2572 678 2795 740; x_wconf 78' lang='grc' dir='ltr'>πολλαῖς</span> <span class='ocrx_word' id='word_1_46' title='bbox 2849 680 3102 747; x_wconf 79' lang='grc' dir='ltr'>ἐνέτυχον</span> <span class='ocrx_word' id='word_1_47' title='bbox 3137 679 3232 732; x_wconf 72' lang='grc' dir='ltr'><strong>καὶ</strong></span> <span class='ocrx_word' id='word_1_48' title='bbox 3269 678 3461 740; x_wconf 78' lang='grc' dir='ltr'>ἄλλαις</span> <span class='ocrx_word' id='word_1_49' title='bbox 3507 676 3735 746; x_wconf 84' lang='grc' dir='ltr'>πλησιο-</span> 
     </span>
    </p>
   </div>
   <div class='ocr_carea' id='block_1_8' title="bbox 493 767 2057 842">
    <p class='ocr_par' dir='ltr' id='par_1_8' title="bbox 493 771 2057 842">
     <span class='ocr_line' id='line_1_8' title="bbox 493 771 2057 842; baseline 0.002 -21"><span class='ocrx_word' id='word_1_50' title='bbox 493 771 649 826; x_wconf 90' lang='lat' dir='ltr'><strong>moda</strong></span> <span class='ocrx_word' id='word_1_51' title='bbox 681 781 1000 841; x_wconf 76' lang='lat' dir='ltr'><strong>suppetunt,</strong></span> <span class='ocrx_word' id='word_1_52' title='bbox 1041 781 1153 826; x_wconf 90' lang='lat' dir='ltr'><strong>tum</strong></span> <span class='ocrx_word' id='word_1_53' title='bbox 1197 771 1420 842; x_wconf 85' lang='lat' dir='ltr'><strong>Cydnus</strong></span> <span class='ocrx_word' id='word_1_54' title='bbox 1456 771 1657 825; x_wconf 86' lang='lat' dir='ltr'><strong>ﬂumen</strong></span> <span class='ocrx_word' id='word_1_55' title='bbox 1691 771 1909 840; x_wconf 78' lang='lat' dir='ltr'><strong>placide</strong></span> <span class='ocrx_word' id='word_1_56' title='bbox 1939 785 2057 825; x_wconf 91' lang='lat' dir='ltr'><strong>eam</strong></span> 
     </span>
    </p>
   </div>
   <div class='ocr_carea' id='block_1_9' title="bbox 2161 767 3738 842">
    <p class='ocr_par' dir='ltr' id='par_1_9' title="bbox 2163 767 3738 840">
     <span class='ocr_line' id='line_1_9' title="bbox 2163 767 3738 840; baseline -0.001 -20"><span class='ocrx_word' id='word_1_57' title='bbox 2163 768 2364 839; x_wconf 84' lang='grc' dir='ltr'>χώροις</span> <span class='ocrx_word' id='word_1_58' title='bbox 2411 770 2672 840; x_wconf 74' lang='grc' dir='ltr'>ἀλλήλαις</span> <span class='ocrx_word' id='word_1_59' title='bbox 2721 769 2944 823; x_wconf 78' lang='grc' dir='ltr'>πόλεσιν</span> <span class='ocrx_word' id='word_1_60' title='bbox 2991 771 3248 838; x_wconf 84' lang='grc' dir='ltr'>ἀγαθαῖς,</span> <span class='ocrx_word' id='word_1_61' title='bbox 3305 773 3374 839; x_wconf 77' lang='grc' dir='ltr'>τῇ</span> <span class='ocrx_word' id='word_1_62' title='bbox 3430 767 3634 838; x_wconf 86' lang='grc' dir='ltr'>Ταρσῷ</span> <span class='ocrx_word' id='word_1_63' title='bbox 3681 767 3738 820; x_wconf 74' lang='grc' dir='ltr'>δὲ</span> 
     </span>
    </p>
   </div>
   <div class='ocr_carea' id='block_1_10' title="bbox 485 856 2057 937">
    <p class='ocr_par' dir='ltr' id='par_1_10' title="bbox 485 863 2057 935">
     <span class='ocr_line' id='line_1_10' title="bbox 485 863 2057 935; baseline -0.001 -17"><span class='ocrx_word' id='word_1_64' title='bbox 485 863 599 932; x_wconf 76' lang='lat'><strong>20</strong></span> <span class='ocrx_word' id='word_1_65' title='bbox 621 864 1016 934; x_wconf 59' lang='lat' dir='ltr'><strong>pragterlluens,</strong></span> <span class='ocrx_word' id='word_1_66' title='bbox 1041 863 1094 919; x_wconf 94' lang='lat' dir='ltr'><strong>in</strong></span> <span class='ocrx_word' id='word_1_67' title='bbox 1117 881 1227 935; x_wconf 93' lang='lat' dir='ltr'><strong>quo</strong></span> <span class='ocrx_word' id='word_1_68' title='bbox 1257 863 1482 918; x_wconf 72' lang='lat' dir='ltr'><strong>ﬂitmine</strong></span> <span class='ocrx_word' id='word_1_69' title='bbox 1501 864 1810 918; x_wconf 79' lang='lat' dir='ltr'><strong>Alexander</strong></span> <span class='ocrx_word' id='word_1_70' title='bbox 1833 863 2057 934; x_wconf 84' lang='lat' dir='ltr'><strong>Magnus</strong></span> 
     </span>
    </p>
   </div>
   <div class='ocr_carea' id='block_1_11' title="bbox 2161 856 3738 937">
    <p class='ocr_par' dir='ltr' id='par_1_11' title="bbox 2165 856 3738 937">
     <span class='ocr_line' id='line_1_11' title="bbox 2165 856 3738 937; baseline -0.003 -22"><span class='ocrx_word' id='word_1_71' title='bbox 2165 862 2404 930; x_wconf 76' lang='grc' dir='ltr'>μάλιστα</span> <span class='ocrx_word' id='word_1_72' title='bbox 2454 862 2667 927; x_wconf 81' lang='grc' dir='ltr'>πασῶν,</span> <span class='ocrx_word' id='word_1_73' title='bbox 2707 856 2741 937; x_wconf 78' lang='grc' dir='ltr'>ᾗ</span> <span class='ocrx_word' id='word_1_74' title='bbox 2790 863 2886 917; x_wconf 75' lang='grc' dir='ltr'>καὶ</span> <span class='ocrx_word' id='word_1_75' title='bbox 2925 863 3242 934; x_wconf 78' lang='grc' dir='ltr'>πατριάρχῃ</span> <span class='ocrx_word' id='word_1_76' title='bbox 3278 862 3356 931; x_wconf 83' lang='grc' dir='ltr'>τῷ</span> <span class='ocrx_word' id='word_1_77' title='bbox 3401 858 3738 930; x_wconf 81' lang='grc' dir='ltr'><strong>Ἀντιοχείας</strong></span> 
     </span>
    </p>
   </div>
   <div class='ocr_carea' id='block_1_12' title="bbox 490 948 2057 1027">
    <p class='ocr_par' dir='ltr' id='par_1_12' title="bbox 490 954 2057 1027">
     <span class='ocr_line' id='line_1_12' title="bbox 490 954 2057 1027; baseline 0.001 -18"><span class='ocrx_word' id='word_1_78' title='bbox 490 957 609 1009; x_wconf 87' lang='lat' dir='ltr'><strong>solo</strong></span> <span class='ocrx_word' id='word_1_79' title='bbox 638 957 754 1027; x_wconf 77' lang='lat' dir='ltr'><strong>ejus</strong></span> <span class='ocrx_word' id='word_1_80' title='bbox 779 967 1005 1026; x_wconf 89' lang='lat' dir='ltr'><strong>aspectu</strong></span> <span class='ocrx_word' id='word_1_81' title='bbox 1036 955 1340 1027; x_wconf 85' lang='lat' dir='ltr'><strong>cupiditate</strong></span> <span class='ocrx_word' id='word_1_82' title='bbox 1389 954 1650 1010; x_wconf 90' lang='lat' dir='ltr'><strong>incensus</strong></span> <span class='ocrx_word' id='word_1_83' title='bbox 1691 969 1814 1010; x_wconf 82' lang='lat' dir='ltr'><strong>sese</strong></span> <span class='ocrx_word' id='word_1_84' title='bbox 1844 955 2057 1010; x_wconf 85' lang='lat' dir='ltr'><strong>lavasse</strong></span> 
     </span>
    </p>
   </div>
   <div class='ocr_carea' id='block_1_13' title="bbox 2161 948 3738 1027">
    <p class='ocr_par' dir='ltr' id='par_1_13' title="bbox 2162 948 3738 1025">
     <span class='ocr_line' id='line_1_13' title="bbox 2162 948 3738 1025; baseline -0.004 -19"><span class='ocrx_word' id='word_1_85' title='bbox 2162 954 2530 1009; x_wconf 77' lang='grc' dir='ltr'>ἐνδιαιτᾶσθαι</span> <span class='ocrx_word' id='word_1_86' title='bbox 2567 956 2635 1009; x_wconf 79' lang='grc' dir='ltr'>τὰ</span> <span class='ocrx_word' id='word_1_87' title='bbox 2661 955 2831 1008; x_wconf 79' lang='grc' dir='ltr'>πολλὰ</span> <span class='ocrx_word' id='word_1_88' title='bbox 2860 955 3222 1025; x_wconf 86' lang='grc' dir='ltr'>περιγίνεται.</span> <span class='ocrx_word' id='word_1_89' title='bbox 3259 954 3342 1007; x_wconf 80' lang='grc' dir='ltr'><strong>Τά</strong></span> <span class='ocrx_word' id='word_1_90' title='bbox 3376 969 3434 1005; x_wconf 88' lang='grc' dir='ltr'><strong>τε</strong></span> <span class='ocrx_word' id='word_1_91' title='bbox 3465 951 3576 1018; x_wconf 81' lang='grc' dir='ltr'><strong>γὰρ</strong></span> <span class='ocrx_word' id='word_1_92' title='bbox 3605 948 3738 1002; x_wconf 83' lang='grc' dir='ltr'>ἄλλα</span> 
     </span>
    </p>
   </div>
   <div class='ocr_carea' id='block_1_14' title="bbox 484 1039 3740 1118">
    <p class='ocr_par' dir='ltr' id='par_1_14' title="bbox 484 1039 3740 1118">
     <span class='ocr_line' id='line_1_14' title="bbox 484 1039 3740 1118; baseline -0.002 -20"><span class='ocrx_word' id='word_1_93' title='bbox 484 1046 716 1099; x_wconf 81' lang='lat' dir='ltr'><strong>dicitur.</strong></span> <span class='ocrx_word' id='word_1_94' title='bbox 2164 1047 2446 1117; x_wconf 80' lang='grc' dir='ltr'>περίεστιν</span> <span class='ocrx_word' id='word_1_95' title='bbox 2506 1049 2645 1118; x_wconf 79' lang='grc' dir='ltr'>αὐτῇ</span> <span class='ocrx_word' id='word_1_96' title='bbox 2696 1047 2934 1114; x_wconf 75' lang='grc' dir='ltr'>τάγαθὰ,</span> <span class='ocrx_word' id='word_1_97' title='bbox 2980 1048 3077 1099; x_wconf 75' lang='grc' dir='ltr'>καὶ</span> <span class='ocrx_word' id='word_1_98' title='bbox 3138 1045 3345 1107; x_wconf 82' lang='grc' dir='ltr'><strong>Κύδνος</strong></span> <span class='ocrx_word' id='word_1_99' title='bbox 3409 1045 3437 1096; x_wconf 87' lang='grc' dir='ltr'><strong>ὁ</strong></span> <span class='ocrx_word' id='word_1_100' title='bbox 3495 1039 3740 1106; x_wconf 71' lang='grc' dir='ltr'>ποταμὸς</span> 
     </span>
    </p>
   </div>
   <div class='ocr_carea' id='block_1_15' title="bbox 488 1131 3739 1210">
    <p class='ocr_par' dir='ltr' id='par_1_15' title="bbox 488 1131 3739 1210">
     <span class='ocr_line' id='line_1_15' title="bbox 488 1131 3739 1210; baseline 0.002 -22"><span class='ocrx_word' id='word_1_101' title='bbox 488 1138 667 1206; x_wconf 74' lang='grc' dir='ltr'>ησυχῆ</span> <span class='ocrx_word' id='word_1_102' title='bbox 703 1139 1070 1209; x_wconf 63' lang='grc' dir='ltr'>παραρρέων,</span> <span class='ocrx_word' id='word_1_103' title='bbox 1103 1139 1161 1193; x_wconf 79' lang='grc' dir='ltr'>ὲν</span> <span class='ocrx_word' id='word_1_104' title='bbox 1215 1131 1258 1207; x_wconf 80' lang='grc' dir='ltr'><strong>ᾧ</strong></span> <span class='ocrx_word' id='word_1_105' title='bbox 1309 1138 1403 1194; x_wconf 88' lang='grc' dir='ltr'>καὶ</span> <span class='ocrx_word' id='word_1_106' title='bbox 1455 1137 1803 1209; x_wconf 74' lang='grc' dir='ltr'>Ἀλέξανδρόν</span> <span class='ocrx_word' id='word_1_107' title='bbox 1858 1153 2023 1207; x_wconf 81' lang='grc' dir='ltr'>φασιν</span> <span class='ocrx_word' id='word_1_108' title='bbox 2062 1137 2267 1192; x_wconf 75' lang='grc' dir='ltr'>ἐκεῖνον</span> <span class='ocrx_word' id='word_1_109' title='bbox 2322 1140 2414 1193; x_wconf 77' lang='grc' dir='ltr'><strong>τὸν</strong></span> <span class='ocrx_word' id='word_1_110' title='bbox 2469 1141 2664 1210; x_wconf 85' lang='grc' dir='ltr'>μέγαν,</span> <span class='ocrx_word' id='word_1_111' title='bbox 2713 1141 2793 1204; x_wconf 89' lang='grc' dir='ltr'><strong>είς</strong></span> <span class='ocrx_word' id='word_1_112' title='bbox 2858 1139 3157 1206; x_wconf 74' lang='grc' dir='ltr'>ἐπιθυμίαν</span> <span class='ocrx_word' id='word_1_113' title='bbox 3191 1142 3254 1192; x_wconf 74' lang='grc' dir='ltr'>ἑκ</span> <span class='ocrx_word' id='word_1_114' title='bbox 3282 1137 3452 1208; x_wconf 84' lang='grc' dir='ltr'>μόνης</span> <span class='ocrx_word' id='word_1_115' title='bbox 3481 1134 3580 1205; x_wconf 78' lang='grc' dir='ltr'>τῆς</span> <span class='ocrx_word' id='word_1_116' title='bbox 3611 1131 3739 1194; x_wconf 81' lang='grc' dir='ltr'>θέας</span> 
     </span>
    </p>
   </div>
   <div class='ocr_carea' id='block_1_16' title="bbox 490 1230 1161 1298">
    <p class='ocr_par' dir='ltr' id='par_1_16' title="bbox 490 1230 1161 1298">
     <span class='ocr_line' id='line_1_16' title="bbox 490 1230 1161 1298; baseline 0.01 -18"><span class='ocrx_word' id='word_1_117' title='bbox 490 1230 809 1298; x_wconf 80' lang='grc' dir='ltr'>ἐληλυθότα,</span> <span class='ocrx_word' id='word_1_118' title='bbox 843 1232 1161 1287; x_wconf 80' lang='grc' dir='ltr'>λούσασθαι.</span> 
     </span>
    </p>
   </div>
   <div class='ocr_carea' id='block_1_17' title="bbox 560 1317 2057 1396">
    <p class='ocr_par' dir='ltr' id='par_1_17' title="bbox 560 1321 2057 1396">
     <span class='ocr_line' id='line_1_17' title="bbox 560 1321 2057 1396; baseline 0.005 -24"><span class='ocrx_word' id='word_1_119' title='bbox 560 1321 623 1375; x_wconf 94' lang='lat' dir='ltr'><strong>ll.</strong></span> <span class='ocrx_word' id='word_1_120' title='bbox 649 1323 784 1377; x_wconf 89' lang='lat' dir='ltr'><strong>Cum</strong></span> <span class='ocrx_word' id='word_1_121' title='bbox 803 1339 932 1378; x_wconf 87' lang='lat' dir='ltr'><strong>vero</strong></span> <span class='ocrx_word' id='word_1_122' title='bbox 950 1323 1039 1378; x_wconf 86' lang='lat' dir='ltr'><strong>ille</strong></span> <span class='ocrx_word' id='word_1_123' title='bbox 1059 1325 1372 1396; x_wconf 86' lang='lat' dir='ltr'><strong>hujusmodi</strong></span> <span class='ocrx_word' id='word_1_124' title='bbox 1390 1324 1546 1396; x_wconf 83' lang='lat' dir='ltr'><strong>plura</strong></span> <span class='ocrx_word' id='word_1_125' title='bbox 1565 1323 1773 1380; x_wconf 81' lang='lat' dir='ltr'><strong>referre</strong></span> <span class='ocrx_word' id='word_1_126' title='bbox 1791 1324 1926 1379; x_wconf 90' lang='lat' dir='ltr'><strong>mihi</strong></span> <span class='ocrx_word' id='word_1_127' title='bbox 1950 1324 2057 1379; x_wconf 86' lang='lat' dir='ltr'><strong>vel-</strong></span> 
     </span>
    </p>
   </div>
   <div class='ocr_carea' id='block_1_18' title="bbox 2161 1317 3740 1396">
    <p class='ocr_par' dir='ltr' id='par_1_18' title="bbox 2235 1317 3740 1384">
     <span class='ocr_line' id='line_1_18' title="bbox 2235 1317 3740 1384; baseline -0.001 -12"><span class='ocrx_word' id='word_1_128' title='bbox 2235 1317 2312 1376; x_wconf 91' lang='lat' dir='ltr'><strong>B&#39;.</strong></span> <span class='ocrx_word' id='word_1_129' title='bbox 2351 1321 2591 1373; x_wconf 80' lang='grc' dir='ltr'>Ἐκεῖνον</span> <span class='ocrx_word' id='word_1_130' title='bbox 2617 1319 2663 1372; x_wconf 86' lang='grc' dir='ltr'>δ’</span> <span class='ocrx_word' id='word_1_131' title='bbox 2709 1320 2789 1372; x_wconf 76' lang='grc' dir='ltr'>ἔτι</span> <span class='ocrx_word' id='word_1_132' title='bbox 2825 1319 2918 1372; x_wconf 78' lang='grc' dir='ltr'>καὶ</span> <span class='ocrx_word' id='word_1_133' title='bbox 2968 1319 3140 1372; x_wconf 84' lang='grc' dir='ltr'>πλείω</span> <span class='ocrx_word' id='word_1_134' title='bbox 3189 1317 3415 1370; x_wconf 82' lang='grc' dir='ltr'>τοιαῦτα</span> <span class='ocrx_word' id='word_1_135' title='bbox 3467 1317 3740 1384; x_wconf 82' lang='grc' dir='ltr'>συνείρειν</span> 
     </span>
    </p>
   </div>
   <div class='ocr_carea' id='block_1_19' title="bbox 491 1409 2057 1484">
    <p class='ocr_par' dir='ltr' id='par_1_19' title="bbox 491 1412 2057 1484">
     <span class='ocr_line' id='line_1_19' title="bbox 491 1412 2057 1484; baseline 0.002 -22"><span class='ocrx_word' id='word_1_136' title='bbox 491 1413 584 1475; x_wconf 85' lang='lat' dir='ltr'><strong>let,</strong></span> <span class='ocrx_word' id='word_1_137' title='bbox 609 1413 868 1480; x_wconf 88' lang='lat' dir='ltr'><strong>equidem</strong></span> <span class='ocrx_word' id='word_1_138' title='bbox 895 1429 1022 1468; x_wconf 90' lang='lat' dir='ltr'><strong>eum</strong></span> <span class='ocrx_word' id='word_1_139' title='bbox 1053 1415 1412 1484; x_wconf 81' lang='lat' dir='ltr'><strong>prohibebam</strong></span> <span class='ocrx_word' id='word_1_140' title='bbox 1443 1424 1496 1470; x_wconf 87' lang='lat' dir='ltr'><strong>et</strong></span> <span class='ocrx_word' id='word_1_141' title='bbox 1526 1414 1865 1471; x_wconf 63' lang='lat' dir='ltr'><strong>narrationis</strong></span> <span class='ocrx_word' id='word_1_142' title='bbox 1891 1412 2057 1483; x_wconf 70' lang='lat' dir='ltr'><strong>hiusz</strong></span> 
     </span>
    </p>
   </div>
   <div class='ocr_carea' id='block_1_20' title="bbox 2161 1409 3738 1484">
    <p class='ocr_par' dir='ltr' id='par_1_20' title="bbox 2164 1409 3738 1483">
     <span class='ocr_line' id='line_1_20' title="bbox 2164 1409 3738 1483; baseline -0.002 -18"><span class='ocrx_word' id='word_1_143' title='bbox 2164 1411 2490 1483; x_wconf 78' lang='grc' dir='ltr'>βουλόμενον</span> <span class='ocrx_word' id='word_1_144' title='bbox 2527 1413 2700 1480; x_wconf 72' lang='grc' dir='ltr'>ἔγωγε</span> <span class='ocrx_word' id='word_1_145' title='bbox 2739 1410 3010 1479; x_wconf 71' lang='grc' dir='ltr'>ἒπισχὼν,</span> <span class='ocrx_word' id='word_1_146' title='bbox 3037 1410 3134 1463; x_wconf 71' lang='grc' dir='ltr'>καὶ</span> <span class='ocrx_word' id='word_1_147' title='bbox 3177 1409 3237 1462; x_wconf 84' lang='grc' dir='ltr'>τὸ</span> <span class='ocrx_word' id='word_1_148' title='bbox 3284 1412 3384 1478; x_wconf 75' lang='grc' dir='ltr'><strong>τῆς</strong></span> <span class='ocrx_word' id='word_1_149' title='bbox 3429 1409 3738 1480; x_wconf 76' lang='grc' dir='ltr'>διηγήσεως</span> 
     </span>
    </p>
   </div>
   <div class='ocr_carea' id='block_1_21' title="bbox 492 1497 2057 1577">
    <p class='ocr_par' dir='ltr' id='par_1_21' title="bbox 492 1505 2057 1577">
     <span class='ocr_line' id='line_1_21' title="bbox 492 1505 2057 1577; baseline 0.001 -19"><span class='ocrx_word' id='word_1_150' title='bbox 492 1505 913 1560; x_wconf 89' lang='lat' dir='ltr'><strong>continuatione</strong></span> <span class='ocrx_word' id='word_1_151' title='bbox 946 1507 1116 1562; x_wconf 81' lang='lat' dir='ltr'><strong>incisa</strong></span> <span class='ocrx_word' id='word_1_152' title='bbox 1147 1509 1214 1562; x_wconf 89' lang='lat' dir='ltr'><strong>ab</strong></span> <span class='ocrx_word' id='word_1_153' title='bbox 1245 1522 1312 1562; x_wconf 87' lang='lat' dir='ltr'><strong>eo</strong></span> <span class='ocrx_word' id='word_1_154' title='bbox 1339 1507 1594 1577; x_wconf 76' lang='lat' dir='ltr'><strong>petebam</strong></span> <span class='ocrx_word' id='word_1_155' title='bbox 1619 1516 1722 1572; x_wconf 55' lang='grc' dir='ltr'>,θυι</span> <span class='ocrx_word' id='word_1_156' title='bbox 1752 1507 1818 1562; x_wconf 80' lang='lat' dir='ltr'><strong>all</strong></span> <span class='ocrx_word' id='word_1_157' title='bbox 1839 1519 2057 1562; x_wconf 65' lang='lat' dir='ltr'><strong>sermo-</strong></span> 
     </span>
    </p>
   </div>
   <div class='ocr_carea' id='block_1_22' title="bbox 2161 1497 3734 1577">
    <p class='ocr_par' dir='ltr' id='par_1_22' title="bbox 2161 1497 3734 1573">
     <span class='ocr_line' id='line_1_22' title="bbox 2161 1497 3734 1573; baseline -0.004 -15"><span class='ocrx_word' id='word_1_158' title='bbox 2161 1503 2343 1573; x_wconf 74' lang='grc' dir='ltr'>τεμῖυν</span> <span class='ocrx_word' id='word_1_159' title='bbox 2370 1503 2614 1572; x_wconf 68' lang='grc' dir='ltr'>συνεχὲς,</span> <span class='ocrx_word' id='word_1_160' title='bbox 2639 1500 2939 1556; x_wconf 70' lang='grc' dir='ltr'>,ιναλαεεῖν</span> <span class='ocrx_word' id='word_1_161' title='bbox 2964 1502 3067 1554; x_wconf 70' lang='grc' dir='ltr'>’τὸν</span> <span class='ocrx_word' id='word_1_162' title='bbox 3097 1501 3255 1568; x_wconf 89' lang='grc' dir='ltr'>λόγον</span> <span class='ocrx_word' id='word_1_163' title='bbox 3291 1501 3544 1554; x_wconf 77' lang='grc' dir='ltr'>ἐκέλευον</span> <span class='ocrx_word' id='word_1_164' title='bbox 3573 1497 3734 1562; x_wconf 80' lang='grc' dir='ltr'>αὖθις</span> 
     </span>
    </p>
   </div>
   <div class='ocr_carea' id='block_1_23' title="bbox 489 1591 2057 1671">
    <p class='ocr_par' dir='ltr' id='par_1_23' title="bbox 489 1599 2057 1671">
     <span class='ocr_line' id='line_1_23' title="bbox 489 1599 2057 1671; baseline 0.001 -21"><span class='ocrx_word' id='word_1_165' title='bbox 489 1613 615 1652; x_wconf 89' lang='lat' dir='ltr'><strong>nem</strong></span> <span class='ocrx_word' id='word_1_166' title='bbox 646 1613 902 1654; x_wconf 79' lang='lat' dir='ltr'><strong>reversus</strong></span> <span class='ocrx_word' id='word_1_167' title='bbox 927 1600 1291 1668; x_wconf 89' lang='lat' dir='ltr'><strong>responderet</strong></span> <span class='ocrx_word' id='word_1_168' title='bbox 1319 1601 1453 1654; x_wconf 90' lang='lat' dir='ltr'><strong>mihi</strong></span> <span class='ocrx_word' id='word_1_169' title='bbox 1484 1601 1845 1671; x_wconf 79' lang='lat' dir='ltr'><strong>interroganti</strong></span> <span class='ocrx_word' id='word_1_170' title='bbox 1871 1599 1939 1653; x_wconf 90' lang='lat' dir='ltr'><strong>de</strong></span> <span class='ocrx_word' id='word_1_171' title='bbox 1965 1613 2057 1668; x_wconf 85' lang='lat' dir='ltr'><strong>pa-</strong></span> 
     </span>
    </p>
   </div>
   <div class='ocr_carea' id='block_1_24' title="bbox 2161 1591 3737 1671">
    <p class='ocr_par' dir='ltr' id='par_1_24' title="bbox 2168 1591 3737 1665">
     <span class='ocr_line' id='line_1_24' title="bbox 2168 1591 3737 1665; baseline -0.004 -17"><span class='ocrx_word' id='word_1_172' title='bbox 2168 1596 2268 1649; x_wconf 72' lang='grc' dir='ltr'>καὶ</span> <span class='ocrx_word' id='word_1_173' title='bbox 2321 1593 2664 1665; x_wconf 82' lang='grc' dir='ltr'>ἀνερωτῶντί</span> <span class='ocrx_word' id='word_1_174' title='bbox 2713 1610 2804 1662; x_wconf 84' lang='grc' dir='ltr'><strong>μοι</strong></span> <span class='ocrx_word' id='word_1_175' title='bbox 2853 1591 3248 1663; x_wconf 78' lang='grc' dir='ltr'>ἀποκρίνεσθαι</span> <span class='ocrx_word' id='word_1_176' title='bbox 3288 1592 3645 1661; x_wconf 84' lang='grc' dir='ltr'>πατριαρχῶν</span> <span class='ocrx_word' id='word_1_177' title='bbox 3676 1607 3737 1644; x_wconf 81' lang='grc' dir='ltr'><strong>τε</strong></span> 
     </span>
    </p>
   </div>
   <div class='ocr_carea' id='block_1_25' title="bbox 494 1681 2057 1758">
    <p class='ocr_par' dir='ltr' id='par_1_25' title="bbox 494 1685 2057 1758">
     <span class='ocr_line' id='line_1_25' title="bbox 494 1685 2057 1758; baseline 0.001 -20"><span class='ocrx_word' id='word_1_178' title='bbox 494 1687 752 1740; x_wconf 83' lang='lat' dir='ltr'><strong>triarchis</strong></span> <span class='ocrx_word' id='word_1_179' title='bbox 781 1696 837 1740; x_wconf 92' lang='lat' dir='ltr'><strong>et</strong></span> <span class='ocrx_word' id='word_1_180' title='bbox 870 1688 1152 1756; x_wconf 82' lang='lat' dir='ltr'><strong>episcopis</strong></span> <span class='ocrx_word' id='word_1_181' title='bbox 1172 1729 1186 1752; x_wconf 92' lang='lat'><strong>,</strong></span> <span class='ocrx_word' id='word_1_182' title='bbox 1218 1688 1314 1758; x_wconf 88' lang='lat' dir='ltr'><strong>qui</strong></span> <span class='ocrx_word' id='word_1_183' title='bbox 1347 1688 1468 1742; x_wconf 78' lang='lat' dir='ltr'><strong>illas</strong></span> <span class='ocrx_word' id='word_1_184' title='bbox 1497 1687 1816 1756; x_wconf 75' lang='lat' dir='ltr'><strong>provincias</strong></span> <span class='ocrx_word' id='word_1_185' title='bbox 1843 1685 2057 1740; x_wconf 76' lang='lat' dir='ltr'><strong>ratione</strong></span> 
     </span>
    </p>
   </div>
   <div class='ocr_carea' id='block_1_26' title="bbox 2161 1681 3736 1758">
    <p class='ocr_par' dir='ltr' id='par_1_26' title="bbox 2165 1681 3736 1754">
     <span class='ocr_line' id='line_1_26' title="bbox 2165 1681 3736 1754; baseline -0.002 -18"><span class='ocrx_word' id='word_1_186' title='bbox 2165 1685 2293 1754; x_wconf 83' lang='grc' dir='ltr'>πέρι</span> <span class='ocrx_word' id='word_1_187' title='bbox 2341 1685 2438 1737; x_wconf 68' lang='grc' dir='ltr'><strong>καλ</strong></span> <span class='ocrx_word' id='word_1_188' title='bbox 2477 1681 2961 1748; x_wconf 67' lang='grc' dir='ltr'>ιωισιιόπων,’ὄσοι</span> <span class='ocrx_word' id='word_1_189' title='bbox 3003 1681 3208 1734; x_wconf 77' lang='grc' dir='ltr'>διέπειν</span> <span class='ocrx_word' id='word_1_190' title='bbox 3253 1683 3348 1734; x_wconf 78' lang='grc' dir='ltr'>καὶ</span> <span class='ocrx_word' id='word_1_191' title='bbox 3385 1681 3608 1733; x_wconf 82' lang='grc' dir='ltr'>διοικεῖν</span> <span class='ocrx_word' id='word_1_192' title='bbox 3635 1681 3736 1742; x_wconf 77' lang='grc' dir='ltr'>τὰς</span> 
     </span>
    </p>
   </div>
   <div class='ocr_carea' id='block_1_27' title="bbox 491 1772 2057 1848">
    <p class='ocr_par' dir='ltr' id='par_1_27' title="bbox 491 1778 2057 1848">
     <span class='ocr_line' id='line_1_27' title="bbox 491 1778 2057 1848; baseline 0 -18"><span class='ocrx_word' id='word_1_193' title='bbox 491 1779 762 1832; x_wconf 84' lang='lat' dir='ltr'><strong>sanctiore</strong></span> <span class='ocrx_word' id='word_1_194' title='bbox 802 1779 1146 1848; x_wconf 86' lang='lat' dir='ltr'><strong>gubernandi</strong></span> <span class='ocrx_word' id='word_1_195' title='bbox 1189 1790 1356 1848; x_wconf 80' lang='lat' dir='ltr'><strong>atque</strong></span> <span class='ocrx_word' id='word_1_196' title='bbox 1396 1778 1821 1834; x_wconf 79' lang='lat' dir='ltr'><strong>administrandi</strong></span> <span class='ocrx_word' id='word_1_197' title='bbox 1855 1792 2057 1833; x_wconf 85' lang='lat' dir='ltr'><strong>munus</strong></span> 
     </span>
    </p>
   </div>
   <div class='ocr_carea' id='block_1_28' title="bbox 2161 1772 3736 1848">
    <p class='ocr_par' dir='ltr' id='par_1_28' title="bbox 2166 1772 3736 1848">
     <span class='ocr_line' id='line_1_28' title="bbox 2166 1772 3736 1848; baseline -0.002 -19"><span class='ocrx_word' id='word_1_198' title='bbox 2166 1778 2436 1848; x_wconf 67' lang='grc' dir='ltr'>ἐπαρχίας</span> <span class='ocrx_word' id='word_1_199' title='bbox 2481 1775 2704 1837; x_wconf 70' lang='grc' dir='ltr'>ὲκείνας</span> <span class='ocrx_word' id='word_1_200' title='bbox 2763 1773 2858 1827; x_wconf 67' lang='grc' dir='ltr'>τὸν</span> <span class='ocrx_word' id='word_1_201' title='bbox 2911 1773 3210 1845; x_wconf 64' lang='grc' dir='ltr'>ἱερώτερον</span> <span class='ocrx_word' id='word_1_202' title='bbox 3263 1773 3455 1842; x_wconf 72' lang='grc' dir='ltr'>ἔλαχον</span> <span class='ocrx_word' id='word_1_203' title='bbox 3505 1772 3736 1843; x_wconf 80' lang='grc' dir='ltr'>τρόπον.</span> 
     </span>
    </p>
   </div>
   <div class='ocr_carea' id='block_1_29' title="bbox 490 1865 2057 1939">
    <p class='ocr_par' dir='ltr' id='par_1_29' title="bbox 490 1869 2052 1925">
     <span class='ocr_line' id='line_1_29' title="bbox 490 1869 2052 1925; baseline 0.001 -5"><span class='ocrx_word' id='word_1_204' title='bbox 490 1869 670 1922; x_wconf 83' lang='lat' dir='ltr'><strong>sortiti</strong></span> <span class='ocrx_word' id='word_1_205' title='bbox 709 1879 917 1923; x_wconf 90' lang='lat' dir='ltr'><strong>essent.</strong></span> <span class='ocrx_word' id='word_1_206' title='bbox 963 1870 1176 1924; x_wconf 88' lang='lat' dir='ltr'><strong>Homini</strong></span> <span class='ocrx_word' id='word_1_207' title='bbox 1219 1880 1402 1924; x_wconf 89' lang='lat' dir='ltr'><strong>autem</strong></span> <span class='ocrx_word' id='word_1_208' title='bbox 1433 1871 1595 1925; x_wconf 87' lang='lat' dir='ltr'><strong>valde</strong></span> <span class='ocrx_word' id='word_1_209' title='bbox 1627 1869 1965 1924; x_wconf 77' lang='lat' dir='ltr'><strong>oblivionem</strong></span> <span class='ocrx_word' id='word_1_210' title='bbox 1999 1869 2052 1922; x_wconf 92' lang='lat' dir='ltr'><strong>in</strong></span> 
     </span>
    </p>
   </div>
   <div class='ocr_carea' id='block_1_30' title="bbox 2161 1865 3735 1939">
    <p class='ocr_par' dir='ltr' id='par_1_30' title="bbox 2161 1865 3735 1939">
     <span class='ocr_line' id='line_1_30' title="bbox 2161 1865 3735 1939; baseline -0.003 -17"><span class='ocrx_word' id='word_1_211' title='bbox 2161 1871 2270 1922; x_wconf 78' lang='grc' dir='ltr'><strong>Καὶ</strong></span> <span class='ocrx_word' id='word_1_212' title='bbox 2299 1869 2630 1939; x_wconf 73' lang='grc' dir='ltr'>ἐμεμφόμην</span> <span class='ocrx_word' id='word_1_213' title='bbox 2658 1867 2916 1928; x_wconf 76' lang='grc' dir='ltr'>ἐπιεικῶς</span> <span class='ocrx_word' id='word_1_214' title='bbox 2939 1866 3037 1934; x_wconf 85' lang='grc' dir='ltr'>τῆς</span> <span class='ocrx_word' id='word_1_215' title='bbox 3070 1865 3242 1934; x_wconf 81' lang='grc' dir='ltr'>λήθης</span> <span class='ocrx_word' id='word_1_216' title='bbox 3288 1866 3380 1918; x_wconf 72' lang='grc' dir='ltr'>τὸν</span> <span class='ocrx_word' id='word_1_217' title='bbox 3427 1865 3620 1936; x_wconf 73' lang='grc' dir='ltr'>ἄνδρα,</span> <span class='ocrx_word' id='word_1_218' title='bbox 3652 1867 3735 1918; x_wconf 83' lang='grc' dir='ltr'>ὅτι</span> 
     </span>
    </p>
   </div>
   <div class='ocr_carea' id='block_1_31' title="bbox 488 1959 2057 2031">
    <p class='ocr_par' dir='ltr' id='par_1_31' title="bbox 488 1959 2057 2031">
     <span class='ocr_line' id='line_1_31' title="bbox 488 1959 2057 2031; baseline 0.001 -19"><span class='ocrx_word' id='word_1_219' title='bbox 488 1961 846 2029; x_wconf 76' lang='lat' dir='ltr'><strong>opprobrium</strong></span> <span class='ocrx_word' id='word_1_220' title='bbox 885 1960 1060 2026; x_wconf 90' lang='lat' dir='ltr'><strong>verti,</strong></span> <span class='ocrx_word' id='word_1_221' title='bbox 1094 1961 1240 2031; x_wconf 88' lang='lat' dir='ltr'><strong>quod</strong></span> <span class='ocrx_word' id='word_1_222' title='bbox 1279 1969 1368 2015; x_wconf 83' lang='lat' dir='ltr'><strong>res</strong></span> <span class='ocrx_word' id='word_1_223' title='bbox 1404 1961 1626 2030; x_wconf 76' lang='lat' dir='ltr'><strong>quidem</strong></span> <span class='ocrx_word' id='word_1_224' title='bbox 1660 1971 1774 2016; x_wconf 75' lang='lat' dir='ltr'><strong>non</strong></span> <span class='ocrx_word' id='word_1_225' title='bbox 1809 1961 1884 2017; x_wconf 87' lang='lat' dir='ltr'><strong>ita</strong></span> <span class='ocrx_word' id='word_1_226' title='bbox 1920 1959 2057 2015; x_wconf 86' lang='lat' dir='ltr'><strong>mibi</strong></span> 
     </span>
    </p>
   </div>
   <div class='ocr_carea' id='block_1_32' title="bbox 489 2051 2055 2113">
    <p class='ocr_par' dir='ltr' id='par_1_32' title="bbox 489 2051 2055 2113">
     <span class='ocr_line' id='line_1_32' title="bbox 489 2051 2055 2113; baseline 0.002 -11"><span class='ocrx_word' id='word_1_227' title='bbox 489 2051 678 2103; x_wconf 84' lang='lat' dir='ltr'><strong>auditu</strong></span> <span class='ocrx_word' id='word_1_228' title='bbox 733 2052 1075 2106; x_wconf 85' lang='lat' dir='ltr'><strong>necessarias</strong></span> <span class='ocrx_word' id='word_1_229' title='bbox 1125 2067 1350 2107; x_wconf 87' lang='lat' dir='ltr'><strong>narrare</strong></span> <span class='ocrx_word' id='word_1_230' title='bbox 1398 2061 1506 2106; x_wconf 87' lang='lat' dir='ltr'><strong>tam</strong></span> <span class='ocrx_word' id='word_1_231' title='bbox 1553 2053 1719 2107; x_wconf 86' lang='lat' dir='ltr'><strong>enixe</strong></span> <span class='ocrx_word' id='word_1_232' title='bbox 1769 2052 2055 2113; x_wconf 88' lang='lat' dir='ltr'><strong>studeret,</strong></span> 
     </span>
    </p>
   </div>
   <div class='ocr_carea' id='block_1_33' title="bbox 491 2143 2054 2214">
    <p class='ocr_par' dir='ltr' id='par_1_33' title="bbox 491 2143 2054 2214">
     <span class='ocr_line' id='line_1_33' title="bbox 491 2143 2054 2214; baseline 0.001 -20"><span class='ocrx_word' id='word_1_233' title='bbox 491 2143 808 2196; x_wconf 86' lang='lat' dir='ltr'><strong>memoriam</strong></span> <span class='ocrx_word' id='word_1_234' title='bbox 838 2152 1021 2195; x_wconf 85' lang='lat' dir='ltr'><strong>autem</strong></span> <span class='ocrx_word' id='word_1_235' title='bbox 1055 2158 1244 2197; x_wconf 88' lang='lat' dir='ltr'><strong>earum</strong></span> <span class='ocrx_word' id='word_1_236' title='bbox 1281 2160 1462 2198; x_wconf 89' lang='lat' dir='ltr'><strong>rerum</strong></span> <span class='ocrx_word' id='word_1_237' title='bbox 1487 2183 1502 2209; x_wconf 87' lang='lat'><strong>,</strong></span> <span class='ocrx_word' id='word_1_238' title='bbox 1532 2160 1658 2214; x_wconf 79' lang='lat' dir='ltr'><strong>qua:</strong></span> <span class='ocrx_word' id='word_1_239' title='bbox 1689 2144 1848 2199; x_wconf 84' lang='lat' dir='ltr'><strong>nobis</strong></span> <span class='ocrx_word' id='word_1_240' title='bbox 1881 2144 2054 2196; x_wconf 80' lang='lat' dir='ltr'><strong>maxi-</strong></span> 
     </span>
    </p>
   </div>
   <div class='ocr_carea' id='block_1_34' title="bbox 488 2234 2058 2305">
    <p class='ocr_par' dir='ltr' id='par_1_34' title="bbox 488 2234 2058 2305">
     <span class='ocr_line' id='line_1_34' title="bbox 488 2234 2058 2305; baseline 0.001 -19"><span class='ocrx_word' id='word_1_241' title='bbox 488 2249 576 2286; x_wconf 87' lang='lat' dir='ltr'><strong>me</strong></span> <span class='ocrx_word' id='word_1_242' title='bbox 604 2234 1004 2303; x_wconf 76' lang='lat' dir='ltr'><strong>cognoscendae</strong></span> <span class='ocrx_word' id='word_1_243' title='bbox 1038 2244 1225 2288; x_wconf 89' lang='lat' dir='ltr'><strong>essent</strong></span> <span class='ocrx_word' id='word_1_244' title='bbox 1255 2243 1310 2288; x_wconf 94' lang='lat' dir='ltr'><strong>et</strong></span> <span class='ocrx_word' id='word_1_245' title='bbox 1341 2250 1477 2304; x_wconf 89' lang='lat' dir='ltr'><strong>quas</strong></span> <span class='ocrx_word' id='word_1_246' title='bbox 1514 2236 1734 2305; x_wconf 87' lang='lat' dir='ltr'><strong>pietatis</strong></span> <span class='ocrx_word' id='word_1_247' title='bbox 1765 2249 1930 2290; x_wconf 87' lang='lat' dir='ltr'><strong>causa</strong></span> <span class='ocrx_word' id='word_1_248' title='bbox 1960 2249 2058 2287; x_wconf 89' lang='lat' dir='ltr'><strong>ve-</strong></span> 
     </span>
    </p>
   </div>
   <div class='ocr_carea' id='block_1_35' title="bbox 489 2320 2056 2392">
    <p class='ocr_par' dir='ltr' id='par_1_35' title="bbox 489 2320 2056 2392">
     <span class='ocr_line' id='line_1_35' title="bbox 489 2320 2056 2392; baseline -0.003 -16"><span class='ocrx_word' id='word_1_249' title='bbox 489 2337 650 2392; x_wconf 85' lang='lat' dir='ltr'><strong>spera</strong></span> <span class='ocrx_word' id='word_1_250' title='bbox 687 2332 744 2377; x_wconf 91' lang='lat' dir='ltr'><strong>et</strong></span> <span class='ocrx_word' id='word_1_251' title='bbox 784 2331 943 2378; x_wconf 69' lang='lat' dir='ltr'><strong>m‘ane</strong></span> <span class='ocrx_word' id='word_1_252' title='bbox 981 2331 1037 2376; x_wconf 89' lang='lat' dir='ltr'><strong>et</strong></span> <span class='ocrx_word' id='word_1_253' title='bbox 1067 2322 1299 2376; x_wconf 86' lang='lat' dir='ltr'><strong>meridie</strong></span> <span class='ocrx_word' id='word_1_254' title='bbox 1329 2321 1775 2376; x_wconf 80' lang='lat' dir='ltr'><strong>audiredulcius</strong></span> <span class='ocrx_word' id='word_1_255' title='bbox 1805 2320 1939 2374; x_wconf 89' lang='lat' dir='ltr'><strong>mihi</strong></span> <span class='ocrx_word' id='word_1_256' title='bbox 1971 2321 2056 2373; x_wconf 88' lang='lat' dir='ltr'><strong>vi-</strong></span> 
     </span>
    </p>
   </div>
   <div class='ocr_carea' id='block_1_36' title="bbox 489 2411 2059 2485">
    <p class='ocr_par' dir='ltr' id='par_1_36' title="bbox 489 2411 2059 2485">
     <span class='ocr_line' id='line_1_36' title="bbox 489 2411 2059 2485; baseline -0.002 -19"><span class='ocrx_word' id='word_1_257' title='bbox 489 2417 714 2470; x_wconf 83' lang='lat' dir='ltr'><strong>deretur</strong></span> <span class='ocrx_word' id='word_1_258' title='bbox 749 2430 914 2484; x_wconf 85' lang='lat' dir='ltr'><strong>quam</strong></span> <span class='ocrx_word' id='word_1_259' title='bbox 955 2415 998 2468; x_wconf 89' lang='lat' dir='ltr'><strong>si</strong></span> <span class='ocrx_word' id='word_1_260' title='bbox 1041 2415 1269 2470; x_wconf 60' lang='lat' dir='ltr'><strong>Croesus</strong></span> <span class='ocrx_word' id='word_1_261' title='bbox 1301 2413 1487 2485; x_wconf 85' lang='lat' dir='ltr'><strong>Lydus</strong></span> <span class='ocrx_word' id='word_1_262' title='bbox 1519 2412 1639 2466; x_wconf 85' lang='lat' dir='ltr'><strong>auri</strong></span> <span class='ocrx_word' id='word_1_263' title='bbox 1675 2412 1810 2466; x_wconf 91' lang='lat' dir='ltr'><strong>mihi</strong></span> <span class='ocrx_word' id='word_1_264' title='bbox 1842 2411 2059 2466; x_wconf 86' lang='lat' dir='ltr'><strong>modios</strong></span> 
     </span>
    </p>
   </div>
   <div class='ocr_carea' id='block_1_37' title="bbox 488 2499 2057 2576">
    <p class='ocr_par' dir='ltr' id='par_1_37' title="bbox 488 2499 2057 2576">
     <span class='ocr_line' id='line_1_37' title="bbox 488 2499 2057 2576; baseline -0.003 -16"><span class='ocrx_word' id='word_1_265' title='bbox 488 2507 805 2576; x_wconf 84' lang='lat' dir='ltr'><strong>largiretur,</strong></span> <span class='ocrx_word' id='word_1_266' title='bbox 823 2507 1104 2561; x_wconf 84' lang='lat' dir='ltr'><strong>oblivione</strong></span> <span class='ocrx_word' id='word_1_267' title='bbox 1125 2505 1557 2576; x_wconf 78' lang='lat' dir='ltr'><strong>profundissima</strong></span> <span class='ocrx_word' id='word_1_268' title='bbox 1580 2503 1876 2568; x_wconf 82' lang='lat' dir='ltr'><strong>obruisset,</strong></span> <span class='ocrx_word' id='word_1_269' title='bbox 1899 2499 2057 2571; x_wconf 83' lang='lat' dir='ltr'><strong>quasi</strong></span> 
     </span>
    </p>
   </div>
   <div class='ocr_carea' id='block_1_38' title="bbox 493 2594 2058 2669">
    <p class='ocr_par' dir='ltr' id='par_1_38' title="bbox 493 2594 2058 2669">
     <span class='ocr_line' id='line_1_38' title="bbox 493 2594 2058 2669; baseline -0.004 -17"><span class='ocrx_word' id='word_1_270' title='bbox 493 2616 602 2654; x_wconf 92' lang='lat' dir='ltr'><strong>non</strong></span> <span class='ocrx_word' id='word_1_271' title='bbox 645 2599 762 2669; x_wconf 72' lang='lat' dir='ltr'><strong>ipse</strong></span> <span class='ocrx_word' id='word_1_272' title='bbox 795 2609 945 2654; x_wconf 82' lang='lat' dir='ltr'><strong>esset</strong></span> <span class='ocrx_word' id='word_1_273' title='bbox 985 2599 1068 2662; x_wconf 93' lang='lat' dir='ltr'><strong>is,</strong></span> <span class='ocrx_word' id='word_1_274' title='bbox 1109 2599 1203 2668; x_wconf 86' lang='lat' dir='ltr'><strong>qui</strong></span> <span class='ocrx_word' id='word_1_275' title='bbox 1247 2597 1465 2652; x_wconf 86' lang='lat' dir='ltr'><strong>initium</strong></span> <span class='ocrx_word' id='word_1_276' title='bbox 1505 2609 1730 2649; x_wconf 86' lang='lat' dir='ltr'><strong>suarum</strong></span> <span class='ocrx_word' id='word_1_277' title='bbox 1781 2594 2058 2648; x_wconf 84' lang='lat' dir='ltr'><strong>narratio-</strong></span> 
     </span>
    </p>
   </div>
   <div class='ocr_carea' id='block_1_39' title="bbox 490 2683 2060 2758">
    <p class='ocr_par' dir='ltr' id='par_1_39' title="bbox 490 2683 2060 2758">
     <span class='ocr_line' id='line_1_39' title="bbox 490 2683 2060 2758; baseline -0.005 -14"><span class='ocrx_word' id='word_1_278' title='bbox 490 2707 622 2745; x_wconf 91' lang='lat' dir='ltr'><strong>num</strong></span> <span class='ocrx_word' id='word_1_279' title='bbox 671 2690 740 2745; x_wconf 90' lang='lat' dir='ltr'><strong>ab</strong></span> <span class='ocrx_word' id='word_1_280' title='bbox 782 2690 1039 2744; x_wconf 77' lang='lat' dir='ltr'><strong>Ecclesia:</strong></span> <span class='ocrx_word' id='word_1_281' title='bbox 1078 2689 1391 2758; x_wconf 77' lang='lat' dir='ltr'><strong>naufragiis</strong></span> <span class='ocrx_word' id='word_1_282' title='bbox 1441 2686 1718 2749; x_wconf 67' lang='lat' dir='ltr'><strong>duxisset,</strong></span> <span class='ocrx_word' id='word_1_283' title='bbox 1764 2683 1911 2754; x_wconf 85' lang='lat' dir='ltr'><strong>quod</strong></span> <span class='ocrx_word' id='word_1_284' title='bbox 1955 2697 2060 2752; x_wconf 90' lang='lat' dir='ltr'><strong>pro</strong></span> 
     </span>
    </p>
   </div>
   <div class='ocr_carea' id='block_1_40' title="bbox 487 2776 2060 2852">
    <p class='ocr_par' dir='ltr' id='par_1_40' title="bbox 487 2776 2060 2852">
     <span class='ocr_line' id='line_1_40' title="bbox 487 2776 2060 2852; baseline -0.004 -16"><span class='ocrx_word' id='word_1_285' title='bbox 487 2784 684 2852; x_wconf 70' lang='lat' dir='ltr'><strong>patriis</strong></span> <span class='ocrx_word' id='word_1_286' title='bbox 717 2782 1003 2852; x_wconf 81' lang='lat' dir='ltr'><strong>religionis</strong></span> <span class='ocrx_word' id='word_1_287' title='bbox 1037 2780 1308 2836; x_wconf 76' lang='lat' dir='ltr'><strong>institutis</strong></span> <span class='ocrx_word' id='word_1_288' title='bbox 1342 2779 1576 2834; x_wconf 60' lang='lat' dir='ltr'><strong>Palatina:</strong></span> <span class='ocrx_word' id='word_1_289' title='bbox 1609 2793 1749 2832; x_wconf 88' lang='lat' dir='ltr'><strong>nova</strong></span> <span class='ocrx_word' id='word_1_290' title='bbox 1789 2785 1955 2847; x_wconf 81' lang='lat' dir='ltr'><strong>atque</strong></span> <span class='ocrx_word' id='word_1_291' title='bbox 1995 2776 2060 2830; x_wconf 88' lang='lat' dir='ltr'><strong>il-</strong></span> 
     </span>
    </p>
   </div>
   <div class='ocr_carea' id='block_1_41' title="bbox 490 2869 2056 2944">
    <p class='ocr_par' dir='ltr' id='par_1_41' title="bbox 490 2869 2056 2944">
     <span class='ocr_line' id='line_1_41' title="bbox 490 2869 2056 2944; baseline -0.004 -16"><span class='ocrx_word' id='word_1_292' title='bbox 490 2875 732 2944; x_wconf 85' lang='lat' dir='ltr'><strong>legitima</strong></span> <span class='ocrx_word' id='word_1_293' title='bbox 785 2875 1041 2942; x_wconf 81' lang='lat' dir='ltr'><strong>dogmata</strong></span> <span class='ocrx_word' id='word_1_294' title='bbox 1092 2873 1337 2941; x_wconf 82' lang='lat' dir='ltr'><strong>irrepere</strong></span> <span class='ocrx_word' id='word_1_295' title='bbox 1384 2871 1617 2926; x_wconf 76' lang='lat' dir='ltr'><strong>vidisset</strong></span> <span class='ocrx_word' id='word_1_296' title='bbox 1663 2869 1830 2939; x_wconf 84' lang='lat' dir='ltr'><strong>idque</strong></span> <span class='ocrx_word' id='word_1_297' title='bbox 1876 2869 2056 2938; x_wconf 87' lang='lat' dir='ltr'><strong>ipsum</strong></span> 
     </span>
    </p>
   </div>
   <div class='ocr_carea' id='block_1_42' title="bbox 487 2958 2059 3034">
    <p class='ocr_par' dir='ltr' id='par_1_42' title="bbox 487 2958 2059 3034">
     <span class='ocr_line' id='line_1_42' title="bbox 487 2958 2059 3034; baseline -0.003 -16"><span class='ocrx_word' id='word_1_298' title='bbox 487 2982 590 3034; x_wconf 89' lang='lat' dir='ltr'><strong>pro</strong></span> <span class='ocrx_word' id='word_1_299' title='bbox 630 2981 793 3020; x_wconf 82' lang='lat' dir='ltr'><strong>causa</strong></span> <span class='ocrx_word' id='word_1_300' title='bbox 834 2964 1216 3019; x_wconf 84' lang='lat' dir='ltr'><strong>conversionis</strong></span> <span class='ocrx_word' id='word_1_301' title='bbox 1255 2977 1441 3016; x_wconf 85' lang='lat' dir='ltr'><strong>rerum</strong></span> <span class='ocrx_word' id='word_1_302' title='bbox 1481 2961 1828 3031; x_wconf 77' lang='lat' dir='ltr'><strong>publicarum</strong></span> <span class='ocrx_word' id='word_1_303' title='bbox 1867 2958 1922 3013; x_wconf 90' lang='lat' dir='ltr'><strong>in</strong></span> <span class='ocrx_word' id='word_1_304' title='bbox 1964 2959 2059 3014; x_wconf 81' lang='lat' dir='ltr'><strong>de-</strong></span> 
     </span>
    </p>
   </div>
   <div class='ocr_carea' id='block_1_43' title="bbox 487 3050 2059 3125">
    <p class='ocr_par' dir='ltr' id='par_1_43' title="bbox 487 3050 2059 3125">
     <span class='ocr_line' id='line_1_43' title="bbox 487 3050 2059 3125; baseline -0.003 -15"><span class='ocrx_word' id='word_1_305' title='bbox 487 3059 750 3111; x_wconf 76' lang='lat' dir='ltr'><strong>leviorem</strong></span> <span class='ocrx_word' id='word_1_306' title='bbox 795 3056 1167 3110; x_wconf 78' lang='lat' dir='ltr'><strong>conditionem</strong></span> <span class='ocrx_word' id='word_1_307' title='bbox 1209 3069 1433 3125; x_wconf 62' lang='lat' dir='ltr'><strong>suaeque</strong></span> <span class='ocrx_word' id='word_1_308' title='bbox 1479 3052 1863 3108; x_wconf 78' lang='lat' dir='ltr'><strong>involuntariae</strong></span> <span class='ocrx_word' id='word_1_309' title='bbox 1917 3050 2059 3120; x_wconf 59' lang='lat' dir='ltr'><strong>fugat</strong></span> 
     </span>
    </p>
   </div>
   <div class='ocr_carea' id='block_1_44' title="bbox 487 3142 2056 3214">
    <p class='ocr_par' dir='ltr' id='par_1_44' title="bbox 487 3142 2056 3214">
     <span class='ocr_line' id='line_1_44' title="bbox 487 3142 2056 3214; baseline -0.004 -12"><span class='ocrx_word' id='word_1_310' title='bbox 487 3151 794 3204; x_wconf 79' lang='lat' dir='ltr'><strong>habuisset.</strong></span> <span class='ocrx_word' id='word_1_311' title='bbox 850 3149 1156 3213; x_wconf 74' lang='lat' dir='ltr'><strong>Quamnam</strong></span> <span class='ocrx_word' id='word_1_312' title='bbox 1204 3161 1335 3200; x_wconf 84' lang='lat' dir='ltr'><strong>vero</strong></span> <span class='ocrx_word' id='word_1_313' title='bbox 1374 3146 1570 3208; x_wconf 86' lang='lat' dir='ltr'><strong>aliam,</strong></span> <span class='ocrx_word' id='word_1_314' title='bbox 1607 3143 1870 3214; x_wconf 81' lang='lat' dir='ltr'><strong>inquam,</strong></span> <span class='ocrx_word' id='word_1_315' title='bbox 1910 3142 2056 3212; x_wconf 85' lang='lat' dir='ltr'><strong>opti-</strong></span> 
     </span>
    </p>
   </div>
   <div class='ocr_carea' id='block_1_45' title="bbox 491 3233 2055 3307">
    <p class='ocr_par' dir='ltr' id='par_1_45' title="bbox 491 3233 2055 3307">
     <span class='ocr_line' id='line_1_45' title="bbox 491 3233 2055 3307; baseline -0.004 -13"><span class='ocrx_word' id='word_1_316' title='bbox 491 3257 577 3295; x_wconf 87' lang='lat' dir='ltr'><strong>mc</strong></span> <span class='ocrx_word' id='word_1_317' title='bbox 635 3240 939 3294; x_wconf 85' lang='lat' dir='ltr'><strong>amicorum</strong></span> <span class='ocrx_word' id='word_1_318' title='bbox 995 3236 1402 3307; x_wconf 80' lang='lat' dir='ltr'><strong>Agathangele,</strong></span> <span class='ocrx_word' id='word_1_319' title='bbox 1453 3235 1696 3290; x_wconf 85' lang='lat' dir='ltr'><strong>debebas</strong></span> <span class='ocrx_word' id='word_1_320' title='bbox 1752 3233 2055 3304; x_wconf 64' lang='lat' dir='ltr'><strong>colligere?</strong></span> 
     </span>
    </p>
   </div>
   <div class='ocr_carea' id='block_1_46' title="bbox 488 3322 2056 3396">
    <p class='ocr_par' dir='ltr' id='par_1_46' title="bbox 488 3322 2056 3396">
     <span class='ocr_line' id='line_1_46' title="bbox 488 3322 2056 3396; baseline -0.004 -15"><span class='ocrx_word' id='word_1_321' title='bbox 488 3343 654 3396; x_wconf 88' lang='lat' dir='ltr'><strong>quam</strong></span> <span class='ocrx_word' id='word_1_322' title='bbox 706 3329 868 3380; x_wconf 88' lang='lat' dir='ltr'><strong>aliam</strong></span> <span class='ocrx_word' id='word_1_323' title='bbox 913 3325 1285 3379; x_wconf 84' lang='lat' dir='ltr'><strong>narrationem</strong></span> <span class='ocrx_word' id='word_1_324' title='bbox 1340 3324 1442 3378; x_wconf 83' lang='lat' dir='ltr'><strong>hac</strong></span> <span class='ocrx_word' id='word_1_325' title='bbox 1473 3322 1578 3393; x_wconf 66' lang='lat'><strong>21</strong></span> <span class='ocrx_word' id='word_1_326' title='bbox 1611 3323 2056 3392; x_wconf 60' lang='lat' dir='ltr'><strong>prastantiorem</strong></span> 
     </span>
    </p>
   </div>
   <div class='ocr_carea' id='block_1_47' title="bbox 489 3413 2056 3487">
    <p class='ocr_par' dir='ltr' id='par_1_47' title="bbox 489 3413 2056 3487">
     <span class='ocr_line' id='line_1_47' title="bbox 489 3413 2056 3487; baseline -0.003 -15"><span class='ocrx_word' id='word_1_327' title='bbox 489 3429 658 3487; x_wconf 85' lang='lat' dir='ltr'><strong>atque</strong></span> <span class='ocrx_word' id='word_1_328' title='bbox 711 3419 1097 3487; x_wconf 87' lang='lat' dir='ltr'><strong>pretiosiorem</strong></span> <span class='ocrx_word' id='word_1_329' title='bbox 1139 3415 1371 3485; x_wconf 82' lang='lat' dir='ltr'><strong>putabas</strong></span> <span class='ocrx_word' id='word_1_330' title='bbox 1409 3416 1546 3470; x_wconf 79' lang='lat' dir='ltr'><strong>mihi</strong></span> <span class='ocrx_word' id='word_1_331' title='bbox 1583 3415 1932 3470; x_wconf 78' lang='lat' dir='ltr'><strong>extrinsecus</strong></span> <span class='ocrx_word' id='word_1_332' title='bbox 1975 3413 2056 3468; x_wconf 77' lang='lat' dir='ltr'><strong>af-</strong></span> 
     </span>
    </p>
   </div>
   <div class='ocr_carea' id='block_1_48' title="bbox 491 3506 2058 3580">
    <p class='ocr_par' dir='ltr' id='par_1_48' title="bbox 491 3506 2058 3580">
     <span class='ocr_line' id='line_1_48' title="bbox 491 3506 2058 3580; baseline -0.002 -16"><span class='ocrx_word' id='word_1_333' title='bbox 491 3512 638 3565; x_wconf 73' lang='lat' dir='ltr'><strong>ferre</strong></span> <span class='ocrx_word' id='word_1_334' title='bbox 689 3511 891 3580; x_wconf 84' lang='lat' dir='ltr'><strong>posse?</strong></span> <span class='ocrx_word' id='word_1_335' title='bbox 929 3508 1074 3578; x_wconf 89' lang='lat' dir='ltr'><strong>quod</strong></span> <span class='ocrx_word' id='word_1_336' title='bbox 1129 3509 1278 3562; x_wconf 86' lang='lat' dir='ltr'><strong>aliud</strong></span> <span class='ocrx_word' id='word_1_337' title='bbox 1328 3507 1710 3578; x_wconf 69' lang='lat' dir='ltr'><strong>pulcherrimae</strong></span> <span class='ocrx_word' id='word_1_338' title='bbox 1761 3506 2058 3576; x_wconf 84' lang='lat' dir='ltr'><strong>voluptatis</strong></span> 
     </span>
    </p>
   </div>
   <div class='ocr_carea' id='block_1_49' title="bbox 492 3598 2056 3670">
    <p class='ocr_par' dir='ltr' id='par_1_49' title="bbox 492 3598 2056 3670">
     <span class='ocr_line' id='line_1_49' title="bbox 492 3598 2056 3670; baseline -0.003 -15"><span class='ocrx_word' id='word_1_339' title='bbox 492 3603 874 3669; x_wconf 69' lang='lat' dir='ltr'><strong>adiumentum</strong></span> <span class='ocrx_word' id='word_1_340' title='bbox 913 3600 1124 3655; x_wconf 67' lang='lat' dir='ltr'><strong>&quot;nostris</strong></span> <span class='ocrx_word' id='word_1_341' title='bbox 1163 3599 1521 3670; x_wconf 88' lang='lat' dir='ltr'><strong>pepularibus</strong></span> <span class='ocrx_word' id='word_1_342' title='bbox 1558 3599 1924 3653; x_wconf 77' lang='lat' dir='ltr'><strong>orthodoxam</strong></span> <span class='ocrx_word' id='word_1_343' title='bbox 1965 3598 2056 3651; x_wconf 93' lang='lat' dir='ltr'><strong>hic</strong></span> 
     </span>
    </p>
   </div>
   <div class='ocr_carea' id='block_1_50' title="bbox 493 3691 2056 3762">
    <p class='ocr_par' dir='ltr' id='par_1_50' title="bbox 493 3691 2056 3762">
     <span class='ocr_line' id='line_1_50' title="bbox 493 3691 2056 3762; baseline -0.004 -14"><span class='ocrx_word' id='word_1_344' title='bbox 493 3694 652 3748; x_wconf 78' lang='lat' dir='ltr'><strong>ﬁdem</strong></span> <span class='ocrx_word' id='word_1_345' title='bbox 687 3693 1017 3747; x_wconf 86' lang='lat' dir='ltr'><strong>tuentibus?</strong></span> <span class='ocrx_word' id='word_1_346' title='bbox 1059 3692 1160 3757; x_wconf 80' lang='lat' dir='ltr'><strong>Qui</strong></span> <span class='ocrx_word' id='word_1_347' title='bbox 1207 3693 1426 3762; x_wconf 87' lang='lat' dir='ltr'><strong>quidem</strong></span> <span class='ocrx_word' id='word_1_348' title='bbox 1471 3691 1656 3746; x_wconf 85' lang='lat' dir='ltr'><strong>cuncti</strong></span> <span class='ocrx_word' id='word_1_349' title='bbox 1692 3692 2056 3747; x_wconf 70' lang='lat' dir='ltr'><strong>vehementer</strong></span> 
     </span>
    </p>
   </div>
   <div class='ocr_carea' id='block_1_51' title="bbox 489 3782 2056 3854">
    <p class='ocr_par' dir='ltr' id='par_1_51' title="bbox 489 3782 2056 3854">
     <span class='ocr_line' id='line_1_51' title="bbox 489 3782 2056 3854; baseline -0.004 -15"><span class='ocrx_word' id='word_1_350' title='bbox 489 3784 718 3854; x_wconf 88' lang='lat' dir='ltr'><strong>cupiant</strong></span> <span class='ocrx_word' id='word_1_351' title='bbox 741 3784 882 3838; x_wconf 81' lang='lat' dir='ltr'><strong>seire</strong></span> <span class='ocrx_word' id='word_1_352' title='bbox 903 3826 918 3847; x_wconf 92' lang='lat'><strong>,</strong></span> <span class='ocrx_word' id='word_1_353' title='bbox 947 3784 1224 3852; x_wconf 85' lang='lat' dir='ltr'><strong>quomodo</strong></span> <span class='ocrx_word' id='word_1_354' title='bbox 1255 3793 1419 3838; x_wconf 71' lang='lat' dir='ltr'><strong>tanta:</strong></span> <span class='ocrx_word' id='word_1_355' title='bbox 1452 3782 1782 3838; x_wconf 76' lang='lat' dir='ltr'><strong>calamitatis</strong></span> <span class='ocrx_word' id='word_1_356' title='bbox 1803 3821 1818 3847; x_wconf 89' lang='lat'><strong>,</strong></span> <span class='ocrx_word' id='word_1_357' title='bbox 1849 3788 2056 3850; x_wconf 83' lang='lat' dir='ltr'><strong>quanta</strong></span> 
     </span>
    </p>
   </div>
   <div class='ocr_carea' id='block_1_52' title="bbox 492 3871 2056 3940">
    <p class='ocr_par' dir='ltr' id='par_1_52' title="bbox 492 3871 2056 3940">
     <span class='ocr_line' id='line_1_52' title="bbox 492 3871 2056 3940; baseline -0.004 -9"><span class='ocrx_word' id='word_1_358' title='bbox 492 3877 587 3932; x_wconf 82' lang='lat' dir='ltr'><strong>Dei</strong></span> <span class='ocrx_word' id='word_1_359' title='bbox 615 3877 858 3930; x_wconf 88' lang='lat' dir='ltr'><strong>Ecclesia</strong></span> <span class='ocrx_word' id='word_1_360' title='bbox 885 3876 1081 3930; x_wconf 82' lang='lat' dir='ltr'><strong>atllicta</strong></span> <span class='ocrx_word' id='word_1_361' title='bbox 1103 3884 1188 3929; x_wconf 88' lang='lat' dir='ltr'><strong>est</strong></span> <span class='ocrx_word' id='word_1_362' title='bbox 1208 3916 1222 3940; x_wconf 88' lang='lat'><strong>,</strong></span> <span class='ocrx_word' id='word_1_363' title='bbox 1251 3875 1390 3929; x_wconf 80' lang='lat' dir='ltr'><strong>fama</strong></span> <span class='ocrx_word' id='word_1_364' title='bbox 1419 3876 1638 3930; x_wconf 88' lang='lat' dir='ltr'><strong>illorum</strong></span> <span class='ocrx_word' id='word_1_365' title='bbox 1668 3875 1838 3929; x_wconf 81' lang='lat' dir='ltr'><strong>animi</strong></span> <span class='ocrx_word' id='word_1_366' title='bbox 1869 3871 2056 3927; x_wconf 82' lang='lat' dir='ltr'><strong>all‘ecti</strong></span> 
     </span>
    </p>
   </div>
   <div class='ocr_carea' id='block_1_53' title="bbox 491 3965 2056 4037">
    <p class='ocr_par' dir='ltr' id='par_1_53' title="bbox 491 3965 2056 4037">
     <span class='ocr_line' id='line_1_53' title="bbox 491 3965 2056 4037; baseline -0.004 -14"><span class='ocrx_word' id='word_1_367' title='bbox 491 3967 700 4023; x_wconf 81' lang='lat' dir='ltr'><strong>fuerint</strong></span> <span class='ocrx_word' id='word_1_368' title='bbox 731 3983 856 4020; x_wconf 89' lang='lat' dir='ltr'><strong>cum</strong></span> <span class='ocrx_word' id='word_1_369' title='bbox 881 3967 1099 4037; x_wconf 91' lang='lat' dir='ltr'><strong>scriptis</strong></span> <span class='ocrx_word' id='word_1_370' title='bbox 1134 3967 1461 4022; x_wconf 81' lang='lat' dir='ltr'><strong>moustrosis</strong></span> <span class='ocrx_word' id='word_1_371' title='bbox 1495 3967 1570 4031; x_wconf 91' lang='lat' dir='ltr'><strong>ii,</strong></span> <span class='ocrx_word' id='word_1_372' title='bbox 1601 3967 1698 4036; x_wconf 90' lang='lat' dir='ltr'><strong>qui</strong></span> <span class='ocrx_word' id='word_1_373' title='bbox 1730 3975 1844 4019; x_wconf 89' lang='lat' dir='ltr'><strong>tum</strong></span> <span class='ocrx_word' id='word_1_374' title='bbox 1879 3965 2056 4019; x_wconf 83' lang='lat' dir='ltr'><strong>domi-</strong></span> 
     </span>
    </p>
   </div>
   <div class='ocr_carea' id='block_1_54' title="bbox 491 4059 2058 4134">
    <p class='ocr_par' dir='ltr' id='par_1_54' title="bbox 491 4059 2058 4134">
     <span class='ocr_line' id='line_1_54' title="bbox 491 4059 2058 4134; baseline -0.005 -14"><span class='ocrx_word' id='word_1_375' title='bbox 491 4069 784 4128; x_wconf 87' lang='lat' dir='ltr'><strong>nabantur,</strong></span> <span class='ocrx_word' id='word_1_376' title='bbox 813 4065 932 4134; x_wconf 73' lang='lat' dir='ltr'><strong>pius</strong></span> <span class='ocrx_word' id='word_1_377' title='bbox 957 4064 1210 4119; x_wconf 86' lang='lat' dir='ltr'><strong>homines</strong></span> <span class='ocrx_word' id='word_1_378' title='bbox 1236 4074 1350 4118; x_wconf 92' lang='lat' dir='ltr'><strong>toto</strong></span> <span class='ocrx_word' id='word_1_379' title='bbox 1373 4063 1508 4118; x_wconf 89' lang='lat' dir='ltr'><strong>orbe</strong></span> <span class='ocrx_word' id='word_1_380' title='bbox 1533 4073 1804 4117; x_wconf 87' lang='lat' dir='ltr'><strong>terrarum</strong></span> <span class='ocrx_word' id='word_1_381' title='bbox 1823 4061 1884 4114; x_wconf 77' lang='lat' dir='ltr'><strong>in</strong></span> <span class='ocrx_word' id='word_1_382' title='bbox 1907 4059 2058 4113; x_wconf 84' lang='lat' dir='ltr'><strong>frau-</strong></span> 
     </span>
    </p>
   </div>
   <div class='ocr_carea' id='block_1_55' title="bbox 493 4154 2056 4223">
    <p class='ocr_par' dir='ltr' id='par_1_55' title="bbox 493 4154 2056 4223">
     <span class='ocr_line' id='line_1_55' title="bbox 493 4154 2056 4223; baseline -0.005 -11"><span class='ocrx_word' id='word_1_383' title='bbox 493 4160 616 4212; x_wconf 82' lang='lat' dir='ltr'><strong>dem</strong></span> <span class='ocrx_word' id='word_1_384' title='bbox 652 4158 913 4211; x_wconf 87' lang='lat' dir='ltr'><strong>inducere</strong></span> <span class='ocrx_word' id='word_1_385' title='bbox 946 4157 1328 4211; x_wconf 72' lang='lat' dir='ltr'><strong>adniterentur</strong></span> <span class='ocrx_word' id='word_1_386' title='bbox 1351 4155 1712 4223; x_wconf 84' lang='lat' dir='ltr'><strong>omniumque</strong></span> <span class='ocrx_word' id='word_1_387' title='bbox 1736 4154 2056 4208; x_wconf 76' lang='lat' dir='ltr'><strong>societatem</strong></span> 
     </span>
    </p>
   </div>
   <div class='ocr_carea' id='block_1_56' title="bbox 485 4242 2056 4318">
    <p class='ocr_par' dir='ltr' id='par_1_56' title="bbox 485 4242 2056 4318">
     <span class='ocr_line' id='line_1_56' title="bbox 485 4242 2056 4318; baseline -0.005 -16"><span class='ocrx_word' id='word_1_388' title='bbox 485 4255 651 4318; x_wconf 81' lang='lat' dir='ltr'><strong>atque</strong></span> <span class='ocrx_word' id='word_1_389' title='bbox 687 4263 1019 4303; x_wconf 89' lang='lat' dir='ltr'><strong>consensum</strong></span> <span class='ocrx_word' id='word_1_390' title='bbox 1051 4247 1207 4316; x_wconf 87' lang='lat' dir='ltr'><strong>quasi</strong></span> <span class='ocrx_word' id='word_1_391' title='bbox 1255 4253 1520 4315; x_wconf 68' lang='lat' dir='ltr'><strong>trepmtnn</strong></span> <span class='ocrx_word' id='word_1_392' title='bbox 1563 4242 1841 4312; x_wconf 87' lang='lat' dir='ltr'><strong>quoddam</strong></span> <span class='ocrx_word' id='word_1_393' title='bbox 1891 4251 2056 4296; x_wconf 60' lang='lat' dir='ltr'><strong>tanta!</strong></span> 
     </span>
    </p>
   </div>
   <div class='ocr_carea' id='block_1_57' title="bbox 491 4335 1896 4408">
    <p class='ocr_par' dir='ltr' id='par_1_57' title="bbox 491 4335 1896 4408">
     <span class='ocr_line' id='line_1_57' title="bbox 491 4335 1896 4408; baseline -0.005 -15"><span class='ocrx_word' id='word_1_394' title='bbox 491 4340 860 4404; x_wconf 85' lang='lat' dir='ltr'><strong>improbitatis</strong></span> <span class='ocrx_word' id='word_1_395' title='bbox 892 4339 997 4394; x_wconf 86' lang='lat' dir='ltr'><strong>sibi</strong></span> <span class='ocrx_word' id='word_1_396' title='bbox 1033 4353 1228 4408; x_wconf 86' lang='lat' dir='ltr'><strong>parare</strong></span> <span class='ocrx_word' id='word_1_397' title='bbox 1261 4337 1554 4391; x_wconf 85' lang='lat' dir='ltr'><strong>ambitiose</strong></span> <span class='ocrx_word' id='word_1_398' title='bbox 1587 4335 1896 4388; x_wconf 83' lang='lat' dir='ltr'><strong>studerent.</strong></span> 
     </span>
    </p>
   </div>
   <div class='ocr_carea' id='block_1_58' title="bbox 553 4422 2054 4496">
    <p class='ocr_par' dir='ltr' id='par_1_58' title="bbox 553 4422 2054 4496">
     <span class='ocr_line' id='line_1_58' title="bbox 553 4422 2054 4496; baseline -0.004 -14"><span class='ocrx_word' id='word_1_399' title='bbox 553 4429 652 4482; x_wconf 72' lang='lat' dir='ltr'><strong>.ill.</strong></span> <span class='ocrx_word' id='word_1_400' title='bbox 685 4428 838 4493; x_wconf 83' lang='lat' dir='ltr'><strong>Quod</strong></span> <span class='ocrx_word' id='word_1_401' title='bbox 871 4441 997 4481; x_wconf 88' lang='lat' dir='ltr'><strong>cum</strong></span> <span class='ocrx_word' id='word_1_402' title='bbox 1033 4442 1133 4496; x_wconf 78' lang='lat' dir='ltr'><strong>ego</strong></span> <span class='ocrx_word' id='word_1_403' title='bbox 1163 4427 1462 4486; x_wconf 61' lang='lat' dir='ltr'><strong>dixissem,</strong></span> <span class='ocrx_word' id='word_1_404' title='bbox 1494 4422 1904 4492; x_wconf 83' lang='lat' dir='ltr'><strong>Agathangelus</strong></span> <span class='ocrx_word' id='word_1_405' title='bbox 1926 4436 2054 4477; x_wconf 81' lang='lat' dir='ltr'><strong>&#39;ser-</strong></span> 
     </span>
    </p>
   </div>
   <div class='ocr_carea' id='block_1_59' title="bbox 2159 1957 3733 2034">
    <p class='ocr_par' dir='ltr' id='par_1_59' title="bbox 2159 1957 3733 2034">
     <span class='ocr_line' id='line_1_59' title="bbox 2159 1957 3733 2034; baseline -0.004 -19"><span class='ocrx_word' id='word_1_406' title='bbox 2159 1961 2269 2016; x_wconf 84' lang='grc' dir='ltr'>τῶν</span> <span class='ocrx_word' id='word_1_407' title='bbox 2297 1961 2374 2034; x_wconf 82' lang='grc' dir='ltr'>μὴ</span> <span class='ocrx_word' id='word_1_408' title='bbox 2407 1960 2547 2016; x_wconf 76' lang='grc' dir='ltr'>πάνυ</span> <span class='ocrx_word' id='word_1_409' title='bbox 2573 1978 2624 2012; x_wconf 89' lang='grc' dir='ltr'><strong>τι</strong></span> <span class='ocrx_word' id='word_1_410' title='bbox 2647 1957 2973 2026; x_wconf 67' lang='grc' dir='ltr'>*ἀναγκαίων</span> <span class='ocrx_word' id='word_1_411' title='bbox 3001 1957 3177 2027; x_wconf 79' lang='grc' dir='ltr'>ἔμοιγ’</span> <span class='ocrx_word' id='word_1_412' title='bbox 3211 1957 3432 2010; x_wconf 82' lang='grc' dir='ltr'>ἀκούειν</span> <span class='ocrx_word' id='word_1_413' title='bbox 3465 1957 3524 2008; x_wconf 71' lang='grc' dir='ltr'>ἐν</span> <span class='ocrx_word' id='word_1_414' title='bbox 3560 1973 3733 2024; x_wconf 78' lang='grc' dir='ltr'>φρονο</span> 
     </span>
    </p>
   </div>
   <div class='ocr_carea' id='block_1_60' title="bbox 2158 2041 3737 2120">
    <p class='ocr_par' dir='ltr' id='par_1_60' title="bbox 2158 2041 3737 2120">
     <span class='ocr_line' id='line_1_60' title="bbox 2158 2041 3737 2120; baseline -0.004 -16"><span class='ocrx_word' id='word_1_415' title='bbox 2158 2053 2265 2106; x_wconf 89' lang='grc' dir='ltr'>τίδι</span> <span class='ocrx_word' id='word_1_416' title='bbox 2314 2051 2684 2120; x_wconf 75' lang='grc' dir='ltr'>ποιησάμενος</span> <span class='ocrx_word' id='word_1_417' title='bbox 2727 2051 2792 2118; x_wconf 84' lang='grc' dir='ltr'>τῇ</span> <span class='ocrx_word' id='word_1_418' title='bbox 2842 2047 3074 2120; x_wconf 76' lang='grc' dir='ltr'>μεγίστῃ</span> <span class='ocrx_word' id='word_1_419' title='bbox 3106 2047 3382 2112; x_wconf 78' lang='grc' dir='ltr'>διεξιέναι,</span> <span class='ocrx_word' id='word_1_420' title='bbox 3411 2041 3486 2099; x_wconf 82' lang='grc' dir='ltr'>ὧν</span> <span class='ocrx_word' id='word_1_421' title='bbox 3517 2047 3650 2116; x_wconf 75' lang='grc' dir='ltr'>ἡμῖν</span> <span class='ocrx_word' id='word_1_422' title='bbox 3677 2047 3737 2108; x_wconf 75' lang='grc' dir='ltr'>ἐς</span> 
     </span>
    </p>
   </div>
   <div class='ocr_carea' id='block_1_61' title="bbox 2159 2133 3736 2212">
    <p class='ocr_par' dir='ltr' id='par_1_61' title="bbox 2159 2133 3736 2212">
     <span class='ocr_line' id='line_1_61' title="bbox 2159 2133 3736 2212; baseline -0.003 -16"><span class='ocrx_word' id='word_1_423' title='bbox 2159 2144 2228 2198; x_wconf 70' lang='grc' dir='ltr'><strong>τὰ</strong></span> <span class='ocrx_word' id='word_1_424' title='bbox 2262 2143 2482 2212; x_wconf 83' lang='grc' dir='ltr'>μάλισθ’</span> <span class='ocrx_word' id='word_1_425' title='bbox 2531 2142 2744 2212; x_wconf 74' lang='grc' dir='ltr'>ὑπῆρχε</span> <span class='ocrx_word' id='word_1_426' title='bbox 2789 2139 3088 2210; x_wconf 75' lang='grc' dir='ltr'>μανθάνειν</span> <span class='ocrx_word' id='word_1_427' title='bbox 3133 2140 3371 2208; x_wconf 82' lang='grc' dir='ltr'>ἀνάγκη,</span> <span class='ocrx_word' id='word_1_428' title='bbox 3415 2142 3510 2195; x_wconf 79' lang='grc' dir='ltr'>καὶ</span> <span class='ocrx_word' id='word_1_429' title='bbox 3537 2133 3614 2194; x_wconf 81' lang='grc' dir='ltr'>ὧν</span> <span class='ocrx_word' id='word_1_430' title='bbox 3643 2140 3736 2192; x_wconf 83' lang='grc' dir='ltr'>εύ-</span> 
     </span>
    </p>
   </div>
   <div class='ocr_carea' id='block_1_62' title="bbox 2161 2230 3736 2301">
    <p class='ocr_par' dir='ltr' id='par_1_62' title="bbox 2161 2230 3736 2301">
     <span class='ocr_line' id='line_1_62' title="bbox 2161 2230 3736 2301; baseline -0.001 -14"><span class='ocrx_word' id='word_1_431' title='bbox 2161 2235 2374 2297; x_wconf 79' lang='grc' dir='ltr'>σεσείας</span> <span class='ocrx_word' id='word_1_432' title='bbox 2427 2234 2592 2286; x_wconf 72' lang='grc' dir='ltr'>ἕνεκα</span> <span class='ocrx_word' id='word_1_433' title='bbox 2633 2232 2872 2301; x_wconf 78' lang='grc' dir='ltr'>ἑσπέρας</span> <span class='ocrx_word' id='word_1_434' title='bbox 2915 2233 3008 2284; x_wconf 78' lang='grc' dir='ltr'>καὶ</span> <span class='ocrx_word' id='word_1_435' title='bbox 3073 2231 3218 2300; x_wconf 77' lang='grc' dir='ltr'>πρωῒ</span> <span class='ocrx_word' id='word_1_436' title='bbox 3253 2232 3347 2285; x_wconf 76' lang='grc' dir='ltr'>καὶ</span> <span class='ocrx_word' id='word_1_437' title='bbox 3378 2230 3736 2301; x_wconf 75' lang='grc' dir='ltr'>μεσημϐρίας</span> 
     </span>
    </p>
   </div>
   <div class='ocr_carea' id='block_1_63' title="bbox 2157 2321 3736 2394">
    <p class='ocr_par' dir='ltr' id='par_1_63' title="bbox 2157 2321 3736 2394">
     <span class='ocr_line' id='line_1_63' title="bbox 2157 2321 3736 2394; baseline -0.001 -16"><span class='ocrx_word' id='word_1_438' title='bbox 2157 2324 2380 2378; x_wconf 76' lang='grc' dir='ltr'>ἀκούειν</span> <span class='ocrx_word' id='word_1_439' title='bbox 2417 2321 2570 2394; x_wconf 68' lang='grc' dir='ltr'>ἥδιον</span> <span class='ocrx_word' id='word_1_440' title='bbox 2615 2322 2792 2386; x_wconf 78' lang='grc' dir='ltr'>ἔδοξεν</span> <span class='ocrx_word' id='word_1_441' title='bbox 2831 2321 2898 2375; x_wconf 71' lang='grc' dir='ltr'>ἄν</span> <span class='ocrx_word' id='word_1_442' title='bbox 2946 2339 3036 2392; x_wconf 88' lang='grc' dir='ltr'><strong>μοι</strong></span> <span class='ocrx_word' id='word_1_443' title='bbox 3083 2323 3116 2394; x_wconf 83' lang='grc' dir='ltr'>ἢ</span> <span class='ocrx_word' id='word_1_444' title='bbox 3163 2323 3398 2394; x_wconf 82' lang='grc' dir='ltr'>Κροίσου</span> <span class='ocrx_word' id='word_1_445' title='bbox 3433 2322 3527 2376; x_wconf 88' lang='grc' dir='ltr'><strong>τοῦ</strong></span> <span class='ocrx_word' id='word_1_446' title='bbox 3557 2323 3736 2376; x_wconf 87' lang='grc' dir='ltr'>Λυδοῦ</span> 
     </span>
    </p>
   </div>
   <div class='ocr_carea' id='block_1_64' title="bbox 2160 2416 3737 2487">
    <p class='ocr_par' dir='ltr' id='par_1_64' title="bbox 2160 2416 3737 2487">
     <span class='ocr_line' id='line_1_64' title="bbox 2160 2416 3737 2487; baseline -0.003 -14"><span class='ocrx_word' id='word_1_447' title='bbox 2160 2417 2376 2487; x_wconf 73' lang='grc' dir='ltr'>χρυσῶν</span> <span class='ocrx_word' id='word_1_448' title='bbox 2413 2433 2502 2484; x_wconf 88' lang='grc' dir='ltr'><strong>μοι</strong></span> <span class='ocrx_word' id='word_1_449' title='bbox 2532 2419 2776 2487; x_wconf 78' lang='grc' dir='ltr'>χοίνικας</span> <span class='ocrx_word' id='word_1_450' title='bbox 2822 2417 3222 2486; x_wconf 82' lang='grc' dir='ltr'>παρεχομένου,</span> <span class='ocrx_word' id='word_1_451' title='bbox 3259 2417 3466 2470; x_wconf 87' lang='grc' dir='ltr'>τούτων</span> <span class='ocrx_word' id='word_1_452' title='bbox 3498 2416 3542 2469; x_wconf 79' lang='grc' dir='ltr'>δ’</span> <span class='ocrx_word' id='word_1_453' title='bbox 3571 2416 3737 2479; x_wconf 83' lang='grc' dir='ltr'>αὐτὸς</span> 
     </span>
    </p>
   </div>
   <div class='ocr_carea' id='block_1_65' title="bbox 2158 2507 3733 2579">
    <p class='ocr_par' dir='ltr' id='par_1_65' title="bbox 2158 2507 3733 2579">
     <span class='ocr_line' id='line_1_65' title="bbox 2158 2507 3733 2579; baseline 0.001 -21"><span class='ocrx_word' id='word_1_454' title='bbox 2158 2509 2257 2577; x_wconf 74' lang='grc' dir='ltr'>τὴν</span> <span class='ocrx_word' id='word_1_455' title='bbox 2313 2508 2536 2577; x_wconf 83' lang='grc' dir='ltr'>μνήμην</span> <span class='ocrx_word' id='word_1_456' title='bbox 2589 2507 2758 2577; x_wconf 81' lang='grc' dir='ltr'>λήθης</span> <span class='ocrx_word' id='word_1_457' title='bbox 2809 2510 3045 2578; x_wconf 81' lang='grc' dir='ltr'>μακροῖς</span> <span class='ocrx_word' id='word_1_458' title='bbox 3109 2509 3382 2579; x_wconf 83' lang='grc' dir='ltr'>πυθμέσιν</span> <span class='ocrx_word' id='word_1_459' title='bbox 3435 2508 3733 2578; x_wconf 76' lang='grc' dir='ltr'>ἐκάλυψεν,</span> 
     </span>
    </p>
   </div>
   <div class='ocr_carea' id='block_1_66' title="bbox 2160 2593 3738 2670">
    <p class='ocr_par' dir='ltr' id='par_1_66' title="bbox 2160 2593 3738 2670">
     <span class='ocr_line' id='line_1_66' title="bbox 2160 2593 3738 2670; baseline 0.002 -19"><span class='ocrx_word' id='word_1_460' title='bbox 2160 2595 2350 2666; x_wconf 78' lang='grc' dir='ltr'>ὥσπερ</span> <span class='ocrx_word' id='word_1_461' title='bbox 2379 2597 2445 2651; x_wconf 78' lang='grc' dir='ltr'>ἂν</span> <span class='ocrx_word' id='word_1_462' title='bbox 2473 2598 2523 2650; x_wconf 86' lang='grc' dir='ltr'><strong>εί</strong></span> <span class='ocrx_word' id='word_1_463' title='bbox 2566 2599 2641 2668; x_wconf 82' lang='grc' dir='ltr'>μὴ</span> <span class='ocrx_word' id='word_1_464' title='bbox 2673 2599 2836 2662; x_wconf 76' lang='grc' dir='ltr'>αὐτὸς</span> <span class='ocrx_word' id='word_1_465' title='bbox 2862 2593 2932 2669; x_wconf 76' lang='grc' dir='ltr'>ἦν</span> <span class='ocrx_word' id='word_1_466' title='bbox 2955 2601 2984 2653; x_wconf 86' lang='grc' dir='ltr'><strong>δ</strong></span> <span class='ocrx_word' id='word_1_467' title='bbox 3018 2601 3280 2670; x_wconf 87' lang='grc' dir='ltr'>προοίμια</span> <span class='ocrx_word' id='word_1_468' title='bbox 3310 2599 3420 2653; x_wconf 84' lang='grc' dir='ltr'>τῶν</span> <span class='ocrx_word' id='word_1_469' title='bbox 3455 2601 3738 2670; x_wconf 80' lang='grc' dir='ltr'>σφετέρων</span> 
     </span>
    </p>
   </div>
   <div class='ocr_carea' id='block_1_67' title="bbox 2161 2687 3734 2758">
    <p class='ocr_par' dir='ltr' id='par_1_67' title="bbox 2161 2687 3734 2758">
     <span class='ocr_line' id='line_1_67' title="bbox 2161 2687 3734 2758; baseline 0.001 -18"><span class='ocrx_word' id='word_1_470' title='bbox 2161 2688 2460 2758; x_wconf 85' lang='grc' dir='ltr'>πεπραχὼς</span> <span class='ocrx_word' id='word_1_471' title='bbox 2501 2687 2810 2758; x_wconf 76' lang='grc' dir='ltr'>’διηγήσεων</span> <span class='ocrx_word' id='word_1_472' title='bbox 2858 2689 2928 2742; x_wconf 65' lang='grc' dir='ltr'><strong>τὰ</strong></span> <span class='ocrx_word' id='word_1_473' title='bbox 2977 2689 3076 2758; x_wconf 86' lang='grc' dir='ltr'>τῆς</span> <span class='ocrx_word' id='word_1_474' title='bbox 3107 2687 3438 2758; x_wconf 83' lang='grc' dir='ltr'>Ἐκκλησίας</span> <span class='ocrx_word' id='word_1_475' title='bbox 3472 2688 3734 2754; x_wconf 82' lang='grc' dir='ltr'>ναυάγια,</span> 
     </span>
    </p>
   </div>
   <div class='ocr_carea' id='block_1_68' title="bbox 2158 2779 3736 2850">
    <p class='ocr_par' dir='ltr' id='par_1_68' title="bbox 2158 2779 3736 2850">
     <span class='ocr_line' id='line_1_68' title="bbox 2158 2779 3736 2850; baseline 0 -16"><span class='ocrx_word' id='word_1_476' title='bbox 2158 2781 2240 2834; x_wconf 84' lang='grc' dir='ltr'>ὅτι</span> <span class='ocrx_word' id='word_1_477' title='bbox 2269 2780 2376 2832; x_wconf 87' lang='grc' dir='ltr'>τῶν</span> <span class='ocrx_word' id='word_1_478' title='bbox 2405 2779 2648 2847; x_wconf 82' lang='grc' dir='ltr'>πατρίων</span> <span class='ocrx_word' id='word_1_479' title='bbox 2675 2780 2921 2850; x_wconf 87' lang='grc' dir='ltr'>νομίμων</span> <span class='ocrx_word' id='word_1_480' title='bbox 2960 2780 3059 2850; x_wconf 81' lang='grc' dir='ltr'>τῆς</span> <span class='ocrx_word' id='word_1_481' title='bbox 3089 2781 3370 2843; x_wconf 70' lang='grc' dir='ltr'>εὐσεϐείας</span> <span class='ocrx_word' id='word_1_482' title='bbox 3400 2781 3736 2850; x_wconf 80' lang='grc' dir='ltr'>ἐπίπροσθεν</span> 
     </span>
    </p>
   </div>
   <div class='ocr_carea' id='block_1_69' title="bbox 2157 2869 3733 2942">
    <p class='ocr_par' dir='ltr' id='par_1_69' title="bbox 2157 2869 3733 2942">
     <span class='ocr_line' id='line_1_69' title="bbox 2157 2869 3733 2942; baseline 0.001 -18"><span class='ocrx_word' id='word_1_483' title='bbox 2157 2872 2226 2924; x_wconf 69' lang='grc' dir='ltr'>τὰ</span> <span class='ocrx_word' id='word_1_484' title='bbox 2275 2869 2371 2924; x_wconf 89' lang='grc' dir='ltr'><strong>τοῦ</strong></span> <span class='ocrx_word' id='word_1_485' title='bbox 2432 2871 2671 2941; x_wconf 83' lang='grc' dir='ltr'>Παλαμᾶ</span> <span class='ocrx_word' id='word_1_486' title='bbox 2729 2871 2894 2925; x_wconf 81' lang='grc' dir='ltr'>καινά</span> <span class='ocrx_word' id='word_1_487' title='bbox 2943 2887 3001 2924; x_wconf 80' lang='grc' dir='ltr'><strong>τε</strong></span> <span class='ocrx_word' id='word_1_488' title='bbox 3045 2873 3140 2924; x_wconf 85' lang='grc' dir='ltr'>καὶ</span> <span class='ocrx_word' id='word_1_489' title='bbox 3177 2871 3240 2942; x_wconf 82' lang='grc' dir='ltr'><strong>[ι.</strong></span> <span class='ocrx_word' id='word_1_490' title='bbox 3270 2872 3339 2926; x_wconf 88' lang='lat'><strong>99</strong></span> <span class='ocrx_word' id='word_1_491' title='bbox 3379 2869 3433 2941; x_wconf 73' lang='grc' dir='ltr'><strong>ὁ]</strong></span> <span class='ocrx_word' id='word_1_492' title='bbox 3486 2870 3733 2941; x_wconf 76' lang='grc' dir='ltr'>ἐκθεσμα</span> 
     </span>
    </p>
   </div>
   <div class='ocr_carea' id='block_1_70' title="bbox 2158 2961 3732 3033">
    <p class='ocr_par' dir='ltr' id='par_1_70' title="bbox 2158 2961 3732 3033">
     <span class='ocr_line' id='line_1_70' title="bbox 2158 2961 3732 3033; baseline -0.001 -17"><span class='ocrx_word' id='word_1_493' title='bbox 2158 2964 2560 3033; x_wconf 85' lang='grc' dir='ltr'>παρεισρέοντα</span> <span class='ocrx_word' id='word_1_494' title='bbox 2636 2961 2935 3030; x_wconf 82' lang='grc' dir='ltr'>πεφώρακε</span> <span class='ocrx_word' id='word_1_495' title='bbox 3013 2961 3297 3031; x_wconf 87' lang='grc' dir='ltr'>δόγματα,</span> <span class='ocrx_word' id='word_1_496' title='bbox 3362 2963 3459 3014; x_wconf 75' lang='grc' dir='ltr'>καὶ</span> <span class='ocrx_word' id='word_1_497' title='bbox 3525 2962 3732 3033; x_wconf 86' lang='grc' dir='ltr'>ταύτην</span> 
     </span>
    </p>
   </div>
   <div class='ocr_carea' id='block_1_71' title="bbox 2158 3052 3738 3121">
    <p class='ocr_par' dir='ltr' id='par_1_71' title="bbox 2158 3052 3738 3121">
     <span class='ocr_line' id='line_1_71' title="bbox 2158 3052 3738 3121; baseline 0.001 -13"><span class='ocrx_word' id='word_1_498' title='bbox 2158 3053 2415 3117; x_wconf 77' lang='grc' dir='ltr'>επιεικῶς</span> <span class='ocrx_word' id='word_1_499' title='bbox 2467 3053 2650 3108; x_wconf 74' lang='grc' dir='ltr'>αἰτίαν</span> <span class='ocrx_word' id='word_1_500' title='bbox 2701 3053 2991 3120; x_wconf 75' lang='grc' dir='ltr'>τιθέμενος</span> <span class='ocrx_word' id='word_1_501' title='bbox 3040 3052 3143 3121; x_wconf 81' lang='grc' dir='ltr'><strong>τῆς</strong></span> <span class='ocrx_word' id='word_1_502' title='bbox 3191 3070 3250 3106; x_wconf 86' lang='grc' dir='ltr'><strong>τε</strong></span> <span class='ocrx_word' id='word_1_503' title='bbox 3296 3055 3407 3107; x_wconf 83' lang='grc' dir='ltr'>τῶν</span> <span class='ocrx_word' id='word_1_504' title='bbox 3440 3055 3738 3110; x_wconf 80' lang='grc' dir='ltr'>πολιτικῶν</span> 
     </span>
    </p>
   </div>
   <div class='ocr_carea' id='block_1_72' title="bbox 2161 3146 3738 3223">
    <p class='ocr_par' dir='ltr' id='par_1_72' title="bbox 2161 3146 3738 3223">
     <span class='ocr_line' id='line_1_72' title="bbox 2161 3146 3738 3223; baseline 0.003 -23"><span class='ocrx_word' id='word_1_505' title='bbox 2161 3149 2251 3200; x_wconf 73' lang='grc' dir='ltr'><strong>ἐπὶ</strong></span> <span class='ocrx_word' id='word_1_506' title='bbox 2281 3147 2342 3200; x_wconf 83' lang='grc' dir='ltr'><strong>τδ</strong></span> <span class='ocrx_word' id='word_1_507' title='bbox 2379 3149 2562 3217; x_wconf 89' lang='grc' dir='ltr'>χεῖρον</span> <span class='ocrx_word' id='word_1_508' title='bbox 2613 3146 2961 3215; x_wconf 88' lang='grc' dir='ltr'>πραγμάτων</span> <span class='ocrx_word' id='word_1_509' title='bbox 2989 3146 3308 3218; x_wconf 80' lang='grc' dir='ltr'>ἀνατροπῆς</span> <span class='ocrx_word' id='word_1_510' title='bbox 3339 3148 3433 3200; x_wconf 71' lang='grc' dir='ltr'><strong>καὶ</strong></span> <span class='ocrx_word' id='word_1_511' title='bbox 3487 3149 3604 3217; x_wconf 76' lang='grc' dir='ltr'>ἅμα</span> <span class='ocrx_word' id='word_1_512' title='bbox 3634 3153 3738 3223; x_wconf 79' lang='grc' dir='ltr'>τῆς</span> 
     </span>
    </p>
   </div>
   <div class='ocr_carea' id='block_1_73' title="bbox 2159 3237 3736 3314">
    <p class='ocr_par' dir='ltr' id='par_1_73' title="bbox 2159 3237 3736 3314">
     <span class='ocr_line' id='line_1_73' title="bbox 2159 3237 3736 3314; baseline 0.003 -21"><span class='ocrx_word' id='word_1_513' title='bbox 2159 3239 2410 3294; x_wconf 76' lang='grc' dir='ltr'>ἒντεῦθεν</span> <span class='ocrx_word' id='word_1_514' title='bbox 2460 3237 2726 3292; x_wconf 53' lang='grc' dir='ltr'>’ἀκουσίου</span> <span class='ocrx_word' id='word_1_515' title='bbox 2782 3237 2960 3308; x_wconf 83' lang='grc' dir='ltr'>φυγῆς</span> <span class='ocrx_word' id='word_1_516' title='bbox 3018 3239 3239 3295; x_wconf 81' lang='grc' dir='ltr'>ἑαυτοῦ.</span> <span class='ocrx_word' id='word_1_517' title='bbox 3293 3241 3400 3293; x_wconf 73' lang='grc' dir='ltr'><strong>Καὶ</strong></span> <span class='ocrx_word' id='word_1_518' title='bbox 3450 3242 3572 3295; x_wconf 85' lang='grc' dir='ltr'>τίνα</span> <span class='ocrx_word' id='word_1_519' title='bbox 3623 3245 3736 3314; x_wconf 78' lang='grc' dir='ltr'><strong>γὰρ</strong></span> 
     </span>
    </p>
   </div>
   <div class='ocr_carea' id='block_1_74' title="bbox 2159 3333 3738 3406">
    <p class='ocr_par' dir='ltr' id='par_1_74' title="bbox 2159 3333 3738 3406">
     <span class='ocr_line' id='line_1_74' title="bbox 2159 3333 3738 3406; baseline 0.002 -20"><span class='ocrx_word' id='word_1_520' title='bbox 2159 3333 2329 3404; x_wconf 73' lang='grc' dir='ltr'>ἀλλην</span> <span class='ocrx_word' id='word_1_521' title='bbox 2367 3333 2534 3402; x_wconf 74' lang='grc' dir='ltr'>ἐχρῆν</span> <span class='ocrx_word' id='word_1_522' title='bbox 2580 3349 2640 3384; x_wconf 88' lang='grc' dir='ltr'><strong>σε</strong></span> <span class='ocrx_word' id='word_1_523' title='bbox 2678 3333 3007 3398; x_wconf 84' lang='grc' dir='ltr'>συναγαγεῖν</span> <span class='ocrx_word' id='word_1_524' title='bbox 3063 3333 3326 3402; x_wconf 75' lang='grc' dir='ltr'>ἱστορίαν,</span> <span class='ocrx_word' id='word_1_525' title='bbox 3363 3333 3608 3402; x_wconf 80' lang='grc' dir='ltr'>βέλτιστε</span> <span class='ocrx_word' id='word_1_526' title='bbox 3645 3338 3738 3406; x_wconf 70' lang='lat' dir='ltr'><strong>(pi-</strong></span> 
     </span>
    </p>
   </div>
   <div class='ocr_carea' id='block_1_75' title="bbox 2159 3422 3736 3496">
    <p class='ocr_par' dir='ltr' id='par_1_75' title="bbox 2159 3422 3736 3496">
     <span class='ocr_line' id='line_1_75' title="bbox 2159 3422 3736 3496; baseline 0.006 -24"><span class='ocrx_word' id='word_1_527' title='bbox 2159 3425 2564 3490; x_wconf 58' lang='lat' dir='ltr'><strong>1m~),!&lt;pacxov,</strong></span> <span class='ocrx_word' id='word_1_528' title='bbox 2606 3422 2979 3490; x_wconf 73' lang='grc' dir='ltr'>Ἀγαθάγγελε</span> <span class='ocrx_word' id='word_1_529' title='bbox 3007 3441 3020 3488; x_wconf 89' lang='grc'><strong>;</strong></span> <span class='ocrx_word' id='word_1_530' title='bbox 3053 3423 3186 3476; x_wconf 85' lang='grc' dir='ltr'>Τίνα</span> <span class='ocrx_word' id='word_1_531' title='bbox 3219 3424 3265 3476; x_wconf 81' lang='grc' dir='ltr'>δ’</span> <span class='ocrx_word' id='word_1_532' title='bbox 3300 3425 3466 3495; x_wconf 86' lang='grc' dir='ltr'>ἄλλην</span> <span class='ocrx_word' id='word_1_533' title='bbox 3496 3427 3736 3496; x_wconf 79' lang='grc' dir='ltr'>κρείττω</span> 
     </span>
    </p>
   </div>
   <div class='ocr_carea' id='block_1_76' title="bbox 2160 3513 3731 3589">
    <p class='ocr_par' dir='ltr' id='par_1_76' title="bbox 2160 3513 3731 3589">
     <span class='ocr_line' id='line_1_76' title="bbox 2160 3513 3731 3589; baseline -0.007 -22"><span class='ocrx_word' id='word_1_534' title='bbox 2160 3517 2252 3567; x_wconf 76' lang='grc' dir='ltr'>καὶ</span> <span class='ocrx_word' id='word_1_535' title='bbox 2279 3514 2613 3585; x_wconf 76' lang='grc' dir='ltr'>τιμιωτέραν</span> <span class='ocrx_word' id='word_1_536' title='bbox 2642 3513 2849 3583; x_wconf 86' lang='grc' dir='ltr'>ταύτης</span> <span class='ocrx_word' id='word_1_537' title='bbox 2884 3515 3070 3585; x_wconf 77' lang='grc' dir='ltr'>ᾠήθης</span> <span class='ocrx_word' id='word_1_538' title='bbox 3103 3517 3228 3584; x_wconf 76' lang='grc' dir='ltr'>ἐμοὶ</span> <span class='ocrx_word' id='word_1_539' title='bbox 3261 3520 3478 3586; x_wconf 72' lang='grc' dir='ltr'>κομιεῖν</span> <span class='ocrx_word' id='word_1_540' title='bbox 3503 3519 3731 3589; x_wconf 73' lang='grc' dir='ltr'><strong>ἀφήγη-</strong></span> 
     </span>
    </p>
   </div>
   <div class='ocr_carea' id='block_1_77' title="bbox 2161 3605 3739 3679">
    <p class='ocr_par' dir='ltr' id='par_1_77' title="bbox 2161 3605 3739 3679">
     <span class='ocr_line' id='line_1_77' title="bbox 2161 3605 3739 3679; baseline 0.003 -21"><span class='ocrx_word' id='word_1_541' title='bbox 2161 3621 2247 3659; x_wconf 90' lang='grc' dir='ltr'><strong>σιν</strong></span> <span class='ocrx_word' id='word_1_542' title='bbox 2287 3605 2507 3670; x_wconf 77' lang='grc' dir='ltr'>ἔξωθεν,</span> <span class='ocrx_word' id='word_1_543' title='bbox 2561 3605 2654 3658; x_wconf 68' lang='grc' dir='ltr'>καὶ</span> <span class='ocrx_word' id='word_1_544' title='bbox 2699 3607 2814 3679; x_wconf 71' lang='grc' dir='ltr'>ἃμα</span> <span class='ocrx_word' id='word_1_545' title='bbox 2860 3607 2969 3660; x_wconf 83' lang='grc' dir='ltr'><strong>τῶν</strong></span> <span class='ocrx_word' id='word_1_546' title='bbox 3011 3606 3305 3677; x_wconf 79' lang='grc' dir='ltr'>ὀρθοδόξων</span> <span class='ocrx_word' id='word_1_547' title='bbox 3333 3611 3446 3671; x_wconf 84' lang='grc' dir='ltr'>τοῖς</span> <span class='ocrx_word' id='word_1_548' title='bbox 3485 3611 3739 3664; x_wconf 75' lang='grc' dir='ltr'>ἐνταυθοῖ</span> 
     </span>
    </p>
   </div>
   <div class='ocr_carea' id='block_1_78' title="bbox 2162 3694 3737 3768">
    <p class='ocr_par' dir='ltr' id='par_1_78' title="bbox 2162 3694 3737 3768">
     <span class='ocr_line' id='line_1_78' title="bbox 2162 3694 3737 3768; baseline 0.004 -22"><span class='ocrx_word' id='word_1_549' title='bbox 2162 3694 2500 3764; x_wconf 84' lang='grc' dir='ltr'>πατριώταις</span> <span class='ocrx_word' id='word_1_550' title='bbox 2567 3697 2761 3768; x_wconf 76' lang='grc' dir='ltr'>ἡδονῆς</span> <span class='ocrx_word' id='word_1_551' title='bbox 2828 3695 2928 3766; x_wconf 82' lang='grc' dir='ltr'>τῆς</span> <span class='ocrx_word' id='word_1_552' title='bbox 2999 3698 3286 3768; x_wconf 78' lang='grc' dir='ltr'>βελτίστης</span> <span class='ocrx_word' id='word_1_553' title='bbox 3347 3699 3556 3766; x_wconf 75' lang='grc' dir='ltr'>ἐφόδια,</span> <span class='ocrx_word' id='word_1_554' title='bbox 3610 3702 3737 3758; x_wconf 79' lang='grc' dir='ltr'>λίαν</span> 
     </span>
    </p>
   </div>
   <div class='ocr_carea' id='block_1_79' title="bbox 2161 3785 3734 3864">
    <p class='ocr_par' dir='ltr' id='par_1_79' title="bbox 2161 3785 3734 3864">
     <span class='ocr_line' id='line_1_79' title="bbox 2161 3785 3734 3864; baseline 0.01 -29"><span class='ocrx_word' id='word_1_555' title='bbox 2161 3785 2471 3854; x_wconf 74' lang='grc' dir='ltr'>ἐφιεμένοις</span> <span class='ocrx_word' id='word_1_556' title='bbox 2510 3788 2685 3841; x_wconf 61' lang='grc' dir='ltr'>ἅπασι</span> <span class='ocrx_word' id='word_1_557' title='bbox 2740 3790 2933 3858; x_wconf 83' lang='grc' dir='ltr'>μαθεῖν</span> <span class='ocrx_word' id='word_1_558' title='bbox 2978 3789 3125 3853; x_wconf 82' lang='grc' dir='ltr'>ὅπως</span> <span class='ocrx_word' id='word_1_559' title='bbox 3174 3791 3464 3853; x_wconf 79' lang='grc' dir='ltr'>κάκείνους</span> <span class='ocrx_word' id='word_1_560' title='bbox 3502 3794 3532 3861; x_wconf 77' lang='grc' dir='ltr'>ἡ</span> <span class='ocrx_word' id='word_1_561' title='bbox 3570 3797 3734 3864; x_wconf 82' lang='grc' dir='ltr'>φήμη</span> 
     </span>
    </p>
   </div>
   <div class='ocr_carea' id='block_1_80' title="bbox 2161 3873 3730 3957">
    <p class='ocr_par' dir='ltr' id='par_1_80' title="bbox 2161 3873 3730 3957">
     <span class='ocr_line' id='line_1_80' title="bbox 2161 3873 3730 3957; baseline 0.006 -26"><span class='ocrx_word' id='word_1_562' title='bbox 2161 3880 2270 3931; x_wconf 84' lang='grc' dir='ltr'><strong>τῶν</strong></span> <span class='ocrx_word' id='word_1_563' title='bbox 2302 3873 2401 3933; x_wconf 77' lang='grc' dir='ltr'>ὧδε</span> <span class='ocrx_word' id='word_1_564' title='bbox 2435 3880 2731 3950; x_wconf 84' lang='grc' dir='ltr'>συμφορῶν</span> <span class='ocrx_word' id='word_1_565' title='bbox 2768 3880 2866 3949; x_wconf 80' lang='grc' dir='ltr'>τῆς</span> <span class='ocrx_word' id='word_1_566' title='bbox 2898 3881 2992 3933; x_wconf 89' lang='grc' dir='ltr'><strong>τοῦ</strong></span> <span class='ocrx_word' id='word_1_567' title='bbox 3036 3882 3171 3935; x_wconf 86' lang='grc' dir='ltr'>Θεοῦ</span> <span class='ocrx_word' id='word_1_568' title='bbox 3217 3883 3462 3952; x_wconf 78' lang='grc' dir='ltr'>διέθηκεν</span> <span class='ocrx_word' id='word_1_569' title='bbox 3493 3885 3730 3957; x_wconf 81' lang='grc' dir='ltr'>Ἐκκλη-</span> 
     </span>
    </p>
   </div>
   <div class='ocr_carea' id='block_1_81' title="bbox 2163 3972 3732 4043">
    <p class='ocr_par' dir='ltr' id='par_1_81' title="bbox 2163 3972 3732 4043">
     <span class='ocr_line' id='line_1_81' title="bbox 2163 3972 3732 4043; baseline -0.005 -7"><span class='ocrx_word' id='word_1_570' title='bbox 2163 3972 2304 4036; x_wconf 71' lang='grc' dir='ltr'><strong>σ⁴ίαςι</strong></span> <span class='ocrx_word' id='word_1_571' title='bbox 2334 3974 2575 4043; x_wconf 75' lang='grc' dir='ltr'>γραφαῖς</span> <span class='ocrx_word' id='word_1_572' title='bbox 2605 3973 2934 4042; x_wconf 85' lang='grc' dir='ltr'>τερατώδεσι</span> <span class='ocrx_word' id='word_1_573' title='bbox 2968 3975 3076 4026; x_wconf 86' lang='grc' dir='ltr'>τῶν</span> <span class='ocrx_word' id='word_1_574' title='bbox 3112 3974 3344 4027; x_wconf 82' lang='grc' dir='ltr'>ἐνταῦθα</span> <span class='ocrx_word' id='word_1_575' title='bbox 3373 3976 3732 4032; x_wconf 76' lang='grc' dir='ltr'>δυναστευόν-</span> 
     </span>
    </p>
   </div>
   <div class='ocr_carea' id='block_1_82' title="bbox 2160 4059 3735 4132">
    <p class='ocr_par' dir='ltr' id='par_1_82' title="bbox 2160 4059 3735 4132">
     <span class='ocr_line' id='line_1_82' title="bbox 2160 4059 3735 4132; baseline 0.005 -20"><span class='ocrx_word' id='word_1_576' title='bbox 2160 4077 2266 4112; x_wconf 83' lang='grc' dir='ltr'><strong>των</strong></span> <span class='ocrx_word' id='word_1_577' title='bbox 2313 4061 2438 4122; x_wconf 84' lang='grc' dir='ltr'>τοὺς</span> <span class='ocrx_word' id='word_1_578' title='bbox 2475 4059 2724 4129; x_wconf 78' lang='grc' dir='ltr'>πανταχῆ</span> <span class='ocrx_word' id='word_1_579' title='bbox 2775 4062 2876 4130; x_wconf 80' lang='grc' dir='ltr'>τῆς</span> <span class='ocrx_word' id='word_1_580' title='bbox 2923 4062 3252 4132; x_wconf 84' lang='grc' dir='ltr'>οἰκουμένης</span> <span class='ocrx_word' id='word_1_581' title='bbox 3300 4063 3546 4127; x_wconf 74' lang='grc' dir='ltr'>εὐσεϐεῖς</span> <span class='ocrx_word' id='word_1_582' title='bbox 3583 4068 3735 4120; x_wconf 79' lang='grc' dir='ltr'>ἐπει-</span> 
     </span>
    </p>
   </div>
   <div class='ocr_carea' id='block_1_83' title="bbox 2161 4151 3729 4225">
    <p class='ocr_par' dir='ltr' id='par_1_83' title="bbox 2161 4151 3729 4225">
     <span class='ocr_line' id='line_1_83' title="bbox 2161 4151 3729 4225; baseline 0.005 -22"><span class='ocrx_word' id='word_1_583' title='bbox 2161 4152 2409 4219; x_wconf 84' lang='grc' dir='ltr'>γομένων</span> <span class='ocrx_word' id='word_1_584' title='bbox 2440 4151 2738 4222; x_wconf 76' lang='grc' dir='ltr'>ἑξαπατᾷν,</span> <span class='ocrx_word' id='word_1_585' title='bbox 2771 4154 2869 4206; x_wconf 68' lang='grc' dir='ltr'>καὶ</span> <span class='ocrx_word' id='word_1_586' title='bbox 2899 4153 3352 4221; x_wconf 74' lang='grc' dir='ltr'>φιλονεικούντωι</span> <span class='ocrx_word' id='word_1_587' title='bbox 3383 4155 3482 4225; x_wconf 76' lang='grc' dir='ltr'>τὴν</span> <span class='ocrx_word' id='word_1_588' title='bbox 3511 4173 3729 4211; x_wconf 77' lang='grc' dir='ltr'>πανταο</span> 
     </span>
    </p>
   </div>
   <div class='ocr_carea' id='block_1_84' title="bbox 2164 4240 3734 4322">
    <p class='ocr_par' dir='ltr' id='par_1_84' title="bbox 2164 4240 3734 4322">
     <span class='ocr_line' id='line_1_84' title="bbox 2164 4240 3734 4322; baseline 0.008 -31"><span class='ocrx_word' id='word_1_589' title='bbox 2164 4240 2321 4309; x_wconf 87' lang='grc' dir='ltr'>χόθεν</span> <span class='ocrx_word' id='word_1_590' title='bbox 2372 4241 2650 4310; x_wconf 76' lang='grc' dir='ltr'>ἑταιρείαν</span> <span class='ocrx_word' id='word_1_591' title='bbox 2699 4259 2758 4296; x_wconf 88' lang='grc' dir='ltr'><strong>τε</strong></span> <span class='ocrx_word' id='word_1_592' title='bbox 2821 4247 2914 4297; x_wconf 79' lang='grc' dir='ltr'>καὶ</span> <span class='ocrx_word' id='word_1_593' title='bbox 2971 4245 3264 4314; x_wconf 77' lang='grc' dir='ltr'>ὁμολογίαν</span> <span class='ocrx_word' id='word_1_594' title='bbox 3317 4243 3418 4315; x_wconf 85' lang='grc' dir='ltr'>τῆς</span> <span class='ocrx_word' id='word_1_595' title='bbox 3470 4249 3734 4322; x_wconf 82' lang='grc' dir='ltr'>τοιαύτης</span> 
     </span>
    </p>
   </div>
   <div class='ocr_carea' id='block_1_85' title="bbox 2163 4331 3273 4415">
    <p class='ocr_par' dir='ltr' id='par_1_85' title="bbox 2163 4331 3273 4415">
     <span class='ocr_line' id='line_1_85' title="bbox 2163 4331 3273 4415; baseline 0.004 -31"><span class='ocrx_word' id='word_1_596' title='bbox 2163 4331 2504 4415; x_wconf 22' lang='grc' dir='ltr'>κακίαςῆοῖόν</span> <span class='ocrx_word' id='word_1_597' title='bbox 2531 4352 2586 4387; x_wconf 88' lang='grc' dir='ltr'><strong>τι</strong></span> <span class='ocrx_word' id='word_1_598' title='bbox 2617 4334 2962 4404; x_wconf 74' lang='grc' dir='ltr'>καρποῦσθαι</span> <span class='ocrx_word' id='word_1_599' title='bbox 2992 4338 3273 4407; x_wconf 81' lang='grc' dir='ltr'>τρόπαιον;</span> 
     </span>
    </p>
   </div>
   <div class='ocr_carea' id='block_1_86' title="bbox 2234 4423 3734 4503">
    <p class='ocr_par' dir='ltr' id='par_1_86' title="bbox 2234 4423 3734 4503">
     <span class='ocr_line' id='line_1_86' title="bbox 2234 4423 3734 4503; baseline 0.007 -27"><span class='ocrx_word' id='word_1_600' title='bbox 2234 4423 2309 4479; x_wconf 88' lang='grc' dir='ltr'><strong>Γ’.</strong></span> <span class='ocrx_word' id='word_1_601' title='bbox 2338 4423 2506 4478; x_wconf 79' lang='grc' dir='ltr'>Ταῦτ’</span> <span class='ocrx_word' id='word_1_602' title='bbox 2547 4426 2681 4495; x_wconf 79' lang='grc' dir='ltr'>ἐμοῦ</span> <span class='ocrx_word' id='word_1_603' title='bbox 2717 4444 2778 4496; x_wconf 84' lang='grc' dir='ltr'><strong>γε</strong></span> <span class='ocrx_word' id='word_1_604' title='bbox 2811 4428 3122 4494; x_wconf 82' lang='grc' dir='ltr'>διεξιόντος,</span> <span class='ocrx_word' id='word_1_605' title='bbox 3165 4430 3454 4484; x_wconf 77' lang='grc' dir='ltr'>ὑπολαϐὼν</span> <span class='ocrx_word' id='word_1_606' title='bbox 3492 4432 3519 4484; x_wconf 85' lang='grc' dir='ltr'><strong>ό</strong></span> <span class='ocrx_word' id='word_1_607' title='bbox 3566 4433 3734 4503; x_wconf 86' lang='grc' dir='ltr'>Ἀγα-</span> 
     </span>
    </p>
   </div>
   <div class='ocr_carea' id='block_1_87' title="bbox 487 4512 2057 4597">
    <p class='ocr_par' dir='ltr' id='par_1_87' title="bbox 487 4512 2050 4589">
     <span class='ocr_line' id='line_1_87' title="bbox 487 4512 2050 4589; baseline -0.005 -15"><span class='ocrx_word' id='word_1_608' title='bbox 487 4535 706 4575; x_wconf 80' lang='lat' dir='ltr'><strong>monent</strong></span> <span class='ocrx_word' id='word_1_609' title='bbox 734 4521 1016 4589; x_wconf 76' lang='lat' dir='ltr'><strong>excipiens</strong></span> <span class='ocrx_word' id='word_1_610' title='bbox 1067 4516 1484 4584; x_wconf 54' lang='lat' dir='ltr'><strong>flium-inquit,</strong></span> <span class='ocrx_word' id='word_1_611' title='bbox 1509 4513 1712 4566; x_wconf 86' lang='lat' dir='ltr'><strong>melius</strong></span> <span class='ocrx_word' id='word_1_612' title='bbox 1738 4512 1916 4567; x_wconf 82' lang='lat' dir='ltr'><strong>visum</strong></span> <span class='ocrx_word' id='word_1_613' title='bbox 1943 4521 2050 4577; x_wconf 86' lang='lat' dir='ltr'><strong>est,</strong></span> 
     </span>
    </p>
   </div>
   <div class='ocr_carea' id='block_1_88' title="bbox 2161 4512 3735 4597">
    <p class='ocr_par' dir='ltr' id='par_1_88' title="bbox 2165 4515 3735 4597">
     <span class='ocr_line' id='line_1_88' title="bbox 2165 4515 3735 4597; baseline 0.008 -29"><span class='ocrx_word' id='word_1_614' title='bbox 2165 4515 2454 4585; x_wconf 77' lang='grc' dir='ltr'>θόγγελος,</span> <span class='ocrx_word' id='word_1_615' title='bbox 2479 4517 2634 4586; x_wconf 76' lang='grc' dir='ltr'>Ἐμοὶ</span> <span class='ocrx_word' id='word_1_616' title='bbox 2651 4519 2705 4571; x_wconf 80' lang='grc' dir='ltr'>δὲ</span> <span class='ocrx_word' id='word_1_617' title='bbox 2731 4520 2960 4590; x_wconf 85' lang='grc' dir='ltr'>βέλτιον,</span> <span class='ocrx_word' id='word_1_618' title='bbox 2990 4521 3180 4592; x_wconf 82' lang='grc' dir='ltr'>ἔφησε,</span> <span class='ocrx_word' id='word_1_619' title='bbox 3205 4523 3472 4589; x_wconf 84' lang='grc' dir='ltr'>δέδοκται,</span> <span class='ocrx_word' id='word_1_620' title='bbox 3493 4525 3612 4578; x_wconf 80' lang='grc' dir='ltr'>θεία</span> <span class='ocrx_word' id='word_1_621' title='bbox 3641 4546 3735 4597; x_wconf 90' lang='grc' dir='ltr'><strong>μοι</strong></span> 
     </span>
    </p>
   </div>
   <div class='ocr_carea' id='block_1_89' title="bbox 491 4603 2061 4681">
    <p class='ocr_par' dir='ltr' id='par_1_89' title="bbox 491 4603 2061 4681">
     <span class='ocr_line' id='line_1_89' title="bbox 491 4603 2061 4681; baseline -0.006 -12"><span class='ocrx_word' id='word_1_622' title='bbox 491 4615 794 4669; x_wconf 80' lang='lat' dir='ltr'><strong>odivinutu</strong></span> <span class='ocrx_word' id='word_1_623' title='bbox 847 4611 1050 4681; x_wconf 78' lang='lat' dir='ltr'><strong>caput!</strong></span> <span class='ocrx_word' id='word_1_624' title='bbox 1093 4611 1150 4662; x_wconf 89' lang='lat' dir='ltr'><strong>in</strong></span> <span class='ocrx_word' id='word_1_625' title='bbox 1195 4609 1303 4661; x_wconf 84' lang='lat' dir='ltr'><strong>line</strong></span> <span class='ocrx_word' id='word_1_626' title='bbox 1367 4606 1526 4676; x_wconf 85' lang='lat' dir='ltr'><strong>hujus</strong></span> <span class='ocrx_word' id='word_1_627' title='bbox 1583 4603 1915 4658; x_wconf 78' lang='lat' dir='ltr'><strong>narrationis</strong></span> <span class='ocrx_word' id='word_1_628' title='bbox 1969 4605 2061 4659; x_wconf 83' lang='lat' dir='ltr'><strong>illa</strong></span> 
     </span>
    </p>
   </div>
   <div class='ocr_carea' id='block_1_90' title="bbox 490 4695 2061 4773">
    <p class='ocr_par' dir='ltr' id='par_1_90' title="bbox 490 4695 2061 4773">
     <span class='ocr_line' id='line_1_90' title="bbox 490 4695 2061 4773; baseline -0.008 -12"><span class='ocrx_word' id='word_1_629' title='bbox 490 4705 717 4761; x_wconf 79' lang='lat' dir='ltr'><strong>sem-sim</strong></span> <span class='ocrx_word' id='word_1_630' title='bbox 742 4712 1072 4773; x_wconf 76' lang='lat' dir='ltr'><strong>pertractare</strong></span> <span class='ocrx_word' id='word_1_631' title='bbox 1095 4709 1260 4767; x_wconf 86' lang='lat' dir='ltr'><strong>atque</strong></span> <span class='ocrx_word' id='word_1_632' title='bbox 1291 4697 1575 4766; x_wconf 88' lang='lat' dir='ltr'><strong>persequi,</strong></span> <span class='ocrx_word' id='word_1_633' title='bbox 1603 4695 1695 4748; x_wconf 91' lang='lat' dir='ltr'><strong>ubi</strong></span> <span class='ocrx_word' id='word_1_634' title='bbox 1728 4695 1863 4749; x_wconf 76' lang='lat' dir='ltr'><strong>nihil</strong></span> <span class='ocrx_word' id='word_1_635' title='bbox 1900 4711 2061 4765; x_wconf 88' lang='lat' dir='ltr'><strong>pror-</strong></span> 
     </span>
    </p>
   </div>
   <div class='ocr_carea' id='block_1_91' title="bbox 491 4786 2058 4867">
    <p class='ocr_par' dir='ltr' id='par_1_91' title="bbox 491 4786 2058 4867">
     <span class='ocr_line' id='line_1_91' title="bbox 491 4786 2058 4867; baseline -0.01 -12"><span class='ocrx_word' id='word_1_636' title='bbox 491 4815 620 4862; x_wconf 81' lang='lat' dir='ltr'><strong>sus,</strong></span> <span class='ocrx_word' id='word_1_637' title='bbox 671 4797 816 4867; x_wconf 86' lang='lat' dir='ltr'><strong>quod</strong></span> <span class='ocrx_word' id='word_1_638' title='bbox 861 4810 960 4848; x_wconf 72' lang='lat' dir='ltr'><strong>res</strong></span> <span class='ocrx_word' id='word_1_639' title='bbox 1002 4789 1342 4846; x_wconf 64' lang='lat' dir='ltr'><strong>confundere</strong></span> <span class='ocrx_word' id='word_1_640' title='bbox 1372 4798 1537 4856; x_wconf 83' lang='lat' dir='ltr'><strong>atque</strong></span> <span class='ocrx_word' id='word_1_641' title='bbox 1577 4786 1801 4840; x_wconf 72' lang='lat' dir='ltr'><strong>turbare</strong></span> <span class='ocrx_word' id='word_1_642' title='bbox 1844 4796 2058 4856; x_wconf 85' lang='lat' dir='ltr'><strong>posset,</strong></span> 
     </span>
    </p>
   </div>
   <div class='ocr_carea' id='block_1_92' title="bbox 491 4879 2060 4950">
    <p class='ocr_par' dir='ltr' id='par_1_92' title="bbox 491 4879 2060 4950">
     <span class='ocr_line' id='line_1_92' title="bbox 491 4879 2060 4950; baseline -0.009 -4"><span class='ocrx_word' id='word_1_643' title='bbox 491 4889 928 4946; x_wconf 83' lang='lat' dir='ltr'><strong>subaudiendum</strong></span> <span class='ocrx_word' id='word_1_644' title='bbox 967 4892 1158 4945; x_wconf 83' lang='lat' dir='ltr'><strong>esset;</strong></span> <span class='ocrx_word' id='word_1_645' title='bbox 1194 4895 1302 4950; x_wconf 85' lang='lat' dir='ltr'><strong>qua</strong></span> <span class='ocrx_word' id='word_1_646' title='bbox 1337 4880 1560 4948; x_wconf 83' lang='lat' dir='ltr'><strong>quidem</strong></span> <span class='ocrx_word' id='word_1_647' title='bbox 1605 4879 1660 4932; x_wconf 90' lang='lat' dir='ltr'><strong>in</strong></span> <span class='ocrx_word' id='word_1_648' title='bbox 1709 4895 1766 4933; x_wconf 91' lang='lat' dir='ltr'><strong>re</strong></span> <span class='ocrx_word' id='word_1_649' title='bbox 1817 4880 1897 4933; x_wconf 85' lang='lat' dir='ltr'><strong>sic</strong></span> <span class='ocrx_word' id='word_1_650' title='bbox 1949 4880 2060 4933; x_wconf 75' lang='lat' dir='ltr'><strong>fere</strong></span> 
     </span>
    </p>
   </div>
   <div class='ocr_carea' id='block_1_93' title="bbox 491 4969 2057 5037">
    <p class='ocr_par' dir='ltr' id='par_1_93' title="bbox 491 4969 2057 5037">
     <span class='ocr_line' id='line_1_93' title="bbox 491 4969 2057 5037; baseline -0.011 -1"><span class='ocrx_word' id='word_1_651' title='bbox 491 4978 830 5037; x_wconf 87' lang='lat' dir='ltr'><strong>statuebam,</strong></span> <span class='ocrx_word' id='word_1_652' title='bbox 869 4972 1155 5026; x_wconf 86' lang='lat' dir='ltr'><strong>historiam</strong></span> <span class='ocrx_word' id='word_1_653' title='bbox 1179 4970 1559 5023; x_wconf 74' lang='lat' dir='ltr'><strong>&#39;uuiversalem</strong></span> <span class='ocrx_word' id='word_1_654' title='bbox 1593 4977 1652 5023; x_wconf 90' lang='lat' dir='ltr'><strong>et</strong></span> <span class='ocrx_word' id='word_1_655' title='bbox 1689 4969 2012 5022; x_wconf 65' lang='lat' dir='ltr'><strong>saecularem</strong></span> <span class='ocrx_word' id='word_1_656' title='bbox 2042 5007 2057 5032; x_wconf 89' lang='lat'><strong>,</strong></span> 
     </span>
    </p>
   </div>
   <div class='ocr_carea' id='block_1_94' title="bbox 489 5057 2059 5124">
    <p class='ocr_par' dir='ltr' id='par_1_94' title="bbox 489 5057 2059 5124">
     <span class='ocr_line' id='line_1_94' title="bbox 489 5057 2059 5124; baseline -0.008 1"><span class='ocrx_word' id='word_1_657' title='bbox 489 5081 555 5124; x_wconf 85' lang='lat' dir='ltr'><strong>ut</strong></span> <span class='ocrx_word' id='word_1_658' title='bbox 599 5067 846 5123; x_wconf 82' lang='lat' dir='ltr'><strong>breviter</strong></span> <span class='ocrx_word' id='word_1_659' title='bbox 887 5063 1100 5124; x_wconf 86' lang='lat' dir='ltr'><strong>dicam,</strong></span> <span class='ocrx_word' id='word_1_660' title='bbox 1143 5059 1367 5114; x_wconf 77' lang='lat' dir='ltr'><strong>diﬂ&#39;erre</strong></span> <span class='ocrx_word' id='word_1_661' title='bbox 1415 5059 1484 5113; x_wconf 85' lang='lat' dir='ltr'><strong>ab</strong></span> <span class='ocrx_word' id='word_1_662' title='bbox 1531 5057 1762 5112; x_wconf 84' lang='lat' dir='ltr'><strong>historia</strong></span> <span class='ocrx_word' id='word_1_663' title='bbox 1795 5059 2059 5113; x_wconf 86' lang='lat' dir='ltr'><strong>ecclesia-</strong></span> 
     </span>
    </p>
   </div>
   <div class='ocr_carea' id='block_1_95' title="bbox 493 5150 2059 5222">
    <p class='ocr_par' dir='ltr' id='par_1_95' title="bbox 493 5150 2059 5222">
     <span class='ocr_line' id='line_1_95' title="bbox 493 5150 2059 5222; baseline -0.006 -8"><span class='ocrx_word' id='word_1_664' title='bbox 493 5162 629 5214; x_wconf 82' lang='lat' dir='ltr'><strong>stica</strong></span> <span class='ocrx_word' id='word_1_665' title='bbox 664 5167 720 5211; x_wconf 84' lang='lat' dir='ltr'><strong>et</strong></span> <span class='ocrx_word' id='word_1_666' title='bbox 755 5155 1043 5222; x_wconf 81' lang='lat' dir='ltr'><strong>utriusque</strong></span> <span class='ocrx_word' id='word_1_667' title='bbox 1069 5151 1502 5219; x_wconf 77' lang='lat' dir='ltr'><strong>descriptionem</strong></span> <span class='ocrx_word' id='word_1_668' title='bbox 1529 5150 1866 5218; x_wconf 82' lang='lat' dir='ltr'><strong>peculiarem</strong></span> <span class='ocrx_word' id='word_1_669' title='bbox 1893 5158 2059 5219; x_wconf 81' lang='lat' dir='ltr'><strong>atque</strong></span> 
     </span>
    </p>
   </div>
   <div class='ocr_carea' id='block_1_96' title="bbox 483 5241 2060 5320">
    <p class='ocr_par' dir='ltr' id='par_1_96' title="bbox 483 5241 2060 5320">
     <span class='ocr_line' id='line_1_96' title="bbox 483 5241 2060 5320; baseline -0.006 -14"><span class='ocrx_word' id='word_1_670' title='bbox 483 5257 802 5320; x_wconf 77' lang='lat' dir='ltr'><strong>separatam</strong></span> <span class='ocrx_word' id='word_1_671' title='bbox 859 5261 1016 5311; x_wconf 87' lang='lat' dir='ltr'><strong>esse,</strong></span> <span class='ocrx_word' id='word_1_672' title='bbox 1075 5253 1366 5311; x_wconf 77' lang='lat' dir='ltr'><strong>utramque</strong></span> <span class='ocrx_word' id='word_1_673' title='bbox 1425 5242 1676 5298; x_wconf 82' lang='lat' dir='ltr'><strong>diversas</strong></span> <span class='ocrx_word' id='word_1_674' title='bbox 1735 5241 2060 5311; x_wconf 83' lang='lat' dir='ltr'><strong>plerumque</strong></span> 
     </span>
    </p>
   </div>
   <div class='ocr_carea' id='block_1_97' title="bbox 487 5332 2061 5405">
    <p class='ocr_par' dir='ltr' id='par_1_97' title="bbox 487 5332 2061 5405">
     <span class='ocr_line' id='line_1_97' title="bbox 487 5332 2061 5405; baseline -0.004 -13"><span class='ocrx_word' id='word_1_675' title='bbox 487 5359 617 5405; x_wconf 74' lang='lat' dir='ltr'><strong>res,</strong></span> <span class='ocrx_word' id='word_1_676' title='bbox 651 5354 759 5392; x_wconf 91' lang='lat' dir='ltr'><strong>non</strong></span> <span class='ocrx_word' id='word_1_677' title='bbox 783 5335 1009 5390; x_wconf 85' lang='lat' dir='ltr'><strong>easdem</strong></span> <span class='ocrx_word' id='word_1_678' title='bbox 1043 5334 1356 5403; x_wconf 90' lang='lat' dir='ltr'><strong>complecti.</strong></span> <span class='ocrx_word' id='word_1_679' title='bbox 1388 5334 1525 5387; x_wconf 81' lang='lat' dir='ltr'><strong>Cum</strong></span> <span class='ocrx_word' id='word_1_680' title='bbox 1557 5342 1739 5388; x_wconf 84' lang='lat' dir='ltr'><strong>autem</strong></span> <span class='ocrx_word' id='word_1_681' title='bbox 1777 5343 1832 5385; x_wconf 86' lang='lat' dir='ltr'><strong>tu</strong></span> <span class='ocrx_word' id='word_1_682' title='bbox 1876 5332 2061 5401; x_wconf 83' lang='lat' dir='ltr'><strong>dupli-</strong></span> 
     </span>
    </p>
   </div>
   <div class='ocr_carea' id='block_1_98' title="bbox 483 5425 2059 5497">
    <p class='ocr_par' dir='ltr' id='par_1_98' title="bbox 483 5425 2059 5497">
     <span class='ocr_line' id='line_1_98' title="bbox 483 5425 2059 5497; baseline -0.007 -9"><span class='ocrx_word' id='word_1_683' title='bbox 483 5449 610 5488; x_wconf 70' lang='lat' dir='ltr'><strong>cem</strong></span> <span class='ocrx_word' id='word_1_684' title='bbox 630 5432 881 5486; x_wconf 76' lang='lat' dir='ltr'><strong>laborem</strong></span> <span class='ocrx_word' id='word_1_685' title='bbox 911 5443 1017 5497; x_wconf 82' lang='lat' dir='ltr'><strong>pro</strong></span> <span class='ocrx_word' id='word_1_686' title='bbox 1047 5425 1283 5494; x_wconf 85' lang='lat' dir='ltr'><strong>simplici</strong></span> <span class='ocrx_word' id='word_1_687' title='bbox 1315 5425 1368 5479; x_wconf 92' lang='lat' dir='ltr'><strong>in</strong></span> <span class='ocrx_word' id='word_1_688' title='bbox 1401 5435 1452 5480; x_wconf 91' lang='lat' dir='ltr'><strong>te</strong></span> <span class='ocrx_word' id='word_1_689' title='bbox 1477 5425 1758 5491; x_wconf 86' lang='lat' dir='ltr'><strong>suscipere</strong></span> <span class='ocrx_word' id='word_1_690' title='bbox 1795 5426 2059 5492; x_wconf 84' lang='lat' dir='ltr'><strong>volueris,</strong></span> 
     </span>
    </p>
   </div>
   <div class='ocr_carea' id='block_1_99' title="bbox 488 5517 2061 5592">
    <p class='ocr_par' dir='ltr' id='par_1_99' title="bbox 488 5517 2061 5592">
     <span class='ocr_line' id='line_1_99' title="bbox 488 5517 2061 5592; baseline -0.005 -15"><span class='ocrx_word' id='word_1_691' title='bbox 488 5533 551 5577; x_wconf 78' lang='lat' dir='ltr'><strong>et</strong></span> <span class='ocrx_word' id='word_1_692' title='bbox 594 5540 716 5592; x_wconf 77' lang='lat' dir='ltr'><strong>qua:</strong></span> <span class='ocrx_word' id='word_1_693' title='bbox 761 5521 954 5576; x_wconf 82' lang='lat' dir='ltr'><strong>eodem</strong></span> <span class='ocrx_word' id='word_1_694' title='bbox 1004 5531 1250 5586; x_wconf 86' lang='lat' dir='ltr'><strong>tempore</strong></span> <span class='ocrx_word' id='word_1_695' title='bbox 1297 5517 1352 5570; x_wconf 88' lang='lat' dir='ltr'><strong>in</strong></span> <span class='ocrx_word' id='word_1_696' title='bbox 1404 5527 1638 5585; x_wconf 82' lang='lat' dir='ltr'><strong>utroque</strong></span> <span class='ocrx_word' id='word_1_697' title='bbox 1685 5531 1886 5585; x_wconf 76' lang='lat' dir='ltr'><strong>genere</strong></span> <span class='ocrx_word' id='word_1_698' title='bbox 1929 5531 2061 5570; x_wconf 84' lang='lat' dir='ltr'><strong>eve-</strong></span> 
     </span>
    </p>
   </div>
   <div class='ocr_carea' id='block_1_100' title="bbox 493 5607 2062 5677">
    <p class='ocr_par' dir='ltr' id='par_1_100' title="bbox 493 5607 2062 5677">
     <span class='ocr_line' id='line_1_100' title="bbox 493 5607 2062 5677; baseline -0.003 -13"><span class='ocrx_word' id='word_1_699' title='bbox 493 5613 674 5674; x_wconf 81' lang='lat' dir='ltr'><strong>niant,</strong></span> <span class='ocrx_word' id='word_1_700' title='bbox 719 5625 831 5662; x_wconf 86' lang='lat' dir='ltr'><strong>uno</strong></span> <span class='ocrx_word' id='word_1_701' title='bbox 885 5608 1381 5677; x_wconf 80' lang='lat' dir='ltr'><strong>comprehendere.</strong></span> <span class='ocrx_word' id='word_1_702' title='bbox 1422 5607 1699 5660; x_wconf 82' lang='lat' dir='ltr'><strong>volumine</strong></span> <span class='ocrx_word' id='word_1_703' title='bbox 1761 5607 2062 5660; x_wconf 76' lang='lat' dir='ltr'><strong>constitue-</strong></span> 
     </span>
    </p>
   </div>
   <div class='ocr_carea' id='block_1_101' title="bbox 493 5697 2060 5769">
    <p class='ocr_par' dir='ltr' id='par_1_101' title="bbox 493 5697 2060 5769">
     <span class='ocr_line' id='line_1_101' title="bbox 493 5697 2060 5769; baseline -0.002 -13"><span class='ocrx_word' id='word_1_704' title='bbox 493 5705 572 5756; x_wconf 78' lang='lat' dir='ltr'><strong>ris</strong></span> <span class='ocrx_word' id='word_1_705' title='bbox 593 5743 607 5765; x_wconf 94' lang='lat'><strong>,</strong></span> <span class='ocrx_word' id='word_1_706' title='bbox 642 5717 710 5754; x_wconf 92' lang='lat' dir='ltr'><strong>ne</strong></span> <span class='ocrx_word' id='word_1_707' title='bbox 739 5716 840 5768; x_wconf 75' lang='lat' dir='ltr'><strong>ego</strong></span> <span class='ocrx_word' id='word_1_708' title='bbox 863 5701 1085 5769; x_wconf 87' lang='lat' dir='ltr'><strong>quidem</strong></span> <span class='ocrx_word' id='word_1_709' title='bbox 1119 5700 1229 5754; x_wconf 87' lang='lat' dir='ltr'><strong>ullo</strong></span> <span class='ocrx_word' id='word_1_710' title='bbox 1262 5707 1418 5768; x_wconf 87' lang='lat' dir='ltr'><strong>pacto</strong></span> <span class='ocrx_word' id='word_1_711' title='bbox 1450 5714 1538 5752; x_wconf 90' lang='lat' dir='ltr'><strong>res</strong></span> <span class='ocrx_word' id='word_1_712' title='bbox 1559 5697 1764 5752; x_wconf 73' lang='lat' dir='ltr'><strong>eodem</strong></span> <span class='ocrx_word' id='word_1_713' title='bbox 1793 5699 2060 5767; x_wconf 79' lang='lat' dir='ltr'><strong>temporis</strong></span> 
     </span>
    </p>
   </div>
   <div class='ocr_carea' id='block_1_102' title="bbox 496 5789 2060 5863">
    <p class='ocr_par' dir='ltr' id='par_1_102' title="bbox 496 5789 2060 5863">
     <span class='ocr_line' id='line_1_102' title="bbox 496 5789 2060 5863; baseline 0 -19"><span class='ocrx_word' id='word_1_714' title='bbox 496 5794 673 5860; x_wconf 71' lang='lat' dir='ltr'><strong>Spatio</strong></span> <span class='ocrx_word' id='word_1_715' title='bbox 699 5805 879 5863; x_wconf 81' lang='lat' dir='ltr'><strong>gestas</strong></span> <span class='ocrx_word' id='word_1_716' title='bbox 900 5793 1244 5862; x_wconf 84' lang='lat' dir='ltr'><strong>conjunctim</strong></span> <span class='ocrx_word' id='word_1_717' title='bbox 1274 5790 1528 5860; x_wconf 88' lang='lat' dir='ltr'><strong>persequi</strong></span> <span class='ocrx_word' id='word_1_718' title='bbox 1561 5789 1966 5854; x_wconf 89' lang='lat' dir='ltr'><strong>dubitaverim,</strong></span> <span class='ocrx_word' id='word_1_719' title='bbox 1998 5802 2060 5844; x_wconf 81' lang='lat' dir='ltr'><strong>ut</strong></span> 
     </span>
    </p>
   </div>
   <div class='ocr_carea' id='block_1_103' title="bbox 2164 4609 3736 4684">
    <p class='ocr_par' dir='ltr' id='par_1_103' title="bbox 2164 4609 3736 4684">
     <span class='ocr_line' id='line_1_103' title="bbox 2164 4609 3736 4684; baseline 0.005 -21"><span class='ocrx_word' id='word_1_720' title='bbox 2164 4609 2396 4679; x_wconf 71' lang='grc' dir='ltr'>κεφαλὴ,</span> <span class='ocrx_word' id='word_1_721' title='bbox 2433 4610 2792 4674; x_wconf 76' lang='grc' dir='ltr'>τελευτῶντός</span> <span class='ocrx_word' id='word_1_722' title='bbox 2846 4631 2936 4682; x_wconf 90' lang='grc' dir='ltr'><strong>μοι</strong></span> <span class='ocrx_word' id='word_1_723' title='bbox 2973 4615 3123 4666; x_wconf 84' lang='grc' dir='ltr'>τοῦδε</span> <span class='ocrx_word' id='word_1_724' title='bbox 3173 4614 3268 4666; x_wconf 81' lang='grc' dir='ltr'><strong>τοῦ</strong></span> <span class='ocrx_word' id='word_1_725' title='bbox 3325 4615 3483 4684; x_wconf 87' lang='grc' dir='ltr'>λόγου</span> <span class='ocrx_word' id='word_1_726' title='bbox 3527 4617 3736 4683; x_wconf 79' lang='grc' dir='ltr'>διεξελ-</span> 
     </span>
    </p>
   </div>
   <div class='ocr_carea' id='block_1_104' title="bbox 2164 4697 3735 4776">
    <p class='ocr_par' dir='ltr' id='par_1_104' title="bbox 2164 4697 3735 4776">
     <span class='ocr_line' id='line_1_104' title="bbox 2164 4697 3735 4776; baseline 0.008 -26"><span class='ocrx_word' id='word_1_727' title='bbox 2164 4697 2277 4751; x_wconf 79' lang='grc' dir='ltr'>θεῖν</span> <span class='ocrx_word' id='word_1_728' title='bbox 2317 4698 2477 4763; x_wconf 80' lang='grc' dir='ltr'>εὐθὺς</span> <span class='ocrx_word' id='word_1_729' title='bbox 2529 4701 2859 4754; x_wconf 73' lang='grc' dir='ltr'>ἀπολαῦόντι</span> <span class='ocrx_word' id='word_1_730' title='bbox 2905 4703 3076 4772; x_wconf 77' lang='grc' dir='ltr'>χωρὶς</span> <span class='ocrx_word' id='word_1_731' title='bbox 3120 4704 3324 4770; x_wconf 82' lang='grc' dir='ltr'>ἐκεῖνα,</span> <span class='ocrx_word' id='word_1_732' title='bbox 3364 4705 3593 4776; x_wconf 61' lang='grc' dir='ltr'>μηδενὸς</span> <span class='ocrx_word' id='word_1_733' title='bbox 3637 4711 3735 4762; x_wconf 88' lang='grc' dir='ltr'><strong>τοῦ</strong></span> 
     </span>
    </p>
   </div>
   <div class='ocr_carea' id='block_1_105' title="bbox 2167 4793 3734 4867">
    <p class='ocr_par' dir='ltr' id='par_1_105' title="bbox 2167 4793 3734 4867">
     <span class='ocr_line' id='line_1_105' title="bbox 2167 4793 3734 4867; baseline 0.006 -23"><span class='ocrx_word' id='word_1_734' title='bbox 2167 4793 2390 4863; x_wconf 81' lang='grc' dir='ltr'>συγχεῖν</span> <span class='ocrx_word' id='word_1_735' title='bbox 2433 4793 2732 4862; x_wconf 81' lang='grc' dir='ltr'>δυναμένου</span> <span class='ocrx_word' id='word_1_736' title='bbox 2774 4796 2966 4861; x_wconf 74' lang='grc' dir='ltr'>σφίσιν</span> <span class='ocrx_word' id='word_1_737' title='bbox 3017 4796 3152 4859; x_wconf 84' lang='grc' dir='ltr'>ὅλως</span> <span class='ocrx_word' id='word_1_738' title='bbox 3193 4797 3734 4867; x_wconf 75' lang='grc' dir='ltr'>συνυπακουομένου,</span> 
     </span>
    </p>
   </div>
   <div class='ocr_carea' id='block_1_106' title="bbox 2162 4883 3732 4954">
    <p class='ocr_par' dir='ltr' id='par_1_106' title="bbox 2162 4883 3732 4954">
     <span class='ocr_line' id='line_1_106' title="bbox 2162 4883 3732 4954; baseline 0.005 -19"><span class='ocrx_word' id='word_1_739' title='bbox 2162 4883 2307 4944; x_wconf 78' lang='grc' dir='ltr'>ὅπως</span> <span class='ocrx_word' id='word_1_740' title='bbox 2339 4883 2456 4935; x_wconf 81' lang='grc' dir='ltr'>ποτ’</span> <span class='ocrx_word' id='word_1_741' title='bbox 2484 4885 2576 4935; x_wconf 70' lang='grc' dir='ltr'><strong>ἐπὶ</strong></span> <span class='ocrx_word' id='word_1_742' title='bbox 2605 4883 2730 4937; x_wconf 88' lang='grc' dir='ltr'>νοῦν</span> <span class='ocrx_word' id='word_1_743' title='bbox 2753 4883 2997 4954; x_wconf 75' lang='grc' dir='ltr'>εἰληφότι</span> <span class='ocrx_word' id='word_1_744' title='bbox 3036 4886 3313 4939; x_wconf 78' lang='grc' dir='ltr'>διεστάναι</span> <span class='ocrx_word' id='word_1_745' title='bbox 3342 4887 3450 4940; x_wconf 84' lang='grc' dir='ltr'><strong>τῶν</strong></span> <span class='ocrx_word' id='word_1_746' title='bbox 3493 4888 3732 4944; x_wconf 84' lang='grc' dir='ltr'>καθόλου</span> 
     </span>
    </p>
   </div>
   <div class='ocr_carea' id='block_1_107' title="bbox 2167 4973 3728 5052">
    <p class='ocr_par' dir='ltr' id='par_1_107' title="bbox 2167 4973 3728 5052">
     <span class='ocr_line' id='line_1_107' title="bbox 2167 4973 3728 5052; baseline 0.007 -28"><span class='ocrx_word' id='word_1_747' title='bbox 2167 4975 2258 5024; x_wconf 75' lang='grc' dir='ltr'>καὶ</span> <span class='ocrx_word' id='word_1_748' title='bbox 2284 4973 2566 5040; x_wconf 75' lang='grc' dir='ltr'>κοσμικῶν</span> <span class='ocrx_word' id='word_1_749' title='bbox 2593 4975 2778 5038; x_wconf 76' lang='grc' dir='ltr'>ἁπλῶς</span> <span class='ocrx_word' id='word_1_750' title='bbox 2810 4977 2983 5028; x_wconf 83' lang='grc' dir='ltr'>εἰπεῖν</span> <span class='ocrx_word' id='word_1_751' title='bbox 3012 4977 3080 5029; x_wconf 86' lang='grc' dir='ltr'>τὰ</span> <span class='ocrx_word' id='word_1_752' title='bbox 3114 4979 3212 5048; x_wconf 80' lang='grc' dir='ltr'>τῆς</span> <span class='ocrx_word' id='word_1_753' title='bbox 3259 4980 3728 5052; x_wconf 78' lang='grc' dir='ltr'>ὲκκλησιαστικής</span> 
     </span>
    </p>
   </div>
   <div class='ocr_carea' id='block_1_108' title="bbox 2174 5062 3732 5140">
    <p class='ocr_par' dir='ltr' id='par_1_108' title="bbox 2174 5062 3732 5140">
     <span class='ocr_line' id='line_1_108' title="bbox 2174 5062 3732 5140; baseline 0.006 -26"><span class='ocrx_word' id='word_1_754' title='bbox 2174 5062 2460 5132; x_wconf 78' lang='grc' dir='ltr'>Ἱστορίας,</span> <span class='ocrx_word' id='word_1_755' title='bbox 2494 5067 2591 5118; x_wconf 72' lang='grc' dir='ltr'><strong>καὶ</strong></span> <span class='ocrx_word' id='word_1_756' title='bbox 2618 5066 2755 5120; x_wconf 83' lang='grc' dir='ltr'>ίδίαν</span> <span class='ocrx_word' id='word_1_757' title='bbox 2778 5067 2875 5135; x_wconf 81' lang='grc' dir='ltr'>μὲν</span> <span class='ocrx_word' id='word_1_758' title='bbox 2906 5063 3045 5121; x_wconf 77' lang='grc' dir='ltr'>εἶναι</span> <span class='ocrx_word' id='word_1_759' title='bbox 3067 5071 3294 5139; x_wconf 75' lang='grc' dir='ltr'>ταυτηνὶ</span> <span class='ocrx_word' id='word_1_760' title='bbox 3321 5076 3732 5140; x_wconf 84' lang='grc' dir='ltr'>πραγματείαν,</span> 
     </span>
    </p>
   </div>
   <div class='ocr_carea' id='block_1_109' title="bbox 2165 5154 3735 5229">
    <p class='ocr_par' dir='ltr' id='par_1_109' title="bbox 2165 5154 3735 5229">
     <span class='ocr_line' id='line_1_109' title="bbox 2165 5154 3735 5229; baseline 0.007 -22"><span class='ocrx_word' id='word_1_761' title='bbox 2165 5154 2303 5207; x_wconf 79' lang='grc' dir='ltr'>ιδίαν</span> <span class='ocrx_word' id='word_1_762' title='bbox 2335 5155 2379 5207; x_wconf 83' lang='grc' dir='ltr'>δ’</span> <span class='ocrx_word' id='word_1_763' title='bbox 2420 5157 2667 5224; x_wconf 63' lang='grc' dir='ltr'>ἐκείνην,</span> <span class='ocrx_word' id='word_1_764' title='bbox 2703 5162 2794 5208; x_wconf 75' lang='grc' dir='ltr'>καὶ</span> <span class='ocrx_word' id='word_1_765' title='bbox 2828 5157 3000 5212; x_wconf 76' lang='grc' dir='ltr'>ἄλλων</span> <span class='ocrx_word' id='word_1_766' title='bbox 3025 5161 3296 5229; x_wconf 72' lang='grc' dir='ltr'>ἑκατέραν</span> <span class='ocrx_word' id='word_1_767' title='bbox 3339 5160 3414 5223; x_wconf 82' lang='grc' dir='ltr'>ὦς</span> <span class='ocrx_word' id='word_1_768' title='bbox 3450 5161 3518 5214; x_wconf 80' lang='grc' dir='ltr'><strong>τὰ</strong></span> <span class='ocrx_word' id='word_1_769' title='bbox 3560 5163 3735 5220; x_wconf 74' lang='grc' dir='ltr'>πολλὰ</span> 
     </span>
    </p>
   </div>
   <div class='ocr_carea' id='block_1_110' title="bbox 2162 5245 3732 5308">
    <p class='ocr_par' dir='ltr' id='par_1_110' title="bbox 2162 5245 3732 5308">
     <span class='ocr_line' id='line_1_110' title="bbox 2162 5245 3732 5308; baseline 0.007 -11"><span class='ocrx_word' id='word_1_770' title='bbox 2162 5247 2255 5298; x_wconf 76' lang='grc' dir='ltr'>καὶ</span> <span class='ocrx_word' id='word_1_771' title='bbox 2283 5245 2341 5297; x_wconf 82' lang='grc' dir='ltr'>οὐ</span> <span class='ocrx_word' id='word_1_772' title='bbox 2364 5245 2475 5297; x_wconf 82' lang='grc' dir='ltr'><strong>τῶν</strong></span> <span class='ocrx_word' id='word_1_773' title='bbox 2501 5245 2702 5301; x_wconf 77' lang='grc' dir='ltr'>αὐτῶν.</span> <span class='ocrx_word' id='word_1_774' title='bbox 2747 5247 2903 5300; x_wconf 73' lang='grc' dir='ltr'>Ἐπεὶ</span> <span class='ocrx_word' id='word_1_775' title='bbox 2939 5249 2997 5302; x_wconf 80' lang='grc' dir='ltr'>δὲ</span> <span class='ocrx_word' id='word_1_776' title='bbox 3029 5253 3093 5302; x_wconf 73' lang='grc' dir='ltr'>σὺ</span> <span class='ocrx_word' id='word_1_777' title='bbox 3134 5251 3361 5304; x_wconf 85' lang='grc' dir='ltr'>διπλοῦν</span> <span class='ocrx_word' id='word_1_778' title='bbox 3390 5252 3507 5306; x_wconf 79' lang='grc' dir='ltr'>ἀνθ’</span> <span class='ocrx_word' id='word_1_779' title='bbox 3543 5254 3732 5308; x_wconf 77' lang='grc' dir='ltr'>’ἁπλοῦ</span> 
     </span>
    </p>
   </div>
   <div class='ocr_carea' id='block_1_111' title="bbox 2161 5333 3736 5403">
    <p class='ocr_par' dir='ltr' id='par_1_111' title="bbox 2161 5333 3736 5403">
     <span class='ocr_line' id='line_1_111' title="bbox 2161 5333 3736 5403; baseline 0.009 -19"><span class='ocrx_word' id='word_1_780' title='bbox 2161 5333 2252 5384; x_wconf 81' lang='grc' dir='ltr'><strong>τὸν</strong></span> <span class='ocrx_word' id='word_1_781' title='bbox 2298 5335 2461 5386; x_wconf 78' lang='grc' dir='ltr'>πόνον</span> <span class='ocrx_word' id='word_1_782' title='bbox 2511 5335 2863 5403; x_wconf 74' lang='grc' dir='ltr'>ἀναδέχεσθαι</span> <span class='ocrx_word' id='word_1_783' title='bbox 2910 5337 3076 5401; x_wconf 57' lang='grc' dir='ltr'>εἶτον,</span> <span class='ocrx_word' id='word_1_784' title='bbox 3127 5339 3222 5390; x_wconf 72' lang='grc' dir='ltr'>καὶ</span> <span class='ocrx_word' id='word_1_785' title='bbox 3261 5339 3298 5392; x_wconf 78' lang='grc' dir='ltr'>ἃ.</span> <span class='ocrx_word' id='word_1_786' title='bbox 3342 5341 3433 5393; x_wconf 77' lang='grc' dir='ltr'>τὸν</span> <span class='ocrx_word' id='word_1_787' title='bbox 3477 5341 3639 5393; x_wconf 71' lang='grc' dir='ltr'>αὐτὸν</span> <span class='ocrx_word' id='word_1_788' title='bbox 3675 5345 3736 5398; x_wconf 81' lang='grc' dir='ltr'>ὲν</span> 
     </span>
    </p>
   </div>
   <div class='ocr_carea' id='block_1_112' title="bbox 2163 5425 3735 5506">
    <p class='ocr_par' dir='ltr' id='par_1_112' title="bbox 2163 5425 3735 5506">
     <span class='ocr_line' id='line_1_112' title="bbox 2163 5425 3735 5506; baseline 0.007 -30"><span class='ocrx_word' id='word_1_789' title='bbox 2163 5425 2446 5494; x_wconf 77' lang='grc' dir='ltr'>ἑκατέροις</span> <span class='ocrx_word' id='word_1_790' title='bbox 2493 5428 2800 5495; x_wconf 75' lang='grc' dir='ltr'>συμπίπτει</span> <span class='ocrx_word' id='word_1_791' title='bbox 2845 5431 3093 5497; x_wconf 73' lang='grc' dir='ltr'>γίνεσθαι</span> <span class='ocrx_word' id='word_1_792' title='bbox 3157 5431 3348 5499; x_wconf 88' lang='grc' dir='ltr'>χρόνον</span> <span class='ocrx_word' id='word_1_793' title='bbox 3411 5431 3576 5501; x_wconf 75' lang='grc' dir='ltr'>βίϐλῳ</span> <span class='ocrx_word' id='word_1_794' title='bbox 3634 5439 3735 5506; x_wconf 78' lang='grc' dir='ltr'><strong>μιᾷ</strong></span> 
     </span>
    </p>
   </div>
   <div class='ocr_carea' id='block_1_113' title="bbox 2164 5515 3734 5595">
    <p class='ocr_par' dir='ltr' id='par_1_113' title="bbox 2164 5515 3734 5595">
     <span class='ocr_line' id='line_1_113' title="bbox 2164 5515 3734 5595; baseline 0.006 -29"><span class='ocrx_word' id='word_1_795' title='bbox 2164 5515 2467 5568; x_wconf 80' lang='grc' dir='ltr'>συντιθέναι</span> <span class='ocrx_word' id='word_1_796' title='bbox 2505 5533 2588 5568; x_wconf 89' lang='grc' dir='ltr'><strong>σοι</strong></span> <span class='ocrx_word' id='word_1_797' title='bbox 2629 5517 2896 5583; x_wconf 79' lang='grc' dir='ltr'>δέδοκται,</span> <span class='ocrx_word' id='word_1_798' title='bbox 2931 5520 3031 5573; x_wconf 81' lang='grc' dir='ltr'>οὐκ</span> <span class='ocrx_word' id='word_1_799' title='bbox 3069 5520 3134 5574; x_wconf 86' lang='grc' dir='ltr'>ἂν</span> <span class='ocrx_word' id='word_1_800' title='bbox 3163 5522 3272 5574; x_wconf 80' lang='grc' dir='ltr'>οὐδ’</span> <span class='ocrx_word' id='word_1_801' title='bbox 3312 5523 3473 5584; x_wconf 77' lang='grc' dir='ltr'>αὐτὸς</span> <span class='ocrx_word' id='word_1_802' title='bbox 3518 5524 3734 5595; x_wconf 77' lang='grc' dir='ltr'>οὐδαμῆ</span> 
     </span>
    </p>
   </div>
   <div class='ocr_carea' id='block_1_114' title="bbox 2163 5609 3736 5685">
    <p class='ocr_par' dir='ltr' id='par_1_114' title="bbox 2163 5609 3736 5685">
     <span class='ocr_line' id='line_1_114' title="bbox 2163 5609 3736 5685; baseline 0.008 -27"><span class='ocrx_word' id='word_1_803' title='bbox 2163 5625 2225 5676; x_wconf 83' lang='grc' dir='ltr'><strong>γε</strong></span> <span class='ocrx_word' id='word_1_804' title='bbox 2280 5609 2575 5678; x_wconf 85' lang='grc' dir='ltr'>ὀκνήσαιμι</span> <span class='ocrx_word' id='word_1_805' title='bbox 2629 5611 2698 5666; x_wconf 78' lang='grc' dir='ltr'><strong>τὰ</strong></span> <span class='ocrx_word' id='word_1_806' title='bbox 2761 5615 2861 5680; x_wconf 78' lang='grc' dir='ltr'>τῆς</span> <span class='ocrx_word' id='word_1_807' title='bbox 2909 5613 3082 5684; x_wconf 78' lang='grc' dir='ltr'>αὐτῆς</span> <span class='ocrx_word' id='word_1_808' title='bbox 3133 5615 3191 5666; x_wconf 82' lang='grc' dir='ltr'>ἐν</span> <span class='ocrx_word' id='word_1_809' title='bbox 3249 5618 3430 5685; x_wconf 87' lang='grc' dir='ltr'>ταυτῴ</span> <span class='ocrx_word' id='word_1_810' title='bbox 3481 5619 3736 5685; x_wconf 74' lang='grc' dir='ltr'>περιόδου</span> 
     </span>
    </p>
   </div>
   <div class='ocr_carea' id='block_1_115' title="bbox 2162 5697 3740 5778">
    <p class='ocr_par' dir='ltr' id='par_1_115' title="bbox 2162 5697 3740 5778">
     <span class='ocr_line' id='line_1_115' title="bbox 2162 5697 3740 5778; baseline 0.008 -27"><span class='ocrx_word' id='word_1_811' title='bbox 2162 5697 2416 5761; x_wconf 80' lang='grc' dir='ltr'>διεξιέναι</span> <span class='ocrx_word' id='word_1_812' title='bbox 2469 5701 2794 5772; x_wconf 71' lang='grc' dir='ltr'>συλλήϐδην,</span> <span class='ocrx_word' id='word_1_813' title='bbox 2823 5705 2944 5755; x_wconf 74' lang='grc' dir='ltr'>ἐπεὶ</span> <span class='ocrx_word' id='word_1_814' title='bbox 2975 5708 3070 5756; x_wconf 76' lang='grc' dir='ltr'><strong>καὶ</strong></span> <span class='ocrx_word' id='word_1_815' title='bbox 3113 5707 3315 5774; x_wconf 86' lang='grc' dir='ltr'>τρόπον</span> <span class='ocrx_word' id='word_1_816' title='bbox 3361 5708 3548 5777; x_wconf 76' lang='grc' dir='ltr'>ἕτερον</span> <span class='ocrx_word' id='word_1_817' title='bbox 3599 5713 3740 5778; x_wconf 85' lang='grc' dir='ltr'>πρό-</span> 
     </span>
    </p>
   </div>
   <div class='ocr_carea' id='block_1_116' title="bbox 2164 5791 3738 5872">
    <p class='ocr_par' dir='ltr' id='par_1_116' title="bbox 2164 5791 3738 5872">
     <span class='ocr_line' id='line_1_116' title="bbox 2164 5791 3738 5872; baseline 0.011 -32"><span class='ocrx_word' id='word_1_818' title='bbox 2164 5805 2322 5859; x_wconf 83' lang='grc' dir='ltr'>τερον</span> <span class='ocrx_word' id='word_1_819' title='bbox 2362 5791 2664 5862; x_wconf 77' lang='grc' dir='ltr'>(εἰρήσεται</span> <span class='ocrx_word' id='word_1_820' title='bbox 2693 5796 2801 5864; x_wconf 78' lang='grc' dir='ltr'>γὰρ</span> <span class='ocrx_word' id='word_1_821' title='bbox 2843 5795 3094 5867; x_wconf 79' lang='grc' dir='ltr'>τάληθὲς)</span> <span class='ocrx_word' id='word_1_822' title='bbox 3126 5799 3348 5855; x_wconf 86' lang='grc' dir='ltr'>ἐδεδίειν</span> <span class='ocrx_word' id='word_1_823' title='bbox 3399 5803 3540 5872; x_wconf 77' lang='grc' dir='ltr'>μάλα</span> <span class='ocrx_word' id='word_1_824' title='bbox 3572 5803 3738 5868; x_wconf 68' lang='grc' dir='ltr'>αὐτὸς</span> 
     </span>
    </p>
   </div>
  </div>
