4088 6468
488 403 553 466 ir.
669 379 672 382 ’
1694 380 2112 447 NICEPHORI
2150 381 2531 443 esseom
3668 370 3732 434 ιθ

485 521 578 588 qui
609 516 1028 572 consensionem
1063 511 1387 568 orthodoxre
1409 507 1476 563 et
1499 507 1812 563 communis
1851 513 2056 559 nostra;

2169 505 2517 570 προενεγκεῖν
2553 502 2743 573 τόμον,
2790 497 3089 572 ὁμολογίαν
3151 495 3253 566 μὲν
3296 493 3397 563 τῆς
3452 489 3732 563 ὅροοδόξου

489 583 613 664 tidei
646 605 985 667 continebat,
1015 604 1290 659 Palamam
1324 614 1458 671 vero
1505 608 1566 652 ut
1620 596 1807 666 spuria
1832 604 1890 650 et
1925 609 2054 663 pro-

2169 594 2252 645 καὶ
2295 593 2480 660 κοινῆς
2531 595 2690 664 ὴμῶν
2742 592 2937 662 ἔχοντα
2992 590 3255 652 πίστεως,
3293 586 3628 654 ἐκτέμνοντα
3677 583 3735 636 δέ

487 706 608 756 fana
634 701 885 768 dogmata
914 696 1266 749 inducentem
1297 707 1362 745 ea
1393 689 1486 744 Dei
1517 688 1758 743 Ecclesia
1790 684 2056 754 ejiciebat

2169 684 2430 753 Παλαμᾶν
2484 687 2584 755 τῆς
2632 684 2727 739 τοῦ
2779 684 2916 738 Θεοῦ
2957 681 3285 752 Ἑκκλησίας
3337 678 3414 743 ὡς
3463 678 3596 732 νόθα
3645 675 3736 729 καὶ

486 825 557 835 --
589 801 794 846 tomum
828 788 1044 842 scilicet
1086 785 1265 849 illum,
1288 796 1454 852 quem
1488 787 1898 849 composuerat,
1928 789 2053 828 eum

2169 774 2364 845 βέϐηλα
2392 777 2795 846 παρεισάγοντα
2824 775 3093 843 δόγματα,
3110 772 3282 841 τόμον
3304 771 3516 824 ἐκεῖνον
3534 765 3737 838 δηλαδὴ

490 883 736 955 Byzantii
760 880 982 934 audiret
1006 888 1063 932 et
1084 878 1372 946 adiuvaret
1395 873 1662 927 Joannem
1684 868 2054 938 patriarcham

2169 866 2216 920 5v
2245 869 2303 919 ἐν
2331 868 2612 939 Βυζαντίῳ
2643 868 2990 937 συνετετάχει
3028 863 3222 935 παρὼν
3251 863 3348 917 καὶ
3378 861 3597 915 ἀκούων
3642 859 3738 910 καὶ

487 945 1053 1044 ejaisqneepiseopos.
1087 945 1183 1036 qui
1210 964 1529 1035 aliquandiu
1561 961 1874 1031 superiores
1898 964 2059 1014 erant

2169 955 2668 1044 συναγωνιζόμενος
2709 945 2933 1025 Ἰωάλινῇ
2956 951 3036 1021 τῷ
3061 951 3381 1021 πατριάρχῃ
3409 949 3503 1002 καὶ
3531 950 3645 1010 τοῖς
3675 960 3738 1012 τε

453 1104 457 1117 ι
488 1034 559 1120 υἷι
591 1034 841 1119 veritatis
865 1034 1003 1125 vim,
1035 1034 1200 1128 quam
1236 1055 1612 1111 defendebant
1639 1061 1697 1107 et
1740 1049 1888 1120 quod
1945 1064 2054 1103 non

2169 1035 2297 1115 ὶμφ’
2322 1044 2486 1098 αὐτὸν
2520 1042 2868 1105 ἐπισκόποις.
2903 1041 2963 1094 τὸ
3016 1040 3221 1111 ἰσχύειν
3271 1040 3456 1109 έχουσι
3498 1039 3637 1100 τέως
3677 1036 3740 1089 ἐκ

486 1159 721 1219 aderat,
779 1153 875 1223 qui
923 1152 992 1207 iis
1019 1165 1079 1205 se
1110 1156 1440 1218 opponeret,
1479 1145 1934 1201 Cantacuzenus,
1985 1153 2056 1193 eo

482 1246 752 1299 nimirum
792 1252 1059 1310 tempore,
1092 1252 1203 1308 quo
1228 1244 1443 1306 pestem
1478 1234 1638 1287 istam
1673 1230 1726 1286 in
1756 1244 1896 1298 puro
1925 1241 2057 1294 agro

482 1339 733 1408 primum
763 1338 1207 1389 succrescentem
1250 1342 1390 1382 eum
1431 1326 1549 1395 ipso
1579 1323 1825 1394 germine
1852 1322 2055 1377 exstir-

494 1429 727 1499 pandam
757 1438 880 1479 esse
906 1422 1190 1477 decretum
1222 1426 1328 1473 est.
1360 1418 1475 1471 lloc
1496 1426 1647 1469 temo
1675 1412 1898 1467 evoluto
1928 1426 2056 1464 eum

456 1522 571 1575 .ait
617 1516 923 1573 ostendisse
968 1514 1136 1568 etiam
1193 1509 1632 1578 subscriptiones
1678 1503 2059 1560 unanimitalis

493 1612 738 1666 eumiqu
777 1606 924 1661 illius
977 1601 1276 1672 provinciae
1312 1600 1700 1667 episcoporum
1741 1603 1795 1649 et
1826 1591 2054 1662 presby-

472 1711 739 1754 ~terorum
774 1706 936 1764 atque
959 1693 1191 1746 aliorum
1214 1688 1638 1767 lectissimorum
1673 1685 1938 1747 virorum,
1962 1681 2054 1750 qui

494 1796 546 1844 in
578 1791 770 1844 eadem
798 1784 1075 1840 sententia
1108 1789 1343 1836 starent.

2157 1154 2219 1190 τε
2249 1137 2349 1203 τῆς
2377 1133 2639 1203 ἀληθείας
2670 1132 2737 1187 ἐκ
2766 1150 2824 1185 τε
2865 1132 2960 1185 τοῦ
2995 1131 3071 1202 μὴ
3100 1133 3356 1200 παρεῖναι
3383 1129 3473 1182 τὸν
3500 1128 3743 1182 ἀντιδαί-

2159 1241 2317 1277 νοντα
2340 1220 2812 1289 Καντακουζηνδν,
2832 1222 2918 1272 ἔτι
2947 1218 3012 1285 δὴ
3042 1218 3137 1272 καὶ
3168 1217 3386 1289 πρῶτον
3417 1216 3741 1283 ἐπιφυεῖσαν

2158 1315 2238 1385 τῷ
2281 1311 2507 1383 καθαρῷ
2530 1312 2667 1383 ληίῳ
2691 1311 2789 1381 τὴν
2811 1311 2969 1366 νόσον
3001 1309 3218 1378 ἐκείνην
3247 1307 3307 1372 ἐξ
3354 1307 3527 1375 αὐτῆς
3592 1305 3739 1369 ἔδοξε

2157 1409 2396 1478 τέμνειν,
2428 1407 2503 1469 ὼς
2527 1387 2701 1470 ἐλεγεξ
2733 1403 2990 1474 βλάστης.
3020 1401 3222 1456 Τοῦτόν
3255 1418 3418 1470 φησιν
3447 1397 3742 1452 ἁνελίττειν

2157 1514 2217 1550 τε
2240 1499 2468 1558 ἐκεῖνον,
2496 1497 2591 1549 καὶ
2625 1495 2743 1563 ἃμα
2774 1492 2873 1556 τὰς
2901 1491 3224 1562 ὑπογραφάς
3252 1490 3348 1559 τῆς
3367 1489 3743 1560 ὁμοφροσύνης

2159 1588 2424 1642 δεικνύειν
2453 1590 2561 1640 τῶν
2605 1588 2719 1639 ὅσοι
2754 1584 2852 1653 τῆς
2880 1583 3151 1653 ἐπαρχίας
3205 1583 3418 1635 ἐκείνου
3448 1580 3746 1649 τυγχάνου-

2156 1698 2248 1734 σιν
2298 1680 2451 1744 ὄντες
2498 1681 2788 1733 ἐπίσκοποι
2823 1676 2921 1729 καὶ
2949 1673 3330 1745 πρεσϐύτεροι,
3360 1676 3457 1726 καὶ
3493 1676 3606 1726 ὅσοι
3637 1672 3745 1725 τῶν

2159 1772 2332 1833 ἄλλως
2362 1771 2602 1839 λογάδων
2626 1769 2726 1831 τὰς
2746 1766 2969 1839 γνώμας
2997 1762 3136 1838 ἦσαν
3181 1767 3550 1835 συγκείμενοι.

687 1841 890 1933 ίςοιίοιη
925 1888 1092 1928 sensu
1145 1870 1403 1941 praditos
1435 1877 1493 1923 et
1520 1863 1867 1922 Alexandria:
1918 1875 2058 1931 prae-

2235 1867 2328 1931 ς’.
2362 1863 2424 1934 If.
2456 1861 2558 1916 100
2588 1860 2641 1933 ὁ]
2672 1862 2895 1924 Τούτοις
2934 1861 3232 1930 ὁμόφρονος
3264 1860 3355 1911 καὶ
3378 1857 3473 1910 τοῦ
3489 1857 3586 1926 τῆς
3601 1855 3749 1910 Ἀλε-

468 1974 664 2029 sulem
703 1983 829 2023 cum
872 1965 1134 2019 erunibus
1164 1959 1433 2032 episcopis
1466 1959 1516 2013 ei
1552 1955 1790 2015 subditis
1817 1963 1874 2009 et
1904 1967 2058 2017 eum,

474 2066 586 2136 qui
625 2075 738 2116 tum
784 2056 1289 2126 Hierosolymorum
1323 2049 1670 2121 gubernabat
1721 2043 2059 2109 Ecclesium,

491 2173 550 2210 se
609 2158 892 2221 expertum
934 2161 1058 2201 esse
1102 2143 1244 2197 dixit
1295 2150 1461 2209 atque
1507 2139 1734 2192 omnino
1783 2136 2058 2190 neminem

488 2244 693 2306 fuisse,
726 2237 816 2292 cui
851 2249 962 2289 non
1009 2229 1370 2301 reprehensio
1417 2226 1866 2297 Byzantinorum,
1908 2221 2056 2292 quod

471 2316 885 2387 ’mrebustam
912 2321 1363 2377 ,immutabilibus
1404 2326 1553 2371 tanta
1586 2317 1805 2370 levitate
1833 2324 2018 2370 essent
2043 2352 2059 2379 ,

492 2424 551 2477 in
576 2435 671 2475 ore
702 2431 920 2485 semper
953 2413 1165 2467 fuisset.
1187 2408 1531 2464 Alexandriae
1562 2415 1741 2462 autem
1766 2405 2067 2476 praisulem

489 2510 601 2581 25
637 2509 793 2563 valde
822 2503 1202 2561 admirabatur
1237 2500 1307 2555 ob
1344 2497 1607 2554 naturalis
1640 2497 1945 2568 prudentiae
1966 2512 2061 2553 co-

492 2607 639 2674 piam
684 2616 808 2656 cum
832 2598 1114 2670 gravitate
1148 2604 1316 2664 atque
1348 2592 1655 2648 constantia
1688 2593 2060 2662 conjunctam,

486 2705 559 2748 ut
598 2710 705 2746 nou
729 2691 885 2745 facile
924 2688 992 2743 ad
1032 2684 1475 2756 intempestivam
1524 2682 1882 2738 ambitionem
1912 2697 2065 2738 com-

484 2787 818 2855 pelleretur,
852 2794 1032 2850 neque
1062 2792 1195 2833 vero
1232 2776 1302 2830 ad
1353 2774 1549 2829 rudem
1568 2775 1874 2844 ‘quamdam
1901 2784 2064 2843 atque

497 2877 758 2931 incultam
782 2870 1222 2927 taciturnitatem
1256 2876 1489 2938 propter
1518 2880 1769 2935 magnam
1791 2866 2064 2921 inscitiam

496 2964 888 3029 descenderet,
925 2960 1020 3016 sed
1052 2974 1239 3013 rerum
1273 2973 1375 3012 usu
1431 2957 1680 3012 (innatus
1734 2957 2069 3011 convenien-

496 3060 631 3113 tiam
665 3053 955 3125 quamdam
994 3050 1289 3105 admodum
1331 3048 1584 3103 decoram
1633 3063 1741 3119 pra:
1780 3062 1839 3103 sc
1875 3047 2064 3103 ferret.

494 3149 731 3205 Maxime
760 3160 911 3210 vero,
945 3158 1075 3198 cum
1112 3141 1278 3213 hujus
1327 3143 1432 3195 viri
1463 3141 1797 3195 mentionem
1841 3140 2066 3204 faceret,

495 3244 608 3297 hoc
647 3242 854 3296 dictum
888 3237 1009 3309 ejus
1035 3234 1415 3290 admirabatur
1462 3251 1478 3288 :
1531 3235 1717 3290 multis
1750 3233 2069 3287 hominibus

496 3337 686 3404 iisque
724 3331 927 3401 alioqui
956 3345 1063 3384 non
1097 3326 1642 3397 imprudentiSsimis,
1667 3326 1813 3395 quod
1845 3342 1904 3380 se
1926 3326 2068 3380 seire

498 3422 935 3481 arbitrarentur,
967 3418 1020 3471 id
1054 3418 1255 3485 ipsum,
1293 3416 1592 3484 quominus
1631 3414 1858 3479 scirent,
1890 3415 2065 3484 impe—

498 3512 755 3567 dimattn
801 3522 959 3570 esse;
988 3506 1100 3559 hoc
1145 3503 1367 3574 quidem
1415 3503 1534 3557 leve
1579 3503 1787 3569 videri,
1826 3511 2068 3556 attamen

505 3615 699 3672 magna
756 3595 1104 3652 incommoda
1153 3605 1208 3650 et
1255 3594 1492 3649 urbibus
1516 3602 1572 3648 et
1605 3593 1866 3648 domibus
1894 3596 2068 3649 l'aceso

503 3690 813 3760 sere’posse
845 3685 1015 3742 veluti
1070 3700 1103 3741 e
1157 3685 1456 3741 scintillnl‘a
1496 3694 1776 3750 exortum,
1817 3700 1940 3754 qua:
1980 3686 2067 3739 in-

503 3780 703 3835 ccndio
742 3791 915 3846 usque
954 3773 1316 3829 insolentiore
1348 3771 1687 3828 exsuscitato
1709 3789 1819 3828 nun
1849 3775 2071 3829 desine-

504 3878 590 3926 ret
619 3868 803 3922 omnia
834 3867 1128 3935 depascere
1149 3904 1165 3929 ,
1209 3863 1375 3918 simul
1420 3874 1588 3933 atque
1642 3865 1886 3920 materia:
1918 3865 2068 3936 larga

497 3961 661 4030 copia
688 3958 846 4012 fariie
905 3956 1308 4010 nutrimentum
1357 3953 1813 4012 subministraret
1845 3975 1859 4012 :
1897 3956 2025 4012 bide
2050 3997 2066 4022 ,

505 4052 705 4122 inquit,
744 4050 947 4120 regula:
975 4058 1140 4118 atque
1180 4061 1387 4102 norma
1412 4062 1446 4101 a
1479 4047 1734 4117 patribus
1754 4050 2072 4104 constitutae

497 4145 878 4217 disjiciuntur,
934 4142 1081 4210 leges
1108 4139 1495 4208 proculcantur
1524 4141 1772 4210 nihilque
1818 4150 1904 4197 est
1940 4141 2069 4197 boni

504 4248 672 4308 atque
701 4221 1125 4302 honesti,'quod
1148 4246 1250 4286 suo
1280 4240 1422 4285 statu
1454 4246 1682 4286 manere
1702 4231 1901 4300 possit,
1933 4231 2089 4287 nihil,

2161 1955 2443 2024 ξανδρείας
2459 1953 2613 2021 ἔλεγε
2631 1953 2904 2025 πεπειρᾶσ
2919 1953 3009 2008 θαι
3030 1951 3293 2025 προέδρου
3316 1948 3412 2003 σύν
3427 1966 3491 2017 γε
3520 1951 3630 2013 τοῖς
3652 1947 3747 2003 ὐπ’

2160 2046 2310 2117 αὐτῷ
2349 2046 2700 2099 παντάπασιν
2725 2043 3069 2109 ἐπισκόποις,
3095 2045 3191 2098 καὶ
3226 2044 3343 2113 ἅμα
3365 2042 3457 2096 τοῦ
3488 2040 3748 2112 τηνικαῦφ

2162 2154 2230 2190 τα
2271 2135 2370 2206 τὴν
2398 2136 2508 2189 τῶν
2536 2136 2926 2207 Ἰεροσολύμων
2954 2135 3279 2207 Ἐκκλησίαν
3312 2135 3606 2196 διέποντος.
3636 2133 3749 2186 Καὶ

2159 2225 2344 2289 ἁπλῶς
2378 2226 2619 2295 ἔφασκεν
2652 2222 2791 2280 εἶναι
2835 2228 3041 2298 μηδένα
3069 2220 3115 2295 ᾧ
3142 2228 3204 2281 τὸ
3232 2227 3490 2298 ἐπιτιμᾷν
3545 2225 3749 2290 Βυζαν-

2159 2316 2292 2377 τίοις
2315 2320 2409 2387 τῆς
2435 2319 2494 2368 ἐν
2522 2320 2629 2381 τοῖς
2647 2318 2821 2382 οὕτως
2852 2320 3125 2387 ἀκινήτοις
3141 2319 3390 2380 εὐκολίας
3414 2319 3514 2371 οὐκ
3538 2312 3606 2389 ἦν
3641 2316 3749 2370 ἀνὰ

2163 2408 2358 2479 στόμα.
2391 2411 2495 2462 Τὸν
2528 2410 2572 2462 δ’
2617 2408 3024 2479 Ἀλεξανδρείας
3050 2411 3143 2463 καὶ
3171 2410 3269 2477 τῆς
3302 2409 3537 2479 φυσικῆς
3581 2407 3746 2462 ἐθαύ-

2165 2502 2302 2572 μαζε
2334 2502 2479 2571 μάλα
2515 2502 2807 2565 συνέσεως,
2844 2500 3080 2570 βεϐηκὸς
3109 2501 3340 2570 ἐχούσης
3364 2501 3425 2552 τὸ
3459 2499 3746 2570 ἐμόριθὲς,

2165 2595 2259 2647 καὶ
2311 2594 2436 2646 οὐτε
2488 2596 2624 2663 πρὸς
2667 2594 2877 2661 ἀωρίαν
2925 2593 3237 2662 φιλοτιμίας
3292 2592 3491 2663 ῥᾳδίως
3524 2593 3748 2648 ἐλαυνὸ-

2169 2704 2351 2758 μενον,
2371 2685 2495 2739 οΰτε
2531 2688 2639 2755 μὴν
2670 2685 2806 2754 πρὸς
2833 2683 3110 2755 ἰδιωτικὴν
3135 2685 3381 2752 ἀφωνίαν
3413 2683 3474 2748 ἐξ
3500 2686 3747 2755 ἀμαθίας

2169 2782 2389 2850 μακρᾶς
2425 2778 2873 2846 συστελλόμενον,
2912 2776 3054 2831 ἀλλὰ
3092 2779 3426 2847 πρακτικαῖς
3454 2779 3656 2845 ὁρμαῖς
3685 2781 3744 2840 ἐς

2166 2871 2228 2925 τὸ
2265 2871 2402 2923 πάνυ
2438 2888 2490 2922 τι
2524 2870 2765 2939 ἐμμελὲς
2810 2866 3027 2935 εὐφυῶς
3060 2884 3175 2930 πως
3223 2866 3744 2939 ἀναρρωννύμενον.

2169 2963 2251 3017 Τά
2281 2964 2328 3015 τ’
2350 2963 2445 3016 οὖν
2473 2962 2608 3017 ἄλλα
2638 2961 2863 3030 τάνδρὸς
2886 2959 3167 3030 ἐθαύμαζε
3205 2962 3554 3031 μεμνημένος
3602 2961 3748 3014 ὲκεί-

2167 3073 2283 3119 νου,
2324 3058 2420 3108 καὶ
2478 3055 2562 3108 ὅτι
2611 3055 2672 3108 τὺ
2729 3053 2940 3107 οἴεσθαι
2974 3053 3174 3107 ειδέναι
3226 3052 3448 3115 πολλοῖς
3493 3053 3589 3107 καὶ
3634 3053 3746 3108 τῶν

2166 3146 2322 3199 οὐδὲν
2360 3145 2621 3215 ἰσχόντων
2656 3145 2789 3214 πρός
2834 3160 2899 3212 γε
2935 3145 2997 3197 τὸ
3025 3143 3226 3199 ειδέναι
3262 3145 3514 3213 γίνεσθαι
3568 3148 3748 3215 ἐμπο-

2167 3237 2276 3295 δὼν
2322 3238 2502 3306 ἔλεγε,
2535 3238 2631 3290 καὶ
2670 3237 2817 3290 τοῦτ’
2861 3233 3000 3289 εἶναι
3052 3237 3273 3300 πάντως
3315 3238 3345 3290 ὁ
3375 3241 3573 3309 μικρὸν
3605 3237 3751 3294 εἶναι

2169 3329 2363 3384 δοκοῦν
2427 3328 2641 3397 μεγάλα
2700 3327 2797 3380 καὶ
2863 3327 3051 3390 πόλεις
3117 3328 3212 3381 καὶ
3265 3329 3449 3392 οἴκους
3515 3329 3749 3386 δύναται

2174 3423 2454 3493 βλάπτειν,
2490 3419 2565 3481 ὡς
2612 3421 2675 3471 ἐκ
2721 3418 2951 3488 βραχέος
3001 3419 3299 3489 σπινθῆρος
3327 3422 3658 3492 ἀρχόμενον,
3688 3425 3751 3479 οῦ

2171 3517 2230 3568 τὸ
2277 3515 2577 3583 νεμόμενον
2612 3512 2711 3563 οὐκ
2749 3511 2813 3564 άν
2847 3527 2977 3563 ποτε
3026 3511 3186 3583 σταίη
3229 3514 3329 3580 τῆς
3366 3514 3453 3566 ἀεὶ
3485 3532 3749 3588 νεωτερι-

2171 3607 2371 3676 ζούοης
2405 3604 2599 3674 φλογὸς
2630 3603 2985 3675 κινουμένης,
3019 3604 3183 3657 ὁπότε
3214 3605 3494 3676 τραπέζης
3535 3609 3756 3678 ῥᾳστώ-

2171 3715 2271 3768 νην
2310 3699 2342 3767 ή
2373 3698 2471 3766 τῆς
2507 3697 2641 3766 ὕλης
2672 3696 2859 3749 δίδωσι
2906 3695 3254 3749 πολυτέλεια.
3303 3697 3589 3753 Ἐντεῦθεν
3622 3701 3751 3770 ὅρια

2175 3787 2494 3860 ριπτοῦνται
2530 3787 2779 3857 πατρίων
2804 3785 3068 3851 κανόνων,
3096 3785 3395 3841 πατοῦνται
3432 3790 3633 3858 θεσμὰ,
3653 3794 3752 3847 καὶ

2171 3882 2273 3936 οὐκ
2301 3880 2447 3936 ἐστιν
2471 3878 2622 3932 οὐδὲν
2655 3876 2763 3931 τῶν
2787 3876 2968 3930 καλῶν
3003 3877 3030 3931 ὁ
3059 3876 3286 3934 δύναται
3330 3880 3515 3948 μένειν
3549 3882 3750 3949 ἑστὼς,

2171 3977 2266 4027 καὶ
2297 3971 2365 4027 αὖ
2397 3972 2499 4026 οὐκ
2526 3970 2675 4023 ἐστιν
2700 3970 2855 4023 οὐδὲν
2880 3969 2989 4023 τῶν
3019 3972 3208 4025 κακῶν
3228 3972 3257 4025 ὁ
3289 3974 3364 4044 μὴ
3394 3973 3618 4049 δύναται
3649 3977 3751 4046 τὴν

2169 4063 2433 4133 ἀλήθειαν
2487 4062 2854 4131 ἐξορχεῖσθαι.
2888 4062 3174 4132 Μοναρχία
3223 4064 3325 4132 μὲν
3374 4060 3470 4117 οῦν
3512 4066 3750 4134 οίήσεως

2171 4153 2464 4224 αὐτονομίᾳ
2515 4157 2970 4224 στρατηγουμένη
3020 4157 3115 4208 καὶ
3155 4155 3383 4227 γνώμης
3407 4157 3623 4227 ὀρέξεσι
3653 4159 3749 4230 δη-

2175 4245 2579 4315 μαγωγουμένη
2605 4245 2655 4296 τί
2683 4243 2783 4312 μὲν
2809 4245 2875 4298 ἂν
2907 4245 3015 4297 τῶν
3044 4245 3396 4313 ὑγιαινόντων
3424 4251 3750 4319 ἐργάσαιτο,

496 4328 635 4384 mali
684 4335 850 4397 atque
907 4321 1142 4391 improbi
1183 4320 1331 4392 quod
1361 4320 1648 4375 veritatem
1680 4321 1943 4375 insultare
1976 4339 2068 4376 ne-

2172 4333 2313 4394 τίνος
2334 4331 2677 4402 δ’ἁπόσχοιτ’
2703 4334 2767 4386 ἂν
2799 4335 2906 4386 τῶν
2935 4335 3291 4403 ἐρεθιςόντων
3319 4338 3412 4388 ἐπὶ
3443 4339 3511 4390 τὰ
3539 4339 3748 4408 χείρω;

503 4428 693 4491 queat.
745 4418 991 4486 Regnum
1036 4412 1205 4483 igitur
1232 4411 1511 4481 opinionis
1544 4411 1768 4467 licentia
1801 4412 2072 4482 guberna-

509 4519 621 4560 tum
652 4513 706 4559 et
734 4501 955 4557 arbitrii
995 4499 1321 4555 libidinibus
1349 4500 1614 4569 agitatum
1645 4501 1775 4570 quid
1816 4502 1961 4572 frugi
1986 4503 2070 4557 fa—

507 4596 661 4653 ciet?
692 4610 799 4663 qua
844 4608 904 4646 re
950 4591 1283 4657 abstinebit,
1320 4606 1441 4658 qua:
1487 4591 1555 4645 ad
1600 4592 1787 4663 pejora
1840 4594 2074 4650 incitare

499 4686 932 4760 possitttantum
956 4684 1131 4748 abest,
1146 4683 1344 4737 uttalis
1359 4682 1554 4739 civitas
1574 4684 1721 4738 salva
1740 4694 1903 4756 atque
1926 4687 2076 4742 inco-

505 4779 673 4834 huuis
698 4790 819 4830 esse
852 4774 1320 4845 posSit,uHeluti
1347 4776 1505 4831 navis
1542 4777 1663 4830 sine
1692 4778 2071 4848 gubernatore

502 4868 1118 4938 marisetempestatibus
1146 4866 1201 4921 in
1213 4876 1463 4923 extrema
1484 4867 1802 4924 discrimina
1825 4872 2077 4941 praecipi-

498 4972 683 5020 1etur.
708 4960 833 5016 Haec
853 4975 918 5015 ve
928 4975 990 5014 ro
1009 4960 1233 5030 propria
1250 4967 1335 5013 est
1352 4960 1595 5015 conditio
1613 4960 1851 5017 civitatis
1868 4962 2076 5034 Byzan-

497 5057 642 5113 ‘tinae
661 5054 789 5110 inde
810 5066 985 5122 usque
1018 5067 1085 5107 ex
1100 5051 1482 5121 superioribus
1499 5054 1857 5122 temporibus.
1889 5053 2077 5125 Neque

508 5164 643 5205 vero
667 5147 809 5202 hanc
826 5145 935 5215 26
954 5153 1153 5199 sortem
1173 5144 1494 5213 simpliciter
1515 5146 1905 5215 reprehensam
1931 5149 2075 5216 volo,

512 5245 609 5299 sed
639 5239 784 5312 quod
817 5244 981 5292 etiam
1006 5253 1126 5292 eam
1160 5236 1231 5291 ob
1258 5253 1502 5303 causam,
1529 5239 1576 5293 si
1604 5238 1821 5310 longius
1854 5242 2080 5310 respici-

513 5348 654 5398 mus,
685 5344 794 5384 non
835 5327 1006 5382 modo
1044 5326 1390 5396 publicarum
1428 5344 1608 5381 rerum
1648 5330 1915 5398 plurimas
1936 5333 2080 5386 cala-

515 5425 729 5478 mitates
750 5419 1085 5490 reperimus,
1110 5417 1205 5471 sed
1235 5418 1481 5472 omnium
1510 5419 1743 5473 maxima
1786 5419 2081 5489 ipsiuspia:

512 5514 767 5573 Ecclesia:
809 5510 1128 5567 infortunia.
1184 5511 1292 5564 Aut
1337 5513 1483 5565 enim
1534 5510 1779 5580 Byzantii
1835 5511 1975 5564 mala
2003 5511 2083 5580 gi-

504 5617 758 5680 gnuntur
813 5615 981 5673 atque
1039 5601 1166 5656 inde
1217 5604 1370 5671 quasi
1430 5602 1484 5656 in
1519 5617 1755 5671 pronum
1805 5600 2080 5656 eﬂluentia

503 5696 997 5756 calamitosissimis
1018 5693 1183 5749 rebus
1204 5696 1369 5747 etiam
1404 5695 1642 5763 reliquas
1667 5694 1827 5748 facile
1850 5693 2080 5762 implent
2100 5708 2106 5723 '

506 5789 700 5858 urbes,
715 5795 810 5843 aut
834 5785 1055 5843 aliunde
1088 5783 1326 5839 obscure
1351 5793 1408 5839 et
1437 5784 1804 5842 adumbratim
1830 5784 1978 5840 illata
2000 5784 2074 5841 ibi

2172 4423 2378 4478 Πολλοῦ
2425 4422 2575 4490 μέντ’
2625 4423 2691 4477 ἂν
2744 4423 2955 4493 δεήσειε
2996 4423 3268 4487 σώζεσθαι
3318 4427 3418 4499 την
3471 4429 3752 4486 πολιτείαν

2174 4515 2406 4586 ἐκείνην,
2437 4517 2529 4566 καὶ
2565 4513 2640 4584 μὴ
2691 4515 2941 4585 καθάπερ
2981 4515 3350 4587 ἀκυϐέρνητον
3402 4520 3586 4574 πλοῖον
3635 4524 3755 4577 δια-

2174 4607 2411 4668 ποντίοις
2460 4607 2693 4676 χειμῶσι
2762 4607 2899 4675 πρὸς
2959 4608 3084 4671 τοὺς
3145 4610 3414 4679 ἐσχάτους
3465 4612 3753 4680 κινδύνους

2175 4697 2516 4763 ἐλαύνεσθαι,
2547 4697 2705 4750 τοῦτο
2756 4697 2818 4767 δὴ
2844 4699 2907 4750 τὸ
2948 4701 3046 4769 τῆς
3075 4701 3389 4765 Βυζαντίων
3437 4704 3570 4758 ίδιον
3610 4709 3755 4761 ἄνω..

2176 4789 2268 4844 θεν
2292 4789 2368 4853 ὡς
2400 4790 2468 4842 τά
2491 4788 2661 4842 πολλὰ
2687 4788 2984 4853 πολιτείας.
3020 4791 3130 4845 Καὶ
3159 4793 3259 4846 οὐκ
3288 4794 3531 4859 ὀνειδίζω
3574 4797 3755 4868 λέγων

2175 4885 2274 4943 τὰς
2316 4879 2488 4951 τύχας
2523 4879 2733 4945 ἁπλῶς,
2780 4880 2897 4933 ἀλλ’
2940 4882 3020 4934 ὅτι
3062 4881 3150 4935 διὰ
3190 4882 3347 4936 τοῦτο
3393 4888 3485 4939 καὶ
3531 4889 3755 4954 πλείους

2179 4973 2505 5035 σκοποῦντες
2533 4971 2742 5025 ἄνωθεν
2763 4972 3093 5041 εὑρίσκομεν
3119 4977 3300 5029 ἐκεῖσε
3337 4978 3411 5047 μὴ
3443 4976 3607 5046 μόνον
3643 4980 3755 5034 τῶν

2177 5063 2450 5135 δημοσίων
2508 5064 2869 5132 πραγμάτων,
2914 5064 2995 5119 ὅτι
3028 5066 3105 5136 μὴ
3148 5067 3326 5137 πολλῷ
3356 5085 3418 5135 γε
3441 5069 3615 5140 δήπου
3647 5074 3756 5142 μά-

2178 5156 2336 5209 λιστα
2367 5158 2467 5225 τῆς
2508 5156 2762 5218 εὐσεϐοῦς
2808 5157 3135 5228 Ἐκκλησίας
3176 5160 3245 5212 τὰ
3278 5144 3649 5232 ὀλισθήματα..
3682 5167 3755 5219 Ἦ

2181 5245 2290 5315 γὰρ
2323 5247 2438 5298 ἐκεῖ
2471 5244 2568 5315 τὴν
2618 5245 2831 5311 γένεσιν
2870 5248 3010 5318 ίσχει
3052 5249 3121 5302 τὰ
3171 5249 3362 5319 χείρω,
3395 5255 3651 5308 κάκεῖθεν
3678 5258 3755 5320 ὡς

2180 5334 2273 5386 ἐπὶ
2297 5331 2537 5401 πρανοῦς
2590 5333 2915 5403 ἐπιρρέοντα
2975 5338 3229 5405 πονηρῶν
3289 5340 3346 5398 ἐς
3393 5340 3460 5390 τὰ
3516 5342 3757 5409 μάλιστα

2182 5424 2525 5493 πραγμάτων
2568 5425 2659 5476 καὶ
2699 5428 2797 5487 τὰς
2826 5426 2993 5490 ἄλλας
3020 5426 3221 5496 ῥᾳδίως
3273 5430 3627 5503 ἐμπίμπλησι
3659 5439 3750 5490 πᾷ.

2183 5515 2335 5578 λειςο
2383 5517 2415 5587 ἢ
2463 5516 2557 5569 καὶ
2608 5517 2833 5570 ἄλλοθέν
2887 5521 3052 5572 ποθεν
3103 5522 3347 5585 σκιωδῶς
3401 5525 3761 5595 ἐπεισκωμά-

2187 5623 2356 5659 σαντα
2393 5606 2491 5676 τὴν
2521 5604 2685 5677 πῆξιν
2708 5608 2896 5662 αὐτόθι
2937 5616 3317 5682 μονιμωτέραν
3359 5614 3627 5686 λαμὸάνει
3662 5623 3761 5677 καὶ

2184 5692 2444 5764 δημόσιον
2480 5693 2571 5747 τὸν
2611 5698 3005 5769 χρωματισμδν
3028 5701 3372 5756 ἀναδείκνυσι
3405 5706 3502 5776 τῆς
3529 5708 3757 5774 κακίας.

2182 5789 2276 5842 Διό
2298 5806 2395 5861 μοι
2423 5788 2725 5862 θαυμάζειν
2755 5792 3056 5864 περίεστιν,
3098 5794 3198 5848 οὐκ
3229 5797 3275 5850 εί
3313 5798 3505 5868 γέγονέ
3548 5818 3602 5854 τι
3645 5819 3759 5860 πα-
