4088 6474
402 394 466 456 i7
1351 405 1788 470 BYZANTIN/E
1830 411 2208 470 l'llSTUlilrE
2251 415 2392 477 LIB.
2436 417 2612 476 XXV.
3589 426 3653 487 18

397 706 506 742 παν
537 688 829 759 ζητοῦντες
883 694 1206 762 σοφίζεσθαι
1250 701 1392 754 κατά
1447 720 1511 770 γε
1563 703 1663 775 τὴν
1701 709 1966 778 περιττὴν

395 781 488 834 καὶ
537 781 789 852 εὖτεχνον
844 786 1053 857 ταύτην
1105 791 1322 859 σοφίαν,
1377 793 1505 864 μήθ’
1567 797 1799 860 ἑαυτοὺς
1858 799 1967 850 τῶν

397 871 558 927 θείων
605 876 806 942 μᾶλλον
829 877 1074 932 δικαιοῦν
1107 882 1356 952 πατρίων
1404 884 1966 956 διαπληκτιζομένους

401 967 460 1018 ὲν
510 964 574 1036 [ί.
608 966 700 1021 101
765 968 826 1040 a}
855 970 1158 1036 διαλέξεσιν
1213 973 1428 1044 ἄμετρα
1495 977 1589 1030 τὸν
1652 980 1968 1050 καινότερον

398 1056 615 1122 τρόπον,
644 1059 780 1114 ἀλλὰ
835 1064 950 1124 τοῖς
1017 1063 1118 1133 μὲν
1169 1065 1379 1118 ἄνωθεν
1435 1067 1498 1121 εὖ
1558 1072 1968 1141 γεγραμμένοις

399 1148 725 1217 ἐμμένοντες
775 1153 1034 1224 δόγμασι,
1078 1158 1146 1209 τὰ
1211 1159 1268 1211 δὲ
1326 1162 1598 1228 σιγηθέντ’
1657 1165 1980 1230 ἀναξαίνειν-

401 1239 618 1312 μηδαμὴ
650 1245 912 1314 μηδαμῶς
940 1248 1220 1312 ἀξιοῦντες
1267 1253 1388 1319 μηδ’
1421 1253 1681 1308 ἀναλύειν
1711 1256 1967 1326 ἀκαίροις

399 1334 691 1401 πειρᾶσθαι
753 1337 1158 1406 συλλογισμοῖς,
1211 1343 1376 1411 ἡμεῖς
1427 1363 1488 1398 τε
1531 1346 1580 1399 οἰ
1649 1351 1966 1416 ποιμαίνειν

399 1423 582 1477 ἐνθάδε
617 1425 870 1494 λαχόντες
899 1434 1290 1499 πνευματικῶς
1337 1435 1429 1488 τὸν
1466 1439 1679 1508 μακρὸν
1707 1441 1975 1507 ὁδείομενη

399 1514 544 1583 βὶον,
607 1517 701 1570 καὶ
752 1519 812 1570 τὸ
866 1527 1233 1589 πνευματικὸν
1292 1525 1450 1594 ἡμῶν
1509 1529 1707 1596 ὁμοίως
1759 1531 1968 1600 ἄγομεν

397 1607 642 1673 ποίμνιον
663 1611 765 1664 ὑπὸ
793 1613 1102 1686 κυϐερνήτῃ
1124 1617 1202 1687 τῷ
1229 1616 1375 1688 μόνῳ
1400 1621 1619 1674 πάντων
1647 1623 1969 1695 δημιουργῷ

399 1701 492 1752 καὶ
541 1700 678 1769 Θεῷ,
747 1704 1035 1767 πολυυεϊας
1087 1708 1144 1761 δὲ
1211 1711 1310 1764 καὶ
1367 1713 1558 1776 ἁθεῖας
1609 1714 1964 1784 Παλαμικέις,

400 1791 600 1858 μᾶλλον
621 1792 665 1844 δ’
707 1794 974 1864 ὲνσάρκου
1023 1801 1338 1870 οἰκονομίας
1389 1803 1672 1874 ἀθέτησιν,
1694 1806 1895 1858 ταυτὸν
1921 1807 1967 1860 δ’

396 1885 566 1936 εἰπεῖν
601 1885 928 1957 Ἑκκλησίας
965 1891 1184 1962 ἀπάσης
1230 1894 1487 1960 καθάπαξ
1513 1871 1826 1967 ἀνατροπὴν
1853 1897 1963 1951 οὔτ’
2004 1871 2044 1921 Β

395 1975 693 2045 ἐδεξάμεθα
720 1978 841 2032 οὗτε
877 1983 982 2051 μὴν
1013 1984 1292 2053 δεξαίμεθ’
1340 1988 1405 2040 ἄν
1457 2005 1610 2052 ποτε,
1653 1989 1756 2042 κᾶν
1782 1990 1968 2060 ἐχθροὶ

401 2069 583 2138 μυρίοι
630 2073 845 2139 μυρίων
894 2073 1228 2144 ἔμπροσθεν·
1256 2078 1447 2131 ἰστῶσι
1492 2079 1741 2134 θανάτων
1791 2082 1966 2150 σκεύη

399 2164 491 2214 καὶ
546 2166 936 2234 μηχανήματα,
979 2168 1114 2221 ἀλλὰ
1161 2173 1253 2223 καὶ
1313 2172 1478 2226 αὐτὸν
1530 2173 1827 2240 Παλαμᾶν,
1873 2175 1968 2226 καὶ

395 2255 508 2307 ὅσοι
537 2257 706 2309 ταυτά
741 2257 1030 2327 φρονοῦσιν
1053 2261 1220 2328 αὐτῷ,
1266 2262 1406 2331 μετὰ
1444 2263 1556 2316 τῶν
1579 2253 1746 2316 αὐτοῦ
1792 2264 1965 2316 τοιού⁹

396 2363 502 2398 των
548 2347 854 2416 δογμάτων,
885 2344 962 2402 ὧν
1016 2351 1112 2403 καὶ
1157 2353 1322 2420 ἡμεῖς
1382 2353 1532 2415 ὅπως
1585 2353 1705 2406 ποτ’
1761 2354 1820 2404 ὲν
1872 2353 1970 2423 θέᾳ

397 2438 758 2509 κατέστημεν,
790 2441 865 2508 τῷ
904 2442 1109 2513 αἰωνίῳ
1155 2445 1609 2514 παρκπέμπομεν
1656 2444 1972 2512 ὰναθέματί

396 2547 456 2581 τε
513 2531 606 2583 καὶ
636 2533 790 2604 πυρί.
848 2535 1068 2590 Τούτων
1118 2536 1165 2589 δ’
1213 2539 1413 2608 ἀκριϐῆ
1470 2539 1570 2609 τὴν
1625 2536 1968 2608 παράστασιν

397 2621 539 2691 ἔχεις
565 2641 623 2678 τε
654 2629 742 2680 καί
779 2626 922 2692 ἕξεις
959 2629 1146 2692 αὐτὸς,
1176 2630 1331 2683 διιὼν
1371 2633 1471 2692 τὰς
1515 2629 1752 2684 ἐνταῦθα
1781 2633 1968 2692 πόλεις

397 2718 490 2770 καὶ
531 2719 710 2790 χώρας
744 2722 1018 2789 Αἰγύπτου
1053 2726 1148 2776 καὶ
1193 2725 1472 2793 Ἀραϐίας,
1495 2725 1750 2793 Φοινίκης
1780 2741 1840 2776 τε
1873 2729 1969 2779 καὶ

398 2812 615 2882 Συρίας,
647 2816 740 2866 καί
774 2817 874 2868 ὅσα
911 2817 1037 2885 περί
1060 2817 1263 2879 ταύτας
1300 2817 1512 2870 οἰκοῦσι
1543 2818 1674 2887 γένη
1705 2818 1969 2888 Χριστια-

376 2908 525 2973 -νῶν,
571 2909 719 2968 ὅπως
782 2911 840 2961 ὲν
901 2907 1053 2978 μέσῳ
1115 2908 1222 2962 τῶν
1250 2908 1471 2964 ἀσεϐῶν
1526 2909 1624 2962 καὶ
1676 2910 1968 2981 ἀκάθαρτα

399 2999 551 3068 χείλη
579 2998 808 3068 ἐχόντων
834 2999 1131 3062 οἰκοῦντες,
1163 3001 1260 3052 καὶ
1292 2999 1600 3070 ἀλλοτρίοις
1620 2998 1968 3063 δουλεύοντες

398 3091 601 3154 ὅπλοις,
647 3092 795 3160 ὅμως
841 3094 908 3161 τῇ
948 3091 1058 3145 τῶν
1107 3088 1213 3146 ὦδε
1254 3093 1600 3162 στοιχοῦντες
1652 3093 1968 3146 ἐπισκόπων

397 3180 714 3252 διδασκαλίᾳ
735 3181 794 3235 τὸ
822 3181 1048 3252 πάτριον
1081 3180 1245 3245 σέϐας
1279 3182 1367 3235 ἀεὶ
1397 3183 1508 3243 τοῖς
1541 3183 1709 3251 ἰεροῖς
1740 3181 1968 3250 νέμουσι

397 3273 650 3343 δόγμασι.
701 3274 1052 3344 Μηκύνοιμεν
1093 3275 1140 3328 δ’
1195 3276 1286 3340 ἂν,
1344 3274 1396 3328 εἰ
1452 3273 1635 3342 λέγειν
1681 3275 1968 3344 ἐθέλοιμεν

401 3367 619 3420 ἅπαντα
679 3367 874 3436 ἑφεξῆς
924 3368 1026 3420 ὅσα
1072 3384 1131 3420 τε
1183 3370 1212 3420 ὁ
1254 3368 1396 3430 θεῖος
1436 3368 1649 3428 ἐκεῖνος
1699 3365 1840 3435 ἀνὴρ
1878 3366 1966 3419 ἐπ’

402 3458 536 3528 ἐμοῦ
569 3458 789 3529 διεξῄει,
817 3460 910 3512 καὶ
933 3460 1034 3512 ὅσα
1063 3459 1212 3514 ἄλλοι
1258 3459 1434 3522 ἄλλως
1468 3457 1676 3528 ἀλλαχῆ
1704 3457 1802 3518 καὶ
1831 3473 1968 3510 παν-

404 3551 559 3619 ταχῆ,
588 3553 686 3620 τῆς
711 3553 899 3620 ὁμοίας
933 3552 1169 3622 ἐχόμενα
1197 3551 1404 3615 τάξεώς
1447 3568 1505 3603 τε
1539 3551 1634 3603 καὶ
1657 3548 1967 3611 εὐλαϐείας.

2071 623 2411 692 probitatem
2443 628 2600 694 quasi
2637 628 2838 682 vividis
2870 629 3148 684 coloribus
3184 631 3430 686 indutam
3465 641 3654 688 osten-

2069 717 2226 770 dunt.
2253 718 2434 784 Quare
2479 719 2612 772 mihi
2649 721 2837 774 mirari
2873 722 3023 775 subit
3065 739 3170 776 non
3204 724 3248 777 si
3292 725 3423 793 quid
3459 725 3532 778 ibi
3565 742 3654 779 ra-

2070 808 2207 863 tioni
2258 810 2659 868 inconveniens
2715 813 2942 880 incidat,
2987 815 3081 868 sed
3137 816 3182 870 si
3216 819 3653 887 non,quidquid

2068 904 2304 972 geritur,
2335 920 2365 958 a
2419 906 2630 959 ratione
2662 905 2977 962 abhorreat.
3013 907 3125 962 Nos
3175 920 3358 965 autem
3394 911 3485 965 hic
3507 955 3522 978 ,
3555 914 3651 982 qui

2068 1011 2176 1049 non
2196 1009 2658 1065 supervacaneam
2676 999 2844 1053 istam
2858 1008 2914 1054 et
2941 1000 3292 1055 artili‘ciosam
3320 1002 3652 1073 sapientiam

2069 1087 2270 1142 sectari
2299 1089 2354 1144 in
2377 1089 2562 1144 animo
2594 1091 2864 1145 habemus
2898 1107 3002 1146 nec
3045 1095 3346 1150 rhetoricis
3370 1095 3656 1151 subtilita-

2072 1179 2219 1234 tibus
2239 1179 2425 1234 divina
2443 1197 2568 1236 cum
2591 1182 2836 1252 profanis
2855 1185 3325 1241 confundentibus
3341 1188 3653 1249 studemus.

2068 1268 2233 1338 huius
2258 1271 2520 1340 temporis
2545 1272 2600 1326 in
2634 1273 2903 1341 dogmatis
2920 1276 3232 1346 antiquitus
3258 1276 3398 1332 bene
3430 1279 3654 1349 scriptis

2068 1375 2508 1431 permaneamus,
2537 1379 2717 1434 neque
2736 1379 2857 1433 qua:
2881 1366 3101 1421 silentio
3125 1368 3365 1424 involuta
3386 1381 3536 1436 sunt,
3566 1389 3654 1426 re-

2068 1451 2384 1508 fricareant
2419 1455 2625 1526 ineptis
2662 1457 3180 1514 ratiocinationibus
3200 1461 3458 1529 expedire
3489 1478 3654 1517 cone-

2069 1559 2216 1608 mur,
2245 1560 2368 1611 nos,
2408 1546 2556 1612 dico,
2588 1549 2791 1618 quibus
2830 1549 2921 1604 hic
2951 1558 3234 1620 pastorum
3269 1567 3470 1607 munus
3510 1554 3654 1607 obti-

2070 1635 2150 1705 git
2181 1637 2381 1705 spiritu
2415 1638 2578 1693 aliter
2608 1640 2828 1710 longam
2860 1643 3028 1696 vitam
3051 1643 3304 1714 degimus
3348 1653 3401 1698 et
3433 1660 3654 1715 gregem

2069 1735 2320 1780 nostrum
2351 1727 2696 1797 spiritualem
2732 1731 2928 1786 eodem
2961 1733 3124 1788 modo
3154 1735 3392 1803 reginms
3424 1738 3527 1789 sub
3557 1752 3657 1805 gu—

2073 1815 2389 1878 bernatore,
2425 1818 2804 1874 universitatis
2853 1836 3040 1876 rerum
3101 1825 3220 1878 solo
3251 1824 3448 1893 opiﬁcn
3489 1835 3654 1894 atque

2073 1905 2203 1970 Deo,
2230 1907 2655 1978 polytheismum
2689 1921 2872 1966 autem
2912 1922 2970 1968 et
3015 1915 3347 1968 atheismum
3393 1918 3649 1979 Palama‘,

2069 1996 2244 2063 magis
2268 2011 2402 2050 vero
2457 2001 2882 2055 exstinctionem
2950 2005 3198 2073 mysterii
3254 2005 3653 2061 incarnationis

2070 2083 2191 2150 Dei,
2215 2086 2300 2139 vel
2323 2087 2470 2155 quod
2496 2089 2638 2141 idem
2664 2099 2768 2152 est,
2800 2091 2970 2145 totius
3003 2093 3258 2147 Ecclesia)
3275 2095 3492 2162 planam
3522 2112 3652 2148 con-

2071 2174 2390 2228 versionem
2448 2192 2560 2230 non
2621 2179 2978 2246 probavimus
3024 2197 3203 2251 neque
3251 2199 3493 2251 unquam
3545 2185 3652 2254 27

2071 2265 2454 2333 probabimus,
2501 2268 2543 2320 si
2581 2269 2746 2322 etiam
2779 2271 3018 2325 hostium
3055 2272 3474 2329 innumerabilis
3511 2277 3654 2329 mul-

2073 2355 2252 2412 titudo
2277 2360 2655 2426 quarumlibet
2712 2365 2975 2420 tnortium
3035 2366 3396 2422 instrumenta
3432 2378 3487 2421 et
3543 2385 3653 2422 ma-

2070 2449 2264 2506 chinas
2293 2450 2454 2505 nobis
2478 2454 2790 2522 protendat,
2849 2456 2942 2509 sed
2979 2466 3035 2511 et
3072 2457 3250 2528 ipsum
3293 2458 3566 2513 Palau-am
3599 2470 3655 2514 et

2071 2540 2164 2606 qui
2208 2555 2334 2593 cum
2369 2556 2436 2594 eo
2463 2544 2714 2598 sentiunt
2742 2561 2866 2598 eum
2901 2546 3172 2614 dogmatis
3221 2548 3358 2611 suis,
3392 2567 3511 2616 quae
3553 2567 3652 2603 nos

2069 2647 2291 2699 quoque
2344 2633 2564 2700 quando
2609 2635 2888 2700 vidimus,
2921 2651 3140 2692 aeterna:
3169 2643 3555 2696 'exsecrationi
3598 2653 3655 2696 et

2071 2723 2180 2791 igni
2219 2725 2566 2779 mandamus.
2622 2725 2835 2782 llorum
2871 2729 3168 2784 verborum
3190 2745 3446 2786 accurata
3477 2733 3645 2788 docu-

2072 2823 2255 2868 menta
2291 2816 2510 2871 invenis
2535 2828 2700 2886 atque
2731 2821 2982 2875 invenies
3003 2867 3017 2885 ,
3065 2823 3111 2878 si
3161 2826 3330 2880 urbes
3363 2836 3526 2896 atque
3561 2844 3646 2880 re-

2069 2903 2262 2973 gienes
2276 2903 2494 2975 Egypti
2520 2916 2575 2962 et
2597 2908 2834 2970 Arahire,
2855 2910 3154 2967 Phoenicim
3181 2925 3236 2968 et
3264 2913 3433 2984 Syriae
3456 2926 3652 2984 etquze

2070 2993 2127 3047 in
2157 2993 2224 3048 iis
2240 2993 2487 3049 incolunt
2505 3005 2694 3065 gentes
2722 2996 3165 3054 Christianorum
3181 3017 3473 3074 peragrare
3492 3005 3650 3071 velis,

2070 3101 2192 3156 quae
2232 3103 2544 3157 quanquam
2587 3075 2837 3144 habitant
2884 3091 3028 3145 inter
3075 3094 3274 3162 impios
3317 3095 3644 3165 impuroqne

1997 3217 2040 3274 Ο
2071 3193 2168 3233 ore
2213 3179 2473 3248 praeditos
2525 3189 2692 3250 atque
2732 3183 2929 3238 alienis
2969 3186 3134 3239 armis
3175 3186 3434 3256 subjecta-3
3478 3197 3643 3250 sunt,

2074 3277 2258 3326 tamen
2321 3272 2632 3327 doctrinam
2687 3274 2878 3328 talium
2949 3277 3335 3347 episcOporum
3413 3293 3652 3348 sequen-

2074 3372 2180 3427 tes,
2225 3365 2591 3419 reverentiam
2643 3381 2674 3420 a
2733 3367 2986 3436 patribus
3049 3370 3304 3423 traditam
3374 3387 3655 3439 numquam

2073 3471 2182 3511 non
2241 3455 2449 3510 sanctis
2505 3457 2818 3512 attrihuunt
2897 3460 3184 3529 dogmatis.
3254 3461 3499 3530 Longum
3545 3473 3651 3524 est,

2074 3547 2258 3601 omnia
2317 3561 2580 3602 enarrare
2664 3565 2787 3618 (piae
2839 3549 3064 3606 divinus
3121 3552 3212 3605 ille
3279 3553 3366 3606 vir
3437 3570 3650 3607 mecum

399 3643 842 3710 communicavit,
892 3653 949 3699 et
1001 3659 1124 3713 qine
1176 3643 1269 3698 alii
1314 3644 1450 3698 alias
1491 3642 1652 3698 aliter
1699 3640 1836 3696 mihi
1885 3636 2198 3696 referebant
2257 3635 2325 3692 ad
2367 3638 2622 3693 einndem
2680 3640 2933 3694 ordinem
2990 3649 3155 3711 atque
3189 3643 3447 3712 pietatem
3484 3649 3654 3715 perti—

402 3739 604 3794 nentia.

473 3837 544 3890 Z'.
587 3835 866 3902 Ἐξιετίαν
892 3836 939 3890 δ’
967 3834 1060 3889 οὖν
1095 3837 1244 3904 ὅμως
1286 3836 1444 3905 ἡμεῖς
1481 3834 1538 3884 ὲν
1586 3831 1818 3892 ἐκείνοις
1851 3830 1968 3882 δια-

399 3929 711 3998 τετριφόῖες
743 3930 854 3990 τοῖς
891 3928 1100 3988 τόποις,
1133 3926 1327 3978 ἔπειτα
1362 3925 1598 3992 πλήρεσι
1625 3925 1738 3982 τοῖς
1771 3918 1966 3981 ἰστίοις

402 4023 722 4090 ἀναχθέντες
767 4022 831 4072 ὲκ
881 4018 1131 4081 Κιλικίας
1171 4021 1471 4088 δευτεραῖοι
1510 4019 1562 4077 ἐς
1613 4014 1841 4081 Κύπρον
1869 4014 1967 4082 τὴν

403 4119 561 4184 νῆσον
613 4114 983 4183 κατήχθημεν,
1035 4112 1168 4165 ἔνθα
1213 4113 1280 4180 δὴ
1330 4112 1424 4164 καὶ
1473 4110 1637 4162 πολὺν
1665 4107 1965 4177 διατρίϐειν

406 4202 664 4272 ἐγνώκειν
691 4202 864 4270 ἔγωγε
895 4202 1082 4270 χρόνον
1111 4201 1200 4254 διά
1234 4216 1294 4251 τε
1322 4199 1492 4251 τᾶλλα
1521 4198 1631 4250 τῶν
1672 4199 1772 4265 τῆς
1798 4197 1966 4264 νήσου

404 4295 580 4350 καλῶν
624 4295 716 4347 καὶ
746 4296 845 4362 τήν
878 4310 941 4362 γε
989 4293 1213 4360 ἔννομόν
1246 4307 1306 4344 τε
1356 4292 1449 4344 καὶ
1490 4289 1763 4358 φιλόξενον
1811 4288 1968 4340 πολι-

403 4391 570 4453 τείαν,
601 4386 700 4444 καῖ
726 4389 961 4458 μάλιστα
993 4388 1210 4441 πάντων
1235 4388 1325 4440 διὰ
1351 4387 1450 4454 τὴν
1479 4383 1577 4436 τοῦ
1620 4381 1790 4452 σοφοῦ
1824 4379 1971 4432 ὲκείο

405 4500 496 4537 νου
525 4482 715 4551 ἀνδρὸς
743 4481 984 4550 ὁμιλίαν,
1012 4479 1294 4550 Γεωργίου
1322 4479 1465 4548 φημὶ
1492 4475 1587 4530 τοῦ
1617 4476 1886 4540 Λαπίθου,
1923 4465 1970 4540 ᾧ

2147 3827 2258 3883 VII.
2292 3825 2397 3882 Sex
2437 3841 2539 3898 per
2573 3841 2749 3881 annos
2778 3843 2906 3882 cum
2942 3830 2996 3883 in
3030 3829 3301 3886 illis-locis
3333 3831 3651 3896 fuissemus,

2072 3936 2139 3974 ex
2167 3919 2359 3974 Cilicia
2390 3919 2526 3974 velis
2555 3921 2732 3988 passis
2757 3921 2816 3974 in
2847 3922 3019 3974 altum
3049 3922 3241 3987 delati,
3273 3925 3518 3981 secundo
3565 3928 3653 3981 die

2073 4012 2140 4065 ad
2173 4011 2410 4064 insulam
2437 4009 2680 4081 Cyprum
2699 4012 3036 4080 appulimns,
3064 4015 3155 4067 ubi
3185 4016 3407 4084 longum
3437 4025 3654 4084 tempus

2077 4103 2406 4156 commorari
2461 4102 2862 4157 constitueram
2915 4119 3042 4157 cum
3092 4107 3164 4159 ob
3203 4107 3329 4169 alia,
3361 4124 3481 4176 quae
3517 4127 3652 4177 prae-

2075 4194 2170 4248 bet
2202 4193 2383 4248 insula
2412 4192 2726 4254 commoda,
2757 4203 2870 4247 tum
2911 4196 3058 4264 quod
3097 4198 3174 4251 rei
3213 4198 3445 4265 publica:
3475 4194 3648 4254 admi-

2075 4284 2330 4338 nistratio
2359 4284 2618 4352 pneclare
2645 4284 2860 4354 legibus
2895 4293 3197 4354 temperata
3234 4298 3340 4349 est,
3368 4299 3422 4342 et
3451 4289 3654 4356 oppido

2075 4375 2370 4444 hospitalis
2400 4412 2417 4438 ,
2477 4375 2714 4429 maxime
2768 4391 2904 4430 vero
2929 4391 2997 4430 eo
3023 4379 3256 4431 consilio
3275 4419 3289 4443 ,
3343 4389 3403 4432 ut
3433 4381 3652 4448 Georgii

2077 4466 2344 4536 Lapithas,
2377 4466 2477 4520 viri
2509 4467 2658 4522 illius
2684 4468 3076 4536 sapientissimi
3111 4472 3510 4525 consuetudine
3537 4484 3656 4526 ute-

403 4576 502 4627 οὐκ
535 4573 696 4637 εὐθὺς
725 4572 937 4636 ἀποϐὰς
958 4575 1058 4643 τῆς
1087 4574 1226 4634 vasin;
1274 4569 1694 4640 ὲνετετυχήκειν
1724 4567 1970 4637 αὐθημε-

2077 4573 2187 4622 rer,
2221 4572 2386 4627 quem
2418 4558 2531 4628 28
2562 4559 2789 4626 quidem
2825 4574 2855 4612 e
2893 4558 3294 4630 naviegressus
3330 4576 3438 4614 non
3465 4562 3652 4616 statim

407 4665 529 4733 ρόν-
574 4665 636 4716 ού
686 4664 796 4734 γὰρ
843 4664 1073 4734 πλησίον
1104 4664 1222 4715 ἐκεῖ
1253 4679 1356 4715 που
1403 4660 1502 4730 τὴν
1547 4658 1766 4730 οἴκησιν
1799 4652 1970 4726 εἶχεν,

404 4757 537 4811 ἀλλὰ
576 4757 720 4810 δυοῖν
748 4757 985 4828 ἡμέραιν
1041 4756 1136 4810 τοῦ
1185 4755 1403 4825 λιμένος
1442 4755 1756 4822 ἀπέχουσαν
1794 4752 1874 4814 εἰς
1911 4749 1974 4802 ὃν

405 4852 561 4918 ἡμεῖς
587 4851 886 4918 τηνικαῦτα
915 4847 1445 4916 ὲσεπεπλεύκειμεν.
1488 4845 1672 4898 Ῥόδου
1719 4843 1820 4912 μὲν
1863 4841 1973 4910 γὰρ

405 4940 613 5009 ἐκείνης
649 4940 747 5008 τῆς
770 4939 934 5007 νήσου
970 4937 1174 5006 μείζων
1209 4936 1361 4989 ἐστὶν
1382 4937 1415 5004 ἡ
1451 4933 1698 5004 Κύπρος,
1727 4933 1823 4985 καὶ
1851 4933 1972 5002 ἅμα

403 5029 463 5081 οὐ
502 5028 622 5085 κατ’
651 5028 889 5098 ἐκείνην,
913 5027 1029 5080 ἀλλ’
1068 5027 1351 5098 ἐπιμήκης
1390 5025 1453 5078 τὸ
1483 5028 1671 5095 σχῆμα
1695 5039 1709 5052 '
1766 5024 1972 5092 μεταξὺ

401 5116 447 5169 δ’
481 5117 650 5186 αὐτῆς
675 5116 803 5187 ὅρος
842 5118 1086 5186 ἑστήκει,
1117 5116 1216 5187 τὴν
1242 5115 1487 5186 κορυφὴν
1515 5116 1572 5176 ἐς
1613 5113 1746 5182 ὕψος
1773 5114 1974 5180 ἀνάγον

409 5208 638 5276 μακρόν.
665 5205 950 5273 Ὄλυμπος
985 5205 1236 5258 καλεῖται
1263 5205 1323 5255 τὸ
1369 5205 1518 5273 ὅρος,
1552 5203 1610 5268 ὲξ
1636 5201 1696 5254 οὗ
1744 5204 1835 5254 καὶ
1867 5220 1974 5270 πη-

405 5297 497 5364 γαὶ
531 5293 790 5363 ποταμῶν
819 5293 1188 5355 ἀποϐλύζουσι
1235 5294 1408 5362 τρεῖς,
1440 5287 1516 5345 ὧν
1556 5293 1585 5344 ὁ
1620 5291 1826 5358 μείζων
1869 5308 1972 5344 καο

403 5388 662 5455 λούμενος
709 5387 952 5448 Δάπιθος
996 5388 1213 5439 κάτεισι
1261 5389 1478 5455 τέμνων
1527 5385 1620 5438 καὶ
1661 5384 1975 5455 περιρρέων

401 5481 502 5550 τὴν
555 5481 874 5532 Λευκωσιαν
919 5477 1120 5530 οὑτωσὶ
1190 5477 1538 5545 καλουμένην
1597 5475 1814 5544 χώραν,
1876 5475 1972 5528 καὶ

403 5571 698 5626 ἀποπτύων
724 5571 785 5624 τδ
810 5570 1026 5641 ῥεῖθρον
1053 5571 1206 5638 παρᾶ
1227 5570 1326 5638 τὴν
1353 5571 1411 5630 ἐς
1432 5568 1634 5637 ἄρκτον
1662 5567 1974 5636 βλέπουσαν

405 5664 702 5718 θάλασσαν.
751 5661 956 5714 Τούτου
1003 5662 1158 5730 παρὰ
1210 5662 1308 5722 τὰς
1359 5659 1526 5729 ὄχθας
1585 5658 1778 5727 ἔτυχεν
1831 5657 1975 5728 ἔχων

405 5755 612 5816 ἐκεῖνος
643 5752 742 5821 τὴν
770 5753 1005 5821 οἴκησιν,
1045 5749 1126 5804 διὸ
1153 5752 1248 5803 καὶ
1287 5749 1534 5818 Λαπίθης
1562 5749 1624 5800 ἔκ
1653 5765 1716 5815 γε
1750 5749 1842 5801 τοῦ
1873 5766 1970 5800 πο-

403 5841 582 5916 ταμοῦ
618 5844 713 5897 καὶ
751 5843 912 5907 αὐτὸς
958 5845 1106 5908 ὅπως
1147 5843 1275 5898 ποτὲ
1314 5841 1768 5914 παρωνόμασται.
1812 5841 1969 5910 Γνοίη

2072 4649 2270 4706 eodem
2311 4651 2403 4705 die
2428 4650 2730 4704 convenire
2765 4651 2944 4720 potui.
2987 4652 3106 4706 Non
3148 4653 3296 4705 enim
3328 4653 3381 4706 in
3423 4653 3653 4721 propin-

2073 4757 2183 4811 quo
2216 4741 2677 4802 habebatsedem,
2711 4744 2806 4797 sed
2832 4743 3069 4798 duorum
3103 4745 3320 4798 dierum
3355 4745 3656 4799 iterinter-

2071 4842 2194 4887 erat
2247 4834 2390 4888 inter
2413 4848 2536 4888 eam
2575 4842 2742 4902 atque
2776 4845 2991 4902 portum
3026 4836 3080 4890 in
3113 4851 3276 4905 quem
3323 4847 3436 4889 tum
3469 4838 3654 4891 incur-

2077 4927 2274 4980 rimus.
2304 4924 2522 4996 Cyprus
2554 4926 2702 4980 enim
2732 4926 2907 4997 major
2927 4935 3012 4980 est
3047 4927 3222 4980 insula
3247 4927 3439 4980 Rhodo
3474 4943 3654 4996 neque

2074 5020 2267 5072 eadem
2299 5058 2314 5083 ,
2361 5033 2473 5087 qua
2538 5018 2629 5072 illa
2688 5017 2865 5072 forma
2890 5060 2905 5084 ,
2941 5019 3038 5073 sed
3074 5021 3330 5089 oblonga.
3383 5019 3439 5072 In
3475 5020 3652 5074 media

2075 5121 2259 5164 autem
2295 5109 2473 5164 insula
2503 5125 2666 5164 mons
2721 5119 2832 5174 est,
2875 5110 2967 5163 cui
3008 5111 3227 5164 culmen
3281 5111 3348 5165 ad
3402 5126 3653 5180 magnam

2075 5202 2426 5256 altitudinem
2464 5201 2642 5256 eﬂ‘ert.
2695 5203 2960 5273 Olympus
2997 5202 3308 5271 appellatur
3358 5218 3428 5256 ex
3471 5217 3652 5270 eoque

2075 5295 2242 5348 trium
2287 5293 2578 5348 ﬁnviorum
2616 5294 2798 5349 fontes
2846 5292 3165 5362 proﬂuunt,
3209 5309 3444 5364 quorum
3482 5293 3656 5346 maxi-

2076 5400 2218 5450 mus,
2259 5388 2349 5440 cui
2399 5385 2634 5454 Lapitho
2693 5401 2893 5439 nomen
2929 5396 3052 5448 est,
3090 5385 3415 5440 Leucosiam
3478 5384 3658 5452 regio-

2076 5492 2226 5540 nem,
2254 5491 2378 5544 quae
2406 5476 2634 5542 dicitur,
2668 5475 2912 5530 secer-nit
2949 5484 3116 5545 atque
3161 5471 3518 5538 circumﬂuit,
3552 5471 3651 5527 llu-

2075 5577 2305 5634 ctusque
2339 5567 2392 5620 in
2435 5583 2584 5620 mare
2610 5607 2624 5626 .
2673 5567 2823 5636 quod
2861 5567 2924 5620 in.
2954 5567 3364 5636 septentriones
3398 5573 3614 5633 spectat
3637 5605 3650 5628 ,

2074 5658 2298 5712 emittit.
2328 5658 2408 5711 Ad
2445 5658 2609 5726 hujus
2639 5658 2882 5711 tluminis
2902 5658 3052 5726 ripas
3084 5658 3175 5711 ille
3197 5657 3536 5711 domicilium
3559 5657 3656 5711 ha-

2077 5749 2230 5812 buit,
2267 5759 2604 5819 quapropter
2630 5751 2796 5803 etiam
2841 5744 2964 5815 ipse
3013 5747 3274 5816 Lapithes
3323 5763 3390 5802 ex
3425 5746 3653 5803 ﬂumine

2076 5841 2498 5912 cognominatus
2551 5840 2788 5898 videtur.
2841 5840 3036 5894 Statim
3094 5855 3223 5896 vero
3253 5841 3379 5910 quis
3423 5858 3488 5897 ex
3537 5841 3652 5894 sola
