4088 6468
444 382 512 448 19
1617 377 2035 443 NICEPHORI
2077 378 2464 444 GREGORIE
3610 385 3683 449 20

439 497 625 567 specie
671 502 838 566 atque
879 493 1253 564 magnitudine
1305 491 1659 548 aediﬁciorum
1708 500 1872 561 atque
1899 500 2007 546 sta-

2122 493 2159 546 5'
2181 493 2248 550 ἄν
2276 512 2360 558 τις
2409 495 2571 560 εὐθὺς
2609 496 2717 548 κάκ
2762 497 2930 567 μόνης
2963 497 3065 567 τῆς
3103 496 3463 567 περιφανείας
3499 515 3558 552 τε
3588 501 3683 552 καὶ

442 587 700 640 bulorum
732 587 898 641 etiam
931 597 1223 655 antequam
1251 585 1305 638 in
1340 585 1578 640 hominis
1615 583 1788 653 ipsius
1813 582 2009 652 adspe-

437 689 588 735 ctum
650 677 886 743 Venerit,
935 676 1095 732 facile
1154 683 1446 747 cognosci-t
1491 691 1617 730 cum
1662 689 2006 744 nequaquam

439 788 608 826 mium
635 787 757 827 esse
788 787 854 825 ex
904 768 1242 840 ignobilibus
1297 777 1462 837 atque
1513 767 1761 836 plebeiis,
1805 766 1900 821 sed
1941 781 2007 820 ex

437 864 763 918 clarissimis
802 872 966 932 alque
1008 861 1346 931 primoribus
1374 860 1585 916 insulae.
1639 858 1786 914 ldem
1840 857 2010 928 magis

437 956 606 1008 etiam
655 963 943 1021 cognoscet
979 969 1048 1007 ex
1091 952 1222 1012 vita:
1243 956 1361 1023 ejus
1401 951 1666 1022 dignitate
1700 959 1864 1019 atque
1891 964 2012 1020 gra-

440 1047 632 1100 vitate.
659 1045 820 1100 Festa
853 1045 998 1099 enim
1029 1052 1082 1098 et
1115 1043 1254 1098 sacri
1279 1052 1584 1099 conventus
1605 1050 1766 1112 atque
1797 1056 2010 1096 summa

442 1134 495 1187 in
546 1135 739 1203 inopes
773 1133 1077 1190 liberalitas
1132 1132 1280 1186 illam
1328 1135 1548 1188 domum
1589 1142 1808 1188 ornant.
1855 1131 2013 1188 Chri-

439 1228 749 1281 stianorum
796 1237 982 1284 autem
1033 1226 1396 1296 captivorum,
1429 1226 1532 1294 qui.
1569 1226 1765 1281 crebro
1798 1225 1870 1281 ibi
1899 1225 2013 1282 cir-

439 1319 940 1383 cuniducebantur,
998 1319 1288 1372 maximam
1348 1317 1590 1374 habebat
1637 1332 1852 1380 curam,
1884 1331 2025 1372 cum.

439 1422 498 1467 et
544 1413 661 1481 ipse
702 1412 928 1482 largiter
957 1412 1217 1481 majorem
1243 1419 1407 1480 atque
1443 1411 1726 1466 meliorem
1758 1410 1874 1480 39.
1896 1425 2018 1478 par-

443 1517 551 1558 Ictu
580 1504 647 1561 ad
685 1520 881 1559 eorum
917 1504 1196 1559 conferret
1227 1504 1538 1559 libertatem
1567 1513 1630 1558 et.
1670 1504 1810 1559 alios
1846 1517 2016 1560 sacrae

442 1595 746 1666 Scripturae
766 1596 1054 1666 praeceptis
1070 1595 1478 1651 adhortaretur.
1509 1595 1844 1665 Pratcipuum
1865 1594 2013 1648 enim

352 1747 356 1750 _
440 1687 812 1741 ettnaximum
839 1686 1084 1742 studium
1117 1687 1170 1741 in
1193 1703 1260 1743 eo
1287 1686 1622 1753 collocabat,
1658 1697 1718 1743 ut
1753 1686 2018 1742 Christia-

443 1790 544 1832 nos
583 1777 636 1830 in
665 1777 840 1832 sacris
883 1777 1149 1834 ecclesiis.
1175 1785 1538 1848 congregatos
1570 1793 1693 1832 cum
1726 1777 1868 1833 alias.
1888 1779 2017 1832 reli.

441 1868 622 1936 gionis
668 1869 818 1938 leges
845 1867 1093 1935 doceret,
1149 1878 1262 1924 tum
1301 1869 1550 1924 maxime
1580 1877 1851 1933 moneret,
1897 1870 2014 1924 ino-

441 1957 610 2028 pibus
643 1973 996 2026 summopere
1041 1959 1490 2028 prospiciendum
1522 1967 1578 2013 et
1612 1958 2011 2029 providendum

440 2066 586 2107 esse.
609 2049 793 2117 Quare
843 2050 1047 2104 factum
1078 2058 1163 2104 est
1185 2057 1291 2116 ,Zut
1334 2051 1450 2120 ejus
1479 2065 1658 2120 opera.
1683 2058 1793 2104 tota
1834 2048 2012 2104 insula

441 2140 841 2196 misericordia:
865 2149 1030 2209 atque
1057 2140 1181 2195 tidei
1220 2141 1378 2210 quasi
1411 2143 1664 2211 palmstra
1696 2150 1879 2211 pateat
1911 2143 2014 2196 ibi-

440 2249 547 2302 que
581 2235 812 2287 maxima
839 2233 909 2288 sit
940 2233 1278 2303 Captivorum
1310 2234 1552 2288 libertas.

519 2323 579 2377 Vl
593 2323 647 2376 Il,
678 2323 734 2378 lu
752 2323 856 2378 illis
878 2323 1013 2378 locis
1027 2332 1156 2378 sunt
1173 2323 1347 2378 etiam
1366 2324 1512 2394 regis
1530 2323 1729 2393 pnndia
1749 2325 2016 2393 sedesque

441 2425 604 2481 atque
631 2413 1084 2482 splendidissime
1133 2415 1253 2485 ejus
1292 2423 1348 2470 et
1395 2413 1778 2483 pulcherrimae
1826 2413 2012 2480 azdes,

441 2506 586 2574 quod
618 2506 706 2560 illa
742 2521 870 2576 pars
923 2505 1113 2562 insula:
1143 2507 1444 2562 atnteniore
1475 2505 1675 2576 gaudet
1704 2505 1847 2560 aeris
1880 2515 2015 2558 tem-

442 2598 595 2665 perie
643 2597 1052 2668 etjucundiore
1101 2597 1231 2651 situ.
1279 2597 1544 2663 Quocirca
1593 2595 1912 2665 frequenter
1947 2609 2016 2650 ex

441 2687 754 2756 propinquo
781 2685 848 2741 ad
875 2701 1000 2742 eum
1030 2687 1280 2742 veniebat
1309 2685 1576 2755 Georgius
1609 2685 1892 2755 Lapithes,
1919 2684 2016 2754 qui

441 2793 652 2830 summa
705 2766 847 2848 apud
894 2792 1028 2836 eum
1062 2778 1371 2833 reverentia
1413 2788 1578 2846 atque
1624 2776 1835 2831 honore
1864 2775 2016 2834 frue-

442 2869 606 2922 batur
648 2882 772 2923 cum
827 2878 1054 2938 propter
1105 2866 1431 2938 dignitatem
1493 2876 1607 2920 tum
1658 2875 1885 2936 propter
1929 2881 2017 2920 sa-

443 2959 731 3028 pientiam,
759 2974 868 3028 qua
897 2959 1141 3013 omnium
1172 2958 1407 3014 maxime
1439 2957 1700 3028 praeditus
1729 2966 1869 3011 erat.
1901 2957 2020 3017 Rex

441 3049 606 3104 etiam
644 3048 760 3118 ipse
792 3047 1136 3118 philosophia
1161 3047 1478 3100 Latinorum
1505 3045 1646 3100 haud
1668 3046 2024 3101 mediocriter-

2111 585 2206 640 τοῦ
2235 586 2503 656 μεγέθους
2535 586 2647 640 τῶν
2669 587 2860 652 οίκιῶν
2888 589 2988 642 καὶ
3012 587 3422 645 ἐπαύλεων.τοῦ
3467 589 3682 658 ἀνδρὸς,

2111 678 2209 732 καὶ
2239 678 2384 748 πρὶν
2419 679 2654 748 είςόψιν
2701 681 2838 735 ίέναι
2877 681 3066 745 αὑτοῦ,
3099 681 3162 753 [ί.
3201 682 3300 737 101
3345 681 3397 755 b]
3460 683 3535 754 μὴ
3575 683 3686 737 τῶν

2113 768 2328 836 ἀγενῶν
2357 765 2498 826 εἶναι
2529 773 2627 827 καὶ
2667 772 2776 826 τῶν
2806 772 3018 827 πολλῶν
3047 772 3163 838 ἕνα,
3190 774 3274 827 δτι
3305 773 3685 844 μὴ-τῶνιπάνυ

2111 880 2162 917 τι
2189 862 2311 917 λίαν
2353 863 2581 932 ἐνδόξων
2611 867 2707 919 καὶ
2754 864 2986 935 πρώτων
3021 866 3124 933 τῆς
3149 866 3314 934 νήσου
3334 881 3349 898 ο
3375 865 3530 935 γνοίη
3554 866 3598 918 δ’
3621 865 3688 918 ἂν

2116 955 2318 1026 μᾶλλον
2356 957 2422 1011 ἐκ
2451 956 2543 1010 τοῦ
2571 957 2777 1026 ⁴τρόπου
2807 958 3026 1026 καὶτῆς
3061 957 3226 1027 ἄλλης
3266 957 3360 1010 τοῦ
3407 956 3522 1027 βίου
3554 974 3689 1026 σεμ-

2112 1048 2359 1118 νότητος.
2411 1048 2631 1120 Ἐορταὶ
2673 1050 2785 1119 γὰρ
2837 1048 2940 1103 καὶ
2995 1048 3332 1117 πανηγύρεις
3387 1049 3529 1119 ίεραὶ
3588 1048 3690 1118 τὴν

2111 1141 2292 1194 οἰκίαν
2320 1140 2540 1212 ἐκείνην
2563 1142 2852 1207 ἐκόσμουν,
2874 1141 2972 1195 καὶ
2997 1141 3254 1212 χορηγίαι
3280 1141 3390 1194 τῶν
3418 1141 3690 1212 δεομένων

2113 1233 2378 1304 δαψιλεῖς.
2427 1232 2550 1288 Τῶν
2603 1251 2668 1303 γε
2724 1233 2832 1304 μὴν
2887 1233 3058 1304 συχνὰ
3108 1234 3525 1303 περιαγομένων
3574 1234 3692 1286 ἐκεῖ

2115 1327 2458 1398 Χριστιανῶν
2499 1326 2862 1397 αἰχμαλώτων
2915 1327 3181 1396 μεγίστην
3211 1327 3446 1378 ἐποιεῖτο
3474 1326 3691 1395 προμή-

2115 1422 2288 1485 θειανδ
2332 1419 2494 1484 αὑτός
2548 1436 2609 1472 τε
2663 1420 2921 1490 παρέχων
2959 1419 3208 1488 ἀφθόνως
3266 1419 3337 1471 τὰ
3380 1418 3550 1488 μείζω
3594 1419 3689 1472 καὶ

2115 1512 2426 1582 τελεώτερα
2468 1511 2571 1580 τῆς
2622 1511 2829 1565 τούτων
2875 1511 3216 1582 ἐλευθερίας,
3261 1512 3354 1563 καὶ
3410 1510 3525 1580 ἅμα
3564 1511 3689 1572 τοὺς

2116 1606 2311 1670 ἄλλους
2367 1606 2610 1676 ὀτρύνων
2660 1603 3015 1666 διδασκαλίας
3074 1604 3185 1656 τῶν
3231 1601 3393 1655 θείων
3434 1601 3687 1672 Γραφῶν.

2120 1697 2323 1767 Ἔργον
2370 1697 2480 1766 γὰρ
2513 1697 2681 1751 αὐτοῦ
2718 1695 3144 1761 σπουδαιότατον
3191 1693 3425 1764 μάλιστα
3471 1693 3692 1746 πάντων

2118 1788 2295 1854 ίεραίς
2349 1789 2668 1854 ἐκκλησίαις
2725 1787 3146 1856 ἀθροιζομένους
3191 1787 3554 1854 Χριστιανοὺς
3608 1785 3691 1837 δια

2120 1879 2341 1933 δάσκειν
2377 1877 2446 1930 τά
2472 1895 2532 1931 τε
2562 1877 2698 1931 ἄλλα
2739 1880 2838 1948 τῆς
2876 1877 3160 1939 εὐσεϐείας
3182 1876 3409 1946 νόμιμα,
3437 1875 3532 1928 καὶ
3555 1876 3693 1944 πρός

2119 1987 2183 2038 γε
2223 1969 2482 2041 φροντίδα
2530 1969 2805 2023 ποιεῖσθαι
2849 1969 2962 2020 τῶν
2997 1966 3268 2037 δεομένων
3301 1966 3587 2035 μεγίστην,
3615 1966 3692 2028 ὼς

2119 2057 2262 2117 εἶναι
2289 2062 2357 2114 δι’
2388 2062 2599 2114 ἐκεῖνον
2640 2061 2820 2114 πᾶσαν
2859 2059 3076 2126 ἐκείνην
3095 2058 3195 2126 τὴν
3224 2057 3385 2126 νῆσον
3410 2056 3561 2110 ἐλέου
3600 2057 3693 2109 καὶ

2121 2155 2364 2217 πίστεως
2403 2153 2640 2220 στάδιον,
2675 2152 2772 2207 καὶ
2805 2151 3045 2222 μάλιστα
3078 2149 3297 2204 πάντων
3329 2149 3692 2218 αἰχμαλώτων

2122 2247 2466 2318 ἐλευθερίαν.

2195 2336 2277 2392 H'.
2310 2337 2429 2390 Είσί
2456 2353 2521 2406 γε
2548 2337 2654 2407 μὴν
2679 2338 2772 2388 καὶ
2792 2336 2849 2390 αί
2877 2334 2971 2389 τοῦ
2995 2335 3165 2406 ρηγδς
3195 2335 3323 2405 περὶ
3342 2335 3468 2398 τοὺς
3493 2333 3694 2395 τόπους

2121 2429 2366 2491 ἐκείνους
2411 2426 2668 2490 ἐπαύλεις
2729 2426 2827 2479 καὶ
2883 2427 3106 2492 δίαιται,
3138 2427 3236 2479 καὶ
3281 2426 3338 2479 αἱ
3390 2425 3499 2478 τῶν
3527 2425 3694 2477 οίκων

2122 2520 2331 2576 ἐκείνου
2363 2519 2742 2588 λαμπρότητες
2775 2519 2916 2574 πάνυ
2951 2518 3116 2572 καλαὶ
3139 2519 3226 2572 διὰ
3252 2518 3312 2571 τὸ
3335 2518 3694 2589 χαριέστερον

2121 2609 2261 2667 εἶναι
2295 2612 2394 2682 τῆς
2425 2612 2592 2681 νήσου
2622 2611 2683 2665 τὺ
2716 2611 2880 2681 μέρος
2911 2611 3086 2664 ἐκεῖνο
3116 2611 3279 2683 ἀέρος
3314 2627 3373 2664 τε
3403 2609 3568 2662 ’ἑνεκα
3597 2607 3695 2660 καὶ

2123 2707 2242 2775 ἄμα
2289 2704 2491 2767 θέσεως
2527 2702 2696 2772 ἄλλης
2737 2704 2833 2756 κοιλ⁵
2887 2701 3162 2773 ῥᾳθυμίας
3205 2702 3314 2756 τῶν
3362 2705 3566 2756 τόπων.
3603 2699 3697 2752 Διδ
3780 2761 3786 2766 _

2123 2796 2231 2850 κάκ
2264 2796 2359 2848 τοῦ
2394 2793 2578 2864 σχεδὸν
2600 2792 2852 2862 ἐσεφοίτα
2883 2793 3032 2862 θαμὰ
3057 2794 3186 2862 παρ’
3209 2792 3368 2846 αὑτὸν
3391 2795 3419 2846 ό
3446 2790 3695 2861 Λαπίθης

2122 2886 2420 2958 Γεώργιος,
2453 2887 2550 2940 καὶ
2590 2885 2797 2955 σφόδρα
2840 2885 3038 2955 κομιδῆ
3076 2884 3279 2953 πολλῆς
3317 2884 3559 2938 ἀπέλαυε
3594 2884 3696 2952 τῆς

2126 2982 2361 3052 ρηγικῆς
2395 2980 2578 3044 αἰδοῦς
2625 2979 2722 3033 καὶ
2764 2977 2937 3047 τιμῆς
2964 2975 3054 3029 διά
3078 2993 3138 3030 τε
3170 2977 3268 3046 τὴν
3298 2975 3465 3046 ἄλλην
3498 2973 3696 3043 σεμνό-

2122 3087 2282 3139 τητα,
2317 3071 2424 3124 καὶ·
2480 3072 2563 3141 ῆν-
2610 3069 2878 3140 ἐκέκτητο
2935 3067 3174 3138 μάλιστα
3209 3066 3429 3120 πάντων
3477 3065 3693 3133 σοφίαν,

394 3168 404 3175 -
441 3151 561 3196 erat
599 3140 875 3205 imbutus;
927 3140 1364 3209 sedquanquam
1393 3155 1458 3194 ea
1485 3139 1554 3195 de
1597 3154 1760 3194 causa
1800 3153 2018 3208 semper

2125 3160 2375 3217 ἐπεὶικαὶ
2432 3139 2596 3221 αὐτὸς
2647 3160 2709 3214 ού
2767 3139 3006 3230 μετρίως
3047 3159 3153 3228 τῆς
3181 3157 3430 3212 Λατίνων
3460 3157 3694 3227 μετέσχε

441 3232 713 3301 plurimos
739 3231 1090 3302 jsapientium
1139 3229 1460 3288 Latinorum
1509 3230 1718 3286 circum
1749 3246 1807 3286 se
1842 3231 2016 3289 habu-

442 3323 560 3384 bat.
593 3321 766 3391 magis
798 3329 978 3376 tamen
1009 3319 1387 3380 delectabatur:
1416 3321 1639 3392 Georgii
1675 3321 2018 3381 humanitate

445 3421 613 3481 atque
669 3411 1102 3467 consuetudine.
1156 3410 1447 3480 Sapientes
1497 3413 1900 3484 enim,.inquit,
1938 3425 2021 3486 ty-

446 3503 603 3558 ranni
651 3502 981 3571 sapientium
1051 3504 1404 3560 commercio.
1482 3505 1620 3560 Eum
1682 3506 1847 3576 igitur
1891 3521 2017 3562 cum

444 3611 630 3651 secum
660 3595 908 3666 haberet,
953 3595 1227 3652 adductus
1247 3605 1352 3660 est,
1387 3605 1448 3652 ut
1486 3607 1776 3667 utramque
1815 3599 2020 3668 pariter

449 3679 774 3755 sapientiam
803 3687 905 3741 sibi
937 3695 1175 3756 pararet,
1218 3685 1532 3742 Graecorum
1582 3688 1790 3744 scilicet
1829 3701 1886 3745 et
1915 3690 2019 3743 La-

447 3779 709 3835 tinorum.
727 3778 999 3850 Georgius
1018 3779 1179 3836 enim
1194 3777 1560 3848 peritissimus
1580 3790 1700 3836 erat
1726 3781 2020 3852 utriusque

445 3872 727 3943 sapientia:
741 3888 806 3928 ac
838 3873 1057 3944 linguae.
1078 3872 1544 3941 Quareiaudieliat
1563 3888 1691 3928 eum
1711 3889 1804 3928 rex
1830 3873 2024 3930 luben-

447 3978 530 4022 ter
550 3983 732 4023 coratn
758 3983 818 4024 se
839 3983 982 4038 saepe
1015 3969 1387 4039 disputantem
1411 3983 1536 4023 cum
1557 3968 1899 4038 sapientibus
1917 3969 2023 4025 La-

446 4063 578 4117 tinis
599 4101 616 4128 ,
645 4077 786 4131 quos
822 4061 1272 4132 syllogismorum.
1316 4061 1886 4132 argttn-entationlbus
1914 4061 2040 4131 30.

445 4155 602 4222 quasi
631 4154 752 4207 telis
780 4152 1088 4206 fortissime
1124 4153 1405 4222 impetitos
1432 4153 1751 4222 superabat,
1799 4165 2025 4221 praesen

446 4248 544 4302 tim
571 4261 696 4301 cum
729 4253 1013 4299 certamen
1038 4244 1132 4313 jde-
1169 4243 1321 4298 cultu
1353 4245 1660 4312 patriorum
1708 4243 2021 4314 dogmatum

447 4337 766 4391 institutum
793 4345 914 4390 erat
935 4352 962 4402 ς,
1011 4334 1317 4390 tamenim:
1357 4335 1602 4391 ﬂuminis
1651 4334 1824 4391 instar
1878 4336 2024 4392 Scri-

393 4455 395 4457 ι
446 4437 621 4498 ptum
655 4442 824 4482 sacrm
853 4426 1418 4482 denionstratiouihus
1466 4426 1528 4482 in
1566 4441 1674 4483 eos-
1697 4427 1914 4484 irruens
1941 4427 2097 4483 οί-ιῐ)

444 4521 579 4576 fecit
621 4528 684 4574 ut
722 4517 858 4573 muti
894 4532 1121 4589 prorsus
1166 4517 1349 4588 pisces
1383 4533 1506 4574 esse
1534 4505 1876 4574 viderentur.
1907 4519 2020 4574 Rs-

444 4631 567 4687 gem
596 4629 731 4669 vero
770 4610 923 4667 hisee
949 4611 1418 4680 disputationibus
1465 4610 1745 4666 interdum
1784 4609 1840 4666 in
1883 4611 2030 4665 iram

446 4707 794 4774 compulsum
830 4717 1024 4758 rursus
1065 4701 1362 4756 verborum
1401 4710 1689 4758 venustate
1717 4711 1779 4757 et-
1829 4702 2028 4757 irreiu~

449 4798 605 4852 tabih
633 4796 882 4851 veritatis
919 4794 1060 4850 ﬂexu
1097 4802 1263 4862 atque
1315 4793 2028 4850 circum-t'ersione-demul»

447 4893 630 4947 cchat.
675 4889 793 4944 Tali
843 4889 1006 4958 igitur
1045 4885 1259 4941 ratione
1303 4886 1452 4956 regis
1477 4885 1762 4941 iracundia
1811 4885 2038 4956 placide

449 4998 702 5053 repressa
734 4981 799 5034 ad
825 4981 1282 5050 tranquillitatem
1312 4989 1372 5033 et
1396 4978 1758 5032 securitatem
1779 4978 2044 5032 animum?

448 5077 571 5146 ejus
601 5073 865 5127 traduxit.
903 5072 1091 5139 Neque
1119 5081 1248 5125 erat:
1269 5071 1584 5139 quisquam,
1619 5077 1678 5121 ut
1701 5069 1888 5138 paucis
1913 5083 2026 5123 rem

447 5167 760 5237 expediam,
793 5165 909 5220 sive
964 5164 1177 5219 Grecae.
1212 5162 1480 5217 doctrinae
1534 5160 1680 5215 haud
1739 5158 2028 5228 imperitus

448 5260 564 5312 sive
596 5255 953 5326 philosophia:
983 5254 1191 5308 Latina:
1224 5252 1452 5306 omnino
1507 5267 1619 5305 non
1655 5265 1852 5319 expers
1883 5256 2024 5314 erat,

447 5350 580 5418 quin
613 5349 663 5402 ei
701 5355 760 5400 ut
791 5347 847 5402 in
897 5346 1152 5415 quolibet
1193 5345 1356 5399 docto
1385 5343 1689 5398 certamine
1729 5341 2026 5396 multoad-

450 5441 710 5496 versariis
761 5438 1030 5509 superiori
1081 5437 1325 5508 palmam.
1363 5435 1538 5490 daret.
1593 5433 1765 5504 llujus
1799 5434 1914 5488 viri.
1951 5433 2029 5486 fa-

452 5545 594 5582 tuam
633 5529 891 5598 equidem
949 5528 1140 5589 etiam,
1169 5536 1465 5601 antequam
1503 5524 1634 5578 hinc
1687 5523 2024 5592 navigarem.

451 5634 790 5687 arccperam,
838 5635 961 5674 cum
1005 5634 1114 5674 non
1157 5617 1335 5674 solum
1375 5618 1589 5671 litteras
1635 5631 1780 5684 stupe
1816 5615 2028 5669 lectita-

453 5723 571 5761 rem
601 5749 614 5770 ,
655 5710 855 5777 quibus
909 5710 1018 5765 tuis
1074 5709 1274 5764 litteris
1315 5717 1372 5764 et
1425 5706 1607 5762 cilicio
1654 5707 1910 5761 atnicitize
1941 5722 2026 5760 re-

457 5799 786 5870 spondebat,
834 5801 929 5858 sed
975 5801 1142 5855 etiam
1190 5815 1318 5855 cum
1374 5798 1565 5876 laudes
1614 5799 1732 5869 ejus
1777 5813 2019 5854 summas

2121 3251 2442 3322 φιλοσοφίας
2473 3254 2501 3306 ὁ
2526 3251 2647 3321 ρὴξ,
2677 3252 2770 3304 καὶ
2795 3251 2864 3305 δι’
2891 3250 3026 3304 αὑτό
3051 3266 3114 3318 γε
3143 3251 3296 3304 τουτὶ
3328 3248 3558 3312 πολλοὺς
3596 3248 3696 3317 μέν

2119 3345 2260 3416 ἀμφ’
2289 3344 2452 3399 αὐτὸν
2496 3343 2624 3407 τοὺς
2659 3341 2908 3397 Λατίνων
2951 3340 3066 3413 εἷχε
3105 3340 3305 3409 σοφοὺς
3345 3342 3454 3404 ἀεὶ,
3490 3341 3599 3411 ἦρα
3640 3331 3699 3392 δὲ

2124 3438 2329 3510 μᾶλλον
2381 3437 2488 3507 τῆς,
2527 3435 2806 3503 Γεωργ-ίου
2862 3433 3070 3504 μούσης
3104 3434 3197 3486 καὶ
3244 3431 3460 3501 ὁμιλίας
3485 3447 3500 3462 ⁸
3532 3431 3699 3498 Σοφοὶ

2122 3531 2252 3600 γὰρ,
2303 3528 2460 3600 φησὶ,
2517 3529 2776 3601 τύραννοι
2831 3526 3014 3595 σοφῶν
3065 3525 3344 3596 συνουσίᾳ.
3383 3523 3568 3594 Ἔχων.
3602 3518 3699 3575 οὖν

2121 3622 2296 3677 αὐτὸν·
2326 3620 2487 3690 ἔχεινι
2535 3620 2826 3672 ἐπέπειστο
2887 3617 2984 3670 καὶ⁵
3040 3616 3236 3683 σοφίαν
3287 3615 3435 3668 κατὰ
3493 3615 3700 3667 ταυτὸν

2123 3714 2414 3784 ἑκατέραν,
2460 3711 2561 3781 τήν
2609 3728 2668 3764 τε
2738 3709 3011 3778 Ἑλλήνων
3069 3707 3212 3777 φημὶ
3264 3707 3359 3760 καὶ
3414 3707 3696 3760 Λατίνων·

2123 3806 2299 3872 δεξιὸς
2323 3804 2432 3876 γὰρ
2477 3806 2536 3858 ἐν
2563 3804 2674 3865 τοῖς
2708 3808 2948 3870 μάλιστα
2993 3799 3088 3853 καὶ
3138 3799 3260 3852 καθ’
3311 3797 3582 3867 ἐκατέραν
3613 3811 3702 3848 σο-

2125 3901 2255 3970 φίαν
2289 3901 2387 3953 καὶ
2433 3895 2681 3966 γλῶτταν
2720 3894 2750 3947 ό
2804 3892 3078 3962 Γεώργιος
3129 3885 3222 3961 ἦν.
3249 3890 3435 3960 Ταύτῃ
3477 3905 3561 3942 τοι
3605 3887 3702 3940 καὶ

2125 3993 2294 4064 ἡδέως
2321 3988 2489 4045 αὐτοῦ
2518 3989 2722 4058 ἢκουσε
2767 3982 3157 4052 διαλεγομένου
3190 3979 3362 4050 συχνὰ
3389 3980 3503 4040 τοῖς
3531 3977 3701 4032 Λατί-

2123 4103 2230 4140 νων
2261 4084 2449 4151 σοφοῖς
2497 4081 2585 4134 ἐπ’
2630 4075 2820 4142 αὑτοῦ,
2865 4074 2963 4127 καὶ
3011 4076 3139 4137 τοῖς,
3164 4073 3275 4127 τῶν
3326 4069 3705 4139 συλλογισμῶν

2125 4171 2525 4234 ἀποδεικτικοῖς
2561 4168 2774 4240 βέλεσιν
2818 4170 2875 4230 ἐς
2913 4165 2985 4219 τὰ
3020 4165 3288 4235 κράτιστα
3325 4161 3610 4224 ϐάλλοντός
3643 4177 3703 4214 τε

2125 4265 2220 4319 καὶ
2263 4263 2528 4325 νικῶντος
2567 4260 2788 4324 αὐτοὺς,
2817 4259 2920 4312 καὶ
2945 4255 3160 4329 μάλισθ’
3195 4254 3287 4309 ὅτε
3327 4253 3462 4323 περὶ
3496 4253 3703 4322 δογμά-

2129 4373 2237 4411 των
2261 4355 2508 4424 πατρίων
2539 4352 2641 4423 τῆς
2675 4351 2976 4422 θρησκείας
3020 4345 3089 4420 ἦν
3117 4350 3145 4402 ό
3175 4346 3325 4415 ἀγών
3346 4363 3364 4377 ο
3401 4345 3706 4414 τηνικαῦτα

2126 4450 2250 4519 γὰρο
2288 4447 2454 4510 πολὺς
2509 4447 2664 4500 κατὰ-
2709 4445 2867 4512 σφῶν.
2906 4444 3027 4503 ταῖς
3086 4441 3204 4496 τῶν.
3247 4440 3419 4494 θείων.
3465 4437 3705 4509 Γραφῶν

2128 4537 2445 4602 ἀποδείξεσι
2491 4536 2627 4607 ῥέων
2659 4533 2850 4604 ἰχθύας
2888 4531 3138 4600 ἀφώνους
3165 4531 3437 4600 ἄντικρυς,
3457 4529 3704 4596 ἔφαινεν.

2129 4629 2297 4684 Ὥστε
2333 4628 2431 4681 καὶ
2461 4625 2816 4696 χαλεπαίνειν
2839 4623 2999 4678 ἐνίοτ’
3026 4623 3092 4674 ἐν.
3115 4621 3329 4685 τούτοις
3369 4617 3705 4691 ὡρμημένον

2128 4717 2221 4769 τὸν
2258 4715 2413 4786 ῥῆγα-
2427 4714 2646 4781 ἔθελγεν
2681 4711 2838 4774 αὖθις
2867 4710 3028 4765 αὐτὸν
3049 4711 3116 4779 τῇ
3152 4707 3262 4762 τῶν
3287 4706 3464 4776 λόγων
3491 4706 3705 4774 οειρῆνι

2129 4810 2225 4860 καὶ
2260 4806 2383 4867 ταῖς
2411 4804 2513 4873 τῆς
2564 4800 2824 4872 ἀληθείας
2867 4799 3283 4870 ἀναντιῤῥήτοις
3321 4797 3580 4865 στροφαῖς
3611 4796 3708 4874 καὶ

2129 4895 2548 4965 περιστροφαῖς.
2587 4890 2881 4951 Ἰῗοιαύταις
2907 4890 2984 4958 δής
3013 4903 3126 4942 τισι
3161 4887 3409 4956 μεθόδοις
3439 4886 3501 4940 τὸ
3543 4885 3706 4954 χαλε-

2129 4985 2323 5040 παῖνόν
2347 5001 2409 5038 τε
2445 4980 3049 5050 ἁνέστελλενέμμελῶς
3087 4981 3184 5046 τῆς
3214 4977 3462 5049 ρηγικῆς,
3484 4977 3701 5045 ἐκείνης

2127 5076 2328 5146 ψυχῆς,
2355 5076 2450 5129 καὶ
2494 5076 2555 5128 τὸ
2602 5071 2878 5142 εὐθυμοῦν
2914 5059 3237 5141 ἀντεισῆγεν
3283 5068 3564 5130 ἐπιεικῶς.
3597 5069 3706 5121 Καὶ

2128 5166 2198 5240 ἦν
2225 5167 2414 5230 ἁπλῶς
2437 5167 2616 5219 εἰπεῖν
2640 5152 2840 5226 ὀὐδεὶς
2868 5167 2976 5216 τῶν
3008 5162 3266 5216 ἁπάντων
3295 5159 3354 5222 ὃς
3395 5160 3458 5212 ού
3485 5156 3704 5226 λογικοῦ

2131 5256 2335 5317 παντὸς
2363 5253 2573 5322 ἀγῶνος
2604 5249 2724 5319 μεθῗ
2771 5251 3083 5319 ὑπερϐολῆς
3117 5247 3266 5317 αύτῷ
3299 5248 3369 5298 τὰ
3400 5247 3498 5315 τῆς
3543 5247 3702 5314 νίκης

2129 5347 2364 5416 παρεῖχε
2397 5344 2657 5414 τρόπαια,
2680 5339 2792 5394 οὗθ’
2817 5343 2964 5404 ὅστις
2992 5340 3056 5394 ού
3101 5339 3248 5408 μάλα
3287 5337 3543 5404 ὰξύνετος
3586 5338 3707 5391 Ἐλ-

2127 5435 2355 5505 Mutati};
2387 5432 2598 5502 μούσης
2628 5426 2719 5501 ἦν,
2749 5429 2864 5483 οὔθ’
2893 5431 3042 5490 ὅστις
3062 5427 3356 5496 Λατινικῆς
3381 5427 3701 5495 φιλοσοφίας

2127 5527 2188 5580 οὐ
2232 5525 2386 5594 μάλα
2412 5541 2466 5579 τι
2489 5523 2678 5594 ἀδειής.
2705 5517 2864 5592 Είχόν
2909 5539 2972 5589 γε
3005 5520 3113 5590 μὴν
3147 5519 3322 5586 ἔγωγε
3365 5518 3460 5571 τοῦ
3509 5519 3700 5587 ἀνδρὸς

2128 5615 2336 5671 ἐκείνου
2387 5615 2486 5685 τὴν
2527 5616 2718 5684 φήμην
2768 5615 2860 5666 καὶ
2897 5614 3026 5680 πρὶν
3077 5611 3329 5663 ἐντεῦθεν
3379 5609 3700 5674 ἐκπλεῦσαι,

2130 5708 2207 5778 μὴ
2246 5707 2404 5776 μόνον
2438 5707 2555 5769 ταῖς
2594 5707 2827 5775 γραφαῖς
2873 5702 3221 5771 ἐντυγχάνων
3252 5702 3464 5754 ἐκείνου
3494 5700 3700 5753 πολλά-

2129 5815 2213 5863 κις
2251 5799 2368 5867 ὡδὶ,
2405 5797 2470 5863 ἃς
2509 5797 2720 5852 ἐκεῖθεν
2749 5797 2953 5859 ἐκεῖνος
2995 5795 3077 5847 σοὶ
3130 5795 3238 5848 τῶν
3266 5810 3324 5847 τε
3355 5793 3699 5864 γραμμάτων
