4088 6474
2425 234 2553 249 ΑΜ

472 342 542 401 23
1667 353 1709 414 Ν
1729 353 2015 417 ICEPHO]

2142 358 2342 421 GREG
2352 360 2524 422 ORxE
2888 427 2892 431 ,
3664 368 3733 431 ει

466 461 631 518 atque
657 450 940 507 moderate
976 452 1312 525 indagandae
1343 460 1646 529 pertinent,
1677 479 1742 519 ea
1773 465 2015 523 iubentis

2149 472 2587 544 φιλοπονώτερον
2637 477 2848 548 μετῄει.
2903 476 3017 532 Καὶ
3078 477 3253 533 ὁπόσα
3312 478 3411 549 μὲν
3474 480 3617 553 ὑπὲρ
3665 486 3733 536 τὰ

464 542 602 595 sime
630 543 879 609 admisit,
897 560 963 601 eo
986 547 1206 617 quidem
1229 551 1463 608 consilio
1519 570 1588 612 nc
1616 559 2012 615 conturbaretu

2148 542 2585 641 enauulvajf.
2639 542 2852 643 ὁ]
2919 573 3036 635 τοῖς
3093 542 3343 625 εὐσεϐέσι
3388 542 3599 640 νόμοις·
3637 579 3734 629 καὶ

461 632 692 702 argutiis
716 634 1170 709 Latinorum,qui
1201 642 1273 695 ibi
1303 642 1570 711 incolunt,
1594 659 1648 703 et
1676 649 1820 721 regis
1850 651 2041 722 ipsius,

461 724 556 793 qui
615 724 669 780 in
710 726 812 783 hac
847 731 1111 788 doctrina:
1162 746 1315 803 parte
1363 751 1473 791 non
1532 738 1711 794 levem
1746 743 2040 811 quamdam

461 827 626 885 atque
668 819 1002 877 mediocrem
1058 815 1279 894 operam
1315 826 1619 893 insumunt,
1664 833 1872 904 quippe
1914 849 2039 890 cum

458 905 701 981 Egyptii
749 911 957 968 Arabes
989 930 1055 970 ex
1114 918 1424 989 propinquo
1482 921 1679 978 crebro
1736 924 1805 979 ad
1858 941 2041 997 regem

460 1014 557 1069 per
585 1016 737 1058 mare
765 1004 1188 1072 proﬁciscantur
1213 1008 1388 1065 doctae
1414 1011 1806 1083 disputationis
1831 1024 1888 1071 et
1920 1032 2040 1072 am-

459 1092 682 1148 bitionis
726 1110 912 1159 causa,
965 1114 1075 1154 non
1123 1100 1245 1155 sine
1300 1117 1494 1173 magna
1531 1105 1623 1161 illa
1672 1110 2039 1165 ostentatione

456 1183 723 1250 Arabum,
760 1191 852 1258 qui
898 1198 1067 1247 totam
1122 1192 1287 1249 vitam
1325 1195 1380 1250 in
1414 1212 1483 1252 eo
1510 1208 1723 1266 ponunt
1764 1186 2057 1270 studium,»

456 1282 516 1327 ut
557 1275 839 1346 imlagcnt,
874 1281 917 1335 si
972 1283 1120 1352 quod
1168 1288 1370 1342 veteris
1416 1288 1724 1348 Chaldaicaa
1770 1294 2038 1351 doctrinas

451 1367 631 1422 adhuc
662 1372 953 1442 vestigium
1001 1386 1274 1434 servetur.
1306 1379 1566 1438 Dicebant
1613 1385 1784 1449 enim,
1812 1403 1936 1442 cum
1969 1388 2038 1445 ab

449 1460 659 1528 Opitice
688 1463 977 1521 deﬁnitum
1003 1479 1170 1536 esset,
1208 1482 1267 1527 ut
1299 1475 1505 1540 omnia,
1540 1491 1661 1545 quae
1690 1481 1950 1538 oriuntur
1981 1491 2039 1539 et

453 1554 759 1623 intereunt,
791 1558 1100 1616 cwlestium
1134 1563 1379 1620 siderum
1404 1568 1669 1637 qualitate
1695 1579 1752 1625 et
1775 1581 1927 1628 motu
1953 1574 2035 1629 ef—

454 1645 750 1701 lieerentur
774 1656 830 1704 et
854 1648 1247 1715 formarentur,
1298 1664 1463 1726 atque
1493 1674 1687 1714 eorum
1716 1662 2035 1719 collocatio-

448 1736 615 1793 nibus
645 1754 710 1794 ac
760 1741 1092 1811 rationibus,
1123 1761 1245 1816 quas
1290 1749 1359 1804 iis
1383 1764 1508 1806 cum
1542 1752 1708 1810 rebus
1752 1758 2030 1812 terrestri-

452 1828 554 1884 bus
595 1829 1023 1901 intercederent,
1068 1835 1272 1895 ilumen
1324 1843 1571 1898 materiae
1618 1845 1775 1915 quasi
1809 1848 2025 1919 legibus

448 1932 736 1990 regeretur
782 1932 841 1981 et
892 1928 1173 1992 modulate
1219 1933 1613 2002 ordinaretur,
1670 1954 2020 2011 nequaquam

444 2012 603 2068 nobis
630 2015 966 2075 studendum
994 2036 1137 2088 esse,
1193 2034 1253 2079 ut
1282 2027 1457 2082 altero
1490 2029 1739 2099 neglecto
1784 2032 2022 2088 alterum

444 2112 656 2161 tantum
706 2124 1185 2180 cognosceremus.
1240 2117 1451 2175 Caecam
1512 2122 1660 2176 enim
1720 2125 2017 2193 quamdam

441 2194 707 2255 doctrinae
752 2200 895 2258 viam
932 2203 1171 2276 ingredi,
1205 2211 1299 2274 qui
1332 2226 1432 2266 nec
1480 2228 1605 2269 cum
1645 2216 2025 2283 speculatione

443 2289 639 2355 praxin
667 2293 1001 2364 conjungere
1020 2298 1183 2354 vellet
1207 2316 1384 2370 neque
1408 2318 1533 2359 cum
1559 2305 1732 2360 altero
1760 2305 2018 2360 alterum.

443 2376 579 2432 Cum
612 2382 760 2437 enim
809 2387 863 2443 in
905 2386 1124 2443 duobus
1160 2390 1311 2446 hisce
1338 2396 1633 2463 generibus
1664 2395 2024 2465 philosophia:

444 2476 839 2545 contemplatio
896 2492 1169 2549 versetur,
1191 2500 1316 2540 eum
1350 2486 1496 2542 haud
1524 2503 1657 2543 sane
1716 2504 1900 2544 rerum
1932 2505 2012 2544 ra-

445 2560 626 2619 tiones
654 2567 1031 2635 cogniturum,
1062 2579 1119 2626 et
1147 2573 1384 2629 multum
1408 2576 1604 2632 abesse
1648 2588 1708 2632 ut
1746 2578 2024 2648 perfectus

440 2652 663 2723 sapiens
683 2657 943 2726 appellari
982 2663 1174 2731 possit,
1201 2664 1296 2734 qui
1322 2681 1432 2721 non
1451 2665 1561 2738 34
1582 2675 1813 2738 utraque
1842 2668 2023 2738 philo-

440 2745 649 2814 50pbia:
667 2751 946 2820 mysteria,
968 2764 1231 2822 quantum
1255 2771 1395 2827 opus
1420 2767 1585 2825 esset,
1610 2760 1944 2828 perscrutari
1966 2761 2021 2814 in

440 2839 684 2894 animum
708 2841 1012 2899 induceret.

2148 661 2440 733 ὑπερόριον
2490 662 2659 716 τείνει
2705 662 2865 726 πόδα,
2901 661 3077 717 ταῦτα
3115 662 3163 716 δ’
3206 664 3495 718 ἀπεσείετό
3538 682 3597 719 τε
3640 666 3734 720 καὶ

2144 753 2398 809 διᾶπτυεν
2424 755 2499 818 ὠς
2529 755 2782 826 ἄχρηστα
2813 757 2929 818 τοῖς
2974 755 3221 808 εὑσεϐεῖν
3265 756 3553 811 ἐθέλουσιν
3572 775 3587 791 ο
3624 759 3727 811 ὅσα

2144 847 2190 901 δ’
2237 848 2318 911 είς
2362 849 2489 911 τοὺς
2533 848 2965 919 δημιουργικοὺς
3007 849 3116 901 τῶν
3170 848 3344 902 ὄντων
3390 849 3561 917 ὑγιῶς
3594 851 3730 902 ἐπο-

2147 939 2341 1009 ρεύετο
2376 939 2595 1007 λόγους,
2634 940 2806 994 ταῦτα
2831 939 2877 993 δ’
2916 940 3170 1008 ἀσμένως
3204 940 3531 995 παντάπασν
3575 942 3724 1010 μάλα

2145 1029 2422 1100 προσίετο.
2451 1031 2701 1086 Κάκεῖνα
2728 1030 2785 1084 δέ
2819 1030 2915 1084 τοῦ
2950 1030 3025 1102 μὴ
3060 1031 3369 1086 κλονεῖσθαι
3410 1033 3576 1087 ἕνεκα
3607 1036 3723 1097 τοῖς

2142 1122 2273 1192 περὶ
2312 1123 2379 1178 τά
2411 1121 2640 1177 τοιαῦτα
2670 1122 2902 1192 κομψοῖς
2930 1122 3037 1175 τῶν
3061 1124 3180 1176 ἐκεῖ
3212 1124 3500 1183 Λατίνωνῖ
3524 1123 3620 1189 ξύν
3660 1142 3727 1193 γε

2141 1215 2293 1287 αὑτῷ
2324 1216 2475 1285 ρηγὶ,
2506 1214 2608 1268 οὑκ
2653 1214 3127 1286 ἐρῤᾳθυμημένην
3178 1214 3301 1268 τινὰ
3338 1215 3440 1286 τὴν
3483 1218 3727 1285 σπουδὴν

2140 1304 2220 1376 τῷ
2270 1305 2459 1375 τοιῷδε
2509 1304 2763 1359 διδόντων
2802 1305 2959 1375 μέρει
2998 1306 3100 1377 τῆς
3145 1305 3363 1376 τέχνης,
3399 1306 3495 1363 ἅτε
3546 1308 3723 1379 άγχοῦ

2139 1397 2249 1452 τῶν
2298 1398 2622 1467 Αἰγυπτίων
2678 1398 2930 1469 Ἀράϐων
2986 1397 3191 1463 ὄντων,
3246 1400 3345 1453 καὶ
3405 1401 3579 1470 συχνὰ
3629 1403 3727 1454 καὶ

2138 1487 2443 1543 διαπόντιον
2474 1492 2531 1551 ἐς
2560 1487 2655 1541 τὸν
2701 1488 2846 1560 ρἧα
2878 1486 2980 1557 τὴν
3012 1474 3201 1556 ἄφιξιν
3244 1490 3593 1558 ποιουμένων
3635 1491 3725 1543 λο-

2138 1582 2300 1648 γικῆς
2356 1595 2417 1631 τε
2455 1576 2675 1648 ὁμιλίας
2722 1577 2887 1632 ἕνεκα
2934 1578 3030 1632 καὶ
3079 1577 3198 1648 ἅμα
3232 1577 3570 1649 φιλοτιμίας,
3615 1598 3723 1649 μα-

2138 1672 2269 1743 κρὸν
2313 1671 2723 1743 ἐπισυρομένης
2755 1669 2819 1724 τὸ
2866 1669 3237 1724 ἐπιδεικτικὸν
3284 1669 3538 1740 Ἀράϐων
3573 1671 3723 1724 ἐκεί-

2138 1782 2266 1830 νων,
2299 1758 2373 1819 ὧν
2404 1764 2493 1818 τὸν
2526 1766 2741 1819 ἅπαντα
2782 1762 2897 1833 βίον
2937 1763 3261 1834 άπασχολεῖ,
3294 1765 3350 1818 εί
3381 1763 3434 1817 τί
3477 1782 3584 1818 που
3616 1763 3723 1834 τῆς

2131 1857 2298 1912 πάλαι
2334 1856 2644 1925 Χαλδαῖκῆς
2667 1857 2981 1925 ἐπιστήμης
3012 1855 3359 1909 ἐλλέλειπται
3399 1856 3719 1926 σωζόμενον

2129 1949 2212 2002 ἔτι
2251 1950 2493 2019 σημεῖον.
2537 1948 2819 2016 Ἕφασκον
2844 1945 2954 2016 γὰρ
2993 1944 3068 2009 ὡς
3111 1945 3235 1998 ἐπεὶ
3257 1944 3329 1998 τά
3362 1944 3467 1998 ὑπὸ
3500 1945 3721 2013 γένεσιν

2132 2042 2310 2097 πάντα
2364 2041 2460 2093 καὶ
2515 2039 2702 2109 φθίσιν
2738 2039 2805 2108 τῇ
2840 2038 2949 2090 τῶν
2987 2036 3259 2107 οὐρανίων
3310 2035 3569 2107 ποιότητι
3621 2037 3721 2090 καλ⁵

2129 2133 2348 2203 κινήσει
2388 2129 2627 2201 πάσχειν
2664 2145 2726 2182 τε
2762 2129 2854 2183 καὶ
2884 2127 3274 2182 είδοποιεῖσθαι
3306 2127 3443 2199 πρὸς
3466 2125 3565 2183 τοῦ
3615 2127 3718 2199 δη-

2133 2221 2576 2293 μιουργήσαντος
2609 2216 2835 2288 ὥριστο,
2867 2217 2963 2270 καὶ
2993 2217 3106 2280 τοῖς
3151 2215 3378 2269 ἐκείνων
3424 2232 3719 2285 συσχημα-

2129 2312 2345 2379 τισμοῖς
2395 2327 2456 2363 τε
2506 2309 2600 2362 καὶ
2643 2309 2763 2371 ταῖς
2809 2307 2946 2376 πρὸς
2980 2307 3250 2375 τάπίγεια
3284 2305 3716 2360 συνοικειώσεσι

2132 2398 2193 2451 τδ
2225 2399 2348 2470 ῥέον
2389 2397 2489 2467 τῆς
2522 2396 2716 2465 ὑλικῆς
2746 2397 3034 2466 ποιότητος
3063 2394 3177 2451 οἷον
3224 2396 3604 2467 νομοθετεῖται
3645 2413 3706 2450 τε

2130 2488 2227 2540 καὶ
2270 2486 2618 2557 ῥυθμίζεται,
2671 2485 2884 2557 ἀνάγκη
2940 2486 3017 2557 μὴ
3069 2485 3300 2556 θάτερον
3354 2485 3456 2556 μὲν
3507 2486 3715 2541 εἰδέναι

2131 2578 2262 2649 περὶ
2300 2578 2499 2641 παντὸς
2554 2578 2852 2645 ποιεῖσθαι,
2893 2578 3122 2651 θάτερον
3174 2578 3218 2632 δ’
3263 2576 3347 2632 οὑ.
3382 2577 3457 2632 Ἦ
3492 2578 3602 2649 γάρ
3646 2579 3713 2631 ἂν

2128 2671 2298 2743 χωλὸν
2331 2670 2569 2742 βαδίσειε
2590 2670 2776 2742 τρίϐον
2802 2670 2904 2741 τῆς
2933 2672 3249 2744 ἐπιστήμης
3275 2670 3332 2736 ὃς
3367 2671 3434 2725 ἂν
3467 2672 3609 2742 μήτε
3633 2670 3713 2738 τῷ

2129 2760 2459 2833 θεωρητικῷ
2490 2761 2783 2816 συνάπτειν
2821 2761 2985 2834 ἐθέλῃ
3022 2760 3086 2815 τὸ
3131 2761 3437 2832 πρακτικὸν
3472 2762 3604 2832 μήτ’
3642 2757 3709 2813 αὖ

2131 2855 2347 2927 θατέρῳ
2401 2854 2651 2924 θάτερον.
2683 2854 2801 2925 Τῆς
2847 2854 2958 2927 γάρ
3005 2872 3087 2909 τοι
3126 2853 3446 2924 φιλοσοφίας
3489 2854 3550 2906 ἐν
3595 2856 3711 2915 τοῖς

436 2936 559 2991 δυσὶ
586 2939 802 3002 τούτοις
864 2942 1028 2996 είδεσι
1073 2943 1480 3018 θεωρουμένης,
1518 2948 1681 3020 σχολῇ
1721 2949 1775 3017 γ’
1812 2950 1883 3005 ἂν
1955 2954 2083 3017 τοὺς
2120 2951 2314 3019 λόγους
2352 2951 2509 3023 γνοίη
2544 2951 2655 3007 τῶν
2690 2951 2885 3017 όντων,
2915 2950 3120 3005 πολλοῦ
3149 2952 3196 3004 δ’
3228 2950 3295 3005 ἂν
3324 2950 3437 3004 δεῖν
3468 2949 3616 3005 κατὰ
3646 2948 3712 3003 τὸ

435 3036 646 3102 ἐντελὲς
694 3037 962 3109 κληθῆναι
1013 3040 1197 3110 σοφὸν,
1231 3033 1276 3109 ᾧ
1330 3042 1406 3113 μὴ
1451 3044 1622 3115 ἄμφω
1668 3045 1791 3100 καθ’
1836 3049 2011 3103 ὁπόσα
2047 3051 2130 3104 δεῖ
2160 3050 2404 3120 μετιέναι
2434 3049 2616 3104 ἔπεισι
2641 3048 2709 3103 τά
2736 3047 2839 3118 τῆς
2863 3046 3184 3118 φιλοσοφίας
3218 3048 3523 3119 μυστήρια·

515 3129 599 3182 ΙΧη
636 3129 743 3185 Sed
777 3130 895 3185 baac
934 3131 1224 3188 hactenus.
1260 3135 1356 3191 Ille
1388 3151 1538 3202 vero,
1566 3154 1691 3194 cum
1716 3140 2013 3210 plurimum

2188 3142 2267 3199 8'.
2310 3141 2476 3197 ’Δλλὰ
2515 3141 2722 3196 τούτων
2755 3141 2855 3211 μὲν
2886 3140 3028 3206 ἅλις.
3063 3142 3217 3212 Ἐμοὶ
3247 3141 3292 3194 δ’
3328 3140 3405 3205 ὡς
3433 3142 3507 3196 τὰ
3535 3142 3709 3198 πολλὰ

437 3223 611 3279 otium
645 3232 835 3293 ageret
857 3225 944 3280 vel
974 3227 1343 3297 occupatione
1374 3229 1490 3301 ipsa
1532 3235 1884 3303 praestantius
1915 3234 2019 3290 du-

433 3325 583 3372 ceret
616 3325 707 3372 tua
741 3330 903 3373 causa
933 3331 1022 3373 me
1076 3319 1257 3377 colere
1308 3331 1478 3392 atque
1528 3338 1753 3392 curare,
1796 3340 2013 3382 meeum

432 3408 711 3465 circumiit
742 3407 1004 3475 insulam,
1040 3412 1395 3483 ostenditque
1440 3429 1565 3485 quae
1593 3416 1824 3473 visenda
1853 3428 2015 3473 erant

431 3515 558 3559 cum
583 3500 709 3563 aliis
726 3501 883 3567 locis,
906 3511 1021 3557 tum
1054 3504 1107 3558 in
1131 3503 1378 3570 theatris,
1405 3505 1560 3574 foris,
1582 3508 1827 3577 judiciis.
1856 3509 2011 3564 Mon-

431 3594 630 3649 stravit
658 3609 825 3665 porro
854 3595 1015 3662 mihi,
1042 3606 1099 3651 ut
1145 3599 1538 3654 numismatum
1575 3610 1631 3655 et
1666 3609 2011 3657 monetarum

432 3684 574 3739 ratio
614 3700 717 3756 per
756 3701 920 3741 omne
967 3701 1145 3742 aevum
1176 3688 1371 3746 eadem
1406 3699 1656 3746 maneret
1702 3707 1884 3762 neque
1916 3707 2015 3746 un-

427 3793 596 3848 quam
632 3794 700 3834 ne
722 3780 1010 3835 minimum
1041 3780 1265 3850 quidem
1299 3790 1644 3849 mutaretur;
1684 3782 1823 3837 utin
1875 3799 2014 3854 pon-

427 3870 654 3927 deribus
702 3881 867 3943 atque
914 3874 1191 3930 mensuris
1239 3874 1423 3931 omnia
1481 3888 1667 3929 rerum
1726 3875 2004 3930 venalium

425 3979 627 4033 genera
651 3964 920 4021 darentur
962 3975 1129 4039 atque
1174 3967 1565 4037 acciperentur
1594 3983 1704 4023 non
1743 3984 1844 4037 pro
1874 3984 2009 4024 ven-

424 4056 665 4113 ditorum
704 4060 1139 4130 uniuscujusque
1195 4062 1497 4127 voluntate,
1551 4062 1646 4117 sed
1697 4062 2004 4117 secundum

422 4158 640 4204 vetusta
687 4150 931 4205 civitatis
979 4151 1277 4217 instituta;
1317 4168 1429 4208 non
1479 4164 1645 4223 prout
1684 4155 2005 4210 divitiorum

422 4239 655 4294 avaritia
689 4248 745 4295 et
779 4240 1013 4295 aviditas
1042 4240 1167 4310 plus
1211 4243 1363 4313 justo
1413 4244 1618 4299 lucrari
1661 4246 1824 4300 vellet
1849 4287 1864 4307 .
1908 4251 2003 4300 sed

425 4341 592 4402 prout
623 4332 791 4401 leges,
823 4332 1129 4402 disciplina:
1164 4349 1194 4388 a
1220 4334 1523 4405 majoribus
1546 4334 1687 4390 bene
1720 4336 2006 4407 descriptae

422 4425 704 4493 custodes,
742 4442 840 4497 per
884 4442 1048 4482 omne
1079 4435 1295 4497 tempus
1320 4428 1604 4499 juberent.
1639 4428 1828 4499 Neque
1863 4430 2007 4485 divi-

421 4519 515 4575 tiis
539 4519 813 4575 excellens
842 4533 1021 4588 neque
1043 4520 1224 4575 aetatis
1250 4521 1447 4575 robore
1478 4520 1742 4591 praeditus
1778 4523 1855 4577 ibi
1886 4538 2002 4588 eos,

421 4612 516 4683 qui
547 4611 840 4669 inferiores
871 4623 1109 4682 utroque
1157 4628 1360 4682 genere
1404 4616 1553 4680 sint,
1608 4616 1768 4672 facile
1818 4619 2005 4687 oppri-

423 4714 574 4754 mere
605 4708 772 4770 atque
827 4700 1231 4756 circumvenire
1278 4704 1493 4771 possit;
1552 4719 1678 4759 nam
1725 4707 1820 4777 qui
1854 4709 2003 4779 leges

419 4789 662 4846 civitatis
690 4791 775 4846 vel
809 4791 1034 4849 minime
1070 4795 1375 4865 transgredi
1408 4796 1629 4865 audeat,
1663 4799 1709 4855 is
1741 4802 1925 4856 statim
1954 4803 1999 4857 si

421 4870 532 4934 non
564 4879 764 4948 capite,
787 4890 1030 4937 attamen
1062 4882 1130 4937 iis
1159 4883 1425 4939 membris
1461 4878 1709 4955 corporis
1732 4889 2000 4944 multatur

420 4988 544 5043 quae
569 4990 666 5042 pro
713 4975 925 5029 ratione
952 4975 1139 5031 delicti
1182 4977 1329 5046 leges
1383 4979 1601 5049 iubent.
1655 4981 1781 5038 Haec
1837 4985 1998 5049 ratio,

418 5067 600 5137 inquit
654 5067 787 5129 ille,
822 5068 985 5122 crede
1024 5069 1202 5134 mihi,
1258 5068 1304 5125 si
1366 5082 1661 5141 servatur,
1711 5076 2001 5146 conjungit

414 5166 581 5227 atque
614 5159 863 5213 continet
891 5161 1143 5217 civitates
1177 5172 1233 5217 et
1269 5164 1456 5228 urbes,
1487 5176 1664 5222 terras
1698 5176 1755 5221 et
1785 5170 1995 5224 insulas

414 5250 672 5316 privatim
707 5259 873 5319 atque
910 5252 1165 5321 publice;
1210 5255 1293 5309 sin
1342 5267 1527 5311 autem
1561 5260 1854 5324 evertitur,
1884 5260 1995 5313 acri

415 5341 627 5411 impetu
657 5342 823 5397 etiam
853 5343 962 5414 35
998 5361 1086 5401 res
1109 5347 1398 5405 universas
1425 5359 1482 5404 et
1507 5351 1747 5420 singulas
1772 5354 1993 5419 evertit,

413 5447 537 5501 qua:
575 5434 874 5505 illegitima:
903 5436 957 5490 in
988 5438 1309 5493 civitatibus
1333 5450 1388 5493 et
1419 5442 1650 5496 urbibus
1679 5453 1990 5509 versantur,

411 5538 537 5577 cum
590 5528 743 5581 nullo
792 5538 949 5598 pacto
990 5530 1193 5598 rebus,
1239 5547 1362 5601 quae
1408 5532 1513 5602 legi
1546 5545 1872 5605 repugnant,
1904 5536 1996 5590 iit--

415 5631 564 5670 mum
594 5630 759 5687 atque
810 5624 1004 5679 stabile
1058 5625 1478 5679 fundamentum
1527 5628 1750 5683 subesse
1800 5632 1989 5698 possit,

412 5708 507 5761 sed
551 5708 704 5764 brevi
746 5721 989 5783 tempore
1025 5718 1207 5771 omnis
1268 5718 1638 5786 providentia,
1688 5737 1810 5790 qua:
1846 5739 1990 5779 rem-

408 5800 683 5873 publicam
719 5806 1022 5875 contineat,
1054 5809 1122 5866 iis
1173 5813 1479 5882 exagitetur
1529 5821 1581 5870 et
1633 5813 1984 5883 dissolvatur,

2122 3236 2322 3307 σχολὴν
2374 3235 2547 3304 ἄγων,
2593 3234 2626 3305 ἧ
2680 3233 2777 3287 καὶ
2829 3232 3088 3303 ἀσχολίας
3138 3234 3444 3303 ὑπέρτερον
3493 3235 3708 3299 ἐκεῖνος

2118 3330 2353 3398 πρᾶγμα
2385 3325 2708 3397 ποιούμενος
2745 3324 3077 3395 θεραπεύειν
3108 3325 3208 3394 ἐμὲ
3250 3325 3340 3380 διὰ
3370 3327 3454 3389 σε,
3486 3330 3702 3384 ἐδείκνυ

2118 3418 2350 3490 περιιὼν
2402 3417 2499 3471 καὶ
2545 3416 2989 3486 περιηγοὺμενος
3039 3418 3214 3471 ὁπόσα
3250 3421 3318 3490 τῇ
3363 3420 3519 3491 νήσῳ
3548 3421 3707 3493 περί.

2118 3528 2271 3566 εστιν
2303 3509 2445 3575 ,άξια
2489 3510 2639 3575 θέας,
2662 3509 2734 3563 τά
2776 3526 2835 3562 τε
2877 3510 3016 3563 ἄλλα
3064 3514 3161 3565 καὶ
3200 3513 3303 3565 ὅσα
3332 3513 3391 3567 ἐν
3420 3513 3704 3584 θεάτροις,

2112 3606 2173 3657 ἐν
2214 3603 2468 3673 ἀγοραῖς,
2505 3604 2565 3657 ἐν
2602 3601 3003 3674 δικαστηρίοις,
3038 3604 3101 3657 τὸ
3141 3604 3200 3657 ἐν
3246 3603 3556 3675 νομίσμασι
3604 3607 3701 3661 καὶ

2114 3701 2438 3771 χαράγμασι
2487 3698 2581 3752 τὸν
2622 3696 2841 3758 ἅπαντα
2884 3699 3080 3770 χρόνον
3122 3698 3391 3764 ὡσαύτως
3439 3699 3567 3773 ἕχον
3603 3703 3702 3755 καὶ

2118 3793 2341 3864 μηδαμῆ
2394 3793 2520 3864 μηδ’
2557 3794 2811 3849 ὁπωσοῦν
2861 3796 3227 3867 τρεπόμενον,
3277 3794 3371 3847 καὶ
3423 3794 3579 3858 ὅπως
3640 3796 3700 3847 ἐν

2113 3885 2379 3955 σταθμοῖς
2414 3886 2510 3940 καὶ
2562 3886 2785 3957 μέτροις
2818 3887 3141 3955 πλάστιγξιν
3194 3886 3281 3958 εἴη
3328 3887 3590 3955 διδόμενα
3638 3903 3699 3940 τε

2113 3980 2209 4031 καὶ
2237 3978 2629 4048 λαμϐανόμενα
2661 3979 2778 4049 είδη
2803 3980 3060 4047 καθάπαξ
3098 3978 3277 4033 ὠνίων
3317 3981 3562 4045 ἅπαντα,
3594 3981 3696 4051 οὑχ

2111 4070 2188 4135 ὡς
2215 4072 2324 4125 τῶν
2362 4071 2789 4140 πιπρασκόντων
2814 4072 3045 4135 ἕκαστος
3091 4071 3327 4143 βούλοιτ’
3353 4071 3443 4138 ἂν,
3470 4074 3591 4127 ἀλλ’
3618 4073 3695 4136 ὠς
3790 4118 3796 4123 .

2110 4164 2179 4217 τὰ
2205 4162 2304 4232 τῆς
2338 4162 2618 4225 πολιτείας
2650 4162 2856 4234 ἀρχαῖα
2880 4162 3166 4217 κελεύουσι
3191 4164 3464 4233 δόγματα,
3480 4165 3596 4219 οὐδ’
3620 4166 3697 4229 ὡς

2108 4255 2213 4325 τῆς
2244 4255 2352 4309 τῶν
2388 4255 2802 4325 εὐτυχεστέρων
2831 4256 3153 4324 πλεονεξίας
3196 4258 3259 4311 τὸ
3297 4257 3476 4328 λίχνον
3511 4275 3696 4330 παραο

2111 4346 2418 4417 κερδαίνειν
2451 4347 2645 4415 ἐθέλει,
2688 4348 2805 4402 ἀλλ’
2835 4351 2911 4410 ὡς
2955 4355 3004 4405 oi
3049 4351 3298 4422 σωτῆρες
3344 4352 3445 4421 τῆς
3484 4352 3698 4407 ἄνωθεν

2113 4439 2370 4507 εὑταξίας
2417 4442 2819 4513 προστάττουσι
2863 4445 3019 4515 νόμοι
3071 4445 3163 4497 τὸν
3211 4443 3428 4499 ἅπαντα
3474 4448 3691 4516 χρόνον.

2114 4531 2237 4585 Οὐδ’
2266 4534 2295 4586 ό
2324 4533 2542 4604 πλούτῳ
2575 4532 2852 4606 προῦχων,
2886 4533 2999 4587 οὐδ’
3043 4528 3089 4602 ᾧ
3137 4534 3262 4589 καθ’
3290 4534 3511 4606 ἠλικίαν
3559 4554 3694 4606 προ⁹

2113 4625 2407 4695 ϐεϐηκέναι
2460 4625 2680 4697 ξυνέϐη,
2709 4630 2771 4681 τὸ
2805 4627 2970 4680 πλέον
3021 4627 3165 4691 ἕξειν
3213 4630 3272 4681 ἐν
3320 4631 3535 4693 τούτοις
3581 4627 3694 4692 οἷός

2110 4718 2159 4770 τ’
2184 4718 2251 4772 ἂν
2282 4718 2366 4788 εἴη
2405 4720 2523 4771 ἐκεῖ
2548 4719 2658 4772 τῶν
2688 4721 2935 4788 ἡσσόνων
2972 4727 3095 4773 κατ’
3124 4720 3312 4789 ἄμφω.
3343 4721 3494 4789 Ταχὺ
3540 4721 3691 4791 μέντ’

2110 4810 2177 4863 ἂν
2222 4810 2570 4880 ἀφαιρεθείη,
2616 4812 2665 4863 εί
2699 4811 2774 4881 μὴ
2806 4811 2904 4881 τῆς
2951 4811 3215 4882 κεφαλῆς,
3248 4812 3365 4866 ἀλλ’
3393 4813 3486 4869 οὖν
3512 4815 3690 4869 ὁπόσα

2109 4901 2219 4954 τῶν
2252 4901 2346 4954 τοῦ
2378 4902 2631 4971 σώματος
2666 4903 2843 4971 μελῶν
2872 4904 3016 4957 κατὰ
3052 4906 3113 4959 τὸ
3143 4906 3239 4960 τοῦ
3275 4907 3690 4979 ἁμαρτηθέντος

2109 4994 2373 5063 ἀνάλογον
2406 4996 2455 5047 oi
2492 4995 2650 5064 νόμοι
2700 4996 2801 5065 τῆς
2847 4996 3123 5063 πολιτείας
3169 5001 3510 5069 κελεύουσιν,
3537 5005 3688 5067 ὅστις

2106 5086 2309 5148 αὑτοὺς
2361 5087 2697 5155 καπηλεύειν
2759 5090 3012 5144 ὁπωσοῦν
3069 5092 3311 5164 τολμῴη.
3373 5096 3486 5148 Καὶ
3538 5094 3687 5149 τοῦτ’

2105 5178 2277 5242 ἐστὶν,
2324 5180 2512 5242 ἔλεγεν
2558 5183 2770 5245 ἐκεῖνος
2824 5183 2949 5252 ἐμοὶ
3011 5184 3267 5253 βεϐαιῶν,
3300 5186 3328 5239 ὁ
3374 5188 3686 5257 σωζόμενον

2108 5269 2210 5337 μὲν
2244 5271 2527 5342 συνίστησι
2561 5274 2659 5326 καὶ
2688 5275 2906 5345 συνέχει
2938 5276 3219 5340 πολιτείας
3250 5278 3343 5330 καὶ
3371 5279 3559 5343 πόλεις
3593 5280 3685 5332 καὶ

2104 5360 2368 5428 ἠπείρους
2398 5361 2459 5433 [ί.
2495 5362 2594 5415 105
2623 5362 2677 5434 α]
2718 5366 2810 5418 καὶ
2853 5367 3077 5437 νήσους,
3111 5369 3206 5419 καὶ
3257 5368 3365 5441 ἰδία
3393 5372 3486 5423 καὶ
3518 5371 3686 5439 δημο-

2105 5453 2217 5523 σίᾳ,
2271 5455 2715 5525 άνατρεπόμενον
2765 5458 2811 5511 δ’
2872 5456 2939 5512 αὖ
3003 5460 3207 5523 ὀξείαις
3277 5464 3682 5533 συνανατρέπει

2104 5548 2297 5614 ῥοπαῖς
2328 5547 2397 5599 τά
2425 5563 2483 5600 τε
2534 5549 2690 5603 κοινά
2740 5551 2835 5604 καὶ
2875 5552 3000 5605 καθ’
3044 5553 3249 5608 ἕκαστα
3281 5554 3393 5608 τῶν
3423 5555 3683 5624 πραγμά-

2098 5655 2209 5691 των
2256 5639 2358 5692 ὄσα
2416 5642 2606 5696 πόλεσί
2665 5660 2723 5696 τε
2779 5645 2874 5699 καὶ
2923 5646 3230 5709 πολιτείαις
3279 5647 3679 5714 ἐγκαλινδεῖται

2100 5731 2592 5803 παρανομούμενα,
2626 5736 2851 5806 μηδαμῆ
2895 5739 3008 5801 τοῖς
3048 5740 3390 5809 παρανόμοις
3436 5741 3677 5793 συνεῖναι

2098 5822 2263 5892 φύσιν
2289 5825 2519 5898 ἐχούσης
2567 5830 2663 5900 τῆς
2696 5831 2913 5900 ἑδραίας
2954 5831 3218 5903 διαμονῆς
3251 5833 3346 5887 καὶ
3389 5824 3660 5904 κρηπῖδος.
