4088 6474
372 378 443 439 25
1361 392 1815 456 ΒΥΖΛΝἸῚΝΛΞ
1860 397 1946 457 Ηί

2054 399 2249 463 DRIM
2292 404 2438 466 LIB.
2482 406 2664 467 XXV.
3574 405 3643 468 26

380 491 495 543 ἀλλ’
527 493 585 544 ἐν
605 492 665 545 οὐ
704 495 903 565 μακρῷ
930 497 1009 569 τῷ
1037 500 1215 569 χρόνῳ
1241 503 1415 574 ῥᾷστα
1444 492 1820 577 σαλευομένης
1859 511 1951 563 καὶ

2062 515 2361 572 harmonia:
2414 517 2607 582 instar,
2643 534 2768 574 cum
2831 519 3053 573 chorda:
3102 517 3512 583 dirumpuntur.
3572 520 3641 573 Ut

377 585 735 655 διαλυομένης
774 588 996 660 ἀπάσης
1060 595 1318 662 προνοίας
1374 600 1719 671 συνδετικῆς,
1768 601 1958 674 ὥσπερ

377 677 644 746 ἁρμονίας
668 682 1029 752 ῥηγνυμένων
1051 686 1163 740 τῶν
1185 690 1415 760 χορδῶν.
1440 692 1556 761 Τῆς
1582 696 1692 763 γὰρ
1722 695 1958 749 καθόλου

382 768 654 833 πολιτείας
688 773 1061 845 ὑγιαινούσης,
1092 777 1307 849 ἀνάγκη
1358 780 1534 846 δήπου
1571 784 1668 838 καὶ
1708 785 1778 839 τὰ
1812 788 1957 857 μέρη

382 859 559 923 καλῶς
585 861 950 917 ἀπαλλάττειν
981 868 1481 940 συνεξομοιούμενα
1513 873 1593 944 τῷ
1628 874 1756 942 ὅλῳ,
1788 875 1958 930 καθά-

389 966 492 1020 περ
527 946 617 1003 οῦν
652 952 963 1008 τούναντίον
1007 960 1268 1032 νοσούσης
1316 965 1412 1016 καὶ
1459 966 1601 1019 αὐτὰ
1654 970 1953 1035 συννοσεῖν,

382 1043 459 1107 ῶς
523 1046 604 1107 είς
647 1048 959 1117 ἀρχέτυπον
1018 1052 1117 1124 τὴν
1181 1055 1419 1126 μίμησιν
1465 1062 1811 1131 ἀναφέροντα
1865 1064 1958 1117 καὶ⁸

385 1137 634 1210 μάρτυρα
668 1140 978 1214 βεϐαιωτὴν
1011 1147 1113 1216 τῆς
1145 1150 1349 1214 κακίας
1374 1155 1824 1224 προενηνεγμένα
1855 1158 1957 1223 τὴν

382 1226 661 1296 πολιτικὴν
702 1231 880 1301 ἀρχὴν
923 1236 1017 1287 καὶ
1068 1239 1424 1296 κατάστασιν.
1457 1242 1677 1307 Δίκαιος
1718 1245 1901 1297 τοίνυν
1928 1246 1957 1299 δ

385 1316 582 1386 Κύριος
613 1320 706 1379 ὢν.
743 1325 833 1375 καὶ
884 1324 1235 1392 δικαιοσύνας
1286 1331 1364 1394 ὡς
1404 1332 1467 1385 τὸ
1511 1334 1660 1397 είκδς
1699 1333 1954 1402 ἀγαπῶν,

382 1408 507 1478 ύψοῖ
535 1412 734 1479 μᾶλλον
766 1414 891 1485 ἔθνη
924 1416 962 1471 ἃ
995 1420 1072 1488 μὴ
1100 1421 1266 1489 νόμον
1300 1422 1401 1492 μὲν
1434 1423 1568 1493 εχει,
1601 1425 1764 1493 φύσει
1798 1425 1855 1480 δέ
1886 1427 1957 1479 τὰ

383 1502 476 1555 τοῦ
508 1507 673 1573 νόμου
701 1511 845 1560 ποιεί
875 1510 1019 1563 κατά
1052 1512 1141 1565 τὸν
1168 1513 1313 1569 θείον
1339 1515 1690 1584 ’Λπόστολον,
1730 1522 1880 1588 μισεῖ
1897 1520 1955 1573 δέ

382 1593 433 1646 οἳ
455 1595 553 1667 ζῇν
584 1598 681 1666 μὲν
706 1600 941 1671 ᾕρηνταί
985 1620 1045 1656 τε
1089 1608 1185 1659 καὶ
1220 1609 1622 1679 ἐπηγγείλαντο
1659 1614 1799 1665 κατά
1828 1614 1955 1675 τοὺς

382 1691 480 1760 τῆς
504 1692 783 1758 εὐσεϐείας
816 1696 1053 1766 θεσμοὺς
1093 1702 1189 1754 καὶ
1228 1703 1448 1772 νόμους,
1483 1704 1668 1776 ἔργοις
1695 1704 1740 1758 δ’
1769 1706 1953 1769 αὐτοῖς

383 1785 891 1855 καταψευδομένους
935 1789 1047 1843 τῶν
1085 1793 1435 1861 ἐπαγγελιῶν
1485 1796 1577 1848 καὶ
1617 1796 1951 1865 ἀποσειομέ-

2061 606 2232 668 enim,
2264 608 2310 662 si
2346 618 2520 664 totum
2549 610 2789 664 civitatis
2842 624 3044 677 corpus
3092 623 3287 664 sanum
3334 617 3435 670 est,
3478 609 3641 661 etiam

2060 699 2310 753 membra
2348 715 2473 753 cum
2492 715 2558 754 eo
2580 701 2977 755 concordantia
3012 700 3151 754 bene
3176 713 3295 755 sese
3317 699 3521 754 habere
3544 714 3641 753 ne-

2060 803 2214 844 cesse
2244 798 2351 852 est,
2378 791 2460 845 sic
2489 802 2701 858 contra,
2735 792 2828 847 ubi
2860 792 2992 846 illud
3046 801 3294 862 aegrotat,
3323 792 3488 846 etiam
3528 792 3645 845 haec

2058 896 2171 935 non
2202 891 2434 952 possunt
2462 898 2572 938 non
2607 898 2752 953 aegre
2784 884 2979 939 affecta
3017 899 3163 947 esse,
3194 885 3397 952 quippe
3428 899 3549 952 qua:
3588 881 3643 935 id

2058 983 2318 1044 tanquam
2385 975 2626 1045 primum
2691 977 2969 1046 quoddam
3017 977 3297 1046 exemplar
3358 975 3683 1049 imitentur‘

2057 1074 2222 1136 atque
2253 1066 2496 1121 civitatis
2525 1067 2990 1137 gubernationem
3027 1083 3092 1123 ac
3122 1076 3326 1121 statum
3365 1074 3426 1121 ut
3480 1066 3643 1121 vitio-

2057 1156 2239 1212 sitatis
2287 1166 2484 1213 testem
2536 1159 3034 1228 locupletissimum
3091 1159 3389 1229 proferaut.
3455 1156 3643 1211 Domi-

2056 1264 2161 1304 nus
2187 1260 2391 1313 autem,
2423 1250 2514 1320 qui
2543 1252 2725 1321 justus
2754 1260 2838 1306 est
2868 1260 2942 1313 et,
2975 1263 3033 1307 ut
3071 1260 3528 1311 consentaneum,
3555 1250 3643 1315 iu-

2058 1342 2265 1396 stitiam
2294 1352 2459 1406 amat,
2512 1342 2579 1396 ad
2621 1344 2883 1412 majorem
2932 1343 3252 1398 felicitatem
3282 1341 3469 1397 evehit
3504 1356 3641 1410 geu~

2060 1434 2204 1500 tiles,
2251 1435 2370 1505 qui,
2426 1444 2487 1490 ut
2539 1436 2617 1491 ait
2650 1446 2881 1491 sanctus
2910 1436 3271 1506 Apostolus’,
3324 1448 3641 1503 quanquam

2056 1528 2263 1582 nullam
2291 1526 2531 1583 habeant
2572 1530 2743 1599 legem
2774 1570 2788 1591 .
2846 1540 3025 1584 tamen
3081 1538 3275 1582 natura
3325 1526 3465 1581 duce
3521 1526 3642 1594 ejus

2059 1620 2350 1690 praeceptis
2380 1621 2788 1689 obsequuntur,
2818 1621 2936 1677 odit
2986 1635 3121 1676 vero
3158 1635 3255 1675 eos
3288 1619 3382 1689 qui
3418 1618 3640 1688 quidem

2058 1710 2111 1764 in
2153 1725 2212 1764 se
2236 1722 2601 1779 susceperunt
2622 1722 2789 1782 atque
2818 1711 3051 1782 professi
3088 1721 3218 1767 sunt
3249 1726 3309 1765 se
3337 1709 3640 1765 secundum

2057 1800 2341 1872 religionis
2370 1802 2625 1857 instituta
2650 1803 2911 1873 legesque
2959 1818 3083 1859 esse
3110 1802 3377 1865 victuros,
3402 1800 3643 1855 actioni-

382 1891 505 1938 νους
527 1876 702 1930 πάντα
730 1875 1076 1949 δικαιοσύνης
1101 1884 1302 1937 κανόνα
1328 1886 1420 1939 καὶ
1448 1886 1717 1956 στάθμην.
1756 1886 1815 1939 '0
1841 1886 1950 1958 γὰρ

2060 1892 2163 1947 bus
2191 1901 2372 1949 tamen
2402 1895 2669 1963 promissa
2697 1895 2929 1949 eludunt
2951 1904 3217 1949 etomnes
3250 1893 3477 1963 iustitia:
3508 1908 3640 1945 nor-

379 1968 728 2041 δικαιοσύνην
769 1972 870 2043 μέν
904 1974 1409 2047 ἀποστρεφόμενος,
1441 1978 1657 2041 ἀδικίας
1688 1978 1736 2032 δ’
1764 1979 1956 2034 ἀνθαι·

382 2062 639 2132 ρούμενος
670 2065 929 2135 κλήρους,
963 2068 1059 2123 καὶ
1092 2070 1230 2139 μήτε
1270 2071 1396 2134 τοὺς
1423 2070 1600 2134 θείους
1630 2071 1953 2141 αἰδούμενος

380 2156 595 2222 νόμους,
634 2160 977 2231 περιφρονῶν
1020 2161 1066 2215 δ’
1112 2161 1455 2229 ἀνθρώπινον
1492 2164 1716 2218 ἃπασαν
1758 2164 1952 2234 τύχην,

378 2245 531 2310 οὗτος
552 2247 799 2320 ἀφώρισε
824 2251 923 2319 μέν
953 2252 1097 2304 ἐκών
1125 2268 1187 2321 γε
1221 2247 1360 2305 εἶναι
1384 2253 1524 2307 Θεοῦ
1554 2253 1647 2307 τοῦ
1676 2255 1775 2325 τῆς
1797 2255 1956 2326 δίκης

381 2339 589 2411 ἔχοντος
621 2344 743 2405 τοὺς
784 2344 1009 2413 θρόνους
1042 2345 1229 2415 σαφῶς
1269 2346 1487 2408 ἐαυτδν,
1516 2347 1865 2418 συνῳκείωσε
1907 2348 1953 2402 δ’

380 2434 496 2503 ἅμα
521 2435 598 2506 τῷ
626 2436 877 2508 διαϐόλῳ.
918 2441 1012 2493 Διδ
1043 2443 1140 2495 καὶ
1187 2442 1505 2496 πλεονεκτεῖ
1544 2442 1641 2511 μὲν
1674 2441 1819 2495 κατά
1855 2442 1954 2508 τῆς

379 2527 558 2599 χώρας
606 2530 825 2600 ἐκείνης
872 2532 941 2587 τά
993 2526 1245 2608 χείρω,ᾖ
1294 2535 1364 2589 τά
1406 2534 1584 2588 τοιάδε
1620 2535 1951 2607 γεωργεῖται

379 2623 543 2687 κακὰ,
570 2626 875 2693 μειονεκτεῖ
903 2625 949 2679 δ’
996 2627 1279 2697 ἑπομένως
1309 2627 1377 2681 τά
1408 2627 1645 2699 κρείττω
1671 2645 1687 2661 ο
1737 2629 1831 2681 καὶ
1864 2627 1949 2695 γί-

378 2724 526 2768 νεται
554 2716 821 2787 παντελὴς
853 2718 970 2772 ἐκεῖ
999 2718 1181 2771 καλῶν
1214 2719 1442 2788 ἐρημία,
1471 2719 1567 2772 καὶ
1594 2721 1950 2791 κατορχείται

378 2801 563 2858 λοιπὸν
590 2807 687 2859 καὶ
725 2806 756 2859 δ
794 2806 1041 2873 διάϐολος
1076 2809 1247 2879 ἄρδην
1273 2809 1447 2878 αὐτῆς
1475 2810 1785 2873 εὐσεϐείας.
1815 2811 1949 2879 πρὸς

378 2893 607 2964 ἄρνησιν
656 2895 782 2959 τοὺς
830 2896 982 2966 αὐτῷ
1036 2898 1396 2968 πειθομένους
1445 2900 1618 2970 συχνὰ
1665 2903 1947 2970 ἐρεθίζων.

380 2982 481 3041 οἶα
516 2987 581 3059 δὴ
620 2989 759 3043 κάπὶ
792 2990 893 3061 τὴν
924 2990 1235 3054 Βυζαντίων
1285 2994 1542 3061 γενέσθαι
1575 2995 1949 3065 ξυμπὲπτωκε

381 3081 689 3135 πολιτείαν·
726 3084 1007 3153 μισήσασα
1046 3086 1155 3155 γάρ
1198 3086 1461 3157 ἀλήθειαν
1504 3090 1691 3161 ἐκείνη
1728 3091 1823 3144 καὶ
1853 3109 1950 3145 ποο

2060 2000 2177 2040 mas
2202 2000 2266 2040 ac
2292 1985 2510 2055 regulas
2552 1985 2841 2056 abjiciunt.
2870 1984 2974 2050 Qui
3008 1984 3158 2038 enim
3185 1984 3455 2053 justitiam
3484 1997 3643 2037 aver-

2059 2084 2211 2129 satus
2253 2075 2536 2145 injustitiae
2569 2075 2927 2145 amplectitur
2973 2082 3176 2138 sortes,
3224 2081 3279 2127 et
3307 2072 3520 2143 legibus
3557 2070 3642 2125 di-

2058 2167 2200 2221 vinis
2235 2166 2435 2235 spretis
2490 2166 2787 2220 humanam
2836 2167 3142 2235 quamlibet
3195 2165 3475 2219 fortunam
3529 2164 3640 2218 cir-

2059 2258 2372 2327 cumspicit,
2408 2259 2454 2314 is
2484 2258 2775 2314 manifesto
2821 2275 2879 2313 se
2916 2258 3185 2328 disjunxit
3236 2271 3336 2311 sua
3383 2263 3578 2325 sponte
3610 2271 3638 2308 a

2058 2350 2170 2405 Deo
2199 2350 2426 2418 justitiaa
2473 2352 2670 2405 solium
2729 2360 2989 2413 tenente,
3050 2358 3215 2418 atque
3259 2364 3383 2403 cum
3420 2346 3639 2401 diabolo

2056 2445 2331 2499 contraxit
2370 2444 2821 2500 familiaritatem.
2850 2444 2966 2510 Qua
2988 2445 3054 2497 de
3079 2457 3241 2497 causa
3267 2442 3320 2495 in
3353 2441 3440 2494 illa
3466 2450 3637 2504 terra,

2058 2538 2151 2592 ubi
2171 2537 2294 2592 talia
2315 2547 2576 2593 seruntur
2594 2538 2753 2601 mala,
2769 2537 2878 2608 36
2892 2538 3143 2607 pessimae
3159 2547 3305 2590 artes
3320 2535 3636 2605 praevalent,

2054 2631 2290 2684 virtutes
2318 2643 2454 2684 vero
2476 2630 2791 2684 necessario
2831 2630 3155 2684 inferiorem
3191 2637 3387 2683 tenent
3419 2627 3637 2688 locum;

2056 2720 2129 2776 ibi
2162 2720 2641 2776 exsistitomnium
2685 2721 2956 2776 bonorum
2991 2722 3249 2786 vastitas;
3298 2719 3369 2773 ibi
3403 2718 3642 2786 denique

2054 2811 2305 2867 diabolus
2335 2812 2391 2866 in
2439 2812 2612 2881 ipsam
2651 2813 2976 2883 religionem
3029 2798 3508 2881 impudentissime
3555 2809 3639 2862 in-

2054 2904 2250 2970 sultat,
2280 2921 2445 2974 quam
2484 2916 2545 2961 ut
2577 2906 2851 2974 dent-gent
2897 2914 2954 2959 et
3007 2905 3197 2958 tollant
3243 2916 3374 2956 suos
3405 2901 3641 2955 asseclas

2053 2998 2256 3052 acriter
2287 2996 2530 3067 instigat.
2578 2994 2708 3050 Tale
2744 2994 2875 3064 quid
2905 2993 3071 3049 etiam
3110 2993 3488 3063 Byzantiorum
3526 2992 3639 3043 rei-

2054 3089 2288 3158 publica:
2325 3086 2549 3143 accidit.
2583 3086 2723 3143 Odio
2759 3086 2907 3142 enim
2940 3087 2993 3140 in
3024 3086 3312 3139 veritatem
3339 3093 3394 3139 et
3416 3082 3638 3150 imperii

380 3174 589 3246 λιτικῆς
622 3176 797 3247 ἀρχῆς
822 3178 1192 3251 δικαιοσύνην,
1222 3182 1624 3255 οίκειωσαμένη
1656 3184 1704 3238 δ’
1735 3185 1949 3239 ἀδικίαν

2054 3182 2321 3254 iustitiam
2376 3191 2685 3251 concepto,
2746 3179 3016 3248 iniustitia
3064 3193 3197 3232 Vero
3230 3186 3286 3231 et
3335 3174 3638 3229 mendaciis

381 3267 475 3321 καὶ
509 3266 725 3337 ψεῦδος,
764 3270 912 3333 ὅλαις
958 3272 1241 3343 παλάμαις
1279 3275 1376 3338 τὰς
1414 3277 1620 3346 ἑαυτῆς
1656 3277 1792 3347 πρὸς
1824 3278 1946 3333 ἀσέο

380 3361 535 3413 ϐειαν
579 3360 881 3415 ἀνεπέτασε
926 3364 1121 3429 πύλας.
1159 3366 1411 3438 Κάπειδὴ
1448 3368 1525 3438 τῷ
1555 3368 1791 3441 διαϐόλῳ
1840 3369 1952 3424 σώ-

384 3468 553 3521 ματος
596 3452 689 3505 ἐπὶ
741 3451 949 3517 τούτοις
1004 3454 1112 3508 ἔδει
1165 3457 1260 3510 καὶ
1311 3457 1546 3527 ὀργάνου
1603 3459 1751 3530 μάλα
1803 3461 1953 3531 αὐτῷ

381 3545 749 3615 προσήκοντος
778 3545 893 3612 νῦν,
929 3546 1174 3619 εὑρίσκει
1216 3550 1504 3620 Παλαμᾶν,
1537 3553 1852 3623 ἀνδράριον,
1877 3554 1954 3619 ὡς

381 3639 593 3707 ἀκήκοα
614 3639 733 3708 μὲν,
766 3639 1140 3712 ἐντελέστερον
1171 3642 1218 3696 δ’
1247 3645 1312 3698 ἐκ
1349 3645 1452 3714 τῆς
1502 3646 1667 3700 αὑτοῦ
1703 3649 1954 3719 μεμαθήο

380 3742 495 3781 κειν
518 3727 761 3799 γραφῆς,
793 3731 1009 3795 εὖτελές
1035 3731 1134 3800 μέν
1162 3734 1339 3797 ἄλλως
1360 3738 1456 3789 καὶ
1488 3737 1633 3808 πλὴν
1666 3737 1761 3790 τοῦ
1792 3755 1953 3791 κενο-

380 3818 550 3884 δοξεῖν
593 3822 686 3873 καὶ
735 3822 805 3874 δι’
842 3825 972 3878 αὐτό
1010 3825 1074 3894 γέ
1120 3843 1205 3881 τοι
1249 3825 1407 3881 τοῦτο
1436 3827 1751 3894 κακώοξεῖν
1787 3830 1951 3883 πλέον

381 3913 516 3976 είδὸς
547 3914 701 3968 οὐδὲν
728 3915 912 3984 ὑγιέςο
960 3917 1053 3971 καὶ
1098 3917 1271 3988 τούτῳ
1322 3924 1636 3992 συμμαχεῖν
1670 3921 1952 3985 πεπεικὼς

379 4008 504 4070 τοὺς
540 4010 599 4061 ἐν
646 4008 888 4081 ἐξουσίᾳ,
941 4011 1118 4065 πάντα
1166 4012 1472 4085 συλλήϐδην
1519 4015 1713 4078 είπετν,
1776 4016 1951 4067 ὁπόσα

380 4101 500 4154 κατ’
527 4100 718 4164 ἄλλους
748 4102 881 4155 ἄλλα
912 4104 1143 4172 καιροὺς
1171 4108 1289 4168 ταῖς
1323 4104 1419 4158 τοῦ
1449 4104 1589 4159 Θεοῦ
1624 4106 1950 4176 ἐκκλησίαις

382 4192 586 4261 βέϐηλά
632 4209 691 4247 τε
740 4195 833 4248 καὶ
872 4196 1002 4249 νόθα
1038 4197 1462 4269 παρεισεφθάρη
1500 4199 1770 4269 δόγματα,
1809 4198 1950 4267 πρὸς

378 4287 475 4340 ἕνα
494 4289 704 4343 τουτονὶ
741 4287 1010 4358 συνήλασε
1043 4291 1255 4360 χρόνον,
1286 4292 1382 4345 καὶ
1431 4292 1706 4363 πολύχουν
1743 4293 1947 4363 κομιδῆ

376 4379 439 4430 τδ
470 4380 701 4448 πονηρὸν
726 4379 987 4435 ἐσκέδασε
1020 4383 1162 4434 κατὰ
1209 4382 1309 4451 τῆς
1341 4380 1675 4447 Ἐκκλησίας
1706 4383 1944 4453 Χριστοῦ

375 4468 438 4521 τὸ
483 4468 767 4539 γεώργιον.
822 4471 898 4526 Οὐ
942 4473 1050 4543 γὰρ
1107 4473 1402 4528 πολυθεϊαν
1458 4476 1621 4545 μόνον
1655 4477 1894 4544 ἐδίδαξεν
1919 4478 1949 4530 ὁ

2054 3274 2300 3338 adscitis,
2321 3275 2472 3328 οηιηί
2529 3274 2731 3327 virium
2785 3273 3143 3327 contentione
3184 3269 3451 3339 impietati
3479 3267 3640 3321 fures

2056 3366 2304 3421 reclusit.
2337 3368 2452 3428 Qua
2497 3364 2553 3419 in
2612 3380 2672 3419 re
2707 3379 2832 3418 cum
2872 3362 3092 3417 diabolo
3119 3376 3352 3431 corpore
3393 3359 3632 3429 quodam

2054 3471 2113 3515 et
2151 3461 2520 3515 instrumento
2556 3457 2661 3512 sibi
2688 3457 2847 3527 plane
2873 3454 3234 3510 conveniente
3278 3467 3420 3521 opus
3449 3459 3639 3516 esset,

2054 3550 2264 3621 reperit
2294 3564 2441 3605 nunc
2496 3548 2816 3611 Palamam,
2867 3543 3285 3606 homunculum,
3341 3550 3401 3595 ut
3452 3541 3638 3595 audivi

2054 3642 2279 3714 quidem
2316 3641 2649 3715 (accuratius
2683 3651 2869 3692 autem
2921 3651 2991 3691 ex
3024 3638 3234 3704 scripto
3286 3633 3459 3702 ipsius
3511 3647 3636 3686 eum

2053 3733 2366 3805 cognovi),
2416 3732 2748 3787 vilissimum
2811 3744 2991 3799 neque
3040 3727 3343 3796 quidquam
3403 3726 3640 3794 amplius

2055 3827 2323 3882 scientem
2356 3826 2459 3879 nisi
2495 3822 2775 3894 quomodo
2806 3836 3003 3876 vanam
3042 3819 3270 3890 gloriam
3310 3828 3557 3887 captaret
3582 3826 3640 3870 et

2053 3918 2125 3973 ob
2156 3918 2207 3972 id
2263 3917 2442 3985 ipsum
2490 3929 2689 3984 pravas
2723 3913 3015 3982 Opiniones
3071 3910 3319 3982 fingeret.
3368 3909 3469 3964 Cui
3509 3923 3635 3963 cum

2052 4011 2236 4068 socios
2269 4010 2611 4079 adjunxisset
2656 4007 2956 4076 principes,
2991 4004 3243 4073 dogmata
3272 4042 3288 4068 ,
3342 4012 3402 4056 ut
3450 4001 3639 4071 paucis

2053 4099 2545 4171 comprehendam,
2599 4096 2827 4167 profana
2874 4104 3039 4165 atque
3079 4093 3432 4156 adulterata,
3484 4106 3638 4160 quaa-

2055 4210 2271 4263 cuuque
2300 4192 2425 4246 aliis
2453 4189 2561 4244 alia
2592 4187 2932 4257 temporibus
2968 4187 3021 4239 in
3061 4184 3158 4239 Dei
3199 4183 3473 4238 Ecclesias
3514 4198 3639 4251 per-

2052 4287 2262 4343 niciose
2293 4286 2684 4352 obrepserunt,
2719 4282 2889 4335 hocce
2919 4289 3167 4347 tempore
3198 4284 3398 4331 cuncta
3454 4275 3637 4344 coegit

2052 4392 2111 4438 et
2147 4378 2353 4436 Christi
2398 4374 2660 4431 Ecclesiae
2708 4371 3047 4426 uberrimam
3088 4378 3145 4424 et
3191 4368 3393 4437 oppido
3428 4366 3633 4419 variam

2053 4471 2424 4544 improbitatis
2448 4470 2660 4539 frugem
2698 4466 2953 4536 aspersit.
2991 4462 3128 4517 Nam
3169 4464 3335 4515 miser
3366 4461 3469 4514 iste
3521 4475 3632 4512 non

376 4562 744 4633 ταλαίπωρος,
774 4562 908 4617 ἀλλὰ
947 4564 1039 4617 καὶ
1074 4565 1266 4621 ἀθεῒαν
1310 4567 1722 4637 προστέθεικεν,
1756 4572 1949 4641 ἀρεια-

2054 4566 2231 4621 solum
2264 4562 2685 4634 polytheismum
2720 4558 2930 4623 docuit,
2964 4556 3060 4611 sed
3096 4556 3258 4609 etiam
3298 4551 3631 4607 atbeismum

379 4655 571 4724 νισμόν
595 4654 642 4707 θ’
672 4655 786 4726 ἆμα
811 4656 909 4709 καὶ
947 4658 1335 4728 είκονομαχέαν
1362 4661 1453 4713 καὶ
1484 4660 1743 4729 καθάπαξ
1773 4664 1945 4734 ἄρνη-

378 4761 464 4798 σιν
509 4747 818 4816 οἰκονομίας
866 4749 1133 4819 ἐνσάρκου
1173 4750 1272 4804 τοῦ
1322 4752 1452 4805 Υίοῦ
1488 4753 1583 4807 καὶ
1616 4754 1795 4818 Λόγου
1850 4756 1942 4808 τοῦ

379 4840 535 4897 Θεοῦ.
564 4841 673 4895 Καὶ
707 4842 758 4895 τί
794 4841 879 4894 δεῖ
925 4842 1052 4896 καθ’
1084 4844 1293 4899 ἕκαστα
1330 4846 1530 4915 λέγειν,
1567 4847 1689 4912 ἐξὸν
1737 4849 1802 4901 ἐκ
1835 4847 1943 4902 τῶν

378 4936 538 5005 ιερῶν
566 4934 762 5005 βίϐλων
783 4934 892 4987 τῶν
909 4935 1069 4988 θείων
1092 4938 1350 5008 Πατέρων
1380 4940 1623 5009 ἐλέγχειν
1652 4941 1770 4995 κατ’
1795 4942 1944 5013 ἴχνος

374 5029 619 5090 ἐπιόντας
653 5030 866 5082 ἅπαντα
887 5042 904 5091 ;

442 5118 501 5174 ι’.
535 5119 645 5174 Καὶ
673 5121 771 5187 μὲν
794 5120 858 5191 δὴ
882 5121 1086 5174 τοιαῦτ’
1104 5121 1191 5175 ἐπ’
1210 5124 1343 5193 ἐμοῦ
1371 5124 1710 5196 συνείροντος
1734 5125 1829 5180 τοῦ
1859 5144 1946 5181 σο-

375 5209 479 5279 φοῦ
520 5212 614 5265 καὶ
656 5210 932 5281 θεοφιλοῦς
978 5212 1042 5285 [Γ.
1076 5215 1179 5268 105
1220 5215 1273 5287 b|
1320 5217 1529 5270 ἐκείνου
1576 5200 1793 5288 ἀνδρὸς,
1850 5221 1944 5274 καὶ⁵

376 5300 587 5370 βίϐλους
611 5301 655 5353 δ’
678 5302 849 5355 ἐνίοτε
880 5306 1305 5374 προκομίζοντος
1334 5306 1400 5371 ἀς
1427 5325 1486 5360 τε
1520 5310 1684 5374 αὐτὸς
1718 5312 1944 5381 φιλοπό-

374 5410 477 5454 νως
507 5395 569 5446 ἐκ
598 5393 781 5463 πάσης
811 5395 1199 5465 ἐρανισάμενος
1228 5398 1380 5463 θείας
1409 5400 1632 5471 Γραφῆς
1660 5404 1800 5457 ὅπλα
1829 5408 1944 5470 τοῖς

372 5485 488 5537 ἐκεῖ
502 5484 681 5548 καλῶς
697 5486 941 5539 εὐσεϐεῖν
953 5487 1301 5558 αἱρουμένοις
1316 5491 1621 5560 χαρίζεται,
1638 5496 1732 5546 καὶ
1749 5494 1815 5558 ἃς
1830 5495 1946 5547 ἓτε-

377 5590 454 5641 ροι
472 5574 577 5627 τῶν
596 5576 713 5627 ἐκεῖ
734 5577 1166 5642 προσοικούντων
1183 5579 1481 5651 ἐλλογίμων
1499 5584 1711 5651 ἀνδρῶν
1731 5584 1947 5653 ὀρθοδό-

372 5666 473 5727 ξων
490 5666 835 5736 ἐκδεδώκασι,
852 5672 969 5734 ταῖς
985 5670 1080 5725 τοῦ
1101 5671 1336 5740 Παλαμᾶ
1353 5674 1694 5741 κακοδοξίαις
1713 5692 1947 5749 περιφα-

442 5826 459 5855 ⁸
492 5825 649 5881 [ὶοιιι.
691 5841 749 5891 u,
792 5826 875 5880 H.

2049 4657 2265 4713 addidit
2294 4654 2572 4722 simulque
2619 4652 2993 4707 Ariauismum
3039 4655 3097 4701 et
3147 4643 3583 4701 Iconomachiam
3614 4680 3630 4704 ,

2050 4748 2394 4819 negationem
2442 4744 2680 4812 denique
2750 4737 3148 4797 incarnationis
3194 4736 3316 4789 Filii
3368 4733 3633 4801 Verbiqize

2052 4842 2168 4896 Dei.
2221 4838 2329 4895 Sed
2360 4836 2490 4907 quid
2532 4835 2732 4889 attinet
2778 4832 2991 4902 singula
3036 4828 3317 4900 persequi,
3366 4825 3471 4896 37
3503 4839 3630 4879 cum

2048 4932 2233 4989 omnia
2292 4946 2359 4985 ex
2388 4928 2560 4984 sacris
2594 4926 2897 4997 Scripturis
2924 4925 3148 4979 Patrum
3180 4933 3495 4977 sanctorqu
3531 4933 3630 4988 per

2047 5026 2261 5095 singula
2289 5022 2513 5092 vestigia
2536 5019 2824 5077 confutare
2846 5017 3046 5072 liceat?

2116 5129 2188 5180 Χ.
2215 5127 2353 5181 Dum
2386 5125 2513 5180 talia
2550 5124 2683 5179 mihi
2715 5122 2886 5178 refert
2935 5120 3021 5174 vir
3052 5119 3143 5173 ille
3180 5113 3625 5187 sapientissimi:

2048 5220 2273 5291 Deoque
2305 5220 2691 5282 charissimus,
2718 5230 2956 5270 necnon
2988 5211 3270 5267 interdum
3320 5210 3496 5263 libros
3524 5223 3619 5272 ap-

2046 5323 2249 5383 portat,
2283 5327 2407 5368 cum
2443 5325 2584 5381 quos
2611 5310 2729 5378 ipse
2763 5307 2938 5361 multo
2987 5320 3113 5359 cum
3167 5302 3352 5359 studio
3402 5316 3469 5353 ex
3505 5306 3616 5351 tota

2046 5404 2329 5474 Scriptura
2362 5418 2515 5457 sacra
2554 5401 2779 5471 collegit
2803 5407 2858 5453 et
2880 5414 2979 5468 pro
3010 5397 3181 5451 armis
3231 5397 3340 5464 piis
3378 5391 3621 5445 homini-

2046 5499 2170 5559 bus,
2204 5496 2299 5565 qui
2329 5495 2442 5549 illic
2471 5494 2740 5561 incolunt,
2770 5491 3163 5562 suppeditavit,
3205 5498 3320 5543 tum
3352 5501 3492 5555 quos
3524 5485 3619 5538 alii

2046 5590 2181 5644 clari
2211 5599 2378 5658 atque
2409 5586 2701 5641 orthodoxi
2757 5586 2950 5641 insulae
3008 5585 3108 5637 viri
3174 5581 3357 5650 pravis
3387 5579 3621 5633 Palainae

2048 5680 2410 5750 opinionibus
2438 5678 2730 5736 manifesto
2752 5678 2998 5736 oblocuti
3046 5675 3382 5740 ediderunt,
3439 5685 3628 5726 rumor
