4088 6466
496 360 566 422 27
1679 329 2099 423 NJCEPiIOBI
2140 361 2526 425 seseese
2757 387 2762 390 -
3695 371 3762 433 es

501 469 780 540 perfertur
809 470 875 524 ad
905 469 1158 540 Cyprios,
1200 471 1647 530 Cantaeuzeuum
1685 474 2076 546 imperatorem

2195 475 2290 538 νῶς
2318 478 2715 546 ἀντιλέγοντες,
2743 477 2902 546 λόγος
2941 480 2998 541 ἐς
3023 479 3120 542 τὰς
3160 478 3268 533 τῶν
3296 479 3558 551 Κυπρίων
3595 484 3765 552 ἐμπέ-

503 571 666 616 noctu
696 563 831 616 clam
868 563 1189 633 Byzantium
1225 566 1537 634 ingressum
1579 583 1879 638 occupasse
1928 570 2074 638 prin-

501 655 746 724 cipatum
786 656 1005 710 auxiliis
1027 665 1084 710 et
1120 657 1406 713 fallacibus
1436 660 1942 717 machinationibus
1973 662 2078 718 Pa-

503 747 682 812 lanue,
710 747 799 801 cui
822 758 981 803 antea
1015 748 1678 818 horribilisjurisjurandi
1711 752 1940 822 pignore
1960 768 2082 809 sese

502 838 910 901 obstrinxisset.
969 839 1053 893 vel
1090 838 1240 910 quod
1280 840 1426 896 idem
1455 851 1540 898 est
1573 858 1671 914 per
1703 843 1874 898 Deum
1903 843 2086 913 juras-..-

502 938 602 992 set,
635 945 798 999 quem
824 933 1044 1001 ejurare
1079 932 1475 1000 profitebatur,
1512 949 1573 988 se
1629 934 2080 991 conﬁrmaturum

502 1035 624 1076 esse
665 1031 834 1090 atque
879 1024 1226 1077 sanciturum
1290 1024 1721 1095 polytheismum
1777 1041 2083 1096 omnesque

504 1113 622 1182 ejus
651 1113 908 1182 profanas
939 1125 1105 1184 atque
1132 1116 1480 1185 irreligiosas
1507 1118 1808 1180 novitates,
1864 1135 1987 1188 quae
2014 1120 2081 1175 ‘iu

505 1203 597 1258 Dei
654 1205 956 1261 Ecclesiam
992 1208 1217 1262 intrusae
1245 1218 1452 1263 essent.
1513 1210 1628 1264 Hoc
1657 1210 1894 1280 Georgio
1923 1211 2087 1281 Lapi.

504 1297 630 1360 thze,
661 1299 1070 1367 sapientissimo
1100 1301 1242 1362 viro,
1277 1317 1530 1372 magnam
1559 1303 1748 1374 injecit
1777 1304 2082 1372 tristitiam,

500 1391 780 1459 nonquod
831 1391 1254 1448 Cantacuzenus
1305 1395 1676 1464 principatum
1735 1407 2083 1467 occupasset,

500 1482 596 1537 sed
634 1485 777 1552 quod
807 1485 899 1538 tali
921 1485 1293 1556 jurejurando
1327 1487 1568 1542 Palamae
1598 1488 1868 1558 impietati
1923 1488 2080 1544 addi.

500 1584 622 1631 ctus
648 1585 950 1634 teneretur.
983 1579 1164 1645 Quare
1199 1595 1228 1633 a
1256 1581 1512 1648 praeclara
1559 1582 1652 1636 illa
1684 1597 1782 1652 spe
1812 1583 2082 1654 deiectus,

501 1683 624 1736 quze
647 1667 742 1722 diu
773 1670 886 1740 jam
913 1672 1115 1726 tuentis
1141 1672 1389 1727 laetitiam
1420 1673 1624 1738 alebat,
1659 1691 1804 1744 agre
1841 1677 1968 1730 tulit
1997 1676 2085 1732 in-

2184 584 2399 620 πτωκεν
2417 569 2585 632 ἀκοὰς
2607 568 2682 632 ὡς
2707 569 2860 622 λάθοι
2875 571 3092 639 νύκτωρ
3110 572 3481 638 παρεισελθὼν
3495 575 3550 637 ἐς
3567 573 3767 638 Βυζάν-

2183 675 2296 710 τιον
2316 661 2344 711 ὁ
2369 658 2620 726 βασιλεὺς
2643 660 3118 732 Καντακουζηνδς,
3135 665 3231 717 καὶ
3253 662 3349 731 τὴν
3369 665 3767 736 αὐτοκράτορος

2184 749 2297 804 ἐλοι
2335 751 2616 821 βασιλείαν
2649 754 2962 823 συνεργίαις
2999 755 3369 824 καὶυδολεραῖς
3399 757 3494 811 τοῦ
3531 760 3765 827 Παλαμᾶ

2189 845 2720 912 προκαταστάσεσιν,
2753 845 2952 915 ὅρκους
2981 848 3277 916 φρικώδεις
3306 850 3548 918 ἐχέγγυα
3579 852 3768 921 πρότε-

2189 950 2281 1003 ρον
2321 935 2470 1004 αύτῷ
2511 939 2948 1008 παρασχόμενος,
2995 939 3248 1009 βεϐαιοῦν
3290 943 3385 996 καὶ
3428 944 3630 1012 κυροῦν
3671 943 3769 1011 τὴν

2187 1025 2353 1079 αὑτοῦ
2391 1027 2682 1082 πολυθεῖαν
2713 1031 2808 1083 καὶ
2839 1031 2940 1085 ὅσα
2971 1032 3081 1086 τῶν
3115 1031 3358 1102 βεϐήλων
3389 1034 3555 1088 αὑτοῦ
3591 1054 3770 1089 καινο⁴

2187 1119 2406 1187 φωνιῶν
2451 1121 2714 1193 εἰσερρύη
2765 1125 2906 1178 κατὰ
2951 1124 3052 1193 τῆς
3106 1125 3200 1178 τοῦ
3249 1125 3384 1179 Θεοῦ
3423 1128 3768 1199 Ἐκκλησίας,

2185 1210 2383 1264 ταυτδν
2413 1210 2458 1264 δ’
2481 1215 2656 1268 είπείν
2676 1255 2692 1278 ,
2726 1217 2808 1278 είς
2841 1217 2978 1270 Θεὸν
3005 1217 3316 1288 ὀμωμοκὼς
3349 1218 3410 1273 ὃν
3443 1221 3768 1291 ἐξόμνυσθαι

2187 1303 2576 1384 ἐπηγγέλλετο.
2605 1306 2778 1360 Τοῦτο
2809 1309 3055 1380 σφοδρῶς
3077 1311 3170 1364 τδν
3197 1312 3360 1382 σοφὸν
3385 1314 3593 1368 ἐκεῖνον
3617 1315 3771 1385 ἠνία-

2189 1411 2283 1448 σεν
2312 1395 2484 1466 ἄνδρα
2504 1435 2522 1462 ,
2557 1397 2833 1468 Γεὼργιον
2858 1401 2952 1456 τὸν
2983 1403 3233 1472 Λαπίθην
3253 1444 3269 1467 ,
3301 1405 3401 1475 οὐχ
3431 1407 3513 1460 ὅτι
3540 1407 3638 1476 τὴν
3668 1407 3768 1476 βα-

2189 1485 2303 1539 σιὶε
2313 1487 2398 1540 ίαν
2420 1487 2532 1543 ἕλοι
2556 1491 3033 1564 Καντακουζηνδς,
3059 1496 3177 1548 ἀλλ’
3197 1497 3280 1548 ὅτι
3303 1498 3565 1559 τοιούτοις
3585 1500 3769 1569 ὅρκοις

2189 1579 2670 1650 προκατείληπτο,
2705 1583 2926 1654 δέσμιος
2958 1590 3079 1650 ταῖς
3114 1587 3210 1641 τοῦ
3253 1589 3491 1658 Παλαμᾶ
3531 1588 3771 1656 γεγονὼς

2187 1666 2555 1732 δυσσεϐείαις.
2583 1669 2749 1724 Ὅθεν
2773 1672 2873 1735 τὰς
2901 1674 3156 1741 γενναίας
3184 1675 3402 1740 ἐκείνας
3429 1677 3652 1742 ἐλπίδας
3679 1679 3770 1731 οὐ·
3851 1707 3854 1710 ~

501 1757 906 1826 dignationem,
936 1759 1124 1817 animo
1167 1762 1346 1816 turbis
1372 1761 1576 1832 agitato
1603 1762 1888 1832 marisque
1914 1763 2088 1818 instar

2195 1756 2329 1810 τωσὶ
2359 1756 2727 1828 ζημιούμενος
2756 1761 2812 1815 αἶ
2843 1763 2904 1814 τὸ
2932 1763 3194 1833 ἡδόμενον
3222 1766 3448 1820 ἔϐοσκον
3477 1769 3543 1821 ἐκ
3574 1767 3770 1821 πολλοῦ

501 1858 789 1905 aestuante.
821 1850 1087 1920 Sperabat
1110 1855 1256 1906 enim
1286 1851 1398 1922 38
1432 1869 1647 1908 meeum
1696 1868 1756 1908 se
1802 1854 2088 1922 navigatu-

503 1959 631 1996 rum.
658 1943 783 1998 inde
813 1944 1051 2000 abeunte
1102 1962 1276 2016 usque
1309 1947 1657 2016 Byzantium,
1693 1956 1752 2001 ut
1793 1954 1847 2002 te
1876 1948 2087 2016 aspice—

501 2044 587 2090 ret
611 2043 810 2107 tuaque
838 2040 1243 2095 consuetudine
1269 2042 1570 2106 luteretur,
1645 2047 1706 2093 ut
1754 2055 1920 2108 supra
1973 2041 2086 2110 jam

501 2129 764 2195 diximus,
796 2131 1024 2201 majoris
1051 2133 1338 2200 sapientiae
1365 2133 1674 2201 cupiditate
1713 2133 1940 2198 ductus,
1969 2133 2086 2188 for-

503 2231 647 2276 tasse
679 2227 846 2275 etiam
886 2233 946 2276 ut
969 2233 1239 2292 praeterea
1267 2223 1371 2278 alia
1398 2224 1647 2293 quaedam
1679 2226 1898 2294 negotia
1928 2241 2091 2282 cura-

503 2322 586 2367 ret
617 2321 672 2368 et
710 2329 799 2368 res
824 2314 1080 2369 illustres
1102 2323 1268 2382 atque
1300 2315 1549 2383 egregias
1603 2315 1892 2378 inviseret,
1949 2331 2090 2385 quas

503 2419 615 2473 prae
646 2404 848 2462 ceteris
874 2405 1266 2476 Byzantiorum
1293 2406 1427 2461 urbs
1460 2405 1734 2474 possidet.
1790 2406 1930 2461 Tum
1959 2424 2091 2463 vero

504 2495 661 2553 brevi
697 2505 947 2566 tempore
976 2513 1205 2568 prorsus
1229 2505 1422 2554 contra
1458 2513 1547 2552 res
1573 2497 1844 2554 cecidisse
1875 2499 2088 2564 videns,

503 2585 1243 2656 magno.dolore-cruciatus
1301 2586 1687 2660 illacrymabat
1745 2589 2010 2660 religioni
2033 2591 2088 2646 in

501 2678 810 2746 periculum
838 2679 1137 2748 compulsa:
1151 2680 1444 2736 manifesto
1471 2681 1688 2738 arcanis
1699 2682 1794 2737 Dei
1817 2682 1869 2738 id
1889 2683 2093 2741 admit.-

505 2770 674 2824 tentis
686 2771 990 2828 rationibus
1005 2773 1331 2829 conﬂatum.
1345 2773 1724 2846 Illaerymabat
1743 2777 1908 2832 etiam
1931 2777 2091 2833 mor-ti

505 2873 633 2928 tuae,
667 2865 1269 2933 quamsuspieabatur,
1328 2879 1456 2919 cum
1503 2864 1770 2934 cogitaret
1797 2881 1960 2936 quam
2005 2883 2092 2923 ar-

501 2957 641 3012 dens
665 2973 793 3028 erga
827 2958 996 3012 Deum
1024 2956 1270 3014 studium
1299 2970 1578 3027 quamque
1623 2974 1928 3029 pugnacem
1954 2975 2093 3017 con.-

504 3054 804 3107 tentionem
835 3066 944 3122 pro
963 3051 1190 3106 Patrum
1227 3051 1498 3122 dogmatis
1539 3068 1716 3124 usque
1745 3053 1813 3108 ad
1857 3063 2091 3110 mortem

501 3147 864 3202 exhibiturus
879 3160 1054 3201 esses.

574 3239 669 3294 XI.
695 3238 798 3292 Sed
816 3237 950 3308 quid
968 3238 1163 3293 attinet
1180 3237 1364 3292 omnia
1383 3237 1698 3310 singulatim
1721 3240 1952 3304 referre,
1967 3257 2091 3312 qua:

505 3331 559 3386 in
595 3332 685 3386 illa
723 3331 904 3385 insula
940 3346 1050 3385 non
1086 3331 1274 3386 minus
1303 3331 1524 3387 duobus
1555 3334 1720 3388 annis
1753 3334 2090 3402 viderimus,

501 3440 627 3495 quze
656 3423 945 3478 commoda
971 3433 1274 3493 suppetunt
1296 3425 1546 3488 urbibus,
1575 3427 1839 3496 portubus
1852 3427 2093 3497 aliisque

502 3517 663 3578 locis,
691 3531 816 3569 eum
841 3515 986 3570 haud
1015 3531 1186 3585 pauca
1214 3516 1281 3570 ad
1313 3519 1693 3572 enarrandum
1730 3528 1941 3574 restent
1965 3535 2094 3574 nos-

505 3626 612 3680 que
638 3610 998 3680 protrahant?
1059 3609 1240 3675 Quare
1291 3609 1444 3665 hisee
1478 3610 1647 3665 rebus
1679 3611 1874 3666 missis.
1895 3611 2088 3680 profe-

505 3704 708 3758 ctionis
733 3703 1070 3756 mentionem
1106 3700 1327 3760 faciam.
1380 3701 1578 3757 Statim
1629 3702 1804 3772 igitur
1831 3711 1956 3772 post
1982 3703 2094 3758 sol-

506 3796 716 3849 stitium
751 3795 1000 3849 aestivum
1040 3807 1166 3848 cum
1210 3792 1611 3863 profectionem
1643 3807 1921 3863 pararem,
1943 3793 2093 3863 epti-

508 3904 631 3943 mus
666 3887 933 3958 Georgius
960 3887 1272 3956 laerymans
1329 3892 1386 3938 et
1417 3885 1600 3939 medio
1652 3887 1862 3945 animo.
1921 3896 1980 3939 ut
2013 3887 2091 3941 ita

506 3981 711 4046 dicam,
730 3982 801 4035 ob
825 3996 1008 4036 meum
1039 3978 1551 4044 discessumrtlssus,
1581 3996 1756 4049 usque
1783 3979 1850 4034 ad
1872 3990 2092 4049 portum

509 4090 597 4129 me
639 4073 1093 4144 prosequebatur,
1131 4073 1250 4137 ubi,
1311 4087 1441 4128 cum
1505 4073 1786 4143 navigium
1839 4081 2092 4128 nostrum

510 4167 649 4220 velis
674 4165 852 4232 passis
885 4163 1488 4233 secunda-tempestate
1525 4163 1584 4216 in
1621 4163 1794 4216 altum
1835 4163 2094 4231 provola-

511 4265 619 4322 ret,
638 4256 931 4312 diu-stabat
953 4255 1130 4310 oculis
1156 4270 1240 4308 me
1265 4256 1562 4324 insequens
1585 4254 1903 4324 multasque
1919 4255 2097 4325 laery.

512 4365 630 4405 mas
661 4347 1020 4416 profundens,
1053 4346 1165 4416 39
1189 4346 1367 4401 donec
1395 4359 1428 4401 e
1457 4355 1758 4414 conspectu
1787 4355 1949 4401 terrae
1972 4362 2097 4401 sen-

509 4442 612 4497 sim
642 4439 1017 4511 paulatimque
1053 4438 1266 4508 magnis
1298 4437 1604 4492 intervallis
1635 4438 1793 4506 quasi
1825 4438 2096 4494 receden-

2188 1849 2288 1918 τῆς
2317 1848 2495 1919 ψυχῆς
2516 1891 2532 1916 ,
2567 1851 2838 1921 ἤσχαλλεν
2858 1895 2874 1919 ,
2909 1855 3234 1926 ἐδυσφόρει,
3269 1857 3501 1928 θόρυϐον
3531 1855 3645 1930 εἶχε
3677 1861 3772 1914 καὶ

2192 1940 2350 1994 σάλον
2378 1942 2721 1996 παντοδαπὸν
2751 1946 2808 1999 ἐν
2837 1946 3006 2018 ψυχῇ.
3035 1948 3268 2013 Ἤλπιζε
3297 1951 3408 2020 γὰρ
3439 1952 3774 2005 συνεκπλεύ-

2192 2049 2305 2087 σειν
2339 2035 2551 2088 ἐκεῖθεν
2583 2037 2860 2090 ἐπανιόντι
2903 2055 2995 2106 μοι
3042 2039 3204 2109 μέχρι
3243 2042 3338 2094 καὶ
3379 2043 3438 2104 ἐς
3479 2043 3774 2106 Βυζάντιον

2189 2120 2290 2190 τῆς
2324 2123 2425 2192 σῆς
2456 2123 2620 2177 ἕνεκα
2655 2124 2783 2187 θέας
2819 2125 2913 2178 καὶ
2947 2126 3199 2196 ὁμιλίας,
3231 2128 3306 2192 ὡς
3339 2129 3588 2200 ἐφθηξμεν
3621 2133 3772 2201 ιίρη-

2192 2211 2370 2274 κότες,
2401 2212 2469 2266 δι’
2494 2212 2675 2284 ἔρωτα
2710 2215 2905 2284 σοφίας
2938 2217 3212 2286 μείζονος,
3238 2219 3368 2283 ἴσως
3399 2219 3456 2273 δὲ
3487 2223 3581 2276 καὶ
3610 2220 3775 2288 ἄλλης

2192 2302 2330 2368 πρὸς
2361 2305 2573 2368 τούτοις
2607 2305 2799 2376 χρείας
2835 2306 2932 2364 καὶ
2965 2307 3095 2371 θέας
3126 2311 3301 2366 ὁπόσα
3331 2311 3430 2381 τὴν
3463 2312 3777 2377 Βυζαντίων

2194 2393 2493 2461 κεκτῆσθαι
2551 2397 2708 2449 πόλιν
2756 2398 3060 2468 συμϐαίνει.
3103 2403 3212 2455 τῶν
3268 2402 3445 2458 ἄλλων
3498 2405 3776 2474 ἐξαίρετα.

2193 2481 2309 2535 Νῦν
2331 2482 2374 2536 δ’
2395 2484 2454 2536 ἐν
2481 2486 2681 2549 ἀκαρεῖ
2704 2487 2961 2543 τάναντία
2989 2491 3230 2545 νικῶντα
3257 2493 3532 2564 θεώμενος
3557 2495 3780 2566 περιαλ-

2195 2575 2297 2646 γὴς
2323 2570 2392 2646 ἦν
2410 2618 2424 2640 ,
2455 2579 2551 2632 καὶ
2578 2579 2812 2651 ἐδάκρυε
2847 2583 2947 2652 μὲν
2979 2584 3077 2654 τὴν
3107 2585 3394 2640 εὐσέϐειαν
3421 2589 3481 2650 ἐς
3510 2587 3656 2641 οὕτω
3683 2607 3780 2640 πε-

2198 2667 2438 2734 ριφανῶς
2460 2668 2844 2724 συνελαθεῖσαν
2864 2674 3256 2742 ἐκριπισθέντα
3281 2675 3532 2730 κίνδυνον
3553 2677 3778 2748 τρόποις

2194 2757 2285 2810 τοῦ
2314 2758 2448 2812 Θεοῦ
2478 2763 2939 2834 συγχωρήσαντος
2965 2765 3324 2838 ἀπορρήτοις,
3353 2769 3590 2840 ἐδάκρυε
3617 2771 3661 2824 δ’
3686 2769 3781 2823 ἄλ·-

2192 2848 2299 2914 λως
2344 2853 2438 2904 καὶ
2477 2854 2569 2908 τὸν
2612 2855 2704 2908 σὸν
2747 2855 3098 2926 ὑφορώμενος
3145 2858 3398 2922 θάνατον,
3439 2861 3504 2914 τὸ
3545 2859 3641 2914 τοῦ
3683 2858 3780 2912 σοῦ

2195 2943 2340 2996 κατὰ
2369 2944 2501 2998 Θεὸν
2531 2945 2694 3017 ζήλου
2725 2948 2991 3019 διάπυρον
3021 2950 3241 3016 ἐννοῶν,
3273 2953 3368 3005 καὶ
3397 2953 3537 3023 ὅσην
3566 2953 3666 3024 τήν
3693 2951 3780 3004 ἔν-

2196 3055 2394 3091 στασιν.
2420 3039 2559 3106 ὑπὲρ
2592 3040 2700 3094 τῶν
2738 3043 2986 3113 πατρίων
3010 3043 3390 3099 ἐνδείκνυσθαι
3409 3047 3630 3116 μέλλεις
3654 3045 3780 3113 δογ-

2116 3170 2161 3229 c
2202 3131 2387 3202 μάτων
2414 3132 2541 3204 ἄχρι
2573 3133 2827 3190 θανάτου.

2269 3225 2370 3282 1Α’.
2389 3226 2500 3281 Καὶ
2522 3227 2576 3280 τί
2603 3228 2684 3281 δεῖ
2701 3229 2879 3282 πάντα
2894 3231 3148 3298 διεξιέναι
3169 3234 3292 3294 καθ’
3317 3234 3552 3301 ἕκαστα,
3567 3238 3666 3292 ὅσα
3683 3238 3783 3307 τῆς

2193 3319 2358 3388 νήσου
2383 3319 2530 3372 δυοῖν
2554 3321 2652 3390 οὐχ
2678 3315 2840 3390 ἦττον
2864 3322 3000 3375 ἐτῶν
3023 3323 3332 3396 τεθεάμεθα
3350 3368 3365 3393 ,
3389 3330 3567 3384 ὁπόσα
3593 3329 3781 3385 πόλεσί

2192 3425 2253 3460 τε
2287 3408 2389 3461 καὶ.
2415 3408 2597 3478 λιμέσι
2631 3411 2731 3464 καὶ
2759 3411 2861 3465 ὅσα
2893 3413 2958 3482 δὴ
2989 3416 3111 3478 ταῖς
3149 3417 3337 3479 ἄλλαις
3372 3421 3636 3491 πρόσεστι
3669 3421 3779 3491 χὼο

2195 3519 2317 3572 ραις
2351 3501 2470 3555 ἐκεῖ
2502 3505 2570 3557 τὰ
2607 3505 2877 3574 χρήσιμα,
2914 3523 3024 3561 των
3058 3508 3373 3580 ἔμπροσθεν
3408 3516 3780 3569 ἀνθελκόντων

2195 3593 2343 3662 ἡμᾶς
2369 3593 2430 3645 οὐ
2459 3594 2673 3664 μικρῶν
2701 3595 3085 3666 ὕπαρχόντων;
3117 3601 3443 3656 Διὸτούτων
3474 3607 3781 3675 ἀποσχόμε-

2195 3703 2284 3749 νος
2325 3687 2588 3742 ἐπανόδου
2639 3690 3016 3761 μεμνήσομαι.
3046 3693 3208 3765 "Apri.
3254 3697 3438 3752 τοίνυν
3483 3700 3580 3754 τοῦ
3624 3700 3776 3767 ἡλίου

2193 3784 2326 3850 περὶ
2348 3782 2554 3851 τροπὰς
2583 3785 2878 3852 γενομένου
2907 3787 3004 3848 τὰς
3033 3787 3272 3857 θερινὰς,
3301 3791 3490 3861 ἐπειδή
3523 3810 3588 3862 γε
3619 3791 3780 3845 ἀπαί-

2199 3871 2587 3943 ρειν-ἔμελλον,
2612 3873 2740 3944 ἄχρι
2769 3876 2989 3944 λιμένος
3018 3878 3226 3942 ἐκεῖνός
3259 3898 3326 3949 με
3357 3883 3725 3956 προῦπεμπεν
3751 3885 3779 3936 ὁ

2197 3966 2360 4028 καλὸς
2394 3965 2701 4034 Γεώργιος,
2733 3968 2987 4038 δακρύων
3015 3987 3074 4024 τε
3110 3974 3204 4026 καὶ
3237 3975 3412 4042 μέσην
3443 3981 3621 4032 εἰπεῖν
3649 3995 3780 4045 τεμ-

2195 4058 2422 4124 νόμενος
2445 4059 2544 4128 τὴν
2577 4059 2806 4129 καρδίαν
2847 4061 3036 4133 τῴ’μῷ
3066 4065 3351 4136 χωρισμῷ,
3381 4067 3525 4124 ὥστε
3558 4073 3652 4125 καὶ
3681 4072 3781 4138 τῆς

2197 4150 2346 4220 ἡμᾶς
2366 4149 2608 4220 ἀγούσης
2627 4151 2871 4216 ὁλκάδος,
2897 4154 3084 4227 ἐπειδή
3109 4173 3170 4224 γε
3193 4157 3496 4215 ἀνεπέτασε
3518 4164 3587 4216 τά
3613 4164 3780 4228 ίστία,

2197 4241 2362 4311 οὔρια
2389 4241 2637 4314 ἐφιείσης
2669 4246 2762 4298 ἐπὶ
2789 4246 2846 4298 τὸ
2874 4247 3134 4316 πέλαγος,
3162 4251 3439 4322 θεώμενος
3468 4257 3658 4310 ἵστατο
3690 4255 3784 4326 μέ·

2199 4350 2292 4404 χρι
2318 4334 2515 4388 πολλοῦ
2545 4353 2634 4405 με,
2666 4337 2838 4392 πολλὰ
2861 4342 3146 4410 καταχέων
3169 4345 3239 4398 τὰ
3260 4345 3493 4417 δάκρυα,
3519 4349 3626 4413 ἕως
3651 4350 3784 4401 ἁπε-

2202 4425 2494 4497 κρύψαμεν
2534 4427 2748 4500 ἐκείνην
2789 4429 2888 4499 τὴν
2931 4432 3056 4501 γῆν,
3096 4432 3198 4504 τῆς
3243 4435 3421 4505 ὅψεως
3461 4441 3648 4510 ἡρέμα
3690 4437 3785 4491 καὶ

512 4537 582 4590 tis
612 4534 979 4589 auferremur.
1009 4531 1279 4600 Prospera
1309 4528 1471 4584 nobis
1498 4529 1853 4598 contingente
1874 4531 2091 4600 naviga.

2199 4522 2338 4574 κατὰ
2383 4520 2578 4592 μικρὸν
2611 4521 2918 4592 ἐνδιδούσης
2957 4526 3014 4577 ἐν
3046 4526 3167 4589 τοῖς
3205 4531 3437 4600 μακροῖς
3479 4530 3786 4598 διαστήμα-

513 4627 661 4682 tione
687 4639 831 4679 nono
870 4622 960 4678 die
989 4619 1057 4677 ad
1084 4620 1306 4675 Cretam
1337 4618 1674 4688 appulimus,
1711 4617 1951 4672 insulam
1981 4619 2096 4673 fre-

513 4715 936 4786 quentissimam
981 4724 1039 4766 et
1064 4711 1247 4783 Cypro
1300 4709 1475 4764 multo
1506 4708 1792 4779 majorem.
1848 4708 2096 4780 Oblonga

513 4823 644 4862 vero
671 4815 759 4860 est
788 4807 998 4875 pariter
1032 4811 1199 4873 atque
1232 4801 1346 4864 illa.
1388 4801 1552 4870 longe
1584 4801 1806 4856 scilicet
1851 4816 1962 4856 non
1993 4803 2094 4856 mi-

515 4914 620 4954 nus
650 4898 762 4952 duo
786 4896 954 4951 millia
986 4895 1302 4964 octingenta
1327 4894 1526 4959 stadia,
1551 4893 1847 4948 latitudine
1866 4893 2100 4949 dimidio

516 4990 698 5045 multo.
717 4990 955 5043 minore.
993 4987 1134 5043 Cum
1168 5001 1302 5040 vero
1333 4987 1444 5057 jam
1476 4985 1574 5039 diu
1599 4985 1967 5041 vehementer
1996 5001 2097 5040 cu-

517 5092 704 5149 perem
737 5077 1114 5149 labyrinthum
1141 5077 1197 5132 in
1227 5075 1390 5131 Creta
1423 5076 1602 5131 insula
1657 5075 1872 5140 videre,
1943 5077 2102 5146 isque

517 5171 680 5241 longe
712 5171 934 5225 abesset
977 5186 1005 5223 ιι
1043 5172 1301 5239 ροτιιιέοιι
1331 5184 1495 5236 quem
1526 5167 1816 5238 appulsuri
1852 5182 2101 5233 eramus,

518 5265 726 5336 placuit
759 5263 892 5318 mihi
931 5273 1046 5317 tum
1077 5263 1371 5316 occasione
1414 5261 1548 5316 data.
1603 5277 1674 5316 ex.
1717 5261 1846 5316 navi
1881 5277 2104 5332 egresso

519 5359 702 5414 visere
729 5373 855 5412 eum
888 5357 978 5427 qui
1007 5357 1255 5424 proxime
1278 5355 1440 5410 abest
1486 5356 1555 5409 ab
1607 5354 1748 5411 urbe
1795 5354 2013 5410 Gnosso
2045 5355 2102 5408 in

523 5453 701 5506 media
734 5451 918 5505 insula
936 5451 1062 5504 sita.
1093 5448 1469 5519 Labyrinthus
1499 5457 1688 5504 autem
1743 5455 1834 5502 est
1868 5461 2104 5502 caverna

523 5545 946 5612 spatiosissima,
972 5542 1270 5597 artillriose
1301 5541 1466 5596 facta.
1497 5540 1636 5595 Cum
1660 5540 1807 5594 enim
1832 5540 1972 5609 lapis
1995 5556 2106 5595 non

515 5635 825 5690 admodum
853 5650 1019 5704 asper
1059 5644 1230 5698 esset,
1285 5634 1442 5688 locus
1491 5631 1774 5698 facillime,
1829 5642 2104 5700 quantum

530 5727 655 5796 quis
686 5727 1070 5802 vellet,excitli
1109 5726 1311 5796 potuit.
1340 5724 1556 5805 Artifex
1605 5724 1774 5792 igitur
1805 5739 1911 5777 una
1952 5733 2106 5794 porta

532 5819 801 5890 patefacta
821 5820 981 5891 longe
1013 5819 1226 5891 lapides
1280 5815 1588 5873 excidcudo
1643 5831 1971 5887 progressus
2022 5825 2109 5871 est

2200 4629 2305 4667 σιν.
2336 4613 2607 4678 Εύπ-λονίας
2635 4614 2682 4667 δ’
2704 4615 2837 4684 ἡμῖν
2865 4617 3167 4688 γενομένης
3199 4619 3437 4674 ἐναταῖοι
3469 4623 3528 4685 ἐς
3558 4623 3786 4691 Κρήτην

2199 4707 2484 4777 ἀφίγμεθα
2504 4749 2518 4773 ,
2548 4707 2712 4775 νῆσον
2740 4707 3322 4780 πολυανθρωποτάτην
3353 4714 3448 4767 καὶ
3481 4713 3658 4781 μείζω
3688 4709 3787 4780 μὲν

2201 4799 2382 4869 πολλῷ
2419 4800 2519 4868 τῆς
2563 4797 2816 4870 Κύπρου,
2860 4801 3111 4873 ἐπιμήκη
3153 4801 3198 4855 δ’
3222 4802 3423 4872 δμοίως
3466 4805 3654 4876 ἐκείνῃ
3694 4801 3789 4854 καὶ

2200 4891 2407 4961 ταύτην
2450 4891 2834 4962 ὑπάρχουσαν,
2883 4891 2966 4954 ὡς.
3003 4888 3144 4948 εἶναι
3194 4895 3372 4965 μῆκος
3414 4898 3516 4966 μὲν
3555 4894 3790 4950 σταδίων

2203 4983 2269 5057 [ί.
2301 4984 2404 5039 104
2425 4982 2483 5057 α]
2513 4984 2682 5054 αὐτὴν
2713 4985 2812 5038 οὐκ
2840 4978 3004 5057 ἦττον
3031 4986 3374 5044 ὀκτακοσίων.
3399 4991 3518 5061 ἅμα
3549 4990 3643 5044 καὶ
3673 4986 3790 5039 δισ-

2204 5079 2423 5148 χιλίων,
2476 5076 2679 5140 πλάτος
2725 5077 2784 5131 δέ
2816 5077 2996 5150 πολλῷ
3023 5079 3118 5134 τοῦ
3149 5083 3381 5152 ἡμίσεος
3407 5083 3579 5153 ἥττω.
3607 5080 3791 5148 Ἕχων

2204 5172 2249 5225 δ’
2275 5173 2339 5225 ἐκ
2375 5169 2570 5224 πολλοῦ
2604 5170 2694 5224 διὰ
2731 5173 2953 5240 μακρᾶς
2983 5172 3085 5242 τῆς
3120 5174 3361 5240 ἐφέσεως
3395 5175 3575 5243 ἔγωγε
3607 5170 3699 5224 τὴν
3731 5168 3790 5218 ἐν

2209 5264 2402 5333 Κρήτῃ
2431 5262 2755 5333 λαϐύρινθον
2783 5262 3105 5328 θεάσασθαι,
3133 5265 3336 5334 ἐπειδὴ.
3355 5267 3490 5320 πολὺ
3517 5263 3608 5318 τοῦ
3638 5256 3794 5328 λιμέ-

2210 5373 2297 5418 νος
2325 5354 2386 5407 οῦ
2417 5353 2886 5424 καθωρμίσθημεν
2916 5357 3250 5426 ἀφεστήκοι,
3285 5359 3430 5425 ἔδοξέ
3466 5377 3558 5428 μοι
3591 5351 3785 5422 καιρὸν

2209 5443 2387 5513 ἔχοντι
2414 5442 2508 5496 νῦν
2539 5442 2806 5496 ἀποϐάντι
2835 5443 3134 5498 θεάσασθαι
3165 5446 3260 5498 καὶ
3290 5448 3456 5502 αὐτὸν
3479 5490 3494 5515 ,
3529 5437 3792 5500 Κνωσσοῦ

2212 5535 2500 5604 μεσογείου
2533 5535 2738 5596 πόλεως
2772 5534 3003 5603 ἔγγιστα
3031 5535 3181 5590 ὄντα.
3213 5538 3372 5591 Ἔστι
3405 5538 3448 5592 δ’
3473 5541 3501 5591 ὁ
3531 5533 3795 5601 λαϐύρινσ

2212 5627 2303 5688 θος
2334 5626 2600 5695 σπήλαιον
2628 5626 3148 5697 πολυχωρητότατον
3176 5631 3458 5700 τεχνητόν.
3497 5626 3652 5682 Ἐπεὶ
3684 5623 3791 5690 γὰρ

2213 5718 2369 5789 ἔτυχε
2403 5718 2550 5782 λίθος
2582 5720 2643 5772 ού
2679 5721 2821 5773 πάνυ
2857 5721 3094 5790 σκληρὸς
3123 5721 3222 5792 τὴν
3250 5723 3440 5776 οὐσίαν
3473 5722 3737 5789 ὑῃάρχων
3767 5711 3795 5759 ὁ

2214 5813 2397 5880 τόπος,
2424 5811 2591 5868 ἔδωκε
2620 5812 2822 5882 πολλὴν
2845 5813 2943 5882 τὴν
2969 5813 3256 5888 ῥᾳστώνην
3280 5816 3532 5883 λαξεύειν
3557 5809 3643 5880 ἐφ’
3661 5799 3792 5858 61:6—
