4088 6484
471 378 538 443 31
1633 378 2045 438 NICEPHORI
2083 373 2465 437 GREGURE
3648 362 3716 423 32

472 487 671 563 lisjam
698 492 948 564 impediti
979 501 1161 557 erant,
1192 491 1489 561 quominus
1522 491 1575 544 lu
1600 491 1916 559 superiores
1944 506 2034 544 re-

2141 505 2263 551 νους
2294 489 2551 553 δυνάμεις
2572 525 2586 548 ,
2622 484 2771 549 μέγα
2800 480 2857 533 δὲ
2892 480 2982 534 διὰ
3011 477 3170 532 τοῦτο
3200 478 3422 546 φρονεῖν
3452 474 3673 544 ἔχοντας
3692 515 3711 541 ,

471 581 662 650 giones
691 585 766 642 et“,
796 581 975 633 lacum
1019 580 1322 653 Maeotidem
1384 588 1441 634 et
1476 580 1543 634 ad
1590 581 1731 635 ostia
1776 580 2038 634 Tanaidis

472 689 573 742 pro
602 688 701 725 suo
731 670 839 742 42
868 670 1101 724 arbitrio
1159 679 1324 739 atque
1372 670 1677 733 voluntate,
1734 678 1799 723 ut
1850 678 2035 732 antea,

473 764 793 829 navigarent
823 778 884 815 ac
924 762 1497 816 circumveherentur.
1562 759 1745 826 Quare
1791 775 1921 814 suas
1947 775 2043 814 co-

472 857 592 923 pias
619 865 969 916 contraxere,
1021 854 1331 906 triremium
1391 866 1684 906 numerum
1740 860 2040 916 auxerunt,

469 945 633 998 ctiam
668 957 881 998 veteres
912 960 977 997 ex
1014 943 1302 997 navalibus
1340 942 1710 1012 undecunque
1737 942 2038 1011 productas

472 1049 639 1087 naves
712 1033 1042 1097 refecerunt,
1093 1034 1367 1103 simulque
1444 1034 1627 1088 socias
1682 1034 2040 1102 subditasque

476 1128 641 1179 urbes
704 1126 1025 1194 insulasque
1068 1126 1135 1179 ad
1195 1126 1517 1179 certaminis
1565 1126 1883 1180 societatem
1942 1127 2042 1180 ad-

470 1224 750 1280 vocarunt,
813 1222 874 1269 ut
930 1230 1082 1268 arma
1137 1214 1501 1283 triremesque
1532 1225 1588 1270 et
1640 1216 1845 1269 milites
1895 1215 2039 1270 clas-

467 1307 612 1361 sicos
667 1321 765 1375 pro
824 1321 920 1360 sua
972 1321 1205 1374 quaeque
1270 1306 1531 1359 facultate
1556 1306 1898 1360 conferrent.
1928 1304 2034 1359 Ad-

470 1397 739 1451 vocabant
756 1398 919 1450 etiam
948 1412 1012 1450 ex
1039 1396 1264 1450 remotis
1292 1396 1608 1465 regionibus
1644 1396 1845 1451 milites
1871 1396 2038 1465 largis

469 1489 522 1540 in
558 1502 796 1555 praesens
820 1488 1129 1555 stipendiis,
1157 1487 1486 1553 largioribus
1509 1487 1562 1541 in
1596 1486 1844 1541 futurum
1873 1488 2033 1556 polli-

466 1578 848 1644 citationibus,
876 1594 1000 1631 cum
1030 1580 1168 1633 alios
1205 1589 1319 1631 tum
1353 1578 1664 1639 Catalaunos,
1691 1579 1786 1647 qui
1820 1579 1887 1632 ad
1912 1579 2041 1633 Gal-

469 1669 633 1723 licum
665 1684 814 1724 mare
845 1670 1077 1724 inferius
1117 1671 1441 1732 incolentes,
1499 1670 1591 1724 ubi
1645 1671 2032 1740 Pyrenmorum

2144 580 2334 630 ἔπειτα
2372 576 2519 643 παρά
2551 573 2707 639 δόξαν
2740 571 2831 623 ὐπ’
2856 569 3079 622 ἐκείνων
3107 567 3207 637 ήδη
3244 564 3620 632 κωλυομένους
3655 563 3712 622 ἐς

2142 669 2233 722 τδν
2264 668 2376 719 ἄνω
2398 666 2562 719 τόπον
2592 664 2685 716 καὶ
2714 664 2811 731 τὴν
2839 660 3090 715 Μαιῶτιν
3117 658 3211 711 καὶ
3239 658 3335 718 τὰς
3366 653 3590 717 ἐκϐολὰς
3617 652 3712 707 τοῦ

2142 760 2403 817 Τανάϊδος
2440 754 2699 811 ἀναπλεῖν
2736 754 2831 807 καὶ
2874 750 3159 819 περιπλεῖν
3200 748 3322 801 κατ’
3350 745 3600 812 ἐξουσίαν
3636 743 3713 805 ὡς

2142 853 2426 922 πρότερον.
2455 846 2620 904 Ὅθεν
2644 845 2796 899 αὐτοί
2822 861 2881 896 τε
2909 843 3010 905 τάς
3039 841 3246 903 οίκείας
3272 838 3525 908 ήθροιζον
3550 834 3713 889 δυνά-

2143 960 2291 1013 μεις,
2334 942 2581 1011 τριήρεις
2625 956 2682 991 τε
2732 935 2951 997 πλείους
2994 932 3103 986 τῶν
3149 932 3285 993 τέως
3330 928 3507 982 οὐσῶν
3551 944 3712 981 κατε-

2141 1036 2403 1100 σκεύαζον
2440 1034 2530 1088 καὶ
2570 1032 2665 1094 τὰς
2707 1032 2771 1083 ὲκ
2811 1026 3005 1081 πολλοῦ
3048 1023 3485 1092 νενεωλκημένας
3521 1020 3713 1074 καθελ-

2138 1127 2401 1187 κύσαντες
2453 1122 2786 1191 πανταχόθεν
2836 1116 3249 1180 ἐπεσκεύαζον,
3301 1116 3398 1167 καὶ
3447 1111 3563 1181 ἅμα
3607 1112 3710 1172 τὰς

2141 1217 2484 1289 συμμαχίδας
2518 1216 2615 1270 καὶ
2650 1212 2925 1282 ὑπηκόους
2957 1211 3141 1271 πόλεις
3176 1208 3267 1261 καὶ
3300 1206 3495 1275 νήσους
3530 1207 3587 1267 ὲς
3617 1205 3708 1256 τὸν

2139 1311 2318 1364 κοινὸν
2345 1308 2572 1361 ἐκάλουν
2601 1306 2819 1372 ἀγῶνα,
2850 1303 2988 1357 ὅπλα
3020 1302 3109 1353 κατ.
3140 1298 3382 1369 τριήρεις
3416 1295 3506 1348 καὶ
3541 1310 3707 1362 στρα-

2140 1402 2337 1464 τιώτας
2363 1402 2676 1471 νιυμάχους
2705 1393 3164 1464 συνεισφερούσας
3191 1391 3334 1444 κατά
3361 1388 3458 1457 τὴν
3484 1385 3709 1440 ὲνοῦσαν

2139 1495 2344 1564 ἑκάστῃ
2370 1492 2620 1560 δύναμιν.
2651 1488 3022 1542 Συνεκάλεσαν
3047 1485 3093 1538 δ’
3116 1480 3210 1536 οὖν
3236 1483 3328 1534 καλ⁵
3354 1482 3463 1533 τῶν
3490 1481 3707 1549 πόρρω-

2142 1587 2234 1639 θεν
2257 1586 2443 1655 ἀϐροῖς
2474 1583 2574 1653 μὲν
2598 1584 2689 1636 καὶ
2716 1582 2816 1650 ήδη
2848 1580 3216 1648 μισθώμασιν,
3240 1574 3567 1644 ἁδροτέραις
3588 1572 3633 1625 δ’
3654 1574 3710 1634 ὲς

2140 1678 2201 1731 τὸ
2238 1678 2427 1745 μέλλον
2459 1673 2847 1741 ἐπαγγελίαις,
2881 1671 3073 1730 ἀλλους
3105 1685 3163 1721 τε
3200 1669 3287 1720 καλ
3327 1664 3708 1724 Κατελάνους,

469 1761 738 1814 montium
774 1761 943 1828 pedes
972 1762 1222 1830 proxime
1267 1760 1552 1822 desinunt,
1614 1760 1821 1815 ferocia
1868 1769 2036 1831 atque

2142 1770 2190 1823 οἳ
2220 1771 2460 1839 ᾠκηνται
2493 1767 2642 1820 κάτω
2671 1764 2823 1831 παρά
2851 1762 2950 1831 τὴν
2982 1759 3245 1828 Γαλλικὴν
3276 1758 3571 1821 θάλασσαν,
3602 1757 3711 1823 ὅπη

467 1854 668 1907 virtute
700 1853 890 1907 bellica
936 1854 1052 1907 sive
1090 1856 1289 1924 prazliis
1324 1854 1680 1908 terrestribus
1705 1854 1819 1907 sive
1844 1855 2043 1925 pugnis

466 1947 753 2001 navalibus
787 1946 1121 2011 exhibenda,
1157 1947 1295 2001 nulli
1324 1946 1646 2001 Latinorum
1677 1945 1905 2001 cedunt.

540 2212 677 2267 XIII.
706 2214 843 2269 Cum
876 2214 1044 2283 igitur
1091 2216 1232 2269 hanc
1294 2215 1367 2269 ob
1396 2230 1617 2270 causam
1669 2217 1835 2270 etiam
1863 2216 2030 2271 Creta

468 2305 706 2359 tumultu
737 2306 1054 2360 turbaretur
1073 2316 1129 2358 et
1154 2320 1430 2359 armorqu
1453 2306 1730 2359 sociorum
1762 2306 2039 2359 omnium-

466 2413 575 2465 que
601 2413 782 2450 rerum
816 2398 882 2450 ad
912 2398 1154 2451 hosﬁum
1207 2397 1555 2451 incursiones
1606 2397 1878 2452 arcendas
1914 2398 2040 2452 ido-

470 2503 697 2542 nearum
759 2498 1020 2557 apparatu
1087 2489 1246 2558 quasi
1278 2496 1693 2554 concuteretur,
1749 2489 1877 2543 inde
1911 2504 2040 2544 vere

471 2578 697 2633 ineunte
732 2580 863 2638 abii.
901 2591 1067 2647 atque
1100 2580 1325 2634 sinistra
1373 2580 1651 2634 Salamine
1694 2580 1870 2634 insula
1900 2595 2039 2648 prae-

470 2670 742 2730 termissa.
784 2670 875 2724 ubi
912 2670 1310 2728 Themistocles
1338 2670 1557 2725 Neoclis
1585 2670 1731 2735 ﬁlius
1757 2671 2037 2739 quondam

467 2763 655 2830 cupias
690 2764 910 2816 navales
940 2764 1232 2817 Persarum
1266 2763 1596 2818 demersissc
1623 2763 1849 2828 dicitur,
1874 2774 1930 2820 et
1955 2765 2041 2819 in-

468 2856 637 2920 sulas,
663 2871 802 2924 quas
834 2855 1099 2924 Cyclades
1128 2865 1351 2918 vocant,
1378 2865 1795 2924 praztervectus,
1823 2856 1889 2910 ad
1931 2856 2039 2911 Eu-

468 2945 642 2999 boeam
690 2946 926 3000 insulam
962 2946 1146 3015 appuli
1169 2947 1277 3013 jam
1332 2946 1535 3001 multos
1595 2962 1773 3001 annos
1807 2947 2036 3001 Venetis

465 3036 760 3091 subditam.
796 3036 912 3102 Qua
948 3036 1004 3090 in
1039 3037 1216 3090 insula
1250 3052 1374 3091 cum
1413 3036 1632 3105 longius
1679 3047 1895 3105 tempus
1924 3039 2034 3111 43

2142 1860 2250 1913 τῶν
2281 1856 2603 1927 Πυρηναίων
2634 1854 2777 1924 ὀρῶν
2806 1853 2854 1905 οί
2888 1852 3048 1913 πόδες
3079 1854 3313 1917 ἄγχιστα
3344 1848 3623 1915 λήγουσιν.
3655 1848 3710 1907 ἐς

2141 1952 2343 2019 τόλμαν
2378 1946 2698 2015 πολεμικὴν,
2734 1945 2833 2013 ὅση
2868 1959 2928 1995 τε
2966 1939 3309 2008 ἠπειρωτικὴ
3347 1937 3442 1988 καὶ
3475 1936 3575 2001 ὅση
3611 1933 3706 1985 θα·

2141 2044 2389 2104 λάττιος,
2436 2038 2545 2093 τῶν
2591 2035 2876 2108 πρωτείων
2924 2032 3101 2086 οὐδέσι
3149 2030 3396 2083 Λατίνων
3446 2043 3707 2095 παραχω-

2146 2134 2398 2208 ροῦντας.

2211 2230 2311 2283 Il".
2351 2227 2501 2279 Ἐπεὶ
2529 2223 2661 2293 γοῦν
2684 2223 2771 2276 διὰ
2795 2221 2966 2275 ταῦτα
2997 2219 3092 2272 καὶ
3123 2217 3313 2287 Κρήτη
3342 2214 3572 2282 θόρυδον
3596 2209 3708 2279 εἷχε

2142 2325 2236 2374 καὶ
2266 2322 2339 2382 ὼς
2369 2320 2543 2373 είπείν
2572 2317 2776 2370 ισείετο
2807 2314 2977 2375 πᾶσα,
3007 2307 3538 2381 παρασκευαζομένη
3575 2304 3709 2371 πρὸς

2141 2410 2279 2463 ὅπλα
2314 2406 2638 2477 συμμαχικὰ
2667 2422 2725 2459 τε
2760 2405 2854 2458 καὶ
2887 2405 2987 2456 δσα
3019 2401 3126 2453 τῶν
3158 2396 3471 2465 πολεμικῶν
3508 2392 3710 2462 ἐφόδων

2141 2504 2280 2556 είσὶν
2330 2498 2726 2569 ἀποτρεπτικὰ,
2784 2494 3099 2565 μετέὸαινον
3149 2489 3357 2543 ἐκεῖθεν
3403 2486 3709 2557 ἀρχομένου

2138 2594 2234 2649 τοῦ
2268 2590 2402 2665 ἦρος
2422 2631 2438 2655 ,
2470 2592 2563 2645 καὶ
2597 2590 2754 2656 ἀφεὶς
2788 2588 3042 2654 εὐώνυμα
3075 2584 3349 2654 Σαλαμῖνα
3379 2580 3478 2651 τὴν
3508 2580 3673 2647 νῆσον
3692 2617 3708 2638 ,

2141 2686 2266 2740 ἔνθα
2298 2681 2665 2753 Θεμιστοκλέα
2694 2680 2784 2732 τὸν
2814 2678 3108 2738 Νεοκλέους
3140 2676 3343 2728 ἐκεῖνον
3373 2671 3539 2727 πάλαι
3572 2670 3707 2739 φασὶ

2138 2778 2237 2848 τὴν
2264 2778 2371 2829 τῶν
2402 2775 2626 2844 Περσῶν
2657 2772 2869 2839 ἐκείνην
2898 2769 3156 2839 ναυτικὴν
3187 2764 3587 2820 καταδαπτίσαι
3615 2763 3707 2815 δύο

2138 2883 2323 2935 ναμιν,
2369 2865 2566 2932 νήσους
2612 2878 2671 2915 τε
2718 2861 2784 2921 ἀς
2829 2858 3115 2921 Κυκλάδας
3159 2857 3293 2925 φασὶ
3336 2854 3709 2923 παραλλάξας,

2140 2954 2482 3010 κατέπλευσα
2524 2956 2582 3016 ἐς
2623 2950 2857 3005 Εὔϐοιαν
2898 2950 2995 3018 τὴν
3038 2948 3220 3017 νῆσον,
3263 2946 3502 3015 ὑπήκοον
3542 2939 3709 2998 οὖσαν

2140 3049 2442 3109 Βενετικοῖς
2488 3046 2623 3098 ἑτῶν
2671 3044 2769 3115 ήδη
2821 3042 3063 3112 μακρῶν.
3114 3039 3219 3093 Καί
3273 3056 3338 3108 με
3387 3038 3706 3105 βουλόμενον

465 3130 791 3182 commorari
827 3129 1257 3192 constituissem,
1285 3146 1565 3183 armorum
1589 3131 1830 3201 bellique
1854 3148 2027 3201 appao

2140 3140 2359 3195 πλείονα
2401 3139 2591 3207 χρόνον
2635 3134 2969 3205 ένδιατρίψαι
3010 3132 3181 3201 ταύτῃ
3225 3134 3258 3200 ή
3308 3130 3414 3182 τῶν
3459 3129 3707 3182 Εὐὸοέων

466 3228 610 3280 ratu.
643 3219 697 3273 in
721 3234 885 3289 quem
911 3235 1128 3272 summo
1155 3220 1341 3273 studio
1374 3231 1538 3290 atque
1563 3222 1848 3277 alacritate
1869 3224 2034 3279 etiam

466 3311 809 3366 Euhmenses
860 3313 1256 3375 iucuhuerunt,
1298 3329 1328 3367 ε
1370 3314 1655 3383 proposito
1687 3314 2031 3372 deterrebar.

468 3402 630 3456 Fama
662 3401 809 3456 enim
848 3412 990 3465 erat,
1040 3403 1263 3474 jamjam
1314 3404 1569 3459 triremes
1629 3420 1697 3459 ex
1732 3406 1921 3460 Genua
1953 3407 2037 3462 in-

467 3494 603 3548 festo
631 3493 834 3562 impetu
868 3493 921 3547 in
952 3510 1049 3549 eos
1082 3495 1435 3566 navigaturas
1464 3511 1610 3553 esse.
1649 3496 1833 3563 Quare
1878 3498 2034 3554 brevi

466 3592 711 3653 tempore
748 3595 857 3639 tota
885 3586 1062 3640 insula
1099 3588 1435 3655 perlustrata
1466 3600 1524 3642 et
1561 3590 1820 3656 urbibus,
1851 3607 2032 3661 quan-

470 3684 588 3728 tum
618 3673 737 3729 ﬁeri
773 3676 971 3744 potuit,
1015 3675 1229 3739 invisis,
1282 3678 1349 3731 ad
1394 3678 1776 3747 Artemisium,
1812 3680 2036 3736 Eubteze

466 3767 906 3833 promontorium
984 3768 1457 3836 septentrionale,
1550 3771 1827 3839 profectus
1887 3787 2033 3827 sum.

465 3856 620 3912 Unde
649 3873 772 3913 cum
792 3860 901 3928 jam
931 3860 1159 3928 provehi
1193 3861 1417 3927 vellem,
1441 3863 1635 3917 classis
1667 3864 1907 3920 hostium
1936 3866 2036 3920 de~

462 3951 639 4004 currit
689 3965 886 4021 meque
936 3967 965 4005 a
999 3952 1339 4018 profectione
1395 3953 1700 4023 prohibuit.
1758 3955 2037 4012 Triremes

464 4041 610 4096 enim
638 4042 961 4098 Genuenses
990 4043 1410 4113 quatuordecim
1439 4046 1734 4100 celerrimo
1766 4062 1933 4101 cursu
1965 4047 2033 4101 ad

463 4132 707 4201 Oropum
732 4142 790 4187 et
814 4133 1066 4188 Aulidem
1098 4136 1443 4204 appellentes
1476 4136 1581 4190 sub
1613 4135 1778 4191 linem
1830 4140 2037 4195 azstatis

466 4221 971 4289 conspiciebantur.
1002 4223 1150 4277 Inter
1182 4224 1345 4278 hasce
1371 4225 1519 4278 enim
1545 4226 1715 4280 urbes
1738 4227 1902 4295 paulo
1924 4243 2038 4282 me-

468 4312 664 4367 ridiem
693 4326 891 4367 versus
918 4314 1051 4369 sitas
1079 4323 1276 4383 portus
1306 4324 1390 4369 est
1414 4314 1701 4386 oblongus,
1730 4334 1821 4382 qui
1845 4334 2038 4389 quam-

466 4418 685 4471 cunque
712 4404 1053 4471 tempestatis
1101 4405 1187 4458 vel
1227 4405 1715 4460 turbulentissima:
1754 4408 1861 4463 vim
1890 4426 2035 4464 con-

2136 3230 2441 3287 άνέστειλεν
2482 3226 2731 3297 ἀσχολία,
2776 3226 2945 3293 πολλή
2990 3241 3072 3285 τις
3117 3218 3251 3275 οὖσα
3295 3222 3387 3273 καὶ
3431 3220 3567 3288 αὓτη
3616 3221 3710 3274 καὶ

2140 3323 2283 3390 μάλα
2312 3318 2375 3385 γέ
2400 3336 2452 3373 τι
2480 3314 2999 3383 κατεσπουδασμένη
3034 3312 3169 3380 πρὸς
3198 3311 3377 3364 ὅπλων
3405 3313 3494 3363 καὶ
3528 3310 3708 3379 μάχης

2137 3411 2489 3482 παρασκευήν
2512 3426 2529 3441 ο
2567 3407 2781 3478 μέλλειν
2812 3404 2921 3473 γὰρ
2959 3403 3037 3474 [ί.
3075 3403 3176 3457 1οὃ
3211 3400 3282 3471 αἶ
3342 3402 3466 3454 ὅσον
3498 3401 3709 3453 οὐδέπω

2135 3499 2290 3566 λόγος
2312 3494 2379 3567 ἦν
2406 3496 2667 3564 πολεμίας
2693 3496 2757 3547 ὲκ
2783 3491 3048 3555 Γεννούας
3073 3492 3159 3543 ἐπ’
3179 3490 3374 3551 αὐτοὺς
3400 3489 3707 3542 καταπλεύ-

2138 3611 2251 3646 σειν
2294 3593 2559 3661 τριήρεις.
2596 3588 2760 3641 Ὅθεν
2803 3587 2861 3638 ὲν
2908 3585 3099 3654 βραχεῖ
3140 3584 3238 3653 τὴν
3280 3584 3447 3650 νῆσον
3492 3582 3710 3650 ἐκείνην

2137 3685 2305 3737 ἐλθὼν
2339 3684 2435 3735 καὶ
2480 3678 2898 3749 περισκοπήσας
2938 3676 3192 3735 ἅπασαν.
3227 3674 3321 3727 καὶ
3354 3674 3453 3735 τὰς
3494 3674 3709 3743 ἐκείνης
3769 3681 3794 3696 ⁶

2135 3778 2258 3829 ὅσον
2283 3776 2408 3843 ἐξῆν
2430 3773 2724 3843 ἱστορήσας
2750 3770 2952 3831 πόλεις,
2978 3761 3111 3837 ἧκον
3136 3767 3226 3818 ἐπὶ
3249 3765 3308 3817 τὸ
3337 3764 3705 3834 Ἀρτεμίσιον,
3810 3822 3813 3825 ἰ

2139 3869 2349 3939 βόρειον
2389 3867 2561 3935 ἀκρον
2600 3863 2853 3923 Εὐϐοίας.
2898 3861 3169 3913 Κάκεῖθεν
3212 3858 3366 3919 αὖθις
3408 3858 3708 3925 ἀνάγεσθαι

2139 3959 2461 4030 βουλόμενον
2487 3955 2719 4024 ἐπέσχεν
2749 3950 3072 4019 ἐξαίφνης-ἠ
3102 3950 3211 4002 τῶν
3244 3949 3515 4016 πολεμίων
3545 3968 3711 4002 κατα-

2139 4049 2416 4103 πλεύσασα
2454 4046 2704 4112 δύναμις.
2739 4043 2998 4114 Τριήρεις
3038 4030 3147 4109 γὰρ
3188 4042 3553 4095 Γεννουῖτικαὶ
3584 4058 3710 4094 τεο-
3804 4116 3807 4117 ν

2139 4137 2538 4209 σσίρεσκαίδεκα
2559 4134 2815 4203 λήγοντος
2838 4133 3032 4202 θέρους
3053 4131 3310 4201 ὤφθησαν
3329 4132 3427 4201 τὴν
3448 4133 3710 4201 ταχίστην

2137 4232 2198 4290 ὲς
2232 4227 2473 4297 Ὠρωπὸν
2517 4224 2611 4277 καὶ
2658 4222 2853 4276 Αὐλίδα
2899 4224 3285 4288 καταίρουσαι.
3334 4222 3552 4285 Μεταξὺ
3602 4224 3711 4309 γαρ

2138 4323 2256 4376 ταῖν
2305 4321 2450 4372 δυοῖν
2495 4318 2727 4371 ταύταιν
2772 4316 3098 4385 νοτιωτέραν
3139 4314 3239 4384 τὴν
3282 4314 3432 4366 θέσιν
3474 4314 3712 4385 ἐχουσῶν

2140 4415 2248 4467 τῶν
2284 4413 2491 4466 πόλεων
2524 4412 2672 4464 ἔστιν
2704 4410 2982 4479 ἐπιμήκης
3024 4408 3191 4477 λιμὴν
3219 4446 3234 4468 ,
3278 4408 3457 4459 πᾶσαν
3497 4407 3710 4474 ἀνέμων

470 4496 705 4560 temnit;
739 4494 795 4548 in
826 4510 954 4549 eum
983 4496 1150 4566 igitur
1192 4498 1356 4551 modo
1387 4497 1573 4553 hostes
1619 4498 1821 4555 invecti
1856 4512 2032 4557 erant.

2141 4506 2415 4576 χλευάζων
2451 4503 2623 4574 βίαιον
2659 4501 2907 4571 κίνησιν,
2945 4502 3003 4560 ές
3042 4498 3101 4550 δν
3133 4497 3335 4564 ἀρτίως
3375 4496 3710 4549 ὲσέπλευσαν

469 4586 696 4640 Postero
726 4595 913 4640 autem
946 4586 1036 4640 die
1104 4587 1325 4656 triginta
1372 4599 1612 4658 quatuor
1665 4591 1919 4646 triremes
1941 4594 2039 4649 Ve-

468 4688 609 4732 neta:
626 4676 737 4747 jam
764 4677 860 4731 diu
886 4677 1157 4732 insidiata:
1192 4679 1303 4732 illis
1337 4679 1580 4734 hostium
1607 4681 1841 4735 navibus
1866 4684 2036 4736 adve-

467 4778 569 4824 ctze
598 4778 791 4837 portus
848 4768 1104 4825 faucibus
1142 4769 1457 4826 interclusis
1504 4772 1820 4829 Gcnuiticas
1868 4789 2036 4828 naves

471 4862 795 4931 necopinato
814 4862 973 4932 quasi
1002 4862 1106 4916 reti
1125 4864 1440 4917 cinxerunt.
1471 4864 1549 4919 Ex
1575 4866 1778 4935 quibus
1795 4876 2035 4936 quatuor

468 4970 637 5009 naves
663 4956 843 5009 statim
869 4955 1004 5010 velis
1031 4955 1225 5024 passis,
1272 4956 1428 5024 quasi
1477 4957 1720 5012 alearum
1749 4958 1919 5028 jactui
1976 4971 2035 5011 re

466 5048 781 5114 commissa,
806 5056 1001 5116 aperto
1070 5047 1319 5117 periculo
1367 5048 1600 5101 dubium
1652 5047 2032 5117 praeferentes,

467 5140 708 5196 hostimn
737 5141 977 5210 gladium
1007 5141 1497 5210 subterfugerunt;
1550 5142 1793 5209 reliquas
1852 5149 2033 5193 autem

465 5247 632 5287 naves
660 5231 847 5301 paucis
876 5232 1142 5301 exceptis,
1182 5234 1274 5300 qui
1308 5233 1362 5285 in
1391 5234 1767 5286 continentem
1798 5233 2036 5286 exsilue-

465 5334 614 5390 runt,
653 5341 847 5381 omncs
865 5341 989 5379 cum
1017 5326 1332 5380 hominibus
1359 5326 1548 5380 Veneti
1579 5333 1845 5395 ceperunt
1869 5341 2034 5378 manu

463 5418 571 5489 44
600 5434 708 5471 non
727 5426 982 5472 conserta
1009 5433 1187 5487 neque
1220 5434 1396 5487 pugna
1422 5418 1599 5472 navali
1634 5418 1944 5470 commissa.
1970 5417 2035 5470 Et

467 5513 578 5564 hutc
606 5513 829 5580 quidem
863 5527 947 5564 res
978 5514 1053 5566 sic
1086 5528 1142 5566 se
1169 5512 1297 5573 fere.
1332 5512 1426 5564 illo
1480 5521 1725 5578 tempore
1777 5510 2033 5566 habebat.

467 5601 764 5655 l’rmfectus
790 5611 974 5654 autem
1010 5601 1201 5654 classis
1232 5600 1456 5653 Veneta:
1517 5609 1873 5667 posteaquam
1927 5608 2035 5651 tam

469 5706 730 5759 prospere
762 5708 850 5746 res
876 5693 1214 5754 ceciderunt,
1252 5691 1471 5744 Eubwa'.
1503 5691 1830 5750 rationibus,
1859 5706 2034 5757 quau—

469 5794 582 5836 tum
612 5786 843 5840 maxime
881 5783 994 5838 ﬁcri
1030 5784 1228 5853 potuit,
1257 5782 1547 5848 ordinatis,
1582 5782 1815 5839 navibus
1843 5783 2036 5839 solutis

2137 4600 2184 4650 οί
2218 4596 2484 4665 πολέμιοι.
2516 4596 2621 4649 Καὶ
2653 4594 2769 4663 ἅμα
2797 4594 2854 4653 ὲς
2879 4590 2978 4660 τὴν
3005 4587 3298 4658 ὑστεραίαν
3324 4588 3584 4655 τέσσαρες
3615 4589 3710 4639 καὶ

2136 4688 2432 4757 τριάκοντα
2456 4687 2703 4755 τριήρεις
2732 4683 3041 4745 Βενετικαὶ,
3072 4680 3171 4741 τὰς
3204 4678 3465 4745 πολεμίας
3495 4680 3709 4742 ὲκείνας

2138 4781 2202 4832 ὲκ
2246 4777 2448 4830 πολλοῦ
2489 4777 2848 4845 ναυλοχοῦσαι
2870 4813 2885 4837 ,
2919 4770 3265 4825 ὲπέπλευσάν
3298 4787 3357 4821 τε
3400 4772 3490 4824 καὶ
3522 4770 3581 4823 τὸ
3612 4774 3707 4823 τοῦ

2136 4871 2353 4941 λιμένος
2385 4868 2623 4937 ἔφραξαν
2658 4866 2852 4933 στόμα.
2880 4864 3002 4915 Τῶν
3029 4862 3122 4916 οὖν
3153 4862 3539 4915 Γεννουϊτικῶν
3572 4864 3709 4914 νεῶν

2135 4966 2211 5030 ὡς
2251 4968 2309 5019 ὲν
2348 4962 2549 5033 δικτύῳ
2591 4960 2743 5029 παρά
2783 4958 2937 5021 δόξαν
2974 4957 3075 5026 ήδη
3124 4954 3611 5023 συγκλεισθεισῶν,
3652 4956 3710 5006 al

2140 5055 2241 5124 μὲν
2270 5053 2533 5123 τέσσαρες
2566 5049 2727 5110 εὐθὺς
2758 5047 3168 5099 ἀναπετάσασαι
3198 5046 3267 5096 τὰ
3301 5045 3462 5105 ἱστία,
3492 5046 3583 5097 καὶ
3615 5063 3711 5096 κοι-

2139 5144 2315 5212 θάπερ
2345 5144 2401 5194 ὲν
2433 5140 2621 5202 κύϐοις
2649 5136 2745 5190 τοῦ
2778 5136 3087 5206 προφανοῦς
3114 5135 3207 5187 τὸν
3237 5134 3711 5202 ἀμφιϐαλλόμενον

2139 5230 2493 5301 ἀνθελόμεναί
2536 5247 2596 5281 τε
2646 5230 2741 5281 καὶ
2788 5227 3157 5298 ἀναῤῥίψασαι
3207 5226 3473 5290 κίνδυνον,
3522 5225 3710 5277 ἔλαθον

2138 5324 2340 5377 οὑτωσὶ
2384 5324 2445 5374 τὸ
2490 5320 2746 5388 πολέμιον
2790 5319 3070 5388 διαδρᾶναι
3118 5317 3303 5385 ξίφος·
3349 5317 3447 5378 τάς
3492 5334 3554 5384 γε
3604 5317 3712 5384 μὴν

2139 5414 2480 5477 ἐπιλοίπους,
2515 5410 2656 5481 πλὴν
2688 5410 2883 5478 ὀλίγων
2918 5408 3129 5477 ἀνδρῶν
3164 5410 3221 5469 ὲς
3252 5407 3352 5473 τὴν
3386 5407 3581 5475 χέρσον
3617 5408 3710 5459 ὲκ-

2139 5504 2565 5575 πεπηδηκότων,
2596 5502 2927 5571 αὐτάνδρους
2956 5498 3177 5561 ἀπάσας
3206 5495 3350 5549 εἷλον
3384 5500 3513 5565 πρὶν
3544 5498 3710 5567 ἀρξαι

2139 5599 2338 5665 χειρῶν
2365 5597 2456 5647 καὶ
2488 5593 2808 5663 ναυμαχίας.
2838 5592 2945 5642 Καὶ
2968 5589 3139 5641 ταῦτα
3170 5588 3267 5655 μὲν
3297 5589 3417 5657 τῇδέ
3446 5606 3519 5657 πη
3551 5589 3709 5659 ἔσχεν

2140 5691 2254 5742 ἐκεῖ
2288 5691 2409 5741 κατ’
2437 5690 2642 5739 ἐκεῖνον
2673 5684 2764 5736 τὸν
2798 5683 2987 5752 χρόνον
3014 5697 3027 5709 ο
3061 5681 3088 5733 ὃ
3123 5697 3185 5748 γε
3224 5681 3329 5749 μὴν
3360 5681 3453 5732 τοῦ
3494 5684 3710 5736 Βενετισ-

2140 5781 2238 5835 κοῦ
2287 5779 2476 5833 στόλου
2520 5776 2810 5845 ναύαρχος,
2857 5775 2912 5837 ὲς
2960 5770 3113 5825 τοῦτο
3158 5772 3325 5842 τύχης
3373 5773 3712 5843 ἐληλυθότων
