4088 6478
316 416 387 479 33
1335 406 1781 471 ΒῩΖΛΝΤΙΝᾹΞ
1820 406 1908 468 III

2015 407 2212 469 DRI/E
2256 407 2398 469 LIB.
2442 407 2623 469 XXV.
3519 413 3591 475 34

317 524 463 595 αὑτῷ
496 524 605 578 τῶν
637 522 985 594 πραγμάτων
1006 561 1021 587 ,
1057 522 1127 576 τά
1162 539 1218 576 τε
1255 521 1385 591 περὶ
1418 522 1522 591 τὴν
1556 520 1791 575 Εὔϐοιαν
1825 518 1902 581 ὡς

2015 519 2148 573 velis
2176 520 2356 588 plenis
2387 520 2516 574 inde
2584 524 2735 575 recta
2770 517 3092 590 Byzantium
3143 534 3335 576 versus
3365 538 3591 578 cursum

319 619 447 685 ἐνῆν
476 617 804 687 διῳκήσατο,
837 616 932 670 καὶ
962 614 1077 684 ἅμα
1107 614 1379 685 πλήρεσιν
1411 613 1605 675 ἱστίοις
1637 611 1810 674 λύσας
1838 610 1901 674 ἐξ

321 708 545 769 Ευϐοίας
578 706 793 777 ἀνήχθη
822 704 953 759 εὐθὺ
987 703 1283 768 Βυζαντίου
1319 701 1646 770 ποιούμενος
1674 700 1775 771 τὴν
1806 716 1903 753 πο-

327 798 497 867 ρεὶαν.
534 796 687 849 Ἐπεὶ
717 794 774 849 δέ
813 792 1018 863 μεταξὺ
1047 791 1343 862 γεγένηταί
1375 793 1424 844 οί
1459 790 1651 859 μαθεῖν
1680 789 1738 844 ἐν
1768 789 1904 842 Θεσ-

324 888 578 959 σαλονίκῃ
606 886 906 957 διατρίϐειν
931 886 1022 940 τὸν
1048 885 1294 957 βασιλέα,
1321 885 1598 954 τέσσαρας
1626 881 1737 936 τῶν
1764 881 1901 935 νεῶν

324 981 726 1050 ἀπολεξάμενος
771 980 862 1033 καὶ
903 979 1015 1033 τῶν
1062 978 1301 1049 μάλιστά
1342 979 1390 1030 οἱ
1435 976 1775 1031 πιστοτάτων
1819 974 1901 1027 ἐνὶ

330 1074 632 1145 παραδοὺς,
664 1071 1072 1143 πρεσϐεύσοντα
1099 1071 1310 1140 πέμπει
1341 1070 1477 1141 πρὸς
1510 1068 1739 1140 βασιλέα
1770 1069 1902 1140 περὶ

328 1165 645 1235 συμμαχίας
686 1164 829 1217 κατά
871 1163 983 1217 τῶν
1027 1162 1223 1216 κοινῶν
1267 1162 1504 1233 ἐχθρῶν.
1549 1162 1725 1224 Αὐτὸς
1767 1162 1815 1214 δ’
1843 1164 1901 1223 ἐς

327 1257 612 1317 Βυζάντιον
662 1257 883 1328 ήλαυνε,
930 1256 1291 1327 καρτερήσων
1337 1256 1439 1327 τὴν
1485 1257 1581 1310 τοῦ
1633 1253 1900 1324 βασιλέως

324 1349 527 1419 ἄφιξιν.

395 1441 494 1496 lA'.
554 1440 725 1501 Αὐτὸς
754 1438 802 1495 δ’
840 1439 907 1495 ἂν
942 1439 1141 1508 εἰδείης
1178 1439 1390 1510 βέλτιον
1420 1438 1558 1512 ἐμοῦ
1608 1438 1679 1495 τά
1722 1439 1881 1510 ἑξῆς,

326 1533 485 1596 αὐτός
513 1550 572 1585 τε
598 1530 790 1601 παρὼν
833 1533 1143 1603 γινομένοις
1172 1535 1266 1585 καὶ
1296 1532 1536 1603 βλέπων,
1568 1533 1662 1586 καὶ
1694 1533 1902 1601 σφόδρα

325 1627 412 1679 διὰ
435 1625 666 1694 σπουδῆς
686 1625 756 1677 τὰ
779 1626 999 1678 τοιαῦτα
1037 1626 1383 1696 συγγράφειν
1404 1625 1567 1696 ἔχων.
1617 1625 1763 1695 Ἐγὼ
1788 1627 1900 1697 γάρ

327 1722 452 1780 τοὺς
482 1720 539 1771 ἐν
580 1718 820 1789 θαλάττῃ
854 1720 995 1782 τέως
1028 1717 1217 1782 δεδιὼς
1247 1719 1513 1789 θορύϐους
1547 1721 1687 1773 κατὰ
1715 1721 1900 1790 χώραν

334 1812 515 1876 μένειν
547 1810 734 1881 έκρινα
768 1814 880 1865 δεῖν
907 1812 966 1864 ἐν
1014 1812 1216 1882 καιρῷ.
1256 1812 1390 1865 Ὅτε
1422 1812 1486 1880 δὴ
1520 1812 1614 1864 καὶ
1643 1811 1743 1874 τὰς
1769 1812 1902 1863 Γεν-

337 1904 610 1965 νουῖτικὰς
644 1903 854 1964 ἐκείνας
876 1904 1144 1974 τέσσαρας
1167 1904 1418 1973 τριήρεις
1436 1902 1906 1974 παλινδρομούσας

332 1995 666 2064 ἐθεασάμην.
712 1995 766 2048 αἳ
813 1997 1100 2065 διαφυγεῖν
1141 1996 1517 2067 ἐδυνήθησαν,
1559 1995 1636 2060 ὡς
1666 1997 1909 2067 είρήκει-

334 2102 460 2153 μεν,
499 2088 588 2139 τὸν
622 2087 728 2156 πρὸ
782 2086 1014 2157 βραχέος
1069 2086 1279 2139 ἐκεῖνον
1336 2087 1621 2151 κίνδυνον,
1670 2087 1797 2155 μίαν
1846 2104 1906 2139 τε

332 2179 468 2231 κατὰ
508 2180 570 2230 τὸ
598 2178 820 2248 λεληθὸς
848 2181 958 2233 τῶν
1001 2180 1264 2251 παράλων
1304 2180 1531 2243 ἐλούσας
1567 2180 1909 2234 πλουσιωτά-

332 2289 433 2339 την
463 2272 685 2336 Εὐϐοίας
715 2272 892 2335 πόλιν,
926 2273 1021 2326 καὶ
1050 2273 1679 2344 ἐξανδραποδισαμένους
1710 2276 1773 2327 ἐκ
1812 2272 1908 2329 τοῦ

336 2365 621 2433 αἰφνιδίου,
650 2367 743 2419 καὶ
778 2366 1182 2436 ἁπεληλυθυίας
1230 2366 1397 2430 εὐθὺς
1430 2365 1554 2436 μεθ’
1574 2360 1651 2420 ὧν
1694 2366 1910 2420 ἀπώλε-

339 2474 436 2511 σαν
467 2458 732 2528 πρότερον
782 2458 1153 2529 στρατιωτῶν,
1189 2459 1267 2529 μὴ
1305 2459 1701 2530 προαισθέσθαι
1746 2460 1911 2531 δυνη-

338 2551 537 2605 θέντων
588 2550 697 2604 τῶν
730 2549 1002 2613 Εὐϐοέων,
1041 2550 1179 2605 ἀλλὰ
1222 2550 1316 2604 τὸν
1361 2550 1731 2620 Ἐνδυμίωνος
1770 2552 1910 2614 τέως

336 2644 513 2695 εἰπεῖν
541 2642 912 2697 καθευδόντων
942 2640 1112 2696 ὕπνον
1141 2642 1231 2697 διά
1256 2659 1319 2712 γε
1360 2644 1421 2696 τὸ
1460 2642 1695 2714 ἔναγχος
1734 2646 1911 2699 ἐκεῖνο

337 2735 679 2805 προτέρημα.
1252 2784 1255 2791 .

406 2825 506 2881 ΙΕ’.
538 2828 613 2881 Οὐ
659 2827 828 2891 πολὺς
875 2827 1081 2898 μεταξὺ
1105 2828 1397 2899 παρερρύη
1427 2832 1648 2900 χρόνος,
1690 2832 1783 2885 καὶ
1811 2829 1910 2894 τὰς

334 2919 623 2982 Βενετικὰς
653 2918 862 2980 ὲκείνας
888 2918 1145 2990 ἐθεώμην
1172 2920 1439 2991 τέτταρας
1472 2922 1564 2972 καὶ
1610 2920 1911 2991 τριάκοντα

335 3013 581 3081 τριήρεις
615 3011 792 3065 οἶκαδε
820 3010 1109 3075 κατιούσας
1152 3012 1470 3081 ἀπράκτους
1504 3013 1570 3064 ἐκ
1608 3011 1910 3076 Βυζαντίου

336 3103 424 3157 διά
474 3104 534 3155 τὸ
580 3103 639 3159 ἐν
693 3102 1057 3175 Θεσσαλονίκῃ
1104 3103 1411 3174 τηνικαῦτα
1467 3105 1770 3175 διατρίϐειν
1817 3106 1911 3158 τὸν

340 3194 587 3267 βασιλέα.
634 3194 788 3247 Ἐπεὶ
837 3196 895 3248 δὲ
947 3196 1041 3249 καὶ
1084 3197 1114 3249 ὀ
1170 3196 1269 3264 μὲν
1317 3194 1530 3265 χειμὼν
1586 3197 1648 3250 ἐν
1698 3197 1911 3263 τούτοις

338 3287 538 3358 παρῄει
587 3290 683 3342 καὶ
722 3289 775 3341 αί
819 3288 961 3343 κατὰ
997 3286 1059 3359 [f.
1107 3287 1211 3342 105
1242 3286 1293 3360 ὁ]
1335 3289 1395 3342 τὸ
1441 3287 1537 3359 έαρ
1570 3288 1722 3360 ήλίου
1771 3290 1913 3360 λαμ-

337 3380 508 3442 πάδες
539 3382 841 3453 ἀνήπτοντο
868 3423 883 3447 ,
920 3382 1426 3450 τεσσαρεσκαίδεκα
1469 3385 1724 3454 τριήρεις
1754 3383 1912 3448 αὖθις

337 3476 401 3526 ἐκ
438 3473 684 3537 Βενετίας
729 3473 785 3536 ἐς
833 3474 1131 3538 Βυζάντιον
1179 3473 1331 3537 ὅλαις
1380 3474 1666 3528 ἀνέϐαινον
1697 3474 1912 3538 κώπαις

340 3568 429 3619 καὶ
473 3564 624 3629 ὅλαις
666 3566 858 3637 ὁρμαῖς
895 3567 993 3635 τῆς
1017 3564 1217 3636 ψυχῆς.
1260 3566 1347 3636 ἐφ’
1371 3558 1415 3634 ᾧ
1456 3567 1551 3620 τὸν
1581 3568 1676 3621 τοῦ
1706 3567 1911 3622 Πόντου

343 3656 845 3727 προκατειληφυίας
874 3657 1080 3728 αὐχένα
1111 3659 1212 3721 τὰς
1252 3659 1606 3725 Γενουῖτικὰς
1633 3663 1914 3734 ναυλοχεῖν

341 3748 590 3813 ὁλκάδας,
630 3748 684 3801 αῖ
724 3750 823 3820 τὴν
867 3749 1237 3820 σιτοπομπίαν
1269 3751 1479 3806 ἄνωθεν
1508 3755 1572 3806 ἐκ
1600 3753 1698 3807 τοῦ
1728 3755 1915 3820 Εὐξεί-

345 3854 434 3890 νου
458 3837 553 3892 atat
582 3838 690 3894 τῶν
718 3837 1001 3891 Σκυθικῶν
1024 3838 1306 3908 παραλίων
1339 3842 1659 3912 ἐσκομίζειν
1686 3841 1915 3913 ἔμελλον

346 3931 454 3992 τοῖς
488 3932 551 3981 ἐν
576 3929 837 3984 Γαλάτου.
874 3929 999 3985 Τῶν
1028 3946 1090 3999 γε
1121 3930 1229 4002 μήν
1259 3931 1386 4002 ἐξῆς
1417 3933 1579 3998 αὐτὸς
1620 3934 1688 3988 ἂν
1714 3934 1915 4003 εἰδείης

349 4020 501 4087 αὖθις
535 4024 767 4079 ἐνταῦθα
794 4025 985 4096 παρὼν
1010 4027 1103 4079 καὶ
1124 4027 1266 4096 ὀρῶν
1297 4028 1547 4097 ἀκριϐῶς
1583 4028 1684 4099 τὴν
1709 4030 1915 4084 ἀπόϐα-

350 4133 456 4172 σιν.
500 4117 653 4189 Ἐμοὶ
688 4119 796 4189 γὰρ
829 4120 1101 4190 ἀμυδραῖς
1134 4138 1276 4174 τισιν
1312 4121 1502 4184 ἀκοαῖς
1534 4122 1915 4193 μεμαθηκέναι

352 4211 750 4279 συμπέπτωκεν
775 4251 791 4278 ,
850 4212 969 4268 ἐκεῖ
1008 4212 1377 4282 διατρίϐοντι,
1429 4214 1501 4268 τά
1553 4232 1611 4266 τε
1644 4214 1779 4268 ἄλλα
1825 4217 1917 4272 καὶ

349 4302 423 4363 ὼς
454 4300 647 4372 μικροῦ
690 4302 872 4356 πᾶσαν
919 4303 1021 4374 τὴν
1049 4303 1145 4357 τοῦ
1181 4304 1483 4359 Γαλατικοῦ
1517 4308 1783 4377 φρουρίου
1820 4308 1915 4361 δύ-

355 4409 541 4461 ναμιν,
575 4394 687 4446 ἄνω
712 4394 811 4464 μὲν
847 4397 995 4466 παρὰ
1031 4395 1123 4450 τὸν
1153 4391 1405 4462 Εῦξιινον
1438 4400 1632 4453 πόντον
1663 4399 1918 4454 ἀποκλει-

2009 605 2269 660 intendit.
2304 606 2522 661 Interea
2553 622 2688 663 vero
2721 608 2929 662 certior
2978 608 3159 664 factus
3202 611 3591 680 imperatorem

2009 696 2417 753 Thessalonicae
2471 702 2827 766 commorari,
2872 712 3113 772 quatuor
3136 703 3303 775 elegit
3356 718 3424 759 ex
3480 707 3595 759 suis

2008 786 2271 851 navibus,
2307 789 2511 857 quibus
2549 806 2718 846 unum
2750 807 2819 847 ex
2860 792 3201 848 fidelissimis
3251 794 3359 848 sibi
3394 795 3592 863 praefe-

2008 880 2085 933 cit
2117 878 2697 951 etad‘imperatorem
2749 884 2816 939 dc
2864 885 3135 941 societate
3175 896 3373 941 contra
3406 888 3596 942 hostes

2010 974 2647 1045 communesjungenda
2688 986 2944 1033 acturum
3000 979 3174 1035 misit.
3232 979 3354 1049 Ipse
3408 992 3590 1035 autem

2007 1063 2332 1134 Byzantium
2366 1081 2597 1121 cursum
2628 1067 2854 1135 direxit,
2906 1068 3272 1139 imperatoris,
3294 1071 3593 1126 adventum

2004 1152 2080 1209 ibi
2114 1155 2549 1225 praestolaturus.

2077 1434 2218 1493 XIV.
2251 1435 2333 1492 Tu
2361 1453 2495 1493 vero
2521 1439 2635 1509 jam
2663 1454 2729 1495 ea
2779 1456 2905 1512 qua;
2940 1443 3192 1498 insecuta
3252 1452 3406 1507 sunt,
3450 1458 3593 1513 quo-

2006 1530 2173 1584 modo
2208 1545 2328 1585 sese
2360 1531 2622 1597 habeant,
2653 1548 2740 1587 me
2768 1533 2968 1590 melius
2995 1536 3327 1605 cognovisti,
3381 1547 3441 1590 ut
3494 1536 3589 1605 qui

2006 1623 2124 1694 ipse
2153 1624 2323 1678 rebus
2345 1625 2613 1690 adfueris,
2669 1626 2785 1694 ipse
2814 1626 3025 1682 videris
3077 1642 3286 1697 easque
3338 1628 3588 1682 conscri-

2009 1714 2141 1770 bere
2170 1718 2547 1787 maximopere
2586 1719 2839 1774 studeas.
2875 1721 2988 1791 Ego
3022 1735 3154 1775 vero
3182 1722 3471 1787 tumultus,
3495 1723 3590 1791 qui

2007 1820 2158 1860 mare
2198 1810 2660 1877 pcrvagabautur,
2722 1819 3000 1876 metuens,
3039 1811 3092 1865 in
3128 1812 3253 1865 loco
3285 1810 3420 1865 mihi
3472 1826 3589 1864 ma-

2009 1898 2251 1953 nendum
2281 1915 2404 1954 esse
2435 1900 2684 1968 decrevi,
2732 1917 2861 1955 cum
2909 1904 3218 1971 praesertim
3263 1920 3434 1958 naves
3465 1920 3594 1972 qua-

2011 1996 2137 2043 tuor
2165 1990 2301 2045 istas
2329 1990 2676 2056 Genuenses,
2712 2009 2850 2063 quas
2889 1993 3199 2063 periculum
3253 1994 3419 2064 paulo
3462 2005 3594 2049 ante

2008 2082 2395 2153 subterfugere
2428 2086 2674 2155 potuisse
2705 2085 2971 2152 diximus,
3015 2103 3311 2143 recurrere
3344 2096 3401 2142 et
3441 2088 3584 2142 clam

2008 2191 2119 2230 una
2145 2192 2212 2231 ex
2240 2178 2678 2247 opulentissimis
2710 2178 2931 2234 Euboeae
2963 2178 3197 2234 urbibus
3235 2179 3301 2234 ad
3340 2195 3490 2234 mare
3512 2181 3591 2234 si-

2010 2266 2083 2319 tis
2108 2274 2269 2335 capta
2326 2278 2494 2337 atque
2554 2277 2786 2337 repente
2835 2268 3076 2338 direpta,
3136 2284 3262 2324 cum
3324 2270 3596 2325 militibus

2008 2371 2150 2426 quos
2178 2367 2338 2413 antea
2357 2358 2683 2423 amiserant,
2744 2375 2938 2415 rursus
2986 2360 3145 2416 abire
3181 2360 3457 2425 viderem,
3481 2361 3594 2415 Eu-

2012 2449 2334 2506 bmensibus
2351 2468 2459 2506 non
2486 2453 2590 2508 tale
2615 2453 2746 2523 quid
2773 2454 3279 2524 praesentientibus,
3296 2457 3392 2511 sed
3414 2456 3594 2527 Endy-

2010 2544 2217 2599 mionis
2239 2559 2522 2610 somnum,
2558 2560 2622 2603 ut
2653 2546 2830 2613 aiunt,
2886 2548 2961 2604 ob
2990 2555 3273 2604 recentem
3306 2548 3455 2604 illam
3514 2551 3596 2604 vi-

2012 2636 2246 2692 ctoriam
2279 2637 2716 2695 dormientibus.

2078 2822 2188 2896 45
2219 2823 2337 2882 XV.
2398 2824 2519 2881 Non
2564 2824 2638 2880 ita
2672 2825 2846 2881 multo
2902 2833 3028 2895 post
3060 2825 3227 2880 etiam
3259 2825 3593 2881 Venetorum

2011 2920 2268 2976 triremes
2290 2929 2531 2989 quatuor
2556 2929 2614 2974 et
2666 2919 2863 2989 viginti
2911 2919 3182 2990 Byzantio
3210 2918 3435 2973 domum
3472 2918 3597 2973 red-

2009 3022 2205 3069 euntes
2232 3012 2486 3067 videbam
2522 3028 2581 3068 re
2616 3010 2837 3075 infecta,
2878 3012 3026 3082 quod
3058 3011 3469 3066 Thessalonica:
3497 3011 3598 3065 im-

2013 3114 2237 3175 perator
2271 3115 2384 3160 tum
2415 3104 2764 3159 versabatur.
2818 3102 3010 3159 Hieme
3040 3111 3224 3158 autem
3252 3104 3461 3159 interea
3486 3104 3600 3158 ela—

1939 3187 1982 3247 C
2015 3210 2110 3266 psa
2139 3210 2263 3271 curn
2290 3196 2404 3266 jam
2434 3196 2591 3250 verni
2630 3195 2763 3251 solis
2793 3194 2944 3250 faces
2971 3196 3431 3261 accenderentur,
3460 3212 3598 3264 qua-

2017 3287 2324 3343 tuordecim
2357 3302 2525 3342 naves
2558 3302 2752 3342 rursus
2782 3286 3030 3342 Veneliis
3062 3286 3386 3357 Byzantium
3422 3298 3601 3355 venus

2016 3381 2186 3437 remis
2237 3380 2502 3451 omnique
2556 3380 2725 3434 animi
2779 3380 2988 3449 impetu
3039 3380 3493 3445 contenderunt,
3540 3392 3602 3433 ut

2017 3473 2176 3530 Ponti
2205 3473 2459 3529 faucibus
2488 3474 2774 3544 occupatis
2795 3472 3172 3529 Genuensium
3207 3473 3440 3526 navibus
3471 3486 3603 3525 one-

2015 3569 2181 3624 rariis
2229 3569 2648 3632 insidiarentur,
2700 3582 2827 3637 qua:
2865 3566 2937 3622 ab
2994 3565 3381 3637 superioribus
3437 3564 3599 3619 Ponti

2018 3657 2217 3713 Euxini
2254 3657 2370 3712 oris
2399 3666 2455 3710 et
2484 3655 2812 3727 Scytharum
2843 3656 3007 3711 terris
3035 3656 3172 3710 mari
3219 3656 3601 3727 adiacentibus

2016 3748 2272 3805 Galatazis
2336 3758 2707 3805 commeatum
2754 3757 3210 3819 transportaturae
3251 3759 3429 3803 erant.
3495 3748 3603 3802 Res

2017 3852 2226 3910 autem,
2256 3860 2378 3915 qua:
2406 3847 2666 3899 insecuta:
2692 3844 2825 3909 sint,
2857 3858 3022 3913 quem
3048 3842 3253 3896 exitum
3280 3841 3600 3902 habuerint,

2019 3944 2078 3991 tu
2112 3937 2228 4006 ipse
2271 3945 2524 3990 accurate
2575 3935 2704 3998 scis,
2758 3949 2883 3989 cum
2934 3949 3181 4005 praesens
3227 3949 3325 3988 eas
3371 3932 3599 3987 videris.

2018 4028 2130 4100 Ego
2180 4027 2328 4082 enim
2386 4025 2502 4081 illic
2554 4035 2924 4081 commoratus
2982 4035 3190 4080 tantum
3238 4040 3301 4080 ex
3352 4025 3604 4078 obscuris

2019 4119 2355 4190 quibusdam
2392 4119 2712 4175 rumoribus
2760 4135 2886 4173 cum
2941 4119 3047 4173 alia
3095 4126 3207 4171 tum
3257 4118 3363 4171 hoc
3390 4116 3600 4180 audivi,

2018 4213 2260 4269 Venetos
2285 4212 2684 4283 propemodum
2707 4221 2935 4267 cunctas
2959 4211 3166 4267 castelli
3190 4210 3411 4266 Galata-i
3436 4224 3603 4264 naves

2010 4302 2197 4364 Ponto
2240 4305 2454 4360 Euxino
2488 4306 2813 4361 interclusas
2849 4304 3243 4376 cepisse,'cum
3286 4304 3450 4359 modo
3508 4305 3608 4359 de-

2021 4402 2392 4464 scendissent,
2427 4408 2481 4454 et
2508 4399 2771 4468 majorem
2805 4398 3027 4469 quidem
3076 4413 3265 4452 earum
3299 4407 3509 4466 partem
3537 4396 3603 4450 ad

350 4483 588 4548 σθεῖσαν,
621 4485 747 4552 ἄρτι
776 4485 833 4537 δὲ
867 4484 1187 4553 κατιοῦσαν,
1246 4488 1442 4555 ἕλοιεν,
1500 4490 1643 4544 κατὰ
1698 4490 1794 4560 μὲν
1825 4492 1913 4545 τὸν

2023 4495 2185 4550 Ponti
2236 4494 2419 4550 fauces
2464 4509 2572 4563 quo
2622 4492 2760 4547 nihil
2812 4491 3045 4562 periculi
3086 4491 3380 4560 suspicata:
3435 4498 3609 4544 vectae

348 4574 547 4643 αὐχένα
579 4574 674 4626 τοῦ
713 4575 913 4628 Πόντου
950 4575 1049 4647 τὴν
1100 4577 1275 4630 πλείω
1327 4576 1621 4632 κατιοῦσαν
1649 4581 1736 4635 διά
1760 4598 1824 4651 γε
1851 4582 1913 4653 δὴ

2025 4598 2234 4647 essent.
2268 4588 2508 4657 reliquas
2538 4600 2671 4641 vero
2718 4586 2997 4655 dispersas
3054 4584 3108 4637 in
3158 4583 3390 4653 singulis
3417 4582 3607 4635 statio-

349 4666 409 4718 τὸ
454 4667 527 4735 μή
579 4667 1002 4736 προαισθέσθαι,
1033 4667 1133 4739 τήν
1185 4668 1240 4722 δὲ
1273 4670 1467 4742 λοιπὴν
1499 4672 1759 4742 μείνασαν
1806 4672 1919 4726 διε-

352 4758 701 4826 σπασμένως,
764 4760 871 4828 ὅπη
931 4760 997 4828 δή
1051 4761 1147 4814 καὶ
1199 4761 1353 4831 τύχοι
1411 4763 1660 4833 όρμοῦσα
1712 4764 1919 4835 ἑκάστη

354 4850 627 4919 σποράδην
670 4852 810 4902 κατὰ
837 4850 906 4902 τά
928 4851 1025 4902 τοῦ
1057 4851 1264 4904 Πόντου
1297 4852 1537 4916 ἐπίνεια,
1571 4853 1922 4923 παραπλέον-

351 4958 436 5004 τες
466 4942 710 5011 ὕστερον.
744 4944 897 4996 Ἐπεὶ
929 4944 984 4998 δὲ
1009 4945 1104 4997 καὶ⁵
1144 4944 1436 5016 σύμμαχον
1479 4946 1580 5016 ἤδη
1616 4949 1796 5016 σχοῖεν
1829 4946 1922 5002 τὸν

354 5031 580 5101 βασιλέα
607 5032 904 5100 Βενετικοῑ,
935 5035 998 5087 ἐκ
1027 5052 1085 5087 τε
1119 5038 1221 5107 γῆς
1249 5037 1341 5089 καὶ
1363 5036 1634 5109 θαλάττης
1660 5038 1923 5110 πλείστην

354 5127 808 5196 εἰσενεγκάμενον
844 5126 1096 5198 δύναμιν,
1123 5131 1218 5181 καὶ
1251 5129 1368 5199 ἅμα
1400 5130 1651 5200 τριήρεις
1686 5132 1923 5201 προσέλ-

354 5219 498 5272 θοιεν
526 5222 708 5290 σφίσιν
757 5222 822 5274 ἐκ
853 5223 1020 5294 νήσου
1061 5225 1159 5294 τῆς
1191 5223 1416 5295 Κρήτης
1466 5220 1613 5277 ὀκτὼ
1648 5224 1928 5295 συμμαχί-

353 5315 462 5379 δίς,
492 5315 583 5367 καὶ
610 5314 747 5383 πρὸς
772 5314 983 5378 τούτοις
1011 5315 1237 5379 ὁλκάδες
1268 5316 1698 5369 συσκευασθείεν
1731 5316 1790 5383 ἒξ
1819 5317 1927 5371 τῶν

356 5408 497 5459 πάνυ
534 5408 841 5477 μεγίστων,
881 5407 1129 5478 μηχανὰς
1178 5408 1528 5472 παντοδαπάς
1567 5409 1660 5463 καὶ
1696 5409 1927 5469 ὁπλίτας

356 5500 611 5572 ἀρίστους
637 5502 897 5569 φέρουσαι
930 5501 1243 5565 πλείστους,
1286 5501 1499 5570 καίριον
1529 5501 1634 5571 ήδη
1664 5501 1929 5573 νομισθῆ-

360 5610 447 5646 ναι
476 5594 589 5654 τοῖς
610 5594 793 5646 ιᾶπασι
839 5592 1044 5656 πάσαις
1072 5592 1209 5662 ὁμοῦ
1251 5592 1519 5663 δυνάμεσι
1550 5594 1929 5663 προσελάσαν-

362 5704 455 5750 τας
489 5686 873 5741 κυκλώσασθαι
905 5688 965 5740 τὸ
992 5687 1257 5758 φρούριον
1291 5686 1628 5757 αὐθημερόν.
1666 5690 1777 5742 Καὶ
1806 5688 1928 5743 τού-

362 5796 472 5832 των
522 5778 720 5831 ούτωσὶ
772 5780 1180 5849 πεπραγμένων
1233 5778 1532 5850 ἀνυσθῆναι
1570 5779 1726 5849 σφίσι
1757 5781 1928 5852 μηδὲν

363 5870 712 5942 ἡκηκόειμεν,
748 5871 824 5935 ὡς
855 5872 1161 5940 ἀπογνόντα
1186 5870 1379 5927 λοιπὸν
1410 5871 1504 5926 τὸν
1529 5870 1629 5943 τῆς
1662 5872 1928 5944 ναυτικῆς

2025 4680 2192 4734 nibus
2222 4679 2402 4745 Ponti,
2429 4679 2520 4733 ubi
2552 4693 2782 4749 quaeque
2815 4679 2870 4731 in
2896 4676 3114 4731 ancoris
3136 4674 3351 4739 fuisset,
3384 4684 3609 4744 praeter-

2028 4772 2341 4842 navigando
2386 4781 2577 4839 postea
2620 4783 2946 4838 occupasse.
2994 4766 3132 4822 Cum
3177 4775 3361 4821 autem
3412 4765 3606 4820 Veneti

2023 4868 2135 4938 jam
2178 4866 2596 4935 imperatorem,
2632 4863 2725 4931 qui
2761 4872 2906 4915 terra
2937 4859 3185 4929 marique
3230 4858 3494 4912 maximas
3518 4873 3612 4910 co-

2024 4962 2146 5031 pias
2166 4958 2512 5024 contulisset,
2543 4956 2753 5010 socium
2784 4954 2891 5009 sibi
2914 4952 3296 5023 adjunxissent
3328 4950 3606 5005 triremes-

2027 5065 2137 5120 que
2172 5064 2241 5103 ex
2285 5047 2448 5103 Creta
2493 5057 2620 5101 octo
2669 5046 2852 5100 socias
2912 5043 3297 5111 accepissent,
3345 5049 3611 5110 praeterea

2027 5140 2140 5212 46
2167 5155 2263 5194 sex
2319 5152 2487 5193 naves
2538 5134 2824 5190 onerarias
2876 5134 3145 5187 maximas
3207 5132 3356 5186 omni
3410 5145 3611 5201 genere

2029 5232 2412 5287 machinarum
2449 5237 2506 5284 et
2556 5228 2741 5297 gravis
2782 5234 3077 5280 armatura:
3118 5223 3388 5277 militibus
3434 5219 3610 5290 pluri—

2029 5326 2135 5381 mis
2168 5324 2601 5390 fortissimisque
2660 5320 2959 5375 instructas
3008 5324 3444 5387 comparassent,
3498 5313 3609 5384 jam

2031 5417 2293 5473 omnibus
2358 5414 2620 5469 idoneum
2679 5423 2897 5481 tempus
2962 5410 3141 5465 visum
3202 5423 3323 5465 esse
3395 5403 3614 5481 cunctis

2031 5509 2207 5578 copiis
2236 5508 2488 5577 protinus
2503 5504 2788 5560 castellqu
2809 5502 3094 5558 adoricudi
3114 5514 3274 5570 atque
3295 5495 3612 5552 obsidendi.

2032 5600 2149 5655 Tali
2191 5598 2406 5654 ratione
2445 5597 2610 5652 rebus
2639 5596 2907 5652 inStitutis
2937 5595 3075 5649 nihil
3108 5596 3176 5648 ab
3208 5592 3276 5645 iis
3308 5590 3370 5645 ad
3399 5591 3611 5645 exitum

2032 5686 2332 5741 adductum
2365 5700 2509 5749 esse,
2543 5685 2923 5749 audiebamus,
2973 5684 3047 5738 ita
3082 5692 3142 5736 ut
3167 5680 3361 5736 classis
3391 5680 3614 5738 Venetae

2033 5779 2327 5850 pnetectus
2374 5792 2433 5832 re
2479 5778 2590 5848 jam
2649 5778 2941 5847 desperata
2985 5782 3041 5829 et
3105 5774 3461 5843 imperatore,
3519 5773 3614 5843 qui

2035 5872 2240 5928 bellum
2270 5879 2716 5942 persequeretur,
2752 5869 2967 5939 relicto,
3002 5882 3215 5925 summa
3261 5869 3616 5926 festinatione
