4088 6464
471 395 549 456 39
1716 384 1768 447 Ν
1773 386 1998 447 ICEPH
2008 386 2142 447 ORI
2180 384 2568 447 GREGORALI

3644 384 3728 447 ’40

479 500 686 572 potuit,
732 496 982 560 armatis,
1018 496 1249 552 alteram
1281 493 1436 550 misit
1471 493 1751 559 Venetias,
1802 508 1926 562 quae
1949 491 2052 562 51

2175 493 2257 553 τὰς
2289 494 2494 552 οὶκειας
2516 490 2795 544 ἐνεὸαινον
2822 489 2977 553 ναῦς,
3001 489 3099 559 οὐχ
3129 491 3240 544 ὅσοι
3261 485 3417 561 ἧκον,
3449 490 3569 543 ούδέ
3607 494 3728 561 μεθ’

479 592 674 646 Patres
704 587 920 643 nobiles
955 585 1023 640 de
1061 584 1230 639 rebus
1271 584 1441 654 gestis
1483 583 1781 637 certiorem
1812 582 2053 644 laceret;

476 683 706 736 alteram
746 680 1090 749 Byzantium,
1140 692 1263 745 qua:
1317 676 1460 728 idem
1519 677 1803 728 nuntiaret
1831 672 2055 728 Venetis

478 771 556 826 ibi
586 771 960 833 versantibus,
1009 768 1282 836 simulque
1312 764 1694 835 specularetur
1722 779 1832 834 quo
1864 763 2050 818 hostes

480 861 983 932 proﬁciscerentur.

2162 585 2353 653 ὁμοίου
2394 581 2489 636 τοῦ
2529 582 2833 653 σχήματος,
2865 581 3003 637 ἀλλά
3053 583 3201 652 μάλα
3236 583 3303 650 γέ
3353 600 3406 636 τι
3448 583 3729 650 ἀντιστρό-

2163 690 2300 742 φως·
2332 670 2474 727 εἶναι
2511 674 2612 744 μέν
2643 674 2749 743 γὰρ
2796 675 2922 737 τοὺς
2961 675 3021 727 ἐν
3053 676 3122 744 τῇ
3163 673 3400 744 πολεμίᾳ
3433 674 3616 744 ἐκείνη
3655 675 3729 743 γῇ

2162 762 2524 820 πεπτωκότας
2566 760 2665 829 οὐχ
2722 754 2888 830 ἦττον
2925 760 3330 826 πεντακοσίων,
3380 760 3731 830 τραυματίας

2159 854 2206 905 δ’
2240 850 2307 907 αῦ
2347 853 2446 922 ούχ
2498 846 2662 922 ἦττον
2710 852 2745 920 ἢ
2787 852 3077 915 τοσούτους
3116 852 3466 921 γεγενῆσθαι.
3498 853 3583 917 Ὡς
3638 851 3732 905 καὶ

481 951 929 1017 ἀναγκασθέντας
1001 946 1083 1001 ἐτι
1134 946 1327 1009 νυκτὸς
1393 944 1561 1011 ούσης
1643 943 1986 1014 πλημμελῶς
2070 943 2370 997 ἐκπλεῦσαι
2404 982 2421 1005 ,
2484 942 2812 1013 λειπομένας
2862 943 3067 1014 ἐρετῶν
3154 943 3298 1006 ἐνίας
3368 943 3734 1013 παρέλκοντες

479 1047 635 1109 ναῦς.
672 1044 920 1114 Τάχιστα
945 1044 988 1096 δ’
1024 1045 1052 1096 ό
1080 1042 1357 1113 ναύαρχος
1382 1042 1591 1103 ἐκεῖνος
1619 1040 1713 1093 καὶ
1745 1038 2051 1109 στρατηγὸς
2091 1038 2184 1092 τοῦ
2253 1038 2540 1092 Βενετικοῦ
2607 1037 2801 1092 στόλου
2827 1038 2924 1092 δύο
2955 1040 3064 1093 τῶν
3091 1039 3307 1093 οίκείων
3334 1038 3565 1102 ἑλκύσας
3595 1038 3733 1093 νεῶν

482 1142 547 1192 ἐκ
600 1140 707 1192 τῶν
756 1138 1061 1192 θαλαττίων
1092 1137 1326 1200 ὑδάτων,
1370 1136 1469 1198 τὰς
1515 1135 1718 1205 μᾶλλον
1773 1134 1883 1188 τῶν
1948 1135 2125 1189 ἄλλων
2164 1133 2627 1204 ταχυναυτούσας,
2678 1133 2773 1187 καὶ
2800 1132 2875 1196 ῶς
2900 1133 3028 1203 ἐνῆν
3078 1136 3143 1186 ἐκ
3192 1132 3289 1186 τοῦ
3318 1134 3502 1204 σχεδὸν
3569 1135 3732 1185 καθο-

490 1232 717 1292 πλίσας,
747 1230 844 1299 τὴν
902 1230 1002 1299 μὲν
1033 1230 1089 1291 ἐς
1119 1229 1219 1298 τὴν
1283 1228 1393 1281 τῶν
1436 1228 1737 1281 Βενετικῶν
1802 1228 2263 1299 ἀριστοκρατικὴν
2298 1226 2623 1282 ἀπέστειλεν
2677 1227 2949 1305 ἐξουσίαν,
2992 1227 3314 1295 φράσουσαν
3362 1228 3432 1281 τά
3481 1242 3733 1294 πεπραγ-

488 1324 643 1393 μένα,
676 1322 775 1391 τὴν
802 1320 848 1373 δ’
888 1323 945 1383 ἐς
995 1320 1317 1384 Βυζάντιον,
1346 1319 1701 1389 δηλώσουσάν
1730 1336 1791 1373 τε
1856 1318 1926 1372 τά
1992 1318 2130 1372 αύτὰ
2162 1321 2275 1383 τοῖς
2313 1318 2553 1373 ἐνταῦθα
2598 1318 2926 1385 Βενετικοῖς,
2968 1319 3060 1372 καὶ
3090 1317 3210 1387 ἅμα
3247 1318 3734 1388 κατασκεψομένην

478 1416 602 1472 τοὺς
642 1411 936 1477 πολεμίους
968 1411 1073 1480 ὅπη
1105 1410 1443 1479 πορεύοιντο.

554 1505 741 1560 XVIII.
775 1505 888 1559 Hae
919 1504 1043 1557 navi
1079 1519 1180 1575 ego
1212 1505 1327 1574 ipse
1357 1516 1546 1560 vectus
1571 1507 1794 1576 perveni
1830 1507 1898 1563 ad
1930 1508 2057 1563 Hel-

464 1599 822 1665 lespontum,
856 1595 948 1648 ubi
983 1612 1109 1649 cum
1142 1596 1308 1649 remis
1335 1597 1589 1651 inhibitis
1608 1597 1677 1652 ad
1704 1608 1922 1668 portum
1955 1599 2058 1654 Te-

483 1688 770 1741 ncdiorum
806 1686 861 1739 in
899 1685 1117 1741 ancoris
1138 1686 1637 1751 commorabamur,
1666 1689 1895 1744 nuntius
1922 1688 2058 1743 alla-

483 1788 573 1831 tus
619 1787 728 1841 est,
771 1776 1012 1831 hostium
1062 1778 1330 1843 classem,
1377 1789 1436 1832 ut
1484 1778 1703 1833 saucios
1739 1788 1960 1834 curaret
2003 1789 2060 1835 et

480 1878 750 1937 quantum
792 1869 912 1924 ﬁeri
951 1879 1136 1938 posset
1170 1870 1294 1923 loco
1348 1884 1575 1932 eorum,
1631 1870 1727 1940 qui
1774 1870 1828 1925 in
1870 1872 2059 1941 praelia

481 1961 836 2025 ceciderant,
888 1966 1270 2031 supplementa
1318 1960 1465 2016 unde
1508 1963 1823 2033 expeditum
1871 1973 2060 2030 esset,

479 2053 768 2114 scriberet.
805 2053 870 2107 ad
893 2054 1089 2108 Chium
1122 2054 1357 2109 insulam
1387 2070 1510 2109 esse
1539 2054 1848 2124 appulsam.
1881 2055 2064 2123 Quare

482 2144 660 2209 navis,
697 2145 893 2197 nuntio
926 2144 1187 2207 victorias,
1211 2160 1374 2213 quem
1406 2145 1727 2216 Byzantium
1761 2146 2060 2216 perferret,

480 2234 694 2287 homini
731 2232 990 2301 expedito
1024 2234 1341 2297 commissa,
1368 2248 1465 2288 ora
1494 2236 1673 2289 soluta
1697 2252 1859 2305 quam
1884 2239 2064 2293 celer-

484 2324 622 2376 rime
672 2323 849 2391 potuit
902 2323 1162 2378 Euboeam
1198 2326 1439 2393 repetiit.
1483 2325 1611 2378 Mihi
1653 2341 1784 2381 vero
1824 2338 2067 2396 quatuor

489 2415 603 2467 illic
630 2413 750 2468 dics
791 2416 1156 2469 commoranti
1187 2418 1573 2484 opportunitas
1612 2417 1845 2472 dabatur
1892 2418 2068 2489 Troiae

488 2507 635 2560 illius
663 2506 897 2559 obscura
930 2506 1154 2576 vestigia
1184 2507 1481 2572 invisendi,
1512 2508 1578 2563 de
1613 2525 1721 2578 qua
1750 2511 1956 2566 multus
1984 2520 2066 2567 est

485 2598 825 2652 clarissimus
864 2598 1155 2662 Homerus,
1200 2600 1347 2668 quod
1399 2600 1591 2656 classis
1650 2601 2071 2658 innumerabilis

484 2695 557 2742 ob
597 2690 859 2743 llclenam
882 2680 941 2743 in
970 2705 1092 2744 eam
1115 2691 1362 2761 profecta
1392 2693 1580 2747 multis
1609 2693 1872 2750 heroibus
1899 2696 2070 2751 amis-

484 2783 563 2835 sis
598 2792 721 2850 post
747 2782 933 2837 decem
967 2797 1141 2837 annos
1170 2781 1420 2837 funditus
1471 2799 1591 2839 eam
1624 2785 1877 2856 diripuit.
1910 2787 2071 2843 Vide-

487 2873 611 2927 bam
643 2875 810 2929 etiam
849 2874 1179 2930 Scamandri
1208 2876 1361 2929 ﬂuvii
1391 2877 1552 2939 ostia,
1591 2892 1702 2932 non
1729 2878 1972 2947 quidem,
2011 2888 2070 2934 ut

488 2964 757 3021 Homerus
781 2966 834 3021 in
866 2966 1033 3022 Iliade
1058 2968 1273 3034 scribit,
1305 2968 1439 3038 ripis
1459 2985 1489 3024 a
1513 2970 1759 3025 Vulcano
1788 2971 1860 3026 ob
1881 2971 2069 3027 Achil-

487 3058 595 3111 lem
628 3058 879 3112 Thetidis
918 3058 1091 3113 lilium
1119 3059 1354 3125 adustis,
1396 3073 1670 3131 quatenus
1708 3063 1843 3117 illud
1894 3064 2069 3120 libera

487 3149 766 3203 labulatus
794 3150 1001 3220 lingua,
1025 3150 1121 3204 sed
1150 3150 1261 3204 lilia
1290 3152 1553 3221 silvaeque
1574 3167 1639 3206 ac
1661 3153 1844 3208 herbae
1870 3153 2068 3224 insigni

2238 1510 2348 1564 III'.
2380 1509 2568 1580 Ταύτῃ
2594 1508 2659 1579 δὴ
2704 1511 2769 1578 τῇ
2802 1510 2893 1578 νηὶ
2923 1510 3016 1563 καὶ
3051 1510 3215 1574 αὐτὸς
3242 1510 3479 1580 ἐμαυτὸν
3507 1508 3737 1579 ἐμϐιϐά-

2163 1618 2262 1664 σας
2283 1596 2417 1669 ἧκον
2441 1602 2571 1669 ἄχρι
2609 1599 2704 1653 τοῦ
2741 1600 3136 1671 Ἑλλησπόντου
3155 1618 3171 1633 ο
3214 1602 3402 1657 αύτόθι
3432 1601 3542 1672 γάρ
3572 1601 3735 1671 δρμι-

2165 1697 2379 1765 σαμένη
2426 1696 2524 1748 καὶ
2573 1694 2674 1758 τὰς
2721 1694 2912 1759 κώπας
2962 1694 3211 1764 σχάσασα
3265 1693 3419 1762 παρὰ
3479 1693 3574 1746 τὸν
3623 1694 3735 1746 τῶν

2163 1789 2430 1843 Τενεδίων
2473 1787 2669 1858 λιμένα
2716 1789 2750 1858 ἠ
2796 1788 3037 1858 φέρουσα
3069 1790 3218 1859 ἡμᾶς
3261 1790 3446 1859 ἐκείνη
3478 1788 3610 1852 ναῦς
3642 1788 3736 1841 τδν

2165 1880 2277 1934 τῶν
2322 1880 2600 1950 πολεμίων
2634 1880 2864 1950 ηκηκόει
2912 1880 3101 1932 στόλον
3132 1882 3190 1944 ἐς
3218 1880 3349 1935 Χίον
3395 1883 3735 1952 κατάραντα,

2165 1973 2487 2043 ἐπιμελείας
2532 1989 2592 2026 τε
2627 1971 2692 2043 [ί.
2728 1973 2829 2026 107
2880 1972 2939 2044 α]
2989 1973 3152 2028 ἕνεκα
3202 1974 3314 2027 τῶν
3346 1973 3735 2044 πεπληγότων,

2165 2066 2262 2119 καὶ
2291 2064 2410 2137 ἅμα
2435 2066 2560 2119 ὅσον
2599 2066 2832 2119 δύναιντ’
2873 2067 2940 2120 ἂν
2968 2067 3096 2131 τοὺς
3136 2067 3247 2121 τῶν
3269 2066 3739 2137 τετελευτηκότων

2165 2161 2225 2214 ἐν
2259 2162 2327 2231 τῇ
2365 2159 2514 2229 μάχῃ
2547 2159 2748 2225 τόπους
2778 2158 3124 2227 ἐκλέξασθαι,
3154 2161 3351 2215 ὁπόθεν
3390 2163 3521 2233 ῥᾷον
3552 2160 3618 2214 ἂν
3650 2161 3739 2229 εἴη

2170 2252 2343 2320 σφίσι.
2376 2252 2467 2305 Διὸ
2492 2252 2593 2316 τάς
2622 2254 2722 2323 μέν
2767 2253 3029 2321 ἀγγελίας
3058 2252 3158 2324 τῆς
3188 2253 3348 2324 νίκης
3376 2252 3602 2323 εὐζώνῳ
3631 2256 3740 2306 τινὶ

2168 2342 2434 2396 δεδωκυῖα
2481 2343 2635 2413 ἀνδρὶ
2697 2343 2989 2414 πέπομφεν
3038 2346 3096 2408 ἐς
3140 2343 3461 2411 Βυζάντιον,
3503 2344 3644 2415 αύτὴ
3692 2343 3741 2398 δ’

2169 2434 2517 2499 ἀναζεύξασα
2536 2436 2633 2504 τὴν
2655 2437 2921 2506 ταχίστην
2943 2435 3116 2507 ᾤχετο
3135 2439 3191 2501 ἐς
3222 2435 3453 2490 Εὔϐοιαν
3477 2436 3745 2493 ἀπιοῦσα.

2182 2527 2335 2597 Ἑμοὶ
2366 2528 2421 2581 δέ
2454 2528 2721 2598 τέτταρας
2759 2529 2974 2601 ἡμέρας
3027 2529 3146 2583 ἐκεῖ
3188 2529 3567 2599 περιμείναντι
3612 2529 3742 2584 θεά-

2172 2616 2370 2671 σασθαι
2420 2621 2776 2686 προσεγίνετο
2819 2618 3019 2688 Τροίας
3070 2618 3287 2690 ἐκείνης
3344 2619 3549 2688 σκιώδη
3602 2620 3747 2689 μνή-

2171 2726 2343 2780 ματα,
2391 2704 2458 2781 ἦς
2506 2709 2673 2774 πολὺς
2724 2710 2953 2781 Ὁμήρῳ
2992 2710 3070 2781 τῷ
3120 2711 3260 2765 πάνυ
3315 2711 3492 2779 λόγος,
3525 2711 3607 2763 ὅτι
3643 2727 3747 2780 μυ-

2170 2799 2413 2870 ρίανδροι
2484 2800 2663 2854 στόλοι
2725 2799 2794 2853 δι’
2859 2800 3081 2871 Ἑλένην
3143 2802 3363 2872 ἐκείνην
3420 2801 3508 2855 ἐπ’
3572 2800 3745 2869 αὐτὴν

2170 2888 2651 2952 καταπλεύσαντες
2679 2888 2909 2953 πολλούς
2958 2905 3019 2943 τε
3070 2890 3360 2944 ἀπώλεσαν
3387 2890 3495 2943 τῶν
3527 2892 3745 2947 οἰκείων

2169 2978 2355 3048 ἥρωας
2405 2979 2504 3032 καὶ
2547 2978 2720 3049 αὐτὴν
2765 2979 2903 3048 μετὰ
2934 2979 3067 3033 δέκα
3110 2979 3205 3050 ἐτη
3254 2981 3452 3043 τελέως
3482 2981 3747 3052 ἐξηνδρα-

2170 3072 2480 3127 ποδίσαντο.
2535 3070 2880 3143 Ἐθεασάμην
2935 3072 2982 3126 δ’
3034 3071 3174 3142 όμοῦ
3236 3073 3330 3126 καὶ
3385 3074 3746 3144 Σκαμάνδρου

2171 3162 2417 3233 ποταμοῦ
2469 3163 2571 3226 τὰς
2628 3162 2899 3228 ἐκϐολάς,
2953 3162 3015 3228 ὃς
3070 3165 3221 3234 Ἴδης
3293 3165 3593 3230 άποὸλύζει
3650 3166 3749 3220 τοῦ

490 3241 902 3310 pulchritudine
932 3243 1077 3296 circa
1116 3257 1247 3296 eum
1279 3242 1496 3308 ﬂorent,
1526 3243 1729 3314 quibus
1758 3247 1922 3301 rebus
1962 3246 2069 3301 Ilo-

2175 3255 2352 3326 δρους,
2383 3255 2484 3324 ούχ
2512 3254 2588 3317 ὡς
2625 3254 2877 3325 Ὅμηρος
2912 3257 2972 3309 ἐν
3016 3256 3200 3310 Ἰλιάδι
3236 3258 3508 3328 καόμενον
3544 3260 3750 3328 γράφει

494 3335 630 3387 meri
666 3334 853 3404 lingua
880 3334 1150 3391 mendacii
1183 3339 1317 3391 satis
1337 3338 1605 3407 arguitur.
1644 3339 1728 3394 Sit
1757 3339 1833 3395 ita
1854 3356 2025 3409 sane.

2170 3344 2272 3408 τὰς
2304 3343 2470 3415 ὄχθας
2501 3344 2607 3399 ὑπὸ
2645 3344 2948 3415 Ἡφαίστου
2978 3344 3049 3400 δι’
3090 3346 3344 3417 Ἀχιλλέα
3388 3350 3479 3401 τὸν
3506 3344 3749 3414 Θέτιδος,

491 3425 613 3478 καθ’
645 3426 769 3479 ὅσον
797 3429 975 3480 ἐκεῖνο
1012 3428 1461 3500 αύτονομουμένῃ
1529 3432 1829 3500 μυθεύεται
1896 3433 2137 3507 γλώττῃ,
2178 3436 2318 3492 ἀλλὰ
2380 3436 2543 3505 κρίνα
2604 3439 2701 3491 καὶ
2768 3434 2975 3509 λόχμας
3033 3443 3124 3495 καὶ
3178 3441 3338 3512 χλόας
3397 3442 3526 3511 περὶ
3588 3442 3752 3497 αὑτὸν

491 3519 669 3583 ῶραῐα
720 3521 894 3572 πάντα
952 3520 1048 3573 καὶ
1099 3522 1197 3591 τὴν
1258 3523 1498 3593 Ὀμήρου
1540 3524 1791 3593 γλῶτταν
1830 3528 2072 3599 ἐλέγχειν
2115 3530 2296 3585 ἱκανά.
2360 3527 2508 3586 Εἶεν.

564 3612 670 3682 52
722 3613 861 3668 XIX.
895 3616 1009 3686 Ego
1031 3632 1159 3671 vero
1185 3633 1378 3672 navem
1400 3624 1712 3676 onerariam
1742 3633 1964 3694 postero
1988 3625 2077 3681 die

508 3703 832 3775 Byzantium
869 3710 1247 3778 navigaturam
1282 3722 1502 3779 nactus,
1544 3716 1765 3770 domum
1805 3717 1931 3772 veni
1967 3734 2076 3772 non

504 3797 745 3866 amplius
774 3799 962 3854 decem
998 3802 1183 3856 aureis
1206 3805 1447 3859 nummis
1475 3821 1688 3862 mecum
1714 3816 1962 3876 portans,
1994 3824 2078 3864 re-

497 3890 670 3958 liquis
704 3894 960 3947 omnibus
1000 3894 1053 3947 in
1102 3894 1392 3951 itineribus
1423 3898 1541 3954 istis
1574 3901 1935 3969 consumptis.
1968 3901 2075 3956 Ar-

496 3980 734 4036 bitratus
780 3999 932 4047 vero,
986 3984 1215 4056 singulis
1261 3990 1430 4042 rebus
1460 3991 1790 4047 necessariis
1823 3997 2073 4048 emendis

496 4076 667 4144 inagis
724 4077 921 4131 idonea
971 4092 1093 4132 esse
1152 4080 1485 4135 randuscula
1536 4092 1591 4136 et
1641 4083 1873 4138 minoris
1933 4094 2077 4140 nota:

494 4178 776 4228 nummos,
827 4180 1030 4219 aureos
1063 4166 1187 4221 illos
1229 4169 1383 4223 hisce
1430 4170 1612 4225 statim
1649 4175 2072 4228 commutabam.

497 4254 595 4308 Die
630 4265 811 4309 autem
844 4257 1155 4325 insequenti
1194 4274 1319 4313 cum
1357 4261 1632 4315 venalium
1671 4278 1855 4319 rerum
1884 4266 2077 4321 vendi-

494 4354 642 4398 tores
672 4346 931 4411 adissem,
952 4348 1208 4402 abolitam
1234 4366 1356 4406 esse
1388 4352 1732 4421 reperiebam
1759 4356 2075 4425 pecuniam,

493 4451 658 4503 quam
712 4437 766 4491 in
804 4439 1061 4494 manibus
1107 4439 1375 4495 habebam
1416 4443 1646 4513 eiusque
1695 4446 1934 4514 pretium
1968 4462 2078 4502 uno

2253 3626 2357 3682 16’.
2412 3627 2555 3697 Ἐγὼ
2613 3628 2664 3683 δ’
2720 3631 2779 3694 ἐς
2835 3630 2933 3701 τὴν
2985 3630 3281 3704 ὑστεραίαν
3342 3634 3566 3700 ὁλκάδος
3622 3638 3755 3692 άνα-

2180 3719 2422 3791 γομένης
2462 3720 2641 3793 τυχὼν
2692 3725 2749 3788 ἐς
2799 3724 3096 3791 Βυζάντιον
3147 3729 3331 3783 οἴκαδε
3385 3732 3752 3804 ἀφικομένην,

2177 3812 2331 3865 ούδέν
2358 3815 2716 3885 νομισμάτων
2744 3818 3145 3889 ἐπιφερόμενος
3166 3819 3300 3875 δέκα
3352 3825 3574 3893 χρυσῶν
3618 3828 3752 3881 ἐπέ-

2176 3919 2334 3958 κεινα
2375 3904 2577 3976 (πάντα
2620 3908 2731 3977 γάρ
2765 3925 2857 3976 μοι
2893 3910 3035 3963 κατά
3086 3912 3187 3975 τὰς
3219 3917 3506 3985 περιόδους
3535 3919 3755 3985 ἐκείνας

2175 3994 2494 4064 ἀνάλωται),
2524 3998 2686 4062 δόξαν
2720 3997 2813 4051 οὖν
2841 4001 2967 4068 ἐμοὶ
2997 4004 3116 4066 ταῖς
3141 4005 3266 4057 καθ’
3294 4006 3506 4062 ἐκαστα
3534 4012 3754 4082 χρείαις

2176 4084 2581 4156 ἀναγκαιότερα
2624 4089 2693 4142 τά
2727 4090 2851 4143 καθ’
2895 4091 3103 4148 ἐκαστα
3149 4097 3245 4151 καὶ
3272 4098 3575 4174 λεπτότερα
3608 4104 3755 4176 μέρη

2177 4176 2284 4229 τῶν
2352 4181 2704 4249 νομισμάτων
2772 4183 3061 4256 ὑπάρχειν,
3117 4188 3228 4241 τῶν
3282 4193 3541 4246 τοιούτων
3592 4197 3757 4263 εὐθὺς

2179 4268 2502 4340 ἠλλαξάμην
2536 4273 2740 4329 ἐκεῖνα.
2778 4276 2888 4330 Καὶ
2918 4281 3338 4352 προσεληλυθὼς
3372 4287 3431 4350 ἐς
3466 4288 3567 4357 τὴν
3598 4290 3757 4342 ὑστε-

2183 4361 2344 4431 ραίαν
2368 4364 2481 4427 τοῖς
2501 4364 2572 4417 τὰ
2594 4364 2730 4420 ῶνια
2762 4370 3191 4440 πιπράσκουσιν,
3208 4360 3367 4445 εὗρον
3399 4379 3759 4443 ἐκπεπτωκδς

2185 4451 2247 4505 τδ
2275 4454 2334 4506 ἐν
2376 4458 2565 4525 χερσὶν
2593 4459 2772 4512 ἐκεῖνό
2813 4479 2904 4530 μοι
2936 4463 3222 4535 χάραγμα,
3252 4468 3347 4520 καὶ
3383 4469 3440 4532 ἐς
3481 4472 3760 4542 τοσαύτην

491 4527 586 4583 die
615 4531 752 4585 adeo
783 4531 1132 4586 imminutum
1159 4571 1175 4596 ,
1227 4543 1286 4588 ut
1331 4534 1518 4588 decem
1569 4536 1645 4590 illi
1699 4540 1907 4592 nummi
1954 4549 2070 4593 octo

2188 4548 2519 4618 κατενεχθέν
2547 4551 2730 4622 ἡμέρᾳ
2762 4527 2865 4623 μιᾷ
3011 4527 3305 4624 ύφεσινὼς
3483 4562 3594 4614 τῶν
3621 4527 3759 4618 δέκα

496 4631 706 4677 tantum
738 4633 1109 4693 exa’quarent.
1142 4624 1322 4691 Quare
1347 4637 1503 4682 vetus
1530 4630 1756 4699 quidam
1782 4631 1992 4687 amicus
2021 4633 2070 4687 in

2188 4654 2280 4709 μοι
2323 4642 2683 4709 νομισμάτων
2722 4623 2954 4698 ἐκείνων
2994 4623 3271 4718 ποσότητα
3316 4623 3625 4723 καταϐῆναι
3657 4657 3759 4724 μέ-

494 4728 657 4769 aures
694 4716 829 4770 mihi
876 4717 1287 4784 insusurravit,
1323 4729 1385 4774 ut
1438 4721 1694 4790 protinus
1741 4724 1936 4779 eodem
1994 4725 2084 4780 die

495 4819 688 4860 omnes
723 4808 1040 4864 nummulos
1065 4809 1131 4864 ad
1164 4825 1251 4865 res
1275 4814 1615 4869 necessarias
1644 4816 1906 4870 emendas
1929 4818 2086 4871 adhi-

497 4898 683 4950 berem
713 4938 727 4961 ,
762 4915 829 4953 ne
878 4900 1045 4955 rebus
1074 4903 1321 4971 quotidie
1356 4904 1550 4975 Euripi
1599 4906 1877 4962 instabilis
1908 4909 2087 4963 instar

498 4988 894 5047 ﬂuctuantibus
951 4993 1084 5048 mihi
1137 4996 1451 5061 accideret,
1514 5006 1574 5051 ut
1625 4997 1775 5052 brevi
1831 5008 2084 5069 tempore

499 5080 644 5147 quod
680 5090 809 5135 tunc
836 5082 1119 5150 haberem,
1146 5088 1212 5139 ad
1249 5088 1479 5141 nihilum
1514 5090 1879 5159 redigeretur.
1900 5092 2079 5161 Atque

503 5185 638 5223 sane
673 5170 902 5225 miratus
945 5187 1066 5227 sum
1089 5213 1104 5235 ,
1137 5190 1224 5229 me
1276 5176 1406 5231 Dius
1436 5177 1654 5232 Fidius!
1690 5183 1965 5249 quomodo
1997 5180 2080 5236 sol

496 5276 593 5316 sua
626 5260 749 5314 luce
790 5261 998 5317 hancce
1033 5272 1235 5318 terram
1273 5266 1605 5324 collustrare
1638 5273 1926 5327 sustineat.
1963 5274 2080 5327 Pa-

498 5353 705 5408 tientia:
732 5367 848 5408 sua:
878 5355 1121 5410 rationes
1158 5358 1385 5414 vocibus
1413 5360 1596 5415 tacitis
1641 5362 1759 5431 ipse
1800 5364 2074 5419 sermonis

496 5460 694 5514 espers
720 5462 822 5501 nos
849 5461 880 5501 a
908 5450 1191 5503 communi
1219 5465 1405 5504 rerum
1437 5452 1632 5520 opilice
1654 5467 1907 5509 sermone
1930 5470 2075 5525 prae-

497 5535 643 5591 ditos
675 5537 874 5592 docere
921 5539 1161 5603 videtur,
1190 5541 1284 5610 qui
1311 5581 1326 5605 ,
1358 5558 1671 5613 quanquam
1699 5561 1920 5618 semper
1947 5548 2075 5605 inde

498 5630 787 5698 praeceptis
813 5632 976 5701 justis
1000 5633 1239 5688 instituti
1267 5645 1435 5705 atque
1467 5639 1782 5707 gubernati,
1823 5641 1959 5695 nihil
1993 5650 2079 5695 ta-

503 5732 629 5770 men
671 5735 909 5789 unquam
935 5739 1129 5778 eorum
1162 5741 1284 5794 qua:
1317 5744 1456 5796 opus
1486 5738 1635 5794 ειιιιι,
1660 5746 2079 5801 0030050311103.

2183 4747 2304 4800 χρις
2329 4732 2493 4787 ὀκτώ.
2528 4735 2636 4787 Καί
2665 4752 2757 4805 μοι
2792 4738 2926 4805 πρὸς
2972 4738 3066 4803 οὒς
3094 4742 3488 4813 παρεληλυθώς
3535 4764 3618 4811 τις
3649 4749 3761 4805 τῶν

2184 4820 2352 4874 πάλαι
2376 4823 2645 4888 συνήθων,
2672 4822 2987 4895 αὐθημερὸν
3013 4829 3267 4883 ἐκέλευεν
3302 4832 3579 4896 ἐξαντλεῖν
3609 4838 3761 4893 άπαν

2183 4910 2245 4963 τὸ
2273 4912 2457 4978 κέρμα
2496 4913 2554 4972 ἐς
2596 4912 2687 4965 rd‘
2705 4914 2802 4983 τῆς
2837 4916 3022 4985 χρείας
3065 4920 3492 4993 ἀναγκαιότερα,
3527 4926 3604 4999 μὴ
3637 4930 3761 4982 καθ’

2186 5003 2401 5073 ἡμέρας
2444 5005 2532 5057 ἀεὶ
2581 5004 2691 5059 τῶν
2737 5007 3016 5077 τοιούτων,
3056 5012 3130 5075 ὡς
3175 5015 3331 5083 ὁρᾷς,
3380 5018 3765 5074 άστατούντων

2188 5094 2413 5164 εύρίπου
2441 5095 2616 5167 δίκην,
2641 5101 2882 5170 καταστῇ
2919 5117 2999 5153 σοι
3027 5106 3186 5156 ταυτὶ
3210 5107 3533 5178 κεκτημένῳ
3564 5114 3766 5181 κεκτῆ-

2189 5184 2315 5239 σθαι
2345 5186 2512 5257 μηδὲν
2540 5189 2598 5240 ἐν
2621 5188 2834 5260 βραχεῖ.
2866 5190 2976 5245 Καὶ
3011 5193 3197 5262 μέντοι
3223 5197 3316 5249 καὶ
3346 5196 3659 5268 ἐθαύμασα,
3694 5204 3763 5275 νὴ

2184 5278 2277 5331 τὸν
2327 5280 2522 5347 φίλιον,
2558 5281 2707 5345 ὅπως
2754 5284 3010 5354 ἀνέχεται
3055 5287 3156 5349 τὰς
3201 5288 3411 5353 οίκείας
3462 5293 3692 5357 ἀκτῖνας
3736 5299 3765 5349 ό

2185 5370 2338 5440 ἥλιος
2374 5371 2703 5442 ἐπιλάμπων
2748 5377 2876 5447 τῇδε
2913 5380 2979 5448 τῇ
3031 5381 3124 5449 γῇ.
3166 5379 3319 5434 Ποιεί
3365 5382 3432 5449 δ’,
3464 5384 3540 5448 ὡς
3592 5386 3761 5454 ἔοικε,

2193 5464 2579 5535 μακροθυμίας
2624 5467 2861 5537 τρόπους
2895 5473 3101 5538 φωναῖς
3149 5472 3448 5542 άφθόγγοις
3494 5477 3764 5533 διδάσκων

2190 5558 2337 5627 ἡμᾶς
2383 5561 2411 5611 ὁ
2443 5558 2605 5628 λόγου
2658 5561 2887 5633 μηδαμῆ
2933 5564 3244 5634 μετασχὼν,
3292 5569 3417 5631 τοὺς
3469 5569 3613 5639 λόγῳ
3662 5573 3765 5641 μὲν

2190 5646 2523 5717 τιμηθέντας
2579 5650 2717 5721 πρὸς
2775 5651 2870 5705 τοῦ
2942 5656 3128 5709 κοινοῦ
3184 5656 3555 5727 δημιουργοῦ,
3614 5662 3765 5731 νομί-

2195 5754 2319 5807 μοις
2364 5739 2409 5793 δ’
2459 5741 2550 5795 ἀεὶ
2610 5742 3047 5815 ῥυθμιζομένους
3104 5749 3313 5802 ἐκεῖθεν
3344 5751 3763 5822 παραγγελίαις,

502 5813 803 5881 ἐπαϊοντάς
843 5832 905 5886 γε
934 5820 1042 5889 μὴν
1071 5821 1285 5889 οὐδενὸς
1305 5826 1518 5896 οὐδαμῆ
1553 5827 1675 5882 ποθ’
1700 5823 1776 5897 (Iw
1808 5830 2068 5886 ἁπάντων
2106 5833 2297 5905 ἐχρῆν.
