4088 6506
328 422 383 487 ll
1334 409 1780 481 uvzax'rme
1822 411 2209 474 mamma
2235 404 2392 470 ιλιι.
2443 369 2600 469 Κάιν
3529 398 3601 462 4.2

392 538 479 591 K".
521 536 683 591 ’Ᾱλλά
730 534 948 608 πρῶτον
991 534 1181 604 ἔμοιγε
1217 532 1376 588 τοῦτο
1416 528 1700 600 λογισμῶν
1729 527 1905 596 άλμυ-

2084 523 2202 579 ΧΧ.
2247 523 2362 579 lloc
2392 523 2560 592 igitur
2594 521 2830 590 primum
2859 516 3209 591 naufragium
3239 520 3468 576 acerbas
3498 535 3595 575 co—

329 628 437 702 ρῶν
483 628 729 698 ἐγεγόνει
769 627 1030 695 ναυάγιον
1078 623 1221 696 μετὰ
1266 622 1369 691 τὴν
1423 621 1643 691 μακράν
1684 617 1904 687 ἐκείνην

328 723 603 794 ἐληλυθότι
626 721 921 780 θάλασσαν.
953 718 1209 789 δεύτερον
1241 717 1288 771 δ’
1319 717 1355 787 ἡ
1382 715 1495 769 τῶν
1527 711 1774 785 πατρίων
1802 710 1903 781 τῆς

327 815 414 869 τοῦ
468 813 603 869 Θεοῦ
647 811 971 881 Ἐκκλησίας
1012 810 1302 879 δογμάτων
1355 807 1675 870 κατάλυσις,
1710 802 1782 858 δι’
1835 804 1904 874 ῆν

331 904 627 976 ἀρχόμενον
666 901 748 956 ἔτι
790 898 1043 969 καθάπερ
1082 896 1336 969 ὁψιγενές
1382 897 1442 949 ἐν
1470 893 1608 966 ληίῳ
1658 891 1902 957 ζιζάνιον

333 997 590 1065 φύεσθαι,
651 997 745 1050 καὶ
798 993 919 1063 ἅμα
991 988 1088 1046 σοῦ
1158 987 1629 1063 προαγορεύοντος
1686 983 1902 1041 ἀκούων

334 1090 544 1158 μέλλειν
581 1088 648 1143 δι’
684 1088 895 1142 ἔκτισιν
937 1086 1226 1157 ἁμαρτιῶν
1282 1084 1590 1154 συγχωρεῖν
1633 1079 1726 1134 τὸν
1768 1079 1905 1134 Θεὸν

332 1184 461 1238 κατὰ
489 1184 587 1253 τῆς
609 1180 768 1251 ἡμῶν
799 1177 1086 1243 εὐσεϐείας
1115 1176 1379 1246 διωγμὸν,
1409 1173 1505 1229 καὶ
1532 1169 1904 1241 ξυννενοηκὼς

332 1273 484 1337 αὐτὸς
507 1270 740 1341 ἐμαυτὸν
769 1270 831 1323 οὐ
864 1268 1225 1339 δυνησόμενος
1254 1267 1445 1328 οἴσειν,
1477 1263 1658 1331 φυγάς
1691 1261 1907 1316 ἐθελον-

333 1366 421 1435 τὴς
473 1363 538 1437 [ί.
592 1363 694 1418 107
747 1360 824 1433 6.]
870 1360 1178 1431 γεγένημαι
1209 1357 1310 1428 τῆς
1355 1356 1498 1428 ἐμῆς
1532 1354 1765 1425 ταυτησὶ
1798 1366 1906 1406 πα-

334 1458 506 1530 τρίδος
534 1455 618 1526 ἐφ’
642 1454 770 1524 ὃλην
802 1454 903 1525 ἤδη
938 1452 1300 1507 εἰκοσαετίαν.
1332 1449 1464 1504 Είθε
1494 1448 1541 1501 δ’
1571 1448 1653 1503 ἔτι
1699 1462 1903 1517 προτε-

335 1553 509 1605 τίθετο
541 1549 636 1604 καὶ
660 1547 863 1621 τελείων
893 1546 1086 1618 χρόνος
1109 1547 1177 1615 τῇ
1212 1545 1382 1614 φυγῇ.
1430 1539 1574 1595 Ἀλλ’
1604 1538 1795 1611 ἐχρῆν,
1828 1536 1904 1601 ὡς

334 1644 493 1705 ἔοικε,
529 1641 803 1704 θαλάσσας
851 1639 1139 1694 θαλασσῶν
1191 1636 1536 1704 ἀλλάξασθαι
1592 1633 1904 1706 βιαιοτέρας

334 1738 509 1809 πολὶῷ
551 1736 661 1791 τῶν
704 1733 1031 1806 ὑπερορίων.
1062 1733 1356 1794 Πλείστους
1399 1730 1508 1801 γὰρ
1542 1729 1601 1782 ἐν
1642 1725 1905 1797 ἀλλοτρία

2011 617 2306 688 gitationes
2333 615 2520 686 injecit
2545 613 2732 668 animo
2757 612 2864 685 53
2890 628 3014 668 cum
3046 628 3197 668 mare
3226 612 3359 669 illud
3383 621 3602 669 vas‘tum

2012 725 2340 782 permensus
2352 724 2530 764 essem
2554 725 2573 771 ;
2598 707 2904 764 secundum
2934 716 3116 762 autem
3143 707 3448 777 patriorum
3469 709 3606 777 dog-

2012 810 2223 857 rnatum
2284 799 2549 857 Ecclesia:
2612 799 2709 856 Dei
2756 798 3007 867 eversio;
3053 814 3218 871 quam
3272 813 3399 854 cum
3446 800 3633 869 quasi'

2013 893 2203 951 lolium
2236 895 2291 949 in
2327 909 2460 950 arvo
2497 888 2806 950 serotinum
2855 894 3042 949 enasci
3075 902 3408 963 coeptantem
3445 892 3605 948 vldeo

2012 1002 2127 1041 rem
2159 996 2325 1058 atque
2357 995 2408 1041 te
2426 986 2677 1041 audirem
2701 985 3184 1057 pmnuntiantem,
3211 985 3352 1048 fore.
3378 992 3438 1040 ut
3459 984 3608 1041 Deus

2012 1095 2114 1151 pro
2139 1089 2493 1153 peccatorum
2529 1080 2773 1137 vindicta
2803 1079 3251 1153 persecutionem
3287 1089 3488 1135 nostrae
3516 1095 3607 1136 re-

2012 1172 2236 1244 ligionis
2264 1174 2608 1241 admitteret,
2636 1190 2704 1230 ex
2738 1173 2842 1229 hac
2870 1188 2993 1229 mea
3027 1173 3226 1244 patria,
3251 1171 3400 1243 quod
3431 1171 3486 1229 id
3519 1186 3606 1227 me

2014 1266 2250 1322 tolerare
2271 1281 2380 1321 non
2403 1279 2566 1336 posse
2595 1265 2991 1337 iutelligebam.
3017 1281 3117 1337 per
3142 1269 3389 1335 integros
3409 1262 3606 1336 viginti

2013 1372 2188 1412 annos
2218 1356 2485 1429 profugus
2522 1356 2669 1428 degi.
2697 1356 2919 1415 Utinam
2946 1357 3164 1430 longius
3189 1359 3357 1415 etiam
3390 1365 3607 1426 tempus

2012 1450 2156 1521 fuga!
2201 1451 2574 1506 addidisscml
2613 1450 2710 1507 sed
2739 1450 3030 1516 debebam,
3060 1460 3120 1506 ut
3148 1451 3388 1517 videtur,
3422 1448 3606 1505 llucti-

2014 1545 2117 1602 bus
2148 1548 2350 1602 fluctus
2383 1546 2556 1603 multo
2582 1547 2890 1619 peregrinis
2911 1546 3245 1604 srevioribus
3266 1553 3603 1618 permutare.

2011 1639 2336 1710 Quanquam
2366 1647 2513 1696 enim
2555 1640 2613 1696 in
2650 1641 2906 1712 plurimis
2940 1640 3138 1697 alienis
3183 1640 3317 1696 locis
3365 1638 3633 1712 pcregri-.

2014 1738 2177 1784 natus
2208 1730 2560 1802 plurimaque
2589 1731 2760 1787 maria
2785 1730 3138 1788 transvectus
3162 1746 3308 1794 sum,
3333 1742 3606 1801 nusquam

333 1835 527 1894 τόπους
573 1826 839 1882 διελθόντι
878 1825 970 1880 καὶ
1011 1824 1273 1894 πὶείστην
1320 1819 1758 1893 περαιωσαμένῳ
1805 1819 1903 1874 θά-

2027 1837 2194 1877 .amen
2243 1822 2297 1876 in
2346 1823 2483 1878 tales
2532 1822 2734 1879 ﬂuctus
2781 1823 2989 1888 incidi,
3039 1823 3231 1895 quales
3282 1823 3375 1878 hic
3427 1822 3605 1878 coorti

333 1922 561 1986 λασσαν,
612 1919 893 1979 τοιαύταις
956 1916 1110 1972 οὔπω
1179 1915 1272 1975 καὶ
1332 1915 1430 1968 νῦν
1489 1912 1909 1984 ἐντετυχηκέναι

2027 1907 2310 1986 ιιιιιι,”‹ιιιο
2344 1930 2602 1971 reversus
2639 1930 2787 1969 nunc
2816 1931 2982 1985 quam
3007 1916 3246 1971 maxime
3277 1932 3361 1971 me
3389 1929 3608 1970 recrea-

335 2016 626 2081 θαλάσσαις
675 2012 1086 2081 ξυνεπεπτώκει
1130 2026 1246 2081 μοι,
1284 2010 1376 2065 ὅτε
1428 2006 1629 2079 μᾶλλον
1669 2006 1765 2061 καὶ
1801 2007 1906 2077 ὅπη

339 2109 540 2179 μᾶλλον
568 2105 936 2161 ἀναπνεύσειν
964 2101 1151 2175 ᾠήθην
1181 2097 1442 2155 ἐπανιών.
1476 2099 1636 2153 Πᾶσα
1669 2096 1769 2167 μιν
1802 2098 1912 2167 γὰρ

337 2197 515 2267 ἐκείνη
565 2195 804 2250 θάλαττα
850 2194 945 2247 καλ⁵
1004 2189 1217 2247 κλύδων
1269 2187 1416 2251 άπας
1475 2187 1596 2240 ἐκεῖ
1659 2183 1914 2254 σώματος

338 2291 547 2362 ἠπείλει
578 2290 837 2352 θάνατον,
865 2285 926 2339 οὗ
947 2285 1046 2355 τὴν
1083 2282 1272 2353 ἔφοδον
1319 2279 1418 2335 καὶ
1444 2278 1664 2349 φύσεως
1709 2276 1912 2331 ἀθάνα-

338 2399 426 2442 τος
455 2377 632 2448 ψῆφος
673 2374 1031 2443 ἐνομοθέτησε
1082 2371 1354 2443 πρότερον
1379 2383 1394 2400 ⁸
1427 2368 1477 2421 oi
1507 2366 1564 2420 δέ
1611 2366 1722 2420 τῶν
1752 2365 1913 2419 θείων

341 2470 621 2543 δογμάτων
668 2467 939 2539 χειμῶνες
987 2464 1085 2520 καλ⁸
1125 2462 1317 2518 κλύδω·
1339 2477 1398 2524 ες
1435 2458 1708 2515 ἀθανάτου
1733 2454 1916 2527 ψυχῆς

341 2562 758 2632 ἐπαγγέλλονται
785 2558 1037 2622 θάνατον,
1076 2555 1280 2627 ἥκιστα
1304 2553 1480 2624 πέρας
1510 2549 1668 2604 οὐδὲν
1694 2546 1913 2617 οὐδαμῆ

343 2658 457 2711 ποτ’
516 2654 757 2724 ἐνεγκεῖν
809 2649 1134 2721 δυνάμενον.
1189 2646 1385 2701 Καίτοι
1439 2642 1565 2698 οὐδὲ
1628 2639 1916 2714 πόρρωθεν

342 2749 450 2804 οὐδ’
493 2746 653 2810 αὐτὸς
698 2744 809 2799 τῶν
854 2739 1113 2796 τοιούτων
1150 2739 1416 2807 κυμάτων
1450 2734 1651 2796 τελέως
1685 2731 1916 2801 ἀνήκοος

341 2834 430 2913 ἦν.
470 2837 630 2893 Ἀλλά
679 2837 747 2907 μέ
793 2852 877 2898 τις
929 2833 1226 2887 ύπέσαινεν
1280 2830 1434 2899 ὅμως
1484 2827 1660 2891 ἐλπὶς,
1703 2839 1917 2895 μεμνη-

346 2933 504 3005 μένον
551 2930 649 3000 τῆς
706 2931 843 2997 πρὸς
888 2926 948 2981 σέ
987 2924 1082 2980 τοῦ
1125 2923 1396 2996 βασιλέως
1447 2920 1632 2990 φιλίας
1677 2920 1771 2974 καὶ
1807 2915 1918 2971 τῶν

343 3026 554 3096 νύκτωρ
607 3022 701 3076 καὶ
744 3020 863 3091 μεθ’
909 3019 1127 3090 ἡμέραν
1173 3015 1404 3084 ὁμιλιῶν
1444 3012 1698 3076 ἐκείνων,
1726 3009 1919 3071 ὁποίας

346 3122 409 3171 ἐκ
449 3115 614 3170 πόθου
648 3115 746 3169 καὶ
777 3111 1114 3183 φλεγομένης
1152 3107 1336 3179 ψυχῆς
1378 3105 1622 3160 ἐποιεῖτο
1663 3102 1802 3175 πρὸς
1835 3101 1917 3165 σὲ,

345 3211 441 3266 καὶ
483 3209 612 3281 πρὶν
641 3210 699 3272 ἐς
741 3207 833 3260 τὸν
865 3203 1140 3275 βασίλειον
1179 3201 1344 3255 αὐτὸν
1372 3196 1678 3270 ἀναχθῆναι
1703 3194 1918 3266 θρόνον,

345 3306 443 3360 καὶ
480 3305 629 3368 ὅπως
673 3302 769 3372 τῆς
810 3298 912 3369 σῆς
940 3296 1214 3370 ἐξήρτητο
1262 3293 1364 3364 μὲν
1403 3293 1500 3347 καὶ
1546 3289 1796 3361 γλώττης
1826 3287 1923 3341 καὶ⁵

345 3395 592 3466 γραφῆς.
654 3390 1066 3461 άφθονωτέρους
1130 3385 1178 3441 δ’
1252 3383 1418 3448 αὐτὸς
1485 3383 1614 3446 τοὺς
1670 3379 1924 3435 ἐντείθεν

347 3487 550 3559 ἐτρύγα
576 3483 848 3557 καρποὺς,
875 3481 951 3547 ὡς
980 3475 1120 3535 εἶναι
1158 3478 1365 3549 μηδένα
1398 3476 1510 3530 τῶν
1556 3475 1780 3529 πάντων
1814 3473 1925 3543 ὅτῳ

350 3583 469 3639 ποτ’
506 3583 574 3638 ἂν
617 3579 867 3651 οἰηθῆναι
911 3577 1043 3649 ἐνῆν
1073 3575 1401 3646 ἐγγενέσθαι
1442 3573 1522 3644 τῷ
1556 3572 1680 3644 ἧθει
1711 3571 1925 3643 τροπὴν

350 3676 557 3731 ἐκείνου
593 3672 739 3733 τινά,
774 3668 972 3740 μᾶλλον
1002 3665 1101 3737 μὲν
1131 3664 1225 3719 οὖν
1255 3665 1350 3718 καὶ
1379 3660 1776 3717 συνεπιδιδόναι
1801 3661 1924 3723 ταῖς

352 3767 445 3822 τοῦ
481 3766 674 3838 χρόνον
710 3763 927 3833 τύχαις.
961 3760 1076 3815 Νῦν
1106 3758 1154 3813 δ’
1189 3756 1469 3831 ἐληλυθὼς
1502 3755 1598 3811 καὶ
1628 3752 1816 3826 μαθὼν
1847 3751 1924 3815 ὡς

354 3862 416 3911 ἐκ
435 3855 727 3925 διαμέτρου
763 3851 832 3904 τά
862 3849 1170 3921 πράγματα
1210 3850 1396 3918 σταίη,
1428 3847 1519 3897 καὶ
1562 3841 1802 3914 ἀμοιϐάς
1841 3857 1925 3893 σοι

352 3948 519 4018 διδοίη
558 3946 666 3999 τῶν
712 3944 890 4001 πόνων
919 3943 1018 3994 καὶ
1063 3939 1307 4009 φίλτρων
1344 3939 1462 3999 οἵας
1504 3938 1588 3991 σοὶ
1631 3939 1732 4006 μὲν
1780 3934 1927 4005 ὑπὲρ

355 4039 636 4101 εὐσεϐείας
673 4032 925 4091 άθλοῦντι
971 4032 1162 4102 φέρειν
1192 4033 1384 4102 ἐχρῆν,
1418 4028 1610 4098 ἐκείνῳ
1657 4028 1702 4081 δ’
1730 4026 1922 4097 ἐπιφέ-

357 4152 474 4204 ρειν
515 4133 577 4187 οὐ
631 4131 774 4203 μάλα
803 4128 969 4201 ἐχρῆν
1016 4124 1164 4199 (οὔτε
1203 4128 1312 4195 γάρ
1353 4126 1403 4177 oi
1431 4123 1642 4196 διὼκτῃ
1668 4119 1928 4191 γενέσθαι

354 4228 453 4295 τῆς
510 4224 794 4284 εὐσεϐείας
852 4221 1040 4293 ἐχρῆν,
1089 4216 1205 4272 οὐθ’
1262 4217 1413 4281 ὅπως
1469 4214 1601 4269 ποτέ
1648 4213 1929 4285 γενομένῳ

356 4320 499 4374 κατά
537 4317 631 4371 σοῦ
666 4316 882 4387 κινῆσαι
910 4315 1007 4384 τὴν
1039 4311 1270 4383 γνώμην
1297 4310 1435 4374 ὅλως
1478 4307 1696 4380 ἐχρῆν),
1731 4306 1791 4359 σὲ
1827 4305 1930 4376 μὲν

358 4411 671 4482 ἐμακάρισα
710 4407 811 4478 τῆς
851 4405 1173 4475 καρτερίας,
1210 4402 1360 4471 αύτῷ
1391 4401 1440 4454 δ’
1481 4398 1762 4471 ἠχθέσθην
1793 4398 1930 4464 σφό·

354 4509 462 4580 δρα
516 4523 580 4574 γε
634 4505 731 4575 τῆς
792 4502 1072 4562 ἀπονοίας.
1131 4495 1350 4551 Μᾶλλον
1399 4495 1445 4550 δ’
1498 4495 1779 4565 ἐδάκρυσα
1832 4493 1932 4563 τῆς

2019 2020 2206 2064 turum
2242 2023 2365 2064 esse
2395 2008 2706 2077 sperabam.
2736 2007 2934 2063 Omnia
2962 2007 3110 2063 enim
3143 2008 3249 2063 ista
3280 2008 3453 2063 maria
3490 2022 3611 2063 om-

2018 2116 2230 2173 nesque
2268 2101 2355 2157 isti
2407 2100 2607 2157 lluctus
2654 2101 2906 2172 corporis
2963 2110 3198 2157 mortem
3250 2101 3605 2163 minitentur.

2020 2195 2182 2262 cujus
2241 2195 2528 2263 ingressus
2552 2194 2731 2264 etiam
2785 2202 2998 2249 natum
3039 2192 3334 2250 immortali
3380 2195 3606 2251 decreto

2020 2290 2327 2362 praeﬁnitus
2359 2299 2479 2358 est;
2515 2304 2832 2346 sanctorum
2864 2300 3050 2346 autem
3092 2290 3411 2366 dogmatum
3460 2303 3606 2347 tem-

2021 2391 2269 2455 pestates
2302 2391 2468 2453 atque
2498 2381 2756 2453 procellae
2794 2381 3125 2439 immortalis
3157 2382 3356 2438 animae
3387 2382 3611 2439 denun-

2022 2478 2175 2533 ciant
2210 2484 2445 2532 mortem
2472 2517 2488 2542 ,
2530 2491 2653 2546 quas
2687 2475 2900 2531 nullum
2937 2490 3179 2547 unquam
3227 2475 3391 2532 linem
3423 2475 3613 2534 sortiri

2023 2567 2220 2639 possit.
2251 2567 2576 2636 Quanquam
2607 2575 2792 2625 autem
2830 2574 3012 2622 tantos
3046 2566 3248 2624 fluctus
3279 2568 3370 2625 hic
3401 2568 3613 2626 excita-

2027 2672 2113 2718 tos
2150 2678 2275 2717 esse
2303 2676 2373 2717 ne
2400 2660 2595 2731 procul
2633 2661 2856 2731 quidem
2891 2659 3050 2731 plane
3082 2660 3403 2732 ignorabam
3434 2704 3450 2728 ,
3486 2676 3613 2733 spes

2027 2763 2209 2810 tamen
2230 2753 2526 2809 admodum
2563 2752 2763 2809 blanda
2786 2767 2874 2809 me
2906 2751 3106 2817 tenuit,
3136 2767 3261 2809 cum
3286 2754 3615 2811 recordarer

2026 2846 2306 2909 amicitia,
2345 2858 2466 2915 quae
2493 2853 2674 2900 tecum
2701 2844 3022 2914 imperatori
3056 2834 3447 2913 intercederet,
3475 2861 3613 2902 cun-

2027 2936 2453 3008 snctudinisque
2508 2936 2661 2993 illius
2710 2946 2999 2992 nocturnae
3052 2916 3394 3006 ettdiurnaa,
3445 2953 3611 3010 quam

2028 3046 2243 3087 summa
2286 3028 2590 3102 cupiditate
2637 3028 2966 3099 ardentique
2998 3030 3185 3086 animo
3217 3039 3398 3087 tecum
3448 3045 3615 3088 eser-

2028 3129 2205 3185 cerct,
2237 3120 2557 3192 priusquam
2582 3120 2651 3175 ad
2685 3121 2886 3177 solium
2918 3120 3339 3192 imperatorium
3386 3132 3615 3179 evectus

2028 3225 2199 3278 esset,
2247 3220 2416 3284 atque
2462 3220 2524 3267 ut
2558 3209 2668 3284 54
2713 3212 2825 3269 tuis
2870 3207 3228 3271 Sermonibus
3279 3212 3616 3286 scriptisque

2025 3305 2320 3363 devinctus
2346 3302 2663 3361 uberrimos
2685 3304 2904 3362 fructus
2929 3302 3061 3363 inde
3083 3305 3615 3385 collegisset.Quarc

2028 3408 2242 3456 tantum
2274 3397 2486 3463 aberat,
2514 3404 2577 3453 ut
2593 3397 2715 3469 ejus
2740 3413 2926 3456 mores
2952 3399 3312 3455 mutationem
3335 3400 3612 3471 quandam

2026 3491 2218 3548 subire
2250 3506 2414 3562 posse
2448 3491 2576 3564 quis
2616 3499 2877 3563 putaret,
2917 3500 2979 3546 ut
3015 3506 3117 3549 eos
3140 3493 3308 3549 etiam
3350 3495 3617 3564 tempOris

2026 3591 2195 3653 atque
2227 3581 2465 3639 fortunas
2489 3582 2907 3639 conditionibus
2936 3582 3335 3640 incrementum
3356 3592 3618 3656 capturos

2026 3690 2155 3732 esse
2173 3675 2558 3732 arbitraretur.
2583 3675 2724 3731 Cum
2750 3684 2934 3731 autem
2963 3684 3089 3746 post
3106 3675 3406 3732 adventum
3431 3692 3617 3734 meum

2020 3784 2442 3841 cognoscerem,
2475 3783 2662 3824 rerum
2694 3777 2899 3824 statum
2933 3769 3098 3840 plane
3127 3770 3470 3827 contrarium
3496 3786 3619 3828 esse

2028 3871 2087 3917 et
2111 3876 2239 3917 eum
2285 3861 2383 3916 tibi
2426 3875 2526 3931 pro
2560 3860 2847 3916 laboribus
2872 3869 3037 3931 atque
3071 3861 3354 3918 amoribus
3384 3865 3617 3934 gratiam

2031 3951 2195 4008 talem
2227 3951 2459 4014 referre.
2478 3952 2696 4022 qualem
2722 3961 2777 4007 tu
2797 3951 3020 4022 quidem
3039 3962 3101 4006 ut
3123 3952 3409 4021 religionis
3432 3954 3620 4010 athle-

2033 4054 2084 4099 ta
2119 4045 2375 4113 accipere
2432 4043 2698 4108 debebas,
2733 4044 2823 4098 ille
2858 4058 2991 4097 vero
3038 4043 3468 4113 haudquaquam
3528 4058 3621 4099 re-

2033 4137 2176 4193 ferre
2207 4137 2447 4192 debebat
2478 4138 2681 4206 (neque
2705 4135 2849 4190 enim
2872 4133 3195 4204 religionem
3221 4150 3465 4204 unquam
3500 4151 3625 4205 prro

2031 4230 2189 4301 sequi
2224 4245 2428 4300 neque,
2460 4228 2504 4283 si
2541 4228 2765 4298 quando
2803 4226 2910 4282 huc
2936 4227 3163 4291 faceret,
3204 4242 3424 4283 sensum
3456 4244 3622 4283 suum

2033 4324 2089 4380 in
2124 4331 2176 4379 te
2208 4322 2318 4377 ulla
2340 4337 2406 4377 ex
2440 4329 2595 4390 parte
2619 4328 2834 4375 mutare
2858 4334 2984 4376 eum
3019 4317 3299 4390 decebat),
3322 4328 3374 4375 te
3396 4320 3622 4390 quidem

2034 4418 2106 4473 ob
2138 4414 2520 4472 fortitudinem
2558 4412 2772 4468 felicem
2805 4410 3196 4482 praedicabam.
3224 4411 3302 4466 illi
3331 4420 3517 4467 autem
3550 4414 3626 4467 ob

2036 4510 2366 4564 dementiam
2395 4521 2550 4562 suam
2575 4519 2836 4575 perquam
2860 4504 3291 4569 succensebam;
3323 4504 3590 4559 vclrcmcn
3608 4534 3626 4547 -

358 4598 628 4660 ἀπωλείας
657 4598 746 4650 τὸν
776 4594 1087 4666 ἄνθρωπον.
1127 4590 1237 4645 Καὶ
1271 4590 1455 4660 μέντοι
1490 4587 1587 4641 καὶ
1615 4585 1922 4657 ἐθαύμασα,

2042 4602 2151 4655 tius
2204 4609 2385 4654 tamen
2434 4599 2555 4669 ejus
2592 4599 2877 4653 interitum
2928 4595 3334 4671 illacrymaba‘r.
3386 4595 3627 4651 Mirabar

356 4692 454 4746 sui
481 4687 777 4757 θαυμάζων
807 4686 868 4739 ού
902 4684 1205 4753 παύσομαι,
1240 4679 1355 4744 πῶς
1378 4679 1633 4732 τοσοῦτον
1676 4680 1706 4731 ό
1748 4676 1938 4730 ταλαί-

360 4800 543 4854 πωρος
578 4780 835 4834 ἐλάνθανε
866 4777 1081 4849 χρόνον,
1104 4773 1329 4844 ἀγρίους
1359 4769 1504 4824 οὕτω
1534 4770 1705 4841 θῆρας
1735 4771 1936 4829 κακέας

361 4877 424 4928 ἐν
455 4875 519 4943 τῇ
550 4872 730 4940 λόχμῃ
780 4868 992 4939 βόσκων
1043 4867 1142 4934 τῆς
1168 4865 1372 4934 ψυχῆς.
1406 4862 1598 4937 Elui-2v
1629 4856 1723 4914 οὖν
1764 4861 1938 4931 ίεροῖς

359 4981 474 5018 τισι
518 4964 606 5017 καὶ
648 4962 981 5033 ἀπορρήτοις
1040 4959 1125 5029 εἴη
1177 4957 1356 5026 λόγοις
1407 4956 1824 5026 ἐνδιαιτώμενοι)
1878 4955 1938 5007 τὸ

361 5058 617 5124 πρᾶγμα,
656 5050 995 5120 θαυμάζοιμι
1028 5046 1181 5121 μέντ’
1210 5047 1277 5102 ἂν
1309 5047 1399 5103 ἀεὶ
1429 5045 1672 5108 σιωπῶν,
1708 5045 1938 5116 ζήτησιν

358 5148 408 5202 δ’
451 5147 706 5217 οὐδεμίαν
756 5143 970 5213 οὐδαμῆ
1021 5157 1154 5195 ποτε
1198 5139 1408 5204 λύσεως
1456 5137 1841 5207 προενέγκοιμ⁹
1873 5137 1940 5191 ἂν

360 5239 558 5293 οὐδενί.
598 5235 738 5290 Ἀλλ’
781 5237 903 5290 ἀντὶ
945 5238 1163 5288 πάντων
1202 5234 1270 5286 τά
1309 5232 1407 5302 τῆς
1442 5231 1539 5300 σῆς
1588 5230 1818 5299 ἀρκέσει
1850 5246 1943 5300 μοι

361 5331 594 5401 θεωρίας
617 5328 751 5398 πρὸς
783 5326 1083 5396 θεραπείαν
1117 5323 1515 5395 φάρμακα,καὶ
1540 5323 1594 5376 εἴ
1616 5320 1721 5375 τιν’
1745 5320 1815 5375 ἄλ
1848 5337 1943 5374 ocis

364 5428 636 5496 φέρουσαν
671 5421 879 5492 βούλοιο
909 5420 1092 5490 κοινὴν
1118 5418 1360 5489 ὁμιλίαν.
1398 5416 1459 5469 Εἰ
1492 5416 1536 5468 δ’
1560 5416 1647 5485 εἴη
1682 5433 1765 5477 τις
1791 5416 1945 5486 παρὰ

365 5518 453 5570 σοὶ
490 5514 861 5584 ταμιευομένη
911 5510 1239 5581 σχολαστικὴ
1288 5525 1372 5572 τις
1415 5509 1651 5573 ἐπίνοια,
1705 5509 1780 5578 μὴ
1811 5525 1945 5561 κατ-

365 5612 514 5663 όκνει
569 5610 736 5678 κάμοὶ
793 5606 1126 5670 κοινοῦσθαι,
1177 5602 1422 5672 φιλότης.
1489 5602 1587 5655 καὶ
1645 5602 1945 5672 φάρμακον

367 5703 494 5774 ἐμοὶ
542 5702 640 5772 μὲν
694 5700 931 5770 ἀπορίας
1001 5698 1222 5768 μακρᾶς
1283 5697 1517 5763 ἐπάγειν
1587 5688 1655 5766 τῇ
1727 5696 1946 5764 διανοίᾳ.

367 5795 597 5866 νοσούσῃ
631 5792 692 5849 τὸ
734 5796 901 5864 μέρος
930 5794 1107 5855 τουτὶ,
1141 5792 1222 5845 σοὶ
1264 5788 1310 5843 δ’
1356 5789 1635 5858 ἀναπνοήν
1664 5803 1791 5842 τινα
1836 5788 1949 5841 τῶν

369 5889 474 5962 τῆς
499 5888 675 5960 λύπης
714 5886 1027 5957 Ὀλύμπων,
1060 5884 1130 5956 ἦν
1159 5900 1252 5937 σου
1280 5884 1346 5952 τῇ
1372 5880 1519 5955 ψυχῇ
1561 5882 1949 5955 προσήνεγκαν

685 5981 959 6042 Parnm.
995 5978 1114 6043 iin.
1153 5974 1404 6043 CXLIX
1498 6046 1505 6052 ,
1553 6032 1575 6054 λ

2039 4707 2172 4747 sane
2201 4706 2383 4760 neque
2423 4704 2664 4759 unquam
2693 4688 3179 4755 miraridesinam,
3205 4689 3486 4759 quomodo
3520 4690 3628 4745 mi—

2040 4798 2131 4839 ser
2167 4783 2271 4839 iste
2304 4792 2516 4838 tantum
2546 4782 2813 4851 temporis
2838 4790 2946 4836 tam
2973 4780 3119 4836 feras
3138 4790 3305 4851 atque
3343 4781 3627 4852 improbas

2041 4877 2253 4931 belluas
2272 4876 2327 4929 in
2360 4875 2528 4929 animi
2553 4873 2784 4929 latebris
2808 4874 2948 4929 clam
2975 4876 3123 4930 alere
3156 4874 3420 4945 potuerit.
3451 4875 3507 4929 Si
3537 4889 3628 4930 res

2041 4970 2216 5025 sacris
2266 4966 2604 5038 quibusdam
2643 4975 2701 5021 et
2753 4966 2973 5021 arcanis
3015 4966 3329 5023 rationibus
3378 4967 3628 5023 involuta

2040 5071 2125 5116 est
2151 5102 2166 5128 ,
2200 5059 2364 5118 tacite
2391 5074 2512 5115 eam
2540 5072 2760 5130 semper
2786 5056 3033 5112 mirabor
3071 5074 3251 5130 neque
3283 5074 3526 5131 unquam
3558 5076 3626 5114 es

2044 5153 2157 5207 ullo
2200 5151 2551 5223 quaesiverim
2577 5189 2593 5215 ,
2638 5146 2922 5221 quomodo
2970 5147 3223 5221 expediri
3261 5149 3458 5220 possit.
3520 5148 3630 5205 Sed

2044 5261 2157 5315 prae
2192 5244 2409 5301 exteris
2438 5243 2701 5298 omnibus
2741 5242 2811 5298 ad
2864 5256 3042 5297 meam
3088 5242 3433 5298 curationem
3479 5240 3634 5295 solli-

2045 5337 2195 5392 cieut
2226 5335 2667 5399 medicamenta;
2691 5348 2815 5405 qua:
2843 5344 2950 5389 tute
2968 5334 3470 5405 contemplationes
3494 5347 3635 5404 pra:-

2044 5428 2224 5494 bent,
2273 5427 2439 5482 etiam
2472 5427 2517 5481 si
2549 5425 2888 5498 colloquium
2921 5427 2991 5482 de
3040 5426 3167 5482 aliis
3207 5427 3376 5482 rebus
3417 5438 3636 5479 mecum

2050 5519 2341 5578 instituere
2368 5517 2525 5573 velis.
2548 5516 2643 5572 Sin
2669 5526 2850 5573 autem
2880 5528 3064 5573 mente
3096 5518 3313 5572 doctam
3336 5513 3637 5585 quamdam

2049 5613 2438 5684 cogitationem
2458 5613 2806 5683 conceperis,
2838 5628 2906 5667 ne
2928 5613 3032 5684 55
3053 5627 3258 5674 cesses,
3282 5610 3634 5678 charis-sime,

2050 5721 2273 5761 mecum
2304 5720 2426 5761 eam
2456 5707 2869 5761 communicare
2892 5744 2908 5771 ,
2949 5716 3009 5760 ut
3037 5705 3222 5758 animo
3258 5719 3381 5758 meo
3426 5703 3496 5757 ab
3540 5703 3643 5759 hac

2049 5808 2206 5869 parte
2245 5812 2441 5868 magna
2491 5794 2708 5851 consilii
2756 5796 2939 5866 in0pia
2989 5794 3260 5851 laboranti
3306 5793 3642 5850 medicinam

2052 5889 2267 5948 atl'cras.
2294 5889 2392 5946 tibi
2417 5901 2602 5946 autem
2630 5887 3052 5962 respirationem
3079 5904 3109 5946 a
3133 5889 3410 5948 maestitia:
3431 5883 3643 5962 ingenti

3288 5986 3327 6050 2
