4088 6470
401 387 472 452 Π
1602 384 2017 448 NICEPUORl
2057 384 2445 447 GREGOHB
3585 381 3657 446 48

398 510 874 560 sacrosanctorum
935 500 1197 559 Ecclesiae
1272 500 1591 573 dogmatum
1651 502 1968 559 defensores

2075 505 2267 568 ἀκοήν.
2305 503 2424 572 Ἀφ’
2454 501 2514 555 οὗ
2548 502 2657 572 γὰρ
2685 501 2783 566 τὰς
2811 500 3084 572 ἡμετέρας
3118 501 3284 554 πᾶσιν
3311 498 3649 554 ἀπέκλεισαν

397 595 644 666 perpessi
679 596 849 649 simus
877 634 894 657 ,
921 592 1201 663 quomodo
1232 594 1473 663 denique
1503 595 1641 649 varii
1689 595 1973 650 hominum

396 689 566 742 animi
596 688 713 742 sive
745 684 1009 741 nobilium
1037 685 1151 740 sive
1175 685 1279 740 alia
1311 685 1549 750 fortuna,
1584 700 1805 757 genere,
1841 703 1972 756 pru-

397 777 583 832 dentia
617 779 885 831 utentium
915 784 1099 832 nostra
1140 792 1303 833 causa
1346 777 1526 832 allecti
1562 777 1671 831 sint
1694 819 1710 843 ,
1742 788 1852 831 tum
1900 794 1972 834 ne

396 886 499 941 ego
520 870 742 941 quidem
766 872 1120 937 cessaverim,
1142 886 1263 940 qua:
1293 881 1417 939 apta
1439 879 1587 938 sunt,
1623 871 1718 926 tibi
1745 888 1970 941 respon-

396 960 529 1017 dere
557 970 615 1017 et
633 962 717 1017 vel
741 961 1072 1017 valetudinis
1103 962 1475 1018 imbecillitate
1507 963 1786 1034 animique
1814 965 1970 1032 aegri-

399 1056 589 1115 tudine
625 1056 937 1127 posthabita
991 1064 1136 1111 tuam
1167 1056 1358 1111 audire
1404 1056 1801 1110 narrationem.
1845 1057 1966 1123 Quo

396 1149 544 1204 enim
568 1166 634 1204 ex
662 1160 909 1220 tempore
942 1158 1162 1203 nostras
1195 1148 1342 1203 fores
1366 1148 1623 1203 erunibus
1652 1149 1971 1203 clauserunt

398 1238 569 1294 nostri
601 1249 655 1294 et
693 1239 952 1295 Ecclesia:
989 1239 1295 1303 carnifices,
1324 1239 1460 1294 nihil
1491 1240 1717 1294 omnino
1745 1238 1814 1294 de
1846 1241 1970 1294 talio

399 1328 502 1385 bus
535 1329 698 1383 rebus
731 1345 903 1400 usque
928 1329 996 1384 ad
1022 1328 1172 1385 hunc
1205 1327 1351 1385 diem
1384 1328 1724 1384 accurratius
1756 1329 1970 1386 discere

401 1420 575 1489 potui,
603 1436 919 1491 quanquam
962 1436 1152 1476 earum
1205 1420 1445 1490 cognitio
1477 1420 1715 1475 maxime
1745 1421 1879 1476 mihi
1914 1422 1970 1477 in

398 1512 600 1582 optatis
645 1522 752 1569 est.
793 1515 872 1569 Ad
902 1512 1245 1584 propositum
1279 1512 1445 1583 igitur
1475 1527 1760 1583 regressus
1784 1515 1969 1569 omnia

2084 593 2255 663 θύρας
2291 595 2339 646 oi
2374 594 2471 663 τῆς
2500 590 2785 653 εὐσεϐείας
2832 590 2927 644 καὶ
2958 589 3116 659 ἡμῶν
3162 588 3372 660 δήμιοι,
3407 589 3469 643 οὐ
3501 587 3652 642 δεδύ-

2081 685 2252 755 νημαί
2300 702 2353 737 τι
2413 684 2579 751 σαφὲς
2626 684 2752 752 rep".
2796 681 2903 734 τῶν
2943 680 3204 734 τοιούτων
3263 679 3457 748 μαθεῖν
3498 678 3653 733 οὐδὲν

2078 779 2293 849 οὐδαμῆ
2335 796 2422 831 πω
2458 779 2622 848 μέχρι
2657 777 2752 828 καί
2794 777 3057 844 τήμερον,
3093 773 3157 845 [f.
3190 774 3291 830 109
3322 790 3353 826 a
3387 770 3405 843 ]
3439 773 3533 825 καὶ
3566 773 3653 840 γε-

2077 871 2227 923 νεταί
2267 886 2357 939 μοι
2404 869 2494 922 διὰ
2529 868 2788 938 πλείστης
2829 868 3071 935 ἐφέσεως
3105 867 3136 935 ή
3167 864 3373 918 τούτων
3407 865 3553 933 μάλα
3583 863 3648 931 γέ

2075 980 2128 1016 τι
2157 963 2378 1031 γνῶσις.
2423 960 2736 1018 ’Δναλαὸὼν
2794 955 2889 1013 οὖν
2947 975 3039 1029 μοι
3080 958 3207 1025 λέγε
3254 956 3430 1012 ταῦτα
3470 957 3651 1010 πάντα

2073 1054 2198 1109 καθ’
2228 1054 2483 1117 ἕκαστον,
2514 1052 2828 1124 προστιθεὶς
2864 1050 2962 1105 καὶ
2990 1052 3083 1104 τὸν
3124 1050 3319 1121 καιρὸν
3350 1048 3489 1118 ὁμοῦ
3518 1047 3646 1102 καθ’

2071 1148 2132 1203 ὃν
2170 1165 2229 1201 τε
2278 1147 2440 1211 αὐτος
2501 1149 2557 1210 ἐς
2602 1146 2895 1211 Βυζάντιον
2922 1141 3080 1215 ἧκες,
3109 1143 3207 1198 καὶ
3259 1144 3395 1213 πρός
3446 1160 3510 1211 γε
3566 1142 3650 1196 ἔτι

2071 1240 2196 1295 καθ’
2229 1239 2289 1294 ὃν
2316 1241 2525 1294 ἕκαστα
2563 1240 2772 1293 τούτων
2806 1238 3073 1307 ἀκήκοας,
3091 1239 3166 1301 ὡς
3198 1237 3265 1291 ἀν
3299 1235 3424 1291 καθ’
3456 1235 3648 1304 είρμὶν

2073 1333 2285 1389 ἐκεῖθεν
2309 1332 2606 1401 κατιούσης
2639 1331 2737 1401 τῆς
2758 1331 3065 1401 διηγήσεως
3096 1329 3648 1400 εὐπαρακολούθητος

2072 1426 2166 1479 καὶ⁵
2197 1424 2396 1494 ἠμίνή
2440 1423 2549 1476 τῶν
2580 1420 2842 1476 τοιούτων
2885 1420 3194 1489 ἐγγίγνοιτο
3239 1418 3478 1491 μάθησις
3521 1417 3655 1471 ἑκα-

2069 1516 2312 1587 τέρωθεν
2339 1516 2651 1587 ἑκατέροις.

403 1607 537 1663 mihi
561 1606 878 1676 singulatim
900 1608 1360 1678 exponas,addito
1383 1608 1548 1664 etiam
1572 1619 1838 1679 tempore,
1859 1626 1971 1680 quo
2007 1610 2332 1686 Byzantium
2395 1614 2633 1670 redieris
2664 1622 2722 1669 et
2747 1627 2859 1684 quo
2889 1611 3133 1683 quidque
3195 1609 3495 1674 audiveris,
3543 1610 3657 1681 ω

399 1710 461 1755 ιιι
496 1698 814 1757 narratione
860 1700 986 1758 inde
1025 1717 1094 1758 ex
1131 1703 1325 1759 ordine
1369 1704 1704 1773 procedente
1753 1705 1972 1776 utrique
2007 1717 2261 1765 nostrum
2304 1707 2547 1780 cognitio
2617 1723 2801 1763 rerum
2871 1706 2941 1763 ab
2988 1715 3220 1776 utraque
3251 1714 3407 1775 parte
3439 1703 3657 1774 perspi-

399 1810 505 1852 cua
535 1794 754 1850 evadat.

464 1931 636 1987 XXII.
671 1949 691 1983 ι
721 1931 877 1998 Quod
905 1933 969 1987 azl
1005 1941 1222 2003 tempus
1267 1934 1487 2000 attinet,
1523 1933 1729 2004 inquit,
1764 1887 1968 2005 B.yzan-

2167 1934 2226 1990 '0
2263 1938 2362 2005 μὲν
2386 1935 2451 2007 δὴ
2491 1934 2680 2006 χρόνος
2719 1933 2846 1989 καθ’
2898 1932 2958 1987 ὃν
3004 1931 3245 1987 ἐπανιὼν
3280 1932 3649 1998 κατέπλευσα,

398 2029 534 2083 tium
560 2035 685 2096 post
707 2025 971 2081 caniculae
995 2032 1180 2080 ortum
1230 2033 1422 2081 testate
1465 2026 1580 2097 jam
1613 2034 1849 2081 exeunte
1884 2041 1973 2081 re-

391 2131 590 2173 versus
654 2131 796 2172 sum.
849 2116 986 2171 Navi
1047 2130 1306 2187 egressus
1349 2115 1576 2171 domum
1627 2117 1754 2173 veni
1787 2115 1975 2187 ibique

392 2206 711 2283 quindecim
759 2207 1055 2263 continuos
1095 2208 1212 2263 dies
1257 2217 1509 2264 versatus
1556 2223 1645 2263 me
1697 2207 1864 2264 refeci
1917 2217 1976 2264 et

396 2300 691 2372 navigandi
724 2300 1008 2355 molestias
1048 2298 1254 2355 sensim
1302 2300 1680 2370 paulatimque
1714 2300 1969 2355 abstersi.

397 2396 562 2449 Hisce
590 2391 789 2448 diebus
814 2391 938 2446 aliis
981 2391 1120 2446 alias
1156 2391 1344 2447 amicis
1375 2408 1462 2446 me
1513 2391 1975 2446 convenientibus

391 2495 450 2542 et
478 2499 696 2540 mecum
720 2483 1181 2539 conversantibus
1228 2494 1486 2540 accurate
1518 2484 1701 2538 omnia
1728 2483 1973 2553 comperi

391 2582 464 2638 de
504 2580 712 2652 synodc
765 2579 892 2641 ista,
935 2590 1099 2648 quam
1155 2574 1436 2640 dicebant,
1485 2591 1594 2647 qua
1646 2575 1859 2630 ratione
1906 2590 1975 2630 ex

380 2674 861 2742 .tempone'coacta
883 2676 1053 2732 esset,
1080 2682 1203 2737 quae
1234 2666 1306 2722 ibi
1334 2683 1364 2721 ιι
1390 2666 1719 2738 praesidibus
1740 2666 1974 2722 Palamae

395 2759 833 2831 suffragantibus
883 2765 941 2813 et
1007 2757 1186 2829 palam
1242 2756 1620 2828 dejerantibus
1688 2756 1973 2828 illegitime

390 2863 564 2926 gesta,
616 2866 728 2924 quo
788 2858 948 2923 pacto
981 2850 1179 2920 dogma
1228 2848 1297 2904 de
1348 2850 1534 2905 multis
1583 2849 1974 2906 divinitatibus

393 2958 573 3003 ratum
604 2945 834 3011 factum,
865 2944 1191 3015 mysterium
1220 2957 1355 2998 vero
1386 2942 1786 2998 incarnationis
1809 2957 1972 2997 ever-

392 3052 514 3094 sum
547 3046 715 3093 esset.
758 3035 962 3091 Praeter
996 3034 1105 3088 alia
1134 3047 1288 3099 vero,
1320 3048 1441 3102 quae
1488 3046 1557 3087 ne
1590 3032 1820 3087 auribus
1847 3031 1973 3109 qui-

393 3131 521 3187 dem
574 3127 888 3191 hominum,
941 3124 1036 3195 qui
1084 3125 1172 3196 pie
1221 3134 1388 3195 atque
1445 3123 1728 3179 moderate
1789 3124 1974 3179 vivere

396 3220 590 3288 velint,
621 3216 918 3289 ingerenda
948 3223 1097 3280 sunt,
1138 3211 1232 3271 illa
1264 3231 1485 3286 quoque
1535 3215 1819 3278 nimirum,
1851 3229 1975 3285 quae

394 3316 633 3373 barbare
665 3321 725 3369 et
752 3311 979 3367 efi'erate
1028 3309 1142 3375 isti,
1185 3308 1389 3379 quibus
1436 3315 1717 3379 pastorum
1764 3321 1967 3361 munus

389 3406 613 3478 rbtigit,
641 3412 953 3477 gesserunt,
1003 3401 1073 3458 de
1097 3402 1300 3472 quibus
1341 3400 1656 3472 pastoribus
1696 3399 1965 3455 Dominus

390 3499 531 3556 dixit
562 3516 580 3554 :
619 3519 641 3552 ι
671 3497 930 3555 Pastores
978 3494 1352 3558 insanicbant,
1392 3500 1642 3563 pastores
1677 3493 1965 3548 vastabant

388 3590 603 3646 vineam
631 3603 809 3645 meam
828 3589 871 3641 '.
902 3605 921 3641 ι
949 3586 1203 3656 Comperi
1224 3586 1412 3649 etiam,
1437 3594 1498 3641 ut
1525 3585 1962 3655 persecutionem

390 3683 875 3742 horribilissimam
945 3680 1149 3750 ubique
1208 3678 1573 3735 instituissent
1638 3696 1652 3735 :
1713 3686 1773 3734 ut
1837 3679 1966 3734 dein

390 3776 641 3834 nonnulli
669 3773 918 3848 episcopi
946 3788 1072 3829 cum
1095 3771 1377 3827 nonnullis
1405 3779 1459 3827 et
1483 3783 1675 3825 omnes
1696 3768 1808 3825 fere
1840 3785 1965 3825 cum

389 3869 645 3927 omnibus
670 3866 1050 3929 dissedissent,
1095 3874 1354 3934 tanquam
1397 3862 1722 3932 poenitentia
1754 3861 1881 3917 tacti
1911 3871 1967 3917 et

388 3959 770 4032 magnitudine
814 3956 1086 4012 scelerum
1118 3968 1345 4010 suorum
1378 3953 1486 4023 61
1519 3952 1625 4022 ipsi
1686 3952 1965 4020 perterriti

388 4052 756 4111 contumelias
787 4059 843 4108 et
870 4048 1191 4106 inimicitias
1231 4047 1480 4102 omnium
1513 4046 1882 4117 undecunque
1909 4047 1964 4103 in

385 4158 483 4201 eos
504 4143 768 4200 conflatus
793 4142 1018 4195 omnino
1043 4137 1187 4193 i‘errc
1214 4153 1319 4192 non
1350 4146 1574 4207 possent
1600 4153 1613 4189 :
1641 4144 1698 4189 ut
1727 4136 1968 4206 denique

388 4235 690 4304 imperator
737 4232 795 4286 in
840 4229 1054 4284 medios
1103 4228 1325 4282 irruens
1381 4227 1521 4281 alios
1573 4227 1859 4282 blanditiis
1912 4235 1969 4281 et

392 4322 805 4397 largitionibus,
845 4320 985 4375 alios
1015 4318 1178 4373 minis
1208 4318 1313 4373 sibi
1359 4316 1617 4373 subactos
1649 4317 1700 4371 in
1734 4317 1967 4372 Palama:

394 4424 576 4487 partes
607 4414 871 4470 traxisset
899 4422 954 4468 et
987 4410 1280 4483 etiecissct,
1309 4417 1367 4463 ut
1400 4423 1573 4464 novos
1614 4418 1790 4463 tomos
1814 4425 1967 4465 com~

393 4514 662 4578 ponerent
731 4504 934 4575 quibus
982 4502 1319 4571 impietatem
1368 4500 1489 4571 ejus
1549 4501 1963 4554 confirmarent.

2078 2031 2264 2098 φησὶν,
2291 2031 2345 2091 ἐς
2372 2027 2692 2094 Βυζάντιον,
2726 2027 2865 2096 μετά
2898 2026 3059 2086 κυνὸς
3088 2027 3335 2098 ὑπῆρχεν
3366 2026 3649 2092 ἑπιτολάς,

2074 2122 2335 2192 λήγοντος
2372 2121 2474 2191 ήδη
2512 2117 2609 2175 τοῦ
2662 2118 2879 2190 θέρους.
2934 2118 3111 2173 Εὐθὺς
3160 2113 3254 2172 οὗν
3304 2119 3519 2173 ἀποῆἀς
3550 2120 3653 2183 τῆς

2075 2213 2210 2278 νεὼς
2239 2212 2420 2267 οἶκαδε
2448 2212 2749 2283 ἀφικόμην,
2763 2211 2857 2266 καὶ
2886 2210 3153 2282 οἰκουρῶν
3181 2211 3567 2267 διετετελέκειν
3587 2213 3654 2283 ή-

2074 2304 2223 2366 λίους
2263 2302 2389 2373 ἑξῆς
2420 2302 2839 2367 πεντεκαίδεκα,
2870 2301 3272 2371 ἀναλαμϐάνων
3296 2319 3354 2355 τε
3382 2302 3648 2372 ἐμαυτὸν,

2076 2395 2172 2449 καὶ
2200 2394 2297 2465 τὴν
2338 2395 2403 2447 ἑκ
2452 2392 2726 2462 θαλάττης
2764 2393 2950 2464 ἠρέμα
2981 2393 3245 2447 καὶκατὰ
3290 2393 3487 2464 μικρὸν
3515 2393 3652 2447 ἀπο-

2075 2484 2397 2555 τριϐόμενος
2429 2483 2646 2554 ἀηδίαν.
2685 2485 2796 2538 Καὶ
2823 2485 2923 2553 μὲν
2943 2485 3007 2550 δὴ
3045 2484 3153 2538 τῶν
3182 2484 3406 2557 ἡμερῶν
3439 2485 3650 2556 μεταεῦ

2074 2576 2309 2630 τουτωνὶ
2359 2576 2701 2649 προσιόντων,
2740 2576 2919 2631 ἄλλοτ’
2968 2576 3145 2630 ἄλλων
3182 2575 3353 2645 φίλων
3383 2575 3479 2629 καὶ
3526 2577 3653 2645 ὁμι-

2076 2665 2313 2721 λούντων
2365 2669 2499 2737 ἡμῖν
2547 2667 2792 2738 ἀκριϐῶς
2850 2668 3142 2737 ἀκηκοέναι
3191 2685 3281 2738 μοι
3329 2669 3557 2737 γέγονεν
3587 2666 3653 2721 ἀ-

2080 2776 2278 2822 παντα,
2321 2759 2423 2829 τήν
2465 2758 2515 2812 τ’
2565 2759 2973 2830 ὀνομαζομένην
3002 2760 3202 2813 οὑτωσί
3256 2778 3375 2824 πως
3411 2759 3649 2822 σύνοδον,

2075 2853 2224 2917 ὅπως
2275 2869 2334 2905 τε
2370 2852 2733 2923 ἐσχεδίασται.
2777 2854 2873 2906 καὶ
2911 2854 3010 2907 ὅσα
3057 2853 3373 2923 πέπρακται
3422 2852 3657 2921 παρανό-

2080 2959 2195 3013 μως
2236 2945 2352 2997 ἐκεῖ
2380 2944 2515 3015 προς
2545 2945 2655 2998 τῶν
2688 2946 2969 3017 προέδρων
2998 2946 3105 2999 τῶν
3159 2945 3397 3017 Παλαμᾷ
3429 2961 3659 3014 συμμα-

2075 3033 2315 3107 χούντων
2342 3037 2436 3089 καὶ
2468 3036 3008 3104 ἀνακεκαλυμμένως
3033 3035 3459 3104 ἐπιορκούντων,
3486 3034 3567 3088 ἔτι
3590 3051 3652 3088 τε

2075 3126 2225 3191 ὅπως
2253 3128 2313 3181 τὸ
2347 3128 2445 3198 μὲν
2486 3129 2585 3199 τῆς
2624 3127 2915 3191 minem;
2953 3128 3236 3199 ἠκύρωται
3273 3129 3469 3200 δόγμα,
3504 3127 3566 3181 τὸ
3595 3127 3653 3181 δὲ

2077 3218 2174 3289 τῆς
2211 3220 2480 3291 ὲνσάρκου
2518 3221 2821 3291 μυστήριον
2851 3221 3168 3291 οἰκονομίας
3211 3221 3519 3293 ἀνῄρηται·
3557 3222 3654 3273 καὶ

2074 3313 2211 3381 πρός
2237 3329 2300 3380 γε
2333 3317 2443 3377 τοῖς
2482 3313 2685 3381 ἀλλοις,
2726 3313 2762 3369 ἀ
2794 3314 2917 3384 μηδ’
2949 3316 3088 3386 ἀκοῇ
3126 3315 3432 3387 σωφρονεῖν
3462 3314 3533 3368 δι’
3564 3315 3657 3367 εύ-

2072 3402 2287 3458 σέὅειαν
2338 3405 2754 3481 προαιρουμένῃ
2787 3407 2988 3461 διδόναι
3028 3405 3231 3479 χρεὼν,
3281 3410 3510 3464 κάκεῖνα
3552 3408 3651 3471 δη·

2066 3496 2199 3569 λαδὴ
2227 3498 2329 3551 ὅσα
2380 3498 2735 3569 βαρϐαρικῶς
2788 3515 2845 3551 τε
2882 3500 2974 3552 καί
3021 3499 3304 3569 θηριωδῶς
3356 3500 3653 3570 εἴργασται

2069 3586 2207 3655 πρὸς
2230 3586 2339 3639 τῶν
2370 3590 2682 3657 ποιμαίνειν
2707 3587 2979 3659 λαχόντων
3003 3590 3103 3657 τὴν
3136 3589 3487 3661 Ἐκκλησίαν,
3515 3595 3651 3663 περὶ

2067 3670 2143 3732 ὧν
2168 3681 2194 3732 ὁ
2225 3678 2431 3747 Κύριος
2463 3678 2591 3748 ἔφη,
2628 3697 2647 3730 ι
2690 3679 2957 3750 Ποιμένες
2986 3682 3417 3751 ἠφρονεύσαντο,
3451 3684 3651 3751 ποιμέ-

2070 3785 2158 3832 νες
2189 3769 2508 3841 διέφθειραν
2543 3770 2637 3824 τὸν
2687 3772 2987 3843 ἀμπελῶνά
3019 3791 3144 3842 μου.
3191 3794 3209 3827 ι
3272 3777 3381 3829 Καὶ
3412 3777 3528 3845 ἅμα
3556 3777 3652 3832 τὸν

2069 3861 2164 3914 ἐπὶ
2186 3861 2397 3923 τούτοις
2428 3863 2869 3933 φρικωδέστατον
2900 3866 2991 3916 καὶ
3020 3866 3361 3921 παντοδαπὸν
3383 3867 3648 3937 διωγμὸν,

2069 3952 2309 4006 κᾶπειτα
2343 3954 2493 4017 ὅπως
2523 3972 2581 4006 τε
2618 3954 2982 4026 διηνέχθησαν
3019 3956 3154 4008 ἔνιοι
3196 3958 3317 4011 κατ’
3344 3961 3503 4013 ἐνίων
3529 3962 3652 4014 ἐπί-

2070 4061 2288 4109 σκοποι,
2321 4045 2418 4099 καὶ
2449 4045 2639 4114 σχεδὸν
2690 4045 2935 4110 ἅπαντες
2989 4047 3111 4099 καθ’
3142 4050 3424 4115 ἁπάντων,
3456 4051 3648 4123 ῶσπερ

2070 4134 2135 4187 ὲκ
2177 4134 2489 4202 μεταμέλοι)
2533 4133 2593 4185 τὸ
2627 4132 2861 4204 μέγεθος
2889 4134 2999 4187 τῶν
3048 4139 3329 4207 σφετέρων
3357 4141 3649 4209 ἀτοπημά-

2069 4243 2180 4279 των
2230 4226 2681 4298 ἐκπεπληγμένοι
2733 4245 2815 4294 τε,
2852 4231 2948 4281 καὶ
2998 4228 3121 4283 οὐδὲ
3156 4232 3345 4299 φέρειν
3392 4233 3653 4300 καθάπαξ

2069 4318 2388 4389 ἀνεχόμενοι
2416 4320 2506 4382 τὰς
2539 4319 2759 4374 πάντων
2780 4321 2869 4375 διὰ
2902 4322 3073 4375 ταῦτα
3104 4323 3443 4394 πανταχόθεν
3465 4325 3650 4397 ὕϐρεις

2071 4411 2171 4464 καὶ
2200 4410 2501 4480 ἀπεχθείας
2523 4428 2539 4443 ο
2572 4414 2666 4465 καὶ
2689 4413 2835 4476 ὅπως
2872 4416 2897 4466 ὁ
2924 4414 3179 4483 βασιλεὺς
3207 4416 3411 4485 μεταξὺ
3440 4433 3654 4488 παρεμ-

2072 4501 2258 4555 πεσὼν
2293 4504 2421 4568 τοὺς
2455 4504 2554 4572 μὲν
2594 4503 2861 4566 θωπείαις
2894 4509 2983 4559 καὶ
3014 4509 3316 4578 χρημάτων
3339 4510 3648 4581 διανομαῖς.

388 4599 527 4656 Cum
575 4611 710 4653 vero
761 4596 829 4650 de
855 4594 1071 4649 caeteris
1119 4591 1378 4672 omnibus
1421 4591 1586 4646 rebus
1636 4594 1680 4645 si
1718 4605 1967 4660 qurerere

2072 4596 2198 4659 τοὺς
2225 4594 2270 4648 δ’
2302 4596 2555 4660 ἀπειλαῖς
2580 4597 2900 4668 ὑπηγάγετό
2930 4617 2987 4652 τε
3021 4601 3114 4653 καὶ
3138 4602 3214 4671 τῷ
3247 4604 3486 4677 Παλαμᾷ
3518 4623 3655 4675 συμ-

390 4699 559 4761 atque
589 4686 938 4758 percunctari
980 4684 1199 4745 vellem.
1253 4684 1459 4754 majore
1509 4682 1643 4736 mihi
1684 4682 1798 4736 otio
1831 4697 1969 4752 Opus

387 4792 557 4848 esset,
593 4782 649 4836 in
679 4781 784 4835 alia
817 4789 1064 4849 tempora
1108 4777 1158 4831 id
1202 4776 1566 4832 dificrcndum
1592 4791 1712 4830 esse
1748 4776 1962 4845 putavi,

390 4885 556 4946 atque
582 4873 797 4928 duabus
816 4880 1030 4925 tantum
1063 4870 1213 4925 hisce
1246 4870 1412 4923 rebus
1438 4869 1750 4923 accuratius
1780 4868 1968 4934 explo-

394 4964 584 5022 randis
639 4978 805 5019 omne
856 4962 1102 5017 studium
1165 4973 1222 5016 et
1272 4975 1494 5029 operam
1557 4958 1836 5029 impendi,
1909 4968 1967 5011 ut

390 5058 627 5129 primum
673 5055 895 5126 quidem
930 5068 1344 5122 cognoscerem,
1399 5067 1499 5105 cur
1551 5049 1605 5102 in
1659 5049 1963 5103 custodiam

387 5150 719 5203 atrociorem
776 5156 827 5201 te
880 5161 1045 5215 quam
1096 5145 1340 5214 reliquos
1394 5140 1786 5197 includendum
1841 5155 1964 5195 esse

387 5247 727 5315 imperantes
770 5241 1194 5297 decrevissent:
1233 5237 1435 5293 deinde
1489 5236 1753 5304 quidnam
1800 5235 1963 5289 novis

388 5337 506 5391 istis
536 5335 701 5390 tumis
727 5334 796 5388 ab
823 5330 1099 5402 episcopis
1143 5341 1202 5385 et
1249 5328 1680 5399 imperatoribus
1725 5324 1966 5395 perscri-

386 5436 723 5500 ptum‘csset
752 5436 810 5482 et
838 5440 1010 5495 quare
1045 5437 1141 5477 eos
1171 5437 1201 5475 a
1233 5435 1292 5476 se
1320 5422 1455 5490 ipsis
1484 5418 1766 5472 confectos
1795 5407 1960 5472 etiam

385 5521 531 5592 apud
563 5533 623 5574 se
667 5518 1001 5581 retinerent,
1037 5512 1379 5583 argumentis
1431 5525 1650 5577 eorum,
1699 5525 1766 5563 ne
1810 5511 1963 5579 quis.

388 5626 552 5682 quam
578 5625 645 5665 ea
675 5608 963 5678 explorare
1006 5613 1212 5675 posset,
1264 5600 1533 5673 profunda
1583 5601 1962 5657 taciturnitate

455 5812 477 5842 ¹
510 5811 713 5868 Jcrem.
755 5825 857 5874 xu,
885 5808 972 5863 1θ.

2076 4686 2285 4758 μάχους
2342 4684 2483 4740 εἶναι
2542 4690 2806 4743 πέπεικεν
2866 4692 2973 4750 ἀεὶ.
3008 4695 3105 4747 καὶ
3144 4694 3343 4762 τόμους
3402 4696 3651 4750 τίθεσθαι

2071 4777 2320 4841 καινοὺς,
2356 4780 2452 4847 τῆς
2478 4778 2644 4830 αὑτοῦ
2675 4779 2983 4847 βεϐαιωτὰς
3016 4781 3357 4847 δυσσεϐείας.
3396 4786 3518 4837 Τῶν
3552 4788 3651 4855 μὲν

2068 4864 2162 4921 οὖν
2209 4870 2387 4923 ἄλλων
2433 4869 2691 4922 ἁπάντων
2724 4870 2853 4939 πέρι
2902 4870 3089 4940 ζητεῖν
3122 4874 3219 4927 καὶ
3267 4876 3651 4946 διερευνᾶσθαι

2072 4960 2380 5031 βούλεσθαι,
2412 4961 2508 5014 ἅτε
2542 4960 2738 5031 σχολῆς
2767 4962 2996 5032 δεόμενα
3025 4966 3266 5030 πλείονος
3289 5008 3305 5033 ,
3340 4970 3551 5040 ἑτέροις
3593 4973 3645 5024 ἒ-

2072 5069 2258 5121 γνωκα
2313 5054 2422 5105 δεῖν
2457 5055 2817 5125 ταμιεύεσθαι
2848 5061 3091 5127 χρόνοις³
3141 5062 3303 5125 αὐτὸς
3345 5064 3401 5116 δὲ
3460 5067 3649 5132 μόνοις

2070 5146 2190 5198 δυσὶ
2226 5145 2466 5198 τουτοισὶ
2494 5148 2592 5217 τὴν
2619 5150 2801 5201 πᾶσαν
2844 5150 2936 5203 τοῦ
2972 5154 3138 5206 πόθου
3192 5156 3430 5225 σπουδὴν
3458 5162 3650 5225 περιέ-

2067 5237 2283 5304 κλείσοι,
2309 5240 2410 5309 τήν
2438 5257 2497 5292 τε
2525 5240 2806 5314 κάθειρξιν
2824 5247 2925 5314 τὴν
2944 5245 3044 5314 σὴν
3073 5248 3285 5316 μαθεῖν,
3308 5248 3511 5321 δηλαδὴ
3531 5254 3647 5306 πῶς

2067 5330 2123 5391 ἐς
2143 5330 2201 5382 τὸ
2230 5329 2537 5401 βιαιότερον
2567 5332 2599 5402 ἦ
2632 5335 2772 5388 κατὰ
2804 5337 2928 5399 τοὺς
2948 5337 3138 5401 ἄλλους
3170 5340 3648 5410 ὲξενηνέχθαιτοῖς

2066 5418 2332 5489 ἄρχουσιν
2385 5423 2469 5491 εἴη
2502 5422 2895 5494 ἐψηφισμένον,
2933 5429 3027 5481 καὶ⁵
3078 5428 3195 5497 ἅμα
3251 5430 3303 5483 τί
3353 5431 3420 5485 ἂν
3462 5433 3548 5503 εἴη
3580 5435 3647 5487 τὰ

2065 5512 2178 5573 τοῖς
2212 5514 2422 5575 καινοῖς
2460 5514 2597 5582 πρὸς
2645 5516 2753 5569 τῶν
2788 5517 3106 5572 ἐπισκόπων
3138 5521 3232 5574 καὶ
3263 5519 3531 5590 βασιλέων
3556 5525 3648 5591 ἑγ-

2067 5603 2433 5674 γεγρσμμένα
2462 5607 2670 5677 τόμοις,
2715 5611 2810 5663 καὶ
2849 5611 2972 5663 ὅτου
3004 5612 3162 5683 χάριν
3203 5614 3359 5668 αὐτοὶ¹
3392 5615 3515 5671 καθ’
3545 5619 3650 5671 αὑ-
