4088 6474
448 383 524 453 ιο
951 448 977 474 ς
1396 394 1848 460 BYZANTIN/E
1884 398 2281 463 HISTORIA?!
2318 404 2464 469 LIB.
2508 406 2679 472 XXV.
3486 360 3497 377 Ι
3657 416 3732 481 50

447 508 573 571 τοὺς
603 504 1009 573 συντεθεικότες
1033 506 1234 573 αὐτοὺς
1258 511 1416 567 αὐτοὶ
1444 514 1539 568 καὶ
1572 516 1869 586 κατέχουσι
1893 513 2030 587 παρ’

2150 519 2422 588 ,ιιισοιιιιίε,
2467 538 2646 596 neque
2677 525 2745 581 ad
2779 534 3021 582 vestram
3073 527 3326 587 notitiam
3372 544 3436 586 ea
3480 531 3728 601 proferre

450 602 686 667 ἑαυτοῖς,
711 602 1024 657 ἀνέκπυστα
1052 604 1692 679 τάνδονὊιωπῆξμυχοῐς
1718 609 2035 666 καλύπτον-

450 713 541 757 τες
568 696 662 748 καὶ
690 695 820 766 ὑμῖν
844 696 1166 766 ἐμφανίζειν
1190 699 1252 753 οὐ
1278 699 1424 768 μάλα
1451 700 1789 771 τολμῶντες.

397 795 403 801 '
523 786 650 841 Kl".
685 788 824 858 Περὶ
887 788 988 858 μὲν
1022 786 1118 842 σοῦ
1148 789 1338 843 πολλοὶ
1390 789 1659 857 πολλάκις
1707 794 1771 848 ὲκ
1817 793 2033 848 πολλῶν

452 881 752 951 ὲὶέχθησαν
793 881 967 951 λόγοι,
998 882 1251 954 διάφοροι
1284 885 1385 954 μὲν
1436 881 1581 940 εἶναι
1622 886 1930 951 δοκοῦντες,
1966 886 2030 960 [Γ.

458 975 558 1029 109
587 973 642 1045 b]
673 975 809 1047 πρὸς
846 974 894 1028 δ’
922 975 1021 1028 ἕνα
1048 976 1252 1040 πάντες
1297 976 1592 1049 βλέποντες
1624 980 1830 1033 σκοπόν
1855 993 1871 1009 ⁸
1902 981 2037 1048 τάγ-

453 1066 637 1137 κώμια
666 1068 735 1120 τά
759 1069 829 1122 σά
862 1064 1086 1139 δηλαδὴ,
1116 1068 1193 1131 ὡς
1220 1069 1447 1124 ἐκείνων
1481 1070 1700 1142 ἑκάστῳ
1733 1070 2034 1133 διαθέσεως

454 1160 596 1230 ἔχειν
623 1159 758 1229 πρὸς
789 1160 851 1214 σὲ
880 1161 1186 1228 συνέϐαινε,
1214 1163 1311 1216 καὶ
1352 1161 1470 1234 ἅμα
1501 1165 1867 1237 σχολαστικῆς
1897 1167 2036 1238 πρός

453 1269 518 1319 γε
545 1254 611 1306 τὰ
640 1253 898 1323 δρώμενα
927 1254 1189 1312 διανοίας.
1225 1251 1323 1320 Οἷς
1352 1274 1417 1326 γε
1452 1258 1560 1328 μὴν
1595 1260 1651 1322 ἐς
1689 1258 1757 1312 τά
1794 1260 2037 1328 μάλιστα

455 1346 676 1414 φοιτῶσι
723 1347 958 1420 Παλαμᾷ
984 1365 1043 1401 τε
1092 1348 1184 1402 καί
1217 1350 1474 1422 Κοκκίνῳ
1499 1352 1577 1421 τῷ
1619 1351 1949 1423 Ἡρακλείας
1985 1354 2039 1406 ἑ-

455 1440 707 1506 ττισκόπῳ
733 1440 885 1511 παρά
915 1441 1124 1496 τούτων
1154 1442 1347 1513 μαθεῖν
1364 1444 1766 1516 ἐναργέστερον
1789 1443 2037 1515 ἑξεγένε·

453 1550 535 1599 το,
568 1533 653 1602 εἴη
676 1534 742 1587 ἂν
769 1534 912 1600 ταδὶ,
946 1533 1005 1588 ἓν
1036 1537 1136 1606 μὲν
1158 1538 1241 1591 ὅτι
1285 1536 1607 1611 Ῥωμαϊκὴν
1651 1539 1900 1611 ίστορίαν
1925 1540 2037 1593 τῶν

454 1615 754 1697 γινομένων
780 1627 1038 1683 ἁπάντων
1069 1630 1445 1700 συγγράφοντι
1471 1648 1555 1685 σοι
1586 1634 1795 1703 σφόδρα
1826 1632 2038 1702 φιλότι-

459 1738 558 1786 μον
581 1719 640 1773 τό
670 1736 733 1788 γε
781 1721 863 1783 είς
898 1721 958 1773 σὲ
999 1714 1159 1792 ἧκον,
1210 1723 1380 1788 εἰκὸς,
1423 1722 1627 1794 μᾶλλον
1660 1725 1706 1779 δ’
1753 1725 1856 1780 οὐκ
1886 1725 2039 1790 είκδς

455 1813 571 1868 ἀλλ’
596 1814 833 1885 ἀνάγκη,
859 1816 953 1868 καὶ
978 1815 1108 1888 περὶ
1135 1815 1246 1869 τῶν
1270 1816 1755 1888 ἔκκλησιαστικῶν
1782 1818 2036 1890 συγγρά-

457 1924 578 1973 φειν
602 1907 875 1978 πολέμων.
919 1907 1017 1970 Τίς
1048 1909 1159 1979 γάρ
1188 1907 1299 1964 τῶν
1326 1908 1500 1981 μηδὲν
1550 1909 1780 1982 μηδαμῆ
1826 1926 2038 1984 προση-

456 2003 661 2056 κόντων
705 2020 789 2057 σοι
829 2003 1108 2076 δημοσίων
1153 2005 1521 2076 πραγμάτων,
1574 2005 1741 2076 φαίην
1763 2004 1810 2059 δ’
1849 2006 1917 2061 ἂν
1941 2007 2037 2062 καὶ

460 2095 887 2165 οἱκουμενικῶν,
936 2096 1300 2169 αὖθαιρὲτους
1334 2096 1589 2169 ’μόχθους
1637 2097 2039 2171 ἀναδεχόμενον

461 2189 674 2259 βλέπων
708 2205 768 2242 σε
792 2190 953 2259 δόξης
992 2190 1159 2245 ἕνεκα
1200 2190 1289 2245 δια
1318 2191 1421 2262 γῆς
1452 2191 1824 2263 πλανωμένης
1852 2193 1948 2247 καὶ
1979 2194 2039 2249 τδ

459 2285 602 2355 [χνος
629 2285 719 2338 ἐπὶ
742 2281 946 2352 σαθροῦ
979 2301 1122 2349 τινος
1163 2285 1258 2353 καὶ
1281 2283 1438 2338 νόθου
1468 2284 1638 2354 φάναι
1678 2285 1870 2350 κλέους
1892 2287 2042 2357 ὲρει·

461 2376 680 2447 δούσης,
711 2378 798 2430 ἶνα
828 2376 1036 2449 δηλαδὴ
1064 2382 1265 2447 μεστὸν
1312 2376 1545 2432 σεαυτοῦ
1581 2376 1674 2432 τὸν
1704 2376 1905 2450 ἐφεξῆς
1935 2395 2039 2432 κα-

458 2463 690 2537 ταλίπῃς
720 2463 917 2531 αίῶνα,
951 2465 1187 2538 ὑποψίας
1217 2466 1398 2521 ἀθῶον
1456 2468 1678 2538 ἀφεῖναι
1722 2468 2039 2540 ἀνάσχοιτο,

460 2560 557 2614 καὶ
587 2559 721 2630 μηδὲ
760 2560 941 2615 πᾶσαν
982 2560 1218 2616 ἐνταῦθα
1265 2561 1470 2629 μᾶλλον
1515 2562 1671 2633 ἰσχὺν
1710 2563 2041 2618 καταθεῖναί

462 2668 522 2703 σε
550 2651 845 2707 σπουδάσαι
873 2650 1152 2718 λογίσαιτο
1179 2652 1355 2722 λόγων
1382 2653 1493 2707 τῶν
1523 2653 1655 2721 σῶν,
1681 2654 1768 2709 τνα
1792 2657 1885 2709 καὶ
1915 2655 2042 2720 τοὺς

461 2744 735 2807 κλύῖωνας
764 2743 874 2798 τῶν
912 2746 1161 2816 πατρίων
1191 2745 1506 2817 δογμάτων,
1534 2747 1660 2800 ὅσον
1690 2749 1934 2817 ἐφικτὸν,
1954 2750 2044 2803 διά

465 2838 646 2910 πάσης
695 2839 1030 2911 δημοσιεύσῃ
1074 2840 1175 2909 τῆς
1228 2840 1579 2912 οἰκουμένης,
1632 2842 1729 2896 καὶ
1763 2842 1883 2910 ἅμα
1915 2842 2045 2907 τοὺς

466 2933 593 2996 σοὺς
622 2933 762 3004 ὑπὲρ
804 2933 1011 2986 τούτων
1042 2933 1256 3003 ἀγῶνας
1286 2934 1522 3006 ἐνδείξῃ,
1554 2934 1650 2989 καὶ
1674 2932 1767 2999 οὓς
1795 2936 1882 2989 ἀεὶ
1907 2936 2046 3007 πρὸς

462 3027 571 3082 τῶν
621 3027 926 3092 κακοδόξων
972 3027 1254 3091 κινδύνους
1296 3027 1591 3097 ὲφίστασαι
1617 3065 1631 3089 .
1678 3029 2045 3083 παντοδαπῶν

463 3118 762 3184 ἀπόζοντας
786 3118 1035 3173 θανάτων
1055 3136 1072 3186 ;
1095 3119 1192 3173 Ἐν
1226 3119 1325 3191 μὲν
1345 3120 1410 3191 δὴ
1440 3118 1533 3175 οῦν
1573 3120 1733 3175 τοῦτο
1764 3122 1934 3192 φασὶν
1961 3122 2049 3177 aI-

2136 612 2427 672 auderent.

2138 812 2146 837 τ
2212 797 2405 854 XXIII.
2455 800 2532 855 De
2590 808 2643 857 te
2678 801 2847 874 igitur
2891 799 3048 859 multi
3094 818 3241 873 saepe
3271 818 3303 859 a
3337 803 3526 859 multis
3579 802 3728 860 fere-

2138 889 2347 945 bantur
2385 884 2691 953 sermones.
2724 893 2816 963 qui
2870 909 3185 966 quanquam
3240 896 3387 952 inter
3432 912 3493 952 se
3524 895 3729 953 diversi

2139 984 2494 1047 videbantur,
2528 984 2594 1039 ad
2627 1002 2795 1039 unum
2849 995 3031 1042 tamen
3075 1004 3271 1046 omnes
3311 988 3477 1046 finem
3509 997 3730 1058 specta-

2139 1076 2295 1138 bant.
2351 1076 2416 1130 ad
2456 1088 2580 1132 tuas
2629 1079 2843 1134 scilicet
2895 1080 3106 1145 laudes,
3148 1093 3314 1150 prout
3360 1083 3599 1153 quisque
3645 1080 3733 1137 vel

2138 1166 2325 1222 animo
2359 1168 2412 1221 in
2451 1177 2505 1223 te
2534 1168 2768 1225 affectus
2796 1170 2880 1225 vel
2909 1171 3122 1243 judicio
3154 1173 3224 1228 de
3269 1175 3457 1241 rebus,
3485 1189 3608 1243 quae
3634 1187 3733 1244 ge-

2140 1270 2362 1323 runtur,
2391 1261 2657 1330 prmditns
2688 1270 2826 1316 erat.
2865 1263 2967 1331 Qui
2998 1280 3131 1320 vero
3162 1266 3401 1321 maxime
3451 1266 3731 1321 Palamam

2139 1360 2196 1407 et
2223 1354 2547 1419 Coccinnm,
2588 1354 2864 1411 Heracleae
2903 1358 3256 1427 episcopum,
3312 1358 3734 1429 frequentantes

2138 1446 2249 1516 62
2280 1445 2578 1501 dilucidius
2624 1446 2693 1501 ab
2743 1449 2878 1517 ipsis
2933 1464 3024 1505 res
3066 1464 3399 1521 cognoscere
3450 1459 3731 1522 poterant,

2139 1537 2307 1593 hasce
2340 1537 2455 1593 fere
2489 1555 2685 1595 causas
2711 1541 2948 1596 afferunt
2980 1559 2994 1598 :
3032 1543 3270 1612 primum
3306 1543 3552 1613 quidem,
3582 1543 3732 1615 quod

2143 1630 2243 1687 tibi
2279 1630 2569 1687 historiam
2603 1634 2910 1689 Romanam
2950 1636 3202 1691 omnium
3239 1651 3450 1704 rerum,
3480 1651 3605 1707 qua
3641 1652 3737 1707 ge-

2140 1731 2364 1789 runtur,
2421 1734 2692 1793 quantum
2744 1726 2801 1780 in
2839 1736 2890 1782 te
2919 1736 3023 1792 est,
3059 1726 3357 1783 ambitioso
3378 1727 3562 1784 studio
3604 1743 3737 1785 con-

2143 1815 2410 1871 scribenti
2437 1825 2874 1872 consentaneum
2899 1817 2984 1873 vel
3017 1817 3203 1888 potius
3230 1819 3612 1876 necessarium
3637 1819 3732 1886 sit,

2140 1909 2313 1965 etiam’
2369 1909 2441 1965 de
2506 1909 2911 1966 certaminibus
2964 1910 3359 1967 ecclesiasticis
3430 1926 3733 1982 exponere.

2139 2001 2276 2068 Quis
2300 2001 2475 2068 enim,
2505 2001 2602 2072 qui
2645 2002 2939 2058 molestum
2994 2019 3085 2057 res
3133 2003 3405 2074 publicas,
3457 2018 3582 2076 qua:
3629 2005 3735 2059 tui-‘

2139 2096 2291 2151 nime
2326 2095 2394 2150 ad
2431 2105 2481 2151 te
2509 2095 2810 2166 pertinent,
2842 2107 2899 2152 et
2930 2111 3105 2166 prepe
3144 2097 3378 2152 dixerim
3435 2106 3551 2153 toto
3595 2097 3733 2155 orbe

2142 2199 2414 2245 terrarum
2465 2198 2650 2260 gestas
2716 2188 3111 2245 conscribendi
3157 2189 3405 2245 laborem
3472 2199 3528 2245 te
3584 2188 3733 2245 ultro

2143 2279 2544 2351 suscipientem
2594 2279 2781 2335 videat
2835 2279 3026 2349 gloria:
3071 2294 3239 2336 causa
3288 2289 3497 2336 terram
3536 2294 3735 2351 perm-

2144 2372 2327 2444 gentis
2357 2380 2414 2428 et
2441 2371 2736 2444 vestigium
2762 2371 2955 2443 putida
2977 2373 3214 2443 quadam
3239 2380 3315 2439 et,
3346 2381 3407 2428 ut
3429 2373 3505 2429 ita
3527 2373 3735 2439 dicam,

2144 2466 2457 2521 adulterata
2510 2463 2659 2520 fama
2718 2464 3033 2530 innitentis,
3098 2465 3361 2522 nimirum
3425 2474 3486 2522 ut
3551 2466 3735 2521 futura

2145 2557 2344 2613 saecula
2403 2568 2493 2613 tua
2545 2556 2718 2629 gloria
2768 2556 2929 2628 plena
2979 2556 3285 2629 relinquas,
3317 2561 3384 2613 te’
3416 2557 3736 2629 suspicione

2145 2651 2384 2707 liberum
2418 2652 2605 2707 sinere
2623 2650 2946 2718 sustinebit,
2972 2665 3151 2721 neque
3175 2655 3359 2721 potius
3384 2666 3605 2709 omnem
3625 2651 3738 2707 vim

2148 2753 2373 2799 tuorum
2406 2749 2699 2799 verborum
2742 2743 2798 2798 in
2829 2758 2898 2799 eo
2936 2752 2989 2798 te
3020 2758 3230 2814 ponere
3262 2743 3647 2809 arbitrabitur,
3678 2752 3742 2799 ut

2146 2838 2315 2893 etiam
2347 2847 2703 2908 tempestates
2734 2837 3042 2907 patriorum
3087 2836 3431 2907 dogmatum,
3465 2845 3738 2907 quantum

2148 2931 2270 2988 fieri
2304 2932 2502 3001 possit,
2536 2946 2636 3003 per
2665 2941 2839 2986 totum
2866 2930 3060 2986 orbem
3089 2932 3316 3001 evulges
3341 2931 3621 3000 simulque
3645 2939 3737 2986 tua

2148 3026 2453 3081 certamina
2490 3040 2590 3095 pro
2618 3024 2688 3083 iis
2729 3033 2984 3094 suscepta
3034 3037 3201 3094 atque
3248 3024 3512 3093 pericula,
3546 3038 3742 3079 omnes

2152 3129 2360 3175 mortes
2402 3118 2734 3183 redolentia,
2763 3119 2833 3172 ab
2867 3115 3137 3185 improbis
3165 3115 3263 3172 tibi
3299 3131 3523 3187 semper
3556 3116 3743 3172 inten-

463 3226 577 3264 τιον
624 3209 719 3265 τοῦ
754 3226 817 3280 γε
861 3210 926 3281 δὴ
973 3210 1083 3265 τῶν
1114 3210 1292 3265 ἄλλων
1332 3212 1536 3283 μᾶλλον
1562 3213 1704 3267 κατά
1741 3212 1835 3267 σοῦ
1874 3218 2045 3271 κινεί-

2154 3220 2265 3267 ι.ιῑιι
2304 3210 2605 3266 ostendas?
2669 3209 2821 3265 llanc
2882 3223 3049 3264 unam
3083 3222 3205 3263 esse
3257 3221 3480 3264 causam
3523 3206 3742 3272 dicunt,

468 3302 592 3358 σθαι
637 3303 761 3367 τοὺς
814 3303 1151 3372 ἀντιθέτους,
1202 3306 1299 3359 καὶ
1350 3305 1612 3360 τοιούτων
1662 3324 1747 3361 σοι
1778 3307 2045 3378 διηνεκῶς

466 3396 822 3461 συσκευάζειν
853 3394 1101 3451 θανάτων
1122 3396 1410 3469 κρατῆρας
1434 3414 1449 3431 ο
1482 3398 1738 3471 δεύτερον
1760 3400 1806 3456 δ’
1827 3402 2047 3457 ὅτιτῶν

465 3491 643 3546 ἄλλων
670 3490 967 3563 ἀφρόντιδα
997 3490 1113 3561 βίον
1160 3492 1256 3547 καὶ
1286 3493 1529 3564 άμοχθον
1576 3495 1719 3549 οῐκοι
1743 3497 2048 3567 διατριὸόν-

464 3599 597 3644 των,
628 3585 728 3636 οὐκ
753 3582 978 3653 ἠμέλεις
1013 3581 1179 3654 ζήλου
1214 3582 1279 3637 σὺ
1321 3585 1418 3638 καὶ
1449 3584 1680 3654 Bap-$600
1708 3588 1911 3650 παντὸς
1942 3589 2049 3658 ἐμ-

467 3676 683 3731 πιπλῶν
740 3675 810 3730 τὰ
870 3676 1140 3747 βασίλεια,
1196 3677 1290 3731 νῦν
1343 3678 1468 3747 μὲν,
1502 3677 1597 3742 οὓς
1637 3679 1912 3747 εὐγένειαι
1952 3686 2049 3736 καὶ

466 3768 658 3838 χρόνον
723 3765 885 3837 τύχαι
950 3766 1258 3837 περιοδικαὶ
1312 3767 1632 3837 κοσμοῦσιν,
1672 3768 1895 3839 ἔχεσθαι
1947 3770 2048 3842 μὲν

467 3859 735 3932 λαμπρῶς
774 3860 859 3914 ἀεὶ
891 3859 1001 3913 τῶν
1042 3861 1288 3930 πατρίων
1319 3858 1590 3916 διδάσκων
1636 3860 1776 3916 ἐθῶν
1818 3864 1914 3916 καὶ
1958 3863 2048 3918 νό-

469 3967 610 4017 μων,
640 3947 947 4020 ἀπέχεσθαι
993 3948 1050 4002 δὲ
1084 3949 1193 4003 τῶν
1231 3950 1488 4019 ἀθέσμων
1517 3949 1611 4005 τοῦ
1654 3951 1894 4022 Παλαμᾶ
1921 3970 2049 4010 καιο

468 4039 767 4109 νοφωνιῶν,
816 4040 910 4095 νῦν
939 4040 985 4095 δ’
1024 4041 1188 4094 αὑτὸν
1226 4041 1466 4114 ἐλέγχων
1519 4043 1625 4116 ίδίᾳ
1653 4061 1712 4098 τε
1757 4045 1854 4100 καὶ
1882 4046 2050 4118 δημο-

470 4134 563 4206 σίᾳ
584 4133 676 4187 τὸν
708 4133 958 4206 βασιλέα,
991 4135 1088 4189 καὶ
1122 4135 1217 4190 νῦν
1253 4135 1352 4206 μὲν
1386 4135 1523 4207 ὁμοῦ
1564 4136 1642 4207 τῷ
1677 4138 2051 4210 πατριάρχεύ-

470 4244 623 4282 σαντι
656 4229 785 4299 πρὶν
818 4229 1100 4300 Ἰσιδώρῳ,
1129 4229 1224 4284 νῦν
1268 4229 1313 4283 δ’
1345 4228 1483 4300 ὁμοῦ
1532 4228 1612 4301 τῷ
1640 4231 1894 4285 δυσσεόεῖ
1938 4233 2051 4287 Πα-

469 4320 641 4394 λαμᾷ,
662 4327 755 4377 καὶ
778 4324 875 4377 νῦν
912 4324 1012 4395 μὲν
1047 4324 1326 4394 Ἰουλιανῷ
1358 4325 1728 4395 παραϐάλλων
1755 4327 1849 4380 καὶ
1875 4326 2054 4392 Meﬁt-

475 4416 671 4487 μιανῷ,
710 4415 806 4469 νῦν
848 4415 893 4469 δ’
926 4416 1322 4488 Είκονυμάχοις
1354 4419 1451 4473 καὶ
1490 4419 1602 4480 τοῖς
1628 4418 1895 4483 τοιούτοις
1925 4418 2052 4474 διώ-

473 4527 648 4574 κταις.
679 4509 909 4563 Κᾶπειτ⁹
936 4509 1035 4579 οὐχ
1060 4510 1206 4573 ὅπως
1235 4511 1295 4563 οὐ
1316 4514 1427 4574 τοῖς
1459 4510 1723 4575 τοιούτοις
1747 4511 2049 4585 ἠρκέσθης,

2154 3312 2382 3375 prepter
2422 3318 2588 3375 quam
2619 3301 2922 3357 adversarii
2960 3300 3013 3355 in
3049 3311 3101 3355 te
3136 3299 3542 3367 vehementius,
3575 3314 3743 3370 quam

2154 3396 2208 3451 in
2246 3396 2517 3466 reliquos,
2551 3394 2765 3450 incitati
2802 3395 2914 3449 sint
2967 3393 3180 3465 tibique
3228 3405 3502 3465 perpetuo
3550 3392 3745 3448 morti-

2153 3489 2270 3546 fera
2301 3490 2498 3561 pocula
2549 3496 2896 3558 comparent.
2951 3487 3137 3542 Altera
3200 3501 3369 3543 causa
3419 3496 3526 3552 est,
3572 3484 3742 3556 quod,

2151 3583 2275 3640 aliis
2315 3582 2465 3639 domi
2500 3583 2671 3637 vitam
2703 3597 2956 3637 securam
2993 3589 3051 3637 et
3085 3580 3377 3637 socordem
3429 3578 3745 3651 agentibus,

2153 3688 2210 3733 tu
2248 3693 2357 3733 non
2409 3677 2667 3734 cessabas
2715 3678 2835 3733 zelo
2864 3686 2921 3732 et
2978 3677 3156 3733 turbis
3204 3676 3462 3732 omnibus
3516 3675 3747 3745 implere
3811 3688 3816 3693 '

2153 3773 2444 3845 palatium,
2475 3787 2602 3830 cum
2635 3773 2853 3840 generis
2888 3770 3178 3827 nobilitate
3209 3780 3267 3827 et
3315 3770 3556 3826 fortuna:
3589 3767 3748 3824 vicis-

2152 3866 2496 3924 situdinibus
2518 3875 2751 3922 ornatos
2773 3865 3062 3937 Splendide
3086 3865 3296 3936 patrios
3322 3863 3434 3936 63
3485 3877 3667 3919 mores
3689 3872 3747 3920 et

2152 3962 2303 4033 leges
2340 3974 2564 4030 semper
2587 3960 2868 4029 amplecti,
2898 3958 3207 4030 illegitimis
3231 3965 3414 4012 autem
3445 3955 3746 4011 verborum

2153 4051 2499 4109 novitatibus
2549 4050 2784 4106 Palamre
2832 4049 3118 4105 abstinere
3162 4049 3416 4115 doceres,
3453 4049 3508 4102 in
3562 4048 3745 4118 ipsum

2152 4153 2340 4201 autem
2373 4143 2765 4215 imperatorem
2794 4141 3047 4214 privatim
3078 4154 3245 4213 atque
3275 4140 3497 4213 publice
3539 4154 3747 4211 oppro-

2154 4238 2273 4293 bria
2307 4237 2587 4308 injiceres,
2616 4237 2780 4292 modo
2810 4252 2936 4291 cum
2973 4251 3081 4291 una
3134 4250 3260 4291 cum
3308 4233 3547 4301 Isidoro,
3582 4245 3747 4288 antea

2153 4329 2583 4402 patriarcbicam
2637 4329 2827 4385 sedem
2884 4327 3193 4393 obtinente,
3255 4325 3421 4382 modo
3453 4341 3561 4380 una
3618 4341 3748 4382 cum

2154 4421 2325 4492 impio
2359 4421 2577 4477 Palama
2606 4463 2622 4486 ,
2661 4431 2777 4476 tum
2832 4435 2958 4477 cum
3011 4419 3232 4477 Juliano
3283 4428 3341 4474 et
3387 4417 3747 4480 Maximiano,

2155 4524 2271 4569 tum
2312 4530 2436 4570 cum
2469 4514 2854 4571 lconomacltis
2892 4524 2948 4569 et
2982 4512 3255 4585 ejusmodi
3294 4512 3751 4582 persecutoribus

473 4603 610 4657 άλλά
637 4604 827 4676 καύτῷ
862 4602 1061 4675 μακρῷ
1104 4604 1370 4675 συνεδρίῳ
1397 4604 1495 4672 τῆς
1527 4605 1731 4658 ἀτόπου
1767 4604 2046 4674 φάλαγγος

2156 4607 2552 4679 comparando.
2608 4606 2817 4675 Deinde
2874 4605 3022 4676 quod
3079 4605 3232 4659 hisce
3285 4619 3394 4658 non
3451 4612 3750 4659 contentus

472 4698 582 4749 τῶν
626 4698 903 4767 ποιμένων
948 4695 1178 4751 ἐκείνων
1226 4697 1761 4770 πεπαρρησιασμένῃ
1786 4697 1880 4751 καὶ
1910 4697 2051 4750 άπα-

475 4790 826 4862 ρακαλύπτῳ·
844 4794 913 4862 τῇ
949 4792 1167 4864 γλώττῃ
1197 4790 1618 4862 παρεισκυκλιῗιν
1643 4793 1744 4845 οὐκ
1769 4790 1940 4855 άνὶεις
1962 4793 2056 4846 καὶ

476 4884 939 4955 ἑπαναλαμὸάνων
969 4884 1109 4940 αὑτά
1130 4903 1189 4939 τε
1217 4886 1412 4946 ταῦτα,
1443 4870 1669 4954 milia.
1683 4885 1889 4939 τούτων
1911 4903 2057 4958 παρ-

475 4979 700 5050 ενείρων
740 4978 936 5049 μείζω,
978 4981 1070 5033 καὶ
1095 4980 1519 5050 προσονειδίςων
1547 4979 1693 5049 μάλα
1730 4996 1791 5048 γε
1818 4979 2057 5051 πικρῶς,

474 5074 567 5126 καὶ
614 5073 755 5127 κατὰ
810 5073 1010 5129 σαυτοῦ
1068 5072 1241 5145 συχνὰ
1290 5073 1464 5127 ποιῶν
1520 5071 1914 5144 μανικώτερον,
1962 5074 2059 5126 mi.

476 5163 651 5230 ταῦτ’,
687 5165 847 5236 εἴπερ
878 5182 965 5229 τις
1012 5166 1221 5235 ἕτερος,
1251 5163 1410 5229 εἰδὼς
1456 5165 1640 5230 αὐτὸν,
1674 5163 1749 5228 ὡς
1779 5165 1941 5236 εἴπερ
1966 5163 2058 5219 καὶ

475 5257 731 5328 αὐτῆμαρ
777 5257 1104 5327 καταπέψει,
1156 5257 1296 5313 ἀλλά
1325 5275 1388 5328 γε
1435 5258 1529 5311 καὶ
1563 5255 1893 5326 μετόπισθεν
1942 5255 2059 5327 ἔχει

476 5350 655 5415 κότον,
690 5348 835 5420 ὖφρα
864 5351 1114 5423 τελέσσῃ.

553 5445 678 5498 KA'.
706 5442 903 5514 Τρίτον
952 5445 1035 5498 ὅτι
1079 5442 1360 5514 χλευάζων
1406 5441 1604 5507 αὐτοὺς
1642 5441 1781 5513 πρὸς
1827 5440 2062 5511 ἀπειλῆς

477 5536 782 5607 ὀνήνεγκας
830 5535 1037 5606 σχῆμα,
1070 5536 1256 5603 λόγοις
1302 5535 1713 5606 ἁντιρῤητικοϊς
1769 5533 2064 5589 καταλύειν

474 5626 567 5681 τὸν
600 5628 791 5699 τόμον,
820 5627 880 5682 ὃν
907 5628 1063 5683 αὐτοὶ
1096 5629 1296 5684 νεωστὶ
1326 5630 1422 5683 καὶ
1459 5628 1634 5698 λάθρα
1664 5630 1939 5682 συνθεῖναι
1971 5646 2031 5683 τε
2051 5660 2064 5670 -

474 5722 826 5792 τολμήκεσαν
886 5723 1026 5778 κατά
1085 5725 1185 5794 τῆς
1219 5722 1529 5788 εὐσεϐείας,
1567 5722 2063 5792 ἐπαγγειλάμενος.

478 5819 586 5872 Καὶ
622 5817 882 5891 τέταρτον
916 5820 1000 5874 ὅτι
1055 5820 1267 5890 μακρὸν
1318 5820 1421 5890 ἥδη
1450 5820 1641 5889 χρόνον
1685 5822 1787 5890 τὴν
1827 5816 2066 5890 θύραθεν

479 5913 665 5966 πᾶσαν
698 5913 891 5983 σοφίαν
914 5912 1222 5972 διδάσκοντι
1256 5911 1542 5977 πλείστους
1570 5911 1663 5966 καὶ
1689 5908 2066 5976 παντοδαποὺς

2155 4700 2258 4768 ipsi
2289 4716 2488 4771 magno
2536 4700 2775 4755 concilio
2808 4699 3015 4753 insana:
3059 4697 3280 4752 illorum
3338 4704 3621 4768 pastorum
3654 4710 3753 4751 ca-

2157 4800 2326 4848 tervaz
2352 4791 2528 4847 libera
2580 4799 2639 4846 et
2684 4789 2937 4846 intimida
2975 4789 3161 4861 lingua
3209 4788 3433 4846 easdem
3486 4787 3754 4845 calumias

2158 4888 2463 4944 identidem
2511 4890 2763 4961 ingerere
2796 4898 2852 4943 et
2899 4888 2983 4942 vel
3014 4886 3081 4942 iis
3114 4886 3353 4957 majores
3419 4886 3752 4940 interserere

2160 4980 2649 5051 acerbissimisque
2693 4979 3006 5036 maledictis
3059 4966 3440 5051 perstringere
3489 4976 3755 5049 atqnegin

2162 5081 2336 5129 temet
2388 5073 2569 5141 ipsum
2625 5072 2819 5128 saevire
2879 5088 2991 5127 non
3055 5070 3384 5145 desistebas,
3439 5084 3752 5140 quanqumt

2164 5164 2315 5221 baud
2364 5180 2498 5220 sane
2543 5165 2826 5236 ignorans,
2877 5179 3028 5231 cum,
3076 5163 3209 5245 licet
3263 5162 3331 5216 ad
3374 5162 3607 5232 tempus
3643 5162 3755 5215 ira-

2165 5260 2427 5317 cundiam
2455 5259 2792 5331 supprimat,
2837 5267 3083 5313 attamen
3134 5257 3203 5313 ad
3258 5255 3504 5312 futurum
3542 5264 3757 5323 tempus

2167 5354 2414 5418 diﬂ‘erre.
2455 5352 2635 5408 donec
2671 5351 2738 5407 ad
2774 5350 2938 5407 finem
2964 5349 3228 5405 adducat.

2240 5444 2435 5502 XXIV.
2469 5444 2715 5501 Tertiam
2744 5459 2971 5500 causam
3019 5443 3276 5508 alierum,
3312 5438 3458 5511 quod
3504 5454 3605 5494 eos
3629 5438 3758 5495 irri-

2169 5539 2308 5596 dens
2345 5539 2487 5603 adeo
2537 5537 2908 5595 comminatus
2956 5554 3038 5600 es,
3088 5546 3140 5592 te
3188 5533 3539 5590 orationibus
3585 5532 3758 5587 antir-

2169 5633 2396 5689 rbeticis
2428 5643 2637 5689 tomum
2657 5632 2809 5687 illum
2838 5629 3206 5687 refutaturum
3230 5642 3375 5691 esse,
3399 5641 3561 5697 quem
3583 5643 3759 5697 nuper

2169 5737 2227 5782 et
2253 5726 2567 5782 clanculum
2595 5732 2787 5781 contra
2821 5738 3007 5779 veram
3047 5720 3211 5776 Iidem
3267 5734 3605 5789 componere
3635 5720 3758 5774 ausi

2171 5820 2430 5876 fuissent.
2453 5820 2741 5887 Quartum,
2766 5815 2915 5887 quod
2950 5816 3041 5870 diu
3069 5814 3181 5885 jam
3214 5811 3504 5886 profanam
3536 5828 3764 5868 onmem

2172 5911 2504 5985 sapientiam
2566 5909 2822 5969 docendo
2881 5909 2981 5967 tibi
3064 5908 3335 5980 plurimos
3392 5908 3766 5975 undecunque
