4088 6472
440 339 507 397 ω
1400 314 1407 323 “
1660 340 2071 404 NlCEPIlORI
2114 344 2500 407 GREGOIUE
3635 350 3703 415 ω

855 687 1865 824 ΝΙΚΗΦΟΡΟΥ
1987 692 2339 826 ΤΟΥ
2453 691 3249 830 ΓΡΗΓΟΡΑ

1236 938 2045 1058 ΡΩΜΑΙΚΗΣ
2146 940 2846 1057 ΙΣΤΟΡΙΑΣ

1724 1172 2092 1258 ΛΟΓΟΣ
2169 1157 2389 1269 KG'.

1003 1535 1128 1687 Ν
1140 1532 2053 1689 ICEPHORI
2188 1530 3163 1690 GREGOR/E

1201 1825 2083 1941 BYZANTINIE
2217 1825 2950 1943 HISTORle
3046 1932 3059 1942 .

1248 2065 1609 2154 LIBER
1689 2065 2335 2156 VICESIMUS
2408 2063 2874 2153 SEXTUS

492 2391 605 2461 68
634 2389 676 2442 l.
714 2404 731 2440 ‹
760 2389 884 2444 llazc
912 2387 1093 2459 igitur
1133 2396 1282 2449 sunt.
1308 2402 1430 2457 qme
1481 2402 1815 2458 cognoscere
1856 2389 2009 2459 potui
2040 2427 2050 2449 4

2186 2389 2267 2442 A'.
2304 2387 2439 2458 Περὶ
2464 2389 2563 2459 μὲν
2623 2384 2717 2443 οὖν
2761 2389 2826 2460 δὴ
2883 2379 2958 2443 ὧν
3007 2387 3287 2459 ἐξεγένετό
3328 2408 3420 2461 μοι
3489 2391 3690 2461 μαθεῖν

425 2480 493 2533 de
525 2479 760 2538 insidiis.
802 2493 942 2547 quas
986 2478 1195 2533 inimici
1236 2479 1313 2532 tui
1361 2479 1413 2532 in
1451 2478 1842 2533 te-machinati
1901 2482 2015 2535 sint

2114 2481 2225 2542 τοῖς
2267 2481 2484 2553 ἐχθροῖς
2524 2484 2763 2536 mutaui
2832 2483 3319 2554 μεμηχανημένων
3384 2483 3695 2538 ἐπιϐουλῶν

424 2577 605 2643 deque
652 2573 854 2636 causis,
899 2588 967 2627 ex
1026 2573 1229 2642 quibus
1266 2572 1524 2626 universa
1567 2571 2009 2627 adversariorum

2113 2574 2257 2627 κατὰ
2286 2574 2406 2635 σοῦ,
2438 2574 2534 2627 καὶ
2562 2574 2627 2626 δι’
2657 2574 2692 2628 ἃ
2727 2575 2963 2642 μάλιστα
2997 2576 3220 2629 πάντων
3276 2576 3371 2629 ἐπὶ
3408 2576 3469 2629 σὲ
3498 2575 3560 2629 τὸ
3599 2579 3696 2629 ἁν-

424 2668 591 2723 lactio
620 2682 805 2722 necem
839 2667 1106 2722 anhelans
1140 2662 1429 2734 variasque
1465 2676 1673 2719 mortes
1698 2666 1883 2720 animo
1915 2680 2011 2718 vo-

423 2762 607 2815 Intuus
654 2759 891 2814 maxime
932 2767 982 2813 te
1013 2758 1382 2829 aggrediatur.
1414 2758 1488 2811 De
1518 2768 1666 2812 tomo
1699 2770 1881 2812 autem
1910 2758 2011 2812 Pa-

422 2854 757 2919 lamitarum,
800 2867 961 2921 quem
1007 2852 1201 2905 dicunt
1251 2860 1305 2905 ct
1357 2850 1425 2904 de
1463 2850 1755 2921 dogmatis,
1788 2866 1913 2920 qum
1951 2860 2009 2906 et

422 2947 602 3017 qualia
652 2938 705 2999 in
739 2961 803 3000 eo
858 2946 1163 3014 peneripta
1221 2944 1355 3006 sint,
1412 2943 1457 2997 si
1514 2943 1699 2997 omnia
1755 2943 2006 3012 persequi

422 3037 638 3101 vellem,
668 3037 849 3105 longo,
902 3035 1118 3104 opinor.
1150 3044 1414 3103 tempore,
1454 3049 1650 3102 magno
1680 3034 1795 3087 otio
1826 3034 2007 3088 omni—

425 3130 636 3197 busque
674 3129 907 3198 negotiis
946 3136 1002 3180 et
1051 3124 1414 3179 incommodis
1443 3140 1616 3179 vacuo
1671 3140 1811 3194 opus
1844 3124 2003 3179 foret.

425 3224 622 3277 Dicunt
652 3220 824 3282 enim,
846 3218 1045 3289 quibus
1104 3218 1353 3288 contigit.
1384 3227 1445 3271 ut
1497 3217 1619 3272 illos
1652 3218 1719 3273 de
1750 3232 1814 3271 eo
1844 3233 2008 3287 expoo

424 3324 621 3369 nentes
659 3314 933 3377 audirent,
970 3312 1265 3376 nillilsani,
1302 3312 1438 3366 nihil
1484 3314 1596 3365 veri
1650 3314 1794 3365 ineo
1826 3313 2005 3366 inesse

425 3422 606 3477 neque
662 3421 886 3475 prorsus
938 3405 1257 3474 quidquam,
1316 3406 1460 3474 quod
1519 3406 1724 3458 dictum
1792 3404 2007 3472 quodve

424 3501 629 3554 factum
664 3508 755 3561 st,
791 3499 952 3552 ullam
993 3498 1260 3551 rationem
1296 3498 1495 3551 habere
1524 3498 1662 3566 ejus,
1701 3496 2003 3549 secundum

421 3593 570 3664 quod
606 3592 813 3647 dictum
844 3592 1113 3644 factumve
1152 3593 1243 3651 s‘t,
1272 3591 1366 3644 sed
1402 3591 1693 3643 l‘ala;nitas
1729 3590 1853 3644 talia
1884 3604 2008 3657 por-

2110 2666 2335 2719 τίπαλον
2378 2668 2524 2721 ἆπαν
2555 2668 3011 2737 ὁλοσχερέστερον
3046 2666 3306 2737 ὥρμηται
3374 2668 3565 2738 μέρος,
3600 2669 3697 2736 φό-

2110 2778 2205 2815 νου
2245 2762 2409 2814 πνέον
2471 2761 2568 2815 καὶ
2608 2763 2872 2813 ποικίλων
2932 2760 3182 2814 θανάτων
3242 2762 3474 2830 μελέτας
3545 2762 3691 2829 ἔχον,

2109 2854 2282 2909 ταῦτά
2315 2856 2454 2908 ἔστι.
2489 2855 2626 2925 Περὶ
2647 2854 2704 2907 δὲ
2735 2855 2830 2908 τοῦ
2897 2855 3238 2924 καλουμένου
3282 2857 3397 2917 τοῖς
3438 2855 3693 2924 Παλαμί-

2108 2964 2231 3012 ταις
2269 2948 2463 3018 τόμου,
2497 2948 2593 3001 καὶ
2652 2948 2753 3000 ὃσα
2792 2946 2971 3015 τούτῳ
3028 2949 3121 3000 καὶ
3172 2943 3260 3000 οἷα
3310 2948 3694 3017 ἐγγέγραπται

2108 3042 2379 3111 δόγματα,
2423 3043 2473 3093 εἱ
2501 3040 2678 3094 πάντα
2712 3057 2802 3110 μοι
2842 3040 3097 3106 διεξιέναι
3140 3039 3454 3109 βουλομένῳ
3489 3058 3552 3107 γε
3574 3042 3689 3109 εἴη,

2109 3130 2311 3184 πολλοῦ
2345 3131 2495 3201 μέντ’
2523 3130 2588 3185 ἂν
2622 3127 2779 3201 οἴμαι
2820 3132 3038 3200 δεήσειν
3067 3131 3162 3185 τοῦ
3204 3133 3427 3201 χρόνου,
3480 3132 3690 3199 πολλῆς

2109 3223 2156 3277 δ’
2189 3220 2255 3278 αὖ
2281 3226 2379 3293 τῆς
2408 3225 2624 3294 σχολῆς,
2673 3224 2707 3295 ἣ
2746 3224 2814 3278 ἂν
2874 3225 3276 3295 ἀπηλλαγμένη
3336 3226 3687 3279 παντάπασιν

2110 3315 2199 3378 εἴη
2236 3314 2580 3385 πραγμάτων
2611 3312 2708 3367 καὶ
2748 3314 2958 3383 ἀωρίας
2995 3315 3240 3383 ἁπάσης.
3278 3315 3411 3368 Φασὶ
3474 3316 3583 3385 γὰρ
3609 3309 3694 3378 οἷς

2108 3406 2420 3471 διεξιόντων
2457 3404 2685 3458 ἐκείνων
2708 3405 3011 3475 ἀκηκοέναι
3056 3407 3352 3476 τετύχηκε,
3385 3406 3554 3476 μηδὲν
3588 3423 3694 3475 μη-

2108 3497 2259 3568 δαμῆ
2293 3497 2424 3567 μήθ’
2456 3497 2608 3564 ὑγιὲς
2641 3497 2770 3567 μήτ’
2798 3498 3055 3568 ἀληθείας
3092 3500 3355 3570 ἐχόμενον
3386 3496 3526 3552 εἶναι
3549 3500 3688 3563 ἐκεῖ,

2112 3590 2252 3659 μήτε
2282 3588 2389 3659 μὴν
2412 3589 2586 3651 οὐδὲν,
2613 3587 2726 3642 οΰθ’
2747 3588 2783 3643 ἃ.
2815 3590 3107 3659 λελάληται
3140 3590 3267 3661 μήθ’
3292 3592 3328 3646 ἃ
3352 3591 3689 3659 πέπρακται,

424 3698 571 3740 tenta
605 3701 704 3739 suo
738 3695 882 3738 tomo
913 3682 1305 3752 conscripsisse
1336 3698 1514 3751 neque
1556 3682 1781 3735 onanino
1842 3682 2004 3734 aliter
2038 3741 2050 3752 _

2112 3680 2425 3751 μεμνῆσθαι
2462 3681 2692 3750 μηδενὸς
2718 3681 2864 3735 καθά
2892 3701 2944 3736 τι
2967 3684 3265 3752 λελάληται
3291 3682 3388 3736 καὶ
3413 3682 3554 3735 καθὰ
3585 3683 3689 3734 πέ-

419 3780 616 3851 egisse,
644 3793 807 3848 quam
863 3792 987 3831 cum
1054 3778 1227 3830 incola
1282 3776 1586 3831 insularum
1636 3775 2001 3839 Atlantidum,

419 3890 763 3946 ultzccunque
800 3890 877 3928 ea:
903 3883 1055 3938 sunt,
1084 3888 1204 3942 qua:
1230 3874 1297 3925 de
1326 3888 1515 3926 earum
1548 3882 1694 3926 statu
1720 3886 1784 3925 ac
1814 3870 2005 3925 condi-

420 3971 567 4023 tione
610 3967 662 4021 in
722 3967 1001 4036 explorata
1063 3965 1317 4020 ementiri
1379 3964 1694 4018 volentibus
1750 3977 2000 4032 magnam

421 4063 664 4131 praebent
694 4060 805 4132 69
841 4061 1137 4125 licentiam,
1163 4060 1273 4130 jam
1296 4059 1441 4112 nulla
1467 4067 1779 4112 nostrarum
1813 4073 2000 4110 rerum

421 4166 573 4223 parte
601 4161 698 4205 aut
728 4153 841 4205 visa
877 4164 972 4205 aut
1011 4150 1197 4203 audita
1235 4165 1292 4205 se
1321 4150 1521 4203 melius
1551 4164 1716 4215 quam
1762 4163 1863 4201 nos
1908 4164 2001 4200 cas

419 4244 740 4314 cognovisse
776 4240 1174 4297 contenderent
1215 4249 1381 4309 atque
1422 4249 1757 4292 tuonstrosas
1787 4249 1842 4324 et
1874 4253 2003 4307 por-

423 4347 666 4393 tentosas
706 4332 918 4387 fabulas
959 4332 1359 4400 contingerent.
1394 4334 1541 4396 Quas
1569 4331 1716 4383 enim
1753 4348 1839 4385 res
1869 4345 1998 4384 eve-

424 4433 567 4487 nisse
587 4428 809 4500 quidem
828 4426 1103 4488 volebant,
1132 4425 1302 4479 factas
1320 4439 1450 4477 vero
1470 4438 1592 4477 esse
1612 4438 1718 4476 non
1739 4424 2002 4477 videbant

420 4535 517 4580 aut
550 4538 689 4593 quas
720 4520 905 4574 dicere
940 4517 1164 4587 quidem
1198 4515 1453 4569 volebant
1484 4529 1661 4583 neque
1688 4529 1840 4578 vero,
1872 4530 1997 4568 cum

422 4630 517 4673 aut
533 4615 717 4672 statim
737 4612 848 4682 jam
875 4611 1237 4664 refutationes
1255 4608 1512 4661 adessent
1533 4617 1626 4659 aut
1644 4622 1751 4660 non
1776 4606 1996 4675 longum

418 4711 611 4765 abesse
659 4704 1094 4774 suspicarentur,
1124 4700 1307 4753 dicere
1354 4707 1630 4767 poterant,
1665 4712 1758 4751 eas
1815 4708 1995 4752 tamen

418 4816 611 4855 omnes
641 4812 834 4866 magna
881 4810 1002 4848 eum
1041 4792 1349 4862 arrogantia
1407 4792 1461 4845 in
1492 4806 1558 4845 eo
1623 4802 1998 4859 exposuerunt

2107 3792 2375 3847 πρακται,
2399 3775 2515 3829 ἀλλ’
2545 3774 2735 3845 ὥσπερ
2754 3775 2821 3829 ἂν
2840 3776 2887 3829 ει
2924 3777 2974 3828 οἱ
2998 3776 3096 3839 τὰς
3112 3776 3454 3839 Ἀτλαντῗδας
3476 3774 3692 3829 obton-

2104 3888 2197 3934 τες
2227 3871 2448 3940 νήσους,
2483 3870 2689 3932 αἵτινές
2738 3868 2859 3921 ποτ’
2894 3869 2984 3940 ἄρ’
3042 3866 3155 3921 εἷεν
3209 3870 3438 3933 ἐκεῖναι,
3479 3869 3685 3939 πολλὴν

2106 3964 2479 4038 παρεχόμεναι
2511 3963 2611 4033 τὴν
2638 3954 2964 4032 αὐτονομίαν
3008 3966 3074 4033 τῇ
3106 3963 3324 4035 γλώττῃ
3378 3964 3489 4015 τῶν
3556 3963 3686 4017 ἀνέ-

2104 4059 2312 4123 λεγκτα
2347 4055 2645 4126 ψεύδεσθαι
2677 4056 2812 4127 περὶ
2855 4057 2962 4108 τῶν
2993 4057 3113 4109 ἐκεῖ
3152 4056 3511 4128 βουλομένων,
3570 4055 3687 4109 οὔτ’

2109 4151 2311 4212 ίδόντες
2336 4148 2447 4201 οὔτ’
2478 4150 2817 4212 ἀκούσαντες
2842 4150 2950 4204 τῶν
2980 4151 3232 4203 ἐνταυθοῖ
3264 4151 3451 4222 μηδὲν,
3483 4150 3691 4221 παρελ-

2106 4238 2295 4298 θόντες
2334 4236 2427 4289 οὖν
2470 4237 2671 4289 εἰδέναι
2703 4238 3028 4291 διετείνοντο
3084 4237 3294 4308 βέλτιον
3354 4239 3515 4307 ἡμῶν
3556 4239 3691 4311 περὶ

2106 4327 2216 4378 τῶν
2251 4326 2487 4380 ἐνταῦθα
2517 4325 2613 4378 xai
2651 4326 3076 4395 διεμυθολόγουν
3105 4326 3389 4398 τερατώδη
3439 4329 3563 4382 τινὰ
3593 4330 3690 4381 καὶ

2104 4418 2371 4472 ἀλλόκοτα
2415 4418 2735 4487 διηγήματα
2760 4435 2775 4451 ⁸
2804 4418 2947 4471 οὕτω
2974 4420 3067 4472 καὶ⁵
3098 4420 3146 4471 οἱ
3193 4419 3322 4488 περὶ
3363 4418 3455 4472 τὸν
3509 4419 3692 4473 Παλα-

2108 4511 2219 4579 μᾶν
2246 4510 2633 4580 ἐπεπράχεσαν
2662 4513 2755 4564 καὶ
2782 4511 3009 4564 τοιαῦτα
3066 4510 3142 4578 τῷ
3174 4511 3360 4581 οἰκείῳ
3393 4511 3688 4577 ξυνέθεσαν

2103 4605 2277 4674 τόμῳ.
2321 4606 2386 4656 Ἀ
2416 4605 2523 4675 γὰρ
2561 4604 2847 4656 ἐϐούλοντο
2877 4603 3131 4672 γενέσθαι
3174 4606 3295 4673 μὲν,
3336 4605 3396 4657 οὺ
3428 4607 3691 4673 γεγένην-

2104 4716 2193 4751 ται
2218 4698 2298 4759 δὲ.
2329 4697 2480 4751 καλᾶ
2510 4697 2693 4765 λέγειν
2749 4697 3033 4751 ἐϐούλοντο
3098 4698 3217 4766 μὲν,
3268 4698 3330 4750 οὺ
3371 4696 3689 4768 δεδύνηνται

2101 4791 2180 4858 δὲ,
2216 4789 2327 4843 τῶν
2367 4790 2707 4859 παραχρῆμα
2745 4788 2987 4857 ἐλέγχων
3026 4791 3141 4851 τοῖς
3193 4788 3292 4857 μὲν
3324 4790 3690 4859 ἐντυγχάνον-

418 4889 681 4961 temporis
718 4871 1166 4957 .opportunitate
1239 4884 1580 4952 inexplorata
1655 4883 1992 4937 ementiendi

2105 4900 2190 4947 τες
2229 4882 2354 4953 ἥδη,
2418 4885 2545 4946 τοὺς
2604 4882 2650 4936 δ’
2707 4882 3107 4945 ὑποπτεύοντές
3154 4881 3206 4950 γ’
3246 4882 3347 4947 ἔτι,
3392 4888 3564 4935 ταῦτα
3620 4884 3686 4953 δὴ

417 4984 574 5039 valde
610 4982 733 5037 freti
769 4991 825 5035 et
877 4997 935 5035 se
966 4992 1195 5044 tomum,
1233 4987 1293 5033 ut
1328 4978 1486 5031 nobis
1529 4993 1655 5030 cum
1722 4977 2050 5061 inspicerec

2105 4978 2245 5047 μετὰ
2282 4978 2486 5046 πολλῆς
2519 4977 2768 5043 ἐξέθεντο
2803 4975 2904 5044 τῆς
2950 4976 3233 5039 αὐθαδείας
3284 4978 3423 5041 ἐκεῖ,
3477 4980 3544 5048 τῇ
3586 4977 3681 5029 τοῦ

418 5093 529 5131 non
555 5075 766 5137 lit-cret,
789 5072 932 5142 apud
965 5087 1022 5126 se
1045 5087 1325 5126 reservare
1360 5085 1517 5140 pes-se
1548 5070 1761 5124 conﬁsi.
1796 5070 1997 5124 Dicunt

415 5175 601 5221 autem
642 5166 915 5220 l’alamam
956 5162 1021 5217 ad
1077 5162 1325 5217 fraudem
1381 5163 1777 5232 simpliciorum
1836 5172 1892 5216 et
1928 5163 1996 5217 ad

415 5258 859 5314 conciliationem
916 5256 1297 5326 episcoporum
1360 5256 1409 5309 ei
1471 5256 1806 5309 offensorum
1870 5272 1992 5310 cum

415 5349 519 5402 alia
572 5347 771 5412 facere,
801 5356 912 5401 tum
954 5347 1217 5415 quasdam
1279 5346 1646 5415 blasplicmias
1693 5347 1996 5400 sententias

418 5445 576 5494 novis
612 5443 774 5497 tomis
806 5456 1137 5509 componere
1168 5438 1371 5508 quippe
1423 5455 1545 5492 cum
1578 5439 1820 5507 episcopi
1855 5439 1992 5493 nihil

418 5532 654 5599 amplius
685 5535 829 5588 scire
864 5533 1095 5602 possint,
1132 5547 1296 5599 quant
1329 5547 1482 5584 erasa
1523 5546 1665 5592 esse,
1700 5546 1819 5598 quae
1852 5530 1991 5585 male

418 5621 596 5688 posita
627 5635 825 5691 crant;
858 5641 1020 5694 quam
1054 5634 1235 5677 autem
1268 5624 1375 5677 vim
1411 5624 1491 5677 vel
1525 5638 1679 5675 erasa
1711 5623 1791 5676 vel
1815 5623 1992 5690 posita

417 5712 679 5780 habeant,
713 5717 762 5769 id
790 5734 891 5771 nec
927 5718 1240 5786 intelligunt
1271 5734 1373 5772 nec
1406 5727 1623 5769 curant.
1656 5715 1990 5769 Tcstimonia

416 5805 581 5861 etiam
614 5822 679 5863 ex
732 5808 902 5864 sacris
947 5809 1247 5880 Scripturis
1307 5808 1556 5879 proferre
1601 5807 1823 5873 dicitur,
1880 5822 1987 5862 non

2100 5076 2298 5141 καιροῦ
2360 5074 2501 5143 ῥοπῇ
2564 5071 2626 5124 τδ
2674 5071 2977 5138 ἀνέλεγκτα
3034 5070 3331 5139 ψεύδεσθαι
3393 5072 3539 5140 μάλα
3588 5088 3681 5122 τε-

2103 5163 2464 5234 θαιίρηκότες,
2507 5163 2599 5216 καὶ
2637 5163 2698 5215 τό
2737 5180 2799 5231 γε
2839 5165 2989 5234 παρὰ
3048 5164 3235 5232 σφίσιν
3298 5164 3483 5227 αὐτοῖς
3520 5166 3687 5216 ἀνέκ-

2101 5274 2246 5327 φορα
2285 5257 2431 5327 ἔχειν
2485 5257 2623 5309 αὐτά
2674 5256 2767 5309 καὶ
2844 5258 2975 5326 ἡμῖν
3033 5257 3257 5309 ἀθέατα.
3308 5257 3451 5309 Φασὶ
3500 5255 3542 5308 δ’
3590 5257 3687 5309 οὖν

2102 5350 2373 5419 Παλαμᾶν
2401 5350 2471 5403 τά
2504 5368 2563 5402 τε
2602 5350 2737 5404 ἄλλα
2772 5350 2909 5420 πρὸς
2942 5352 3162 5421 ἀπάτην
3185 5352 3318 5422 ὂρᾷν
3348 5351 3458 5402 τῶν
3479 5350 3686 5402 ἁπλου-

2101 5444 2335 5511 στέρων,
2370 5444 2464 5495 καὶ
2497 5442 2793 5511 θεραπείας
2822 5444 2985 5513 δῆθεν
3028 5444 3137 5495 τῶν
3172 5442 3685 5511 σκανδαλιζομέκωιι

2103 5539 2223 5592 κατ’
2265 5535 2433 5590 αὐτοῦ
2472 5537 2817 5591 ἐπισκόπων.
2863 5538 2974 5589 Καὶ
3007 5538 3104 5605 μὲν
3140 5534 3204 5607 δὴ
3242 5537 3334 5588 καὶ
3392 5536 3500 5587 τῶν
3530 5532 3685 5602 αὖτῷ

2104 5626 2615 5697 βλασφημηθέντων
2675 5628 2790 5680 ἔνια
2855 5629 3127 5681 κόπτοντα
3202 5644 3259 5679 τε
3324 5629 3417 5679 καὶ
3472 5624 3683 5690 ξέοντα,

2104 5715 2407 5769 ξυντιθέναι
2455 5713 2552 5767 νῦν
2581 5716 2641 5767 ὲν
2673 5716 2859 5779 ἄλλαις
2890 5716 3069 5780 λέξεσι
3106 5716 3198 5767 τὸν
3255 5712 3684 5784 βλασφημοῦνῖσ

2101 5807 2227 5862 νοῦν
2256 5810 2368 5873 τοῖς
2392 5806 2536 5872 νέοις
2569 5809 2761 5879 τόμοις
2795 5808 2989 5876 αὑτοῦ,
3038 5808 3124 5865 ἆτ’
3168 5811 3269 5863 οὐκ
3330 5809 3529 5863 εἰδέναι
3577 5804 3684 5859 τῶν
