4088 6474
322 404 385 462 ’³5
1325 406 1771 467 BYZANTlN/E
1814 406 2199 467 HISTORIA?
2242 408 2383 469 LIB.
2432 406 2638 468 XXVI.
3539 401 3610 465 58

324 520 640 571 επιτκῖτ-των
672 518 906 589 ἑχόντων
958 518 1119 574 πλέον
1158 520 1311 576 οὐδὲν
1369 523 1402 596 ἦ
1447 526 1528 578 ὅτι
1587 526 1807 591 ἒξεσται
1874 524 1910 579 ἃ

2030 528 2106 582 ιΙΙιι
2148 528 2373 598 quidem
2408 543 2537 582 sana
2566 541 2731 597 atque
2757 529 2988 599 integra.
3025 525 3120 580 sed
3154 523 3353 594 partim
3388 523 3614 577 incisio-

325 612 512 674 κακῶς
541 613 803 673 τέθειται,
827 608 916 667 οἷα
946 614 991 667 δ’
1026 614 1061 668 ἃ
1104 617 1205 687 μὲν
1256 616 1477 682 ἒξεσται
1536 613 1626 672 οἷα
1654 619 1701 672 δ’
1742 615 1809 673 αὖ
1871 617 1905 672 ἃ

324 706 565 759 τέθειται
595 706 694 777 τὴν
725 706 955 776 δύναμίν
984 709 1124 769 ἐστι,
1180 711 1389 764 τούτων
1419 711 1463 763 δ’
1511 709 1627 764 οὔτ’
1682 712 1901 765 ὲπαῒειν

326 801 461 862 ὅλως
491 796 615 852 οὔτε
662 800 997 871 φροντίζειν.
1053 802 1365 873 Προφέρειν
1407 804 1519 872 γὰρ
1576 806 1661 857 καί
1706 821 1908 873 γραφι-

330 892 431 954 κὲις
452 892 673 959 λέγεται
729 894 1066 965 μαρτυρίας,
1116 897 1213 965 οὐχ
1266 896 1343 957 ῶς
1396 897 1615 967 ἔχουσιν
1669 898 1905 963 ὑγιείας,

327 984 461 1037 ἀλλά
486 985 931 1055 παραφθείροντα
963 986 1039 1055 πῆ
1067 988 1168 1054 μὲν
1199 991 1317 1050 ταῖς
1334 990 1589 1057 ἐντομαῖς
1615 992 1706 1041 καὶ
1738 1007 1856 1060 παρ

2015 616 2183 670 nibus
2244 628 2299 672 et
2355 619 2906 680 eomnmtationibus.
2972 617 3170 686 partim
3197 613 3489 669 fallacibus
3555 621 3612 666 et

2016 711 2200 778 pravis
2230 711 2781 781 interpretationibus
2814 721 3102 780 corrupta.
3129 709 3399 776 Quorum,
3424 708 3469 761 si
3510 705 3610 760 tibi

2014 805 2223 858 volenti
2269 816 2376 871 est,
2410 807 2665 876 equidem
2709 823 2818 860 non
2872 806 3225 869 cessaverim,
3274 804 3371 857 tibi
3434 803 3609 855 otium

2018 898 2128 968 70
2156 899 2341 967 agenti
2382 900 2643 954 nonnulla
2676 901 2927 970 proferre
2972 909 3029 953 et
3084 898 3271 953 brevis
3327 892 3610 966 cujusdam

2016 989 2369 1045 refutationis
2394 1006 2557 1046 causa
2594 1007 2928 1062 preponere.

329 1083 597 1148 αλλάξεσι,
659 1082 735 1153 πῆ
781 1083 839 1136 δὲ
908 1086 1024 1147 ταῖς
1074 1083 1137 1155 [Γ.
1191 1085 1287 1139 Hi
1341 1084 1393 1158 ὸ]
1444 1085 1867 1155 παρεξαγωγαῖς
1925 1086 2062 1155 ὁμοῦ
2095 1105 2154 1139 τε
2197 1089 2290 1141 καὶ
2318 1083 2917 1159 παρεξηγήσεσινΪΩν,
2945 1091 2993 1142 εί
3024 1088 3367 1159 βουληθείης,
3407 1086 3509 1140 οὐκ
3546 1086 3613 1140 ἂν

332 1176 495 1245 ἔγωγ’
528 1176 819 1246 ὀκνήσαιμι
841 1178 1038 1249 σχολὴν
1060 1180 1248 1244 ἄγοντι
1293 1180 1391 1233 νῦν
1430 1181 1728 1249 προφέρειν
1760 1182 1875 1233 ἔνια
1897 1182 1989 1232 καὶ
2019 1180 2335 1251 προτιθέναι
2358 1200 2438 1234 σοι
2464 1183 2724 1252 βραχείας
2745 1184 2889 1245 τινὸς
2918 1185 3291 1256 ἀντιρρήσεως
3315 1183 3609 1252 πρόφασιν.

404 1271 493 1341 Τῷ
527 1272 623 1342 μὲν
653 1272 717 1343 δὴ
746 1274 898 1342 τόμῳ
927 1274 1122 1342 ἐκείνῳ
1156 1273 1255 1341 τῆς
1275 1273 1560 1327 ἀντιθέτῖυ
1600 1274 1904 1343 δυνάμεως,

346 1365 739 1435 Ἀγαθάγγελε,
775 1368 870 1420 νῦν
893 1366 1102 1432 ἀωρίαν
1134 1362 1280 1418 εἶναι
1318 1366 1538 1436 μακράν
1575 1366 1909 1432 ἀντιλέγειν,

339 1462 557 1514 σκοπῶν
596 1461 841 1529 ἀκριὸῶς
884 1460 996 1513 οὐδ’
1026 1462 1189 1522 αὐτὸς
1241 1460 1539 1530 ἀρνηθείης
1589 1460 1676 1513 ἄν·
1722 1459 1911 1522 πολλοὶ

340 1556 444 1625 γὰρ
475 1556 623 1623 ήμᾶς
654 1554 919 1623 ὲλλολῶσι
953 1554 1233 1622 πολέμιοι,
1273 1554 1373 1614 τὰς
1400 1552 1591 1622 κύκλῳ
1647 1552 1913 1620 παρόδους

334 1646 579 1717 ἀκρισῶς
653 1647 1001 1715 κατέχοντες,
1076 1647 1168 1698 καὶ
1215 1646 1404 1699 πολλοὶ
1477 1645 1577 1714 τῆς
1639 1645 1913 1715 ἡμετέρας

334 1739 588 1809 γλώττης
619 1738 900 1792 ἐπίϐουλοι
934 1739 1228 1808 κάθηνται,
1289 1738 1509 1808 ἔφεδροί
1539 1756 1687 1801 τινες
1736 1739 1914 1791 εἰπεῖν

336 1833 564 1925 φρουροὶ
610 1834 706 1885 καὶ
745 1831 1143 1903 ἡμεροσκόποι,
1222 1832 1453 1899 ίνδαλμά
1504 1850 1559 1884 τι
1618 1831 1914 1900 ζητοῦντες

2093 1275 2157 1329 ll.
2214 1276 2623 1331 Refutationetn
2715 1278 2847 1331 tomi
2920 1277 3178 1330 factionis
3247 1277 3608 1340 adversarim,

2019 1366 2412 1436 Agathangele,
2468 1385 2615 1423 nunc
2674 1383 2837 1438 quam
2884 1372 3116 1422 maxime
3168 1368 3609 1436 intempestivam

2023 1458 2160 1520 fore,
2192 1469 2448 1513 aeeurate
2474 1461 2517 1513 si
2552 1475 2665 1513 rem
2687 1460 3227 1530 perpenderisﬂtaud
3251 1458 3609 1520 diﬂiteberis;

2015 1551 2172 1604 multi
2208 1551 2357 1605 enim
2401 1551 2609 1605 inimici
2639 1553 2799 1605 nobis
2859 1551 3213 1616 insidiantur,
3259 1565 3452 1605 omnes
3504 1551 3614 1603 cir-

2016 1646 2290 1699 cumcirca
2340 1644 2524 1699 aditus
2570 1644 2866 1716 diligenter
2916 1644 3319 1707 custodientes,
3349 1652 3405 1698 et
3454 1641 3611 1696 multi

2017 1747 2336 1790 nostrorum
2366 1736 2663 1790 verborum
2704 1746 3021 1805 captatores
3049 1736 3294 1791 assident
3352 1742 3611 1803 tanquam

2016 1828 2286 1881 stationes
2305 1837 2359 1880 et
2398 1828 2665 1893 excubize,
2699 1843 2882 1882 causa:
2914 1826 3123 1897 aliquid
3152 1826 3336 1882 simile
3363 1842 3616 1895 quaeren-

337 1897 665 1991 προφάσεως
694 1897 920 1974 οἱασούν
961 1921 1267 1988 εἰληφέναι,
1318 1897 1390 1973 ῖνᾷ
1414 1923 1562 1992 ἡμᾶς
1601 1897 1916 1975 ἀναιδέστε-

2030 1930 2125 1986 ιεε,
2162 1931 2222 1974 ιιι
2253 1921 2611 1991 impudenter
2635 1930 2692 1976 et
2746 1919 3151 1975 contumeliose
3204 1934 3307 1973 nos
3354 1926 3618 1972 tractatos

342 2027 432 2081 ρον
466 2009 789 2079 ὑϐρίσαντες
824 2008 964 2079 ὁμοῦ
1000 2011 1098 2061 καὶ
1123 2008 1225 2078 τῆς
1249 2008 1534 2078 παρούσης
1561 2008 1713 2076 ζωῆς
1738 2008 1914 2062 ἁπαλ-

338 2102 563 2166 λάξωσι,
593 2103 681 2154 καὶ
713 2101 915 2167 δόξωσι
972 2101 1231 2172 λατρείαν
1292 2102 1602 2172 προσάγειν
1652 2103 1766 2165 τοῖς
1817 2099 1915 2154 νῦν

339 2193 598 2266 ἡγεμόσι.
650 2194 839 2261 Κάμοὶ
868 2193 969 2263 μὲν
1023 2181 1256 2248 θανάτου
1301 2194 1458 2264 μέλει
1519 2193 1632 2247 οὐδ’
1681 2192 1863 2247 ὁτιοῦν
1898 2211 1915 2223 ο

341 2287 597 2357 συμφυὴς
619 2286 751 2356 γάρ,
783 2286 877 2338 καὶ
904 2286 953 2339 εί
982 2285 1059 2356 μή
1090 2286 1358 2357 τήμερον,
1384 2285 1502 2340 ἀλλ’
1562 2284 1752 2355 αὔριον
1786 2286 1915 2345 ἴσως

338 2381 553 2451 ἀδήλοις
579 2380 738 2433 ποσὶν
769 2378 1127 2435 ιπικείσεται.
1194 2381 1317 2433 Τῶν
1344 2381 1389 2434 δ’
1451 2376 1548 2434 οὖν
1605 2380 1917 2434 διωκόντων

342 2474 537 2543 φειδοῖ,
567 2472 641 2543 μὴ
694 2471 974 2541 πρόφασιν
1025 2474 1176 2543 ἡμᾶς
1238 2472 1555 2545 ποιούμενοι
1614 2472 1716 2544 τὴν
1762 2472 1916 2526 θείαν

341 2566 495 2620 αὐτοὶ
525 2566 645 2619 καθ’
674 2566 854 2620 αὑτῶν
907 2565 1080 2636 ὀργὴν
1110 2566 1425 2635 ὲρεθίζωσι,
1477 2566 1686 2620 τούτων
1743 2564 1790 2619 δ’
1822 2564 1917 2618 οὖν

342 2662 505 2716 ἕνεκα
528 2662 687 2733 σιγᾷν
724 2662 965 2731 ἀνάγκη,
997 2662 1093 2714 καὶ
1127 2660 1348 2731 μάλισθ’
1386 2662 1470 2714 ὄτι
1511 2661 1637 2731 μηδ’
1672 2659 1776 2714 ἀνά
1810 2662 1923 2728 χεῖ-

348 2772 447 2826 ρας
476 2755 619 2824 ἔχειν
671 2756 818 2825 ἡμᾶς
854 2756 1266 2822 ξυνεπεπτὼκει
1318 2753 1412 2807 τὸν
1459 2754 1626 2823 τόμον
1682 2754 1917 2817 ἐκεῖνον,

347 2852 435 2904 ἵνα
456 2850 674 2911 πάντως
719 2848 912 2920 βέϐαια
939 2850 1035 2901 καὶ
1082 2846 1157 2916 μὴ
1186 2846 1349 2914 κωφὰ
1392 2847 1463 2899 τὰ
1501 2844 1922 2915 προϐαλλόμενα

345 2935 404 3010 ᾖ.
447 2938 698 2990 Ἐπειδὰν
714 2937 761 2990 δ’
790 2939 818 2990 ὁ
843 2937 942 3006 τῆς
977 2936 1198 3005 αἰθρίας
1225 2933 1521 3005 ἀναλάμψῃ
1574 2933 1768 3003 καιρὸς
1830 2933 1922 2983 καὶ

348 3035 381 3100 ἡ
410 3032 763 3103 προσήκουσα
820 3031 886 3100 τῇ
922 3028 1139 3099 γλώττῃ
1185 3026 1478 3100 παρρησία
1544 3026 1921 3097 προσγένηται

350 3127 443 3190 ξύν
464 3143 531 3195 γε
555 3125 700 3194 Θεῷ,
732 3124 853 3177 τότε
878 3122 942 3194 δὴ
976 3121 1138 3187 κάγὼ
1177 3121 1316 3190 μετὰ
1374 3121 1573 3191 σχολῆς
1632 3120 1924 3173 ἀναλαϐὼν

349 3218 603 3284 θρηνήσω
632 3214 724 3267 τὸν
763 3213 956 3283 νεκρόν
988 3230 1114 3283 μου,
1171 3212 1266 3264 καὶ
1305 3211 1427 3265 τότε
1495 3209 1809 3280 κλαύσομαι
1837 3228 1925 3262 πι-

346 3307 494 3377 κρῶς
522 3307 613 3359 ἐπὶ
650 3294 711 3359 τό
748 3305 1065 3376 σύντριμμα
1120 3305 1215 3358 τοῦ
1266 3305 1457 3372 γένους
1533 3322 1657 3374 μου,
1694 3304 1927 3357 καταδέ-

351 3412 505 3466 σμοις
546 3396 711 3461 φάναι
748 3395 845 3447 καὶ
875 3394 1194 3465 φαρμάκοις
1224 3395 1490 3464 ἰατρικοῖς
1526 3410 1639 3446 τισι
1694 3395 1793 3461 τὴν
1830 3392 1922 3445 τοῦ

349 3489 605 3543 τοσούτου
639 3488 847 3551 πάθους
872 3488 946 3552 ῶς
986 3484 1099 3541 οἷόν
1144 3504 1203 3540 τε
1238 3485 1582 3557 πειρώμενος
1615 3486 1927 3556 φλεγμονὴν

354 3584 695 3655 θεραπεύειν.
737 3585 873 3654 Περί
916 3601 982 3653 γε
1021 3583 1126 3655 μὴν
1166 3582 1279 3636 τῶν
1338 3582 1434 3635 νῦν
1474 3583 1797 3635 ἐπισκόπων
1864 3580 1926 3633 οὐ

355 3682 458 3749 χρή
504 3695 564 3731 σε
606 3674 910 3747 θαυμάζειν
960 3678 1045 3729 ὅτι
1115 3675 1250 3747 μηδὲ
1314 3675 1412 3738 τάς
1467 3673 1691 3745 πρώτας
1751 3674 1930 3742 ἀρχὰς

355 3773 462 3825 τῶν
494 3770 776 3841 στοιγείων
811 3770 860 3822 oi
894 3767 1119 3831 πλείους
1172 3767 1354 3821 ίσασιν
1390 3767 1563 3835 ὑγιῶς
1598 3767 1928 3831 συντιθέναι,

357 3868 468 3929 τοῖς
498 3864 711 3927 πολλοῖς
747 3861 874 3930 γοῦν
903 3861 1013 3916 τῶν
1037 3860 1255 3933 βρεφῶν
1281 3862 1377 3914 κλὶ
1407 3860 1621 3930 νηπίων
1668 3858 1759 3911 ἐπ’
1784 3860 1927 3927 ἴσης,

355 3959 471 4015 ἀλλ’
486 3958 872 4030 ἀγροικότερον
900 3956 1102 4026 τρόπον
1137 3956 1206 4008 τὰ
1229 3954 1338 4008 τῶν
1376 3954 1536 4006 θείων
1566 3952 1928 4021 δογμάτων...

353 4057 455 4127 τὴν
508 4054 692 4105 πᾶσαν
743 4048 999 4103 κενοῦσιν
1064 4047 1326 4115 σπουδήν.
1392 4044 1527 4098 Οὐδὲ
1579 4042 1931 4113 μεταπείθειν

355 4146 647 4219 πειρᾶσθαι
685 4144 910 4215 μηδένα,
967 4141 1105 4212 μηδὲ
1169 4137 1683 4209 συναναμίγνυσθαι
1723 4136 1931 4188 τούτων

356 4240 536 4293 οὐδέσι
572 4237 695 4307 μηδ’
733 4234 910 4289 ὁτιοῦν
938 4248 953 4261 ⁵
996 4231 1189 4303 μεστοὶ
1245 4234 1357 4301 γὰρ
1400 4231 1638 4293 ἀπαντες
1672 4229 1928 4299 ὑποψίας.

361 4334 466 4384 Καὶ
519 4331 643 4383 ὅσον
663 4330 720 4389 ὲς
755 4326 817 4380 τὸ
849 4324 1016 4379 καλὸν
1072 4322 1320 4391 κάγαθὸν
1368 4321 1591 4391 τυφλῶς
1647 4337 1708 4372 τε
1742 4320 1929 4390 ἔχουσι

359 4427 451 4476 καὶ
501 4420 751 4491 ἀμαθῶς,
806 4417 1033 4487 τοσοῦτο
1088 4413 1393 4483 δολιότητός
1456 4430 1517 4465 τε
1568 4413 1665 4464 καὶ
1731 4411 1930 4480 φθόνου

363 4515 567 4585 μεστοί.
607 4516 718 4567 Καὶ
768 4513 941 4583 ῥᾷστα
963 4508 1254 4580 παριόντες
1302 4505 1620 4559 διαϐαλοῦσί
1680 4522 1739 4556 σε
1792 4503 1932 4574 πρὸς

2020 2013 2136 2066 vita
2156 2014 2381 2083 insuper
2408 2012 2659 2081 privent,
2681 2023 2847 2081 atque
2888 2010 2955 2063 iis
2984 2009 3078 2079 qui
3113 2024 3262 2063 nunc
3296 2022 3478 2061 rerum
3524 2022 3620 2076 po-

2023 2108 2110 2163 titi
2134 2117 2285 2169 sunt,
2320 2106 2558 2162 oﬂicium
2584 2106 2860 2177 quoddam
2920 2105 3245 2175 praestitisse
3301 2102 3614 2157 videantur.

2023 2201 2154 2256 Mihi
2185 2201 2407 2271 quidem
2446 2216 2596 2254 mors
2632 2200 2875 2254 minima:
2914 2214 3061 2254 cura:
3093 2207 3218 2263 est;
3252 2195 3436 2250 fatalis
3466 2194 3617 2250 enim

2022 2303 2110 2348 est
2138 2303 2193 2347 et
2221 2293 2264 2347 si
2294 2307 2403 2346 non
2436 2292 2623 2357 hodie,
2646 2301 2701 2346 at
2729 2291 2963 2345 fortasse
2990 2291 3232 2345 crastino
3273 2289 3363 2343 die
3391 2286 3622 2344 incertis

2024 2386 2287 2455 gradibus
2317 2401 2415 2438 nos
2441 2385 2683 2438 invadet.
2715 2382 3177 2437 Persecutoribus
3203 2397 3335 2435 vero
3357 2380 3619 2455 quoniam

2028 2491 2255 2547 parcere
2290 2476 2563 2540 volumus,
2603 2490 2672 2529 ne
2708 2482 2897 2528 nostra
2930 2488 3095 2528 causa
3152 2472 3397 2526 divinam
3448 2471 3501 2524 in
3563 2485 3623 2523 se

2028 2571 2163 2625 iram
2193 2570 2491 2633 concitent,
2521 2582 2745 2621 necesse
2771 2578 2855 2622 est
2910 2576 3115 2631 tacere,
3140 2565 3443 2634 pnesertim
3497 2579 3623 2618 eum

2030 2678 2099 2714 ne
2138 2661 2189 2714 in
2224 2662 2479 2715 manibus
2509 2659 2735 2730 quidem
2770 2659 3072 2715 habeamus
3108 2669 3318 2713 tomum
3358 2658 3534 2721 illum,
3566 2667 3626 2710 ut

2030 2754 2291 2808 refutatio
2341 2754 2488 2806 omni
2531 2768 2595 2805 ex
2632 2760 2782 2821 parte
2814 2752 2965 2805 firma
3023 2768 3202 2822 neque
3231 2752 3431 2807 debilis
3458 2760 3625 2820 atque

2029 2847 2225 2901 obtusa
2252 2847 2412 2900 foret.
2444 2846 2684 2901 Simulac
2716 2861 2843 2899 vero
2859 2847 3176 2901 serenitatis
3204 2843 3626 2914 exslilendeseet

2032 2949 2251 3005 tempus
2281 2947 2335 2991 et
2368 2936 2514 3005 justa
2552 2936 2750 3007 lingua:
2774 2938 2995 2991 licvntia
3028 2937 3137 2991 Deo
3173 2937 3466 3006 adjuvantc
3496 2949 3627 3003 Sup-

2033 3041 2203 3101 pctet,
2233 3041 2362 3083 tunc
2393 3045 2494 3097 ego
2535 3030 2591 3083 in
2627 3030 2741 3083 otio
2770 3044 2971 3098 corpus
3005 3044 3187 3083 meum
3229 3035 3508 3080 mortuum
3540 3040 3626 3079 re-

1982 3166 1985 3169 .
2035 3121 2228 3175 ficiens
2256 3121 2455 3189 lugebo
2482 3130 2536 3174 et
2568 3122 2789 3190 generis
2824 3120 2930 3173 ιιιεὶ
2978 3120 3370 3175 contritionem
3428 3117 3625 3172 acerbe

2032 3214 2270 3273 deﬂebo,
2306 3213 2694 3281 alligamentis,
2723 3226 2780 3266 ut
2808 3213 2882 3266 ita
2918 3210 3121 3273 dicam,
3162 3220 3215 3265 et
3248 3208 3623 3263 medicamen-

2032 3312 2103 3363 tis
2136 3309 2238 3376 71
2295 3307 2458 3376 hujus
2508 3304 2755 3359 vulneris
2804 3304 3311 3366 inﬂammationem,
3358 3312 3623 3370 quantum

2033 3403 2149 3455 fieri
2184 3401 2405 3474 poterit,
2433 3415 2630 3453 curare
2678 3406 2916 3453 tentans.
2949 3397 3104 3464 Quod
3164 3396 3361 3450 attinet
3398 3396 3462 3449 ad
3506 3396 3624 3464 cpi-

2030 3508 2261 3562 scopos,
2291 3493 2384 3562 qui
2419 3507 2566 3546 nunc
2607 3501 2757 3554 stmt,
2792 3506 2903 3545 non
2933 3492 3100 3545 debu
3124 3488 3339 3551 mirari,
3380 3488 3527 3558 quod
3558 3505 3626 3543 ne

2032 3588 2208 3655 prima
2280 3587 2504 3655 quidem
2583 3584 2987 3639 elementorum
3055 3582 3321 3652 principia
3378 3582 3625 3651 plerique

2034 3677 2338 3745 prudenter
2389 3691 2725 3747 componere
2768 3678 2971 3741 sciunt,
3023 3678 3209 3732 inultis
3274 3677 3348 3731 illi
3404 3677 3625 3745 quidem

2033 3768 2201 3833 rebus
2229 3769 2477 3837 parvulis
2535 3768 2841 3822 infantibus
2896 3767 3131 3833 similes,
3156 3766 3250 3822 sed
3311 3766 3507 3820 rodios
3569 3767 3623 3819 in

2032 3860 2218 3915 divina
2242 3861 2497 3931 dogmata
2530 3876 2691 3914 suum
2714 3876 2877 3915 omne
2907 3861 3152 3915 studium
3180 3860 3526 3929 impendunt.
3546 3859 3624 3913 Ne

2032 3969 2224 4009 eorum
2248 3968 2582 4023 quemquam
2619 3954 2672 4007 in
2710 3954 2990 4007 meliorem
3025 3954 3357 4008 sententiam
3390 3952 3628 4005 ιΙυιΙιιοιι-

2035 4061 2094 4100 re
2120 4061 2389 4100 conemur
2416 4060 2554 4099 nere
2588 4060 2713 4098 cum
2740 4060 3017 4114 quoquam
3053 4044 3139 4097 vel
3175 4044 3459 4098 ntinimam
3494 4059 3628 4097 con-

2032 4120 2387 4192 suetudinem
2455 4137 2746 4191 ineamus!
2810 4136 2966 4191 Pleni
3029 4137 3176 4191 enim
3241 4152 3436 4191 omnes
3494 4147 3627 4190 sunt

2032 4231 2347 4302 suscipione
2367 4241 2422 4285 et
2448 4241 2655 4302 quanta
2696 4231 2763 4284 ad
2802 4247 2887 4286 res
2937 4231 3198 4285 honestas
3237 4239 3294 4284 et
3324 4229 3497 4283 bonas
3522 4243 3628 4283 cm-

2032 4328 2200 4383 citate
2225 4336 2281 4381 ct
2305 4324 2523 4380 inscitia
2557 4325 2772 4395 praediti
2802 4334 2949 4390 sunt,
2982 4332 3132 4378 tanta
3169 4322 3540 4377 fraudulentia
3573 4329 3627 4375 et

2034 4418 2239 4473 invidia
2271 4426 2488 4473 scatent
2532 4428 2697 4487 atque
2754 4418 3011 4472 facillime
3064 4426 3114 4471 te
3156 4417 3298 4486 apud
3348 4415 3628 4486 principes

2033 4510 2747 4566 critninabuntur.‘Mullum
2787 4513 2934 4565 enim
2960 4510 3136 4574 abest,
3164 4520 3221 4563 ut
3247 4526 3371 4563 cum
3395 4510 3626 4563 istorum

358 4610 485 4672 τοὺς
527 4605 817 4675 ἡγεμόνας.
855 4601 1061 4658 Πολλοῦ
1099 4602 1208 4672 γὰρ
1252 4596 1397 4654 εἶναι
1448 4600 1559 4652 δεῖν
1603 4600 1671 4669 τῇ
1720 4596 1925 4650 τούτων

2036 4606 2279 4675 nequitia
2301 4606 2542 4661 conferri
2568 4605 2739 4673 possit
2764 4606 2848 4659 vel
2871 4613 3119 4659 veterum
3141 4604 3224 4659 vel
3251 4603 3626 4657 recentiorum

363 4697 694 4768 παραδαλιίν
744 4693 912 4763 κακίᾳ
968 4692 1155 4745 πᾶσαν
1210 4690 1461 4743 παλαιῶν
1527 4704 1588 4740 τε
1641 4692 1739 4741 καὶ
1797 4687 1934 4741 νέων

362 4788 573 4860 ἀνδρῶν
604 4784 970 4856 κακοτρόπων
1005 4783 1228 4838 κακίαν.
1283 4782 1347 4834 ΕΙ
1399 4782 1458 4833 δὲ
1505 4781 1580 4851 μὴ
1625 4780 1810 4852 ῥᾴδιον
1870 4782 1935 4833 ὲκ

364 4882 583 4953 πρώτης
611 4880 849 4949 συνορᾷν
897 4877 1120 4948 ὁμιλίας
1149 4876 1288 4946 μηδὲ
1320 4873 1418 4927 τοῦ
1458 4874 1535 4946 τῷ
1564 4873 1803 4944 κριτικῷ
1836 4874 1936 4942 τῆς

362 4974 539 5043 ψυχῆς
573 4968 974 5039 ταμιευομέναν
1010 4967 1371 5035 δικαστηρίου
1404 4967 1503 5026 τὰς
1528 4964 1745 5033 ψήφους
1800 4965 1937 5016 ἀνα·

363 5067 591 5120 κύπτειν
629 5062 792 5124 εὐθὺς
826 5059 1145 5130 δλευθερίας
1178 5058 1272 5111 καὶ
1299 5057 1661 5119 ἀδεκάστους,
1708 5051 1939 5109 ἀλλὀὗν

362 5160 451 5214 διὰ
472 5158 569 5227 τῆς
608 5153 704 5207 τοῦ
741 5154 935 5224 χρόνου
972 5150 1171 5222 πείρας
1202 5149 1416 5214 ἔξεστιν
1468 5150 1592 5219 ἴχνη
1636 5149 1938 5218 λαμϐάνειν

364 5254 509 5318 τινὰ,
538 5252 637 5318 τῆς
672 5248 890 5317 φύσεως
920 5241 1032 5300 οἷον
1073 5243 1435 5313 ἀναδιδούσης
1493 5245 1742 5315 ἀμυδρὰς
1785 5247 1941 5297 ﬁxa-

368 5345 511 5411 σίας,
548 5342 646 5397 οὐκ
676 5342 743 5394 ὲκ
781 5339 1039 5409 προνοίας
1088 5336 1210 5406 μὲν,
1239 5339 1304 5388 ὲκ
1354 5336 1449 5389 τοῦ
1511 5340 1857 5408 παρήκοντος
1895 5336 1940 5389 δ’

366 5433 483 5499 οὖν,
524 5437 579 5488 ἐν
602 5428 683 5497 οἷς
714 5431 885 5485 ἐνίοτε
919 5430 1071 5501 καὶή
1124 5428 1342 5498 γλῶττα
1376 5428 1719 5483 λανθάνουσι
1747 5431 1942 5501 προδό-

366 5549 449 5595 τις
478 5530 730 5591 ἀκούσιος
788 5526 1000 5595 γίνεται
1063 5523 1173 5576 τῶν
1224 5524 1323 5591 τῆς
1368 5521 1549 5593 ψυχῆς
1609 5524 1943 5594 ἀπορρήτων

369 5622 841 5697 ἀρρωστημάτων,
874 5617 1047 5687 θυμοῦ
1089 5633 1237 5678 τινος
1278 5616 1619 5685 ἐρεθίζοντος
1648 5616 1779 5677 ἴσως
1840 5633 1944 5669 κα-

372 5723 545 5789 θάπερ
586 5718 905 5782 πνεύματος
939 5713 1043 5782 τὴν
1086 5710 1290 5781 ψυχὴν,
1326 5709 1357 5778 ἢ
1396 5711 1795 5780 πραγματικῆς
1823 5711 1945 5774 οἵας

368 5817 431 5886 δή
488 5830 631 5877 τινος
682 5808 885 5875 ἔξωθεν
934 5805 1198 5877 ἐπιρροῆς
1251 5803 1348 5856 καὶ
1416 5803 1687 5873 ἀδοκήτου
1747 5807 1945 5873 φορᾶς,

384 5912 606 5969 Ὁκόσαι
647 5908 758 5980 γὰρ
790 5901 900 5957 τῶν
948 5898 1281 5970 σωματικῶν
1313 5896 1376 5971 [ί.
1416 5897 1515 5952 ll“).
1545 5897 1599 5972 α]
1634 5900 1944 5970 χρωμάτων

2038 4698 2242 4752 malitia
2267 4706 2323 4753 et
2352 4697 2699 4767 improbitas,
2730 4714 2896 4768 quant
2948 4696 3165 4751 etiarnsi
3221 4712 3331 4750 non
3365 4696 3523 4749 facile
3558 4696 3630 4750 sit

2037 4805 2104 4845 ex
2160 4790 2334 4860 prima
2399 4806 2592 4845 eorum
2652 4791 3072 4845 conversatione
3133 4805 3490 4860 cegnoscere,
3548 4800 3627 4852 ut,

2040 4898 2293 4951 qumnam
2328 4883 2383 4935 in
2416 4882 2614 4935 animis
2663 4898 2853 4936 eorum
2899 4883 3111 4953 judicia
3170 4882 3455 4938 recondita
3493 4882 3629 4949 sint,

2042 4975 2297 5043 protinus
2346 4974 2579 5042 ingenua
2623 4984 2675 5027 et
2721 4976 3037 5044 incorrupta
3064 4975 3326 5044 squragia
3370 4975 3629 5041 evadant,

2042 5078 2283 5121 attamen
2319 5068 2582 5137 temporis
2614 5066 2965 5134 procedentis
2990 5068 3370 5137 eXploratione
3405 5068 3632 5139 vestigia

2042 5160 2291 5230 qumdam
2322 5169 2510 5213 tenere
2543 5159 2752 5225 licebit,
2789 5171 2980 5213 natura
3015 5162 3211 5215 indicia
3246 5163 3496 5231 quaedam
3533 5162 3634 5215 ob-

2043 5264 2205 5305 scura
2243 5264 2351 5303 non
2411 5251 2688 5312 consulto.
2726 5251 2819 5304 sed
2852 5251 3033 5305 obiter
3087 5254 3323 5317 edente;
3355 5252 3631 5307 interdum

2044 5343 2211 5395 etiam
2241 5342 2425 5411 lingua
2454 5356 2551 5395 sua
2594 5352 2787 5409 sponte
2813 5344 2951 5397 clam
2984 5346 3166 5411 prodit
3211 5345 3377 5398 animi
3428 5350 3630 5398 arcana

2042 5435 2177 5489 vitia
2208 5434 2410 5489 aﬂ‘ectu
2439 5436 2675 5504 quodam
2707 5436 2935 5490 fortasse
2984 5447 3239 5508 tanquam
3296 5437 3423 5491 ﬂatu
3457 5446 3549 5489 aut
3582 5438 3632 5490 vi

2045 5528 2282 5599 quadam
2322 5528 2524 5583 ellicaci
2557 5532 2904 5585 extrinsecus
2954 5533 3100 5585 illata
3134 5541 3188 5584 et
3217 5532 3496 5600 inopinata
3529 5532 3634 5602 72

2048 5621 2419 5675 concitatione
2461 5623 2705 5675 animum
2767 5622 3103 5691 impellente.
3137 5622 3281 5689 Quot
3310 5623 3458 5677 enim
3506 5637 3673 5681 sunt.

2050 5712 2368 5766 hominibus
2394 5712 2643 5781 corporis
2669 5713 2917 5766 colorum
2949 5724 3003 5765 et
3032 5714 3250 5767 hat-.itus
3276 5715 3634 5780 mutationes,

2053 5813 2132 5859 tot
2165 5806 2330 5857 etiam
2365 5804 2530 5856 animi
2564 5805 2861 5858 affectuum
2903 5805 3256 5867 differentirc,
3299 5824 3437 5876 quos
3469 5808 3520 5861 in
3554 5809 3640 5864 in-

2052 5898 2268 5952 ﬁnitum
2291 5906 2345 5953 et
2379 5898 2708 5954 immensum
2742 5899 2963 5954 extendi
3012 5900 3169 5958 facile
3206 5903 3427 5970 Videris,
3458 5904 3532 5960 ita
3578 5912 3640 5964 ut
