4088 6524
525 412 599 473 θέλ
1725 429 2141 493 NICEPHORI

2261 430 2570 493 {EGORE
3735 432 3814 495 64

529 535 842 585 commotus
871 528 939 584 ad
974 544 1070 587 eos
1111 531 1256 588 misit
1303 533 1531 605 legatos,
1587 554 1683 609 per
1714 556 1854 611 quos
1894 542 2159 613 jnrcjn-l

2261 544 2335 605 ὡς
2362 544 2510 597 ἔιδον
2535 544 2753 614 κατεῖχε
2783 543 3070 607 Λατίνους.
3108 544 3199 596 Διὸ
3228 543 3606 615 πρεσϐεύεται
3658 550 3820 616 πρὶς

533 621 706 676 rando
731 623 1055 692 interposito
1088 626 1360 695 promisit,
1405 644 1464 683 se
1499 645 1597 685 eos
1633 632 1856 703 impune
1914 635 2103 690 dimis-

2261 637 2406 700 irob;
2439 634 2727 703 ἑλεήσαςό
2785 636 3061 706 βασιλεὺς,
3117 636 3183 689 δι’
3210 636 3391 707 ὅρκων
3448 638 3601 708 σφᾶς
3660 638 3820 701 ἀζη-

533 730 726 771 surum
762 731 906 779 esse.
941 719 1058 773 sive
1081 718 1154 773 ibi
1189 721 1478 776 considere
1523 725 1746 784 vellent.
1771 731 1886 783 sive
1931 729 2105 792 abire,

2261 728 2369 791 ίους
2397 728 2630 797 βεϐαιῶν
2664 728 2906 798 ἀφιέναι,
2960 727 3059 781 εῖτ*
3103 728 3294 781 αὐτόοι
3329 730 3614 800 καθῆσθαι
3673 728 3817 799 βού-

533 821 646 870 quo
668 806 882 870 liberet,
911 807 1107 863 deletis
1152 819 1329 865 tamen
1358 823 1518 868 antea
1574 818 1850 871 moenibus
1899 820 2139 874 castelli'

2261 835 2405 883 ιιντο,
2467 818 2567 872 εἴτ’
2621 815 2716 872 οὖν
2780 818 3112 890 πορεύεσθαι
3169 821 3276 889 ὅπη
3333 820 3646 888 βούλοιντο,
3708 836 3819 874 κα-

539 912 734 951 recens
752 899 1065 953 exstructis.
1114 898 1194 952 Ad
1223 898 1341 953 huic
1389 901 1464 956 illi
1497 904 1796 972 gloriantes
1826 922 1950 961 cum
2003 908 2107 961 alia

2261 910 2553 980 ιιρεοέντος
2625 912 2891 983 πρότερον
2923 911 3018 966 τοῦ
3067 912 3127 965 τὸ
3190 911 3450 982 φρούριον
3507 911 3819 982 τειχίζονο

537 990 848 1058 arrogantia
903 988 1221 1044 etiamnunc
1252 991 1449 1046 usitata
1497 997 1853 1064 respondere.
1920 1008 2031 1052 tum
2063 999 2108 1053 si

2261 1019 2300 1066 νς
2357 1001 2658 1069 νεοπαγοῦς
2709 1002 3021 1073 περιϐόλου.
3085 1003 3226 1071 Πρὸς
3282 1002 3318 1056 ἀ
3373 1001 3828 1070 τερατευσαμέ-

539 1081 761 1145 quidem
790 1097 958 1136 unum
1010 1084 1176 1138 Deum
1238 1098 1420 1141 rerum
1465 1087 1846 1144 univcrsitatis
1892 1099 2105 1144 creato-

2261 1111 2338 1157 ›υς
2387 1096 2631 1155 ἐκείνους
2687 1095 2760 1147 τά
2809 1111 2868 1148 τε
2909 1095 3047 1149 ἀλλα
3098 1098 3197 1163 τῆς
3247 1093 3504 1156 εἰωθυίας
3544 1094 3655 1148 καὶ
3712 1093 3823 1148 νῦν

543 1186 658 1224 rem
686 1173 912 1240 coleret,
954 1176 1108 1233 firma
1155 1179 1417 1250 memoria
1464 1180 1826 1250 jurisjurandi
1885 1183 2112 1251 pignora

2261 1186 2420 1254 ρρείος
2452 1186 2891 1256 ἀποκρίνασθαι,
2933 1188 3028 1239 καὶ
3068 1188 3167 1256 μὲν
3199 1186 3263 1255 δὴ
3303 1188 3402 1242 καὶ
3449 1187 3554 1250 ὅτι,
3603 1188 3675 1240 Ei
3707 1193 3824 1257 μέν

544 1263 953 1323 iucludentibus
1009 1271 1116 1325 sibi
1158 1287 1408 1327 securam
1437 1272 1606 1326 vitam
1662 1273 1826 1327 etiam
1882 1273 1936 1326 in
1990 1273 2114 1327 loco

2261 1277 2300 1328 it
2326 1277 2443 1347 Θεῷ
2470 1278 2548 1345 τῷ
2610 1276 2705 1331 τοῦ
2738 1278 2936 1340 παντὸς
2969 1278 3259 1345 ὲλὰτρευες
3314 1282 3511 1349 ποιητῇ
3562 1278 3821 1350 δηλαδὴ,

544 1372 652 1410 non
687 1361 899 1414 nmnito
929 1361 1094 1418 licere
1154 1363 1387 1434 degere;
1441 1365 1699 1433 quoniam
1761 1379 1885 1419 vero
1937 1366 2116 1420 nesci-

2261 1385 2289 1420 ν
2328 1368 2395 1422 ἂν
2426 1368 2710 1438 ὡρισμένῃ
2768 1370 2961 1440 μνήμῃ
2998 1367 3097 1431 τάς
3137 1368 3247 1422 τῶν
3280 1369 3459 1439 ὅρκων
3485 1370 3825 1438 ἀσφαλείας

545 1458 689 1515 rent,
718 1452 936 1505 cuinam
982 1453 1489 1519 innumerabilium,
1555 1470 1696 1524 quos
1736 1467 2116 1523 veneraretur,

2261 1457 2599 1526 γκλείοντας,
2634 1457 2932 1528 ἀφρόντιδα
2966 1456 3082 1526 βίον
3129 1456 3189 1509 ὲν
3244 1457 3537 1528 ἁτειχίστῳ
3586 1458 3831 1525 διάγειν

545 1539 776 1594 deorum
808 1541 932 1597 tidei
965 1546 1317 1610 sponsionem
1371 1546 1613 1608 fecisset,
1663 1546 1856 1600 timere
1892 1561 1975 1609 se,
2027 1561 2117 1609 ne,

2261 1551 2430 1621 ωρίῳ.
2489 1550 2604 1604 Νῦν
2654 1550 2700 1603 δ’
2736 1551 2853 1604 ούκ-
2894 1551 3059 1603 είδόσι
3103 1551 3210 1604 τίνι
3262 1550 3371 1603 τῶν
3420 1551 3684 1619 ἀπείρων
3735 1543 3829 1613 οἷς

548 1630 714 1683 simili
753 1632 917 1703 hujus
948 1634 1043 1687 Dei
1079 1637 1300 1690 nomine
1329 1645 1384 1690 et
1407 1636 1774 1706 appellatione
1833 1637 1997 1690 unius
2023 1636 2120 1692 Dei

2261 1640 2511 1713 ατρεύεις
2547 1641 2692 1706 θεοῖς
2728 1642 2822 1704 τὰς
2843 1642 2941 1711 τῆς
2969 1641 3206 1703 πίστεως
3231 1643 3420 1707 νέμεις
3455 1643 3709 1710 ἐγγύας,
3732 1643 3833 1697 δε-

514 1722 779 1786 ,ιιιιτίὺιιε
809 1726 1050 1780 inductis
1090 1727 1147 1781 in
1191 1727 1464 1790 fraudem.
1519 1729 1574 1783 in
1614 1729 1719 1799 77
1755 1728 1966 1784 infinita
2031 1729 2122 1783 illa

2261 1731 2397 1784 ιέναι
2431 1730 2506 1798 μὴ
2544 1729 3005 1800 συναρπασθεῐσιν
3040 1729 3232 1783 ἔπειτα
3256 1729 3357 1793 τάς
3391 1730 3565 1792 ἀκοάς
3629 1731 3731 1784 διά
3762 1746 3833 1784 τι

546 1816 804 1871 aestuaria
830 1817 1068 1872 immersi
1100 1818 1408 1889 ingentibus
1426 1820 1727 1875 animarum
1756 1828 1812 1874 et
1829 1835 2123 1889 corporum

2261 1822 2324 1891 ἧς
2355 1822 2676 1890 ὁμωνυμίας
2720 1824 2814 1875 καὶ
2850 1825 2951 1892 τῆς
3004 1821 3099 1876 τοῦ
3141 1822 3306 1892 μόνου
3337 1821 3473 1876 Θεοῦ
3519 1839 3835 1893 προσηγο-

552 1905 854 1976 naufragiis
875 1909 1264 1963 obruerentur.
1316 1908 1472 1975 Quod
1510 1927 1634 1964 cum
1684 1912 1992 1966 audivisset
2025 1903 2159 1966 im-I

2261 1914 2376 1979 νίας,
2412 1913 2470 1975 ἐς
2489 1914 2587 1982 τὴι
2614 1914 2713 1982 τῆς
2760 1913 3021 1983 ἀπειρίαις
3068 1914 3285 1984 ἐκείνης
3326 1914 3596 1986 ἀνάχυσιν
3644 1932 3837 1970 κατα-

552 2008 794 2066 perator,
840 2001 1179 2056 mortiferam
1240 2001 1393 2056 cordi
1433 2018 1534 2056 suo
1586 2002 1801 2072 plagam
1858 2001 2125 2057 inﬂictam

2262 2006 2450 2070 ύντας,
2481 2005 2732 2075 ἀπείροις
2781 2005 3228 2075 περιαντλεῖσθαι
3259 2006 3486 2075 γένηται
3518 2007 3837 2074 ναυαγίοις

552 2099 706 2143 ratus
730 2106 830 2161 pro
856 2093 1055 2160 quavis
1083 2093 1187 2148 alia
1217 2094 1492 2149 medicina
1524 2092 1908 2149 Alexandrina?
1937 2104 1995 2148 et
2018 2093 2129 2148 Au-

2261 2094 2388 2163 Lpain:
2444 2092 2640 2155 αὐταῖς
2691 2091 2893 2162 ψυχαῖς
2966 2094 3064 2147 καὶ
3109 2093 3293 2156 αὐτοῖς
3347 2093 3588 2163 σώμασι.
3643 2093 3839 2150 Ταῦτ’

555 2183 773 2236 tiorhiie
798 2184 1139 2253 patriarchas
1164 2194 1323 2239 antea
1368 2187 1479 2254 jam
1527 2201 1594 2241 ex
1629 2185 1930 2256 longinquo
1969 2185 2129 2239 donis

551 2274 961 2331 circumventos
1000 2285 1229 2347 tumque
1277 2278 1367 2331 hic
1421 2288 1825 2332 commorantes
1862 2292 1930 2332 eo
1953 2276 2131 2331 addu-

554 2379 683 2421 cere
708 2365 941 2430 studuit,
962 2378 1022 2422 ut
1063 2369 1218 2423 novis
1251 2382 1307 2431 ct
1337 2369 1635 2439 illegitimis
1665 2368 1829 2423 tomis
1852 2367 2133 2436 subscrip-

553 2456 710 2510 tione
751 2458 1029 2528 astipulati
1057 2459 1110 2512 in
1140 2459 1385 2515 futurum
1418 2475 1605 2516 secum
1650 2461 1793 2514 idem
1839 2459 2129 2521 sentirent,

558 2559 817 2617 spectans
850 2551 1053 2621 quippe
1116 2552 1183 2606 ad
1234 2568 1448 2608 morum
1495 2551 1905 2623 simplicitatem
1963 2558 2019 2604 ct
2049 2550 2132 2603 in-

557 2642 756 2695 callida
837 2642 1226 2714 incnwptaque
1281 2660 1471 2700 eorum
1532 2645 1780 2699 doctrina
1820 2644 2016 2704 fretus.
2074 2650 2134 2696 ut

564 2734 896 2801 particularc
957 2735 1088 2790 illud
1142 2748 1311 2811 atque
1391 2737 1786 2806 priedatorium
1841 2735 2134 2790 concilium

556 2827 669 2892 iam
700 2828 1028 2883 catholicam
1088 2814 1361 2900 synodum
1414 2831 1723 2892 nominare,
1774 2828 1878 2883 sibi
1938 2839 2141 2897 oppro-

562 2918 681 2972 hria
709 2919 973 2975 facientes
1016 2922 1070 2975 in
1108 2921 1351 2976 futurum
1403 2932 1464 2978 ut
1513 2923 1734 2976 insanos
1779 2929 2139 2976 contemnere

552 3027 628 3066 ac
656 3012 806 3066 nullo
838 3021 997 3080 pacto
1031 3014 1352 3070 conturbari
1402 3023 1608 3084 posset.
1660 3013 1739 3069 lta
1776 3012 1925 3068 nulla
1982 3026 2145 3081 pror-

563 3119 661 3158 sus
692 3104 893 3159 divina:
921 3105 1283 3174 providentia:
1313 3105 1502 3161 habita
1541 3105 1755 3161 ratione
1812 3120 1911 3160 sua
1964 3103 2142 3174 ipsius

564 3199 883 3266 cognitione
914 3200 1158 3254 conlisus
1178 3199 1361 3253 omnia
1385 3200 1728 3254 moderatur.

2229 2185 2449 2241 ἀκούων
2475 2186 2504 2239 ὁ
2540 2184 2799 2254 βασιλεὺς
2850 2186 3095 2255 καιρίαν,
3153 2188 3345 2255 φησιν,
3402 2184 3633 2255 ἐνόμιζε
3666 2186 3840 2255 δέχε-

2232 2278 2358 2332 σθαι
2408 2276 2555 2331 κατά
2594 2276 2695 2339 τῆς
2732 2275 2961 2347 καρδίας
3012 2276 3248 2346 πληγὴν,
3297 2277 3392 2331 καὶ
3429 2278 3837 2349 μεμελέτηκεν

2232 2368 2351 2423 ἀντ’
2380 2368 2548 2423 ἄλλου
2604 2362 3064 2437 φαρμάκου,⁴τόν
3122 2384 3184 2420 τε
3235 2367 3659 2439 ’Δλεξανδρείας
3717 2374 3836 2424 πα-

2233 2459 2506 2529 τριάρχην
2566 2458 2662 2512 καὶ
2696 2459 2813 2527 ἅμα
2851 2462 2945 2513 τὸν
2976 2461 3075 2527 τῆς
3109 2459 3443 2531 Ἀντιοχείας
3488 2461 3702 2532 δώροις
3730 2479 3842 2515 πε-

2239 2548 2468 2621 ριελθὼν
2503 2551 2599 2603 καὶ
2631 2550 2941 2621 πόρρωθεν,
2978 2551 3402 2621 ἐνδημήσαντας
3452 2552 3679 2606 πείθειν
3741 2552 3840 2606 ιν-

2236 2642 2432 2695 ταυθοῖ
2481 2643 2773 2698 συνθέσθαι
2822 2643 2935 2706 τοῖς
2990 2645 3134 2698 νέοις
3169 2645 3264 2696 καὶ
3323 2644 3680 2715 παρανόμοις
3740 2646 3842 2698 τό-

2242 2750 2398 2802 μοις,
2460 2734 2558 2787 καὶ
2613 2732 3044 2806 ὑπογράψαντας
3100 2729 3243 2787 εἶναι
3313 2734 3408 2788 καὶ
3475 2734 3689 2797 αὐτοὺς
3740 2732 3842 2788 τοῦ

2239 2826 2429 2881 λοιποῦ
2465 2843 2531 2898 γε
2569 2827 2908 2897 ὁμόφρονας,
2957 2828 3016 2890 ές
3044 2826 3107 2880 τὸ
3165 2826 3275 2880 τῶν
3336 2826 3552 2896 τρόπων
3594 2828 3845 2880 ἐκείνων

2241 2919 2453 2974 ἀπιδὼν
2488 2922 2586 2973 καὶ
2614 2918 2903 2991 θαρρήσας
2935 2918 3146 2973 ἁπλοῦν
3180 2919 3361 2971 καὶτὸ
3396 2918 3508 2972 τῶν
3525 2918 3844 2990 γραφικῶν

2246 3013 2491 3085 μεθόδων
2528 2989 2839 3077 ἀποίκιλον,
2864 3011 2959 3064 και
2992 3009 3291 3079 καθολικὴν
3337 2989 3577 3064 ἐνταῦθα
3613 3011 3683 3064 τὸ
3742 3029 3846 3080 με·-

2249 3104 2399 3174 ρικδν
2449 3104 2626 3157 ἐκεῖνο
2669 3101 2765 3155 καὶ
2827 3100 3126 3171 λῃστρικὸν
3170 3100 3463 3169 ὀνομάζειν
3535 3100 3691 3170 ἔχειν
3733 3101 3843 3171 ήδη

2250 3196 2530 3264 συνέδριον
2559 3193 2803 3259 σύνοδον,
2835 3194 2933 3246 καὶ
2951 3190 3099 3245 οὕτω
3127 3189 3223 3255 τοῦ
3260 3190 3450 3245 λοιποῦ
3481 3191 3594 3245 τῶν
3629 3193 3850 3246 ὀνειδι-

564 3292 771 3356 ζόντων
824 3296 1184 3364 καταφρονεῖν
1230 3293 1308 3359 ὡς
1358 3295 1627 3363 ἀφρόνων,
1686 3295 1780 3347 καὶ
1831 3293 2057 3363 μηδαμῆ
2116 3288 2623 3360 καταπλήττεσθαι.
2659 3286 2818 3342 Οὕτω
2873 3289 2939 3358 τῇ
2994 3285 3192 3340 ἑαυτοῦ
3249 3284 3524 3339 πιστεύων
3579 3285 3848 3341 εὐθύνειν

569 3385 791 3440 ἅπαντα
812 3387 1029 3452 γνώσει,
1069 3385 1416 3440 παντάπασιν
1451 3386 1674 3457 ἀμελῶν
1700 3385 1895 3456 ὁρᾶται
1939 3381 2198 3454 προνοίας
2226 3379 2388 3435 Θεοῦ.

646 3482 728 3537 Vl.
754 3482 1065 3537 Autumnus
1093 3497 1227 3535 vero
1251 3498 1375 3537 cum
1409 3482 1519 3551 jam
1546 3485 1695 3538 circa
1730 3493 1910 3536 ortum
1937 3478 2156 3535 Arcturi

2344 3475 2437 3544 ς’.
2471 3476 2613 3547 Ἤδη
2641 3475 2701 3530 δὲ
2747 3475 2846 3530 τοῦ
2877 3475 3223 3548 φθινοπώρου
3269 3476 3400 3546 περὶ
3438 3475 3538 3538 τὰς
3586 3478 3693 3533 τοῦ
3744 3479 3854 3551 ἀρ·

574 3581 739 3637 csset,
766 3586 988 3626 rumore
1013 3574 1281 3643 disperso,
1311 3573 1544 3628 Venetas
1570 3574 1825 3627 triremes
1859 3571 1984 3639 plus
2014 3584 2150 3624 ceu-

580 3674 696 3717 tum
734 3663 917 3716 sinum
954 3662 1166 3717 Iunium
1199 3674 1619 3734 praetervectas,
1666 3662 1805 3721 mari
1841 3659 2156 3717 Hadriatico

573 3751 765 3806 dextra
798 3752 988 3805 relicto
1006 3752 1071 3803 ait
1109 3750 1516 3823 Corcyraeorum
1547 3761 1604 3805 et
1638 3749 2062 3820 Zacynthiorum
2094 3760 2159 3800 ac

580 3843 938 3912 PeIOpounesi
970 3842 1132 3896 urbes
1149 3843 1537 3911 adnavigantes
1567 3841 1769 3896 milites
1785 3838 2159 3894 mercena'rios

579 3946 639 3992 ct
657 3936 828 3991 anatis
865 3934 1056 3996 robur.
1108 3936 1252 4004 quod
1296 3950 1445 3988 arma
1474 3935 1618 3988 ferre
1647 3943 1852 4003 posset,
1901 3932 2031 3987 inde
2089 3930 2157 3985 ad

585 4027 927 4080 militandum
959 4025 1214 4082 mercede
1242 4025 1447 4094 ingenti
1475 4037 1709 4079 evocare
1769 4026 1962 4092 (naves
2011 4022 2158 4078 enim

584 4121 692 4175 illae
744 4128 907 4173 erant
950 4120 1224 4183 maximae,
1277 4127 1338 4169 ut
1392 4114 1624 4184 singula:
1672 4128 1906 4170 numero
1956 4113 2161 4185 majore

586 4226 750 4277 quam
800 4218 1150 4262 trecenorum
1208 4205 1493 4260 hominum
1569 4204 1925 4277 indigerent),
1995 4218 2164 4259 naves

585 4302 961 4371 speculatoria
1020 4300 1213 4353 classis
1284 4297 1659 4353 chuensinm
1713 4299 1824 4368 78
1856 4299 1925 4351 de
1983 4312 2050 4351 ea
2106 4311 2163 4351 re

588 4396 853 4449 certiores
888 4395 1063 4456 factre,
1104 4407 1267 4462 quam
1288 4391 1573 4445 celerrime
1622 4390 1819 4443 Chium
1867 4388 2167 4444 contende-

592 4496 743 4549 runt,
775 4485 1032 4539 nuntium
1067 4499 1135 4537 eo
1190 4482 1483 4552 perlatum
1537 4494 1780 4549 suosque
1827 4479 2161 4542 oscitaturre,

595 4590 655 4632 nt
689 4579 836 4632 nulla
869 4592 1019 4631 mora
1054 4574 1377 4642 interposita
1410 4573 1603 4627 eodem
1631 4573 1722 4627 die
1758 4573 1994 4625 navibus
2019 4572 2168 4627 solu-

592 4673 665 4725 tis
712 4671 883 4725 remis
944 4668 1118 4722 ventis
1171 4665 1491 4736 Byzantium
1543 4666 1855 4723 tenderent.
1893 4662 1966 4716 ibi
2017 4664 2165 4717 enim

596 4766 792 4819 melius
816 4779 937 4820 esse
980 4760 1224 4817 hostium
1283 4761 1590 4829 ingressum
1643 4769 1984 4827 exspectare,
2039 4772 2165 4813 cum

597 4858 884 4913 castellum
924 4853 1129 4910 Galatas
1163 4852 1365 4906 multas
1420 4865 1583 4920 atque
1616 4850 1795 4905 varias
1844 4850 2169 4919 opportuni-

600 4960 742 5005 tates
780 4948 1138 5020 przehiturmn
1164 4953 1332 4999 esset.
1363 4943 1496 4997 Inde
1553 4943 1721 5013 igitur
1742 4943 1963 4996 ancoris
1990 4940 2178 4995 subla-

604 5048 674 5100 tis
703 5060 827 5099 cum
864 5041 1095 5110 integris
1122 5038 1404 5109 sexaginta
1436 5037 1668 5091 navibus
1700 5038 1939 5106 primum
1989 5036 2055 5088 ad
2090 5036 2177 5088 iu-

603 5138 827 5191 troitun
881 5132 1007 5187 freti
1057 5130 1449 5201 ilelleSpontici
1514 5138 1805 5191 venerum,
1864 5127 2065 5181 deinde
2086 5126 2175 5193 .zad

601 5227 887 5283 Tenedum
944 5240 1131 5287 naves
1195 5223 1629 5276 constituerunt.
1716 5221 2046 5287 Complures
2101 5217 2178 5272 ibi

604 5320 928 5374 continenti
958 5317 1077 5370 dies
1105 5315 1251 5369 nulla
1286 5330 1342 5369 re
1378 5315 1563 5368 hostili
1627 5326 1723 5369 aut
1775 5313 1973 5367 bellica
2028 5325 2177 5366 com-

607 5413 795 5469 missa,
846 5409 938 5461 sed
987 5415 1296 5467 commeatu
1353 5407 1521 5473 petito
1568 5416 1732 5474 atque
1774 5412 2000 5471 accepto
2049 5416 2174 5455 cum

608 5499 900 5573 i-aceiude
930 5499 1140 5553 abiere.
1182 5497 1300 5553 Tali
1368 5500 1581 5551 ratione
1629 5496 1796 5550 etiam
1864 5498 1930 5547 a.l
1987 5506 2182 5545 omnes

618 5594 991 5647 l‘uunanornm
1025 5592 1187 5645 nrbes
1218 5591 1522 5644 maritimas
1548 5589 1810 5659 paulatim
1843 5580 2222 5639 aitvelicban-'

617 5693 728 5745 tur,
766 5682 942 5738 donec
974 5682 1319 5745 Perinthum,
1355 5698 1476 5752 quite
1507 5681 1673 5735 etiam
1712 5678 1971 5733 lleraclea
1998 5674 2188 5744 appel-

2257 3565 2495 3637 κτούρου
2511 3567 2768 3629 ἐπιτολὰς
2799 3568 3120 3638 γενομένου,
3156 3570 3347 3641 φήμης
3385 3569 3611 3640 ῥυείσης
3627 3575 3711 3635 ῶς
3743 3572 3853 3625 Βε-

2259 3659 2477 3712 νετικαὶ
2505 3659 2757 3729 τριήρεις
2785 3659 2926 3729 ὑπὲρ
2965 3660 3064 3723 τὰς
3092 3660 3300 3719 ἑκατὸν
3332 3662 3425 3716 τὸν
3484 3662 3678 3717 Ἰόνιον
3741 3679 3853 3717 πα-

2265 3749 2601 3820 ραλλάξασαι
2645 3751 2867 3813 κόλπον,
2914 3751 3012 3804 καὶ
3064 3751 3126 3804 τὸ
3182 3751 3525 3822 ’Δδριατικδν
3564 3752 3630 3804 ὲν
3693 3752 3854 3823 δεξιᾷ

2260 3844 2715 3897 καταλελοιπυίαι
2769 3842 3034 3913 πέλαγος,
3070 3845 3172 3908 τὰς
3209 3843 3578 3914 Κερκυραίων
3614 3844 3717 3898 καὶ⁵
3745 3847 3854 3899 Ζα-

2261 3936 2502 3991 κυνθίων
2540 3937 2635 3991 καὶ
2676 3936 3129 4007 Πελοποννησίων
3184 3936 3570 4008 παραπλέουσι
3629 3939 3852 4000 πόλεις,

2264 4029 2646 4096 ξενολογοῦσαί
2671 4046 2730 4082 τε
2757 4030 2854 4083 καὶ
2883 4029 2994 4082 τῶν
3016 4029 3229 4083 ἐκεῖθεν
3253 4030 3441 4099 ἀκμὴν
3469 4029 3568 4099 τῆς
3601 4029 3853 4099 ήλικίας,

2261 4122 2443 4192 ὁπόση
2478 4121 2880 4191 στρατεύσιμος
2908 4121 3020 4192 εἴη,
3064 4120 3262 4192 μισθοῦ
3296 4121 3704 4193 στρατεύεσθαι
3735 4120 3860 4175 πεί-

2264 4215 2456 4268 θουσαι
2489 4214 2637 4281 μάλα
2674 4230 2730 4266 τι
2793 4210 3073 4283 βρίθοντος
3105 4212 3353 4283 (μεγέθει
3400 4214 3511 4283 γὰρ
3551 4207 3701 4266 εῖναι
3754 4226 3858 4281 με·

2265 4306 2458 4374 γίστας
2498 4305 2717 4368 ὲκείνας
2748 4306 2847 4366 τὰς
2876 4305 3030 4369 ναῦς,
3078 4304 3182 4358 καὶ
3211 4302 3584 4373 πληρώματος
3635 4301 3858 4355 δεῖσθαι

2270 4398 2518 4468 μείζονος
2551 4397 2584 4467 ἢ
2615 4395 2947 4467 τριακοσίων
2976 4395 3217 4465 ἑκάστην
3240 4395 3497 4465 ἀνδρῶν),
3529 4395 3587 4449 ai
3630 4409 3859 4464 προφυ-

2265 4490 2484 4553 λακίδες
2501 4490 2753 4560 τριήρεις
2776 4487 2879 4558 τῆς
2908 4486 3176 4556 ναυτικῆς
3211 4486 3322 4540 τῶν
3350 4487 3689 4540 Γεννουῖτῶν
3751 4486 3855 4540 δυ-

2267 4585 2485 4653 νάμεως
2509 4578 2814 4650 πυθόμεναι
2852 4581 2952 4651 τὴν
2988 4583 3255 4650 ταχίστην
3284 4575 3420 4653 ἧκον
3453 4580 3853 4648 ἀγγέλλουσαι,

2270 4681 2366 4731 καὶ
2395 4679 2513 4748 ἅμα
2544 4675 2871 4746 ῥτρύνουσαι
2916 4675 3087 4743 μηδὲν
3132 4672 3511 4743 μελλήσαντας
3539 4671 3603 4745 μ’.
3642 4672 3747 4726 115
3781 4668 3853 4741 ό]

2270 4772 2403 4824 Χίου
2422 4768 2740 4840 αὐθημερόν
2767 4785 2828 4820 τε
2858 4764 3307 4821 ἀπαλλάττεσθαι
3326 4765 3420 4818 καὶ
3449 4754 3602 4828 ὅλαις
3631 4765 3858 4823 κώπαις

2275 4862 2407 4916 εὐθὺ
2443 4860 2747 4927 Βυζαντίου
2805 4858 3087 4913 ἐλαύνειν·
3128 4855 3270 4912 εἶναι
3317 4858 3429 4928 γὰρ
3477 4857 3691 4926 βέλτιον
3738 4854 3861 4909 ἐκεῖ

2275 4955 2374 5026 τὴν
2410 4952 2527 5006 τῶν
2560 4951 2841 5022 πολεμίων
2884 4951 3075 5020 ἔφοδον
3113 4952 3459 5022 περιμένειν,
3507 4950 3617 5021 ὅπη
3652 4950 3721 5021 δὴ
3760 4947 3857 5001 καὶ

2275 5047 2336 5099 τὸ
2366 5045 2766 5112 Γαλατώνυμον
2799 5041 3059 5114 φρούριον
3092 5042 3179 5112 εἴη
3225 5042 3290 5094 ἂν
3326 5040 3529 5111 πολλήν
3574 5056 3699 5093 τινα
3758 5037 3857 5091 καὶ

2277 5135 2631 5204 παντοδαπὴν
2655 5135 2898 5206 παρέχον
2930 5132 3226 5201 ὠφέλειαν.
3251 5132 3524 5201 Ἄραντες
3560 5126 3656 5185 οὖν
3690 5128 3858 5190 εθθὺς

2278 5225 2492 5280 ἐκεῖθεν
2547 5225 2813 5294 ἑξήκοντα
2875 5225 2999 5286 ταῖς
3045 5221 3280 5285 ,πάσαις
3333 5220 3528 5275 ναυσὶν
3598 5221 3860 5289 ἀφίκοντο

2283 5319 2502 5390 πρῶτον
2528 5317 2659 5387 ἄχρι
2709 5317 2806 5370 καὶ
2848 5318 2905 5381 ἐς
2948 5316 3008 5370 τδ
3050 5315 3148 5370 τοῦ
3203 5314 3629 5385 Ἐλλησποντίου
3679 5310 3859 5380 στόμα

2285 5410 2561 5483 πορθμοῦ,
2592 5411 2687 5463 καὶ
2743 5409 2974 5463 αὐτόθεν
3006 5409 3065 5472 ἐς
3122 5407 3355 5463 Τένεδον
3408 5406 3857 5479 καθωρμίσαντο.

2287 5505 2458 5557 Ἔνθα
2538 5503 2741 5573 συχνὰς
2789 5501 3226 5563 διατετελεκότες
3286 5500 3525 5570 ἡμέρας,
3597 5498 3859 5568 πολέμιον

2286 5593 2495 5664 ἔφηναν
2525 5593 2735 5663 οὐδαμῆ
2759 5593 2822 5645 τὸ
2848 5591 3114 5661 παράπαν
3167 5590 3279 5644 οὐδ’
3313 5590 3541 5644 ἔνοπλον
3568 5592 3730 5661 ἔργον
3767 5585 3861 5638 ού-

2287 5688 2411 5740 δὲν·
2470 5686 2589 5741 ἀλλ’
2640 5685 2850 5755 ἀγορὰν
2916 5686 3253 5754 αἰτήσαντες
3300 5684 3394 5736 καὶ
3443 5681 3703 5745 λαϐόντες
3744 5673 3861 5747 μετ’

619 5776 782 5836 lntur,
809 5779 1079 5831 venirent.
1103 5777 1205 5833 Ubi
1227 5792 1350 5832 cum
1371 5791 1471 5829 nec
1487 5774 1723 5842 benigne
1753 5785 1855 5825 nec
1882 5768 2159 5823 huma'nitc

2290 5782 2516 5853 εἰρήνης
2546 5781 2758 5833 ἐκεῖθεν
2818 5778 3161 5850 ἀπήλλαξαν.
3195 5779 3306 5829 Ka‘t
3365 5775 3527 5828 τοῦτο
3584 5773 3861 5829 ποιοῦντες

619 5881 705 5921 te:
733 5880 1067 5926 necessarias
1095 5868 1312 5926 emendi
1346 5867 1557 5937 copiam
1590 5868 1970 5934 impetrarent,
1992 5874 2186 5929 magna

2292 5876 2472 5944 ἠρέμα
2502 5874 2599 5938 τὰς
2626 5874 2684 5925 ὲν
2731 5871 2974 5943 θαλάττῃ
3050 5869 3367 5938 Ῥωμαϊκὰς
3422 5865 3732 5938 παρέπλεον
3759 5862 3859 5916 πό·
