4088 6472
273 364 343 424 65
1246 357 1690 420 ΒΥΖΑΝΤΙΝΙΕ
1728 358 1862 421 HIS

1967 358 2117 420 RLE
2152 359 2296 423 LIB.
2324 361 2529 425 XXVI.
3453 368 3526 434 63

273 482 383 543 λεις
413 476 656 542 ἁπάσας,
682 477 812 548 ἄχρι
861 477 956 530 καὶ
994 477 1052 541 ἒς
1111 473 1212 549 τὴν
1259 475 1549 546 ΙΙείρινθον
1599 477 1701 546 τὴν
1749 479 1846 533 καὶ

1962 477 2135 550 illecti
2177 477 2500 536 dilﬁcultate
2532 480 3040 548 eommorabaotur,
3077 498 3145 540 ex
3190 484 3394 541 Galatas
3436 503 3531 544 ca-

285 569 617 641 Ἥράκλειαν
646 570 1018 641 καλουμένην.
1066 567 1352 622 Ἐνταυθοί
1380 567 1426 622 δ’
1454 569 1556 622 οὐκ
1581 567 1847 639 εὐμενοῦς

273 666 395 718 οὖὸι
429 661 818 734 φιλανθρώπου
850 666 951 730 τῆς
1000 663 1208 732 ἀγορᾶς
1238 662 1350 715 τῶν
1399 661 1726 728 ἐπιτηδείων
1754 678 1847 713 τυ-

276 758 485 827 χόντες,
534 755 772 824 ἔστησαν
816 754 1072 818 ἀλύοντες
1102 771 1163 807 τε
1218 755 1312 807 καὶ
1365 755 1560 822 μαθεῖν
1614 753 1848 823 περιμέ-

276 867 458 912 νοντες
485 850 549 901 ὲκ
575 848 669 902 τοῦ
698 847 1105 916 Γαλατωνύμου
1146 846 1435 916 φρουρίου,
1481 845 1531 898 εί
1565 846 1666 913 τὴν
1714 845 1848 896 ὑπο-

278 941 440 1013 δοχὴν
468 940 625 1007 ἀξίαν
649 939 744 993 τοῦ
789 939 980 992 στόλου
1030 940 1521 1005 παρεσκευάσαντο
1547 954 1562 968 ·
1599 937 1849 1007 φθάσαν-

278 1050 369 1096 τες
390 1034 499 1103 γὰρ
537 1033 655 1085 ἐκεῖ
682 1034 932 1102 τριίρεις
991 1029 1363 1100 προῧπεμψαν
1414 1028 1569 1081 δέκα.
1625 1025 1849 1092 Μεταξὺ

278 1123 337 1178 δὲ
367 1124 573 1193 λάχανα
603 1122 962 1194 παρεξιόντες
988 1120 1275 1190 ξυνέλεγον
1322 1122 1411 1173 καὶ
1445 1120 1682 1190 βοτάνην
1714 1120 1850 1173 ἔνιοι

278 1214 379 1283 τῆς
412 1215 673 1282 ναυτικῆς
717 1213 1004 1282 δυνάμεως
1066 1214 1130 1266 ἐκ
1161 1213 1259 1282 τῆς
1305 1210 1510 1281 χώρας,
1543 1212 1849 1282 ἡμερήσιον

280 1306 529 1362 ἐντεῦθεν
560 1310 625 1379 τῇ
665 1308 867 1376 γαστρὶ
919 1304 1321 1375 μνηστεύοντες
1365 1305 1685 1375 τράπεζαν·
1744 1321 1851 1374 μα-

285 1400 403 1470 κρῷ
432 1400 537 1470 γάρ
563 1399 796 1453 τινικαὶ
847 1399 1185 1468 πολυημέρῳ
1238 1396 1623 1468 δαπα·.ώμενοι
1677 1395 1850 1449 διετέ-

281 1493 412 1545 λουν
435 1490 598 1562 λιμῷ.
630 1490 699 1543 Οἵ
724 1506 789 1559 γε
826 1489 932 1560 μὴν
984 1489 1388 1556 Ἡρακλεῶται,
1426 1488 1680 1560 καθάπερ
1724 1487 1854 1555 θεη-

282 1584 428 1654 λάτῳ
459 1582 755 1653 πληγέντες
781 1583 979 1654 ἀγνοίᾳ
1008 1584 1099 1637 τὸν
1135 1581 1287 1643 νοῦν,
1319 1580 1437 1635 ἀντ’
1463 1581 1634 1652 ἄλλης
1670 1579 1853 1645 ξενίας

288 1675 507 1747 ἐνέδραν
530 1677 647 1730 ἐκεῖ
677 1673 1066 1745 προλοχίζουσι
1099 1673 1208 1743 πρὸ
1261 1673 1359 1729 τοῦ
1404 1674 1594 1728 στόλου
1630 1672 1850 1741 νυκτὸς,

286 1767 403 1838 ἅμα
429 1767 473 1820 δ⁹
496 1767 569 1837 ἕῳ
600 1765 829 1836 συχνοὺς
860 1766 1061 1819 οὑτωσὶ
1097 1765 1206 1819 τῶν
1240 1767 1489 1820 Λατίνων
1529 1763 1853 1835 συνειληφό-

284 1879 376 1925 τες
412 1862 762 1915 ἀπέκτειναν.
790 1857 964 1913 Τοῦτο
1006 1858 1143 1928 πρὸς
1191 1859 1374 1923 ὀξεῖαν
1408 1858 1551 1928 σφᾶς
1595 1856 1855 1930 ἠρέθισεν
1888 1856 1897 1904 l

285 1953 476 2024 ὀργὴν,
513 1953 688 2006 καίτοι
743 1951 839 2005 καὶ
892 1951 1253 2022 βουλομένους
1314 1952 1496 2022 μάχης
1546 1949 1854 2022 ἀπέχεσθαι

289 2045 492 2114 πάσης,
522 2044 682 2115 ἄχρις
718 2043 1087 2113 ἀφικομένους
1143 2044 1202 2107 ὲς
1239 2042 1541 2107 Βυζάντιον
1598 2042 1728 2113 περὶ
1776 2040 1856 2094 εί-

292 2138 458 2209 ρήνης
501 2133 962 2207 πρεσϐεύσασθαι,
1018 2136 1112 2189 καὶ
1162 2137 1298 2189 πᾶσι
1330 2134 1557 2206 τρόποις
1612 2136 1857 2206 ἐπαγγε-

289 2228 420 2281 λιῶν
450 2228 541 2280 καὶ
580 2227 784 2291 πάσαις
812 2226 995 2280 δόσεσι
1043 2227 1346 2297 χρημάτων
1398 2227 1856 2298 περιεληλυθέναι

290 2319 658 2392 τὸνβασιλέα,
715 2321 811 2374 καὶ
859 2322 1048 2373 πεῖσαι
1088 2322 1187 2384 τὰς
1214 2321 1322 2373 τών
1362 2321 1667 2374 Βενετικῶν
1695 2339 1859 2375 σπον-

292 2415 386 2476 δὰς
418 2413 794 2482 ἀπειπάμενον
824 2412 1146 2467 ἀνθελέσθαι
1169 2415 1268 2477 τὰς
1319 2415 1491 2483 σφῶν.
1544 2414 1710 2468 Ὅθεν
1761 2415 1858 2469 ἐπὶ

295 2503 496 2569 πολλὰς
523 2503 621 2560 τὰς
649 2503 799 2574 ὥρας
829 2505 1292 2577 γνωσιμαχήσασι
1341 2504 1466 2560 καθ’
1497 2506 1728 2571 ἑαυτοὺς
1762 2508 1859 2561 καὶ

297 2594 441 2665 μάλα
463 2595 524 2663 γέ
554 2611 608 2647 τι
644 2593 848 2647 ἀνεκτὰ
868 2594 1042 2647 ἐδόκει
1094 2593 1484 2663 σιωπήσαντας
1533 2593 1593 2647 τὸ
1638 2586 1858 2664 συμϐὰν

297 2688 730 2762 παρεληλυθέναι
759 2689 1044 2758 ἁτόπημα,
1094 2688 1191 2742 καὶ
1254 2688 1494 2758 μάλιστα
1526 2687 1629 2756 τῆς
1667 2705 1859 2741 ναυτι-

292 2783 395 2849 κῆς
453 2782 548 2836 καὶ
599 2782 935 2853 πολυμιγοῦς
991 2780 1261 2852 ἀναρχίας
1323 2781 1722 2851 ἐκριπιζούσης
1762 2782 1860 2835 καὶ

294 2873 703 2942 ἀναφλεγούσης
735 2872 825 2926 τὸν
889 2872 1149 2943 πόλεμον.
1193 2872 1393 2943 Διόπερ
1427 2872 1484 2933 ἐς
1535 2871 1635 2942 τὴν
1697 2872 1863 2926 bats-

300 2965 459 3039 ραίαν
502 2964 669 3019 ἔωθεν
692 2964 742 3019 οἱ
770 2963 1036 3035 ναύαρχοι
1062 2964 1131 3017 τὰ
1165 2965 1445 3034 πολεμικὰ
1475 2964 1583 3018 τῶν
1616 2964 1861 3035 σημείων

298 3062 672 3114 ἐνεκελεύοντο
731 3059 796 3130 δὴ
855 3060 969 3138 τοῖς
1026 3057 1389 3126 σαλπιγκταῖς
1430 3056 1862 3126 ἀνακρούεσθαι,

1948 568 2134 631 stello,
2187 583 2300 638 quo
2356 579 2518 626 antea
2569 571 2762 626 decem
2822 573 3077 631 triremes
3125 577 3527 646 praemiserant.

1949 660 2204 716 nuntium
2236 673 2640 733 exspectantes,
2687 680 2820 719 num
2882 666 3141 722 idoneum
3188 669 3381 726 classis
3439 688 3534 727 re-

1950 755 2293 823 ceptaculum
2321 764 2628 825 parassent.
2667 757 2878 815 Interea
2910 771 3090 815 autem
3142 764 3392 819 nonnulli
3423 765 3533 820 mi-

1952 847 2109 901 litum
2149 847 2565 904 classicorume
2600 851 2834 905 navibus
2891 854 3099 922 egressi
3157 855 3309 910 olera
3365 866 3532 928 atque

1952 939 2237 1007 pabularia
2269 955 2336 995 ex
2367 956 2499 1010 agro
2531 942 2920 1009 quotidianum
2980 945 3289 1003 ventriculo
3340 949 3529 1006 cibum

1953 1040 2204 1100 petentes
2232 1033 2586 1099 colligebant,
2622 1051 2814 1104 magna
2838 1037 3043 1107 quippe
3074 1054 3173 1109 per
3219 1044 3533 1112 complures

1952 1124 2232 1179 diesfame
2304 1125 2579 1183 exhausti.
2633 1126 2970 1183 Heracleot:e
3024 1138 3208 1185 autem
3271 1141 3531 1203 tanquam

1952 1214 2230 1270 dementia
2264 1216 2374 1286 79
2401 1216 2666 1272 divinitus
2694 1220 2938 1275 immissa
2966 1223 3162 1290 perciti
3200 1238 3299 1292 pro
3341 1224 3533 1295 hospi-

1954 1306 2162 1360 talitate
2198 1306 2415 1361 insidiis
2448 1319 2614 1361 noctu
2644 1319 2797 1364 'ante
2841 1311 3069 1372 ela~sem
3128 1315 3359 1370 structis
3413 1319 3531 1372 sole

1953 1397 2166 1452 oriente
2193 1399 2395 1454 multos
2418 1416 2484 1454 ex
2520 1400 2726 1457 Latinis
2751 1414 2942 1471 captos
2980 1405 3341 1462 interﬁciunt.
3398 1410 3533 1476 Qua:

1953 1489 2176 1559 quidem
2210 1506 2296 1544 res
2326 1508 2506 1546 aerem
2525 1493 2675 1548 hisce
2704 1494 2837 1548 iram
2864 1495 3055 1559 movit,
3074 1513 3199 1552 cum
3227 1501 3531 1567 prmsertim

1954 1582 2106 1635 omni
2161 1583 2464 1638 certamine
2530 1583 2808 1640 abstinere
2861 1590 3302 1656 constituissent,
3358 1591 3537 1647 donec

1956 1671 2274 1744 Byzantium
2302 1675 2581 1740 venirent,
2633 1687 2694 1732 ut
2724 1677 2791 1734 de
2818 1694 2952 1747 pace
2995 1692 3218 1753 agerent
3277 1695 3330 1739 et
3379 1685 3532 1740 omni

1955 1779 2161 1835 genere
2216 1766 2680 1837 pollicitationum
2728 1779 2785 1824 et
2834 1774 3082 1842 pecunia:
3148 1775 3536 1845 largitionibus

1958 1857 2346 1926 imperatorem
2403 1859 2843 1918 circumventum
2927 1881 2996 1920 eo
3065 1866 3425 1936 adducerent,
3470 1882 3535 1926 ut

1956 1946 2169 2005 foedere
2199 1964 2324 2004 cum
2355 1948 2580 2007 Venetis
2601 1962 2786 2019 spreto
2815 1969 3010 2010 secum
3041 1959 3362 2015 societatem
3419 1962 3534 2016 ini-

1957 2048 2062 2098 ret.
2089 2039 2271 2108 Quare
2294 2042 2496 2098 multas
2525 2045 2749 2115 quidem
2782 2048 2947 2103 horas
2966 2050 3532 2120 pendebantanimis:
3564 2102 3577 2107 _

1956 2144 2201 2194 attamen
2245 2149 2354 2188 non
2389 2135 2677 2193 ferendum
2712 2140 3025 2204 videbatur.
3083 2143 3128 2197 si
3157 2142 3423 2214 ﬂagitium
3477 2146 3536 2202 in

1957 2244 2017 2287 se
2048 2228 2408 2283 Commissum
2458 2216 2791 2299 impunitum
2849 2234 3108 2288 omittere
3144 2235 3366 2299 vellent.
3395 2238 3539 2292 clas-

1958 2324 2092 2380 sicis
2124 2321 2432 2394 prazsertim
2464 2324 2621 2403 varie.
2637 2326 3100 2383 tumultuantibus
3140 2328 3380 2397 bellique
3416 2346 3541 2386 cer-

1960 2426 2144 2473 tamen
2200 2420 2555 2475 moventibus
2607 2428 2666 2476 et
2715 2419 3170 2476 accendentibus.
3222 2422 3536 2492 Insequenti

1960 2510 2129 2582 igitur
2186 2512 2277 2568 die
2303 2513 2436 2568 solis
2479 2522 2604 2569 ortu
2663 2528 2790 2568 cum
2847 2512 3089 2582 praefecti
3159 2514 3353 2569 classis
3405 2514 3539 2569 belli

1961 2602 2115 2672 signa
2154 2602 2306 2658 tubis
2331 2603 2421 2659 edi
2453 2603 2771 2672 iussissent,
2813 2618 3012 2681 omnes
3032 2604 3228 2659 armati
3276 2605 3344 2658 ad
3377 2606 3543 2659 ultio-

1960 2709 2094 2750 nem
2127 2697 2455 2751 sumendam
2488 2696 2695 2765 egressi
2729 2696 2922 2751 urbem
2947 2698 3173 2768 cingunt
3198 2707 3256 2750 et
3282 2696 3544 2752 omnibus

1962 2784 2139 2856 portis
2194 2785 2440 2840 effractis
2483 2785 2719 2840 duarum
2778 2785 3040 2840 horarum
3085 2786 3266 2856 spatio
3317 2787 3543 2856 capiunt

1963 2878 2179 2940 urbem,
2205 2878 2463 2932 refertam
2494 2892 2601 2931 non
2630 2878 2810 2931 solum
2867 2879 3145 2933 veteribus
3178 2879 3395 2943 incolis,
3440 2877 3537 2934 sed

1962 2968 2128 3024 etiam
2161 2968 2232 3023 iis
2259 2967 2355 3037 qui
2401 2968 2606 3023 exteris
2668 2967 2918 3024 Thraciae
2974 2970 3110 3024 vicis
3167 2978 3395 3039 propter
3415 2985 3544 3025 cre-

1965 3061 2097 3117 bras
2124 3061 2408 3132 gentilium
2444 3061 2789 3119 incursiones
2820 3061 3027 3117 relictis
3078 3077 3147 3117 eo
3196 3063 3356 3118 sedes
3414 3078 3543 3117 cum

302 3157 401 3210 καὶ
435 3153 604 3217 οὕτως
626 3154 707 3216 είς
739 3153 950 3222 ἄμυναν
997 3149 1212 3204 ἔνοπλοι
1269 3151 1469 3215 πάντες
1519 3150 1862 3221 ἐκπηδήσαν-

1967 3154 2182 3227 magnis
2204 3155 2415 3211 divitiis
2446 3156 2864 3211 transtulerant.
2910 3154 3137 3210 lrruunt
3179 3155 3249 3210 ab
3282 3155 3541 3210 omnibus

301 3266 393 3310 τες
412 3244 1047 3318 περιεστρατοπέδευσαν
1093 3243 1190 3314 τὴν
1237 3243 1412 3297 πόλιν.
1461 3243 1573 3296 Καὶ
1608 3241 1726 3312 ἅμα
1763 3243 1864 3307 τὰς

301 3341 479 3402 πύλας
538 3337 1042 3408 ἀναμοχλεύσαντες
1116 3335 1319 3398 πάσας,
1372 3336 1431 3386 ὲν
1478 3333 1652 3405 ὥραις
1719 3329 1866 3387 εἷλον

300 3432 424 3485 δυσὶ
460 3430 663 3502 μεστὴν
688 3427 851 3482 οὖσαν
874 3428 936 3481 οὐ
978 3428 1143 3497 μόνον
1189 3426 1301 3479 τῶν
1330 3425 1501 3480 πάλαι
1557 3425 1886 3497 οίκητόρων

301 3524 496 3591 αὐτῆς,
527 3521 664 3575 ἀλλὰ
691 3522 784 3575 καὶ
806 3521 923 3574 ὅσοι
953 3522 1055 3584 τὰς
1085 3519 1192 3585 ἐξω
1252 3520 1447 3591 κώμας
1483 3521 1584 3588 τῆς
1638 3519 1865 3591 Θρᾴκης

299 3616 387 3668 διὰ
434 3615 631 3682 συχνὰς
669 3612 778 3666 τῶν
832 3611 1003 3666 ὶθνών
1061 3610 1287 3677 ἐφόδους
1343 3609 1596 3674 λιπόντες
1656 3611 1716 3663 ὲν
1751 3612 1866 3673 τοῖς

298 3704 470 3773 αὐτῆς
524 3702 962 3772 μετῳκίσθησαν,
1030 3701 1263 3755 πλοῦτον
1334 3699 1681 3756 παντοδαπὸν
1745 3700 1868 3754 διιεῖ

301 3814 411 3865 συμ
427 3797 770 3865 ρορὴσαντες.
842 3796 953 3848 Καὶ
997 3794 1096 3859 μὲν
1130 3795 1194 3864 δὴ
1258 3795 1354 3847 καὶ
1393 3793 1697 3863 εἰσεχέοντο
1730 3792 1868 3846 πάν-

296 3903 390 3947 τες
442 3884 818 3955 ἁπανταχόθεν
863 3886 1104 3952 Λατῖνοι,
1156 3886 1251 3938 καὶ
1299 3885 1481 3938 πᾶσαν
1536 3884 1866 3955 ἠνδραποδί-

302 3977 456 4042 ζοντο
483 3978 700 4047 ἠλικίαν
729 3976 1002 4042 ἐλεεινῶς,
1040 3976 1139 4045 ὅση
1167 3976 1243 4046 μὴ
1280 3976 1516 4048 δρασμῷ
1558 3978 1661 4046 τὴν
1690 3994 1868 4050 σωτη-

200 4071 207 4077 ’
304 4064 427 4132 ρίαν
462 4062 597 4133 ἒςίιθη
631 4063 980 4133 πορίσασθαι.
1011 4064 1326 4135 Τηνικαῦτα
1378 4064 1424 4119 δ’
1482 4066 1633 4139 ἀπῆν
1683 4069 1712 4121 ὁ
1762 4069 1866 4137 τῆς

302 4154 509 4215 πόλεως
549 4154 921 4218 ὲπισκοπικῶς
950 4154 1318 4225 προΐστασθαι
1353 4156 1537 4229 λαχὼν
1571 4158 1862 4223 Κόκκινος·

301 4247 442 4299 οὕτω
467 4246 574 4316 γὰρ
603 4245 845 4299 ἐκαλεῖτο
873 4247 958 4301 διὰ
984 4247 1041 4300 τὸ
1091 4248 1338 4315 πυρῶδες
1383 4253 1481 4305 καὶ
1517 4249 1717 4321 ἄγριον
1758 4253 1862 4323 τῆς

302 4335 473 4405 όζιεως
504 4338 533 4390 ὁ
563 4340 874 4408 ποιμενικὸς
924 4338 1130 4407 πατὴρ.
1172 4339 1369 4409 Ἔτυχε
1402 4341 1511 4411 γὰρ
1559 4343 1621 4394 ἐν
1652 4341 1867 4407 Βυζαν-

301 4429 422 4495 τίῳ,
457 4430 573 4491 ταῖς
600 4428 698 4493 μὲν
729 4429 824 4482 τοῦ
857 4430 1086 4496 Παλαμᾶ
1129 4430 1507 4498 καινουωνίαις
1534 4434 1686 4505 πάσῃ
1722 4433 1867 4503 γνώ-

1912 3316 1919 3327 τ
1965 3248 2219 3320 partibus
2265 3248 2446 3302 Latini
2501 3258 2558 3303 ct
2624 3263 2819 3303 omnes
2872 3247 3056 3303 omnis
3105 3249 3285 3303 aetatis
3340 3247 3542 3305 misera

1966 3340 2234 3399 servitute
2258 3338 2524 3405 alliciunt,
2556 3341 2651 3411 qui
2684 3355 2792 3395 non
2825 3340 2949 3408 fuga
2981 3340 3215 3395 salutem
3261 3340 3368 3395 sibi
3391 3357 3547 3412 qua--

1965 3434 2227 3490 siverant.
2267 3433 2380 3503 80
2406 3432 2562 3487 Tunc
2592 3432 2783 3487 aberat
2809 3433 3104 3500 Coccinus,
3132 3434 3226 3505 qui
3254 3434 3545 3503 episcopa-

1969 3534 2082 3580 tum
2118 3525 2273 3581 urbis
2305 3525 2537 3582 sortitus
2568 3534 2710 3591 erat.
2753 3524 3026 3581 Coccinus
3059 3527 3210 3582 enim
3267 3526 3548 3597 pastorius

1967 3626 2122 3688 pater
2149 3618 2219 3673 ab
2251 3618 2412 3689 igneo
2438 3625 2491 3673 et
2529 3618 2760 3673 cll‘erato
2784 3618 2941 3672 vultu
2977 3618 3383 3688 appellabatur.
3410 3619 3547 3674 Ver-

1967 3708 2190 3765 sabatur
2227 3716 2343 3761 tum
2376 3707 2640 3777 temporis
2670 3707 2943 3778 Byzantii,
2982 3708 3077 3763 ubi
3117 3707 3274 3762 novis
3315 3705 3548 3763 Palamze

1968 3804 2292 3859 commentis
2331 3803 2478 3858 omni
2511 3804 2700 3857 animo
2731 3816 2896 3873 atque
2931 3804 3112 3860 studio
3146 3803 3393 3868 deditus,
3424 3821 3549 3874 gre-

1967 3894 2050 3965 gis
2085 3895 2172 3950 sui
2209 3910 2401 3963 parum
2433 3895 2619 3950 habita
2656 3897 2890 3959 ratione,
2932 3911 3077 3950 verat
3108 3896 3233 3950 ﬁdei
3286 3911 3552 3966 persecu-

1968 3987 2173 4041 tionem
2204 3986 2559 4047 accendebat,
2617 3986 2936 4055 imperatori
2997 4001 3130 4042 vero
3191 4001 3259 4041 ex
3311 3987 3548 4043 somniis

1966 4088 2023 4136 et
2052 4077 2267 4147 tripode
2293 4077 2482 4131 nescio
2509 4090 2620 4144 quo
2658 4075 2922 4130 vaticinio
2961 4091 3186 4146 magnas
3219 4090 3350 4130 sane
3374 4084 3546 4146 atque

1969 4167 2272 4225 ineffabiles
2301 4183 2390 4223 res
2423 4166 2807 4236 pollicebatur,
2840 4167 3056 4237 imperii
3115 4168 3377 4221 nimirum
3430 4183 3548 4223 am-

1967 4260 2380 4332 pliﬁcationem.
2445 4257 2693 4314 Orientis
2769 4268 2826 4314 et
2889 4257 3206 4314 Occidentis
3255 4258 3547 4326 ditionem,

1966 4368 2088 4423 quae
2122 4351 2275 4407 nullo
2306 4351 2525 4422 negotio
2578 4351 3016 4421 persecutionem
3048 4364 3082 4407 e
3109 4353 3337 4422 vestigio
3401 4352 3553 4412 inse-

1968 4452 2163 4499 cutura
2194 4452 2361 4500 esset.
2391 4443 2464 4498 At
2488 4444 2778 4499 enimvero
2806 4458 2932 4499 cum
2962 4443 3188 4500 Coccini
3214 4447 3544 4517 praesagium

306 4534 386 4588 μῃ
410 4520 500 4571 καὶ
529 4520 731 4590 σπουδῇ
775 4520 1101 4588 συμμαχῶν,
1155 4520 1245 4573 τοῦ
1304 4521 1362 4575 δὲ
1400 4526 1658 4593 ποιμνίου
1694 4527 1862 4599 μικρὰ

1972 4551 2200 4608 prorsus
2250 4551 2410 4593 secus
2462 4535 2707 4599 caderet,
2776 4536 2832 4591 in
2890 4552 3113 4608 magnas
3170 4538 3401 4609 injectus
3463 4549 3548 4595 est

302 4608 624 4678 φροντίζων,
647 4613 738 4663 καὶ
759 4612 852 4664 τὸν
879 4612 978 4679 μὲν
1009 4612 1151 4665 κατὰ
1178 4615 1277 4683 τῆς
1296 4616 1576 4680 εὐσεϐείας
1603 4616 1664 4689 [ί.
1690 4619 1790 4675 lli
1807 4618 1865 4692 ο]

303 4701 674 4771 ἁναρῥιπίζων
709 4702 961 4755 ἐνταυθοῖ
989 4702 1248 4772 διωγμὸν,
1278 4705 1356 4776 τῷ
1392 4706 1447 4758 δὲ
1495 4706 1705 4777 βασιλεί
1731 4726 1868 4770 προ-

304 4780 696 4860 φοιϐαζόμενος
728 4793 784 4858 ἐξ
816 4794 1060 4862 ὀνείρων,
1096 4793 1204 4846 κάκ
1239 4797 1332 4848 τοῦ
1372 4799 1617 4851 τοιούτου
1674 4817 1869 4866 μαντι-

306 4883 405 4934 κοῦ
455 4884 706 4953 τρίποδος
769 4885 1203 4956 ὑπισχνούμενος
1252 4893 1321 4941 τὰ
1397 4890 1617 4957 μεγαλα
1664 4906 1725 4942 τε
1776 4892 1870 4943 καὶ

308 4975 617 5044 ἀπόρρητα,
651 4974 879 5045 κλήρους
908 4978 1083 5048 ἀρχῆς
1112 4977 1311 5049 δηλαδὴ
1339 4980 1712 5050 καινοτέρους,
1774 4986 1871 5036 καὶ

308 5067 485 5135 πάσης
511 5067 651 5137 ἑῴας
673 5072 767 5120 καὶ
801 5070 1057 5139 ἑσπερίου
1083 5070 1292 5141 λήξεως
1335 5076 1694 5143 ἐπικράτειαν
1737 5077 1872 5146 ἄμο-

308 5160 436 5229 χἹον
472 5161 668 5214 αὐτίκα
717 5163 860 5231 μάλα
911 5179 963 5217 τι
1017 5165 1288 5235 ἑψομένην
1316 5166 1391 5232 τῷ
1432 5166 1678 5236 διωγμῷ.
1713 5168 1870 5225 Ἀλλὰ

308 5257 415 5321 γὰρ
476 5254 664 5323 ἐπειδὴ
701 5259 837 5325 πρὸς
882 5259 989 5310 πᾶν
1041 5260 1354 5311 τούναντίον
1424 5259 1621 5333 ἐχώρει
1671 5262 1731 5314 τὸ
1775 5263 1869 5315 τοῦ

310 5347 575 5400 Κοκκίνου
604 5348 912 5417 μάντευμα,
946 5350 1149 5422 πολλὴν
1208 5357 1434 5424 παρεῖχε
1476 5358 1574 5426 τὴν
1633 5356 1870 5426 ἀπορίαν

309 5437 385 5505 τῷ
431 5437 660 5507 βασιλεῖ,
703 5440 852 5493 καὶᾶ
879 5441 1004 5511 χθὲς
1051 5445 1147 5495 καὶ
1174 5445 1445 5515 πρότριτα
1500 5446 1759 5515 προσίετό
1811 5464 1870 5499 τε

310 5531 401 5581 καὶ
428 5532 633 5599 σφόδρα
654 5533 907 5601 ἀσμένως
955 5536 1229 5597 ἐπίστευε,
1270 5536 1364 5588 νῦν
1415 5539 1471 5600 ὲς
1532 5538 1872 5608 ἀμφιϐόλους

309 5621 562 5692 ἔρριπτεν
598 5623 825 5686 ἐννοίας,
855 5628 945 5677 καὶ
974 5629 1272 5698 τρικυμίαν
1294 5623 1407 5700 εἶχε
1449 5630 1749 5699 λογισμῶν,
1779 5635 1874 5687 καὶ

304 5714 586 5767 ὰπεσείετο
606 5717 737 5778 τοὺς
769 5717 970 5787 λήρους
1011 5721 1281 5785 ἐκείνους,
1313 5723 1405 5775 καὶ
1454 5722 1679 5786 πολλαῖς
1723 5726 1874 5778 ἐπει-

305 5805 438 5875 ρᾶτο
466 5807 710 5878 μέμψεσι
743 5807 1027 5879 βαπτίζειν
1058 5813 1179 5876 τοὺς
1224 5812 1398 5878 οὕτως
1432 5813 1521 5867 ἐπ’
1561 5816 1873 5889 αὐτοφώρῳ

1974 4628 2326 4684 difficultates
2381 4629 2697 4697 imperator,
2746 4629 2980 4699 utquod
3043 4629 3161 4684 heri
3217 4630 3299 4685 vel
3345 4630 3549 4685 nudius

1978 4720 2173 4774 tertius
2199 4719 2423 4774 admisit
2472 4729 2529 4774 et
2576 4718 2957 4774 lubentissime
3004 4720 3267 4783 credidit,
3334 4720 3388 4774 id
3435 4722 3548 4790 jam

1975 4813 2248 4881 ambiguis
2306 4820 2551 4865 versaret
2609 4811 3034 4882 cogitationibus
3075 4819 3132 4866 et
3179 4811 3554 4867 vehementis-

1975 4904 2112 4958 sima
2143 4904 2503 4971 consiliorum
2536 4902 2892 4959 ﬂuctuatione
2927 4906 3166 4972 agitatus
3201 4921 3377 4976 nugas
3418 4908 3554 4962 istas

1974 4995 2238 5065 abjiceret
2271 5006 2458 5065 atque,
2507 5011 2647 5065 quos
2684 5012 2794 5051 non
2823 4998 3059 5068 puderet
3093 4998 3149 5053 in
3206 5009 3316 5052 tam
3362 5000 3553 5055 ‘mani-

1976 5087 2129 5144 festis
2204 5089 2509 5144 mendaciis
2560 5089 2926 5158 deprehendi,
2995 5091 3184 5146 multis
3237 5092 3552 5162 opprobriis

1974 5179 2212 5233 obruere
2239 5189 2556 5235 conaretur.
2610 5180 2717 5236 Sed
2767 5197 2962 5236 rursus
3017 5183 3110 5237 ille
3160 5184 3548 5252 praesagiorum

1974 5280 2167 5325 auctor
2219 5272 2285 5326 ad
2342 5287 2467 5325 eum
2513 5273 2773 5339 accedit;
2825 5275 3112 5329 veritatem
3173 5274 3310 5330 falso
3380 5275 3549 5329 inter-

1976 5367 2245 5434 pretando
2272 5375 2328 5421 ct
2357 5376 2565 5421 certam
2619 5367 3032 5435 simplicitatem
3115 5368 3547 5422 transcurrcndo

1974 5474 2101 5512 eum
2150 5459 2255 5513 sibi
2306 5459 2668 5526 rcconciliat;
2723 5459 2864 5515 hanc
2916 5458 3214 5514 adversarii
3263 5457 3548 5525 cujusdam

1975 5549 2203 5618 spiritus
2237 5564 2358 5604 csse
2396 5551 2506 5604 vim
2547 5550 2705 5612 (ίίςοὶι,
2736 5550 2829 5620 qui
2887 5548 3141 5603 ardorem
3172 5548 3390 5617 pictatis
3460 5562 3550 5601 re-

1978 5640 2256 5709 stinguere
2303 5650 2360 5695 et
2419 5641 2827 5710 persecutionis
2897 5654 3119 5693 cursum
3172 5636 3553 5695 fraudulenter

1977 5731 2228 5812 inhibere
2284 5734 2435 5789 velit.
2524 5732 2647 5788 Haec
2705 5734 2868 5812 etiam
2926 5730 3232 5799 exploratio
3297 5730 3549 5800 quwdazn

1975 5810 2324 5893 esui-"quit,
2356 5839 2386 5878 a
2419 5823 2531 5880 Deo
2595 5810 2844 5878 instituta
2887 5832 2942 5877 et
3000 5820 3257 5892 praelusio
3315 5824 3553 5880 fortasse
