4088 6470
449 367 514 436 '11
1659 352 2077 417 NlCEPllOltl
2124 352 2512 411 GREGnR.E
3657 351 3725 414 ῃ

427 488 620 544 aliter
654 485 748 556 qui
807 481 1019 539 rediret
1045 520 1061 545 ,
1096 478 1400 533 fmdissitua
1455 491 1590 529 nece
1641 477 1894 544 pttnittnn
1931 473 1996 526 iri
2027 514 2040 538 ,

2162 472 2241 523 )εν
2281 472 2760 538 προστεταγμένον
2795 469 2942 522 δυοῖν
2967 469 3218 538 θάτερον,
3264 469 3294 537 ἦ
3329 468 3559 538 νικητάς
3581 445 3724 522 ’ἐστι’

456 595 580 650 quae
612 577 766 632 nullo
799 582 1063 645 praetextu
1091 571 1353 637 nullaque
1383 582 1549 621 causa
1579 565 1754 619 averti
1788 576 1972 634 posset
2000 566 2040 628 ),

458 687 583 724 cum
607 670 686 722 sic
711 682 770 723 se
795 667 959 737 igitur
981 680 1069 717 res
1095 661 1346 725 baberet,
1373 673 1564 712 omnes
1586 658 1776 710 eadem
1802 655 2045 709 necessi-

461 774 572 816 tate
605 761 779 815 coacti
815 758 1056 826 undique
1085 755 1252 809 simili
1285 751 1519 807 consilio
1557 761 1705 803 recta
1725 749 2042 818 Byzantium

461 870 682 908 cursum
710 853 981 907 direxere.
1023 849 1098 902 Ita
1148 848 1352 900 laetum
1387 853 1494 908 est,
1529 853 1591 897 ut
1625 858 1690 895 ex
1727 841 2045 895 triremibus

464 947 572 1000 illis
602 945 804 998 multos
839 943 958 995 dies
999 937 1264 1008 dispersis
1317 936 1598 1006 octoginta
1632 935 1754 988 duze
1785 932 2047 988 conveni-

467 1049 610 1102 rent,
637 1054 759 1107 quae
803 1035 954 1090 brevi
995 1044 1242 1101 tempore
1284 1027 1614 1098 interposito
1657 1027 1744 1080 vix
1788 1040 2044 1094 aegreque

465 1131 749 1186 Tenedum
806 1127 1105 1186 tenebant,
1157 1137 1288 1177 cum
1324 1121 1526 1175 iterum
1561 1120 1615 1174 in
1662 1126 2043 1186 tempestatem

469 1221 812 1282 inciderent,
874 1217 1147 1270 modicam
1211 1213 1470 1284 quidem,
1517 1212 1614 1266 sed
1664 1219 2044 1279 tempestatem

467 1325 672 1368 tamen.
711 1313 788 1367 lbi
833 1311 1046 1378 aliquot
1095 1309 1215 1362 dies
1263 1305 1590 1360 commorati
1641 1319 1766 1357 cum
1813 1319 1878 1356 ex
1911 1312 2048 1355 tem-

467 1416 737 1476 pestatum
795 1403 1172 1470 ﬂuctuutnque
1225 1399 1575 1461 calamitate,
1610 1405 1873 1466 quantum
1926 1393 2044 1448 fieri

467 1500 670 1568 potuit,
712 1514 834 1550 sese
895 1501 1278 1557 recreassent,
1345 1501 1534 1543 austro
1589 1488 1834 1541 secundo
1883 1484 2046 1540 ﬂante

465 1592 682 1642 oriente
707 1589 821 1666 soie
845 1588 898 1641 in
935 1587 1105 1640 altum
1133 1584 1377 1654 provecti
1417 1593 1579 1645 sunt;
1618 1581 1722 1634 sub
1757 1594 2044 1649 vesperam

465 1691 652 1736 autem
684 1681 914 1734 adversa
975 1687 1298 1744 tempestate
1354 1686 1546 1729 exorta
1591 1673 1924 1742 appulerunt
1977 1671 2045 1726 ad

470 1776 663 1830 urbem
691 1773 984 1844 quamdam
1010 1773 1061 1823 in
1097 1771 1451 1823 tjlterroneso
1477 1771 1637 1819 sitam
1660 1806 1674 1825 .
1708 1781 1826 1832 qua!
1855 1763 2046 1818 Sestus

465 1871 694 1925 dicitur.
749 1866 878 1920 Inde
929 1863 1116 1917 multis
1143 1862 1350 1930 elapsis
1379 1859 1576 1913 diebus
1609 1859 1908 1912 discessere
1933 1856 2046 1926 86

466 1959 684 2031 placido
742 1965 933 2010 austro
973 1954 1132 2007 initio
1187 1954 1409 2021 quidem
1455 1949 1650 2012 ﬂante,
1705 1959 1926 2017 postero
1959 1949 2048 2002 die

464 2063 649 2106 autem
685 2063 864 2117 usque
914 2047 1054 2100 adeo
1093 2044 1568 2104 increbresm-nte,
1605 2053 1660 2094 ut
1696 2056 1838 2107 aegre
1871 2038 1937 2092 ad
1966 2040 2050 2093 in-

468 2146 621 2199 sulas
650 2139 1007 2210 Propontidis
1033 2152 1159 2192 cum
1201 2135 1480 2203 sexaginta
1506 2141 1631 2186 octo
1665 2131 1898 2186 navibus
1929 2146 2051 2200 per-

471 2237 662 2290 venire
701 2239 933 2304 possent
965 2237 1203 2284 exeunte
1229 2228 1410 2281 bictue
1440 2237 1494 2279 et
1525 2223 1856 2293 aequinoctio
1879 2237 2050 2276 verno

463 2326 690 2396 jainjam
722 2329 1038 2392 appetente.
1089 2318 1226 2373 Cum
1265 2333 1396 2370 vero
1439 2327 1652 2384 portus,
1710 2314 1803 2384 qui
1844 2322 2049 2367 tantam

471 2421 704 2472 classem
737 2429 936 2482 capere
991 2423 1197 2482 posset,
1231 2412 1336 2464 illis
1368 2409 1562 2463 insulis
1602 2423 1710 2461 non
1747 2416 1913 2470 esset,
1950 2421 2052 2475 per

472 2511 706 2566 duorum
738 2509 952 2562 dierum
987 2507 1344 2574 noctiumque
1371 2503 1608 2572 spatium
1633 2501 1687 2554 in
1718 2501 1828 2553 alto
1861 2514 2053 2553 omnes

476 2618 645 2657 naves
691 2611 896 2655 temere
955 2598 1007 2652 in
1051 2597 1268 2651 ancoris
1301 2595 1612 2657 ﬂuitabant,
1648 2594 1815 2647 ﬂuctu
1849 2592 1918 2646 ab
1943 2592 2054 2646 imo

477 2695 886 2748 intumescente
944 2706 1125 2759 neque
1176 2697 1504 2758 tempestate
1570 2703 1811 2756 unquam
1870 2685 2056 2740 consi-

479 2789 664 2841 dente.
701 2786 842 2840 Fieri
873 2786 1038 2840 etiatu
1079 2783 1279 2848 potuit,
1316 2793 1375 2835 ut
1401 2781 1725 2836 Geuuenses
1757 2780 2056 2846 derepente

480 2879 533 2932 in
564 2893 659 2932 eos
685 2891 909 2930 cursum
948 2874 1322 2936 intenderent,
1355 2873 1446 2941 qui
1467 2871 1576 2942 jam
1613 2870 1704 2923 diu
1737 2868 1789 2922 id
1821 2867 2058 2936 agebant

476 2983 641 3044 atque
669 2971 961 3042 parabant.
991 2977 1052 3022 ut
1077 2983 1173 3022 eos
1207 2968 1352 3021 inter
1379 2962 1747 3033 navigandum
1789 2961 2057 3030 defatiga-

482 3081 570 3125 tos
606 3066 980 3121 adorirentur.
1017 3062 1142 3116 llaec.
1174 3062 1398 3130 quidem
1438 3074 1527 3111 res
1553 3055 1632 3109 sic
1655 3072 1711 3109 se
1739 3056 1852 3108 fere
1889 3053 2059 3108 babe-

2149 562 2324 613 νιέναι
2357 561 2466 612 νῶν
2498 560 2797 629 πολεμίων,
2833 561 2866 630 ἢ
2904 560 3192 629 πολεμίοις
3230 563 3344 631 ἃμα
3374 561 3587 621 πάντας
3613 561 3728 611 ἐκε.

2151 656 2427 721 σφαγῆναι
2462 651 2645 720 χερσὶ,
2691 652 2769 720 τῷ
2816 651 2861 704 δ’
2917 651 3095 714 ἄλλως
3162 653 3440 706 ἐπανιόντι
3495 651 3730 703 θάνατον

2149 742 2291 798 εἶναι
2344 746 2436 796 τὸν
2485 745 2764 813 αἴσχιστον
2821 745 3192 814 τοῦπιτίμιον,
3242 745 3463 812 ἀπάσης
3514 745 3731 810 προφά-

2151 857 2286 901 σεως
2322 838 2442 890 λίαν
2472 839 2821 908 ὑπέρτερον),
2852 840 2932 902 είς
2990 839 3242 905 ἀνάγκας
3282 837 3452 907 ᾔεσαν
3514 838 3729 890 ἅπασαι

2147 933 2245 993 τὰς
2279 933 2473 995 αὑτὰς,
2533 931 2663 984 εὐθὺ
2719 931 3018 994 Βυζαντίου
3060 931 3309 984 ἐλαύνειν
3359 929 3730 998 ἑκασταχόθεν

2149 1022 2368 1086 ἁπάσας
2418 1025 2473 1074 ἐν
2498 1023 2664 1091 ὁμοίᾳ
2696 1025 2762 1091 τῇ
2787 1023 3002 1093 γνώμῃ.
3043 1023 3250 1094 Συνέϐη
3295 1024 3479 1076 τοίνυν
3514 1022 3729 1091 συχνῶν

2152 1115 2380 1184 ἡμερῶν
2439 1116 2715 1186 σποράδας
2765 1117 3050 1185 δηθροῖσθαι
3099 1118 3351 1186 τριήρεις
3401 1118 3462 1168 ἐκ
3524 1119 3730 1168 τοέτων

2148 1210 2241 1262 δύο
2271 1209 2364 1261 καὶ
2386 1209 2740 1277 ὀγδοήκοντα,
2772 1209 2827 1262 αἳ
2845 1210 2908 1279 δὴ
2935 1210 3030 1262 καὶ
3063 1210 3201 1279 μετά
3225 1209 3401 1281 βραχὺ
3428 1210 3732 1264 κντέπλευ-

2158 1317 2257 1354 σαν
2286 1302 2338 1363 ἐς
2367 1300 2591 1353 Τένεδον
2625 1300 2776 1369 μάλα
2807 1301 2978 1368 μόλιςσ
3005 1301 3237 1370 χειμῶνι
3264 1309 3373 1371 γάρ
3407 1299 3730 1370 περιέτυχον

2153 1391 2339 1457 αὖθις,
2399 1394 2605 1462 μετρίῳ
2650 1393 2770 1461 μὲν,
2833 1395 3083 1462 ἐνέτυχον
3117 1394 3159 1446 δ’
3213 1389 3325 1446 οὖν.
3383 1393 3630 1460 Ἡμέρας
3685 1392 3731 1444 δ’

2151 1487 2270 1537 ἐκεῖ
2303 1485 2503 1555 συχνάς
2539 1486 2959 1554 περιμείναντες
2990 1487 3082 1538 τοῦ
3107 1486 3395 1555 χειμερίου
3431 1485 3727 1548 κλύδωνος,

2150 1577 2276 1629 ὅσον
2302 1577 2546 1642 ἐφικτὸν,
2576 1576 2771 1640 ἑαυτάς
2800 1577 3198 1646 ἀνελάμϐανον.
3234 1576 3445 1628 Νοτίων
3472 1575 3516 1627 δ’
3534 1576 3731 1628 ἔπειτα

2153 1671 2316 1722 πνοαῖ
2376 1669 2434 1733 ἐξ
2465 1669 2656 1737 ούρίας
2681 1671 2996 1736 γενομένων
3025 1669 3342 1739 ἀνήχθησαν
3371 1668 3562 1721 ἕωθεν.
3595 1670 3734 1737 Περὶ

2151 1761 2206 1814 δὲ
2259 1762 2442 1830 δείλην
2482 1762 2646 1831 ὀψίαν
2699 1761 3016 1825 ὁντιπνοίας
3069 1764 3371 1833 γενομένης
3425 1763 3610 1831 σφίσιν
3669 1765 3734 1814 ἐκ

2153 1854 2400 1924 πρώρας,
2441 1859 2495 1917 ἐς
2548 1857 2679 1925 μίαν
2704 1857 2812 1908 τῶν
2848 1858 2906 1909 ἐν
2940 1857 3271 1928 Χερρονήσῳ
3311 1857 3523 1910 πόλεων
3559 1873 3724 1927 προσ-

2149 1950 2508 2018 ωρμίσθησαν
2535 1989 2550 2012 ,
2587 1949 2932 2019 καλουμένην
2965 1950 3195 2018 Σηστόν.
3243 1949 3516 2003 Κάκεῖθεν
3576 1947 3734 2010 αὖθις

2155 2041 2295 2110 μετά
2330 2040 2530 2104 πολλάς
2573 2041 2670 2104 τὰς
2706 2042 2922 2111 ὴμέρας
2966 2042 3326 2106 ἐξέπλευσαν,
3372 2045 3526 2095 νότου
3559 2043 3736 2108 μάλα⁹

2153 2132 2252 2193 κοῦ
2296 2135 2398 2202 μὲν
2427 2133 2529 2206 τὴν
2557 2134 2734 2206 ἀρχὴν
2765 2135 3085 2204 γενομένου,
3134 2136 3532 2204 τροχυνθέντος
3577 2133 3622 2186 δ’
3676 2137 3734 2197 ἐς

2151 2227 2252 2296 τὴν
2285 2228 2582 2297 ὑστεραίαν
2612 2226 2869 2282 τοσοῦτον
2898 2227 3040 2281 ὥστε
3077 2229 3232 2297 μόλις
3252 2229 3594 2300 ἐδυνήθησαν
3610 2231 3733 2292 ταῖς

2154 2323 2250 2381 τῆς
2278 2319 2642 2389 Προποντίδος
2664 2321 3132 2391 προσεληλυθέναι
3160 2321 3365 2390 νήσοις,
3409 2323 3553 2375 δυοῖν
3582 2313 3738 2374 δέουέ

2157 2429 2250 2465 σαι
2301 2412 2697 2482 ἐϐδομήκοντα,
2752 2413 2848 2466 τοῦ
2905 2413 3101 2483 χρόνου
3149 2412 3454 2482 τηνικαῦτα
3487 2415 3584 2475 τὰς
3638 2413 3737 2466 τοῦ

2156 2503 2426 2573 χειμῶνος
2487 2504 2748 2573 ἐσχατιὰς
2810 2505 3203 2575 παραθέοντας,
3271 2505 3368 2558 καὶ
3447 2507 3740 2573 μέλλοντος

2156 2595 2280 2648 ὅσον
2324 2594 2536 2648 οὐδέπω
2581 2595 2680 2658 τὰς
2737 2597 2839 2666 τῆς
2895 2599 3090 2668 ἡρινῆς
3147 2599 3440 2668 ἰσημερίας
3493 2599 3740 2666 ἀνίσχειν

2157 2689 2383 2758 τροπάς.
2415 2689 2667 2760 Κάπειδὴ
2713 2688 2882 2757 λιμὴν
2935 2693 3058 2754 ταῖς
3106 2693 3297 2759 νήσοις
3351 2693 3591 2754 ἐκείναις
3635 2693 3740 2744 οὐκ

2155 2777 2224 2851 ἦν
2275 2781 2489 2850 ούδαμῆ
2552 2783 2792 2851 τοσούτῳ
2862 2785 3033 2854 στόλῳ
3083 2786 3400 2854 προσήκων,
3462 2787 3739 2854 μετέωροι

2158 2868 2530 2939 νυχθημέροις
2570 2871 2724 2923 δυσὶν
2785 2871 2872 2923 ἐπ’
2898 2873 3156 2942 ἀγκυρῶν
3213 2874 3468 2927 ἐσάλευον
3526 2874 3741 2928 ἅπασαι

2162 2963 2226 3035 [Γ.
2268 2963 2370 3017 115
2401 2963 2455 3035 b]
2490 2964 2630 3016 πάνυ
2657 2981 2708 3017 τι
2744 2964 3114 3036 πλημμελῶς,
3148 2965 3243 3019 τοῦ
3270 2985 3327 3020 τε
3362 2968 3613 3037 κύματος
3639 2969 3741 3022 κά·

2159 3057 2333 3109 τωθεν
2362 3057 2719 3124 ἀνοιδοῦντος,
2756 3057 2972 3112 καὶτοῦ
3020 3061 3332 3129 πνεύματος
3384 3059 3595 3128 οὖδαμῆ
3651 3078 3746 3112 πω

487 3161 602 3216 bat.
631 3159 768 3214 Cum
796 3172 931 3210 vero
959 3155 1104 3208 baud
1138 3153 1351 3206 diutius
1378 3165 1501 3204 cum
1533 3148 1669 3200 mari
1696 3156 1859 3214 atque
1891 3143 2058 3198 ﬂucti-

2166 3150 2372 3220 λήξεως
2408 3151 2784 3221 μεμνημένου.
2825 3147 2902 3204 ἾΙ
2927 3153 3036 3224 γὰρ
3091 3152 3156 3206 ἂν
3186 3152 3311 3223 ἐνῆν
3345 3155 3440 3205 καὶ
3493 3153 3746 3205 Γεννουῖ-

483 3253 610 3316 bus,
660 3248 1000 3318 tempestatis
1051 3247 1100 3297 vi
1158 3258 1264 3296 non
1327 3239 1640 3296 remittente
1671 3277 1684 3299 ,
1747 3234 2054 3290 conﬂictari

487 3349 735 3412 possent,
787 3338 1010 3393 ant-oris
1042 3335 1278 3390 sublatis
1304 3332 1434 3388 inde
1485 3329 1727 3401 provecti
1756 3329 1921 3382 tertio
1965 3325 2056 3380 die

485 3433 592 3490 sub
619 3445 903 3503 vesperam
954 3428 1108 3484 tarde
1139 3437 1304 3495 atque
1336 3439 1480 3494 aegre
1511 3423 1565 3476 in
1605 3428 1822 3490 portum
1853 3419 2060 3488 Byzan-

482 3529 660 3581 tinutn
702 3523 1068 3594 navigabant,
1099 3529 1228 3575 octo
1261 3516 1586 3572 triremibus
1631 3512 1894 3568 Romanis
1940 3522 2057 3564 tra-

481 3616 666 3672 hendo
695 3625 751 3671 et
785 3613 1042 3669 ducendo
1085 3611 1376 3681 appulsum
1412 3609 1466 3662 in
1501 3617 1718 3678 portum
1748 3603 2059 3674 adjuvanti-

481 3713 586 3768 bus
620 3719 676 3763 et
720 3704 1164 3762 sublevantibus.
1203 3701 1404 3756 Verum
1446 3700 1774 3769 priusquam
1816 3695 2058 3766 appelle-

484 3813 642 3869 rent,
701 3803 958 3859 triremes
1011 3797 1336 3852 Geuueuses
1380 3796 1490 3864 jatn
1527 3793 1618 3846 diu
1677 3792 1742 3845 iis
1788 3789 2059 3844 insidiata:

479 3907 711 3968 repente
743 3894 1095 3960 adnavigant.
1127 3888 1304 3958 Atque
1338 3887 1576 3956 primum
1627 3883 1850 3952 quidem
1888 3895 2063 3950 expe-

487 3990 619 4046 ditis
641 3987 873 4042 navibus
903 3985 1048 4040 binis
1072 3994 1130 4037 et
1161 3980 1333 4035 ternis
1357 3993 1422 4033 ex
1455 3975 1745 4031 intervallo
1773 3974 1827 4028 in
1848 3986 2061 4044 puppes

484 4098 676 4138 eorum
707 4079 1008 4151 praemissis
1057 4091 1182 4131 cum
1228 4073 1486 4127 onmibus
1516 4069 1750 4124 navibus
1775 4067 1922 4120 omni
1950 4066 2060 4135 87

486 4175 778 4231 celeritate
817 4184 872 4225 et
903 4169 1090 4224 studio
1132 4167 1340 4221 incitati
1381 4181 1410 4216 a
1442 4171 1595 4231 tergo
1621 4161 1744 4216 illos
1771 4161 2059 4224 invadunt,

494 4275 553 4319 ut
585 4264 780 4317 Veneti
819 4272 1137 4326 quanquam
1171 4256 1329 4308 valde
1373 4250 1578 4306 defessi
1613 4252 1666 4304 in
1705 4251 1838 4304 mari
1887 4249 2066 4303 ﬂucti-

485 4359 591 4413 bus
641 4350 1128 4409 vehementissime
1171 4358 1302 4400 tunc
1350 4343 1569 4397 turbato
1615 4341 1868 4411 proelium
1913 4355 2066 4394 com-

490 4449 712 4502 mittere
765 4440 1080 4496 necessario
1139 4429 1492 4506 cegerentur.
1533 4433 1857 4488 Genuenses
1900 4430 2067 4500 igitur

487 4553 613 4594 cum
645 4551 742 4590 eos
769 4535 879 4605 jam
925 4533 978 4585 in
1027 4545 1086 4584 se
1136 4543 1329 4598 proras
1355 4533 1743 4581 eonvertentes
1789 4523 2062 4584 viderent,
2097 4516 2139 4570 Ι)

491 4629 764 4704 puppibus
793 4623 1086 4680 confestim
1110 4619 1400 4676 retroactis
1420 4619 1709 4674 celerrima
1733 4617 1854 4685 fuga
1881 4615 2066 4669 fauces

489 4723 650 4781 Ponti
694 4730 750 4774 et
778 4718 973 4775 solitos
1009 4724 1202 4784 portus
1250 4712 1480 4784 petiere.
1512 4709 1594 4765 llli
1636 4719 1820 4762 autem
1863 4707 2067 4762 acriter

493 4818 765 4870 instantes
803 4826 833 4865 a
872 4817 1025 4879 tergo
1049 4822 1146 4861 eos
1184 4805 1487 4869 caedebant,
1524 4814 1764 4871 quatuor
1799 4799 2066 4859 navibus,

491 4924 611 4978 quze
661 4904 920 4959 ﬂuctibus
951 4901 1016 4955 ad
1070 4915 1197 4953 saxa
1259 4897 1314 4950 in
1372 4908 1525 4949 mare
1577 4891 1875 4947 eminentia
1929 4901 2068 4954 pene

497 4991 686 5058 hacne
713 5010 891 5061 erant,
917 4997 982 5052 ad
1019 5005 1236 5064 portum
1269 4991 1494 5047 relictis.
1519 4989 1636 5044 Una
1663 5003 1784 5040 cum
1821 4983 2067 5038 iisetiam

498 5099 761 5150 Romanae
815 5093 918 5146 illae
962 5089 1215 5142 triremes
1253 5097 1487 5154 egressa:
1522 5081 1732 5133 animos
1763 5090 1956 5130 eorum
2002 5073 2069 5127 ad

497 5203 734 5260 pugnam
774 5181 1187 5238 inﬂammabant
1214 5187 1380 5245 atque
1421 5170 1820 5226 accendebant.
1858 5165 2070 5220 Accidit

495 5256 649 5345 vero,
704 5287 762 5330 ut
793 5271 1198 5331 contenderent
1232 5271 1378 5322 inter
1409 5281 1465 5319 se
1494 5280 1560 5316 eo
1593 5263 1734 5323 loco,
1759 5259 1875 5332 _ul.i
1929 5256 2072 5310 binae

495 5376 768 5430 columna:
801 5368 1039 5437 Spei-ient
1084 5361 1322 5432 sepulcri
1364 5356 1649 5426 cujusdam
1678 5352 1962 5407 exhibent.
1994 5347 2070 5401 lbi

499 5466 646 5521 enim
711 5459 1010 5514 terribilem
1073 5455 1126 5508 in
1189 5451 1414 5506 modum
1479 5462 1692 5501 summa
1752 5443 2074 5497 fortitudine

503 5553 788 5624 congressi
832 5551 1088 5620 prmlium
1149 5543 1340 5598 navale
1389 5539 1836 5596 commiserunt;
1883 5547 2076 5586 omnes

501 5661 637 5702 vero
678 5641 956 5713 pugnandi
1012 5638 1209 5692 ardore
1241 5649 1347 5688 una
1396 5647 1462 5686 ex
1511 5639 1664 5700 parte
1700 5627 1976 5692 Catelani,
2009 5641 2076 5680 ex

497 5740 671 5792 altera
704 5745 860 5804 parte
886 5729 1172 5802 quingenti
1205 5727 1280 5780 illi
1316 5721 1664 5793 Leucopbori
1700 5721 2074 5787 superabant:

504 5830 724 5898 utrique
771 5839 912 5894 saepe
977 5839 1040 5878 ex
1083 5821 1200 5875 suis
1251 5817 1482 5872 navibus
1523 5815 1576 5867 in
1611 5815 1836 5868 hostiles
1880 5827 2078 5865 excur-

1569 5905 1700 5914 .-υ-..,..
1717 5900 1846 5912 ’-η-,ιι
1861 5903 1894 5911 ν.
1922 5904 1928 5908 .

1945 5894 2144 5910 -.ς-...οιΑ
2176 5897 2189 5906 δ

2162 3262 2282 3308 ταις
2319 3246 2410 3298 ἐπὶ
2447 3251 2587 3313 σφᾶς
2620 3243 2880 3316 ἐξαίφνης
2919 3244 3294 3308 πλευσεῖσθαι,
3351 3244 3520 3300 πάλαι
3579 3244 3746 3299 τοῦτο

2171 3339 2465 3410 μελετηθέν
2491 3339 2677 3401 αὐτοῖς
2708 3339 2803 3390 καὶ
2844 3338 3298 3406 παρασκευασθὲν
3327 3338 3746 3408 κεκοπωμένοις

2164 3433 2518 3484 ἐπεισπεσεῖν
2572 3431 2713 3484 κατά
2746 3430 2836 3482 τὸν
2889 3429 3186 3484 ἀνάπλουν.
3254 3431 3363 3484 Kal.
3421 3429 3593 3484 ταῦτα
3641 3430 3747 3502 μὲν

2165 3524 2292 3594 τῇδέ
2321 3541 2396 3594 πη
2426 3522 2612 3594 ἔσχεν·
2674 3522 2790 3576 ἀλλ’
2855 3523 3157 3591 ἐπειδήπερ
3204 3523 3304 3576 ούκ
3346 3519 3415 3595 ἦν
3465 3526 3524 3586 ἐς
3578 3524 3747 3576 πλέον

2171 3614 2286 3668 οὐδ’
2319 3614 2572 3668 ἐνταυθοῖ
2605 3614 2935 3684 καθημένοις
2969 3614 3206 3688 θαλάττῃ
3239 3615 3336 3667 καὶ
3393 3615 3602 3684 κύμασι
3638 3615 3749 3685 μά-

2166 3707 2359 3778 χεσθαι
2399 3708 2490 3760 καὶ
2533 3708 2808 3778 πνεύματι
2838 3709 3230 3778 τραχυνομένφ
3258 3709 3549 3777 διηνεκῶς,
3574 3710 3748 3778 ἄραν-

2164 3819 2256 3864 τες
2282 3801 2495 3854 ἐκεῖθεν
2528 3803 2761 3870 τριταῖοι
2817 3802 2946 3870 περὶ
3005 3801 3186 3870 δείλην
3240 3801 3401 3869 ὀψίαν
3463 3800 3743 3872 κατῄεσαν

2165 3893 2352 3964 ἡρέμα
2387 3892 2481 3947 καὶ
2504 3893 2797 3964 μοχθηρῶς
2825 3894 2882 3955 ἐς
2913 3892 3002 3946 τὸν
3027 3897 3134 3946 τῶν
3163 3892 3475 3955 Βυζαντίων
3520 3893 3742 3962 λιμένα.

2167 3987 2277 4039 Καὶ
2319 3985 2436 4054 ἅμα
2469 3987 2716 4054 τριήρεις
2751 3984 3005 4037 ἐντεῦθεν
3043 3981 3190 4038 ὀκτὼ
3230 3984 3557 4054 ἀναχθεῖσαι
3599 3985 3745 4038 Ῥωο

2170 4083 2365 4148 μσῖκαὶ
2395 4080 2744 4148 συνδιέφερον
2783 4077 2881 4147 τὴν
2935 4079 3272 4148 καταγωγὴν
3321 4081 3413 4131 καὶ
3484 4079 3716 4146 συνεκρό

2165 4184 2316 4229 τουν,
2352 4165 2693 4234 προάγουσαι
2748 4168 2842 4218 καὶ
2876 4167 3346 4236 χειραγωγοῦσιι,
3395 4165 3561 4220 Ἀλλά
3611 4168 3743 4234 πρὶν

2167 4259 2560 4328 άψ-σθαιγῆς,
2595 4258 2951 4312 ἐπιπλέουσιν
2993 4258 3252 4326 ἐξαίφνης
3290 4258 3482 4321 αὑταῖς
3511 4245 3564 4310 αἱ
3615 4259 3748 4310 Γεν-

2169 4351 2438 4402 νουῖτιναὶ
2469 4350 2738 4420 τριήρεις,
2769 4349 3159 4420 ἐφεδρεύουσαι
3211 4349 3379 4402 πάλαι
3408 4349 3577 4402 πολύν
3619 4366 3746 4403 τινα

2169 4442 2376 4512 χρόνον.
2431 4443 2542 4494 Καὶ
2595 4442 2789 4511 πρῶτα
2840 4442 2937 4511 μὲν
2999 4442 3246 4510 τριήρεις
3298 4439 3746 4510 ταχυναυτούσας

2173 4533 2366 4586 σύνδυο
2417 4536 2508 4585 καὶ
2562 4534 2900 4602 σύντρειςέκ
2951 4531 3318 4599 διαστήματος
3361 4535 3437 4600 ’ἐς
3485 4532 3746 4602 πρύμναν

2171 4627 2396 4680 ἐκείνων
2427 4625 2820 4697 προῦπεμψαν,
2865 4625 3102 4678 κᾶπειτα
3140 4625 3586 4690 ἐσπουδασμένην
3619 4627 3746 4677 τινα

2173 4719 2265 4770 καὶ
2303 4717 2447 4784 μάλα
2470 4735 2523 4768 τι
2554 4718 2758 4784 σφόδρα
2807 4718 3037 4768 κατόπιν
3083 4718 3262 4782 ὀξεῖαν
3313 4718 3370 4768 al.
3423 4718 3594 4768 πᾶσαι
3647 4719 3748 4782 τὴν

2173 4809 2360 4876 ἔφοδον
2387 4806 2690 4865 ἐποιοῦντο,
2741 4805 2816 4866 ὡς
2854 4808 2911 4866 ἐς
2950 4807 3194 4872 ἀνάγκας
3231 4807 3365 4858 ἱέναι
3400 4807 3745 4870 Βενετικοὺς,

2173 4904 2378 4969 καίπερ
2407 4898 2547 4951 οὕτω
2575 4898 3002 4966 κεκοπωμένους
3033 4899 3128 4950 καὶ
3162 4901 3220 4950 ἐν
3253 4897 3396 4950 οὕτω
3433 4898 3744 4969 ἁστατούσῃ

2175 4994 2412 5063 θαλάττῃ
2445 4991 2530 5042 διὰ
2563 4990 2652 5042 τὸν
2691 4991 2811 5041 τότε
2840 4989 3107 5052 κλύδωνα,
3146 4990 3379 5058 συνάψαι
3429 4993 3526 5058 τὴν
3565 4992 3748 5058 μάχην

2175 5082 2386 5135 αὐτόθι.
2421 5078 2768 5149 Στρέψαντας
2817 5075 2913 5131 οὖν
2951 5081 3041 5131 ἐπὶ
3076 5082 3214 5146 σφᾶς
3247 5081 3350 5149 ἤδη
3406 5079 3529 5139 τοῦς
3589 5080 3750 5130 πολε-

2180 5172 2337 5242 μίους
2375 5171 2424 5224 οἱ
2458 5167 2776 5223 Γεννουῗται
2817 5171 2915 5231 τάς
2967 5171 3196 5239 πρώρας
3249 5171 3445 5231 ἰδόντες
3471 5169 3748 5238 ’πρύμνας

2174 5281 2232 5316 τε
2268 5262 2596 5333 ἐκρούσαντο
2644 5262 2828 5326 εὐθὺς,
2858 5263 2954 5315 καὶ
2987 5263 3438 5332 άμετραστρεπτὶ
3476 5266 3626 5329 παρὰ
3654 5265 3745 5315 τὸν

2177 5354 2379 5421 αὐχένα
2413 5352 2507 5404 τοῦ
2541 5351 2747 5404 Πόντου
2787 5352 2880 5404 καὶ
2908 5353 3031 5414 τοὺς
3076 5354 3325 5420 συνήθεις
3359 5351 3584 5419 λιμένας
3615 5369 3750 5402 κατ-

2177 5444 2427 5510 έφευγον.
2467 5443 2528 5494 Οἱ
2556 5441 2599 5494 δ’
2627 5443 2911 5495 ἐπέκειντο
2939 5443 3226 5504 διώκοντές
3255 5460 3313 5495 τε
3343 5444 3436 5494 καὶ
3467 5441 3751 5513 βάλλοντες

2181 5536 2322 5587 κατὰ
2347 5535 2543 5589 νώτου.
2578 5537 2858 5605 Τέτταρας
2885 5535 3050 5588 αὐτοῦ
3098 5536 3250 5604 παρὰ
3299 5537 3390 5587 τὸν
3433 5519 3626 5604 λιμένα
3661 5536 3748 5587 διὰ

2178 5629 2267 5680 τὸν
2293 5629 2540 5681 κλύδωνα
2579 5629 2780 5698 μικρόν
2809 5646 2859 5680 τι
2898 5629 3162 5698 ραγείσας
3196 5632 3253 5680 ἐν
3294 5631 3411 5688 ταῖς
3443 5631 3560 5680 ἐκεῖ
3609 5644 3751 5696 προ-

2181 5718 2342 5788 6λῆσι
2384 5720 2492 5772 τῶν
2527 5722 2746 5790 πετρῶν
2800 5720 3255 5783 καταλελοιπότες
3311 5722 3582 5790 τριήρεις.
3643 5720 3752 5772 Καὶ

2182 5811 2275 5877 ξύν
2307 5829 2369 5880 γε
2429 5813 2622 5876 αὐταῖς
2672 5811 2728 5863 αἱ
2785 5809 3093 5880 Ῥωμαϊκαὶ
3147 5811 3460 5878 συνεξέθ-ον
3520 5811 3750 5878 ἐκεῖναι,
