4088 6470
457 353 538 420 ’79

1649 363 2062 424 ΝΙΟΕΗΙΟΗΙ
2105 364 2490 461 (ἶΒΕῧΑΟῙῖᾹῖ

3632 368 3706 432 80

458 485 584 540 quae
605 485 802 528 manus
831 474 983 529 omni
1014 483 1192 532 morte
1237 475 1427 546 plenas
1458 478 1792 547 protendunt
1819 496 1836 543 ;
1867 495 1998 548 quar

2099 497 2290 549 ιστην,
2334 483 2430 535 καὶ
2475 481 2553 552 μὴ
2585 483 2758 553 ῥᾷστα
2801 483 3108 552 δυναμένην
3155 484 3489 554 ἀναίμακτον
3521 487 3709 552 προϊε-

458 559 782 632 priusquam
831 567 958 634 quis
1007 566 1197 622 Isthmi
1253 568 1426 623 instar
1481 568 1707 623 ﬂuctum
1764 570 2024 639 utrinque

458 651 761 710 irruentem
808 658 1073 727 reprimat
1110 670 1166 714 et
1212 662 1266 714 in
1317 661 1482 714 alium
1522 659 1702 714 locum
1747 671 2024 731 transgre-

457 739 661 808 diatur,
718 757 845 796 eum
915 745 1204 814 utriusque
1268 761 1494 800 necesse
1548 759 1635 800 est
1685 747 2024 801 constituere

458 831 622 902 leges.

2131 573 2255 626 σθαι
2287 574 2387 643 τὴν
2437 575 2762 646 μεταϐολὴν,
2815 577 2923 630 οὐδ’
2965 577 3094 630 ἄνευ
3137 578 3197 630 τὸ
3243 577 3494 631 πλεῖστον
3530 580 3705 630 είπεῖν

2129 664 2224 718 τοῦ
2257 664 2455 734 βιαίου.
2493 666 2733 718 Δεδιέναι
2758 667 2888 734 γοῦν
2921 668 3013 720 καὶ
3048 669 3146 730 τὰς
3175 667 3568 738 ἐφεδρευούσας
3591 669 3706 730 τοῖς

2130 752 2390 816 τοιούτοις
2450 755 2648 823 κῆρας,
2696 756 2820 810 ὅσαι
2876 756 3120 810 θανάτων
3173 757 3444 811 παντοίων
3495 757 3703 826 μεστὰς

2133 840 2472 892 ύποτείνουσι
2525 843 2749 912 χεῖρας·
2795 845 2888 896 καὶ
2941 844 3140 914 χρῆναι
3187 846 3272 898 διὰ
3311 847 3520 909 ταῦτα,
3573 843 3704 914 πρὶν

457 931 793 1001 μεταστῆναι
827 931 918 986 τὸν
949 933 1334 1007 δίκηννίσθμοῦ
1364 936 1489 998 τοὺς
1523 932 1864 1004 ἑκατέρωθεν
1916 934 2339 1003 ἀναχαιτίζοντα
2388 937 2688 1004 κλύδωνας,
2733 941 2860 1002 τοὺς
2926 941 3204 1011 ἑκατέρων
3268 942 3550 1012 ὁρισθῆναι
3616 944 3704 993 ιε-

457 1040 648 1093 σμους,
710 1042 720 1051 ·

528 1118 649 1172 Χιι.
694 1119 999 1186 Imperator
1059 1118 1229 1188 igitur
1289 1133 1415 1172 cum
1481 1127 1684 1174 tantam
1737 1121 1792 1173 in
1855 1119 2047 1189 tantis,

453 1210 716 1278 temporis
767 1210 1042 1279 angustiis
1083 1210 1137 1263 in
1189 1224 1247 1264 se
1294 1210 1593 1264 irruentem
1633 1219 2040 1279 tempestatum.

450 1302 558 1354 vim
607 1301 842 1364 videret,
891 1303 1088 1355 acerbe
1148 1301 1200 1354 id
1254 1300 1482 1364 ferebat,
1534 1300 1851 1370 indignatus
1881 1309 2020 1368 erat,

451 1393 660 1460 magnis
687 1391 966 1460 variisque
1015 1391 1298 1445 doloribus
1329 1393 1573 1444 animum
1610 1392 1864 1462 angebat.
1898 1392 2018 1446 Non

447 1480 598 1534 enim
643 1480 902 1544 habebat,
939 1480 1083 1534 unde
1134 1481 1359 1534 verbum
1412 1481 1838 1535 consolatoriam
1870 1482 2012 1536 acci-

449 1579 647 1640 peret;
686 1587 856 1642 quare
905 1588 1026 1627 sese
1059 1573 1236 1643 ipsunt
1279 1572 1391 1626 fere
1425 1572 1747 1641 deplorabat
1770 1581 1826 1626 et
1854 1572 2016 1642 quasi

448 1664 799 1734 desperatam
840 1664 1010 1719 vitam
1061 1665 1258 1734 degere
1289 1663 1602 1719 videbatur.
1637 1664 1868 1734 Semper
1894 1673 2016 1719 erat

453 1756 762 1811 taciturnus
807 1771 985 1826 neque
1028 1771 1154 1810 cum
1204 1771 1480 1826 quoquam
1519 1757 1739 1811 occulta
1770 1756 2013 1826 pectoris

2200 1119 2298 1175 lB'.
2331 1122 2616 1194 Τοσαύτην
2659 1122 2839 1177 τοίνυν
2874 1124 2997 1178 κατ’
3022 1124 3188 1179 αὐτοῦ
3227 1128 3488 1198 ραγεῖσαν
3522 1131 3701 1198 κυμά-

2123 1229 2234 1264 των
2263 1213 2556 1284 ἐπαγωγὴν
2587 1216 2644 1267 ὲν
2676 1215 2857 1285 ταυτῷ
2911 1218 3150 1287 συνορῶν
3197 1220 3226 1270 ὁ
3272 1218 3522 1288 βασιλεὺς
3553 1221 3700 1275 οὕτω

2127 1304 2298 1373 στενῷ
2328 1308 2522 1376 κομιδῆ
2554 1305 2633 1376 τῷ
2664 1308 2864 1379 καιρῷ,
2911 1311 3145 1380 ἧσχαλλέ
3174 1327 3233 1362 τε
3263 1313 3356 1364 καὶ
3381 1311 3695 1382 ἐδυσφόρει,

2124 1395 2216 1446 καὶ
2250 1399 2484 1464 μακραῖς
2514 1398 2768 1451 έὸάλλετο
2824 1402 2919 1453 καὶ
2963 1403 3326 1472 πολυτρόποις
3373 1406 3470 1476 τὴν
3515 1406 3698 1477 ψυχὴν

2121 1483 2356 1547 ὀδύναις.
2390 1485 2474 1555 Μὴ
2505 1486 2645 1557 ἔχων
2672 1488 2718 1542 δ’
2753 1490 2860 1560 ὅπη
2893 1489 3093 1562 βλέψας
3127 1495 3444 1564 παρήγορον
3478 1497 3542 1550 ἄν
3575 1514 3697 1551 τινα

2121 1572 2336 1637 δέξαιτο
2371 1575 2549 1642 λόγον,
2581 1577 2761 1630 ἔστενέ
2796 1595 2912 1644 πως
2943 1583 3041 1635 καὶ
3076 1584 3261 1647 αὐτὸν,
3296 1587 3387 1638 καὶ
3423 1582 3535 1639 οἷον
3559 1589 3697 1641 ἀπι-

2120 1663 2399 1737 λεγομένῳ
2429 1665 2594 1738 ἐῴκει
2621 1669 2682 1723 τὸ
2718 1670 2836 1740 ζῇν.
2883 1673 3196 1743 Ἐχεμυθῶν
3222 1677 3329 1747 γὰρ
3363 1672 3432 1748 ἦν
3457 1678 3564 1744 ἀεὶ,
3598 1681 3696 1734 καὶ

2117 1757 2296 1810 οὐδενί
2329 1777 2455 1811 ποτε
2491 1761 2600 1813 τῶν
2650 1761 2905 1817 ἁπάντων
2937 1765 3191 1822 ἐϐούλετο
3237 1770 3555 1827 κοινοῦσθαι
3582 1775 3695 1827 τῶν

447 1847 856 1902 communicare
896 1846 1136 1902 volebat.
1165 1845 1346 1902 Omne
1377 1846 1524 1901 enim
1556 1847 1848 1902 consiliqu
1884 1845 1998 1915 reji-

2111 1848 2212 1917 τῆς
2245 1848 2423 1919 ψυχῆς
2454 1853 2784 1925 ἀπορρήτων
2824 1857 2978 1910 οὐδὲν
3022 1858 3232 1931 οὐδαμῆ
3255 1877 3271 1893 ⁸
3322 1865 3544 1917 πάντων
3583 1865 3696 1936 γὰρ

443 1957 569 1996 cere
597 1940 808 1995 solebat
838 1940 1002 1994 etiam
1031 1949 1329 2007 antequam
1362 1938 1606 1992 audiret.
1631 1938 1812 1992 Tanta
1845 1936 2013 2006 igitur

441 2044 688 2084 erumna
742 2044 866 2083 eunt
901 2026 1188 2097 conjugem
1229 2026 1440 2081 videret
1484 2027 1743 2082 alliictum
1775 2026 2013 2095 impera-

445 2121 570 2187 trix,
609 2121 734 2175 talia
780 2119 844 2174 ad
883 2134 1010 2174 eum
1061 2119 1245 2173 dicere
1289 2135 1486 2173 exorsa
1515 2128 1639 2172 est:
1674 2137 1692 2170 ι
1739 2117 1857 2172 Non
1890 2119 2010 2172 sine

444 2215 534 2268 l‘ei
584 2213 807 2267 numine
839 2212 1158 2266 hominibus
1189 2221 1282 2265 aut
1313 2211 1611 2265 infortunia
1639 2210 1883 2265 accidere
1917 2218 2010 2264 aut

441 2320 531 2360 res
557 2320 847 2374 prosperas
878 2308 1124 2367 evenire,
1160 2304 1434 2358 neminem
1465 2303 1718 2373 ignorare
1746 2301 2007 2366 arbitror,

437 2395 533 2464 qui
565 2394 765 2448 mentis
800 2393 910 2464 95
946 2405 1113 2463 atque
1141 2393 1358 2448 consilii
1407 2394 1680 2462 particeps
1722 2406 1829 2456 res,
1872 2405 2009 2460 quo-

438 2483 602 2538 modo
649 2499 881 2554 qumque
929 2493 1179 2553 agantur,
1227 2491 1375 2536 recte
1425 2483 1741 2551 perspiciat.
1789 2479 2004 2534 Justum

437 2590 568 2630 vere
615 2590 738 2630 esse
784 2576 950 2629 Deum
995 2583 1052 2628 et
1091 2574 1270 2643 justos
1317 2574 1566 2627 homines
1606 2572 1676 2626 ab
1709 2587 1774 2625 eo
1809 2569 2003 2636 amari,

434 2669 602 2724 etiam
653 2668 760 2721 hoc
793 2655 1212 2737 puto'omnibus
1251 2679 1569 2735 persuasum
1616 2679 1736 2718 esse
1762 2676 2003 2733 quorum

436 2758 608 2813 animi
657 2758 1032 2829 gubernaculo
1078 2756 1386 2828 prudentia:
1426 2756 1754 2826 dirigantur.
1789 2754 1848 2810 Si
1879 2754 2006 2824 quis

432 2851 583 2906 enim
626 2864 786 2904 mane
811 2850 997 2906 studio
1024 2864 1185 2903 suum
1225 2850 1350 2913 iter,
1383 2857 1442 2901 ut
1473 2847 1548 2901 ita
1575 2846 1777 2910 dicam,
1810 2860 2003 2915 perse-

431 2947 524 3018 qui
579 2945 686 3001 sibi
738 2943 1114 3017 proposuerit,
1145 2955 1380 3014 vespera
1414 2951 1600 2997 autem
1640 2955 1819 3010 usque
1861 2938 2001 2994 adeo

432 3038 709 3108 posterius
741 3036 942 3092 sedens
972 3034 1364 3102 conspiciatur,
1400 3049 1565 3104 quam
1603 3031 1840 3088 debebat
1871 3045 2000 3100 pro.

429 3143 654 3200 gressus
678 3139 821 3191 esse.
855 3126 942 3180 vel
971 3125 1163 3194 pusilla
1203 3133 1387 3178 mente
1433 3123 1680 3178 imbutus
1721 3123 1999 3178 intellexe-

430 3224 526 3286 rit,
554 3222 661 3275 hoe
693 3219 787 3274 Dei
810 3232 932 3273 esse
963 3216 1194 3280 facinus,
1222 3215 1316 3285 qui
1350 3215 1587 3270 hominis
1616 3214 1776 3270 istius
1811 3231 1992 3270 mores

430 3311 755 3382 improbans
777 3307 1059 3371 omnibus,
1084 3322 1206 3377 qua:
1231 3307 1320 3361 ille
1347 3306 1478 3377 agit,
1507 3305 1798 3362 manifesto
1833 3322 1995 3377 repu-

427 3413 557 3476 gnat
594 3404 823 3473 ejusque
864 3399 1107 3454 studium
1135 3397 1201 3451 ad
1235 3397 1596 3462 contrarium,
1621 3411 1786 3467 quam
1832 3397 1991 3465 initia

426 3495 824 3564 promiserunt,
854 3487 1237 3545 circumﬂectit
1265 3487 1496 3543 exitum.
1545 3487 1765 3542 Memini
1805 3498 1989 3542 autem

424 3586 723 3656 Grcgoram
767 3598 874 3636 non
904 3581 1072 3635 semel
1097 3595 1200 3635 nec
1233 3579 1320 3634 bis
1349 3588 1525 3644 terve,
1562 3578 1658 3634 sed
1688 3577 1991 3648 saepissime

425 3678 481 3734 in
511 3676 697 3746 longis
725 3683 890 3744 atque
922 3674 1089 3728 variis
1127 3671 1424 3741 colloquiis
1472 3670 1670 3726 crebro
1698 3670 1988 3725 nobiscum
2031 3739 2034 3744 _

423 3769 516 3825 hic
562 3767 848 3831 institutis,
901 3765 955 3820 id
997 3764 1142 3833 quod
1184 3765 1303 3834 ipse
1353 3763 1497 3817 haud
1554 3762 1799 3833 ignoras,
1828 3762 1988 3818 nobis

421 3859 632 3920 dicere,
680 3858 858 3912 libros
907 3855 1136 3910 Palama:
1187 3869 1380 3924 magna
1430 3863 1647 3908 scatere
1687 3852 1984 3922 impietate.

419 3952 568 4019 Quos
607 3950 649 4005 si
683 3965 782 4004 nos
811 3948 1183 4017 reciperetnus
1211 3961 1276 4000 ac
1307 3962 1504 4016 magno
1536 3945 1723 4001 favore
1756 3954 1810 4001 et
1837 3947 1984 4001 omni

419 4042 802 4100 benevolentia
837 4052 1323 4110 prosequeremur,
1362 4039 1499 4094 nulli
1547 4039 1622 4094 rei
1678 4040 1912 4110 publica:
1955 4054 1984 4094 a

418 4138 580 4193 nobis
606 4144 876 4203 suscepta:
908 4133 1079 4188 Deum
1120 4132 1329 4201 justum
1373 4146 1670 4202 prosperos
1697 4147 1988 4187 successus

419 4229 677 4283 daturum
721 4240 867 4292 esse,
910 4224 1050 4278 dixit
1093 4230 1262 4290 atque
1293 4222 1545 4290 promisit
1578 4222 1687 4286 ille,
1713 4223 1807 4277 sed
1848 4223 1984 4288 fore,

416 4329 479 4375 ut
508 4319 691 4375 omnia
737 4317 1196 4373 subverterentur
1231 4327 1294 4365 ac
1344 4313 1634 4366 manifesto
1666 4327 1985 4380 corrumpe-

421 4421 609 4466 rentur
647 4407 811 4465 Vcluli
863 4415 1078 4476 segetes
1105 4403 1417 4473 fulguribus
1458 4403 1735 4456 aethereis.
1769 4403 1861 4458 Sin
1891 4418 1985 4456 au-

2113 1941 2372 2008 καθὰπαξ
2402 1945 2830 2018 ἀποδοκιμάζειν
2863 1950 3052 2004 είωθεν
3086 1953 3174 2008 ἀεὶ
3218 1954 3287 2008 τὰ
3319 1956 3691 2028 βουλεύματα,

2111 2032 2207 2086 καὶ
2235 2036 2367 2105 πρὶν
2394 2037 2646 2093 ἀκούσαι.
2682 2043 2838 2097 Οὐτω
2867 2041 3047 2099 τοίνυν
3071 2046 3288 2117 ὁρῶσαν
3313 2051 3414 2119 τὴν
3442 2050 3690 2121 βασιλίδα

2110 2124 2202 2177 τὸν
2256 2126 2487 2195 σύζυγον
2527 2129 2716 2200 ἔχοντα
2767 2134 2964 2206 λύπης,
3018 2138 3248 2206 φάσκειν
3305 2140 3464 2212 ἐπῄει
3519 2144 3690 2197 τοιαδὶ

2112 2217 2249 2306 πρὸς
2315 2221 2508 2274 αὐτόν·
2571 2223 2694 2277 Ὀτι
2754 2227 2852 2296 μὲν
2901 2229 3003 2282 οὐκ
3055 2230 3204 2284 ἀθεεὶ
3250 2233 3349 2294 τὰς
3399 2237 3689 2306 συμφορὰς

2110 2304 2322 2360 ὲπιέναι
2350 2311 2462 2370 τοῖς
2489 2311 2795 2383 ἀνθρώποις
2821 2315 2955 2382 ἔστι,
2983 2318 3237 2390 καθάπερ
3263 2320 3536 2390 δήπουθεν
3564 2304 3686 2380 οὐδὲ

2107 2391 2207 2456 τὰς
2239 2395 2567 2466 εὐπραγίας,
2610 2402 2826 2468 ἀγνοεῖν
2854 2399 3011 2475 οἶμαι
3055 2411 3163 2461 τῶν
3210 2411 3432 2467 πάντων
3467 2417 3682 2485 οὐδένα,

2106 2480 2188 2548 οἷς
2219 2485 2312 2537 νοῦ
2363 2487 2580 2554 μέτεστι
2613 2493 2708 2546 καὶ
2751 2494 3010 2564 διανοίας,
3064 2500 3174 2554 τῶν
3218 2504 3306 2557 ἀεὶ
3342 2480 3684 2578 γιγνομένων

2108 2577 2523 2646 στοχαζομένοις
2550 2580 2748 2651 ὀρθῶς.
2795 2586 3014 2642 Δίκαιον
3047 2591 3094 2644 δ’
3131 2589 3272 2646 εἶναι
3309 2596 3400 2649 τὸν
3426 2577 3562 2651 Θεύν
3589 2604 3683 2656 καὶ

2104 2667 2285 2764 δίκαια
2311 2669 2553 2740 δρῶντας
2577 2675 2898 2746 ἀνθρώπους
2927 2682 3122 2750 φιλεῖν,
3151 2685 3245 2739 καὶ
3270 2687 3426 2742 τοῦτο
3452 2689 3498 2743 δ’
3525 2689 3681 2764 οἴμαι

2103 2759 2221 2854 τοῖς
2249 2761 2420 2814 ἆπασι
2449 2766 2728 2837 γνώριμον
2761 2765 2902 2824 εῐναι
2948 2766 3028 2836 οἷς
3061 2774 3151 2827 τὸν
3203 2776 3329 2831 νοῦν
3373 2780 3474 2851 τῆς
3499 2759 3679 2854 ψυχῆς

2101 2847 2240 2913 οίαξι
2295 2852 2774 2924 πηδαλιουχεῖσθαι
2837 2857 3197 2934 ξυνερῤυήκει
3256 2847 3547 2932 συνέσεως.
3577 2847 3680 2928 "1:6

2101 2934 2235 3027 γοῦν
2261 2936 2432 2994 ἕωθέν
2460 2957 2582 2997 τινα
2608 2943 2707 3016 τὴν
2740 2948 2930 3011 πρόσω
2959 2951 3127 3020 φάναι
3159 2956 3387 3026 πορείαν
3439 2957 3678 3027 βαδίζειν

2320 3031 2525 3124 σπουδῇ
2549 3037 2886 3107 προθέμενον
2905 3041 3161 3098 τοσοῦτον
3181 3045 3404 3102 ὄπισθεν
3430 3026 3566 3104 έσπέ
3572 3071 3676 3124 ρας

2097 3115 2331 3206 δρᾶσθαι
2361 3119 2671 3192 καθήμενον
2707 3125 2834 3180 ὅσον
2870 3127 3182 3197 ἔμπροσθεν
3211 3136 3401 3206 ἐχρῆν,
3429 3115 3588 3192 τοῦτο
3616 3115 3675 3195 δέ

2097 3209 2193 3296 rei.
2221 3202 2304 3273 οἷς
2327 3211 2506 3279 ὀλίγος
2533 3214 2818 3284 ἐμπέφυκε
2846 3219 2988 3283 νοῦς,
3018 3224 3173 3294 γνοίη
3201 3202 3427 3281 aii-0'20?)
3453 3229 3672 3296 πάντως

2093 3290 2255 3360 εἶναι,
2289 3297 2427 3367 μήτε
2465 3297 2570 3371 μὴν
2592 3303 2706 3365 τοῖς
2736 3302 2830 3358 τοῦ
2855 3290 3172 3375 βαδίζοντος.
3190 3313 3414 3382 τρόποις
3439 3290 3672 3386 ἀρεσκοί-

2095 3387 2284 3478 μένου,
2316 3390 2410 3443 καὶ
2441 3389 2558 3460 ἅμα
2581 3395 2694 3457 τοῖς
2718 3395 2893 3469 τούτῳ
2921 3399 3227 3471 δρωμένοις
3257 3403 3462 3460 ἅπασιν
3489 3411 3672 3478 ἐμφα-

2091 3476 2199 3570 νῶς
2244 3481 2582 3550 μαχομένου,
2632 3485 2728 3539 ml.
2780 3489 2838 3552 ὲς
2890 3491 2963 3545 τὰ
3021 3493 3166 3548 πάνυ
3222 3496 3332 3550 τῶν
3368 3476 3670 3570 προοιμίων

2095 3568 2466 3661 ῖναντιώτατα
2498 3575 2711 3646 πέρατα
2745 3577 2844 3650 τὴν
2884 3585 3122 3654 σπουδὴν
3162 3568 3666 3661 ἀντιπεριάγοντος.

2091 3660 2390 3755 Μέμνημαι
2419 3666 2603 3722 τοίνυν
2645 3671 2742 3741 οὐχ
2774 3671 2938 3741 ἅπαξ,
2969 3676 3090 3729 οὐδὲ
3139 3677 3218 3741 δίς
3251 3660 3368 3734 που
3400 3684 3496 3737 καὶ
3544 3687 3666 3755 τρὶς

2092 3754 2276 3824 μόνον.
2325 3755 2461 3810 ἀλλά
2509 3761 2604 3813 καὶ
2637 3763 2780 3832 μάλα
2825 3764 2999 3834 δήπου
3049 3784 3112 3837 γε
3147 3770 3410 3836 πολλάκις
3458 3754 3666 3846 ἀμφοῖν

2089 3846 2222 3924 ⁴ημῖν
2254 3848 2500 3912 εἰπόντος
2528 3849 2624 3904 τοῦ
2665 3852 2922 3926 Γρηγορᾶ
2953 3861 3094 3913 κατὰ
3121 3861 3220 3923 τὰς
3261 3863 3517 3919 ἐνταυθοῖ
3537 3869 3666 3922 πολ-

2087 3933 2241 3997 λάκις
2274 3935 2582 4002 ἰδιαζούσας
2623 3938 2685 4013 [ι.
2720 3943 2823 3998 H8
2872 3942 2929 4017 α]
2975 3949 3192 4016 μακρὰς
3222 3953 3315 4004 καὶ
3362 3933 3664 4018 πολυειδεῖς

2087 4028 2246 4099 ἡμῶν
2280 4029 2497 4099 ὁμιλίας
2522 4026 2700 4102 (οῐσθα
2730 4034 2788 4088 δὲ
2814 4039 2905 4090 καὶ
2932 4039 3120 4112 αὐτος)
3147 4041 3246 4106 τὰς
3269 4043 3485 4113 βίϐλους
3516 4042 3659 4104 εἶναι

2085 4120 2181 4172 τοῦ
2215 4120 2453 4190 Παλαμᾶ
2480 4117 2802 4190 δυσσὲϐείας
2853 4130 3084 4200 πλήρεις
3126 4137 3340 4204 μακρᾶς
3362 4151 3376 4166 ⁸
3415 4137 3477 4200 ἃς
3507 4139 3660 4210 δεχο-

2091 4213 2273 4282 μένοις
2305 4217 2457 4285 ἡμῖν,
2487 4219 2583 4271 καὶ
2622 4221 2826 4290 πολλὴν
2857 4228 2952 4277 καὶ
2987 4227 3336 4301 παντοδαπὴν
3369 4234 3466 4303 τὴν
3498 4233 3660 4303 εὐμέ-

2086 4322 2234 4358 νειαν
2267 4311 2418 4376 σφίσι
2450 4313 2866 4382 παρεχομένοις,
2905 4315 3109 4385 ἔφασκέ
3130 4338 3190 4374 τε
3223 4323 3317 4376 καὶ
3347 4325 3657 4396 ὑπισχνεῖτο

2090 4399 2279 4468 μηδενὶ
2317 4401 2426 4454 τῶν
2451 4404 2584 4473 ἡμῖν
2624 4423 2687 4472 γε
2715 4407 3012 4478 δρωμένων
3057 4412 3331 4483 δημοσίων
3360 4417 3657 4489 εὐδρομίαν

419 4513 524 4558 tem
579 4503 697 4557 hazc
744 4499 832 4554 vel
882 4498 972 4551 illa
1040 4511 1128 4550 res
1173 4494 1358 4563 aliquo
1408 4495 1568 4547 modo
1614 4493 1772 4548 initio
1823 4495 1984 4549 nobis

2099 4488 2474 4581 εικολουθήσειν
2503 4495 2638 4564 πρὸς
2673 4497 2764 4551 τοῦ
2807 4499 3016 4554 δικαίου
3069 4503 3226 4570 Θεοῦ,
3267 4506 3385 4560 ἀλλ’
3427 4488 3656 4581 ἀνατρέ-

414 4594 712 4650 succedere
739 4592 921 4645 visura
949 4597 1116 4652 esset,
1148 4596 1384 4642 attamen
1410 4602 1517 4639 non
1549 4586 1710 4656 longo
1739 4595 1982 4656 tempore

415 4684 743 4754 interposito
771 4681 882 4751 98
907 4681 1049 4743 fore,
1069 4688 1128 4731 ut
1157 4678 1512 4732 acerbissima
1550 4679 1687 4732 mala
1711 4678 1984 4733 uberrime

412 4776 479 4829 ad
516 4783 822 4829 extremum
863 4776 1296 4823 succrescerettt.
1339 4769 1482 4823 Idem
1527 4769 1661 4838 ipsis
1691 4770 1984 4824 vehemen-

413 4867 522 4922 tius
577 4862 1025 4936 pronuntiantem
1073 4859 1421 4924 audivimus,
1468 4870 1527 4915 ut
1579 4861 1717 4914 nihil
1767 4860 1982 4917 dubita-

413 4957 576 5012 tionis
637 4955 753 5009 suis
798 4956 1044 5010 moribus
1085 4953 1438 5018 admisceret,
1486 4968 1608 5021 qua:
1656 4954 1977 5022 plerumque

410 5045 857 5099 incertitudinem
887 5044 1055 5098 futuri
1095 5044 1360 5112 temporis
1392 5045 1765 5098 metuentibus
1797 5046 1978 5099 inesse

406 5137 565 5192 selet.
603 5135 792 5204 Neque
841 5136 1038 5191 nescis.
1074 5144 1280 5206 quanto
1327 5134 1454 5189 odio
1505 5136 1607 5190 viri
1643 5153 1752 5191 non
1790 5152 1819 5189 a
1862 5137 1976 5192 suis

405 5227 592 5281 verbis
623 5228 936 5282 recedentis
966 5229 1278 5282 libertatem
1311 5229 1587 5298 persecuti
1617 5229 1810 5283 simus.
1834 5228 1975 5283 Con-

405 5317 760 5372 siderandum
814 5319 979 5390 igitur
1035 5330 1142 5385 est,
1195 5335 1324 5373 num
1377 5319 1518 5373 forte
1575 5319 1689 5374 Deo
1739 5319 1857 5388 ipso
1903 5321 1973 5375 ob

403 5408 596 5478 dogma
633 5423 970 5480 repugnante
1006 5412 1158 5467 irrita
1197 5410 1487 5468 faciamus.
1527 5429 1544 5462 ι

450 5675 604 5729 .ΧΙΙΙ.
651 5676 772 5732 llaec
801 5688 963 5748 atque
997 5679 1267 5748 ejusmodi
1325 5694 1449 5732 cum
1509 5677 1598 5731 illa
1631 5679 1968 5746 protulisset,

397 5767 724 5838 imperator:
770 5789 787 5821 ι
830 5771 1041 5836 Mulier,
1077 5771 1276 5839 inquit,
1312 5785 1418 5822 non
1467 5769 1650 5822 omnia
1705 5770 1969 5826 debemus

2085 4577 2283 4632 πεσθαί
2306 4597 2364 4632 τε
2389 4582 2566 4635 πάντα
2589 4584 2684 4638 καὶ
2711 4585 3033 4656 φθείρεσθαι
3060 4594 3373 4662 προφανῶς,
3400 4577 3654 4668 καθάπερ

2084 4674 2368 4739 κεραυνοῖς
2398 4673 2660 4742 αίθερῖοις
2692 4677 2760 4730 τὰ
2789 4678 2935 4746 λήῖα.
2987 4682 3048 4734 El
3089 4683 3145 4736 δέ
3179 4701 3285 4737 που
3335 4687 3428 4740 καὶ
3478 4687 3652 4753 δόξειε

2082 4761 2191 4814 τῶν
2215 4764 2504 4836 ἡμετέρων
2540 4765 2718 4836 ἔργων
2747 4766 2804 4820 ἓν
2833 4771 3120 4825 ὁποιονοῦν
3161 4775 3366 4846 om]on
3403 4779 3652 4851 εὐτυχεῖν

2080 4854 2146 4904 ἐκ
2185 4856 2507 4925 προοιμίων,
2545 4858 2661 4909 ἀλλ’
2685 4855 2781 4914 οὖν
2807 4863 2906 4914 οὐκ
2939 4865 3022 4928 είς
3054 4867 3272 4936 μακρὰν
3301 4868 3419 4922 ἐκεῖ
3455 4873 3651 4943 πικρὸν

2081 4945 2408 5015 ἑπιφύεσθαι
2448 4949 2542 5003 καὶ
2585 4953 2730 5021 μάλα
2779 4953 3048 5026 πολύχουν
3095 4959 3153 5011 ὲν
3196 4962 3310 5021 τοῖς
3359 4961 3561 5033 πέρασι
3591 4967 3652 5018 τὸ

2078 5039 2366 5109 γεώργιον.
2397 5041 2567 5094 Τοῦτο
2597 5043 2652 5095 δε
2683 5045 2915 5110 καύταῖς
2941 5048 3246 5118 πανδήμοις
3292 5052 3650 5125 σφοδρότερον

2077 5130 2413 5199 ἡκηκόειμεν
2449 5132 2707 5203 φάμενον,
2741 5136 2800 5188 οὐ
2831 5137 3133 5210 δισταγμοῦ
3164 5159 3310 5205 τινος
3342 5145 3512 5214 μέρος
3542 5163 3649 5198 πα-

2080 5225 2422 5290 ραμιγνύντα
2447 5225 2525 5295 τῷ
2553 5227 2695 5296 Ιἤθει,
2723 5230 2904 5292 ὁποῖος
2939 5234 3047 5294 τοῖς
3075 5232 3302 5287 δεδιόσιν
3331 5237 3518 5290 ἕπεται
3547 5240 3647 5309 τὴν

2075 5315 2170 5368 τοῦ
2209 5317 2497 5384 μέλλοντος
2526 5319 2750 5387 ἀδηλίαν
2783 5321 2859 5382 ὡς
2889 5323 2958 5375 τὰ
3002 5322 3192 5378 πολλά.
3244 5327 3352 5380 Καὶ
3396 5325 3554 5382 οἶσθα
3582 5347 3646 5397 γε

2073 5405 2149 5467 ὡς
2189 5404 2471 5476 ἡχθὸμεθα
2498 5409 2596 5478 τῆς
2630 5411 2941 5482 παρρησίας
2969 5413 3154 5484 τάνδρί
3179 5431 3194 5448 ο
3224 5417 3252 5469 ὁ
3275 5417 3320 5470 δ’
3351 5420 3450 5472 οὐκ
3475 5421 3646 5473 ἐνεδί-

2073 5497 2166 5549 δου
2193 5497 2386 5565 λέγων.
2421 5499 2690 5555 Σκεπτέον
2720 5503 2813 5560 οὖν
2839 5505 2916 5576 μὴ
2946 5504 3082 5559 Θεοῦ
3121 5509 3428 5578 μαχομένου
3455 5509 3543 5565 διὰ
3585 5513 3646 5566 τὺ

2072 5589 2248 5658 δόγμα
2285 5590 2538 5662 πονῶμεν
2562 5596 2822 5664 ἀνήνυτα.
2863 5615 2882 5648 ›

2144 5682 2242 5736 ll".
2275 5682 2457 5737 Ταῦτα
2485 5689 2663 5739 τοίνυν
2696 5689 2790 5740 καὶ
2818 5689 2884 5743 τὰ
2914 5690 3139 5745 τοιαῦτα
3171 5693 3470 5765 διεξιούσης
3503 5696 3644 5746 ἐκεί-

2075 5791 2191 5844 νης,
2230 5793 2248 5826 ι
2275 5770 2344 5827 Ὦ
2375 5777 2554 5844 γύναι,
2585 5781 2750 5848 φησιν
2783 5783 2810 5833 ὁ
2842 5779 3117 5849 βασιλεὺς,
3160 5785 3220 5838 οὐ
3253 5787 3430 5839 πάντα
3467 5787 3639 5840 καθὰ-
