4088 6470
386 382 454 485 st
1411 417 1862 480 BYZANTINIE
1885 416 2268 479 uts'ronus
2297 417 2446 478 LIB.
2469 414 2678 476 XXVI.
3353 462 3357 468 .
3566 404 3639 469 82

386 535 495 608 παξ
541 531 718 603 χρεὼν
760 530 1074 585 ἀνατιθέναι
1130 531 1274 602 Θεῷ.
1330 527 1486 587 Εἶναι
1536 533 1646 603 γάρ
1692 551 1815 587 τινα
1861 533 1954 585 καὶ

2069 532 2129 583 ad
2165 530 2336 584 Deum
2367 529 2597 584 referre.
2629 525 2765 581 Nam
2799 523 2964 578 etiam
2992 521 3211 576 fortuna
3241 518 3462 574 domina
3493 531 3637 586 quae-

383 627 548 694 τύχην
599 623 880 694 τύραννον,
915 623 1057 676 κατὰ
1096 615 1158 675 τὸ
1207 623 1519 693 αὐτόματον
1557 623 1817 678 ἐπιοῦσαν
1843 628 1954 689 τοῖς

384 718 489 768 τῶν
519 714 823 783 ἀνθριέιπων
864 713 1172 784 πράγμασι,
1195 715 1304 768 κάκ
1327 713 1422 769 τοῦ
1455 716 1761 787 προσεχοῦς
1786 717 1956 787 αὐτὴν

388 807 586 875 μᾶλλον
604 806 957 876 τάνθρώπεια
977 804 1342 878 διοικοῦσανῆ
1371 808 1464 860 τὸν
1489 807 1645 875 Θεὸν,
1672 809 1962 879 ἐνέργειαν

386 900 483 967 μὲν
516 897 856 968 καλουμένην
883 897 1160 962 ἀκτιστον,
1194 896 1556 960 δεσποτικοὺς
1585 899 1643 952 δὲ
1673 900 1956 970 χαρακτῆ-

387 1008 486 1057 ρας
539 990 812 1060 φέρουσάν
858 1006 917 1042 τε
953 993 1049 1042 καὶ
1095 989 1434 1054 δεσποτικῶς
1473 993 1587 1054 τοῖς
1630 993 1959 1062 πράγμασιν

385 1082 884 1148 ἑπιστρατεύουσαν
911 1079 1056 1133 κατὰ
1086 1081 1184 1150 τὴν
1216 1080 1310 1134 τοῦ
1343 1082 1653 1148 αὐτομάτου
1696 1083 1870 1152 φοράν
1897 1099 1958 1135 τε

384 1174 476 1225 καὶ
498 1173 730 1240 κίνησιν.
761 1174 821 1226 El
850 1173 895 1226 δ’
923 1169 1041 1240 οῦν,
1062 1171 1218 1241 λόγον
1248 1173 1358 1240 ὲγὼ
1386 1192 1469 1228 σοι
1498 1175 1588 1228 καὶ
1615 1175 1760 1243 μάλα
1783 1176 1959 1247 εἱδυίᾳ

385 1266 517 1334 ἐρῶ,
547 1265 647 1332 τῆς
675 1265 814 1334 ἐμῆς
838 1265 1097 1338 ἀληθείας
1127 1268 1384 1338 μάρτυρά
1416 1285 1474 1319 τε
1505 1270 1600 1322 καὶ
1629 1267 1958 1338 βεϐαιωτήν.

387 1354 554 1410 οἶσθα
585 1359 692 1429 γὰρ
712 1358 930 1422 ὁποίαις
954 1361 1049 1411 καὶ
1075 1359 1228 1422 ὅσαις
1253 1361 1568 1429 ἡπειγόμην
1591 1360 1960 1430 ὲξευμενίζειν

386 1449 474 1500 τὸν
513 1448 644 1501 Θεὸν
688 1450 990 1519 χρημάτων
1018 1447 1248 1514 δόσεσιν,
1293 1448 1360 1512 ἃς
1394 1449 1650 1518 ἀφθόνοις
1679 1451 1960 1519 παλάμαις

389 1543 671 1612 έξήντλουν
719 1542 924 1614 ἱερεῦσι
969 1543 1064 1597 καὶ
1115 1543 1493 1614 μονοτρόποις,
1531 1545 1624 1598 καὶ⁸
1671 1544 1785 1597 ὅσοι
1818 1560 1962 1614 σπηο

388 1637 557 1698 λαίοις
584 1635 952 1688 ἐνδιαιτῶνται
996 1635 1092 1688 καὶ
1124 1637 1297 1704 ὄρεσι,
1333 1636 1430 1689 καὶ
1476 1636 1594 1688 ὅσοι
1640 1635 1750 1688 τῶν
1783 1635 1960 1698 ἄλλως

390 1727 548 1794 πενίᾳ
575 1725 670 1778 καὶ
697 1726 838 1794 νόσῳ
865 1717 1157 1788 συζώντων
1187 1727 1458 1795 ὑπῆρχον,
1492 1727 1587 1779 καὶ
1631 1728 1705 1796 πῆ
1745 1727 1842 1794 μὲν
1868 1727 1961 1796 δη-

394 1815 572 1886 μοσίᾳ,
609 1817 680 1884 πῆ
715 1814 774 1868 δὲ
808 1814 1098 1884 βλέποντος
1143 1816 1401 1870 ἁπάντων
1444 1816 1680 1879 οὐδενός.
1717 1817 1959 1886 Ὥνησαν

2057 622 2181 676 dam
2212 630 2319 684 cst,
2349 635 2472 691 qua:
2509 634 2611 674 suo
2642 616 2878 672 arbitrio
2902 614 3192 668 hominum
3232 626 3322 667 res
3351 608 3638 680 aggredia-

2059 726 2168 780 tur,
2206 727 2370 782 atque
2401 711 2752 768 continenter
2801 708 2966 762 vitam
2999 705 3296 759 humanam
3329 701 3503 770 magis
3553 715 3638 752 rc-

2057 814 2172 875 gat,
2201 783 2365 872 quam
2418 801 2601 856 Deus:
2636 798 2888 868 operatio
2925 793 3150 866 quidem
3212 793 3530 846 nominatur
3562 788 3640 841 in-

2058 905 2276 958 creata,
2313 893 2506 948 induta
2545 900 2728 946 autem
2756 899 2839 944 est
2873 889 3084 962 tyranni
3123 885 3392 952 moribus,
3444 898 3640 952 super-

2058 990 2294 1058 bamque
2342 987 2397 1041 in
2428 1001 2625 1040 omnes
2668 999 2760 1039 res
2804 982 3238 1038 dominationem
3287 988 3508 1035 exercet
3539 992 3638 1045 pro

2059 1080 2309 1136 libidinis
2341 1080 2552 1148 impetu
2585 1088 2755 1146 atque
2805 1085 2980 1130 motu.
3012 1074 3288 1144 Agedum!
3328 1072 3639 1127 orationem

2061 1170 2158 1224 tibi
2193 1168 2394 1232 dicam,
2422 1183 2589 1236 quam
2626 1166 2742 1236 ipsa
2772 1164 2919 1220 haud
2959 1179 3088 1219 sane
3123 1163 3370 1234 ignoras,
3400 1177 3526 1230 qua?
3553 1176 3640 1215 me

2057 1274 2188 1314 vere
2217 1259 2464 1314 locutum
2483 1273 2608 1312 esse
2639 1256 2967 1312 testificetur
2997 1265 3159 1326 atque
3185 1257 3494 1310 conﬁrmet.
3519 1253 3640 1309 Scis

2059 1349 2230 1412 enim,
2260 1349 2485 1418 quantis
2511 1357 2566 1402 et
2591 1348 2852 1418 qualibus
2880 1363 2981 1419 ego
3011 1348 3317 1403 studuerim
3353 1346 3514 1401 donis
3541 1345 3636 1399 Dei

2063 1439 2306 1493 favorem
2354 1440 2488 1494 mihi
2539 1439 2865 1502 conciliare,
2895 1455 3018 1509 quae
3043 1439 3223 1509 plenis
3267 1439 3526 1494 manibus
3555 1454 3640 1493 sa-

2059 1529 2397 1594 cvrdotibus,
2425 1530 3056 1597 hominibus-solitariis,
3083 1531 3400 1600 quicunque
3431 1532 3486 1584 in
3512 1545 3638 1600 spe-

2061 1622 2248 1677 iuncis
2299 1622 2555 1677 habitant
2602 1632 2660 1677 et
2725 1622 3010 1677 mentibus
3057 1631 3156 1676 aut
3207 1630 3532 1691 panpertate
3583 1630 3640 1677 et

2062 1713 2272 1768 morbis
2305 1715 2554 1784 oppressi
2583 1714 2753 1769 vitam
2781 1715 3010 1785 degunt,
3038 1723 3093 1769 et
3121 1715 3300 1785 palam
3334 1722 3391 1769 et
3420 1713 3641 1768 occulto

2062 1804 2355 1874 largiebar.
2397 1805 2596 1859 Verum
2642 1807 2776 1861 nihil
2834 1806 3090 1860 utilitatis
3155 1805 3315 1861 nobis
3367 1805 3477 1876 97
3528 1805 3636 1860 illa:

389 1877 435 1959 θ’
463 1877 592 1972 ἡμῖν
645 1877 821 1966 οὐδὲν,
864 1904 979 1958 ἀλλ’
1026 1877 1243 1976 αῦραις,
1293 1905 1370 1968 ὥς
1419 1922 1482 1974 γε
1527 1877 1728 1970 ἔοικεν,
1779 1877 1963 1961 ἐκεῖνα

2069 1893 2385 1965 largitioiies
2429 1897 2760 1958 attulerunt,
2811 1895 2909 1950 sed
2945 1896 3131 1950 ventis
3162 1896 3419 1950 videmur
3451 1895 3640 1952 omnia

391 1994 544 2046 πάντ’
599 1994 1079 2066 ὲκπεπονὴκαμεν,
1133 1997 1227 2048 καὶ
1277 1997 1548 2066 περιέστη
1605 1999 1737 2068 ἡμῖν
1781 2001 1966 2052 ἐκεῖνα

393 2084 578 2136 παθεῖν
620 2083 658 2138 ἃ.
700 2084 833 2154 μηδὲ
884 2087 998 2146 τοῖς
1051 2087 1258 2158 σφόδρα
1308 2089 1656 2159 ἀνδροφόνοις
1715 2090 1804 2143 διὰ
1845 2091 1976 2159 βίου

394 2177 714 2230 πεπονθέναι
755 2177 1177 2248 ξυμπέπτωκεν.
1224 2182 1340 2252 Ἀφ’
1388 2175 1449 2237 οὑ
1492 2183 1537 2237 δ’
1580 2184 1838 2256 ὁμόφρων
1869 2203 1963 2252 γε·

392 2271 626 2340 γένημαι
657 2269 908 2342 Παλαμᾷ,
935 2271 1028 2324 καὶ
1059 2272 1312 2341 βασιλεὺς
1355 2275 1516 2339 εὐθὺς
1563 2277 1899 2346 κεκράτηκα.
1938 2295 1958 2328 ι

465 2448 557 2503 ΙΔν.
577 2451 639 2503 Ἡ
661 2449 706 2504 δ’
722 2449 1066 2506 ὑπολαϐοῦσα
1081 2451 1250 2506 τοιάδ’
1266 2450 1568 2522 ἀντέφησεν
1584 2453 1757 2520 αὖθις·
1784 2474 1802 2508 ι
1825 2453 1965 2525 Ἐγὼ

396 2543 475 2606 δὲ,
516 2545 770 2611 φησὶν,ὲκ
796 2545 904 2598 τῶν
933 2545 1222 2616 ἡμετέρων
1262 2548 1354 2601 καὶ
1378 2547 1737 2620 ἀνθρωπίνων
1760 2549 1967 2621 βραχέα

397 2651 477 2686 σοι
503 2633 818 2705 φθέγξομαι.
853 2635 986 2691 Εἰπὲ
1011 2637 1118 2708 γάρ
1169 2654 1288 2706 μοι’
1326 2639 1393 2692 Ei
1439 2657 1522 2702 τις
1548 2641 1974 2712 τῶνήμετέρων

392 2725 592 2780 δούλων
613 2727 935 2797 ἀμπελῶνος
963 2730 1140 2783 εἰπεῖν
1175 2729 1208 2802 ἡ
1245 2731 1352 2783 τῶν
1375 2731 1553 2786 ἄλλων
1575 2733 1810 2802 ἐχόντων
1833 2736 1965 2803 ἡμῖν

394 2819 684 2891 κτημάτων
733 2821 852 2884 ἐνὸς
909 2823 1220 2876 οὑτινοσοῦν
1274 2823 1610 2896 ἐπιμελητὴς
1673 2826 1764 2894 ὑφ’
1805 2826 1964 2896 ἡμῶν

395 2913 678 2978 καταστὰς,
705 2910 891 2966 ἔπειτα
919 2912 1015 2984 τὴν
1041 2915 1141 2984 μὲν
1166 2915 1484 2969 δεσποτείαν
1516 2915 1672 2987 ἡμῶν
1703 2917 1966 2988 ἀφῃρεῖτο

397 3003 728 3074 περιφανῶς,
773 3005 1235 3078 πολλοστημόριον
1279 3009 1332 3062 δὲ
1367 3010 1476 3062 τῶν
1515 3010 1730 3064 ἐκεῖθεν
1773 3011 1966 3081 παρεί-

393 3113 518 3165 χετο
545 3097 724 3167 φέρων
752 3097 883 3169 ἡμῖν
913 3100 1160 3168 καρπῶν,
1191 3101 1252 3153 οὑ
1293 3101 1494 3170 μᾶλλόν
1525 3101 1578 3170 γ’
1601 3101 1667 3156 ἂν
1696 3103 1966 3173 ὲμεμισὴ-

396 3203 588 3258 κειμεν
620 3189 829 3241 ἐκεῖνον
855 3187 886 3258 ἡ
919 3189 1302 3259 ἡγαπήκειμεν
1330 3209 1344 3258 ;
1379 3191 1535 3245 Τοῦτ’
1562 3193 1691 3246 αὑτὸ
1717 3195 1962 3262 νομίζειν
1990 3222 2036 3280 c

393 3278 568 3332 ἔπεισί
595 3279 799 3347 μοικαὶ
826 3279 889 3354 [ί.
927 3282 1026 3337 118
1059 3283 1110 3354 b]
1142 3285 1272 3356 περί
1300 3302 1361 3354 γε
1388 3285 1481 3340 τοῦ
1512 3287 1676 3357 μόνου
1706 3287 1862 3342 θεοῦ.
1901 3289 1963 3342 Et

393 3373 502 3442 γὰρ
533 3373 765 3427 πλούτου
791 3376 880 3428 καὶ
914 3375 1068 3446 δόξης
1098 3377 1366 3448 τοσαύτης
1409 3380 1569 3449 ἡμεῖς
1597 3380 1961 3444 ἀπολαύοντες

395 3465 531 3533 πρὸς
567 3464 724 3532 Θεοῦ,
748 3466 937 3520 ἔπειτα
973 3470 1071 3539 τὴν
1113 3469 1278 3522 αὑτοῦ
1311 3469 1630 3524 δεσποτείαν
1672 3471 1960 3525 πολυθεῖαν

389 3552 612 3615 ἑκόντες
642 3552 803 3624 ἡτινι
833 3555 943 3608 τῶν
971 3557 1226 3609 ἁπάντων
1267 3557 1429 3628 έτέρᾳ
1467 3557 1595 3628 παρ’
1624 3560 1787 3612 αὑτὸν
1812 3561 1963 3630 ἐνερ-

395 3646 538 3718 γείᾳ,
581 3634 948 3716 ὲξευμενίζειν
978 3648 1185 3700 ἐκεῖνον
1229 3649 1546 3719 νομίζοιμεν
1587 3650 1962 3721 πολλοστημό-

396 3755 511 3807 ριον
539 3738 833 3808 χρημάτων
858 3738 966 3790 τῶν
987 3738 1146 3792 αὑτοῦ
1180 3740 1550 3810 προσάγοντες
1574 3741 1745 3812 αὐτῷ,
1769 3742 1964 3796 θᾶττον

399 3825 550 3895 μέντ’
582 3825 647 3880 ἂν
679 3826 961 3896 μισήσειεν
994 3825 1028 3896 ἡ
1058 3827 1393 3898 ἀγαπήσειεν
1426 3829 1594 3898 ἡμᾶς,
1629 3830 1712 3883 ὅτι
1744 3829 1804 3882 τὸ
1841 3834 1964 3900 μεῖ-

401 3917 490 3980 ζον
523 3913 883 3986 ἀφαιροῦντες
925 3913 1213 3970 τοῦλαττον
1242 3916 1634 3988 παρέχομεν,ἢ
1673 3919 1874 3986 μᾶλλον
1904 3918 1964 3972 τὸ

399 4006 510 4057 πᾶν
540 4003 893 4074 ἀφαιροῦντες
917 4004 978 4057 τὸ
1009 4004 1173 4075 μηδὲν
1199 4006 1533 4077 παρέχομεν.
1570 4006 1671 4078 Εῖη
1703 4006 1748 4060 δ’
1771 4008 1837 4063 ἂν
1855 4009 1966 4063 κάκ

397 4099 507 4151 τῶν
527 4097 813 4169 ἡμετέρων
839 4096 921 4150 ἔτι
951 4099 1290 4167 πραγμάτων
1325 4100 1693 4171 ἐναργέστερα
1719 4102 1787 4156 τὰ
1815 4102 1968 4172 λεγό-

403 4209 557 4262 μενα.
584 4186 752 4246 Οἶσθα
780 4191 887 4262 γὰρ
928 4190 1004 4254 ὡς
1030 4192 1161 4262 πρὶν
1189 4191 1222 4254 ἢ
1257 4195 1374 4255 ταῖς
1405 4192 1502 4245 τοῦ
1536 4193 1766 4262 Παλαμᾶ.
1793 4212 1968 4266 προσ-

399 4285 619 4354 τεθῆναι
662 4283 1046 4352 καινοφωνίαις
1083 4285 1258 4353 ἡμᾶς,
1306 4285 1512 4356 σφόδρα
1569 4302 1633 4355 γε
1673 4286 1732 4352 ἐξ
1780 4288 1968 4360 οὐρίας

401 4376 534 4444 ἡμῖν
565 4373 633 4426 τὰ
659 4376 755 4446 τῆς
802 4373 1144 4445 εὐδαιμονίας
1184 4373 1356 4442 ἔπλει,
1398 4375 1489 4428 καὶ
1523 4376 1679 4430 οὐδὲν
1714 4379 1968 4432 ὰντέπνει

401 4465 509 4518 τῶν
536 4465 724 4519 δεινῶν
771 4464 1142 4536 ἀντίπρωρον,
1172 4465 1309 4520 ἀλλά
1360 4468 1453 4520 καὶ
1496 4468 1587 4520 ὑπ’
1628 4467 1804 4523 ἄλλων
1831 4470 1970 4535 τέως

2062 1987 2355 2052 effecisse;
2401 1984 2748 2041 calamitates
2807 1985 2958 2040 enim
3013 1985 3066 2039 in
3120 2000 3222 2039 nos
3285 1985 3639 2053 ingruerunt,

2064 2078 2256 2147 quales
2303 2093 2372 2132 ne
2422 2077 2776 2132 audacissimi
2826 2077 3050 2147 quidem
3088 2077 3386 2132 homicida:
3437 2077 3494 2131 in
3527 2077 3637 2131 vita

2065 2173 2313 2240 perpessi
2339 2181 2490 2226 sunt.
2527 2171 2602 2226 Ex
2631 2187 2743 2240 quo
2773 2182 2957 2227 autem
2989 2180 3234 2241 tempore
3262 2187 3387 2227 cum
3421 2172 3637 2227 Palama

2064 2264 2192 2330 feci,
2233 2280 2298 2319 ex
2349 2279 2415 2319 eo
2465 2264 2650 2318 statim
2695 2265 3046 2334 imperatoris
3087 2265 3388 2334 potentiam
3440 2275 3654 2326 nactus

2067 2370 2212 2409 διιηι.
2261 2372 2280 2406 ι
3650 2411 3655 2416 Ι

2135 2444 2276 2503 XIV.
2321 2445 2416 2502 illa
2469 2455 2653 2503 autem
2697 2450 3005 2506 oralionem
3049 2450 3333 2521 excipiens
3367 2449 3485 2505 lucc
3525 2449 3642 2505 fere

2066 2539 2386 2607 respondit?
2426 2557 2444 2590 ι
2483 2539 2597 2611 Ego
2627 2556 2798 2611 pauca
2829 2543 3082 2612 quaedam
3114 2558 3179 2598 ex
3214 2541 3423 2599 nostris
3445 2541 3644 2596 hama.

2066 2628 2266 2699 nisque
2319 2631 2488 2686 rebus
2531 2648 2832 2704 proponam
2863 2635 3004 2703 ;'die
3039 2636 3186 2690 enim
3237 2634 3396 2698 mihi,
3433 2635 3477 2688 si
3520 2635 3651 2704 (piis

2066 2728 2383 2774 nostrorum
2437 2735 2725 2779 servorum
2779 2726 2932 2780 verbi
2977 2741 3144 2781 causa
3195 2725 3372 2780 vineae
3422 2724 3504 2778 vel
3549 2725 3642 2778 alii

2063 2809 2282 2865 euidam
2307 2821 2623 2868 nostrarum
2647 2815 3059 2885 possessionum
3086 2832 3118 2871 a
3147 2817 3307 2871 nobis
3324 2815 3640 2885 prafectus,

2067 2895 2447 2956 dominatione
2497 2903 2660 2958 nobis
2711 2904 3005 2960 manifesto
3066 2915 3297 2976 erepta.
3357 2905 3640 2975 parvulam

2066 2993 2363 3060 quamdam
2393 3003 2605 3063 partem
2631 2995 2848 3064 frugum
2881 2996 3008 3051 inde
3035 3005 3288 3051 natarum
3323 2996 3484 3051 nobis
3507 3013 3646 3064 przr-

2068 3085 2247 3150 beret,
2279 3102 2464 3142 nonne
2497 3088 2676 3160 majus
2722 3089 2777 3142 in
2809 3103 2934 3143 eum
2963 3088 3148 3144 odium
3194 3089 3640 3159 conciperemus,

2067 3195 2234 3250 quam
2275 3189 2437 3236 antea
2465 3196 2594 3236 eum
2625 3197 2967 3237 amassemus
2994 3183 3018 3236 ?
3048 3181 3162 3237 lloc
3194 3181 3343 3238 idem
3373 3183 3540 3238 etiam
3574 3183 3644 3237 de

2070 3271 2235 3326 unico
2261 3272 2374 3326 Deo
2406 3281 2652 3328 statuere
2685 3273 2818 3328 mihi
2849 3275 2903 3328 in
2938 3285 3176 3330 mentem
3199 3275 3388 3340 venit;
3422 3275 3468 3329 si
3493 3275 3640 3328 enim

2069 3379 2170 3418 nos
2214 3379 2242 3416 a
2288 3363 2398 3418 Deo
2442 3365 2614 3419 tantis
2666 3364 2877 3420 divitiis
2911 3374 3172 3437 tantaque
3213 3368 3386 3438 gloria
3437 3369 3641 3431 ornati,

2070 3453 2450 3510 dominatione
2481 3454 2602 3525 ejus
2646 3455 2834 3510 multis
2857 3455 3238 3512 divinitatibus
3276 3466 3371 3512 aut
3409 3457 3497 3512 alii
3529 3457 3648 3513 cui-

2070 3545 2195 3600 dam
2249 3547 2556 3616 Operationi
2621 3547 2690 3602 ab
2737 3565 2804 3603 eo
2865 3549 3104 3605 diversae
3155 3550 3300 3604 ultro
3354 3551 3641 3618 permissa.

2072 3639 2296 3707 parvula
2331 3639 2569 3709 quadam
2603 3626 2760 3709 parte
2793 3657 2956 3710 epum
2994 3641 3285 3712 prtebenda
3324 3644 3487 3697 nobis
3515 3659 3642 3698 eum
3714 3677 3717 3682 -

2073 3729 2372 3784 conciliare
2407 3729 2748 3800 putabimus,
2775 3732 3012 3788 celerius
3037 3748 3166 3788 sane
3197 3749 3298 3789 nos
3325 3735 3454 3789 odio
3478 3751 3644 3804 quam

2073 3835 2260 3875 amore
2317 3831 2686 3892 persequetur
2729 3832 3023 3892 propterea
3064 3824 3209 3894 quod
3251 3825 3373 3894 plus
3405 3826 3454 3880 ei
3487 3827 3646 3880 dero-

2071 3929 2285 3984 gamus,
2318 3929 2482 3983 quam
2514 3914 2860 3982 exhibemus,
2888 3924 2982 3968 aut
3009 3915 3190 3984 potius
3213 3917 3357 3986 quod
3390 3919 3650 3974 omnibus

2075 4006 2242 4060 rebus
2269 4006 2318 4061 ei
2353 4005 2673 4061 defraudato
2721 4007 2860 4061 nihil
2894 4006 3224 4076 praebemus.
3253 4008 3433 4064 Facile
3459 4021 3644 4066 autem

2074 4114 2140 4154 ex
2183 4108 2502 4154 nostrarum
2542 4115 2728 4154 rerum
2763 4100 3105 4166 conditione,
3135 4102 3280 4172 quod
3311 4103 3474 4156 modo
3509 4106 3646 4170 dixi,

2074 4191 2276 4246 clarius
2331 4193 2458 4245 erit.
2507 4191 2625 4248 Scis
2663 4192 2834 4255 enim,
2881 4201 3174 4262 antequam
3219 4193 3452 4250 Palama:
3511 4213 3649 4252 nova

2079 4292 2391 4339 cornmenta
2443 4283 2902 4354 amplexarentur,
2958 4300 3174 4340 summa
3217 4302 3341 4340 cum
3391 4289 3649 4344 felicitate

2074 4375 2187 4447 98
2217 4375 2374 4447 quasi
2405 4376 2652 4433 secundo
2688 4389 2854 4433 vento
2895 4378 3116 4450 adjutas
3148 4389 3364 4434 nostras
3402 4395 3488 4436 res
3521 4397 3650 4450 pro-

2076 4469 2311 4524 cessisse
2360 4468 2608 4537 nihilque
2657 4469 2939 4524 contrario
2969 4470 3207 4538 quodam
3242 4469 3371 4524 ﬂatu
3417 4471 3653 4541 impedi-

405 4559 809 4630 βασιλευόμενοι
851 4558 1027 4612 πλείω
1066 4558 1175 4612 τῶν
1211 4557 1605 4630 βασιλευόντων
1656 4562 1821 4632 ἡμεῖς
1870 4562 1968 4634 τὴν

2080 4569 2194 4613 tum
2239 4559 2430 4624 fuisse,
2476 4558 2574 4614 sed
2605 4559 2735 4614 licet
2771 4559 3092 4629 aliquandiu
3139 4560 3374 4614 aiiormn
3419 4562 3651 4632 imperio

407 4652 557 4721 ῖηὺν
604 4651 1008 4722 ὲκαρποὺμεθα,
1061 4651 1152 4704 καὶ
1186 4652 1248 4705 τὸ
1277 4651 1378 4721 τῆς
1423 4651 1706 4724 βασιλικῆς
1757 4654 1973 4723 ἐκείνης

401 4743 557 4814 δόξης
587 4743 739 4805 κλέος
775 4742 959 4796 πλεῖον
985 4745 1118 4813 ἡμῖν
1142 4743 1174 4814 ἢ
1199 4746 1313 4806 τοῖς
1356 4743 1541 4814 έχουσι
1569 4745 1767 4816 περιῆν
1787 4762 1799 4777 ο
1829 4743 1974 4797 ὲκεί-

403 4853 508 4886 νων
537 4835 644 4906 γὰρ
681 4835 960 4906 ἐνομίζετο
994 4836 1083 4888 καὶ
1128 4836 1286 4906 ἡμῶν
1334 4831 1424 4908 ἦν.
1489 4835 1611 4906 Ἀφ’
1650 4835 1710 4889 οῦ
1761 4835 1819 4889 δὲ
1861 4838 1972 4901 τοῖς

404 4921 544 4990 ἀμφὶ
571 4922 663 4975 τὸν
689 4923 946 4992 Παλαμᾶν
975 4924 1236 4995 φέροντες
1267 4925 1578 4995 συμμαχεῖν
1603 4924 1752 4995 ἡμᾶς
1781 4925 1976 4988 αὐτοὺς

403 5015 778 5086 ὲδεδὼκειμεν,
815 5015 956 5070 κατὰ
983 5017 1210 5086 πόδαςὴ
1251 5018 1393 5082 τίσις
1437 5018 1602 5082 εὐθὺς
1644 5017 1931 5088 ἠκολούθει
1955 5035 1970 5050 ο

404 5109 582 5161 πᾶσαν
608 5109 708 5179 μὲν
737 5108 848 5180 γὰρ
893 5108 1055 5172 esea;
1105 5109 1524 5180 κακοδαιμονίαν
1571 5108 1872 5180 συλλήϐδην
1900 5111 1977 5163 εί-

406 5202 526 5255 πεῖν
546 5202 969 5272 διηντλήκαμεν,
1003 5203 1182 5256 πᾶσαν
1209 5201 1254 5256 δ’
1283 5202 1502 5274 ἐκείνην
1527 5201 1624 5272 τὴν
1647 5202 1803 5270 δόξαν
1837 5202 1978 5272 μετά

405 5292 497 5348 τοῦ
543 5293 776 5348 πλούτου
832 5295 1034 5358 παντὸς
1081 5296 1212 5366 ἡμῖν
1270 5295 1708 5365 ἀποϐεϐληκέναι
1771 5280 1979 5366 ξυμπέέ

408 5403 611 5453 πτωκε,
662 5386 913 5458 καθάπερ
962 5389 1077 5452 τοῖς
1125 5388 1598 5460 διαγρηγορήσασι
1644 5387 1714 5442 τά
1757 5390 1816 5441 ὲν
1865 5389 1978 5452 τοῖς

411 5477 596 5542 ὕπνοις
622 5477 893 5550 ὀνείρατα.
923 5479 1028 5532 Καὶ
1060 5479 1121 5532 τὸ
1152 5480 1249 5550 τῆς
1282 5479 1559 5551 βασιλείας
1593 5479 1639 5532 δ’
1683 5479 1782 5549 ὀψὲ
1817 5495 1979 5550 περι-

411 5568 743 5636 ζωσαμένοις
780 5568 978 5639 κράτος
1007 5569 1196 5624 ἕπεται
1243 5569 1530 5641 δυστυχεῖν
1573 5572 1706 5642 ἡμῖν
1745 5571 1983 5643 ἀνακρά-

410 5675 522 5722 το·,
571 5654 753 5728 οἶμαι,
807 5660 896 5714 διὰ
950 5662 1012 5714 τὸ
1066 5661 1143 5733 μὴ
1194 5661 1296 5734 τὴν
1362 5663 1645 5734 βασιλικὴν
1699 5665 1852 5733 ἰσχὺν
1900 5664 1981 5728 είς

408 5749 712 5820 διόρθωσιν,
745 5750 862 5805 ἀλλ’
895 5754 972 5815 είς
1004 5753 1244 5825 διωγμὸν
1276 5753 1532 5809 ἐκκενοῦν
1571 5755 1682 5808 τῶν
1711 5756 1852 5827 ὑπὲρ
1882 5758 1982 5827 τῆς

415 5843 645 5914 ιατρίου
671 5843 940 5911 λεγόντων
971 5847 1225 5913 πίστεως.
1249 5847 1432 5901 Ταῦτα
1467 5847 1514 5901 δ’
1547 5848 1607 5901 οὑ
1641 5849 1725 5903 σοι
1746 5848 1986 5920 λέγουσα

2076 4650 2314 4721 subjecti
2359 4665 2629 4713 essemus,
2677 4651 2883 4720 majore
2930 4661 3111 4705 tamen
3165 4653 3431 4721 potentia,
3485 4669 3650 4720 quam

2074 4739 2178 4810 ipsi
2224 4740 2558 4810 imperantes
2596 4740 2937 4808 iruehamur,
2973 4743 3238 4811 nobisque
3273 4744 3448 4814 gloria
3483 4746 3653 4812 impc-

2077 4833 2296 4887 ratoriae
2327 4833 2612 4903 dignitatis
2641 4834 2814 4905 major
2838 4835 3275 4905 eontigit,quam
3307 4837 3509 4905 iis,qui
3533 4853 3650 4891 eam

2075 4923 2453 4996 possidebant.
2472 4923 2692 4979 illorum
2715 4925 2863 4978 enim
2881 4927 3178 4994 putabatur
3194 4942 3314 4984 esse
3334 4929 3652 4999 imperium,

2076 5025 2136 5070 et
2189 5027 2440 5072 nostrum
2495 5025 2634 5072 erat.
2682 5016 2759 5070 Ex
2793 5033 2904 5086 quo
2947 5034 3086 5074 vero
3143 5029 3388 5091 tempore
3435 5035 3536 5075 nos
3587 5021 3656 5075 ad

2079 5112 2314 5168 Pal-ama:
2358 5119 2541 5182 partes
2571 5111 2961 5182 applieuimus,
2994 5128 3155 5183 paena
3185 5129 3215 5168 e
3243 5114 3474 5186 vestigio
3517 5115 3658 5168 inse-

2079 5213 2206 5260 cuta
2253 5213 2359 5260 est.
2386 5202 2583 5259 Omnia
2623 5203 2798 5269 enim,
2831 5213 2891 5258 ut
2919 5205 3166 5261 breviter
3191 5205 3394 5271 dicam,
3423 5204 3658 5260 infortu-

2081 5297 2174 5351 nia
2225 5294 2408 5351 statim
2452 5295 2862 5350 cxantlavimus
2890 5336 2905 5359 ,
2961 5298 3145 5352 omnis
3190 5298 3283 5352 illa
3336 5296 3506 5367 gloria
3551 5310 3658 5348 una

2081 5406 2208 5446 cum
2241 5389 2452 5444 divitiis
2476 5389 2636 5444 nobis
2660 5389 2866 5444 excidit
2891 5391 3085 5446 eodem
3115 5391 3299 5456 modo,
3329 5404 3439 5459 quo
3463 5403 3660 5457 exper-

2085 5481 2252 5537 rectis
2279 5481 2514 5536 somnia.
2542 5481 2962 5550 Imperatoriam
3012 5480 3337 5552 dignitatem
3377 5493 3502 5533 sero
3531 5479 3659 5548 qui-

2085 5575 2208 5626 dem
2258 5570 2406 5648 nai-ti
2459 5569 2609 5624 omni
2648 5569 2699 5624 vi
2753 5569 3138 5625 conﬂictamur
3180 5569 3345 5622 rebus
3385 5564 3656 5631 adversis,

2083 5665 2235 5718 nulla
2263 5663 2368 5718 alia
2403 5679 2469 5716 ex
2510 5677 2696 5727 causa,
2733 5663 2951 5732 opinor,
2985 5675 3152 5728 quam
3183 5658 3330 5729 quod
3367 5659 3662 5727 imperato-

2086 5755 2219 5810 riam
2251 5761 2577 5823 potestatem
2620 5767 2731 5807 non
2774 5751 2838 5804 ad
2879 5750 3196 5818 dogmatum
3229 5748 3661 5812 correctionem,

2086 5847 2187 5904 sed
2217 5845 2282 5900 ad
2317 5843 2756 5916 persecutionem
2793 5857 2987 5897 eorum
3017 5841 3378 5910 conterimus,
3413 5838 3508 5912 qui
3559 5852 3665 5910 pa-
