4088 6530
427 326 500 396 87
1634 331 2057 396 NICEPIIORI
2096 337 2481 399 GREGORE
3042 316 3054 326 ’
3613 329 3684 393 88

428 439 486 496 Si
543 441 650 497 boc
704 444 778 497 ita
809 451 929 509 est,
968 445 1201 499 multum
1233 445 1452 509 aberit,
1487 456 1545 500 ut
1574 447 1810 510 alterum
1865 449 2006 504 alter

2109 453 2273 520 οὓτω,
2320 452 2518 506 πολλοῦ
2570 452 2721 523 μέντ’
2749 450 2814 508 ἂν
2858 449 3068 520 εείισεεε
3111 452 3178 504 τὰ
3220 448 3420 519 ἑτέρων
3463 446 3684 517 ἐτέρους

428 532 748 602 perspiciat.
785 535 895 588 Deo
922 537 1071 590 enint
1104 537 1209 591 soli
1246 537 1350 592 ltoe
1373 539 1714 595 inaccessum
1749 549 2003 595 servatur

430 634 597 689 atque
630 626 862 694 regitur,
897 628 990 696 qui
1024 629 1304 682 hominem
1338 630 1478 684 bene
1514 630 1803 686 facientem
1836 631 2002 686 vitam

430 723 687 769 acturum
753 718 1184 786 placidissimam
1241 737 1429 791 pacem
1481 718 1789 791 spirantem
1846 723 2004 798 103

434 806 724 871 promisit,
762 823 924 862 secus
958 822 1141 865 autent
1180 822 1431 881 agentem
1468 816 1635 868 etiam
1673 819 2004 891 contrariam

434 895 562 951 vitae
605 910 813 954 sortem
856 901 1194 957 habiturum.
1240 905 1429 975 Neque
1474 922 1605 962 vero
1657 907 1881 962 minima
1920 916 2005 963 est

434 989 519 1041 rei
555 988 817 1059 ignobilis
870 992 1227 1059 diﬂ‘erentia,
1262 1012 1383 1065 qua:
1435 997 1668 1055 interest
1712 998 1858 1054 inter
1902 999 2005 1053 bos

435 1097 566 1135 num
598 1091 653 1136 et
685 1083 891 1138 bonum
922 1095 1089 1155 atque
1123 1092 1266 1144 inter
1303 1088 1506 1146 malum
1538 1099 1595 1145 et
1624 1091 1848 1144 malum.
1876 1089 2007 1146 Otn.

436 1169 590 1223 tti‘bm
624 1171 774 1225 enim
807 1172 1079 1229 bonorum
1108 1176 1375 1245 optimum
1407 1188 1575 1247 atque
1608 1180 1846 1248 primum
1881 1193 2005 1232 esse

434 1264 795 1333 Cognovimus
844 1264 1107 1336 pietatem
1154 1284 1284 1339 erga
1335 1269 1504 1323 Deum
1537 1279 1592 1323 et
1623 1270 2003 1339 incorruptam

439 1356 621 1411 tidem.
644 1358 740 1413 llle
771 1360 943 1424 enim,
985 1361 1231 1425 «Atuato,
1259 1362 1458 1432 inquit,
1487 1362 1802 1431 Dominum,
1832 1365 2002 1419 Deum

439 1456 593 1501 tuum
629 1464 697 1505 es
742 1450 939 1506 intimo
982 1451 1152 1506 corde
1192 1460 1355 1521 atque
1392 1454 1635 1516 animo,»
1676 1463 1731 1508 et
1770 1469 2001 1510 rursus:

440 1558 457 1587 ο
490 1539 729 1596 Adorato
765 1541 1077 1608 Dominum,
1114 1543 1279 1597 Deum
1325 1553 1474 1597 tuum
1542 1560 1778 1613 cumque
1827 1546 2004 1598 solum

433 1630 645 1697 colito;
678 1650 697 1683 ι
726 1630 897 1687 alium
935 1634 1082 1687 enim
1118 1635 1297 1689 colere
1330 1646 1415 1689 est
1450 1651 1538 1689 res
1574 1646 1788 1691 creatas
1824 1637 2007 1691 colere

436 1724 622 1789 ι-ηιίιιε
656 1739 819 1793 quam
860 1735 1190 1783 creatorem.
1237 1726 1533 1795 Pcrspceta
1570 1727 1667 1781 tibi
1704 1728 1816 1781 crit
1852 1726 2004 1782 omni

2109 547 2310 600 ειδέναι
2337 548 2487 600 ποτέ.
2520 546 2641 617 Θεῷ
2670 548 2779 617 γάρ
2813 547 2959 615 μόνῳ
2988 545 3131 597 τοῦτ’
3163 544 3423 613 ἀπρόῖτον
3446 541 3684 609 τετήρη-

2105 642 2289 708 ταίγε
2330 641 2425 694 καὶ
2458 640 2828 710 τεταμίευται.
2871 638 3203 708 Ἀνθρὼπων
3249 637 3295 689 δ’
3337 636 3397 698 ξς
3435 634 3501 687 ἂν
3533 632 3682 702 δρῴη

2106 733 2344 800 τάγαθὰ,
2377 733 2609 785 πνέοντα
2653 731 2767 801 βίον
2797 731 3023 801 είρήνης
3051 726 3193 781 εἷναί
3219 728 3267 779 οί
3299 724 3681 794 ὑπεσχημένον

2105 825 2313 878 ἐκεῖθεν
2368 825 2514 893 βιοῦν
2538 840 2553 856 ο
2583 824 2643 888 ὃς
2669 825 2715 878 δ’
2743 823 2837 877 οὖν
2868 821 3145 884 τάναντία,
3165 820 3337 889 τούτῳ
3378 819 3424 871 δ’
3458 813 3526 871 αὖ
3555 818 3655 870 τάν

2106 916 2289 971 αντία.
2339 914 2490 970 Εἶναι
2529 916 2572 969 δ’
2620 916 2683 969 οὐ
2716 918 2856 970 πάνυ
2904 932 2957 967 τι
3006 913 3299 983 ἐλαχίστην
3335 911 3441 964 οὐδ’
3483 909 3681 976 ἀγεννῆ

2104 1024 2228 1061 τινα
2257 1009 2358 1080 τὴν
2402 1008 2604 1077 μεταξῦ
2645 1009 2930 1077 διαφορὰν,
2967 1006 3035 1075 ἣν
3079 1004 3260 1072 ἀγαθά
3304 1020 3360 1054 τε
3397 1001 3513 1070 ἔχει
3546 999 3684 1067 προς

2106 1101 2290 1169 ἀγαθά
2323 1102 2413 1155 καὶ
2457 1102 2524 1173 ἣν
2554 1096 2621 1154 αὖ
2654 1100 2821 1154 κακία
2862 1099 2998 1168 πρὸς
3037 1097 3256 1151 κακίαν.
3305 1093 3554 1159 Ἀγαθῶν
3584 1093 3685 1161 μὲν

2107 1195 2218 1264 γὰρ
2246 1195 2505 1247 ἁπάντων
2533 1195 2826 1263 κράτιστόν
2855 1209 2914 1245 τε
2953 1193 3047 1243 καὶ
3091 1191 3400 1259 πρώτιστον
3431 1185 3682 1251 ἔγνωμεν

2108 1279 2249 1336 εἶναι
2288 1283 2386 1352 τὴν
2415 1282 2552 1352 πρὸς
2579 1281 2712 1335 Θεὸν
2752 1280 3033 1334 εὐσέϐειάν
3066 1295 3127 1330 τε
3165 1275 3259 1329 καὶ
3302 1270 3685 1338 ἀκαπήλευτον

2109 1373 2314 1429 πίστιν.
2370 1390 2389 1425 ι
2421 1373 2758 1441 Ἀγαπήσεις
2797 1370 2928 1439 γὰρ,
2967 1369 3125 1439 φησὶ,
3182 1365 3389 1435 Κύριον
3420 1362 3511 1415 τὸν
3547 1358 3683 1413 Θεό)

2109 1483 2205 1518 σου
2236 1464 2295 1530 ἐξ
2326 1463 2457 1535 δλης
2477 1463 2653 1533 ψυχῆς
2706 1463 2802 1516 καὶ
2842 1462 2902 1524 ἐξ
2933 1461 3062 1529 ὅλης
3090 1462 3190 1528 τῆς
3236 1457 3472 1516 διανοίας
3503 1469 3620 1512 σου,
3656 1470 3675 1501 ι

2109 1555 2206 1609 καὶ
2242 1554 2430 1618 πάλιν,
2477 1572 2496 1605 ι
2537 1544 2741 1622 Κύριον
2778 1552 2870 1606 τὸν
2911 1551 3045 1605 Θεόν
3107 1567 3202 1603 σου
3257 1544 3683 1617 προσκυνήσεις,

2109 1650 2206 1702 καὶ
2242 1648 2392 1719 αὐτῷ
2438 1650 2585 1718 μόνῳ
2618 1646 2959 1717 λατρεύσεις.
2998 1662 3019 1697 ι
3062 1644 3136 1697 To
3163 1642 3272 1711 γὰρ
3304 1641 3449 1709 ἄλλῳ
3481 1657 3557 1705 τῳ
3585 1638 3685 1688 λα-

2108 1740 2325 1811 τρεύειν
2381 1744 2448 1811 τῇ
2503 1740 2680 1793 κτίσει
2736 1737 2888 1806 παρά
2943 1737 3037 1791 τδν
3088 1737 3352 1789 κτίσαντα
3398 1730 3687 1799 λατρεύειν

431 1830 497 1867 es
554 1826 706 1883 parte
752 1816 1023 1871 bonorum
1071 1817 1415 1882 differentia,
1464 1818 1507 1873 si
1552 1834 1616 1872 ea
1647 1817 2002 1876 enumerabis

2109 1832 2242 1886 isti.
2274 1829 2560 1900 Γνὼριμον
2583 1831 2628 1884 δ’
2650 1830 2717 1883 ἂν
2746 1828 2835 1898 εἴη
2862 1845 2946 1881 σοι
2974 1828 3195 1888 πάντως
3230 1826 3263 1893 ἡ
3289 1823 3398 1876 τῶν
3424 1820 3685 1873 τοιούτων

431 1908 696 1977 deinceps
725 1924 791 1966 ex
823 1908 1011 1965 inﬁmo
1039 1909 1209 1979 gradu
1243 1920 1408 1979 atque
1443 1909 1826 1963 fundamento.
1857 1908 2004 1963 Con-

433 2007 512 2051 tra
546 2014 679 2052 vero
704 1999 949 2053 ontniunt
982 2000 1248 2055 malorum
1296 2000 1594 2069 pessimum
1643 2010 1726 2053 est
1765 1999 2003 2053 secessio

431 2109 459 2144 a
503 2090 613 2145 Deo
636 2131 651 2155 ,
683 2092 842 2161 cujus
888 2090 1106 2160 slgnnm
1140 2100 1305 2161 atque
1341 2092 1606 2146 indicium
1648 2091 2002 2148 manifestum

434 2191 519 2237 est
553 2181 857 2251 patriorum
893 2192 1297 2252 przeceptorum
1333 2194 1500 2253 atque
1538 2184 1717 2253 legunt
1753 2184 2000 2249 abolitio,

431 2287 553 2341 qua:
603 2271 660 2325 iit
708 2272 1099 2328 additatnentis
1149 2283 1200 2327 cl
1249 2274 1693 2343 adctnptionibus
1741 2292 1843 2330 nec
1892 2291 2002 2330 non

435 2365 853 2433 impudentibus
885 2365 1149 2435 perjuriis
1182 2380 1375 2419 eorum
1404 2408 1418 2431 ,
1448 2367 1541 2435 qui
1580 2382 1706 2420 cmn
1743 2367 1854 2421 Deo
1886 2368 2004 2423 bel-

433 2456 572 2515 lant.
623 2456 814 2527 Neque
865 2462 1013 2512 enini
1061 2459 1353 2528 quisquam
1400 2458 1573 2513 Deum
1608 2459 1910 2530 pejerabit,
1946 2460 2002 2515 in

431 2554 592 2616 cujus
634 2552 819 2605 animo
851 2550 924 2621 pii
958 2552 1010 2605 in
1050 2551 1219 2606 Deum
1255 2566 1450 2606 sensus
1479 2552 1694 2619 ardent.
1733 2554 2003 2608 Accurate

435 2642 488 2701 id
534 2641 693 2697 facile
740 2642 1080 2696 intellexeris
1109 2641 1153 2695 si
1193 2651 1405 2696 veteres
1435 2641 1651 2697 Iudaeos
1685 2642 1736 2695 in
1770 2658 2001 2696 examen

433 2733 686 2799 vocaris,
719 2733 813 2802 qui
846 2749 969 2789 cum
1005 2732 1098 2789 Dei
1149 2734 1525 2787 reverentiam
1569 2736 1634 2787 ad
1680 2735 2005 2804 peregrinos

436 2827 569 2881 deos
614 2828 1049 2893 transtulerunt,
1082 2828 1267 2885 statitn
1324 2831 1376 2882 in
1422 2828 1745 2883 servitutem
1795 2829 2005 2899 redige-

435 2918 635 2975 bantur
658 2937 686 2974 a
720 2921 971 2978 ﬁnitimis
1002 2922 1291 2993 gentibus,
1314 2939 1546 2992 quarunt
1577 2923 1790 2978 domini
1820 2931 2001 2987 erant,

432 3013 677 3081 quandin
711 3014 798 3083 pie
831 3014 902 3069 de
932 3013 1045 3069 Deo
1076 3024 1411 3080 senserunt;
1446 3016 1536 3069 ubi
1574 3027 1755 3071 autem
1785 3016 1909 3085 pius
1936 3015 2003 3070 iis

432 3116 554 3159 orat
601 3106 900 3176 princeps,
947 3122 1146 3161 rursus
1193 3109 1512 3177 superiores
1559 3110 1810 3166 hostibus
1844 3108 2005 3181 104
2030 3158 2074 3182 η

2028 3162 2075 3223 C

433 3213 616 3254 erant.
663 3199 844 3269 Atque
894 3211 1169 3257 utvetcra
1201 3203 1544 3265 omittamus,
1574 3204 1999 3258 Constantinum

434 3293 689 3364 Magnum
721 3293 865 3349 inter
894 3296 1254 3364 imperatores
1284 3295 1619 3360 consideres,
1651 3311 1859 3364 quteso,
1891 3296 2003 3359 cui,

434 3402 559 3442 eum
595 3386 803 3441 cultum
843 3385 1109 3448 deorum,
1150 3402 1258 3456 quo
1295 3387 1519 3455 quidem
1557 3389 1782 3443 nomine
1814 3402 2009 3457 perpe-

438 3494 551 3535 ram
584 3479 1063 3547 nuncupabantur,
1092 3479 1157 3531 ad
1188 3496 1379 3533 verum
1411 3479 1579 3532 Deum
1609 3478 2001 3543 transtulisset,

434 3572 702 3641 contigit,
748 3580 806 3623 nt
844 3571 1136 3642 ampliores
1178 3570 1390 3638 imperii
1437 3568 1576 3628 ﬁnes
1610 3584 1774 3637 qttam
1814 3582 2007 3622 omnes

438 3674 564 3718 ante
599 3679 724 3721 eum
759 3664 1121 3731 imperatores
1156 3663 1262 3716 sibi
1292 3662 1620 3716 vindicaret.
1659 3660 2007 3730 Imperatori-

438 3756 541 3810 bus
578 3766 758 3812 autem
796 3765 917 3825 post
940 3770 1112 3817 eum,
1150 3754 1243 3823 qui
1286 3752 1673 3809 haereticorum
1715 3750 2007 3819 opiniones

439 3848 494 3901 in
534 3849 715 3902 divina
758 3848 882 3904 ﬁdei
920 3846 1174 3916 dogmata
1213 3846 1475 3900 inducere
1506 3846 1809 3912 Deutnque,
1841 3858 2003 3911 quem

438 3954 497 3993 se
525 3939 786 3992 extremis
819 3938 990 3991 labris
1029 3937 1215 3990 colere
1250 3936 1515 3990 dicebant
1538 3973 1551 3998 ,
1586 3936 1831 4004 pejerare
1873 3932 2008 3986 inci-

441 4031 699 4098 piebattt,
730 4032 912 4083 statim
944 4027 1264 4098 magnitudo
1296 4028 1388 4082 illa
1416 4027 1632 4097 imperii
1659 4026 1727 4081 ab
1757 4024 2008 4085 hostibus

438 4123 642 4178 sensim
683 4123 1055 4195 paulalitnque
1091 4120 1502 4179 ditninuebatut‘

512 4306 672 4363 XVII.
730 4306 834 4360 Sed
873 4306 1095 4374 longum
1136 4313 1354 4372 tempus
1392 4317 1479 4357 me
1511 4301 1802 4365 deﬁceret,
1835 4301 1878 4356 si
1918 4316 2013 4357 ve-

442 4408 558 4453 tera
593 4409 647 4453 ct
684 4398 925 4452 recentia
979 4397 1230 4463 exempla
1282 4394 1349 4447 ad
1400 4394 1688 4448 veritatem
1733 4393 2008 4448 dictorum

2105 1924 2327 1988 ἀγαθῶν
2366 1925 2430 1978 ἐκ
2472 1925 2582 1977 τῶν
2636 1921 2866 1993 βαθμῶν
2913 1918 3039 1989 ἑξῆς
3084 1920 3179 1973 καὶ
3227 1915 3550 1971 ὑποϐάσεων
3585 1912 3685 1978 τῆς

2104 2017 2541 2089 ἀπαριθμήσεως
2573 2016 2829 2087 διαφορά.
2863 2013 3065 2067 Κακῶν
3102 2012 3147 2064 δ’
3193 2006 3261 2064 αὖ
3314 2008 3570 2063 ἁπάντων
3613 2003 3682 2056 ἂν

2104 2111 2188 2178 εἴη
2219 2110 2478 2164 κάκιστον
2514 2112 2575 2163 ὲκ
2604 2107 2892 2177 διαμέτρου
2914 2106 3131 2168 πάντως
3160 2105 3189 2157 ό
3213 2100 3351 2156 Θεοῦ
3378 2096 3680 2171 χωρισμὸς,

2103 2197 2163 2251 οὗ
2194 2202 2419 2268 σημεῖον
2453 2200 2543 2251 καὶ
2585 2194 2875 2264 γνώρισμα
2906 2194 3180 2267 προφανὲς
3216 2194 3249 2261 ἡ
3283 2190 3391 2243 τῶν
3433 2187 3679 2257 πατρίων

2104 2292 2347 2344 κανόνων
2371 2292 2463 2343 καὶ
2504 2291 2684 2358 νόμων
2717 2288 2995 2358 ἀθέτησις,
3034 2286 3105 2355 ἢν
3133 2280 3459 2355 προσθέσεσί
3495 2296 3556 2332 τε
3594 2277 3685 2344 γί-

2104 2382 2291 2436 νεσθαι
2342 2384 2432 2436 καὶ
2477 2381 2799 2451 ὑφαιρέσεσι
2849 2381 2961 2442 τοῖς
3009 2376 3301 2446 θεομάχοις
3352 2374 3680 2439 συμπίπτει,

2106 2474 2199 2526 καὶ
2250 2472 2368 2542 ἅμα
2419 2475 2536 2536 ταῖς
2594 2449 2866 2526 άναιδέσιν
2904 2467 3233 2538 ὲπιορκίαις.
3286 2465 3421 2521 Οὐδὲ
3462 2464 3571 2533 γᾶρ
3617 2464 3685 2516 ἂν
3720 2449 3738 2463 ’

2104 2565 2429 2635 ὲπιορκῆσαί
2462 2580 2592 2618 ποτε
2621 2564 2831 2633 γένοιτο
2860 2560 3016 2625 Θεδν,
3040 2560 3148 2630 ὅτῳ
3178 2557 3246 2613 ἂν
3271 2556 3515 2619 εὐσεϐεῖς
3558 2556 3686 2624 περὶ

2105 2661 2244 2714 Θεοῦ
2267 2661 2365 2723 τὰς
2390 2658 2685 2728 ὑπολήψεις
2710 2660 2768 2710 ὲν
2790 2654 2992 2726 καρδίᾳ
3020 2652 3379 2724 περιθάλπειν
3410 2649 3468 2720 [ί.
3493 2648 3596 2702 120
3625 2644 3682 2717 a}

2105 2754 2272 2825 ἐνείη.
2313 2753 2520 2816 Μάθοις
2563 2750 2607 2803 δ’
2655 2748 2721 2804 ἂν
2769 2747 3051 2818 ἀκριϐῶς,
3097 2742 3365 2799 Ἰουδαίων
3411 2740 3685 2806 ἐξετάζων

2104 2843 2231 2907 τοὺς
2269 2842 2455 2904 πάλαι,
2499 2835 2579 2903 οἷς
2622 2839 2684 2891 τὸ
2729 2836 2823 2891 τοῦ
2865 2835 3002 2888 Θεοῦ
3045 2834 3207 2898 σέϐας
3247 2834 3326 2895 είς
3366 2830 3686 2899 ἀλλοτρίους

2108 2932 2552 3007 μετατιθεμένοις
2585 2930 2738 2989 θεοὺς
2766 2926 2975 2989 δούλοις
3001 2926 3163 2987 εὐθὺς
3191 2921 3547 2976 καθίστασθαι
3572 2920 3685 2973 τῶν

2105 3026 2406 3096 περιοίκων
2444 3022 2773 3076 συνέπιπτεν
2807 3018 2996 3079 ἐθνῶν,
3037 3012 3112 3069 ὧν
3161 3014 3514 3072 εὐσεϐοῦντες
3542 3007 3687 3082 ἦσαν

2105 3118 2383 3181 δεσπόται,
2418 3113 2686 3185 ἡγεμόνος
2713 3111 2757 3164 δ’
2785 3106 2941 3171 αὖθις
2979 3106 3235 3169 εὐσεϐοῦς
3259 3104 3680 3175 καθισταμένου,

2108 3211 2205 3263 καὶ
2230 3209 2339 3262 τῶν
2362 3192 2627 3261 ¹ἐναντίων
2673 3199 2829 3263 αὖθις
2869 3201 3195 3271 ὑπερτέροις
3236 3196 3483 3267 γίνεσθαι
3521 3195 3682 3249 tulli-

2107 3318 2292 3356 στατο.
2339 3300 2444 3353 Καὶ
2473 3299 2562 3351 ἵνα
2605 3296 2732 3358 τοὺς
2775 3294 2942 3346 πάλαι
3005 3292 3413 3361 καταλίπωμεν,
3442 3291 3542 3363 ὅρα
3589 3308 3683 3359 μοι

2108 3395 2513 3449 Κωνσταντίνον
2551 3390 2643 3442 τὸν
2695 3390 2865 3457 μέγαν
2922 3388 2980 3440 ἐν
3030 3384 3363 3456 βασιλεῦσιν,
3401 3377 3444 3451 ᾧ
3482 3383 3542 3435 τὸ
3576 3399 3687 3434 τ-ν

2104 3484 2475 3556 ιζευδωνόμων
2510 3481 2671 3543 σέϐας
2709 3481 2788 3543 εἰς
2817 3480 2908 3532 τόν
2941 3477 3115 3548 ἀληθῆ
3139 3477 3518 3546 μετενεγκόντι
3548 3473 3686 3527 Θεὸν

2106 3578 2355 3639 πλείονος
2390 3574 2593 3645 ἧκατά
2626 3572 2836 3632 πάντας
2883 3571 3010 3625 τοὺς
3063 3568 3171 3640 πρὸ
3221 3567 3385 3621 αὐτοῦ
3426 3566 3681 3637 βασιλέας

2108 3666 2273 3735 ἄρξαι
2322 3667 2513 3732 γέγονε
2555 3661 2679 3731 γῆς.
2734 3660 2892 3714 Ἀλλά
2929 3659 3040 3721 τοῖς
3103 3656 3221 3727 μετ’
3267 3658 3474 3711 ἐκεῖνον
3514 3655 3680 3717 εὐθὺς

2108 3756 2305 3829 ἄρξασί
2358 3772 2418 3809 τε
2466 3754 2559 3806 καὶ
2609 3751 2935 3823 ἀρξαμένοις
2973 3750 3072 3811 τὰς
3122 3749 3365 3819 αἱρέσεις
3405 3748 3543 3801 κατά
3570 3748 3679 3801 τῶν

2110 3851 2270 3905 θείων
2325 3847 2612 3916 δογμάτων
2662 3845 2906 3911 εἰσάγειν
2960 3844 3059 3912 τῆς
3107 3840 3362 3904 πίστεως,
3416 3840 3507 3893 καὶ
3547 3840 3682 3892 Θεὸν

2109 3943 2389 4012 ἐπιορκεῖν
2432 3939 2491 3995 ὃν
2541 3938 2729 4006 ἄκροις
2774 3935 3011 4003 ἔφασκον
3053 3933 3236 3985 σέϐειν
3276 3934 3387 3994 τοῖς
3423 3932 3681 4001 χείλεσιν,

2109 4035 2273 4097 εὐθὺς
2327 4033 2421 4085 καὶ
2467 4030 2529 4082 τὸ
2571 4029 2669 4099 τῆς
2723 4026 2898 4096 ἀρχῆς
2934 4024 3147 4093 ἐκείνης
3189 4023 3294 4077 ὑπὸ
3322 4025 3429 4078 τῶν
3467 4022 3681 4093 ἐχθρῶν

2108 4126 2294 4197 ἡρέμα
2340 4124 2431 4180 καὶ
2476 4120 2620 4177 κατά
2671 4119 2864 4190 μικρὸν
2897 4117 3223 4189 ζημιοῦσθαι
3267 4118 3547 4171 συνέϐαινε
3581 4116 3683 4186 μέ-

2111 4219 2294 4287 γεθος.

2184 4308 2285 4368 lZ'.
2326 4308 2469 4365 Ἀλλ’
2505 4309 2532 4365 ό
2566 4306 2774 4378 μακρΞ-ς
2814 4304 3078 4373 ἐπιλείψει
3106 4320 3174 4373 με
3211 4301 3401 4373 χρόνος
3433 4300 3685 4356 παλαιῶν

2113 4419 2173 4455 τε
2200 4403 2295 4456 καὶ
2325 4401 2461 4456 νέων
2502 4400 2915 4468 ὑποδειγμάτων
2943 4395 3253 4467 μεμνῆσθαι
3283 4395 3416 4464 πρὸς
3447 4394 3546 4462 τὴν
3573 4394 3688 4447 τῶν

441 4490 874 4545 conﬁrmandam
937 4488 1183 4557 proferre
1236 4487 1474 4552 vellem,
1533 4485 1585 4541 id
1639 4486 1786 4555 quod
1843 4485 2006 4541 etiam

2115 4495 2420 4566 εἰρημένων
2465 4493 2721 4566 ἀλήθειαν
2777 4491 3021 4545 θέλοντα.
3053 4488 3225 4541 Τοῦτο
3256 4486 3300 4540 δ’
3336 4487 3396 4540 οὐ
3448 4490 3590 4540 πάνυ
3630 4504 3686 4539 τι

443 4584 602 4651 plane
628 4578 969 4636 ab'bistorite
996 4579 1347 4649 simplicitate
1372 4578 1608 4630 alienum
1634 4587 1799 4632 esset.
1831 4577 2008 4642 Quare

442 4673 547 4728 hoc
574 4681 791 4729 tantum
820 4672 985 4725 dictis
1006 4670 1203 4724 addam
1236 4668 1567 4737 dicendique
1598 4670 1758 4722 ﬁnem
1791 4669 2006 4722 faciam.

441 4767 791 4835 Cognoscere
823 4763 970 4815 enim
1025 4763 1250 4823 studes,
1286 4760 1561 4831 quomodo
1592 4760 1717 4825 ﬁat,
1754 4771 1847 4823 ut,
1882 4776 2007 4818 cum

444 4860 850 4928 imperatores,
887 4854 1143 4924 quamvis
1190 4854 1454 4910 continuo
1498 4854 1865 4923 improbitatis
1906 4869 2007 4908 an—

439 4961 624 5003 ctorcs
652 4946 802 5009 siuti,
836 4945 1063 5001 tninima
1100 4953 1279 5001 tamen
1313 4946 1452 4999 mala
1485 4944 1757 5000 interdum
1794 4945 2007 5013 patian—

443 5050 555 5104 tur,
590 5037 826 5107 subjecti
859 5035 928 5089 iis
960 5035 1213 5093 homines
1244 5035 1647 5104 multiplicibus
1688 5036 2011 5093 calamitati-

447 5132 555 5185 bus
582 5127 1145 5192 conﬂictentur,licct
1175 5142 1394 5197 parvam
1419 5127 1650 5184 fortasse
1682 5137 1773 5186 aut
1804 5128 2010 5185 nullam

443 5225 608 5278 aliam
656 5222 874 5292 culpam
924 5220 1251 5286 attulerint,
1289 5220 1391 5275 nisi
1429 5221 1575 5289 quod
1611 5223 1817 5275 conscii
1854 5229 2013 5276 erant

446 5327 502 5370 ct
533 5322 681 5368 metu
718 5315 895 5370 coacti
927 5312 1067 5369 socii
1100 5313 1497 5382 improbitatis.
1548 5313 1613 5371 Ut
1653 5315 1819 5381 igitur
1853 5314 2011 5368 inuiti

446 5418 696 5461 ceterum
736 5405 1003 5461 librormn
1055 5407 1372 5476 adiumenta
1406 5422 1512 5460 non
1543 5406 1738 5475 exigua
1783 5407 1848 5460 ad
1895 5409 2013 5477 ejus

448 5499 530 5552 rei
588 5498 957 5569 cognitionem
1025 5500 1187 5555 nobis
1245 5499 1550 5552 attulerunt
1609 5507 1657 5552 et
1723 5500 1985 5555 diuturna

450 5600 639 5648 nostra
684 5589 841 5659 105
882 5592 1220 5661 experientia
1276 5602 1557 5662 utcunque
1612 5607 1710 5644 nos
1753 5592 2013 5653 edocuit,

451 5683 713 5739 Domitius
762 5683 829 5735 iis
874 5683 1252 5752 principibus,
1285 5684 1378 5752 qtti
1431 5700 1538 5739 non
1587 5684 1735 5739 Omni
1768 5702 1831 5738 ex
1864 5695 2017 5755 parte

453 5787 673 5831 causam
722 5782 886 5846 atque
934 5772 1215 5831 licentiam
1271 5775 1646 5845 improbitatis
1700 5776 1969 5833 dederunt
1999 5818 2013 5841 ,

2115 4558 2419 4658 συγχωρεῖν
2459 4558 2566 4654 τὴν.
2587 4558 2969 4653 τῆςἾστορίας
2994 4581 3294 4649 ἁπλότητα.
3328 4580 3421 4631 Διὸ
3444 4582 3554 4641 τοῖς
3587 4581 3687 4648 ρη-

2114 4682 2285 4735 θεῖσιν
2332 4682 2508 4735 ἐκεῖνο
2542 4679 2703 4747 μόνον
2733 4675 2991 4746 προσθεὶς
3033 4672 3440 4740 ἀπαλλάξομαι.
3477 4670 3689 4724 Μαθεῖν

2113 4773 2221 4844 γὰρ
2250 4773 2538 4841 ὲζητήκεις
2568 4770 2661 4822 καὶ
2699 4769 2848 4829 ὅπως
2888 4767 2996 4819 τῶν
3028 4764 3310 4835 προσεχῶς
3341 4763 3437 4831 τῆς
3487 4762 3687 4823 κακίας

2113 4864 2303 4921 αἰτίων
2349 4861 2627 4931 ἀρχόντων
2670 4859 2871 4929 ἥκιστα
2909 4858 3231 4926 πασχόντων
3281 4853 3476 4916 ἐνίοτε,
3525 4851 3685 4921 μόνον
3776 4884 3779 4885 ν

2113 4954 2473 5024 πολυτρόποις
2520 4953 2830 5007 δαπανᾶται
2869 4951 3067 5003 πάθεσι
3094 4949 3155 5001 τὸ
3183 4946 3446 5015 ὑπήκοον,
3482 4942 3685 5013 μικρὰν

2117 5042 2245 5106 ἴσως
2269 5042 2301 5113 ἦ
2339 5041 2608 5115 μηδεμίαν
2634 5040 2826 5109 ἑτέραν
2851 5036 3400 5103 συνεισενεγκάμενον
3427 5032 3486 5083 τὸ
3508 5030 3688 5098 παρά-

2114 5152 2221 5191 παν
2274 5132 2416 5203 πλὴν
2467 5130 2560 5191 τοῦ
2615 5130 2913 5187 συνειδέναι
2962 5127 3054 5180 καὶ
3112 5124 3561 5194 συμπαρανομεῖν
3598 5119 3687 5170 διὰ

2116 5226 2301 5295 φόϐον.
2329 5224 2588 5279 Φαίνεται
2628 5224 2810 5275 τοίνυν
2841 5220 2913 5283 ῶς
2949 5236 3012 5286 γε
3042 5219 3152 5272 τῶν
3194 5216 3362 5270 πάλαι
3391 5213 3589 5283 βίϐλων
3630 5212 3686 5262 αἱ

2117 5318 2335 5377 πλείους
2373 5315 2434 5368 οὐ
2471 5313 2672 5384 μικρὰς
2706 5312 2944 5371 συνιέναι
2975 5311 3246 5377 παρέσχον
3276 5305 3374 5367 τὰς
3408 5302 3685 5373 ἀφορμὰς,

2117 5409 2212 5467 καὶ
2244 5405 2361 5477 ἅμα
2391 5406 2424 5475 ἡ
2481 5405 2692 5475 χρόνιος
2742 5404 2902 5472 ὴμῶν
2948 5401 3096 5461 ὅπως
3132 5398 3262 5455 ποτὲ
3299 5396 3557 5450 πέπεικεν
3591 5399 3689 5460 ἐμ-

2120 5498 2326 5568 πειρία,
2349 5498 2422 5559 ὼς
2444 5490 2523 5559 οἷς
2550 5495 2657 5550 τῶν
2688 5494 2969 5563 ἡγεμόνων
3000 5494 3137 5561 μήτε
3168 5491 3274 5544 πᾶν
3298 5488 3359 5540 τὸ
3382 5488 3476 5553 τῆς
3508 5486 3686 5546 αἰτίας

2115 5591 2375 5660 ἄντικρυς
2407 5589 2615 5643 ἀνεῖται
2647 5589 2703 5648 ἐς
2744 5587 2943 5638 κακίαν
2966 5583 3266 5647 ἐνδόσιμον,
3303 5580 3423 5641 ταῖς
3451 5594 3509 5629 τε
3546 5594 3686 5643 συμ-

2118 5685 2315 5755 φοραῖς
2352 5684 2462 5735 τῶν
2494 5680 2751 5749 ὑπηκόων
2781 5675 3151 5748 κηδεμονικῶς
3190 5671 3599 5741 καμπτομένους
3631 5669 3689 5718 ἐν

2120 5776 2447 5832 ταπεινώσει
2495 5774 2707 5843 γίνεται
2765 5771 2991 5842 καρδίας
3040 5768 3249 5829 τούτοις
3307 5760 3687 5821 ἐπικαλεῖσθαι
