4088 6470
331 341 404 406 89
1292 343 1747 405 BYZANTINIE
1791 344 2186 405 IllSTORLE
2226 347 2372 408 LIB.
2410 349 2627 429 .XXVI.
3521 349 3597 413 90

332 459 424 513 τὸν
466 456 698 527 Κύριον,
734 453 959 518 τούτους
1010 454 1279 525 δήπουθεν
1334 457 1625 529 οἰκτείρων
1668 458 1923 511 ἐνταυθοῖ

2038 460 2439 516 calamitatibus
2469 472 2651 516 autent
2695 460 3073 533 subjectorum
3108 460 3349 517 sollicite
3379 459 3501 513 ﬂexi
3536 459 3594 512 in

336 548 479 603 κατὰ
515 549 576 601 τὸ
605 546 702 617 τῆς
738 547 921 611 αἰτίας
953 546 1138 601 δίδωσι
1171 549 1402 619 πάσχειν
1430 550 1717 617 ἀνάλογον,
1755 548 1823 602 ἶν’
1855 551 1914 612 ἐς

332 640 395 693 τό
426 640 617 712 μέλλον
652 642 756 711 σχῇ
787 640 1124 711 κουφοτέραν
1155 640 1254 709 τὴν
1284 640 1532 695 κόλασιν.
1568 641 1630 693 Ei
1659 640 1702 693 δ’
1738 642 1914 703 αίτιος

244 800 249 803 μ
339 734 443 801 μὲν
472 734 571 803 τῆς
601 733 729 801 ὅλης
750 733 852 802 ,εἰη
891 734 1088 795 κακίας
1138 732 1394 797 καθάπαξ
1437 733 1622 795 αὐτὸς.
1656 732 1726 787 δι’
1760 733 1827 802 ἢν
1855 732 1915 794 ἐς

340 824 549 894 φθοράν
593 822 855 894 ὁλοσχερῆ
903 824 964 876 τὸ
1014 824 1255 894 ὑπήκοον
1309 823 1701 893 καταφέρεται,
1744 819 1915 874 ἔπειτ’

342 916 502 980 αὐτὸς
526 914 829 986 ἀνάλγητός
852 932 910 969 τε
943 918 1121 986 μένων
1149 919 1242 970 καὶ
1264 917 1465 987 ἥκιστα
1489 918 1608 977 ταῖς
1634 914 1915 976 τοιαύταις

343 1009 652 1077 συμφοραῖς
690 1008 829 1078 μήτε
867 1008 1277 1077 καμπτόμενος,
1326 1009 1465 1079 μήτε
1507 1009 1614 1079 μὴν
1653 1008 1761 1060 οὐδ’
1788 1009 1918 1077 άχρι

340 1098 436 1149 τοῦ
492 1098 821 1167 φαινομένου
879 1098 1233 1168 συμπάσχειν
1284 1100 1562 1169 ὁρώμενος
1616 1098 1914 1169 σχήματος,

345 1189 532 1241 ἔπειτα
560 1188 772 1260 μακρὸν
804 1189 864 1256 εξ
893 1190 1147 1252 ἀπονοίας
1183 1190 1277 1242 καὶ
1302 1190 1471 1259 τῦφον
1500 1192 1558 1242 ἐν
1589 1191 1734 1261 ψυχῇ
1764 1207 1921 1260 περι-

348 1283 560 1344 ίὶόιὶπει,
590 1281 868 1350 δικαίωμα
901 1277 998 1336 τοῦ
1031 1284 1106 1352 μὴ
1134 1281 1297 1353 δῆθεν
1337 1283 1503 1336 αὐτὸν
1547 1282 1815 1352 ἁμαρτεῖν
1856 1280 1920 1333 τὸ

348 1375 425 1445 μὴ
462 1376 694 1444 πάσχειν
723 1375 992 1445 οἰόμενος,
1041 1375 1219 1444 τούτῳ
1242 1373 1462 1438 ’πάντας
1495 1377 1611 1428 ἐκεῖ
1654 1375 1775 1435 τοὺς
1820 1375 1917 1443 τῆς

342 1468 497 1536 δίκης
517 1466 787 1537 λαμπρῶς
806 1466 1058 1537 ταμιεύει
1087 1467 1430 1537 πρηστῆρας.
1462 1466 1614 1537 Μηδὲ
1637 1466 1745 1535 γὰρ
1779 1461 1919 1518 εἶναι

343 1561 443 1629 τὴν
470 1558 704 1614 ἐνταῦθα
747 1558 969 1613 κόλασιν
1005 1559 1338 1631 ἀποχρῶσαν
1365 1558 1508 1612 οὕτω
1542 1558 1799 1628 μεγάλοις
1824 1558 1922 1610 καὶ

347 1652 833 1722 παρανομωτάτοις
863 1651 1200 1721 πταίσμασιν
1231 1650 1507 1713 ἀσεϐείας,
1536 1643 1605 1721 ἦς
1641 1650 1739 1710 τὰς
1763 1648 1921 1710 δίκας

347 1743 505 1806 αὐτός
538 1742 589 1795 θ’
616 1744 758 1813 ὑπὲρ
784 1742 982 1796 ἑαυτοῦ
1010 1742 1349 1811 ὀφλισκάνει,
1383 1742 1479 1794 καὶ
1510 1741 1628 1810 ἅμα
1660 1740 1800 1811 ὑπὲρ
1822 1735 1921 1794 τοῦ

345 1835 455 1889 τῶν
489 1835 745 1904 ὑπηκόων
786 1834 855 1889 δι’
896 1836 1059 1888 αὐτὸν
1104 1835 1445 1897 ἀπολωλότος
1481 1834 1721 1904 πλήθους
1748 1848 1761 1862 ’
1799 1849 1919 1886 ποιο

351 1929 510 1998 μένος
554 1929 664 1998 γάρ
695 1928 1093 1998 ἀνειλημμένος
1142 1929 1331 1995 τόπον,
1388 1929 1462 1999 μὴ
1523 1927 1684 1997 μόνον
1724 1925 1785 1978 ού
1824 1941 1920 1977 πε-

348 2022 569 2090 ππίηται
589 2021 689 2089 τὴν
710 2022 1094 2091 ἁρμόττουσαν
1122 2020 1199 2090 τῷ
1221 2020 1459 2090 ποιμνίῳ
1490 2018 1770 2089 πρόνοιαν,
1788 2015 1923 2070 ἁλλά

349 2114 448 2166 καὶ
483 2112 688 2182 φθορᾶς
721 2110 868 2181 αὐτῷ
903 2108 1510 2181 προσεπεδαψιλεύσατο
1541 2108 1796 2177 τρόπους,
1826 2105 1922 2157 λύ-

351 2223 446 2268 κος
480 2205 599 2260 ἀντὶ
636 2204 943 2276 προστάτου
983 2204 1077 2257 καὶ
1108 2202 1368 2271 ποιμένος
1422 2202 1634 2272 φανείς.
1691 2202 1924 2253 Ἔπειτα

352 2295 459 2349 οὐδ’
485 2297 617 2367 ἡμῖν
646 2295 953 2367 ἀνθρώποις
973 2289 1124 2349 οὖσιν
1144 2294 1354 2347 ἀνεῖται
1382 2297 1481 2362 τὴν
1511 2293 1568 2345 ὲν
1594 2292 1926 2358 ὁπουδηποτ-

355 2389 451 2443 οῦν
500 2390 684 2459 ἐτέρου
736 2389 1125 2459 κρυπτομένην
1167 2385 1228 2459 li.
1262 2385 1362 2439 120
1392 2383 1444 2457 b]
1480 2383 1679 2454 καρδίᾳ
1728 2381 1926 2436 κακίαν

358 2486 389 2555 ἢ
422 2481 618 2555 ἀρετὴν
652 2481 791 2552 πλὴν
817 2482 943 2535 ὅσον
985 2482 1050 2535 ὲκ
1078 2479 1188 2532 τῶν
1236 2478 1437 2543 ἔξωθεν
1489 2474 1788 2546 σχημάτων
1832 2474 1927 2526 καὶ

353 2578 662 2649 χρωμάτων
704 2574 799 2630 τοῦ
850 2591 912 2629 τε
961 2574 1129 2643 ἧθους
1180 2575 1275 2627 καὶ
1322 2572 1431 2625 τῶν
1469 2570 1647 2637 λόγων
1681 2566 1928 2630 εἰκασίας

356 2665 625 2738 θηρᾶσθαι
666 2683 819 2729 τινας
861 2663 1141 2735 ἀμυδρῶς.
1184 2661 1375 2732 Γνοίης
1404 2659 1449 2713 δ’
1484 2654 1577 2712 οὖν
1615 2657 1766 2727 ὁμῶς
1796 2656 1929 2708 κάνο

356 2759 565 2825 τεῦθεν,
616 2759 666 2812 εί
714 2759 780 2813 τὰ
842 2758 1013 2812 πλείω
1064 2756 1155 2810 διὰ
1205 2752 1502 2821 συντομίαν
1553 2750 1649 2804 καὶ
1703 2745 1932 2801 τουτωνὶ

360 2852 623 2923 παρέντες
644 2850 737 2905 τοῦ
762 2850 1022 2922 ἄρχοντος
1046 2846 1412 2915 διεξέλθοιμεν
1434 2843 1571 2897 ἔνια.
1602 2842 1798 2896 Ἔσται
1822 2839 1932 2909 γάρ

357 2949 424 2998 ἐκ
449 2946 555 2998 τῶν
590 2942 789 3009 ἔξωθεν
820 2940 1065 3013 σημείων
1090 2943 1369 3009 γνώριμος
1396 2936 1509 2997 τοίς
1550 2930 1933 2999 συνετωτέροις

362 3040 456 3090 καὶ
492 3034 706 3090 τουτουῖ
743 3037 841 3106 τῆς
869 3033 1048 3104 ψυχῆς
1077 3034 1110 3103 ὴ
1142 3031 1407 3093 διάθεσις,
1436 3026 1529 3079 καὶ
1555 3025 1631 3087 ὡς
1668 3019 1936 3093 σφαλεραὶ

2022 555 2407 611 humiliatione
2453 557 2638 611 cordis
2685 572 2815 611 eum
2876 556 3171 618 invocant,
3225 569 3325 623 pro
3346 570 3361 583 π
3380 553 3595 606 ratione

2019 664 2201 703 causa:
2230 648 2613 704 misericordia
2651 665 2845 703 eorum
2882 656 3166 716 permotus
3195 645 3471 714 supplicia
3506 644 3598 697 hic
3652 684 3658 689 .

2021 741 2271 811 inﬂigere
2323 743 2568 808 videtur,
2622 758 2732 811 quo
2778 739 3181 809 expeditiorem
3237 739 3291 791 in
3345 736 3595 790 futurum

2019 835 2221 891 habeat
2251 835 2693 903 castigationem.
2731 832 2826 886 Sin
2865 842 3048 884 autem
3088 830 3378 902 princeps,
3417 842 3598 897 quan-

2018 944 2189 997 quam
2232 929 2417 981 omnis
2459 926 2861 996 improbitatis,
2896 940 3003 994 qua
3040 922 3106 978 ad
3152 922 3367 991 planam
3410 921 3598 989 perni-

2023 1019 2163 1074 ciem
2198 1019 2430 1089 subjecti
2467 1019 2871 1079 detruduntur,
2906 1016 3059 1073 solus
3100 1028 3292 1071 auctor
3329 1028 3449 1077 est,
3486 1030 3595 1068 nott

2018 1112 2187 1167 modo
2227 1113 2439 1164 misene
2472 1120 2528 1164 et
2562 1112 2776 1165 amicta:
2810 1128 3005 1166 eorum
3045 1113 3280 1164 tortttna'
3314 1109 3597 1164 duriorem

2020 1218 2079 1257 se
2125 1203 2333 1272 praebet
2376 1219 2555 1271 neque
2604 1203 2844 1272 speciem
2893 1202 3117 1272 quidem
3162 1217 3256 1255 eos
3301 1198 3601 1254 commisc-

2022 1296 2194 1349 rantis
2246 1310 2358 1364 prae
2389 1309 2447 1348 se
2484 1295 2627 1358 fert,
2675 1311 2869 1348 verum
2919 1294 3085 1348 etiam
3136 1294 3335 1345 fastum
3389 1306 3455 1343 ex
3502 1288 3602 1341 dc-

2019 1388 2226 1441 mentia
2258 1388 2360 1443 sibi
2387 1388 2557 1442 sumit
2582 1388 2907 1449 arbitratus,
2942 1386 2992 1440 id
3019 1383 3338 1439 testimonio
3363 1397 3511 1442 esse,
3539 1392 3599 1431 se

2026 1498 2135 1536 non
2173 1497 2467 1552 peccasse,
2502 1479 2647 1549 quod
2684 1483 2799 1550 ipse
2831 1482 2883 1533 in
2915 1478 3175 1532 adversas
3211 1490 3297 1529 res
3324 1490 3433 1527 non
3467 1472 3604 1525 inci-

2021 1574 2152 1639 dat,
2185 1574 2315 1628 huic
2352 1588 2543 1629 omnes
2584 1573 2695 1627 illic
2746 1573 2996 1626 turbines
3035 1571 3227 1638 igneos
3279 1566 3346 1622 ad
3382 1579 3601 1634 pinnam

2021 1675 2287 1721 reservat.
2310 1667 2430 1722 Non
2457 1667 2603 1721 enim
2634 1664 2835 1719 suilicit
2855 1663 3210 1734 supplicium,
3235 1658 3382 1728 qttod
3405 1657 3496 1711 hic
3518 1655 3604 1707 in-

2024 1759 2131 1828 ﬂigi
2161 1759 2353 1828 possit.
2388 1768 2496 1812 tam
2528 1757 2737 1827 magnis
2761 1766 2924 1824 atque
2942 1753 3242 1809 audacibus
3270 1747 3604 1811 sceleribus,

2024 1866 2262 1920 quorum
2292 1866 2482 1921 pinnas
2507 1858 2733 1918 propter
2761 1863 2819 1901 se
2838 1847 2998 1900 debet
3024 1852 3321 1913 etpropler
3358 1838 3608 1894 multitu-

2025 1944 2210 1998 dinem
2237 1944 2609 2014 subjectorum
2635 1956 2733 1994 sua
2764 1940 2922 2007 culpa
2950 1938 3448 2014 pessumdatorum.
3473 1930 3604 1986 Olli-

2022 2035 2167 2088 cium
2196 2034 2341 2086 enim
2376 2032 2613 2099 pastoris
2647 2029 2875 2083 sortitus
2909 2042 3017 2081 non
3052 2026 3227 2079 solum
3264 2038 3375 2076 non
3409 2019 3604 2074 habuit

2022 2142 2212 2183 curam
2235 2126 2382 2197 gregi
2405 2124 2854 2187 convenientem,
2882 2136 3072 2174 verum
3104 2117 3270 2172 etiam
3297 2116 3600 2186 perniciem

2023 2220 2074 2273 ei
2127 2217 2352 2289 profuse
2403 2218 2625 2279 attulit,
2682 2224 2742 2269 ut
2772 2230 2882 2267 non
2925 2212 3220 2280 prtefectus
3271 2211 3392 2279 ejus
3437 2210 3605 2276 atque

2027 2321 2240 2381 pastor,
2273 2311 2366 2365 sed
2401 2311 2566 2379 lupus
2598 2310 2899 2364 videretur.
2943 2306 3139 2361 Verum
3175 2303 3338 2356 nobis
3366 2301 3607 2355 homini-

2030 2404 2135 2458 bus
2183 2402 2596 2472 improbitatem
2628 2411 2721 2455 aut
2773 2401 3034 2453 virtutem
3069 2396 3124 2451 in
3156 2394 3387 2448 alterius
3420 2393 3606 2460 cujus-

2030 2511 2246 2564 cunque
2280 2496 2446 2549 corde
2493 2492 2832 2550 reconditam
2879 2490 3150 2544 duntaxat
3192 2487 3464 2540 hactenus
3515 2498 3609 2537 co-

2030 2604 2296 2659 gnoscere
2345 2587 2512 2652 licet,
2543 2594 2606 2641 ut
2633 2602 2699 2640 ex
2732 2594 2963 2640 externo
3004 2581 3199 2636 habitu
3243 2595 3307 2634 ac
3358 2576 3611 2633 moribus

2031 2683 2326 2751 verbisque
2346 2681 2581 2735 obscura
2605 2680 2853 2750 quaedam
2879 2677 3083 2732 indicia
3107 2671 3607 2743 deprehendamus.

2032 2775 2288 2828 Attamen
2333 2772 2419 2827 vel
2461 2787 2526 2826 ex
2558 2771 2647 2825 his
2679 2769 2840 2839 106
2868 2780 3171 2836 cognosces
3192 2802 3207 2826 ,
3241 2764 3325 2825 si,
3359 2761 3613 2831 complu-

2035 2864 2193 2919 ribus
2234 2862 2524 2919 brevitatis
2559 2876 2722 2917 cansa
2756 2857 3178 2930 praeterndssis,
3208 2856 3379 2909 etiam
3412 2853 3609 2906 harum

2035 2969 2222 3009 rerum
2254 2954 2553 3009 nonnullas
2582 2951 2851 3022 quasdam
2880 2951 2948 3004 de
2993 2947 3328 3014 imperatore
3371 2957 3615 2997 comme-

2038 3045 2403 3101 morabimus.
2455 3042 2761 3114 Perspiciet
2807 3041 2955 3096 enim
3003 3036 3332 3110 prudentior
3376 3033 3614 3103 quisque

362 3130 463 3200 μὲν
498 3127 628 3197 περὶ
663 3128 798 3181 Θεοῦ
840 3128 904 3196 τῇ
945 3125 1140 3179 τούτου
1175 3121 1373 3193 καρδίᾳ
1415 3115 1818 3187 θαλαμεύονται
1846 3113 1933 3165 ἐν·

2038 3152 2105 3193 ex
2136 3136 2383 3191 externis
2412 3113 2742 3207 quibusdam
2776 3132 2984 3203 signis,
3018 3130 3113 3201 qui
3144 3128 3216 3183 sit
3246 3126 3415 3181 animi
3452 3124 3615 3179 istius

360 3239 524 3289 νοιαι,
560 3222 653 3276 καὶ
678 3221 910 3290 κηλίδων
931 3220 993 3273 οὐ
1022 3218 1148 3289 μάλ’
1176 3217 1343 3281 ἀξίων
1379 3214 1493 3276 τοῖς
1522 3212 1621 3282 τῆς
1651 3206 1935 3266 εὐσεόείας

358 3316 586 3383 δὸγμασι
616 3313 677 3367 τὸ
703 3312 1054 3382 λογιζόμενον
1091 3307 1434 3380 ἐμπίπλαται
1464 3305 1565 3373 τῆς
1593 3302 1795 3373 ψυχῆς.
1824 3298 1936 3354 Kal.

359 3407 503 3461 τοῦτ’
546 3407 612 3459 ἂν
666 3405 750 3475 εἴη
801 3404 894 3457 τοῦ
954 3403 1121 3474 μηδὲν
1170 3399 1279 3454 τῶν
1331 3397 1481 3468 αὐτῷ
1544 3394 1936 3467 πραττομένων

361 3501 679 3559 εὖοδοῦσθαι
720 3502 781 3554 τὸ
822 3500 1019 3569 αἴτιον,
1072 3497 1257 3568 ἥκιστ’
1300 3493 1631 3565 ἀνεχομένου
1677 3488 1814 3543 Θεοῦ
1862 3485 1939 3558 μὴ

364 3595 673 3665 θεατρίζειν
704 3594 803 3666 τὴν
847 3595 906 3646 ὲν
950 3593 1063 3654 τοῖς
1108 3589 1206 3659 τῆς
1254 3586 1484 3657 καρδίας
1530 3583 1799 3652 θαλάμοις
1847 3595 1941 3632 κε-

365 3690 685 3760 κρυμμένην
708 3686 907 3741 κακίαν
925 3685 1014 3741 διὰ
1035 3683 1145 3739 τῶν
1171 3681 1370 3745 ἔξωθεν
1396 3678 1759 3750 πραγμάτων.
1784 3674 1940 3744 Ἔχει

364 3784 421 3838 bi
450 3781 641 3845 οὕτως.

411 3962 543 4041 ω’.
558 3965 619 4020 '0
654 3964 915 4025 Πισσαϊος
938 3960 1227 4025 Νικόλαος,
1257 3958 1286 4011 ὁ
1303 3955 1414 4008 τῶν
1437 3946 1942 4021 τεσσαρεσκαίδεκα

369 4057 674 4110 Βενετικῶν
707 4056 846 4110 νεῶν
873 4054 1147 4125 ναύαρχος
1169 4050 1417 4114 ἐκείνων,
1453 4046 1522 4109 ἀς
1562 4059 1775 4098 καταπε
1788 4043 1946 4093 πλευ-

371 4150 522 4203 κέναι
551 4150 777 4216 πέρυσιν
817 4146 1029 4214 ἔφαμεν
1061 4141 1206 4197 κατά
1231 4141 1326 4195 τοῦ
1352 4134 1752 4204 Γαλατωνύμου
1780 4147 1946 4202 φρου-

374 4242 514 4311 ρίου,
542 4239 729 4310 ὲπειδὴ
766 4239 855 4291 καὶ
887 4237 1119 4309 βασιλέα
1167 4234 1461 4304 σύμμαχον
1499 4230 1656 4284 λάϐοι
1690 4226 1786 4280 καὶ
1811 4226 1944 4295 ὀμόο

373 4349 545 4401 φρονα
570 4333 681 4391 τοῖς
712 4329 1015 4391 Βενετικοίς
1050 4326 1195 4380 κατὰ
1222 4320 1718 4384 τῶνΓεννουῖτῶν,
1747 4320 1946 4389 ὅρκους

374 4396 663 4496 φρικώδεις
704 4425 831 4487 δοὺς
885 4426 980 4477 καὶ
1035 4420 1241 4487 λαϐὼν,
1274 4417 1447 4473 ἔπειτ’
1479 4417 1640 4479 αὐτὸς
1676 4396 1781 4484 μὲν
1825 4412 1947 4474 ὅλος

2039 3230 2301 3295 habitus,
2346 3245 2514 3300 quam
2555 3228 2784 3282 fallaces
2825 3226 2894 3280 de
2939 3224 3051 3278 Deo
3098 3221 3393 3292 opiniones
3434 3218 3486 3272 in
3520 3232 3614 3285 pe-

2038 3333 2193 3380 ctore
2241 3323 2530 3377 occultata:
2579 3320 2726 3382 sint,
2777 3316 3002 3388 quantis
3054 3312 3314 3371 sordibus
3345 3307 3618 3378 dogmatis

2039 3430 2187 3470 verte
2216 3413 2509 3485 religionis
2534 3411 2681 3467 haud
2708 3426 2841 3467 sane
2872 3408 3054 3480 dignis
3085 3421 3241 3460 tuens
3268 3403 3489 3472 oppleta
3524 3400 3617 3453 sit.

2041 3508 2159 3563 Hoc
2194 3507 2365 3561 etiam
2413 3506 2468 3560 in
2512 3519 2679 3559 causa
2727 3508 2853 3567 est,
2884 3516 2985 3556 cur
3030 3496 3168 3553 nihil
3213 3508 3445 3558 eorum,
3496 3505 3619 3561 quae

2042 3599 2318 3669 suscipit,
2351 3611 2617 3669 prospere
2648 3594 2698 3650 ei
2730 3590 3038 3655 succedat;
3085 3588 3232 3641 Deus
3276 3584 3425 3639 enim
3478 3596 3506 3633 a
3560 3595 3619 3633 se

2041 3696 2342 3763 impetrare
2372 3705 2481 3744 non
2512 3694 2724 3758 potest,
2754 3684 2887 3755 quin
2915 3679 3328 3750 improbitatem
3357 3675 3412 3727 in
3442 3669 3619 3727 animi

2042 3785 2278 3843 latebris
2321 3783 2595 3839 occultam
2641 3779 2806 3835 etiam
2848 3776 3016 3831 rebus
3060 3770 3307 3827 externis
3337 3766 3622 3839 propalam

2044 3885 2102 3932 et
2132 3876 2188 3930 in
2220 3882 2477 3944 promptu
2508 3879 2696 3941 ponat.
2732 3870 2841 3924 lies
2874 3882 3005 3922 rcro
3033 3866 3103 3919 ita
3139 3864 3328 3918 habet.

2112 3967 2376 4022 Nicolaus
2419 3966 2675 4028 Pisanus,
2716 3961 3012 4031 prmtectus
3070 3955 3297 4011 navium
3355 3959 3623 4021 quatuor.

2045 4059 2225 4115 decim
2257 4056 2615 4120 Venetarum,
2651 4068 2791 4124 quas
2817 4068 2962 4106 anno
3007 4048 3293 4120 superiore
3327 4044 3381 4098 in
3428 4039 3629 4096 castel-

2047 4151 2161 4205 lum
2194 4148 2401 4204 Galatae
2457 4145 2748 4217 navigasse
2794 4141 3058 4204 diximus,
3108 4152 3235 4193 cum
3293 4137 3630 4205 imperatore

2048 4258 2272 4316 quoque
2302 4242 2456 4303 socio
2484 4249 2677 4296 contra
2700 4238 3027 4294 Genuenses
3062 4234 3383 4300 adsumpto,
3440 4227 3631 4282 borri-

2048 4339 2146 4394 bili
2180 4336 2543 4410 jurejurando
2604 4333 2735 4388 dato
2792 4341 2959 4401 atque
2998 4336 3247 4398 accepto,
3302 4334 3452 4378 totus
3484 4328 3633 4376 esset

2051 4432 2105 4486 in
2138 4430 2308 4485 rebus
2332 4426 2667 4483 instantibus
2695 4424 2972 4495 gerendis.
3008 4422 3402 4492 imperatorem
3445 4424 3630 4470 autem

372 4521 480 4571 τῶν
502 4518 817 4573 ινεστώτων
847 4515 1154 4589 τηνικαῦτα
1192 4515 1478 4582 γινόμενος
1521 4510 1699 4580 ἔργων
1730 4506 1823 4559 τὸν
1849 4505 1933 4571 βα·

2052 4524 2120 4579 ad
2151 4532 2430 4580 certamen
2456 4536 2703 4591 segnem,
2726 4519 2793 4573 ad
2824 4519 2959 4572 alias
2984 4532 3096 4580 res,
3128 4513 3390 4567 nimirum
3414 4509 3479 4564 ad
3499 4524 3637 4562 con-

374 4612 525 4665 σιλέα
550 4612 687 4681 πρὸς
719 4612 819 4682 μὲν
846 4610 944 4681 τὴν
977 4610 1162 4680 μάχην
1201 4607 1421 4676 ἐκείνην
1448 4603 1634 4676 ἀργῶς
1665 4599 1945 4668 διακείμεο

376 4722 463 4758 νον
493 4703 709 4768 ἒὸλεπε,
763 4704 900 4773 πρὸς
944 4701 989 4755 δ’
1022 4703 1187 4770 ἕτερα
1221 4701 1323 4767 τὴν
1352 4698 1482 4766 ὃλην
1515 4693 1757 4763 σπουδὴν
1786 4708 1946 4760 περι⁹

378 4794 683 4865 σπώμενον,
720 4795 790 4847 τά
837 4794 961 4846 καθ’
997 4792 1154 4861 ἡμῶν
1197 4792 1379 4843 ἐκεῖνα
1426 4786 1627 4855 δηλαδὴ
1673 4780 1948 4854 λῃστρικὰ

379 4890 650 4959 συνέδρια,
688 4887 993 4958 βιαιότερόν
1052 4903 1172 4948 πως
1230 4886 1473 4938 ἐνέκειτο
1528 4881 1813 4949 διεγείρων
1864 4880 1944 4939 εἰς

375 4984 625 5053 τοῦργον.
659 4985 885 5037 Πάντων
918 4984 1029 5053 γὰρ
1065 4982 1254 5049 ἔλεγεν
1277 4981 1484 5049 ἥκιστα
1512 4978 1624 5030 δεῖν
1655 4974 1948 5044 καρτερεῖν

378 5077 629 5130 ἐνταυθοῖ
655 5118 670 5141 ,
723 5077 830 5131 τῶν
870 5075 1189 5147 πολεμικῶν
1247 5073 1348 5128 οὐκ
1408 5070 1756 5142 ἀνεχομένων
1810 5067 1949 5128 ὅλως

380 5171 719 5241 πραγμάτων
740 5170 851 5225 οὐδ’
878 5172 935 5234 ές
964 5170 1162 5242 μικρὸν
1195 5166 1616 5237 ὑπερτίθεσθαι,
1639 5162 1755 5216 ἀλλ’
1783 5168 1843 5215 έν
1872 5158 1951 5230 τῷ

381 5264 723 5334 παραχρῆμα
751 5265 850 5335 τὴν
883 5264 1206 5334 ἔμπρακτον
1262 5262 1638 5316 ἀπαιτούντων
1688 5256 1948 5325 ὀξύτητα.

380 5359 469 5419 Δὶς
493 5355 539 5409 δ’
564 5352 658 5410 οὖν
687 5358 783 5409 καὶ
829 5358 945 5427 τρὶς
976 5359 1070 5410 καὶ⁵
1103 5354 1366 5418 πολλάκις
1405 5354 1599 5420 ὁμοίας
1628 5349 1777 5419 αὐτῷ
1809 5366 1955 5418 παρ-

379 5454 429 5503 εἰ
454 5468 492 5519 τε
516 5452 612 5515 τὰς
638 5451 959 5521 ἀποκρίσεις
984 5452 1013 5502 ό
1051 5450 1329 5521 βισιλεὺς,
1364 5447 1504 5517 μετᾶ
1536 5445 1679 5517 μάλα
1721 5461 1773 5495 τι
1816 5441 1954 5511 γαύ-

387 5563 478 5616 ρου
524 5545 619 5598 καὶ
671 5543 1233 5616 ἀναμφισϐητησίμου
1295 5543 1390 5595 τοῦ
1452 5540 1637 5611 ἤθους,
1677 5557 1709 5590 ί·
1727 5538 1950 5600 Μεῖνον,

382 5637 573 5705 λέγων,
632 5637 832 5709 μικρόν
895 5655 962 5707 με
1017 5635 1347 5689 καταϐαλεῖν
1397 5636 1524 5697 τοὺς
1587 5629 1956 5701 δογματικοὺς

384 5732 607 5801 ἐχθροὺς
654 5730 755 5798 τῆς
802 5730 938 5800 ἐμῆς
981 5729 1355 5801 προαιρέσεως
1401 5727 1782 5795 ἐπειγόμενον.
1839 5723 1956 5777 Κᾶ-

388 5824 525 5886 κατ’
558 5824 805 5892 ἀναστὰς
830 5823 904 5888 ὡς
934 5822 1156 5877 νοσσιὰν
1184 5824 1243 5876 τὸ
1271 5821 1533 5892 πολέμιον
1574 5819 1755 5880 τουτοϊ
1783 5837 1953 5881 κατα-

2055 4617 2179 4672 eilia
2208 4617 2299 4672 illa
2333 4613 2638 4689 latrociniis
2668 4609 2873 4666 similia
2903 4610 2957 4663 itt
2992 4623 3096 4663 nos
3123 4603 3437 4669 conﬂanda,
3482 4600 3636 4656 omni

2055 4710 2239 4765 studio
2268 4707 2680 4764 incumbentem
2720 4703 2957 4768 videret,
2989 4698 3376 4756 vehementius
3400 4711 3527 4751 eum
3568 4692 3637 4747 ad

2056 4819 2168 4859 rem
2200 4811 2426 4858 strenue
2455 4798 2726 4869 agendam
2758 4794 3047 4852 excitavit.
3096 4792 3240 4847 Dixit
3263 4792 3442 4853 enim,
3497 4788 3640 4843 nihil

2059 4897 2241 4950 minus
2274 4909 2413 4962 opus
2440 4909 2565 4948 esse
2594 4907 2759 4962 quam
2797 4887 3184 4947 cunctatione,
3220 4885 3392 4937 rebus
3422 4883 3641 4937 bellicis

2058 4988 2248 5059 utique
2277 5002 2344 5042 ne
2377 4987 2433 5040 in
2466 4985 2635 5039 breve
2664 4983 2891 5053 quidem
2929 4978 3256 5034 dilationem
3318 4973 3643 5042 recipienti—

2058 5083 2199 5151 bus,
2231 5079 2327 5136 sed
2354 5081 2540 5134 statim
2573 5076 2916 5132 alacritatem
2953 5072 3233 5128 eﬂicacem
3286 5067 3643 5138 etiiagitanti-

2060 5176 2186 5231 bus.
2218 5172 2307 5228 Bis
2340 5180 2454 5226 tum
2475 5178 2529 5225 et
2557 5178 2644 5225 ter
2671 5177 2726 5223 et
2750 5166 2952 5238 smpius
2974 5164 3167 5219 eadem
3198 5160 3355 5232 107
3377 5173 3640 5229 responsa

2063 5270 2364 5339 imperator
2392 5264 2577 5320 animo
2606 5277 2872 5334 perquam
2906 5260 3053 5316 elato
3087 5256 3412 5324 ﬁduciaque
3438 5252 3644 5322 plenis-

2062 5362 2204 5417 simo
2239 5359 2291 5415 ei
2320 5357 2587 5414 reddidit.
2629 5357 2815 5411 «Mane
2864 5354 3167 5424 paulisper,
3208 5350 3411 5420 inquit,
3464 5347 3643 5401 donec

2064 5451 2321 5506 inimicos
2346 5465 2378 5504 a
2412 5448 2551 5503 meis
2574 5445 2904 5518 dogmaticis
2932 5442 3244 5499 rationibus
3280 5440 3645 5494 abhorrentes

2064 5541 2386 5598 deleverim.
2416 5540 2555 5595 Dein
2585 5554 2873 5610 assurgam
2932 5544 2986 5592 et.
3020 5546 3278 5605 tanquam
3314 5531 3505 5586 nidum
3541 5529 3643 5581 bo-

2066 5634 2233 5690 stium
2271 5633 2551 5689 castellum
2580 5633 2768 5686 ontniu
2797 5652 2825 5681 ιι
2861 5640 3104 5684 vestrum
3136 5624 3397 5695 opinione
3428 5620 3649 5677 facilius

2067 5726 2339 5797 capiam.»
2386 5724 2529 5779 Tum
2595 5725 2746 5777 illius
2792 5738 2954 5775 causa
3012 5735 3137 5773 cum
3170 5712 3648 5772 contmttostudip

2070 5831 2318 5881 nostram
2355 5817 2799 5879 amandatiutnrtn
2848 5815 2927 5868 cel
2969 5815 3102 5868 titcr
3139 5810 3404 5881 expedire
3456 5807 3643 5873 vellet,
