4088 6514
310 364 374 426 9‘.
1281 368 1738 434 ΒΥΖᾹΝΠΝᾹΞ
1780 376 1888 435 IIIS

1991 375 2165 439 iRLE
2204 379 2355 444 LlB.
2402 379 2613 443 XXVI.
3511 381 3583 443 tl’t

309 480 390 572 δοῖ
434 476 540 549 τῆς
582 478 750 534 πάλαι
779 478 872 533 τοῦ
902 481 1097 547 ἀνδρὸς
1145 483 1352 552 φιλίας.
1393 486 1734 558 Ἀποχρῆναι
1774 491 1886 561 γὰρ

1995 493 2357 572 veteriscum
2391 494 2616 550 homine
2642 494 2921 550 amicitiae.
2982 493 3078 551 illa
3124 510 3258 550 vero
3286 495 3584 565 prudenti-

309 565 460 637 οἶμαι
515 571 627 624 xix
672 571 877 625 τούτων
924 572 1137 626 ἀνιέναι
1197 579 1440 641 συνετοῖς
1488 580 1756 647 ἀνδράσι,
1795 582 1891 635 καὶ

314 662 549 732 μάλιστα
602 664 726 727 σοὶ,
759 662 850 717 διὰ
894 667 1005 721 τῶν
1049 667 1155 730 ἔξω
1207 669 1468 723 τοιούτων
1510 672 1890 742 ίχνηλατοῦντι

314 756 553 823 σημείων
587 757 677 808 ἐπὶ
709 757 807 820 τὰς
840 758 1064 828 πρώτας
1111 760 1294 824 αἰτίας
1323 765 1417 815 καὶ
1448 764 1740 834 διαλήψεις
1783 767 1889 820 τῶν

312 850 410 919 τῆς
454 848 632 918 ψυχῆς
666 848 759 902 τοῦ
811 850 1006 920 ἀνδρὸς
1044 852 1213 918 ἕξεων
1267 856 1362 908 καὶ
1421 856 1740 921 διαθέσεων,
1794 862 1892 914 καὶ

318 941 501 1011 ἡρέμα
538 941 811 995 καὶκατὰ
862 944 1063 1012 μικρὸν
1121 946 1211 1001 ἀεὶ
1266 950 1634 1020 σκοπουμένῳ
1683 969 1741 1004 τε
1797 954 1892 1007 καὶ

313 1030 751 1098 ἀναλαμὸάνοντι
794 1032 886 1087 τὸν
928 1035 1029 1105 τῆς
1086 1038 1346 1106 συνεχοῦς
1378 1041 1626 1104 εἰκασίας
1670 1044 1890 1112 εἱρμὸν,

313 1124 421 1183 τοῖς
459 1121 694 1193 πρώτοις
734 1125 1085 1194 ἐναρμόττειν
1145 1128 1314 1198 ἴχνεσι
1370 1130 1473 1195 τάς
1519 1135 1748 1188 κατόπιν
1794 1136 1892 1198 τὰς

313 1214 377 1266 ἐκ
408 1213 681 1283 λογισμῶν
709 1216 953 1285 ἐφόδους,
980 1219 1088 1271 κάκ
1114 1225 1271 1285 ποίας
1301 1221 1464 1286 εὐθὺς
1494 1225 1692 1278 εἰδέναι
1732 1227 1891 1296 ῥίζης

313 1305 373 1357 τὸ
422 1311 652 1375 πονηρὶν
703 1310 879 1362 ἐκεῖνο
920 1308 1207 1377 βλαστάνει
1256 1313 1545 1384 γεώργιον,
1580 1317 1688 1370 κάκ
1732 1319 1891 1384 ποίας

311 1399 489 1469 χεῖται
516 1398 699 1471 πηγῆς
732 1400 801 1453 τά
822 1401 1064 1459 τοσαῦτα
1112 1406 1252 1459 κατά
1278 1405 1384 1458 τῶν
1420 1406 1581 1465 θείων
1614 1409 1713 1478 τῆς
1763 1410 1889 1463 Ἐκο

312 1489 541 1558 κλησίας
570 1491 859 1561 δογμάτων
904 1495 1167 1564 ναυάγια,
1204 1500 1298 1552 καὶ
1324 1499 1448 1553 ὅθεν
1491 1500 1573 1554 ἔτι
1623 1502 1892 1574 πολύχουν

312 1580 459 1634 οὐτω
487 1585 581 1635 καὶ
614 1583 845 1652 ἄφθονον
890 1591 1031 1643 κατὰ
1062 1590 1158 1659 τῆς
1192 1587 1479 1661 Ῥωμαίων
1523 1593 1693 1666 τύχης
1728 1599 1810 1666 ῥεί
1832 1597 1895 1652 τὸ

312 1668 376 1742 [ί.
416 1671 509 1725 121
561 1671 614 1745 θ]
660 1675 1013 1763 κακόδαιμον,
1071 1677 1194 1733 καθ’
1234 1680 1359 1733 ὅσον
1407 1681 1630 1749 ἐφικτὸν
1684 1683 1893 1755 ἀνθρώ-

310 1782 464 1828 ποις’
500 1766 560 1820 τὸ
587 1770 696 1837 γὰρ
723 1768 908 1839 ἄκρως
943 1767 1141 1840 ἀληθὲς
1172 1770 1320 1843 μόνῳ
1351 1772 1472 1842 Θεῷ
1511 1774 1888 1842 τεταμίευται.

312 1856 473 1909 Ὥστε
506 1874 566 1911 σε
594 1856 772 1928 χρεὼν
823 1859 1033 1929 ὁρῶντα
1088 1859 1377 1925 πλείστους
1425 1863 1485 1918 οὐ
1538 1863 1751 1934 μεγάλα
1792 1865 1891 1935 μὲν

312 1951 369 2014 ἐς
398 1946 670 2020 προῦπτον
699 1952 1130 2025 ἁμαρτάνοντας,
1167 1953 1379 2025 μεγάλα
1409 1955 1455 2007 δ’
1484 1951 1579 2010 οὖν
1625 1959 1681 2020 ὲς
1726 1957 1891 2027 προῦ-

312 2060 446 2101 πτον
494 2041 797 2113 πάσχοντας
822 2084 838 2106 ,
871 2042 997 2115 μήτ’
1044 2047 1270 2117 ἀπορεῖν
1343 2048 1481 2119 μήτε
1523 2050 1891 2119 γνωσιμαχεῖν

312 2137 372 2197 ἐς
414 2134 687 2202 πλεῖστον,
720 2135 854 2188 ἀλλὰ
893 2136 972 2206 τῷ
1028 2139 1174 2209 μόνῳ
1209 2138 1328 2208 Θεῷ
1374 2140 1771 2211 παραπέμπειν
1795 2142 1892 2207 τὴν

312 2228 518 2298 κρίσιν,
550 2228 625 2298 τῷ
672 2229 774 2293 τὰς
823 2229 1046 2299 πρώτας
1079 2231 1258 2295 αἰτίας
1292 2230 1615 2299 γινώσκοντι
1652 2234 1749 2300 τῆς
1792 2236 1890 2299 τὰς

311 2319 521 2381 ἑννοίας
553 2317 780 2389 ἐχούσης
822 2319 1004 2391 ψυχῆς
1047 2323 1178 2393 περὶ
1214 2320 1352 2375 Θεοῦ
1379 2339 1438 2375 τε
1469 2323 1562 2375 xai
1592 2318 1700 2376 τῶν
1733 2322 1893 2376 θείων

312 2411 595 2481 δογμάτων
630 2413 772 2468 πάνυ
822 2430 875 2466 τι
935 2413 1233 2487 σφαλεράς,
1285 2416 1379 2469 καὶ
1428 2415 1613 2485 ἥκιστ’
1648 2417 1705 2478 ἐς
1738 2416 1889 2468 πλεῖ-

315 2519 435 2555 στον
483 2503 792 2574 ἀνεχομένῳ
844 2503 944 2574 τὴν
1001 2505 1110 2558 τῶν
1160 2504 1426 2577 πλείστων
1457 2508 1513 2559 ὲν
1542 2511 1754 2570 τούτοις
1786 2525 1890 2561 κα-

315 2596 535 2649 λύπτειν
566 2597 747 2668 σιγὴν,
775 2598 882 2650 τῶν
918 2616 978 2651 τε
1021 2600 1200 2654 ἄλλων
1233 2600 1328 2654 καὶ
1358 2600 1474 2653 ὅσοι
1507 2603 1620 2667 τοῖς
1668 2602 1892 2654 ἐπισκο-

316 2692 491 2754 πικοῖς
526 2690 858 2762 ὲνιδρύονται
915 2691 1150 2761 θρόνοις,
1206 2693 1257 2746 οἳ
1310 2695 1653 2748 συνευδοκεῖν
1703 2694 1886 2747 ἑκοντὶ

312 2783 431 2844 ταῖς
458 2782 652 2853 ἀρχαῖς
678 2784 771 2836 καὶ
804 2783 1077 2848 ἐξουσίαις
1109 2785 1212 2839 οὐκ
1241 2785 1460 2838 ὀκνοῦσι
1493 2786 1583 2838 τοῦ
1613 2784 1883 2853 παρόντος

313 2871 531 2939 αἰῶνος,
572 2873 649 2942 πῆ
690 2873 788 2940 μὲν
847 2874 1081 2947 ματαίας
1122 2861 1294 2929 ’ἕνεκα
1342 2876 1502 2946 δόξης
1550 2879 1645 2932 καὶ
1692 2874 1883 2946 τύχης,

313 2966 389 3033 πῆ
425 2963 482 3015 δὲ
513 2965 857 3037 προσκαίρων
890 2967 1017 3021 οἴων
1081 2968 1144 3039 δή
1185 2986 1346 3021 τινων
1388 2969 1592 3036 ιρόὅων.
1637 2966 1892 3027 Ἐκόντες

314 3054 423 3121 γάρ
488 3053 736 3125 ἑκάτεροι
776 3056 844 3107 τά
888 3054 1122 3125 μέγιστα
1174 3055 1497 3110 λανθάνουσι
1558 3055 1890 3127 βλάπτοντες

314 3147 466 3214 κοινῇ
490 3162 545 3197 τε
567 3147 660 3199 καὶ
688 3144 806 3198 καθ’
831 3145 1039 3200 ἕκαστα
1063 3145 1316 3212 ἑαυτοὺς,
1349 3148 1448 3214 τῆς
1478 3146 1702 3200 αἰωνίου
1732 3138 1888 3213 δόξης
1924 3181 1959 3235 C

315 3237 414 3304 τὴν
445 3237 658 3291 αἰώνιον
688 3238 1075 3310 άλλαττόμενοι
1106 3238 1347 3292 κόλασιν.
1377 3232 1455 3291 Ἦ
1491 3241 1600 3308 γάρ
1632 3237 1697 3290 ἂν
1720 3239 1889 3292 καθά-

315 3330 425 3394 παξ
458 3329 717 3395 ἅπαντες,
765 3329 798 3399 ἢ
854 3330 914 3383 τό
948 3347 1010 3398 γε
1064 3330 1317 3400 δεύτερον
1375 3331 1422 3382 οί
1478 3331 1716 3394 πλείους,
1749 3330 1886 3397 ὑπὲρ

312 3426 414 3492 τῆς
446 3423 676 3493 πατρίου
708 3423 944 3487 πίστεως
976 3424 1034 3486 ὲς
1069 3421 1197 3494 μίαν
1226 3422 1528 3492 ἀθλητικὴν
1563 3421 1886 3491 παραταξά-

320 3532 472 3585 μενοι
502 3516 759 3584 φάλαγγα
804 3517 947 3575 δυοῖν
975 3534 1036 3570 τε
1073 3516 1181 3569 τῶν
1223 3518 1528 3570 καλλίστων
1566 3515 1885 3587 ἐτύγχανον,

316 3608 412 3658 καὶ
438 3606 554 3677 ἅμα
577 3606 719 3659 δυοῖν
752 3607 861 3660 τῶν
892 3608 1168 3660 κακίστων
1204 3607 1516 3678 ἀπείχοντο.
1551 3605 1663 3677 Τήν
1691 3624 1748 3659 τε
1779 3607 1887 3679 γάρ

318 3698 529 3754 ἑαυτῶν
556 3699 728 3753 ἀΐδιον
783 3700 1125 3771 ἐκαρποῦντο
1180 3700 1472 3770 ὠφέλειαν,
1505 3699 1598 3752 καὶ
1649 3698 1764 3768 ἅμα
1795 3699 1886 3753 τὸν

323 3790 547 3858 βασιλέα
589 3791 860 3863 μακάριον
921 3791 1113 3862 ἔδρων,
1161 3793 1277 3854 τοῖς
1316 3792 1565 3862 πατρίοις
1603 3791 1886 3855 πείθοντες

318 3882 467 3951 ὅροις
517 3881 779 3950 ἐμμένειν
822 3882 919 3941 καὶ
970 3881 1228 3951 δόγμασι.
1268 3883 1421 3952 Μηδὲ
1450 3883 1559 3953 γὰρ
1588 3880 1887 3954 δυνάμενος

317 3975 572 4040 καθάπαξ
598 3975 800 4030 ἅπασιν
829 3973 992 4041 αὐτὸς
1019 3975 1403 4040 ἀνθίστασθαι,
1435 3977 1530 4029 καί
1572 3975 1722 4027 ἄκων
1756 3973 1886 4042 γοῦν

317 4069 427 4130 τοῖς
473 4068 575 4136 τῆς
608 4068 993 4137 ὁμοφροσύνης
1028 4067 1312 4122 εὐσεϐέσιν
1346 4070 1493 4137 ὅροις
1535 4064 1887 4138 συνηλαύνετ’

317 4165 408 4229 ἂν,
434 4163 577 4217 καθὰ
603 4164 696 4215 καὶ
724 4161 1001 4235 πλείστοις
1025 4160 1203 4226 ἄλλοις
1235 4160 1439 4230 ἀλλαχῆ
1472 4159 1714 4227 πολλαχῆ
1746 4176 1886 4228 συμ-

316 4254 603 4316 πεπτωκὸς
629 4252 748 4307 κατ’
777 4253 949 4309 ἄλλοτ’
982 4253 1174 4316 ἄλλους
1208 4254 1333 4314 τοὺς
1366 4253 1612 4322 χρόνους,
1647 4250 1742 4304 νῦν
1785 4251 1885 4319 μὲν

317 4347 477 4409 ἐνίοις
511 4346 749 4417 ἐνιαχοῦ,
785 4345 880 4401 νῦν
907 4346 963 4399 δὲ
990 4345 1290 4409 πλείστοις,
1331 4345 1390 4399 τὸ
1424 4345 1677 4397 πλεῖστον
1711 4346 1885 4396 εἰπεῖν

315 4442 395 4500 εἰς
426 4440 696 4506 σωτηρίαν
725 4430 1027 4513 ἀπέχρησε,
1065 4438 1160 4492 καὶ
1215 4436 1390 4497 οὕτως
1427 4433 1555 4491 οὔτε
1603 4435 1706 4505 τῆς
1756 4437 1887 4487 αἰω-

314 4532 428 4583 νίου
479 4530 633 4597 δόξης
691 4529 972 4601 ὑπερδριοι
1017 4529 1286 4598 ἐγίγνοντ’
1324 4528 1417 4592 ἂν,
1464 4529 1561 4583 καὶ
1611 4528 1729 4599 ἅμα
1782 4529 1884 4595 τῆς

316 4619 535 4670 αἰωνίου
598 4616 875 4681 κολάσεως
926 4616 1209 4688 ὑπερόριοι
1273 4617 1418 4685 μάλα
1479 4635 1530 4668 τι
1589 4616 1885 4687 εὐπρεπῶς

316 4708 579 4774 ἐγίγνοντ’
616 4708 704 4762 ἀνι
745 4706 1061 4760 Κάκθτεῦθεν
1116 4708 1216 4779 τήν
1251 4707 1298 4760 τ’
1324 4709 1531 4761 οἰκείαν
1563 4709 1882 4761 συνέϐαινεν

313 4800 378 4852 ἂν
400 4800 583 4869 χώραν
606 4799 837 4870 ἀζήμιον
867 4800 1013 4869 ἔχειν
1034 4800 1143 4864 ἀεὶ,
1171 4801 1265 4853 καὶ
1294 4801 1409 4871 ἅμα
1445 4798 1543 4870 τὴν
1590 4800 1882 4869 ἀλλοτρίαν

316 4893 716 4962 προσκτᾶσθαι,
768 4896 863 4946 καὶ
915 4892 1234 4947 δουλοῦσθαι
1270 4893 1369 4963 μὲν
1419 4894 1627 4945 οὐδέσιν
1672 4893 1883 4945 ἔθνεσιν

313 4986 591 5050 οζιδὲποτε,
627 4987 891 5053 δεσπίτας
916 4986 961 5039 δ’
995 4987 1174 5041 ἄλλοτ’
1217 4987 1394 5041 ἄλλων
1420 4985 1707 5053 γίγνεσθαι
1742 4986 1883 5037 κατὰ

317 5079 511 5148 μικρὸν
564 5078 732 5130 ἐθνῶν
787 5080 893 5147 ἀεὶ,
950 5080 1048 5147 τῆς
1097 5079 1243 5142 θείας
1284 5081 1369 5133 ἀεὶ
1406 5080 1588 5144 δεξιάς
1633 5077 1881 5144 εὐμενῶς

1996 585 2101 640 bus
2134 585 2268 642 viris
2296 596 2354 642 et
2381 587 2476 642 tibi
2500 587 2739 642 maxime
2762 589 2873 658 jam
2911 588 3161 644 sutlicere
3217 586 3485 651 arbitror,
3518 599 3579 644 ιιι

1998 677 2128 731 talia
2153 687 2383 732 externa
2416 678 2617 734 indicia
2645 666 3037 751 persequendo
3056 678 3123 734 ad
3157 678 3364 747 primas
3391 693 3586 733 causas

1993 780 2050 831 et
2085 770 2327 825 rationes
2360 770 2586 825 habitus
2610 771 2782 824 animi
2835 781 2892 825 et
2921 770 3235 825 affectionis
3284 770 3585 839 pervenias

1994 874 2162 931 atque
2199 862 2514 934 cognitione
2544 862 2751 917 sensim
2782 861 3162 932 paulatimque
3194 860 3583 930 progrediente

1994 954 2248 1022 ordinem
2282 954 2518 1010 assiduae
2563 955 2998 1023 comparationis
3053 970 3232 1023 usque
3281 954 3584 1024 repetendo

1996 1046 2190 1117 primis
2221 1048 2468 1116 vestigiis
2500 1049 2842 1119 posteriores
2872 1049 3241 1117 cogitationes
3278 1056 3445 1114 atque
3485 1044 3585 1099 ob-

1995 1141 2344 1197 servationes
2377 1142 2651 1211 adaptes;
2689 1142 2835 1212 quod
2867 1142 2911 1196 si
2945 1143 3165 1207 feceris,
3214 1155 3281 1197 ex
3312 1140 3456 1209 quali
3488 1154 3581 1194 ra-

1993 1232 2114 1287 dice
2147 1232 2325 1287 malus
2360 1233 2451 1288 ille
2481 1234 2697 1288 fructus
2727 1243 2925 1289 enatus
2973 1236 3063 1297 sit,
3123 1249 3190 1287 ex
3233 1232 3379 1302 quali
3433 1232 3585 1285 fonte

1998 1334 2153 1380 tanta
2188 1326 2242 1380 in
2283 1336 2498 1382 sacrata
2518 1326 2782 1382 Ecclesiae
2813 1326 3069 1396 dogmata
3095 1325 3377 1395 naufragia
3404 1323 3579 1378 etl'usa

1993 1419 2123 1482 sint.
2165 1419 2309 1475 unde
2334 1429 2482 1476 tanta
2517 1419 2753 1475 miseriae
2782 1421 2939 1489 copia
2971 1429 3137 1489 atque
3178 1420 3351 1473 moles
3386 1418 3440 1475 in
3474 1418 3582 1471 Ro-

1996 1493 2284 1564 manorum
2325 1510 2606 1566 fortunam
2632 1510 2958 1569 etiamnunc
2986 1509 3282 1574 redundet,
3323 1508 3579 1577 protinus

1994 1616 2317 1675 cognosces,
2351 1612 2628 1671 quatenus
2655 1603 2907 1658 homines
2962 1601 3014 1656 id
3073 1610 3257 1657 mente
3311 1600 3577 1668 consequi

1997 1707 2248 1766 possunt.
2291 1695 2451 1767 110
2480 1693 2640 1760 Nam,
2694 1694 2843 1765 quod
2891 1696 3042 1750 omni
3094 1710 3160 1751 ex
3196 1703 3354 1765 parte
3390 1709 3580 1749 verum

1992 1800 2100 1851 est,
2133 1787 2245 1842 Deo
2275 1790 2379 1843 soli
2405 1797 2741 1843 reservatur.
2775 1789 2959 1853 Quare
3004 1801 3132 1842 cum
3157 1787 3384 1850 multos,
3408 1801 3585 1854 quan-

1995 1892 2159 1951 quam
2211 1877 2391 1947 palam
2448 1892 2560 1933 non
2626 1892 2825 1946 ntagna
2882 1876 3084 1930 delicta
3158 1873 3581 1940 commiserunt,

1998 1968 2213 2038 magnis
2252 1976 2433 2024 tamen
2461 1968 2619 2023 malis
2645 1968 2825 2035 palam
2870 1967 3011 2022 allici
3045 1967 3221 2028 vides.
3272 1981 3379 2021 non
3419 1965 3579 2034 inops

1997 2060 2218 2117 consilii
2262 2076 2383 2115 esse
2419 2060 2591 2115 debes
2637 2059 2721 2114 vel
2761 2059 3110 2115 dubitatione
3171 2067 3430 2120 aestuare,
3485 2059 3580 2111 sed

1994 2151 2098 2205 Soli
2137 2152 2246 2204 Deo
2270 2154 2599 2220 permittere
2628 2150 2927 2220 judicium,
2983 2150 3078 2220 qui
3125 2149 3333 2220 primas
3385 2164 3581 2204 causas

1996 2240 2164 2295 animi
2204 2241 2436 2296 lubricis
2461 2239 2756 2296 admodum
2791 2238 2860 2294 de
2881 2240 2990 2294 Deo
3014 2239 3330 2307 divinisque
3354 2237 3580 2305 dogma-

1997 2333 2067 2389 tis
2089 2333 2447 2403 opinionibus
2468 2332 2667 2388 imbuti
2690 2331 2980 2404 cognoscit
3006 2346 3183 2402 neque
3211 2330 3577 2399 plurimorum

1995 2418 2248 2476 dehisce
2283 2421 2450 2477 rebus
2505 2422 2793 2477 silentium
2855 2421 2947 2476 diu
3011 2421 3273 2493 obtegere
3341 2420 3583 2473 sustinet

1995 2524 2119 2562 cum
2150 2507 2389 2561 aliorum
2423 2517 2538 2561 tum
2589 2525 2810 2572 eorum,
2866 2508 2962 2580 qui
3023 2509 3076 2562 in
3108 2508 3406 2578 episcopali
3453 2508 3581 2560 sede

1996 2599 2286 2654 constituti
2333 2599 2479 2652 ultro
2511 2615 2635 2654 cum
2672 2598 3086 2671 magistratibus
3133 2608 3188 2652 et
3218 2598 3584 2669 potcsmtibus

1997 2691 2157 2761 lmjus
2190 2688 2374 2747 szeculi
2407 2692 2613 2747 sentire
2639 2708 2750 2745 non
2779 2690 3062 2752 dubitant,
3091 2706 3197 2760 qua
3241 2705 3377 2743 vana
3403 2689 3577 2758 gloria

1993 2780 2050 2837 et
2080 2782 2323 2848 fortuna,
2363 2800 2471 2854 qua
2526 2784 2820 2839 timoribus
2853 2783 3185 2855 quibusdam
3236 2782 3585 2851 temporariis

1993 2873 2167 2928 ducti.
2195 2873 2302 2929 Sua
2332 2875 2477 2929 enim
2506 2884 2705 2945 sponte
2748 2876 2968 2943 utrique
3004 2873 3107 2927 sibi
3166 2884 3221 2928 et
3277 2873 3580 2928 universim

1993 2974 2052 3018 et
2080 2963 2399 3035 singulatim
2432 2966 2791 3020 Vehementer
2829 2963 2933 3018 sibi
2970 2972 3206 3027 nocent,
3248 2977 3371 3015 cum
3416 2970 3580 3013 mter—

1995 3072 2121 3109 nam
2153 3056 2388 3128 gloriam
2422 3072 2547 3111 cum
2582 3068 2785 3109 a2terna
2819 3055 3182 3126 castigatione
3210 3062 3575 3109 commutent.

1994 3146 2129 3204 Nam
2168 3148 2417 3221 profecto
2448 3148 2492 3203 si
2526 3146 2592 3201 ad
2627 3164 2798 3202 unum
2826 3164 3019 3202 omnes
3044 3146 3125 3201 vel
3169 3147 3342 3217 major
3381 3147 3574 3200 saltem

1996 3253 2123 3307 pars
2154 3236 2219 3291 ad
2250 3238 2480 3306 patriam
2519 3235 2679 3292 fidem
2711 3235 3115 3291 defendendam
3141 3235 3204 3290 ad
3235 3251 3395 3288 unam
3422 3236 3579 3304 quasi

1988 3329 2303 3383 athleticam
2338 3327 2510 3383 aciem
2540 3344 2661 3384 sese
2694 3330 3119 3402 conjungerent,
3164 3327 3304 3381 duas
3336 3344 3423 3380 res
3454 3343 3576 3381 easv

1988 3435 2097 3493 que
2118 3418 2358 3487 ονιίηιειε
2388 3418 2835 3477 nanciscerentur
2863 3418 3136 3488 simulque
3163 3418 3378 3473 duabus
3406 3418 3582 3486 iisque

1988 3510 2243 3579 pessimis
2282 3508 2792 3575 abstinerent;sibi
2840 3509 2990 3564 enim
3052 3510 3447 3578 sempiternam
3495 3525 3581 3563 sa-

1986 3604 2160 3658 lutem
2188 3609 2471 3675 pararent,
2498 3604 2886 3674 imperatorem
2904 3617 3037 3657 vero
3054 3602 3276 3657 beatum
3308 3603 3578 3670 facerent,

1989 3695 2033 3749 si
2064 3695 2114 3750 ei
2150 3694 2576 3766 persuaderent,
2642 3703 2702 3748 ut
2771 3693 2827 3748 in
2858 3694 3064 3748 ﬁnibus
3095 3704 3263 3765 atque
3305 3695 3580 3762 dogmatis

1987 3800 2017 3839 a
2046 3784 2295 3856 patribus
2327 3783 2645 3838 constitutis
2673 3795 3046 3853 permaneret.
3093 3783 3227 3837 Cum
3252 3782 3400 3837 enim
3424 3785 3579 3839 solus

1987 3875 2248 3929 omnibus
2286 3873 2547 3928 resistere
2600 3890 2710 3928 non
2758 3884 2970 3943 posset,
3038 3875 3120 3927 vel
3174 3874 3382 3928 invitus
3432 3874 3578 3927 intra

1987 3966 2296 4021 concordiae
2324 3964 2461 4020 lines
2501 3966 2958 4035 compelleretur,
2994 3965 3047 4018 id
3095 3967 3242 4034 quod
3276 3966 3581 4035 compluri-

1987 4059 2091 4114 bus
2120 4059 2244 4113 aliis
2294 4058 2400 4112 alia
2441 4062 2656 4112 ratione
2720 4057 2960 4126 aliisque
2999 4058 3340 4126 temporibus
3375 4058 3580 4114 accidit

1987 4159 2153 4221 atque
2187 4159 2299 4204 tum
2336 4150 2621 4204 nonnullis
2645 4149 2945 4214 interdum,
3008 4160 3122 4204 tum
3160 4149 3416 4218 plurimis
3466 4166 3579 4202 ma-

1986 4250 2133 4306 xime
2166 4247 2233 4305 ad
2261 4247 2491 4302 salutem
2522 4245 2677 4316 ιιι
2713 4244 2951 4300 sun‘ecit.
2978 4243 3097 4299 Tali
3133 4243 3367 4302 ratione.
3422 4255 3479 4297 ut
3505 4247 3574 4297 ab

1988 4352 2194 4397 mterna
2224 4340 2396 4412 gloria
2434 4354 2543 4393 non
2571 4337 2808 4404 exclusi,
2866 4338 2945 4391 ita
2975 4337 3044 4393 ab
3087 4347 3294 4391 teterna
3335 4337 3576 4408 castiga-

1989 4436 2140 4490 tione
2180 4431 2576 4487 decentissime
2607 4431 2803 4485 remoti
2850 4439 3059 4485 essent.
3111 4431 3243 4485 Inde
3296 4430 3471 4495 fieret,
3515 4440 3575 4485 ut

1988 4542 2099 4579 non
2130 4524 2293 4578 modo
2341 4540 2496 4578 suam
2532 4532 2732 4579 terram
2781 4523 3047 4594 integram
3081 4540 3303 4594 semper
3332 4524 3580 4594 posside-

1994 4626 2136 4681 rent,
2172 4632 2362 4671 vcrum
2400 4615 2566 4670 etiam
2610 4615 2960 4686 peregrinam
3029 4617 3135 4670 sibi
3188 4617 3571 4685 acquirerem,

1992 4727 2170 4781 neque
2194 4726 2224 4765 a
2258 4711 2558 4782 gentilibus
2593 4724 2835 4779 unquam
2876 4708 2932 4761 in
2980 4708 3303 4762 servitutem
3360 4707 3575 4776 redige-

1990 4812 2204 4867 rentur,
2233 4805 2325 4859 sed
2356 4802 2587 4858 aliarum
2621 4802 2732 4857 alio
2762 4810 3009 4870 tempore
3042 4802 3288 4871 gentium
3310 4798 3570 4851 domina-

1964 4890 2199 4949 itionem
2233 4895 2495 4965 paulatim
2537 4895 3016 4953 nanciscerentur,
3077 4892 3260 4944 divin-i
3321 4891 3567 4958 potentia

1990 5002 2273 5057 nunquam
2327 5002 2436 5040 non
2486 4988 2740 5055 preprias
2797 4985 3178 5054 possessiones
3234 4992 3486 5036 servante
3518 4991 3576 5035 et

1989 5080 2057 5134 ad
2090 5080 2412 5151 ampliorem
2441 5089 2498 5135 et
2528 5080 2790 5150 majorem
2825 5077 3145 5132 felicitatem
3179 5076 3438 5157 ducente.

314 5174 692 5246 φυλαττούσης
720 5175 809 5227 τον
849 5177 982 5229 ἴδιον
1026 5177 1229 5245 κλῆρον
1259 5217 1274 5243 ,
1327 5175 1657 5243 εὐθυνούσης
1711 5174 1848 5247 πρὸς
1888 5176 2188 5247 εὐκληρίαν
2222 5176 2423 5240 πλάτος
2472 5176 2566 5229 καὶ
2601 5174 2856 5247 μέγεθος.

385 5268 515 5323 KA'.
560 5266 699 5320 Ἀλλ’
732 5267 909 5336 ἔγωγέ
951 5286 1059 5331 σοι,
1093 5271 1224 5341 φίλη
1256 5289 1346 5341 μοι
1376 5272 1611 5341 κεφαλὴ,
1645 5292 1715 5325 τι
1768 5292 1875 5326 πα-

317 5359 593 5431 ραπλήσια
624 5359 868 5415 ἐπειπὼν
900 5360 1184 5430 βεϐαιιὼω
1219 5365 1288 5415 τά
1321 5366 1587 5433 εἰρημένα
1618 5367 1879 5434 exueste.

317 5468 428 5523 ρον.
460 5453 524 5505 ἐκ
562 5454 703 5505 πάνυ
737 5438 943 5509 πολλῶν
972 5447 1046 5507 ὧν
1079 5472 1170 5523 μοι
1200 5455 1470 5525 τετύχηκε
1509 5458 1614 5523 πρὸ
1647 5459 1880 5527 βραχέος

312 5543 608 5613 ἀκηκοέναι
658 5544 755 5596 καὶ
808 5538 882 5603 ὧν
914 5545 1197 5616 εἰληφέναι
1236 5546 1304 5599 δι’
1335 5548 1536 5617 ὄψεων,
1572 5551 1713 5604 πάνυ
1748 5550 1881 5621 βρα-

315 5636 409 5705 χέα
438 5636 537 5709 σὴν
570 5635 932 5707 ἐκλεξάμενος
979 5638 1161 5708 χάριν.
1199 5636 1370 5690 Οἶσθα
1421 5639 1486 5708 δὴ
1538 5642 1755 5704 πάντως
1789 5642 1882 5693 καὶ

315 5728 538 5796 Συμεὼν
591 5731 823 5792 ἐκεῖνον,
867 5723 911 5797 ᾧ
959 5729 1020 5785 τὸ
1073 5732 1451 5802 νομοφύῖηακος
1495 5736 1878 5803 προσεγεγόνει

316 5817 527 5886 ἀξίωμα
572 5820 628 5871 ἒν
658 5822 722 5889 τῇ
755 5819 862 5872 τῶν
901 5822 1243 5892 πραγμάτων
1277 5823 1434 5892 ζάλῃ,
1460 5824 1514 5886 ὃς
1551 5829 1649 5888 toi,
1695 5828 1877 5879 Παλα-

2063 5277 2208 5332 ΧΧΙ.
2244 5276 2351 5333 Sed
2395 5293 2518 5348 ego,
2559 5275 2944 5331 charissimam
2971 5280 3158 5343 caput,
3187 5269 3385 5324 similia
3419 5283 3570 5337 qua:-

1990 5371 2114 5426 dam
2152 5370 2386 5435 addam,
2447 5379 2506 5422 ut
2544 5368 2688 5423 dicta
2734 5366 3052 5421 confirmem
3103 5360 3442 5420 dilucidius,
3502 5373 3569 5411 ex

1987 5465 2278 5534 permultis
2316 5463 2502 5524 rebus,
2537 5478 2674 5532 quas
2720 5460 2871 5514 brevi
2911 5470 3035 5513 ante
3089 5453 3272 5511 audiri
3308 5466 3367 5507 et
3392 5450 3571 5505 oculis

1992 5555 2234 5633 percepi,
2297 5570 2499 5625 paucas
2560 5563 2649 5607 tua
2710 5552 2881 5618 gratia
2937 5548 3207 5603 delibans.
3248 5541 3569 5612 Cognovisti

1989 5658 2139 5701 certe
2174 5649 2499 5719 Symeouetu
2528 5647 2703 5702 illum,
2752 5642 2844 5713 qui
2876 5638 3121 5697 custodis
3150 5636 3329 5706 legum
3367 5648 3570 5686 munus

1990 5736 2043 5787 in
2088 5752 2271 5788 rerum
2318 5737 2492 5789 turbis
2525 5746 2714 5787 nactus
2743 5729 3021 5786 Palamitis
3061 5727 3172 5781 oris
3194 5734 3251 5779 et
3284 5724 3483 5795 lingum
3512 5731 3571 5777 ct

1987 5828 2121 5897 legis
2154 5827 2324 5882 instar
2351 5838 2469 5882 erat
2499 5840 2657 5897 atque
2695 5825 2894 5891 ivnpia',
2926 5832 2982 5876 ut
3015 5821 3086 5875 ita
3112 5818 3570 5880 diram,catcrv;c
