4088 6512
501 407 576 472 95
1699 400 2127 466 NICEPHORI
2169 398 2558 464 GREGORE
3689 400 3758 463 9.6

501 519 658 589 quasi
687 516 794 571 dux
834 515 1189 580 constitutus,
1220 517 1291 569 'ut
1339 515 1430 584 qui
1481 523 1652 570 totum
1689 513 1820 568 illud
1873 513 2076 569 sodali-

2190 509 2372 578 μίταις
2427 511 2523 563 καὶ
2580 509 2754 579 στόμα
2805 510 2899 564 καὶ
2940 510 3153 580 γλῶττα
3200 512 3297 569 καὶ
3348 515 3514 585 νόμος
3543 508 3632 586 ἦν,
3664 513 3759 568 καὶ

501 613 640 662 tium
669 607 959 674 prudentia
993 617 1299 675 superaret.
1343 606 1439 660 llic
1481 620 1605 658 cum
1637 604 1883 670 alioquin
1934 611 2076 658 esset

2186 603 2491 672 στρατηγὸς
2523 604 2588 670 τῇ
2625 603 2926 674 παρανόμῳ
2960 605 3127 672 φάναι
3159 607 3463 660 καθίστατο
3492 607 3754 674 φάλαγγι,

497 699 893 767 egentissimus
952 708 1006 751 et
1063 697 1204 752 fame
1256 697 1708 760 conflictaretur,
1763 695 2076 748 adulatione

2183 691 2278 745 ἅτε
2314 692 2517 761 μᾶλλον
2552 692 2835 759 ἐλλόγιμος
2881 692 2912 762 ἢ
2960 694 3082 746 κατ’
3119 696 3329 748 ἐκεῖνον
3364 695 3630 763 ὑπάρχων
3661 693 3754 747 τὸν

500 790 650 844 varie
684 790 968 843 circumiit
989 789 1169 842 claros
1201 789 1369 848 viros.
1415 799 1474 841 ut
1507 787 1633 842 vita;
1667 786 1962 841 tolerandae
1985 801 2076 854 op-

2181 787 2388 839 θίασον.
2415 789 2589 852 ῐιένης
2619 786 2664 837 δ’
2695 784 2868 847 ἄλλως
2899 784 2973 837 ὣν
3002 786 3096 838 καὶ
3125 784 3272 858 λιμῷ
3309 787 3400 840 τὸν
3429 787 3547 856 βίον
3586 801 3757 856 στρα-

501 883 894 948 ιιιι-ιυιιίιαιειιι
929 891 1176 949 captaret
1223 881 1540 949 victumque
1595 891 1866 950 quaereret
1924 881 2026 934 sibi
2058 918 2074 940 ,

2181 878 2538 946 τηγούμενος,
2584 877 2848 946 κολακείᾳ
2882 877 3009 940 τοὺς
3063 880 3121 930 ὲν
3157 877 3286 950 δόξῃ
3339 877 3531 948 μετῄει
3559 895 3763 930 παντο-

497 973 706 1035 Ιί.ιει·ἰε,
748 972 942 1032 uxori,
983 972 1080 1024 toui
1113 971 1352 1039 denique
1401 971 1645 1025 iatnilize.
1686 973 1946 1038 Quamvis
1984 971 2076 1040 igi-

2180 972 2348 1040 δαπῇ,
2405 970 2520 1040 βίον
2567 970 2842 1038 πρόφασιν
2897 969 3234 1040 ἐπιτηδεύων
3279 971 3374 1024 καὶ
3407 970 3556 1039 ζωῆς
3594 987 3758 1036 πορι-

502 1078 588 1114 tttr
630 1066 818 1120 sciret.
868 1063 1116 1132 inquam
1160 1061 1469 1130 perniciosa
1511 1071 1674 1132 atque
1725 1063 2076 1126 abominabili

2182 1065 2318 1132 σμδν
2351 1063 2526 1132 ἑαυτῷ
2563 1064 2654 1115 καὶ
2691 1062 2850 1114 παισὶ
2889 1061 2986 1115 καὶ
3032 1062 3250 1131 συζύγῳ
3295 1062 3391 1115 καλ⁷
3441 1062 3539 1133 ὅλῃ
3589 1061 3758 1130 φάναι

497 1153 812 1207 (υιιιιίιίοιιο
864 1162 1220 1206 versarentur
1273 1153 1506 1207 Palamze
1564 1155 1837 1222 dogmata,
1897 1166 2076 1210 tamen

2185 1155 2494 1224 συλλήϐδην
2527 1153 2696 1223 οἰκίᾳ..
2731 1153 2949 1221 Καίπερ
2982 1152 3077 1206 οὖν
3107 1153 3262 1215 εἰδὼς
3295 1153 3374 1216 ὡς
3411 1153 3658 1222 ὀλέθριόν
3699 1171 3761 1206 τε

499 1248 688 1310 gloriw
723 1255 888 1314 atque
911 1247 1068 1315 112
1091 1245 1405 1299 divitiarum
1432 1248 1888 1315 tetnporariarum
1915 1264 2076 1303 causa

2180 1247 2275 1301 καὶ
2312 1249 2565 1316 μυσαρᾶν
2599 1248 2665 1300 τά
2699 1245 2791 1300 τοῦ
2827 1247 3064 1316 Παλαμᾶ
3117 1245 3467 1316 κεκλήρωται
3506 1246 3758 1313 δόγματα

496 1338 750 1405 dogmata
782 1337 1052 1390 Palatuica
1086 1337 1390 1404 amplexus.
1441 1346 1501 1390 ut
1547 1343 1661 1406 ipse
1693 1339 1888 1393 melius
1945 1341 2076 1404 scis,

2185 1342 2398 1409 μοῖραν,
2445 1339 2596 1407 ὅμως
2655 1338 2813 1406 δόξης
2855 1338 3021 1391 ’ἑνεκα
3071 1337 3168 1392 καὶ
3219 1338 3452 1390 πλούτου
3496 1337 3558 1406 δή
3613 1355 3759 1399 τινος

497 1428 698 1496 ιιι)ρίᾱο
738 1429 1020 1496 subjectos
1051 1437 1220 1497 atque
1247 1430 1473 1484 serviles
1503 1446 1613 1500 pra:
1639 1447 1698 1485 ae
1725 1431 1846 1485 tulit
1874 1447 2076 1489 mores.

2183 1430 2524 1498 προσκαίρου
2563 1431 2678 1492 τοῖς
2723 1429 3066 1498 Παλαμικοῖς
3102 1427 3440 1481 συνευδοκῶν
3467 1422 3535 1498 ἦν
3557 1427 3766 1495 δόγμα-

497 1522 676 1582 Quare
705 1534 896 1572 earum
936 1535 1141 1583 rerum,
1182 1535 1320 1588 quas
1356 1522 1590 1575 maxime
1615 1524 1926 1590 appetebat,
1966 1537 2076 1577 ma-

2183 1536 2290 1584 σιν,
2331 1519 2408 1581 ὡς
2447 1515 2603 1572 οἷσθα
2665 1520 2866 1588 μᾶλλον
2923 1519 3122 1584 αὐτὸς,
3175 1519 3269 1571 καὶ
3326 1517 3471 1586 μάλα
3521 1536 3574 1570 τι
3636 1519 3763 1571 λίαν

501 1611 642 1662 κὶιιιιι
696 1613 853 1678 copia
927 1611 1277 1666 continenter
1335 1613 1559 1679 quidem
1605 1614 1932 1679 fruebatur,
1983 1615 2076 1670 sed

2180 1610 2474 1682 ἡττώμενά
2507 1629 2569 1666 τε
2612 1613 2707 1666 καὶ
2761 1612 3101 1682 ὑποκείμενα
3152 1612 3480 1684 παρεδείκνυ
3528 1613 3596 1664 τὰ
3623 1613 3758 1683 ῆοη.

500 1716 776 1768 nunquam
811 1711 991 1756 tamen
1018 1702 1343 1759 satiebatur.
1385 1704 1582 1758 Verum
1617 1707 1764 1760 enim
1793 1723 1921 1761 vero
1953 1724 2075 1761 cum

2179 1702 2243 1778 [1⁵.
2284 1705 2386 1760 122
2427 1703 2482 1778 a]
2515 1705 2604 1758 Διὸ
2645 1705 2740 1759 καὶ
2785 1700 2860 1759 ὧν
2912 1704 3020 1775 ἦρα
3056 1705 3314 1773 μάλιστα,
3355 1705 3591 1773 μάλιστα
3623 1708 3763 1758 πάν-

502 1808 680 1858 nuper
709 1803 1009 1847 extremam
1041 1803 1230 1863 ageret
1256 1796 1380 1850 vita:
1410 1797 1672 1860 animam,
1700 1798 1894 1852 morbo
1913 1809 2076 1868 atque

2178 1816 2288 1852 των
2321 1800 2484 1863 αὐτὸς
2531 1799 2814 1853 ἀπέλαυσε
2868 1799 2968 1868 μὲν
3005 1798 3266 1868 συνεχῶς,
3311 1798 3685 1866 ἐνεπίμπλατο
3714 1797 3762 1850 δ’

498 1884 924 1952 mgitationibus
954 1887 1229 1941 cruciatus
1263 1904 1358 1956 per
1403 1903 1601 1944 novem
1650 1890 1912 1959 deinceps
1958 1890 2076 1946 dies

2180 1889 2459 1958 οὐδαμῶς.
2506 1888 2648 1943 Ἀλλ’
2686 1889 2811 1944 ἐπεὶ
2844 1889 2952 1960 πρὸ
2999 1887 3230 1958 βραχέος
3263 1891 3320 1942 ἐν
3350 1888 3606 1958 ἐσχάταις
3637 1889 3764 1955 ἐγε-

497 1977 638 2028 lecto
663 1987 781 2032 erat
809 1978 1020 2043 aﬂixus,
1055 1980 1255 2047 quibus
1288 1995 1430 2048 saepe
1456 1980 1614 2048 quasi
1649 1982 1916 2036 divinitus
1942 1997 2076 2038 cou-

2179 1981 2329 2050 γόνει
2358 1981 2452 2034 τοῦ
2487 1980 2606 2050 βίου
2647 1981 2859 2044 πνοαῖς,
2907 1980 3067 2033 ἐννέα
3113 1979 3304 2033 λοιπὸν
3335 1979 3575 2050 ἡμέραις
3601 1979 3667 2048 τῇ
3701 1995 3759 2030 τε

495 2067 698 2119 citatus
724 2068 952 2137 singulis
976 2068 1091 2124 fere
1115 2071 1457 2135 interpositis
1479 2071 1629 2126 horis
1647 2074 1723 2126 ad'
1742 2089 1924 2128 aerem
1950 2074 2076 2128 sub-

2182 2074 2322 2142 νόσῳ
2375 2075 2470 2126 καὶ
2500 2075 2611 2135 τοῖς
2640 2072 2921 2141 λογισμοῖς
2956 2068 3394 2142 τυραννούμενος
3431 2071 3631 2134 ἔκειτο,
3664 2069 3759 2122 ὅτε

497 2175 845 2214 murmurare
863 2162 1066 2231 aliquid
1090 2163 1578 2234 videbaturmeque
1595 2167 1758 2220 aliter
1778 2182 1836 2220 se
1857 2169 2078 2236 gerebat

497 2265 561 2302 ac
585 2250 628 2303 si
664 2266 838 2317 paena:
871 2252 968 2306 abs
1001 2269 1067 2308 eo
1096 2266 1480 2320 repeterentur
1499 2273 1687 2311 earum
1718 2275 1922 2324 rerum,
1941 2276 2078 2324 quas

496 2341 756 2395 audacter
788 2355 1178 2412 perpetrasset.
1219 2347 1396 2416 Atque
1424 2364 1549 2402 cum
1606 2349 1710 2403 alia
1755 2350 1894 2404 dixit
1962 2360 2076 2406 tum

499 2430 730 2484 invitum
762 2447 886 2486 sese
913 2435 980 2488 ad
1029 2435 1170 2490 hanc
1198 2437 1432 2493 lla-resin
1462 2439 1811 2508 applicuisse.
1858 2443 1938 2496 Ad
1981 2458 2076 2497 ex-

499 2528 736 2573 tremum
781 2531 964 2576 autem
1002 2539 1124 2579 sese
1165 2527 1434 2595 recipiens
1481 2539 1537 2583 et
1577 2533 1731 2598 quasi
1767 2530 1942 2586 libere
1993 2548 2078 2587 re-

501 2610 719 2672 spiraus
758 2609 1026 2666 Paiamiea
1063 2614 1316 2684 dogmata
1349 2626 1512 2686 atque
1545 2618 1715 2673 libros
1738 2659 1754 2683 ,
1799 2636 2077 2690 quoscun-

497 2717 607 2768 que
636 2701 784 2755 domi
830 2703 1043 2766 habuit.
1077 2708 1227 2761 omni
1273 2708 1442 2762 animi
1475 2708 1671 2764 affectu
1698 2712 2033 2782 conquisivit
2054 2753 2071 2778 ,

2178 2165 2244 2234 δὴ
2287 2166 2382 2220 καὶ
2427 2165 2629 2236 μεταξῦ
2683 2165 2948 2226 πολλάκις
3003 2160 3114 2217 οἷον
3164 2163 3352 2226 ἔνθους
3405 2164 3462 2215 ὲν
3502 2160 3759 2231 ὠριαίοις

2177 2259 2291 2312 τισὶ
2346 2257 2750 2328 καθιστάμενος
2804 2257 3195 2326 διαστήμασιν,
3229 2253 3643 2323 ύποψιθυρίζων
3692 2269 3754 2305 τε

2177 2349 2435 2420 ἐφαίνετο
2487 2349 2624 2420 πρὸς
2675 2349 2836 2419 ἀέρα.
2884 2347 2981 2402 καὶ
3026 2347 3234 2418 σφόδρα
3285 2346 3459 2416 δήπου
3490 2344 3645 2406 δίκας
3677 2335 3757 2396 ὧν

2177 2443 2484 2512 ἐπεπράχει
2517 2440 2704 2512 βιαίως
2735 2439 3122 2510 ἀπαιτουμένῳ
3155 2438 3342 2508 ἐῴκει.
3391 2436 3503 2491 Καὶ
3543 2436 3643 2505 μιν
3687 2435 3753 2504 δὴ

2175 2534 2248 2589 τά
2289 2533 2338 2588 τ’
2371 2534 2506 2589 ἀλλα
2537 2532 2713 2601 λέγων
2739 2527 2831 2602 ἦν,
2885 2530 2982 2585 καὶ
3027 2530 3104 2595 ὼς
3157 2529 3308 2584 ἀκων
3337 2529 3438 2597 τῆς
3485 2527 3755 2598 αἱρέσεως

2173 2626 2412 2697 ἥττηται
2456 2623 2713 2695 ταυτησί.
2745 2623 2911 2686 Τέλος
2972 2621 3018 2677 δ’
3072 2622 3266 2675 ἑαυτὸν
3319 2619 3630 2689 ἀνειληφὼς
3660 2619 3756 2672 καὶ

2172 2713 2285 2772 οἷον
2328 2712 2765 2778 ἀναπεπνευκὼς
2808 2714 3142 2784 ἐλευθέριον,
3191 2712 3294 2767 ὅσα
3348 2711 3460 2765 τῶν
3502 2711 3756 2779 Παλαμι-

497 2793 810 2860 couquisita
852 2794 907 2848 in
951 2795 1226 2851 llatnmam
1285 2798 1428 2870 ignis
1466 2801 1611 2856 allati
1653 2802 1770 2858 suis
1820 2805 2074 2861 manibus

2176 2811 2290 2865 κῶν
2320 2809 2611 2878 δογμάτων
2641 2823 2703 2860 τε
2746 2805 2844 2860 καὶ
2877 2803 3098 2875 βιϐλίων
3135 2804 3286 2872 παρά
3334 2801 3425 2856 τδν
3456 2795 3608 2855 οἷκον
3639 2801 3760 2853 ἐτυ-

499 2885 721 2953 injceit,
775 2885 901 2940 talia
958 2887 1077 2942 fere
1118 2888 1296 2944 libero
1329 2907 1426 2946 ore
1473 2891 1708 2948 cﬂ‘atus:
1752 2913 1771 2946 ι
1810 2893 2071 2960 Quamvis

2176 2919 2268 2973 χεν
2311 2902 2452 2970 εχων
2481 2940 2496 2964 ,
2547 2898 2700 2962 ὅλαις
2755 2897 3017 2966 ὲζητήκει
3075 2893 3368 2964 προθέσεσι
3403 2893 3502 2960 τῆς
3551 2892 3756 2962 ψυχῆς,

499 2976 642 3028 haud
675 2975 1006 3045 ignorarem,
1063 2991 1266 3049 quanta
1298 2990 1465 3051 atque
1507 2985 1655 3052 quali
1698 2985 1976 3054 impietate
2013 2988 2066 3041 hi

2176 2995 2272 3048 καὶ
2304 2991 2542 3062 εἰληφὼς
2573 2993 2654 3054 είς
2702 2989 2876 3057 φλόγα
2911 2986 3257 3060 παραχρῆμα
3294 2987 3483 3056 χερσὶν
3529 2984 3761 3048 οίκείαις

497 3065 625 3120 libri
674 3077 973 3133 acaterent,
1031 3081 1209 3126 tamen
1264 3075 1462 3142 partim
1501 3076 1728 3145 gloriam
1764 3078 2063 3145 affectans,

2175 3084 2388 3154 καθῆκε
2425 3079 2880 3153 προσενεχθέντος
2914 3079 3110 3150 πυρὸς,
3164 3079 3257 3128 καὶ
3309 3077 3481 3129 τοιαδὶ
3537 3078 3761 3146 πεπαιρο

499 3160 696 3226 partim
731 3162 1035 3230 principum
1066 3164 1522 3221 comminationes
1554 3178 1829 3234 metuens,
1865 3170 2063 3239 partim

2176 3173 2515 3248 ρησιασμένῃ
2558 3173 2624 3243 τῇ
2675 3169 2889 3242 γλώττῃ
2934 3168 3338 3238 φθεγγόμενος·
3378 3185 3396 3218 ι
3449 3164 3611 3234 Ἐγὼ,
3648 3183 3760 3234 φη-

496 3261 799 3317 egvstatem
841 3267 1051 3306 mecum
1085 3253 1422 3310 habitantem
1459 3257 1636 3313 lenire
1664 3259 1913 3323 studens,
1945 3278 2078 3316 con-

502 3355 584 3396 tra
616 3359 836 3397 omnem
872 3360 1048 3398 meam
1083 3348 1476 3402 conscientiam
1507 3350 1731 3419 agebam
1762 3361 1817 3404 et
1845 3359 1952 3404 tam
1976 3353 2077 3406 im-

499 3437 688 3506 probis
711 3437 980 3508 dogmatis
1011 3454 1096 3493 me
1127 3441 1508 3512 subjiciebam.
1542 3442 1647 3498 Per
1694 3443 1861 3498 Deum
1911 3445 2076 3516 igitur

503 3546 620 3592 vos,
651 3530 744 3599 qui
776 3531 978 3585 adestis
1010 3531 1167 3601 113
1215 3549 1505 3603 meamque
1551 3535 1950 3590 confessionem
1981 3553 2080 3591 au-

501 3622 652 3688 dtis,
686 3624 881 3678 anima:
912 3640 1045 3678 meae
1079 3625 1412 3680 calamitosa:
1444 3628 1674 3681 salutem
1711 3629 1922 3698 precari
1980 3644 2076 3682 ve-

500 3715 651 3777 litis,
704 3731 833 3786 rogo
891 3728 1053 3788 atque
1095 3719 1345 3773 obsecro.
1408 3737 1426 3770 ι
1474 3717 1598 3774 [lare
1647 3720 1865 3774 locutus
1915 3721 2078 3773 homo

501 3801 737 3855 animam
786 3803 1004 3860 eillavit.
1039 3804 1167 3860 lude
1214 3805 1416 3860 multos
1471 3806 1591 3862 dies
1625 3823 1710 3862 res
1742 3824 1841 3876 per
1887 3809 2076 3862 urbem

503 3893 748 3961 dispersa
783 3900 1024 3948 onmium
1056 3897 1372 3951 rumoribus
1395 3897 1776 3963 differebatur,
1811 3903 1984 3953 donec
2010 3898 2077 3953 ad

501 4000 666 4038 aures
695 3985 1046 4054 imperatoris
1078 3988 1412 4057 perveniret,
1449 3990 1542 4059 qui
1575 4005 1694 4043 eam
1738 3990 1960 4044 silentio
1979 4007 2080 4064 op-

504 4076 662 4144 primi
690 4077 876 4147 jussit.
914 4081 1092 4148 Atque
1143 4079 1275 4134 mihi
1325 4079 1457 4134 illud
1503 4097 1765 4152 perquam
1812 4083 2074 4137 idoneum

505 4170 793 4223 Videbatur
851 4171 918 4224 ad
977 4171 1215 4226 Palama:
1268 4173 1603 4242 impietatem
1655 4175 2076 4242 corrigemlam,

502 4263 605 4314 nisi
659 4263 1006 4331 imperatoris
1048 4263 1212 4317 mina;
1248 4264 1642 4333 impedimento
1681 4265 1936 4329 fuissent,
1984 4273 2080 4318 aut

507 4361 709 4416 potius,
741 4352 786 4406 si
815 4351 1065 4422 episcopi
1095 4352 1252 4407 vivos
1275 4353 1510 4418 animos,
1541 4369 1645 4406 non
1685 4353 1878 4407 timore
1913 4355 2080 4408 rusti-

503 4441 687 4496 citatis
717 4453 999 4496 emortuos
1024 4443 1290 4496 haberent
1313 4459 1492 4513 neque
1517 4443 1622 4497 ulla
1661 4460 1726 4498 ex
1759 4454 1911 4513 parte
1951 4461 2077 4514 pro—

2179 3266 2286 3332 σὶν,
2318 3266 2374 3327 ὲς
2413 3264 2675 3332 τάκριϐὲς
2706 3260 2861 3324 είδὼς
2894 3261 3096 3331 ὁπόσης
3122 3262 3215 3313 καὶ
3243 3260 3358 3322 οἵας
3398 3258 3561 3328 γιίμει
3591 3257 3760 3311 ταυτὶ

2174 3359 2242 3410 τὰ
2275 3355 2456 3422 βιϐλία
2491 3357 2588 3424 τῆς
2622 3353 2897 3417 ἀσεϐείας,
2939 3354 3088 3422 ὅμως
3139 3351 3258 3414 πῶς
3301 3351 3402 3418 μὲν
3439 3348 3759 3419 θηρώμενος

2175 3448 2353 3514 “eam
2387 3447 2510 3510 πῶς
2539 3445 2595 3498 δὲ
2627 3446 2723 3498 καὶ
2758 3443 2944 3506 δεδιὼς
2990 3443 3090 3507 τὰς
3136 3441 3459 3503 αύθεντικάς
3501 3439 3759 3502 ἀπειλὰς,

2177 3539 2274 3591 καὶ
2309 3537 2427 3606 ἅμα
2457 3536 2557 3603 τὴν
2581 3533 2831 3587 σύνοικον
2861 3532 3308 3603 παραμυθεῖσθαι
3344 3531 3535 3583 πενίαν
3563 3531 3760 3598 ἐπιτη-

2177 3630 2366 3693 δεύων,
2423 3626 2613 3682 ἔλαθον
2664 3626 2815 3698 παρὰ
2876 3627 3057 3679 πᾶσαν
3110 3625 3283 3694 δήπου
3329 3620 3627 3692 πεπραχὼς
3655 3621 3758 3687 τὴν

2178 3719 2419 3790 ἐμαυτοῦ
2455 3719 2780 3790 συνείδησιν.
2805 3719 2901 3770 καὶ
2926 3719 3037 3778 τοῖς
3061 3715 3204 3769 οὕτω
3233 3713 3536 3784 μοχθηρίας
3568 3711 3758 3780 ἔχουσι

2177 3807 2446 3876 δόγμασιν
2474 3803 2860 3873 ύποκεκυφώς.
2895 3803 3038 3874 Πρὸς
3066 3801 3196 3870 γοῦν
3221 3802 3380 3866 Θεοῦ,
3409 3802 3506 3871 τὴν
3543 3799 3758 3870 παροῦο

2180 3915 2280 3952 σαν
2307 3896 2445 3966 ἐμὴν
2483 3896 2840 3965 ὲξαγόρευσιν
2864 3895 2914 3947 οι
2942 3894 3212 3965 παρόντες
3258 3892 3573 3957 ἀκούοντες,
3609 3893 3755 3962 ὑπὲρ

2177 3991 2276 4062 τῆς
2319 3992 2461 4062 ὲμῆς
2490 3990 2567 4061 τῷ
2596 3990 2718 4060 Θεῷ
2763 3989 3120 4060 ταλαιπώρου
3163 3989 3342 4059 ψυχῆς
3383 3987 3753 4053 συνεύξασθαι

2178 4081 2594 4152 προθυμήθητε,
2647 4080 2860 4148 δέομαι.
2903 4096 2924 4132 ι
2987 4080 3094 4131 Καὶ
3141 4079 3285 4132 οὕτω
3333 4080 3444 4142 τοϊς
3489 4078 3756 4140 τοιούτοις

2176 4172 2314 4243 ἀνὴρ
2348 4175 2552 4233 ἐκεῖνος
2589 4169 2934 4239 συναπέψυξε
2966 4171 3241 4240 ῥήμασιν.
3271 4170 3437 4223 Ὅθεν
3486 4171 3577 4222 ἐπὶ
3620 4169 3754 4221 πολ-

2177 4263 2297 4325 λαῖς
2333 4263 2574 4332 ἡμέραις
2623 4261 2726 4315 ἀνά
2776 4261 2956 4313 πᾶσαν
3007 4258 3364 4328 διεσκεδάσθη
3404 4258 3466 4311 τὸ
3516 4257 3754 4328 πρᾶγμα

2177 4352 2275 4423 τὴν
2307 4352 2480 4420 πόλιν,
2515 4352 2610 4405 καὶ
2640 4352 2847 4422 σφόδρα
2886 4351 3362 4430 διατεθρύλληται,
3405 4351 3511 4411 ἕως
3547 4351 3642 4403 καὶ
3673 4350 3756 4411 είς

2179 4441 2464 4510 βασιλικάς
2499 4442 2574 4494 ἱὸν
2617 4442 2786 4504 ἀκοὰς
2823 4440 3131 4494 σιωπᾶσθαι
3175 4442 3594 4510 προστέτακται.
3645 4437 3754 4491 Καί

505 4545 626 4599 pter
651 4531 877 4602 gloriam
923 4542 976 4588 et
1007 4532 1281 4587 luxuriem
1311 4534 1653 4604 principibus
1686 4535 1848 4606 hujus
1897 4537 2076 4590 saaculi

2190 4551 2281 4602 μοι
2321 4534 2580 4596 επιεικῶς
2627 4532 2808 4600 ἔδοξεν
2863 4531 3049 4584 ἱκανὸν
3081 4533 3163 4592 εἰς
3191 4531 3486 4603 διόρθωσιν
3523 4529 3623 4597 τῆς
3655 4525 3754 4580 τοῦ

505 4621 758 4675 assentiri
788 4623 1013 4677 vellent.

2184 4625 2419 4692 Παλαμᾶ
2455 4624 2775 4686 δυσσεϐείας
2817 4619 2956 4676 εἶναι
2987 4623 3164 4686 τουτὶ,
3211 4624 3264 4675 εἰ
3291 4623 3368 4693 μὴ
3409 4622 3668 4692 ἐμποδὼν·
3695 4624 3756 4673 αἱ

395 4757 404 4764 η
509 4719 596 4770 τοῦ
627 4719 890 4785 βασιλέως
941 4719 1285 4789 κατέστησαν
1340 4719 1597 4785 ἀπειλαὶ,
1657 4722 1686 4792 ἧ
1753 4721 1953 4790 μᾶλλον
2007 4723 2054 4774 εί
2097 4720 2277 4784 ζώσας
2332 4715 2478 4791 εἶχον
2502 4719 2794 4773 ἐπίσκοποι
2820 4720 2921 4781 τάς
2983 4719 3163 4788 ψυχὰς
3194 4719 3287 4770 καὶ
3321 4719 3396 4788 μὴ
3427 4718 3756 4787 τεθνηκυίας

513 4814 581 4880 τῷ
629 4815 739 4865 δέει
805 4814 903 4881 τῆς
937 4813 1260 4883 ἀγροικίας,
1309 4817 1404 4868 καὶ
1439 4815 1642 4886 ἥκιστα
1695 4817 1786 4870 διὰ
1828 4817 1987 4880 δόξαν
2022 4817 2116 4870 καὶ
2156 4815 2366 4886 τρυφὴν
2414 4816 2751 4869 συνευδοκεῖν
2779 4815 2900 4878 ταῖς
2947 4815 3146 4885 ἀρχαῖς
3176 4813 3456 4866 ἐϐούλοντο
3487 4813 3579 4865 τοῦ
3613 4831 3758 4884 παρις

507 4909 660 4969 όντος
701 4908 920 4972 αἰῶνος.

582 5002 745 5058 XXII.
805 5003 919 5060 Hoc
975 5021 1142 5061 unum
1179 5022 1357 5078 nuper
1406 5006 1653 5072 factum,
1693 5007 1840 5078 quod
1888 5024 1919 5063 a
1968 5010 2075 5062 tuis

510 5096 692 5150 verbis
710 5111 817 5150 non
844 5096 1128 5164 abhorret,
1145 5114 1248 5167 ego
1266 5098 1526 5172 adiunxi;
1559 5098 1861 5154 secundum
1888 5108 2072 5154 autem

510 5189 610 5242 huc
637 5197 758 5242 est:
790 5188 896 5243 scis
923 5199 1139 5258 gentem
1185 5191 1487 5247 ltussorum
1519 5189 1839 5245 hominibus
1883 5191 2074 5260 copio-

509 5281 776 5333 sissimam
805 5295 922 5334 esse
959 5281 1218 5351 locosque
1248 5283 1596 5340 felicissimos
1637 5284 1900 5344 incolere,
1929 5284 2074 5338 unde

511 5371 687 5424 rat-ias
743 5369 956 5424 divitias
1014 5369 1181 5425 habet
1221 5388 1397 5443 neque
1431 5373 1728 5440 quidquam
1783 5372 1958 5436 deest,
2015 5381 2074 5425 ut

509 5461 692 5515 munia
735 5475 842 5515 una
887 5462 1377 5531 comprehensione
1425 5463 1774 5530 complectar,
1809 5463 1954 5532 quod
2004 5462 2070 5516 ad

511 5557 714 5622 largam
772 5568 955 5606 rerum
989 5556 1206 5623 copiam
1253 5555 1508 5621 pertinet.
1545 5555 1814 5609 Przetcrea
1865 5555 2078 5623 legibus

512 5660 652 5696 vene
687 5645 810 5698 fidei
851 5661 1128 5714 nunquam
1160 5645 1418 5699 ﬂuctibus
1443 5647 1659 5714 jactatis
1706 5647 1916 5700 ratione
1945 5647 2078 5702 sim~

517 5736 740 5801 pliciore
775 5746 833 5790 et
883 5735 1160 5790 incuriosa
1190 5735 1513 5804 obsequitur
1535 5778 1549 5802 ,
1583 5752 1645 5791 ex
1693 5755 1803 5806 quo
1836 5747 2080 5805 tempore

516 5827 675 5884 tidem
710 5825 964 5884 precibus
991 5825 1104 5880 suis
1141 5837 1432 5882 consecuta
1464 5836 1566 5883 cst.
1605 5830 1698 5885 ilis
1741 5829 2080 5890 temporibus

2260 5007 2387 5061 KB'.
2423 5005 2520 5058 Ἓν
2553 5003 2652 5071 μὲν
2686 5002 2751 5072 δὴ
2791 5001 2952 5054 τοῦτο
2978 5003 3088 5064 τοῖς
3122 5002 3233 5062 σοῖς
3266 4998 3495 5062 ἐκείνοις
3520 4999 3755 5053 ἀκόλου-

2181 5100 2274 5152 θον
2311 5097 2492 5165 λόγοις
2531 5093 2909 5164 συνεϐαλόμην
2944 5093 3121 5161 ἔγωγε
3174 5092 3439 5161 πρότριτα
3491 5093 3715 5159 γεγονός
3739 5109 3754 5124 ο

2179 5192 2434 5261 δεύτερον
2473 5189 2553 5254 δὲ,
2590 5189 2649 5240 τὺ
2677 5186 2831 5250 ἔθνος
2866 5186 2977 5240 τῶν
3015 5183 3152 5248 Ῥὼς
3196 5179 3353 5236 οἶσθα
3403 5183 3477 5245 ὡς
3519 5184 3758 5238 πολυαν-

2182 5277 2537 5352 θρωπότατόν
2589 5275 2648 5328 τέ
2698 5277 2817 5327 ἐστι
2869 5272 2964 5328 καὶ
3001 5272 3169 5326 τόπον
3199 5269 3496 5338 εὐδαίμονα
3521 5269 3642 5322 λίαν
3673 5271 3758 5322 οξ-

2181 5371 2335 5424 κοῦν.
2374 5367 2612 5420 Πλοῦτον
2660 5365 2768 5433 γὰρ
2810 5363 3022 5418 ἐκεῖθεν
3065 5362 3207 5432 ι’σχει
3262 5359 3625 5424 παντοδαπὸν,
3661 5363 3760 5414 καὶ

2181 5462 2482 5531 συλλήϐδην
2519 5459 2717 5522 εἰπεῖν,
2750 5457 2964 5518 οὐδενὸς
2991 5453 3337 5524 ἀχορήγητόν
3367 5454 3484 5505 ὲστι
3524 5449 3633 5504 τῶν
3653 5451 3758 5503 ὅσα

2182 5553 2318 5621 πρὸς
2349 5551 2582 5617 ἀρθονον
2622 5551 2785 5619 χάριν
2817 5549 2920 5619 ὁρᾷ
2954 5548 3063 5600 τῶν
3091 5546 3436 5617 ἐπιτηδείων.
3482 5543 3592 5596 Καὶ
3619 5543 3758 5611 πρός

2179 5661 2242 5711 γε
2285 5643 2471 5711 νόμοις
2523 5641 2836 5712 όρθοδοξίας
2875 5639 3091 5710 οὐδαμῆ
3137 5639 3527 5706 σαλευομένοις
3559 5633 3755 5687 ἕπεται

2140 5734 2142 5736 ⁷
2183 5735 2327 5789 κατά
2357 5752 2418 5802 γε
2467 5734 2556 5786 τδν
2589 5732 2961 5802 ἁπλούστερον
3006 5733 3101 5784 καὶ
3155 5731 3492 5801 ἀπράγμονα
3524 5729 3752 5798 τρόπον,

2184 5827 2243 5888 ἐξ
2296 5829 2529 5889 ὅτουπερ
2568 5824 2737 5886 αὐτὴν
2781 5823 2876 5885 τὰς
2932 5822 3095 5885 εὖκάς
3133 5821 3440 5884 ἀνειλῆφειο
3473 5819 3671 5885 Ἕῖυκε
3701 5812 3751 5870 δ’
