4088 6470
311 385 376 446 97
1118 448 1127 455 ,
1299 378 1749 448 ΒῩΖΑΝΉΝΒ
1782 383 1874 449 HI:

1976 381 2173 444 sum
2209 380 2357 447 LIB.
2400 382 2617 446 XXVI.
3489 393 3561 458 98

312 498 407 553 οὖν
434 496 539 551 κάν
577 493 788 560 τούτοις
818 496 932 560 τοῖς
969 495 1179 568 χρόνοις
1208 499 1300 555 τον
1331 498 1690 554 ὲπισκοπικδν
1732 497 1874 551 ὲκεί-

1979 494 2148 567 igitur
2171 497 2544 568 episcopalem
2565 496 2752 552 sedem
2775 495 2994 552 ornavit
3019 505 3185 568 atque
3213 496 3430 553 animos
3454 499 3558 553 hn-

318 608 429 643 vot:
458 589 649 660 θρόνον
699 590 921 659 κοσμῶν
970 593 1066 643 καὶ
1107 592 1208 662 τὴν
1256 592 1494 664 ψυχικὴν
1546 590 1643 645 τοῦ
1689 590 1882 654 ἔθνους

317 680 643 735 ἐπιστασίαν
697 681 1096 752 ἀνειλημμένος
1138 684 1279 754 ἀνὴρ
1319 685 1564 748 συνετὸς,
1597 681 1661 753 [Γ.
1690 682 1794 737 ηε
1823 679 1878 754 ὁ]

311 775 386 838 ὡς
416 770 594 837 οἶσθα,
620 774 714 827 καὶ
739 774 851 828 τῶν
878 776 1041 829 θείων
1072 777 1314 830 κανόνων
1357 779 1454 831 καὶ
1502 778 1683 846 νόμων
1707 776 1767 841 ἐξ
1799 776 1879 830 ἔτι

311 866 434 920 νέου
462 869 659 934 πεῖραν
712 868 778 918 ἐκ
832 867 994 937 τῆσδε
1043 869 1144 938 τῆς
1197 869 1465 939 μεγίστης
1514 870 1625 923 τῶν
1670 869 1880 922 πόλεων

310 954 580 1026 ἡθροικὼς
624 955 853 1025 ἀκριϐῆ.
922 958 1031 1010 Καὶ
1092 957 1180 1012 ἵνα
1257 957 1494 1013 συνελὼν
1537 959 1678 1013 εἴπω
1707 998 1723 1023 ,
1752 960 1881 1023 τοὶς

309 1048 465 1109 νέους
528 1046 768 1118 κάκείνῳ
820 1049 1144 1119 πεπόμφασι
1181 1050 1385 1120 τόμους
1422 1053 1472 1105 οἱ
1505 1053 1604 1119 τῆς
1631 1050 1880 1120 Παλαμι-

308 1139 412 1203 κῆς
445 1138 708 1192 θιασῶται
741 1141 998 1210 φατρίας,
1048 1142 1128 1204 είς
1166 1142 1259 1195 τὸν
1304 1145 1506 1197 οἰκεῖον
1537 1144 1637 1212 τῆς
1669 1143 1880 1198 ἑαυτῶν

307 1232 579 1295 ἀπωλείας
609 1233 856 1303 κρημνὸν
890 1233 1285 1303 ἐκκαλούμενοι
1345 1236 1443 1289 καὶ
1500 1237 1687 1302 αὐτὸν,
1721 1235 1878 1304 σφίσι

307 1323 491 1374 ποιεῖν.
508 1323 697 1386 εἰωθὸς
725 1322 904 1378 τουτοῖ
961 1325 1099 1395 πρὸς
1153 1327 1374 1392 ἁπάσας
1408 1328 1593 1392 πόλεις
1637 1329 1734 1383 καὶ
1771 1328 1878 1399 χώς

310 1431 434 1484 ρας.
477 1419 533 1470 ’0
584 1417 630 1469 δ’
661 1419 965 1484 ἀναγνοὺς,
1026 1420 1123 1471 καὶ
1184 1419 1310 1473 ίδὼν
1366 1420 1475 1473 τῶν
1509 1421 1880 1492 βλασφημιῶν

306 1508 533 1561 ἐκείνων
583 1510 645 1562 τὺ
701 1511 908 1581 σμῆνος
957 1511 1051 1565 κα)⁵
1099 1512 1199 1583 τὴν
1236 1513 1556 1584 Ἑλληνικὴν
1587 1513 1878 1568 πολυθεῖαν

306 1602 535 1656 ἀπασῶν
564 1604 682 1656 ἐκεῖ
709 1603 1147 1673 προεδρεύουσαν
1175 1607 1317 1659 πάνυ
1344 1606 1705 1671 δεσποτικῶς,
1737 1607 1879 1662 κατά

304 1697 411 1763 γῆς
437 1712 497 1749 τε
533 1694 759 1767 ἔρριψεν
786 1697 973 1760 εὐθὺς,
1011 1698 1107 1751 καὶ
1139 1699 1209 1752 τά
1237 1692 1352 1752 ὦτα
1381 1698 1728 1769 φραξάμενος
1767 1700 1877 1754 ἀπὸ

303 1789 475 1858 ἀκοῆς
510 1790 756 1858 πονηρᾶς
799 1789 1124 1860 ἀπεπήδησε
1168 1791 1421 1863 τάχιστα.
1462 1794 1572 1847 Καὶ
1602 1792 1873 1864 λοιδορίας

1983 590 2191 644 mittunt
2221 594 2322 645 suo
2371 591 2603 661 imperio
2631 589 2833 645 direxit
2862 588 2965 653 vir,
3005 597 3065 643 ut
3112 588 3229 659 ipse
3265 590 3394 653 scis,
3432 607 3564 660 prn-

1980 680 2340 739 dentissimus
2368 682 2798 752 divinarumque
2825 697 3144 737 normarum
3185 692 3352 754 atque
3377 684 3559 753 legum

1980 775 2108 830 inde
2135 791 2165 829 a
2211 775 2444 846 pueritia
2476 776 2530 831 in
2563 776 2667 832 hac
2715 775 2950 831 maxima
2983 774 3204 829 urbium
3245 775 3561 845 cognitione

1985 864 2146 937 114
2199 876 2458 920 accurata
2515 866 2776 922 imbutus.
2820 867 2888 923 L‘t
2918 865 3107 935 paucis
3157 881 3268 919 rem
3305 881 3562 935 compre-

1981 958 2241 1021 hendam,
2281 958 2409 1013 huic
2434 974 2654 1029 quoque
2679 959 2799 1013 viro
2835 959 3122 1014 Palamicm
3147 967 3313 1012 secta:
3342 958 3562 1012 sodales

1981 1064 2150 1104 novos
2177 1048 2378 1114 Tomos
2406 1051 2694 1111 miserunt,
2728 1049 2782 1103 iu
2815 1065 3057 1118 prteceps
3105 1050 3347 1118 ipsorqu
3380 1049 3558 1102 inter-

1980 1138 2091 1193 itus
2131 1139 2451 1193 barathrum
2481 1156 2607 1193 eum
2643 1140 2913 1204 vocaturi,
2941 1157 3048 1209 qua
3091 1140 3313 1210 quidem
3347 1140 3563 1195 ratione

1981 1230 2037 1286 in
2080 1248 2273 1286 omnes
2305 1235 2467 1287 urbes
2496 1232 2755 1302 locosque
2788 1232 3023 1301 grassari
3073 1233 3268 1287 solent.
3307 1233 3402 1288 ille
3433 1248 3566 1287 vero

1978 1321 2047 1377 iis
2103 1325 2363 1392 perlectis
2413 1339 2539 1379 cum
2588 1324 3055 1392 blasphemiarum
3106 1340 3337 1378 examen
3393 1337 3562 1393 atque

1977 1412 2226 1469 Graecum
2283 1414 2713 1484 polytheismum
2747 1412 3142 1483 superbissime
3176 1416 3227 1467 in
3265 1413 3332 1468 iis
3379 1414 3563 1467 domi-

1979 1515 2201 1560 nantem
2237 1508 2471 1573 videret,
2501 1508 2553 1561 in
2600 1517 2801 1561 terram
2847 1507 3028 1562 statim
3062 1523 3158 1562 eos
3187 1506 3386 1575 abiecit
3414 1505 3564 1560 auri-

1978 1597 2188 1668 busque
2213 1615 2241 1652 a
2274 1597 2481 1653 nefaria
2510 1598 2797 1654 auditione
2833 1598 3062 1653 munitis
3098 1598 3224 1652 inde
3260 1613 3425 1667 quam
3472 1612 3567 1651 οι·-

1976 1688 2198 1744 lerrime
2254 1706 2312 1744 se
2354 1691 2649 1761 proripuit.
2706 1691 2928 1761 Magnas
2971 1706 3101 1745 vero
3146 1688 3564 1746 criminationes

1977 1795 2102 1835 cum
2127 1784 2463 1850 argumentis
2490 1794 2656 1851 atque
2703 1783 3272 1836 detnonstrationibus
3295 1796 3360 1836 cx
3406 1796 3564 1835 sacra

308 1844 472 1948 pri);
496 1844 711 1951 μακράς
736 1844 1058 1951 *γεγραφῶς
1085 1844 1222 1951 μετά
1239 1844 1654 1938 ἓέῖιηῖὲιξζιέώ

1981 1868 2268 1938 διτὶνιιιτιι
2306 1871 2495 1940 petitis
2525 1872 2858 1939 conscripsit
2898 1882 2948 1924 et
2991 1872 3314 1940 patriarchae
3342 1872 3563 1939 episco-

305 1968 457 2032 θείας
493 1970 716 2042 Γραφῆς
760 1973 1000 2042 ἐλέγχων
1031 1974 1124 2025 καὶ
1174 1973 1527 2040 ἀποδείξεων,
1561 1974 1874 2043 ἐπεπόμφει

307 2062 403 2129 ξύν
450 2079 514 2131 γε
545 2062 623 2134 τῷ
653 2064 973 2137 πατριάρχῃ
1026 2065 1140 2127 τοῖς
1198 2066 1538 2130 ἐπισκόποις,
1578 2065 1877 2130 πολυθέους

304 2171 365 2206 τε
394 2153 488 2207 καὶ
524 2153 714 2217 ἀθέους
754 2154 979 2218 τούτους
1024 2156 1320 2210 ἀποκαλῶν
1348 2159 1444 2210 καὶ
1478 2158 1689 2228 σφόδρα
1718 2158 1876 2211 ἀναι-

305 2246 415 2307 δεῖς
437 2247 543 2299 τῶν
568 2247 815 2316 πατρίων
859 2246 1134 2320 ἀθετητάς
1175 2251 1274 2302 καὶ
1301 2249 1538 2313 διώκτας
1562 2250 1872 2320 δογμάτων,

304 2338 401 2392 καὶ
456 2339 575 2408 ἅμα
629 2340 742 2402 τοῖς
810 2342 1182 2413 προσήκουσιν
1231 2341 1572 2411 ἀναθὲμασιν
1631 2344 1874 2399 ὑποϐάλ-

304 2431 432 2486 λων.

377 2520 504 2575 KI".
536 2520 644 2577 Kal.
676 2521 746 2578 τά
785 2523 884 2592 μὲν
943 2524 1008 2577 ἐκ
1055 2521 1295 2587 Ῥωσίας
1326 2525 1635 2595 γράμματα
1684 2525 1875 2580 τοῦτον

319 2607 442 2681 laxe
481 2611 572 2664 τὸν
613 2611 834 2682 τρόπον,
863 2614 958 2666 καὶ
990 2612 1134 2667 οὕτω
1172 2615 1302 2676 τοὺς
1344 2614 1712 2684 κακοσχ’λους
1752 2614 1876 2668 τού-

314 2720 434 2766 τους
486 2702 738 2772 ἐξήλεγξε
770 2704 890 2772 μὲν,
927 2705 1029 2759 οὐκ
1067 2704 1307 2776 ἐμάλαξε
1345 2704 1426 2760 δέ.
1455 2706 1791 2778 ’τεθαύμακα
1828 2707 1875 2762 δ’

307 2794 481 2862 ἔγωγε
524 2793 645 2858 πῶς
700 2793 867 2850 τᾶλλα
919 2813 983 2865 γε
1048 2796 1285 2866 ἀμαθεῖς
1344 2797 1684 2868 ὑπάρχοντες
1726 2792 1876 2852 οὗτοι

307 2885 462 2939 τοῦτο
491 2889 767 2959 φρονίμως
804 2889 1171 2960 οίκονομοῦσι,
1204 2892 1334 2961 πρὶν
1370 2891 1641 2946 ἔκπυστον
1669 2892 1873 2962 φθῆναι

310 2978 583 3046 γενέσθαι,
613 2972 812 3047 πάσαις
840 2981 1089 3048 ἀπειλαῖς
1114 2982 1463 3047 αὐθεντικαῖς
1487 2984 1876 3049 συστέλλοντες

309 3069 402 3123 καὶ
433 3070 634 3137 φόϐοις,
665 3074 761 3127 καὶ⁸
793 3074 949 3146 τάφῳ
980 3076 1154 3144 φάναι
1203 3076 1367 3147 σιγῆς
1397 3076 1459 3128 ιν
1491 3075 1688 3147 βραχεῖ
1727 3059 1865 3144 συγ-

306 3159 627 3229 χωννύντες,
657 3157 834 3234 οἶμαι,
885 3165 981 3218 τὸν
1031 3164 1273 3237 πονηρδν
1333 3166 1624 3237 οίκονόμον
1658 3168 1873 3221 ἐκεῖνον

310 3256 671 3324 μιμούμενοι,
711 3273 771 3311 ου
826 3257 925 3327 τὴν
988 3258 1046 3311 ὲν
1106 3257 1353 3329 χρήμασι
1402 3260 1873 3332 μεμηχανημένην

305 3347 623 3417 οἰκονομίαν
653 3351 712 3402 ὲν
754 3349 1115 3419 Εὐαγγελίοις
1158 3352 1186 3405 δ
1227 3351 1431 3423 Κύριος
1465 3353 1725 3410 ἐπαινῶν.
1755 3348 1879 3409 εἶτα

306 3438 383 3508 τῷ
413 3441 614 3512 αἰωνίῳ
650 3441 1019 3512 παραπέμπει
1046 3441 1205 3515 πυρί.

377 3616 500 3671 KA'.
538 3617 868 3689 Ἐϐουλόμην
899 3621 994 3673 καὶ
1027 3620 1210 3691 τρίτον
1238 3621 1565 3693 προσθεῖναι
1601 3621 1874 3695 διήγημα,

306 3708 417 3764 τῶν
454 3711 761 3782 εἰρημένων
813 3713 911 3782 οὐχ
960 3703 1124 3784 ἦττον
1170 3712 1252 3777 είς
1303 3712 1530 3783 ἔλεγχον
1566 3713 1676 3784 ’τῆς
1709 3713 1876 3767 τῶνδε

304 3801 413 3852 τῶν
447 3801 654 3872 ἀνδρῶν
691 3803 967 3867 ἀσεϐείας.
1013 3804 1176 3858 Ἀλλά
1235 3804 1294 3858 σὲ
1344 3805 1488 3875 ’πρὸς
1549 3804 1651 3876 τὴν
1704 3806 1877 3877 ἀκοὴν

308 3892 487 3964 ἀηδῶς
542 3893 816 3966 θεώμενος
846 3896 1061 3968 ἔχοντα,
1095 3896 1188 3950 τὸν
1216 3895 1340 3951 νοῦν
1387 3896 1451 3950 ἐκ
1493 3912 1553 3950 τε
1594 3895 1767 3967 ἀκοῆς
1794 3900 1876 3961 εἰς

305 3990 402 4048 τὰς
433 3988 601 4051 ἀκοὶς
627 3987 722 4040 τοῦ
767 3989 954 4043 λοιποῦ
998 3991 1332 4061 μεταφέρειν
1362 3988 1582 4060 ἔγνωκα
1612 3990 1746 4057 δεῖν,
1789 3990 1877 4046 ἵνα

309 4096 359 4130 τι
384 4080 481 4149 τῆς
517 4081 611 4149 σῆς
636 4080 1009 4146 ἀπολαύσαιμι
1049 4081 1319 4150 γλώττης,
1353 4083 1483 4151 πρὶν
1510 4081 1619 4135 τῶν
1644 4081 1861 4151 δημίων

244 4182 249 4189 ’
308 4173 484 4235 ἐνίους
517 4173 771 4240 φυλάκων
816 4173 1144 4245 ἐληλυθότας
1182 4171 1512 4242 ὲπιταράξαι
1544 4174 1639 4226 καὶ
1682 4173 1871 4227 διακό-

305 4264 404 4333 ιῙιοιι
434 4265 530 4336 τὴν
563 4266 786 4337 ἡσύχιον
812 4267 1032 4337 ὁμιλίαν
1053 4269 1214 4339 ἡμων
1256 4264 1483 4336 ταυτηνὶ
1515 4265 1613 4321 καὶ
1657 4265 1752 4318 ἀπ’
1780 4265 1878 4319 ἀλ-

306 4359 479 4429 λήλων
517 4361 663 4430 ἡμᾶς
703 4361 897 4431 διαστῆ
907 4379 1013 4414 σαι.

1980 1961 2175 2032 pisqtte
2200 1962 2384 2027 amisit,
2409 1964 2705 2032 appellant
2729 1979 2823 2018 ens
2847 1963 3132 2033 polytltcos
3152 1971 3209 2016 et
3235 1963 3429 2015 allteos
3461 1962 3566 2015 itu-

1980 2052 2523 2122 pudentissimosqtte
2569 2054 2869 2123 patriorum
2912 2054 3225 2120 dogmatutn
3275 2067 3563 2107 eversores

1978 2153 2144 2212 atque
2180 2155 2583 2213 persecutores,
2632 2144 2925 2198 anathema
2955 2142 3219 2212 denique,
3263 2142 3409 2212 quod
3462 2158 3559 2213 par

1978 2245 2119 2301 erat,
2157 2236 2211 2290 in
2234 2251 2331 2291 eos
2359 2236 2615 2306 ccinjecit.

2054 2498 2243 2554 XXIII.
2274 2501 2449 2571 Atque
2478 2501 2745 2571 scriptum
2775 2515 2840 2555 ex
2885 2500 3082 2556 ilussia
3115 2517 3342 2556 missum
3372 2501 3453 2557 sic
3499 2512 3561 2556 se

1979 2590 2215 2646 halteltat
2243 2593 2407 2646 et'sic
2431 2592 2584 2658 istos,
2618 2591 2714 2663 qui
2745 2592 2797 2648 in
2828 2593 2989 2648 malis
3028 2592 3194 2648 rebus
3237 2607 3451 2664 tempus
3476 2607 3562 2648 ιι·-

1979 2693 2142 2748 runt,
2190 2684 2436 2752 coarguit
2493 2685 2756 2754 quidem,
2791 2693 3031 2739 attamen
3085 2701 3196 2741 non
3240 2686 3560 2741 inlitutavit.

1977 2772 2148 2827 Miror
2188 2783 2371 2829 autem
2400 2815 2416 2841 ,
2466 2775 2745 2846 quomodo
2776 2776 2892 2842 isti,
2935 2775 3066 2831 licet
3113 2777 3356 2846 alioquin
3397 2781 3553 2834 stulti

1976 2863 2109 2928 sint,
2136 2863 2241 2920 hoc
2268 2873 2449 2920 tamen
2482 2865 2786 2934 prudenter
2839 2866 3067 2933 faciant,
3101 2877 3183 2933 ut,
3232 2870 3555 2939 priusquam

1979 2956 2086 3012 tale
2134 2957 2266 3027 quid
2301 2957 2357 3012 itt
2411 2958 2604 3029 volgus
2652 2959 2999 3025 innotescat,
3035 2962 3562 3019 comminationibus

1975 3049 2316 3120 quibuslibet
2360 3051 2573 3106 severis
2604 3061 2771 3121 atque
2819 3052 3131 3107 terroribus
3172 3053 3475 3122 reprimant
3503 3063 3560 3108 et

1976 3144 2148 3200 veluti
2195 3143 2401 3199 silentii
2459 3144 2717 3214 sepulcro
2772 3145 2928 3200 brevi
2984 3154 3231 3217 tempore
3286 3147 3558 3210 condam;

1900 3209 1946 3268 α
1980 3236 2301 3303 imitantur,
2343 3238 2560 3307 opinor,
2621 3239 2825 3293 utalnm
2873 3238 3026 3294 illtttn
3080 3209 3563 3308 dispensatorem,

1979 3330 2141 3402 cujus
2175 3330 2431 3385 callidam
2467 3331 2832 3402 pecuniarum
2878 3331 3348 3400 dispensationem
3380 3334 3565 3388 domi-

1981 3439 2086 3479 nus
2137 3423 2191 3478 in
2245 3423 2554 3495 Evangeliis
2590 3423 2887 3491 collaudat,
2935 3425 3302 3481 collaudatum
3355 3436 3565 3484 aeterno

1979 3514 2090 3584 igni
2123 3504 2364 3570 mandat:

2052 3606 2240 3665 XXIV.
2293 3608 2453 3679 115
2493 3609 2702 3665 Vellem
2754 3609 3015 3682 equidem
3065 3611 3282 3667 tertiam
3339 3627 3563 3684 (tuoque

1977 3697 2279 3770 adjungerc
2305 3700 2702 3763 narrationem,
2737 3718 2860 3771 qua:
2883 3718 2991 3758 non
3019 3703 3202 3760 minus
3224 3718 3386 3773 quam
3414 3705 3565 3774 prio-

1979 3805 2069 3844 res
2100 3789 2265 3844 hasce
2290 3790 2542 3847 homines
2569 3793 2867 3862 impietatis
2895 3793 3274 3862 redargueret.
3303 3790 3562 3848 Attamen
3634 3798 3640 3803 '

1980 3896 2104 3935 cum
2156 3881 2302 3936 hunc
2364 3897 2676 3937 sermonem
2733 3883 2961 3937 moleste
3013 3894 3063 3938 te
3114 3882 3256 3938 ferre
3312 3885 3564 3948 videam,

1981 3974 2232 4027 animum
2267 3975 2378 4044 jam
2413 3974 2481 4031 ab
2526 3975 2809 4032 auditione
2849 3973 3286 4030 convertendum
3335 3977 3564 4045 cegnovi

1980 4065 2046 4120 ad
2080 4066 2413 4133 auditiones,
2437 4076 2495 4122 ut
2522 4067 2759 4123 fructum
2790 4068 3032 4136 aliquem
3066 4077 3171 4120 tuze
3196 4067 3397 4135 linguae
3443 4084 3566 4136 per-

1979 4161 2177 4229 cipiam
2207 4202 2221 4226 ,
2257 4162 2578 4231 priusquam
2610 4177 2676 4216 ex
2716 4161 3166 4217 custodientibus
3218 4177 3316 4216 nos
3348 4162 3567 4215 rarum.-

1979 4255 2138 4310 cibus
2180 4256 2404 4325 quidam
2438 4255 2678 4324 aggressi
2726 4254 3080 4325 tranquillam
3128 4252 3560 4309 familiaritatem

1984 4348 2212 4403 turbent
2254 4357 2418 4417 atque
2464 4348 2734 4403 dirimant
2778 4356 2836 4402 et
2878 4348 3112 4402 alterum
3156 4348 3225 4405 ab
3269 4348 3443 4400 altero
3477 4363 3565 4400 se-

1977 4442 2229 4514 iungant.

372 4541 501 4595 κε’.
536 4539 684 4596 Πάνυ
723 4541 904 4603 καλῶς
927 4558 986 4596 τε
1012 4542 1155 4612 ἐμῆς
1193 4542 1482 4613 ὲστοχάσω
1506 4543 1734 4616 γνώμης
1777 4546 1874 4600 καὶ

2050 4534 2216 4594 XXV.
2268 4533 2485 4605 Optime
2536 4548 2711 4587 meam
2766 4532 3096 4587 sententiam
3163 4540 3327 4604 atque
3383 4533 3564 4588 cons?-

305 4633 540 4696 διανοίας
579 4634 668 4687 διά
701 4634 809 4689 τῶν
851 4634 1050 4701 ἔξωθεν
1077 4635 1248 4706 ἠθῶν,
1299 4635 1436 4689 καλὲ
1474 4637 1871 4706 Ἀγαθάγγελε.

305 4726 395 4777 Διὸ
427 4727 495 4778 τὰ
521 4725 627 4779 τῶν
662 4727 841 4778 ἄλλων
869 4727 1136 4798 εὐφήμως
1186 4726 1496 4798 θεατρίζων
1527 4712 1873 4802 ἐγκλήματα,

304 4817 371 4868 τὰ
406 4815 527 4869 καθῖ
554 4818 749 4870 ἑαυτὸν
771 4817 873 4888 δρα
897 4818 992 4869 καὶ
1018 4817 1188 4886 γνῶθι
1225 4820 1447 4873 σαυτόν.
1480 4819 1605 4882 Τοῖς
1640 4818 1745 4890 γὰρ
1778 4836 1875 4874 κα-

305 4909 420 4970 κοῖς
444 4908 606 4977 ἀρκεῖ
637 4908 697 4960 τὸ
740 4911 935 4971 κακοῖς
973 4904 1139 4975 εἶναι,
1168 4912 1263 4963 καὶ
1311 4913 1410 4979 τὴν
1464 4910 1624 4980 δίκην
1656 4911 1875 4983 ἔχουσιν

308 5002 528 5054 αὐτόθεν
575 5002 926 5072 ἀποχρῶσαν.
963 5004 1174 5065 Ἄλλως
1224 5021 1284 5058 τε
1342 5006 1438 5058 καὶ
1488 5005 1712 5075 κηλῖδας
1755 4999 1873 5059 οἶδά

303 5111 454 5157 τινας
494 5096 1014 5164 ἐναποματτομὲνην
1048 5095 1298 5150 ἐντεῦθεν
1326 5097 1428 5166 τὴν
1464 5097 1655 5167 ἀκοὴν,
1692 5097 1787 5149 καί
1819 5114 1870 5148 τι

304 5186 460 5252 νέφος
488 5184 845 5256 ἀθροίζουσαν
891 5189 957 5259 τῇ
990 5186 1136 5259 ψυχῇ
1185 5188 1487 5259 δυνάμενόν
1521 5205 1637 5251 πως
1688 5187 1874 5241 ἐπιθο-

300 5273 427 5325 λοῦν
473 5278 570 5329 καὶ
620 5275 914 5345 ἀμϐλύνειν
960 5280 1061 5349 μὲν
1110 5280 1170 5331 τὸ
1207 5278 1451 5349 καθαρὸν
1496 5280 1593 5332 καὶ
1633 5279 1871 5333 ἄνυπνον

306 5368 477 5420 ἐκεῖνο
510 5367 603 5421 τοῦ
649 5368 766 5431 νοῦ,
799 5369 1107 5436 ὲξυπνίζειν
1138 5370 1195 5423 δὲ
1239 5372 1301 5424 τὸ
1343 5372 1441 5441 τῆς
1475 5361 1656 5441 ψυχῆς
1690 5372 1870 5441 ἐμπα-

304 5459 414 5521 θές.
454 5460 607 5531 Ὅσῳ
647 5461 757 5532 γὰρ
785 5463 1046 5534 δύσεργόν
1072 5481 1131 5516 τε
1159 5465 1252 5517 xtl.
1278 5463 1730 5534 δυσκατόρθωτον
1766 5463 1865 5518 τιέ-

301 5568 436 5618 φυκε
464 5553 730 5622 τάγαθὸν,
758 5558 963 5608 ἀῦπνον
997 5555 1088 5608 τὸν
1132 5553 1380 5609 διάϐολον
1412 5554 1536 5626 ἔχον
1579 5554 1864 5625 πολέμιον,

297 5644 509 5713 νύκτωρ
546 5647 643 5699 καὶ
678 5646 799 5716 μεθ’
833 5648 1047 5718 ἡμέραν
1109 5649 1210 5715 τὴν
1263 5648 1373 5699 τῶν
1429 5646 1712 5717 λογισμῶν
1743 5649 1867 5699 ἐπι-

299 5733 623 5806 ϐοσκόμενον
652 5738 839 5810 χώραν
889 5743 984 5793 καὶ
1018 5740 1442 5811 μεθαρμόζοντα
1475 5740 1611 5808 πρὸς
1650 5739 1711 5792 τὸ
1749 5742 1867 5811 χεῖ-

294 5841 384 5897 ρον
411 5830 499 5882 ἀεὶ
528 5830 632 5903 τὴν
656 5831 768 5883 τῶν
798 5834 1181 5904 χρησιοτέρων
1215 5833 1384 5899 ἕξεων
1414 5831 1585 5899 ἰδέαν,
1621 5828 1877 5904 τοσούτῳ

1977 4629 2114 4684 lium
2168 4643 2234 4682 ex
2286 4625 2531 4682 externis
2570 4626 2818 4679 moribus
2861 4634 3151 4680 assecutus
3195 4639 3294 4690 es,
3358 4626 3566 4694 Optime

1978 4722 2373 4794 Agathangele.
2414 4717 2596 4786 Quare
2625 4718 2865 4773 aliorum
2918 4718 3151 4771 crimina
3195 4718 3353 4773 bonis
3383 4718 3566 4771 verbis

1978 4815 2032 4870 in
2065 4823 2322 4886 promptu
2383 4827 2593 4882 ponens
2638 4821 2688 4866 te
2737 4811 2918 4880 aSpice
2974 4819 3031 4864 et.
3087 4809 3434 4880 temetipsum
3469 4826 3563 4865 co-

1976 4922 2199 4979 gnosce.
2232 4906 2502 4975 improbis
2525 4905 2672 4959 enim
2700 4902 3019 4958 hominibus
3033 4904 3146 4974 jam
3171 4902 3392 4966 sufﬁcit,
3419 4906 3563 4972 quod

1977 5009 2110 5055 sunt
2149 4999 2388 5068 improbi
2408 5007 2465 5051 ct
2493 4999 2621 5052 inde
2645 4996 2780 5051 satis
2811 5010 2986 5065 paenae
3018 4995 3221 5049 ferunt.
3261 4995 3381 5049 lluc
3410 5012 3568 5049 accc-

1976 5093 2077 5158 dit,
2104 5100 2164 5146 ut
2193 5090 2426 5145 maculis
2452 5088 2784 5160 quibusdam
2832 5086 2965 5143 inde
3005 5102 3169 5142 aures
3207 5096 3565 5156 aspergantur

1974 5195 2032 5242 et
2064 5186 2268 5241 nubem
2307 5186 2600 5255 quamdam
2625 5182 2907 5253 colligant,
2937 5196 3059 5249 qua:
3098 5183 3344 5235 animum
3385 5180 3559 5234 sordi-

1977 5279 2082 5335 bus
2142 5278 2391 5341 inticcre,
2451 5278 2744 5348 puritatem
2798 5274 2945 5329 illam
2998 5281 3163 5344 atque
3220 5272 3559 5342 vigilantiam

1974 5369 2179 5424 mentis
2226 5368 2527 5433 hebetare,
2569 5365 2901 5437 cupiditates
2955 5354 3197 5419 excitare
3253 5361 3448 5433 possit.
3492 5359 3557 5414 Ut

1975 5463 2122 5516 enim
2157 5461 2360 5515 bonum
2392 5475 2492 5516 sua
2524 5472 2723 5515 natura
2762 5472 3060 5530 operosum
3093 5466 3179 5513 est
3203 5472 3267 5510 ac
3313 5453 3556 5514 dillicilc,

1974 5570 2100 5610 cum
2146 5553 2427 5608 diabolum
2484 5552 2800 5623 vigilantem
2847 5549 3138 5604 inimicum
3182 5547 3417 5611 habeat,
3461 5543 3556 5616 qtti

1975 5648 2062 5713 die
2085 5657 2363 5717 noctuque
2384 5646 2629 5701 animum
2677 5641 2927 5713 depascit
2964 5653 3017 5695 et
3046 5654 3268 5711 semper
3302 5638 3560 5694 meliores

1970 5736 2202 5801 allectus
2227 5739 2280 5793 in
2308 5738 2465 5809 pejus
2514 5736 2774 5804 declinat,
2807 5737 2888 5791 sic
2923 5734 3141 5790 facilem
3173 5740 3231 5788 et
3264 5731 3433 5788 veluti
3463 5749 3559 5802 per

1971 5831 2208 5902 pronum
2240 5824 2679 5900 praecipitantem
2716 5827 2923 5884 aditum
2962 5825 3287 5897 improbitas
3323 5825 3431 5881 sibi
3459 5842 3556 5898 pa-
