4088 6468
497 392 600 457 103

1671 385 2099 448 NICEPUORI
2138 387 2453 447 GllEGOR
2468 385 2526 444 Β

3628 377 3727 443 104

492 509 605 562 lum
668 502 890 558 omnino
940 500 1250 554 admitteret
1321 499 1601 564 solatium,
1659 501 1826 554 etiam
1879 497 2060 554 omnis

2168 500 2326 571 ρῶντι
2365 502 2453 554 διά
2507 516 2566 553 τε
2607 499 2666 552 τὸ
2699 499 2796 569 τῆς
2846 499 3179 567 καθείρξεως
3231 497 3492 560 ἐπιεικῶς
3538 498 3731 564 ἰταμὸν

493 611 619 666 spes
650 593 921 649 libertatis
945 593 1026 644 vel
1062 593 1127 644 ad
1183 591 1437 660 exiguum
1498 591 1760 658 temporis
1821 590 2059 659 spatium

492 685 881 755 recuperandae
917 683 1250 747 evanuisset,
1317 681 1592 749 siquidem
1638 691 2058 750 persecutorum

495 781 648 832 furor
670 778 913 832 nOndum
940 775 1314 836 deferbuerat.
1347 773 1440 827 sed
1475 771 1661 841 potius
1683 771 1867 840 plures
1891 781 2060 826 noctu

493 870 698 938 diuque
734 870 786 921 in
835 866 1053 920 vincula
1116 865 1268 934 121
1327 864 1698 931 rapiebantur.
1741 864 1960 928 accidit,
2002 874 2062 918 ut

493 961 564 1014 ob
603 976 687 1012 res
711 959 1061 1027 gravissimas
1097 966 1242 1010 metu
1272 954 1535 1007 aﬂlcerer.
1604 955 1658 1006 Id
1691 955 1836 1008 enim
1878 963 2059 1008 mente

493 1051 783 1120 agitabam,
807 1065 874 1102 ne
906 1063 1054 1102 mors
1095 1063 1256 1116 quam
1293 1045 1423 1098 mihi
1467 1045 1923 1100 machinabantur
1968 1061 2060 1100 su-

497 1145 608 1197 bito
644 1158 744 1196 nec
776 1141 996 1210 opinato
1044 1155 1130 1193 tne
1162 1139 1556 1207 comprimeret
1611 1145 1868 1206 tanquam
1920 1137 2060 1190 latro

491 1250 556 1288 ex
585 1233 818 1286 insidiis.
845 1233 1031 1300 itaque
1067 1231 1225 1283 tertia
1255 1231 1363 1298 jam
1415 1228 1600 1298 vigilia
1655 1243 1764 1296 quo
1814 1237 2061 1296 tempore

493 1325 733 1393 undique
757 1324 1017 1377 cellarum
1067 1321 1432 1374 tintinnaimla
1486 1321 1732 1374 sonantia
1792 1329 1847 1374 et
1897 1335 2062 1388 super

489 1427 656 1484 caput
682 1403 806 1468 aera
827 1415 1090 1468 continuo
1137 1411 1439 1480 crepantia,
1479 1411 1780 1464 monachos
1811 1410 1876 1464 ad
1906 1411 2060 1481 hym-

492 1522 594 1560 nos
656 1503 995 1574 conjunctim
1059 1503 1430 1557 decantandos
1490 1512 1547 1555 et
1597 1513 1916 1556 consuetam
1967 1503 2059 1557 Dei

491 1595 924 1652 celebrationem
988 1603 1312 1657 convocant,
1375 1591 1809 1663 Agatbangelum
1869 1609 2062 1649 rursus

493 1685 712 1740 silentio
746 1686 894 1739 fores
923 1686 1173 1738 emittere
1217 1693 1445 1736 conatus
1479 1697 1636 1747 sum;
1697 1682 2061 1751 quemadmo-

492 1777 622 1830 dum
647 1774 856 1830 Nobam
885 1773 1078 1828 dicunt
1103 1787 1134 1826 e
1166 1772 1286 1825 navi
1323 1773 1569 1826 emisisse
1613 1772 1947 1836 columbam,
1980 1783 2060 1837 ut,

2163 594 2298 663 ὁμοῦ
2326 596 2418 646 καὶ
2449 594 2801 646 παντάπασιν
2826 593 3240 662 ἀπαράκλητον,
3273 592 3366 644 καὶ
3392 590 3508 658 ἃμα
3546 590 3609 640 τδ
3636 587 3730 654 τῆς

2163 686 2479 752 ἐλευθερίας
2529 685 2562 753 ἦ
2601 689 2803 755 μικρᾶς
2843 686 2974 751 γοῦν
3015 702 3158 747 τινος
3211 683 3452 744 ἀνέσεως
3507 679 3732 732 δύσελπι

2165 779 2390 848 (τὸγὰρ
2427 778 2692 847 θηριῶδες
2725 776 2837 830 οὔτ’
2882 777 3044 848 ἔληγε
3085 776 3198 828 τῶν
3228 775 3478 827 διωκτῶν
3519 771 3730 838 οῦόαμί

2163 870 2259 922 καὶ
2295 870 2429 937 πρός
2461 886 2524 936 γε
2559 869 2728 921 πλείω
2761 870 2858 939 τὴν
2901 868 2994 922 τοῦ
3029 867 3215 934 αῦξειν
3248 865 3464 933 νύκτωρ
3498 865 3589 918 καὶ
3614 863 3735 934 μεθ’

2163 959 2377 1030 ἡμέραν
2407 960 2572 1030 ὁλκὴν
2614 962 2912 1032 ἀνῃρεῖτο),
2947 961 3060 1021 δέος
3099 959 3223 1024 ἐμοὶ
3267 958 3372 1008 τῶν
3404 958 3542 1010 πάνυ
3579 960 3733 1025 μεγὲο
3829 991 3838 998 ς

2168 1069 2308 1104 στων
2341 1052 2740 1123 περικεχύσθαι
2781 1052 3118 1117 ξυνέϐαινεν,
3154 1049 3518 1103 ἀναπολοῦντι
3569 1047 3646 1117 μὴ
3676 1047 3735 1098 ὃν

2164 1127 2318 1196 αὐτοὶ
2350 1141 2472 1194 καθ’
2505 1141 2663 1212 ἡμῶν
2700 1142 2786 1193 ἀεὶ
2818 1140 3170 1211 μηχανῶνται
3206 1138 3442 1191 θάνατον
3473 1138 3734 1204 ἐπιγένη-

2164 1250 2275 1298 ται,
2305 1234 2437 1302 πρὶν
2481 1235 2630 1304 ἡμᾶς
2671 1234 2982 1310 αἰσθέσθαι,
3010 1230 3092 1304 ι[ί.
3131 1230 3234 1286 124
3277 1229 3335 1299 a]
3372 1229 3622 1296 καθάπερ
3671 1229 3735 1278 ἐκ

2164 1323 2322 1392 λόγου
2352 1322 2585 1394 λῃστής.
2619 1325 2758 1392 Ἤδη
2785 1323 3074 1392 τοιγαροῦν
3103 1321 3202 1388 τῆς
3235 1322 3354 1375 τότε
3386 1322 3578 1379 νυκτός
3605 1320 3737 1386 περὶ

2164 1414 2355 1482 τρίτην
2378 1415 2678 1483 γενομένης
2703 1413 2972 1484 φυλακὴν,
3008 1415 3064 1467 ἐν
3097 1405 3141 1477 ᾧ
3171 1411 3271 1480 τῆς
3301 1410 3447 1480 ὥρας
3501 1411 3736 1461 ἑκαστα-

2166 1507 2327 1577 χόθεν
2376 1506 2426 1557 oi
2461 1503 2570 1557 τῶν
2617 1505 3051 1575 φροντιστηρίων
3103 1502 3574 1570 ἁνθαμιλλώμενοι
3624 1497 3736 1552 κὼ-

2163 1598 2364 1660 δωνες,
2408 1599 2500 1649 καὶ
2549 1597 2718 1668 συχνά
2760 1597 2851 1650 τὸν
2900 1597 3040 1666 ὑπὲρ
3085 1595 3326 1665 κεφαλῆς
3377 1590 3734 1664 θορυϐοῦντες

2164 1684 2322 1755 άέρα.
2361 1687 2486 1748 τοὺς
2540 1689 2633 1738 τδν
2662 1686 2871 1758 μονήρη
2911 1685 3024 1754 βίον
3075 1685 3459 1755 ἀνῃρημένους
3509 1683 3567 1746 ἐς
3607 1680 3738 1742 τοὺς

2165 1772 2376 1836 κοινούς
2399 1789 2458 1826 τε
2485 1757 2830 1844 άθροίξουσιν
2865 1772 3068 1843 ῦμνους
3091 1773 3188 1826 καὶ
3222 1773 3320 1835 τάς
3351 1786 3415 1839 γε
3444 1771 3580 1840 πρὸς
3604 1769 3738 1822 Θεὸν

493 1880 623 1918 num
653 1864 749 1918 Dei
800 1863 1058 1918 Ecclesia:
1116 1863 1297 1917 eluvio
1354 1862 1719 1917 intermittere
1779 1867 2059 1933 erupisset,

2168 1863 2307 1916 κατά
2349 1863 2412 1915 τδ
2451 1861 2635 1931 σφίσιν
2685 1862 2876 1925 είωθδς
2911 1863 3000 1915 ἀεὶ
3045 1861 3394 1930 δοξοὶογίας,
3431 1864 3524 1916 τὸν
3574 1863 3740 1930 ’Δγα-

488 1955 718 2010 videret.
757 1954 821 2007 Et
853 1955 970 2008 haec
991 1955 1100 2007 duo
1125 1953 1207 2006 vel
1229 1953 1463 2007 maxime
1487 1955 1797 2008 necessaria
1830 1955 1880 2008 ei
1912 1971 2062 2008 com-

490 2046 633 2099 misi.
688 2045 930 2099 Primum
965 2055 1024 2098 ut
1057 2044 1124 2098 ab
1167 2059 1275 2097 uno
1325 2059 1355 2098 e
1390 2044 1524 2098 viris
1573 2045 1778 2098 sanctis
1817 2045 2061 2116 mihique

491 2137 798 2206 conjunctis
858 2137 1176 2206 particulam
1252 2137 1424 2191 divini
1500 2139 1683 2192 carnis
1758 2139 2061 2194 Salvatoris

492 2227 696 2284 Christi
723 2236 777 2281 et
827 2227 924 2280 Dei
978 2227 1180 2289 nostri,
1229 2225 1500 2296 simulque
1549 2229 1705 2296 panis
1757 2229 2062 2284 consecrati

495 2321 648 2389 plura
676 2319 848 2374 frusta
888 2317 1023 2372 mihi
1059 2326 1364 2388 expeteret,
1400 2318 1530 2386 Quae
1560 2321 1706 2375 enim
1768 2320 1915 2376 domi
1944 2322 2064 2375 'ba-

494 2412 712 2476 bebam,
743 2427 805 2464 ea
835 2411 1035 2481 sapius
1087 2412 1299 2466 edendo
1358 2422 1680 2480 consumpta
1735 2411 2062 2468 erant.i.|ant

493 2519 627 2559 vero
673 2505 935 2574 quoniam
985 2505 1128 2558 sicut
1174 2519 1304 2572 apes
1363 2519 1569 2570 ceram,
1647 2505 2066 2562 insidiatoribus

496 2596 715 2649 tradere
753 2610 839 2649 me
870 2598 1156 2649 fortiorem
1208 2609 1434 2649 necesse
1488 2605 1626 2660 erat,
1689 2597 1934 2650 animum
1995 2597 2061 2651 ad

497 2685 864 2741 constantiam
900 2684 1155 2754 colligere
1177 2684 1462 2738 studebam
1487 2702 1501 2748 ;
1531 2685 1696 2755 idque
1739 2696 1800 2739 ut
1828 2687 2067 2740 sanctiti-

495 2778 713 2832 catione
734 2786 1026 2846 sanctaque
1073 2776 1465 2830 communione
1517 2776 1636 2830 loeo
1671 2778 1817 2832 arcis
1857 2795 2065 2848 propu-

495 2870 873 2940 gnaculorum,
909 2867 1092 2938 galeae,
1123 2867 1381 2936 pilorum,
1414 2866 1654 2922 thoracis
1687 2867 1901 2924 clIieerc
1944 2885 2068 2938 pos-

493 2977 607 3017 sem
633 2960 944 3030 cupiebam.
1008 2957 1133 3013 llaec
1162 2958 1330 3028 igitur
1403 2959 1640 3028 primum
1691 2961 2067 3031 Agatbangelo

493 3054 765 3108 commisi.
800 3051 1107 3117 Deinde,ut
1141 3051 1381 3119 singulos
1408 3067 1655 3123 quosque
1708 3054 1915 3109 amicos
1965 3058 2071 3124 pri-

492 3147 659 3200 vatim
690 3158 747 3201 et
765 3129 992 3201 silentio
1018 3145 1194 3199 adiret
1224 3153 1277 3195 ct
1323 3144 1662 3211 hortaretur,
1725 3135 1951 3218 propter
1983 3163 2067 3202 mo

491 3243 750 3296 miserum
791 3240 948 3309 122
972 3239 1224 3308 precibus
1275 3237 1449 3295 Deum
1485 3239 1822 3293 invocarent.
1880 3239 2067 3309 Neque

489 3335 634 3389 enim
667 3333 854 3398 credo,
877 3333 1145 3396 dicebam,
1175 3351 1268 3390 eos
1294 3337 1403 3404 jam
1431 3350 1612 3388 vivum
1640 3350 1724 3388 me
1751 3347 2068 3404 reperturus

487 3439 629 3479 esse.
670 3424 922 3493 Repente.
943 3423 1178 3480 fortasse
1231 3442 1432 3495 corpus
1458 3439 1643 3479 meum
1677 3442 1706 3480 a
1745 3436 2066 3495 persecuto-

492 3518 650 3572 ribus
707 3515 1060 3572 dilaceratam
1123 3517 1353 3571 canibus
1402 3519 1705 3584 avibusque
1760 3513 1863 3569 sub
1915 3515 2068 3570 urbis

492 3609 714 3664 tnteniis
745 3609 1016 3678 obiectum
1070 3607 1372 3664 offendent.
1410 3607 1545 3662 Nam
1577 3607 1691 3660 haec
1709 3606 1818 3676 jam
1847 3620 1913 3659 cx
1945 3607 2068 3658 lon-

491 3719 560 3773 go
582 3713 826 3771 tempore
853 3711 1233 3771 persecutores
1267 3701 1410 3771 apud
1463 3701 1703 3754 animum
1763 3697 2065 3752 constitue-

494 3805 642 3860 runt,
692 3796 796 3849 etsi
851 3811 960 3850 non
1010 3794 1067 3849 in
1123 3793 1270 3849 hunc
1326 3793 1572 3854 modum,
1629 3801 1808 3846 tamen
1866 3797 1926 3844 ut
1990 3788 2066 3843 ita

496 3890 625 3940 liant
656 3885 1008 3941 vehementer
1045 3893 1325 3954 emptam.
1390 3883 1456 3938 Et
1483 3883 1617 3936 mihi
1670 3881 1890 3951 quidem
1951 3879 2068 3933 haec

494 3991 752 4049 tanquatn
782 3979 954 4048 prima
980 3978 1230 4032 laborum
1300 3975 1476 4046 palma
1534 3975 1814 4039 videntur,
1865 3972 2068 4040 quibus

489 4068 688 4135 dignus
721 4069 945 4130 habear,
979 4068 1072 4137 qui
1104 4068 1180 4120 rei
1207 4065 1535 4120 Christiana:
1564 4063 2066 4134 propugnatoribus

492 4161 857 4224 adnumerer;
885 4160 994 4213 illis
1020 4169 1202 4212 autem
1232 4158 1348 4213 lucc
1375 4161 1536 4212 linem
1570 4149 1772 4210 facient
1805 4155 2067 4209 molesta-

491 4265 612 4302 rum
633 4249 1046 4304 contentionum
1070 4257 1125 4302 et
1155 4248 1427 4309 laborum,
1457 4261 1597 4316 quos
1618 4246 1886 4300 continuo
1913 4252 2067 4299 metu

491 4343 821 4411 scriptorum
854 4357 1099 4396 meorum
1135 4341 1312 4396 coacti
1341 4349 1470 4392 sunt
1504 4349 1563 4391 ut
1594 4338 1918 4406 suscipiant.

2163 1953 2429 2021 θάγγελον
2451 1953 2614 2034 μῦθις
2642 1954 2884 2023 ἀψοφητὶ
2913 1955 3003 2007 διὰ
3041 1955 3141 2022 τῆς
3177 1953 3390 2023 θυρίδος
3416 1954 3591 2021 ἔγωγε
3618 1954 3740 2004 ἐνεο

2163 2042 2380 2112 χείρουν
2423 2041 2796 2111 προπέμπειν,
2850 2044 3106 2111 καθάπερ
3156 2041 3279 2094 Νῶε
3337 2042 3506 2094 πάλαι
3569 2045 3738 2108 φασιν

2163 2143 2368 2193 ἐκεῖνον
2406 2141 2470 2192 ἐκ
2523 2135 2759 2192 κιϐωτοῦ
2817 2137 2918 2205 τὴν
2968 2135 3320 2208 περιστερὰν,
3351 2137 3544 2204 μιθεὶν
3596 2137 3644 2187 εί
3711 2135 3742 2185 ό

2162 2234 2262 2302 τῆς
2307 2232 2400 2285 τοῦ
2457 2231 2591 2285 Θεοῦ
2643 2229 2974 2297 Ἐκκλησίας
3030 2228 3218 2296 λωφᾷν
3263 2228 3539 2297 ἐπεχείρει
3575 2243 3744 2280 κατα-

2165 2324 2430 2393 κλυσμός.
2467 2325 2529 2376 Ei
2571 2322 2619 2376 δ’
2644 2320 2758 2386 οῦν,
2795 2320 2890 2373 δύο
2920 2322 3083 2374 ταυτὶ
3110 2317 3309 2390 τουτῳῒ
3346 2318 3738 2389 προτανατίθε·

2166 2414 2294 2466 σθαι
2327 2413 2438 2465 τῶν
2483 2411 2934 2481 ἀναγκαιοτάτων
2977 2410 3152 2463 ἐδόκει
3209 2427 3322 2480 μοι,
3371 2409 3590 2478 πρῶτον
3640 2410 3741 2478 μὲν

2169 2507 2470 2578 προσιόντα
2497 2506 2574 2576 τῷ
2619 2505 2752 2560 δεῖνι
2777 2505 2887 2559 τῶν
2925 2504 3087 2575 ίερῶν
3116 2503 3326 2574 ἀνδρῶν
3358 2505 3454 2557 καὶ
3495 2503 3744 2573 συνήθων

2168 2601 2290 2671 ἐμοὶ
2333 2600 2580 2668 κομίζειν
2630 2597 2841 2651 ἐκεῖθεν
2871 2597 3064 2668 μερίδα
3092 2595 3187 2667 τῆς
3219 2595 3371 2658 θείας
3404 2597 3604 2664 σαρκδς
3643 2593 3744 2647 τοῦ

2169 2686 2424 2763 Σωτῆρος
2455 2691 2692 2762 Χριστοῦ
2715 2692 2809 2743 καὶ
2833 2688 2967 2742 Θεοῦ
2995 2689 3155 2759 ἡμῶν
3180 2688 3275 2741 καὶ
3299 2687 3415 2756 ἅμα
3442 2685 3745 2756 ἀντιδώρου

2167 2785 2408 2854 τεμάχια
2441 2783 2635 2836 πλείω.
2672 2784 2736 2836 ’Δ
2770 2783 2880 2853 γάρ
2915 2780 3058 2849 ἔχειν
3093 2781 3218 2847 ἐμοὶ
3247 2778 3468 2849 περιῆν,
3509 2780 3573 2830 ἐκ
3615 2780 3751 2829 πο).-

2167 2874 2264 2929 λοῦ
2297 2872 2705 2944 δεδαπανῆσθαι
2751 2871 3158 2942 συμπέπτωκεο
3207 2873 3302 2924 καὶ
3347 2869 3440 2922 νῦν
3475 2868 3596 2921 ἐπεί
3627 2884 3746 2937 μοι,

2169 2967 2422 3036 καθάπερ
2454 2965 2644 3035 κηρίον
2693 2963 2965 3035 μέλιτται,
3001 2961 3338 3034 πανταχόθεν
3389 2963 3502 3024 τοῖς
3535 2960 3747 3029 τούμοῦ

2171 3053 2402 3108 θανάτου
2447 3055 2803 3126 δημιουργοῖς
2841 3054 3236 3122 κραταιότερον
3285 3049 3629 3104 ἐπιτίθεσθαι
3663 3049 3752 3102 δέ-

2170 3147 2377 3213 δοκται,
2408 3147 2728 3212 ἀναγκαῖον,
2777 3144 2941 3214 εἴπερ
2977 3145 3129 3210 ποτέ,
3169 3141 3264 3194 νῦν
3321 3143 3558 3210 μάλιστα
3600 3141 3750 3196 δέδο-

2173 3257 2300 3295 κται
2327 3239 2498 3310 κάμοὶ
2526 3239 2963 3310 προσεχέστερον
2992 3237 3416 3301 άνθοπλίζεσθαι
3453 3235 3749 3289 καὶταῦτα

2171 3333 2237 3403 δὴ
2271 3332 2408 3401 πρὸς
2449 3331 2725 3401 ἁγιασμόν
2765 3331 2861 3385 καὶ
2893 3330 3203 3402 μετάληψιν
3235 3330 3300 3382 ἐκ
3343 3327 3439 3382 τοῦ
3475 3326 3749 3398 σύνεγγυς

2170 3424 2338 3492 ἔχειν,
2370 3425 2487 3478 ἀντ’
2533 3425 2699 3495 ἄλλης
2750 3425 2928 3478 είπείν
2969 3423 3321 3493 ἀκροπόλεως
3367 3426 3464 3476 καὶ
3505 3423 3750 3493 κράνους

2171 3519 2269 3570 καὶ
2293 3518 2466 3582 τόξων
2497 3517 2593 3569 καὶ
2631 3515 2899 3588 θώρακος.
2947 3515 3172 3586 Πρῶτον
3209 3515 3309 3583 μὲν
3352 3509 3447 3568 οὖν
3493 3514 3556 3586 δὴ
3585 3513 3750 3568 τοῦτο

2173 3610 2595 3679 προσανεθέμην
2623 3608 3033 3678 Ἄγαθαγγέλῳ,
3069 3608 3323 3679 δεύτερον
3354 3608 3413 3661 δὲ
3445 3607 3555 3661 τῶν
3575 3607 3752 3677 φίλων

2174 3701 2428 3764 ἑκάστοις
2463 3701 2570 3772 ἰδίᾳ
2596 3704 2692 3754 καὶ
2723 3702 2900 3771 ἡσυχῆ
2935 3700 3214 3771 προσιόντ’
3242 3701 3432 3765 ἀξιοῦν
3473 3699 3575 3770 τῆς
3604 3701 3751 3772 ἐμῆς

2175 3789 2576 3861 ὑπερεύχεσθαι
2604 3791 2956 3862 ταλαιπώρου
2984 3792 3158 3862 ψυχῆς
3185 3806 3200 3820 ·
3232 3792 3294 3846 οὐ
3322 3792 3450 3862 γὰρ,
3473 3788 3628 3862 οἶμαί
3658 3807 3750 3858 γε,

2175 3883 2414 3953 ἔφασκον
2443 3884 2522 3937 ἐτι
2559 3900 2627 3952 με
2682 3883 2860 3948 ζῶντα
2904 3885 3204 3938 θεάσασθαι
3251 3887 3426 3952 σφᾶς·
3457 3883 3752 3937 θεάσονται

2173 3974 2218 4026 δ’
2253 3973 2380 4037 ἴσως
2406 3973 2668 4042 ἐξαίφνης
2719 3973 3020 4044 συρόμενον
3049 3974 3140 4026 τὸν
3180 3975 3312 4044 ἐμὸν
3343 3976 3454 4038 τοῖς
3489 3973 3752 4040 διώκταις

2173 4064 2367 4132 νεκρὸν
2393 4064 2486 4115 καὶ
2522 4063 2717 4134 βρῶμα
2745 4065 2874 4115 κυσὶ
2923 4066 3016 4117 καὶ
3038 4064 3244 4132 ὀρνέοις
3274 4065 3371 4134 τῆς
3400 4065 3606 4134 πόλεως
3643 4065 3754 4130 ἔξω

2177 4155 2508 4224 ῥιπτόμενον
2529 4171 2546 4188 ·
2579 4156 2738 4210 τοῦτο
2770 4156 2878 4227 γὰρ
2924 4159 2989 4210 ὲκ
3021 4159 3160 4212 πάνυ
3208 4157 3406 4212 πολλοῦ
3440 4158 3752 4228 κεκύρωται

2172 4264 2233 4299 τε
2269 4249 2363 4299 καὶ
2401 4246 2633 4316 ὥρισται
2683 4249 2855 4318 σφίσι,
2889 4250 3143 4318 πρᾶγμα,
3175 4249 3225 4302 εί
3268 4251 3364 4304 καὶ
3391 4251 3467 4320 μὴ
3500 4251 3592 4303 τὸν
3635 4253 3754 4304 ίσον

2173 4342 2397 4409 τρόπον,
2423 4341 2536 4394 ἀλλ’
2564 4340 2656 4392 οῦν
2681 4342 3066 4395 εὐκταιότατον
3091 4341 3239 4412 μάλα
3269 4359 3332 4410 γε
3359 4343 3639 4412 ἑκατέροις
3665 4342 3750 4411 ὃν,

491 4441 513 4489 ἐ
526 4440 616 4506 μοὶ
645 4439 740 4508 μὲν
770 4438 844 4500 ὡς
875 4437 1106 4490 ἐλπίδων
1154 4435 1298 4507 ἀρχὴ
1323 4435 1850 4504 στεφανηφορουσῶν
1875 4433 2051 4488 ταυτα
2088 4437 2200 4498 τοῖς
2227 4437 2366 4508 ὑπὲρ
2397 4438 2683 4496 εὶσεόείας
2725 4438 3119 4506 ἠγωνισμένοις
3173 4439 3343 4491 πάλαι
3383 4439 3611 4500 ἐκείνοις
3648 4440 3752 4508 ὐφ-

490 4535 786 4604 ισταμὲνῳ,
861 4532 1014 4601 σφίσι
1074 4532 1121 4586 δ’
1183 4531 1260 4594 ὡς
1323 4531 1495 4601 πέρας
1558 4529 1666 4583 τῶν
1710 4531 1796 4600 ἐρ’
1833 4530 1982 4601 ἡμᾶς
2023 4532 2251 4586 ἐκείνων
2301 4534 2396 4588 καὶ
2453 4534 2670 4605 δρόμων
2737 4535 2828 4588 καὶ
2885 4534 3121 4606 μόχθων,
3163 4534 3264 4597 τὰς
3302 4534 3444 4604 ἐμάς
3485 4533 3752 4604 διηνεκῶς

490 4631 686 4683 δεδιόσι
719 4629 961 4699 γραφαί.

564 4723 794 4780 ΙΙ.1Ἰ;ιιο
850 4740 974 4778 cum
1057 4723 1342 4787 dixissem,
1405 4722 1816 4793 Agathangelus
1883 4725 2063 4779 animo

2247 4727 2324 4784 B'.
2364 4728 2508 4798 Πρὸς
2540 4726 2710 4780 ταῦτα
2738 4727 3040 4797 περιαλγής
3068 4743 3126 4780 τε
3157 4728 3252 4780 καὶ
3284 4726 3553 4798 ἔνδακρυς
3591 4730 3756 4799 Ἀγα-

487 4819 631 4874 tristi
657 4828 712 4872 et
739 4817 915 4870 oculis
957 4816 1386 4887 lacrymantibus
1455 4817 1752 4885 aliquando
1808 4818 1976 4872 tacuit
2013 4830 2068 4873 et

487 4913 677 4963 oculos
712 4912 766 4961 in
814 4910 1038 4962 humum
1064 4907 1273 4962 defixit.
1311 4910 1515 4964 Deinde
1550 4926 1607 4964 se
1663 4912 1833 4964 erexit
1885 4921 1939 4965 ct
2003 4911 2068 4965 li-

489 5003 718 5056 bertatis
751 5019 881 5054 mea-
913 5017 1064 5072 spcm
1107 5017 1301 5055 novam
1330 5004 1636 5072 amplexus,
1666 5021 1796 5057 nunt
1823 5003 2059 5059 absente

487 5096 795 5156 sacerdote.
847 5096 940 5166 qui
997 5113 1150 5151 sacra
1213 5099 1468 5167 mysteria
1540 5097 1770 5162 laceret,
1828 5098 2058 5152 cuilibet

487 5189 698 5242 licitum
722 5197 873 5241 essnt
916 5189 1085 5257 ipsius
1149 5191 1402 5244 manibus
1460 5191 1805 5244 Dominicutn
1867 5205 2069 5258 corpus

486 5287 542 5332 et
566 5278 884 5346 sanguinem
932 5279 1282 5348 participare,
1353 5295 1419 5334 ex
1472 5295 1554 5334 me
1621 5280 1901 5349 quaesivit.
1961 5279 2068 5332 Sed

487 5385 611 5423 cum
658 5369 708 5421 id
753 5369 998 5425 audisset
1033 5379 1222 5425 sancto
1242 5369 1442 5426 Basilio
1473 5371 1704 5440 aliisque
1727 5371 1914 5424 multis
1947 5387 2072 5424 san-

492 5465 596 5517 ctis
636 5463 770 5517 viris
835 5481 1153 5520 concessum
1207 5467 1395 5530 fuisse,
1448 5466 1691 5536 itemque
1740 5469 1831 5536 qui
1893 5468 2061 5520 vitam

487 5554 792 5608 solitariam
819 5557 1062 5626 egissent
1100 5559 1178 5612 vel
1216 5559 1308 5626 qui
1348 5559 1796 5626 persccutiomnu
1852 5570 2062 5627 tempo-

487 5645 638 5700 ribus
668 5647 723 5701 in
755 5657 968 5703 montes
992 5658 1047 5706 et
1073 5651 1364 5719 speluncas
1379 5650 1775 5721 confugissent,
1802 5651 1855 5707 id
1880 5651 2063 5707 facere

484 5752 800 5804 consuesse,
855 5741 1013 5796 facile
1072 5741 1176 5796 sibi
1227 5743 1525 5810 persuasit.
1595 5742 1802 5798 Deinde
1847 5759 1912 5797 ex
1975 5759 2064 5798 me

483 5831 754 5900 quaesivit,
793 5848 924 5887 nun)
958 5831 1166 5886 licitum
1197 5843 1345 5890 esset
1366 5834 1546 5904 palam
1577 5850 1720 5910 cum,
1741 5833 2062 5893 inﬁdelibus

2179 4822 2442 4890 θάγγελος
2466 4819 2705 4889 γεγονὼς
2741 4817 2824 4886 ἐφ’
2850 4820 3034 4872 ἱκανὸν
3063 4818 3378 4887 σεσιώπηκέ
3413 4837 3472 4872 τε
3505 4823 3598 4873 καὶ
3628 4825 3755 4874 ἐκε-

2174 4917 2335 4982 κύφει
2361 4927 2376 4943 .
2411 4909 2510 4965 εῖτ*
2551 4910 2862 4980 ἀνενεγκὼν
2897 4914 2990 4963 καὶ
3025 4911 3120 4982 τὴν
3153 4913 3424 4982 ἡμετέραν
3469 4915 3607 4976 τέως
3648 4917 3757 4968 ἁπ-

2167 5005 2408 5076 αλλαγὴν
2474 5005 2870 5074 ὑπερθέμενος,
2940 5004 2988 5054 εί
3045 5006 3192 5075 ἐξείη
3248 5007 3322 5076 μὴ
3376 5006 3472 5060 τοῦ
3505 5007 3573 5060 τὰ
3631 5008 3756 5062 θεῖα

2169 5097 2588 5168 ίερουργοῦντος
2640 5099 2922 5165 μυστήρια
2951 5097 3224 5168 παρόντος
3256 5099 3443 5166 χερσὶν
3473 5098 3632 5160 ἰδίαις
3665 5103 3756 5151 όν-

2167 5191 2346 5244 τινοῦν
2382 5185 2824 5262 μεταλαμϐάνειν
2864 5191 3048 5259 ἤρετο.
3094 5191 3369 5258 Ἀκηκοὼς
3399 5191 3445 5244 δ’
3483 5191 3556 5254 ὡς
3588 5193 3757 5244 Barn-

2169 5283 2299 5352 λείῳ
2330 5284 2408 5352 τῷ
2443 5282 2574 5352 θείῳ
2598 5284 2692 5335 καλ⁵
2725 5283 2831 5336 τῶν
2862 5283 3039 5336 ἄλλων
3073 5283 3172 5335 ούκ
3206 5282 3405 5350 ὀλίγοις
3433 5287 3586 5336 τουτὶ
3617 5303 3756 5353 συγ-

2173 5375 2490 5446 κεχώρηται
2513 5376 2622 5428 τῶν
2648 5377 2837 5444 ἁγίων,
2883 5378 2980 5430 ἅτε
3013 5377 3240 5438 καὶτοῖς
3273 5376 3328 5428 ἐν
3370 5395 3432 5445 γε
3475 5379 3597 5440 ταῖς
3623 5381 3757 5448 ἐρή,

2177 5485 2294 5536 μοις
2335 5468 2568 5538 ἄμικτον
2595 5468 2764 5521 πάλαι
2793 5468 2908 5538 βίον
2937 5468 3168 5522 ἀσκοῦσι
3197 5473 3370 5522 ποιεῖν
3409 5469 3622 5533 εἰωθὸς,
3659 5473 3756 5524 καὶ

2173 5561 2291 5612 ὅσοι
2323 5560 2380 5610 ὲν
2411 5562 2524 5623 τοῖς
2554 5559 2664 5612 τῶν
2695 5561 2951 5629 διωγμῶν
2996 5565 3209 5631 καιροῖς
3254 5561 3478 5624 ὲαυτπίη
3509 5562 3661 5632 δρεσί
3694 5580 3755 5615 τε

2137 5689 2142 5694 ι
2175 5655 2270 5703 καὶ
2302 5651 2590 5721 σπηλαίοις
2621 5653 2771 5706 ἄλλοι
2805 5653 2989 5717 ἄλλοις
3044 5654 3436 5724 συνέκρυπτον,
3473 5654 3534 5725 μ’.
3571 5655 3673 5709 124
3695 5654 3749 5727 b]

2171 5745 2466 5800 πέπεισται
2510 5763 2570 5800 τι
2624 5749 2800 5817 ῥᾷστα
2845 5748 2943 5800 καὶ
2969 5747 3226 5819 δεύτερον
3265 5748 3455 5819 ἠρώτα
3495 5748 3668 5807 τουτὶ,
3707 5753 3756 5800 εἰ

2171 5834 2322 5906 ἐξείη
2343 5835 2546 5907 δηλαδὴ
2581 5838 2688 5891 τῶν
2718 5839 3041 5908 ἑτεροδόξων
3076 5841 3240 5904 ἐνίοις
3269 5839 3626 5910 συνεύχεσθαι
3659 5840 3758 5892 καὶ
