4088 6470
333 361 432 424 105

1289 355 1734 415 ΒΥΖᾸΝΤῘΝΕ
1780 355 2165 413 [HSTORLE
2207 356 2346 412 LIB.
2393 354 2629 416 ΧΧνΙΙ.

3473 359 3571 420 106

330 475 446 543 βίας
477 469 802 540 ἐπειγούσης
832 468 966 538 προς
998 467 1106 520 τῶν
1131 467 1386 518 τοιούτων
1421 465 1590 518 ἐνίοτε
1625 467 1714 516 καὶ
1752 467 1896 518 ἐνια-

2000 464 2328 532 quibusdam
2372 465 2660 520 instituere
2722 466 3066 536 precationes
3120 476 3176 521 ct
3231 468 3282 518 vi
3342 481 3572 536 urgente

329 563 426 634 χοῦ
462 566 570 617 τῶν
621 563 781 615 θείων
831 561 1081 630 μετέχειν
1133 558 1466 628 μυστηρίων,
1519 558 1721 625 ὁμοίως
1772 558 1900 608 κάν-

329 655 503 709 ταῦθα
531 656 690 709 κάκεῖ
707 654 815 704 τῶν
841 651 1023 704 αὐτῶν
1061 649 1376 718 λεγομένων
1422 649 1621 717 εὐχῶν.
1672 646 1816 716 Ἐγὼ
1840 649 1897 701 δὲ

329 748 420 800 τὸν
451 748 593 799 θεῖον
621 744 784 807 εὐθὺς
830 743 1159 812 παρήγαγον
1185 740 1253 792 ἐκ
1301 737 1598 806 Δαμασκοῦ
1641 738 1899 808 Ἰωάννην

331 840 477 910 αὐτῷ
497 840 595 908 (1),
617 835 985 907 φυλάττεσθαι
1029 833 1400 904 παραινοῦντα
1432 833 1571 902 μήτε
1598 831 1900 898 λαμϐάνειν

330 933 616 1003 αἱρετικῶν
667 929 972 1000 μετάληψιν
1007 930 1144 998 μήτε
1187 926 1419 980 διδόναι·
1457 943 1474 978 ι
1508 925 1599 996 Μὴ
1640 925 1759 978 δότε
1791 925 1900 993 γὰρ

332 1025 400 1076 τὰ
443 1025 570 1090 ἆγια
604 1023 714 1084 τοῖς
752 1020 932 1083 κυσὶν,
975 1037 994 1071 ι
1041 1018 1069 1070 6
1119 1017 1322 1086 Κύριος
1361 1016 1551 1086 ἔφησε,
1587 1035 1606 1068 ι
1645 1014 1779 1084 μηδὲ
1816 1015 1901 1084 ῥί-

335 1133 494 1169 πτετε
542 1115 668 1178 τοὺς
705 1113 1054 1183 μαργαρίτας
1090 1112 1244 1180 ὑμῶν
1280 1110 1592 1181 ἔμπροσθεν
1634 1110 1744 1164 τῶν
1787 1107 1902 1179 χοί-

336 1225 462 1278 ρων,
500 1225 518 1257 ι
554 1207 637 1259 ἵνα
675 1205 748 1274 μὴ
785 1207 1007 1274 μέτοχοι
1055 1203 1155 1273 τῆς
1204 1202 1528 1268 κακοδοξίας
1558 1202 1781 1272 καὶτῆς
1807 1201 1902 1254 αῦ-

334 1299 439 1350 τῶν
471 1295 756 1364 γενώμεθα
811 1294 1232 1365 κατακρίσεωςο
1280 1294 1328 1346 εί
1375 1293 1484 1363 γὰρ
1539 1293 1732 1357 ἓνωσίς
1785 1294 1901 1345 ἐστι

336 1387 468 1457 πρὸς
489 1367 750 1456 Χριστὸν,
783 1386 880 1438 καὶ
910 1384 1048 1454 πρὸς
1085 1382 1346 1455 ἀλλήλους
1379 1382 1600 1446 πάντως
1620 1398 1633 1411 ⁸
1669 1383 1764 1436 καὶ
1795 1384 1901 1436 πᾶ-

334 1496 386 1532 σι
417 1481 524 1540 τοῖς
545 1480 678 1549 ἡμῖν
733 1476 1334 1547 συμμεταλαμϐάνουσι
1382 1475 1524 1530 κατὰ
1576 1475 1900 1546 προαίρεσιν

333 1572 617 1638 ἐνούμεθα,
663 1571 758 1626 καὶ
802 1571 1002 1632 πάντες
1035 1569 1092 1624 ἓν
1139 1569 1304 1639 σῶμά
1348 1572 1537 1640 ἐσμεν,
1569 1569 1654 1624 ὅτι
1709 1570 1774 1624 ἐκ
1806 1571 1899 1624 τοῦ

333 1662 448 1724 ἐνὸς
476 1662 640 1731 ἄρτου
686 1661 1196 1731 μεταλαμϐάνομεν,
1240 1660 1316 1724 ώς
1345 1663 1374 1714 6
1405 1662 1546 1724 θεῖος
1577 1659 1901 1725 Ἀπόστολος

334 1752 520 1821 ἔφησε.
571 1752 682 1821 Τῆς
724 1751 818 1804 οῦν
852 1752 1231 1821 προαιρέσεως
1279 1751 1532 1805 ἐνταυθοῖ
1581 1753 1903 1823 μαχομένης

2002 551 2277 606 interdum
2305 568 2428 607 cum
2459 555 2524 608 iis
2565 555 2826 624 mysteria
2848 569 3010 624 agere
3061 570 3277 624 unaque
3327 558 3574 611 celebra—
3637 564 3648 575 '

2003 643 2204 698 tiones.
2261 644 2332 698 At
2365 660 2465 716 ego
2514 647 2698 700 statim
2760 647 2918 717 123
2964 647 3202 703 Joannis
3252 648 3574 718 Damasceni

2001 734 2322 788 memoriam
2376 734 2427 789 ei
2473 739 2748 800 revocavi,
2792 740 2886 807 qui
2925 747 3112 793 monet
3151 755 3165 792 :
3202 756 3270 796 ne
3313 756 3414 796 nos
3464 741 3578 795 har-

2001 826 2301 880 retieorum
2323 825 2601 882 doctrinas
2633 835 2912 884 sectemur
2938 845 3119 900 neque
3159 830 3225 886 iis
3253 832 3325 886 ad
3360 841 3580 886 nostras

2001 915 2218 970 aditum
2253 917 2668 986 patefaciamus.
2702 938 2720 972 ι
2753 920 2933 975 Nolite
2977 930 3225 976 sanctum
3259 922 3394 977 dare
3427 924 3569 976 cani-

2003 1006 2126 1072 bus,
2155 1026 2174 1060 ι
2212 1008 2347 1063 dicit
2379 1009 2666 1077 Dominus,
2699 1029 2716 1062 ι
2761 1026 2943 1082 neque
2989 1013 3220 1067 mittatis
3253 1013 3580 1083 margaritas

2001 1111 2214 1156 vestras
2255 1111 2384 1156 ante
2421 1117 2620 1172 porcos
2648 1104 2688 1169 ',
2719 1123 2737 1157 ι
2790 1114 2853 1160 ut
2897 1119 2966 1160 ne
3024 1105 3338 1161 imbuamur
3392 1106 3578 1176 pravis

2004 1191 2232 1247 istorum
2257 1194 2614 1264 Opinionihus
2649 1204 2814 1267 atque
2850 1211 2976 1252 cum
3014 1197 3080 1252 iis
3114 1198 3573 1254 condemnemur.

2001 1283 2104 1338 Ubi
2132 1285 2277 1339 enim
2307 1287 2624 1341 communio
2645 1296 2730 1342 est
2761 1288 2921 1342 nobis
2977 1303 3104 1342 cum
3164 1288 3295 1344 Jesu
3329 1287 3577 1352 Christo,

2002 1376 2169 1430 etiam
2201 1377 2343 1432 inter
2366 1393 2469 1434 nos
2499 1379 2818 1435 communio
2847 1389 3106 1448 constat;
3131 1389 3188 1437 et
3219 1395 3347 1436 cum
3397 1381 3578 1436 omni-

2003 1468 2106 1522 bus
2137 1469 2358 1538 quidem
2393 1469 2486 1540 qui
2517 1471 2810 1526 nobiscum
2833 1480 3079 1527 sanctam
3132 1488 3346 1527 coenam
3406 1475 3579 1542 parti-

2001 1556 2192 1628 cipant
2220 1560 2272 1612 in
2327 1558 2436 1613 ﬁde
2503 1561 2786 1631 conjuncti
2851 1577 3064 1627 sumus,
3124 1570 3181 1616 et
3236 1578 3338 1618 nos
3386 1579 3583 1617 omnes

2005 1665 2175 1703 unum
2204 1665 2403 1721 corpus
2441 1652 2744 1718 efﬁcimur,
2779 1657 2927 1724 quod
2957 1670 3068 1710 uno
3099 1655 3194 1709 illo
3225 1669 3364 1724 pane
3400 1657 3579 1710 vesci-

2003 1754 2149 1802 mur,
2175 1748 2233 1792 ut
2270 1751 2494 1795 sanctus
2525 1741 2824 1811 Apostolus
2856 1742 3013 1798 dicit.
3049 1762 3066 1795 ι
3107 1743 3250 1808 Quid
3292 1745 3478 1813 igitur,
3535 1745 3579 1797 si

332 1819 434 1896 καί
457 1819 696 1910 ἀλλήλων
733 1819 1197 1914 ἡμᾶς-διιστώσης
1236 1843 1338 1914 τῆς
1377 1841 1486 1896 τῶν
1513 1819 1804 1913 δογμάτων
1845 1819 1897 1897 ἐ-

2005 1829 2061 1884 in
2096 1831 2199 1886 ﬁJe
2227 1833 2583 1898 dissidemus,
2652 1850 2866 1906 nosque
2921 1837 3240 1905 dogmatum
3285 1837 3584 1892 diversitas

332 1950 464 1987 νεκα
517 1934 885 2004 καινοτομίας,
925 1934 1040 1996 πῶς
1070 1935 1136 1987 ἂν
1170 1934 1298 2004 μίαν
1332 1933 1596 2004 σχοίημεν
1632 1934 1722 1987 τὸν
1761 1936 1900 2006 Χρι-

333 2026 455 2076 στὸν
487 2025 748 2093 κεφαλὴν,
782 2025 816 2094 ἢ
871 2023 988 2088 πῶς
1020 2024 1088 2078 ἂν
1141 2024 1396 2094 ἀλλήλοις
1455 2021 1897 2094 συνευξαίμεθας

335 2133 356 2165 ε
394 2113 487 2175 Τίς
516 2113 644 2183 γὰρ,
686 2132 705 2165 ι
750 2114 910 2182 φησὶ,
965 2131 985 2165 ί
1026 2113 1184 2183 μερὶς
1239 2111 1416 2182 πιστῷ
1449 2112 1588 2183 μετὰ
1617 2113 1896 2181 ίάπίστους

327 2206 362 2276 ἢ
399 2206 481 2268 τίς
513 2206 768 2260 κοινωνία
810 2206 951 2274 φωτὶ
1003 2205 1141 2274 πρὸς
1190 2194 1418 2272 σκότος;
1475 2204 1508 2274 ἦ
1557 2205 1643 2267 τίς
1675 2204 1901 2274 συμφώ-

331 2315 483 2364 νησις
528 2297 747 2368 Χριστῷ
791 2298 927 2368 πρὸς
971 2297 1203 2366 Βελίαρ;
1249 2315 1270 2350 ο
1321 2296 1568 2360 Ἀκούεις
1591 2297 1649 2350 δὲ
1681 2297 1776 2350 καὶ
1804 2294 1898 2350 τοῦ

328 2389 464 2442 Θεοῦ
494 2390 581 2443 διὰ
607 2391 704 2459 τῆς
736 2390 1085 2459 προφητικῆς
1115 2389 1496 2459 φθεγγομένου
1529 2387 1797 2457 γλώττης,
1823 2387 1900 2452 ὡς

333 2501 355 2534 ι
401 2483 526 2536 Ἐὰν
554 2481 867 2553 προφέρητέ
894 2499 986 2552 μοι
1015 2481 1318 2551 σεμίδαλιν,
1349 2480 1612 2551 μάταιονο
1643 2479 1898 2550 θυμίαμα

327 2572 607 2643 βδέλυγμα
654 2573 806 2626 ἔσται
842 2588 968 2642 μοι*
1025 2590 1047 2624 s
1101 2571 1179 2640 τῷ
1206 2571 1314 2640 γὰρ
1346 2568 1659 2641 ἀμαρτωλῷ
1687 2565 1844 2623 εἶπεν
1871 2570 1898 2622 6

327 2666 483 2729 Θεὸς,
518 2684 536 2717 ι
572 2667 687 2718 Ἵνα
719 2665 770 2717 τί
818 2666 883 2718 σὺ
919 2665 1149 2734 ἐκδιηγῇ
1178 2663 1251 2718 τὰ
1283 2661 1634 2730 δικαιώματά
1666 2679 1769 2730 μου
1801 2662 1900 2715 καὶ

327 2757 729 2827 ἀναλαμϐάνεις
754 2757 851 2826 τὴν
879 2756 1146 2826 διαθήκην
1178 2772 1279 2826 μου
1303 2754 1392 2808 διὰ
1419 2754 1688 2823 στόματός
1706 2772 1801 2808 σου
1823 2771 1839 2822 ;
1870 2772 1890 2806 ι

323 2850 401 2903 Οὐ
446 2849 553 2918 γὰρ
587 2849 654 2902 τὰ
682 2850 944 2918 γινόμενα
990 2847 1097 2919 χρὴ
1130 2847 1354 2901 σκοπεῖν
1401 2845 1582 2916 μόνον,
1626 2844 1762 2899 ἀλλὰ
1804 2844 1897 2899 καὶ

326 2939 424 3011 τὴν
453 2941 632 2994 αἰτίαν
671 2941 780 2993 τῶν
823 2939 1126 3009 γινομένων
1171 2938 1474 3008 ἐπιζητεῖν,
1507 2937 1536 2990 6
1583 2937 1897 3008 χρυσορρή-

328 3049 444 3103 μων
475 3031 676 3102 ἔφησεν
707 3031 963 3101 Ἰωάννης
994 3030 1094 3103 (2).
1122 3032 1197 3084 Τὸ
1222 3031 1322 3099 μὲν
1343 3029 1452 3100 γὰρ
1494 3030 1638 3082 κατὰ
1668 3027 1896 3100 γνώμην

325 3123 612 3192 γινόμενον
647 3121 740 3175 τοῦ
766 3121 923 3186 Θεοῦ,
953 3123 1060 3174 κᾶν
1092 3119 1294 3190 φαῦλον
1317 3115 1456 3172 εῖναι
1486 3119 1638 3190 δοκῇ,
1673 3118 1895 3173 πάντων

325 3215 478 3268 ἐστὶν
520 3215 742 3286 ἄριστον
775 3228 791 3244 ο
820 3214 882 3267 τὸ
919 3214 976 3268 δὲ
1010 3213 1164 3283 παρὰ
1208 3211 1438 3283 γνώμην
1477 3211 1572 3266 καὶ
1607 3209 1684 3282 μὴ
1706 3210 1897 3267 δοκοῦν

324 3307 537 3375 ἐκείνῳ,
566 3307 675 3361 κᾶν
725 3305 948 3376 ἄριστον
988 3301 1127 3360 εἶναι
1173 3305 1488 3376 νομίζηται,
1525 3303 1746 3359 πάντων
1779 3303 1898 3358 ἐστὶ

325 3400 658 3469 φαυλότατον
698 3401 793 3455 καὶ
839 3397 1327 3470 παρανομώτατον.
1378 3397 1495 3452 Κᾶν
1530 3396 1770 3468 φονεύσῃ
1814 3413 1898 3461 τις

323 3493 464 3548 κατὰ
495 3494 718 3563 γνώμην
736 3491 828 3546 τοῦ
849 3490 1006 3558 Θεοῦ,
1027 3491 1440 3562 φιλανθρωπίας
1460 3489 1643 3561 πάσης
1672 3491 1899 3562 βελτίων

322 3586 352 3637 6
373 3585 527 3652 φόνος
547 3599 560 3613 ·
585 3582 687 3636 κᾶν
702 3581 954 3651 φείσηταί
970 3597 1054 3644 τις
1077 3581 1229 3652 παρᾶ
1254 3581 1316 3634 τὸ
1339 3580 1532 3634 δοκοῦν
1551 3580 1770 3652 ἐκείνῳ,
1798 3581 1897 3650 φό-

323 3692 414 3728 νου
444 3675 643 3743 παντρς
673 3673 1010 3744 ἀνοσιωτέρα
1032 3672 1232 3740 γένοιτ’
1263 3674 1330 3726 ἂν
1358 3673 1390 3742 ἡ
1415 3671 1606 3741 φειδώ.
1627 3673 1701 3726 Οὐ
1717 3673 1827 3743 γὰρ
1862 3673 1897 3742 ἡ

323 3767 485 3836 φύσις
515 3767 622 3820 τῶν
654 3767 1022 3837 πραγμάτων,
1047 3764 1164 3818 ἀλλ’
1201 3764 1259 3821 αἱ
1281 3764 1372 3818 τοῦ
1401 3764 1537 3818 Θεοῦ
1559 3765 1726 3835 ψῆφοι
1756 3765 1898 3819 καλὰ

329 3860 420 3912 καὶ
443 3858 618 3927 φαῦλα
646 3857 797 3910 ταῦτ’
825 3854 969 3911 εἷναι
1025 3856 1299 3912 ποιοῦσιν.
1329 3856 1540 3927 Ὠσπερ
1563 3855 1610 3909 δ’
1639 3857 1894 3922 ἐκείνοις,

323 3949 527 4016 φησὶν,
575 3946 910 4015 ἐγκαλοῦμεν
964 3947 1046 3999 ὅτι
1107 3944 1540 4015 παρανομοῦσιν,
1599 3942 1743 3998 οὕτω
1803 3945 1896 3997 καὶ

323 4039 502 4105 πολλῷ
539 4038 738 4109 μᾶλλον
773 4039 901 4106 ὑμῖν
932 4038 1015 4090 ὅτι
1058 4039 1171 4100 τοῖς
1222 4035 1603 4107 παρανομοῦσι
1640 4036 1897 4107 συνέρχε-

324 4134 436 4186 σθε.
500 4132 610 4184 Καὶ
643 4131 766 4200 οὐχὶ
808 4131 920 4193 τοῖς
979 4128 1341 4200 συντρέχουσι
1389 4128 1575 4198 μόνον,
1617 4129 1756 4182 ἀλλὰ
1801 4129 1895 4182 καὶ

321 4226 430 4286 τοῖς
453 4222 659 4294 κυρίοις
692 4223 792 4292 μὲν
828 4218 947 4276 οὖσι
994 4219 1259 4283 κωλῦσαι,
1310 4219 1386 4291 μὴ
1435 4221 1778 4291 βουλομένοις
1811 4221 1892 4275 δέ.

325 4317 388 4369 Εἰ
413 4317 520 4384 γὰρ
541 4315 619 4377 είς
646 4314 870 4383 θέατρον
892 4314 992 4368 οὐκ
1008 4313 1380 4383 ἐπιτρέπομεν
1399 4312 1681 4378 ἀπελθεῖν,
1709 4312 1894 4383 πολλῷ

323 4407 522 4476 μᾶλλον
561 4406 650 4459 ἐπὶ
698 4405 1025 4475 συναγωγῆς
1069 4405 1229 4458 τοῦτο
1283 4404 1390 4476 χρὴ
1431 4407 1638 4457 ποιεῖν·
1688 4405 1892 4474 μείζων

2005 1921 2286 1990 distrahit,
2314 1939 2424 1994 quo
2451 1935 2606 1995 pacto
2624 1927 2879 1982 eumdem
2917 1927 3197 1983 Christum
3215 1937 3381 1996 caput
3408 1929 3582 1984 hahe-

2002 2029 2126 2069 mus
2145 2024 2239 2069 aut
2256 2017 2443 2072 eadem
2462 2033 2588 2072 cum
2620 2018 2689 2072 iis
2713 2019 2982 2074 sacriﬁcia
3005 2020 3256 2090 agimus?
3279 2021 3408 2087 Qua:
3428 2021 3576 2076 enim

2002 2113 2316 2164 communia
2352 2121 2481 2166 sunt
2521 2112 2667 2167 ﬁdeli
2693 2129 2816 2168 cum
2852 2114 3217 2179 inﬁdeli,luei
3262 2131 3388 2170 cum
3426 2125 3580 2171 tene-

2000 2201 2138 2266 bris,
2161 2202 2384 2260 Christo
2411 2221 2537 2260 cum
2571 2206 2787 2261 Beliare
2821 2207 2878 2260 ’ἲ
2925 2206 3068 2262 Audi
3100 2223 3222 2276 quae
3263 2208 3408 2263 Deus
3442 2208 3580 2263 dicit

1999 2308 2101 2363 per
2124 2309 2186 2348 os
2209 2296 2528 2365 prophetae:
2557 2317 2574 2348 ι
2602 2298 2826 2353 Frustra
2850 2297 2986 2352 mihi
3015 2298 3267 2354 oﬁ'eretis
3315 2301 3582 2372 similagi-

1999 2394 2159 2446 nem;
2193 2382 2532 2438 thuribuium
2568 2400 2596 2438 a
2624 2401 2713 2441 me
2743 2387 3127 2456 repudiabitur
3150 2388 3225 2441 ⁸.»
3275 2389 3367 2444 Sic
3406 2391 3582 2445 incre—

1998 2481 2091 2542 pat
2115 2473 2259 2530 Deus
2292 2476 2521 2546 impium
2556 2494 2570 2531 :
2604 2477 2744 2543 Quid
2767 2494 2942 2533 meam
2964 2480 3233 2550 justitiam
3256 2481 3582 2536 insectaris?

1997 2564 2131 2633 quid
2183 2566 2399 2621 divinos
2431 2567 2604 2624 libros
2640 2569 2698 2622 in
2747 2584 2843 2626 ore
2901 2580 2995 2626 tuo
3031 2571 3237 2626 habes?
3284 2572 3408 2626 Non
3433 2573 3578 2626 enim

1997 2657 2173 2710 solum
2211 2658 2370 2731 124
2397 2675 2518 2730 qua:
2549 2662 2605 2716 in
2631 2662 2808 2718 oculis
2837 2673 2965 2719 sunt
2988 2664 3264 2735 respicere
3291 2680 3393 2720 nos
3417 2681 3582 2734 opor-

2001 2753 2096 2810 tet,
2124 2749 2218 2802 sed
2239 2750 2404 2804 etiam
2439 2752 2684 2807 rationes
2718 2752 2999 2823 inquirere
3040 2770 3162 2824 qum
3204 2756 3290 2810 his
3317 2755 3580 2826 subjectze

1997 2845 2126 2891 sunt
2154 2838 2290 2894 dicit
2309 2839 2549 2897 Joannes
2587 2841 3037 2912 Chrysostomus.
3070 2846 3206 2900 Nam
3237 2861 3579 2915 quaecunque

1996 2930 2300 2985 secundum
2330 2932 2426 2987 Dei
2455 2933 2593 2989 ﬁunt
2620 2935 3131 3000 voluntatem,licet
3188 2938 3350 2991 nobis
3406 2954 3576 3005 prava

1997 3021 2312 3089 videantur,
2367 3034 2546 3079 tamen
2597 3035 2722 3079 sunt
2756 3027 2984 3096 optima“.
3030 3028 3162 3094 Qua:
3211 3043 3339 3082 vero
3385 3031 3577 3083 centra

1996 3111 2092 3166 Dei
2128 3112 2265 3166 ﬁunt
2291 3113 2627 3170 voluntatem
2649 3117 2860 3172 etiamsi
2889 3119 3093 3188 optima
3132 3119 3425 3182 habentur,
3458 3136 3578 3174 om-

2001 3203 2151 3258 nium
2188 3207 2422 3276 pessima
2454 3217 2580 3264 sunt
2606 3219 2661 3264 et
2702 3213 3047 3281 pravissima.
3107 3211 3294 3282 Itaque
3358 3213 3402 3268 si
3453 3217 3579 3284 quis

2000 3292 2356 3364 Deojubenle
2383 3299 2693 3368 quempiam
2724 3300 2982 3369 trucidet,
3003 3301 3055 3357 id
3081 3303 3274 3357 melius
3298 3312 3384 3359 est
3415 3321 3576 3374 quam

2000 3383 2046 3439 si
2077 3400 2202 3439 eum
2235 3401 2418 3443 amore
2451 3400 2847 3459 prosequatur;
2874 3402 2932 3447 et
2965 3395 3010 3447 si
3053 3393 3178 3464 quis
3212 3404 3401 3465 pareat
3465 3398 3581 3452 rui-

1959 3535 1961 3538 s
1999 3477 2170 3546 piam,
2207 3477 2317 3533 Deo
2360 3489 2604 3546 vetante,
2647 3482 2702 3536 id
2742 3484 2896 3553 pejus
2937 3493 3022 3540 est
3068 3501 3232 3556 quam
3279 3486 3323 3541 si
3369 3488 3573 3542 cat-dem

1999 3579 2298 3640 perpetret.
2328 3571 2517 3641 Neque
2540 3573 2687 3626 enim
2719 3575 2932 3642 species
2961 3575 3192 3631 bonmne
3233 3577 3345 3631 sint
3395 3593 3482 3631 res
3507 3594 3574 3633 an

1999 3676 2204 3730 pravae,
2228 3663 2323 3717 sed
2363 3679 2486 3734 ψιιο
2533 3665 2587 3719 in
2614 3665 2681 3720 iis
2717 3665 2810 3720 Dei
2849 3668 3107 3723 voluntas
3158 3682 3442 3740 appareat,
3489 3671 3577 3723 in-

2000 3752 2169 3809 dicat.
2218 3754 2289 3809 Ut
2346 3771 2478 3810 vero
2541 3772 2643 3812 nos
2688 3759 2822 3814 istos
2873 3761 3020 3830 quod
3067 3763 3322 3817 mandata
3375 3764 3578 3817 Imdunt

1999 3848 2074 3902 ita
2132 3850 2308 3904 multo
2341 3851 2510 3921 magis
2562 3853 2914 3924 increpamus
2961 3871 3075 3921 vos,
3127 3857 3275 3926 quod
3326 3874 3450 3912 cum
3487 3858 3575 3910 in-

1999 3941 2258 3997 ﬁdelibus
2290 3945 2606 4000 societatem
2645 3946 2839 4002 facitis.
2878 3949 2994 4003 Non
3027 3958 3208 4004 tamen
3241 3966 3336 4004 eos
3361 3959 3573 4004 tantum

1999 4035 2093 4102 qui
2137 4034 2606 4104 conspirationem
2639 4039 2847 4093 faciunt
2871 4040 3244 4108 increpamus,
3275 4041 3369 4094 sed
3405 4043 3573 4095 etiam

1999 4143 2140 4197 quos
2171 4129 2472 4198 prohibere
2535 4145 2695 4200 posse
2739 4130 2961 4200 quidem
3010 4132 3242 4198 scimus,
3295 4148 3396 4186 nec
3445 4149 3576 4186 vero

1998 4219 2163 4275 velle.
2213 4218 2270 4273 Si
2310 4222 2460 4274 enim
2499 4219 2849 4290 frequentare
2895 4221 3170 4277 theatrum
3203 4232 3470 4290 velamus,
3522 4225 3574 4278 id

2000 4310 2174 4365 multo
2200 4311 2372 4382 magis
2416 4327 2517 4366 nos
2556 4323 2775 4383 Oportet
2828 4323 3096 4378 vetemus,
3145 4315 3291 4384 quod
3326 4317 3390 4369 ad
3417 4332 3578 4386 syna-

1997 4419 2191 4474 gogam
2227 4407 2442 4488 attinet.
2483 4405 2611 4459 Nam
2639 4406 2754 4461 haec
2782 4407 3035 4476 impietas
3065 4410 3239 4480 major
3283 4424 3447 4479 quam
3484 4410 3577 4464 illa

321 4500 432 4566 γὰρ
458 4499 768 4566 παρανομία
799 4498 1018 4566 ἐκείνης
1045 4494 1209 4565 αῦτη,
1243 4497 1326 4548 ὅτι
1367 4499 1484 4548 ἐκεῖ
1513 4495 1608 4566 μὲν
1644 4495 1891 4566 ἁμαρτία

1999 4507 2104 4551 est.
2135 4499 2344 4567 Nempe
2383 4499 2494 4553 illic
2524 4515 2645 4568 qua:
2689 4510 2927 4570 aguntur
2983 4501 3229 4571 improba
3277 4512 3428 4568 sunt,
3489 4503 3578 4557 hic

322 4591 380 4642 τὸ
425 4590 728 4658 γινόμενον,
765 4588 1001 4642 ἐνταῦθα
1046 4587 1090 4640 δ’
1123 4587 1369 4640 ὰσέὸεια.
1406 4605 1424 4638 ο
1472 4587 1635 4657 Ὁρᾷς
1679 4587 1755 4648 ὡς
1802 4588 1898 4640 καὶ

323 4682 383 4732 τὸ
420 4681 670 4749 χρηστὸν
700 4682 871 4733 ἐνίοτε
912 4679 1070 4744 δόξαν
1114 4675 1253 4732 εἶναι
1288 4678 1458 4731 κακὸν
1486 4680 1590 4730 ὑπὸ
1616 4677 1709 4731 τοῦ
1751 4677 1897 4730 θείου

316 4774 471 4826 τοῦδε
502 4773 692 4839 ἀνδρὸς
729 4773 1052 4842 ἀπεδείχθη,
1090 4772 1186 4824 καὶ
1225 4772 1356 4841 ὅσην
1388 4770 1642 4824 ἐντεῦθεν
1680 4771 1890 4832 ἐκεῖνος

316 4865 413 4935 τὴν
443 4865 763 4934 ἐπιτίμησιν
795 4868 859 4935 τῇ
885 4866 994 4917 τῶν
1025 4863 1353 4933 ἑτεροδόξων
1388 4863 1650 4933 κοινωνίᾳ
1679 4860 1894 4932 προσά-

318 4974 475 5021 attat;
511 4960 576 5010 Ἃ
608 4958 715 5026 γάρ
769 4975 853 5019 τις
881 4957 1147 5010 δεσπότου
1193 4955 1626 5026 προστάττοντος
1669 4955 1803 5025 δρᾷν
1829 4954 1895 5024 ἧ-

319 5065 477 5100 κιστα
505 5049 629 5118 δρᾷ,
654 5048 857 5102 τούτων
895 5048 1172 5118 τιμωρίαν
1217 5047 1278 5118 μ’.
1318 5046 1424 5100 125
1449 5045 1508 5117 ai
1547 5047 1789 5100 τίννυσιν
1817 5047 1897 5098 εί-

319 5140 491 5199 κότως
515 5140 678 5202 αὐτὸς
709 5143 736 5192 6
777 5140 855 5210 μὴ
899 5139 1066 5210 δρῶν,
1103 5139 1199 5192 καὶ
1226 5139 1276 5190 εί
1304 5137 1380 5208 μὴ
1410 5136 1580 5190 κακὸν
1629 5136 1894 5208 ἀπαντῴη

2000 4600 2189 4645 autem
2229 4608 2360 4647 vere
2390 4592 2576 4661 impia.
2620 4612 2638 4645 ι
2677 4594 2845 4648 Vides
2891 4594 3060 4663 igitur
3114 4598 3576 4664 quemadmodum

2001 4697 2125 4750 qua:
2149 4683 2297 4754 justa
2331 4700 2722 4754 nonnunquam
2743 4685 3033 4740 vidcantur
3068 4688 3150 4740 vir
3185 4687 3274 4740 ille
3297 4689 3579 4742 sanctissi-
3630 4756 3634 4760 ι

1999 4789 2124 4827 mus
2153 4790 2320 4844 prava
2351 4790 2470 4831 esse
2495 4776 2664 4843 dicat,
2684 4787 2740 4832 et
2764 4788 3107 4848 quantopere
3137 4778 3228 4834 hic
3260 4795 3356 4834 eos
3391 4781 3575 4836 incre-

1998 4874 2092 4934 pet
2145 4867 2239 4935 qui
2288 4882 2414 4921 cum
2471 4868 2784 4924 inﬁdelibus
2829 4869 3058 4925 faciunt.
3124 4871 3316 4942 Itaque
3365 4874 3410 4926 si
3451 4874 3576 4943 quis

1999 4959 2218 5012 Domini
2265 4960 2598 5015 vnluntatem
2638 4977 2747 5016 non
2773 4963 3040 5033 exegerit,
3073 4966 3213 5018 hanc
3254 4965 3326 5018 ob
3351 4981 3575 5020 causam

2005 5063 2198 5117 poenas
2229 5051 2383 5105 dabit
2404 5053 2533 5106 'sive
2569 5053 2708 5108 nihil
2734 5055 2882 5109 illinc
2911 5056 3038 5109 mali
3069 5056 3268 5110 exierit
3303 5057 3418 5111 sive
3443 5073 3575 5111 con-

1998 5141 2226 5196 trarium
2256 5142 2542 5198 acciderit.
2589 5145 2722 5198 Nam
2789 5162 2896 5199 non
2939 5147 3327 5219 qualis,125
3387 5167 3571 5204 rerum

316 5228 378 5276 τὸ
409 5231 582 5297 πέρας
604 5245 621 5261 ο
660 5232 756 5282 καὶ
805 5229 1118 5282 τούναντίον
1162 5223 1317 5292 αὖθις
1343 5242 1356 5256 ⁸
1389 5227 1449 5280 ού
1499 5228 1608 5294 γὰρ
1647 5230 1760 5290 τοῖς
1789 5228 1897 5280 τῶν

1999 5243 2230 5288 eventus
2255 5233 2323 5287 sit
2356 5234 2620 5290 Dominus
2643 5235 2876 5305 jndicat,
2911 5238 3005 5290 sed
3036 5253 3166 5291 num
3189 5240 3444 5294 voluntas
3475 5255 3573 5293 sua

239 5308 247 5314 ’
315 5321 611 5390 δρωμένων
656 5323 888 5393 πέρασιν
943 5323 1093 5386 εἰκὸς
1141 5322 1460 5375 ἀκολουθεῖν
1495 5322 1595 5391 τὴν
1649 5321 1743 5375 τοῦ
1784 5323 1904 5393 κρί-

328 5432 511 5478 νοντος
536 5419 832 5486 ἀπόφασιν,
861 5418 977 5472 ἀλλ’
1008 5420 1059 5469 εἰ
1082 5419 1194 5481 τοῖς
1224 5416 1564 5478 δεσποτικῶς
1598 5418 1624 5468 6
1671 5417 1811 5486 δρῶν
1843 5418 1903 5483 ἡ·

390 5565 405 5594 ⁸
438 5562 632 5617 Matth.
663 5577 759 5628 vit,
787 5562 840 5617 6.
931 5566 952 5596 ³
987 5562 1032 5617 Il
1064 5561 1194 5618 Cor.
1226 5577 1300 5627 VI,
1338 5561 1423 5616 15.
1503 5561 1521 5592 ³
1556 5561 1660 5615 lsa.
1695 5576 1732 5627 ι,
1769 5559 1856 5614 15.

389 5705 463 5772 (ι)
501 5703 608 5756 Τοῦ
643 5703 1002 5772 Δαμασκηνοῦ
1035 5703 1099 5756 ἐκ
1130 5701 1222 5754 τοῦ
1257 5703 1390 5770 περὶ
1432 5701 1540 5754 τῶν
1587 5700 1756 5769 ἁγίων
1789 5705 1885 5755 καὶ

316 5777 600 5845 ἀχραντων
631 5777 722 5824 τοῦ
737 5775 982 5840 ’Κυρίοω

640 5871 907 5926 ΡΑΤιιοι.
956 5868 1068 5925 (in.
1109 5866 1198 5926 CX
1215 5868 1282 5925 Ll
1303 5869 1373 5926 Si.

1997 5337 2188 5381 exacta
2251 5326 2340 5380 sit.
2401 5325 2528 5382 Ha-c
2556 5340 2736 5381 autem
2785 5327 3002 5383 Domini
3035 5330 3289 5384 voluntas
3329 5331 3476 5400 leges
3518 5340 3574 5382 et

2003 5419 2252 5475 instituta
2273 5427 2397 5474 sunt
2424 5420 2846 5490 imperatoribus
2870 5432 2925 5476 et
2957 5425 3298 5493 principibus
3316 5463 3332 5486 ,
3361 5421 3574 5477 civibus

2067 5701 2141 5768 (2}
2173 5698 2560 5769 Χρυσοστὸμου
2597 5701 2659 5752 ἐκ
2698 5697 2790 5750 τοῦ
2835 5695 2976 5749 κατὰ
3021 5695 3290 5748 Ἰουδαίων
3321 5699 3571 5768 δευτέρου

1993 5788 2176 5836 Λογου.

3111 5860 3148 5918 ιι
