4088 6482
532 366 641 432 "107

1751 373 2170 434 NICEPHORI
2211 374 2525 436 GREGOR
2546 374 2592 432 Ἐ

3695 372 3793 439 108

534 486 595 529 et
619 474 760 545 plebi
787 474 1149 547 imperatores
1179 487 1232 534 et
1262 477 1568 549 principes,
1612 477 1691 533 ita
1721 481 1905 548 utqui
1937 479 2114 535 vocati

2224 482 2520 550 2310110115:
2574 481 2831 550 δόγμασι.
2871 480 3141 534 Δεσπόται
3183 480 3228 535 δ⁸
3265 482 3331 536 ἂν
3372 476 3484 534 εἷεν
3515 484 3802 553 ἡγεμόνιιν

542 567 888 638 sintjudices
931 568 1084 624 fonte
1123 580 1351 625 utantur
1399 571 1636 641 legibus.
1691 571 1761 627 Et
1794 571 1962 625 multa
1995 570 2121 640 qui-

525 659 667 713 dem
702 667 832 713 sunt
878 659 1126 715 facinora
1170 676 1316 730 qum,
1366 660 1496 716 dum
1537 677 1635 730 per
1668 676 1728 715 se
1781 669 2124 731 spectentur,

540 752 795 807 examina
834 753 1082 824 judicum
1130 753 1293 808 facile
1347 752 1647 823 decipiant,
1710 754 1821 807 imo
1867 751 2126 807 laudibus

542 842 560 898 .’
565 860 596 896 ιι
621 844 816 898 coelum
837 844 1140 899 efferantur
1161 844 1230 899 ab
1254 844 1548 914 imperitis;
1572 844 1735 899 simul
1754 852 1917 914 atque
1939 852 2123 897 autem

433 980 443 993 ,
542 951 665 1003 qua:
724 934 794 990 iis
838 936 1166 1004 praefuerint
1226 936 1473 989 rationes
1526 934 1759 1002 cognitae
1788 944 1941 1000 sunt,
1977 932 2124 987 illico

541 1026 692 1080 malle
730 1026 1206 1081 exsecrationibus
1243 1025 1580 1081 obruantur.
1610 1024 1722 1080 Sed
1778 1032 2025 1080 revertar
2054 1023 2124 1078 ad

536 1119 703 1172 verba
739 1117 840 1171 viri
882 1117 1030 1174 illius
1074 1116 1438 1174 sanctissimi.
1477 1117 1721 1185 «,Homo,
1772 1115 1931 1180 dicit,
1988 1115 2123 1186 quid

538 1207 695 1278 agis?
740 1208 892 1277 leges
953 1208 1171 1264 violatae
1213 1216 1366 1273 sunt,
1428 1216 1488 1263 et
1550 1215 1609 1262 tu
1644 1207 1973 1262 violatorum
2033 1222 2125 1262 so—

528 1299 660 1353 eius
707 1314 872 1369 quam
929 1314 1156 1354 severus
1209 1301 1392 1371 legum
1439 1299 1751 1354 divinarum
1809 1297 1956 1352 ultor
2000 1312 2124 1353 esse

538 1391 753 1447 malis?
800 1391 907 1447 Sed
955 1407 1080 1463 qua:
1129 1391 1232 1448 tibi
1275 1392 1383 1447 erit
1430 1388 1638 1445 venia?
1677 1389 1940 1445 nimirum
1978 1390 2124 1444 ulto-

545 1480 706 1536 ribus
760 1479 909 1536 Deus
951 1497 1062 1536 non
1096 1491 1219 1552 eget
1265 1496 1445 1551 neque
1493 1490 1685 1537 nostro
1725 1480 1981 1536 auxilio?
2014 1479 2123 1536 Sed

538 1586 705 1625 suum
762 1580 815 1627 te
872 1572 989 1627 vult
1041 1588 1163 1629 esse
1226 1573 1585 1638 ministrum,
1634 1573 1712 1628 ita
1775 1580 1838 1627 ut
1893 1572 2122 1642 gloriam

538 1663 822 1719 ostendas.
886 1684 903 1714 ι
969 1664 1145 1718 Etiam
1199 1679 1428 1734 magnus
1480 1663 1572 1719 ille
1623 1662 1955 1718 Athanasius
2011 1676 2123 1716 non

532 1768 635 1808 eos
690 1762 898 1808 tantum
951 1754 1043 1822 qui
1094 1755 1252 1809 thure
1291 1753 1494 1809 oﬁ‘erre
1538 1762 1796 1809 recusent
1855 1762 2121 1823 martyras

531 1860 661 1900 esse
734 1847 904 1911 dicit,
964 1847 1057 1901 sed
1118 1848 1286 1901 etiam
1334 1844 1430 1916 qui
1489 1845 1651 1901 ﬁdem
1707 1860 1862 1900 suam
1917 1860 2118 1916 negare

506 1938 740 1993 .nolint.
774 1939 954 2007 Neque
1012 1938 1050 1994 ii
1083 1946 1294 1992 tantum
1359 1938 1455 2008 qui
1526 1936 1667 1992 idola
1727 1938 2114 2001 adoraverunt,

532 2037 666 2084 sunt
697 2029 972 2095 infideles,
1011 2030 1107 2086 sed
1136 2031 1301 2086 etiam
1327 2030 1420 2100 qui
1451 2029 1819 2100 prodiderunt
1852 2029 2118 2085 doctrinae

537 2120 852 2175 veritatem.
887 2119 1023 2175 Nam
1050 2120 1366 2190 patriarcha
1394 2119 1672 2175 Abraham
1709 2135 1816 2174 non
1848 2131 1908 2174 ut
1939 2120 1987 2175 is
2018 2119 2116 2189 qui

532 2219 796 2265 mortuus
818 2210 993 2280 sitpro
1026 2211 1162 2277 Deo,
1201 2211 1299 2267 sed
1330 2210 1424 2281 qui
1453 2210 1630 2266 ﬁdelis
1657 2210 1851 2276 fuerit,
1881 2213 2117 2281 palmam

526 2302 772 2374 accepit.
826 2303 1002 2356 litiam
1060 2303 1239 2357 sancti
1273 2302 1463 2358 Patres
1511 2311 1568 2357 et
1615 2302 1705 2357 alii
1740 2318 1879 2371 quos
1927 2318 2120 2358 omnes

521 2392 1008 2448 commemorandi
1070 2401 1294 2448 sanctus
1320 2393 1521 2448 Paulus
1574 2392 1709 2449 dicit
1749 2402 1964 2462 tempus
2014 2393 2118 2449 sibi

528 2482 706 2554 126
734 2498 844 2537 non
877 2483 1150 2545 sufﬁcere.
1182 2498 1294 2538 non
1324 2483 1471 2553 quod
1518 2483 1841 2555 sanguinem
1879 2499 1977 2555 pro
2006 2484 2119 2539 Deo

538 2574 905 2643 profuderunt
933 2575 991 2630 in
1015 2575 1215 2631 coelum
1239 2575 1412 2630 evecti
1428 2584 1579 2638 sunt,
1601 2574 1694 2630 sed
1716 2576 1860 2645 quod
1885 2591 1987 2646 pro
2015 2574 2121 2631 ﬁde

518 2678 567 2738 Ῑ
581 2674 873 2735 agnarunt.
889 2665 1037 2741 ρυφ
1059 2666 1223 2721 etiam
1246 2665 1412 2723 hodie
1432 2668 1788 2734 admiramur,
1812 2667 1957 2737 quod
1977 2684 2123 2722 mor-

534 2766 649 2811 tem
679 2757 1015 2813 oecumbere
1042 2761 1217 2829 parati
1249 2766 1409 2813 erant
1435 2766 1660 2829 propter
1681 2758 1941 2830 pietatem
1993 2774 2121 2830 erga

520 2848 731 2904 tDeum.
759 2870 777 2901 ι
796 2849 961 2905 Vides
991 2851 1158 2918 igitur
1187 2850 1243 2905 in
1266 2849 1336 2905 iis
1367 2849 1502 2920 ipsis
1515 2864 1636 2921 quae
1672 2851 1821 2920 parvi
1849 2851 2119 2906 habentur

518 2940 1075 3011 'virtutisplurimum
1097 2952 1310 3017 patere,
1339 2943 1506 3012 idque
1529 2942 1702 2997 multo
1731 2943 1904 3013 magis
1927 2943 1981 2997 in
2020 2944 2121 2996 mi—

514 3033 703 3088 nimis
724 3049 891 3103 quam
916 3034 971 3088 in
995 3034 1357 3102 gravissimis.
1388 3035 1524 3090 Nam
1554 3044 1614 3090 ut
1646 3034 1694 3090 is
1719 3039 1815 3106 qui
1844 3036 1903 3089 in
1936 3036 2122 3090 numis

2230 574 2328 640 μὲν
2380 574 2473 624 καὶ
2531 573 2816 641 ἀρχόντων
2878 573 3032 641 νόμοι
3083 573 3176 625 καὶ
3235 572 3475 642 στάθμαι
3537 573 3799 628 κανόνων.

2228 661 2485 730 ὑπηκόων
2533 662 2589 713 δὲ
2640 664 2733 714 καὶ
2790 663 3167 731 συρφετώδους
3237 662 3476 732 πλήθους
3531 664 3798 734 ἡγεμόνες

2228 753 2320 803 καὶ
2360 753 2640 823 ἄρχοντες,
2689 751 2764 813 ὡς
2822 756 2886 805 ἐκ
2951 753 3136 822 πηγῆς
3181 751 3291 805 τῶν
3335 756 3516 821 νέμων
3554 752 3699 822 ἔχειν
3742 754 3802 804 τδ

2226 844 2434 914 κρίνειν
2482 845 2658 915 ὀρθῶς
2714 845 3043 914 ὀφείλοντες.
3122 846 3300 898 nam
3377 848 3476 915 μὲν
3545 840 3642 896 οὖν
3692 844 3802 896 τῶν

2226 937 2522 1005 δρωμένων
2554 936 2678 990 καθ’
2720 937 2889 991 ἑαυτά
2929 937 3281 1005 θεωρούμε·.α
3310 937 3499 1007 λέληθε
3556 936 3654 1006 τὴν
3700 938 3801 1005 τῆς

2226 1030 2464 1100 κρίσεως
2521 1031 2820 1084 κλέπτοντα
2883 1032 3117 1102 βάσανον
3174 1028 3273 1083 καὶ
3338 1032 3474 1097 πρὸς
3528 1028 3801 1097 αἰθερίους

2227 1122 2487 1193 ὲξτ.ίφνη;
2533 1123 2591 1174 ὲν
2640 1124 2741 1175 οὐκ
2792 1123 2992 1176 εἰδόσιν
3045 1123 3353 1191 ἀνέδραμεν
3401 1121 3624 1189 ῦμντυς.
3670 1137 3773 1182 προ

2228 1210 2521 1279 σειληφότα
2559 1209 2614 1261 δὲ
2661 1209 2758 1262 καὶ
2805 1212 2904 1278 τὴν
2958 1210 3077 1278 μεθ’
3134 1205 3198 1280 ἧς
3245 1207 3542 1277 γεγένηται
3590 1207 3799 1274 πρόφα-

2227 1319 2313 1354 σιν
2371 1300 2579 1371 μυρίων
2630 1301 2780 1372 ἀρῶν
2840 1302 3120 1355 ὑπεύθυνα
3169 1301 3576 1368 ἀποπέφανται.
3637 1298 3801 1350 Ἀλλὰ

2230 1392 2562 1462 προσθετέον
2621 1400 2713 1462 μοι
2760 1392 2977 1446 τουτουῖ
3030 1393 3126 1446 τοῦ
3164 1393 3309 1445 θείου
3361 1392 3552 1461 ἀνδρὸς
3591 1389 3672 1461 (l)
3701 1391 3799 1443 καὶ

2224 1486 2293 1537 τὰ
2345 1489 2555 1548 τούτοις
2593 1485 2868 1539 ἀκόλουθα
2897 1523 2915 1542 .
2953 1503 2971 1536 ι
3007 1485 3075 1539 Τί
3121 1489 3314 1550 ποιεῖς,
3352 1503 3371 1537 ι
3414 1485 3604 1554 φησὶν,
3648 1501 3666 1533 ι
3701 1482 3798 1536 ἄν-

2224 1575 2452 1643 θρωπε;
2485 1576 2783 1646 Παρεϐἀθη
2839 1577 3027 1647 νόμος,
3061 1579 3155 1630 καὶ
3206 1579 3307 1629 οὐκ
3360 1580 3646 1646 ἐπιτιμᾷς,
3676 1574 3799 1627 οὐδὲ

2224 1667 2349 1737 γίνῃ
2379 1666 2612 1735 χαλεπὸς
2664 1666 2906 1736 τιμωρὸς
2937 1668 3044 1719 τῶν
3093 1665 3186 1720 τοῦ
3234 1665 3371 1719 Θεοῦ
3405 1666 3609 1735 νόμων,
3659 1663 3798 1717 ἀλλά

2226 1756 2538 1819 mtuum?“
2587 1754 2695 1805 Καὶ
2749 1757 2908 1806 ποίαν
2964 1756 3154 1823 σχοίης
3199 1754 3266 1808 ἂν
3301 1752 3669 1822 συγγνώμην;
3702 1750 3797 1820 Μὴ

2153 1822 2333 1916 Βγάρ
2382 1849 2409 1900 ὁ
2453 1847 2586 1909 Θεὸς
2643 1845 2874 1899 ὲκδίκων
2925 1822 3148 1916 χρῄζεις
3184 1846 3261 1915 μὴ
3291 1846 3400 1913 γὰρ
3451 1842 3798 1914 βοηθούντων
3890 1882 3903 1891 .

2542 1936 2623 1957 κιλῖ
2672 1938 2690 1957 7⁸

2218 1940 2433 2002 δεῖται;
2479 1936 2623 1991 Ἀλλ’
2669 1938 2956 2008 ὑπηρέτην
2997 1937 3168 2013 αύτοῦ
3209 1936 3466 2003 γενέσθαι
3502 1951 3562 1987 σε
3602 1933 3797 2003 βούλε-

2219 2048 2331 2094 ται,
2363 2031 2449 2083 ἵνα
2476 2028 2773 2084 κάντεῦθεν
2804 2034 2864 2082 τὸ
2891 2028 3166 2098 φιλόδοξον
3189 2027 3391 2101 δείξῃς.
3436 2045 3455 2080 ι
3490 2027 3600 2079 Καὶ
3628 2028 3656 2079 ὁ
3699 2026 3798 2095 μέ-

2219 2141 2322 2192 γας
2347 2122 2391 2176 δ’
2421 2123 2622 2193 ὁμοίως
2647 2123 2812 2194 φησὶν
2827 2121 3142 2184 Ἀθανάσιος
3182 2120 3259 2191 (2)
3292 2120 3368 2184 ὼς
3410 2119 3514 2174 «ού
3545 2119 3710 2189 μόνον
3735 2119 3799 2170 τὸ

2224 2217 2298 2287 μὴ
2325 2215 2487 2269 θῦσαι
2526 2215 2745 2269 λίϐανον
2789 2214 3027 2268 δείκνυσι
3076 2213 3383 2285 μάρτυρας,
3429 2212 3566 2266 ἀλλά
3608 2211 3706 2264 καὶ
3735 2210 3798 2264 τδ

2226 2309 2301 2379 μὴ
2334 2308 2435 2377 τὴν
2474 2307 2663 2360 πίστιν
2697 2305 3041 2376 ἀρνήσασθαι
3071 2320 3087 2337 ο
3134 2306 3230 2359 καὶ
3279 2305 3377 2374 οὐχ
3428 2304 3481 2357 oi.
3511 2304 3799 2366 κλίναντες

2222 2403 2302 2464 είς
2333 2400 2528 2455 εἴδωλα
2561 2401 2723 2470 μόνον
2768 2396 3178 2468 κατεκρίθησαν
3217 2396 3292 2460 ὡς
3327 2397 3625 2466 ἀλλότριοι,
3656 2395 3802 2451 ἀλλά

2224 2491 2321 2544 καὶ
2372 2491 2421 2543 οι
2465 2486 2868 2559 προδεδωκότες
2916 2487 3019 2556 τὴν
3063 2486 3343 2556 ἀλήθειαν.
3391 2485 3643 2555 ’Λξραάμ
3688 2487 3802 2553 γὰρ

2223 2585 2250 2636 ὁ
2290 2584 2634 2653 πατριάρχης
2661 2580 2763 2633 οὐκ
2809 2578 3122 2650 ἀναιρεθεὶς
3162 2576 3540 2648 ἐστεφανώθη,
3569 2577 3686 2631 ἀλλ’
3717 2578 3803 2631 ὅτι

2222 2668 2418 2737 ’πιστὸς
2447 2674 2645 2741 γέγονε
2673 2673 2751 2745 τῷ
2785 2672 2941 2743 Θεῷ·
2984 2672 3036 2725 οἰ
3063 2689 3122 2725 τε
3163 2672 3315 2726 ἄλλοι
3359 2671 3508 2740 ἅγιοι
3554 2673 3804 2743 Πατέρες

2224 2765 2322 2816 καὶ
2343 2761 2393 2814 οἱ
2426 2762 2522 2814 σὺν
2556 2760 2761 2827 αὐτοῖς,
2787 2760 2914 2830 περὶ
2951 2753 3028 2813 ὧν
3053 2760 3311 2814 ἁπάντων
3339 2759 3367 2813 ὁ
3390 2758 3604 2820 Παῦλος
3629 2764 3805 2828 φησὶν

2225 2851 2527 2920 ἐπιλείψειν
2560 2851 2652 2905 τὸν
2677 2852 2873 2921 χρόνον
2900 2850 3063 2904 αὑτὸν
3090 2851 3471 2921 διηγούμενον,
3502 2853 3603 2921 οὐχ
3630 2850 3805 2920 αἷμα-

2222 2962 2312 2998 τος
2341 2945 2671 3014 ἐκχυθέντος
2698 2943 3120 3014 ἐτελειώθησαν,
3141 2944 3274 2998 ἀλλά
3300 2944 3387 2997 διὰ
3418 2943 3683 3008 πίστεως,
3703 2944 3807 2997 καὶ

2226 3039 2391 3109 μέχρι
2418 3036 2512 3089 νῦν
2554 3036 2947 3106 θαυμάζονται,
2988 3036 3072 3090 ὅτι
3115 3038 3209 3090 καί
3242 3037 3472 3090 θάνατον
3500 3037 3803 3104 ὑπομένειν

516 3123 698 3195 regiis
765 3124 1317 3195 quantulumcunque
1364 3135 1473 3191 est,
1519 3123 1877 3190 adulteravit,
1944 3131 2119 3179 totum

2222 3125 2365 3199 ἦσαν
2395 3128 2605 3198 ἕτοιμοι
2625 3127 2715 3181 διὰ
2745 3127 2845 3198 τὴν
2871 3130 2929 3190 ἐς
2957 3127 3090 3180 Θεὸν
3128 3126 3433 3180 εύσέδειαν.
3473 3144 3494 3178 ι
3527 3125 3692 3196 ὐρᾷς
3724 3116 3804 3189 ὧς

513 3218 859 3286 ~pessuudat,
892 3218 973 3273 sic
997 3217 1161 3271 etiam
1198 3218 1291 3287 qui
1320 3218 1376 3272 in
1400 3216 1572 3273 sacris
1599 3216 1813 3288 legibus
1834 3215 2119 3271 minimam

2221 3225 2279 3274 ὲν
2308 3222 2420 3284 τοῖς
2459 3221 2676 3290 μικροῖς
2727 3218 2930 3289 μᾶλλον
2977 3221 3045 3271 τὰ
3091 3218 3327 3288 μέγιστα
3363 3217 3641 3271 δείκνυται
3690 3217 3803 3270 τῶν

504 3306 901 3376 ‘1ransiliet,in
926 3317 1040 3364 toto
1065 3309 1334 3378 peccabit.

2219 3312 2424 3374 καλῶν,
2465 3312 2558 3365 καὶ
2583 3310 2729 3377 μάλα
2769 3310 2973 3380 μᾶλλον
3015 3313 3072 3362 ἐν
3099 3313 3210 3372 τοῖς
3242 3307 3459 3379 μάλιστ’
3488 3307 3804 3378 ἐλαχίστοις
3896 3366 3901 3385 1

514 3400 762 3473 ἐνίοτεῆ
797 3402 909 3462 τοῖς
946 3400 1262 3470 μεγίστοις;
1312 3402 1397 3463 '0;
1431 3401 1541 3472 γὰρ
1562 3400 1627 3453 ἐν
1660 3403 1773 3465 τοῖς
1800 3401 2105 3472 βασιλικοῖς
2150 3406 2452 3475 νομίσμασι
2499 3407 2593 3461 καὶ
2641 3408 2669 3459 ὁ
2721 3404 2919 3476 μικρόν
2977 3423 3029 3459 τι
3095 3406 3545 3475 παραχαράττων
3578 3404 3704 3457 ὅλον
3734 3405 3804 3460 ἁ⁴

505 3494 716 3564 ,ιχρεῖον
740 3495 905 3560 ποιεί,
931 3492 1074 3546 οὕτω
1144 3492 1239 3545 καὶ
1297 3494 1325 3545 ὁ
1360 3492 1471 3544 τῶν
1544 3493 1705 3545 θείων
1751 3494 1994 3547 κανόνων
2055 3494 2409 3567 τούλάχιστον
2456 3497 2902 3568 ἀνατρεπόμενον
2949 3499 3224 3568 περιορῶν
3266 3498 3344 3568 τῷ
3384 3498 3549 3553 παντὶ
3597 3497 3805 3568 λυμαίο

506 3604 702 3641 σονεται.

602 3680 687 3733 lll.
719 3678 837 3733 Jam
868 3693 1000 3733 vero
1028 3680 1174 3749 quod
1205 3694 1302 3734 eos
1323 3678 1523 3735 attinet
1546 3678 1641 3749 qui
1676 3679 1855 3736 sacris
1896 3678 2111 3738 aedibus

514 3772 744 3845 expulsi
767 3780 916 3837 sunt,
948 3773 1250 3827 nonnullos
1292 3773 1503 3827 scimus
1542 3772 1672 3842 pios
1698 3774 1845 3828 viros
1876 3774 1931 3827 in
1984 3773 2111 3845 fuga

514 3870 675 3939 .apud
700 3866 977 3933 infideles,
1013 3866 1109 3935 qui
1160 3865 1416 3920 fidelibus
1473 3866 1862 3920 clementiores
1926 3876 2107 3933 erant,

503 3957 840 4030 gperfugium
868 3955 1381 4025 invenisse,'ibique
1415 3954 1605 4009 solitas
1631 3956 1687 4009 in
1710 3954 1889 4010 Deum
1919 3969 2113 4025 preca-

504 4050 712 4106 tiones
745 4048 923 4103 facere
952 4047 1282 4118 pet-rexisse.
1314 4045 1502 4116 Neque
1529 4047 1687 4119 pauci
1700 4053 1828 4101 sunt
1852 4061 1883 4101 e
1912 4054 2116 4101 sancta:

506 4141 792 4198 Ecclesiae
826 4140 987 4204 viris,
1018 4140 1112 4209 qui
1156 4139 1214 4193 in
1251 4137 1525 4208 ejusmodi
1556 4138 1728 4193 duras
1765 4138 2115 4193 conditiones

528 4247 676 4304 saepe
699 4231 1047 4296 inciderunt,
1075 4240 1138 4284 ut
1159 4238 1419 4298 tanquam
1445 4243 1641 4283 aurum
1658 4228 1880 4283 fornace
1895 4229 2112 4299 probati

528 4325 844 4396 exemplum
884 4332 1073 4380 essent
1100 4323 1337 4393 posteris
1369 4320 1744 4376 firmissimum
1764 4322 2108 4387 constantiae,

528 4429 587 4476 ct
631 4429 691 4474 ut
714 4418 917 4488 majora
942 4432 972 4469 a
991 4419 1107 4471 Deo
1133 4415 1450 4484 acciperent
1487 4413 1732 4484 praemia.
1759 4413 1903 4468 Deus
1918 4423 2109 4469 autem

2284 3681 2361 3737 1".
2405 3683 2466 3735 Εἰ
2494 3682 2550 3734 δὲ
2578 3682 2671 3745 καὶ
2697 3682 2808 3735 τῶν
2842 3679 3005 3753 ἱερῶν
3027 3680 3133 3745 ἔξω
3165 3679 3470 3750 περιϐόλων
3492 3678 3804 3747 ὠθούμενοι

2215 3777 2308 3828 καὶ
2343 3775 2477 3843 πρὸς
2524 3774 2734 3844 ἔκφυλα
2783 3775 2883 3845 μὲν
2911 3772 3188 3837 ἐντεῦθεν,
3224 3772 3715 3843 φιλανθρωπότερα
3753 3773 3802 3827 δ’
3870 3828 3871 3831 η

2215 3865 2307 3918 οῦν
2334 3865 2442 3917 τῶν
2458 3866 2745 3935 ὁμοφύλων
2773 3865 2906 3934 γένη
2937 3865 3175 3932 φυγάδες
3208 3863 3338 3916 ἔνιοι
3363 3864 3470 3916 τῶν
3500 3862 3804 3917 εύσεϐούνυ

2216 3969 2325 4005 των
2372 3954 2649 4022 γινόμενοι
2675 3951 2887 4005 ἐκεῖθεν
2920 3951 3017 4013 τὰς
3042 3954 3251 4014 οἰκείας
3272 3950 3436 4020 εὐχάς
3459 3950 3803 4020 ἀναφέρουσι
3906 3960 3913 3967 “

2218 4042 2296 4113 τῷ
2327 4043 2467 4112 Θεῷ,
2516 4041 2701 4096 καινὸν
2729 4042 2882 4095 οὐδέν
2903 4057 2918 4074 ο
2956 4040 3143 4093 πολλοὶ
3170 4041 3281 4110 γὰρ
3308 4040 3419 4093 τῶν
3453 4037 3621 4093 πάλαι
3665 4039 3807 4094 θαυ-

2224 4135 2552 4205 μαζομένων
2579 4133 2677 4203 τῆς
2702 4134 2796 4187 τοῦ
2831 4133 2970 4186 Θεοῦ
3014 4132 3345 4202 Ἐκκλησίας
3373 4130 3582 4202 ἀνδρῶν
3624 4132 3805 4186 τοιού-

2218 4245 2330 4292 τοις
2384 4228 2647 4289 πολλάκις
2692 4226 3128 4296 συντετυχήκασι
3172 4227 3285 4288 τοῖς
3340 4226 3558 4286 δεινοῖς,
3610 4221 3678 4275 ἶν’
3720 4225 3803 4289 ὡς

2217 4319 2419 4391 χρυσὸς
2450 4320 2506 4372 ὲν
2531 4318 2888 4392 χωνευτηρίῳ
2916 4318 3346 4387 δοκιμασθέντες
3375 4318 3489 4378 τοῖς
3517 4317 3565 4366 τ’
3597 4316 3802 4385 ἑφεξῆς

2216 4412 2523 4480 ὑπόδειγμα
2544 4411 2811 4478 γένωνται
2835 4411 3129 4480 κράτιστον
3160 4409 3389 4479 ἀρετῆς,
3413 4408 3508 4461 καὶ
3537 4406 3650 4476 ἃμ
3685 4425 3806 4475 μει-

533 4516 651 4581 ipse
674 4525 867 4564 eorum
892 4507 1037 4561 viam
1082 4504 1342 4577 patefacit
1397 4514 1455 4559 et
1506 4503 1736 4575 vestigia
1795 4503 2112 4560 moderatur

2221 4503 2387 4567 ζόνων
2426 4504 2585 4557 αὐτοὶ
2638 4503 2937 4574 πρὸςθεοῦ
2969 4503 3062 4556 καὶ
3109 4502 3217 4554 τῶν
3241 4502 3571 4554 ἀντιδόσεων
3614 4499 3804 4570 τύχω-

520 4618 722 4659 eorum
751 4601 845 4671 qui
868 4607 1096 4669 prOpter
1119 4598 1299 4667 ipsum
1318 4603 1587 4650 vexantur
1608 4596 2112 4666 pet'secutionibus,

460 4708 465 4713 ‘
530 4702 588 4747 ct
623 4692 709 4746 liis
748 4692 801 4744 iu
856 4687 1199 4757 temporibus
1244 4684 1494 4742 inﬁdeles
1541 4684 1673 4741 facit
1724 4686 2116 4742 clementiores

526 4784 809 4838 ﬁdelibus.
839 4782 1011 4851 Cujus
1051 4781 1132 4835 rei
1174 4794 1287 4850 prae
1325 4779 1449 4835 aliis
1490 4780 1802 4849 exemplum
1826 4788 1913 4835 est
1964 4778 2112 4849 quod

532 4878 602 4928 de
633 4876 763 4928 feris
793 4882 849 4928 et
878 4872 1167 4927 indomitis
1218 4872 1412 4927 bestiis
1467 4873 1612 4927 circa
1641 4871 1921 4927 Dauielem
1951 4871 2110 4941 127

532 4968 884 5021 factumesse
914 4964 1248 5034 accepimus.
1280 4962 1465 5018 Facile
1515 4962 1663 5018 enim
1714 4962 1992 5018 feritatem
2050 4963 2106 5016 in

526 5057 1017 5115 mansuetudinem
1048 5054 1323 5112 convertit
1354 5055 1517 5119 Deus,
1539 5068 1702 5125 quem
1756 5070 1882 5111 eum
1909 5055 2112 5124 ubique

537 5151 700 5205 nobis
749 5149 941 5203 adesse
973 5150 1216 5203 sciamus
1267 5154 1434 5214 atque
1482 5145 1795 5210 credamus,
1840 5144 1972 5214 ipse
1996 5145 2112 5198 ﬁa-

532 5242 629 5297 vid
662 5256 788 5295 eum
817 5238 1076 5295 omnibus
1099 5237 1254 5309 regni
1278 5238 1366 5292 sui
1402 5237 1550 5291 locis
1606 5234 1713 5290 coli
1744 5235 1919 5289 voluit
1965 5233 2111 5289 cele-

538 5333 908 5399 hrationibus,
950 5345 1082 5387 sane
1137 5328 1334 5384 melius
1357 5336 1442 5383 est
1474 5327 1576 5383 sub
1641 5325 1886 5391 divo,in
1913 5327 2111 5379 solitu-

533 5428 690 5493 dine,
738 5427 791 5480 in
817 5425 1097 5479 montibus
1133 5437 1299 5491 puras
1331 5420 1441 5474 Deo
1475 5419 1739 5473 exhibere
1756 5418 2115 5486 precationes

2219 4611 2329 4659 σιν,
2383 4593 2551 4648 αὐτοῦ
2583 4593 2680 4647 τοῦ
2733 4591 2871 4646 Θεοῦ
2925 4591 3412 4660 προοδοποιοῦντος
3464 4592 3557 4643 καὶ
3586 4591 3658 4643 τὰ
3686 4590 3802 4643 τῶν

2214 4681 2564 4752 διωκομένων
2611 4682 2751 4748 ὑπὲρ
2799 4681 2965 4734 αὑτοῦ
2998 4679 3423 4740 κατευθύνοντος
3452 4677 3799 4746 διαϐήματα,

2217 4775 2313 4827 καὶ
2343 4775 2450 4826 τῶν
2474 4772 2765 4844 ὁμοφύλων
2793 4774 2923 4836 τοὺς
2980 4770 3318 4840 ἀλλοφύλους
3365 4770 3708 4839 πραοτέρους
3741 4770 3802 4820 ιν

2214 4865 2326 4926 τοῖς
2355 4862 2619 4924 τοιούτοις
2665 4860 2904 4932 δρῶντος
2939 4857 3003 4930 [Ι.
3043 4858 3149 4913 125
3182 4847 3239 4928 ὁ]
3265 4860 3502 4926 καιροῖς,
3537 4856 3802 4924 καθάπερ

2215 4956 2363 5009 ἔστιν
2394 4954 2430 5008 ἀ
2457 4952 2566 5006 τῶν
2621 4952 2828 5022 σφόδρα
2868 4951 3079 5022 ἀγρίων
3126 4954 3222 5003 καὶ
3263 4950 3560 5018 ἀνημέρων
3585 4948 3802 5018 θηριων

2214 5048 2307 5100 ἐπὶ
2331 5046 2529 5117 Δανιὴλ
2548 5045 2648 5099 καὶ
2678 5043 2786 5100 τῶν
2817 5043 3018 5105 ἄλλων,
3043 5042 3137 5095 τοῦ
3160 5039 3463 5112 θηριώδους
3485 5042 3803 5112 τηνικαῦτα

2214 5138 2276 5190 τὸ
2323 5136 2593 5207 προσηνὲς
2631 5133 2995 5188 ἀλλάττεσθαι
3040 5136 3214 5204 ῥᾷστα
3252 5133 3801 5202 παρασκευάζοντος.

2227 5230 2382 5282 Ἐπεὶ
2412 5230 2519 5299 γὰρ
2550 5225 2829 5298 πανταχοῦ
2856 5227 3113 5295 παρεῖναι
3158 5225 3250 5278 τὸν
3279 5225 3413 5279 Θεὸν
3466 5225 3801 5294 μεμαθήκα-

2221 5322 2321 5387 μέν
2346 5337 2405 5372 τε
2442 5321 2537 5373 καὶ⁵
2570 5317 3041 5386 πεπιστεύκαμεν,
3073 5318 3178 5369 κάν
3209 5316 3372 5369 παντὶ
3396 5314 3549 5383 τόπῳ
3570 5315 3670 5382 τῆς
3696 5300 3829 5366 aii—~

2216 5413 2310 5466 τοῦ
2340 5413 2660 5476 δεσποτείας
2704 5413 2733 5463 ό
2781 5410 2948 5464 Δαὸὶδ
2987 5406 3152 5462 αὑτὸν
3187 5407 3435 5475 εὐλογεῖν
3476 5405 3796 5474 ἐπιτρέπει,

526 5534 701 5587 quam
725 5533 850 5572 cum
879 5513 1194 5570 inﬁdelibus
1237 5513 1292 5565 in
1335 5510 1552 5579 templis
1606 5522 1740 5562 auro
1776 5516 1831 5562 et
1861 5506 2115 5578 splendi-

2221 5504 2428 5575 βέλτιον
2457 5506 2514 5557 ὲν
2545 5504 2833 5573 ὑπαίθροις
2872 5506 2969 5557 καὶ
3003 5502 3264 5572 ἐρημίαις
3305 5499 3401 5552 καὶ
3435 5497 3625 5569 ὄρεσιν
3667 5498 3798 5549 ἀκί-
3866 5528 3871 5532 -

530 5612 626 5664 aii.
656 5610 855 5663 tabulis
905 5607 1137 5659 ornatis.
1190 5602 1335 5657 Audi
1382 5615 1505 5670 qum
1562 5608 1788 5654 sanctus
1819 5596 2116 5667 Gregorius

2221 5596 2552 5669 ϐδηὶονῖθεῷ
2579 5599 2875 5669 προσάγειν
2908 5593 3210 5665 τὸνιῦμνον,
3245 5594 3276 5665 ἢ
3306 5590 3582 5646 δυσσεὸῶν
3600 5607 3801 5643 xame—

616 5722 690 5780 (l)
726 5716 1112 5787 Χρυοοστόμου
1252 5713 1350 5787 τῆς
1398 5711 1691 5787 ἑρμηνείας
1732 5710 1825 5765 τοῦ
1874 5708 1927 5779 μ’
1966 5708 2204 5780 ψαλμοῦ.

600 5794 689 5853 1‘2}
742 5783 834 5840 ’ἱξκ
866 5791 959 5858 ﬁ“;
995 5784 1282 5852 ἐγκυκλίου
1316 5783 1623 5852 ἐπιστολῆς.

2116 5960 2135 5992 ἢ
