4088 6468
355 378 457 442 ειν

1276 374 1279 379 ’
1331 369 1779 432 ΒῩΖΑΝΤΙΝιΕ
1807 368 2194 430 HISTORUE
2221 372 2369 433 LtB.
2408 372 2650 434 XXVII.

3506 372 3607 438 120

352 489 440 561 νία
479 486 793 559 χρωμένους
825 484 1015 555 χρυσῷ
1067 484 1507 554 κεκοσμημένοις
1561 465 1654 536 κᾶι
1701 467 1927 536 πλακῶν

2029 480 2251 537 locutus
2279 493 2364 538 est
2389 484 2506 539 suis
2530 484 2977 553 persecutoribus
3015 501 3029 539 :
3068 504 3087 535 ι
3122 483 3350 539 llabitas
3382 485 3608 554 quidem
3662 553 3674 565 θ

352 581 703 649 στιλπνότητι
742 577 1033 648 προσέχειν
1062 575 1355 647 τεμένεσιν
1380 590 1396 605 '
1431 575 1656 640 ἀκούεις
1686 575 1796 646 γάρ
1832 574 1929 628 καίΙ

352 675 447 728 τοῦ
484 673 632 728 θείου
663 674 963 741 φάσκοντος
994 669 1302 741 Γρηγορίου
1352 671 1467 731 τοῖς
1499 668 1622 722 τότε
1665 665 1930 731 διώκταις

350 767 519 821 αὑτοῦ
544 764 648 834 (1)·
671 762 775 817 «Σὺ
800 762 857 815 δέ
895 778 984 832 μοι
1020 760 1300 831 περιείχου
1324 761 1433 815 τῶν
1466 759 1665 829 τοίχων
1696 759 1793 813 καὶ
1817 757 1929 811 τῶν

361 855 586 913 πλακῶν
634 854 730 909 καὶ
782 853 884 925 τῆς
926 853 1353 923 κεκοσμημένης
1395 851 1630 922 ψηφῖδος
1675 850 1772 903 καὶ
1818 849 1930 904 τῶν

356 949 582 1020 μακρῶν
628 948 850 1019 δρόμων
897 949 987 1001 καὶ
1033 947 1404 1017 περιδρόμοιν,
1454 946 1551 998 καὶ
1599 944 1791 1017 χρυσῷ
1832 960 1931 998 κα-

354 1044 630 1111 τελάμπου
687 1042 785 1097 καὶ
851 1040 1270 1111 περιελάμπου,
1332 1038 1544 1108 ἀγνοῶν
1595 1042 1681 1095 ὅτι
1734 1040 1928 1112 κρείσ-

357 1153 465 1189 σων
521 1134 788 1205 ὕπαιθρος
852 1135 1036 1198 πίστις
1086 1132 1416 1196 πολυτελοῦς
1473 1134 1773 1199 ἀσεϐείας,
1831 1133 1929 1186 καὶ

356 1228 573 1292 πλείους
621 1227 742 1297 Θεῷ
808 1230 958 1298 τρεῖς
1020 1226 1356 1297 συνημμένοι
1428 1228 1488 1280 ἐν
1534 1225 1762 1296 ὀνόματι
1811 1226 1925 1278 Κυ-

356 1322 475 1390 ρίου
506 1320 713 1373 πολλῶν
735 1319 1086 1391 ἀρνουμένων
1108 1318 1342 1388 θεότητα
1372 1316 1507 1389 (2).»
1529 1319 1639 1371 Καὶ
1672 1317 1855 1380 Ἠλίας
1879 1317 1927 1371 δ’

353 1413 550 1482 ἔφευγε
578 1414 676 1475 τάς
702 1416 802 1482 τῆς
851 1412 1090 1475 Ἰεζάϐελ
1112 1410 1363 1476 ἀπειλάς,
1398 1411 1492 1463 καὶ
1516 1410 1614 1474 τὰς
1637 1410 1731 1462 τοῦ
1753 1409 1928 1463 Σαοὺλ

350 1508 386 1558 ὁ
416 1506 599 1570 Δαῦὶδ,
633 1504 727 1558 καὶ
759 1505 871 1573 ὅπη
921 1503 1139 1574 τύχοιεν
1167 1501 1537 1557 ἐπεκαλοῦντο
1565 1501 1657 1555 τὸν
1695 1500 1925 1579 Κύριον.

356 1602 467 1655 Καὶ
519 1600 568 1652 oi
600 1600 877 1668 μάρτυρες
908 1598 1009 1666 τῆς
1055 1596 1316 1666 ἀληθείας
1344 1596 1550 1649 ἐκεῖνοι
1600 1595 1927 1665 διωκόμενοι

356 1693 459 1762 μὲν
487 1693 716 1761 ἔφευγον
746 1691 837 1743 καὶ
873 1687 1232 1750 λανθάνοντες
1274 1685 1632 1758 ἐκαρτέρουν,
1673 1688 1927 1755 εὑρισκό-

356 1803 511 1857 μενοι
536 1785 591 1837 δὲ
639 1782 1013 1854 ἐμαρτύρουν.
1047 1800 1067 1835 ι
1102 1781 1345 1835 Ὶικιστα
1368 1781 1465 1836 οὖν
1504 1798 1562 1834 σε
1595 1783 1775 1852 χρεὼν
1812 1784 1927 1846 τοῖς

355 1840 995 1952 σμικρολ,όγοις.ὲκείνοις
1026 1875 1408 1946 συμφέρεσθαι
1438 1874 1540 1946 τὴν
1571 1840 1839 1940 δῖάνοιαν,
1876 1840 1929 1930 οῖ
1959 1840 2003 1895 Β

349 1972 528 2043 δειλίᾳ
553 1971 658 2023 τινὶ
693 1958 897 2040 μεταξὺ
929 1969 1038 2022 τῶν
1066 1968 1259 2021 δεινῶν
1286 1968 1387 2039 τὴν
1417 1967 1599 2039 ψυχὴν
1638 1967 1930 2022 συνθολού-

358 2081 513 2133 μενοι
559 2064 929 2133 θαυμάζωσιν
974 2062 1122 2123 ὅπως
1170 2061 1291 2123 ὁδὸς
1333 2061 1434 2131 μὲν
1467 2061 1682 2126 άσεὸῶς
1716 2063 1776 2117 ὲν
1812 2063 1929 2125 τοῖς

355 2161 617 2220 τοιούτοις
664 2157 875 2224 καιροῖς
924 2155 1226 2217 εὐοδοῦται,
1257 2149 1337 2217 οἷς
1381 2154 1441 2208 δὲ
1475 2155 1567 2209 τὸν
1599 2155 1739 2224 ὑπὲρ
1774 2155 1934 2209 εὐσε-

354 2252 511 2316 ϐείας
559 2249 969 2321 σταδιοδρομεῖν
1010 2248 1291 2318 ἐξεγένετο
1339 2246 1583 2313 δίαυλον,
1629 2247 1841 2312 τούτοις
1885 2248 1933 2302 δ’

356 2339 696 2412 ὑϐρίζεσθαι,
722 2336 1191 2408 περιφρονεῖσθαι,
1222 2337 1699 2407 συκοφαντεῖσθαι,
1736 2338 1937 2407 χλευά-

356 2434 570 2499 ζεσθαι,
616 2431 711 2485 καὶ
747 2429 1003 2496 καθάπαξ
1032 2432 1231 2495 εἰπεῖν,
1266 2430 1378 2484 πᾶν
1425 2430 1667 2500 πονηρὸν
1697 2431 1927 2485 ἀκούειν

354 2527 511 2597 ῥῆμα
570 2524 780 2595 μακρόν
825 2540 948 2577 τινα
1003 2522 1099 2575 καὶ
1157 2521 1507 2592 ἀτέκμαρτον
1557 2523 1929 2592 συγχωρεῖται

329 2617 555 2688 ,δρόμον
604 2616 698 2670 τοῦ
733 2615 949 2686 χρόνου,
984 2613 1081 2668 τοῦ
1117 2613 1253 2669 Θεοῦ
1303 2613 1381 2685 μὴ
1431 2617 1655 2686 ταχεῖαν
1698 2615 1930 2683 ἐπάγειν

357 2710 631 2773 ἐθέλοντος
679 2710 779 2778 τὴν
805 2709 1110 2780 ἐκδίκησιν,
1140 2707 1261 2761 ἀλλ’
1298 2707 1499 2771 ὲῶντος
1538 2709 1702 2761 παντὶ⁸
1753 2708 1815 2761 τὸ
1842 2704 1930 2762 νό-

358 2822 537 2875 μισμα
575 2801 1069 2865 διακωδωνίζεσθαι
1117 2801 1325 2871 τρόπῳ,
1364 2799 1482 2855 ἀλλ’
1529 2799 1929 2870 ἀναλογιζόμε-

353 2913 448 2951 νον
482 2898 573 2949 ἐπὶ
606 2894 804 2949 σαυτοῦ
835 2894 906 2947 τὰ
957 2894 1124 2949 πάλαι
1170 2892 1462 2963 γενόμενα,
1512 2893 1608 2946 καὶ
1658 2891 1928 2963 θεοφιλῶς

356 3006 710 3077 ἀνιχνεύοντά
737 3023 797 3059 τε
825 3005 920 3060 καὶ
952 3003 1356 3073 ἀναλεγόμενον
1389 3002 1622 3071 ἕκαστα,
1658 3002 1840 3073 σαυτῷ
1865 3018 1926 3055 τε

358 3103 453 3154 καὶ
508 3099 723 3163 πολλοῖς
770 3099 980 3169 ἑτέροις
1029 3096 1284 3150 ἐντεῦθεν
1339 3096 1607 3166 μεγίστην
1659 3094 1929 3167 παρέχειν

276 3234 293 3249 .
356 3192 643 3260 ὠφέλειαν.
689 3191 936 3250 Ἀκούεις
964 3190 1074 3261 γάρ
1107 3189 1202 3243 τοῦ
1254 3188 1494 3259 μεγάλου
1531 3186 1640 3242 τῶν
1667 3186 1929 3241 τοιούτων

357 3288 525 3341 ίατῶν
554 3285 1002 3355 χρυσορῤήμονος
1030 3284 1279 3352 λέγοντος
1307 3281 1383 3352 (5)
1415 3281 1493 3346 ὡς
1520 3282 1581 3336 ὲν
1613 3281 1928 3352 προοιμίοις

350 3376 452 3429 τοῦ
501 3375 855 3448 κηρύγματος
884 3374 1241 3443 Στέφανος-ὀ
1288 3372 1430 3443 ὑπὲρ
1478 3371 1607 3435 τοὺς
1642 3373 1928 3441 ποταμοὺς

359 3469 500 3539 ῥέων
532 3466 630 3521 καὶ
662 3467 872 3529 πάντας
909 3464 1308 3535 ἐπιστομίζων,
1338 3464 1461 3518 οὐδὲ
1496 3464 1668 3519 πολὺν
1691 3464 1928 3534 ποιήσας

353 3560 414 3611 ἐν
461 3557 540 3628 τῷ
566 3556 883 3627 κηρύγματι
936 3557 1152 3627 χρόνον,
1185 3554 1387 3627 ἀθρόον
1426 3556 1656 3626 ἡρπάγη
1712 3559 1811 3611 καὶ
1850 3555 1928 3618 ὡς

358 3649 674 3720 βλάσφημος
703 3646 1095 3710 κατεδικάζετό
1127 3664 1184 3699 τε
1219 3647 1314 3700 καὶ
1345 3646 1643 3700 κατελύετο
1665 3662 1681 3679 ⁶
1715 3646 1929 3701 καὶῚά-

355 3742 532 3805 κωσος
558 3740 603 3794 δ’
643 3742 701 3794 ὲν
726 3741 868 3810 ἀρχῇ
900 3740 998 3792 καὶ
1031 3737 1194 3801 αὐτὸς
1220 3736 1280 3802 ἐξ
1310 3736 1484 3806 αὐτῆς
1510 3737 1588 3800 ὡς
1629 3738 1804 3789 εἰπεῖν
1825 3737 1928 3807 τῆς

356 3835 602 3904 βαλϐῖδος
640 3832 959 3903 ἀνεσπάσθη
995 3833 1092 3886 καὶ
1138 3831 1481 3903 ἀποτμηθεὶς
1509 3831 1591 3893 είς
1624 3829 1784 3900 χάριν
1815 3829 1926 3883 τῶν

365 3926 636 3980 Ἰουδαίων
689 3923 779 3993 ὑφ’
823 3922 1065 3992 Ἡρώδου
1106 3922 1200 3974 τὸν
1249 3920 1366 3991 βίον
1406 3920 1677 3973 κατέλυσε
1734 3919 1926 3983 στῦλος

355 4021 450 4075 καὶ
509 4016 792 4086 ἑδραίωμα
829 4014 1150 4083 τηλικοῦτον
1193 4013 1294 4085 τῆς
1348 4010 1634 4083 ἀληθείας.
1686 4012 1778 4081 Μὴ
1832 4009 1925 4064 οὖν

353 4112 644 4182 θαυμάσῃς
683 4110 731 4161 εί
770 4106 845 4178 μὴ
872 4108 936 4159 ὲκ
958 4106 1264 4176 προοιμίων
1293 4102 1421 4175 μηδ’
1449 4103 1653 4168 εὐθέως
1687 4103 1925 4156 ἐκδικεῖ-

355 4215 445 4250 ται
478 4198 626 4263 παρά
668 4193 806 4247 Θιοῦ
848 4192 917 4246 τά
959 4190 1237 4246 λυποῦντα
1259 4204 1275 4221 ⁸
1309 4190 1431 4255 ἔθος
1459 4191 1568 4262 γάρ
1588 4190 1736 4260 αύτῷ
1770 4190 1845 4261 μὴ
1866 4192 1925 4244 ιν

355 4294 498 4363 ἀρχῇ
531 4291 599 4344 τά
622 4289 770 4342 δεινά
788 4288 935 4341 λύειν
969 4286 1070 4356 (4),
1097 4285 1212 4338 ἀλλ’
1246 4285 1376 4338 ὅταν
1398 4283 1606 4354 αὐξηθῇ
1639 4284 1737 4338 καὶ
1772 4283 1926 4353 παρά

354 4382 463 4433 τῶν
502 4380 763 4432 πλειονων
797 4375 1151 4445 ἀπογνωσθῇ.
1195 4371 1448 4436 ’Δκούεις
1490 4372 1537 4425 δ’
1581 4373 1735 4436 ὅπως
1766 4374 1861 4427 καὶ
1896 4374 1925 4426 ὁ

358 4473 459 4541 μὲν
492 4468 660 4523 ’Δὸελ
685 4469 890 4532 δίκαιος
922 4465 997 4519 ὢν
1030 4463 1297 4534 ὲφονεύθη
1323 4464 1486 4533 ταχὺ,
1521 4464 1550 4516 ὁ
1577 4462 1635 4516 δὲ
1667 4463 1806 4518 Κάῖν
1827 4462 1921 4531 ἔζη

2037 574 2182 630 intra
2228 590 2437 642 muros,
2468 577 2677 640 palatia
2711 578 2914 647 ampla,
2951 580 3220 647 porticus,
3257 586 3313 632 et
3334 592 3473 632 auro
3507 578 3585 633 ful

2033 681 2163 738 ges;
2190 666 2286 722 sed
2327 667 2496 722 Deum
2549 669 2654 724 sub
2685 668 2813 723 divo
2842 669 3028 724 colere
3058 669 3256 723 melius
3298 683 3421 725 csse
3446 684 3616 739 quam

2034 774 2189 815 sacra
2228 759 2521 829 splendida
2560 760 2746 817 facere
2800 777 2926 817 cum
2974 761 3145 832 impio
3197 763 3404 827 animo,
3448 762 3616 818 etiam

2037 859 2150 907 tres
2183 852 2437 907 homines
2474 854 2531 907 in
2576 855 2801 910 nomine
2858 852 3074 909 Domini
3118 854 3447 925 coniunctos
3502 853 3617 908 Deo

2035 944 2301 1015 gratiores
2322 960 2445 1001 esse
2470 960 2634 1015 quam
2659 945 2834 1001 multo
2852 946 3039 1016 plures
3065 947 3157 1017 qui
3190 946 3358 1001 Deum
3391 958 3614 1017 negent.

2036 1036 2235 1093 nescis.
2294 1036 2441 1092 Elias
2484 1046 2668 1092 autem
2723 1038 2817 1107 qui
2867 1038 3137 1095 Jezabelae
3180 1050 3242 1095 et
3298 1040 3467 1096 David
3519 1040 3616 1111 qui

2036 1128 2187 1184 Sauli
2230 1130 2405 1185 minas
2448 1131 2603 1199 fugit,
2638 1145 2971 1200 quocunque
3015 1144 3288 1186 venerunt
3317 1132 3620 1187 Inundarunt

2037 1221 2229 1275 Deum.
2260 1221 2440 1277 Etiam
2494 1234 2761 1293 martyres
2806 1224 2884 1279 illi
2927 1225 3177 1280 veritatis
3218 1225 3457 1295 primoa
3491 1241 3619 1294 pcr-

2033 1314 2386 1370 secutoribus
2415 1317 2591 1371 vexati
2646 1315 2701 1370 in
2736 1316 2914 1387 fugam
2953 1332 3013 1372 se
3044 1317 3318 1373 dederunt
3357 1333 3373 1374 :
3410 1317 3508 1372 sed
3559 1318 3616 1371 in

2035 1407 2254 1461 occulto
2308 1408 2555 1463 animum
2616 1409 3025 1465 confirmarunt
3066 1401 3126 1465 et
3179 1410 3444 1478 protracti
3516 1424 3618 1478 pro

2034 1498 2148 1555 Deo
2175 1502 2378 1555 mortui
2409 1511 2561 1556 sunt.
2605 1521 2625 1553 ι
2667 1502 3025 1573 Nequaquam
3058 1503 3227 1573 igitur
3258 1514 3321 1558 ut
3341 1504 3481 1558 levia
3513 1505 3619 1560 ista

2035 1592 2207 1649 debes
2254 1593 2549 1662 respicere.
2598 1592 2702 1660 Qui
2780 1595 2836 1650 in
2893 1594 3062 1650 rebus
3116 1595 3371 1663 angustis
3430 1598 3619 1666 pusilli

2033 1695 2163 1742 sunt
2191 1696 2248 1743 et
2275 1687 2466 1743 fractis
2490 1687 2689 1744 animis
2714 1689 2985 1744 mirantur
3022 1688 3168 1759 quod
3200 1689 3496 1758 impiorum
3521 1689 3623 1746 via:

2033 1780 2348 1836 istiusmodi
2393 1780 2448 1834 in
2481 1780 2651 1837 rebus
2690 1783 2868 1851 planae
2917 1792 2974 1838 et
3004 1783 3194 1839 felices
3242 1794 3394 1850 sunt,
3426 1794 3619 1841 contra

2034 1873 2179 1943 quod
2209 1873 2247 1928 ii
2289 1874 2384 1944 qui
2414 1883 2642 1945 propter
2690 1876 2951 1944 pietatem
2989 1877 3330 1946 periculosas
3373 1878 3488 1933 vias
3534 1881 3621 1934 in-

2033 1967 2207 2036 gressi
2236 1978 2388 2033 sunt,
2421 1982 2522 2038 per
2555 1969 2778 2038 longum
2814 1979 2868 2024 et
2904 1969 3181 2024 infinitum
3218 1980 3434 2041 tempus
3467 1972 3623 2027 inso-

2032 2060 2215 2115 lenter
2255 2068 2583 2127 tractantur,
2614 2070 3072 2127 contemnuntur,
3098 2064 3259 2132 128
3280 2066 3616 2135 produntur,

2034 2151 2368 2218 irridentur,
2419 2153 2545 2209 aliis
2576 2154 2767 2209 multis
2815 2156 3086 2211 molestiis
3139 2170 3424 2227 urgentur.
3474 2161 3621 2217 Deus

2035 2244 2185 2300 cnim
2208 2260 2323 2299 non
2344 2245 2575 2302 festinat
2597 2246 2889 2318 judicium,
2916 2248 3013 2303 sed
3062 2264 3340 2321 quemque
3374 2253 3616 2308 stadium

2034 2353 2196 2395 suum
2222 2339 2758 2396 vultdecurrere.'l‘u
2785 2356 2921 2397 vero
2945 2358 3070 2411 qua:
3102 2364 3131 2398 ο
3151 2344 3434 2414 majorhus
3456 2348 3620 2404 nobis

2032 2432 2234 2487 tradita
2262 2443 2391 2488 sunt
2431 2434 2594 2489 velim
2623 2436 2971 2493 consideres.
3003 2437 3160 2494 Unde
3210 2440 3256 2493 si
3304 2440 3398 2510 pio
3431 2442 3618 2495 animo

2031 2526 2454 2598 investigaveris
2474 2528 2689 2600 singula
2713 2546 2944 2602 quicque
2959 2540 3020 2587 et
3043 2543 3224 2587 tecum
3250 2535 3619 2604 reputaveris,

2030 2628 2088 2673 et
2121 2619 2220 2674 tibi
2247 2630 2306 2677 et
2342 2622 2468 2677 aliis
2496 2624 2685 2678 multis
2716 2625 2910 2694 optimi
2942 2626 3158 2682 fructus
3196 2629 3615 2685 redundabunt.

2031 2711 2208 2768 Audis
2233 2714 2380 2768 enim
2409 2730 2476 2769 ex
2515 2731 2712 2786 magno
2745 2716 2844 2771 illo
2882 2717 3301 2790 Chrysostomo,
3333 2721 3403 2776 ait
3446 2721 3620 2776 initiis

2033 2803 2319 2876 Erangelii
2349 2805 2721 2877 Stephanum,
2750 2811 2931 2867 amnis
2956 2812 3134 2881 rapidi
3168 2828 3323 2868 more
3352 2813 3616 2870 ﬂuentem

2034 2903 2095 2951 et
2127 2911 2321 2953 omnes
2355 2899 2520 2955 silere
2575 2911 2886 2971 cogentem,
2918 2912 3043 2974 post
3068 2905 3235 2961 breve
3282 2916 3503 2978 tempus
3557 2908 3616 2964 in

2033 2990 2385 3060 praedicando
2435 2992 2734 3065 Evangelia
2787 3009 3201 3067 consumptum,
3249 3000 3434 3057 subito
3491 3016 3616 3058 esse

2031 3092 2349 3154 correptum
2400 3093 2568 3156 atque
2619 3094 2681 3141 ut
2731 3086 3116 3158 hlaSphemum
3179 3095 3611 3157 condemnatum

2028 3186 2087 3232 et
2114 3176 2491 3238 interfectum.
2521 3182 2932 3238 Jacobusinitio
2959 3193 3014 3239 et
3037 3186 3153 3255 ipse
3184 3187 3253 3242 ab
3282 3189 3418 3259 ipsis
3449 3204 3505 3248 et
3540 3194 3642 3251 ita

1954 3243 2000 3302 (ἶ
2032 3270 2212 3327 dicam
2236 3273 2553 3329 carceribus
2584 3283 2896 3344 protractus
2913 3286 2971 3331 et
2990 3243 3614 3345 ab-ilerode‘utvluda-i;

1992 3426 2007 3439 ,
2029 3363 2380 3420 satisfaceret
2423 3365 2749 3424 interfectus
2779 3377 2886 3425 est.
2918 3370 3172 3438 Quocum
3235 3376 3490 3435 veritatis
3525 3380 3618 3435 flr-

2028 3457 2340 3512 missimum
2369 3458 2618 3514 concidit
2665 3461 2922 3517 columen
2979 3472 3037 3520 et
3091 3467 3433 3536 praesidium.
3489 3472 3615 3528 Noli

2028 3549 2199 3620 igitur
2238 3550 2452 3618 mirari,
2491 3554 2639 3623 quod
2699 3570 2808 3610 non
2842 3558 3113 3614 continuo
3164 3560 3381 3632 injuriae
3422 3579 3454 3618 a
3502 3566 3617 3622 Deo

2028 3642 2408 3699 vindicantur.
2459 3645 2605 3700 Deus
2652 3649 2803 3702 enim
2852 3648 3230 3719 improborum
3268 3657 3454 3712 studia
3501 3674 3616 3716 non

2028 3733 2171 3789 solet
2193 3734 2305 3805 jam
2340 3750 2370 3790 α
2398 3749 2433 3789 a
2457 3736 2731 3806 principio
2780 3740 3081 3805 retardare,
3112 3743 3206 3799 sed
3249 3755 3361 3801 tum
3390 3748 3614 3805 demum

2025 3838 2154 3879 cum
2202 3841 2531 3895 progressus
2582 3829 2855 3896 fecerunt,
2896 3840 2954 3887 ct
3019 3834 3275 3904 plurimis
3324 3851 3614 3910 perspecta

2027 3926 2181 3971 sunt.
2218 3918 2308 3974 Uti
2339 3920 2470 3983 scis.
2500 3921 2634 3977 Abel
2672 3923 2767 3992 qui
2799 3923 2970 3979 homo
2990 3927 3175 3996 justus
3204 3939 3325 3983 erat
3396 3943 3615 3991 mature

2026 4018 2258 4065 necatus
2285 4021 2408 4077 cst;
2454 4011 2594 4066 Cain
2649 4029 2781 4068 vero
2821 4026 3081 4084 provecta
3173 4018 3394 4076 demum
3452 4032 3612 4080 atate

2027 4099 2283 4158 decessit.
2329 4102 2486 4169 Quod
2518 4104 2658 4160 Deus
2688 4114 2980 4176 propterea
3017 4108 3138 4164 ﬁeri
3181 4126 3379 4181 passus
3424 4118 3613 4187 estzut

2029 4193 2121 4249 hic
2153 4194 2330 4266 culpae.
2354 4211 2469 4252 sum
2508 4198 2767 4253 conscius
2798 4208 2946 4254 esset
2984 4216 3082 4271 per
3114 4201 3326 4274 longam
3364 4215 3609 4264 aetatem.

2027 4283 2207 4339 Etiam
2241 4300 2551 4355 praecursor
2587 4288 2831 4344 Joannes
2863 4289 3191 4348 interfectus
3223 4304 3327 4352 est.
3364 4297 3611 4356 llcrodes

2027 4384 2210 4429 autem
2246 4379 2339 4446 qui
2392 4377 2672 4433 interfecit
2724 4380 2819 4435 diu
2859 4380 3170 4453 impunitus
3225 4387 3362 4442 vixit
3432 4405 3609 4464 usque

2027 4467 2095 4521 ad
2126 4467 2539 4545 dicmjndieii,
2570 4472 2644 4526 ita
2696 4472 2919 4542 quidem
2962 4487 3022 4530 ut
3060 4477 3155 4547 qui
3207 4478 3321 4550 jam
3382 4480 3485 4538 hac
3555 4486 3607 4539 in

356 4560 588 4629 μακρὸν,
630 4559 696 4613 ἵν’
748 4556 1041 4627 ἐλέγχηται
1084 4555 1245 4608 πλέον
1276 4556 1310 4624 ἡ
1355 4555 1547 4607 τούτου
1580 4553 1751 4607 κακία
1773 4569 1789 4584 ο
1824 4555 1919 4606 καὶ

2032 4560 2193 4631 129
2225 4569 2368 4617 terra
2398 4565 2750 4619 verminosus
2782 4566 2959 4621 factus
2987 4577 3074 4623 est
3115 4579 3172 4625 et
3201 4572 3438 4627 animam
3465 4575 3610 4632 inter

268 4670 289 4679 '
354 4652 421 4710 αὖ
446 4654 507 4727 [ι.
543 4653 642 4707 126
669 4650 727 4723 a]
750 4652 778 4704 ὁ
804 4650 903 4720 μὲν
929 4647 1234 4720 πρόδρομος
1272 4647 1528 4716 Ἰωάννης
1546 4644 1645 4715 τὴν
1675 4644 1920 4714 κεφαλὴν

353 4748 636 4817 ἀφῃρεῖτο,
680 4746 707 4797 ὁ
751 4741 796 4795 δ’
844 4741 1050 4796 ἀνελὼν
1098 4736 1346 4809 Ἡρώδης
1391 4736 1487 4806 ἔζη
1528 4738 1922 4806 ταμιευόμενος

353 4844 435 4904 εἰς
472 4837 660 4909 καιρὸν
689 4835 1042 4905 ἐκδικήσεως,
1086 4832 1173 4884 ἶνα
1207 4830 1410 4901 δηλαδὴ
1452 4827 1923 4899 σκωληκόϐρωτος

354 4932 588 4989 ἐνταῦθα
629 4932 921 5000 γενόμενος
949 4927 1046 4981 καὶ
1072 4924 1361 4996 ἀποψύξας
1400 4923 1620 4994 πικρῶς
1646 4923 1783 4993 πρὸς
1828 4922 1922 4975 τὸν

350 5025 655 5095 ἀκοίμητον
707 5023 913 5074 ἐκεῖνον
945 5017 1146 5071 οὑτωσὶ
1188 5013 1626 5086 παραπεμφθείη
1668 5015 1700 5067 ὁ
1727 5012 1922 5066 ταλαί-

352 5134 533 5188 πωρος
587 5113 862 5182 σκώληκα.
904 5111 983 5163 Δι’
1033 5127 1110 5164 ων
1138 5109 1268 5177 γὰρ,
1326 5108 1495 5177 φησὶν
1544 5106 1647 5176 (5),
1693 5105 1918 5159 ἐπιϐου-

347 5209 617 5271 λεοὶουσιν,
642 5206 854 5266 ἑαυτοῖς
886 5204 1087 5273 μᾶλλον
1115 5201 1148 5271 ἢ
1177 5199 1383 5270 ἑτέροις
1408 5199 1478 5252 τὰ
1506 5198 1760 5269 βάραθρα
1797 5199 1923 5251 ἀνο-

355 5303 641 5371 ρύττουσιν
666 5312 680 5327 ⁸
721 5297 771 5348 oi
815 5297 912 5364 μὲν
947 5295 1057 5364 γὰρ
1096 5293 1576 5361 ἐπιϐουλευόμενοι
1608 5291 1707 5363 τὴν
1735 5292 1917 5345 οἰκου-

349 5398 518 5465 μένην
550 5389 782 5460 ἐραστάς
812 5389 1031 5459 ἔχουσιν
1074 5388 1375 5449 ἐπαινέτας
1407 5384 1913 5456 ἀνακηρύττοντας,

346 5482 765 5553 στεφανοῦντας,
796 5482 920 5542 τοὺς
958 5480 1169 5542 ειδότας
1217 5480 1347 5540 τοὺς
1389 5476 1492 5529 οὐκ
1527 5478 1761 5543 εἰδότας,
1791 5479 1918 5540 τοὺς

344 5579 451 5632 ἀπὸ
481 5578 589 5633 τῶν
634 5575 998 5649 πραγμάτων,
1034 5573 1161 5635 τοὺς
1201 5572 1268 5623 ὲκ
1305 5570 1405 5639 τῆς
1438 5570 1625 5639 φήμης,
1662 5573 1728 5622 τὰ
1774 5570 1917 5624 ἐκεί·

413 5746 492 5813 (Ι)
525 5743 625 5817 TE):
658 5741 752 5795 τοῦ
772 5740 1208 5817 Δξυντακτηρίουἶ
1459 5807 1484 5817 _

524 5814 844 5886 ’ᾼθανασίου
876 5810 1510 5886 ξκ-τοῦςὰπολογητινοῠ,

518 5885 616 5938 Ἐκ
646 5883 738 5938 τοῦ
771 5883 911 5939 κατὰ
942 5882 1211 5937 Ἰουδαίων
1241 5883 1283 5935 θ’
1314 5880 1496 5948 λόγον.

2026 4653 2243 4706 dolores
2266 4652 2586 4722 exspiravit,
2626 4654 2768 4710 idem
2796 4656 2995 4712 deinde
3030 4660 3202 4715 vermi
3259 4661 3335 4717 illi
3392 4666 3610 4722 assidue

2027 4746 2342 4801 absumenti
2363 4749 2418 4803 in
2431 4748 2615 4803 cibum
2637 4750 2994 4819 praeberetur.
3017 4752 3200 4820 Quare
3221 4771 3350 4812 vere
3369 4773 3427 4814 se
3442 4760 3611 4816 habet

2028 4840 2177 4911 quod
2204 4841 2413 4909 dicunt,
2443 4858 2542 4898 eos
2572 4843 2668 4913 qui
2698 4844 2822 4899 aliis
2863 4846 3089 4902 insidias
3139 4859 3440 4917 struerem,
3500 4856 3606 4911 sibi

2026 4933 2214 5004 potius
2242 4949 2406 5004 quam
2441 4935 2566 4990 aliis
2595 4943 2834 4992 struere.
2880 4937 3099 4994 Etenim
3126 4941 3163 4996 ii
3216 4942 3423 5012 quibus
3468 4946 3607 5003 insi-

2027 5026 2149 5080 dias
2194 5034 2390 5098 parant
2426 5041 2456 5081 a
2489 5027 2739 5096 plurimis
2769 5040 3045 5096 amantur,
3095 5033 3413 5103 laudantur,
3468 5055 3609 5109 pra»

2029 5117 2306 5186 dit-antur,
2338 5132 2697 5189 coronantur,
2728 5137 2927 5194 nempe
2954 5126 3025 5179 ab
3048 5125 3118 5180 iis
3145 5127 3240 5197 qui
3270 5145 3357 5183 res
3417 5135 3607 5203 cogni-

2031 5220 2134 5279 tas,
2160 5223 2218 5268 et
2247 5214 2340 5284 qui
2365 5230 2474 5269 non
2511 5217 2761 5285 cognitas
2816 5216 3041 5283 habent,
3088 5221 3184 5288 qui
3245 5236 3337 5277 res
3397 5224 3500 5293 ipsi
3552 5235 3608 5280 et

2023 5306 2118 5375 qui
2142 5306 2282 5361 fama
2316 5315 2526 5363 tantum
2554 5320 2867 5378 compertas
2887 5312 3111 5379 habent,
3142 5316 3233 5386 qui
3257 5331 3379 5371 cum
3417 5318 3483 5371 iis
3505 5316 3603 5371 do-

2024 5398 2171 5454 lores
2204 5400 2508 5470 patiuntur,
2536 5402 2632 5470 qui
2666 5402 2916 5457 laborum
2941 5405 3079 5460 socii
3132 5417 3282 5474 sunt,
3352 5407 3598 5476 denique

2025 5491 2375 5547 abomnibus
2406 5493 2500 5563 qui
2553 5509 2681 5549 cum
2735 5495 2801 5550 iis
2835 5497 3052 5551 veritati
3090 5499 3335 5553 student.
3396 5498 3603 5559 Contra

2026 5583 2379 5641 insidiatores
2426 5601 2456 5640 α
2487 5586 2744 5656 plurimis
2797 5585 2929 5641 odio
2981 5586 3276 5654 habentur,
3335 5605 3606 5648 accusan-

2096 5747 2169 5811 (4)
2203 5747 2297 5800 Ἐκ
2324 5747 2429 5798 τῶν
2459 5749 2592 5817 πρὸς
2619 5746 2962 5817 Ὀλυμπιάδα
2994 5745 3294 5817 ἐπιστολῶν

2092 5818 2169 5887 (ὅ)
2198 5818 2289 5869 Ἐκ
2322 5817 2415 5870 τοῦ
2458 5817 2503 5872 0'
2528 5819 2686 5888 λόγου
2720 5816 2863 5871 κατά
2892 5816 3186 5871 ’1)υόαίων.
