4088 6484
494 394 595 459 1-Ξ3

1708 397 1750 455 Ν
1768 397 2125 456 lCEPllOliI
2166 396 2551 457 GREGOllrE

3663 405 3768 472 124

491 529 611 567 τιηιι
635 529 830 569 sonum
863 529 1086 569 carmen
1119 523 1340 567 cantare
1365 527 1684 574 CONSUCSSt‘,
1705 528 1816 581 quo
1837 514 2079 566 animum

2190 513 2270 565 δεῖ
2294 512 2655 583 ψυχαγωγίας
2686 514 2885 580 ἔξωθεν
2921 515 3111 582 ἱκανῆς
3139 514 3198 579 ἐξ
3236 517 3548 570 ἀντιπάλων
3583 522 3768 589 ῥαγεί-

489 619 520 658 a
564 598 738 659 'variis
789 622 852 660 ac
885 605 1120 660 turbidis
1155 604 1441 658 nocturnis
1493 603 1724 656 somniis
1771 614 2076 668 revocaret,

491 695 732 765 cu'mque
768 697 924 750 bonae
958 696 1112 766 1A3
1152 693 1535 762 tranquillitati
1586 693 1743 748 facile
1799 693 2075 747 redderet.

489 787 624 843 Nam
693 789 905 842 somnia
976 801 1372 854 nonnunquam
1449 788 1647 838 mirum
1723 783 1778 837 in
1849 783 2075 837 modum

491 893 750 950 tanquam
807 879 920 933 aeri
965 878 1222 932 violentia
1283 885 1524 930 mentem
1591 876 1910 941 sollicitant,
1945 876 2078 944 quin

491 971 542 1026 si
593 973 778 1041 gravia
822 978 952 1026 sunt
1001 969 1468 1039 vehementerque
1529 983 1724 1022 sensus
1787 975 2076 1034 occupant,

492 1078 714 1118 onmem
747 1063 860 1118 fere
899 1077 958 1116 se
1015 1060 1310 1130 colligendi
1367 1067 1688 1128 potestatem
1726 1060 1777 1114 ei
1813 1059 2076 1128 eripiunt.

488 1154 679 1223 ltaque
713 1153 845 1206 mihi
880 1167 1101 1220 quoque
1151 1150 1523 1220 gratissimum
1578 1149 1719 1203 foret
1770 1150 2019 1217 accipere
2049 1163 2079 1201 a

496 1255 549 1300 te
589 1260 759 1300 novas
791 1245 1162 1307 narrationes,
1190 1252 1246 1297 et
1276 1241 1536 1310 quoniam
1580 1241 1683 1295 hoc
1718 1241 1836 1309 ipso
1865 1249 2078 1308 tempo-

492 1353 552 1391 re
579 1337 726 1391 Deus
756 1345 981 1405 propter
1000 1349 1140 1389 vera:
1168 1333 1430 1387 doctrina:
1460 1332 1868 1402 perversiouem
1903 1331 2078 1385 iratus

494 1438 574 1483 tot
631 1443 694 1482 ac
752 1437 932 1482 tantas
962 1425 1128 1479 mittit
1179 1425 1454 1490 miserias,
1517 1423 1711 1477 hormn
1755 1422 2080 1476 alterutrum

495 1533 710 1572 mecum
737 1517 1173 1572 communicabis
1197 1535 1209 1570 :
1235 1525 1329 1571 aut
1358 1530 1443 1568 me
1471 1516 1774 1570 amicorum
1805 1513 2082 1568 conditio-

496 1612 585 1664 nis
609 1610 904 1664 certiorem
963 1609 1151 1663 facies.
1184 1609 1296 1678 Ego
1343 1621 1527 1663 autem
1572 1607 1927 1677 complorabo
1986 1622 2081 1663 eos

495 1701 773 1769 etiamque
797 1709 858 1754 ut
890 1701 1141 1755 laborum
1199 1700 1542 1770 fortunaeque
1605 1701 1782 1755 socios
1821 1700 2079 1756 salutabo

494 1799 551 1844 et
598 1792 762 1844 mutis
811 1791 949 1845 meis
977 1790 1161 1846 verbis
1200 1805 1522 1860 prosequar,
1572 1799 1627 1845 et
1671 1806 1778 1844 una
1834 1806 1960 1845 cum
2012 1791 2081 1845 iis

495 1895 792 1935 maerorem
879 1881 1092 1950 capiam
1144 1891 1201 1937 et
1257 1881 1526 1948 laetitiam,
1599 1897 1780 1952 neque
1833 1897 2074 1950 unquam
2109 1866 2152 1922 Β

493 1980 699 2025 tantam
727 1987 918 2026 eorum
953 1972 1319 2026 constantiam
1353 1972 1615 2026 admirari
1671 1973 1920 2027 cessabo.
1971 1972 2080 2027 Aut

491 2063 559 2118 de
595 2073 1009 2132 persecutorum
1043 2064 1359 2119 conditione
1401 2065 1536 2118 mihi
1587 2066 1860 2128 narrabis,
1895 2074 1950 2119 et
1982 2066 2078 2120 lte-

492 2152 620 2209 tiori
643 2156 874 2212 fortasse
904 2171 1000 2225 spe
1055 2154 1376 2211 alliciemur.
1401 2155 1538 2210 Nam
1589 2155 1738 2226 ipsos
1784 2157 2078 2227 aliquando

494 2249 768 2303 insaniam
794 2263 949 2304 suam
983 2249 1270 2317 agnituros
1301 2263 1421 2303 esse
1448 2261 1626 2317 spero,
1661 2249 1934 2318 siquidem
1971 2250 2086 2320 jam

493 2345 640 2397 inter
667 2343 813 2411 ipsos
843 2342 1176 2412 ﬂagitiorum
1222 2342 1516 2411 opprobria
1545 2343 1807 2406 suboriri,
1835 2352 2026 2396 contra
2055 2357 2086 2398 ο

493 2433 806 2489 recessibus
833 2449 1025 2488 eorum
1067 2447 1206 2502 quos
1249 2442 1658 2502 persequuntur
1686 2442 1742 2487 et
1791 2449 1823 2487 e
1849 2433 2082 2488 summis

495 2525 741 2591 tenebris
761 2525 976 2595 plenam
1006 2525 1212 2580 sensim
1243 2523 1534 2578 veritatem
1561 2523 1615 2578 in
1643 2523 1824 2578 lucem
1856 2524 2083 2594 prodire

496 2618 770 2671 sentiunt.

2186 621 2284 668 σης
2323 605 2705 675 δηγημάτων.
2766 601 2938 660 Οἶσθα
2994 608 3105 677 γὰρ
3159 607 3234 671 ῶς
3289 609 3388 662 καὶ
3439 610 3766 683 Πυθαγόρας

2181 697 2389 757 ἐκεῖνος
2443 699 2470 749 6
2518 697 2722 765 Σάμιος
2765 697 2933 767 λύρας
2969 697 3140 750 ἕωθεν
3175 697 3268 752 καὶ
3295 698 3452 769 ᾠδῶν
3488 705 3765 770 μουσικῶν

2183 789 2573 858 νενουθέτηκεν
2609 787 2902 856 ἅπτεσθαι,
2963 790 3162 844 ὁπόσαι
3219 808 3283 858 γε
3333 793 3517 845 ἱκαναὶ
3563 795 3624 845 τδ
3654 795 3765 847 τῶν

2181 879 2464 950 λογισμῶν
2492 879 2795 950 τηνικαῦτα
2827 881 3098 951 κοιμίζειν
3143 884 3410 952 κυμαῖνον
3440 885 3504 937 ἑκ
3531 885 3640 938 τῶν
3667 886 3766 939 τοῦ

2184 975 2356 1028 ὕπνου
2389 974 2725 1045 νυκτερινῶν
2755 975 3092 1044 ἀθυρμάτων
3122 976 3526 1046 καθιστάμενον
3561 979 3766 1046 ῥόθιον,

2183 1070 2281 1122 καὶ
2325 1066 2734 1137 μεθαρμόττειν
2779 1065 2982 1136 ῥᾳδίως
3027 1067 3124 1120 ἐπὶ
3153 1066 3213 1118 τὺ
3245 1067 3488 1137 εὔθυμον
3525 1070 3700 1122 ὁπόσα
3731 1071 3767 1138 ἡ

2185 1159 2293 1212 τῶν
2345 1157 2572 1227 ὀνείρων
2643 1156 2943 1226 αὐτονομία
2997 1157 3269 1220 παίζουσα
3327 1141 3768 1229 δραστικώτερον

2185 1249 2358 1305 ἐνίοτε
2414 1248 2560 1303 κατά
2600 1248 2700 1318 τῆς
2760 1249 3002 1318 γαλήνης
3045 1249 3157 1301 τῶν
3207 1249 3487 1319 λογισμῶν
3535 1251 3765 1319 ἀφίησιν

2186 1343 2499 1411 ἀπαρκτίου
2534 1340 2690 1409 δίκην
2740 1337 2957 1410 μακροῦ
3005 1356 3186 1402 τινος,
3218 1340 3307 1392 ὅτε
3358 1341 3422 1410 δὴ
3470 1343 3563 1393 καὶ
3616 1343 3763 1410 μάλα

2185 1434 2518 1503 ἀταμίευτος
2574 1433 2689 1493 τοϊς
2740 1430 3122 1501 αἰσθητηρίοις
3173 1432 3201 1483 6
3257 1430 3424 1494 ὕπνος
3489 1433 3763 1501 ἑντρέχων

2183 1527 2384 1595 ἥκιστα
2411 1525 2471 1576 τὸ
2498 1523 2634 1594 πρὸς
2658 1524 2875 1592 ἄμυναν
2901 1522 3039 1584 τέως
3067 1523 3211 1592 ἔχειν
3241 1523 3545 1591 δυνάμενον
3573 1522 3764 1590 σφίσιν

2183 1615 2293 1686 ἐῴη
2325 1615 2409 1670 ἄν.
2460 1616 2550 1667 Διὸ
2583 1614 2677 1666 καὶ
2709 1615 2840 1682 ἡμῖν
2877 1611 3096 1683 ἣδιστον
3149 1613 3215 1666 ἂν
3260 1612 3473 1681 γένοιτο
3507 1611 3764 1682 ἄκουσμα

2182 1707 2293 1761 τῶν
2328 1707 2433 1772 ἔξω
2464 1705 2818 1778 πραγμάτων
2859 1705 2979 1760 ἔνια
3015 1705 3323 1774 διηγήσεως
3369 1704 3632 1757 ὑπόθεσιν
3664 1704 3767 1759 νῦν

2184 1800 2502 1870 κομίζοντος
2533 1799 2627 1851 σοῦ
2659 1815 2748 1866 γε.
2779 1798 2936 1850 Ἐπεὶ
2989 1797 3099 1867 γὰρ
3149 1797 3363 1864 κακῶν,
3410 1797 3571 1866 εἴπερ
3605 1798 3764 1864 ποτε,

2181 1891 2280 1944 νῦν
2316 1892 2346 1943 6
2374 1891 2488 1961 βίος
2528 1890 2916 1960 ἐμπέπλησται
2941 1889 3311 1959 ὀργιζομένου
3351 1888 3492 1941 Θεοῦ
3530 1888 3620 1940 διὰ
3659 1888 3768 1956 τὴν

2181 1984 2293 2037 τῶν
2321 1982 2481 2036 θείων
2511 1982 2802 2051 δογμάτων
2839 1979 3127 2050 ἀθέτησιν,
3170 1981 3316 2034 δυοῖν
3347 1980 3498 2033 ἔσται
3535 1979 3768 2048 θάτερον

2185 2075 2431 2136 πάντως⁶
2481 2072 2515 2142 ἦ
2561 2073 2672 2142 γὰρ
2701 2073 2873 2140 φίλων
2900 2075 3032 2142 ἡμῖν
3061 2072 3398 2141 ἀπαγγελεῖς
3442 2072 3763 2140 συμφορὰς,

2183 2165 2279 2220 καὶ
2311 2163 2572 2235 δακρύσω
2619 2165 2721 2234 μὲν
2772 2164 2849 2227 ὡς
2883 2165 3032 2226 εἰκὸς
3065 2164 3256 2234 ἕτερον
3286 2163 3488 2233 τρόπον
3521 2162 3654 2230 ἐγὼ,
3693 2165 3762 2230 τῇ

2185 2253 2242 2305 δὲ
2271 2251 2528 2322 κοινωνίᾳ
2553 2252 2649 2306 τοῦ
2690 2252 2902 2314 πάθους
2933 2253 3178 2315 ἐκείνους
3211 2252 3640 2323 προσαγορεύσω
3672 2253 3770 2307 καὶ

2185 2342 2809 2413 πόρῤωθεν,ἀφθόγγοις
2825 2360 2883 2395 τε
2905 2342 3119 2406 λαλιαῖς
3139 2343 3214 2405 ὡς
3238 2346 3418 2397 εἰπεῖν
3445 2344 3768 2413 προσφθεγ-

2184 2435 2440 2502 γόμενος,
2479 2432 2576 2486 καὶ
2600 2434 2769 2504 οἴκτῳ
2807 2434 2898 2488 τὸν
2927 2431 3110 2488 οίκτον
3137 2434 3438 2497 ἀντιδιδοὺς
3471 2438 3568 2490 καὶ
3596 2450 3768 2502 συνη-

2182 2525 2409 2596 δόμενος
2449 2525 2630 2596 σφίσι,
2681 2527 2779 2579 καὶ
2812 2525 3113 2596 θαυμάζων
3155 2527 3258 2596 τῆς
3305 2527 3606 2599 καρτερίας
3637 2526 3770 2588 τοὺς

2181 2616 2410 2686 ἄνδρας,
2439 2616 2473 2686 ἢ
2500 2617 2794 2688 συμφορὰς
2833 2617 3085 2672 διωκτῶν
3114 2619 3486 2690 ἀκουσόμεθα,
3518 2621 3614 2673 καὶ
3645 2619 3767 2689 βελ-

492 2710 648 2774 τίους
667 2709 854 2764 λοιπὸν
878 2711 973 2765 καὶ
1002 2709 1144 2779 ὑπὲρ
1180 2710 1362 2764 αὐτῶν
1409 2711 1511 2776 τάς
1563 2713 1789 2776 ἐλπίδας
1827 2709 2133 2782 ληψόμεθα.
2173 2711 2404 2764 Σύνεσιν
2444 2712 2556 2781 γὰρ
2613 2709 2770 2784 οἶμαι
2823 2715 2921 2767 καὶ
2971 2715 3114 2781 σφᾶς
3173 2713 3271 2780 ὀψὲ
3317 2715 3448 2783 γοῦν
3478 2715 3770 2784 εἰληφότας

493 2806 878 2876 διορθωθῆναι,
940 2802 1125 2874 ἔργοις
1184 2804 1286 2876 ἤδη
1319 2805 1620 2876 βλέποντας
1662 2805 1961 2876 προφανείς
2003 2803 2308 2873 φυομένους
2333 2803 2464 2867 τοὺς
2491 2805 2604 2858 τῶν
2665 2805 2889 2859 οἰκείων
2919 2805 3308 2876 ἀτοπημὰτων
3373 2809 3775 2880 ἑλέγχους,και

495 2899 606 2962 τῶν
643 2904 702 2952 ὲν
736 2898 927 2968 μυχοῖς
957 2895 1220 2968 διωγμῶν
1255 2900 1354 2951 καὶ
1407 2898 1582 2968 σκότῳ
1622 2897 1774 2967 βαθεῖ
1814 2895 2179 2966 κοιμωμένων
2211 2897 2535 2967 προτάσεων
2569 2897 2786 2968 ἀληθῶν
2824 2902 2886 2952 τδ
2925 2901 3305 2971 συμπέρασμα
3335 2903 3649 2957 ἀνατέλλον.

563 2989 657 3046 XI.
698 2991 967 3060 Equidem
995 2992 1070 3048 mi
1099 2992 1421 3048 charissime
1443 2991 1556 3061 jam
1593 2999 1819 3059 paratus
1856 3005 2003 3056 sum,
2031 2995 2088 3043 et

494 3097 880 3153 quamcunque
913 3082 999 3136 vis
1037 3082 1415 3137 narrationem
1446 3080 1672 3136 faciam.

2273 2989 2378 3044 IA'.
2408 2991 2519 3043 Καὶ
2546 2990 2657 3059 μὴν
2687 2989 2904 3060 ἕτοιμος
2937 2993 3136 3062 ἔγωγε,
3171 2992 3435 3064 βέλτιστε,
3466 2995 3645 3064 λέγειν
3668 2997 3776 3053 ὅσα

2197 3081 2261 3151 δὴ
2289 3083 2386 3136 καὶ
2411 3076 2499 3134 οἷα
2533 3081 2744 3150 βούλοιο
2773 3082 2841 3135 ἂν
2870 3083 3180 3137 ἐπιτάττειν
3204 3085 3388 3147 αὑτός.

570 3171 732 3244 144
745 3171 863 3226 Xll.
882 3172 963 3226 Tu
989 3187 1147 3238 vero,
1165 3172 1486 3228 charissime
1504 3170 1897 3242 Agathangele,
1911 3185 2087 3226 nonne

2265 3171 2369 3228 IB'.
2407 3172 2618 3228 Οὐκοῦν
2656 3173 3041 3245 ἁρμόττουσαν
3079 3175 3258 3244 ἀρχὴν
3282 3173 3562 3230 ἀναθεῖναι
3589 3176 3671 3230 δεῖ
3693 3177 3775 3246 τῷ

495 3264 656 3334 prius
715 3263 1022 3318 narrationi
1075 3271 1264 3334 aptum
1319 3263 1609 3319 exordium
1663 3263 1888 3326 addere,
1933 3262 2083 3332 quod

497 3355 1022 3425 deincepsinvenire
1045 3371 1176 3412 sane
1205 3355 1425 3410 diﬂicile
1455 3363 1558 3420 est,
1595 3365 1692 3410 aut
1723 3355 1925 3424 prioris
1955 3371 2086 3410 nar-

499 3449 731 3504 rationis
755 3449 1072 3504 memoriam
1106 3464 1368 3504 revocare
1397 3448 1560 3504 nobis
1579 3448 1634 3503 in
1659 3449 1844 3502 animo
1877 3447 2087 3503 habes?

500 3539 578 3595 ita
615 3549 675 3593 ut
703 3539 1032 3594 narrationis
1076 3539 1376 3593 momentis
1407 3547 1613 3594 catenae
1660 3539 1836 3593 instar
1888 3538 2091 3594 adnec-

499 3629 682 3686 tendis
707 3638 918 3685 certum
951 3630 1247 3700 quemdam
1275 3630 1341 3685 ad
1363 3645 1546 3686 rerum
1570 3631 1942 3684 narrationem
1969 3645 2090 3699 quae

503 3731 694 3793 postea
723 3733 858 3777 acta:
883 3731 1015 3777 sunt
1047 3723 1339 3778 transitum
1369 3721 1467 3776 tibi
1491 3709 1824 3790 patefacias?
1846 3721 2090 3776 Primum

502 3816 652 3870 enim
681 3814 871 3870 auditu
894 3815 1120 3886 dignum
1142 3823 1227 3870 est
1265 3813 1395 3884 quid
1429 3822 1552 3882 post
1580 3829 1814 3884 pugnam
1837 3807 2111 3868 navalem'

501 3906 651 3963 illam
683 3906 1002 3962 Latinorum
1049 3907 1254 3961 classes
1295 3906 1531 3960 invicem
1577 3919 1636 3960 se
1686 3907 1988 3975 premendo
2034 3915 2091 3961 et

502 4000 809 4056 obsidendo
858 3998 1177 4064 eﬂ‘ecerint;
1243 3997 1443 4053 deinde
1513 3998 1642 4067 quid
1693 3997 1850 4052 lrene
1905 3999 2091 4066 regina

502 4100 791 4160 postquam
827 4074 1170 4145 Orestiadem
1214 4100 1271 4144 et
1329 4089 1771 4161 Didymotiehum
1837 4089 2096 4158 pervenit

500 4182 766 4244 eﬂecerit.
827 4181 1064 4236 ﬁliorum
1138 4181 1290 4250 regni
1361 4180 1714 4249 cupiditatem
1775 4180 2094 4248 priusquam

502 4277 686 4330 furore
720 4274 926 4330 incitati
960 4273 1162 4329 eadem
1203 4271 1433 4326 ederent
1459 4285 1814 4339 repressura;
1868 4269 2095 4324 tertium

501 4383 623 4438 quae
660 4367 881 4422 fanatici
954 4373 1338 4434 persecutores
1388 4361 1444 4416 in
1502 4376 1604 4416 nos
1668 4359 1981 4428 concipiant
2041 4369 2098 4414 et

503 4468 847 4530 concoquant
883 4457 1134 4513 consilia.

2185 3263 2328 3334 λόγῳ
2353 3263 2645 3334 πρότερον,
2672 3265 2898 3331 φίλτατε
2945 3267 3342 3334 Ἀγαθάγγελε·
3370 3267 3439 3338 ἢν
3465 3269 3565 3321 οὐκ
3591 3269 3774 3332 ἄλλως

2189 3355 2466 3425 ἁλώσιμον
2497 3353 2719 3409 ἔσεσθαι
2755 3351 2910 3426 οἶμαι
2945 3356 2979 3427 ἢ
3012 3357 3067 3420 ὲς
3101 3359 3164 3410 τὸ
3195 3359 3461 3427 πρότερον
3490 3359 3635 3428 ἴχνος
3660 3359 3778 3411 τῶν

2187 3447 2364 3516 λόγων
2399 3448 2626 3501 ἐκείνων
2661 3449 3061 3518 ἀναπόμπιμον
3101 3451 3459 3520 πεπραχότας
3488 3450 3587 3519 τὴν
3629 3452 3774 3520 μνή-

2192 3555 2323 3607 μην,
2353 3541 2448 3591 καί
2471 3539 2632 3608 δίκην
2662 3539 2856 3610 σειρᾶς
2881 3541 2980 3603 τὰς
3001 3541 3102 3611 τῆς
3121 3542 3371 3611 γλώττης
3395 3540 3610 3594 ἐκεῖθεν
3634 3559 3777 3611 κρηι

2190 3630 2349 3693 πῖδας
2409 3631 2750 3701 ἀνάψαντας,
2785 3633 3002 3702 ἀσφαλῆ
3035 3634 3104 3686 τά
3137 3633 3237 3700 τῆς
3284 3633 3610 3704 ἀναλήψεως
3667 3634 3778 3703 ἤδη

2193 3724 2384 3791 ἑφόδια
2413 3723 2470 3786 ἐς
2497 3724 2596 3792 τὴν
2628 3723 2738 3776 τῶν
2771 3725 2902 3793 ἑξῆς
2928 3724 3233 3795 κεκτῆσθαι
3267 3725 3522 3794 διήγησιν
3551 3726 3608 3778 ἑν
3636 3724 3778 3794 βραο

2193 3814 2300 3881 χει.
2331 3807 2486 3865 Είναι
2519 3812 2565 3864 δ’
2601 3813 2906 3880 ἀναγκαῖον
2949 3813 3219 3866 πυθέσθαι
3250 3813 3469 3884 πρῶτον
3512 3815 3660 3882 ἡμᾶς
3688 3814 3775 3867 ὄτι

2195 3904 2326 3957 ποτὲ
2387 3903 2531 3972 μετά
2581 3905 2681 3972 τὴν
2715 3905 3032 3974 ναυμαχίαν
3070 3905 3288 3974 ἐκείνην
3342 3903 3777 3973 ἀντικαθήμενοι

2195 3998 2290 4050 καὶ
2322 3995 2814 4072 ἀντεφεδρεύοντες
2841 3995 3126 4064 ἑκατέροις
3155 3995 3410 4064 ἑκάτεροι
3449 3993 3558 4047 τῶν
3605 3995 3776 4047 Λατίο

2197 4105 2304 4141 νων
2331 4088 2380 4139 οἰ
2422 4087 2604 4140 στόλοι
2627 4087 2749 4140 τότε
2787 4087 3128 4156 πεπράκασι·
3158 4086 3411 4154 δεύτερον
3443 4085 3488 4137 δ’
3527 4087 3610 4138 ὃτι
3641 4088 3777 4139 ποτὲ

2197 4182 2293 4234 καὶ
2330 4181 2361 4248 ἡ
2407 4178 2620 4248 βασιλὶς
2646 4178 2850 4248 Εἰρήνη
2878 4178 2940 4250 [ί.
2979 4178 3076 4232 150
3115 4175 3174 4250 α]
3203 4177 3488 4229 τετέλεκεν
3533 4177 3778 4231 ἀπιοῦσά

2197 4291 2256 4326 τε
2290 4273 2347 4337 ὲς
2389 4270 2716 4342 Ὀρεστιάδα
2746 4271 2844 4324 καὶ
2872 4269 3283 4339 Διδυμότειχον,
3319 4269 3414 4320 καὶ⁵
3442 4267 3537 4331 τὰς
3565 4267 3774 4337 μεταξὺ

2199 4365 2296 4432 τῆς
2325 4363 2618 4433 φιλαρχίας
2646 4361 2758 4415 τῶν
2781 4361 2988 4415 παίδων
3017 4349 3198 4430 ἔριδας
3230 4362 3560 4428 ἐπειγομένη
3593 4361 3776 4429 κοιμί-

2203 4471 2317 4519 σαι,
2351 4456 2482 4525 πρὶν
2514 4455 2594 4516 εἰς
2625 4453 2879 4522 αἱμάτων
2909 4452 3094 4522 χύσεις
3139 4454 3200 4508 τὸ
3246 4454 3368 4505 κατ’
3397 4452 3643 4522 ἀλλήλων
3679 4456 3774 4506 ἑκ-

502 4551 666 4620 6ῆναι
696 4549 1047 4620 μαινόμενον·
1080 4546 1176 4600 καὶ
1205 4546 1394 4614 τρίτον
1422 4545 1617 4608 ὁποίας
1645 4545 1740 4597 κα)⁸
1765 4543 1888 4596 καθ’
1925 4545 2076 4614 ἡμῶν
2116 4546 2215 4612 τάς
2246 4549 2478 4617 μελέτας
2501 4549 2530 4600 6
2554 4547 2664 4601 τῶν
2725 4547 2974 4600 διωκτῶν
3040 4547 3322 4616 ἱστουργεϊ
3347 4547 3442 4598 καὶ
3468 4544 3775 4616 staﬁda-rat

504 4647 717 4706 θίασος.

574 4735 860 4790 Xlll.ll.ee
914 4748 1038 4787 cum
1080 4730 1286 4800 optime
1331 4744 1391 4785 se
1421 4730 1658 4786 habeant
1691 4732 1914 4802 obloqui
1966 4734 2086 4799 tibi,

2279 4731 2378 4788 II".
2425 4733 2554 4803 Ἐμὲ
2593 4731 2638 4786 δ’
2674 4727 2734 4785 εὖ
2764 4748 2847 4784 σοι
2873 4731 3108 4799 λέγοντι,
3139 4730 3260 4782 θεία
3304 4747 3395 4800 μοι
3428 4729 3658 4799 κεφαλὴ,
3688 4732 3780 4783 ἁν-

502 4828 588 4882 vir
643 4826 849 4888 divine,
913 4823 1064 4890 nolo,
1115 4823 1226 4878 imo
1268 4837 1493 4893 prorsus
1557 4823 1654 4878 tibi
1704 4825 1977 4894 obsequar
2031 4834 2086 4879 et

499 4911 664 4978 initio
695 4915 917 4984 quidem
954 4915 999 4969 si
1039 4930 1148 4968 non
1201 4915 1414 4985 singula
1454 4915 1636 4970 omnia
1689 4931 1813 4986 quae
1865 4917 2086 4972 interim

509 5020 627 5064 acta
677 5018 822 5072 sunt,
882 5017 1062 5062 tamen
1115 5022 1236 5077 qua:
1283 5016 1713 5063 eommemoratu
1769 5009 2088 5079 dignissima

509 5110 640 5155 sunt
670 5099 765 5153 tibi
800 5115 1094 5166 exponam.

586 5191 718 5246 XIV.
758 5191 1089 5246 Venetorum
1121 5193 1311 5248 classis
1341 5191 1656 5262 praefectus,
1689 5192 1932 5247 incertus
1957 5191 2092 5262 quid

511 5284 719 5337 iaceret
753 5299 876 5337 eum
927 5293 1125 5353 prteter
1161 5299 1380 5340 omnem
1417 5285 1737 5354 opinionem
1782 5286 1893 5354 jam
1949 5284 2092 5339 facta

513 5391 694 5445 pugna
725 5375 900 5429 navali
933 5376 1255 5433 Genuenses
1283 5377 1608 5432 oﬂ'endisset
1636 5377 1692 5430 in
1719 5378 1981 5432 societate
2008 5377 2096 5431 Bi-

517 5469 811 5540 thynorum
841 5468 998 5525 ducis
1029 5467 1284 5541 Hyrcani,
1317 5470 1406 5526 cui
1436 5484 1558 5524 cum
1591 5484 1863 5522 summam
1903 5469 1968 5522 ad
1999 5468 2097 5524 de-

525 5563 890 5628 sperationem
925 5561 1082 5634 145
1116 5563 1335 5618 adducti
1372 5570 1577 5626 essent,
1636 5560 1713 5614 illi
1771 5576 1829 5616 se
1860 5561 2098 5616 tradide-

516 5661 675 5713 rant;
719 5669 953 5723 cumque
985 5656 1084 5710 bos
1110 5670 1301 5724 magna
1341 5667 1465 5708 cum
1509 5652 1803 5706 securitate
1852 5668 1919 5707 ex
1969 5654 2095 5707 Asia

524 5745 779 5812 trajrerc
839 5749 1067 5803 \‘itlissrt
1129 5747 1315 5817 cepias
1372 5743 1742 5798 mercennariae
1788 5761 1908 5813 quae
1965 5744 2097 5799 satis

525 5835 731 5892 idonew
756 5842 1022 5896 essentad
1059 5843 1246 5895 hostes
1280 5835 1700 5907 impugnandos,
1727 5839 2092 5905 repellendos,

2195 4827 2432 4893 τιλέγειν
2461 4825 2561 4893 μὲν
2591 4824 2796 4894 ἥκιστα
2832 4823 3075 4885 πάντων,
3113 4822 3401 4876 πείθεσθαι
3445 4823 3504 4874 δὲ
3538 4822 3779 4890 μάλιστα

2197 4918 2419 4970 πάντων
2450 4916 2649 4986 χρεών.
2698 4915 2806 4967 Καί
2847 4931 2931 4966 σοι
2975 4917 3115 4984 ἐρῶν
3147 4915 3380 4984 ἔρχομαι
3411 4915 3458 4966 εἰ
3490 4915 3563 4983 μὴ
3599 4915 3781 4968 πάντα

2196 5010 2260 5080 δὴ
2294 5010 2360 5063 τά
2420 5007 2625 5079 μεταξὺ
2677 5009 2798 5062 καθ’
2837 5007 3067 5074 ἕκαστα,
3114 5008 3231 5062 ἀλλ’
3277 5004 3371 5061 οὖν
3411 5008 3680 5071 ἀπολέξας
3711 5008 3779 5059 τὰ

2199 5100 2562 5168 καιριώτερα.

2270 5191 2370 5245 ΙΔ’.
2415 5191 2475 5244 Ὀ
2502 5190 2612 5261 γάρ
2662 5207 2746 5242 τοι
2800 5189 2893 5242 τοῦ
2926 5190 3216 5243 Βενετικοῦ
3268 5187 3456 5242 στόλου
3503 5187 3779 5257 ναύαρχος

2199 5282 2381 5353 ἥκιστ’
2416 5281 2556 5352 ἔχων
2584 5283 2612 5334 ὅ
2642 5299 2694 5336 τι
2734 5280 2992 5351 πράξειεν
3020 5283 3115 5351 ἀφ’
3143 5275 3208 5335 οὗ
3252 5280 3404 5349 παρὰ
3437 5282 3618 5332 πᾶσαν
3659 5279 3777 5331 ἐνέ-

2204 5392 2334 5444 τυχε
2365 5375 2698 5448 προσδοκίαν
2731 5374 2834 5444 ἠδη
2871 5375 3009 5443 μετὰ
3035 5375 3134 5444 τὴν
3165 5371 3480 5442 ναυμαχίαν
3513 5373 3626 5434 τοῖς
3649 5371 3780 5422 Γενε-

2202 5467 2445 5529 νουῒταις
2494 5465 2573 5536 τῷ
2633 5466 2744 5519 τῶν
2795 5465 3038 5518 Βιθυνῶν
3094 5464 3484 5533 σπεισαμένοις
3548 5461 3778 5532 ἡγεμόνι

2204 5555 2434 5627 Περσῶν
2474 5553 2750 5626 Ὑρκανῷ,
2804 5553 2940 5622 πρὸς
2975 5553 3143 5623 μόνην
3189 5551 3419 5621 ταυτηνὶ
3458 5548 3778 5602 τελευταίαν

2201 5647 2259 5711 ἐξ
2288 5644 2656 5713 ἀπογνώσεως
2677 5645 2961 5716 ἐληλυθόσι
2986 5643 3312 5712 καταφυγὴν
3334 5641 3612 5710 πολεμίοις
3635 5643 3774 5694 πάνυ

2203 5760 2254 5793 τι
2281 5738 2735 5793 δυσαντίϐλεπτον
2763 5739 2858 5790 καὶ
2885 5732 3000 5791 οἷον
3043 5735 3542 5804 ἀνανταγώνιστον,
3583 5734 3776 5786 κάκεῖ-

2205 5837 2295 5889 θεν
2327 5833 2423 5904 ἧῖη
2467 5832 2604 5902 μετά
2641 5833 2862 5902 μακρᾶς
2918 5831 3015 5902 τῆς
3068 5830 3252 5892 ἀδείας
3296 5829 3692 5900 μισθοφορικὴν
3725 5819 3782 5888 ἐξ
