4088 6472
298 388 393 454 125
1255 389 1703 454 BYZANTIN/E
1730 391 2118 459 HISTORIA!
2145 398 2291 465 LIB.
2315 399 2560 464 XXVII.
3454 408 3557 472 126

303 507 482 571 Ἀσίας
509 506 892 573 διαϐιϐάζουσι
921 506 1172 577 δύναμιν,
1207 507 1384 580 ὁπόση
1419 510 1488 565 ἂν
1520 510 1604 582 εἴη
1643 511 1865 584 μάλισθ’

1979 514 2040 571 iis
2074 518 2455 574 omnesaditus
2498 516 2983 590 intercludendos;
3016 522 3151 579 velis
3178 524 3354 595 passis
3385 526 3565 581 Vene-

294 602 451 672 ίκανὴ
497 604 814 672 συμμαχεῖν
848 618 906 653 τε
962 599 1055 653 καὶ
1127 601 1410 672 πόρρωθεν
1453 602 1868 673 ἀποκρούεσθαι

1979 607 2109 662 tiam
2138 610 2481 681 renavigavit
2527 626 2654 665 cum
2686 611 2941 681 pluribus
2983 615 3184 685 opibus
3226 631 3350 670 mox
3382 632 3440 672 se
3473 633 3567 670 rc-
3676 632 3683 641 '

292 697 387 749 κειὶ
410 693 697 750 ἀνασοσεω
728 693 1005 763 πολεμίων
1043 693 1306 747 ἁπάντων
1350 693 1563 763 ἔφοδον,
1600 696 1870 767 πλήρεσιν

1979 713 2269 754 versurum
2302 716 2424 756 esse
2455 702 2756 772 pollicitus.
2798 704 3056 761 Permisit
3104 722 3327 778 quoque
3362 708 3474 778 regi
3507 716 3570 762 ut

292 788 600 843 ἀπέπλευσε
642 789 754 851 τοῖς
789 787 986 850 ἱστίοις
1024 789 1083 850 ές
1133 787 1413 852 Βενετίαν,
1459 789 1870 858 ἐπαγγειλάμε-

291 896 382 942 νος
440 876 580 948 μετά
634 877 881 941 πλείονος
933 876 1227 948 ἐπανήξειν
1267 875 1366 946 ὀψὲ
1416 875 1517 945 τῆς
1559 877 1865 947 δυνάμεως.

1979 883 2166 949 iniret,
2212 886 2389 941 donec
2419 896 2667 957 utrmque
2698 898 2885 956 partes
2917 904 2978 942 se
3025 890 3350 946 reiecissent
3379 901 3436 945 et
3465 906 3566 946 ne-

1978 792 2034 845 in
2094 800 2345 862 tempore
2395 807 2519 847 cum
2565 792 2952 849 Genuensibus
3005 796 3155 866 pacis
3221 798 3571 853 conditiones
3672 816 3673 819 ‘

291 972 594 1024 Κατέλειπε
640 969 687 1023 δ’
717 970 868 1038 ὅμως
915 968 1195 1039 συνθήκας
1242 970 1362 1032 τοῖς
1402 969 1744 1032 Γεννουῖταις
1774 970 1866 1025 τὸν

294 1063 519 1134 βασιλέα
567 1064 747 1117 ποιεῖν
803 1062 1098 1134 καιρικᾶς,
1150 1061 1257 1125 ἕως
1312 1062 1379 1116 ἀν
1432 1062 1721 1132 ἑκατέροις
1750 1065 1866 1128 τοὶς

296 1159 487 1228 μέρεσι
536 1146 976 1211 διαναπῖὠσασιν
1028 1156 1294 1220 ἑαυτοὺς,
1334 1156 1446 1208 ’καὶ
1498 1156 1864 1227 διαρκέστερα

1970 977 2229 1032 cessariis
2276 976 2616 1033 sufﬁcienter
2674 978 2961 1035 instructae
3000 981 3305 1039 animosius
3356 983 3563 1037 bellum

1968 1068 2346 1139 redintegrare
2377 1077 2621 1139 possent.
2655 1070 2749 1125 liis
2789 1072 2861 1126 ita
2886 1074 3152 1141 expositis
3184 1082 3245 1127 ut
3284 1075 3563 1130 volu'ntati

1969 1168 2077 1216 ture
2111 1163 2385 1231 reliquam
2418 1164 2790 1219 narrationem
2825 1165 3016 1231 paucis
3052 1165 3376 1221 absolvendi
3403 1168 3567 1222 obse-

292 1247 612 1321 τάπιτήδεια
640 1246 1149 1318 είσκομισαμένοις,
1186 1245 1590 1317 ἀνδρικώτερον
1620 1247 1760 1318 πρὸς
1778 1248 1872 1302 τὸν

291 1342 488 1411 ἑφεξῆς
524 1340 775 1411 ἀπαντᾷν
837 1340 1212 1410 προσγένηται
1271 1339 1531 1409 πόλεμον.
1589 1341 1874 1394 Ἐνταυθοί

291 1437 350 1491 δέ
377 1453 467 1507 μοι
496 1434 779 1505 γενομένῳ
807 1433 902 1486 τοῦ
932 1434 1092 1502 λόγου
1119 1433 1301 1504 ἥκιστ’
1325 1432 1485 1487 εύοδα
1524 1433 1591 1485 τὰ
1625 1432 1754 1501 ἑξῆς
1781 1433 1868 1503 εἴη

1974 1252 2070 1321 qui
2104 1251 2236 1306 mihi
2288 1253 2453 1308 liceat
2488 1268 2701 1320 vereor,
2737 1268 2864 1308 cum
2932 1254 3039 1309 nisi
3091 1268 3257 1323 supra
3308 1254 3571 1312 indicatis

1972 1344 2217 1398 rationes
2267 1345 2666 1416 subsequentis
2755 1347 3099 1401 narrationis
3154 1347 3355 1401 additae
3414 1359 3566 1413 sunt,

1971 1434 2112 1487 nihil
2144 1433 2374 1490 fortasse
2401 1436 2663 1506 cuiquam
2696 1444 2949 1505 apertum
2999 1436 3114 1499 ﬁat,
3150 1436 3256 1490 nisi
3288 1437 3434 1506 quod
3464 1453 3571 1507 ego

290 1527 378 1591 ἂν,
414 1527 723 1598 βουλομένῳ
752 1527 894 1581 κατά
935 1543 998 1594 γε
1044 1527 1144 1597 τὴν
1177 1527 1278 1597 σὴν
1314 1525 1407 1578 τὸν
1436 1525 1598 1593 λόγον
1644 1525 1869 1580 συστέλ-

1979 1525 2238 1595 suppetiis
2267 1542 2507 1597 egerem,
2528 1527 2732 1599 quippe
2762 1527 2856 1599 qui
2883 1527 3265 1598 imperfectam
3300 1528 3572 1584 narratio-

290 1620 407 1674 λειν
434 1621 490 1685 ές
510 1621 571 1675 τὸ
608 1620 947 1692 βραχύτερον
974 1618 1252 1690 βούλησιν.
1295 1618 1361 1673 Εἰ
1398 1617 1472 1689 μὴ
1510 1617 1619 1687 γὰρ
1653 1617 1866 1671 ἀνωθεν

1979 1631 2096 1670 nerr.
2130 1616 2450 1674 redderem.

291 1716 588 1787 ἠργμένοις
618 1718 718 1779 τὰς
748 1716 860 1768 τῶν
888 1713 1307 1786 λεχθησομένων
1358 1712 1543 1775 αίτίας
1612 1711 1964 1783 προστιθέναι
1991 1710 2196 1780 γένοιθ’
2261 1713 2417 1783 ἡμῖν,
2484 1713 2586 1768 οὐκ
2625 1712 2693 1768 ἄν
2760 1730 2890 1767 ποτε
2922 1714 3137 1784 γένοιτο
3164 1716 3448 1787 γνώριμον
3474 1714 3570 1768 ού-

287 1811 411 1864 εέσι
443 1808 548 1862 τῶν
579 1808 887 1863 ἀκουόντων
913 1806 1088 1872 οὐδὲν,
1125 1806 1264 1877 πλὴν
1316 1806 1399 1858 ὅτι
1448 1806 1751 1875 ἀμεινόνων
1805 1821 1871 1873 γε
1907 1803 2021 1857 τῶν
2079 1806 2331 1878 ἀποριῶν
2394 1807 2637 1879 ἐσόμεθα
2685 1807 2962 1880 πρόξενοι,
2998 1810 3270 1881 ήμῖεργόν
3316 1826 3438 1863 τινα
3470 1794 3569 1862 καὶ

290 1902 528 1974 ἡμιτελῆ
555 1905 622 1973 τῇ
662 1902 919 1972 διηγήσει
948 1900 1047 1971 τὴν
1071 1900 1175 1969 τῆς
1211 1899 1462 1968 γλώττης
1493 1898 1867 1968 παρεχόμενοι
1908 1898 2125 1969 χρείαν.

363 1996 467 2053 lE'.
501 1997 834 2067 Ἐϐουλόμην
894 2014 954 2049 σε
999 1995 1201 2066 ἔγωγε,
1254 1995 1387 2050 καλὲ
1445 1994 1822 2065 ’Λγαθᾶγγελε
1854 2037 1870 2060 ,

2050 1993 2164 2051 XV.
2199 1996 2489 2067 Equidem,
2541 1997 2869 2054 charissime
2917 1998 2993 2053 mi
3046 1997 3454 2069 Agathangele,
3512 2005 3567 2054 te

286 2091 439 2145 πάνυ
472 2107 524 2143 τι
559 2088 811 2144 πλεῖστον
834 2089 960 2159 ἐμοὶ
1001 2090 1244 2142 συνεῖναι
1291 2089 1382 2141 τὸν
1412 2088 1605 2159 χρόνον
1633 2075 1733 2143 καί
1752 2089 1877 2159 ὀμι-

286 2184 405 2238 λεῐν
431 2183 700 2246 ένταυθοῖ,
726 2181 820 2235 καὶ
847 2179 1065 2254 μακρὰν
1095 2181 1225 2250 παρ’
1259 2181 1541 2255 ἑκατέρων
1577 2180 1879 2251 ἑκατέρους

286 2272 543 2327 ἐντεῦθεν
570 2273 715 2342 ἡμᾶς
764 2273 864 2338 τὴν
899 2268 1247 2339 παραμυθίαν
1284 2267 1423 2338 μετά
1471 2267 1566 2320 τοῦ
1597 2265 1876 2337 ὠφελίμου

287 2361 659 2435 καρποῦσθαι,
722 2360 915 2431 χρείας
948 2359 1143 2431 χρείαν
1204 2357 1573 2420 ἀντιδιδόντας
1607 2357 1877 2428 ἀλλήλους

287 2456 545 2524 ἀλλήλοις
588 2456 685 2509 καὶ
730 2452 800 2506 αὖ
838 2454 969 2524 παρ’
1012 2451 1257 2523 ἀλλήλων
1300 2450 1571 2519 ἀλλήλους
1607 2450 1875 2518 ἀντιλαμ-

286 2545 561 2608 ϐάνοντας
612 2545 687 2607 ώς
745 2544 915 2609 είκὶς,
976 2542 1173 2614 μέχρις
1226 2543 1316 2606 ἂν,
1341 2543 1391 2595 εί
1420 2542 1517 2595 κιιλ⁸
1549 2543 1685 2612 ήμῖν
1724 2540 1875 2610 ἐξείη

287 2641 397 2711 ζῇν
419 2680 434 2705 ,
482 2640 511 2692 ὁ
540 2640 639 2709 τῆς
670 2638 887 2710 αἰθρίας
927 2636 1213 2709 ἐπιλάμψῃ
1249 2636 1465 2707 καιρὸς,
1506 2638 1597 2688 καὶ
1625 2635 1701 2707 δῷ
1733 2635 1878 2707 πσρ-

290 2728 497 2801 ρησίαν
526 2732 594 2800 τῇ
615 2728 832 2801 γλώττῃ
865 2726 961 2795 ξύν
997 2743 1061 2796 γε
1088 2725 1231 2796 Θεῷ,
1260 2728 1354 2779 καὶ
1402 2726 1531 2797 δοθῇ
1587 2743 1680 2797 μοι
1717 2726 1876 2795 λόγος

286 2823 438 2878 κατά
467 2823 559 2876 τὸν
590 2822 733 2875 θετον
788 2821 1092 2875 ἀπόστολον
1124 2820 1184 2873 ἓν
1218 2820 1420 2886 ἀνοίξει
1469 2820 1564 2874 τοῦ
1602 2821 1876 2889 στόματός

290 2928 403 2981 μου
436 2910 717 2982 παρρησία
749 2908 1011 2980 γνωρίσαι
1058 2908 1118 2962 τὺ
1168 2909 1471 2980 μυστήριον
1505 2907 1599 2961 τοῦ
1629 2909 1875 2977 Εὕα-(γε-

284 3004 413 3058 λίου
471 3004 611 3073 ὑπὲρ
665 3002 724 3056 οὗ
756 3002 1044 3072 πρεσϐεύω
1103 3004 1162 3055 ὲν
1198 3003 1445 3071 δεσμοῖς,
1500 3001 1589 3055 ἱνα
1620 3003 1678 3055 έν
1720 3003 1872 3072 αὐτῷ

285 3095 657 3169 παρρησιάσω
687 3094 760 3159 ὡς
788 3096 871 3149 δεῖ
897 3112 966 3165 με
997 3094 1253 3164 λαλῆσαι.
1292 3095 1449 3149 Ἐπεὶ
1470 3095 1516 3149 δ’
1539 3094 1873 3151 ἄλλοτ’ἀλλα

284 3191 396 3253 τὰς
432 3189 573 3259 ἐμὰς
598 3187 814 3259 νύκτωρ
850 3190 946 3243 καὶ
982 3186 1105 3259 μεθ’
1145 3189 1367 3259 ἡμέραν
1412 3188 1594 3259 σμήνη
1623 3188 1870 3242 διωκτῶν

286 3279 757 3353 περιστοιχίζουσι
805 3277 999 3349 θύρας,
1030 3278 1219 3347 θηρῶν
1244 3278 1620 3350 χαλεπώτεροι
1648 3281 1868 3334 πάντων

1988 2089 2258 2158 temporis
2304 2089 2607 2159 plurimum
2664 2089 2858 2146 adesse
2912 2090 3048 2144 mihi
3101 2090 3299 2145 vellem
3360 2090 3569 2161 lticque

1978 2195 2193 2236 mecum
2226 2181 2593 2244 confabulari,
2653 2181 2725 2237 ita
2775 2191 2836 2236 ut
2870 2190 3105 2252 uterque
3136 2192 3388 2238 nostrum
3421 2182 3573 2238 sola-

1984 2273 2118 2327 tium
2153 2289 2373 2343 unaque
2413 2273 2704 2328 utilitatem
2740 2281 2964 2343 caperet
2992 2273 3228 2327 invicem
3256 2287 3358 2327 nos
3387 2282 3445 2327 ut
3471 2288 3573 2342 par

1980 2374 2067 2421 est
2117 2365 2468 2420 sermonibus
2514 2363 2839 2420 delectando
2877 2371 2932 2417 et
2984 2362 3337 2433 adiuvando,
3387 2364 3571 2419 donec

1979 2456 2286 2526 quietiores
2338 2455 2459 2510 dies
2518 2470 2715 2525 capere
2768 2463 2845 2520 et,
2880 2454 2990 2508 Deo
3018 2454 3335 2524 adiuvante,
3367 2453 3572 2523 linguae

1981 2546 2240 2601 fiduciam
2298 2545 2551 2615 recipere
2613 2544 2772 2598 nobis
2820 2543 3029 2608 liceat,
3089 2542 3338 2612 mihique
3383 2557 3573 2597 sermo

1977 2638 2139 2693 datus
2159 2638 2322 2710 146
2345 2639 2437 2703 sit,
2468 2647 2527 2692 ut
2556 2646 2779 2693 sanctus
2798 2636 3095 2705 Aposmlus
3111 2636 3247 2691 dicit
3272 2635 3311 2698 ',
3335 2634 3571 2705 injaper-

1980 2733 2130 2788 tione
2163 2732 2278 2787 oris
2318 2730 2424 2785 mei
2455 2746 2580 2786 cum
2638 2729 2858 2794 fi-iucia,
2921 2739 3116 2783 notum
3140 2727 3327 2783 facere
3363 2734 3568 2797 myste-

1977 2828 2119 2879 rium
2162 2823 2464 2893 Evangelii,
2495 2836 2596 2891 pro
2626 2835 2737 2891 quo
2784 2820 3060 2891 legatione
3114 2818 3314 2888 fungor
3367 2818 3422 2871 in
3470 2831 3566 2871 ca-

1979 2925 2124 2980 tena,
2162 2915 2236 2970 ita
2283 2923 2344 2969 ut
2380 2914 2434 2968 in
2488 2914 2609 2984 ipso
2643 2912 2874 2967 audeam
2914 2918 3078 2981 prout
3125 2917 3344 2978 oportet
3373 2923 3462 2963 me
3487 2909 3570 2964 lo-

1978 3008 2096 3079 qui.
2175 3006 2282 3063 Sed
2333 3007 2597 3078 quoniam
2643 3005 2909 3060 continuo
2940 3012 3360 3074 persecuturum
3393 3001 3571 3056 turba:

1978 3104 2126 3160 fores
2153 3102 2599 3165 circumsistunt,
2637 3103 2709 3158 ita
2743 3111 2803 3156 ut
2839 3116 3025 3170 neque
3055 3100 3230 3154 libere
3264 3099 3451 3170 lingua
3481 3101 3567 3154 uti

1977 3210 2156 3266 neque
2187 3195 2490 3266 quidquam
2533 3204 2735 3263 praeter
2764 3192 3059 3262 strepitum
3110 3189 3401 3259 percipere
3441 3201 3570 3258 pos-

1977 3288 2175 3352 simus,
2212 3287 2355 3342 hanc
2402 3295 2651 3341 nostram
2701 3283 3003 3338 solitudine
3029 3300 3057 3333 ιι
3108 3280 3366 3351 quamvis
3410 3278 3563 3333 omni

288 3377 494 3439 εἰπεῖν,
551 3371 627 3435 ὡς
677 3370 913 3434 δεδιότας
982 3369 1107 3440 μηδ’
1143 3370 1294 3438 ἔχειν
1334 3370 1483 3439 ἡμᾶς
1516 3371 1652 3440 μήτε
1686 3371 1872 3441 φωνὴν

1979 3380 2204 3434 omnino
2234 3376 2429 3433 solatio
2460 3377 2635 3431 instar
2669 3373 3058 3430 defunctorum
3087 3373 3141 3425 iu
3174 3370 3404 3425 Tartaro
3438 3368 3557 3439 pri-

289 3466 427 3536 γοῦν
454 3465 748 3531 ἐλευθέραν
774 3461 1109 3534 χαρίσασθαι
1142 3464 1283 3533 μήτε
1309 3464 1369 3515 σέ
1409 3464 1461 3531 γ’
1490 3464 1616 3532 ἐμοὶ
1645 3464 1771 3537 μήτ’
1796 3462 1866 3516 αὖ

287 3558 599 3611 τούναντῖον
630 3556 713 3608 σοί
745 3572 808 3622 γε
835 3554 959 3624 ἐμὲ,
992 3554 1135 3625 πλὴν
1171 3555 1203 3626 ἢ
1244 3554 1392 3622 μάλα
1425 3555 1579 3625 μόλις
1608 3555 1868 3628 τονθορύ-

291 3652 488 3716 ζοντας
520 3649 783 3717 ἑκάτερον
814 3649 1081 3717 ἐκατέρου
1109 3647 1357 3710 ἀκούειν,
1411 3648 1666 3717 στέργειν
1696 3647 1741 3701 δ’
1773 3647 1868 3702 οὖν

287 3746 439 3806 τέως
463 3741 678 3812 ἀνάγκη
709 3743 775 3810 τῇ
808 3739 1291 3811 καταψηφισθείσῃ
1338 3738 1571 3807 μονώσει
1611 3741 1870 3808 καθάπαξ

289 3833 525 3890 ἀπασῶν
554 3834 613 3885 έν
643 3830 900 3902 στερήσει
934 3830 1284 3902 καθημένους
1313 3829 1676 3901 ἀνθρωπίνων
1701 3848 1871 3901 προσο

293 3929 531 4000 ρήσεων,
562 3925 962 3996 παραπλησίως
1018 3925 1195 3975 είπείν
1236 3924 1348 3978 τοῖς
1385 3923 1624 3985 αἰωνίως
1659 3924 1715 3974 έν
1738 3921 1869 3994 ᾅδου

294 4022 358 4093 υ.
399 4020 499 4075 150
550 4018 601 4091 b]
647 4017 1036 4072 καθεύδουσιν’
1099 4016 1248 4086 ὅμως
1307 4013 1455 4086 αὐτῷ
1491 4013 1872 4088 θαρρήσαντες

293 4113 395 4183 ήδη
424 4111 505 4180 τῷ
551 4110 697 4181 μόνῳ
743 4109 885 4180 Θεῷ,
926 4109 1069 4180 ὑπὲρ
1104 4108 1164 4162 οὗ
1198 4109 1294 4163 καὶ
1318 4111 1564 4161 τουτοισὶ
1597 4109 1871 4180 ἐγκαρτε-

296 4206 501 4276 ροῦμεν
526 4206 640 4263 τοῖς
669 4202 875 4268 ἄθλοις,
901 4205 1035 4272 φέρε
1081 4203 1197 4264 δέος
1230 4201 1376 4256 ἆπαν
1407 4202 1694 4273 κονιορτοῦ
1719 4202 1873 4269 δίκην

295 4295 770 4372 ἀτοτριψώμεθω
804 4296 901 4349 καὶ
948 4297 1099 4364 τρεῖς
1128 4295 1319 4348 λοιπὸν
1344 4294 1453 4348 τῶν
1500 4294 1730 4367 ἡμερῶν
1779 4296 1877 4348 καὶ

294 4387 587 4455 τέτταρας,
615 4387 663 4436 εί
684 4384 816 4450 δέοι,
849 4384 915 4436 σύ
947 4401 1010 4452 γε
1037 4385 1214 4455 δήπου
1238 4382 1565 4454 περιμείνας
1598 4382 1873 4449 ἐνταυθοῖ,

299 4474 648 4547 μακροτέραν
680 4490 739 4527 τε
797 4474 894 4526 καὶ
929 4474 1055 4526 ὅσον
1112 4474 1335 4541 ἐφικτὸν
1389 4472 1616 4525 ἀνενδεᾶ
1644 4472 1745 4543 τὴν
1775 4474 1875 4542 τῆς

1982 3472 2093 3526 vati
2128 3472 2325 3534 simus,
2367 3486 2525 3540 aequo
2557 3469 2744 3523 animo
2778 3466 3020 3521 feramus
3055 3479 3154 3518 nos
3185 3469 3574 3532 oportet,una-

1980 3580 2088 3636 que
2122 3564 2462 3619 confidentes
2483 3563 2648 3618 unico
2681 3559 2794 3615 Deo
2831 3570 3053 3630 propter
3077 3572 3238 3628 quem
3270 3554 3575 3611 certamina

1978 3656 2197 3711 fortiter
2229 3656 2596 3724 suscepimus,
2635 3668 2735 3723 age
2786 3665 2887 3706 nos
2933 3649 3081 3705 omni
3117 3659 3267 3703 metu
3313 3656 3573 3717 tanquam

1980 3748 2103 3804 luto
2132 3762 2453 3818 purgemus.
2508 3745 2590 3799 Tu
2626 3758 2759 3799 vero
2801 3751 2915 3798 tres
2940 3742 3025 3797 vel
3066 3741 3110 3796 si
3139 3756 3284 3810 opus
3315 3749 3402 3795 est
3436 3754 3577 3808 qua-

1980 3840 2105 3895 luor
2154 3838 2276 3893 dies
2327 3836 2417 3891 hic
2466 3836 2609 3907 apud
2649 3849 2735 3889 me
2783 3849 3032 3897 remane,
3071 3841 3128 3887 et
3176 3831 3484 3901 pleniorem
3517 3838 3577 3883 et

1982 3944 2250 4000 quan'um
2283 3929 2395 3983 fieri
2434 3939 2612 3998 potest
2643 3938 2729 3981 sat
2764 3926 3034 3996 integram
3066 3922 3200 3977 mihi
3249 3921 3334 3976 fac
3376 3936 3572 3976 narra-

1984 4028 2213 4079 tionem.
2258 4021 2379 4077 Scis
2409 4021 2556 4074 enim
2587 4036 2618 4074 e
2648 4018 2934 4071 volucrum
2981 4029 3183 4085 genere
3212 4026 3413 4083 cycnos
3438 4012 3570 4066 dum

1981 4115 2106 4169 vitae
2140 4114 2304 4168 ﬁnem
2343 4112 2534 4166 adesse
2586 4109 2850 4173 sentiant,
2909 4114 3136 4160 cantum
3176 4105 3478 4173 pleniorem
3513 4109 3574 4157 et

1986 4203 2291 4259 acutiorem
2318 4199 2485 4256 edere
2520 4212 2687 4269 quam
2721 4197 2880 4252 alias.
2937 4194 3103 4264 Atqui
3137 4208 3261 4248 cum
3296 4207 3398 4248 nos
3432 4207 3573 4262 quo-

1990 4311 2098 4367 que
2135 4302 2195 4350 ut
2225 4293 2469 4348 diximus
2501 4290 2713 4346 ultimis
2732 4289 2845 4360 jam
2877 4288 2934 4342 in
2976 4287 3108 4342 vitae
3155 4285 3414 4356 periculis
3450 4300 3576 4339 ver-

1988 4401 2200 4449 semur,
2262 4384 2490 4438 minime
2539 4396 2670 4435 sane
2721 4382 2972 4450 ineptum
3030 4377 3174 4434 foret
3234 4377 3579 4446 longioribus

1992 4477 2150 4549 147
2182 4475 2535 4530 sermonibus
2563 4486 2729 4527 aures
2762 4472 2983 4542 longius
3037 4479 3255 4540 tempus
3304 4467 3573 4539 erigeudo

296 4568 632 4638 ἀφηγήσεως
660 4563 937 4636 τράπεζαν
966 4565 1103 4635 ἡμῖν
1154 4563 1383 4632 ταυτηνὶ
1422 4561 1730 4633 παρατίθει.
1764 4563 1872 4617 Καὶ

1979 4568 2259 4633 supremis
2318 4565 2624 4622 honoribus
2693 4579 2794 4619 nos
2844 4562 3098 4633 obsequi.
3157 4560 3312 4627 Quod
3374 4561 3442 4614 ad
3490 4560 3576 4613 vi-

297 4662 406 4714 τῶν
439 4657 641 4729 ὀρνέων
660 4659 767 4726 γὰρ
792 4656 916 4720 τοὺς
946 4655 1176 4719 κύκνους
1207 4656 1339 4724 φασὶ
1378 4657 1479 4726 τῆς
1518 4654 1670 4725 σφῶν
1697 4654 1872 4707 αὐτῶν

1984 4672 2133 4718 ctum
2165 4661 2383 4726 attinet,
2424 4659 2580 4728 panis
2621 4657 2710 4711 hic
2750 4660 2859 4728 fam
2894 4656 3091 4710 adesus
3121 4663 3177 4708 et
3203 4668 3365 4722 aqua,
3407 4667 3574 4722 quam

297 4749 655 4820 αἰσθομένους
675 4749 777 4820 ήδη
807 4749 1087 4818 τελευτῆς,
1122 4748 1467 4818 μακρότερόν
1510 4764 1565 4801 τι
1596 4748 1693 4802 καὶ
1721 4747 1872 4814 λιγυ-

1983 4753 2146 4810 modo
2200 4753 2314 4823 ipse
2344 4766 2376 4806 e
2410 4760 2577 4820 puteo
2628 4746 2883 4811 hausisti,
2931 4744 3092 4800 nobis
3116 4742 3573 4814 suppeditabunt.

302 4845 543 4915 ρώτερον
572 4841 874 4913 τηνικαῦτα
906 4841 1113 4912 μᾶλλον
1138 4841 1171 4909 ἢ
1219 4841 1362 4895 κατά
1395 4840 1573 4894 πάντα
1595 4839 1743 4911 ᾄδειν
1778 4841 1872 4894 τὸν

1986 4844 2099 4916 Ego
2159 4857 2325 4907 vero,
2358 4843 2442 4895 vir
2501 4839 2708 4904 divine,
2738 4851 2932 4907 panem
2967 4845 3023 4891 et
3062 4835 3343 4904 potionem
3414 4833 3579 4887 ruini—

301 4933 438 5002 βίον.
490 4933 642 4986 Ἐπεὶ
688 4930 779 4986 οὖν
826 4934 920 4987 καὶ
963 4933 1097 5002 ἡμῖν
1136 4933 1264 5003 περὶ
1293 4932 1736 5003 τοὺςιέσχάτους
1771 4931 1872 5003 ήδη

1985 4939 2082 5001 mi,
2116 4937 2225 4989 imo
2258 4932 2416 4988 nihili
2453 4932 2689 4997 auium,
2722 4929 2816 4985 sed
2848 4943 2981 4984 usus
3026 4937 3153 4982 tuus
3185 4941 3413 4997 prorsus
3440 4924 3578 4980 mihi

301 5022 575 5085 κινδύνους
608 5020 957 5091 σκηνοσατείν
986 5020 1370 5092 περιέστηκεν,
1403 5021 1480 5084 ὠς
1524 5021 1872 5089 εἰρήκειμεν,

1987 5027 2257 5084 satisfacit
2304 5040 2502 5095 meque
2564 5035 2623 5079 ut
2653 5023 2828 5077 cilicia
2879 5021 2979 5075 tibi
3032 5031 3283 5090 praestem
3320 5017 3577 5074 facillime

301 5115 401 5168 οὐκ
422 5113 489 5168 ἀν
512 5132 612 5169 που
646 5115 757 5166 τῶν
785 5115 1092 5168 ἁπεικότων
1149 5114 1232 5184 εἴη
1292 5114 1654 5185 μακροτέροις
1687 5114 1872 5185 5mm-

1981 5128 2318 5175 eonnnovet.
2346 5118 2415 5172 Et
2453 5116 2571 5171 inec
2592 5114 2813 5186 quidem
2846 5113 2917 5167 ob
2952 5116 3092 5167 duas
3118 5111 3348 5167 fortasse
3381 5127 3578 5166 causas

306 5222 441 5270 μασι
501 5206 847 5276 μακροτέραν
898 5206 1252 5269 ὲκτείναντας
1311 5205 1485 5275 ἀκοὴν
1529 5205 1872 5271 τελευταίοις

1982 5210 2274 5281 quispiam
2337 5207 2493 5269 velit,
2529 5216 2625 5261 aut
2668 5208 2816 5276 quod
2873 5203 2999 5258 viva
3058 5204 3441 5271 oratio-quem
3481 5217 3548 5270 pa

301 5295 713 5365 ἀςροσιὼσασθαι
774 5297 1109 5366 ἀσπασμοῖς.
1177 5295 1382 5365 Ἀρτος
1424 5296 1471 5348 δ’
1504 5297 1641 5367 ἡμῖν
1688 5297 1716 5350 ὁ
1748 5314 1872 5351 κατ‹

1985 5300 2060 5354 rit
2086 5313 2243 5354 mens
2283 5296 2609 5352 immortabs
2649 5295 2921 5351 ﬁrmiores
2973 5306 3030 5350 et
3069 5295 3356 5348 suaviores
3385 5307 3580 5345 aman-

304 5387 585 5458 εσκληκὼς
606 5390 821 5443 οὑτοσὶν
848 5392 927 5455 είς
980 5389 1191 5461 τροφὴν
1216 5390 1549 5465 ἀποχρήσει,
1585 5390 1683 5445 καὶ
1714 5391 1743 5445 δ
1782 5389 1882 5445 νῦν

303 5478 709 5547 εἰσκεκομίκεις
746 5478 909 5541 αὐτὸς
959 5479 1018 5545 ἐξ
1050 5477 1269 5532 ἐκείνου
1324 5478 1420 5532 τοῦ
1449 5481 1689 5550 φρέατος
1713 5477 1880 5550 ιῦδωρ

1986 5393 2135 5448 tibus
2208 5389 2393 5445 reddit
2466 5398 2775 5445 amatorum
2830 5388 3209 5449 narrationes,
3248 5396 3342 5439 aut
3425 5384 3577 5452 quod

1985 5496 2214 5556 propter
2290 5483 2627 5538 desiderium
2700 5491 2855 5536 tuum
2924 5479 3280 5551 pluris,imo
3352 5477 3574 5545 plurium

302 5568 590 5643 ek'rréatv.
624 5569 846 5640 Τρυφῆς
872 5568 971 5638 μὲν
1006 5569 1071 5640 δὴ
1104 5569 1197 5623 καὶ
1226 5570 1461 5635 πόσεως,
1499 5569 1620 5623 θεία
1656 5588 1748 5640 μοι
1783 5588 1872 5624 κε-

1986 5577 2162 5632 babeo
2223 5583 2402 5630 tecum
2472 5574 2735 5643 colloqui.
2787 5572 2894 5628 Sed
2949 5574 3017 5627 de
3076 5572 3202 5634 hoc,
3245 5568 3576 5623 cbarissime

306 5662 474 5733 φαλὴ,
504 5664 647 5717 πάνυ
684 5680 737 5716 τι
790 5661 1074 5732 ἐλαχίστου
1103 5662 1136 5733 ἢ
1168 5663 1376 5732 μᾶλλον
1400 5662 1498 5717 τοῦ
1531 5663 1763 5734 μηδενὸς
1810 5664 1872 5718 ἄν

1984 5666 2372 5737 Agathangele,
2405 5666 2516 5737 jam
2549 5664 2716 5732 satis;
2750 5679 2901 5719 nunc
2950 5661 3324 5717 narrationem
3394 5660 3579 5714 conti-

310 5771 400 5823 μοι
420 5755 633 5827 δεήσειν
656 5749 810 5825 οἶμαι
833 5756 901 5809 τὰ
923 5755 1043 5820 νῦν,
1062 5757 1159 5827 τῆς
1194 5755 1296 5826 σῆς
1321 5755 1541 5826 ὁμιλίας
1568 5756 1643 5819 ὡς
1666 5757 1875 5809 ἐπίπαν
1983 5773 2118 5812 nua.
3327 5808 3354 5819 ρ

306 5851 475 5901 εἰπεῖν
520 5846 857 5919 ἀποχρώσης
917 5851 1060 5921 ἐμοὶ,
1121 5851 1213 5905 καὶ
1247 5850 1425 5921 ῥᾷστά
1470 5868 1535 5920 με
1605 5849 1906 5922 πειθούσης
1946 5850 2156 5921 ἔρωτας
2218 5852 2438 5922 ἐρώτων
2508 5847 2891 5913 ἀλλάττεσθαι,
2934 5845 3082 5902 δυοῖν
3124 5847 3393 5918 ὁποτέρου
3439 5847 3573 5917 Boii“

416 5943 432 5974 ¹
464 5946 665 6016 Εμιιρε.
693 5960 764 6011 vr,
795 5945 877 5999 ιν.

288 6055 336 6062 Ἦ.
