4088 6480
568 375 670 442 127

1769 378 2189 442 NICEPHORI
2224 382 2607 447 GREGORA!

3714 393 3811 460 $28

564 490 713 544 λοιτό
739 505 823 555 τις
850 489 1038 556 ἕνεκα,
1070 488 1172 544 εἶθ’
1204 489 1291 545 ὅτι
1321 489 1573 562 γέννημα
1639 490 1714 545 ὢν
1774 491 1804 544 ὀ
1860 491 2019 561 λόγος
2049 491 2320 550 ἀθάνατον
2364 494 2637 552 ἀθανάτου
2698 495 2791 551 νοῦ
2850 495 3234 568 μονιμωτέρας
3288 502 3356 572 τῇ
3422 502 3533 557 τῶν
3577 507 3819 578 ἐραστων

564 584 703 653 ἀκοῇ
763 585 1061 654 παρέχεται
1139 585 1236 640 καὶ⁵
1292 586 1477 656 ἡδίους
1526 587 1629 650 τὰς
1677 585 1789 641 τῶν
1842 587 2138 657 ἐρωμένων
2178 591 2543 659 ἐπαγγελίας,
2599 592 2702 646 είθ’
2745 593 2830 646 ὅτι
2877 595 2974 649 καὶ
3020 593 3108 646 διὰ
3165 593 3258 647 τὸν
3308 597 3399 681 civ
3463 600 3626 654 πόθον
3695 613 3820 672 περι

562 677 812 741 πλείονος
841 679 937 732 καὶ
960 677 1053 731 τοῦ
1092 678 1295 741 παντὸς
1322 677 1424 749 τὴν
1485 678 1588 749 σὴν
1637 678 1863 748 ἐφίεμαι
1903 679 2179 734 ποιεῖσθαι
2214 681 2458 753 ὁμιλίαν.
2504 685 2666 739 Ἀλλά
2690 685 2899 739 τούτων
2935 686 3032 755 μὲν
3060 687 3202 753 ἃλις,
3235 680 3281 742 ὦ
3314 677 3561 756 βέλτιστε
3613 695 3816 761 ’Δγαθ-

564 772 769 841 ἀγγελε
816 786 833 803 ο
871 770 937 822 σὺ
967 770 1025 822 δέ
1063 770 1169 840 τῆς
1189 769 1566 840 προκειμένης
1596 769 1724 840 ἔχου
1755 768 2097 839 προθέσεως.

636 860 777 916 XVI.
828 858 1093 930 Equidem
1126 859 1274 915 unde
1305 859 1502 916 deﬂexi
1525 861 1638 929 jam
1683 870 1955 915 revertar.
1993 859 2129 915 Satis

2314 858 2433 928 ις’.
2465 864 2573 919 Καὶ
2604 863 2673 934 δὴ
2729 864 2916 917 λοιπὸν
2952 866 3246 921 ἐπανιτέον
3300 868 3501 924 ἐκεῖσε.
3542 866 3735 941 Οἶσθα,
3774 868 3818 928 ὦ

566 950 667 1005 tibi
694 958 886 1008 notum
918 958 1024 1015 est,
1057 950 1140 1004 vir
1162 951 1393 1019 optime,
1433 951 1629 1005 eodem
1665 949 1756 1005 die
1785 966 1897 1019 quo
1922 949 2145 1005 turbida

564 1041 655 1095 illa
677 1051 731 1095 et
754 1041 808 1095 in
849 1050 1085 1096 vestram
1103 1041 1311 1096 cladem
1327 1056 1358 1096 a
1376 1041 1825 1112 persecutoribus
1847 1042 2145 1097 constituta

562 1132 803 1201 synodus
835 1132 1059 1188 dimissa
1089 1146 1122 1188 e
1154 1141 1197 1200 t,
1218 1149 1249 1189 e
1283 1134 1673 1190 Thessalonica
1699 1134 2143 1191 Cantacuzenum

565 1236 748 1291 regem
796 1223 1024 1279 nuntios
1078 1223 1450 1288 tristissimos,
1504 1225 1709 1294 quique
1766 1238 1863 1294 per
1894 1224 2032 1278 dura
2086 1230 2144 1277 ut

562 1313 757 1368 dicunt
804 1330 929 1370 ossa
984 1324 1225 1381 currant
1262 1316 1562 1386 accepisse,
1620 1325 1877 1384 tanquam
1919 1314 2142 1385 pramia

560 1405 862 1461 certamine
897 1407 990 1460 illo
1021 1406 1184 1474 digna
1217 1422 1248 1461 a
1305 1407 1418 1462 Deo
1455 1407 1640 1477 judice
1687 1407 1813 1463 data
1842 1405 2142 1476 opprobrio

563 1497 820 1565 nequitiae
839 1505 895 1550 et
913 1496 1285 1566 impudentim.
1320 1498 1465 1554 Deus
1479 1498 1627 1553 enim
1656 1497 1770 1552 inec
1788 1507 1997 1552 tantum
2029 1512 2139 1551 non

564 1585 712 1639 clare
739 1584 900 1663 148
925 1585 1224 1641 declaravit
1245 1628 1257 1647 .
1287 1595 1343 1641 et
1369 1596 1554 1656 aptum
1580 1587 1967 1643 documentum
1989 1586 2143 1641 dedit

564 1689 675 1740 quo
705 1672 871 1728 animi
922 1685 1385 1730 converterentur
1442 1676 1508 1730 ad
1562 1686 1778 1731 sanctas
1820 1677 1968 1746 leges
2018 1675 2145 1731 illas

562 1767 810 1830 violatas,
861 1776 922 1823 et
944 1767 1023 1823 sic
1055 1767 1288 1822 fortasse
1313 1768 1654 1839 pmnitentia‘.
1680 1778 1870 1838 portas
1900 1767 2135 1837 aperuit.

563 1860 764 1913 llicunt
794 1859 941 1912 enim
982 1860 1347 1929 Palzeologum
1400 1875 1524 1913 cum
1590 1859 1778 1914 uxoris
1818 1860 2048 1913 fratrum
2079 1868 2138 1914 et

558 1949 737 2003 soceri
788 1949 1020 2005 insidias
1053 1964 1358 2019 eorumque
1392 1951 1702 2006 animorum
1751 1950 2137 2005 commutatio-

557 2055 682 2093 nem
717 2050 1052 2110 versutaque
1102 2041 1335 2097 consilia
1382 2040 1697 2111 suspicatus
1725 2048 1892 2105 esset,
1929 2056 2137 2096 memo-

556 2133 696 2186 riam
726 2132 830 2186 sibi
860 2132 1122 2187 similium
1155 2132 1477 2187 insidiarum
1511 2131 1729 2196 fecisse,
1752 2147 1873 2202 qua:
1906 2131 2131 2202 quidem

2248 951 2507 1024 βελτίστη
2562 972 2656 1020 μοι
2711 958 2948 1027 κεφαλὴ,
3004 958 3150 1021 ὅπως
3207 961 3346 1028 μετά
3397 962 3498 1029 τὴν
3539 966 3817 1036 μοχθηρὰν

2243 1040 2460 1112 ἐκείνην
2484 1045 2577 1097 καὶ
2603 1047 2791 1109 κακῶς
2821 1047 2933 1108 τοῖς
2964 1046 3229 1111 διώκταις
3255 1050 3670 1119 σχεδιασθεῖσαν
3694 1055 3816 1109 καθ’

2244 1134 2399 1204 ὑμῶν
2429 1138 2697 1212 λῃστικὴν
2730 1140 2951 1210 ἐκείνην
2988 1138 3209 1194 σύνοδον
3242 1135 3377 1213 ἧκον
3406 1144 3726 1216 αὐθημερὸν
3755 1148 3818 1201 ἐκ

2243 1226 2652 1296 Θεσσαλονῖκης
2709 1231 2967 1299 ἀγγελίαι
3002 1232 3081 1302 τῷ
3134 1232 3347 1302 βασιλεῖ
3375 1236 3816 1308 Καντακουζηνῷ

2246 1320 2387 1374 πάνυ
2441 1339 2494 1375 τι
2542 1323 2750 1394 σφόδρα
2800 1325 2997 1390 δειναὶ,
3048 1326 3145 1380 καὶ
3178 1326 3369 1381 αὐτῶν
3394 1327 3470 1390 ὡς
3505 1329 3680 1381 εἰπεῖν
3710 1332 3815 1383 τῶν

2241 1412 2343 1480 τῆς
2371 1413 2548 1483 ψυχῆς
2578 1416 2883 1485 ἁπτόμεναι
2916 1418 3154 1486 μυελῶν,
3201 1417 3457 1489 καθάπερ
3485 1418 3697 1473 ἔπαθλα
3720 1420 3813 1475 τοῦ

2241 1499 2453 1566 ἀγῶνος
2479 1501 2689 1555 ἐκείνου
2728 1504 3042 1575 κατάλληλα
3063 1504 3158 1558 τοῦ
3186 1502 3478 1559 ἀθλοθέτου
3497 1506 3633 1559 Θεοῦ
3651 1524 3817 1579 προσ-

2240 1587 2549 1651 δεικνύντος
2599 1590 2738 1661 πρὸς
2787 1590 3013 1663 ἔλεγχον
3045 1593 3145 1661 τῆς
3172 1592 3369 1655 κακίας
3416 1596 3509 1648 καὶ
3539 1593 3814 1660 ἀναιδείας

2240 1677 2838 1747 ἐκείνης,διδάσκοντος
2865 1682 3026 1753 μόνον
3049 1684 3111 1737 οὐ
3136 1684 3438 1757 διαρρήδην
3465 1686 3560 1739 καὶ
3584 1688 3815 1758 μετρίαν
3867 1713 3879 1722 -

2239 1771 2444 1841 ταύτην
2472 1774 2612 1826 κατὰ
2642 1774 2804 1836 πόδας
2828 1775 3070 1831 ἐνταῦθα
3110 1777 3362 1830 παιδείαν
3408 1778 3706 1847 ἐπάγοντος
3734 1782 3814 1845 είς

2238 1858 2576 1928 ἐπιστροφὴν
2613 1860 2722 1913 τῶν
2776 1862 2892 1917 ἐκεῖ
2926 1863 3452 1933 παρανομηθέντων,
3491 1866 3587 1917 καὶ
3638 1865 3812 1929 πύλας

2236 1951 2436 2004 οὑτωσί
2467 1969 2580 2014 πως
2618 1951 2924 2020 ἀνοίγοντος
2948 1955 3257 2023 μετανοίας.
3286 1957 3425 2009 Φασὶ
3455 1958 3563 2027 γὰρ
3585 1958 3676 2012 τὸν
3702 1959 3811 2011 [Iat-

2234 2043 2534 2110 λαιολόγον,
2566 2043 2641 2106 ὡς
2681 2044 3073 2098 ὑποπτεύσειεν
3128 2048 3423 2118 ἐπιϐουλὴν
3463 2049 3589 2103 καθ’
3616 2050 3814 2104 ἑαυτοῦ

2236 2134 2371 2202 πρὸς
2401 2133 2510 2189 τῶν
2544 2136 2991 2203 γυναικαδέλφων
3020 2136 3114 2189 καὶ
3138 2135 3233 2189 τοῦ
3261 2138 3525 2209 πενθεροῦ
3551 2142 3642 2193 καὶ
3668 2140 3810 2207 γνὼ-

557 2234 620 2278 ut
659 2225 766 2278 alia
808 2224 979 2278 multa
1011 2224 1291 2293 principes
1320 2231 1547 2294 repente
1575 2239 1638 2278 ac
1669 2196 2129 2295 graviter'oppri-

2236 2196 2344 2294 μᾶις
2375 2196 2599 2278 ἐκείνων
2637 2196 2926 2278 ἀλλοίωσίν
2966 2230 3057 2280 και
3096 2227 3303 2297 τροπὴν
3356 2196 3691 2299 πολλαχόθεν
3714 2249 3814 2284 πο-

558 2325 713 2371 mant
763 2329 983 2384 unaque
1031 2315 1175 2369 alios
1222 2314 1425 2369 multos
1473 2316 1567 2383 qui
1600 2317 1666 2368 ad
1712 2330 1894 2369 rerum
1929 2324 2129 2370 statum

555 2421 808 2476 novaque
836 2406 1067 2461 consilia
1103 2420 1211 2460 non
1238 2406 1531 2475 perattenti
1578 2405 1807 2471 fuerint,
1840 2406 1907 2460 ad
1935 2407 2116 2462 labem

558 2498 902 2567 multamque
930 2496 1132 2553 caedem
1166 2496 1463 2552 adducant.
1514 2497 1705 2567 Itaque
1751 2499 1996 2552 animum
2039 2499 2132 2554 ille

555 2590 737 2643 erexit
768 2596 824 2642 et
853 2588 921 2642 ad
950 2589 1103 2658 regni
1142 2595 1354 2659 partem
1405 2603 1526 2658 quae
1571 2590 1661 2643 sui
1714 2589 1937 2659 propria
1985 2598 2132 2644 esset

558 2680 822 2743 advertit,
849 2680 1016 2734 etiam
1049 2679 1325 2750 quomodo
1347 2679 1514 2735 vitam
1541 2694 1790 2734 securam
1827 2688 1883 2735 et
1907 2679 1975 2734 ab
2006 2695 2130 2734 om-

559 2773 722 2826 nibus
777 2770 992 2826 insidiis
1032 2780 1204 2826 tutam
1257 2771 1454 2841 degere
1493 2780 1681 2840 posset
1711 2774 1898 2827 animo
1939 2788 2127 2828 secum

556 2861 851 2932 reputavit.
883 2861 1021 2916 Nam
1059 2861 1259 2916 melius
1295 2876 1416 2920 esse
1446 2862 1588 2917 dixit
1629 2863 1684 2917 in
1731 2872 1981 2932 tempore
2015 2877 2132 2919 ma-

556 2956 637 3010 ris
671 2963 839 3009 astus
866 2952 1110 3022 effugere
1133 2968 1298 3023 quam
1338 2952 1509 3008 nimia
1556 2969 1680 3008 cum
1724 2953 1896 3008 animi
1927 2952 2129 3008 fiducia

553 3042 821 3098 ﬂuctuum
851 3041 1068 3122 impetu
1091 3042 1291 3112 abripi.
1352 3042 1514 3098 Brevi
1549 3052 1802 3113 tempore
1838 3043 2130 3115 interiecto

550 3149 679 3189 cum
714 3132 917 3188 Serviaa
945 3131 1130 3188 Crales
1164 3133 1214 3189 ei
1249 3149 1464 3189 summa
1497 3133 1745 3206 pericula
1774 3134 2130 3190 minitaretur

552 3225 664 3280 nisi
695 3223 838 3279 facta
863 3222 1127 3279 afﬁnitate
1155 3224 1456 3280 amicitiam
1486 3238 1642 3280 suam
1674 3224 1844 3280 iniret
1895 3240 2002 3294 qua
2040 3225 2129 3279 in-

550 3317 711 3373 sidiae
750 3330 942 3371 omnes
994 3313 1154 3371 facile
1204 3315 1431 3385 reprimi
1484 3325 1746 3386 possent,
1791 3314 2130 3387 Palaeologus

553 3409 684 3463 huic
711 3406 873 3461 fidem
902 3405 1075 3469 dedit,
1109 3419 1233 3461 sero
1264 3413 1447 3460 tamen
1485 3404 1561 3459 ita
1605 3415 1666 3459 ut
1714 3402 1861 3459 haud
1894 3404 2127 3459 multum

551 3499 768 3554 abesset
796 3497 927 3568 quin
950 3496 1133 3568 pactio
1166 3495 1557 3551 conﬁceretur.
1604 3493 1684 3548 Ex
1710 3510 1818 3565 qua
1849 3497 2123 3551 constitu-
2148 3524 2196 3588 ο

551 3599 668 3645 tum
696 3596 834 3655 erat,
863 3596 924 3643 ut
949 3585 1287 3657 Palaeologus
1313 3584 1358 3639 si
1376 3583 1538 3639 facile
1569 3581 1684 3638 fieri
1710 3592 1893 3653 posset
1918 3583 2125 3640 Helena

549 3696 648 3736 sua
702 3694 873 3734 uxore
919 3693 1042 3748 qua:
1093 3692 1159 3731 ex
1223 3674 1578 3729 inimicorum
1638 3688 1845 3744 genere
1891 3675 2126 3731 oriunda

552 3771 712 3845 14,9
737 3778 884 3826 esset
912 3770 1035 3825 data
1069 3767 1263 3826 obside
1290 3806 1305 3831 ,
1343 3764 1520 3820 Cralis
1555 3768 1746 3822 uxoris
1785 3781 2036 3822 sororem
2070 3768 2126 3823 in

547 3863 957 3919 matrimonium
978 3863 1224 3923 duceret,
1244 3856 1506 3927 virginem
1529 3865 1685 3911 aetate
1707 3856 1949 3912 nondum
1969 3857 2126 3911 adul-

546 3969 655 4012 tam
681 3965 736 4011 et
765 3955 1038 4026 Mysorum
1071 3950 1228 4007 ducis
1253 3948 1547 4004 Alexandri
1585 3948 1778 4004 ﬁliam.
1842 3950 1968 4006 Haec
2000 3965 2127 4005 cum

544 4049 846 4118 accepisset
876 4061 977 4101 rex
1005 4043 1441 4106 Cantacuzenus,
1475 4049 1671 4106 morte,
1698 4051 1759 4096 ut
1790 4041 1866 4095 ita
1921 4042 2125 4108 dicam,

543 4139 858 4194 acerbiores
887 4150 1036 4191 cura:
1069 4132 1315 4187 animum
1351 4132 1472 4204 ejus
1521 4132 1871 4186 invaserunt.
1922 4132 2128 4188 Palaeo-

543 4233 647 4301 logi
679 4238 909 4284 matrem
944 4226 1163 4281 Annam
1210 4222 1304 4276 illo
1356 4230 1608 4290 tempore
1645 4221 1895 4292 Byzantii
1934 4236 2126 4279 custo-

541 4323 710 4378 ditam
745 4317 974 4376 accersit
1023 4322 1080 4372 et
1122 4327 1250 4370 cum
1290 4312 1394 4367 hac
1436 4312 1793 4384 Hodegormn
1849 4324 2130 4374 monaste-

539 4414 622 4469 riu
649 4430 679 4465 n
708 4411 842 4466 adit.
876 4407 976 4463 Hic
1004 4413 1133 4461 ante
1164 4410 1371 4459 sancta:
1410 4401 1599 4458 Matris
1628 4403 1987 4461 simulacrum
2017 4406 2128 4461 illi-

537 4518 604 4558 co
651 4517 710 4558 se
757 4501 907 4555 illius
962 4496 1073 4550 lilio
1111 4508 1325 4566 suoque
1362 4508 1567 4563 genero
1624 4505 1880 4552 cunctam
1933 4512 2121 4552 rerum

537 4587 1073 4649 administrationem
1126 4582 1459 4639 tradituram
1514 4599 1636 4641 esse
1701 4587 2030 4657 pollicetur,
2074 4586 2124 4642 si

535 4683 711 4740 Cralis
743 4690 962 4751 pactum
995 4676 1087 4730 ille
1118 4675 1358 4730 solveret
1407 4684 1465 4730 et
1497 4674 1831 4747 Byzantium
1883 4686 2129 4733 reverte-

537 4783 691 4829 retur
721 4771 792 4826 ad
824 4783 1047 4823 uxorem
1088 4765 1408 4838 legitimam.
1461 4765 1697 4822 Sibimet
1735 4769 1836 4838 ipsi
1863 4785 1994 4823 vero
2027 4768 2129 4824 ho-

2231 2317 2528 2387 λύτροπον,
2563 2316 2877 2384 ἀνενεγκεῖν
2903 2334 2961 2370 τε
2993 2318 3156 2380 εὐθὺς
3192 2317 3327 2388 πρὸς
3353 2320 3574 2388 ὁμοίους
3610 2322 3809 2389 φόϐους

2230 2409 2330 2476 τὴν
2363 2408 2587 2476 μνήμην
2610 2407 2815 2475 ὁμοίων
2835 2406 3165 2473 ἐπιϐουλῶν,
3185 2407 3241 2460 αἳ
3272 2411 3394 2471 ταῖς
3416 2410 3613 2479 ἀρχαῖς
3638 2410 3813 2481 ἀπρο-

2231 2495 2410 2555 όπτως
2437 2494 2511 2554 ὠς
2540 2494 2610 2546 τὰ
2643 2494 2816 2547 πολλὰ
2849 2495 2943 2548 καὶ
2988 2495 3342 2566 πολυτρόπως
3404 2499 3812 2567 ὲνσκήπτουσαι

2230 2582 2455 2653 κηλῖδας
2503 2584 2598 2635 καὶ
2628 2584 2799 2652 κῆρα;
2825 2581 3073 2652 αἱμάτων
3116 2584 3208 2636 καὶ
3242 2583 3417 2652 φόνων
3452 2576 3654 2653 μεέτὰς
3689 2586 3812 2637 ἐπι-

2231 2677 2457 2746 φέρουσι
2510 2678 2624 2738 τοῖς
2653 2675 2727 2745 μὴ
2759 2673 2900 2728 πάνυ
2939 2674 3231 2744 προσέχειν
3268 2675 3515 2730 ἐθέλουσι
3550 2680 3671 2740 ταῖς
3709 2696 3810 2731 πο-

2230 2768 2522 2837 λυτρόποις
2579 2767 2772 2837 τύχαις
2842 2768 2941 2821 καὶ
2997 2765 3246 2838 γνώμαις
3301 2767 3412 2821 τῶν
3479 2766 3808 2839 ἀνθρώπων.

2232 2859 2396 2912 Ὅθεν
2425 2857 2681 2926 διανέστη
2706 2876 2763 2911 τε
2794 2859 2889 2911 καὶ
2920 2859 3020 2929 τὴν
3053 2858 3279 2928 γνώμην
3307 2858 3469 2922 εὐθὺς
3518 2859 3613 2913 ἐπὶ
3638 2860 3809 2933 ζήτη-

2232 2963 2318 3000 σιν
2349 2947 2586 3017 ἡκὸνησε
2650 2945 2743 2999 τοῦ
2801 2948 3175 3018 προσήκοντος
3228 2946 3432 3000 ἄνωθεν
3470 2947 3673 3018 κλήρου
3706 2951 3809 3022 τῆς

2230 3036 2510 3107 βασιλείας
2572 3037 2667 3090 καὶ
2697 3037 2789 3092 τοῦ
2819 3055 2883 3104 γε
2922 3036 3070 3109 βιοῦν
3125 3039 3442 3111 ἀδεέστερον
3474 3037 3738 3095 δύνασθαι
3773 3043 3809 3115 ἢ

2228 3124 2355 3179 καθ’
2401 3124 2466 3188 ἀς
2538 3127 2885 3197 μηχανᾶσθαι
2946 3127 3182 3181 δύναιντ’
3235 3128 3300 3182 ἄν
3367 3146 3516 3193 τινες
3584 3129 3812 3183 ἐπιϐου-

2229 3217 2361 3281 λάς·
2398 3218 2604 3289 βέλτιον
2650 3218 2758 3287 γὰρ
2800 3219 3012 3288 ἔφημεν
3037 3213 3175 3271 εἶναι
3223 3218 3496 3291 θαλάσσης
3543 3221 3812 3290 ἐπιούσης

2231 3307 2293 3381 [ί.
2324 3309 2414 3364 151
2443 3308 2500 3381 α]
2536 3311 2592 3362 ἐν
2632 3308 2709 3379 τῷ
2746 3310 2974 3379 παρόντι
3007 3311 3179 3380 φορὰν
3208 3310 3508 3382 ἐκκλῖναιῆ
3555 3311 3813 3384 ρᾳθυμή-

2233 3418 2401 3454 σαντα
2443 3401 2863 3471 συναπαχθῆναι
2907 3404 2971 3473 τῇ
3015 3401 3105 3472 βία
3142 3401 3235 3455 τοῦ
3279 3402 3571 3473 ῥεύματος.
3595 3406 3811 3474 Χρόνον

2228 3488 2322 3547 οὖν
2352 3511 2471 3545 τινα
2498 3493 2575 3564 τῷ
2614 3493 2804 3564 Κράλῃ
2842 3492 3076 3561 Σειϐίας
3110 3493 3477 3564 ἐπιτιθεμένῳ
3515 3496 3609 3548 καὶ
3644 3497 3812 3552 ἀπει-

2228 3585 2404 3639 λοῦντι
2434 3584 2729 3656 μεγίστους
2758 3585 2906 3656 αὑτῷ
2938 3587 3288 3656 περιστήσειν
3313 3586 3616 3652 κινδύνους,
3650 3591 3703 3642 εἰ
3732 3592 3811 3661 μὴ

2229 3676 2427 3747 κήδους
2461 3676 2624 3730 ἕνεκα
2647 3676 2783 3746 πρὸς
2820 3678 3059 3747 συγγενῆ
3092 3677 3276 3747 φιλίαν
3312 3677 3463 3746 αὐτῷ
3496 3681 3806 3752 συναφθείη

2228 3770 2504 3839 κρατίστῳ
2534 3769 2626 3821 καὶ
2662 3770 2795 3841 πρὸς
2826 3770 2924 3833 τὰς
2953 3770 3380 3839 περιεστηκυίας
3410 3770 3559 3840 αὐτῷ
3592 3790 3811 3843 συμφο-

2233 3857 2330 3928 ρὰς
2363 3857 2605 3927 ἐσομένῳ
2631 3856 2929 3926 συμμάχῳ,
2956 3857 3165 3924 πέμπει
3188 3856 3368 3920 δεξιὰν
3396 3858 3493 3927 ὀψὲ
3523 3859 3617 3911 καὶ
3644 3862 3806 3929 μόλις

2228 3945 2327 4016 ἤδη
2359 3943 2446 3997 διὰ
2478 3942 2657 4007 ταυτὶ,
2719 3944 2814 3996 καὶ
2870 3942 3136 4012 κυροῦται
3166 3944 3300 4014 πρὸς
3326 3946 3529 4013 ἀμφοῖν
3556 3947 3719 4002 δόντα
3754 3953 3809 4005 οἱ

2228 4037 2318 4089 τὸν
2352 4033 2740 4102 Παλαιολόγον,
2771 4036 2819 4086 εί
2847 4034 3040 4106 ’ῥᾴδιον
3086 4034 3194 4104 εῐη,
3236 4035 3421 4107 ὅμηρα
3451 4037 3551 4109 τὴν
3599 4039 3806 4094 ἑαυτοῦ

2228 4129 2464 4197 γυναῖκα
2512 4127 2731 4197 Ἑλένην
2790 4126 2877 4180 διὰ
2903 4126 3000 4190 τὰς
3031 4128 3094 4179 ἐκ
3126 4127 3314 4193 γένους
3347 4128 3551 4200 ταύτης
3578 4131 3809 4186 ἐπιϐου-

2228 4219 2347 4285 λὰς,
2379 4218 2683 4288 ἀγαγέσθαι
2713 4217 2809 4290 τὴν
2847 4218 2940 4271 τοῦ
2962 4218 3153 4289 Κράλη
3184 4220 3641 4293 γυναικαδέλφην,
3672 4225 3808 4280 νέαν

2229 4327 2288 4363 τε
2323 4305 2490 4363 οὖσαν
2536 4309 2617 4362 ἔτι
2647 4310 2910 4378 κάκείνην
2966 4311 3064 4362 καὶ
3102 4309 3220 4379 ἅμα
3272 4310 3511 4382 ἀδελφὴν
3561 4312 3660 4366 τοῦ
3692 4315 3810 4369 τῶν

2229 4403 2435 4459 Μυσῶν
2484 4402 2754 4472 ἡγεμόνος
2804 4400 3179 4471 Ἀλεξάνδρου.
3226 4401 3410 4455 Ταῦτα
3447 4401 3526 4472 τῷ
3583 4404 3809 4460 Καντα..

2232 4493 2480 4563 κουζηνῷ
2522 4493 2749 4564 μαθόντι
2781 4491 2858 4564 τῷ
2889 4490 3102 4561 βασιλεῖ
3154 4491 3389 4545 θανάτου
3420 4494 3588 4563 φάναι
3619 4497 3809 4568 πολλῷ

2232 4586 2592 4655 πικροτέρους
2616 4583 2828 4652 καθῆκε
2862 4581 3064 4651 φῦϐους
3083 4584 3194 4646 τοῖς
3216 4582 3502 4654 λογισμοῖς
3528 4601 3542 4616 ·
3566 4587 3668 4640 καὶ
3698 4606 3814 4640 πα-

2235 4675 2488 4749 ραλαϐὼν
2545 4677 2745 4730 ’Ἄνναν
2796 4676 2894 4746 τὴν
2924 4677 3138 4729 ἐκείνου
3167 4678 3404 4747 μητέρα,
3451 4682 3811 4752 τηρουμένην

2232 4768 2371 4832 τέως
2398 4769 2454 4821 ἐν
2482 4766 2780 4837 Βυζαντίῳ,
2814 4769 2893 4832 είς
2920 4768 3019 4837 τὴν
3047 4767 3154 4821 τῶν
3179 4768 3388 4839 ὁδηγῶν
3409 4771 3575 4842 ἀπῄει
3611 4775 3809 4844 μονὴν,

539 4879 660 4917 rum
686 4861 1011 4916 alterutrum
1041 4857 1280 4927 expetit:
1309 4864 1405 4912 aut
1433 4864 1495 4912 ut
1525 4856 1774 4928 Byzantii
1809 4873 1935 4912 cum
1970 4860 2118 4913 victu

2232 4861 2386 4912 κάκεῖ
2413 4861 2511 4929 τῆς
2539 4858 2687 4921 θείας
2720 4859 2926 4921 εἰκονος
2954 4857 3268 4928 ἔμπροσθεν
3300 4861 3500 4912 αὐτίκα
3533 4863 3679 4928 μάλα
3706 4864 3813 4916 δώ-

536 4964 594 5009 et
632 4954 783 5009 cultu
834 4952 984 5021 regio
1009 4959 1223 5006 aetatem
1255 4964 1418 5020 agere
1459 4960 1515 5005 et
1561 4965 1737 5019 usque
1784 4952 1853 5004 ad
1903 4951 2120 5022 Selym—

538 5048 709 5103 briam
744 5063 810 5100 ex
856 5045 1044 5115 generi
1082 5058 1353 5098 consensu
1406 5056 1497 5096 res
1552 5042 1971 5107 administrare,
2022 5050 2120 5096 aut

536 5138 681 5209 quod
715 5138 986 5207 reliquum
1018 5137 1093 5192 sit
1118 5136 1239 5190 vita:
1261 5133 1408 5188 domi
1443 5132 1501 5188 in
1531 5132 1644 5187 otio
1674 5133 1939 5201 acquiete
1959 5148 2120 5203 agere

538 5231 644 5285 sibi
668 5229 1026 5285 concedatur.
1089 5228 1352 5297 Hancque
1399 5242 1552 5281 suam
1604 5224 1938 5279 sententiam
1968 5226 2120 5294 jure-

530 5322 767 5393 jurando
795 5321 1108 5377 firmissimo
1142 5329 1198 5376 et
1246 5331 1387 5377 teste
1434 5316 1727 5372 verissimo
1758 5315 2114 5370 sanctissima

536 5414 632 5468 Dei
674 5423 846 5468 matre
875 5415 1142 5471 sancitam
1196 5412 1402 5468 litteris
1455 5407 1674 5463 mandat
1719 5415 1774 5462 et
1804 5409 1972 5462 Anna:
2010 5416 2121 5463 tra-

538 5505 639 5560 dit.
708 5507 835 5560 Ηίεο
863 5518 1046 5561 autem
1102 5505 1251 5559 omni
1299 5500 1616 5571 suspicione
1658 5500 1868 5570 abjecta
1904 5500 2118 5555 litteras

539 5610 659 5650 cum
706 5595 1074 5667 jurejurando
1126 5595 1220 5650 illo
1274 5592 1489 5661 accepit
1539 5601 1598 5646 et
1650 5608 1815 5661 quam
1861 5592 2119 5645 ocissime

541 5687 819 5755 navigavit
854 5686 1326 5742 Thessalonicam.
1385 5684 1487 5741 Ubi
1522 5698 1645 5737 cum
1684 5683 1795 5736 lilio
1826 5697 1947 5749 qua:
1980 5682 2115 5735 satis

538 5788 698 5833 erant
752 5778 1116 5847 exposuisset,
1143 5787 1196 5832 ct
1226 5775 1268 5836 Ii
1308 5775 1612 5830 uilissimum
1662 5773 1793 5828 illud
1823 5773 2101 5842 jusjuran-

2228 4968 2341 5004 σειν
2372 4952 2714 5020 ὑπισχνεῖται
2780 4950 2857 5019 τῷ
2909 4951 3116 5019 ταύτης
3173 4950 3272 5019 μὲν
3308 4950 3430 5020 υτῷ,
3474 4952 3714 5024 γαμϐρῷ
3752 4956 3813 5006 δὲ

2226 5040 2414 5104 αὐτοῦ,
2444 5041 2532 5093 τὸν
2562 5040 2777 5094 ἅπαντα
2829 5041 3032 5110 κλῆρον
3064 5039 3160 5110 τῆς
3208 5040 3508 5110 βασιλείας,
3543 5043 3815 5113 ἀφεμένω

2231 5135 2328 5204 μὲν
2349 5135 2448 5198 τὰς
2472 5133 2566 5186 τοῦ
2599 5132 2791 5204 Κρὰλη
2846 5134 3120 5203 συνθήκας
3156 5135 3392 5197 ὲκείνας,
3446 5134 3735 5203 ἐληλυθότι
3763 5139 3812 5190 δ’

2226 5224 2283 5286 ἐς
2317 5223 2609 5288 Βυζάντιον
2638 5224 2799 5285 εὐθὺς
2836 5225 2986 5292 παρὰ
3016 5223 3113 5292 τὴν
3145 5225 3378 5293 νόμιμον
3414 5225 3671 5293 σύζυγον,
3710 5229 3813 5279 αὐ-

2224 5315 2315 5377 τὸς
2348 5314 2403 5369 δὲ
2434 5315 2580 5366 δυοῖν
2627 5315 2879 5386 θάτερον.
2910 5314 2942 5383 ἢ
2985 5315 3061 5384 τῷ
3098 5315 3379 5385 Βυζαντίῳ
3429 5316 3516 5368 διὰ
3567 5317 3683 5385 βίου
3715 5320 3812 5370 ἐν·

2225 5407 2520 5475 διατρίϐων
2544 5406 2841 5476 βασιλικως
2870 5408 2963 5460 καὶ
2990 5407 3151 5470 αὐτὸς
3169 5411 3232 5460 τὰ
3262 5410 3422 5479 μέχρι
3450 5411 3814 5482 Σηλυμϐρίας

2226 5496 2480 5552 ἐντεῦθεν
2507 5497 2730 5550 διοικεῖν
2762 5498 3064 5566 πράγματα
3096 5503 3237 5553 κατᾶ
3268 5501 3497 5571 γνώμην
3529 5504 3623 5556 τοῦ
3651 5523 3811 5574 γαμ-

2227 5588 2384 5659 ϐροῦ,
2443 5589 2476 5658 ἢ
2533 5589 2622 5642 τὶν
2655 5588 2881 5659 ἡσύχιον
2914 5590 3169 5659 ἑλόμενος
3198 5593 3293 5646 καὶ
3323 5595 3655 5664 ἀπράγμονα
3692 5597 3815 5666 βίον

2223 5684 2360 5735 οῐκοι
2390 5681 2684 5749 καθῆσθαι.
2741 5682 2850 5734 Καὶ
2882 5681 2999 5750 ἅμα
3027 5682 3308 5753 ἔγγραφον
3346 5688 3469 5739 ταῖν
3498 5692 3679 5758 χεροῖν
3713 5692 3817 5745 αὐ-

2219 5773 2316 5845 τῆς
2374 5773 2601 5827 ἐνετίθει
2655 5774 2752 5844 τὴν
2805 5775 3031 5845 vvltum
3086 5778 3549 5846 φρικωδεστάτοις
3614 5784 3813 5853 ὅρκοις
