4088 6470
275 407 375 473 129

1263 401 1708 465 ΒΥΖΛΝΤΙΝΑΞ
1738 402 2122 464 HISTORIA!
2148 403 2293 466 LIB.
2319 401 2562 465 XXVII.

3444 409 3550 480 130

267 519 688 591 ἠσφαλισμένην
717 537 777 573 τε
809 520 905 573 καὶ
935 517 1383 591 ἀπαραλόγιστον
1408 516 1507 589 τὴν
1543 518 1846 587 ὑπέραγνοκ.

1960 516 2090 572 dum
2156 516 2503 581 tradidisset,
2556 517 2720 574 facile
2778 518 2829 575 ei
2876 527 2934 576 ut
2967 518 3144 577 Cralis
3174 533 3337 595 pacto
3375 526 3553 586 absti-

267 614 592 684 θεομῆτορα
636 610 1104 684 προϐαλλομένοις
1161 610 1462 682 ἐγγυητήν.
1508 610 1573 663 Ἦ
1607 609 1654 664 δ’
1680 608 1848 674 εὐθὺς

1956 620 2139 673 neret,
2171 611 2469 680 persuasit.

270 706 522 760 ἀπιστεῖν
569 706 782 776 οὐδαμῆ
817 704 1019 775 ἔχουσα
1072 704 1142 758 τά
1172 723 1232 759 τε
1267 704 1378 758 τῶν
1435 702 1613 767 οὕτως
1678 704 1915 774 ἑχόντων
1952 704 2251 777 ἐγγράφων
2271 706 2452 778 ὅρκων
2474 704 2656 777 βιϐλία
2685 708 3038 779 είλήφει,καὶ
3059 710 3177 781 ἅμα
3210 712 3310 787 ὅλῃ
3338 716 3548 790 σπουδῇ

270 797 644 851 κατέπλευσεν
704 798 763 861 ὲς
815 797 1243 868 Θεσσαλονίκην,
1305 798 1468 851 κάκεῖ
1502 796 1582 867 τῷ
1635 796 1737 868 υἱῷ
1776 795 1848 849 τὰ
1885 796 2071 850 εἰκότα
2094 796 2411 867 ὡμιληκυίτ
2477 799 2573 851 καὶ
2633 799 2763 864 τοὺς
2788 799 3084 869 φρικώδεις
3106 802 3349 869 ἐκείνους
3371 805 3554 881 ἐμφα-

270 892 471 946 νίσασα
522 890 741 959 ὅρκους,
797 891 907 945 τῶν
946 890 1042 945 τοῦ
1096 891 1289 962 Κράλη
1338 889 1628 960 συνθηκῶν
1687 888 1891 953 τελέως
1931 888 2271 959 ἀποσχέσθαι
2303 890 2568 945 πέπεικεν
2595 891 2778 955 εὐθύς.

343 988 445 1042 IZ'.
469 985 688 1040 Τούτων
711 985 756 1039 6‘
784 985 929 1039 οὕτω
977 986 1298 1056 γενομένων
1323 980 1460 1056 ἧκεν
1490 987 1518 1039 6
1553 983 1850 1039 Παλαιολὸ-

270 1096 370 1148 γος
400 1080 527 1150 ἄχρι
560 1081 657 1132 καὶ
692 1080 749 1143 ὲς
790 1079 1202 1150 Διδυμότειχονο
1253 1079 1516 1133 κάκεῖθεν
1570 1078 1708 1148 πρὸς
1754 1076 1850 1132 τὸν

270 1172 533 1244 πενθερὸν
579 1171 1161 1242 διαπρεσϐευσάμενος
1218 1171 1698 1241 Καντακουζηνδν,
1753 1170 1849 1224 καὶ

269 1265 351 1329 ὡς
379 1264 607 1334 ἐμμένοι
641 1262 833 1335 μαθὼν
868 1268 981 1328 τοῖς
1003 1264 1447 1337 ὀμωμοσμένοις,
1504 1265 1631 1336 ἥκει
1659 1264 1849 1318 λοιπδν

274 1355 371 1407 καὶ
409 1355 570 1417 αὐτὸς
624 1357 683 1418 ἐς
729 1355 1046 1418 Βυζάντιον,
1087 1355 1302 1419 πάντας
1358 1356 1850 1424 ἀπεσκευασμένος

276 1447 476 1514 φόϐους
503 1446 598 1500 καί
632 1446 873 1517 ὑποψίας
897 1448 1138 1511 ἁπάσας.
1173 1438 1284 1501 και
1331 1446 1498 1501 πλέον
1527 1446 1559 1517 ἢ
1592 1463 1852 1519 τριακονυ

273 1536 516 1607 θήμερον
557 1537 623 1606 τῇ
673 1536 771 1589 τοῦ
828 1535 1098 1607 πενθεροῦ
1149 1535 1616 1607 συνδιατετριφὼς
1657 1536 1848 1608 ὁμιλίᾳ

272 1627 394 1698 μετ’
417 1629 641 1699 εἰρήνης
689 1628 966 1697 κατηφείᾳ
998 1627 1106 1680 τινὶ
1139 1629 1495 1698 κεκραμένης
1521 1627 1614 1681 διὰ
1643 1627 1704 1680 τὸ
1735 1627 1845 1684 τῶν

267 1720 615 1790 ἠλπισμένων
643 1720 747 1773 οὐκ
773 1717 967 1773 εὔελπι
1009 1720 1113 1790 τὴν
1165 1719 1227 1783 ἐς
1272 1719 1657 1792 Διδυμότειχον
1686 1717 1847 1785 αὖθις

1955 1038 1961 1044 ,
2029 982 2196 1039 XVII.
2246 983 2342 1038 His
2381 984 2457 1038 ita
2483 983 2641 1038 factis
2671 983 3011 1057 Palazologns
3036 987 3263 1058 propius
3287 987 3552 1056 Didymo-

1951 1074 2163 1130 tichum
2205 1076 2492 1146 profectus
2542 1084 2648 1144 est,
2685 1077 2846 1148 150
2876 1089 2931 1132 et
2965 1078 3096 1135 hinc
3131 1095 3258 1136 cum
3314 1079 3551 1151 legatio-

1952 1182 2081 1224 nem
2107 1167 2349 1223 misisset
2385 1167 2454 1223 ad
2488 1185 2742 1225 socerum
2773 1171 3251 1240 Cantacuzenum,
3279 1183 3336 1228 et
3374 1172 3430 1228 in
3463 1174 3553 1244 ju-

1950 1260 2250 1332 rejurando
2304 1277 2665 1331 perseverare
2713 1280 2838 1319 eum
2911 1266 3071 1320 enixe
3109 1274 3396 1336 rogasset.
3435 1266 3544 1337 By-

1950 1351 2195 1407 zantium
2226 1368 2284 1409 se
2312 1354 2572 1419 contulit,
2616 1356 2770 1410 omni
2798 1365 2947 1411 metu
2972 1358 3378 1427 actsuSpicione
3395 1356 3550 1428 deje-

1953 1453 2062 1498 Cta.
2131 1443 2241 1500 Sed
2269 1461 2396 1501 cum
2426 1449 2665 1519 amplius
2722 1449 2950 1521 triginta
2998 1449 3199 1505 diebus
3248 1450 3307 1504 in
3366 1450 3549 1505 soceri

1948 1536 2214 1594 societate
2245 1549 2499 1595 versatus
2524 1551 2694 1611 esset,
2726 1558 2910 1614 neque
2944 1551 3126 1598 tamen
3169 1542 3239 1597 de
3264 1541 3550 1611 promissis

1946 1624 2151 1682 bonam
2184 1643 2339 1699 spem
2370 1644 2570 1700 capere
2622 1633 2927 1703 potuisset,
2961 1633 3410 1704 Didymotichum
3463 1647 3551 1687 re-

1945 1733 2144 1776 versus
2201 1728 2286 1776 est
2339 1738 2449 1778 una
2500 1739 2629 1778 cum
2684 1724 2892 1781 Helena
2933 1741 3125 1791 uxore,
3158 1741 3280 1795 quas
3318 1740 3444 1780 cum
3477 1740 3548 1781 eo

268 1810 457 1882 ἀπῄει,
488 1811 583 1864 καὶ
612 1809 713 1880 τὴν
739 1809 973 1877 σύζυγον
1010 1809 1234 1879 Ἑλένην
1286 1807 1407 1879 ἅμα
1462 1808 1613 1880 αὐτῷ
1640 1810 1846 1879 ἑπαγό-

1950 1809 2090 1865 mori
2143 1810 2385 1866 malebat
2437 1829 2603 1883 quam
2651 1829 2778 1869 cum
2830 1816 3160 1885 parentibus
3216 1814 3543 1870 convivere.

272 1918 457 1973 μενος,
488 1903 586 1956 σὺν
636 1902 834 1972 ἐκείνῳ
891 1900 1125 1971 μᾶλλον.
1152 1901 1490 1973 αἱρουμένην
1524 1901 1837 1973 θνήσκεινῇ

256 1978 383 2056 ’τοῖς
405 1992 626 2062 γονεῦσι
658 1991 848 2065 συζῆν.
881 1993 1057 2047 Ταυτὶ
1096 1992 1196 2062 μὲν
1222 1988 1320 2048 οὖν
1354 1989 1501 2065 εῖχεν
1542 1993 1708 2059 οὕτω,
1744 1994 1840 2047 καὶ

268 2082 330 2137 τὸ
357 2081 697 2151 φθινόπωρον
719 2081 823 2141 τὰς
855 2082 950 2137 τοῦ
990 2079 1301 2152 ἀρκτούρου
1349 2081 1687 2151 προῦφαινεν
1715 2082 1842 2152 ἄρτι

269 2174 544 2238 temone.
578 2174 794 2245 Βραχὺς
821 2174 848 2228 6
868 2173 1080 2244 χρόνος,
1110 2174 1207 2227 καὶ
1230 2172 1388 2237 αὖθις
1412 2174 1544 2244 παρ’
1562 2174 1842 2246 ἑκατέρων

270 2264 555 2335 ἑκατέροις
586 2264 827 2334 λαθραῖα
866 2264 1119 2336 ὲξηχεῖτο
1150 2265 1499 2337 βουλεύματα
1552 2266 1696 2320 πάνυ
1731 2267 1843 2318 τῶν

270 2355 607 2426 δεδογμένων
634 2358 993 2429 ἀντίστροφα.
1043 2359 1156 2411 Καὶ
1190 2357 1383 2411 ἄπεισι
1437 2356 1539 2428 τὴν
1576 2357 1844 2428 ταχίστην

274 2450 518 2516 καθέξων
544 2448 810 2512 Ματθαῖος
831 2450 942 2503 τῶν
964 2448 1428 2520 Καντακουζηνοῦ
1453 2449 1619 2502 υἱέων
1647 2450 1676 2501 6
1697 2449 1847 2518 πρῶ-

275 2557 366 2605 τος
425 2540 765 2612 Ὀρεστιάδα,
821 2540 1075 2604 σταδίους
1102 2542 1165 2594 οὕ
1210 2543 1363 2610 μεῖον
1412 2540 1552 2610 πρὸς
1605 2541 1845 2611 ἄρκτους

274 2631 556 2703 διέχουσαν
586 2631 959 2702 ἑϐδομήκοντα
1007 2633 1104 2686 καὶ
1140 2632 1476 2694 διακοσίους.
1537 2630 1847 2685 Κάντεῡθεν

272 2724 343 2778 τὰ
368 2724 639 2778 σκάνδαλα
671 2723 833 2796 ηὖξεν
886 2723 1248 2796 ἐρεθιζόμενα
1302 2724 1524 2793 νύκτωρ
1576 2725 1667 2778 cal.
1722 2722 1846 2793 μεθ’

273 2816 483 2886 ἡμέραν
504 2816 613 2879 ἀεὶ,
633 2817 732 2870 καὶ
759 2815 894 2887 πρὸς
924 2817 1151 2886 ἐμφανῆ
1196 2815 1268 2869 τὰ
1298 2817 1606 2887 πράγματα
1633 2812 1847 2886 προῦϐη

274 2908 339 2982 [ί.
368 2909 464 2963 151
491 2907 545 2981 b]
574 2909 770 2963 κακίαν
791 2910 886 2962 καὶ
910 2909 1184 2966 ἄσπονδον
1217 2908 1317 2979 ήδη
1355 2909 1562 2979 μάχην.
1590 2908 1702 2960 Καὶ
1726 2905 1848 2977 ἃμα

272 3000 322 3053 ei
345 2999 457 3054 τῶν
482 2999 776 3070 Θρᾳκικῶν
800 3002 1089 3071 οἰκήτορες
1121 3000 1333 3054 πόλεων
1378 3000 1737 3070 Παλαιολόγῳ
1765 2998 1846 3071 τῷ

274 3086 480 3157 βασιλεῖ
502 3090 886 3159 προσεχώρουν
904 3087 1207 3153 ἐθελονταὶ,
1230 3088 1628 3160 κραταιότερόν
1645 3105 1706 3143 τε
1733 3088 1847 3144 τῶν

1945 1895 2074 1952 Hac
2108 1896 2278 1968 igitur
2312 1900 2388 1954 ita
2413 1915 2473 1957 se
2498 1901 2780 1957 habebant
2805 1921 2821 1959 :
2851 1905 3077 1975 jamque
3107 1915 3326 1973 tempus
3356 1904 3547 1960 aderat

1943 1988 2213 2059 brumale,
2254 2008 2367 2062 quo
2418 1996 2621 2050 Arctus
2644 1998 2845 2052 oritur.
2880 1996 3033 2052 liaud
3086 1998 3265 2053 multo
3313 2008 3435 2068 post
3489 2006 3547 2052 et

1945 2096 2136 2139 rursus
2168 2100 2361 2140 rumor
2386 2087 2640 2143 dilfertur
2673 2090 3037 2145 consiliorum
3067 2091 3354 2160 prioribus
3386 2103 3544 2159 pror-

1945 2189 2041 2230 sus
2088 2178 2525 2234 contrariorum.
2583 2180 2874 2236 Matthaeus
2907 2196 2939 2237 e
2985 2181 3359 2238 Cantacuzeni
3411 2180 3545 2236 [iliis

1944 2275 2079 2322 natu
2138 2270 2413 2324 maximus
2481 2285 2648 2340 quam
2718 2272 3009 2328 celerrime
3074 2271 3424 2329 Orestiadem
3482 2282 3545 2327 ut

1945 2369 2180 2430 occupet
2216 2362 2615 2432 proﬁciscitur.
2676 2366 2810 2432 Quae
2862 2366 2998 2421 urbs
3045 2365 3414 2421 ducentorum
3458 2375 3548 2420 se-

1945 2450 2231 2521 ptuaginta
2263 2451 2571 2507 stadiorum
2600 2454 2783 2524 spatio
2812 2452 2986 2511 distat
3017 2462 3072 2509 et
3101 2454 3167 2508 ad
3200 2453 3546 2523 septentrio-
3647 2498 3653 2505 .

1947 2542 2131 2598 nalem
2199 2554 2436 2614 spectat.
2564 2545 2662 2601 llic
2724 2555 2896 2601 noctu
2949 2547 3157 2618 diuque
3211 2544 3547 2601 discordiam

1947 2645 2130 2705 auget.
2172 2634 2293 2690 Jam
2324 2635 2392 2691 ad
2433 2635 2668 2707 injurias
2696 2637 2811 2692 itur
2839 2647 2918 2706 et,
2961 2646 3026 2692 ut
3055 2639 3295 2709 primum
3324 2636 3547 2693 occasio

1948 2725 2075 2781 data
2100 2735 2205 2792 est,
2240 2726 2307 2781 ad
2340 2742 2601 2798 pugnam.
2664 2726 2970 2800 Palmologo
3024 2738 3208 2784 autem
3260 2730 3542 2785 Thracum

1951 2818 2176 2875 urbium
2210 2819 2411 2875 incolae
2435 2821 2734 2877 voluntarii
2759 2834 3103 2878 succurrunt
3130 2837 3375 2893 eumque
3406 2823 3549 2877 inci-

1954 2916 2072 2965 tant
2109 2918 2173 2965 ut
2222 2911 2374 2966 omni
2431 2911 2623 2966 studio
2654 2926 2745 2967 res
2791 2911 3104 2982 susciperet
3152 2922 3210 2969 et
3246 2921 3549 2984 occuparet

1952 3009 2245 3073 paternum
2280 3015 2546 3072 regnum;
2583 3000 2699 3058 otio
2728 3016 2795 3058 ac
2821 3001 3052 3059 desidia;
3075 3003 3365 3076 indulgere
3389 3001 3546 3059 nullo

1953 3093 2122 3149 modo
2152 3092 2263 3149 sibi
2294 3092 2485 3148 licere.

270 3186 612 3250 πραγμλτων
644 3182 989 3253 ἐρεθίζοντες
1013 3181 1284 3237 ἅπτεσθαι
1318 3183 1414 3236 καὶ
1446 3183 1544 3236 τοῦ
1574 3182 1833 3256 πατρῴου
1870 3186 2078 3260 κλήρου
2118 3186 2217 3257 τῆς
2249 3185 2534 3256 βασιλείας
2589 3185 3012 3253 ἀντιποιεῖσθαι,
3045 3184 3318 3257 ῥᾳθυμεῖν
3340 3187 3537 3242 δπωσ-

269 3274 384 3340 οὖν,
405 3275 564 3346 εἴπερ
593 3276 748 3342 ποτὶ,
778 3275 875 3330 νῦν
900 3276 1100 3347 μᾶλλον
1122 3279 1185 3331 οὐ
1214 3279 1362 3349 μάλα
1387 3279 1768 3350 προσήκοντος

339 3367 450 3421 ιη’.
481 3367 581 3421 Διὰ
612 3367 677 3439 δη
694 3368 873 3423 ταῦτα
898 3370 1084 3433 δείσας
1107 3372 1239 3440 περὶ
1276 3372 1378 3441 τῆς
1412 3373 1588 3443 ἀρχῆς
1612 3373 1756 3427 Κανι
1783 3391 1846 3427 α-

2024 3371 2218 3441 Itaque
2244 3369 2447 3425 factum
2477 3374 2566 3424 est
2606 3376 2665 3422 ut
2691 3366 3119 3424 Cantacuzenus
3144 3383 3240 3425 rex
3268 3369 3338 3425 de
3369 3386 3546 3444 regno

271 3457 527 3528 κουζηνὺς
554 3462 582 3513 ὀ
606 3459 858 3529 βασιλεὺς
884 3460 1061 3530 λόγων
1084 3461 1134 3515 τ’
1172 3462 1401 3516 ἐκείνων
1424 3464 1521 3515 καὶ
1553 3463 1844 3533 συνθηκῶν

272 3551 570 3618 ἐξελάθετο,
598 3554 694 3604 καὶ
736 3546 846 3606 οἷον
885 3553 1201 3624 αὐλητικῆς
1222 3569 1369 3618 τινος
1394 3553 1691 3626 ἀθύρματα
1719 3574 1847 3612 παι-

273 3640 471 3713 ζούσης
496 3643 596 3707 τὴν
628 3643 798 3714 ἀκοὴν
830 3642 1076 3708 ἅπαντας
1100 3645 1453 3716 ἡγησάμενος
1488 3646 1710 3718 ὅρκους,
1733 3645 1845 3701 τῶν

274 3737 581 3791 ἀντιπάλων
610 3739 784 3806 ἔργων
812 3736 1073 3804 καθάπαξ
1088 3739 1229 3809 ὅλην
1259 3738 1545 3810 ἀντίληψιν
1578 3741 1843 3795 ἐποιεῖτο.

273 3832 495 3900 Πρῶτον
528 3832 625 3901 μὲν
653 3826 747 3885 οὖν
780 3831 1003 3902 πέμψας
1037 3834 1095 3896 ἒς
1143 3832 1414 3902 Ὑρκανὸν
1465 3833 1560 3887 τὸν
1591 3832 1848 3904 γαμϐρὸν

274 3923 366 3977 καὶ
384 3922 674 3991 σατράπην
703 3923 811 3978 τῶν
848 3926 906 3977 ὲν
932 3923 1159 3995 Βιθυνίᾳ
1222 3923 1540 3994 βαρϐάρων,
1595 3925 1693 3977 καὶ
1727 3922 1846 3993 ἅμα

274 4019 329 4080 ἐς
368 4019 496 4079 τοὺς
526 4014 772 4085 γείτονας
828 4016 1172 4085 Γεννουΐτας,
1230 4018 1429 4089 ὅρκους
1487 4019 1844 4088 καινοτέρους

273 4102 430 4168 αὖθις
457 4105 699 4176 παρέσχε
728 4104 839 4159 τῶν
882 4108 1016 4176 πρὶν
1059 4105 1467 4177 ἰσχυροτέρους,
1511 4106 1711 4159 ταυτὸν
1732 4109 1844 4176 ἀμ.

276 4201 392 4268 φοίν
423 4198 513 4251 διὰ
542 4196 660 4266 βίου
685 4199 837 4251 πνεῖν
882 4196 1397 4267 ἐπαγγελλομένους
1429 4195 1551 4250 καθ’
1581 4191 1658 4250 ὧν
1688 4197 1848 4250 αὐτοὶ

277 4289 549 4361 βούλοιντο
594 4293 688 4343 καὶ
737 4287 818 4352 οἷς
846 4288 1123 4361 ἄχθοιντο,
1175 4293 1224 4343 εί
1260 4289 1512 4361 βοηθοῖεν
1545 4292 1640 4345 καὶ
1687 4290 1845 4344 αὐτοὶ

274 4383 413 4437 κατὰ
462 4380 557 4436 τοῦ
615 4382 868 4454 γαμϐροῦ
918 4382 1333 4451 Παλαιολόγουο
1392 4382 1694 4454 ἀκρόπολιν
1734 4382 1846 4453 γὰρ

273 4477 475 4546 ἥγηται
515 4475 911 4546 κραταιοτέρκν
961 4476 1064 4546 τὴν
1130 4476 1187 4538 ἐς
1222 4473 1467 4538 ἐκείνους
1520 4475 1846 4545 κατιφυγὴν

275 4566 625 4639 ἀμυντηρίων
668 4566 927 4621 ἁπάντων
981 4567 1145 4620 θείων
1182 4567 1279 4620 καὶ
1308 4565 1695 4637 ἀνθρωπίνων,
1752 4567 1847 4619 καὶ

279 4659 579 4728 μηχάνημα
606 4659 671 4710 ἐκ
721 4657 918 4712 πυλλοῦ
946 4658 1260 4728 εἰθισμένον
1283 4657 1433 4730 αὐτῷ
1467 4658 1613 4713 κατά
1640 4675 1701 4712 τε
1733 4657 1846 4710 τῶν

1946 3462 2146 3518 anxius
2188 3475 2255 3517 ac
2288 3460 2562 3516 sollicitus
2595 3459 2752 3530 151
2788 3474 3078 3516 sermones
3126 3460 3251 3518 illos
3299 3470 3358 3519 et
3404 3479 3545 3535 pro.

1948 3554 2118 3610 missa
2142 3554 2428 3610 omitteret
2455 3560 2513 3608 et
2547 3553 2675 3608 data
2696 3553 3063 3625 jurajuranda
3097 3562 3360 3624 tanquam
3393 3556 3546 3611 tibiae

1948 3645 2346 3701 delectationes
2378 3642 2629 3701 haberet.
2664 3643 2814 3699 .Jam
2865 3644 2936 3699 ad
2981 3660 3049 3701 ea
3098 3646 3307 3716 quibus
3360 3645 3541 3703 obniti

1948 3745 2138 3809 posset
2168 3736 2466 3807 Palmologi
2498 3735 2754 3791 consiliis
2792 3744 2976 3792 totum
3009 3738 3255 3792 animum
3284 3739 3547 3795 advertit.

1947 3830 2193 3885 Primum
2238 3830 2570 3900 legationem
2622 3829 2776 3884 misit
2820 3830 2889 3885 ad
2931 3819 3251 3901 Hyrcanum
3278 3846 3547 3901 generum

1947 3922 2318 3979 barbarorum
2381 3923 2438 3976 in
2504 3922 2761 3993 Bithynia
2811 3931 3091 3991 satrapam
3142 3924 3421 3992 simulque
3474 3923 3543 3979 ad

1946 4014 2196 4073 conﬁnes
2221 4014 2548 4070 Genuenses
2576 4025 2636 4071 et
2674 4029 2803 4069 cum
2828 4014 2916 4070 bis
2948 4014 3161 4071 foedera
3191 4016 3315 4071 iniit
3346 4017 3548 4086 priori-

1948 4107 2054 4164 bus
2085 4106 2357 4160 ﬁrmiora.
2421 4106 2632 4171 Quibus
2688 4107 3052 4160 constitutum
3104 4115 3227 4162 erat
3278 4116 3550 4178 utrosque

1947 4198 2207 4254 eumdem
2252 4197 2395 4253 velle
2425 4197 2674 4254 animum
2706 4196 2916 4253 habere
2947 4198 3005 4252 in
3037 4213 3232 4255 omnes
3262 4210 3402 4269 quos
3443 4202 3549 4255 de-

1947 4288 2208 4345 bellaturi
2257 4297 2474 4355 essent,
2527 4289 2704 4343 etiam
2756 4285 2805 4343 si
2852 4288 3059 4344 auxilio
3108 4300 3453 4345 vocarentur
3490 4289 3548 4344 in

1948 4393 2215 4452 generum
2247 4379 2648 4450 Palaeologum.
2701 4377 3121 4434 Cantacuzenus
3162 4389 3347 4435 autem
3386 4382 3551 4452 regiae

1948 4487 2132 4528 arcem
2157 4474 2567 4541 receptaculum
2599 4471 2835 4528 habebat
2862 4472 3124 4528 omnibus
3149 4472 3354 4530 divinis
3381 4484 3551 4545 atque

1950 4565 2212 4621 humanis
2248 4554 2594 4620 tutamentis‘
2623 4564 2856 4619 ﬁrmius.
2932 4563 3065 4632 Qua:
3112 4576 3170 4622 et
3217 4567 3327 4637 jam
3375 4568 3552 4622 multo

1949 4673 2014 4714 ex
2040 4666 2291 4728 tempore
2314 4657 2632 4727 praesidium
2663 4666 2784 4713 erat
2814 4667 3008 4713 contra
3034 4657 3253 4714 feroces
3283 4659 3551 4726 Thraces,

275 4748 635 4819 ταλαιπώρων
659 4748 893 4819 Θρᾳκῶν
922 4749 1018 4803 καὶ
1134 4748 1563 4821 προσερρύησαν
1604 4750 1842 4820 βασιλεῖ,

1954 4760 2012 4806 et
2047 4764 2161 4820 quo
2185 4748 2593 4804 conveniebant
2643 4752 2839 4820 sepiae.
2910 4750 3095 4817 Quare
3140 4766 3239 4805 rex
3285 4753 3552 4807 continuo

276 4836 379 4890 ἀνὰ
405 4838 581 4907 στόμα
636 4840 809 4908 συχνὰ
867 4839 929 4891 τὸ
966 4838 1245 4909 γραφικδν
1298 4838 1580 4910 περιᾴδων
1643 4841 1845 4906 ἐκεῖνο,

281 4946 300 4980 ι
334 4929 537 4983 Λοιπὸν
560 4930 777 4983 καλέσω
813 4930 881 4985 τὰ
911 4930 1067 5001 ἔθνη,
1101 4931 1329 4985 κάκεῖνά
1374 4947 1443 5002 με
1468 4931 1776 4994 δοξάσουσι.
1823 4947 1843 4982 ι

278 5021 385 5073 Καὶ
420 5022 538 5089 ἅμα
564 5020 617 5072 οἱ
654 5017 716 5083 ἐξ
760 5018 944 5082 Ἀσίας
996 5019 1338 5088 Ῥωμαῖκαίς
1371 5020 1466 5079 ἐπὶ
1493 5020 1717 5091 θρᾲκης
1737 5020 1853 5074 δια-

275 5110 591 5173 ϐιϐάζοντες
613 5113 737 5174 τοὺς
775 5111 1085 5183 βαρϐάρους
1104 5115 1295 5165 ναυσὶν
1319 5111 1640 5183 ἐμπρακτόν
1667 5128 1726 5165 τε
1756 5115 1853 5167 καὶ

277 5208 418 5257 πάνυ
438 5220 491 5254 τι
531 5203 1076 5274 κατεσπουδασμένον
1097 5206 1159 5256 τὸ
1196 5203 1291 5256 τοῦ
1322 5202 1607 5275 βασιλικοῦ
1635 5204 1840 5274 δόγμα·

272 5308 361 5355 τος
413 5290 750 5361 προύφαινον
807 5291 1002 5362 βίαιον.
1060 5292 1461 5348 Κατελάνωνδ⁹
1513 5290 1671 5358 αὖθις
1702 5296 1851 5366 ἀμφὶ

274 5384 685 5450 πεντακοσίους,
718 5384 866 5446 ὅσοις
916 5384 1009 5439 τὸν
1040 5385 1107 5438 ὲκ
1135 5382 1233 5454 τῆς
1288 5384 1600 5456 ναυμαχίας
1634 5386 1854 5457 ἐκείνης

276 5481 463 5546 φυγεῖν
498 5477 778 5547 ἐξεγένετο
810 5477 1080 5541 κίνδυνον,
1113 5478 1357 5547 γυμνοὺς
1389 5481 1485 5532 και
1547 5479 1855 5549 προσαίτας

277 5571 587 5640 περιιόντας
612 5570 706 5624 τοῦ
729 5570 1218 5642 ἇστεοςπανταχῆ,
1254 5569 1394 5642 πρὸς
1434 5571 1684 5642 φυλακὴν
1709 5573 1737 5624 6
1762 5572 1857 5642 βα-

277 5665 452 5727 σιλεὺς
481 5664 941 5735 Καντακουζητὸς
958 5665 1220 5735 ἁθροίσας
1246 5666 1339 5716 τοῦ
1367 5663 1618 5733 σώματος
1647 5662 1856 5729 ὥπλιζέ

1959 4841 2096 4897 illud
2128 4841 2276 4911 quod
2307 4842 2578 4911 scriptum
2612 4851 2696 4896 cst
2740 4842 2795 4895 in
2838 4858 2934 4898 ore
2967 4842 3244 4898 habebat:
3299 4841 3552 4898 «Convo-

1958 4932 2097 4987 cabo
2124 4940 2336 5003 gentes,
2361 4941 2416 4986 et
2441 4933 2718 5002 parebunt
2740 4933 2932 4989 mihi.»
2974 4933 3157 4988 Etiam
3187 4935 3282 5005 qui
3317 4949 3384 4988 ex
3424 4935 3556 4989 Asia

1959 5024 2223 5081 Romanis
2257 5025 2492 5080 navibus
2542 5025 2600 5080 in
2639 5027 2931 5082 Thraciam
2980 5027 3255 5080 Barbaros
3311 5027 3555 5099 trajicie-

1961 5117 2117 5185 bant,
2147 5119 2294 5188 regis
2340 5116 2425 5172 illi'
2470 5118 2624 5175 dicto
2660 5119 2771 5172 vim
2805 5134 2868 5173 ac
2894 5121 3189 5174 veritatem
3223 5120 3553 5175 reddebant.

1960 5206 2353 5264 Catalanorum
2415 5219 2600 5264 autem
2645 5210 2869 5266 circiter
2897 5212 3232 5282 quingentos
3249 5210 3376 5280 qui,
3408 5219 3557 5279 post-

1959 5316 2124 5371 quam
2157 5318 2354 5373 pugnae
2396 5303 2609 5358 navalis
2638 5306 2886 5374 pericula
2920 5306 3161 5361 feliciter
3216 5304 3554 5375 eﬂ‘ugerunt,

1962 5397 2155 5451 urbem
2191 5396 2433 5452 inermes
2462 5405 2520 5451 et
2550 5398 2792 5453 mendici
2825 5399 3293 5463 circumiverunt,
3353 5412 3447 5450 rex
3485 5394 3556 5449 ad

1963 5487 2215 5558 corporis
2247 5489 2553 5543 custodiam
2602 5492 2815 5559 recepit
2872 5491 3052 5560 iisque
3098 5490 3273 5544 armis
3313 5497 3370 5543 et
3398 5489 3552 5542 victu

1958 5580 2103 5636 bene
2130 5581 2430 5637 consuluit.
2493 5582 2770 5638 Romanos
2821 5584 2994 5649 enim,
3035 5597 3174 5652 quos
3225 5582 3435 5635 circum
3493 5595 3555 5636 se

1961 5670 2222 5739 habebat,
2262 5681 2322 5725 ut
2355 5671 2598 5741 perﬁdos
2625 5683 2679 5728 et
2714 5674 2970 5727 inimicos
3001 5672 3276 5727 tractavit.

270 5776 325 5813 τε
349 5760 447 5813 καὶ
474 5759 685 5822 ὲσίτιζε
718 5758 862 5828 μάλα
888 5774 940 5849 τι
970 5760 1172 5828 σφόδρα
1197 5757 1706 5827 πεφροντισμένως,
1722 5761 1849 5832 ,τῶν
1889 5763 2183 5834 ὁμοφύλων
2220 5765 2322 5835 ἤδη
2378 5764 2670 5835 Ῥωμαίων
2709 5765 3125 5835 ἀπιστουμένων
3147 5767 3241 5821 καὶ
3258 5766 3315 5818 ὲν
3336 5762 3552 5837 ἐχθρῶν

269 5852 621 5925 ταττομένων
650 5852 864 5924 χορείᾳ.
