4088 6470
566 384 658 447 131

1759 369 2177 435 NICEPHURI
2214 370 2598 434 GREGORJ!

3723 372 3823 435 133

630 498 792 570 152
829 494 969 551 XIX.
1005 494 1138 562 Qua:
1165 507 1291 550 cum
1345 491 1423 545 ita
1452 503 1513 544 se
1546 486 1816 543 haberem.
1875 485 2036 541 lrene
2077 499 2142 540 re

2335 486 2438 542 IG'.
2465 487 2685 541 Τούτων
2708 485 2754 540 δ’
2794 483 2967 549 οὕτως
3016 484 3253 556 ἐχόντων
3292 484 3475 551 ἔδοξεν
3525 487 3732 559 Ιαζίρήνῃ
3764 491 3826 557 τῇ

559 592 685 660 gina
716 587 1061 643 Orestiadem
1092 596 1150 641 et
1180 580 1624 653 Didymotichum
1656 578 1902 649 profecta
1946 586 2054 642 est,
2086 588 2147 631 ut

559 680 852 735 distineret
876 677 1063 733 afﬁnes
1093 678 1187 747 qui
1235 672 1515 731 affinitatis
1543 670 1778 726 vinculis
1811 667 2149 737 contemptis

563 773 708 826 inter
747 787 804 827 se
842 769 1178 825 discordiam
1227 765 1579 831 exercebant,
1626 762 1943 817 Mattbxum
1976 760 2148 814 lilium

562 873 620 924 et
645 877 913 933 generum
954 859 1317 929 Palaaologum
1346 871 1554 927 regem.
1619 854 1678 909 in
1707 852 1973 908 comitatu
2004 850 2149 904 inter

561 954 700 1008 alios
721 969 907 1008 secum
942 950 1105 1005 duxit
1131 950 1270 1005 duos
1293 951 1606 1004 sacerdotes
1630 945 1726 1015 qui
1754 952 1923 999 testes
1955 951 2147 999 essent

559 1058 617 1100 et
649 1046 917 1115 Angelnm
951 1044 1046 1113 qui
1072 1043 1177 1096 'illo
1209 1049 1459 1109 tempore
1492 1036 1750 1093 catholici
1779 1034 1986 1107 judicis
2022 1049 2147 1089 mu-

561 1152 692 1189 nere
727 1135 1080 1205 fungebatur.
1140 1130 1242 1186 Hic
1275 1146 1386 1201 quo
1423 1138 1674 1198 tempore
1702 1129 1937 1198 patriam
1968 1140 2146 1181 meam

565 1227 759 1297 reliqui
795 1227 1092 1281 admodum
1115 1224 1337 1295 juvenis
1366 1221 1634 1286 necdum,
1681 1221 1738 1275 ni
1768 1219 1946 1286 fallor,
1976 1218 2149 1289 pubes

560 1332 701 1378 erat.
753 1318 985 1385 ,Tamen
1021 1318 1133 1390 jam
1174 1316 1437 1388 praeclara
1491 1312 1665 1367 valuit
1723 1310 1792 1366 ad
1844 1310 2147 1366 dicendum

562 1424 787 1478 natura,
824 1414 900 1467 ita
951 1421 1009 1467 ut
1056 1426 1159 1466 nos
1198 1423 1350 1478 spem
1398 1407 1663 1477 optimam
1690 1404 1757 1460 de
1787 1404 1908 1476 ejus
1941 1403 2147 1473 ingenii

566 1504 929 1559 tacultatibus
985 1514 1332 1572 caperemus.
1405 1498 1612 1554 Omnes
1675 1497 1823 1551 enim
1890 1497 1984 1565 qui
2038 1510 2148 1550 una

562 1612 690 1651 cum
707 1611 773 1650 eo
786 1593 1069 1664 sapientiae
1083 1602 1189 1647 tuae
1211 1591 1442 1647 studiosi
1458 1598 1616 1645 erant
1639 1597 1843 1660 tuaque
1859 1588 2149 1660 disciplina

565 1689 913 1750 fruebantur,
962 1687 1124 1757 longe
1180 1684 1477 1755 superabat
1522 1683 1722 1752 linguae
1773 1680 2035 1737 facilitate
2092 1690 2150 1736 et

564 1780 765 1833 mentis
793 1778 1067 1832 acumine.
1127 1776 1286 1831 Nunc
1308 1790 1442 1830 vero
1466 1775 1512 1828 si
1545 1786 1760 1844 tempus
1780 1787 1889 1844 quo
1914 1787 1945 1827 a
1973 1772 2146 1842 patria

562 1870 754 1925 absum
780 1869 1041 1939 respicio,
1090 1868 1293 1923 indolis
1314 1868 1436 1938 ejus
1461 1865 1766 1922 bonitatem
1789 1864 1857 1920 ad
1884 1863 2145 1919 meliores

560 1964 748 2032 fruges
772 1963 1102 2049 pervenisse
1127 1959 1407 2029 suspicor,
1434 1959 1509 2013 ita
1562 1967 1622 2011 ut
1658 1972 1688 2011 a
1713 1956 1997 2027 prommiis
2034 1955 2145 2011 illis

556 2055 669 2123 jam
690 2054 757 2109 ad
772 2046 977 2109 bonam
1007 2053 1376 2107 maturitatem
1409 2049 1761 2122 processerit.
1813 2048 1991 2114 Quare
2014 2046 2145 2102 dum

558 2130 737 2201 virum
759 2147 902 2216 regis
917 2161 1014 2199 usu
1029 2158 1085 2201 et
1100 2145 1335 2199 amicitia
1355 2160 1464 2197 non
1483 2143 1666 2198 minus
1683 2140 1789 2196 frui
1810 2140 1970 2194 video
1982 2154 2144 2208 quam

558 2238 933 2293 nobilissimos
965 2239 1144 2303 viros,
1179 2235 1413 2307 gaudeo.
1478 2236 1597 2291 Jam
1651 2243 1878 2305 propter
1925 2232 2147 2287 virtutis

560 2329 934 2399 praestantiam
967 2328 1139 2398 ipsius
1170 2327 1332 2398 regi'e
1363 2326 1562 2382 domus
1582 2326 1787 2397 judicia
1835 2324 2008 2379 libera
2037 2324 2146 2378 lin-

561 2439 665 2490 gua
681 2424 1002 2490 exsequitur
1017 2422 1259 2491 itemque
1276 2419 1605 2490 indiciorum
1634 2419 1702 2474 de
1721 2418 1889 2474 rebus
1905 2417 2147 2487 publicis

568 2514 727 2585 153
755 2515 989 2570 consilia
1024 2530 1089 2570 ac
1111 2515 1334 2569 decreta
1362 2512 1729 2567 administrat.
1767 2510 2024 2579 Cumque
2049 2525 2145 2579 per

561 2624 786 2664 onmem
812 2616 1029 2664 aetatem
1076 2621 1295 2676 semper
1326 2606 1553 2677 iustitia:
1578 2619 1744 2674 quam
1789 2604 1982 2658 dicunt
2030 2611 2146 2656 tru-

565 2700 678 2754 tina
729 2716 817 2755 res
853 2710 1001 2755 recte
1031 2708 1086 2755 et
1137 2699 1260 2754 sine
1312 2696 1507 2751 fraude
1539 2696 1845 2759 examinet,
1875 2695 2141 2765 majorem

564 2790 848 2844 hominum
893 2789 1318 2844 admirationem
1378 2787 1550 2843 movit
1598 2802 1764 2857 quam
1816 2786 1998 2856 justus
2051 2785 2144 2841 ille

564 2881 859 2946 Aristides,
888 2894 944 2936 et
974 2882 1028 2937 in
1058 2895 1155 2935 ore
1181 2879 1432 2935 omnium
1465 2889 1550 2934 est
1579 2894 1689 2934 non
1739 2880 1918 2933 solum
1951 2880 2142 2934 conci—

559 2976 737 3039 vium,
774 2973 871 3029 sed
912 2973 1093 3028 etiam
1127 2971 1274 3041 apud
1308 2969 1556 3027 confines
1600 2978 1795 3041 gentes
1840 2970 1986 3025 fama
2021 2971 2142 3041 ejus

560 3065 899 3137 percrebuit,
956 3073 1013 3119 et
1066 3077 1260 3118 omnes
1290 3063 1500 3133 pariter
1527 3062 1635 3117 viri
1679 3063 1842 3134 hujus
1868 3075 2143 3117 verecun-

559 3158 647 3214 dia
679 3159 896 3214 imbuit.
951 3157 1295 3225 Quapropter
1341 3155 1508 3212 etiam
1555 3155 1746 3224 regina
1793 3168 1920 3209 cum
1966 3152 2138 3225 Didy-
2167 3181 2213 3242 α

561 3252 865 3306 motichum
898 3246 1338 3321 prolivisceretur
1376 3265 1500 3304 etnn
1544 3249 1649 3305 sibi
1711 3254 1970 3304 comitem
2020 3263 2142 3304 esse

563 3344 738 3398 voluit
784 3353 843 3397 ut
876 3343 1108 3399 auribus
1149 3353 1207 3397 et
1239 3343 1413 3398 oculis
1444 3326 1568 3412 quai
1617 3339 1692 3395 ibi
1735 3340 2057 3395 dicerentur
2084 3348 2143 3396 et

560 3448 855 3502 agerentur
887 3435 1206 3491 observaret
1226 3442 1281 3489 et
1300 3446 1520 3489 omnem
1544 3430 1735 3486 arbitri
1758 3430 2141 3488 auctoritatem

564 3524 812 3580 haberet.
873 3524 1079 3595 Regina
1132 3532 1318 3578 autem
1364 3537 1492 3577 cum
1545 3534 1614 3576 eo
1665 3520 1909 3579 venisset
1953 3521 2140 3576 omnia

559 3630 902 3686 quzecunque
951 3615 1019 3670 ad
1070 3612 1516 3685 persuadendum
1572 3610 1858 3681 aptissima
1912 3609 2143 3680 putabat

562 3708 789 3777 protulit
836 3717 893 3762 et
944 3702 1039 3761 alii
1091 3705 1333 3775 graviter
1382 3703 1679 3775 objurgare
1727 3703 1782 3757 ei
1830 3716 1940 3757 non
1979 3701 2142 3756 licuit

561 3812 744 3869 regem
789 3798 1047 3869 juvenem
1081 3800 1259 3851 amice
1294 3810 1358 3850 ae
1406 3795 1620 3865 placide
1673 3794 1927 3850 tractavit
1979 3794 2052 3849 ita
2081 3802 2141 3849 ut

561 3890 755 3944 matris
780 3903 933 3944 more
960 3886 1368 3958 quodammodo
1406 3902 1532 3941 eum
1569 3887 1975 3958 objurgaverit.
2032 3884 2142 3941 Vo-

561 3981 661 4035 luit
695 3986 900 4046 autem,
935 3991 997 4035 ut
1035 3994 1250 4034 smnma
1301 3977 1558 4042 referam,
1592 3978 1813 4034 hazcce:
1847 3988 1907 4033 ut
1937 3976 2142 4032 Palzeo-

561 4072 716 4142 logus
734 4086 905 4141 gener
930 4082 988 4125 et
1012 4087 1104 4125 rex
1136 4086 1233 4124 sua
1260 4080 1458 4140 sponte
1487 4069 1672 4124 uxoris
1703 4070 1855 4124 fratri
1886 4068 2141 4124 Matthteo

561 4165 810 4234 regionis
835 4163 903 4217 ab
945 4162 1231 4217 Orestiade
1267 4177 1442 4231 usque
1477 4162 1544 4217 ad
1571 4161 1771 4231 Bizyen
1804 4162 2140 4231 pertinentis

561 4270 670 4308 una
708 4270 834 4309 cum
878 4253 1012 4307 locis
1040 4263 1095 4308 et
1141 4252 1377 4307 urbibus
1409 4251 1479 4305 ab
1525 4260 1760 4319 utraque
1794 4260 1949 4319 parte
1989 4247 2136 4312 sitis,

560 4359 831 4399 summam
867 4351 1192 4411 potestatem
1217 4342 1572 4404 concederet,
1606 4342 1927 4410 ipseautem
1963 4339 2139 4410 regio-

558 4454 683 4493 nem
718 4454 748 4493 a
791 4434 1173 4506 Didymoticho
1204 4448 1379 4502 usque
1428 4433 1495 4487 ad
1528 4429 1984 4486 Thessalonicam
2034 4431 2136 4485 ad-

2253 576 2488 648 βασιλίδι
2514 577 2570 639 ἐς
2598 595 2659 630 τε
2699 576 3157 646 Ὀρεστιάδα’καὶ
3184 576 3573 647 Διδυμότειχον
3603 579 3827 651 διαϐάσῃ
3921 641 3925 645 ν

2249 669 2530 735 διαλλάξαι
2553 670 2681 735 τοὺς
2707 671 2864 735 νέους
2888 670 3165 741 ἀλλήλοις,
3200 670 3251 723 εί
3280 670 3562 741 δυνηθείη,
3587 672 3829 742 βαθείαις

2249 766 2392 819 τισὶν
2418 765 2680 836 ὑποψίαις
2706 766 2798 820 ἐπ’
2836 767 3103 836 ἀλλήλους
3130 767 3474 838 χρωμένους,
3521 767 3735 836 οὐδαμῆ
3773 767 3830 820 τδ

2253 857 2546 912 ἔνσπονδον
2585 858 2836 914 σύνοικον
2875 862 3270 929 κεκτημέναις.
3322 861 3602 915 Ματθαῖον
3633 859 3830 930 δηλαδὴ

2249 951 2342 1005 τὸν
2378 953 2493 1006 υίδν
2520 954 2615 1006 καὶ
2647 953 2737 1006 τόν
2758 970 2823 1021 γε
2846 954 2938 1006 επὶ
2970 953 3206 1024 Θυγατρι
3249 955 3501 1022 γαμϐρὸν
3535 953 3831 1007 Παλαιολό-

2249 1060 2348 1112 γον
2364 1045 2457 1097 τὸν
2477 1044 2725 1111 βασιλέα,
2752 1062 2817 1098 συ
2825 1064 2943 1110 μπα
2952 1046 3246 1116 ρειληφυία
3272 1048 3408 1114 πρός
3434 1063 3498 1113 γε
3521 1048 3633 1109 τοῖς
3655 1044 3831 1109 ἄλλοις

2249 1134 2345 1187 καὶ⁵
2401 1134 2512 1190 τῶν
2568 1135 2878 1207 ἀρχιερέων
2935 1136 3028 1189 δύο
3083 1136 3465 1207 συνεκδήμους
3522 1135 3830 1206 μαρτυρίας

2248 1225 2433 1292 ἕνεκα,
2490 1227 2588 1281 καὶ
2632 1228 2751 1297 ἅμα
2794 1229 3087 1298 ιἌγγελον,
3138 1222 3184 1297 ᾧ
3215 1229 3495 1298 καθολικῷ
3525 1229 3831 1300 τηνικαῦτα

2252 1321 2660 1389 συμπέπτωκεν
2682 1318 2824 1375 εἶναι
2856 1326 3056 1392 κριτῇ·
3085 1321 3146 1385 ὃς
3175 1323 3275 1392 τῆς
3299 1322 3557 1392 πατρίδος
3585 1319 3832 1373 ἐντεῦθεν

2249 1411 2456 1477 ἐξιέναι
2491 1410 2779 1480 μέλλοντος
2812 1414 2947 1482 ἐμοῦ
3002 1413 3148 1467 πάνυ
3203 1431 3258 1467 τι
3294 1414 3416 1476 νέος
3438 1411 3506 1483 ἦν
3534 1415 3630 1467 καὶ
3677 1412 3830 1466 οὐπω

2249 1499 2404 1571 οἶμαι
2435 1502 2658 1572 ἔφηϐος,
2689 1503 2753 1576 [ί.
2786 1504 2888 1559 152
2913 1504 2969 1575 a]
2996 1506 3195 1577 εὐγενῆ
3246 1507 3293 1561 δ’
3325 1510 3475 1577 ὅμως
3504 1507 3832 1579 ὐπεζωγρέ-

2251 1609 2344 1663 φει
2362 1595 2464 1662 τὴν
2491 1598 2546 1658 ες
2573 1595 2767 1663 λόγους
2791 1598 3008 1651 ἐκεῖθεν
3034 1598 3223 1668 φύσιν,
3254 1600 3353 1654 καὶ
3380 1599 3528 1668 μάλα
3557 1598 3832 1667 επαγγελ-

2251 1684 2490 1756 λομένην
2526 1688 2664 1758 πρὸς
2700 1690 2883 1745 πᾶσαν
2914 1691 3119 1761 ἀρετῆς
3150 1690 3297 1745 ίδίαν
3325 1692 3507 1761 εὐφυᾶ
3540 1691 3634 1746 τὸν
3659 1691 3833 1761 ἄνδρα

2251 1776 2319 1830 τὰ
2350 1779 2746 1849 συντομώτατα
2769 1784 3163 1853 καταστήσειν.
3193 1783 3413 1847 Πάντας
3443 1784 3554 1854 γὰρ
3585 1785 3701 1838 ὅσοι
3724 1787 3834 1838 τῶν

2177 1832 2218 1889 Β
2253 1866 2372 1936 ἄμα
2408 1832 2558 1939 αὐτῷ
2579 1871 2681 1940 τῆς
2712 1873 2811 1942 σῆς
2839 1832 3032 1940 σ;φίας
3056 1832 3706 1945 ἦσαν--τέωςνᾶκρὲαταλ,

2250 1960 2361 2013 τῶν
2390 1961 2491 2031 τῆς
2525 1962 2625 2032 σῆς
2652 1964 3005 2026 διδασκαλίας
3034 1967 3255 2035 ἐκείνης
3285 1969 3582 2037 κρατήρων
3605 1967 3836 2035 φοιτῶν-

2250 2064 2342 2112 τες
2389 2049 2700 2119 ἁπήλαυον,
2771 2055 3004 2124 μακροῖς
3050 2056 3372 2124 παρήλαυνε
3428 2058 3541 2118 τοῖς
3610 2056 3835 2127 μέτροις

2249 2140 2438 2211 δρόμῳ
2461 2158 2518 2194 τε
2547 2141 2796 2212 γλώττης
2831 2146 2927 2200 καὶ
2947 2144 3190 2208 διανοίας
3220 2145 3465 2217 ὀξύτητι.
3510 2146 3627 2201 Νῦν
3652 2148 3712 2202 δὲ
3734 2148 3837 2219 τῆς

2253 2232 2474 2301 μακρᾶς
2503 2232 2721 2301 ἐκείνης
2749 2234 3068 2303 ἀπεδημίας
3094 2234 3409 2305 ἀνειληφὼς
3445 2236 3706 2307 ἐμαυτὸν,
3733 2237 3835 2307 τῆς

2250 2323 2484 2393 φυσικῆς
2524 2325 2740 2394 ἐκείνης
2770 2328 3103 2395 ἐπαγγελίας
3134 2328 3345 2398 ἀμείνω
3373 2331 3504 2399 περὶ
3542 2331 3636 2384 τὸν
3657 2330 3835 2401 ἄνδρα

2251 2412 2435 2482 βλέπω
2457 2415 2557 2486 τὴν
2587 2417 2826 2489 βλάστην
2879 2419 2976 2474 καὶ
3006 2421 3315 2490 προοιμίων
3365 2423 3600 2475 ἐκείνων
3646 2422 3832 2493 πολλῴ

2248 2507 2320 2560 τὰ
2349 2507 2445 2561 νῦν
2473 2513 2917 2582 συμπεράσματα
2945 2513 3339 2584 κραταιότερα.
3365 2515 3457 2568 Διὸ
3488 2516 3585 2569 καὶ
3610 2515 3833 2585 βασιλι-

2247 2593 2353 2664 κῆς
2378 2594 2679 2665 ὲγγύτητός
2737 2613 2798 2650 τε
2825 2600 2921 2651 καὶ
2953 2600 3245 2668 εὐμενείας
3296 2601 3507 2664 οὐδενὸς
3538 2602 3650 2658 τῶν
3677 2622 3837 2675 περι-

2246 2681 2518 2753 λάμπρων
2541 2685 2756 2755 ἀνδρῶν
2779 2685 3024 2740 ὲνδεέστε
3035 2704 3128 2759 ρον
3163 2688 3465 2759 μετέχοντα
3492 2689 3722 2760 βλέπων-
3738 2693 3831 2747 τὸν

2247 2776 2416 2848 ἄνδρα
2437 2778 2686 2849 γέγηυαυ
2739 2780 2841 2850 ήδη
2874 2781 2986 2852 γὰρ
3021 2781 3093 2835 δι’
3123 2782 3330 2854 ἀρετῆς
3364 2784 3696 2853 περιουσίαν
3730 2787 3835 2841 κάν

2249 2870 2438 2937 μέσοις
2466 2873 2581 2934 τοίς
2604 2870 2904 2940 βασιλείοις
2931 2873 3470 2947 πεπαρρησιααμένῃ
3507 2879 3575 2946 τῇ
3608 2876 3834 2949 γλώττῃ

2243 2957 2457 3011 διέπειν
2504 2959 2634 3023 τούς
2691 2959 2790 3029 τῆς
2840 2960 3152 3027 εὐθυδικίας
3187 2961 3448 3017 τέτακται
3500 2964 3703 3036 νόμους
3734 2966 3835 3021 καὶ

2245 3048 2354 3102 τῶν
2375 3047 2655 3118 δημοσίων
2681 3050 3027 3120 πραγμάτων
3061 3052 3371 3123 οἰκονομεῖν
3404 3056 3460 3107 ὲν
3482 3054 3665 3125 κρίσει
3700 3057 3832 3120 τοὺς

2244 3138 2440 3207 λόγους
2472 3145 2565 3196 καὶ
2603 3143 2673 3197 τὰ
2700 3143 3031 3215 ψηφίσματα
3055 3159 3070 3175 ο
3091 3139 3174 3209 οἷς
3197 3146 3461 3218 ἀρῤεπεῑς
3489 3147 3584 3200 τὸν
3609 3146 3833 3203 ἅπαντα

2244 3235 2438 3303 χρίνον
2474 3236 2570 3288 καὶ
2596 3234 2776 3306 πάντη
2799 3235 3218 3307 ἁκαπηλεύτους
3250 3238 3349 3303 τὰς
3376 3238 3479 3309 τῆς
3502 3239 3660 3311 δίκης
3693 3242 3835 3295 ἑπά-

2243 3342 2357 3395 γων
2410 3327 2750 3397 πλάστιγγας
2810 3328 2996 3400 θαῦμα
3029 3330 3108 3400 τῷ
3155 3329 3257 3402 βίῳ
3304 3330 3516 3402 γίνεται
3572 3332 3829 3405 μείζονῆ

2242 3418 2389 3474 κατὰ
2416 3420 2597 3476 πάντα
2639 3421 2850 3477 δίκαιον
2888 3424 3252 3496 Ἀριστείδην,
3298 3425 3394 3481 καὶ
3432 3427 3603 3482 πᾶσιν
3627 3426 3829 3493 ἁπλῶς

2245 3511 2602 3584 περιλὰλημα
2650 3515 2975 3571 καθίσταται
3026 3518 3346 3587 κράτιστον,
3400 3519 3499 3590 οὐχ
3526 3520 3830 3591 ὁμοφύλοις

2247 3606 2430 3671 μόνον,
2485 3606 2606 3660 ἀλλ’
2648 3607 2752 3678 ήδη
2792 3608 2884 3662 καὶ
2919 3609 2975 3672 ες
3006 3611 3077 3664 τα
3129 3610 3389 3680 περίοικα
3439 3609 3550 3664 τῶν
3576 3610 3756 3667 ὲονῶν
3793 3614 3830 3683 ή

2243 3695 2406 3766 φήμη
2453 3694 2773 3766 διέδραμεν,
2799 3695 3081 3766 ἀκήρατον
3122 3696 3370 3767 φέρουσα
3399 3698 3462 3752 τὸ
3493 3701 3694 3767 σεμνὸν
3726 3703 3828 3771 τῆς

2243 3785 2450 3848 αἰδοῦς.
2487 3786 2594 3841 Καὶ
2613 3787 2677 3858 δὴ
2705 3786 2881 3842 ταῦτα
2912 3789 3004 3841 καὶ
3037 3789 3374 3861 συνέκδημον
3420 3791 3452 3861 ή
3501 3791 3721 3862 βασιλὶς
3770 3796 3829 3857 ἐς

2242 3878 2623 3950 Διδυμότειχον
2653 3880 2822 3952 ἑαυτῇ
2850 3880 3108 3947 γενέσθαι
3147 3881 3256 3936 τῶν
3284 3882 3410 3938 καθ’
3430 3884 3596 3938 αὐτὸν
3622 3903 3828 3957 προτε-

2243 3972 2502 4045 τίμηκεν,
2533 3973 2607 4037 ὡς
2632 3974 2898 4046 αὐτήκοος
2931 3976 3030 4029 καὶ
3059 3975 3342 4048 αὐτόπτης
3387 3979 3507 4031 ἐκεῖ
3528 3980 3829 4048 γενόμενος

2240 4068 2338 4122 καὶ
2364 4067 2525 4130 αὐτὸς
2551 4067 2662 4120 τῶν
2695 4084 2755 4121 τε
2803 4068 2867 4140 δή
2920 4069 3340 4142 λεχθησομένων
3374 4071 3470 4126 καὶ
3502 4074 3828 4143 πραχθησο-

2247 4160 2426 4231 μένων
2450 4161 2664 4225 γένοιτο
2686 4161 2782 4214 καὶ
2827 4162 3037 4232 μάρτυς
3087 4163 3554 4235 ἀπαράγραπτος.
3607 4167 3827 4220 Ἐκεῐσε

2240 4251 2420 4308 τοίνυν
2443 4252 2474 4323 ἡ
2499 4251 2712 4322 βασιλὶς
2734 4255 3007 4325 γενομένη
3034 4255 3191 4310 πάντ’
3216 4255 3405 4324 ἔλεγεν
3433 4253 3514 4319 οἷς
3542 4274 3601 4309 τε
3627 4259 3828 4327 ἐμφω-

2241 4337 2421 4391 λεύειν
2474 4340 2691 4394 ὑπενόει
2744 4340 2844 4410 (ἦν
2873 4343 2965 4396 τοῦ
3018 4344 3230 4397 πείθειν
3265 4346 3442 4415 ίτχύν,
3476 4347 3571 4400 καὶ
3606 4335 3689 4411 οἷς
3722 4350 3828 4404 οὐκ

2242 4429 2557 4513 ἐφεδρεύειν
2585 4428 2696 4501 εἷχε
2728 4433 3053 4503 σκυθρωπὴν
3096 4437 3276 4502 οὐδὲν,
3299 4438 3409 4490 τῶν
3443 4441 3829 4510 ἐπιτιμήσεων

561 4528 981 4584 ministrandam
1010 4525 1342 4595 susciperet,
1399 4524 1637 4593 reliquas
1665 4538 1855 4577 omnes
1886 4524 2137 4593 regiones

2244 4520 2450 4593 ἥμερόν
2479 4540 2602 4575 τινα
2629 4524 2833 4595 τρόπον
2868 4526 3256 4597 ὲνδεικνυμένη
3308 4528 3386 4599 τῷ
3410 4530 3515 4600 νέῳ
3567 4533 3668 4601 τήν
3697 4535 3825 4603 ήλι-

561 4636 669 4675 una
701 4636 825 4676 cum
864 4618 1012 4688 regia
1053 4627 1323 4687 potestate
1367 4616 1655 4685 utriusque
1681 4624 1838 4683 pater
1864 4615 2136 4670 Cantacu—

561 4726 733 4767 zenns
758 4710 1065 4781 possideret
1091 4723 1264 4777 usque
1290 4707 1357 4762 ad
1391 4707 1625 4772 obitum,
1688 4706 1889 4776 deinde
1934 4707 2133 4761 l‘alaro-

563 4803 718 4872 logus
769 4802 934 4870 hujus
990 4800 1205 4870 imperii
1262 4814 1552 4854 successor
1581 4799 1759 4855 fieret.
1839 4798 2131 4859 'l‘eigitur.

560 4894 723 4955 dixit,
758 4900 980 4963 oportet
999 4891 1383 4947 Cantacuzeno
1415 4901 1673 4958 tanquam
1710 4889 1870 4960 154
1903 4891 2042 4958 patri
2073 4897 2132 4943 et

559 4984 872 5053 reipublicae
890 4998 992 5038 usu
1020 4982 1216 5036 edocto
1238 4990 1435 5034 cuncta
1452 4980 1763 5034 committas
1783 4990 1839 5034 et
1862 4980 1914 5033 in
1939 4979 2133 5049 primis

558 5077 763 5145 regiam
825 5083 1152 5144 potestatem
1205 5083 1266 5126 ut
1314 5073 1530 5126 labores
1601 5071 1693 5127 tibi
1746 5068 2131 5136 minuerit,si

558 5164 781 5235 quando
835 5166 951 5234 ipse
975 5164 1039 5218 ad
1093 5177 1276 5218 rerum
1307 5162 1738 5230 gubernaculum
1780 5161 2041 5227 accedas,
2076 5170 2134 5215 et

558 5262 882 5333 priusquam
915 5259 1033 5327 ipse
1060 5271 1244 5312 rerutn
1284 5256 1474 5313 turbas
1525 5255 1782 5325 degustes
1827 5270 1922 5309 eas
1957 5269 2133 5323 quan-

558 5363 675 5409 tum
710 5351 826 5407 fieri
862 5349 1040 5418 pomit
1067 5348 1162 5403 tibi
1194 5347 1483 5403 ordinarit.
1530 5346 1653 5401 Noli
1687 5345 1856 5415 igitur
1891 5358 2132 5414 unquam

557 5453 650 5498 tua
684 5442 928 5513 pericula
968 5450 1185 5495 vertere
1216 5439 1271 5495 in
1314 5439 1410 5496 lilii
1443 5453 1673 5508 regnum
1704 5436 1856 5505 quod
1908 5443 2130 5504 propter

556 5534 870 5589 aﬂinitatem
895 5533 944 5588 ei
960 5547 1283 5589 concessum
1310 5540 1417 5587 est.
1461 5528 1603 5596 Quid
1627 5528 1799 5592 enim,
1826 5536 1881 5581 tu
1908 5527 2001 5596 qui
2023 5540 2133 5581 una

558 5642 683 5679 cum
713 5634 888 5679 matre
912 5626 966 5681 in
989 5640 1116 5679 eum
1153 5622 1424 5679 hostiliter
1448 5620 1633 5689 egisti,
1653 5619 2013 5674 nihilominus
2047 5629 2128 5673 ta-
2152 5610 2155 5621 “

561 5731 682 5769 men
720 5731 1006 5784 postquam
1038 5710 1503 5770 secundum'bclli
1549 5710 1698 5779 leges
1730 5711 1783 5764 in
1824 5711 2130 5764 custodiam

559 5806 1112 5876 ductas,deindcque
1147 5803 1427 5875 inopinato
1479 5801 1749 5859 liberatus
1802 5816 1893 5872 es,
1944 5801 2013 5859 ab
2063 5819 2130 5860 eo

2245 4614 2370 4669 κίαν
2401 4614 2632 4684 βασιλεῖ,
2686 4617 2962 4689 μητρικὴν
3006 4621 3309 4688 εἰσάγουσά
3370 4642 3489 4687 πως
3534 4626 3686 4698 αὐτῷ
3724 4627 3829 4700 τὴν

2244 4709 2587 4779 παραίνεσιν.
2620 4710 2703 4764 T1
2728 4708 2897 4783 δὲῆν,
2924 4712 3000 4776 ὼς
3022 4715 3082 4765 ὲν
3115 4716 3398 4787 κεφαλαίῳ
3425 4717 3610 4785 φάναι,
3642 4737 3830 4792 πνρα-

2242 4803 2440 4870 χωρεῖν
2464 4800 2555 4854 τὸν
2573 4818 2642 4869 γα
2651 4801 2823 4873 μϐρδν
2844 4804 2940 4858 καὶ
2967 4805 3195 4873 βασιλέα
3222 4807 3595 4876 Παλαιολόγον¹
3623 4812 3827 4866 ἑκόντα.

2240 4888 2508 4959 Matthqu
2537 4889 2616 4959 τῷ
2648 4891 3063 4963 γυναικαδέλφῳ
3094 4895 3193 4965 τὴν
3224 4896 3283 4960 ἐξ
3318 4898 3664 4968 Ὀρεστιάδος
3689 4901 3826 4971 ἄχρι

2243 4981 2442 5050 Βιζύης
2474 4982 2613 5051 μετά
2636 4999 2700 5052 γε
2729 4984 2838 5037 τῶν
2862 4985 3208 5057 ἑκατέρωθεν
3231 4988 3452 5058 χωρίων
3473 4990 3568 5041 καὶ
3606 4993 3827 5047 πόλεων

2242 5071 2348 5141 γῆν
2379 5071 2662 5142 αὐτονόμῳ
2691 5072 2955 5143 νέμεσθαι
3010 5074 3324 5147 δεσποτεία,
3363 5077 3529 5131 αὐτὶν
3586 5077 3633 5131 δ’
3670 5079 3826 5149 ἔχειν

2241 5163 2338 5234 τὴν
2385 5164 2451 5218 ἐκ
2512 5164 2896 5234 Διδυμοτείχου
2949 5166 3114 5237 μέχρι
3158 5167 3583 5237 Θεσσαλονίκης,
3637 5172 3733 5223 τὸν
3762 5172 3824 5229 δὲ

2242 5254 2418 5307 κοινὸν
2463 5257 2667 5324 ἀμψοῖν
2721 5258 2935 5327 πατέρα
2965 5259 3422 5328 Καντακουζηνὸν
3449 5260 3539 5313 τὸν
3581 5261 3824 5331 βασιλέα

2240 5342 2311 5394 τὰ
2330 5341 2630 5410 λειπόμενα
2652 5347 2789 5413 μετὰ
2824 5344 2887 5416 [ί.
2921 5346 3023 5400 152
3056 5345 3109 5418 ὁ]
3149 5346 3249 5416 τῆς
3281 5347 3674 5420 βασιλευούσης
3704 5354 3824 5406 τῶν

2241 5432 2449 5486 πόλεων
2481 5438 2645 5505 μέχρι
2678 5436 2954 5509 τελευτῆς,
2990 5439 3078 5490 ὅτε
3106 5441 3221 5492 καὶ.
3255 5440 3439 5494 αὐτῶν
3473 5443 3821 5515 κληρονόμον

2240 5527 2425 5598 ἐντελῆ
2457 5529 2552 5582 καὶ
2581 5527 2826 5599 διάδοχον
2860 5531 3045 5597 μέλλει
3100 5548 3161 5584 σε
3212 5532 3587 5599 καταλείψειν.
3619 5536 3821 5603 Χρεὼν

2237 5618 2283 5673 δ’
2315 5614 2452 5673 εἷναί
2501 5637 2563 5674 σε
2612 5623 2852 5706 πάντως,
2891 5622 3100 5692 ἔλεγεν,
3132 5626 3231 5677 ὅσα
3275 5628 3372 5680 καὶ
3421 5629 3593 5697 πατρὶ
3624 5626 3722 5680 καὶ
3747 5631 3819 5699 τῇ

2238 5711 2345 5763 τῶν
2398 5704 2745 5784 πραγμάτων
2802 5717 3205 5787 ὲγγεγηρακότι
3263 5721 3470 5790 πείρᾳ,
3534 5719 3824 5775 πιστεύειν

2240 5801 2389 5875 αὐτῷ
2413 5805 2479 5862 τά
2509 5822 2564 5859 τε
2600 5804 2736 5862 ἄλλα
2762 5807 2855 5861 καὶ
2881 5808 2980 5879 τήν
3007 5807 3100 5863 τοῦ
3124 5807 3414 5881 βασιλικοῦ
3459 5812 3574 5886 βίου
3608 5810 3824 5882 κυϐερ-
