4088 6478
517 365 617 430 13’)

1731 356 2150 419 NICEPHORI
2188 355 2570 416 GREGORE

3666 355 3770 422 i3‘5

511 481 607 550 qui
639 478 695 533 in
729 475 921 533 eadem
951 472 1055 528 hac
1097 486 1218 527 mea
1250 469 1570 526 conditione
1601 471 1803 526 versati
1838 479 1969 525 sunt
1995 485 2100 525 ca:-

2220 469 2294 522 ιαὶ
2332 468 2466 541 πρὶν
2492 467 2867 539 ἐνθυμηθῆναι
2897 467 2991 522 τὸν
3015 468 3318 539 πάσχοντα,
3343 470 3435 522 καὶ
3456 469 3649 537 φθάνει
3681 473 3778 543 τὴν

510 574 640 628 dem
672 570 842 624 refert
868 566 1147 635 simulque
1182 563 1567 618 adolescentes
1595 575 1867 630 senesque
1891 560 2100 615 adhor-

517 672 670 719 tatur
699 676 762 716 ut
809 659 916 715 sibi
971 655 1335 728 pro.~piciam.
1389 652 1662 707 Audimus
1709 652 1859 707 enim
1914 663 2101 722 patres

516 753 790 824 quosdam
817 759 1105 804 cruentam
1137 763 1359 801 manum
1392 745 1648 800 intulisse
1676 744 1805 798 filiis
1829 756 1886 799 et
1913 744 2100 814 plures

515 848 714 901 fratres
740 844 947 898 ferrum
969 839 1504 910 consanguineorum
1539 838 1808 907 sanguine
1833 836 2101 906 polluisse

517 945 576 991 et
610 950 737 990 cum
780 931 1022 987 nefanda
1068 930 1274 984 malitia
1309 944 1500 982 eorum
1548 927 1800 997 jugulum
1830 925 2100 996 petiisse.

521 1028 678 1094 Quod
716 1035 830 1081 tum
881 1026 966 1079 vel
1001 1023 1237 1078 maxime
1272 1021 1478 1076 factum
1525 1035 1650 1075 esse
1699 1018 1930 1084 scimus,
1973 1032 2100 1073 eum

520 1121 593 1175 de
638 1133 827 1173 rerum
862 1113 1240 1187 gubernaculo
1287 1120 1562 1166 certatum
1609 1120 1714 1165 est.
1766 1109 1948 1176 Quare
1998 1109 2105 1164 tale

525 1210 684 1280 157
716 1209 979 1278 quiddam
1003 1204 1312 1278 tyrannidis
1335 1204 1622 1259 libidinem
1652 1201 1846 1257 dicunt
1878 1210 1935 1256 et
1955 1201 2105 1270 quod

520 1303 640 1357 sine
665 1301 879 1370 legibus
908 1300 1199 1369 probatum
1234 1297 1324 1351 sit.
1344 1297 1534 1364 Neque
1564 1295 1731 1362 igitur
1768 1308 1870 1363 ego
1902 1292 1949 1347 is
1979 1305 2102 1347 sum

521 1394 619 1464 qui
655 1392 753 1446 filii
788 1406 915 1462 erga
952 1391 1130 1461 patris
1160 1388 1335 1443 cilicia
1364 1387 1590 1451 laeserit,
1628 1382 1810 1454 neque
1842 1383 1935 1453 qui
1967 1398 2105 1438 con—

524 1485 813 1556 tempserit
846 1485 1032 1554 gravia
1063 1480 1421 1553 jurajuranda
1446 1480 1573 1548 illa;
1599 1494 1792 1535 verum
1820 1486 1975 1550 pater
2017 1477 2109 1532 ille

526 1591 686 1631 meus
719 1575 815 1644 qui
846 1590 906 1629 se
938 1574 1063 1627 vita:
1097 1588 1229 1626 nica:
1261 1572 1398 1627 velle
1430 1569 1823 1625 Prometheum
1855 1583 1981 1624 esse
2011 1567 2109 1637 ju-

530 1668 830 1739 rejurando
870 1665 1183 1721 aﬂirmavit.
1232 1663 1375 1731 Quid
1408 1672 1593 1719 autem
1641 1662 2005 1729 committam,
2061 1660 2110 1716 si

530 1760 720 1815 vivere
764 1760 931 1830 cupio
965 1757 1145 1828 quoad
1182 1758 1323 1827 patri
1362 1756 1596 1825 placeat,
1630 1754 1724 1823 qui
1762 1754 2111 1823 omnipotens

2202 559 2407 631 γνῶσιν
2438 561 2471 631 ἡ
2503 562 2670 629 πεῖρα
2695 560 2820 613 λίαν
2848 558 3107 622 ὠκύπους
3162 562 3392 627 φανεῖσα
3422 560 3543 612 καθ’
3571 552 3633 612 οὗ
3660 561 3780 614 τολ-

2205 655 2378 725 μᾶται
2400 653 2471 707 τὰ
2497 652 2772 725 χείριστα.
2799 652 2905 706 Καὶ
2940 653 3261 707 διδάσκαλον
3286 652 3409 723 ἐσχε
3442 655 3532 706 τὸν
3561 654 3782 708 ἅπαντα

2203 744 2393 815 χρόνον
2421 743 2488 816 [[,
2518 746 2618 799 153
2650 743 2705 816 ιι]
2738 746 2771 814 ή
2796 745 2906 798 τῶν
2934 745 3282 814 πραγμάτων
3316 746 3499 812 φύσις,
3536 747 3629 800 ἐπὶ
3653 747 3781 799 πολ-

2203 836 2313 890 λῶν
2343 837 2453 890 τῶν
2486 836 2689 907 ὁμοίων
2712 836 3027 907 περιφανῶς
3080 837 3182 907 τὴν
3232 836 3517 908 ἀναίρεσιν
3536 837 3782 908 ἀναγρά-

2206 946 2376 998 φοντα
2402 929 2676 998 βλέπουσα
2708 929 2803 983 καὶ
2834 927 3206 998 φυλάττεσθαι
3257 929 3391 982 πᾶσι
3423 930 3601 984 πᾶσαν
3630 929 3774 985 ἀντι.

2205 1039 2341 1092 κρυς
2364 1022 2596 1089 ἀφιέντα
2627 1022 2830 1092 φωνὴν,
2862 1022 2952 1073 καὶ
2985 1020 3126 1083 νέοις
3148 1020 3236 1072 ἐπ’
3265 1019 3387 1090 ἴσης
3413 1018 3510 1073 καὶ
3537 1019 3782 1090 πρεσδυ-

2205 1115 2404 1184 τέροις.
2454 1114 2753 1183 Ἀκούομεν
2783 1109 2878 1165 οὖν
2908 1114 3003 1167 καὶ
3034 1112 3286 1181 πατέρων
3314 1112 3492 1174 ένίους
3518 1110 3787 1180 ἀνδροφό-

2206 1223 2298 1260 νον
2326 1205 2658 1269 ὁπλίσαντας
2678 1205 2859 1271 δεξιὰν
2906 1205 3053 1260 κατὰ
3072 1206 3182 1258 τῶν
3215 1204 3400 1271 υἱέων,
3439 1203 3534 1258 καὶ
3562 1203 3786 1265 πλείους

2206 1296 2290 1350 ἔτι
2335 1296 2447 1351 τῶν
2481 1295 2729 1367 ἀδελφῶν
2761 1296 2822 1349 τὸ
2855 1295 3006 1366 ξίφος
3040 1296 3163 1349 καθ’
3194 1295 3431 1364 αἵματος
3483 1293 3789 1363 βαπτίσαν-

2208 1403 2307 1450 τας
2345 1387 2641 1455 συγγενοῦς
2663 1404 2679 1422 ·
2703 1388 2798 1441 καὶ
2834 1388 2976 1442 κατὰ
2995 1388 3196 1459 λαιμοῦ
3232 1387 3444 1457 πικρῶς
3465 1387 3787 1456 ὀρχησαμέ-

2168 1504 2173 1507 τ
2208 1493 2333 1541 νους
2356 1478 2655 1548 ὁμοφυοῦς,
2696 1481 2790 1533 καὶ
2850 1480 3072 1550 μάλισθ’
3106 1482 3196 1534 ὅτε
3227 1480 3357 1550 περὶ
3392 1477 3669 1549 βασιλείας
3697 1478 3785 1547 εἴη

2209 1570 2560 1641 τάγώνισμα,
2598 1572 2730 1627 ἔνθα
2772 1574 2868 1627 καὶ
2919 1573 3250 1643 τυραννικῆς
3278 1568 3420 1626 εἶναι
3458 1571 3520 1624 τὸ
3549 1572 3790 1641 πρᾶγμα

2210 1662 2433 1732 λέγεται
2468 1665 2794 1735 νομοθεσίας
2841 1665 3363 1737 αὐτοχειροτόνητον
3394 1663 3489 1716 καὶ
3524 1664 3790 1731 ἀνομοθέ-

2210 1772 2376 1824 τητον
2399 1756 2629 1811 δίκαιον.
2668 1757 2784 1811 Ούκ
2810 1756 2990 1825 ἔγωγε
3021 1759 3201 1811 τοίνυν
3227 1756 3388 1818 αὐτὸς
3421 1756 3451 1808 ὁ
3476 1755 3579 1824 τῆς
3613 1756 3791 1807 υἱοθε-

528 1863 615 1912 est
639 1868 836 1923 meque
868 1850 1180 1923 procreavit
1207 1851 1231 1904 ?
1257 1850 1393 1904 Nam
1433 1865 1539 1903 non
1575 1847 1669 1918 qui
1699 1862 1894 1903 secure
1920 1846 2107 1900 vivere

2220 1845 2334 1908 σίας
2362 1846 2719 1917 παραϐαίνων
2750 1847 2880 1911 τοὺς
2912 1848 3142 1916 νόμους’
3188 1849 3291 1900 οὐκ
3322 1846 3485 1916 ἔγωγ’
3521 1848 3731 1910 ἐκεῖνος
3763 1846 3793 1900 ὁ

529 1944 764 2016 cupiunt
783 1943 1089 1998 secundum
1109 1941 1261 2012 leges
1281 1940 1643 2011 castigantur,
1662 1938 1757 1994 sed
1777 1938 1870 2008 qui
1892 1935 2111 2008 tyranni

531 2040 933 2093 immanitatem
975 2051 1100 2091 cum
1151 2033 1334 2104 specie
1375 2034 1615 2103 quadam
1665 2032 1923 2086 amicitiae
1953 2043 2109 2083 cem-

530 2132 824 2186 miscentes
862 2129 929 2183 ad
970 2129 1270 2199 perjurium
1309 2135 1365 2181 et
1416 2124 1619 2181 caadem
1668 2139 1861 2178 eorum
1910 2119 2110 2177 intenti

531 2231 687 2283 sunt.
751 2236 890 2290 quos
947 2219 1177 2289 diligere
1232 2218 1376 2272 velle
1428 2217 1712 2286 jurarunt.
1761 2213 1899 2267 Illud
1963 2212 2110 2265 enim

528 2313 676 2384 quod
713 2313 945 2382 impune
981 2310 1124 2364 velle
1158 2323 1455 2377 possumus
1480 2347 1496 2373 ,
1523 2318 1710 2361 contra
1741 2306 1975 2359 alterum
2013 2316 2115 2356 nos

533 2406 733 2460 noxios
812 2402 1011 2457 reddit.
1080 2400 1298 2457 Utinam
1367 2409 1619 2454 mortuus
1675 2410 1856 2451 essem
1904 2403 1961 2447 et
2018 2407 2116 2447 vos

532 2491 859 2561 sanguinem
892 2505 1074 2544 meum
1107 2504 1206 2558 pro
1234 2487 1414 2541 salute
1450 2495 1630 2540 vestra
1675 2481 1886 2553 operati
1919 2480 2118 2536 essetis

534 2594 589 2639 et
626 2592 687 2638 ut
738 2581 983 2653 pulveris
1030 2579 1432 2651 aliquantulum
1482 2577 1586 2632 hoc
1631 2576 1893 2630 miserum
1931 2587 2114 2628 meum

536 2690 741 2745 corpus
784 2674 1120 2743 operuisset,
1158 2672 1481 2742 priusquam
1536 2668 1622 2723 his
1655 2667 1820 2722 tantis
1855 2665 2119 2737 periculis

536 2766 982 2823 obruerenNam
1006 2764 1338 2818 occumbere
1370 2759 1538 2817 semel
1565 2769 1797 2814 mortem
1830 2757 2119 2828 ingloriam

540 2859 713 2912 multo
746 2856 1114 2926 praestabilius
1140 2865 1225 2908 est
1256 2868 1419 2923 quam
1459 2851 1609 2921 regni
1645 2849 1859 2904 futilem
1894 2864 2120 2904 conser-

535 2964 667 3005 vare
700 2949 955 3017 gloriam.
1004 2947 1145 3002 Huic
1194 2945 1343 3000 cnim
1388 2944 1563 2998 multa
1600 2958 1665 2997 ac
1719 2943 1870 2996 varia
1919 2942 2122 2996 adsunt

537 3039 782 3107 pericula
822 3037 973 3091 mille
1002 3035 1202 3089 mortis
1236 3034 1542 3088 terroribus
1569 3033 1772 3087 referta
1804 3048 1924 3101 qua:
1954 3041 2119 3086 noctu

536 3128 740 3196 diuque
776 3143 876 3182 nos
906 3127 1354 3181 circumcursant
1385 3134 1442 3179 et
1490 3122 1832 3178 antecedunt
1859 3131 1917 3177 et
1947 3122 2123 3176 unda-

541 3230 665 3269 rum
698 3216 1053 3269 astuantium
1083 3215 1254 3269 instar
1273 3228 1373 3269 nos
1398 3212 1792 3282 comprimunt.
1825 3212 1962 3266 Illud
1991 3229 2124 3269 vero

539 3307 749 3361 nostris
770 3306 838 3361 de
869 3306 1031 3377 158
1063 3306 1295 3377 ingloria
1325 3306 1453 3362 vitae
1481 3305 1804 3361 conditione
1836 3304 2123 3362 doloribus

539 3399 708 3456 finem
739 3400 891 3456 facit.
926 3400 1104 3455 Etiam
1138 3415 1291 3455 nunc
1340 3400 1386 3456 si
1422 3414 1615 3456 revera
1646 3401 1858 3471 precari
1908 3414 2124 3470 possem

542 3501 688 3550 terra
713 3507 800 3547 me
831 3494 1125 3547 devoraret
1153 3491 1367 3547 mallem
1414 3507 1578 3561 quam
1606 3508 1636 3547 a
1669 3502 1720 3547 te
1742 3493 1861 3564 cogi
1898 3501 1956 3546 ut
1979 3507 2128 3548 nunc

545 3593 798 3640 tortunas
845 3600 994 3639 meas
1041 3599 1335 3654 exponam.
1407 3585 1539 3641 Haec
1570 3586 1718 3640 enim
1767 3586 2041 3655 permistm
2073 3596 2129 3643 et

546 3678 772 3732 imbutae
799 3688 929 3733 sunt
962 3679 1140 3733 soceri
1168 3680 1277 3733 mei
1308 3677 1531 3749 ﬂagitiis
1564 3678 1637 3732 ita
1670 3686 1730 3732 ut
1762 3679 1947 3733 omnia
1970 3695 2130 3733 enar-

552 3786 677 3825 rare
715 3770 852 3825 milii
893 3786 1002 3824 non
1037 3771 1220 3827 liceat.
1245 3771 1457 3827 Vereor
1490 3770 1657 3826 etiam
1701 3786 1768 3826 ne
1800 3770 2129 3825 enarrandis

545 3862 618 3917 iis
663 3876 856 3917 socero
902 3860 1095 3917 videar
1146 3860 1362 3932 prolixe
1408 3859 1596 3916 facere
1653 3861 1942 3918 invidiam.
1991 3861 2128 3917 Nam

546 3965 655 4003 non
703 3950 883 4004 silum
935 3949 1205 4005 Romanis
1254 3957 1446 4003 notum
1492 3956 1603 4014 est,
1636 3947 1730 4003 sed
1770 3950 1958 4018 plures
2010 3947 2131 4002 alia:

545 4056 768 4110 quoque
793 4051 983 4111 gentes
1015 4040 1297 4094 admiratae
1327 4048 1459 4093 sunt
1488 4041 1554 4093 ad
1584 4048 1851 4108 quantum
1882 4047 2130 4106 potesta-

547 4132 619 4185 tis
664 4131 946 4200 fastigium
996 4130 1418 4185 Cantacuzenus
1466 4144 1497 4183 a
1536 4128 1701 4184 beato
1733 4129 1827 4185 illo
1867 4143 1995 4199 rege
2033 4128 2129 4197 qui

551 4236 638 4274 me
685 4221 949 4274 miserum
994 4219 1330 4289 procreavit,
1368 4218 1672 4290 productus
1714 4220 1808 4276 sit.
1855 4217 1956 4274 Hic
1981 4220 2130 4273 enim

554 4310 779 4364 nomine
811 4320 1022 4365 tantum
1062 4325 1156 4385 re;
1188 4320 1328 4377 erat,
1366 4320 1559 4366 contra
1588 4310 1680 4366 ille
1714 4326 1905 4367 revera
1939 4320 2130 4381 potes-

554 4413 668 4457 tate
704 4402 963 4457 universa
989 4417 1096 4457 una
1129 4418 1254 4458 cum
1285 4412 1464 4458 matre
1504 4419 1602 4458 sua
1633 4419 1700 4459 ex
1730 4403 1965 4460 libidine
1996 4418 2131 4458 usus

552 4505 661 4559 est,
689 4502 745 4547 et
768 4508 878 4562 pra:
905 4493 1027 4549 aliis
1054 4494 1325 4575 omnibus
1340 4494 1606 4550 continuo
1627 4494 1851 4549 interim
1879 4493 1945 4549 ad
1974 4493 2127 4563 regni

547 4676 740 4731 vertit.
778 4676 983 4731 Deinde
1029 4691 1155 4731 cum
1189 4686 1350 4746 pater
1375 4677 1490 4731 vita
1519 4678 1874 4743 excessisset,
1924 4690 2125 4746 meque

553 4767 818 4822 infantem
852 4769 1042 4823 matris
1073 4784 1220 4825 cura:
1247 4769 1838 4839 reliquisset,quantas
1871 4769 1960 4823 ille
1991 4768 2126 4823 mihi

551 4868 609 4914 et
643 4859 851 4914 infelici
884 4861 1044 4915 matri
1097 4875 1233 4915 mea:
1280 4862 1536 4916 miserias
1569 4863 1933 4917 commoverit
1962 4877 2127 4918 nemo

553 4958 639 5005 est
662 4952 756 5021 qui
792 4951 1028 5023 ignoret.
1060 4952 1119 5007 Id
1144 4957 1291 5007 enim
1325 4955 1541 5008 studuit
1574 4965 1635 5008 ut
1661 4954 1717 5008 in
1748 4954 1997 5024 quinque
2038 4969 2129 5009 re-

552 5059 679 5114 gum
711 5046 914 5101 seriem
945 5056 1001 5101 et
1045 5050 1453 5103 successionem
1480 5048 1797 5117 obreperet.
1829 5049 1987 5114 Quod
2026 5065 2128 5103 an-

553 5144 775 5204 tequam
812 5138 1018 5193 factum
1051 5145 1137 5193 est.
1166 5154 1330 5194 nemo
1359 5154 1493 5193 sane
1540 5141 1858 5211 suspicatus
1894 5152 1996 5195 cst.
2030 5143 2126 5196 Ille

551 5228 717 5295 igitur
746 5230 923 5298 patris
973 5245 1091 5284 mea
1126 5231 1409 5285 voluntate
1444 5234 1690 5302 neglecta
1742 5249 1907 5302 quam
1954 5235 2127 5289 multo

547 5335 616 5373 cx
653 5329 897 5390 tempore
923 5323 1110 5375 animo
1148 5323 1255 5378 sibi
1290 5322 1520 5378 finxerat
1553 5334 1878 5393 potestatem
1904 5329 2130 5383 affecta-

553 5413 649 5476 vit,
677 5422 732 5465 et
789 5425 1034 5481 tempore
1089 5414 1360 5483 illaquod
1420 5427 1581 5469 antea
1641 5419 2128 5476 vehementissime

547 5504 910 5568 desideraret,
950 5506 1057 5560 sibi
1115 5509 1589 5576 opportunissimo
1634 5510 1795 5582 159
1839 5528 1971 5567 usus
2021 5523 2126 5569 cst.

547 5592 659 5660 Ego
689 5609 822 5650 vero
860 5595 978 5650 haec
1007 5611 1132 5650 cum
1164 5598 1296 5651 olim
1350 5613 1381 5653 a
1411 5601 1546 5655 viris
1595 5610 1787 5672 peri-tis
1821 5606 2124 5675 audissem,

546 5686 883 5751 persuadere
912 5688 1048 5741 mihi
1087 5704 1197 5744 non
1230 5691 1409 5761 potui.
1439 5692 1613 5750 Hodie
1641 5708 1824 5753 autem
1853 5713 1977 5753 cum
2011 5715 2132 5753 tuu-

548 5774 811 5833 tationum
845 5778 1059 5834 illarum
1103 5796 1298 5841 causas
1326 5784 1384 5840 in
1414 5785 1592 5842 lucem
1626 5789 1853 5858 prodire
1886 5792 2127 5863 videam,

2214 1935 2340 2000 τοὺς
2371 1939 2664 2007 φρικώδεις
2694 1940 2939 2002 ἐκείνους
2976 1941 3178 2009 ὅρκους
3213 1939 3402 1993 πατῶν
3424 1956 3438 1971 ·
3469 1938 3586 1993 ἀλλ’
3615 1941 3644 1993 ὁ
3681 1958 3795 1992 πει-

2212 2024 2319 2093 τὴρ
2342 2023 2475 2094 ἐμοῦ
2507 2025 2724 2096 καὶτῆς
2746 2028 2888 2095 έμῆς
2917 2028 3187 2098 ὑπάρχειν
3216 2028 3537 2099 προμηθεὺς
3570 2028 3798 2099 ὀμωμο-

2215 2118 2325 2179 κὼς
2356 2118 2522 2188 ζωῆς.
2555 2120 2619 2171 Τί
2666 2119 2847 2174 τοίνυν
2905 2118 3097 2186 satis,
3135 2121 3233 2192 ζῇν
3269 2121 3557 2192 ἐφιέμενος
3585 2121 3693 2184 ἓως
3731 2123 3798 2175 ἂν

2219 2213 2310 2263 καὶ⁵
2351 2213 2427 2282 τῷ
2459 2213 2732 2281 κρείττονι
2770 2213 3001 2285 συνδοκῇ
3043 2215 3137 2267 καὶ
3167 2215 3521 2284 συγχωρῆται
3552 2213 3631 2283 τῷ
3659 2215 3798 2268 πλά-

2221 2322 2376 2359 σαντι
2401 2322 2416 2371 ;
2453 2306 2527 2360 Ού
2558 2307 2667 2376 γὰρ
2697 2307 2822 2370 τοὺς
2876 2307 3197 2378 ἐφιεμένους
3222 2307 3322 2378 ζῇν
3349 2307 3604 2376 ἀσφαλῶς
3634 2310 3681 2361 οἱ
3711 2309 3795 2361 v6-

2221 2416 2315 2469 μοι
2352 2401 2701 2465 κολάζουσιν,
2728 2399 2842 2454 ἀλλ’
2877 2393 2959 2463 οἷς
3000 2401 3332 2470 τυραννικὴν
3362 2400 3627 2471 ὠμότητα
3661 2407 3797 2472 σχή-

2222 2510 2352 2562 ματι
2381 2491 2563 2561 φιλίας
2587 2491 2920 2562 ἀναμίξασιν
2960 2492 3242 2562 ἐπιορκεῖν
3266 2491 3402 2562 ὁμοῦ
3426 2496 3522 2548 καὶ
3550 2492 3799 2564 φθείρειν

2219 2583 2489 2654 ἐμέλησεν
2522 2583 2614 2647 οὒς
2637 2585 2861 2655 ἀγαπᾷν
2899 2583 3266 2654 ὁμωμὸκεσαν
3290 2600 3306 2615 °
3345 2587 3523 2640 tacetve
3567 2586 3668 2656 μὲν
3690 2589 3799 2656 γὰρ

2220 2677 2505 2732 ἀκώλυτον
2529 2678 2641 2748 ἔχει
2668 2678 2769 2747 τὴν
2807 2677 2906 2747 τῆς
2940 2679 3248 2750 βουλήσεως
3303 2678 3514 2749 ἔφεσιν,
3543 2680 3708 2734 τοῦτο
3756 2680 3802 2734 δ’

2220 2772 2323 2824 οὐκ
2386 2770 2564 2824 ἀθῶον
2624 2770 2725 2842 τὴν
2785 2767 3013 2843 γνώμην
3046 2772 3420 2842 ἐγκλήματος.
3460 2775 3549 2838 Ὠς
3590 2774 3804 2843 ὤφελον

2221 2860 2343 2913 τότε
2366 2877 2429 2929 γε
2467 2861 2742 2930 θνήσκειν,
2771 2863 2867 2915 καῖ⁸
2885 2863 3088 2933 τούμδν
3114 2858 3256 2933 αἷμα
3279 2867 3396 2928 τοῖς
3419 2866 3572 2937 ὑμῶν
3603 2866 3805 2920 inﬁn-

2224 2954 2437 3023 rrpiez;
2465 2953 2576 3005 εἴθε
2602 2953 2789 3007 ἐθύετο
2822 2955 2982 3020 τέως,
3028 2956 3126 3008 καὶ
3166 2954 3396 3027 βραχεῖα
3421 2957 3573 3020 κόνις
3599 2958 3806 3028 τούμὸν

2226 3044 2532 3100 ἐκάλυπτεν
2555 3044 2739 3099 ἄθλιον
2770 3046 2952 3115 σῶμα,
2981 3047 3110 3115 πρὶν
3135 3050 3206 3112 ὲς.
3220 3047 3472 3113 τοιαύτας
3502 3049 3805 3118 τεταμιεῦ.

2226 3132 2351 3187 σθαι
2368 3132 2534 3204 τύχας
2555 3149 2569 3164 ·
2606 3133 2700 3186 τοῦ
2728 3133 2836 3203 γὰρ
2859 3134 3011 3200 ἅπαξ
3040 3136 3225 3190 θανεῖν.
3245 3128 3457 3200 ἀκλεῶς
3482 3137 3545 3192 τὸ
3568 3139 3805 3208 φυλάξαι

2226 3223 2509 3293 βασιλείας
2552 3225 2937 3295 ἀταλαίπωρον
2980 3226 3141 3291 δόξαν
3180 3229 3362 3303 πολλῷ
3395 3232 3803 3302 χαλεπώτερον

2224 3312 2385 3366 τοῦτο
2417 3313 2517 3381 μὲν
2547 3314 2657 3383 γάρ
2700 3314 3030 3388 πολύτροποι
3062 3318 3319 3388 βόσκουσι
3368 3323 3604 3377 κίνδυνοι
3633 3324 3809 3379 θανά-

2224 3421 2336 3459 των
2363 3407 2575 3476 μυρίων
2600 3411 2813 3478 μεστοὶ,
2849 3412 3068 3483 νύκτωρ
3100 3416 3196 3468 καὶ
3227 3412 3348 3483 μεθ’
3379 3415 3591 3485 ἡμέραν
3639 3436 3808 3494 περι·-

2226 3502 2509 3571 τρέχοντές
2534 3519 2593 3554 τε
2628 3503 2722 3556 καὶ
2749 3505 3139 3573 προνιδεύοντες
3165 3508 3258 3560 καὶ
3290 3509 3448 3579 δίκην
3476 3511 3699 3581 ἀγρίων⁵
3717 3530 3814 3567 κυ-

2230 3593 2418 3658 μάτων
2452 3596 2538 3647 ἀεὶ
2568 3596 2999 3665 συμπνίγοντες,
3047 3601 3224 3651 ἐκεῖνο
3263 3601 3311 3652 δ’
3342 3602 3647 3672 ἀνάλγητον
3697 3606 3810 3674 ἔχει

2227 3684 2289 3736 τὸ
2328 3686 2522 3750 ἀκλεὲς
2555 3687 2690 3757 πρὸς
2724 3688 2941 3744 ἅπαντα
2983 3691 3098 3761 βίον
3150 3694 3539 3767 ἀναισθητοῦν.
3584 3699 3676 3757 Ὠς
3717 3700 3811 3751 νῦν

2228 3792 2292 3844 γε
2327 3781 2422 3831 καὶ
2452 3779 2506 3832 εί
2540 3796 2632 3848 μοι
2658 3780 3045 3854 τελεσιουργὸν
3073 3787 3175 3853 τὴν
3224 3788 3389 3857 εὐχὴν
3435 3790 3664 3859 ήλπιζον
3697 3794 3815 3845 Eas-

2232 3871 2378 3937 σθαι,
2401 3873 2576 3942 ἦδιστ“
2612 3874 2680 3956 ἂν
2701 3875 2956 3947 ηὐξάμην
2984 3882 3171 3947 χανεῖν
3206 3897 3299 3949 μοι
3326 3882 3425 3937 τὴν
3471 3885 3573 3954 γῆν
3603 3886 3812 3952 μᾶλλον

2229 3966 2263 4036 ἢ
2292 3966 2387 4028 τὰς
2424 3968 2562 4036 ἐμὰς
2614 3968 3021 4033 ἀναγκάζεσθαι
3083 3972 3179 4024 νῦν
3224 3973 3320 4026 ἐπὶ
3374 3973 3466 4029 σοῦ
3516 3980 3812 4049 συμφορὰς

2229 4061 2563 4130 ἀφηγεῖσθαι
2583 4076 2598 4092 ο
2642 4062 3023 4132 ἀναμέμικται
3050 4064 3157 4136 γὰρ
3210 4068 3369 4121 ταυτί
3399 4086 3518 4132 πως
3548 4073 3642 4125 καὶ
3666 4090 3814 4142 συμ-

2232 4152 2510 4223 πέ·,ςυρτ;ιι
2568 4157 2685 4217 τοῖς
2741 4154 3058 4227 ἐγκλήμασι
3098 4159 3193 4212 τοῦ
3242 4161 3364 4231 ’μού
3416 4164 3710 4233 πενθεροῦ,
3739 4168 3816 4232 ὡς

2231 4245 2524 4315 ἀνέφικτον
2579 4241 2720 4301 εἶναι
2760 4248 2990 4303 διελόντ’
3037 4252 3394 4321 ἀφηγεῖσθαι,
3455 4259 3550 4309 καὶ
3581 4259 3698 4321 δέος
3737 4260 3810 4330 μὴ

2232 4335 2384 4405 αύτῷ
2448 4336 2800 4406 προστρίΰειν
2859 4339 2999 4404 δόξω
3045 4341 3165 4419 τὸν.
3195 4342 3399 4397 δνειδον
3451 4347 3808 4418 ἐξεπίτηδες·

2233 4423 2371 4481 εἶναι
2395 4429 2504 4497 γὰρ
2521 4431 2866 4500 ἐγνωσμένον
2891 4434 2966 4502 μὴ
2996 4433 3080 4486 ὅτι
3110 4435 3405 4504 Ῥωμαίοις
3427 4439 3654 4504 ἅπασιν,
3677 4444 3815 4497 ἀλλὰ

782 4521 878 4561 ³⁸⁸⁵
905 4521 1027 4549 ³¹¹¹⁵
1054 4521 1606 4575 υ¹¹¹³¹¹”“³,⁰υ¹¹¹’¹¹¹“υ
1627 4521 1851 4549 ¹¹¹ιτ²¹¹¹¹³
1879 4521 1945 4549 ὐ
1974 4521 2127 4563 “’5'”
2161 4533 2206 4591 ο
2232 4521 2327 4574 καὶ
2371 4523 2479 4575 τῶν
2509 4524 2680 4578 ἐθνῶν
2713 4524 2782 4578 τὰ
2849 4526 3022 4580 πλείω
3074 4528 3219 4600 λόγῳ
3252 4531 3492 4601 μεγάλου
3544 4539 3813 4604 παρεῖχον

549 4584 964 4639 successionem
1001 4592 1058 4639 et
1104 4584 1172 4638 ad
1214 4599 1392 4640 meam
1445 4585 1823 4640 conditionem
1877 4585 2161 4637 animum'

2233 4612 2530 4684 θαύματος,
2560 4616 2796 4685 δρῶντες
2831 4621 2917 4681 είς
2942 4613 3056 4672 οἷον
3086 4620 3252 4674 αὐτὸν
3304 4623 3564 4693 ἀνύψωσε
3594 4628 3752 4690 κλέος
3785 4630 3813 4680 ὁ

2234 4705 2546 4776 μακαρίτης
2581 4709 2797 4771 ἐκεῖνος
2840 4707 3117 4778 βασιλεὺς,
3163 4713 3192 4765 ὁ
3223 4711 3315 4765 τὸν
3343 4715 3552 4769 ,ἄθλιον
3589 4720 3692 4786 ἐμὲ
3724 4737 3816 4784 γε·

2229 4797 2533 4866 γεννηκώς.
2564 4799 2818 4870 Τοῦνομα
2851 4801 2952 4871 μὲν
2985 4803 3092 4875 γὰρ
3126 4803 3190 4876 [ι.
3219 4805 3324 4862 154
3352 4807 3409 4879 a]
3456 4810 3665 4875 ἐκεῖνος
3696 4812 3812 4883 εἶχε

2228 4886 2328 4956 τῆς
2376 4887 2677 4955 βασιλείας.
2728 4891 2831 4959 τῆς
2881 4892 2928 4944 δ’
2988 4893 3242 4958 ἐξουσίας
3298 4898 3605 4969 συλλήϐδην
3653 4903 3812 4959 οὗτος

2231 4976 2451 5046 ἀπάσης
2495 4979 2675 5030 εἰπεῖν
2707 4981 2847 5047 μετά
2879 4996 2942 5048 γε
2981 4984 3081 5052 τῆς
3117 4983 3290 5037 αὐτοῦ
3346 4991 3668 5056 κατετρύφα
3702 5007 3811 5058 μη-

2230 5066 2382 5136 τρόςμ
2446 5069 2553 5122 Καὶ
2598 5064 2667 5140 ἦν
2698 5070 2791 5123 ἐπὶ
2818 5072 3028 5137 τούτοις
3077 5075 3272 5145 ἐκείνῳ
3305 5077 3361 5129 τὸ
3387 5081 3811 5149 σκοπιμώτατον

2232 5159 2479 5230 φυλακῆς
2536 5162 2699 5216 ἕνεκα
2734 5165 2835 5235 τῆς
2869 5166 2951 5228 είς
2997 5167 3098 5238 τὴν
3125 5168 3407 5238 βασιλείαν
3432 5172 3683 5243 διαδοχῆς
3715 5180 3811 5227 καὶ

2229 5251 2493 5320 διαμονῆς
2518 5253 2617 5319 τῆς
2643 5255 2805 5324 ὲμῆς.
2870 5256 3011 5311 Ἀλλ’
3056 5261 3180 5313 ἐπεὶ
3226 5264 3293 5332 τῇ
3346 5263 3510 5331 φύσει
3542 5265 3603 5316 τὸ
3632 5266 3813 5335 χρεὼν

2231 5344 2455 5408 ἐκτίσας
2483 5347 2670 5417 ἀπῄει,
2704 5348 2903 5417 βρέφος
2958 5351 3063 5420 ἐμὲ
3111 5355 3231 5416 ταῖς
3278 5356 3439 5424 χερσὶ
3467 5359 3567 5424 τῆς
3602 5358 3811 5427 μητρὶς

2232 5434 2522 5500 λελοιπὼς,
2552 5438 2732 5491 ῐσασιν
2759 5439 3000 5504 ἅπαντες
3047 5445 3179 5509 ὅσας
3209 5463 3271 5499 τε
3311 5449 3475 5511 αὐτὸς
3512 5450 3639 5517 ἐμοὶ
3670 5450 3811 5518 μετά

2232 5526 2333 5593 τῆς
2366 5528 2631 5598 ταλαίνης
2659 5533 2867 5603 μητρὸς
2907 5536 3179 5604 ἐπήνεγκε
3230 5541 3521 5612 συμφορὰς
3556 5547 3651 5594 καὶ
3677 5545 3811 5604 ὅσας

2233 5614 2391 5680 αὖθις
2417 5619 2580 5681 αὐτὸς
2636 5623 2757 5675 κατ’
2786 5625 2949 5677 αὑτὸν
2998 5628 3311 5695 ἐπεπόνθει,
3341 5633 3503 5685 πέντε
3538 5634 3809 5702 βασιλέων

2236 5711 2429 5778 σειρὰν
2470 5709 2566 5762 καὶ
2595 5710 2848 5782 διαδοχὴν
2878 5717 2958 5779 εἰς
2984 5717 3179 5773 ἑαυτὸν
3213 5726 3553 5791 μεταστῆσαι
3606 5723 3810 5795 πειρώ-

2236 5817 2415 5870 μενος,
2442 5804 2674 5870 πρᾶγμα
2704 5809 2835 5877 πρὶν
2865 5810 3118 5875 γενέσθαι
3149 5816 3272 5884 μηδ’
3304 5817 3581 5870 ἐλπισθὲν.
3614 5815 3807 5869 Ἐκλα-
