4088 6464
564 426 678 499 ἶ3θ
1510 458 1530 491 ι

1788 428 2205 492 NlCEPllORl
2243 427 2443 487 ΟΒΕο
2455 428 2625 487 om:

3738 430 3837 499 140

574 548 880 617 mitigando
942 544 1192 601 inuitaret
1280 546 1767 601 vehementissime
1849 542 2142 613 increpuit.

2261 542 2380 594 σίαν
2428 539 2667 593 ἐνταῦθά
2728 558 2843 602 πως
2893 540 3223 607 ἐφιλονείκει
3280 543 3596 613 μιμεῖσθαι.
3650 548 3835 617 τῦτῇς

572 642 709 697 Nam
741 651 1051 709 turpe'esse
1076 638 1214 692 dixit
1239 638 1283 693 si
1327 638 1443 706 ipse
1478 638 1570 706 qui
1605 640 1872 691 continuo
1902 647 1981 693 tot
2013 637 2151 690 eivi-
2200 640 2207 643 “

573 735 676 787 bus
702 731 904 787 eaedem
941 738 1161 800 pararet
1204 727 1439 782 Hecubae
1483 738 1536 781 et
1572 729 1857 795 Polyxena:
1884 727 2152 798 lacrymas

526 828 529 833 ’
571 823 858 879 eﬂundere
892 822 1191 877 videretur.
1224 819 1379 886 Quod
1406 831 1714 874 monstrum
1747 820 1930 873 infelix
1967 835 2153 889 mega-

570 916 771 987 lopolis
804 914 934 967 urbs
972 911 1076 966 sibi
1104 910 1387 975 educavit,
1421 924 1597 978 neque
1644 909 1904 979 ignorans
1936 907 2149 976 pridem

571 1016 873 1069 cantatum,
906 1004 1148 1059 ultimam
1180 1001 1395 1056 ruinam
1419 1009 1474 1055 et
1503 1002 1674 1069 ipsius
1704 1008 1758 1053 et
1784 1000 2002 1070 pietatis
2030 1015 2153 1055 esse

532 1161 536 1163 Α
572 1102 694 1169 ejus
720 1115 758 1150 κ
787 1097 1025 1150 litteram
1057 1095 1411 1163 duplicatum.
1452 1093 1634 1158 Quare
1677 1094 1721 1147 si
1749 1094 1874 1161 quis
1914 1102 2150 1146 matrem

485 1223 490 1229 -
573 1206 750 1244 meam
799 1203 921 1258 quae
954 1189 1059 1241 hoc
1094 1194 1339 1257 tempore
1374 1184 1575 1239 similia
1610 1194 1951 1254 perpetraret
1990 1201 2153 1238 accu~

572 1297 697 1336 sare
730 1280 883 1344 velit,
902 1293 1013 1333 non
1040 1277 1304 1341 huic,sed
1339 1276 1415 1330 illi
1448 1276 1666 1345 culpam
1698 1266 1960 1330 att'ribuat
1991 1290 2155 1360 Opor-

573 1373 733 1426 tebit.
765 1371 867 1427 Hic
892 1370 1041 1424 enim
1076 1370 1404 1441 iniuriarum
1443 1369 1680 1437 cupidus
1703 1368 1850 1437 leges
1887 1367 2149 1432 violavit;

572 1466 664 1520 illa
688 1479 821 1518 vero
847 1471 1041 1519 contra
1069 1478 1196 1517 eum
1228 1478 1287 1515 se
1306 1460 1553 1515 defendit
1583 1469 1644 1514 ut
1677 1452 1969 1514 infantium
1997 1468 2153 1529 patre

567 1560 835 1614 orborum
862 1558 1026 1610 vitam
1054 1566 1388 1627 protegeret,
1412 1552 1880 1623 quemadmodum
1898 1551 2153 1606 columba

572 1652 755 1719 pullos
796 1649 1040 1704 custodit
1078 1659 1267 1712 noctu,
1303 1661 1414 1715 quo
1444 1655 1694 1714 tempore
1744 1660 1874 1699 aves
1926 1656 2153 1711 rapaces

572 1743 875 1809 prtedatum
907 1741 1195 1795 evolitant.
1223 1737 1431 1804 Quodsi
1463 1738 1555 1807 qui
1591 1738 1658 1791 de
1689 1734 1959 1807 ejusmodi
1986 1734 2152 1787 rebus

572 1834 1024 1903 rectius-queunt
1043 1831 1315 1902 judicare,
1336 1826 1493 1897 sequi
1510 1839 1729 1895 aequum
1758 1836 1864 1890 est,
1890 1823 2147 1895 equidem

2258 634 2506 703 καρδίας,
2535 634 2610 695 ὡς
2645 634 2811 694 ἔοικε,
2858 633 3127 701 θηριῶδες
3160 636 3346 688 ἀσκῶν
3387 638 3479 689 καὶ
3520 639 3833 706 γυμνάζων,

2259 725 2333 794 μὴ
2364 725 2502 796 λάθῃ
2534 726 2632 794 τὴν
2656 724 2768 789 ἐξιν
2794 726 2888 793 ὀψὲ
2930 727 3253 797 διαφθεῖραν
3286 729 3383 798 τῆς
3416 732 3651 797 φύσεως.
3674 735 3834 787 Τοῦτ’

2255 819 2431 870 ἐκεῖνο
2468 819 2677 887 σχεδὸν,
2718 820 2859 873 ὀκνῶ
2890 820 3000 889 γάρ
3058 821 3271 874 ἐκείνου
3331 821 3535 891 λέγειν,
3573 826 3765 877 ἐπέκει
3802 846 3834 878 α

2253 910 2347 963 τοῦ
2380 910 2488 962 τῶν
2517 911 2764 982 Φεραίων
2796 912 2964 966 πάλαι
2988 915 3278 983 τυράννου,
3300 914 3359 977 ὃς
3380 916 3657 986 τραγῳδοῦ
3687 935 3836 979 τινος

2255 998 2508 1072 ἐμμελῶς
2548 1004 2635 1055 ἐπ’
2686 1002 2851 1056 αὐτοῦ
2916 1002 3171 1072 Τρωϊκάς
3227 1005 3514 1077 συμφοράς
3562 1008 3831 1071 ἐπιόντος»

2254 1094 2444 1166 ἐπειδὴ
2475 1095 2609 1165 πρὸς
2645 1096 2704 1147 τὸ
2740 1095 2910 1157 πάθος
2960 1095 3158 1165 ⁴ξξσθετο
3192 1099 3560 1167 χαυνούμενος
3594 1098 3693 1168 τὴν
3724 1098 3832 1168 ψυ-

2255 1189 2355 1259 χὴν
2382 1188 2638 1259 καθάπερ
2663 1186 2826 1257 ἐλαίῳ
2852 1186 3093 1258 σίδηρος,
3129 1187 3373 1258 ἀνεπήδη
3386 1191 3439 1241 σέ
3467 1206 3526 1242 τε
3554 1190 3714 1252 εὐθὺς
3739 1193 3833 1243 καὶ

2255 1280 2346 1331 τὸν
2404 1279 2677 1349 τραγῳδὸν
2737 1278 2945 1350 ἰταμῶς
2984 1279 3328 1350 ἐλοιδόρησεν
3381 1283 3462 1335 ὃτι
3494 1283 3561 1352 δὴ
3587 1283 3686 1353 τὴν
3718 1282 3834 1350 ἕξιν

2255 1370 2418 1423 αὐτοῦ
2446 1370 2543 1439 τῆς
2566 1368 2744 1438 ψυχῆς
2793 1367 3069 1437 ἐμάλαξεν
3114 1369 3366 1423 ὁπωσοῦν
3423 1369 3701 1439 μεταθεὶς,
3742 1373 3828 1422 αἱ-

2256 1460 2419 1531 σχρδν
2451 1456 2591 1514 εἷναι
2620 1462 2798 1529 φήσας
2820 1462 2867 1513 εἰ
2895 1459 3188 1524 τοσούτους
3212 1462 3579 1531 ἀποσφάττων
3616 1463 3709 1516 ἀεὶ
3736 1481 3835 1514 πε-

2252 1551 2425 1615 λίτας,
2477 1554 2589 1611 τοῖς
2639 1551 2740 1620 τῆς
2787 1551 3025 1621 Ἑκάϐης
3086 1554 3181 1605 καὶ
3217 1551 3522 1623 Πολυξένης
3577 1553 3836 1625 δακρύων

2256 1644 2479 1714 θρήνοις
2522 1642 2737 1712 ὀφθείη.
2769 1644 3025 1700 Τοιοῦτον
3074 1647 3109 1716 ἡ
3139 1646 3411 1715 δυστυχὴς
3467 1646 3836 1716 μεγαλόπολις

2255 1732 2377 1786 καθ’
2409 1734 2608 1803 ἑαυτῆς
2665 1730 2956 1804 ἐξέθρεψεν
2987 1735 3298 1805 ἄνθρωπον,
3334 1736 3432 1788 καὶ
3474 1735 3628 1789 ταῦτ’
3658 1737 3835 1789 εἰδυῖα

2254 1825 2538 1896 πόρρωθεν
2575 1823 2834 1896 ᾀδόμενον
2861 1825 3099 1896 ἐσχάτην
3135 1826 3416 1881 ἀπώλειαν
3451 1825 3623 1896 αὐτῆς
3648 1827 3694 1879 0'
3716 1829 3835 1896 ἃμα

568 1924 693 1978 haec
729 1891 845 1993 ipsa
893 1891 1064 1977 Deum
1116 1929 1177 1974 ut
1225 1919 1479 1974 miserias
1525 1917 1576 1972 ei
1623 1917 1866 1971 mitteret
1911 1914 2142 1968 movisse

2254 1919 2347 1970 καὶ
2381 1917 2661 1979 εὐσεϐείας
2716 1919 2982 1988 ὑπάρχειν
3031 1920 3200 1990 αὐτῆς
3247 1919 3307 1971 τὸ
3356 1938 3391 1973 κ
3448 1922 3716 1991 στοιχεῖον
3760 1919 3838 1973 δι-

572 2016 735 2071 facile
777 2014 1126 2077 contendam,
1161 2026 1352 2082 ptenas
1376 2009 1504 2065 dico
1535 2017 1766 2079 propter
1798 2006 1941 2076 regis
1964 2002 2142 2061 libidi-

2256 2004 2562 2073 τελούμενον
2580 2023 2593 2037 ·
2629 2005 2770 2059 ὥστε
2796 2008 2891 2060 καὶ
2927 2007 2982 2060 ei
3005 2025 3087 2071 τις
3119 2008 3540 2079 παρασυρεῖσαν
3565 2014 3667 2081 τὴν
3690 2012 3833 2081 ἐμὴν

573 2122 726 2172 nem,
752 2120 878 2160 cum
925 2105 1073 2159 Deus
1093 2117 1166 2158 ne
1198 2102 1485 2175 minimam
1512 2096 1735 2169 quidem
1779 2097 2049 2153 maculam
2081 2091 2142 2153 iis

2252 2099 2506 2168 ἐγκαλεῖν
2530 2097 2641 2169 ἔχοι
2670 2099 2887 2170 μητέρα
2913 2101 3260 2171 παραπλήσι’
3289 2088 3429 2155 ἄττα
3480 2106 3833 2173 πεπραχυῖαν

562 2212 711 2267 quos
744 2196 851 2252 sibi
881 2193 1047 2266 elegit
1090 2195 1243 2265 infigi
1281 2194 1545 2264 patiatur.

2249 2190 2329 2261 τῷ
2365 2190 2669 2261 τηνικαῦτα
2705 2191 2907 2263 καιρῷ,
2934 2193 3294 2263 οὐκέκείνην,
3321 2193 3436 2247 ἀλλ’
3466 2194 3631 2249 αὐτὸν
3654 2194 3837 2248 αἱτιᾶ-

568 2292 698 2347 σθαι
728 2289 938 2360 χρεών·
968 2289 997 2342 ὁ
1030 2289 1129 2358 μὲν
1155 2290 1266 2358 γὰρ
1329 2290 1398 2342 τὰ
1460 2288 1717 2358 ἀλλότρια
1786 2283 1966 2357 ζητῶν
2008 2285 2340 2358 παρηνὸμει,
2375 2288 2409 2358 ἠ
2446 2287 2491 2341 δ’
2526 2282 2766 2357 ἠμύνετο
2804 2289 3054 2353 ἐπιόντα,
3086 2290 3276 2359 τηρεῖν
3322 2291 3665 2361 ἐπειγομένη
3713 2292 3831 2356 τοῖς

562 2385 828 2455 ’ὀρφανοῖς
884 2384 1100 2445 τέκνοις
1156 2382 1218 2435 τὸ
1274 2384 1395 2453 ζῇν,
1455 2380 1707 2451 καθάπερ
1742 2377 1963 2453 τρυγὼν
2012 2381 2143 2443 τοὺς
2185 2381 2391 2452 ἑαυτῆς
2456 2383 2945 2451 νυκτοφυλακοῦσα
3006 2383 3182 2437 διέπει
3210 2387 3466 2451 νεοττοὺς
3508 2385 3831 2456 ἀλλοφύλων

572 2476 838 2528 ἐπιόντων
865 2475 1069 2544 ὀρνέων
1131 2472 1347 2535 νυκτός.
1417 2473 1478 2526 Ei
1543 2472 1599 2525 δέ
1628 2472 1724 2524 καὶ
1762 2465 1843 2534 οἷς
1888 2471 2119 2540 περὶτὰ
2145 2471 2368 2525 τοιαῦτα
2406 2470 2778 2544 συνετώτερον
2807 2471 2990 2526 ἔπεισι
3038 2465 3248 2546 κρίνειν
3282 2476 3572 2530 πείθεσθαι
3615 2477 3829 2536 δίκαιον

546 2567 637 2640 ’μζ
664 2566 768 2622 155
792 2566 849 2638 α]
900 2568 1008 2639 εἴη,
1040 2568 1198 2622 ταῦτ’
1231 2566 1371 2621 εἶναι
1398 2567 1780 2637 διατειναίμην
1840 2564 2007 2631 ἔγωγ’
2067 2564 2134 2618 ἂν
2174 2564 2210 2618 ἃ
2244 2564 2335 2618 τὸν
2362 2566 2494 2618 Θεὸν
2524 2567 2603 2629 εἰς
2629 2565 2877 2633 ἀνάγκας
2899 2569 3222 2635 ἐπενεγκεῖν
3248 2570 3371 2625 κατ’
3396 2572 3567 2643 αὐτῆς
3592 2572 3823 2643 ἠρέθισε

567 2660 630 2714 τὸ
663 2662 807 2731 μέγα
832 2659 1002 2724 πάθος
1030 2663 1224 2726 ἐκεῖνο,
1278 2662 1376 2729 τὴν
1407 2660 1505 2730 τῆς
1541 2658 1833 2730 βασιλικῆς
1890 2655 2137 2720 ἐξουσίας
2173 2659 2319 2728 φημὶ
2354 2658 2583 2728 ζημίαν,
2657 2661 2758 2714 οὐκ
2823 2661 3153 2732 ἀνεχομένου
3178 2662 3399 2739 βλέπειν
3420 2665 3532 2721 οὐδ’
3564 2666 3828 2725 ἀκούσιον

572 2756 749 2826 μύσος
781 2758 895 2819 τοῖς
924 2756 1199 2818 ἐκλεκτοῖς
1230 2754 1718 2825 προστριϐόμενον.

644 2850 786 2905 XXI.
808 2850 966 2920 162
991 2848 1098 2904 Sed
1134 2848 1382 2919 profecto
1410 2850 1514 2903 hoc
1540 2863 1706 2903 unum
1728 2848 1901 2918 patris
1926 2848 2030 2902 mei
2053 2847 2147 2900 itu-

560 2943 705 3015 perii
732 2942 1088 3012 tupiditatem
1117 2942 1237 3012 ejus
1263 2956 1369 3010 qua
1394 2941 1505 3013 jam
1532 2941 1704 2995 multo
1737 2950 1865 2996 ante
1895 2935 2145 3012 ﬂagrarat

567 3036 729 3093 nobis
750 3036 887 3090 satis
907 3032 1228 3098 declaravit,
1252 3021 1509 3103 tanquam
1526 3020 1826 3089 “scintillam
1855 3034 1994 3103 ignis
2014 3048 2045 3086 e
2068 3031 2148 3085 ci-

565 3144 699 3183 nere
712 3128 1032 3182 eluceseens
1050 3125 1457 3194 flattttua,vento
1473 3127 1838 3196 undecunque
1851 3125 2144 3179 excitante.

2316 2843 2450 2899 ΚΝ.
2499 2841 2641 2897 Ἀλλ’
2672 2842 2732 2898 ἒν
2784 2843 2884 2914 μὲν
2936 2846 3001 2917 δὴ
3032 2845 3193 2901 τοῦτο
3236 2847 3444 2920 δέδειχε
3505 2854 3696 2922 σαφῶς
3726 2858 3828 2926 τήν

2246 2936 2419 2990 πάλαι
2472 2936 2863 3007 κρυπτομένην
2920 2939 2976 2992 ἐν
3003 2942 3071 3010 τῇ
3100 2940 3292 2994 τούτου
3344 2941 3494 3015 ψυχῇ
3547 2948 3693 3000 κατὰ
3727 2954 3828 3022 τῆς

2247 3030 2607 3096 πατρίουνμοι
2644 3027 2924 3097 βασιλείας
2949 3032 3207 3102 μελέτην,
3245 3035 3501 3107 καθάπερ
3544 3042 3828 3113 σπινθῆρα

2249 3119 2418 3189 πυρὸς
2434 3121 2496 3171 ἐκ
2515 3119 2741 3185 σποδιάς
2757 3122 3128 3193 ἀναλάμψασα
3155 3125 3313 3194 φλὸξ,
3341 3128 3650 3200 πνεύματος
3676 3134 3828 3187 ὁθεν-

566 3220 779 3274 Deindc
808 3232 936 3272 cum
979 3218 1246 3288 Bithynia:
1275 3228 1555 3289 satrapam
1588 3216 1909 3289 Hyrcanum
1950 3217 2142 3271 barba-

2246 3210 2509 3280 δηποτοῦν
2564 3212 2943 3280 ἐρεθίσαντος’
3002 3214 3260 3287 δεύτερον
3319 3219 3401 3283 δὲ,
3464 3222 3654 3295 ἐπειδὴ
3730 3229 3829 3282 καὶ

567 3326 756 3367 rorum
799 3309 996 3365 ducem
1038 3317 1310 3379 quotquot
1340 3325 1510 3380 usque
1542 3309 1608 3362 ad
1649 3324 1798 3363 mare
1834 3309 2018 3362 Asiam
2049 3309 2142 3361 ha-

570 3405 773 3470 bitant,
805 3403 952 3458 haud
986 3402 1180 3472 procul
1213 3401 1343 3458 sede
1373 3403 1519 3473 regia
1565 3403 1638 3455 ita
1672 3411 1731 3455 ut
1772 3401 1946 3456 ferme
1979 3400 2141 3471 quiu-

566 3493 747 3550 tlccim
800 3492 1103 3549 stadiorum
1166 3492 1460 3548 intervallo
1521 3492 1762 3557 abesset,
1808 3491 2140 3546 commorari

567 3583 892 3654 accepisset,
933 3584 1169 3637 barbaro
1212 3583 1341 3637 huic
1384 3582 1549 3637 filiam
1588 3582 1736 3637 misit
1769 3581 1823 3636 et
1865 3582 1922 3635 in
1953 3581 2143 3635 matri-

570 3676 815 3728 monium
855 3672 1038 3737 dedit,
1098 3679 1158 3726 ut
1193 3686 1293 3742 per
1344 3672 1492 3726 hunc
1526 3672 1764 3726 celerius
1812 3681 1868 3727 et
1923 3670 2142 3727 facilius

566 3765 944 3836 exstingueret
997 3762 1344 3819 Christianos
1400 3763 1584 3834 potius
1634 3779 1795 3832 quam
1850 3772 1908 3817 ut
1960 3763 2140 3834 Lydia:

568 3855 725 3910 illum
762 3863 1040 3923 satrapam
1076 3853 1411 3924 longinquas
1438 3860 1616 3908 terras
1643 3862 1699 3908 et
1730 3869 1856 3908 oras
1886 3854 2140 3909 habitan-

568 3956 679 4002 tem
729 3943 1051 4000 debellaret.
1083 3942 1227 4011 Quid
1281 3942 1516 3999 referam
1567 3960 1688 4016 qua:
1729 3946 1939 4002 interea
1982 3946 2142 4002 facta:

564 4039 682 4094 sint
711 4037 1049 4092 calamitates
1089 4046 1146 4091 et
1191 4045 1395 4106 quanta
1425 4037 1672 4105 pericula
1721 4039 1811 4093 ille
1866 4040 2141 4109 paraverit

564 4142 694 4186 cum
728 4128 1091 4183 Barbarorum
1125 4128 1313 4198 copias
1358 4128 1411 4181 in
1446 4128 1722 4184 Romanos
1754 4129 2140 4185 contraheret?

565 4219 685 4286 Qua
729 4233 791 4274 re
834 4217 1062 4274 consiiia
1109 4233 1209 4272 sua
1259 4218 1478 4288 tegebat
1512 4220 1774 4289 continuo
1808 4219 2140 4287 superbiens

563 4318 619 4362 et
652 4310 804 4362 brevi
838 4322 899 4361 se
927 4307 1159 4360 cunctas
1186 4305 1559 4360 Romanorum
1595 4319 1770 4361 terras
1793 4318 2139 4363 vastaturum

564 4402 949 4470 essejaetaust
980 4399 1115 4453 Nam
1157 4414 1215 4453 re
1247 4412 1375 4452 vera
1411 4400 1548 4454 mihi
1578 4398 1808 4454 insidias
1836 4400 2053 4470 paravit
2083 4409 2138 4457 et

563 4494 773 4548 cladem
801 4493 1018 4547 eunetis
1049 4480 1402 4547 Christianis.
1442 4493 1633 4556 Itaque
1682 4507 1807 4547 cum
1847 4492 1941 4548 Dei
1976 4495 2136 4548 auxi-

562 4584 698 4639 lium
736 4599 806 4639 ne
836 4583 1052 4637 minimi
1106 4583 1327 4652 quidem
1379 4583 1610 4639 haberet
1644 4599 1823 4655 neque
1865 4586 1918 4640 in
1962 4587 2133 4642 Deum

2246 4600 2497 4667 στήσεινς
2529 4598 2642 4651 Καὶ
2661 4594 2728 4671 ἦν
2757 4602 2860 4670 μὲν
2890 4594 3140 4673 δ’δρόμος
3170 4606 3316 4670 ἆπας

557 4675 805 4746 judicent
851 4674 1171 4743 respiceret,
1224 4683 1400 4727 totum
1462 4688 1519 4729 se
1566 4674 1719 4728 dedit
1765 4678 1968 4748 impiis.
2012 4679 2137 4735 Ilaec

560 4782 784 4838 quoque
813 4769 946 4821 satis
977 4774 1613 4835 testantucquantopcre
1646 4768 1733 4823 ille
1779 4772 1930 4839 regni
1963 4772 2136 4841 patris

562 4864 670 4915 mei
716 4860 1017 4927 cupiditate
1062 4856 1325 4926 ﬂagrarit,
1359 4874 1522 4928 quam
1557 4870 1614 4913 ut
1663 4858 1838 4917 mulo~
1869 4865 1980 4917 dixi
2022 4868 2136 4934 jam

562 4951 736 5003 multo
767 4962 895 5002 ante
939 4957 1181 5016 ceperat.
1231 4949 1385 5013 Quod
1433 4952 1578 5002 enim
1632 4967 1762 5005 vere
1807 4958 2008 5007 malum
2052 4964 2137 5008 est

559 5053 686 5112 post
731 5050 948 5107 tempus
990 5050 1237 5092 naturain
1274 5056 1425 5094 suam
1459 5041 1617 5113 163
1642 5061 1844 5100 exuere
1876 5064 1982 5100 non
2017 5059 2135 5116 pot-

558 5144 667 5195 εει,
699 5132 796 5185 sed
818 5125 985 5185 etiam
1011 5146 1136 5186 eum
1159 5132 1320 5187 facile
1349 5136 1516 5190 rebus
1541 5149 1807 5206 arguatur
1829 5140 2133 5195 simulatio-

560 5235 688 5276 nem
717 5222 849 5276 boni
878 5221 1089 5292 abjicit.
1122 5222 1284 5278 Redit
1304 5225 1450 5279 enim
1480 5226 1875 5285 altera-natura
1905 5240 1962 5286 et
1984 5232 2132 5300 quod

561 5316 841 5382 proprium
871 5313 1037 5370 habet
1064 5314 1319 5373 facillime
1346 5320 1563 5389 recipit.
1596 5321 1738 5377 Deus
1765 5332 1945 5378 autem
1965 5324 2011 5377 si
2045 5341 2133 5381 res

560 5419 778 5461 nostras
815 5407 867 5461 ei
913 5406 1303 5466 tradiderimus
1342 5410 1661 5467 felicitatem
1708 5416 1868 5470 nobis
1913 5419 2131 5473 occulto

561 5506 842 5565 comparat
891 5498 1056 5568 idque
1100 5511 1262 5572 prout
1312 5504 1428 5556 vult
1481 5504 1760 5558 facillime.
1801 5508 1896 5562 llle
1951 5519 2129 5564 tamen

562 5588 745 5654 impiis
792 5589 885 5659 qui
927 5589 1189 5646 fortunati
1248 5610 1369 5648 esse
1424 5595 1754 5650 videbantur
1800 5599 1853 5651 in
1884 5616 2129 5670 praesens

562 5689 736 5731 totum
758 5695 825 5734 se
861 5685 1206 5738 committere
1256 5687 1445 5739 maluit
1482 5696 1537 5738 et
1576 5691 1839 5744 continuo
1874 5692 2007 5745 mihi
2040 5709 2130 5746 ca-

559 5772 857 5827 lamitatem
886 5792 1095 5849 parare.
1138 5777 1243 5829 Sed
1277 5782 1526 5845 profecto
1567 5780 1883 5836 felicitatem
1931 5796 1983 5838 et
2034 5802 2127 5839 ve-

560 5877 673 5918 ram
707 5867 1040 5933 voluptatoau
1096 5870 1300 5941 nullam
1347 5873 1538 5931 habet.
1600 5874 1701 5926 nisi
1737 5882 1880 5943 quod
1933 5878 2033 5932 hoc
2073 5880 2126 5931 itt

2256 3303 2523 3375 Ὑρκανὸν
2548 3305 2638 3357 τὸν
2675 3306 2771 3374 τῆς
2793 3306 3051 3370 Βιθυνίας
3081 3309 3229 3379 ἐώρα
3294 3313 3581 3387 σατράπην
3615 3316 3829 3390 βαρϐά-

2242 3411 2356 3465 ρων
2381 3396 2661 3462 ἁπάντων,
2689 3396 2879 3449 ὁπόσοι
2912 3400 3012 3467 τὴν
3047 3400 3177 3470 ἄχρι
3204 3400 3483 3473 θαλάττης
3508 3407 3701 3462 Ἀσίαν
3730 3428 3825 3463 κε.

2244 3485 2576 3558 κλήρωνται,
2612 3488 2820 3542 πόλεων
2850 3490 2947 3559 τῆς
2983 3492 3247 3564 μεγίστης
3291 3495 3521 3566 ἔγγιστα
3556 3503 3825 3572 armatiita-

2243 3595 2332 3632 νον
2381 3577 2480 3642 τάς
2537 3578 2846 3650 διατριϐὰς,
2893 3581 2968 3646 ὡς
3002 3586 3400 3644 πεντεκαίδεκά
3451 3605 3557 3656 που
3589 3596 3827 3649 σταδίων

2244 3662 2471 3721 εἶναιτὸ
2509 3669 2745 3739 μεταξὺ,
2786 3672 3012 3742 πέμψας
3048 3676 3147 3745 τὴν
3183 3676 3464 3748 θυγατέρα
3493 3684 3624 3744 τοὶς
3659 3685 3825 3740 ἀλλο.

2243 3760 2448 3828 φύλους
2476 3762 2718 3825 ἐκείνους
2756 3765 3052 3834 μνηστεύει
3079 3766 3295 3836 γάμους
3325 3771 3501 3843 αὐτῷ,
3530 3773 3598 3825 ἶν’
3626 3777 3691 3830 ἐκ
3729 3777 3825 3832 τοῦ

2244 3854 2432 3927 σχεδὸν
2475 3853 2809 3927 τελεώτερον
2852 3857 2914 3910 τὸ
2948 3857 3056 3927 τῶν
3091 3861 3440 3931 Χριστιανῶν
3465 3867 3701 3941 ἐκτρίψῃ
3731 3873 3827 3937 γέ-

2243 3964 2354 4019 νος,
2385 3947 2452 4001 δι’
2482 3949 2646 4002 αὑτοῦ
2675 3950 2878 4019 μᾶλλον
2904 3952 2937 4020 ἢ
2968 3953 3087 4006 κατ’
3117 3958 3322 4010 ἐκεῖιον
3351 3959 3439 4014 τὸν
3474 3960 3583 4015 τῶν
3616 3965 3816 4022 Λυδῶν

2245 4042 2535 4114 σατράπην
2594 4042 2782 4113 πόρρω
2811 4061 2918 4098 που
2951 4046 3057 4117 γῆς
3087 4050 3180 4101 καὶ
3235 4051 3509 4125 θαλάττης
3538 4058 3825 4117 οἰκοῦντα.

2245 4132 2354 4186 Καὶ
2383 4134 2434 4185 τί
2468 4135 2576 4205 χρὴ
2598 4137 2692 4197 τὰς
2730 4137 2788 4187 ἐν
2821 4139 2970 4209 μέσῳ
3008 4141 3281 4211 συνείρειν
3316 4144 3510 4217 τύχας,
3566 4156 3663 4204 καὶ
3716 4155 3823 4208 ὅσα

2244 4224 2556 4298 βαρϐάρους
2627 4231 2770 4284 κατὰ
2842 4232 3128 4315 Ῥωμαίων
3188 4240 3569 4311 στρατολογῶν
3639 4247 3817 4301 ἐποίει

2242 4318 2410 4384 δεινὰ,
2469 4320 2554 4388 ἐφ’
2581 4315 2667 4383 οἷς
2693 4322 2858 4379 αὑτὸν
2905 4325 3347 4392 ἐγκαλύπτεσθαι
3409 4333 3517 4388 ἔδει
3549 4335 3818 4408 διηνεκῶς

2242 4411 2702 4505 ἐγκαυχώμενοςη,
2764 4417 2860 4504 καὶ
2922 4418 3357 4490 ὑπισχνούμενος
3396 4410 3667 4493 ,ἀοίκητον
3718 4451 3822 4503 την
3897 4486 3905 4505 ,

2246 4502 2541 4572 ,Ῥωμαίων
2566 4504 2786 4559 ἅπασαν
2817 4502 2918 4577 γῆν
2953 4512 3010 4563 ἐν
3062 4514 3259 4583 βραχεῖ
3292 4518 3611 4574 παντάπασι
3644 4502 3817 4578 κατα-

3338 4610 3487 4682 αὐτῷ
3512 4614 3819 4683 κατ’έμοῦ,

2242 4689 2278 4755 η
2311 4688 2368 4739 δὲ
2391 4688 2564 4761 βλάὸη
2599 4692 2740 4744 κατὰ
2792 4692 3009 4747 πάντων
3066 4693 3413 4764 Χριστιανῶν
3434 4718 3447 4731 ’
3483 4704 3659 4768 οὕτως
3691 4712 3819 4764 οὐδὲ

2244 4778 2439 4849 μικρὸν
2469 4780 2684 4847 ἐφόδιον
2724 4784 2822 4852 τὴν
2875 4785 2965 4838 τοῦ
3020 4788 3154 4841 Θεοῦ
3189 4775 3426 4860 νομίζων
3461 4799 3814 4867 ἐπικουρίαν,

2243 4870 2350 4924 οὐδ’
2383 4876 2436 4936 ἐς
2469 4875 2568 4942 τὴν
2594 4876 2703 4927 τῶν
2730 4878 3034 4946 μελλόντων
3065 4886 3286 4954 μνήμην
3319 4890 3696 4960 κολαστηρίων
3721 4899 3819 4948 ἰὼν

2239 4964 2509 5027 ὁπωσοῦν,
2552 4966 2670 5018 ὅλον
2700 4969 2891 5022 ἐαυτὸν
2920 4973 3032 5033 τοῖς
3063 4974 3288 5026 ἀσεϐέσι
3315 4979 3668 5051 προσένειμε.
3703 4989 3820 5040 Καὶ

2243 5054 2338 5122 μὲν
2370 5055 2434 5124 δὴ
2457 5057 2708 5126 δεύτερον
2738 5060 2940 5114 κείσθω
2965 5064 3060 5117 καὶ
3110 5065 3269 5120 τοῦτο
3289 5068 3487 5138 δεῖγμα
3515 5075 3615 5144 της
3645 5077 3815 5132 αὑτοῦ

2242 5146 2487 5217 μελέτης,
2528 5151 2616 5219 ἢν,
2657 5151 2732 5214 ὼς
2761 5154 3105 5225 εἰρήκειμεν,
3144 5159 3313 5214 πάλαι
3341 5164 3508 5227 πολύν
3535 5182 3660 5220 τινα
3683 5173 3817 5241 χρό-

2237 5255 2324 5292 νον
2361 5242 2583 5296 ἒδοσκεν
2612 5245 2669 5296 ἐν
2701 5248 2768 5316 τῇ
2802 5246 2947 5319 ψυχῇ
2981 5252 3124 5303 κατὰ
3144 5251 3245 5320 τῆς
3276 5256 3514 5325 πατρίου
3539 5275 3631 5327 μοι
3656 5260 3816 5331 βασι-

2237 5334 2419 5398 λείαςο
2456 5336 2515 5388 τὸ
2568 5338 2675 5410 γὰρ
2717 5340 2876 5409 φύσει
2940 5343 3109 5397 κακὸν
3165 5348 3579 5417 ἀποτρίψασθαι
3627 5357 3810 5425 χρόνῳ

2234 5428 2331 5498 τὴν
2363 5429 2478 5495 ἐξιν
2512 5432 2611 5484 οὐκ
2641 5432 2707 5486 άν
2744 5450 2876 5488 ποτε
2906 5436 3145 5502 δύναιτο,
3182 5440 3318 5493 ἀλλά
3342 5447 3437 5494 καὶ
3466 5443 3563 5512 τὴν
3585 5446 3679 5497 τοῦ
3711 5464 3812 5499 κα-

2233 5519 2323 5574 λοῦ
2384 5529 2750 5596 προσποίησιν
2800 5529 3041 5600 εὐχερῶς
3108 5534 3220 5594 τοῖς
3278 5540 3602 5604 πράγμασιν
3655 5539 3813 5605 ἐλεγ-

2234 5615 2461 5683 χέμενον
2519 5619 2859 5686 ἀποσείεται,
2925 5622 3403 5695 παλινδρομούσης
3460 5631 3559 5697 τῆς
3590 5631 3809 5697 φύσεως

2232 5707 2328 5757 καὶ
2387 5708 2878 5780 ἀναλαμϐανούσης
2928 5717 2992 5765 ἐκ
3055 5714 3146 5767 τοῦ
3196 5718 3396 5787 ῥᾴσῖου
3455 5720 3512 5770 τὸ
3562 5722 3807 5789 γνήσιον.

2246 5793 2392 5857 Ὶῖξὸν
2435 5800 2541 5867 γὰρ
2574 5799 2691 5869 Θεῴ
2720 5802 2786 5854 τὰ
2811 5803 2934 5855 καθ’
2970 5806 3131 5857 αὑτὸν
3165 5808 3541 5877 ἐπιτρέψαντα
3568 5810 3665 5880 τὴν
3686 5813 3817 5867 ,τῶν-

2233 5888 2440 5939 παιδων
2472 5890 2823 5959 εὐδαιμονίαν
2869 5896 3049 5966 ήσυχη
3106 5902 3661 5969 πραγματεύσασθαι,
3703 5906 3812 5979 ῥᾴω
