4088 6464
1665 259 1684 285 \

572 354 676 421 ΗΒ

1784 356 2204 418 ΝΙΕΕΡΗΠΒΙ
2244 359 2629 420 ῦίίΕῧΟΗίΕ
3742 365 3833 428 144

566 478 863 544 acciperet.
916 473 1088 528 Nobis
1124 490 1252 527 sane
1290 489 1501 528 summa
1533 474 1774 543 pericula
1818 475 2064 539 immisit,
2108 482 2157 529 el

2274 472 2384 544 γὰρ
2413 474 2727 540 τοῦλαττον,
2779 476 2862 529 ἴνα
2904 475 3067 538 αὐτὸς
3104 477 3206 548 μὲν
3251 478 3488 551 κερδάνῃ
3519 476 3587 532 es
3630 481 3832 549 μεῖζον.

568 583 669 635 ego
696 566 929 621 antehac
961 573 1188 619 mortem
1222 566 1551 621 occubuisse
1593 565 1777 619 malim
1816 581 1977 634 quam
2015 582 2149 619 con-

572 661 728 710 tinuo
759 671 906 712 nunc
942 654 1067 710 aliis
1102 656 1334 726 turpiter
1365 658 1570 710 servire
1610 667 1664 710 et
1705 656 1856 710 varia
1889 672 2011 725 qua:
2051 671 2152 711 no-

572 750 662 805 bis
696 748 1059 804 admoventur
1104 750 1297 802 mortis
1357 757 1628 803 tormenta
1664 760 1790 802 ante
1818 749 2008 803 oculos
2057 748 2153 802 ba-

570 841 724 896 bero.
757 842 985 896 Constat
1018 841 1163 895 enim
1215 851 1389 895 morte
1430 842 1595 895 vitam
1639 842 1980 896 acerbiorem
2031 856 2151 896 esse

571 950 696 988 cum
760 935 908 989 mille
950 938 1143 989 mortis
1196 935 1535 989 cruciatibus
1569 936 1773 1003 repleta
1817 939 1905 999 sil,
1958 943 2151 989 contra

571 1028 811 1082 subitam
842 1037 1074 1081 mortem
1119 1027 1224 1080 vita
1287 1027 1568 1082 meliorem
1601 1042 1724 1081 eum
1756 1030 1874 1097 ejus
1913 1030 2149 1096 turpitu-

571 1122 756 1175 dinem
789 1130 845 1174 et
883 1120 1159 1175 tristitiam
1209 1120 1362 1175 tollat
1395 1132 1451 1173 et
1505 1135 1692 1174 secum
1746 1121 1993 1190 sepeliet.
2056 1121 2151 1175 Ille

570 1217 714 1269 enim
753 1214 921 1268 verbo
966 1213 1188 1282 quidem
1222 1228 1323 1267 nos
1360 1213 1615 1282 protexit.
1651 1213 1807 1279 Quod
1854 1225 1913 1267 ut
1943 1225 2148 1267 certam

569 1306 917 1362 liberalitatis
948 1321 1062 1360 sute
1094 1308 1332 1374 speciem
1368 1305 1596 1359 haberet
1630 1321 1728 1375 per
1777 1320 2061 1386 prmeones
2096 1313 2152 1361 et

569 1404 781 1456 litteras
836 1415 1001 1470 quam
1050 1400 1338 1453 celerrime
1387 1407 1443 1453 et
1493 1413 1616 1453 cum
1652 1408 1876 1468 sumptu
1920 1398 2152 1469 singulis

569 1494 883 1565 qitibusque
922 1492 1084 1563 166
1113 1491 1372 1561 gentibus
1422 1491 1770 1555 venditabat;
1808 1506 2001 1545 revera
2055 1506 2152 1544 au-

573 1596 680 1639 tem
705 1586 961 1654 princeps
990 1600 1093 1638 nos
1116 1584 1272 1652 quasi
1304 1594 1497 1637 servos
1523 1582 1798 1637 tractavit.
1838 1581 1993 1649 Quod
2016 1574 2151 1637 fecit

574 1691 632 1734 ut
663 1696 730 1734 eo
760 1677 1154 1745 promissorum
1189 1685 1577 1745 argumentum
1614 1675 1843 1730 haberet
1870 1684 1924 1730 et
1946 1683 2149 1744 quanta

572 1786 669 1824 sua
688 1777 832 1824 esset
857 1769 980 1823 vita?
997 1768 1267 1837 sapientia
1284 1778 1340 1822 et
1361 1768 1441 1821 rei
1466 1766 1722 1821 militaris
1742 1766 1941 1836 peritia
1967 1778 2153 1821 osten-

2262 568 2395 636 ἡμῖν
2433 568 2488 621 δὲ
2533 569 2659 631 τοὺς
2710 569 3087 639 μακροτέρους
3145 570 3499 643 ἐπικρεμάοῃ
3537 571 3833 637 κινδύνους.

2261 658 2323 730 [Γ.
2366 661 2467 715 136
2506 660 2562 733 α]
2600 661 2784 729 11ολλῷ
2817 663 2924 731 γὰρ
2964 664 3113 733 ἥδιον
3149 664 3298 742 ἆπαξ
3329 666 3454 734 ὲμοί
3486 681 3550 733 γε
3591 664 3713 718 τότε
3744 664 3836 718 θα-

2259 753 2449 828 νεῖνμῆ
2482 752 2659 816 ζῶντα
2690 754 2965 808 δουλεύειν
3002 759 3219 826 ἑτέροις
3266 760 3327 810 ὲν
3356 757 3546 829 ἀδοξίᾳ
3573 757 3837 825 διηνεκῶς

2211 880 2220 897 .
2260 843 2355 895 καὶ
2400 842 2708 907 πολυειδεῖς
2763 843 2889 898 καθ’
2917 846 3074 915 ἡμῶν
3126 842 3513 918 πλεκὸμένους
3551 848 3684 918 ὁρᾷν
3715 850 3839 910 τοὺς

2262 934 2357 987 τοῦ
2389 936 2623 989 θανάτου
2654 935 2909 1007 βρόχουςσ
2940 934 3081 991 εἶναι
3126 939 3237 1009 γὰρ
3285 940 3379 992 καὶ
3419 940 3654 994 θανάτου
3690 939 3835 1009 ζωήν

2260 1043 2427 1095 φασιν
2463 1031 2821 1099 πικροτέραν,
2855 1031 3019 1083 ὁπότε
3060 1034 3272 1100 μυρίων
3302 1030 3441 1102 αὕτη
3478 1034 3636 1101 γέμει
3670 1031 3835 1084 θανά-

2258 1137 2388 1181 των,
2426 1124 2520 1173 καὶ
2549 1122 2784 1175 θάνατον
2821 1121 2980 1186 αὖθις
3031 1123 3349 1194 αύθήμερον
3394 1128 3633 1195 κρείττω
3667 1125 3834 1191 ζωῆς,

2259 1213 2480 1277 ἀδοξίαν
2526 1215 2621 1267 καὶ.
2668 1214 2846 1276 λύπας
2894 1216 3067 1284 αὐτῆς
3106 1217 3518 1287 ἀφαιρούμενον
3568 1218 3664 1269 καὶ
3719 1234 3839 1269 συν-

2260 1305 2558 1359 θάπτοντα.
2609 1307 2769 1376 Λόγῳ
2804 1305 2904 1376 μὲν
2937 1306 3050 1377 γὰρ
3099 1308 3372 1378 τετήρηκε
3416 1306 3629 1371 ζῶντας
3668 1307 3833 1376 ἡμᾶς.

2260 1398 2328 1452 ἶν’
2354 1398 2506 1465 αὐτῷ
2537 1398 2738 1469 πιθανὴ
2784 1400 2885 1469 τῆς
2931 1400 3354 1469 φιλανθρωπίας
3385 1400 3420 1469 ἡ
3473 1400 3750 1470 πρόφασις
3779 1394 3834 1473 ᾗ,

2261 1493 2606 1563 καυχωμένῳ
2646 1494 2809 1546 ταυτὶ
2850 1494 2940 1547 διὰ
2978 1492 3242 1562 κηρύκων
3290 1509 3351 1545 τε
3393 1492 3489 1546 καὶ
3536 1490 3837 1545 ἐπιστολῶν
3928 1517 3945 1526 -

2260 1585 2397 1657 πρὸς
2420 1586 2565 1641 ἁπαν
2604 1585 2755 1649 ἔθνος
2778 1587 2904 1639 ὅσον
2936 1585 3160 1654 ἐφικτὸν
3200 1586 3299 1638 σὺν
3352 1585 3502 1655 μάλα
3537 1584 3730 1655 μακρᾷ
3770 1583 3836 1669 τῇ

2260 1679 2472 1751 σπουδῇ
2508 1680 2602 1732 καὶ
2643 1679 2880 1751 δαπάνῃ.
2926 1678 3075 1749 ἔργῳ
3114 1679 3172 1732 δὲ
3223 1678 3353 1741 τοὺς
3392 1678 3660 1739 δεσπότας
3701 1675 3837 1744 ἔχων

2258 1772 2318 1826 ἰν
2353 1772 2707 1843 ἀνδραπῦδων
2738 1772 2926 1843 μοίρᾳ,
2957 1771 3221 1824 ὑπόθεσιν
3247 1770 3345 1841 ἔχη
3374 1770 3469 1824 καὶ
3497 1768 3661 1822 τοῦτο
3704 1785 3838 1821 καυ-

571 1862 746 1915 deret.
777 1859 1248 1927 Quemadmodum
1269 1859 1324 1914 in
1352 1860 1631 1916 curriculo
1665 1860 1905 1916 victores
1947 1859 2018 1915 ob
2043 1860 2153 1913 vir-

2261 1866 2472 1937 χήσεως
2499 1865 2595 1918 καὶ
2627 1865 2774 1934 μάλα
2808 1865 3028 1934 μακρᾶς
3059 1866 3116 1916 ὲν
3156 1863 3236 1934 τῷ
3285 1862 3385 1933 βίῳ
3429 1861 3621 1929 σοφίας
3670 1858 3835 1913 αὑτοῦ

536 1953 774 2017 ‘tutem,
809 1953 883 2006 ita
909 1953 1002 2007 ille
1027 1952 1121 2007 ubi
1155 1968 1253 2008 nos
1286 1952 1340 2006 in
1376 1952 1745 2008 calamitatem
1796 1951 2155 2007 inciderimus

571 2048 645 2102 ob
669 2046 1028 2102 domesticam
1074 2046 1389 2101 felicitatem
1426 2045 1721 2115 superbiit.
1749 2044 1994 2112 Quorum
2033 2060 2155 2098 om-

573 2140 727 2195 nium
774 2138 1082 2194 certissima
1134 2137 1270 2211 mihi
1310 2145 1440 2191 sunt
1493 2137 1826 2194 testimonia.
1880 2135 2154 2205 Sponsum

576 2235 723 2290 dedit
756 2232 881 2287 filiae
909 2230 1165 2296 invitum,
1200 2239 1256 2285 et
1300 2230 1468 2285 invita
1504 2240 1678 2285 matre
1716 2245 1838 2285 mea
1866 2230 2024 2295 cujus
2070 2246 2158 2284 ra-

573 2327 823 2381 tionibus
852 2339 989 2394 quas
1025 2338 1170 2378 nunc
1203 2322 1403 2377 afferre
1446 2337 1556 2402 non
1608 2322 1762 2386 licet,
1799 2324 1889 2376 ubi
1930 2323 2157 2377 minime

578 2419 792 2484 debuit,
821 2416 1039 2471 omissis
1061 2415 1232 2485 ipsius
1250 2423 1490 2471 mentem
1507 2424 1775 2483 protenus
1800 2424 2023 2470 secutus
2047 2425 2155 2471 est.

575 2511 746 2565 Nobis
798 2508 946 2564 enim
987 2508 1205 2576 publice
1251 2507 1582 2579 gravissimo
1612 2507 1975 2580 jurejurando
2013 2507 2160 2563 allir-

576 2612 822 2655 maverat
868 2600 1005 2654 velle
1040 2615 1099 2655 se
1135 2598 1271 2653 mihi
1299 2607 1508 2667 patrem
1536 2612 1658 2653 esse
1690 2608 1747 2652 et
1774 2599 1924 2669 regni
1956 2600 2159 2669 guber-

576 2693 831 2748 naculum
859 2702 1045 2747 tenere
1077 2692 1253 2747 donec
1284 2690 1356 2746 ad
1407 2691 1731 2748 vicesimum
1783 2706 1987 2745 annum
2031 2708 2160 2762 per-

575 2786 850 2841 venissent
878 2801 892 2849 ;
931 2800 1110 2855 neque
1136 2784 1280 2840 ullus
1300 2800 1367 2841 ex
1398 2785 1577 2855 ipsius
1607 2783 1736 2840 ﬁliis
1770 2786 1838 2840 ad
1867 2787 2156 2865 imperium

574 2879 886 2935 secederet.
940 2877 1049 2933 Sed
1093 2894 1202 2932 non
1245 2878 1420 2932 multo
1471 2886 1596 2948 post
1638 2878 1825 2933 eﬂ'ecit
1860 2880 2155 2934 contraria.

578 2969 712 3035 Qua:
751 2966 1112 3039 jurejurando
1142 2967 1471 3037 promiserat
1506 2975 1566 3021 ut
1612 2982 1785 3039 nugas
1825 2969 2158 3022 existimavit

572 3062 799 3116 etAtrei
841 3061 1016 3135 oculis
1056 3052 1243 3115 subito
1281 3061 1581 3128 assumptis
1626 3075 1713 3115 me
1758 3060 2006 3130 despexit
2056 3076 2157 3116 nec

574 3156 668 3226 pili
704 3153 927 3225 quidem
957 3151 1147 3206 habuit
1179 3160 1236 3205 et
1275 3160 1534 3221 tanquam
1565 3167 1762 3207 navem
1788 3152 2032 3206 remulco
2074 3167 2158 3206 me

575 3260 764 3299 secum
798 3242 985 3297 traxit.
1035 3241 1162 3296 Suis
1206 3252 1389 3296 autem
1438 3241 1564 3296 filiis
1603 3257 1670 3297 ex
1715 3251 1825 3295 tota
1873 3241 2157 3296 voluntate

578 3350 807 3406 regnum
843 3332 1116 3388 attribuit.
1161 3332 1314 3398 Quod
1348 3331 1503 3387 brevi
1537 3332 1859 3402 priusquam
1891 3347 1986 3401 per
2031 3333 2158 3385 Bar-

577 3428 740 3480 lnros
771 3432 965 3478 nactus
994 3431 1079 3477 est
1110 3421 1478 3476 Barbarorum
1508 3422 1769 3476 manibus
1806 3422 2031 3474 tradidit
2062 3434 2157 3475 aut

577 3534 723 3573 certe
762 3517 979 3571 tradere
1033 3516 1224 3569 voluit.
1269 3517 1459 3586 Neque
1514 3518 1653 3571 clam
1692 3518 1759 3571 iis
1804 3532 2031 3586 regnum
2071 3527 2157 3570 at-

582 3610 777 3665 tribuit
802 3609 875 3662 ita
902 3618 961 3661 ut
988 3609 1235 3663 omnium
1266 3609 1369 3663 sibi
1402 3608 1661 3662 invidiam
1691 3608 1963 3662 excitarit.
1991 3609 2158 3678 Cujus

578 3701 660 3755 rei
712 3701 946 3755 fortasse
978 3713 1105 3754 eum
1151 3700 1347 3768 puduit
1375 3716 1497 3754 eum
1548 3700 1712 3767 paulo
1754 3710 1879 3754 ante
1929 3701 2158 3770 singulis

583 3794 738 3864 167
770 3793 1078 3862 quibusque
1109 3792 1366 3862 gentibus
1417 3802 1526 3847 tam
1566 3794 1736 3851 multa
1767 3794 2043 3863 pollicitus
2070 3808 2156 3848 es-

578 3900 697 3954 Set;
727 3899 910 3941 tamen
942 3886 1158 3940 occulto
1181 3895 1236 3939 et
1281 3888 1427 3954 quod
1454 3886 1676 3955 quidem
1709 3886 2007 3941 arbitratus
2049 3897 2154 3948 est,

580 3992 653 4054 ita
687 3988 741 4034 ut
776 3994 877 4059 ego
911 3978 1051 4031 nihil
1106 3977 1423 4047 percontari
1450 3993 1618 4033 ausus
1652 3980 1778 4035 sim.
1835 3979 1987 4035 Brevi
2023 3986 2158 4035 ten:-

570 4088 713 4143 .pore
749 4071 1037 4140 interjecto
1088 4070 1403 4125 Matthmum
1454 4069 1683 4124 fratrem
1719 4070 1785 4126 ad
1845 4089 1933 4127 res
1988 4089 2158 4128 novas

580 4178 915 4232 consurgere
965 4162 1106 4216 tanta
1148 4163 1321 4226 venit,
1369 4177 1477 4231 qua
1510 4165 1754 4217 omnium
1815 4180 1975 4218 aures
2013 4166 2158 4220 clare

586 4256 977 4327 personabant.
1032 4253 1136 4308 Sed
1186 4253 1470 4309 Matthteus
1518 4256 1891 4324 spectaculum
1950 4266 2156 4308 tantum

584 4349 852 4418 praebuit;
886 4346 1032 4414 ipsas
1060 4362 1145 4401 res
1185 4346 1466 4400 moderata
1493 4357 1577 4400 est
1622 4363 1779 4402 tuens
1823 4348 2015 4414 patris.
2069 4346 2159 4400 Sic

581 4441 734 4493 enim
766 4438 969 4492 factum
996 4448 1104 4506 .est
1160 4446 1220 4491 ut
1249 4445 1404 4505 pater
1432 4438 1584 4506 pacis
1630 4453 1794 4491 causa
1839 4436 1999 4491 modo
2054 4436 2159 4491 hoc

2259 1959 2356 2013 xui.
2385 1955 2769 2027 στρατηγικῆς
2810 1956 3128 2026 ἔμπειρίας,
3164 1954 3358 2022 ὥσπερ
3391 1955 3441 2007 οί
3477 1954 3538 2005 ὲν
3582 1952 3839 2021 ἱπποδρο-

2260 2048 2416 2119 μίαις
2449 2048 2548 2117 τὴν
2570 2047 2825 2115 ἱππικὴν,
2858 2045 3030 2106 οὕτως
3056 2045 3242 2107 αὐτὸς,
3266 2044 3389 2103 τοῖς
3409 2043 3441 2111 ή
3452 2041 3567 2111 μῶν
3589 2041 3837 2107 δυσπρα-

2257 2143 2408 2211 γίαις
2460 2141 2560 2212 τὴν
2612 2139 2826 2193 οίκείαν
2881 2139 3056 2209 ὀφρὺν
3095 2135 3529 2203 ἐνδεικνύμενος.
3582 2133 3697 2187 Καί
3748 2148 3838 2202 μοι

2212 2291 2238 2319 κ
2258 2236 2366 2289 τῶν
2388 2234 2511 2302 λεγς
2523 2234 2699 2303 μένων
2733 2233 3017 2302 μάρτυρας
3041 2229 3112 2283 τὰ
3142 2227 3271 2299 ἑξῆς
3299 2226 3576 2296 ἀψευδεῖς.
3622 2226 3838 2293 Ἥγαγε

2259 2328 2371 2398 γὰρ
2404 2329 2495 2380 ἐπὶ
2526 2326 2757 2395 θυγατρὶ
2785 2324 3038 2396 γαμϐρὸν
3070 2323 3276 2378 ἄκοντα
3308 2322 3405 2376 καὶ
3447 2320 3595 2391 μάλα
3635 2320 3839 2390 ἥκιστα

2258 2422 2361 2489 τῆς
2413 2421 2551 2490 ἐμῆς
2605 2418 2939 2488 βουλομένης
2983 2417 3192 2487 μητρὸς
3242 2414 3309 2468 δι’
3357 2414 3423 2478 ἃς
3476 2412 3733 2466 ἑκλαλεῖν
3777 2411 3840 2465 ού

2261 2512 2419 2580 θέμις
2455 2511 2659 2574 αίτίας,
2708 2503 2783 2563 ὧν
2828 2509 2889 2561 τδ
2933 2510 3252 2580 ἀπόρρητον
3295 2507 3459 2569 αὐτὸς
3488 2506 3630 2560 ἑκὼν
3663 2522 3842 2572 παρα-

2260 2606 2471 2675 τρέχων
2499 2603 2629 2656 εὐθὺ
2653 2604 2765 2655 τῶν
2793 2603 2943 2672 αὐτῷ
2979 2601 3376 2671 σκοπουμένων
3410 2599 3652 2662 ἐϐάδιζε.
3685 2597 3764 2652 Ta
3797 2598 3840 2652 δ’

2258 2692 2328 2767 ἦν
2356 2697 2439 2748 ὅτι
2486 2694 2781 2766 φρικώδεις
2821 2696 2957 2764 ἡμῖν
3007 2691 3378 2764 παρεσχηκὼς
3404 2691 3643 2774 δημῖσία
3683 2689 3845 2743 πνεύ-

2265 2806 2468 2852 σαντας
2502 2791 2701 2859 ὅρκους
2748 2784 2891 2841 εἷναί
2937 2805 2996 2841 τε
3043 2789 3229 2857 πατὴρ
3262 2788 3388 2856 ἐμοὶ
3432 2786 3528 2839 καὶ
3570 2784 3843 2854 συμϐασι-

2261 2882 2443 2936 λεύειν
2477 2884 2639 2952 ἄχρις
2687 2884 2753 2936 ἂν
2787 2883 2844 2945 ἔς
2895 2884 2989 2935 τὸν
3015 2882 3259 2935 είκοστδν
3300 2880 3360 2946 ἐξ
3386 2878 3607 2949 ἐφήϐων
3639 2878 3726 2950 ἴδῃ
3775 2894 3840 2947 με

2264 2975 2717 3044 παραγγέλλοντα
2762 2973 2987 3045 χρόνον,
3040 2974 3270 3044 μηδενὸς
3316 2972 3427 3025 τῶν
3466 2975 3628 3025 υἱέων
3678 2971 3840 3025 αὑτοῦ

2261 3069 2330 3137 τῇ
2365 3068 2616 3138 βασιλεία
2643 3067 3023 3138 τολμήσαντος
3054 3067 3305 3120 ὁπωσοῦν
3336 3067 3708 3133 ἐπιτίθεσθαι,
3741 3067 3768 3117 ὁ
3798 3064 3840 3119 δ’

2262 3161 2364 3213 οὐκ
2399 3161 2483 3224 είς
2516 3160 2736 3231 μακρὰν
2782 3161 3041 3231 ἐπέραινε
3087 3160 3367 3225 τάναντία,
3393 3160 3559 3229 λῆρον
3596 3161 3842 3222 ἅπαντας

2266 3251 2620 3322 ἡγησάμενος
2641 3253 2836 3323 ὅρκους
2863 3252 3126 3315 ἐκείνους.
3153 3251 3267 3307 Καὶ
3291 3253 3389 3322 μὲν
3411 3251 3475 3323 δὴ
3498 3253 3592 3305 καὶ
3610 3252 3842 3320 Ἀτρέως

2264 3346 2469 3415 ὄμματ’
2503 3346 2667 3408 εὐθὺς
2686 3344 2949 3417 είληφὼς,
2986 3348 3086 3417 ἐμὲ
3126 3346 3226 3415 μὲν
3254 3346 3313 3400 ὲν
3353 3347 3520 3415 καρός
3545 3363 3602 3398 τε
3638 3346 3845 3399 ἐτίθετο

2270 3442 2459 3510 μοίρᾳ,
2502 3441 2596 3492 καὶ
2620 3439 2810 3511 ὥσπερ
2855 3440 3041 3493 ὁλκάδι
3071 3440 3325 3508 ἐφόλκιον
3369 3439 3602 3492 ἕπεσθαί
3634 3441 3683 3492 oi
3717 3454 3846 3509 προ-

2268 3533 2529 3596 σέταττε,
2581 3535 2691 3595 τοῖς
2748 3532 2793 3586 δ’
2836 3534 3015 3587 υἱέσιν
3068 3534 3220 3595 ὅλαις
3272 3533 3473 3602 ψήφοις
3520 3532 3704 3603 ψυχῆς
3759 3530 3843 3583 τὸν

2268 3624 2540 3694 βασίλειον
2566 3624 2781 3695 διένεμε
2815 3626 3040 3697 κλῆρον,
3070 3627 3128 3678 ὃν
3159 3628 3214 3688 ὲς
3241 3627 3300 3678 τὸ
3332 3625 3471 3679 πάνυ
3502 3625 3679 3696 βραχὺ
3716 3625 3845 3695 πρὶν

2266 3712 2298 3781 ἢ
2334 3716 2625 3783 κατασχεῖν
2651 3714 2740 3767 διὰ
2776 3714 3107 3786 βαρϐάρων,
3143 3718 3199 3779 ἐς
3234 3710 3529 3788 βαρϐάρων
3578 3717 3754 3787 ἤλασέ
3784 3731 3842 3767 τε

2268 3807 2462 3875 χεῖρας
2487 3807 2584 3858 καὶ
2617 3806 2868 3859 ἐλαύνειν
2902 3806 3119 3877 ἔμελλε.
3153 3809 3376 3877 Διένεμε
3411 3807 3456 3861 δ’
3489 3809 3589 3860 οὐκ
3620 3810 3846 3860 ἐκκεκα-

2226 3934 2231 3937 -
2265 3895 2584 3965 λυμμένως,
2619 3896 2760 3949 ὥστε
2783 3899 2880 3951 καὶ
2912 3899 2967 3957 te
2988 3898 3245 3969 δημόσιον
3270 3900 3463 3967 ῥυῆναι
3499 3898 3589 3950 τὸν
3626 3899 3845 3968 ἔλεγχον

2267 3990 2650 4060 περιφάνειαν,
2680 3990 3070 4062 αίσχυνόμενος
3105 3990 3237 4053 ῐσως
3276 3993 3374 4062 τὴν
3415 3991 3652 4061 ἔναγχος
3673 3993 3844 4062 ὀφρὺν

2265 4083 2365 4153 τῆς
2398 4087 2457 4146 ἐς
2502 4085 2649 4137 ἅπαν
2685 4084 2836 4146 ἔθνος
2864 4086 3207 4154 καυχήσεως,
3238 4085 3375 4137 ἀλλὰ
3412 4084 3598 4155 κρύφα
3638 4086 3735 4137 καὶ
3771 4083 3845 4154 μὴ

2268 4174 2601 4244 τολμῶντος,
2626 4176 2701 4238 ὡς
2728 4173 2854 4245 ᾤετ’
2877 4177 3059 4240 αὐτὸς,
3090 4177 3224 4245 ἐμοῦ
3264 4176 3323 4229 τὸ
3354 4178 3620 4247 παράπαν
3658 4175 3847 4230 αἰσθά-

2268 4268 2476 4321 νεσθαι.
2532 4267 2700 4321 Οὔπω
2758 4268 2963 4339 βραχύς
3006 4285 3089 4331 τις
3140 4267 3432 4338 προύὸαινε
3491 4270 3706 4338 χρόνος,
3752 4271 3846 4321 καὶ

2266 4359 2609 4421 ἁποστασίας
2644 4359 2915 4427 τάδελφοῦ
2950 4376 3040 4429 μοι
3072 4361 3352 4412 Ματθαίου
3395 4362 3590 4428 συχνὰ,
3621 4361 3657 4429 ἡ
3687 4363 3844 4430 φήμη

2269 4453 2514 4519 φέρουσα
2556 4452 2745 4503 πᾶσαν
2793 4451 2962 4521 ἀκοὴν
3002 4453 3258 4523 περιήχει
3297 4451 3588 4522 λαμπρῶς.
3624 4457 3733 4507 Καὶ
3778 4450 3844 4523 ἦν

584 4533 747 4587 modo
779 4530 915 4586 illud
956 4530 1309 4585 concedendo
1360 4529 1469 4583 lilio
1504 4531 1708 4583 sensim
1753 4539 2022 4598 quotquot
2067 4544 2154 4584 re-

2268 4544 2550 4597 Ματθαίου
2609 4544 2708 4611 μὲν
2741 4545 2802 4596 τὸ
2840 4545 3046 4615 δρᾶμα,
3074 4547 3133 4597 τὸ
3166 4546 3211 4598 δ’
3258 4547 3378 4599 ὅλον
3408 4549 3724 4617 οἰκονομική
3765 4563 3845 4608 τις

582 4626 683 4695 giae
712 4622 999 4694 potestatis
1037 4622 1273 4693 insignia
1303 4632 1434 4677 sunt
1468 4622 1742 4675 addixerit
1763 4624 1882 4676 solo
1914 4638 2159 4691 gemmeo

584 4718 779 4785 capitis
819 4723 1015 4769 ornatu
1066 4725 1314 4783 excepto.
1371 4713 1445 4768 De
1479 4714 1583 4768 hoc
1619 4715 1889 4768 nihildum
1939 4716 2158 4783 quidem

586 4810 801 4874 statuit,
835 4808 927 4863 sed
981 4808 1126 4876 quod
1172 4823 1202 4861 e
1239 4802 1694 4877 pi‘omissionibus
1723 4808 1977 4875 apparuit
2020 4809 2159 4862 btne

586 4904 826 4972 speravit
874 4916 928 4955 et
962 4911 1020 4954 ut
1056 4900 1364 4955 eiliccretur
1396 4900 1507 4970 jam
1562 4899 1909 4968 praeparavit.
1947 4901 2052 4955 Sed
2102 4911 2162 4954 ut

515 4998 519 5003 ⁷
585 5010 775 5050 eorum
809 5011 929 5064 qua:
968 4995 1169 5049 deinde
1200 4995 1344 5047 facta
1384 5005 1511 5046 sunt
1545 4993 1712 5046 inulta
1745 4995 2160 5060 praetermittam

585 5098 641 5141 et
683 5087 750 5139 de
793 5086 892 5139 hac
926 5100 982 5139 re
1010 5099 1181 5151 pauca
1234 5082 1528 5151 proferam,
1560 5099 1670 5153 quo
1719 5085 1936 5139 tandem
1977 5088 2162 5138 animo

588 5197 671 5233 tne
726 5179 893 5232 fuisse
927 5178 1152 5246 putatis,
1187 5190 1311 5229 cum
1348 5191 1434 5229 me
1482 5179 1575 5245 qui
1612 5180 1775 5231 domo
1812 5194 1920 5232 non
1974 5182 2161 5248 prodi-

588 5287 702 5324 rem
760 5272 848 5324 ilie
898 5270 1174 5323 concitato
1204 5282 1345 5336 equo
1401 5276 1457 5322 et
1505 5268 1690 5323 animo
1738 5271 1999 5325 advolans
2032 5282 2161 5324 ante

550 5408 555 5417 .
586 5363 732 5416 fures
766 5377 915 5415 meas
955 5375 984 5413 a
1043 5358 1266 5413 sublimi
1298 5359 1429 5414 sede
1480 5374 1576 5414 sua
1611 5377 1804 5431 magna
1837 5378 1962 5417 cum
2014 5363 2164 5416 inso-

586 5456 753 5510 lentia
791 5454 1102 5521 increparet
1131 5466 1238 5520 qua
1280 5467 1389 5506 non
1440 5454 1595 5509 facile
1630 5456 1861 5525 quis-in
1893 5466 2166 5509 armenta-

589 5546 727 5597 rium
762 5542 1198 5606 iusultet?Quod
1226 5551 1281 5596 tu
1305 5560 1523 5615 quoque
1540 5564 1663 5601 cum
1683 5550 1796 5601 haec
1823 5548 1999 5617 palam
2028 5550 2166 5602 facta

586 5639 697 5690 sint
733 5652 837 5689 non
887 5638 1132 5704 negabis.
1192 5636 1504 5693 Recordare
1548 5642 1809 5709 triumphi
1851 5657 2013 5709 quem
2072 5657 2164 5695 rex

591 5727 891 5796 quotannis
921 5729 1100 5782 facere
1146 5732 1482 5798 soletJZum
1535 5750 1632 5787 vos
1664 5734 1818 5787 illum
1871 5736 2018 5804 regio
2055 5737 2170 5789 dia-

600 5818 814 5871 demate
848 5830 1098 5874 ornatum
1134 5827 1480 5905 pet-movistis
1515 5835 1573 5878 ut
1620 5840 1834 5881 mecum
1868 5829 2085 5895 publice
2114 5829 2169 5883 in

2267 4638 2502 4704 πατρίου
2527 4638 2689 4706 δόξης
2720 4639 2959 4692 ἐπίνοια·
2996 4639 3083 4691 διὰ
3112 4640 3221 4711 γὰρ
3240 4640 3347 4691 τῶν
3372 4642 3629 4691 τοιούτων
3653 4639 3845 4708 ἐκείνῳ

2264 4728 2359 4783 νῦν
2396 4728 2496 4799 μὲν
2543 4730 2685 4796 τόδε,
2745 4729 2840 4782 νῦν
2881 4730 2926 4781 δ’
2955 4730 3144 4799 ἕτερον
3182 4732 3407 4799 εἱρήνης
3461 4730 3621 4800 δῆθεν
3665 4730 3845 4782 εἵνεκα

2266 4826 2658 4891 συνεχωρεῖτο,
2711 4825 2806 4875 καὶ
2858 4822 3017 4876 πάνθ’
3061 4821 3192 4891 ὲξῆς
3223 4824 3397 4876 ὁπόσα
3438 4824 3535 4888 τῆς
3566 4824 3846 4893 βασιλείας

2265 4914 2528 4982 ἐπεφύκει
2568 4912 2835 4981 σύμϐολα
2856 4916 2996 4984 πλὴν
3025 4915 3123 4982 τῆς
3147 4915 3520 4985 λιθοκολλήτου
3553 4917 3723 4983 μόνης
3752 4929 3848 4966 κα-

2265 5008 2327 5060 λύ
2343 5024 2534 5073 πτρας.
2570 5007 2738 5061 υύπω
2770 5009 2877 5078 γὰρ
2913 5012 2991 5071 είς
3032 5007 3148 5077 φῶς
3178 5010 3269 5060 καὶ
3305 5014 3455 5061 τουτί
3487 5008 3846 5079 προεληλύθει

2268 5116 2328 5150 το
2359 5100 2605 5167 σκέμμα,
2639 5100 2695 5149 ὲν
2730 5099 3091 5166 ἐπαγγελίαις
3115 5101 3160 5153 δ’
3195 5097 3288 5154 οὖν
3322 5102 3847 5171 ἑγαλακτοτροφειτο

2269 5193 2363 5239 καὶ
2396 5189 2576 5253 τοῦτο,
2610 5190 2703 5240 καὶ
2739 5190 2840 5259 ήδη
2877 5190 3242 5262 προύπεμπεν
3290 5193 3346 5255 ἐς
3375 5193 3436 5245 τὸ
3468 5193 3847 5264 παρρησιαζὸ-

2273 5295 2451 5347 μενον.
2491 5283 2595 5333 Καὶ
2625 5282 2711 5333 ἵνα
2775 5285 2842 5336 τὰ
2878 5285 3047 5336 πλείω
3076 5284 3184 5338 τῶν
3246 5286 3428 5355 μέσων
3468 5287 3682 5355 ἀφελὼν
3715 5289 3848 5339 ὑποε-

2276 5372 2469 5439 μνήσω
2503 5371 2709 5442 βραχέα
2744 5377 2837 5425 καὶ
2867 5380 2996 5445 περὶ
3026 5375 3239 5440 τούτου,
3275 5375 3340 5449 [Ι.
3382 5375 3487 5430 156
3520 5376 3573 5449 b]
3622 5379 3743 5431 τίνα
3778 5395 3845 5445 με

2269 5466 2449 5533 ψυχὴν
2481 5465 2626 5532 ἔχειν
2657 5465 2899 5535 ᾠήθητε,
2932 5468 3098 5519 ὁπότε
3136 5471 3300 5536 μήπω
3330 5486 3400 5539 με
3445 5469 3540 5522 τοῦ
3570 5471 3845 5538 δωματίου

2274 5555 2579 5624 προϐάντα,
2618 5557 2822 5619 πάσαις
2853 5559 3029 5629 ἡνίαις
3073 5561 3281 5621 ἐκεῖνος
3318 5559 3488 5612 ἵππου
3534 5566 3628 5615 καὶ
3673 5561 3845 5631 Θυμοῦ

2276 5648 2602 5715 φερόμενος,
2648 5649 2756 5718 πρὸ
2786 5651 2893 5700 τὼν
2927 5650 3104 5719 θυρῶν
3151 5651 3259 5702 τῶν
3313 5652 3463 5720 ἐμῶν
3514 5651 3605 5719 ἀφ’
3645 5650 3845 5721 ὑψηλοί)

2276 5741 2586 5809 καθήμενος
2618 5739 2844 5810 ὓδρεσιν
2876 5743 3067 5795 ἔπλυνε
3100 5747 3245 5813 μάὶα
3287 5748 3548 5815 μακραῖς,
3579 5751 3668 5797 καί
3709 5748 3846 5806 υὲαες

2276 5834 2414 5883 κατὰ
2448 5836 2713 5902 βοηλάτου
2759 5836 3071 5905 χρήσασθαί
3104 5824 3202 5901 ’τις
3241 5838 3563 5908 αἰσχυνθείη
3608 5840 3690 5892 ἄν.
3742 5819 3894 5890 Και⁸
