4088 6512
239 478 340 548 145

3059 410 3090 419 κ

1220 474 1666 540 ΒΥΖᾹΝΤΙΝ.Ε
1710 476 1761 537 Η
1774 476 1836 537 IS

1946 479 2098 538 {ILE
2139 480 2282 543 LIB.
2330 481 2579 544 XXVII.
3428 480 3527 541 Ilii

238 590 534 661 ἀρνηθείης
570 588 790 653 πάντως
844 587 944 669 οἶύκ
999 588 1064 644 ἂν
1096 589 1207 643 οὐδ’
1256 591 1417 660 αὕτη,
1454 593 1692 663 δημοσίᾳ
1724 590 1819 644 τοῦ

1946 580 2370 663 ιιοερεοιιιοιιιο
2432 593 2781 666 procederet,
2836 610 2937 669 ego
2972 604 3105 648 vero
3152 606 3276 646 eum
3315 593 3528 661 imperii

239 683 569 754 πράγματος
616 682 930 752 γεγονότος.
975 676 1147 736 Οἶσθα
1195 683 1306 755 γὰρ
1350 684 1445 735 τὸν
1477 684 1688 755 συνήθη
1726 684 1824 737 καὶ⁹

240 777 458 847 ἐτήσιον
518 777 635 839 τοῖς
686 775 963 845 βασιλεῦσι
1013 775 1275 844 δαφναῖον
1324 775 1615 847 θρίαμϐον,
1660 777 1825 829 ὁπότε

241 866 546 937 βασιλικοῖς
589 867 690 938 μὲν
746 869 906 935 ὑμεῖς
934 868 1100 922 αὑτὸν
1134 870 1478 940 ὴτοιμάσατε
1520 869 1824 940 διαδήμασι

238 960 589 1031 κοσμηθέντα
636 961 876 1033 δημοσίᾳ
930 978 1021 1033 μοι
1073 962 1594 1033 συμπανηγυρίζειν
1646 965 1824 1015 ἐκεῖνο

239 1054 300 1105 τδ
332 1052 583 1125 θέατρον,
620 1053 745 1123 ἐμοὶ
769 1054 815 1107 δ’
844 1055 945 1108 οὐκ
972 1054 1289 1126 ἀνεχομένῳ
1317 1056 1417 1126 τῆς
1449 1056 1592 1125 ἐμῆς
1639 1055 1823 1109 ἑκοντὶ

242 1138 476 1218 προδότῃ
506 1147 750 1216 γίνεσθαι
785 1146 1066 1219 βασιλείας
1092 1140 1244 1220 ’ὁμοῦ
1302 1150 1397 1203 καὶ
1451 1149 1623 1221 ζωῆς,
1682 1150 1820 1217 μηδὲ

1931 695 1989 740 et
2041 688 2169 742 vita:
2201 702 2338 744 mete
2373 687 2624 757 proditor
2656 686 2772 756 ipse
2805 664 2943 763 esse"
2980 685 3209 748 nollem,
3243 699 3423 752 neque
3458 682 3531 736 ob

1935 776 2239 842 tristitiam,
2272 795 2341 834 ne
2371 779 2550 834 dicam
2586 779 2658 833 ob
2691 778 2959 849 pudorem
3000 778 3163 849 163
3208 786 3264 830 et
3316 790 3532 845 pompa:

1935 870 2254 937 ridiculum,
2284 871 2447 927 domo
2478 871 2701 941 prodire
2753 872 2806 925 in
2848 872 3036 927 animo
3094 871 3379 932 haberem.
3415 856 3532 925 bace

1932 977 2129 1032 passus
2185 979 2328 1017 sum.
2383 963 2484 1019 llic
2541 973 2726 1019 autem
2777 964 2944 1019 etiam
2998 974 3193 1034 postea
3246 965 3529 1027 occultum

1931 1055 2118 1110 odium
2155 1056 2282 1110 tulit
2339 1065 2399 1110 ut
2429 1056 2678 1126 expleret
2731 1071 2860 1111 eum
2918 1058 2973 1111 in
3024 1071 3111 1110 me
3161 1052 3331 1125 aquo
3381 1055 3534 1109 nulla

1930 1148 2132 1217 injuria
2173 1148 2406 1203 aﬂ'ectus
2427 1157 2567 1204 erat.

167 1310 173 1323 ἴ
237 1239 337 1293 τοῦ
403 1241 675 1311 δωματίου
729 1242 1050 1314 προϐαίνειν
1099 1244 1547 1316 προθυμουμένῳ
1621 1245 1711 1299 διὰ
1759 1243 1859 1314 τὴν
1900 1244 2082 1310 λύπην
2141 1243 2308 1313 (ὀκνῶ
2355 1245 2465 1314 γὰρ
2511 1242 2784 1315 αἰσχύνην
2863 1246 3043 1300 εἰπεῖν
3102 1246 3197 1300 καὶ
3237 1245 3561 1314 θεατρικὴν¹

246 1332 521 1405 ἀτοπίαν),
560 1337 629 1390 τὰ
661 1337 838 1405 τοιαδὶ
883 1336 1215 1392 πεπονθέναι
1248 1339 1650 1410 συμπέπτωκε.
1707 1340 1818 1391 Καὶ
1853 1338 2012 1398 δέον,
2049 1338 2107 1400 ἐς
2173 1337 2458 1409 ἐκδίκησιν
2490 1339 2595 1409 τῆς
2634 1327 2852 1419 ὖρρεως
2885 1341 2978 1392 τὸν
3024 1340 3207 1393 κοινὸν
3237 1339 3533 1409 διαναστῆ-
3562 1408 3574 1417 ι

254 1445 337 1484 ναι
370 1428 604 1498 πατέρα,
639 1431 666 1483 ό
694 1429 752 1484 δὲ
780 1432 877 1488 καὶ
910 1431 1241 1503 μετόπισθεν
1296 1435 1426 1507 ἔσχε
1464 1437 1646 1501 κότον,
1676 1435 1825 1505 ὄφρα
1864 1435 2084 1505 τελέσῃ,
2118 1437 2264 1491 κατά
2298 1433 2392 1488 τοῦ
2427 1436 2596 1505 μηδὲν
2629 1432 3139 1507 ἀδικοῦντοξὲμοῦ,

210 1543 215 1546 ’
316 1520 443 1579 Kl".
461 1522 621 1577 Ἀλλά
638 1525 692 1578 τί
718 1542 785 1596 με
804 1525 887 1579 δεῖ
901 1527 969 1579 τὰ
986 1527 1122 1582 πᾶσι
1139 1528 1256 1598 δῆλ’
1274 1529 1626 1600 ἀναμετρεῖν;
1655 1530 1834 1582 Ἐκεῖ-

2006 1526 2200 1583 XXIII.
2244 1508 2370 1583 'Sed
2411 1528 2547 1596 quid
2602 1545 2727 1600 quae
2775 1530 2911 1586 satis
2946 1530 3207 1585 omnibus
3258 1541 3391 1588 nota
3427 1531 3537 1587 sint

248 1617 341 1671 θεν
369 1617 476 1686 γὰρ
501 1616 747 1671 ἐκποδών
779 1636 850 1689 με
897 1622 1074 1675 ποιεῖν
1123 1620 1545 1694 βουλευσαμένῳ
1591 1622 1669 1693 τῷ
1700 1639 1832 1675 πεν-

1940 1621 2299 1690 expromam?
2334 1620 2541 1676 Deinde
2588 1622 2736 1677 enim
2770 1638 3024 1679 socerum
3073 1639 3200 1678 cum
3257 1626 3538 1696 quomodo

244 1709 390 1779 θερῷ
422 1710 518 1779 τὴν
540 1711 802 1782 ταχίστην
859 1730 927 1783 με
975 1714 1385 1785 διαχρήσασθαι
1425 1716 1621 1769 τούτου
1650 1715 1836 1788 παρῄ-

1940 1729 1960 1767 e
1994 1713 2179 1767 medio
2229 1729 2317 1769 me
2350 1714 2567 1770 tolleret
2620 1729 2809 1770 secum
2864 1716 3264 1782 meditaretur,
3303 1718 3540 1772 Palamae

243 1816 370 1851 νουν
397 1799 444 1851 οί
469 1799 570 1866 τῆς
602 1799 680 1870 (1)
716 1800 1045 1873 Παλαμικῆς
1088 1792 1249 1875 δόξης
1276 1805 1605 1876 αἱρεσιῶται
1630 1823 1646 1838 ο
1678 1808 1833 1861 τουτὶ

1940 1805 2156 1859 assecla:
2188 1814 2248 1859 ut
2301 1821 2468 1877 quam
2510 1806 2802 1863 celerrime
2852 1822 2942 1862 me
2997 1817 3224 1863 necaret
3257 1808 3540 1864 adhortati

245 1893 356 1961 γὰρ
388 1891 445 1943 ὲν
480 1891 676 1963 βραχεῖ
714 1892 816 1965 τὴν
853 1895 986 1963 ὃλην
1036 1896 1184 1968 ἔχειν
1224 1899 1467 1967 ἔφασκον
1500 1899 1831 1970 ἀπαλλαγὴν

1940 1906 2084 1953 sunt.
2120 1897 2259 1953 Nam
2288 1897 2363 1953 ita
2383 1915 2511 1953 eum
2545 1898 2795 1954 breviab
2829 1900 2980 1954 omni
3019 1899 3192 1955 animi
3239 1909 3389 1955 metu
3426 1916 3539 1970 quo

244 1984 346 2052 τῆς
374 1985 473 2056 τὴν
511 1985 641 2057 ὅλην
672 1987 741 2041 δι’
767 1987 866 2057 ἐμὲ
893 1989 1072 2061 ψυχὴν
1101 1992 1441 2063 ἀσχολούσης
1473 1993 1623 2063 αὐτῷ
1661 2010 1829 2064 φρον-

1940 2000 2165 2060 propter
2199 2007 2287 2046 me
2333 2000 2628 2047 vexaretur
2684 1990 2909 2047 liberari
2963 1992 3350 2059 alﬁrmabant;
3388 1992 3540 2062 ipsos

244 2077 410 2140 τίδος.
450 2079 557 2133 Καὶ
612 2078 937 2151 τοῦγκλημα
985 2083 1133 2138 λύειν
1173 2086 1330 2139 αὐτοὶ
1382 2087 1520 2156 πρὸς
1548 2087 1683 2141 Θεὸν
1730 2089 1835 2142 ὐπ-

1940 2089 2120 2137 autem
2151 2082 2363 2136 crimen
2399 2082 2666 2152 precibus
2692 2082 2807 2138 suis
2838 2082 2981 2153 apud
3015 2083 3190 2138 Deum
3214 2085 3538 2154 expiaturos

247 2170 533 2238 ιτχνοῦντο
566 2175 783 2241 μεσῖται
821 2175 1163 2247 γιγνόμενοι.
1197 2179 1358 2245 Τοῦτ’
1391 2181 1580 2250 ἔμοιγε
1619 2180 1832 2249 βέλτιον

244 2261 306 2315 ὂν
345 2263 446 2316 οὐκ
497 2259 771 2331 οἷδ’ὃπως
804 2269 970 2332 αὐτὸς
1019 2271 1123 2324 οὐκ
1165 2272 1406 2342 ἠθέλησε
1461 2274 1617 2345 δρᾷν.
1674 2272 1834 2343 Ἐμοὶ

250 2358 351 2426 μὲν
396 2357 507 2428 γὰρ
561 2354 710 2430 εἶχεν
765 2361 831 2415 ἄν
885 2380 1002 2425 πως
1054 2366 1540 2438 ἀπαλλαγὴνστῶν
1591 2367 1721 2439 ἑξῆς
1771 2370 1833 2421 τὸ

250 2451 485 2520 πρᾶγμα
515 2451 728 2517 δεινῶν,
761 2455 912 2525 αύτῷ
956 2455 1005 2510 δ’
1041 2457 1351 2526 ἀνθρώπων
1395 2458 1460 2512 ἄν
1497 2477 1614 2523 πως
1654 2460 1836 2514 ἀπάνο

248 2557 363 2596 των
402 2544 630 2607 ὄνειδος.
680 2547 771 2600 Διὸ
806 2550 900 2602 καὶ
929 2550 1152 2619 ’τρόπον
1206 2549 1580 2621 ξυννενοηκὼς
1628 2555 1833 2624 εὐπρε-

251 2638 538 2707 πέστερον,
572 2640 862 2712 ὑπερόριον
894 2644 1158 2714 πατρεδος
1190 2646 1289 2699 καὶ
1321 2645 1621 2717 βασιλικῶν
1655 2650 1833 2702 επαύ-

249 2730 388 2783 λεων
409 2731 732 2803 ἀπειληφὼς
752 2736 810 2798 ές
842 2735 1249 2806 Θεσσαλονίκην
1265 2739 1554 2810 ἀπήνεγκε
1576 2739 1831 2808 τάχιστα,

254 2822 472 2893 μητρὸς,
497 2824 595 2893 μὲν
626 2828 722 2880 καὶ
753 2819 1015 2896 γυναικὸς
1056 2831 1289 2901 ἔρημον,
1324 2832 1445 2884 ὑπὸ
1473 2834 1729 2902 φρουροῖς
1776 2833 1858 2910 δὲ⁸

249 2919 347 2970 καὶ
378 2918 606 2987 φύλαξιν
635 2921 711 2986 ὡς
743 2924 940 2995 νήπιον
972 2928 1090 2980 ἐκεῖ
1118 2928 1213 2980 τὸν
1246 2928 1540 2997 εἰκοσαετῆ
1584 2930 1676 2983 καὶ
1700 2912 1832 2982 παί-

249 3007 358 3063 δων
402 3009 507 3080 ἤδη
542 3013 763 3084 πατέρα
820 3033 887 3085 με
942 3018 1293 3071 καταστάντα
1347 3019 1833 3086 παιδαγωγεῖσθαι

252 3105 641 3177 προστεταχὼς
668 3109 729 3160 ὲν
754 3108 974 3179 ἀδέσμῳ
1004 3113 1142 3175 τέως
1175 3115 1392 3183 εἱρκτῇ·
1425 3116 1520 3168 καὶ
1558 3114 1705 3167 οὕτω
1735 3116 1834 3185 τὴν

248 3193 396 3263 ἐμὴν
445 3197 719 3252 ἀπουσίαν
777 3201 1139 3272 εὐπρόσωπον
1207 3205 1501 3276 εὐκαιρίαν
1544 3202 1625 3269 οἷς
1675 3205 1833 3260 ὢδινε

1934 2188 2075 2228 esse.
2115 2173 2270 2240 Quod
2313 2173 2449 2228 mihi
2493 2190 2625 2229 sane
2680 2175 2951 2245 optimum
3004 2176 3203 2231 fuisset
3260 2184 3316 2232 et
3347 2178 3538 2231 nescio

1936 2281 2032 2319 cur
2067 2266 2252 2321 facere
2279 2266 2544 2321 noluerit.
2578 2266 2714 2321 Nam
2741 2266 3030 2323 liberasset
3061 2283 3147 2322 me
3182 2268 3252 2323 ab
3278 2271 3537 2349 omnibus

1935 2368 2291 2428 quaeseeutae
2319 2369 2452 2414 sunt
2484 2360 2746 2416 miseriis.
2790 2360 2898 2430 Ipsi
2932 2375 3066 2416 vero
3099 2363 3284 2417 nescio
3321 2378 3390 2416 an
3424 2379 3545 2416 οιιι-

1936 2453 2091 2506 nium
2127 2452 2491 2522 opprobrium
2526 2462 2711 2513 ortum
2766 2464 2932 2509 esset.
2963 2437 3142 2520 Quare
3191 2456 3541 2511 commodius
3594 2478 3599 2484 ~

1934 2544 2142 2614 aliquid
2172 2545 2510 2624 excogitavit
2554 2555 2608 2601 et
2645 2560 2812 2616 quam
2845 2547 3139 2617 celerrime
3189 2561 3220 2601 e
3256 2548 3434 2624 patria
3481 2554 3539 2602 et

1936 2636 2102 2706 regiis
2151 2621 2380 2693 sedibus
2441 2638 2891 2709 Thessalonicam
2951 2654 3040 2694 me
3081 2638 3311 2704 abduxit
3362 2620 3541 2695 matre.

1936 2746 2054 2784 mea
2079 2739 2131 2785 et
2167 2745 2339 2785 uxore
2380 2731 2593 2785 relicta.
2640 2712 2835 2801 Ibique
2873 2747 2960 2786 me
2998 2731 3192 2803 viginti
3238 2747 3413 2787 annos
3445 2749 3543 2788 na-

1938 2833 2051 2877 tum
2077 2825 2301 2894 jamque
2335 2823 2574 2878 ﬁliorum
2610 2832 2822 2893 patrem
2859 2832 3118 2893 tanquam
3153 2824 3420 2880 infantem
3443 2841 3540 2880 cu-

1936 2915 2191 2974 SIodibus
2226 2916 2574 2971 tractandum
2623 2915 2777 2971 dedit
2813 2916 2868 2970 in
2918 2916 3093 2971 libera
3128 2917 3402 2972 custodia.
3448 2916 3539 2973 1η-

1938 3005 2098 3061 terim
2150 3005 2268 3075 ipse
2304 3014 2623 3074 opportuno
2663 3004 2926 3060 absentiae
2969 3021 3107 3061 mea:
3143 3014 3389 3077 tempore
3433 3022 3538 3078 ep-

1937 3099 2069 3153 time
2126 3114 2259 3155 usus
2310 3114 2432 3168 quae
2455 3099 2567 3169 jam
2600 3100 2776 3165 multo
2810 3108 2939 3155 ante
2988 3099 3174 3155 animo
3205 3115 3393 3157 secum
3440 3116 3538 3156 vo-

1937 3191 2212 3247 lutaverat
2248 3203 2549 3261 exsecutus
2577 3200 2684 3247 est.
2718 3190 2792 3247 Ut
2826 3193 2932 3247 hoc
2975 3200 3248 3260 .quartum
3282 3194 3537 3249 testimo-

250 3286 423 3340 πάλαι
451 3288 732 3359 σκέμμασι
767 3292 862 3345 νῦν
892 3296 1198 3366 ἐχαρίζετο.
1233 3298 1352 3351 Ἵνα
1378 3300 1485 3370 γὰρ
1519 3305 1613 3354 καὶ
1639 3303 1836 3372 τέταρ·

1940 3284 2093 3338 nium
2134 3285 2352 3340 consilii
2414 3285 2535 3356 ejus
2575 3284 2802 3340 afferam
2853 3285 3000 3356 quod
3041 3286 3408 3357 jurisjurandi
3441 3286 3540 3341 fal-

249 3399 342 3435 τον
369 3384 530 3438 τοῦτο
571 3388 793 3455 προσθῶ
838 3406 928 3459 μοι
975 3390 1056 3461 τῷ
1088 3391 1234 3463 λόγῳ
1268 3394 1468 3462 δεῖγμα
1506 3394 1604 3463 τῆς
1639 3392 1709 3447 δι’
1743 3396 1833 3465 ὅρ-

250 3489 364 3526 κων
425 3474 719 3545 ἀπατηλῶν
776 3478 926 3549 αὑτῷ
971 3482 1095 3534 κατ’
1149 3482 1285 3553 ἐμοῦ
1343 3482 1831 3554 συσκευαζομένης

254 3561 511 3634 μελέτης,
536 3566 590 3630 ις
620 3566 868 3622 τοιοῦτον.
897 3569 1073 3641 πέρας
1112 3573 1207 3625 καὶ
1233 3570 1379 3626 οὕτω
1404 3572 1671 3643 δυστυχὲς
1705 3574 1832 3644 ἐμοὶ

248 3650 361 3704 τῶν
394 3655 641 3723 πατρίων
684 3657 912 3713 ἐκείνων
955 3659 1434 3730 περιεληλυθότων
1458 3663 1661 3733 -ὅρκων
1683 3702 1697 3726 ,
1734 3664 1833 3715 καὶ
1866 3713 1882 3728 ,

252 3741 397 3799 οὕτω
439 3764 509 3816 με
550 3750 834 3818 τραγικῶν
882 3754 1413 3823 περιστοιχισάντων
1458 3755 1704 3810 δικτύων
1736 3756 1834 3810 καὶ

253 3838 368 3891 ὅσαι
399 3838 630 3894 θανάτου
660 3843 898 3911 γείτονες
945 3844 1012 3898 ὲκ
1055 3845 1151 3899 τοῦ
1183 3846 1501 3917 προφανοῦς
1550 3849 1659 3901 εἰσι
1694 3865 1834 3917 συμ-

256 3933 420 4002 φοραὶ
462 3935 599 4002 πρὸς
644 3935 959 4003 ἀπόγνωσιν
1001 3939 1186 3991 πᾶσαν
1224 3939 1544 3993 ὲλαύνουσαι
1584 3939 1733 4011 βίου,
1779 3941 1836 3993 τί

252 4019 359 4072 ἔδει
392 4027 607 4087 ποιεῖνς
646 4023 946 4097 Ιᾙσχαλλον
966 4027 1201 4104 κομιδῇ,
1226 4027 1503 4101 ἠνιώμην,
1533 4030 1710 4100 μέσην
1734 4029 1835 4082 αύ-

251 4114 353 4181 τὴν
408 4116 721 4189 ἐκοπτόμην
750 4117 958 4193 ψυχὴν,
1010 4122 1365 4192 ἐμακάριζον
1406 4124 1535 4189 τοὺς
1571 4123 1837 4189 θανόντας

255 4208 461 4277 μᾶλλον
494 4210 527 4282 ἦ
555 4212 682 4273 τοὺς
704 4213 829 4282 ἐμοὶ
867 4214 1255 4285 παραπλήσιον
1283 4214 1517 4283 ζῶντας,
1547 4217 1683 4272 Θεὸν
1708 4220 1840 4271 έπε-

252 4302 481 4374 6οὼμην
514 4303 769 4378 μάρτυρά
796 4324 858 4359 τε
902 4306 1005 4377 τῆς
1035 4307 1250 4373 ἀδικίας
1296 4310 1394 4363 καὶ
1439 4308 1559 4381 ἅμα
1588 4310 1838 4382 τιμωρὸν

251 4395 359 4450 τῶν
387 4396 599 4479 δεινῶν.
641 4399 807 4455 ῗΑλλά
855 4402 950 4457 καὶ
989 4400 1165 4466 οὕτως
1215 4403 1394 4474 ἔχοντι
1440 4404 1571 4475 ἥκει
1603 4404 1836 4476 λαθρσῖά

254 4506 349 4558 μοι
395 4491 703 4562 γράμματα
730 4495 866 4565 πρὸς
917 4495 1016 4549 τοῦ
1064 4495 1258 4577 Κράλη
1315 4496 1569 4567 Σερόίας·
1617 4498 1685 4550 ού
1716 4500 1838 4569 γὰρ

252 4577 447 4648 πόρρω
471 4595 576 4632 που
607 4581 710 4651 γῆς
736 4581 835 4653 τὰς
859 4582 1143 4653 διατριϐὰς
1180 4584 1331 4653 αὐτῷ
1366 4585 1646 4639 ποιεῖσθαι
1677 4586 1837 4652 ξυνέ-

1939 3375 2099 3431 laeiis
2153 3376 2208 3429 in
2241 3391 2327 3432 me
2366 3375 2624 3441 intendit,
2679 3390 2805 3431 eum
2866 3376 3155 3446 promissis
3218 3392 3343 3447 qua:
3395 3379 3539 3448 patri

1942 3468 2175 3524 dederat
2217 3470 2357 3524 male
2395 3469 2461 3524 ad
2513 3450 2732 3524 irritum
2764 3469 3004 3525 redactis
3037 3477 3147 3525 tam
3174 3470 3311 3525 diris
3367 3470 3544 3542 plagis

1941 3571 2130 3630 septus
2161 3576 2339 3617 essem
2374 3572 2430 3617 et
2467 3561 2706 3616 miseriis
2760 3576 2883 3631 qua:
2932 3562 3125 3617 mortis
3171 3560 3420 3617 contines
3462 3562 3544 3615 vi-

1942 3654 2147 3711 dentur
2174 3653 2336 3725 169
2364 3668 2576 3724 nosque
2624 3652 2694 3708 ad
2727 3667 3003 3709 summam
3035 3653 3162 3708 vitae
3190 3636 3540 3722 desperatio-

1944 3760 2070 3799 nem
2106 3744 2412 3806 adducunt,
2443 3743 2577 3812 quid
2625 3742 2938 3797 faciendum
2968 3742 3126 3797 erat?
3176 3742 3433 3812 Erumpit
3459 3742 3546 3796 in-

1942 3832 2224 3902 dignatio;
2266 3832 2321 3886 in
2364 3847 2605 3887 mmrore
2649 3831 2942 3902 iacebam;
3004 3832 3078 3897 ob
3136 3831 3318 3887 intimi
3366 3832 3540 3886 animi

1953 3927 2238 3981 tristitiam
2273 3925 2609 3995 plangebar;
2646 3925 2834 3981 beatos
2893 3924 3257 3999 praedicabant
3292 3934 3542 3981 mortuos

1945 4020 2131 4090 potius
2161 4033 2328 4089 quam
2366 4020 2460 4088 qui
2519 4018 2777 4074 vivebant
2826 4033 3081 4084 mecum;
3119 4018 3288 4073 Deum
3317 4028 3535 4084 \testcm

1946 4110 2271 4167 invocabam
2306 4110 2632 4181 injuriarum
2679 4118 2736 4164 et
2765 4103 3002 4165 ultorem
3030 4109 3385 4181 ﬂagitiorum.
3417 4112 3541 4190 βοά

1946 4203 2064 4272 ipsa
2095 4201 2199 4257 hac
2233 4203 2289 4257 in
2349 4201 2671 4257 conditione
2723 4202 2866 4257 clam
2925 4202 3060 4256 milii
3112 4203 3313 4259 litterae
3362 4203 3543 4259 allata:

1946 4304 2077 4352 sunt
2103 4295 2284 4351 Cralis
2322 4293 2553 4351 Serviae.
2584 4293 2685 4350 Cui
2721 4295 2951 4365 prepius
2974 4295 3240 4351 accedere
3272 4311 3384 4351 non
3408 4310 3544 4351 con-

1948 4388 2107 4458 tigit;
2137 4403 2309 4459 quare
2335 4387 2673 4444 domesticas
2713 4396 2934 4443 nostras
2964 4387 3214 4443 fortunas
3243 4386 3543 4458 ignoravit.

1946 4481 2069 4537 Jam
2096 4481 2189 4536 diu
2222 4491 2389 4538 totam
2424 4481 2705 4552 regionem
2740 4481 2987 4551 possedit
3013 4496 3191 4550 usque
3233 4481 3301 4535 ad
3339 4479 3545 4536 muenia

1949 4576 2363 4631 Thessalonicae
2423 4573 2578 4630 urbt
2637 4589 2760 4640 qute
2823 4589 2912 4630 me
2968 4576 3238 4629 miserum
3292 4573 3541 4628 inclusit.

252 4670 466 4736 ﬁatvsv,
496 4672 564 4725 ἵν’
591 4673 743 4745 αὐτῷ
756 4677 869 4728 οιαὶ
897 4676 968 4729 τὰ
991 4677 1240 4747 ἡμέτερα
1270 4676 1335 4749 [ι.
1371 4678 1475 4733 157
1493 4678 1548 4750 a|
1571 4681 1835 4749 ἀγνοῆται

1943 4667 2288 4724 Nuntiabant
2318 4676 2503 4723 autem
2534 4668 2738 4722 litterae
2773 4682 2804 4722 e
2840 4667 3059 4722 duobus
3087 4668 3323 4755 alterum
3360 4675 3543 4719 utrum

254 4766 480 4832 ἐφέστια
508 4766 681 4839 πάθησ
713 4769 890 4823 πάντα
918 4771 1032 4841 γὰρ
1062 4764 1210 4840 εἶχεν
1243 4770 1379 4825 ἐλὼν
1421 4774 1489 4825 ἐκ
1535 4772 1734 4825 πολλοῦ
1768 4773 1837 4826 τὰ

257 4861 422 4931 μέχρι
461 4860 658 4937 τειχῶν
687 4860 788 4926 τῆς
821 4863 1054 4933 ἐχούσης
1094 4881 1163 4929 με
1198 4864 1290 4916 τὸν
1334 4864 1688 4934 ταλαίπωρον
1737 4864 1838 4916 πό-

252 4952 390 5016 λεως
414 4953 537 5006 τότε
564 4953 988 5025 Θεσσαλονίκης.
1019 4957 1214 5025 Ἔλεγε
1236 4956 1293 5010 δέ
1315 4974 1405 5028 μοι
1437 4957 1507 5011 τὰ
1529 4958 1839 5027 γράμματα

253 5044 402 5098 δυοῖν
440 5046 698 5118 ὁπότερον
726 5047 794 5101 ἂν
838 5050 964 5120 ἐμοὶ
1005 5049 1323 5120 βουλομένῳ
1377 5067 1438 5116 γε
1482 5052 1566 5120 εἴη
1602 5051 1837 5121 ἀποκρί-

253 5139 537 5209 νασθαι,ἢ
590 5147 848 5210 γυναικὸς
896 5144 985 5198 διὰ
1033 5144 1134 5209 τὰς
1176 5145 1385 5215 μεταξὺ
1424 5144 1598 5215 τύχας
1627 5143 1839 5213 ἔρημον

254 5232 356 5303 ήδη
391 5250 458 5302 με
491 5232 623 5287 ὄντα
658 5237 759 5305 τὴν
792 5237 1002 5290 ἐκείνου
1039 5235 1482 5306 γυναικαδέλφην
1528 5235 1838 5304 ἀγαγέσθαι

257 5340 315 5375 τε
346 5326 586 5389 γυναῖκα
614 5327 709 5379 καὶ
745 5325 1019 5392 σώζεσθαι
1050 5328 1192 5397 μετά
1219 5329 1320 5399 τῆς
1375 5330 1608 5393 πόλεως,
1645 5329 1679 5395 ἦ
1715 5343 1842 5380 συν-

260 5418 575 5487 απαχθῆναι
593 5420 669 5490 τῷ
694 5422 797 5490 τῆς
826 5424 1038 5476 ἐκείνου
1067 5422 1339 5493 θαλάττης
1359 5421 1587 5491 κύματι,
1611 5421 1843 5491 βιαιότε-

266 5519 352 5569 ρον
389 5506 730 5561 ὶπιτίθεσθαι
756 5512 839 5580 τῇ
866 5510 1022 5563 πόλει
1068 5511 1384 5581 μέλλοντος.
1436 5509 1574 5563 Κατ’
1605 5510 1841 5580 ἐμαυτὸν

266 5590 353 5648 οὖν
381 5598 505 5666 ἐμοὶ
534 5601 812 5670 γενομένῳ
852 5605 946 5655 καὶ
982 5604 1364 5675 ξυννενοηκότι
1412 5603 1487 5674 μὴ
1518 5597 1657 5656 εἶναι
1703 5604 1842 5671 μήτε

272 5684 537 5760 βάρὸαρον
573 5694 699 5763 μήτ’
730 5696 904 5764 ἀσεϐῆ
955 5697 1046 5748 τὸν
1078 5697 1262 5761 δεξιὰν
1292 5698 1416 5767 ἐμοὶ
1460 5695 1844 5766 παρεχόμενον

272 5781 659 5854 κινδυνεύοντι,
689 5787 868 5840 ὁποῖοι
895 5786 974 5859 τῷ
1005 5789 1259 5861 πενθερῷ
1281 5792 1403 5843 κατ’
1448 5787 1585 5858 ὶμοῦ
1620 5805 1848 5858 συμμα-

274 5871 419 5937 χοῦσί
442 5890 500 5926 τε
537 5877 628 5928 καὶ
662 5876 923 5945 συζῶσιν,
956 5878 1072 5932 ἀλλ’
1109 5881 1308 5950 εύσεόἦ
1345 5898 1405 5932 τε
1440 5880 1536 5932 καὶ
1568 5879 1843 5949 ὁμόδοξον,

347 5998 419 6069 (l;
447 5998 546 6070 Τῇ,
588 5999 801 6054 addidit
832 6000 1110 6056 Bulvinus.

1940 4764 2078 4818 mihi
2103 4764 2425 4833 eligendum
2454 4776 2602 4824 esse.
2640 4770 2829 4815 utrum
2848 4761 2953 4830 'qui
2984 4759 3039 4814 in
3082 4758 3224 4814 tristi
3256 4773 3377 4813 mea
3405 4771 3544 4811 con-

1940 4858 2167 4915 ditione]
2188 4872 2358 4911 uxore
2388 4855 2687 4909 destitutus
2713 4869 2895 4910 essem
2939 4853 3112 4923 ipsius
3143 4852 3334 4906 uxoris
3374 4866 3546 4906 soro-

1942 4966 2058 5004 rem
2094 4950 2150 5003 in
2199 4947 2619 5005 matrimonium
2656 4946 2861 5000 ducere
2912 4954 2969 4999 et
3002 4960 3129 4998 eum
3158 4946 3297 4999 urbe
3331 4945 3542 5001 servari

1941 5042 2165 5109 vellem,
2207 5056 2285 5095 aut
2307 5038 2482 5110 abripi
2517 5039 2687 5093 maris
2709 5037 2972 5093 ﬂuctibus
3006 5036 3101 5105 qui
3135 5036 3259 5092 urbi
3311 5036 3380 5091 ab
3423 5036 3544 5109 ipso

1942 5135 2391 5190 admoverentur.
2448 5131 2640 5200 Itaque
2678 5145 2802 5185 cum
2858 5130 3105 5185 animum
3148 5145 3332 5184 meum
3369 5129 3541 5184 colle-

1942 5226 2144 5297 gissent
2170 5234 2224 5280 et
2257 5223 2651 5279 intellexissem
2681 5221 2776 5292 qui
2804 5217 2887 5276 'iu
2921 5237 3105 5276 rerum
3138 5221 3412 5292 angustiis
3448 5236 3545 5274 au-

1946 5320 2138 5375 xilium
2188 5318 2323 5373 mihi
2358 5317 2586 5374 oll‘erret
2639 5332 2817 5386 neque
2851 5315 3149 5371 barbarum
3197 5329 3320 5368 esse
3363 5326 3545 5382 neque

1946 5411 2201 5482 impium,
2232 5410 2423 5480 quales
2459 5423 2712 5464 socerum
2762 5407 2818 5460 in
2860 5421 2947 5460 me
2993 5405 3262 5477 adjuvant
3313 5404 3543 5474 ejusque

1946 5506 2080 5560 socii
2115 5515 2266 5566 sunt,
2295 5502 2392 5558 sed
2429 5502 2577 5572 piunt
2611 5510 2669 5557 et
2722 5499 3084 5566 confidelem;
3117 5514 3148 5553 e
3182 5498 3399 5552 duobus
3436 5493 3545 5547 illis
3634 5510 3638 5515 α

1920 5598 2093 5668 ~quod
2123 5595 2471 5655 commodius
2501 5602 2623 5674 erat
2650 5592 2814 5674 elegi.
2849 5590 2964 5647 Hoc
2994 5606 3120 5645 cum
3178 5587 3533 5649 innotuissel,

1948 5688 2211 5744 custodes
2245 5688 2350 5742 mei
2381 5656 2546 5756 quam
2572 5656 2863 5741 celerrime
2893 5699 2951 5740 se
2980 5684 3300 5753 Byzantium
3344 5690 3543 5733 contu-

1950 5784 2134 5838 lerunt
2164 5790 2222 5838 et
2257 5797 2348 5835 res
2395 5794 2569 5836 novas
2616 5778 2998 5832 enuntiarunt.
3047 5774 3216 5829 Socer
3246 5771 3407 5843 17o
3440 5786 3543 5824 au-

1954 5889 2061 5934 tem
2096 5874 2238 5931 fama
2273 5881 2498 5942 accepta
2535 5874 2588 5926 in
2622 5872 2805 5942 quiete
2840 5885 2961 5926 esse
2996 5860 3394 5941 amplius‘non
3448 5878 3545 5932 ιιο-
