4088 6480
543 379 638 446 151
1131 411 1137 416 ·
1437 374 1444 380 ’
1731 391 2150 451 NICEPHORI
2189 385 2571 450 GREGORE

3673 382 3782 447 152

534 499 740 554 tionem
770 514 926 556 mens
957 517 1075 558 mea
1106 503 1409 572 advolaret,
1446 515 1498 560 et
1530 505 1582 560 in
1621 507 1915 562 reconditis
1947 506 2121 585 rebus’

2212 505 2382 576 δημόν
2436 520 2560 555 τινα
2605 499 2700 553 καὶ
2757 497 3096 568 ὑψηλοτέραν
3137 493 3372 566 Θεωρίαν
3424 495 3779 558 ἀναπετάσας

531 607 657 643 cum
741 594 1135 662 tr..uquillitatc
1209 597 1438 664 quadam
1518 599 1684 652 animi
1765 601 2144 652 versaretur.’

531 681 759 735 Max-ima
799 684 944 737 enim
997 701 1120 754 pars
1147 687 1262 756 ejus
1293 677 1434 742 anni
1469 704 1579 758 quo
1611 689 1796 742 multis
1827 689 2104 758 periclita-

533 774 777 829 tionibus
823 778 1066 832 externis
1114 794 1292 848 neque
1333 779 1512 833 adhuc
1565 780 1795 834 sublatis
1841 780 2103 834 sollicita-

532 866 728 921 bamur
779 880 1102 940 consumpta
1155 882 1293 936 erat,
1334 887 1401 925 ex
1448 873 1642 927 avibus
1687 886 1808 940 quae
1861 888 1960 926 nos
1997 872 2106 925 cir-

532 961 917 1015 cumvolabant
966 963 1058 1016 ubi
1096 964 1246 1018 verni
1301 965 1565 1032 temporis
1601 978 1848 1019 essemus
1899 979 2101 1034 cogno-

529 1049 729 1104 vimus.
785 1051 975 1122 Neque
1019 1054 1163 1107 enim
1205 1054 1404 1108 durum
1453 1065 1511 1110 et
1553 1055 1853 1109 absurdum
1905 1069 2101 1109 sonum

531 1142 766 1198 edebant
799 1143 904 1198 illae
939 1145 1165 1200 vocibus
1191 1145 1399 1216 frigore
1446 1147 1780 1210 constrictis,
1812 1149 1905 1201 sed
1934 1147 2102 1200 libere

532 1233 922 1300 prmdicabant,
992 1252 1090 1306 per
1137 1253 1315 1292 aerem
1368 1237 1660 1301 sonabant,
1717 1253 1816 1306 per
1881 1253 2103 1292 nemora

530 1327 826 1381 cnutabant
857 1337 914 1382 et
941 1327 1236 1382 arboribus
1263 1328 1566 1385 insidentes
1588 1330 1828 1384 ’Vocibus
1851 1319 2026 1385 acutis
2049 1338 2105 1382 et

531 1418 794 1472 suavibus
845 1431 1112 1474 concentu
1177 1420 1411 1490 quodam
1457 1421 1758 1476 certabant.
1811 1420 1928 1486 Quo
1975 1435 2104 1474 can-

536 1506 642 1559 tico
681 1506 840 1576 175
875 1508 1255 1564 dulcissimum
1302 1525 1397 1563 ver
1447 1508 1652 1564 factum
1701 1518 1808 1573 est,
1843 1509 1913 1563 ita
1963 1520 2024 1562 ut
2066 1509 2102 1560 ii

533 1612 754 1666 quoque
785 1601 877 1668 qui
903 1600 1050 1654 domi
1083 1600 1277 1657 inclusi
1320 1610 1479 1655 erant
1532 1602 1738 1670 primas
1783 1601 1928 1656 illius
1961 1600 2106 1654 veris

533 1688 844 1755 voluptates
897 1693 1179 1761 percipere
1236 1701 1482 1762 possent.
1556 1691 1652 1747 llis
1711 1693 1877 1748 rebus
1937 1693 2103 1746 etiam

535 1777 706 1833 animi
747 1781 854 1835 mei
913 1782 1251 1850 exspectatio
1307 1783 1360 1836 in
1411 1781 1842 1852 Agatliangelum
1891 1781 1959 1836 ad
2007 1795 2107 1834 nos

536 1885 886 1926 reversurum
915 1875 1148 1930 sublime
1177 1873 1491 1928 advolabat.

2208 597 2302 650 τοῦ
2324 597 2416 649 νοῦ
2446 595 2507 647 τὸ
2537 593 2759 663 πτερὸν,
2805 593 2903 646 καὶ
2929 594 3044 653 τοῖς
3090 589 3425 660 ἀπορρήτοις
3456 587 3569 639 τῶν
3604 587 3779 640 ὄντων

2209 688 2569 757 ἐνδιατρίϐειν
2602 686 2785 752 ἀφιεὶς
2826 686 2883 736 ἐν
2936 683 3148 751 γαλήνῃ
3201 679 3312 733 τινὶ
3349 677 3628 748 λογισμῶν
3674 677 3779 744 τὴν

2205 783 2469 836 διάνοιαν.
2497 779 2656 832 Ἐπεὶ
2689 780 2748 831 δὲ
2781 776 2876 830 καὶ
2915 776 3011 828 τοῦ
3066 777 3219 836 ἔτους
3265 773 3476 825 ἐκείνου
3526 771 3587 824 τὺ
3631 769 3783 822 πλεῖ-

2210 861 2336 924 οτον
2370 871 2470 941 ήδη
2504 869 2728 940 παρῄει,
2765 870 2822 920 ὲν
2855 861 2897 936 ᾧ
2929 865 3146 928 πολλοῖς
3185 864 3292 916 τῶν
3330 862 3530 926 ἔξωθεν
3561 864 3780 914 ἐντετυ-

2207 965 2477 1036 χήκειμεν
2513 962 2582 1015 αὖ
2612 959 2956 1030 πειρασμῶν,
2991 957 3072 1010 ἔτι
3101 957 3146 1010 δ’
3175 955 3270 1008 οὖν
3299 954 3408 1006 τῶν
3441 951 3644 1022 ἥκιστα
3673 968 3780 1004 πε-

2209 1056 2413 1108 σόντων
2445 1053 2710 1122 ὤφθημεν
2753 1051 2848 1117 ξύν
2905 1066 2970 1118 γε
3034 1048 3175 1118 Θεῷ,
3210 1048 3457 1114 ἔγνωμεν
3519 1045 3628 1098 κάκ
3671 1044 3783 1096 τῶν

2206 1147 2310 1217 ήδη
2350 1144 2776 1214 περιπταμένων
2808 1145 2942 1212 ἡμῖν
2971 1141 3178 1211 ὀρνέων
3224 1140 3322 1194 καὶ
3363 1141 3469 1208 ὅπη
3509 1136 3604 1189 τοῦ
3643 1133 3783 1207 ἦρος

2207 1239 2401 1305 εἴημεν
2445 1234 2771 1305 τηνικαῦτα.
2826 1233 2904 1287 Οὐ
2958 1233 3068 1302 γὰρ
3127 1232 3433 1298 πεπνιγότα
3484 1230 3608 1282 τινὰ
3681 1227 3783 1280 καὶ

2207 1330 2441 1398 δύσηχον
2495 1329 2698 1381 ἐδίδουν
2761 1326 2851 1381 τὸν
2920 1326 3156 1394 φθόγγον
3217 1323 3611 1392 συνθλιϐόμενά
3659 1337 3784 1384 πως

2210 1418 2276 1492 [Γ.
2313 1419 2411 1474 158
2441 1417 2498 1490 b]
2522 1419 2590 1471 τὰ
2623 1419 2908 1486 φωνητικά
2926 1418 3038 1471 τῶν
3059 1417 3304 1483 ὀργάνων
3324 1416 3428 1468 ὑπὸ
3451 1415 3546 1468 τοῦ
3576 1415 3784 1484 κρύους

2210 1511 2415 1571 αὐτοῖς,
2441 1509 2580 1562 ἀλλὰ
2605 1508 2698 1561 τὸν
2725 1507 3033 1577 ἐλευθέριον
3061 1507 3182 1578 ,ἢδη
3233 1505 3434 1575 τρόπον
3495 1503 3784 1570 ἐπανηγὺο

2212 1600 2330 1672 ριζέ
2366 1617 2424 1652 τε
2461 1601 2556 1653 καὶ
2595 1599 2755 1660 αὐτὰ,
2805 1599 3022 1652 καὶτὸν
3077 1597 3216 1667 ἀέρα
3267 1595 3634 1664 ὑπερεφώνει,
3683 1593 3785 1646 καὶ

2209 1695 2466 1761 περιήχει
2496 1694 2565 1745 τὰ
2587 1692 2748 1760 ἄλση,
2779 1690 2875 1744 καὶ
2901 1692 3014 1752 τοῖς
3067 1688 3343 1758 δένδρεσιν
3393 1685 3784 1756 ἐπικαθήμενα

2211 1784 2348 1852 πρὸς
2379 1783 2614 1852 ἅμιλλαν
2656 1781 2990 1850 ἐφθέγγοντο
3031 1781 3238 1849 ἀναμὶξ
3297 1779 3520 1849 λιγυρόν
3575 1795 3630 1830 τι
3685 1777 3785 1831 καὶ

2139 1867 2182 1925 Β
2214 1873 2414 1943 εὔηχον
2467 1873 2564 1927 καὶ
2611 1869 2723 1926 οἷον
2785 1874 2963 1926 εἰπεῖν
3019 1871 3374 1940 ἐναρμόνιον*
3430 1869 3525 1922 xal
3562 1868 3786 1938 ἥδιστον

535 1959 786 2029 ἐγίγνετό
808 1979 924 2026 πως
939 1964 1038 2033 ἔαρ
1073 1967 1102 2034 ἡ
1129 1965 1356 2018 ἐκείνων
1403 1965 1538 2036 ᾠδὴ,
1560 1965 1633 2027 ὡς
1663 1966 1759 2020 καὶ
1790 1965 1916 2028 τοὺς
1960 1965 2100 2019 οἶκοι
2138 1965 2410 2033 δήπουθεν
2477 1965 2969 2034 ἐγκεκλεισμένους
2998 1961 3378 2018 ἀναδιδάσκειν
3431 1961 3698 2014 δύνασθαι
3714 1960 3786 2012 τὰ

533 2054 745 2123 τερπνὰ
778 2053 873 2107 τοῦ
912 2050 1046 2126 ἦρος
1070 2057 1280 2125 ἐφόδια.
1309 2057 1420 2110 Καὶ
1471 2053 1541 2128 ἦν
1568 2058 1702 2127 ἡμῖν
1723 2059 1813 2112 διὰ
1846 2054 2020 2111 ταῦτα
2085 2059 2180 2110 καὶ
2220 2060 2282 2146 τρ
2309 2052 2416 2127 ’τῆς
2457 2059 2638 2129 ψυχῆς
2701 2057 3060 2127 ἐλπιζόμενον
3110 2056 3168 2122 ἐς
3217 2055 3318 2127 τὴν
3370 2052 3785 2122 Ἀγαθαγγέλου

532 2149 843 2221 παρουσίαν
873 2146 986 2205 οἷον
1010 2152 1416 2223 ἐπτερωμένον.

845 2344 1452 2361 .C‘mo-
1478 2352 1836 2363 Ἢ

999 2526 1996 2661 ΝΙΚΗΦΟΡΟΥ
2098 2527 2450 2662 ΤΟΥ
2544 2526 3333 2665 ΓΡΗΓΟΡΑ

1365 2727 2212 2899 ΡΩΜΑΙΚΗΣΙ
2263 2781 2962 2897 ΙΣΤΟΡΙΑΣ

1829 3014 2198 3102 ΛΟΓΟΣ
2269 3016 2476 3101 KH'.

1061 3393 1192 3543 Ν
1199 3387 2104 3545 ICEPHORI
2155 3395 2160 3402 ’

2260 3387 3228 3546 GBEGOR/E

1135 3681 2180 3821 _BYZANTIN/E
2259 3682 3104 3796 HlSTORI/E

1322 3925 1677 4015 LIBER
1747 3926 2417 4021 VICESIMUS-
2462 3925 3037 4020 OCTAVUS.

607 4273 830 4345 1761.
853 4272 989 4329 Cum
1016 4275 1253 4345 primum
1274 4285 1428 4338 (etas,
1456 4284 1676 4344 peracta
1698 4276 1832 4332 albae
1853 4285 2132 4331 senectu-t

2285 4271 2444 4344 [Cod.
2478 4259 2611 4342 Reg.
2635 4270 2822 4342 (1276)
2848 4272 2888 4327 r.
2922 4271 3050 4344 tat]
3080 4273 3160 4328 A'.
3197 4275 3358 4343 Ἀρτι
3422 4275 3480 4328 δέ
3519 4276 3616 4329 τοῦ
3652 4280 3787 4348 χρό-

532 4365 606 4419 tis
641 4365 855 4434 hyeme,
880 4365 1072 4418 niveos
1092 4364 1317 4433 capillos
1341 4373 1394 4418 et
1425 4364 1672 4418 floridam
1700 4367 1879 4421 denuo
1901 4366 2108 4434 recepit

529 4455 841 4528 juventutis
871 4455 1069 4510 faciem
1103 4465 1159 4509 et
1203 4456 1388 4510 suavia
1435 4455 1642 4519 lumina
1684 4459 1745 4524 in
1779 4458 1931 4512 verni
1974 4466 2108 4511 tem-

531 4548 685 4619 poris
735 4548 1006 4602 suavitate
1064 4548 1279 4617 aperuit
1338 4567 1352 4602 :
1408 4549 1600 4626 iterum
1656 4550 1731 4626 ad
1799 4565 1900 4604 nos
1957 4549 2110 4603 venit

530 4639 943 4710 Agathangelus
976 4649 1166 4693 noster
1207 4639 1381 4693 media
1439 4625 1553 4694 fere
1581 4625 1740 4695 nocte
1793 4641 1899 4695 levi
1947 4639 2105 4709 pede.

529 4731 667 4784 Cum
720 4745 820 4784 nos
869 4731 1162 4785 salutasset
1215 4741 1270 4786 et
1322 4733 1688 4796 recubuisset,
1748 4731 2005 4786 narrabat
2039 4731 2107 4786 de

533 4821 731 4889 quovis
781 4821 1080 4874 amicorum
1135 4834 1190 4877 et
1227 4823 1664 4878 commilitonum
1712 4833 1976 4891 quantum
2013 4838 2108 4890 pn-

533 4921 692 4966 terat.
726 4915 797 4966 Ex
827 4929 911 4968 me
943 4923 1122 4969 autem
1146 4923 1345 4984 praeter
1367 4925 1561 4970 cmtera
1587 4914 1798 4968 audivit
1826 4929 2104 4968 sacrarum

531 5003 867 5059 Litterarum
904 5005 1093 5072 libros,
1124 5009 1216 5076 qui
1249 5007 1393 5076 apud
1425 5022 1509 5060 me
1537 5021 1713 5074 usque
1746 5006 1814 5059 ad
1846 5006 1948 5061 hoc
1973 5015 2108 5060 tem—

531 5109 638 5163 pus
670 5095 925 5160 fuissent,
961 5097 1206 5151 sublatos
1235 5111 1355 5151 esse
1379 5110 1570 5150 omnes
1599 5111 1626 5148 a
1654 5097 2106 5164 persecutoribus

532 5197 762 5255 repente
797 5188 1186 5244 invadentibus
1211 5199 1266 5243 et
1297 5191 1368 5244 ob
1401 5205 1668 5244 summam
1695 5205 1816 5258 quae
1845 5200 1958 5244 tum
1989 5202 2108 5246 erat

531 5279 786 5348 layemem
822 5279 1189 5349 in0pportuue
1220 5295 1279 5334 se
1326 5280 1458 5333 mihi
1493 5280 1683 5334 adesse
1717 5296 1816 5335 nec
1846 5283 2106 5350 perfacile

534 5369 742 5437 aliquid
775 5382 1218 5438 persecuturum.
1251 5371 1403 5439 Aqua
1458 5386 1588 5424 vero
1633 5372 1754 5441 gelu
1807 5374 2103 5429 constricta

529 5459 648 5512 ﬁeri
705 5457 813 5514 ubn
870 5476 1073 5530 posse,
1133 5462 1212 5514 uti
1275 5463 1638 5529 plerumque,
1699 5473 1756 5515 ut
1826 5479 2104 5517 narrarem

537 5551 694 5619 177
722 5551 786 5604 ad
825 5553 1062 5605 calidum
1098 5536 1286 5619 potum
1318 5552 1446 5618 uisi,
1477 5569 1598 5607 cum
1645 5553 1786 5609 forte
1809 5555 1890 5609 sol
1920 5556 2107 5610 densis

533 5643 775 5696 nubibus
808 5644 1050 5714 disjectis
1082 5643 1266 5698 radios
1300 5661 1396 5713 per
1430 5645 1724 5700 fenestram
1772 5647 1825 5701 in
1877 5647 1984 5702 hoc
2011 5664 2107 5702 cu-

531 5733 774 5787 biculum
805 5750 985 5790 meum
1017 5744 1271 5804 tanquam
1297 5737 1348 5791 in
1373 5742 1664 5793 obscurum
1697 5741 2101 5809 receptaculum

534 5825 869 5894 immisisset,
911 5843 1107 5898 aquam
1145 5829 1290 5885 illam
1323 5835 1389 5886 ad
1427 5830 1726 5888 bibendum
1759 5831 2102 5888 adhiberem.

2209 4382 2303 4417 vou
2336 4367 2436 4426 τὰς
2475 4365 2868 4427 λευκανθεῖσας
2893 4365 3042 4434 αὐτῷ
3066 4365 3160 4418 τοῦ
3199 4369 3384 4436 γήρως
3413 4367 3788 4434 ἀποξέσαντος

2209 4457 2497 4527 χειμερίας
2522 4457 2616 4509 καὶ
2643 4451 2756 4509 οἷον
2795 4447 2974 4508 εἶπείν
3010 4457 3284 4526 χιονώδεις
3314 4461 3507 4528 τρῐχας
3541 4462 3636 4513 καὶ
3692 4465 3786 4516 ἀνα

2211 4545 2381 4616 Θηρὸν
2416 4545 2771 4615 ἁνειληφότος
2799 4547 2859 4610 ἐξ
2889 4547 3148 4641 ὑπαρχῆς
3176 4547 3350 4617 τὸτῆς
3373 4549 3591 4617 ἡλικίας
3612 4552 3785 4619 πρόσ-

2208 4654 2385 4702 ωπον,
2420 4636 2515 4690 καὶ
2539 4638 2637 4699 τὰς
2666 4637 2899 4706 ἡλιακὰς
2956 4636 3251 4704 λαμπάδας
3304 4641 3682 4708 ἁκμαιοτέρας
3727 4645 3788 4694 ἐν

2212 4728 2408 4797 μέσαις
2435 4729 2538 4797 ἥδη
2569 4729 2690 4789 ταῖς
2728 4729 2946 4795 ἠριναῖς
2993 4727 3345 4790 ἁπλώσαντος
3385 4725 3785 4801 χάρισιν,ἦκ‹..
3835 4765 3840 4772 ς

2209 4820 2365 4882 αὖθις
2407 4821 2539 4889 ἡμῖν
2565 4822 2593 4872 ό
2633 4819 2802 4881 καλὸς
2829 4819 3233 4888 ’Δγαθάγγελος
3290 4821 3422 4891 περὶ
3475 4820 3648 4888 μέσας
3679 4839 3784 4874 που
3842 4825 3849 4839 ‘

2209 4911 2416 4974 νύκτας
2454 4910 2644 4980 ἡσύχῳ
2679 4910 2822 4964 ποδί.
2867 4911 2978 4964 Kal
3035 4910 3356 4982 προσειπὼν
3414 4913 3507 4964 καὶ
3550 4912 3786 4974 καθίσας

2209 5005 2305 5056 καὶ
2333 5003 2676 5071 ἀπαγγείλας
2710 5004 2811 5070 μὲν
2840 5005 3006 5067 αὐτὸς
3035 5006 3165 5074 περὶ
3212 5005 3445 5057 ἑκάστου
3472 5007 3582 5056 τῶν
3613 5003 3787 5072 φίλων

2209 5096 2343 5164 ἡμῖν
2407 5099 2502 5147 καὶ
2558 5081 2841 5150 συνάθλων
2903 5098 3005 5150 ὅσα
3061 5098 3228 5160 εἰκὸς,
3283 5097 3471 5167 μαθὼν
3517 5097 3562 5149 δ’
3608 5095 3674 5150 αὖ
3727 5097 3786 5161 ἐξ

2209 5189 2344 5256 ἐμοῦ
2377 5189 2444 5240 τά
2475 5204 2533 5238 τε
2583 5189 2718 5242 ἄλλα
2747 5190 2842 5242 καὶ
2874 5190 2956 5243 ὅτι
2984 5191 3052 5244 τὰ
3084 5190 3178 5242 καὶ
3228 5190 3391 5260 μέχρι
3422 5189 3519 5243 νῦν
3565 5208 3786 5258 συμπα-

2213 5279 2553 5349 ραμείναντά
2587 5295 2677 5347 μοι
2701 5279 2801 5346 τῆς
2827 5279 2977 5341 θείας
3007 5279 3233 5348 Γραφῆς
3283 5278 3568 5350 ἀφῄρηται
3603 5279 3784 5348 βιϐλία

2211 5371 2394 5425 πάντα
2413 5371 2550 5439 πρὸς
2573 5369 2682 5422 τῶν
2709 5370 2956 5424 διωκτῶν
3002 5369 3267 5440 ἐξαίφνης
3318 5371 3780 5434 ὲπεισπεσόντων,

2209 5464 2305 5515 καὶ
2335 5463 2417 5514 ὅτι
2448 5462 2537 5515 διὰ
2570 5462 2668 5530 τὴν
2703 5462 2796 5514 τοῦ
2828 5462 3131 5532 τηνικαῦτα
3162 5463 3434 5532 χειμῶνος
3463 5465 3651 5533 ἀκμὴν
3682 5481 3782 5517 ται

2210 5554 2503 5623 λαιπώρως
2535 5555 2695 5624 ἐπῄει
2720 5571 2810 5623 μοι
2845 5556 2941 5608 καὶ
2971 5555 3113 5608 πάνυ
3153 5555 3410 5624 χαλεπῶς
3459 5556 3658 5610 ἀνύσαι
3685 5575 3788 5626 με·

2212 5644 2346 5708 mea
2379 5645 2448 5696 τά.
2472 5644 2519 5696 τ’
2542 5644 2696 5706 ἄλλα,
2733 5645 2826 5696 καὶ
2851 5646 2934 5696 ὅτι
2982 5645 3498 5714 κρυσταλλούμενον
3543 5648 3604 5698 τὸ
3633 5647 3779 5717 ὕδωρ

2213 5737 2316 5804 οὐκ
2350 5732 2417 5801 ἦν
2452 5736 2526 5796 ὡς
2562 5736 2631 5785 τὰ
2668 5735 2843 5786 πολλά
2875 5753 2963 5804 μοι
2998 5735 3182 5804 ῥᾴδιον
3227 5736 3350 5787 ὅθεν
3388 5737 3781 5805 παραμυθήσο-

2215 5847 2313 5900 μαι
2345 5829 2477 5900 πρὸς
2509 5829 2567 5883 τὸ
2606 5829 2700 5883 τοῦ
2738 5833 2979 5900 πόματος
3007 5829 3400 5901 χλιαρὼτερον,
3435 5831 3573 5900 πλὴν
3610 5831 3642 5902 ἢ
3687 5833 3777 5884 ὅτε
