4088 6532
482 338 580 437 tot

1704 361 2129 423 NICEPHORI
2171 358 2554 422 GREGORE

3626 358 3742 422 138

550 478 688 535 XlV.
722 477 839 534 iam
886 490 1016 530 vero
1057 474 1430 529 Gcnuensium
1484 486 1573 527 res
1616 486 1740 526 cum
1791 471 1859 526 ad
1909 472 2050 525 hanc

2224 471 2318 522 Μ’.
2356 471 2463 523 Καὶ
2513 472 2610 539 μὲν
2651 469 2717 540 δὴ
2771 471 2827 533 ἐς
2863 467 3022 523 τοῦτο
3069 454 3506 540 κατενεχθέντων
3546 470 3744 541 τύχης

483 571 720 626 fortuna:
749 568 1124 623 conditionem
1166 565 1389 634 deiecta:
1419 572 1637 626 essent,
1669 578 1769 619 nec
1814 563 2050 632 amplius

480 662 632 717 cives
662 674 774 714 rem
814 657 1109 711 militarem
1140 671 1337 710 ornare
1369 662 1617 724 possent,
1649 654 1811 723 plane
1833 653 2051 707 omissis

484 750 598 805 fere
628 749 882 804 omnibus
913 747 1104 809 armis.
1143 746 1430 810 militibus,
1459 747 1625 807 victu,
1650 744 1966 798 metuebant
1983 757 2050 797 ne

432 838 725 909 ,liostium
784 836 941 907 193
991 836 1152 892 facile
1210 818 1411 905 captivi
1453 834 1675 889 -redditi
1735 833 1790 886 in
1853 832 2050 886 nefan-

481 931 606 986 dam
645 945 708 984 ac
746 937 963 998 turpem
995 928 1297 998 perniciem
1336 926 1663 981 inciderent.
1714 926 1892 993 Atque
1945 938 2052 1005 una

483 1035 607 1073 cum
630 1019 957 1074 mulieribus
987 1028 1040 1073 et
1074 1018 1264 1072 liberis
1308 1025 1363 1072 et
1414 1027 1526 1071 tota
1556 1016 1778 1071 civitate
1823 1013 2052 1069 seditio-

486 1127 611 1163 nem
670 1110 947 1164 faciebant
1002 1119 1191 1180 utpote
1248 1109 1456 1163 exortis
1501 1108 1726 1162 diversis
1780 1116 1835 1161 et
1889 1089 2054 1159 variis

482 1202 724 1255 consiliis
755 1210 810 1255 et
857 1200 1003 1255 inter
1036 1216 1095 1255 se
1133 1202 1291 1254 valde
1324 1199 1793 1293 discreppntibus,
1826 1208 2053 1251 cuncta-

481 1308 589 1361 que
619 1292 936 1361 reipublica:
974 1293 1280 1359 antiquitus
1332 1289 1580 1344 instituta
1612 1289 1764 1343 brevi
1810 1298 2054 1356 tempore

483 1385 849 1438 sustulerunt.
887 1382 945 1436 In
994 1382 1355 1437 finitimorum
1392 1396 1525 1434 vero
1555 1394 1678 1435 sese
1726 1387 2053 1447 potestatem

476 1472 757 1526 tradendo
810 1489 842 1526 e
880 1472 1038 1526 mulis
1076 1471 1362 1525 minimum
1410 1470 1716 1539 elegerunt.
1765 1468 2055 1522 Finitimos

482 1563 629 1616 enim
671 1563 765 1631 qui
824 1562 1120 1616 altissimos
1171 1561 1387 1642 Alpium
1444 1570 1660 1614 montes
1712 1560 1964 1613 incolunt
1999 1568 2056 1611 et

488 1666 758 1709 terrenam
789 1670 1007 1724 semper
1031 1654 1196 1708 vitam
1243 1661 1451 1722 agunt.
1505 1653 1635 1706 olim
1686 1667 1785 1720 per
1833 1652 2054 1722 longum

487 1758 701 1816 tempus
735 1747 984 1800 hostilem
1040 1746 1092 1798 in
1126 1745 1348 1798 modum
1402 1759 1499 1799 eos
1527 1745 1800 1798 vexabant
1833 1752 1888 1797 ct
1920 1736 2063 1811 prie:

2157 563 2267 614 τῶν
2295 565 2437 615 κατὰ
2471 563 2734 617 Γέννουαν
2765 563 3127 632 πραγμάτων,
3164 566 3260 618 καὶ
3288 564 3457 633 μηδὲν
3502 565 3583 618 ἔτι
3616 568 3746 618 τῶν

2157 655 2365 724 ταύτην
2411 655 2707 708 οἰκούντων
2756 654 2979 708 ἔνοπλον
3010 655 3171 724 ἔργον
3218 654 3352 725 δρᾷν
3385 655 3745 725 δυναμένων,

2158 741 2327 812 ἄρδην
2356 743 2608 794 ἁπάντων
2641 741 2846 810 σχεδὸν,
2868 743 2943 804 ὼς
2967 743 3206 811 εῐρηται,
3232 742 3599 812 ἐφθαρμένων
3626 742 3749 814 ἤδη

2160 835 2253 887 καὶ
2279 832 2461 888 ὅπλων
2492 834 2585 885 καὶ⁵
2615 833 2824 903 ἀνδρῶν
2855 833 3185 902 ὁπλομάχων
3212 836 3307 887 καὶ
3325 834 3425 887 ὅσα
3458 834 3566 893 τῶν
3602 834 3759 888 seu):

2158 925 2351 996 δίμων,
2395 925 2490 978 καὶ
2523 925 2800 987 δείσαντες
2840 925 2914 994 μὴ
2949 927 3057 988 τοῖς
3089 924 3365 995 πολεμίοις
3395 927 3460 979 ἐκ
3498 926 3596 979 τοῦ
3635 927 3751 998 ρᾁ

2161 1027 2287 1068 στου
2329 1015 2698 1077 καταστάντες
2735 1014 3001 1084 άλώσιμοι
3052 1014 3144 1068 τὸν
3195 1015 3468 1085 ἐπάρατόν
3523 1033 3582 1070 τε
3642 1018 3755 1069 καὶ

2161 1107 2445 1175 αἴσχιστον
2485 1107 2533 1157 οἱ
2569 1104 3019 1175 περιλειφθέντες
3048 1106 3359 1177 όφλήσωσιν
3382 1108 3608 1178 ὀλεθρον
3645 1109 3758 1161 αὑ-
3806 1108 3828 1118 ’

2160 1199 2283 1259 ταῖς
2311 1197 2527 1263 γυναιξὶ
2562 1198 2658 1250 καὶ
2706 1198 2865 1250 παισὶ
2904 1198 3000 1250 καὶ
3049 1198 3201 1250 πόλει
3255 1201 3322 1268 τῇ
3372 1201 3543 1272 πάσῃ,
3612 1199 3753 1253 κατ’

2161 1289 2409 1359 ἀλλήλων
2445 1304 2502 1340 τε
2527 1289 2877 1353 ἐστασίασαν,
2906 1288 3182 1359 διαφόρων
3225 1292 3319 1342 καὶ
3349 1282 3614 1344 ⁴ιιξοικιῖλων
3645 1292 3755 1344 αὑ-

2160 1382 2273 1441 τοῖς
2302 1379 2691 1448 βουλευμάτων
2726 1381 3081 1446 άναφυέντων
3107 1380 3204 1434 καὶ
3229 1372 3755 1451 σφόδραάσυμφὼ-

2160 1489 2268 1525 νων
2300 1472 2575 1542 ἀλλήλοις,
2608 1473 2704 1525 καὶ
2736 1471 2854 1542 ἅμα
2888 1473 3067 1526 πάντα
3112 1471 3420 1542 ἀνέτρεψαν
3453 1473 3511 1525 ἐν
3540 1472 3757 1542 βραχεῖ

2163 1560 2229 1614 τὰ
2264 1560 2430 1615 πάλαι
2460 1560 2561 1629 τῆς
2608 1558 2886 1621 πολιτείας
2911 1559 3121 1613 ἑαυτῶν
3153 1561 3387 1629 νόμιμα,
3416 1561 3534 1623 τοῖς
3565 1562 3755 1612 ἀστυ-

2163 1652 2401 1718 γείτοσιν
2449 1650 2680 1712 ἑαυτοὺς
2740 1651 2923 1704 ἑκοντὶ
2974 1650 3314 1721 παραδόντες
3364 1652 3752 1720 ὑποχειρίους,

2162 1740 2255 1793 τοῦ
2291 1739 2538 1810 μείζονος
2576 1742 2750 1792 κακοῦ
2783 1743 2843 1792 τδ
2878 1740 3212 1810 κουφότερον
3241 1740 3616 1811 ἀνθελόμενοι.
3660 1743 3757 1795 ’Λ-

484 1838 758 1892 dabantur
798 1852 1129 1906 quocunque
1174 1837 1431 1891 volebant
1475 1835 1605 1890 anni
1639 1845 1907 1905 tempore.
1944 1835 2061 1889 Me-

2175 1832 2514 1899 πτυγείτονας
2554 1830 2608 1883 δέ
2648 1848 2794 1902 φημι
2821 1830 2872 1884 οἳ
2916 1833 3018 1894 τὰς
3068 1830 3207 1903 ὑπὲρ
3258 1833 3508 1904 κεφαλῆς
3555 1834 3756 1886 αὐτῶν

483 1929 821 1984 diolanensis
851 1938 934 1983 est
961 1930 1106 2000 regis
1136 1929 1351 1984 colonia
1374 1970 1388 1994 ,
1437 1928 1570 1983 urbs
1602 1939 1782 1993 vetus,
1820 1927 2057 1983 diﬂicilis

484 2008 735 2076 hostibus
779 2020 847 2075 ad
878 2020 1333 2091 oppugnandum.
1381 2021 1471 2086 Et,
1503 2021 1648 2089 quod
1702 2022 1935 2076 maxime
1989 2023 2060 2074 ti-

485 2114 741 2169 mendam
766 2113 908 2167 hanc
934 2122 1152 2184 gentem
1185 2115 1405 2184 populis
1432 2114 1524 2183 qui
1545 2113 1696 2167 circa
1723 2114 1912 2167 colunt
1933 2112 2060 2168 red-

483 2205 588 2270 dit,
622 2218 803 2274 regem
838 2204 961 2273 ejus
1006 2202 1346 2258 horrendum
1378 2213 1541 2272 atque
1571 2203 1862 2264 invictum.
1905 2202 2062 2257 locus

484 2298 770 2351 montibus
799 2297 916 2351 fere
945 2295 1191 2365 undique
1223 2296 1353 2350 altis
1393 2304 1557 2365 atque
1608 2295 1772 2349 inviis
1807 2310 1835 2348 a
1867 2294 2063 2350 natura

487 2389 735 2444 munitus
764 2389 1094 2458 plerumque
1117 2401 1238 2440 sese
1273 2386 1392 2455 ipse
1420 2388 1485 2440 ab
1515 2386 1767 2442 hostibus
1792 2387 2059 2444 defendit.

484 2482 622 2537 Nam
654 2481 779 2535 aliis
816 2479 1074 2550 gentibus
1107 2481 1192 2534 vis
1237 2479 1485 2548 equitum
1528 2478 1949 2534 innumerabilis
2009 2486 2065 2532 et

488 2573 757 2627 maximus
801 2573 1078 2626 exercitus
1122 2571 1214 2624 vix
1243 2570 1471 2624 abarcct
1518 2570 1784 2632 hostium.
1820 2570 1909 2625 his
1935 2582 2068 2625 vero

488 2679 658 2737 parva
689 2662 847 2718 facile
875 2662 1031 2732 copia
1056 2701 1071 2726 ,
1116 2678 1241 2717 cum
1290 2670 1511 2717 niontes
1542 2661 1688 2717 circa
1728 2661 1816 2716 siti
1847 2671 2070 2715 natura-

485 2754 592 2808 lem
619 2753 913 2822 quamdam
941 2751 1009 2806 ad
1055 2750 1462 2807 defendendum
1490 2749 1816 2807 societatem
1843 2748 1987 2804 inter
2008 2762 2067 2803 se

485 2843 750 2899 habeant.

2163 1919 2547 1983 κατοικοῦντες
2576 1919 2776 1990 ὕψιστα
2811 1920 2912 1991 ὅρη
2942 1920 3052 1975 τῶν
3092 1923 3346 1977 ’Δλπιων
3374 1924 3467 1977 καὶ
3498 1924 3757 1994 ἠπειρω-

2164 2010 2317 2065 τικὸν
2364 2014 2452 2067 ἀεὶ
2472 2012 2748 2080 διάγοντες
2786 2011 2921 2082 βίον,
2964 2013 3135 2067 πάλαι
3165 2013 3334 2068 πολύν
3370 2031 3491 2068 τινα
3547 2016 3759 2084 χρόνον

2171 2102 2425 2174 μαχίμως
2475 2105 2625 2171 σφίσι
2673 2103 2939 2157 διέκειντο
2989 2105 3086 2159 καλ⁸
3118 2104 3425 2176 ἐπολέμουν
3467 2108 3562 2161 καὶ
3595 2105 3758 2177 ἐληΐ-

2167 2193 2323 2260 ζοντο
2376 2194 2498 2248 καθ’
2527 2196 2595 2260 ἃς
2645 2195 2931 2250 ἐϐούλοντο
2962 2197 3110 2267 ὧρας
3158 2199 3355 2260 αὑτοὺς
3404 2199 3580 2255 αὑτοί.
3634 2199 3797 2251 Μεν

2168 2285 2392 2340 διόλανα
2421 2286 2468 2340 δ’
2502 2287 2690 2352 αὑτοῖς
2721 2289 2754 2359 ἡ
2786 2288 2883 2341 τοῦ
2917 2290 3087 2359 ρηγός
3115 2289 3234 2341 ἐστι
3281 2291 3560 2350 κατοικία,
3588 2288 3761 2353 πόλις

2173 2380 2377 2448 ἀρχαία
2403 2397 2460 2433 τε
2492 2382 2589 2432 καὶ
2632 2380 2942 2444 δυσάλωτος
2979 2382 3287 2450 πολεμίοιςν
3315 2383 3381 2435 '0
3417 2382 3474 2436 δὲ
3504 2382 3762 2453 μάλιστα

2172 2473 2392 2526 πάντων
2418 2473 2649 2542 φοϐερόν
2673 2475 2785 2536 τοῖς
2813 2474 2981 2543 πέριξ
3004 2473 3066 2526 τὸ
3095 2473 3248 2537 ἔθνος
3269 2473 3426 2526 τοῦτο
3449 2477 3620 2542 ποιεῖ,
3656 2476 3764 2529 καὶ

2170 2565 2261 2617 τὸν
2290 2564 2481 2617 τούτου
2515 2564 2661 2636 ρῆγα
2694 2565 2839 2631 μάλα
2876 2582 2928 2618 τι
2963 2564 3422 2620 δυσαντίϐλεπτον
3466 2566 3561 2619 καὶ
3578 2570 3765 2621 ἀκατ-

2169 2657 2493 2725 αγώνιστον,
2548 2661 2630 2712 ὅτι
2678 2659 2706 2711 ὀ
2757 2658 2920 2720 τόπος
2968 2656 3121 2726 δρεσι
3167 2658 3355 2730 σχεδὸν
3407 2658 3765 2729 πανταχόθεν

2171 2750 2402 2821 ὑψηλοῖς
2427 2752 2522 2805 καὶ
2543 2751 2828 2814 δυσϐάτοις
2843 2741 3264 2821 ’τετειχισμένας
3280 2751 3502 2822 ὑπὸτῆς
3532 2750 3766 2821 φύσεως

2172 2841 2381 2896 ἄϐατον
2409 2841 2487 2905 ὡς
2520 2841 2588 2895 τὰ
2622 2843 2795 2895 πολλὰ
2828 2844 3115 2911 πολεμίοις
3143 2845 3233 2897 τὸν
3264 2845 3517 2898 πλεῖστον
3557 2846 3768 2915 χρόνον

484 2936 793 3005 τετήρηκεν
850 2936 1071 3003 ἑαυτὸν,
1138 2937 1350 3005 ὀλίγαις
1406 2934 1672 3005 δυνάμεσι
1751 2932 2059 3005 χρώμενος.
2104 2932 2168 3006 [Γ.
2214 2932 2420 3007 1091⁸.]
2465 2936 2673 3027 Ὃχὰρ
2711 2939 2825 3002 τοῖς
2888 2939 3066 3002 ἄλλοις
3108 2939 3284 3001 ἵππος
3316 2954 3374 2990 τε
3426 2938 3625 3031 μυρίαἱ
3668 2915 3770 2992 καὶ

491 3033 720 3103 στρατὸς
780 3034 1121 3106 παμπληθὴς
1186 3035 1343 3105 μόλις
1384 3036 1547 3103 ἀρκεῖ
1595 3032 1733 3101 πρὸς
1764 3031 2103 3085 ’ἀντιπάλων
2137 3032 2521 3105 άνασοϐήσεις,
2569 3034 2778 3099 τούτοις
2825 3037 3024 3108 ῥᾳδίως
3069 3037 3228 3108 ὀλίγη
3294 3038 3526 3108 δύναμις
3596 3039 3770 3110 ἁρκ.ϊ

485 3125 577 3179 διὰ
615 3127 715 3197 τὴν
742 3127 851 3179 τῶν
880 3126 1042 3198 πέριξ
1076 3128 1221 3196 ὀρῶν
1252 3126 1497 3197 φυσικὴν
1520 3127 1862 3196 συμμαχίαν.

559 3272 674 3328 XV.
709 3271 836 3326 llaec
889 3270 1056 3332 igitur
1090 3286 1223 3343 gens
1271 3269 1649 3326 Gcnuensium
1703 3272 2064 3327 finitimorum

2246 3272 2326 3325 lE'
2387 3273 2460 3326 Τὸ
2494 3270 2558 3341 δὴ
2597 3272 2837 3325 τοιοῦτον
2870 3272 3020 3336 ἔθνος
3056 3273 3155 3343 τὴν
3189 3275 3299 3328 τῶν
3332 3276 3593 3343 γειτόνων
3632 3280 3770 3334 Γεν-

489 3381 618 3421 cum
662 3368 1032 3434 suspicaretur
1064 3364 1229 3435 194
1260 3365 1577 3434 superbiam
1621 3382 1685 3419 ac:
1729 3380 1968 3419 mentem
2006 3365 2074 3418 ad

490 3457 798 3527 perﬁdiam,
821 3469 980 3524 atque
1003 3454 1227 3510 insidias
1247 3455 1398 3508 valde
1420 3457 1732 3511 inclinatam
1748 3466 2076 3525 tnagnopere

491 3565 688 3605 eorum
723 3549 939 3602 animos
972 3549 1305 3603 labefaCtare
1330 3547 1612 3603 studebat.
1643 3547 1756 3602 [lac
1784 3548 2077 3601 occasione

491 3651 720 3709 accepta
761 3640 979 3696 deditos
1002 3640 1162 3695 facile
1192 3642 1244 3695 in
1272 3641 1594 3696 societatem
1627 3650 1947 3711 coegerunt.
1977 3640 2077 3693 At-

491 3750 600 3803 que
632 3731 881 3809 Genuam
918 3732 1114 3787 urbem
1147 3747 1274 3786 cum
1322 3733 1552 3803 ingressi
1592 3741 1787 3791 essent
1821 3742 1878 3786 et
1924 3732 2078 3785 nullo

494 3825 786 3879 resistente
820 3840 1004 3878 rerum
1037 3825 1214 3893 potiti,
1249 3825 1445 3879 multas
1478 3839 1762 3879 murorum
1789 3833 1845 3879 et
1872 3839 2080 3893 propu-

491 3918 847 3988 gnaculorum
877 3927 1061 3986 partes
1093 3926 1384 3986 ceperunt.
1406 3931 1474 3971 ne
1505 3917 1735 3972 forsitan
1762 3926 2078 3988 opportuno

490 4011 547 4065 iu
582 4020 865 4082 posterum
886 4018 1129 4078 tempore
1160 4017 1408 4079 arrepto,
1435 4019 1495 4064 ut
1517 4024 1736 4080 semper
1761 4025 1910 4067 nunc
1940 4025 2094 4095 quo:

492 4117 623 4171 que,
657 4100 829 4157 rebus
864 4100 1027 4157 novis
1050 4102 1362 4156 studerent.

564 4319 707 4377 XVI.
742 4319 837 4375 His
863 4320 1119 4379 ita.factis
1148 4319 1520 4391 Genuensium
1548 4320 1892 4377 intolerabile
1918 4319 2075 4377 inso-

493 4414 680 4470 lentiae
714 4430 854 4469 onus
881 4414 1045 4484 plane
1077 4414 1352 4484 abjectuin
1381 4424 1487 4469 est.
1541 4412 1606 4467 Et
1647 4414 1898 4483 profecto
1930 4413 2080 4468 Deus

497 4508 607 4562 illis
642 4507 907 4579 irrogavit
953 4521 1147 4578 pinnas
1182 4507 1530 4577 injuriarum,
1561 4508 1762 4576 quibus
1799 4508 2078 4564 Romanos

496 4601 805 4655 afﬂixerant
828 4615 1061 4670 qua-que
1086 4602 1155 4654 ab
1181 4601 1302 4653 aliis
1328 4600 1582 4654 similiter
1613 4601 1870 4655 omnibus
1896 4604 2075 4672 genti-

499 4697 601 4750 bus
625 4695 1044 4764 exspectabant.
1086 4694 1362 4764 Neglectis
1394 4695 1542 4748 enim
1587 4694 2077 4777 oninibustivinis

497 4788 735 4858 legibus,
764 4803 868 4843 nec
905 4787 1148 4842 divinant
1186 4786 1450 4841 ultionem
1496 4799 1746 4857 speetant
1792 4804 1893 4843 nec
1925 4804 2079 4842 vere-

498 4882 754 4937 cundiam
788 4879 845 4933 in
877 4879 1147 4936 homines.
1179 4879 1313 4933 Nam
1348 4894 1472 4934 cum
1512 4880 1678 4934 totius
1713 4883 1879 4935 maris
1904 4881 2080 4935 domi-

499 4984 688 5029 natum
726 4976 856 5028 inde
891 4989 920 5026 a
949 4972 1189 5027 Tanaide
1227 4981 1282 5027 ct
1322 4972 1570 5027 Mmotide
1608 4989 1780 5043 usque
1808 4976 1875 5028 ad
1907 4974 2086 5028 Gades

499 5078 556 5123 et
594 5067 848 5121 Herculis
881 5065 1170 5120 columnas
1218 5075 1474 5135 tanquam
1516 5065 1569 5119 in
1620 5067 1851 5122 somniis
1899 5067 2085 5122 videre

501 5161 604 5214 sibi
640 5160 984 5223 viderentur,
1021 5174 1087 5213 ex
1114 5160 1231 5227 ipsa
1272 5161 1446 5229 patria
1472 5158 1630 5229 i-jecti
1660 5162 1816 5215 brevi
1850 5171 2001 5224 sunt,
2031 5171 2087 5216 et

478 5265 626 5303 -cum
657 5248 1051 5316 rempublicam
1100 5250 1299 5318 injuria
1352 5265 1503 5304 suam
1555 5252 1821 5315 facerent,
1856 5266 2083 5320 rempu-

502 5342 701 5394 blicam
737 5355 838 5393 nec
867 5340 1066 5409 injuria
1102 5343 1390 5396 celerrime
1415 5345 1738 5399 amiserunt.
1765 5343 1879 5400 lloc
1903 5355 1985 5399 est
2020 5346 2086 5400 il-

500 5432 610 5486 lius
646 5434 918 5499 proverbii
955 5445 1381 5503 argumentum:
1425 5456 1441 5487 ι
1469 5435 1726 5492 Camelus
1755 5437 1849 5505 qui
1878 5451 2085 5492 cornua

502 5523 640 5587 vult,
674 5539 835 5578 aures
865 5540 1085 5595 quoque
1114 5528 1375 5582 amittit.»
1417 5528 1729 5583 Misericors
1760 5531 1907 5582 enim
1945 5529 2091 5583 Deus

501 5614 708 5675 caused
736 5616 902 5668 etiam
932 5618 1113 5681 justus
1145 5631 1200 5673 et
1224 5627 1444 5689 tempus
1469 5618 1811 5684 poenitentiae
1839 5620 1932 5672 dat
1964 5635 2092 5689 peo-

503 5706 783 5788 catoribus
811 5707 969 5778 195
1003 5725 1119 5779 pro;
1143 5721 1226 5764 ter
1253 5709 1563 5780 justitiam;
1593 5710 1677 5763 sin
1711 5718 1843 5765 \‘ero
1875 5722 2094 5785 tempus

510 5796 854 5864 pmnitcntia:
891 5804 1154 5871 itnpictati
1191 5802 1312 5859 dari
1345 5800 1565 5865 viderit,
1601 5802 1839 5857 cultrum
1876 5802 2092 5862 vulneri

2185 3364 2412 3419 νούῖτῶν
2443 3364 2795 3435 ὑφορώμενον
2823 3365 2997 3435 ὀφρὺν
3030 3369 3121 3419 καὶ
3154 3369 3495 3439 κακότροπον
3526 3373 3611 3435 είς
3645 3372 3773 3427 ἐπι-

2185 3456 2381 3517 ϐουλάς
2420 3458 2702 3523 περίνοιαν
2736 3455 2829 3507 καὶ
2869 3456 3004 3526 πρὸς
3045 3460 3516 3530 παρασπονδήσεις
3553 3465 3769 3535 σφόδρα

2185 3546 2502 3617 ἐπιρῤεπές,
2540 3547 2702 3616 ἔργον
2736 3547 2994 3618 ἐπιμελὲς
3027 3549 3263 3602 ἐποιεῖτο
3294 3552 3433 3621 σφᾶς
3467 3555 3771 3609 ταπεινοῦν

2182 3636 2275 3689 τὸν
2307 3638 2494 3691 ἐνόντα
2523 3640 2725 3707 τρόπον
2752 3640 2861 3693 ἀεὶ.
2887 3639 3002 3693 Νῦν
3026 3639 3205 3700 δέκκαὶ
3236 3645 3433 3714 καιροῦ
3461 3644 3771 3716 λαϐόμενον

2187 3728 2507 3792 ἐνσπόνδους
2536 3731 2884 3801 ὑποχειρίους
2913 3735 3144 3785 ποιεῖται
3178 3735 3400 3805 ῥᾳδίως.
3431 3738 3539 3791 Καὶ
3573 3740 3678 3807 μὲν
3706 3740 3773 3804 δὴ

2185 3822 2278 3873 καὶ
2308 3821 2366 3884 ἐς
2394 3821 2494 3893 τὴν
2524 3823 2677 3875 πόλιν
2708 3822 2971 3878 Γέννουαν
3000 3823 3186 3878 εἰσιὼν
3213 3829 3310 3880 καὶ
3338 3832 3772 3905 ἀναμφισϐήτη-

2182 3929 2272 3976 τος
2307 3915 2492 3983 ἅρχων
2523 3916 2693 3983 αὑτῆς
2729 3917 3143 3982 ἀναγορευθεὶς,
3179 3918 3245 3971 τὰ
3280 3920 3452 3973 πλείω
3486 3922 3633 3993 μέρη
3666 3939 3772 3977 κα·
3850 3948 3867 3956 -

2184 4004 2329 4078 θείλε
2357 4006 2463 4058 τῶν
2492 4006 2677 4077 κύκλῳ
2700 4007 2898 4077 τειχῶν
2926 4009 3019 4060 καὶ
3048 4008 3297 4079 πύργων,
3329 4011 3402 4081 μὴ
3431 3996 3772 4081 καιροφυλαα

2184 4100 2457 4167 κήσαντες
2489 4100 2618 4160 ίσως
2647 4098 2778 4168 ὀψὲ,
2808 4098 2901 4153 τὸν
2929 4098 3164 4155 εἰωθότα
3192 4101 3395 4169 τρόπον
3426 4105 3615 4171 σφίσιν
3645 4104 3769 4169 ἀεὶ,

2185 4191 2462 4272 κάνταῦθα
2493 4192 2895 4263 νεωτερίσωσιν
2920 4194 2969 4245 ot
2995 4195 3202 4266 ταύτης
3230 4196 3539 4267 οἰκήτορες.

2256 4323 2354 4393 1C.”
2366 4364 2381 4379 .
2421 4326 2534 4379 Καὶ
2558 4324 2731 4380 ταῦτα
2761 4326 2867 4397 μιν
2884 4329 3011 4399 τῇδέ
3037 4345 3113 4401 πῃ
3140 4328 3290 4400 ἔσχε,
3321 4333 3417 4384 καὶ
3443 4333 3500 4394 ἐς
3526 4333 3772 4386 τοιοῦτον

2186 4417 2341 4487 ἔληξε
2370 4419 2545 4489 πέρας
2565 4421 2593 4473 ὀ
2611 4419 2712 4490 τῆς
2735 4420 3110 4489 Γεννουῖτικῆς
3132 4423 3334 4493 ὀφρύος
3357 4426 3556 4486 ἄτοπος
3582 4426 3770 4493 δγκος,

2188 4514 2282 4564 καὶ
2314 4513 2348 4582 ὴ
2378 4512 2562 4564 θεόθεν
2592 4510 2962 4582 ἠκολούθησεν
2987 4515 3190 4585 ἀμοιϐὴ
3220 4517 3328 4567 τῶν
3357 4515 3558 4591 ἀδίκων
3590 4517 3774 4587 ἔργων

2188 4607 2416 4657 ἐκείνων
2448 4600 2522 4657 ὧν
2557 4623 2615 4658 τε
2666 4606 2807 4658 κατὰ
2843 4603 3134 4677 Ῥωμαίων
3166 4604 3340 4678 ἧρξαν
3374 4626 3433 4662 τε
3469 4611 3566 4662 καὶ
3608 4626 3773 4662 κατε-

2185 4695 2463 4763 πράξαντο
2490 4698 2582 4749 καὶ
2605 4691 2685 4760 οἷς
2709 4698 2919 4767 ἐτέροις
2944 4699 3391 4771 προσεδέχθησαν
3411 4702 3609 4770 ὁμοίως
3635 4703 3777 4754 ᾶπα-

2190 4804 2272 4841 σιν
2295 4829 2309 4852 ,
2343 4784 2540 4859 ὅρκους
2578 4788 2825 4852 ἅπαντας
2861 4789 3038 4852 θείους
3076 4792 3641 4871 κατόπινιρίψαντες,
3682 4795 3775 4846 καὶ

2192 4882 2343 4951 μήτε
2365 4881 2515 4933 θείαν
2548 4882 2769 4950 νέμεσιν
2802 4880 3024 4951 θέμενοι
3055 4884 3161 4952 πρὸ
3191 4872 3489 4954 ὀφθαλμῶν
3521 4887 3651 4957 μήτ’
3681 4891 3773 4940 άν-

2189 4977 2421 5046 θρώπων
2469 4979 2624 5031 αίδώ.
2663 4978 3213 5051 Ὀνειροπολήσαντες
3262 4984 3368 5052 γάρ
3414 4985 3634 5055 ἁπάσης
3684 4985 3776 5037 θα-

2187 5067 2392 5136 λάσσης
2445 5068 2749 5138 συλλήϐδην
2800 5071 3099 5141 ἠγεμονίαν
3147 5072 3466 5133 άνωθεν’ὲκ
3517 5074 3771 5137 Τανάϊδος

2190 5160 2285 5210 καὶ
2320 5158 2630 5222 Μαιώτιδος
2665 5161 2796 5230 ἄχρι
2837 5161 3107 5232 Γαδείρων
3142 5163 3237 5215 καὶ
3272 5163 3611 5234 Ἡρακλείων
3645 5182 3770 5233 στη-

2192 5250 2322 5313 λῶν,
2349 5250 2444 5302 καὶ
2470 5252 2638 5321 αὐτῆς
2667 5240 3128 5317 ἐξεπεπτῶκεσαν
3155 5256 3214 5309 ἐν
3241 5255 3437 5327 βραχεί
3459 5259 3555 5328 τῆς
3580 5257 3776 5326 πατρί-

2193 5344 2282 5407 δος
2307 5359 2322 5375 ⁶
2351 5346 2443 5398 καὶ
2468 5343 2529 5398 τὸ
2556 5347 2733 5398 κοινὸν
2760 5346 2956 5410 ἀδίκως
2987 5348 3434 5419 ἰδιοποιούμενοι,
3462 5351 3654 5405 ἔλαθον
3684 5350 3777 5402 καὶ

2193 5439 2251 5490 τὸ
2289 5436 2420 5489 ἴδιον
2454 5436 2682 5501 ἐνδίκως
2720 5439 2818 5509 τὴν
2853 5440 3122 5511 ταχίστην
3157 5439 3587 5505 ἀπολωλεκότες.
3621 5442 3775 5495 Τοῦτ’

2186 5530 2362 5581 ἐκεῖνο
2389 5528 2449 5581 τὺ
2476 5531 2574 5599 τῆς
2603 5531 2902 5602 παροιμίας
2927 5532 3219 5603 ἄντικρυς,
3237 5535 3298 5589 ἸΙ
3317 5535 3564 5605 κάμηλος
3591 5535 3778 5588 ἐπιου-

2192 5622 2416 5692 μήσασα
2450 5625 2702 5694 κεράτων
2737 5628 2833 5679 καὶ
2863 5627 2928 5679 τὰ
2958 5621 3074 5679 ὦτα
3106 5627 3527 5697 προσαπώλεσε.
3559 5627 3779 5699 Μακρό-

2192 5714 2362 5784 θυμος
2405 5720 2504 5786 μὲν
2534 5719 2640 5788 γὰρ
2672 5722 2698 5772 ὁ
2727 5720 2883 5783 Θεὸς,
2912 5720 3049 5773 ἀλλὰ
3080 5722 3174 5781 καὶ
3203 5721 3428 5783 δίκαιος.
3461 5722 3570 5774 Καὶ
3599 5720 3776 5774 δίδωσι

2196 5809 2295 5878 μὲν
2324 5811 2515 5879 καιρὸν
2545 5813 2840 5880 μετανοίας
2866 5817 2979 5878 τοῖς
3007 5816 3418 5886 ἁμαρτάνουσιν
3447 5818 3503 5879 ἐς
3530 5814 3655 5878 τοὺς
3681 5812 3777 5881 τῆς
