4088 6512
291 431 390 496 169
1223 413 1676 477 BYZANTIN/E
1713 410 2110 491 HISTORIAE
2147 410 2302 471 LIB.
2341 408 2622 470 XXVIII.
3443 402 3544 467 Πο

289 543 443 610 δίκης
475 535 700 606 θρόνους
721 546 736 562 ·
772 531 838 586 ἂν
870 527 926 582 δὲ
960 526 1054 581 καὶ
1086 525 1178 580 τον
1213 525 1313 595 τῆς
1353 524 1644 594 μετανοίας
1676 522 1867 594 χρόνον

1986 531 2100 578 ante
2128 520 2438 585 adhibebit,
2466 533 2632 590 quam
2673 531 2772 589 per
2813 521 2988 573 totum
3020 522 3404 574 creaturarum
3437 519 3552 587 ple-

293 631 480 704 καιρὸν
504 625 702 688 κακίας
726 624 989 692 θεάσηται
1015 619 1396 688 ποιουμένους,
1419 618 1618 689 χρῆται
1641 616 1720 687 τῷ
1745 615 1864 669 στύ·

1986 631 2123 672 'oma
2154 613 2288 670 illud
2318 613 2555 668 effusum
2587 623 2692 666 est.
3137 622 3143 633 λ

293 699 479 796 φοντι,
506 722 637 792 πρὶν
665 718 768 772 ὑπο
812 715 907 770 τοῦ
936 715 1128 776 ἕλκους
1193 710 1542 780 ἀναλωθῆναι
1608 710 1738 774 τοὺς
1802 707 2220 779 ταλαιπώρους,
2262 706 2410 760 ἆπαν
2449 705 2512 758 τὸ
2553 704 2832 775 πλήρωμα
2870 704 2972 775 τῆς
3014 699 3203 764 οὐσίας
3247 699 3557 772 ὁλοσχερῶς

267 801 280 817 Χ
292 815 730 888 διανεμηθέντος.
789 853 802 860 η
2051 876 2058 890 l

361 913 458 965 IZ'.
495 907 658 962 Ἀλλὰ
686 910 796 976 γὰρ
825 902 1046 956 ἐκείνων
1071 902 1273 955 οὑτωσὶ
1304 899 1622 970 φερομένων
1651 899 1864 952 Καντα-

2045 893 2206 949 XVII.
2247 893 2377 959 Qum
2408 908 2534 948 cum
2577 893 2651 947 ita
2697 907 2755 946 se
2802 891 3092 955 haberent,
3133 891 3554 947 Cautacuzeuus

217 999 222 1003 ’
295 999 552 1071 κουζηνδς
593 1001 620 1052 ὁ
666 997 918 1068 βασιλεὺς
965 993 1134 1049 πολύν
1169 1009 1292 1046 τινα
1336 992 1527 1064 χρόνον
1567 993 1624 1044 ἓν
1665 993 1732 1060 τῇ
1774 989 1867 1042 τοῦ

1986 1002 2105 1056 :mp.
2125 1002 2248 1042 cum
2270 986 2503 1040 multum
2532 983 2796 1054 temporis
2821 983 2876 1040 in
2905 983 3187 1039 Athanari;
3211 987 3551 1040 monastcr'o

309 1092 625 1149 Ἀθανασίου
671 1093 806 1162 μονῇ
849 1087 1070 1159 θεωρῶν
1110 1084 1499 1155 ἀπρακτοῦντα
1539 1083 1632 1137 τὸν
1673 1082 1871 1137 Κάλλι-

1986 1080 2210 1134 Jliosum
2239 1077 2525 1132 Callistum
2564 1075 2794 1141 videret,
2827 1077 2980 1130 misit
3008 1076 3104 1145 qui
3145 1091 3212 1130 ex
3241 1092 3308 1132 eo
3343 1092 3554 1145 qua-ire-

306 1206 447 1253 στον,
470 1189 498 1241 ὅ
518 1205 570 1240 τι
600 1183 849 1257 βούλεταί
877 1184 926 1237 οἱ
952 1179 1176 1252 πέμψας
1203 1178 1392 1251 ἠρώτα
1417 1178 1514 1246 τῆς
1545 1193 1872 1246 πατριαρχι-

1986 1179 2079 1236 ret,
2112 1169 2243 1240 quid
2274 1169 2433 1240 longa
2460 1167 2787 1238 patriarcha:
2813 1168 3059 1223 absentia
3093 1167 3200 1222 sibi
3232 1169 3417 1223 vellet.
3443 1169 3554 1223 No-

302 1283 398 1350 κῆς
433 1279 644 1349 διαίτης
685 1278 719 1346 ἡ
763 1275 956 1348 χρονία
997 1274 1300 1335 διάστασις.
1340 1267 1496 1324 Εἶναι
1539 1268 1600 1342 [ί.
1646 1269 1749 1325 109
1791 1266 1866 1340 υ.]

303 1373 411 1441 γάρ
436 1367 760 1440 φησικδῆλον
795 1367 904 1428 τοῖς
940 1365 1146 1421 ἅπασιν
1179 1363 1254 1428 ὡς
1285 1363 1354 1416 τά
1384 1379 1446 1414 τε
1483 1361 1740 1415 πολιτικὰ
1775 1362 1869 1414 καὶ

304 1465 364 1534 δη
371 1463 530 1532 μόσια
549 1459 656 1512 τῶν
679 1455 1018 1527 πραγμάτων
1037 1454 1354 1522 ἀνθρώπινα
1373 1452 1500 1507 ὅντα
1524 1451 1620 1506 ἀνθ
1631 1452 1868 1521 ρώπους,

310 1556 442 1628 μετά
467 1571 532 1622 γε
562 1551 696 1609 Θεὸν
715 1591 732 1616 ,
764 1550 859 1603 καὶ
889 1547 1012 1612 τοὺς
1048 1548 1294 1609 ἐπόπτας
1326 1544 1512 1616 έχουσι
1544 1546 1644 1598 καὶ
1669 1544 1874 1614 διοικη-

300 1649 422 1712 τὰς,
448 1647 543 1702 ατε
574 1643 826 1714 σύνθημα
852 1640 1012 1704 ὄντας
1036 1639 1215 1711 ψυχῆς
1241 1638 1441 1707 ὁμοίως
1469 1637 1566 1691 καὶ
1593 1637 1865 1707 σώματος.

303 1740 420 1794 Τῶν
469 1737 566 1806 μὲν
610 1734 706 1790 οὖν
754 1731 1081 1804 σωματικῶν
1124 1731 1224 1800 τὴν
1267 1729 1536 1799 διοίκησιν
1589 1727 1869 1804 βασιλεῦσι

1979 1270 2096 1315 tum
2135 1262 2286 1316 enim
2321 1260 2580 1316 omnibus
2608 1273 2768 1324 esse,
2803 1275 2925 1329 qua:
2973 1275 3152 1314 rerum
3201 1259 3550 1330 publicarunt

1978 1355 2194 1424 negotia
2220 1353 2289 1406 ad
2322 1353 2572 1408 homines
2597 1360 2913 1422 spectarent
2953 1359 3152 1421 praeter
3179 1352 3350 1406 Deum
3386 1353 3553 1407 etiam

1979 1447 2296 1502 hominibus
2323 1462 2444 1502 esse
2467 1446 2721 1502 obeunda
2765 1457 2928 1515 atque
2964 1445 3188 1501 tuenda.
3242 1445 3392 1502 Hanc
3438 1462 3562 1502 esse

1978 1540 2353 1596 conditionem
2405 1541 2660 1611 corporis
2687 1550 2744 1595 et
2776 1539 3161 1611 animaezquaa
3208 1540 3277 1594 ad
3330 1555 3561 1609 corpora

1979 1635 2348 1705 pertinerent,
2399 1649 2430 1688 a
2463 1634 2690 1704 regibus
2722 1648 2937 1688 summa
2985 1641 3258 1702 potestate
3314 1633 3564 1703 praeditis

1979 1725 2095 1795 regi
2135 1739 2200 1779 ac
2226 1724 2519 1795 gubernari
2550 1724 2854 1811 secundu/m
2899 1723 3219 1794 reipublicae
3264 1723 3412 1794 leges
3441 1723 3565 1777 lon-

305 1821 585 1902 ῥυθμίζειν
620 1827 713 1880 καὶ
751 1826 976 1878 διοικεῖν
1010 1826 1092 1887 εἰς
1124 1823 1187 1876 τὸ
1231 1821 1440 1892 βέλτιον
1463 1862 1479 1887 ,
1512 1823 1624 1880 τοῖς
1663 1819 1871 1874 ἄνωθεν

1986 1834 2102 1889 gum
2134 1818 2398 1888 temporis
2424 1817 2663 1888 spatium
2695 1817 2972 1882 docuisse;
3006 1831 3132 1886 qua:
3173 1831 3303 1871 vero
3337 1815 3403 1869 ad
3444 1814 3566 1868 ani-

303 1920 665 1994 κεκρατηκόσι
697 1917 989 1979 πολιτικοῖς
1023 1917 1326 1986 ἑπομένους
1352 1906 1566 1984 νόμοις,
1595 1915 1623 1966 ό
1656 1913 1865 1984 μακρὸς

301 2017 603 2088 παρέσχετο
651 2012 859 2084 χρόνος,
905 2010 1016 2063 τῶν
1061 2008 1106 2062 δ’
1136 2003 1204 2062 αὖ
1253 2007 1506 2078 ψυχικῶν
1555 2007 1867 2078 ἱερωτέροις

304 2110 526 2180 ἀνδράσι
545 2147 559 2170 ,
590 2108 703 2169 τοῖς
734 2102 943 2160 ἄνωθεν
973 2101 1348 2173 κεκρατηκόσι
1384 2104 1479 2156 καὶ
1508 2101 1706 2164 αὐτοὺς
1738 2100 1890 2158 ἑπο-,

305 2201 497 2268 μένους
535 2197 722 2252 κανόσι
763 2197 859 2248 καὶ
895 2193 1151 2264 δόγμασι.
1190 2193 1307 2256 Καὶ,
1337 2193 1510 2257 οὕτως
1547 2194 1580 2264 ή
1623 2193 1872 2247 πολιτεία

301 2289 638 2360 διοικουμένη
674 2289 825 2342 πᾶσα
860 2287 996 2358 πρὸς
1030 2287 1284 2350 όμόνοιαν
1316 2285 1742 2355 οἱανδηποτοῡν,
1778 2287 1874 2340 καὶ

303 2383 488 2450 ὥσπερ
527 2381 766 2452 ἔμψυχον
802 2379 860 2434 ἓν
893 2381 1156 2450 γινομένη
1196 2379 1384 2450 σῶμα,
1408 2379 1501 2433 τὸν
1536 2381 1713 2435 πάντα
1732 2379 1872 2448 διέξ-

305 2493 406 2530 εισι
448 2474 675 2545 χρόνον,
711 2473 898 2541 ἐφόδια
950 2472 1264 2546 κεκτημένη
1305 2471 1445 2543 πρός
1495 2490 1556 2525 τε
1590 2473 1651 2526 τὸ
1693 2476 1876 2544 χεῖρον

309 2565 397 2618 καὶ
427 2564 652 2634 βέλτιον,
684 2563 806 2616 καθ’
829 2563 1088 2633 ὁπότερον
1118 2563 1151 2632 ἡ
1180 2563 1289 2615 τῶν
1315 2563 1664 2634 κρατούντων
1688 2581 1748 2618 τε
1780 2572 1878 2618 καί

307 2653 835 2725 οίακοστροφούντων
867 2652 1098 2723 δύναμις
1139 2653 1253 2723 ἔχει
1296 2654 1524 2724 γνώμης
1567 2655 1660 2710 καὶ
1700 2655 1881 2710 διαθέο

309 2762 468 2817 σεως.
506 2747 570 2799 Ei
601 2745 708 2815 γὰρ
741 2743 1153 2812 παρεξάγεσθαι
1187 2745 1416 2813 θάτερον
1450 2744 1747 2815 έρεθίζοιτο
1784 2748 1882 2817 μὲ-

309 2852 398 2907 ρος
423 2834 622 2903 ῥοθίοις
648 2835 932 2888 δπωσποτὲ
956 2835 1053 2888 καὶ
1077 2833 1371 2904 ὀτεδήποτε
1397 2836 1591 2905 βιαίοις
1617 2839 1882 2909 ὲντυγχάσ

308 2943 416 2991 νον,
432 2926 523 2979 τὸν
540 2925 835 2989 ἀϐούλητον
851 2924 1175 2993 δθενδήποτε
1192 2923 1395 2993 τρόπον
1412 2924 1881 2997 ἀντιφερομένοις,
1893 2963 1897 2976 .η

310 3019 411 3073 ὑπὸ
440 3019 667 3090 θατέρου
695 3017 1069 3088 σωφρονίζοιτ’
1093 3017 1160 3071 ἂν
1183 3017 1315 3080 ἴσως
1341 3015 1680 3085 ὑγιαίνοντός
1704 3034 1762 3070 τε
1789 3017 1885 3072 καὶ

307 3113 417 3173 τοῖς
444 3109 676 3180 βελτίοσι
699 3111 982 3180 λογισμοῖς
1006 3108 1104 3172 τὰς
1125 3108 1220 3162 τοῦ
1243 3106 1412 3163 καλοῦ
1441 3108 1712 3180 κρηπῖδας
1738 3109 1886 3180 ἕχον-

1976 1925 2092 1964 mas
2118 1919 2452 1980 spectarent,
2487 1927 2515 1965 a
2538 1910 2712 1970 sacris
2737 1923 2964 1964 summm
2991 1906 3281 1980 potestatis
3321 1908 3566 1962 homini-

1971 2005 2073 2058 bus
2093 2004 2168 2074 .ad
2205 2005 2518 2075 dogmatum
2550 2011 2606 2059 et
2626 1993 2900 2059 canonum
2932 2004 3170 2073 regulas.
3214 2003 3404 2072 Itaque
3445 2015 3566 2055 res-

1970 2097 2198 2168 publica.
2237 2097 2469 2152 omnino
2519 2097 2808 2167 aequaliter
2849 2081 3232 2150 administrata
3300 2088 3567 2163 tanquam

1973 2189 2159 2244 vivum
2199 2204 2404 2261 corpus
2428 2205 2528 2260 per
2567 2205 2732 2244 omne
2762 2199 2980 2260 tempus
3029 2187 3246 2244 stabilis
3270 2203 3565 2258 permane-

1975 2285 2078 2340 bit.
2137 2282 2318 2339 Ilabet
2373 2293 2558 2338 autem
2609 2292 2664 2338 et
2713 2282 2779 2337 ad
2819 2283 3064 2354 pejorem
3096 2292 3152 2337 et
3181 2281 3248 2336 ad
3277 2282 3564 2338 meliorem

1975 2387 2181 2434 statum
2223 2377 2585 2450 perveniendi
2613 2377 2749 2440 vias,
2786 2382 3060 2448 quatenus
3095 2384 3338 2447 potestas
3370 2392 3565 2431 eorum

1977 2472 2072 2542 qui
2111 2481 2307 2542 regunt
2347 2481 2404 2528 et
2429 2471 2776 2542 gubernant,
2811 2485 2935 2526 cum
2965 2469 3260 2540 prudentia
3289 2478 3343 2524 et
3378 2471 3566 2526 consi-

1977 2567 2053 2622 lio
2084 2567 2374 2636 conjuncta
2405 2574 2509 2620 est.
2538 2564 2594 2618 Si
2619 2565 2769 2619 enim
2795 2565 2966 2618 altera
2992 2579 3120 2634 pars
3154 2563 3368 2634 magnis
3392 2563 3568 2619 invite

1981 2657 2240 2714 ﬂuctibus
2289 2655 2450 2727 196
2487 2656 2750 2728 jactatur,
2789 2656 2858 2710 ab
2904 2656 3078 2710 altera
3127 2655 3356 2711 forsitan
3393 2671 3569 2711 reme-

1981 2749 2132 2804 dium
2167 2747 2413 2817 recipiat,
2444 2745 2650 2816 quippe
2679 2761 2803 2816 qua:
2853 2762 2984 2801 sana
3029 2747 3102 2801 sit
3143 2756 3197 2802 et
3243 2747 3566 2804 tnelioriblts

1983 2840 2236 2896 consiliis
2268 2841 2588 2895 constituta.
2621 2839 2860 2895 Necesse
2898 2840 3065 2910 igitur
3103 2855 3225 2896 esse
3251 2856 3320 2894 ex
3347 2840 3568 2897 duobus

1983 2932 2220 2987 alterum
2244 2950 2257 2986 :
2277 2941 2372 2986 aut
2397 2931 2462 2986 ad
2501 2931 2924 3000 patriarchicam
2951 2932 3117 2984 vitam
3157 2933 3336 2986 redire
3360 2940 3416 2987 et
3440 2948 3562 3002 qua:

1985 3022 2230 3093 ejusdem
2266 3027 2556 3092 potestatis
2585 3032 2773 3078 essent
2802 3023 3006 3086 facere,
3040 3031 3136 3078 aut
3165 3025 3416 3094 deposito
3442 3041 3564 3079 mu-

1990 3127 2121 3167 nere
2162 3113 2219 3167 in
2255 3113 2360 3168 hoc
2395 3114 2518 3170 loco
2556 3114 2793 3169 alterum
2835 3115 3092 3170 collocari
3123 3117 3264 3185 pati;
3315 3125 3410 3170 aut
3451 3127 3565 3171 ter-

307 3220 396 3266 τος
441 3202 799 3275 ήδρασμένας.
837 3201 1079 3271 Ἀνάγκη
1121 3199 1302 3254 τοίνυν
1345 3201 1492 3254 δυοῖν
1539 3199 1796 3272 θάτερον,
1843 3199 1877 3272 ἢ

1986 3203 2121 3258 tium
2157 3203 2291 3259 illttd
2314 3247 2329 3270 ,
2365 3205 2631 3264 absentia;
2689 3205 2906 3262 ratione
2959 3207 3194 3273 reddita,
3220 3208 3567 3265 difficultatis

310 3295 442 3363 πρὸς
469 3294 565 3366 τὴν
592 3292 994 3364 πατριαρχικὴν
1023 3291 1460 3362 ἐπανεληλυθότα
1489 3309 1549 3345 σε
1573 3292 1782 3346 δίαιταν
1807 3292 1877 3355 τᾷ

1983 3296 2306 3366 scrupulum
2339 3299 2552 3355 tollere.

307 3386 382 3456 τῷ
411 3385 584 3456 θρόνῳ
614 3386 882 3454 ἀνήκοντα
909 3385 1073 3455 δρᾷν,
1137 3385 1170 3454 ἢ
1239 3384 1724 3455 παραιτησάμενον
1788 3384 1849 3436 τὸ
1913 3385 2325 3459 λειτούργημα,
2368 3391 2554 3459 χώραν
2594 3388 2783 3462 ἓτερον
2825 3389 3241 3462 ἀντεισαγαγεῖν
3282 3393 3566 3462 παρέχειν.

312 3474 379 3536 Ἦ
406 3478 466 3531 τό
493 3493 555 3543 γε
584 3477 786 3559 τρίτον,
815 3476 908 3531 τοῦ
939 3477 1214 3546 δράματος
1243 3475 1399 3545 λόγον
1428 3476 1659 3542 διδόντα,
1687 3476 1748 3528 τὸ
1774 3476 1875 3546 τῆς
1913 3477 2149 3550 ἀπορίας
2177 3479 2330 3534 λύειν
2358 3481 2679 3551 ἀμφίδοξον.

381 3569 486 3626 IH'.
531 3571 670 3639 Πρὸς
701 3568 873 3623 ταῦτα
902 3568 1038 3622 τόνδ’
1065 3568 1227 3631 εὐθὺς
1259 3567 1550 3639 ὑποτρέχει
1583 3568 1748 3636 νέφος
1784 3569 1882 3621 θυ-

313 3663 434 3734 μοῦ,
481 3663 575 3714 καὶ
615 3661 852 3724 ἀναστὰς
893 3658 1203 3732 ἀφορισμδν
1247 3660 1345 3730 μὲν
1386 3662 1625 3728 έκφωνεῖ
1665 3660 1882 3730 πρῶτον

309 3753 442 3808 Θεοῦ
469 3754 609 3807 κατὰ
631 3752 829 3815 παντὸς
853 3745 896 3820 ᾧ
921 3752 1056 3822 πρὸς
1083 3749 1391 3821 βουλήσεως
1419 3750 1484 3804 ἄν
1508 3767 1640 3803 ποτε
1667 3751 1881 3818 γένοιτο

311 3842 463 3908 αὖθις
501 3845 598 3915 τὴν
631 3845 688 3908 ὲς
723 3845 814 3898 τὸν
850 3844 1252 3914 πατριαρχικὸν
1289 3842 1481 3914 θρόνον
1516 3843 1776 3898 ἐπάνοδον
1817 3846 1879 3897 τὸ

2065 3571 2250 3626 XVIII.
2298 3573 2394 3628 llis
2427 3573 2591 3629 dictis
2617 3575 2698 3630 ira
2730 3573 2915 3630 statim
2945 3575 3274 3645 patriarchae.
3321 3577 3568 3630 animum

1993 3667 2161 3734 cepit.
2205 3667 2273 3720 Et
2304 3681 2431 3722 cum
2476 3670 2810 3724 surrexisset
2863 3669 3103 3738 primum
3138 3669 3356 3724 locutus
3389 3680 3473 3725 «st.
3503 3672 3571 3726 de

1990 3757 2085 3812 Dei
2114 3760 2364 3822 consilio,
2398 3761 2556 3831 cujus
2586 3761 2654 3815 ad
2683 3761 3017 3817 voluntatem
3049 3763 3093 3817 si
3124 3779 3212 3816 res
3247 3779 3310 3819 ea
3341 3763 3574 3820 inclina-

1989 3858 2094 3914 ret,
2132 3849 2251 3906 fore
2283 3860 2344 3906 ut
2372 3851 2425 3904 in
2459 3851 2878 3921 patriarchicam
2903 3853 3089 3908 sedem
3121 3868 3180 3909 se
3205 3855 3385 3911 redire
3411 3856 3574 3924 jube-

311 3937 567 4006 παράπαν
598 3934 747 4007 αὐτῷ
791 3934 1166 3990 ὑποτίθεσθαι.
1204 3932 1336 3988 Εἶτα
1380 3935 1600 4006 μακράν
1631 3952 1753 3988 τινα
1784 3934 1878 3988 τοῦ

1986 3953 2085 3998 ret.
2102 3943 2312 3999 Deinde
2334 3945 2387 3998 in
2419 3943 2804 4017 imperatorem
2823 3947 3180 4004 vehementer
3199 3949 3450 4004 invectus
3464 3962 3570 4015 est,

313 4025 574 4097 βασιλέως
608 4030 838 4082 ποιεῖται
871 4026 1224 4098 καταδρομὴν
1246 4068 1261 4093 ,
1292 4027 1376 4080 ὅτι
1407 4027 1475 4078 τὸ.
1504 4025 1604 4094 μὲν
1636 4026 1746 4079 τῶν
1776 4027 1882 4080 ὑπὸ

1986 4035 2126 4108 quod
2139 4035 2580 4093 Christianorum
2594 4048 2812 4108 gentem
2829 4039 3059 4110 imperio
3072 4056 3172 4095 suo
3186 4041 3424 4096 deditam
3445 4053 3534 4098 tan
3547 4074 3570 4085 ο

311 4122 468 4190 χεῖρα
508 4119 869 4190 Xptd’ttaVGJV-
887 4120 1043 4181 γένος
1086 4114 1262 4188 μισῶν
1303 4117 1379 4182 ὡς
1421 4118 1682 4190 ἐχθροὺς,
1722 4119 1785 4172 τὺ
1822 4117 1882 4170 δὲ

1986 4144 2152 4199 quam
2181 4129 2369 4184 hostes
2403 4129 2458 4183 in
2485 4129 2616 4184 odio
2639 4130 2895 4198 haberet,
2936 4133 3202 4188 Barbaros
3230 4145 3412 4188 autem
3453 4145 3573 4190 tan-

314 4210 584 4282 βάρϐαρον
624 4211 996 4287 οἰκειούμενος
1036 4210 1112 4274 ὡς
1154 4211 1466 4281 φιλτάτους,
1509 4210 1764 4283 ’Υρκανῷ
1804 4209 1882 4281 τῷ

1986 4235 2151 4290 quam
2171 4221 2380 4276 amicos
2393 4221 2494 4276 sibi
2517 4222 2880 4289 conciliaret;
2911 4225 3057 4292 quod
3092 4225 3343 4294 Hyrcano
3364 4241 3569 4297 genero

315 4304 548 4375 γαμϐρῷ
595 4303 689 4358 καλ⁴
731 4307 843 4368 τοῖς
888 4303 979 4357 ὑπ’
1009 4303 1206 4374 ἐκείνῳ
1252 4303 1549 4375 βαρϐάροις
1594 4304 1882 4376 προδίδωσι

1986 4323 2045 4371 et
2079 4315 2336 4370 Barbaris
2368 4315 2459 4385 qui
2493 4315 2597 4372 sub
2628 4331 2697 4371 eo
2739 4325 2926 4373 essent
2954 4318 3048 4372 diu
3077 4327 3352 4402 tgoctuque
3387 4321 3572 4374 trade-

315 4397 513 4466 προῖκα
547 4395 765 4465 νύκτωρ
800 4395 890 4448 καὶ
928 4396 1048 4465 μεθ’
1078 4395 1294 4466 ἡμέραν
1314 4437 1340 4462 ι
1364 4395 1620 4466 καθάπερ
1652 4395 1882 4465 άγελάρ-

1989 4419 2076 4464 ret
2102 4411 2322 4466 illorum
2347 4410 2488 4465 bona
2512 4428 2524 4474 ;
2555 4425 2659 4465 nec
2683 4424 2901 4465 causam
2927 4427 3033 4465 non
3059 4395 3161 4466 nisi
3191 4412 3335 4482 apud
3368 4413 3572 4468 Palam-

316 4505 416 4556 χης
446 4486 732 4556 προϐάτων
756 4487 935 4554 δορὰς,
965 4487 1063 4549 τὰς
1087 4487 1294 4540 τούτων
1318 4486 1528 4550 οὐσίας.
1557 4489 1668 4541 Καὶ
1690 4489 1759 4542 τὰ
1784 4487 1882 4555 τῆς

1988 4500 2173 4572 legum
2204 4500 2439 4556 inveniri
2477 4515 2665 4556 revera
2692 4516 2876 4572 posse,
2901 4503 3050 4571 quod
3079 4518 3200 4573 qua:
3235 4519 3264 4558 e
3297 4504 3577 4559 Romano-

307 4577 524 4660 ,ἐκεῖθεν
557 4577 788 4646 ἁμοιΰῆς
830 4577 911 4629 ὅτι
954 4577 1129 4647 συχνά
1172 4580 1400 4648 συχνοὺς
1432 4579 1538 4632 τῶν
1573 4578 1664 4632 ὑπ’
1693 4580 1882 4651 ἐκείνῳ

1997 4607 2116 4645 rum
2152 4591 2343 4661 spoliis
2375 4599 2728 4661 superessent
2754 4601 3084 4661 caperentur
3105 4608 3229 4648 cum
3256 4593 3578 4650 hominibus

318 4666 605 4739 βαρϐάρων
647 4669 734 4719 ἀεὶ
782 4670 1234 4737 μεταπέμπεται,
1281 4671 1553 4740 πρόφασιν
1602 4670 1702 4738 μὲν
1745 4668 1882 4724 κατὰ

1993 4683 2060 4738 ad
2094 4683 2269 4739 instar
2297 4683 2597 4740 bestiarum
2626 4683 2692 4737 ad
2721 4683 3128 4739 dilacerandum
3165 4685 3403 4740 traditis.
3425 4685 3570 4765 \Cum

319 4761 480 4829 μόνου
506 4758 597 4812 τοῦ
625 4758 886 4830 βασιλέως
913 4761 1282 4830 Παλαισλόγου
1299 4801 1314 4827 ,
1341 4763 1403 4814 τὸ
1426 4763 1470 4814 δ’
1494 4762 1689 4831 ἀληθὲς
1717 4779 1888 4832 προσο

315 4852 522 4904 τιθέναι
562 4847 654 4905 καὶ
687 4854 755 4905 τά
794 4852 1097 4920 λειπόμενα
1132 4855 1231 4923 τῆς
1267 4853 1375 4906 τῶν
1413 4853 1702 4922 Ῥωμαίων
1739 4854 1891 4917 λείας

317 4942 612 5010 αὔτανδρον
642 4945 920 5015 προνομὴν
949 4945 1200 5011 ἐκείνοις,
1228 4945 1303 5008 ὡς
1334 4948 1413 5009 εἰς
1443 4945 1685 5016 θηριώδη
1720 4964 1893 5014 κρεω-

316 5038 540 5104 φαγίανί
561 5037 763 5106 σφάγια
804 5039 988 5100 αὐτοῖς
1033 5036 1249 5106 σώμασι
1292 5042 1386 5091 καὶ
1433 5037 1625 5102 αὑταῖς
1667 5021 1890 5108 ψυχαῖς.

319 5127 429 5179 Καὶ
454 5125 563 5178 τῶν
590 5127 798 5196 ἐχθρῶν
830 5127 1246 5197 κορεννυμένων
1272 5125 1372 5196 τῆς
1403 5126 1732 5194 θοίνης,-καὶ
1761 5130 1893 5178 απο-

319 5216 614 5286 σειομένων
638 5216 738 5287 ήδη
763 5217 821 5269 τὸ
843 5217 941 5284 τῆς
965 5216 1248 5285 ὠμότητος
1272 5216 1368 5268 τοῦ
1394 5216 1588 5287 ἀνδρὸς
1614 5216 1895 5287 ὑπερϐάλ-

315 5314 426 5372 λον,
461 5308 556 5361 καὶ
588 5307 684 5379 τὴν
720 5308 853 5378 προς
884 5307 946 5360 τὸ
983 5308 1254 5378 ὁμόφυλον
1287 5307 1662 5377 χλευαζόντων
1719 5309 1896 5377 ἀγνω-

319 5400 593 5470 μοσύνην,
639 5401 800 5463 αὐτὸς
843 5400 965 5455 οὔτε
1009 5400 1086 5473 [ι.
1134 5400 1238 5456 110
1280 5399 1374 5474 r.]
1420 5391 1741 5472 κορέννυται
1784 5399 1897 5454 οὔτ’

318 5488 547 5542 αἰδεῖται
597 5488 722 5542 οὔτε
771 5489 1001 5559 ἐχθροὺς
1051 5487 1177 5542 οὔτε
1227 5489 1418 5558 φίλους
1465 5488 1590 5542 οὔτε
1642 5491 1750 5559 μὴν
1795 5490 1897 5560 τὴν

317 5583 498 5635 πάντα
538 5580 840 5653 βόσκουσαν
875 5582 1028 5652 ἡλίου
1073 5582 1269 5650 φλόγα.
1307 5582 1451 5652 Πρὸς
1483 5582 1820 5651 τάνάλγητον
1853 5581 1897 5633 δ’

319 5672 511 5726 ἑαυτὸν
557 5671 620 5725 τδ
668 5673 930 5743 παράπαν
977 5673 1259 5744 χαλκεύων
1307 5677 1414 5736 ἀεὶ,
1463 5675 1559 5726 καὶ
1603 5673 1674 5727 τὰ
1727 5675 1899 5741 μείζω

322 5767 646 5836 προστίθησι
675 5767 785 5820 τῶν
811 5766 1016 5833 κακῶν,
1042 5770 1135 5820 καὶ
1164 5769 1500 5838 αὐτουργοὺς
1529 5769 1653 5832 τοὺς
1681 5769 1898 5833 ἀθλίους

319 5859 423 5912 τῶν
452 5861 670 5914 οἰκείων
702 5859 950 5926 γίνεσθαι
989 5862 1287 5930 συμφορῶν
1318 5860 1652 5929 ἀναγκάζει,
1687 5860 1894 5930 βιαίους

559 5957 836 6015 Parum”
879 5955 993 6014 Gn.
1033 5955 1136 6015 CX
1153 5955 1218 6014 Ll
1235 5955 1302 6013 Χ.

1996 4776 2182 4832 hostes
2235 4776 2480 4831 caedibus
2523 4776 2704 4830 satiati
2756 4785 3087 4831 aversentur
3125 4777 3420 4833 immanem
3453 4781 3574 4850 ejus

1996 4867 2379 4922 crudelitatem
2411 4877 2464 4922 et
2491 4867 2544 4922 in
2581 4867 2835 4924 homines
2861 4867 3101 4938 ejusdem
3157 4873 3334 4939 gentis
3366 4871 3572 4939 iniqui.

1995 4965 2158 5011 tatem
2187 4957 2344 5028 197
2369 4965 2650 5027 respuant,
2676 4958 2795 5026 ipse
2819 4973 2920 5012 nec
2951 4957 3184 5012 satiatur
3217 4975 3319 5014 nec
3350 4970 3576 5016 veretur

1997 5043 2252 5099 inimicos
2281 5053 2378 5098 aut
2405 5045 2612 5100 amicos
2645 5055 2742 5101 aut
2772 5047 2942 5116 ipsam
2971 5064 3155 5103 rerum
3197 5051 3444 5105 omnium
3477 5069 3579 5107 nu-

1998 5134 2190 5189 tricem
2229 5133 2377 5188 illam
2408 5135 2544 5190 solis
2570 5136 2772 5192 lucem.
2801 5137 2962 5195 Omni
2994 5140 3336 5198 humanitate
3366 5145 3579 5216 abjecta

1999 5233 2106 5277 tant
2134 5224 2308 5280 durus
2349 5236 2406 5280 et
2453 5226 2667 5283 ferreus
2694 5229 2872 5284 factus
2901 5241 3005 5292 est,
3041 5241 3100 5287 ut
3140 5234 3305 5288 ctiam
3342 5237 3579 5307 majores

1989 5312 2335 5370 'calautitates
2357 5315 2609 5370 adderet.
2643 5317 2868 5374 Miseros
2895 5320 3040 5374 enim
3062 5321 3183 5376 illos
3202 5337 3575 5377 mrumnarum

1998 5419 2222 5460 suarum
2253 5417 2510 5463 auctores
2544 5411 2660 5465 lieri
2706 5413 3065 5468 vehementer
3114 5417 3285 5482 cogit,
3336 5415 3429 5484 qui
3471 5415 3578 5484 ipsi

1999 5498 2115 5552 suis
2146 5499 2378 5554 navibus
2398 5515 2430 5556 e
2457 5502 2632 5570 patria
2664 5502 2717 5558 in
2751 5507 3093 5575 peregrinam
3129 5515 3328 5561 terram
3359 5507 3576 5572 fratres,

1999 5590 2228 5654 amicos,
2255 5589 2612 5660 domesticos,
2639 5593 2936 5650 familiares
2963 5607 3150 5666 captos
3181 5607 3578 5665 transportem.

2001 5680 2288 5734 Mulierum
2309 5682 2726 5755 liberorumque
2751 5688 2954 5744 luctus.
2982 5690 3081 5742 viri
3114 5688 3368 5743 tnanibtts
3404 5689 3578 5759 ligati.
3684 5679 3686 5682 ’

2003 5774 2180 5842 prazda
2203 5783 2435 5828 ‘crucnta
2466 5787 2522 5830 ct
2548 5779 2786 5835 clamore
2809 5789 2862 5833 et
2887 5780 3096 5835 ululatu
3127 5780 3392 5835 continuo
3422 5783 3585 5836 mista

2003 5881 2221 5920 omnem
2259 5869 2480 5923 modum
2514 5874 2748 5927 excedit.
2777 5875 2999 5930 Lenitas
3031 5891 3162 5931 vero
3195 5876 3376 5940 (nullis
3405 5886 3461 5931 et
3485 5875 3590 5931 uti-

3211 5974 3248 6032 6
