4034 6468
498 389 613 461 ,175

511 596 802 650 rationem.
864 592 941 645 Ita
998 589 1173 644 ttibus
1230 582 1509 637 mensibus
1565 578 1838 649 reliquum
1897 574 2084 646 templi

512 698 714 742 lct'lltllt
760 693 1120 738 restauratum
1159 685 1265 732 cst.
1436 660 1449 665 ’

574 964 750 1020 XXII.
788 962 1048 1030 Quaenam
1120 971 1327 1025 autem,
1395 955 1785 1030 Agatltangele,
1843 954 1914 1008 ob
1949 954 2092 1007 cala-

516 1060 721 1116 mitatis
748 1057 1201 1129 magnitudinem,
1228 1056 1435 1111 veritus
1459 1069 1528 1109 ne
1562 1052 1815 1108 homines
1844 1051 2093 1121 legerent

516 1162 569 1207 et
609 1151 885 1213 audirent,
921 1148 976 1202 in
1015 1146 1266 1202 oratione
1300 1155 1393 1200 tua
1428 1141 1684 1200 omisisti.
1714 1143 1902 1212 Neque
1945 1143 2092 1196 enim

520 1245 750 1315 majora,
779 1252 847 1297 ut
880 1240 1012 1315 mihi
1043 1234 1465 1313 videtur,quam
1486 1253 1609 1307 qua:
1631 1245 1734 1292 ate
1767 1236 1912 1290 dicta
1942 1242 2090 1299 sunt,

520 1350 700 1405 neque
734 1333 1101 1388 insolentium
1150 1338 1382 1401 possunt
1423 1329 1552 1384 dici.
1587 1328 1793 1383 Tamen
1826 1328 2097 1399 parsimo-

523 1430 610 1481 nia
662 1426 898 1497 quadam
951 1422 1222 1479 orationis
1258 1438 1425 1477 unum
1459 1420 1546 1477 vel
1593 1419 1706 1475 duo
1739 1434 1932 1474 eorum
1974 1434 2096 1488 qua:

524 1521 662 1575 levia
709 1528 839 1574 sunt
875 1518 1035 1573 velim
1080 1516 1215 1571 mihi
1253 1528 1499 1580 enarres,
1548 1527 1620 1568 ne
1665 1512 1828 1581 longo
1877 1510 2097 1571 silentio

523 1612 765 1664 animum
820 1610 873 1663 iu
928 1609 1311 1678 suspicionem
1362 1605 1592 1660 inducas
1637 1619 1813 1675 neque
1848 1604 2100 1675 longiore

523 1704 774 1758 oratione
818 1717 983 1757 aures
1015 1700 1292 1756 audientis
1323 1697 1616 1755 obtundas.

592 1904 783 1959 XXIII.
805 1905 1044 1959 Primum
1073 1901 1259 1972 igitur,
1293 1886 1479 1975 divine
1510 1900 1613 1965 vir,
1636 1900 1830 1956 audias
1851 1917 1936 1956 me
1968 1919 2099 1957 nar-

525 2012 735 2055 rantem
766 1999 834 2052 de
858 1996 1109 2050 Barbaris
1140 1994 1250 2048 illis
1274 1994 1391 2063 qui.
1415 1992 1858 2063 quandocunqne
1889 1994 2102 2058 volunt,

523 2111 648 2149 cum
681 2106 894 2146 summa
927 2089 1206 2144 hilaritate
1250 2086 1683 2157 progrediuntur
1723 2086 1776 2139 in
1815 2085 2014 2154 regias,
2044 2095 2107 2140 ut

531 2187 808 2260 mysteriis
835 2181 1248 2253 superstitionis
1278 2180 1460 2249 impiae
1498 2177 1744 2248 praesint,
1777 2186 1834 2231 et
1863 2178 2104 2233 dissolu-

525 2295 638 2338 tam
671 2279 1120 2346 inconditamque
1150 2274 1323 2329 vitam
1351 2283 1519 2341 agunt
1552 2271 1892 2337 indulgendo
1926 2270 2107 2327 ventri

527 2386 584 2430 et
613 2371 925 2427 vinolentiae
956 2377 1015 2423 et
1049 2366 1317 2437 quidquid
1343 2364 1644 2434 cupiditate
1671 2364 1901 2419 excitari
1940 2364 2106 2420 solet.

535 2467 600 2521 Ili
639 2466 807 2535 igitur
840 2477 965 2516 cum
1018 2461 1074 2514 in
1112 2458 1318 2527 templo
1358 2456 1506 2535 quod
1554 2457 1609 2510 in
1660 2455 1872 2511 aedibus
1940 2456 2109 2526 regiis

531 2566 621 2612 est
668 2534 849 2608 isacra
905 2550 1165 2621 mysteria
1215 2534 1421 2601 faeturi
1474 2547 1606 2609 sint,
1663 2545 1717 2598 in
1761 2544 1921 2599 atriis
1964 2543 2111 2598 nuda

526 2664 657 2703 cum
723 2644 1017 2700 saltatione
1094 2638 1377 2694 incondita
1454 2637 1700 2691 carmina
1768 2645 1824 2689 et
1881 2636 2112 2705 hymnos

532 2740 828 2799 llaltometi
876 2745 1102 2794 canunt.
1152 2733 1365 2799 Quibus
1394 2730 1555 2800 203
1589 2729 1757 2784 rebus
1823 2729 1999 2800 magis
2044 2727 2113 2782 ad

522 2848 654 2888 sese
705 2844 867 2900 quam
920 2826 988 2881 ad
1043 2822 1337 2892 Evangelia
1396 2819 1672 2875 audienda
1736 2819 1964 2874 trahunt
2017 2828 2116 2872 aut

533 2939 725 2979 omnes
775 2929 872 2976 aut
920 2916 1219 2973 nonnullos
1271 2929 1462 2969 eorum
1517 2913 1612 2983 qui
1673 2911 1746 2967 ibi
1797 2910 2115 2982 congregati

534 3025 689 3072 sunt.
717 3015 922 3069 Eodem
969 3009 1134 3065 modo
1163 3008 1229 3063 ad
1269 3007 1472 3076 regiam
1519 3019 1760 3060 mensam
1794 3004 2118 3075 plerumque

533 3107 779 3182 cymbala
801 3104 1068 3159 adbibere
1088 3110 1144 3157 et
1166 3100 1380 3156 ludicra
1403 3098 1771 3159 instrumenta
1794 3108 1848 3153 et
1871 3096 2116 3154 carmina

538 3200 706 3269 impia
743 3198 947 3253 solent.

1714 365 2129 428 NICEPIIORI
2171 360 2556 426 GREGOBJE

506 501 811 559 secundum
864 497 1131 567 cujusque
1181 491 1261 550 rei
1312 487 1626 544 domestica:
1675 496 1728 540 et
1783 482 2123 543 nobilitatis.

2244 474 2696 545 Καντακουζηνδς
2724 468 3035 543 αἰσχυνθεὶς
3087 465 3280 535 ἔρανον
3332 459 3604 532 πρδςιτῶν

3653 346 3751 410 176

3649 459 3753 512 Βυ-

2191 572 2428 636 ζαντίων
2460 566 2678 622 κελεύει
2736 559 3127 633 συμφορηθῆνε
3147 576 3164 609 ι
3188 554 3310 610 κατ’
3333 554 3488 616 ἀξίαν
3512 550 3756 605 ἑκάστων

2190 668 2299 720 τῶν
2311 681 2372 717 τε
2392 663 2535 734 μάλα
2550 660 2821 714 πλουσίων
2837 657 2930 711 καὶ
2957 656 3055 725 μὴ,
3068 653 3162 705 καλ⁵
3186 650 3294 704 τῶν
3315 646 3514 720 μᾶλλον
3530 643 3756 708 ἐνδόξων

2189 758 2288 811 καὶ
2318 757 2417 827 μὴ,
2444 755 2539 809 καὶ
2571 751 2745 814 οὕτως
2787 752 2844 802 ὲν
2874 746 3025 816 τρισὶ
3057 744 3188 815 μησὶ
3215 742 3317 796 κα)
3330 739 3392 793 τὸ
3428 737 3527 808 τῆς
3553 734 3759 807 ὀροφῆς

2193 848 2285 903 τοῦ
2325 845 2430 899 νεὼ
2455 843 2774 913 λειπόμενον
2800 835 3199 892 ἐκτετέλεσται.

2269 961 2397 1016 KB’.
2433 960 2569 1013 Τίνα
2607 959 2650 1011 δ’
2689 952 2780 1027 ἦν,
2817 947 2862 1008 ὦ
2895 951 3027 1007 καλὲ
3076 944 3477 1017 Ἀγαθάγγελε,
3528 939 3682 996 ταῦθ’
3732 939 3768 993 ’ἀ

2195 1053 2285 1107 διὰ
2335 1050 2532 1112 κακίας
2592 1047 2845 1118 μέγεθος,
2902 1041 3077 1111 φειδοῖ
3132 1038 3242 1093 τῶν
3271 1034 3483 1107 ἀνδρῶν
3521 1030 3766 1093 ἐκείνων,

2196 1148 2304 1200 τῶν
2325 1161 2385 1197 τε
2415 1143 2687 1211 λεγόντων
2712 1138 2855 1208 φημὶ
2881 1136 2973 1190 καὶ
2999 1134 3108 1187 τῶν
3139 1129 3474 1193 ἀκουόντων,
3508 1122 3773 1192 σιωπώσῃ

2200 1237 2571 1308 παρέπεμψας
2590 1232 2808 1303 γλώττῃ
2833 1247 2850 1296 ;
2886 1228 3019 1299 μηδὲ
3049 1226 3158 1295 γάρ
3188 1219 3330 1277 εἶναι
3365 1221 3517 1276 δοκεῖ
3547 1233 3640 1288 μοι
3665 1215 3772 1308 τῶν

2203 1333 2371 1403 μήπω
2415 1307 2481 1398 γέ
2535 1343 2619 1379 σοι
2650 1323 2978 1394 ⁹λεχθέντων
3013 1320 3083 1374 τά
3130 1316 3395 1386 λεχθέντα
3431 1314 3571 1384 μήτε
3604 1307 3773 1380 μείζω

2203 1402 2342 1497 μήτε
2378 1422 2485 1493 μὴν
2519 1417 2867 1489 ἀτοπώτερα.
2903 1415 3095 1483 Ὅμως
3142 1408 3373 1477 ἐκλογὴν
3408 1402 3774 1474 ποιησάμενος

2305 1492 2652 1587 γεκάκεϊθεν
2686 1508 2943 1583 μετρίαν,
2973 1507 3032 1561 ἒν
3064 1504 3095 1574 ἢ
3146 1502 3243 1556 δύο
3272 1501 3383 1555 τῶν
3428 1492 3778 1587 κουφοτέρων

2203 1583 2539 1678 ἀπαγγεῖλαί
2606 1621 2697 1674 μοι
2754 1598 3163 1672 προθυμήθητι.
3195 1595 3272 1658 ώς
3324 1593 3400 1663 μὴ
3457 1583 3779 1643 ἀποκναίειν

2208 1706 2348 1771 μήτε
2391 1698 2579 1771 μακρᾷ
2610 1698 2737 1765 σιγῇ
2772 1697 2870 1757 τὰς
2923 1691 3079 1762 ἡμῶν
3111 1687 3366 1749 ὑπονοίας
3397 1684 3536 1756 μήτε
3575 1694 3779 1751 μακρο-

2211 1796 2389 1866 τέροις
2418 1792 2601 1859 λόγοις
2631 1788 2731 1850 τὰς
2760 1784 2916 1855 ἡμῶν
2947 1781 3138 1844 ἀκοάς.

2278 1908 2406 1961 ΚΡ.
2434 1906 2551 1959 Καὶ
2593 1903 2691 1972 μὲν
2720 1900 2785 1971 δὴ
2826 1914 3044 1967 πρῶτον
3076 1897 3220 1949 ἔστω
3270 1910 3377 1957 σοι,
3418 1890 3541 1945 θεία
3579 1904 3669 1957 μοι
3694 1903 3782 1939 κε-

2207 1999 2374 2068 φιλὴ,
2414 1996 2550 2065 πρὸς
2596 1994 2862 2063 ἀκρόασιν
2906 1990 2969 2043 τὺ
3004 1988 3136 2059 περὶ
3173 1981 3609 2054 τῶνβαρϐάρων
3648 1975 3784 2068 ὲκεί-

2206 2106 2338 2152 νων,
2396 2087 2446 2140 οἳ
2485 2085 2753 2155 διηνεκῶς
2792 2081 2888 2134 καὶ
2940 2080 3031 2133 ὅτε
3066 2076 3344 2149 βούλοιντο
3396 2072 3535 2143 μετά
3586 2067 3782 2135 πολλῆς

2207 2181 2531 2251 κωμάζουσι
2563 2176 2666 2246 τῆς
2724 2173 3013 2246 ῥᾳστώνης
3053 2172 3133 2233 είς
3171 2169 3241 2222 τὰ
3271 2164 3547 2236 βασίλεια,
3582 2176 3783 2233 μυστα-

2206 2270 2382 2343 γωγοὶ
2418 2269 2515 2322 καὶ
2560 2266 2817 2337 πρόεδροι
2866 2264 2966 2333 τῆς
3004 2258 3234 2321 ἀσεϐοῦς
3264 2254 3568 2328 θρησκείας
3616 2252 3786 2313 ὄντες,
3824 2316 3827 2319 _

2209 2340 2313 2413 καί
2362 2355 2477 2426 βίον
2510 2355 2634 2427 μιν,
2662 2354 2738 2415 ὡς
2768 2352 2958 2421 φασιν,
2984 2348 3218 2403 ἀσκευόν
3250 2363 3310 2401 τε
3347 2345 3443 2399 καὶ
3480 2343 3662 2410 ἄζυγα
3694 2340 3782 2410 βό-

2210 2466 2456 2514 σκοντες,
2487 2448 2689 2517 γαστρὶ
2705 2447 2762 2499 δὲ
2788 2445 3012 2497 πάντων
3053 2443 3291 2512 μάλιστα
3316 2437 3668 2498 δουλεύοντες
3698 2432 3790 2486 καὶ

2211 2539 2618 2612 ἀκρατοποσίας
2649 2535 2980 2608 ἡττώμενοι,
3013 2535 3109 2586 καὶ
3135 2534 3237 2587 ὅσα
3269 2533 3330 2583 τὸ
3367 2528 3465 2597 τῆς
3493 2522 3790 2593 ἐπιθυμίας

2213 2638 2515 2692 ἀκόλαστον
2550 2629 2874 2700 ἀναφλέγει.
2926 2624 3090 2684 Οὗτοι
3129 2627 3310 2680 τοίνυν
3362 2620 3669 2692 μελλούσης
3694 2617 3790 2684 τῆς

2218 2734 2369 2803 ίερᾶς
2395 2728 2675 2783 τελεῖσθαι
2712 2724 3106 2796 μυσταγωγίας
3139 2723 3197 2774 έν
3247 2718 3328 2787 τῷ
3364 2716 3474 2771 τῶν
3509 2711 3793 2784 βασιλείων

2217 2800 2373 2887 ἐκτὸς
2420 2822 2553 2894 ἱερῷ
2583 2820 2827 2889 τεμένει,
2859 2816 3057 2887 χοροὺς
3110 2810 3370 2872 ίστῶντες
3400 2809 3609 2861 ἐκεῖνοι
3650 2800 3795 2871 παρὰ

2215 2914 2315 2977 τὰς
2347 2908 2656 2982 βασιλείους
2688 2905 2857 2970 αὐλὰς
2921 2901 3211 2974 ἀντᾴδουσί
3259 2915 3319 2952 τε
3366 2897 3469 2967 τὴν
3519 2894 3794 2965 γυμνικὴν

2216 3005 2437 3076 ἐκείνην
2468 3001 2794 3073 ὀρχούμενοι
2839 2997 3089 3067 δρχησιν,
3127 2994 3222 3046 καὶ
3259 2991 3496 3059 ἀσήμοις
3530 2985 3795 3054 κλαγγαῖς

2219 3099 2321 3161 τὰς
2349 3095 2446 3149 τοῦ
2482 3092 2733 3160 Μωάμεθ
2764 3088 3077 3142 ἀναϐοῶσιν
3102 3085 3245 3157 ᾠδὰς
3276 3083 3373 3136 καὶ
3402 3080 3530 3141 τοὺς
3574 3078 3794 3149 ὕμνους,
3832 3132 3841 3145 ,

2146 3179 2193 3244 C
2225 3185 2393 3257 δι’,ὧν
2426 3189 2521 3244 καὶ
2562 3186 2920 3241 ἀνθέλκουσιν
2951 3181 3088 3251 πρὸς
3113 3179 3213 3249 τὴν
3245 3176 3456 3230 ἑαυτῶν
3494 3173 3699 3243 μᾶλλον
3744 3173 3801 3221 ἀ-

538 3296 768 3365 κρόασιν
795 3293 829 3365 ἢ
859 3294 957 3364 τὴν
981 3292 1091 3345 τῶν
1115 3290 1276 3345 θείων
1307 3290 1656 3359 Εὑαγγελίων
1686 3288 1819 3343 ποτὶ
1883 3288 1982 3357 μὲν
2041 3288 2248 3352 πάντας
2278 3286 2488 3350 ἁπλῶς,
2537 3284 2671 3338 ποτὲ
2718 3283 2763 3335 δ’
2832 3279 3009 3342 ἐνίους
3055 3277 3165 3330 τῶν
3211 3271 3599 3344 ἡθροισμένων
3662 3270 3794 3322 ἐκεῖ.

540 3362 616 3444 Tro
645 3389 691 3442 δ’
730 3362 984 3440 αὐτὸκαὶ
1013 3387 1142 3455 περὶ
1180 3385 1281 3454 τὴν
1309 3382 1585 3454 βασίλειον
1616 3382 1904 3453 τράπεζαν
1931 3383 2131 3452 δρῶσιν
2172 3383 2249 3446 ώς
2286 3382 2357 3434 τά
2410 3378 2584 3432 πολλὰ
2627 3377 2767 3448 μετά
2814 3391 2877 3443 γε
2920 3371 2985 3445 [ί.
3029 3371 3130 3426 H2
3162 3366 3237 3440 r.]
3276 3365 3343 3437 δὴ
3378 3362 3682 3435 κυμϐάλων
3707 3365 3801 3418 καὶ

541 3478 857 3550 θυμελικῶν
889 3474 1142 3547 ὀργάνων
1188 3475 1283 3529 καὶ
1313 3472 1605 3544 ᾀσμάτων,
1639 3472 1815 3525 ὁπόσα
1855 3473 1968 3534 τοῖς
1995 3472 2257 3525 ἀσεϐέσιν
2297 3470 2555 3545 εἴθισται.

612 3593 806 3650 XXIV.
844 3590 962 3647 Hoc
1006 3605 1178 3645 unum
1203 3606 1233 3644 a
1266 3604 1353 3644 me
1380 3589 1563 3644 obiter
1590 3587 1799 3643 dictum
1836 3588 1931 3643 sit.
1976 3586 2129 3642 Reli—

546 3703 717 3760 quum
747 3693 834 3739 est
865 3683 937 3739 ob
966 3696 1242 3738 aerumnas
1273 3697 1338 3735 ac
1370 3681 1592 3735 labores
1629 3679 1992 3734 barbarorum
2030 3694 2128 3733 co-

500 3854 508 3863 ,
546 3781 668 3853 pias
711 3794 776 3832 ex
820 3776 1070 3847 Bithynia
1124 3775 1178 3829 in
1213 3774 1487 3842 Europam
1542 3771 1817 3841 proficisci
1863 3772 2129 3837 noluisse,

547 3887 651 3929 nec
687 3871 1074 3928 Cantacuzeno
1112 3867 1223 3936 regi
1255 3880 1381 3919 cum
1412 3864 1479 3918 ad
1517 3880 1576 3921 se
1604 3873 1831 3920 vocaret
1865 3879 1925 3919 se
1951 3864 2132 3933 appli-

548 3958 789 4019 caturas.
844 3958 963 4026 Qua
1016 3973 1095 4012 :re
1162 3956 1255 4011 ille
1305 3964 1555 4020 coactus,
1606 3963 1818 4011 turmas
1878 3953 2132 4009 mercede

556 4052 866 4108 conductas
908 4063 1034 4117 cum
1073 4047 1398 4103 mulieribus
1444 4058 1501 4102 et
1536 4047 1730 4103 liberis
1767 4049 1820 4102 in
1853 4047 2131 4117 Europam

552 4143 971 4212 transportavit,
998 4155 1120 4210 quae
1154 4140 1201 4193 ei
1234 4140 1365 4194 visre
1388 4150 1517 4194 sunt
1547 4155 1669 4196 esse
1706 4141 2054 4193 munimento
2077 4147 2135 4193 et

554 4235 816 4291 terricqu
837 4234 1139 4302 Palaeologo
1156 4241 1636 4301 generotanquam
1655 4231 1925 4302 Gorgonis
1944 4230 2133 4286 facies.

551 4326 829 4381 Triballos
873 4325 1162 4396 Mysosque
1193 4324 1248 4377 in
1278 4323 1572 4377 nonnullas
1603 4320 1938 4401 Chersonesi
1968 4324 2137 4378 urbes

547 4421 976 4493 transportavit,
1017 4419 1062 4474 si
1110 4417 1253 4473 forte
1285 4433 1353 4472 ex
1407 4418 1476 4471 iis
1524 4425 1711 4472 essent
1747 4418 1841 4487 qui
1878 4417 2013 4471 socii
2049 4416 2134 4471 sui

554 4517 611 4571 in
648 4514 795 4570 bello
825 4527 947 4567 esse
980 4508 1189 4564 vellent
1220 4515 1281 4562 ut
1319 4508 1600 4563 Romanos
1635 4507 1761 4562 illos
1801 4508 2035 4562 miseros
2082 4507 2135 4561 in

549 4598 824 4662 servitute
880 4603 1188 4658 retinerent
1242 4600 1503 4654 mandato
1555 4598 1702 4669 regis
1746 4614 1811 4654 ac
1859 4599 2140 4654 voluntate

553 4697 752 4769 adjuti.
796 4693 956 4752 Unde
990 4703 1247 4761 tanquam
1279 4707 1348 4747 e-x
1385 4690 1755 4746 munitissimo
1787 4690 2139 4760 receptaculo

558 4790 766 4861 egressi
796 4786 1114 4863 proximam
1151 4784 1404 4840 Thraciae
1434 4791 1651 4853 partem
1687 4783 1980 4837 vastabant
2012 4784 2141 4837 sub-

556 4855 954 4955 iiciebantque.
1019 4858 1138 4932 Jam
1200 4891 1335 4932 vero
1390 4875 1625 4946 lIyrcani
1694 4874 1840 4929 (ilius
1888 4875 1982 4944 qui
2041 4855 2217 4943 perD

552 4981 977 5051 llellesrtontum
1014 4975 1292 5046 prolectus
1319 4983 1438 5030 erat
1483 4983 1741 5043 tanquam
1775 4973 1829 5026 in
1864 4972 2138 5026 coloniam

556 5085 618 5130 et
650 5073 880 5143 patriam
913 5080 1114 5124 terram
1150 5068 1402 5122 habitare
1454 5065 1529 5120 ibi
1579 5081 1705 5120 eum
1760 5064 2015 5119 Barbaris
2044 5063 2139 5133 qtti

553 5166 729 5239 paulo
792 5172 920 5219 ante
981 5162 1089 5216 huc
1116 5167 1382 5215 venerant
1430 5174 1489 5214 se
1522 5174 1681 5228 posse
1734 5156 1983 5227 putabat.
2014 5154 2145 5221 Qua:

565 5272 701 5311 vero
733 5262 1041 5323 sequuntur
1074 5261 1136 5305 ut
1179 5251 1438 5321 prudenti
1469 5249 1673 5318 cuique
1707 5247 2005 5302 admodum
2050 5261 2145 5300 co-

564 5348 739 5419 gnita,
773 5347 818 5401 si
874 5344 1137 5410 volueris,
1175 5343 1388 5397 tacebo.
1448 5340 1613 5412 205.
1667 5341 1802 5395 Nam
1865 5349 1925 5393 ut
1972 5339 2146 5394 certis

564 5440 878 5496 rationibus
927 5438 1191 5509 conjicias
1222 5451 1284 5492 ea
1332 5450 1454 5506 quae
1502 5434 1726 5488 silentio
1776 5433 2144 5502 praetermissa

565 5540 696 5585 sunt
721 5527 902 5598 qualia
935 5528 1045 5581 sint
1080 5526 1241 5581 facile
1275 5535 1326 5581 te
1345 5534 1731 5580 assecuturum
1764 5533 1917 5592 puto,
1942 5524 1985 5576 si
2022 5538 2145 5592 qua:

566 5622 711 5675 dicta
745 5629 871 5673 sunt
908 5618 1077 5689 probe
1115 5616 1384 5677 audieris,
1410 5612 1847 5701 etsi‘asperrima
1875 5622 2004 5666 sunt
2035 5613 2148 5667 Ior-

567 5710 710 5764 sit-au
766 5725 890 5779 qua:
949 5710 1210 5765 Callistus
1272 5705 1330 5759 in
1383 5704 1833 5759 Cautaeuzenum
1894 5704 2148 5761 invectus

561 5801 923 5856 acerbissime
952 5800 1221 5856 evomuit.

2305 3588 2430 3645 KA’.
2473 3589 2569 3642 Ἓν
2625 3583 2818 3655 μὲνδὴ
2870 3578 3034 3634 τοῦτο
3089 3577 3337 3639 σκιωδῶς
3393 3573 3803 3646 εἰρήσθωκμοιο

2229 3683 2485 3754 δεύτερον
2519 3680 2565 3735 δ’
2591 3681 2674 3734 ὅτι
2724 3679 2822 3731 καὶ
2848 3675 2936 3729 διά
2966 3674 3027 3727 τὸ
3059 3656 3401 3740 πολύμοχθόν
3433 3684 3494 3721 τε
3519 3670 3621 3720 καὶ⁵
3651 3666 3806 3735 mlu-

2233 3773 2462 3843 άσχολον
2490 3772 2561 3824 τὰ
2590 3770 2700 3823 τῶν
2748 3766 3041 3838 βαρϐάρων
3077 3760 3418 3833 στρατόπεδα
3456 3755 3809 3827 διαπεραιοῦ-

2236 3867 2366 3919 σθαι
2399 3864 2731 3934 συχνότερον
2759 3860 2896 3930 πρὸς
2927 3854 3203 3928 Εὐρώπην
3227 3857 3292 3907 ἐκ
3322 3850 3581 3913 Βιθυνίας
3605 3852 3810 3918 ἀπηγο-

2239 3958 2502 4029 ρεύκασιν
2536 3954 2659 4025 ἤδη,
2688 3952 2783 4006 καὶ
2820 3950 3011 4004 οὐκέτι
3044 3944 3304 4002 καλοῦντι
3331 3943 3409 4013 τῷ
3436 3942 3657 4013 βασιλεῖ
3676 3941 3812 3995 Καν-

2236 4048 2562 4119 τακςυζηνῷ
2590 4045 2885 4117 προσέχειν
2917 4042 3130 4110 ἔφασαν
3159 4035 3320 4101 αὖθις
3357 4037 3449 4091 τὸν
3496 4032 3628 4088 νοῦν
3651 4050 3665 4064 ·
3693 4033 3812 4086 ὅθεν

2237 4137 2658 4207 ἀναγκασθέντα
2687 4134 2876 4188 τοῦτον
2903 4130 3138 4198 λογάδας
3191 4128 3405 4180 ἐκεῖθεν
3437 4120 3813 4193 μισθώσασθαι

2236 4251 2298 4286 τε
2340 4231 2435 4285 καὶ
2470 4230 2589 4299 ἀμα
2614 4229 2833 4294 γυναιξί
2856 4244 2914 4281 τε
2944 4227 3042 4281 καὶ
3065 4225 3279 4285 τέκνοις
3306 4221 3389 4282 είς
3420 4218 3698 4287 Εὐρώπην
3723 4231 3809 4289 με·

2237 4326 2541 4393 τενεγκεῖν,
2579 4323 2813 4386 ὁπόσους
2861 4320 3204 4391 ἀποχρήσειν
3246 4316 3427 4381 ἔδοξεν
3475 4314 3557 4375 είς
3615 4309 3817 4365 ἐπιτεί-

2241 4436 2416 4491 χισμα
2444 4419 2540 4471 καὶ
2573 4398 2849 4486 φόϐητρον
2904 4414 3025 4469 ἀντὶ
3051 4409 3316 4482 Γοργόνος
3345 4407 3513 4477 ἀλλης
3549 4404 3648 4459 τοῦ
3674 4421 3819 4473 γαμ-

2242 4510 2375 4582 ϐροῦ
2419 4507 2811 4575 Παλαιολόγου,
2857 4506 2950 4560 καὶ
2979 4506 3035 4560 εί
3062 4521 3147 4568 τις
3175 4501 3371 4573 ὲκείνῳ
3403 4499 3649 4571 βούλοιτο
3684 4515 3819 4570 συμ-

2246 4604 2441 4672 μαχεῖν
2486 4604 2552 4653 ὲκ
2583 4598 2904 4666 Τριϐαλλῶν
2938 4596 3034 4651 καὶ
3065 4594 3288 4649 Μυσῶν.
3335 4593 3449 4646 Καὶ
3487 4589 3690 4672 absab;
3716 4588 3819 4642 τῶν

2224 4665 2305 4748 λεν
2328 4665 2681 4767 ’Χερρονήσῳ
2707 4688 2916 4746 πόλεων
2948 4687 3211 4749 ὲνοικίζει
3245 4685 3407 4750 τισὶν,
3456 4665 3541 4746 ώξ
3580 4683 3677 4736 καὶ
3705 4679 3821 4735 δού-

2244 4789 2361 4852 λοις
2383 4786 2693 4857 διηνεκέσιν
2724 4782 2828 4854 ήδη
2877 4779 3186 4852 κεχρῆσθαι
3216 4777 3532 4831 παντάπασι
3561 4778 3676 4839 τοῖς
3708 4773 3823 4826 ἐκεῖ

2247 4876 2627 4951 ταλαιπώροις
2659 4873 2975 4943 Ῥωμαίοις,
3018 4870 3120 4939 τῆς
3152 4869 3396 4938 ἐφέσεως
3431 4865 3822 4934 συνειληφότας

2249 4973 2545 5041 ἐπίκουρον
2579 4968 2679 5040 ἥδη
2712 4965 2808 5020 καὶ
2836 4966 2896 5019 τὸ
2918 4964 3029 5018 -τοῦ
3082 4962 3348 5033 βασιλέως
3382 4961 3685 5029 ἐνδόσιμον,
3723 4954 3825 5022 ἄξι’

2251 5058 2327 5119 ὧν
2356 5064 2432 5124 ab;
2458 5061 2516 5128 ἐξ
2542 5059 2889 5131 ὁρμητηρίου
2916 5057 3107 5109 λοιπὸν
3150 5052 3431 5123 ἀσφαλοῦς
3470 5053 3706 5119 ἐξιόντες
3735 5048 3825 5100 καὶ

2252 5156 2354 5224 τὴν
2377 5152 2504 5223 ἑξῆς
2525 5155 2613 5207 ἀεὶ
2642 5149 2921 5222 ληϊζονταί
2952 5164 3011 5201 τι
3043 5148 3139 5201 καὶ
3162 5145 3551 5199 ὑποποιοῦνται
3581 5143 3822 5213 Θρᾴκην.

2259 5246 2402 5313 Ἤδη
2432 5246 2488 5299 δὲ
2535 5247 2628 5299 καὶ
2662 5245 2691 5296 ό
2730 5242 2826 5295 τοῦ
2870 5239 3143 5312 Ὑρκανοῦ
3180 5240 3306 5302 παῖς
3352 5236 3428 5301 ώς
3475 5239 3554 5298 είς
3604 5234 3739 5287 ἰδίαν
3766 5233 3828 5284 ἀ-

2255 5338 2479 5391 ποικίαν
2503 5337 2595 5390 καὶ
2636 5334 2873 5404 πατρίαν
2906 5333 3013 5402 γῆν
3047 5330 3241 5393 διαϐὰς
3277 5330 3369 5381 τὸν
3409 5328 3822 5396 Ἑλλήσποντον,

2256 5428 2534 5482 συνοικεῖν
2597 5429 2715 5479 ἐκεῖ
2778 5427 2891 5488 τοῖς
2951 5424 3119 5491 ὀλίγῳ
3181 5423 3447 5491 πρότερον
3520 5416 3830 5488 ἐληλυθόσιν

2257 5521 2440 5589 ἔκρινε
2465 5520 2578 5573 δεῖν
2608 5518 2844 5579 ἐκείνοις
2868 5516 3190 5588 βαρϐάροις.
3209 5513 3291 5568 Τὰ
3318 5511 3364 5568 δ’
3393 5512 3519 5583 ἑξῆς
3546 5509 3623 5573 ὡς
3650 5504 3828 5580 ἥκιστ’

2253 5612 2429 5681 ἄδηλα
2459 5611 2568 5666 τῶν
2601 5609 2840 5664 συνετῶν
2868 5608 3103 5675 οὐδέσιν,
3137 5608 3186 5660 εί
3230 5606 3441 5678 βούλοιο
3487 5604 3573 5671 σὺ,
3618 5599 3829 5669 σιωπή-

2257 5720 2459 5775 σομαιο
2489 5704 2802 5775 ἀποχρῆναι
2834 5689 2941 5774 γάρ
2983 5699 3141 5774 οἶμαι
3188 5704 3285 5757 καὶ
3332 5701 3431 5774 τὴν
3471 5702 3581 5755 τῶν
3615 5712 3832 5752 σιωπω-

2260 5795 2436 5864 μένων
2470 5795 2803 5866 συμϐάλλειν
2836 5794 3088 5850 ἐντεῦθεν
3138 5794 3401 5864 ποιότητα
3442 5789 3835 5862 λογικωτέρςις
