4034 6470
305 410 404 480 1‘7

1259 417 1704 481 maturius
1747 422 2131 484 uls'routu
2177 400 2321 485 1pm.
2366 424 2645 485 xxvm.
2733 406 2736 410 “

3458 419 3557 483 173

302 537 567 592 είκασῐαις
594 533 687 585 τόν
718 549 779 602 γε
812 534 1030 587 συνετὸν
1062 536 1361 608 ἀκροατὴν,
1395 540 1440 591 εί
1467 540 1560 591 καὶ
1600 540 2016 610 φρικωδέστερα
2084 541 2331 610 πέφυκεν
2362 542 2494 601 ἴσως
2534 541 2708 593 ὁπόσα
2765 540 2791 589 ὁ
2864 535 3167 598 Κάλλιστος
3241 535 3558 589 Καντακου-

303 628 462 697 ζηνδν
501 628 857 699 κατατρέχων
899 629 957 690 ἐς
984 628 1045 698 τὸ
1080 631 1225 683 πανυ
1260 634 1600 700 τραχύτατον
1643 630 1998 701 ἐξηρεύξατο.

375 722 481 773 Καὶ
512 721 540 773 ὸ
573 720 674 790 μὲν
700 717 1110 787 Ἀγαθάγγελος
1142 719 1369 774 τοιαῦτα
1398 720 1568 773 εἰπὼν
1591 721 1686 774 καὶ
1714 721 1879 774 ἀκού·
1911 730 1950 784 Α

307 830 404 874 σας
437 814 534 881 τὴν
597 811 854 864 εἰωθυῖαν
913 812 1318 882 ἐπαλινδρόμει,
1388 812 1566 882 λάθρα
1610 813 1705 866 καὶ
1752 812 1878 866 καθ’

305 906 534 974 ἡσυχίαν
587 903 775 958 οἴκαδε
833 904 1035 958 ἀπιών.
1101 904 1212 956 Καὶ
1250 907 1278 958 ὁ
1326 904 1537 973 χειμὼν
1569 904 1628 957 ὲν
1665 905 1878 968 τούτοις

305 996 456 1058 οὔπω
487 995 584 1063 μὲν
617 995 814 1057 τελέως
841 995 1003 1063 ἔληγε
1036 996 1081 1047 δ’
1115 992 1229 1049 οὖν.

378 1086 503 1144 κε’.
542 1090 703 1158 Ἀρτι
732 1088 787 1150 δὲ
817 1089 920 1155 τῆς
961 1088 1109 1155 ὧρας
1139 1089 1505 1159 ἒφεστηκυίας
1532 1090 1591 1144 ἐν
1628 1083 1658 1163 ᾖ
1706 1089 1879 1161 ψυχαὶ

307 1186 533 1251 ζωτικαὶ
557 1185 691 1254 πρὸς
712 1182 1005 1236 ἀναϐίωσιν
1032 1182 1211 1252 πάσης
1236 1183 1519 1254 ἀνίσχουσι
1552 1184 1678 1254 γῆς,
1710 1184 1877 1254 χλόην

309 1276 654 1345 ἐνδεδυμέναι
688 1275 1039 1343 παντοδαπὴν
1073 1277 1168 1328 καὶ
1202 1278 1568 1339 παντοδαποῖς
1590 1277 1879 1353 απεριηνθι-

311 1373 513 1442 σμένην
546 1374 658 1435 τοῖς
692 1371 968 1443 χρώμασι,
1014 1371 1282 1441 Ματθαίῳ
1309 1369 1545 1440 διάδημα
1593 1368 1880 1439 περιτίθη-

314 1483 399 1517 σιν
436 1465 899 1534 αὑτοκρατορικὸν
929 1465 957 1517 ὁ
986 1465 1172 1533 πατὴρ
1203 1466 1261 1515 ὲν
1282 1461 1362 1532 τῷ
1392 1461 1713 1532 Βλαχερνῶν
1748 1460 1878 1529 θείῳ

307 1556 546 1624 τεμένει,
586 1554 840 1609 Φιλοθέου
876 1556 969 1608 τοῦ
1008 1554 1157 1624 μετά
1201 1554 1508 1607 Κάλλιστον
1550 1554 1745 1605 νεωστὶ⁸
1773 1569 1879 1605 πα-

307 1646 569 1717 τριάρχου
600 1647 743 1700 κατά
771 1646 833 1700 τὸ
860 1647 1029 1699 πάλαι
1082 1645 1429 1717 κεκρατηκὸς
1463 1644 1589 1708 ἔθος
1622 1646 1686 1714 τῇ
1715 1643 1879 1714 χρείᾳ,

306 1739 892 1808 καθυπουργήσαντος.
948 1739 1156 1801 Σκοπὸς
1210 1738 1257 1792 δ’
1299 1732 1369 1809 ἦν
1420 1736 1499 1807 τῷ
1530 1736 1634 1806 νέῳ
1680 1736 1880 1804 τουτῳὶ

304 1832 599 1901 διαδήματι
649 1830 793 1885 ὥστε
825 1832 917 1884 τὸν
950 1832 1081 1888 ,υἱον
1121 1830 1412 1901 συνάρχειν
1446 1829 1549 1899 μὲν
1586 1828 1663 1899 τῷ
1710 1827 1881 1895 πατρὶ

303 1924 397 1977 διὰ
428 1922 562 1992 βίου,
601 1922 1030 1994 τελευτήσαντος
1081 1922 1127 1975 δ’
1180 1923 1315 1985 ῐσως
1356 1920 1527 1974 αὑτοῦ
1555 1919 1644 1973 διὰ
1703 1919 1880 1987 γῆρας

304 2014 371 2087 [ἰ.
398 2014 496 2069 112
522 2013 598 2086 υ.]
627 2016 788 2085 μόνον
830 2016 894 2069 ὲκ
917 2015 1171 2086 διαδοχῆς
1217 2014 1311 2067 τδν
1341 2013 1458 2066 υίὸν
1486 2012 1881 2081 αὐτοκρατορι-

2059 720 2467 792 Agathangelus
2534 734 2659 772 cum
2725 719 2839 772 lucc
2895 718 3120 773 dixisset
3175 716 3556 794 audissetque,

1984 815 2066 867 via
2093 828 2200 884 qua
2252 812 2461 867 solebat
2492 813 2630 865 clam
2665 827 2788 866 cum
2839 810 3057 865 silentio
3104 810 3325 864 domum
3373 807 3555 861 rediit.

1983 906 2172 960 llicms
2205 913 2389 958 autem
2430 903 2517 958 his
2559 903 2727 959 rebus
2761 902 3004 957 nondum
3057 903 3217 972 plane
3267 900 3558 968 absumpta

1979 1006 2087 1053 est.
2598 994 2605 1001 ’

2052 1087 2217 1143 XXV.
2256 1088 2374 1144 Jam
2422 1098 2668 1155 tempore
2718 1085 2812 1139 illo
2845 1100 2956 1154 quo
3008 1083 3143 1138 viva:
3182 1082 3350 1138 totius
3396 1090 3557 1135 terra:

1982 1180 2180 1235 animm
2221 1188 2590 1234 renascuntur
2618 1186 2782 1247 atque
2816 1178 3184 1239 revirescunt,
3210 1176 3436 1229 herbam
3470 1174 3557 1226 iu-

1981 1274 2129 1330 duta:
2166 1273 2370 1327 variam
2410 1273 2687 1341 variisque
2725 1272 3040 1325 distinctam
3078 1269 3381 1331 coloribus,
3420 1268 3558 1321 Mat-

1984 1368 2124 1425 thaeo
2151 1365 2385 1420 liberum
2414 1363 2704 1432 imperium
2728 1363 2879 1419 dedit
2905 1372 3056 1424 pater
3080 1362 3199 1433 ejus
3228 1362 3279 1414 in
3309 1360 3558 1413 Blachero

1983 1475 2177 1513 uarum
2205 1458 2410 1526 templo
2433 1474 2461 1510 a
2487 1457 2777 1511 Philotheo
2819 1457 2913 1526 qui
2960 1465 3081 1526 post
3134 1453 3421 1508 Callistum
3453 1469 3558 1506 nu.-

1982 1566 2085 1622 per
2148 1549 2461 1620 patriarcha
2486 1548 2666 1603 factus
2723 1557 2844 1602 erat
2893 1547 2961 1602 ad
3004 1547 3291 1616 antiquum
3322 1560 3556 1611 morem.

1983 1644 2099 1698 Hoc
2131 1657 2330 1696 novum
2365 1655 2592 1711 regnum
2623 1655 2691 1692 eo
2729 1640 2954 1693 nomine
2983 1641 3346 1694 constitutum
3385 1647 3467 1691 est
3503 1647 3567 1692 ιιι

1985 1735 2130 1789 illius
2182 1742 2441 1804 regnaret
2491 1747 2599 1785 una
2637 1746 2764 1786 cum
2818 1740 2974 1800 patro
3034 1746 3129 1799 per
3184 1732 3304 1801 ejus
3362 1730 3560 1795 vitam;

1987 1834 2208 1879 mortuo
2249 1834 2433 1878 autem
2480 1838 2547 1887 eo
2579 1823 2650 1875 ob
2685 1831 3025 1876 senectutem
3060 1822 3403 1876 haereditatis
3435 1822 3562 1891 jure

1983 1918 2155 1973 libere
2189 1916 2340 1988 regni
2374 1916 2746 1988 gubernacula
2782 1924 3016 1970 teneret.
3051 1917 3187 1971 Nam
3227 1916 3564 1985 Pultt'ologtts

1984 2029 2152 2084 gener
2177 2020 2323 2066 totus
2354 2011 2407 2064 in
2439 2009 2773 2063 oblivionem
2810 2008 3082 2077 relegatus
3124 2005 3260 2072 erat,
3294 2018 3350 2062 et
3381 2008 3563 2063 aditus

301 2079 439 2187 κῶς
470 2107 539 2158 τὰ
748 2106 1027 2178 βασιλείας
1067 2079 1276 2161 διέπειν
1317 2106 1598 2177 σκῆπτρα.
1627 2079 1735 2158 τοῦ
1769 2079 1877 2173 γάρ

1981 2079 2047 2157 ad
2081 2102 2380 2157 amicitiam
2413 2109 2469 2154 et
2495 2098 2846 2154 concordiam
2878 2098 3035 2167 plane
3072 2099 3394 2164 praeclusus.

299 2196 558 2269 γαμϐροῦ
604 2201 971 2271 Παλαιολάτου
1022 2204 1175 2257 πᾶσα
1231 2202 1587 2257 παντάπασιν
1637 2198 2020 2271 κατεψήφιστο
2051 2197 2213 2266 λήθη,
2249 2196 2346 2249 καὶ
2386 2196 2527 2266 θύρα
2597 2194 2823 2264 φιλικῆς
2884 2195 3136 2264 ὁμονοίας
3197 2194 3399 2258 τελέως
3441 2196 3563 2247 ἐκέ-

303 2314 543 2350 κλειστο.

378 2388 523 2457 KG".
578 2389 812 2463 Ἡμέραι
878 2392 1085 2462 μεταξὺ
1145 2394 1544 2466 παρερρύησαν
1601 2394 1662 2448 οὐ
1728 2392 1875 2463 μάλα

305 2484 521 2553 συχναὶ,
547 2486 639 2538 καὶ
665 2484 946 2549 Ματθαίος
972 2488 1000 2538 ὁ
1021 2485 1139 2549 νέος
1172 2487 1356 2541 οὑτοσὶ
1386 2486 1642 2555 βασιλεὺς
1666 2485 1748 2546 εἰς
1775 2482 1877 2553 τὴν

303 2575 660 2641 ἐγκλείουσαν
717 2576 925 2651 ταύτην
976 2578 1116 2650 ἐμὴν
1173 2576 1737 2648 ἀφικνεῖταιόἰκίαν,
1780 2576 1874 2628 τοῦ

304 2665 521 2735 πατρὸς
552 2665 815 2735 βασιλέως
847 2669 1202 2735 κελεύσαντος
1235 2673 1401 2741 μέσον
1434 2670 1726 2743 γενόμενον
1756 2671 1876 2723 πεῖ-

304 2775 401 2811 σαι
443 2757 678 2827 βαδίζειν
711 2761 858 2831 ἡμᾶς
905 2761 1059 2824 αὖθις
1096 2766 1173 2826 εἰς
1219 2765 1287 2816 τὰ
1321 2763 1572 2832 βασίλεια
1611 2766 1705 2814 καὶ
1740 2762 1877 2813 διδο-

301 2864 396 2899 ναι
432 2848 533 2917 μὶν
561 2847 657 2912 τὰς
687 2851 941 2914 είωθυίας
965 2855 1078 2914 τοῖς
1112 2852 1420 2923 βασιλεῦσιν
1450 2854 1600 2924 ἡμᾶς
1634 2852 1875 2921 ὁμιλίην,

300 2939 726 3009 ἀπιλαμσάνειν
758 2942 805 2994 δ’
854 2943 1066 2996 ἐκεῖθεν
1119 2944 1321 3015 συχνὰς
1374 2945 1470 2997 καὶ
1505 2946 1757 3006 ποικίλας
1804 2939 1873 2996 αὖ

299 3037 405 3095 τὰς
434 3034 540 3088 τῶν
579 3034 898 3089 ἀντιδόσεων
924 3032 1183 3105 ἀμοιϐάς.
1229 3036 1369 3089 ’Δλλ’
1403 3036 1538 3103 ἐμοῦ
1571 3035 1668 3108 τὴν
1701 3036 1881 3105 παρά-

302 3126 505 3193 κλησιν
542 3129 768 3196 ταυτηνὶ
795 3119 1024 3198 μηδαμῆ
1060 3129 1185 3197 μηδ’
1223 3134 1290 3183 ἐκ
1338 3129 1565 3200 πρώτης
1596 3147 1882 3199 προσμα-

2057 2386 2248 2443 XXVI.
2290 2388 2421 2442 Dies
2446 2389 2660 2443 interea
2703 2388 3039 2456 pra-terlapsi
3072 2396 3230 2441 erant
3260 2404 3368 2441 non
3405 2388 3561 2442 valde

1982 2480 2305 2544 multi,cum
2338 2479 2624 2536 Matthteus
2645 2478 2807 2550 205
2828 2480 3129 2555 imperator
3156 2480 3346 2549 junior
3369 2481 3425 2533 in
3460 2482 3562 2535 hoc

1981 2573 2248 2629 custodia:
2298 2589 2431 2629 mea:
2502 2562 2847 2627 domicilium
2916 2572 3085 2641 venit,
3135 2583 3192 2629 et
3247 2574 3418 2643 patris
3467 2574 3552 2629 sui

1975 2667 2131 2737 jussu
2186 2664 2582 2720 intercedendo
2632 2673 2689 2720 et
2740 2665 3126 2735 persuadendo
3179 2682 3265 2721 me
3311 2667 3470 2731 adiit,
3505 2676 3564 2722 ut

1984 2772 2176 2811 rursus
2198 2755 2255 2816 in
2291 2758 2497 2827 regiam
2534 2757 2778 2812 venirem
2809 2767 2868 2812 et
2896 2764 3120 2827 recepta
3151 2774 3235 2822 ea,
3265 2774 3371 2827 qua
3401 2769 3561 2813 antea

1982 2863 2332 2904 consuessem
2357 2865 2483 2904 cum
2509 2864 2636 2919 rege
2656 2865 2797 2914 esse,
2817 2851 3238 2917 consuetudine,
3262 2851 3560 2904 multorum

1980 2937 2108 2993 inde
2142 2949 2198 2994 et
2216 2941 2510 2995 .variorum
2537 2940 2845 2996 ciliciorum
2878 2941 3313 2995 vicissitudinem
3345 2943 3560 3011 recipe-

1983 3045 2122 3085 rem.
2147 3029 2415 3100 Equidem
2440 3047 2567 3087 cum
2592 3032 2960 3087 hortationem
2994 3032 3137 3087 illam
3164 3034 3275 3106 jam
3301 3034 3371 3087 ab
3402 3034 3563 3087 initio

1980 3120 2247 3176 orationis
2303 3136 2610 3184 aversarer,
2662 3121 2861 3192 lingua:
2909 3122 3195 3177 lenitatem
3237 3123 3328 3178 ille
3375 3125 3562 3178 statim

304 3219 478 3285 μένου
511 3215 711 3285 φωνῆς,
739 3216 836 3287 τὴν
882 3217 1129 3283 γλῶτταν
1177 3219 1341 3280 εὐθὺς
1378 3221 1589 3282 ἐκεῖνος
1641 3220 1877 3291 ἑτέρωσε

1984 3213 2039 3265 in
2087 3212 2329 3267 alteram
2364 3226 2579 3284 partem
2611 3215 2868 3282 mutavit,
2903 3224 3070 3282 atque
3105 3234 3118 3270 :
3157 3215 3213 3272 Si
3249 3232 3420 3286 pcacs
3463 3234 3563 3272 nos

305 3308 737 3380 μετερρύθμιζε.
804 3309 931 3376 Καὶ,
972 3329 989 3360 ι
1039 3312 1097 3362 El
1160 3311 1265 3381 μὲν
1327 3312 1412 3381 ἐφ’
1447 3315 1578 3382 ἡμῖν
1629 3332 1647 3365 ι
1690 3316 1876 3383 φησὶν,

308 3418 327 3450 ι
358 3392 505 3452 sinat
548 3398 737 3468 λογίζῃ
769 3399 863 3451 τοῦ
911 3398 1027 3467 βίου
1080 3403 1148 3454 τὰ
1201 3403 1531 3473 πράγματα,
1582 3405 1675 3456 καὶ
1709 3405 1775 3475 τῇ
1816 3421 1879 3471 γε

304 3492 557 3563 ἡμετέρᾳ
586 3493 684 3556 τὰς
717 3493 873 3562 ἡνίας
897 3493 1093 3567 γνώμῃ
1112 3497 1373 3565 παρέχεις
1404 3496 1498 3549 τοῦ
1521 3498 1747 3551 τοιῶσδε
1784 3497 1877 3551 καὶ

304 3587 384 3658 μὴ
437 3586 533 3640 καὶ
570 3587 745 3649 ἄλλως
777 3586 1059 3657 ’κινεῖσθαι
1109 3590 1290 3653 ταυτὶ,
1352 3592 1576 3642 σκοπεῖν
1609 3607 1668 3644 σε
1701 3589 1879 3659 χρεὼν

303 3680 380 3747 μὴ
417 3676 512 3730 καὶ
552 3680 796 3744 σεαυτὸν,
839 3677 960 3745 μεθ’
986 3671 1063 3733 ὧν
1098 3678 1300 3747 ἑτέρων
1334 3660 1560 3753 ἀδικεῗς,
1608 3677 1879 3749 λανθάνῃς

296 3771 509 3838 ὁμοίως
539 3770 700 3834 αὐτὸς
727 3770 951 3836 ἀδικῶν,
994 3771 1085 3824 καὶ.
1118 3776 1214 3839 τῆς
1259 3770 1360 3838 σῆς
1398 3770 1629 3833 πολλοὺς
1658 3770 1879 3840 ὁμιλίας

302 3859 447 3928 μετά
475 3860 575 3926 τῆς
604 3859 883 3927 συμφυοῦς
934 3860 1258 3928 ἀποστερῶν
1287 3859 1580 3928 ὠφελείας,
1620 3859 1715 3913 καὶ
1745 3876 1879 3912 σαυ-

297 3953 391 4003 τὸν
421 3950 583 4012 αύτδς
615 3955 787 4022 φανῇς
826 3953 959 4022 ὁμοῦ
989 3951 1224 4022 ζημιῶν,
1266 3952 1426 4023 δόξης
1457 3953 1607 4017 θείας
1636 3953 1749 4022 ἅμα
1781 3952 1877 4006 καὶ

298 4043 654 4113 ἀνθρωπίνης
674 4044 735 4097 ἐκ
764 4061 826 4112 γε
854 4045 949 4098 τοῦ
979 4048 1292 4115 προφανοῦς
1312 4046 1634 4114 ἀποστερῶν
1671 4047 1872 4113 ἐκοντί.

299 4135 382 4186 Τά
408 4150 468 4185 τε
493 4133 600 4204 γάρ
626 4133 759 4188 ἄλλα
790 4134 884 4188 καὶ
910 4135 974 4207 δὴ
1007 4139 1096 4188 καὶ
1120 4137 1211 4188 τὸν
1244 4138 1376 4207 ἐμὸν
1400 4136 1510 4205 ὁρῶ
1544 4134 1757 4206 πατέρα
1781 4139 1876 4189 καὶ

297 4225 551 4295 βασιλέα.
580 4226 676 4278 σύν
719 4244 782 4294 γε
823 4228 990 4298 μητρί
1019 4246 1121 4293 μου
1157 4230 1219 4297 τῇ
1253 4227 1506 4296 βασιλίδι,
1539 4227 1678 4297 πρὸς
1720 4226 1878 4280 τοῦτο

296 4318 325 4369 ὃ
367 4317 572 4383 μεταξὺ
618 4321 1081 4384 συμπεπτωκέναι
1141 4319 1514 4389 συμπέπτωκε
1564 4320 1875 4389 μετάμελον

297 4409 527 4474 σχόντας
558 4404 618 4456 οὐ
656 4407 801 4471 μάλα
851 4406 1048 4474 μικρὸν
1084 4406 1206 4459 οὐδὲ
1243 4408 1379 4477 πρὸς
1408 4408 1469 4459 τὸ
1511 4405 1875 4477 περιφρονού-

297 4517 462 4569 μενον
486 4501 840 4569 ύπορρέοντα.
873 4498 1198 4569 Μέμνηνται
1223 4500 1331 4569 γάρ
1355 4519 1447 4552 σου
1474 4500 1573 4552 σὺν
1603 4500 1869 4568 θαύματι,

295 4594 393 4645 καὶ
427 4591 518 4665 διὰ
554 4592 820 4659 στόματος
865 4591 1077 4661 οὐδαμῆ
1108 4591 1475 4644 διαλείπουσι»
1514 4590 1618 4662 ίδία
1649 4591 1742 4643 καὶ
1772 4591 1867 4660 δη-

1979 4598 2214 4652 fortuna;
2269 4598 2480 4666 impetu
2536 4598 3082 4652 circumfunduntur.
3138 4597 3256 4652 Huc
3317 4598 3554 4652 similem
3646 4634 3651 4641 .

297 4684 466 4755 μοσίᾳ
492 4684 677 4751 φέρειν
694 4685 944 4754 ἑκάτεροι
963 4685 1029 4736 τὰ
1052 4686 1122 4736 σὰ
1142 4686 1235 4737 καὶ
1258 4684 1650 4737 ἀνακαλεῖσθαι
1678 4686 1868 4753 συχνᾶ,

297 4780 392 4830 καὶ
430 4776 665 4844 μάλιστα
712 4777 805 4829 νῦν
859 4777 963 4842 ὅτε,
1002 4778 1214 4846 συχνοῖς
1256 4774 1701 4845 περιαντλεῖσθαι
1733 4794 1872 4846 συμ-

295 4869 477 4922 ὅαίνει
510 4868 706 4937 βιαίοις
742 4872 1089 4939 πραγμάτων
1146 4870 1354 4940 κύμασι
1388 4870 1478 4923 καὶ
1520 4870 1667 4941 σάλῳ
1700 4869 1869 4940 τύχης

295 4960 526 5022 αὐτούς·
557 4961 651 5011 καὶ
688 4953 813 5037 ,οἶος
849 4963 912 5013 σὺ
958 4961 1267 5029 δεομένους,
1308 4963 1466 5031 εἴπερ
1502 4963 1642 5027 ποθῗ,
1679 4963 1873 5031 ὁμιλη-

293 5052 389 5107 τοῦ
427 5052 561 5121 πρὸς
599 5053 968 5121 πιραμυθίαν,
1003 5053 1240 5124 ζεφύρου
1304 5060 1470 5124 φάναι
1509 5057 1652 5118 τινος
1680 5056 1870 5125 ἡδονῆς

291 5147 599 5218 αὐτουργοῦ
627 5191 642 5215 ,
683 5150 778 5202 καὶ
824 5152 1082 5221 χορηγεῖν
1128 5152 1702 5222 παρεσκευασμένους
1749 5168 1872 5223 χαι.

294 5238 465 5309 ρούσῃ
495 5238 692 5310 γνώμῃ
719 5240 978 5313 χρήματα
1010 5241 1102 5293 καὶ
1136 5241 1295 5307 δόξαν
1335 5245 1434 5295 σὺν
1468 5244 1622 5305 ὅσαις
1660 5244 1870 5312 προσή-

291 5348 452 5385 κουσι
495 5331 768 5398 δεξιώσεις
828 5334 1017 5402 τιμαῖς
1068 5334 1415 5388 συνοικοῦσαι
1472 5335 1866 5401 παντοδαπαῖς,

287 5425 387 5477 καὶ
414 5418 523 5479 οἷαι
553 5426 635 5500 σοὶ
658 5424 793 5496 πρὸς
823 5408 1275 5498 βουλήσεωςέἷεν
1303 5427 1389 5482 ἄν.
1416 5429 1494 5481 Οὐ
1522 5429 1629 5500 γὰρ
1661 5428 1866 5498 ἀνεμέ-

291 5532 458 5585 σητον
493 5516 570 5587 μὴ
598 5499 656 5582 ξς
685 5519 745 5571 τὸ
771 5518 892 5573 δέον
928 5520 1239 5590 κεχρῆσθαί
1286 5538 1345 5573 σε
1375 5520 1451 5589 τῷ
1479 5514 1674 5576 δέοντι,
1714 5522 1867 5586 Ἐξὸν

289 5610 406 5679 γὰρ
433 5609 771 5679 εὐδαιμονεῖν
801 5629 861 5665 τε
903 5612 999 5666 καὶ
1028 5614 1261 5684 χαίρειν,
1308 5616 1374 5668 σὺ
1406 5614 1451 5667 δ’
1491 5614 1777 5687 ἐθελοντὴς
1804 5617 1867 5669 ἀ·
1889 5618 1929 5662 ’.

292 5703 489 5771 φανείῃ
527 5704 621 5756 καὶ
651 5703 797 5777 λύπῃ
832 5708 1125 5776 συντήκεις
1168 5708 1387 5773 σαυτὸν,
1420 5708 1515 5759 καὶ⁵
1544 5707 1757 5778 οὖδαμῆ
1800 5724 1865 5777 γε

291 5796 569 5865 ἐρρῶσθαι
628 5797 784 5862 δίδως
836 5801 971 5869 πρὸς
1004 5802 1065 5854 τδ
1086 5804 1256 5872 νῆφον
1286 5797 1444 5864 αὖθις
1481 5802 1568 5853 τὸν
1594 5803 1684 5853 σὸν
1719 5801 1868 5870 λογι-

294 5888 450 5956 σμύν.
475 5889 530 5941 El
552 5889 606 5943 δὲ
628 5888 766 5959 τύχη
794 5892 886 5946 καὶ
913 5892 969 5946 τὸ
999 5895 1306 5961 αὐτόματον
1334 5894 1543 5960 ἄγειτά
1576 5894 1698 5950 καθ’
1720 5896 1865 5959 ἡμᾶς

1982 3317 2127 3364 esse.
2160 3304 2360 3374 inquit,
2397 3305 2523 3360 vitae
2564 3307 2780 3377 negotia
2814 3319 2973 3376 putas
3001 3319 3058 3363 et
3106 3320 3295 3363 nostro
3329 3308 3564 3363 arbitrio

1983 3396 2073 3450 illa
2102 3397 2324 3468 regendi
2356 3406 2684 3468 potestatem
2731 3400 3011 3464 concedis,
3047 3401 3475 3471 circumspicere
3511 3412 3561 3458 te

1981 3498 2204 3558 oportet
2247 3505 2316 3544 ne
2358 3501 2556 3560 praeter
2590 3491 2731 3545 alios
2779 3500 2830 3546 te
2871 3506 3091 3563 quoque
3140 3493 3257 3563 ipse
3304 3494 3565 3549 similiter

1982 3580 2188 3635 invitus
2216 3583 2453 3649 crucies,
2493 3583 2586 3637 sed
2630 3592 2691 3639 ut
2720 3583 2992 3654 intelligas
3021 3586 3299 3656 quomodo
3330 3603 3565 3642 consue-
3642 3619 3648 3625 -

1983 3674 2174 3730 tudine
2204 3685 2294 3731 tua
2319 3691 2443 3731 cum
2471 3677 2707 3733 utilitate
2734 3680 3026 3749 conjuncta
3062 3682 3261 3734 multos
3290 3683 3566 3751 exspolics

1979 3776 2037 3821 et
2074 3767 2191 3838 ipse
2226 3777 2277 3823 te
2319 3769 2534 3838 punias,
2567 3786 2693 3825 cum
2738 3771 2830 3824 Dei
2873 3771 3045 3842 gloria
3073 3780 3239 3841 atque
3275 3772 3560 3827 hominum

1979 3876 2045 3915 ex
2079 3870 2272 3930 aperto
2300 3870 2353 3915 te
2392 3871 2589 3931 sponte
2619 3864 2820 3933 prives.
2859 3863 3014 3931 Nam,
3050 3874 3110 3917 ut
3152 3874 3349 3920 caetera
3399 3866 3565 3920 omit-

1981 3960 2114 4015 tam,
2171 3952 2315 4022 patri
2380 3968 2503 4007 meo
2556 3961 2613 4007 et
2663 3952 2824 4008 matri
2887 3952 3090 4023 reginae
3136 3939 3410 4009 video'ex
3471 3956 3560 4010 illa

1980 4057 2040 4098 re
2071 4058 2191 4113 quae
2226 4043 2434 4098 interea
2474 4042 2675 4100 accidit
2722 4042 2968 4096 dolorem
3017 4058 3140 4097 esse
3184 4043 3330 4097 haud
3384 4044 3559 4099 levem

1978 4144 2142 4206 atque
2160 4137 2228 4193 ab
2248 4151 2306 4190 re
2327 4137 2571 4205 neglecta
2594 4135 2858 4199 alienum.
2887 4136 3266 4191 Rceordantur
3299 4136 3444 4189 enim
3483 4142 3561 4192 tui

1979 4242 2106 4283 cum
2147 4228 2511 4283 admiratione
2539 4226 2796 4297 quadam,
2844 4242 2947 4283 nec
2995 4228 3271 4283 desistunt
3318 4243 3560 4299 unquam

1979 4321 2035 4375 in
2071 4336 2169 4376 ore
2201 4306 2404 4375 habere
2455 4321 2675 4390 publice
2716 4328 2780 4374 et
2814 4319 3070 4389 piivaxim
3113 4320 3330 4386 negotia
3367 4329 3457 4376 tua
3506 4330 3563 4375 et

1978 4428 2109 4467 cum
2129 4422 2284 4482 grato
2306 4412 2492 4475 animo
2520 4412 2764 4473 volvere,
2789 4420 2843 4464 et
2861 4410 3162 4480 prtesertim
3188 4411 3292 4465 hoc
3313 4420 3557 4480 tempore

1978 4521 2090 4575 quo
2123 4506 2340 4562 crebris
2368 4514 2426 4561 et
2458 4505 2968 4573 vehementissimis
2991 4521 3177 4561 rerum
3217 4504 3477 4561 fluctibus
3502 4516 3559 4561 et

1978 4688 2143 4759 206
2188 4689 2420 4758 cupiunt
2463 4689 2809 4752 fatuiliarem,
2843 4690 2938 4757 qui
2990 4698 3248 4756 tanquam
3284 4690 3557 4760 zephyrus

1978 4780 2081 4833 sibi
2140 4779 2385 4833 animum
2436 4780 2772 4848 permulceat
2814 4790 2867 4834 et
2921 4782 3093 4849 parati
3138 4791 3268 4834 sunt
3307 4781 3377 4837 ad
3426 4798 3559 4851 aug-

1977 4871 2306 4925 mentaudas
2342 4887 2476 4938 opes
2503 4888 2627 4925 cum
2660 4874 2942 4940 voluptate
2977 4873 3210 4942 quadam
3236 4880 3293 4927 et
3325 4872 3555 4943 gloriam

1976 4963 2234 5016 munibus
2259 4962 2351 5031 qui
2393 4962 2591 5017 decent
2634 4962 2891 5017 amicitia:
2925 4962 3230 5018 hoooribus
3273 4972 3329 5018 et
3360 4965 3453 5033 qui
3488 4983 3555 5019 ex

1976 5056 2257 5110 voluntate
2293 5067 2381 5109 tua
2408 5055 2635 5120 fuerint,
2669 5054 3118 5109 oruandam.Nec
3149 5055 3297 5109 enim
3329 5057 3554 5126 impune

1974 5145 2273 5201 dimittitur
2314 5147 2360 5201 si
2402 5146 2552 5216 justo
2595 5144 2805 5216 justum
2861 5161 2971 5199 non
3008 5146 3346 5202 adhibueris.
3399 5149 3553 5203 Licet

1976 5241 2074 5295 tibi
2105 5242 2159 5296 in
2183 5239 2441 5296 felicitate
2466 5250 2520 5294 et
2549 5240 2829 5310 voluptate
2857 5239 3062 5293 versari
3088 5258 3102 5304 ;
3131 5250 3187 5293 tu
3217 5255 3347 5294 vero
3404 5241 3550 5295 ultro

1973 5334 2283 5390 calamitate
2319 5342 2630 5390 etmoerore
2667 5342 2719 5389 te
2758 5333 3065 5401 consumis,
3093 5349 3193 5388 nec
3218 5350 3457 5404 unquam
3480 5336 3551 5391 ad

1974 5426 2432 5496 tranquillitatem
2486 5426 2679 5481 venire
2711 5426 2920 5496 pateris
2948 5434 3190 5479 mentem
3241 5434 3408 5481 tuam.
3447 5426 3553 5481 Sin

1970 5537 2105 5577 vero
2135 5521 2353 5576 fortuna
2393 5529 2449 5576 et
2478 5535 2639 5576 casus
2673 5520 2814 5575 ferat
2848 5535 2936 5576 res
2969 5530 3186 5575 nostras
3211 5530 3267 5575 et
3295 5520 3548 5575 volunta-

1973 5622 2082 5666 tem
2129 5611 2289 5668 uobis
2318 5626 2444 5668 cum
2475 5612 2759 5668 dominatu
2805 5618 3046 5681 quodam
3078 5612 3331 5681 imponit,
3377 5612 3449 5668 ita
3492 5608 3587 5667 ut'

1972 5709 2132 5764 inviti
2165 5712 2229 5763 ad
2262 5709 2535 5780 agendum
2568 5718 2625 5763 ct
2669 5709 2989 5780 patiendqu
3024 5708 3355 5763 necessitate
3393 5724 3547 5761 com-

1971 5800 2263 5870 pellamur,
2308 5799 2449 5852 nihil
2492 5810 2745 5868 superest
2776 5798 2921 5867 quod
2967 5798 3217 5868 obiicias.
3270 5799 3379 5852 Nec
3414 5800 3555 5854 fines

1975 5891 2482 5948 necessitudinibus
2513 5890 2755 5947 munitos
2791 5905 2911 5946 sum
2944 5889 3269 5945 turbaturos
3310 5891 3362 5943 in
3395 5890 3547 5944 futu-
