4034 6474
484 356 603 430 ³179

1688 359 2106 430 ΝῌἹΕΡΗΟἩΙ
2147 358 2525 421 ΟΒΕΟΟΜΞ

3635 352 3730 418 180

495 495 643 542 rum,
677 478 771 532 sed
813 477 1070 534 Nemesin
1108 479 1408 549 suspiciam
1455 488 1514 535 et
1544 468 1852 535 venerabor
1900 492 2070 534 teme-

2181 483 2265 533 καὶ
2298 481 2408 550 τὴν
2443 478 2600 552 ἡμῶν
2652 476 2712 544 ἐξ
2755 475 2998 548 ἀφανοῦς
3043 471 3346 529 ἐπιτίθεται
3395 470 3726 541 τυραννοῦσι

493 573 656 627 ritate
689 581 746 626 ut
777 587 876 642 par
905 580 989 627 est
1018 573 1252 644 abiecta.
1283 572 1458 629 Velim
1485 581 1691 639 tamen,
1721 573 1808 627 vir
1833 573 2062 643 optime,

497 679 612 728 me,
644 664 802 734 plane
856 665 1050 720 doceat
1103 663 1397 735 prudentia
1450 675 1582 730 tua;
1615 663 1820 719 etenim
1868 664 1914 719 si
1965 663 2066 719 hos

497 763 753 826 prrestare
781 753 917 808 mihi
948 756 1308 825 persuaseris,
1333 771 1418 810 me
1444 771 1552 810 non
1577 755 1904 830 pr:eveneris
1926 755 2067 810 hanc

498 845 628 899 mihi
686 861 936 915 magnam
987 846 1320 916 voluptatem
1371 847 1686 916 praebendo,
1737 861 1862 901 cum
1913 844 2066 900 brevi

499 949 746 1007 tempore
773 927 997 1009 magnas
1020 938 1392 993 dubitationes
1419 954 1486 992 ex
1507 923 1702 993 ’animo
1731 953 1853 992 meo
1883 939 2070 993 detur-

501 1030 649 1102 baris
677 1038 733 1084 et
767 1029 1067 1106 depuleris.
1102 1029 1233 1096 Qum
1264 1029 1487 1100 quidem
1522 1029 1614 1084 diu
1647 1043 1734 1084 me
1771 1029 2067 1091 vehemen-

501 1131 692 1188 terque
721 1120 1124 1190 deprimebant,
1148 1123 1257 1192 jam
1289 1121 1681 1192 cogitationum
1710 1128 1762 1175 et
1792 1121 2066 1174 rationum

502 1212 909 1268 multitudinem
931 1214 983 1266 in
1004 1215 1329 1268 immensum
1354 1221 1552 1284 augent
1570 1222 1624 1267 et
1644 1211 2068 1282 compositiones

501 1316 556 1359 et
582 1305 960 1373 Oppositioues
1003 1314 1057 1358 et
1102 1305 1496 1374 dispositiones
1527 1319 1711 1359 earum
1747 1303 1879 1358 alias
1910 1303 2069 1358 aliter

504 1396 815 1463 intruduut,
856 1395 969 1466 jam
1016 1410 1147 1450 vero
1181 1397 1232 1449 in
1286 1396 1611 1449 immensum
1660 1395 1962 1449 dilacerant
2006 1407 2069 1447 ac

504 1489 828 1558 dirumpunt
879 1487 1114 1542 tristitia:
1167 1487 1326 1560 207
1389 1485 1851 1557 magnitudinem,
1905 1499 2068 1554 quam

508 1579 627 1650 ipSe
661 1581 799 1636 mihi
834 1581 958 1636 dedi
995 1597 1060 1635 eo
1095 1562 1575 1652 quod/nesciebam
1605 1577 1878 1647 quomodo
1907 1587 1959 1631 et
1987 1592 2072 1630 me

506 1681 557 1748 et
595 1671 741 1740 hunc
785 1669 1099 1741 reipublicw
1127 1657 1585 1732 statum'fcrrem,
1619 1680 1732 1724 tum
1770 1669 1944 1739 patris
1979 1683 2073 1722 vo-

505 1745 698 1817 luntali
732 1771 928 1833 sponte
957 1762 1276 1827 obsecutus,
1303 1745 1417 1816 tum
1456 1778 1562 1818 non
1597 1763 1780 1831 potius
1807 1761 1878 1815 ob
1915 1775 2073 1830 nego-

508 1857 706 1910 tiorum
743 1839 952 1918 turbas,
989 1871 1112 1925 qua:
1149 1870 1233 1908 me
1281 1854 1728 1909 circumfundunt
1771 1854 2073 1912 circumve-

508 1946 848 2016 Itunturque.
870 1946 1156 2022 Nonnulla:
1176 1946 1348 2007 enim,
1371 1947 1479 2000 imo
1497 1961 1686 2001 omnes
1707 1943 2070 1998 Romanorum

506 2035 681 2090 tribus
716 2035 818 2104 ipsi
855 2037 996 2106 patri
1046 2050 1168 2090 meo
1201 2050 1359 2090 casus
1418 2035 1770 2090 calamitosos
1805 2025 2078 2088 Romano-

506 2144 625 2182 rum
661 2127 1000 2192 attribuunt,
1028 2138 1083 2182 et
1107 2143 1230 2197 quae
1265 2127 1493 2197 patriam
1536 2127 1897 2182 vehementer
1929 2145 2076 2184 nunc

510 2217 798 2275 invadunt.
831 2220 948 2276 Jam
972 2221 1138 2275 etiam
1182 2222 1236 2277 in
1277 2221 1462 2290 populi
1495 2231 1846 2289 conspectum
1887 2219 2077 2289 Opinio

511 2313 602 2366 illa
636 2312 998 2382 pet-manavit,
1045 2322 1099 2364 et
1143 2326 1333 2365 omnes
1377 2321 1568 2380 gentes
1614 2311 1976 2364 Barbarorum
2023 2323 2077 2368 et

511 2404 763 2457 nationes
813 2403 930 2456 vias
983 2410 1039 2456 et
1085 2401 1201 2455 fora
1253 2411 1308 2455 ct
1359 2401 1564 2470 plateas
1631 2402 1770 2456 fama
1829 2403 2077 2470 implent,

511 2509 744 2563 eamque
792 2493 1066 2563 adaugent
1117 2493 1413 2562 ignominia
1466 2493 1658 2562 quavis
1709 2493 1914 2548 addita.
1958 2494 2077 2548 Non

513 2593 742 2652 possunt
774 2577 842 2639 de
869 2584 1019 2654 justo
1047 2595 1141 2638 aut
1175 2585 1381 2655 injusto
1411 2584 1618 2655 aliquid
1660 2584 1932 2656 judicare,
1980 2600 2080 2640 nec

512 2678 695 2731 animo
727 2685 984 2746 reputant
1034 2677 1198 2731 licere
1245 2677 1388 2746 patri
1417 2667 1552 2731 'meo
1596 2676 1666 2732 ob
1705 2692 1898 2732 causas
1941 2693 2081 2748 quas
2125 2698 2130 2703 ·

512 2769 691 2823 sc’unt
719 2781 910 2824 omnes
941 2767 1129 2822 tollere
1156 2766 1515 2838 Palmulogum
1545 2767 1705 2822 simul
1731 2760 1856 2823 cum
1886 2778 2077 2834 matre,

512 2861 608 2932 qui
664 2875 910 2916 socerum
961 2868 1162 2931 praeter
1211 2875 1454 2915 sororem
1505 2875 1680 2914 meam
1741 2860 1968 2924 abduxit
2024 2870 2080 2916 et

513 2951 674 3008 nobis
702 2951 1012 3021 anteposuit
1056 2937 1204 3006 ﬁliis.
1240 2949 1359 3006 Jam
1391 2968 1525 3007 vero
1567 2953 1880 3023 intelligunt
1925 2955 2076 3009 illum

514 3045 744 3100 insidias
799 3055 966 3115 atque
1019 3044 1248 3099 artiﬁcia
1294 3045 1455 3100 nobis
1504 3055 1722 3099 struere
1760 3055 1815 3099 ct
1845 3046 1898 3100 iu
1948 3047 2077 3100 odio

2171 572 2408 642 θέλησιν,
2465 571 2558 624 καὶ
2606 571 2833 632 ἄκοντες
2883 567 3101 638 δρῶμεν
3158 564 3252 618 καὶ
3307 563 3592 633 πάσχομεν
3641 564 3726 615 ὑπ’

2169 663 2410 731 ἀνάγκης
2441 661 2612 715 ὁπόσα
2631 661 2740 714 τῶν
2765 660 2978 728 ἐκείνης
3005 655 3198 727 ῥοθίων
3222 656 3250 708 ὁ
3281 653 3491 707 κλύδων
3515 655 3724 718 ἐπάγει,

2170 756 2253 818 σοὶ
2292 753 2390 826 μέν
2430 753 2532 806 οὐκ
2589 751 2840 822 ἐγκαλεῖν
2893 749 3044 803 οὐδὲν
3071 749 3164 802 ἐτι·
3205 745 3318 800 οὐδ’
3375 746 3536 814 ὅρους
3566 748 3732 796 κινεῖν

2169 845 2610 914 ὑπεζευγμένους
2634 843 2901 911 ἀνάγκαις
2931 840 3268 911 βουλήσομαι
3299 837 3360 909 [1⁸.
3399 837 3502 890 H3
3534 835 3605 907 r.]
3638 835 3730 886 τοῦ

2169 937 2381 1002 λοιποῦ,
2429 935 2546 990 ἀλλ’
2594 935 2872 1004 ύπόψομαι
2905 933 2999 988 καὶ
3051 929 3359 1000 φυλάξομαι
3407 929 3508 998 τὴν
3543 926 3732 996 Ἀδράη

2172 1046 2376 1094 στειαν,
2399 1025 2719 1083 τούντεῦθεν
2743 1026 2818 1088 ὡς
2849 1024 2997 1085 εἰκὸς
3030 1021 3424 1092 ἀφοσιούμενος
3456 1021 3728 1088 τόλμημα.

2172 1117 2446 1172 Πυθέσθαι
2472 1115 2518 1170 δ’
2539 1111 2634 1169 οῦν
2656 1115 2808 1182 ὅμως
2833 1114 3096 1184 βούλομαι
3116 1113 3250 1180 πρὸς
3277 1111 3374 1180 τῆς
3398 1111 3496 1178 σῆς
3525 1112 3727 1177 σοφίχς,

2171 1199 2216 1262 ὦ
2249 1208 2511 1279 βέλτιστε,
2542 1204 2832 1275 τάκριϐές·
2868 1205 2916 1257 εί
2961 1206 3068 1272 γὰρ
3094 1201 3249 1254 τοῦτο
3281 1187 3502 1270 κρατεῖν
3530 1216 3596 1266 με
3618 1199 3734 1250 πεί-

2175 1317 2347 1363 σειας,
2380 1299 2482 1352 οὐκ
2532 1298 2597 1350 ἀν
2630 1295 2854 1365 φθάνοις
2901 1293 3124 1362 βαθεῖάν
3163 1309 3252 1361 μοι
3290 1290 3646 1361 χαριζόμενος
3680 1293 3736 1355 ἡ·

2171 1391 2348 1460 δονὴν,
2399 1390 2617 1461 μακράς
2668 1390 2725 1441 ἐν
2763 1387 2959 1457 βραχεῖ
2992 1385 3090 1455 τῆς
3143 1385 3282 1464 ἐμῆς
3325 1382 3736 1450 ἀποσφενδονῶν

2171 1485 2268 1537 καὶ
2305 1481 2698 1553 ἀπορῤαπίςων
2729 1479 2905 1553 ψυχῆς
2933 1477 3186 1545 ἀπορίας,
3219 1474 3276 1527 αἶ
3315 1473 3379 1545 δὴ
3405 1474 3494 1526 διὰ
3528 1473 3736 1542 μακροῦ

2172 1563 2271 1651 τὴν
2304 1582 2403 1652 τῆς
2439 1577 2579 1650 ἐμῆς
2617 1578 2855 1640 διανοίας
2891 1578 3078 1630 ἑστίαν
3134 1573 3384 1644 σφοδρῶς
3431 1571 3738 1641 κατασχοῦ-

2175 1689 2286 1737 σαι,
2327 1671 2424 1724 νῦν
2474 1671 2572 1742 μέν
2619 1669 2706 1723 ἐπ’
2757 1669 2986 1738 ἄπειρον
3025 1665 3249 1732 αὔξουσι
3289 1663 3416 1728 τοὺς
3446 1663 3556 1714 τῶν
3593 1663 3740 1732 ἐμῶν

2175 1764 2474 1835 φροντίδων
2505 1780 2560 1815 τε
2591 1762 2684 1817 καὶ
2706 1759 2985 1830 λογισμῶν
3013 1756 3420 1826 ἀναριθμήτους
3450 1755 3738 1824 ἀριθμοὺς,

2181 1858 2273 1911 καὶ
2301 1857 2400 1917 τάς
2437 1873 2497 1921 γε
2541 1853 2604 1924 δὴ
2665 1853 2942 1915 συνθέσεις
2989 1866 3049 1902 τε
3099 1849 3192 1903 xi.
3242 1847 3544 1910 ἀντιθέσεις
3593 1847 3741 1916 σφῶν

2177 1949 2270 2003 καὶ
2298 1947 2562 2008 διαθέσεις
2593 1941 2772 1999 ἄλλοτ’
2798 1943 2975 2005 ἄλλως
3004 1937 3531 2009 παρεισκυκλοῦσαι,
3556 1935 3658 2008 νῦν
3701 1931 3744 1985 δ’

2183 2041 2273 2096 ἐπ’
2305 2041 2539 2110 ἄπειρον
2577 2021 2836 2106 τέμνουσί
2885 2053 2975 2106 μοι
3005 2037 3099 2088 καὶ
3123 2032 3397 2105 διαιροῦσι
3423 2030 3485 2082 τὸ
3513 2029 3741 2100 μέγεθος

2176 2133 2616 2205 τῆςςύθαιρέτου
2635 2129 2837 2200 λύπης,
2855 2131 2920 2200 ἣν
2937 2129 3097 2191 αὐτὸς
3122 2126 3340 2197 ἐμαυτῷ
3359 2125 3742 2193 κατηγγύησα,

2176 2224 2352 2279 λαθὼν
2369 2215 2469 2277 δικ
2481 2218 2576 2277 οἶδ’
2602 2223 2750 2286 ὅπως
2767 2220 3001 2288 ἐμαυτὸν
3017 2217 3111 2273 καὶ
3125 2219 3276 2272 τουτὶ
3287 2219 3346 2270 τὸ
3360 2219 3454 2286 τῆς
3470 2215 3746 2286 βασιλείας

2179 2317 2579 2388 ὑποδεξάμενος
2605 2317 2811 2388 σχῆμα,
2851 2315 2968 2376 πῶς
3017 2295 3304 2382 μέν’ἐκὼν
3337 2312 3451 2374 τοῖς
3493 2308 3749 2379 πατρίοις

2181 2413 2615 2480 ὑποταττόμενος
2647 2407 2856 2472 πόθοις,
2886 2405 3002 2468 πῶς
3042 2407 3088 2458 δ’
3124 2405 3184 2457 οὐ
3230 2404 3372 2473 μάλα
3401 2401 3546 2455 ἐκὼν
3567 2403 3657 2455 διά
3689 2417 3746 2467 γε

2179 2503 2306 2562 τοὺς
2356 2500 2753 2572 περιρρέοντάς
2803 2514 2861 2550 τε
2915 2495 3010 2550 καὶ
3059 2494 3569 2564 περιστοιχίζοντας
3615 2493 3747 2553 τέως

2181 2596 2334 2665 ἡμᾶς
2385 2593 2586 2664 κομιδῆ
2641 2593 2920 2653 κυκεῶνας
2977 2579 3337 2658 πραγμάτων,
3393 2586 3469 2648 ὼς
3509 2585 3749 2654 εἴρηται.

2183 2688 2305 2742 Εἰσὶ
2336 2686 2468 2756 γάρ,
2517 2683 2657 2737 είσὶν
2691 2682 2844 2744 ἔνιοι,
2887 2680 3087 2748 μᾶλλον
3137 2677 3180 2730 δ’
3223 2677 3323 2729 ούκ
3353 2675 3512 2750 ἔνιοι,
3547 2675 3631 2728 ὅτι
3681 2673 3751 2744 μὴ

2181 2779 2322 2850 πλὴν
2353 2776 2512 2830 ἐνίων
2542 2775 2780 2836 ἅπαντες
2819 2771 3107 2841 Ῥωμαίων
3135 2769 3322 2836 δῆμοι,
3365 2765 3414 2818 οἳ
3452 2769 3545 2819 καὶ
3567 2764 3753 2832 τούμῶ

2180 2871 2279 2934 τάς
2304 2867 2483 2929 αίτίας
2506 2865 2615 2920 τῶν
2645 2863 2970 2932 Ῥωμαϊκῶν
2995 2861 3297 2932 συμφορῶν
3333 2861 3432 2914 ἀνα
3445 2858 3619 2928 ρτῶσι
3653 2875 3754 2909 πα-

2179 2962 2290 3032 τρὶ,
2318 2961 2441 3013 ὅσαι
2479 2956 2730 3029 χαλεπῶς
2781 2953 3166 3025 ἀνερῥώγεσαν
3213 2954 3326 3006 νῦν.
3371 2951 3508 3021 Ἤδη
3553 2950 3612 3002 δέ
3659 2950 3750 3000 καὶ

2181 3054 2262 3117 είς
2297 3051 2559 3121 δημόσιον
2579 3047 2753 3120 ἐρρύη
2783 3048 3012 3117 θέατρον
3054 3046 3086 3114 ἠ
3134 3043 3462 3114 κατηγορία,
3490 3043 3588 3094 καὶ
3630 3041 3748 3106 ἔθνη

511 3141 824 3210 aequitatem
856 3137 1096 3202 habere;
1129 3149 1259 3220 sunt
1285 3146 1467 3192 autem
1501 3139 1576 3192 illi
1603 3138 1775 3192 dediti
1805 3154 1929 3193 cum
1966 3149 2078 3192 toto

2184 3145 2364 3198 πάντα
2411 3141 2707 3212 βαρϐάρων
2759 3139 2854 3191 καὶ
2913 3137 3042 3206 γένη
3095 3138 3329 3190 παντοῖα
3393 3133 3604 3204 μεστάς
3657 3133 3750 3201 μὲν

514 3230 700 3282 animo
730 3223 791 3281 ac
807 3225 1110 3280 voluntate.
1137 3215 1352 3280 Patrem
1381 3242 1560 3280 meum
1594 3236 1796 3280 temere
1821 3228 2078 3293 oderunt,

515 3318 660 3388 quod
694 3312 1018 3371 necessitate
1057 3324 1276 3370 coactus
1307 3315 1372 3370 ad
1403 3316 1667 3371 auxilium
1698 3315 1914 3371 vocavit
1949 3315 2078 3369 Bar-

517 3409 704 3474 baros,
749 3424 850 3480 per
879 3423 1142 3478 generum
1176 3406 1536 3479 alienigenam
1580 3418 1635 3464 et
1689 3409 1978 3463 honestum
2023 3423 2081 3463 se

517 3501 844 3556 defensurus
873 3500 941 3556 ab
976 3515 1176 3572 genero
1213 3501 1465 3570 indigena
1488 3511 1662 3571 atque
1691 3501 2002 3562 inhonesto,
2028 3508 2084 3554 et

519 3593 663 3660 quod
691 3590 761 3644 ob
792 3590 1089 3660 nequitiam
1134 3600 1188 3645 et
1218 3593 1414 3645 malam
1450 3593 1789 3647 voluntatem
1825 3593 1972 3645 cives
2002 3591 2084 3645 in-

517 3681 678 3736 vasit.
722 3681 888 3752 208
923 3681 1036 3738 Hoc
1065 3697 1196 3737 vero
1225 3683 1389 3736 modo
1415 3682 1655 3736 divinam
1692 3697 1751 3738 se
1790 3682 2084 3736 Providen-

518 3777 646 3827 tiam
679 3773 872 3828 tollerc
910 3773 1179 3828 nesciunt.
1208 3772 1400 3828 Omnia
1429 3775 1574 3828 enim
1604 3788 1634 3827 a
1677 3772 1788 3827 Deo
1819 3773 2080 3842 pendent,

515 3865 604 3919 uti
635 3859 981 3920 omnisﬁdes
1012 3865 1263 3921 habenda
1289 3875 1592 3935 est,neque
1621 3865 1732 3920 ullu
1759 3869 1921 3920 modo
1944 3864 2085 3918 divi-

517 3973 586 4012 na
615 3956 959 4026 providentia
991 3965 1167 4027 potest
1191 3957 1324 4012 falli.
1353 3943 1676 4012 Necessario
1703 3958 2082 4029 consequitur,

515 4031 785 4120 quidquid
811 4049 1002 4104 divina
1027 4047 1382 4104 Providentia
1407 4046 1798 4119 praecognitum
1821 4058 1924 4103 est.
1948 4047 2084 4112 Qui-

516 4145 620 4197 bus
638 4159 744 4196 non
772 4151 918 4195 tanta
937 4141 1108 4210 gloria
1126 4141 1378 4211 contigit,
1395 4155 1490 4195 eos
1508 4141 1665 4196 facile
1689 4155 1880 4195 omnes
1906 4139 1960 4194 in
1986 4141 2085 4195 de-

518 4234 609 4286 ιρὶιί
631 4244 686 4286 et
711 4221 844 4302 vaga
870 4232 1043 4301 gloria
1065 4246 1268 4302 ponere
1284 4231 1484 4296 divina!
1505 4232 1871 4287 PrOvidentite
1891 4233 2088 4287 funda-

518 4323 701 4378 menta
732 4337 840 4379 non
872 4333 1003 4392 puto
1034 4322 1088 4375 in
1126 4322 1192 4376 iis
1217 4322 1384 4376 rebus
1407 4337 1529 4390 qua:
1559 4338 1655 4391 per
1683 4338 1843 4377 omne
1873 4333 2086 4390 tempus

520 4417 854 4484 proveniunt
915 4415 1351 4485 provenientque
1401 4410 1618 4468 sublato
1673 4414 1830 4468 ﬁrmo
1885 4414 2079 4469 fulcro.

2183 3236 2402 3304 ἀγυιὰς.
2448 3234 2654 3305 μεστὰς
2683 3231 2727 3285 δ’
2759 3230 2962 3300 ἀγορὰς
3006 3232 3100 3284 καὶ
3134 3231 3394 3289 πλατείας
3421 3228 3519 3291 τῆς
3565 3228 3751 3297 φήμης

2183 3326 2452 3392 ποιοῦσιν,
2499 3322 2938 3396 ἐπιρῤωννύντες
2972 3323 3142 3394 αὐτὴν
3167 3323 3256 3378 ἀεὶ
3285 3322 3379 3376 καὶ
3404 3322 3587 3375 πᾶσαν
3619 3321 3753 3375 ἐπά-

2183 3440 2374 3495 γοντες
2427 3419 2718 3488 λοιδορίαν,
2765 3418 2976 3472 δικαίου
3026 3419 3154 3488 πέρι
3219 3419 3312 3470 καὶ
3347 3417 3534 3498 ἀδίκου
3595 3416 3756 3484 μηδὲν

2183 3508 2462 3574 ἐξετάζειν
2490 3508 2716 3572 εἰδότες,
2750 3505 2874 3576 μηδ’
2903 3507 2986 3570 είς
3022 3505 3148 3560 νοῦν
3179 3506 3503 3575 βαλλόμενοι
3526 3497 3618 3568 δ’ὡς
3643 3505 3756 3568 ἐξὸν

2185 3601 2263 3673 τῷ
2306 3601 2474 3671 πατρί
2525 3617 2650 3670 μου,
2684 3597 2753 3653 δι’
2799 3597 2864 3661 ἃς
2907 3596 3146 3661 ἅπαντες
3178 3597 3360 3650 ῐσασιν
3401 3597 3608 3660 αἰτίας,
3653 3599 3757 3649 Πα-

2184 3693 2463 3760 λαιολόγον
2507 3690 2671 3744 αὐτὸν
2709 3689 2922 3765 ἀνελεῖν
2965 3689 3104 3759 ὁμοῦ
3135 3692 3201 3760 τῇ
3251 3691 3446 3758 μητρὶ,
3497 3689 3524 3740 ό
3572 3689 3631 3742 δὲ
3667 3689 3756 3739 καὶ

2185 3766 2441 3856 γαμϐρὸν·
2464 3781 2558 3836 ἐπὶ
2583 3785 2648 3854 τῇ
2681 3784 2787 3852 ἐμῇ
2819 3781 3190 3853 προσείληφεν
3221 3781 3422 3850 ἀδελφῇ
3462 3781 3557 3833 καὶ
3602 3780 3754 3851 ἡμῶν

2185 3877 2562 3949 προτετίμηκε
2584 3876 2696 3930 τῶν
2722 3876 2906 3930 υίὲων.
2947 3874 3064 3928 Νῦν
3091 3875 3136 3928 δ’
3186 3873 3610 3936 ἐπιϐουλεύοντα
3645 3873 3759 3942 βλέ-

2186 3989 2381 4035 ποντες
2419 3973 2628 4024 ἐκεῖνον
2677 3967 2771 4023 καὶ
2811 3969 2996 4022 πᾶσαν
3040 3969 3290 4038 μηχανὴν
3341 3967 3599 4020 κινοῦντα
3637 3965 3756 4018 καθ’

2189 4064 2367 4134 ἡμῶν,
2403 4063 2495 4115 καὶ
2533 4063 2653 4114 δέον
2694 4061 2892 4131 μισεῖν,
2926 4059 2974 4112 οἱ
3015 4058 3060 4112 δ’
3089 4059 3284 4129 ἐκείνῳ
3321 4060 3420 4129 μὲν
3445 4060 3757 4129 προστίθεν-

2187 4172 2278 4208 ται
2333 4155 2484 4225 πάσῃ
2520 4152 2744 4223 γλώσσῃ
2792 4169 2854 4204 τε
2886 4151 2980 4204 καὶ
3018 4149 3235 4222 γνώμῃ,
3265 4151 3353 4202 τὸν
3380 4151 3423 4202 δ’
3449 4150 3580 4218 ἐμὸν
3608 4150 3760 4218 ἀκρί-

2186 4261 2294 4309 τως
2313 4243 2530 4314 μισοῦσι
2547 4244 2780 4312 πατέρα,
2806 4244 2883 4295 ὅτ’
2914 4240 3355 4311 ἀναγκαζόμενος
3383 4244 3463 4305 είς
3493 4241 3752 4310 βοήθειαν

2198 4333 2591 4404 προσκαλεῖται
2617 4332 2944 4403 βαρϐάρους,
2976 4331 3316 4402 ἀμυνόμενος
3369 4332 3457 4382 διὰ
3504 4329 3757 4400 γαμϐροῦ

2189 4425 2438 4496 γαμϐρὸν
2455 4424 2753 4492 ἀλλοφύλου
2771 4424 2867 4493 μὲν
2880 4423 3351 4493 ὀμόφυλον,εὑγνώ
3359 4439 3514 4491 μόνος
3527 4421 3570 4474 δ’
3586 4421 3760 4489 ἀγνῶ-

517 4507 704 4576 Neque
743 4505 888 4560 cnim
922 4521 1044 4574 qua:
1090 4519 1199 4560 non
1251 4514 1479 4574 possunt
1521 4506 1831 4561 necessario
1863 4507 2078 4561 evenire

2195 4536 2352 4588 μονα,
2387 4518 2481 4572 καὶ
2511 4517 2628 4586 ἅμα
2656 4514 2893 4580 ἐπεξιὼν
2921 4516 3210 4578 κακονοίας
3235 4518 3328 4568 καὶ
3361 4515 3624 4578 ἀϐουλίας
3651 4516 3759 4574 τοῖς

518 4598 678 4666 plane
721 4596 902 4667 qualia
936 4605 1122 4666 postea
1157 4606 1342 4663 erunt,
1389 4597 1507 4652 hac
1549 4611 1672 4650 cum
1719 4597 1933 4652 inﬁnita
1977 4598 2088 4652 sint

515 4689 892 4744 vcrisimlliter
921 4687 1088 4744 etiam
1121 4698 1248 4742 ante
1281 4689 1536 4758 cognosci
1565 4705 1800 4759 unquam
1835 4700 2082 4760 possunt.

517 4779 595 4832 lta
645 4781 827 4834 omnia
876 4795 1160 4835 sacrorum
1193 4779 1585 4850 prophetarum
1613 4781 1757 4836 dicta
1789 4797 1924 4837 vana
1956 4791 2086 4836 sunt

512 4881 610 4925 aut
660 4871 706 4926 si
759 4872 850 4942 qui
903 4871 1144 4927 Dodona;
1195 4882 1292 4927 aut
1329 4873 1396 4926 ad
1446 4873 1766 4943 Delphicum
1812 4875 2082 4944 tripodem

513 4969 671 5016 erant
701 4965 795 5032 qui
833 4964 1251 5022 consulentibus
1293 4964 1477 5019 futura
1520 4965 1914 5034 praedicebant,
1958 4983 2082 5021 cum

514 5054 762 5109 intinitas
794 5056 1039 5110 scientia:
1073 5056 1276 5111 ﬁnibus
1323 5057 1698 5112 circumscribi
1743 5075 1852 5113 non
1887 5061 2080 5128 possit.

513 5149 701 5216 Itaque
729 5149 782 5202 in
831 5148 948 5218 ipsa
1000 5148 1355 5204 obtrectanda
1387 5149 1571 5203 divina
1591 5149 1952 5205 Providentia
1983 5150 2079 5204 de-

514 5242 954 5302 prehenduntur.
985 5241 1052 5297 Et
1096 5241 1342 5311 ineptum
1394 5252 1661 5312 quantum
1708 5251 1771 5295 et
1814 5242 1974 5310 quale
2012 5243 2083 5296 sit

514 5335 654 5387 naui
711 5334 941 5389 multum
998 5333 1174 5399 abest,
1228 5334 1358 5404 quin
1414 5334 1700 5404 imperitus
1745 5334 1979 5402 quisque
2029 5342 2080 5386 et

513 5426 667 5478 rudis
711 5435 875 5496 atque
924 5425 1156 5494 agrestis
1185 5427 1347 5494 plane
1386 5425 1671 5496 intelligat.
1709 5424 1812 5490 Qui
1849 5438 1972 5478 cum
2008 5411 2084 5476 ita

512 5516 576 5568 ad
608 5519 898 5572 inusitatos
928 5518 1064 5573 ﬁnes
1088 5533 1358 5587 rupesque
1382 5511 1815 5586 esset’depulsus
1841 5517 2080 5588 perfacili

511 5622 642 5660 sane
700 5611 883 5665 animo
939 5610 1132 5666 fuisset
1181 5611 1224 5665 si
1285 5625 1394 5664 non
1458 5609 1804 5680 infragilibus
1864 5619 2082 5676 putaret

512 5702 937 5759 necessitatibus
968 5705 1185 5760 vinctos
1209 5719 1392 5758 rerum
1429 5704 1830 5773 praeteritarum
1872 5701 2080 5756 futura-

515 5806 744 5862 rumqltc
772 5808 1002 5853 eventus
1038 5797 1357 5865 procedere,
1391 5806 1446 5854 et
1477 5796 1678 5866 cuique
1715 5794 1922 5850 homini
1956 5794 2081 5849 iuti-

2191 4596 2480 4682 ὐπηκόοις.
2521 4609 2634 4663 Καὶ
2671 4608 2807 4677 τῷδε
2836 4607 2915 4678 τῷ
2945 4608 3131 4677 τρόπῳ
3155 4607 3257 4677 τὴν
3289 4607 3442 4660 θείαν
3477 4605 3763 4676 ἀναιροῦν-

2187 4716 2277 4764 τες
2298 4700 2398 4752 ούκ
2426 4697 2576 4751 ἴσασι
2604 4697 2888 4766 πρόνοιαν,
2919 4696 3012 4748 καὶ
3033 4695 3135 4765 τὴν
3158 4695 3630 4764 ἐπιπορευομένην
3651 4695 3760 4755 τοῖς

2188 4791 2510 4859 πράγμασιν
2536 4784 2856 4846 ἀθετοῦντες
2891 4783 3141 4854 ἀνάγκην
3178 4784 3278 4852 τῆς
3307 4782 3498 4852 τύχης.
3532 4784 3761 4836 Πάντων

2188 4885 2296 4952 γὰρ
2326 4882 2401 4945 ὼς
2431 4879 2578 4941 είκδς
2607 4876 3088 4946 προεγνωσμένων
3119 4875 3258 4944 Θεῷ,
3292 4876 3388 4928 καὶ
3427 4876 3563 4927 πᾶσι
3596 4891 3760 4926 πεπι-

2190 4973 2488 5041 στευμένου
2543 4969 2711 5039 μήπω
2754 4966 2816 5038 [Γ.
2859 4967 2959 5020 H3
3095 4966 3283 5037 μηδενί
3316 4983 3393 5035 τῳ
3443 4966 3634 5035 τρόπῳ
3665 4965 3761 5033 τὴν
3817 4997 3819 5000 ‹

2188 5061 2340 5114 θείαν
2385 5059 2590 5124 ἐξεῖναι
2641 5055 3037 5124 διαψευσθῆναι
3091 5056 3369 5121 πρόνοιαν.
3421 5052 3480 5118 ἐξ
3511 5055 3760 5122 ἀνάγκης

2187 5151 2479 5205 ἀκολουθεῖ
2511 5149 2606 5201 καὶ
2635 5150 2744 5202 πᾶν
2773 5147 2837 5201 τὸ
2869 5149 2934 5217 τῇ
2975 5146 3099 5217 θεία
3145 5145 3594 5217 προεγνωσμένον
3632 5163 3761 5213 προ-

2188 5246 2308 5314 νοίᾳ
2342 5241 2721 5312 πεπράξεσθαι
2757 5241 2896 5294 καθά
2917 5241 3013 5292 καὶ
3042 5242 3447 5310 προέγνωσται.
3479 5234 3575 5303 Οἷς
3595 5239 3639 5292 δ’
3661 5240 3759 5308 οὐχ

2185 5333 2328 5386 οὕτω
2360 5333 2518 5402 δόξης
2551 5332 2697 5402 ἐχειν
2734 5332 3046 5399 συμϐαίνει,
3077 5331 3177 5384 οὐκ
3206 5329 3271 5383 ἂν
3322 5329 3580 5400 φθάνοιεν
3611 5325 3758 5383 οὗτοι

2187 5427 2388 5488 πάντες
2413 5427 2501 5478 ἐπ’
2544 5424 2804 5478 ἀϐεϐαίου
2839 5424 2934 5476 καὶ
2966 5424 3332 5491 πλανωμένης
3365 5421 3642 5491 τιθέμενοι
3671 5421 3758 5474 δό-

2187 5520 2306 5588 ξης,
2333 5518 2408 5581 ὡς
2434 5518 2607 5587 ἔγωγε
2633 5511 2809 5588 οἶμαι,
2837 5519 2964 5580 τοὺς
2995 5517 3094 5586 τῆς
3122 5516 3272 5577 θείας
3306 5517 3589 5585 θεμελίους
3623 5531 3757 5583 προ-

2186 5613 2354 5676 νοίας,
2389 5611 2474 5680 ἐφ’
2519 5613 2619 5664 ὅσα
2649 5612 2740 5664 τὸν
2780 5611 2958 5662 πάντα
3011 5609 3202 5678 χρόνον
3248 5610 3526 5678 προϐαίνει
3568 5627 3624 5659 τε
3662 5607 3754 5658 καὶ

2187 5703 2526 5774 προϐήσεται
2554 5703 2650 5756 τυῦ
2678 5702 3067 5772 βεϐαιώσοντος
3095 5701 3194 5754 οὐκ
3221 5701 3372 5763 ὖντος
3404 5701 3748 5770 ἐρείσματος.

2187 5792 2282 5860 Οἷς
2308 5797 2415 5868 γάρ
2467 5797 2567 5851 οὐκ
2605 5798 2754 5851 ἐστιν
2809 5793 2867 5860 ἐξ
2896 5794 3142 5866 ἀνάγκης
3189 5792 3415 5864 βεϐαίαν
3449 5791 3747 5862 κεκτῆσθαι
