4034 6544
363 371 451 434 181

1294 385 1734 448 ΒΥΖΛΝΤΙΝΑΞ
1777 391 2158 455 HISTORL’F.
2195 397 2334 457 LIB.
2375 397 2653 459 XXVIII.

3507 415 3608 472 182

358 488 454 550 τὴν
492 487 719 542 ἔκϐασιν
757 492 917 545 ὁποῖά
951 496 1069 547 ποτ’
1100 495 1166 551 ἂν
1201 498 1309 568 εἴη,
1352 499 1509 554 ταῦτ’
1539 503 1766 571 ἀόριστα
1798 507 1922 560 ὄντα

2034 509 2166 564 nilis
2198 509 2434 567 fortunis
2465 513 2696 567 servire.
2717 513 2850 578 Quae
2879 528 3000 569 cum
3034 514 3105 569 ita
3133 515 3262 576 sint.
3296 525 3350 570 et
3380 517 3431 570 id
3463 523 3609 588 quod

356 581 575 645 εἰκότως
600 582 665 637 ἂν
696 585 818 638 οὐδὲ
841 588 1317 656 προγινώσκεσθαι
1343 593 1598 665 δυνηθείη
1632 581 1783 652 ποτέ.
1823 603 1926 654 Καὶ

356 675 554 736 πάντες
587 675 750 740 εὐθὺς
807 680 904 732 καὶ
951 681 1256 753 συλλήϐδην
1309 686 1485 748 εἰπεῖν
1542 687 1926 758 διαϐέϐληνται

355 765 500 830 λόγοι
550 770 846 837 προφητῶν
878 773 1063 842 ἱερῶν,
1084 776 1208 828 καὶ.
1229 778 1284 830 ετ
1312 795 1457 843 τινες
1489 775 1601 834 εἷεν
1636 783 1698 834 ἐκ
1741 783 1929 837 Δωδώ-

354 876 450 926 νης
475 860 589 927 ἅμα
633 862 728 914 καὶ
760 863 1029 932 Δελφικοῦ
1065 868 1321 937 τρίποδος
1369 874 1481 935 τοῖς
1523 873 1924 942 φιλοπευστοῦ-

358 968 444 1004 σιν
489 953 778 1009 ὁπωσποτὲ
825 959 937 1010 τῶν
980 961 1413 1034 ἀποϐησομένων
1450 966 1576 1038 πέρι
1623 969 1925 1040 προθεσπί-

353 1043 557 1113 ζοντες,
579 1049 789 1120 οὐδαμῆ
822 1055 922 1122 τῆς
947 1054 1234 1124 ἀοριστίας
1265 1058 1492 1131 ἐχούσης
1525 1062 1674 1131 ὅροις
1698 1065 1926 1136 ἐπιστή-

358 1153 465 1204 μης
482 1139 849 1204 ἐγκλείεσθαι.
880 1144 988 1198 Καὶ
1003 1144 1176 1212 οὕτως
1205 1149 1294 1202 ἐπ’
1322 1153 1630 1225 αὐτοφώρῳ
1648 1157 1747 1224 τὴν
1773 1157 1924 1210 θείαν

353 1226 665 1284 ἁλίσκονται
706 1231 1086 1298 διαϐάλλοντες
1139 1241 1437 1308 πρόνοιαν·
1493 1248 1586 1298 καὶ
1630 1248 1691 1298 τὸ
1720 1246 1925 1301 ἄτοπον

351 1322 549 1374 ὁπόσον
581 1324 675 1378 καὶ
717 1321 850 1383 οἷον,
897 1328 1092 1382 πολλοῦ
1143 1332 1244 1400 μέν
1293 1335 1340 1386 τ’
1371 1334 1436 1387 ἂν
1467 1336 1681 1406 δεήσειε
1725 1339 1800 1410 μὴ
1831 1343 1924 1394 καὶ

349 1413 459 1465 τῶν
492 1415 872 1487 ἀφελεστέρων
900 1423 1009 1483 πᾶς
1059 1439 1160 1488 τις,
1197 1429 1290 1478 καὶ
1319 1427 1371 1478 εί
1399 1444 1482 1490 τις
1525 1431 1608 1499 εἴη
1641 1431 1750 1483 τῶν
1778 1432 1920 1485 πάνυ

353 1503 633 1569 βαναύσων
678 1510 769 1562 καὶ
814 1513 1113 1582 ἀγοραίων,
1147 1519 1335 1584 σαφῶς
1376 1521 1604 1577 ἐννοεῖν.
1635 1524 1842 1577 Τούτου
1877 1526 1924 1578 δ’

350 1597 551 1650 οὑτωσὶ
607 1601 742 1670 πρὸς
780 1604 1017 1670 ἀτόπους
1062 1610 1321 1678 ἐσχατιάς
1368 1629 1424 1665 τε
1478 1617 1573 1667 καὶ
1627 1605 1924 1686 φάραγγας

355 1689 651 1758 ἐωσμένου,
681 1694 856 1766 πολλὴ
887 1697 953 1750 ἂν
986 1699 1071 1768 εἴη
1105 1702 1350 1772 ῥᾳθυμία
1397 1705 1472 1777 μὴ
1507 1709 1810 1778 ἀρρήκτοις
1835 1727 1923 1762 νο-

359 1779 532 1847 μίζειν
566 1783 832 1854 ἀνάγκαις
861 1789 1116 1859 δεσμίους
1140 1797 1238 1859 τάς
1269 1797 1378 1849 τῶν
1405 1801 1707 1870 γινομένων
1737 1819 1795 1854 τε
1826 1803 1922 1856 καὶ

2032 602 2178 672 apud
2227 617 2330 658 nos
2362 619 2393 658 e
2431 605 2597 675 209
2636 607 2817 659 medio
2869 607 3119 675 procedit
3165 613 3232 661 ad
3283 610 3608 677 profundam

2030 694 2191 749 abeat
2254 695 2650 752 inrxsistentiae
2707 697 3080 759 altitudinem,
3145 698 3280 768 quid
3346 699 3610 770 impediet

2030 798 2240 856 patrem
2293 803 2496 852 meum,
2538 789 2672 859 quin
2703 789 2868 844 faciat
2915 805 2978 845 ea
3008 806 3130 860 quae
3155 790 3391 846 fortuna:
3421 807 3611 848 neces-

2030 879 2194 934 sitate
2241 881 2511 936 destinata
2547 890 2696 936 sunt.
2736 881 2810 937 lla
2851 891 2879 935 a
2912 883 3023 938 Deo
3070 884 3228 952 plane
3271 889 3605 954 prmcognita

2029 976 2179 1033 sunt,
2197 976 2255 1022 et
2274 969 2457 1038 qualia
2487 971 2843 1039 providentiae
2864 987 2923 1027 se
2945 977 3268 1036 ostendunt,
3293 975 3419 1029 talia
3446 976 3605 1040 fiunt,

2028 1059 2491 1130 quemadmodum
2520 1061 2792 1120 destinata
2815 1072 2963 1128 sunt,
2985 1074 3041 1118 et
3067 1076 3392 1130 nascuntur,
3419 1068 3606 1122 divina

2031 1149 2383 1210 Providentia
2416 1151 2532 1205 sive
2559 1151 2794 1206 fortunae
2827 1153 3156 1208 necessitate
3187 1154 3376 1208 ducta.
3399 1153 3601 1227 Casum

2027 1239 2174 1290 enim
2217 1246 2274 1292 et
2321 1237 2598 1293 fortunam
2640 1242 2915 1295 nominari
2957 1244 3138 1297 audivi
3179 1243 3418 1298 divinam
3453 1245 3602 1300 illam

2028 1330 2460 1394 Providentiam,
2492 1332 2646 1386 nullo
2667 1334 3081 1390 contradicente
3104 1351 3215 1391 non
3239 1337 3424 1392 solum
3457 1339 3603 1407 apud

2027 1420 2340 1475 Grmcorum
2369 1422 2747 1492 philosophos,
2775 1439 2966 1482 verum
2983 1423 3162 1479 ’etiam
3188 1429 3331 1496 apud
3360 1437 3599 1482 nostros.

2027 1515 2264 1583 Aiquum
2298 1515 2470 1586 igitur
2499 1527 2585 1570 est
2615 1518 2869 1572 assentiri
2899 1519 3100 1574 divinae
3129 1520 3514 1585 Providentiae,
3546 1531 3602 1576 et

2027 1618 2185 1675 pater
2211 1622 2368 1662 meus
2411 1608 2716 1664 inevitabili
2763 1613 3092 1666 necessitate
3123 1611 3322 1667 ductus
3369 1615 3419 1666 in
3463 1613 3600 1668 Bar-

2026 1685 2190 1753 baros
2239 1709 2501 1770 cognatos
2548 1709 2713 1770 atque
2766 1703 2976 1758 amicos
3032 1705 3224 1769 vertit,
3263 1719 3400 1773 quas
3460 1704 3602 1761 Deus

2027 1790 2193 1845 semel
2222 1791 2276 1845 in
2307 1807 2494 1846 eorum
2527 1793 2827 1862 perniciem
2858 1795 3602 1859 constituit,immolationes

353 1872 441 1924 ἀεὶ
466 1879 844 1946 γενησομένων
881 1882 1137 1949 ἐκϐάσεις
1172 1862 1508 1956 πορεύεσθαί
1529 1862 1595 1945 τε
1627 1895 1722 1947 καὶ
1753 1895 1922 1948 ἀτεκ-

2026 1891 2079 1937 et
2133 1881 2502 1952 prazdationes
2561 1886 2851 1955 variasque
2909 1887 3293 1955 relegationes.
3345 1887 3425 1941 Illi
3471 1903 3600 1943 vero

357 1963 583 2032 μάρτοις
630 1968 904 2040 ἀνθρώπῳ
936 1975 1100 2027 παντὶ
1150 1976 1426 2033 δουλεύειν
1476 1981 1690 2052 τύχαις.
1729 1985 1789 2038 Ei
1830 1981 1925 2039 οὖν

350 2051 494 2107 οὕτω
527 2056 701 2112 ταῦτα
722 2062 814 2113 καὶ
844 2063 904 2115 τὸ
942 2067 1028 2133 ἐφ’
1065 2067 1201 2136 ἡμῖν
1239 2070 1304 2123 ἐκ
1345 2071 1512 2141 μέσου
1539 2051 1757 2144 χωροῦν
1788 2076 1926 2143 πρὸς

350 2145 624 2212 ἀϐύσσους
665 2151 913 2207 κάτεισιν
951 2157 1294 2228 ἀνυπαρξίας
1345 2163 1654 2232 πυθμένας,
1696 2166 1780 2229 τίς
1821 2185 1925 2238 μη-

348 2239 488 2308 χανὴ
515 2240 603 2293 τὸν
627 2243 760 2312 ἐμὸν
789 2247 1141 2318 ἐξαιρήσεται
1173 2256 1387 2322 πατέρα
1423 2256 1498 2323 μὴ
1532 2256 1664 2328 δρᾷν
1689 2260 1758 2311 τά
1785 2261 1924 2328 πρὸς

347 2329 447 2394 τῆς
482 2332 782 2400 ἀναγκαίας
840 2337 1198 2410 κεκλωσμένα
1248 2344 1441 2415 τύχης,
1473 2347 1569 2400 καὶ
1622 2348 1764 2402 οὕτω
1815 2351 1918 2420 μὲν

344 2419 667 2492 ὡρισμένως
705 2433 1136 2501 προεγνωσμένα
1178 2434 1318 2504 Θεῷ,
1366 2436 1508 2490 οὕτω
1552 2437 1597 2490 δ’
1630 2439 1704 2500 ὡς
1749 2456 1916 2505 προε-

343 2513 589 2576 γνῶσθαι
615 2520 985 2587 συμπέπτωκε
1028 2527 1284 2595 γινόμενα
1325 2532 1392 2598 τῇ
1419 2533 1664 2600 προνοίᾳ,
1697 2531 1843 2585 οὕτω
1871 2532 1915 2585 δ’

345 2604 417 2658 οὗ
446 2610 821 2678 γινωσκόμενα
862 2616 1115 2688 καθάπερ
1171 2618 1404 2688 ὥρισται
1441 2641 1500 2675 τε
1529 2625 1626 2677 καὶ
1667 2625 1916 2690 γίνεσθαι

345 2700 562 2768 πέφυκε
611 2707 747 2776 πρὸς
775 2709 874 2777 τῆς
902 2697 1043 2764 ’ἀνω
1093 2716 1372 2784 προνοίας,
1413 2718 1608 2770 ταυτὸν
1654 2719 1698 2772 δ’
1738 2720 1914 2772 εἰπεῖν

343 2799 444 2866 τῆς
476 2799 780 2869 ἀναγκαίας
809 2805 1053 2872 ἀγόμενα
1090 2807 1279 2878 τύχης.
1315 2809 1634 2879 Αύτόματον
1665 2811 1774 2881 γάρ
1818 2809 1926 2862 καὶ

2024 1983 2326 2043 gravantur
2357 1985 2413 2030 et
2437 1976 2752 2031 obtrectant
2779 1984 2836 2030 ct
2868 1978 3128 2031 oderunt.
3160 1978 3422 2033 Precibus
3457 1983 3601 2034 releo

2022 2067 2298 2136 gationem
2335 2057 2676 2138 perpetrant,
2713 2067 2998 2137 Palaeologi
3026 2071 3214 2138 generi
3243 2071 3603 2126 vehementer

2022 2169 2288 2228 exoptant
2333 2171 2390 2215 ct
2438 2171 2740 2230 precantur
2798 2163 3117 2232 imperium.
3189 2164 3303 2220 Nec
3369 2166 3600 2220 insidias

2022 2253 2155 2308 huic
2185 2263 2400 2308 struere
2432 2253 2744 2323 conjunctis
2785 2270 2912 2308 cum
2961 2255 3049 2308 illo
3090 2255 3297 2310 viribus
3332 2265 3597 2326 quantum

2023 2346 2155 2401 licet
2188 2346 2481 2402 desistunt.
2511 2345 2636 2403 Haec
2658 2347 2924 2402 continuo
2951 2348 3157 2403 cantari
3200 2349 3327 2403 inde
3361 2349 3430 2404 ab
3457 2349 3602 2403 anti-

2026 2438 2153 2507 quis
2179 2437 2528 2507 temporibus
2572 2438 2713 2492 mala
2744 2437 3038 2493 audierunt
3081 2437 3186 2492 alia
3235 2439 3402 2492 multa
3435 2448 3601 2508 atque

2027 2531 2183 2595 illud,
2211 2528 2343 2584 huic
2374 2529 2577 2599 populo
2611 2545 2638 2583 a
2673 2529 2894 2584 fortuna
2933 2532 3118 2584 datum
3151 2545 3274 2585 esse
3304 2541 3361 2585 ut
3401 2531 3602 2584 Bouia-

2025 2635 2223 2675 norum
2258 2630 2426 2674 totam
2461 2633 2666 2676 terrain
2693 2622 2857 2692 210
2891 2623 2946 2676 in
2982 2622 3250 2677 ditionem
3280 2637 3434 2676 suam
3463 2622 3601 2676 reci-

2025 2720 2181 2782 peret
2202 2721 2255 2767 et
2286 2712 2608 2783 Byzantium
2643 2729 2889 2784 niagnam
2922 2714 3114 2770 urbem
3150 2730 3325 2786 usque
3353 2715 3426 2770 ad
3455 2715 3602 2786 ipsas

2025 2806 2166 2870 vias,
2198 2804 2428 2874 plateas,
2463 2806 2714 2874 porticus
2753 2805 3160 2876 ingrederetur.

340 2897 517 2967 τύχην
539 2899 637 2969 τὴν
664 2902 812 2955 θείαν
864 2899 1150 2958 καλεῖσθαι
1185 2906 1446 2974 πρόνοιαν
1498 2907 1781 2963 ἀκώλυτον
1811 2905 2075 2975 ἠκηκόειν
2143 2901 2414 2988 ὑπάρχειν
2473 2901 2547 2970 μὴ
2587 2902 2768 2969 μόνον’
2807 2901 3285 2971 τοτςίσοφωτέροις
3326 2901 3598 2969 Ἑλλήνων

341 2993 554 3057 παισὶν,
588 2994 723 3048 ἀλλά
767 2997 857 3049 καὶ
879 2999 987 3051 τῶν
1051 3000 1339 3069 ἡμετέρων
1408 3001 1594 3062 ἐνίοις.
1646 3000 1776 3051 Δέον
1842 2993 1937 3050 οὖν
2003 2995 2247 3048 ἐπαινεῖν
2289 2997 2370 3046 ὅτι
2425 2997 2490 3064 τῇ
2524 2995 2644 3063 θείᾳ
2693 2995 2920 3065 προνοίᾳ
2951 2997 3044 3049 καὶ
3103 2999 3130 3048 ὁ
3169 2997 3297 3064 ἐμὸς
3333 3001 3600 3068 ἀγόμενος

341 3087 552 3158 πατὴρ,
599 3089 692 3142 καὶ
733 3091 962 3163 ἀφύκτῳ
1006 3095 1277 3148 δουλεύων
1327 3096 1566 3167 ἀνάγκῃ,
1619 3093 1915 3163 βαρϐάροις
1952 3091 2076 3159 μὲν,
2119 3089 2411 3157 συγγενέσι
2445 3089 2491 3142 δ’
2541 3084 2643 3141 οὖν
2680 3089 2776 3140 καὶ
2839 3088 3016 3160 φίλοις
3045 3090 3330 3161 ἐπιτρέπει
3359 3092 3457 3155 τὰς
3494 3093 3602 3145 τῶν

341 3180 493 3245 ἅπαξ
519 3183 620 3234 ὑπὸ
647 3183 781 3237 Θεοῦ
815 3187 1311 3258 κατεψηφισμένων
1366 3191 1448 3251 εἰς
1507 3189 1730 3257 ὄλεθρον
1773 3185 1992 3256 σφαγὰς
2031 3181 2126 3235 καὶ
2163 3182 2233 3236 τὰ
2261 3183 2480 3254 λάφυρα
2524 3183 2620 3236 καὶ
2649 3181 2749 3247 τὰς
2794 3186 3059 3249 παντοίας
3093 3186 3190 3240 καὶ
3224 3188 3603 3258 πολυτρόπους

342 3277 671 3343 ἀπαγωγὰς,
692 3279 740 3331 oi
767 3279 821 3343 δὲ
850 3280 962 3332 καί
987 3281 1245 3351 ἄχθονται
1272 3280 1337 3354 [ί.
1371 3282 1472 3336 114
1505 3281 1580 3352 r.]
1623 3283 1719 3334 καὶ
1746 3278 2218 3351 προσονειδίζουσι
2253 3278 2348 3329 καὶ
2417 3277 2662 3346 μισοῦσι,
2707 3279 2802 3331 καὶ
2834 3279 2932 3348 τὴν
2970 3278 3070 3348 μὲν
3129 3278 3294 3333 αὐτοῦ
3321 3279 3390 3333 δι’
3436 3280 3602 3348 εὐχῆς

340 3369 563 3424 τελοῦσι
595 3374 876 3437 ποιοῦντες
919 3377 1268 3446 ἀπαλλαγὴν,
1339 3376 1438 3447 τὴν
1467 3376 1523 3430 δέ
1571 3376 1662 3430 τοῦ
1727 3375 1980 3446 γαμϐροῦ
2025 3377 2393 3444 Παλαιολόγου
2457 3373 2602 3441 μάλα
2655 3373 2902 3441 σφοδρῶς
2951 3373 3196 3441 ἐφίενται
3251 3377 3346 3426 καὶ
3396 3377 3603 3426 ἀνακα-

341 3463 564 3518 λοῦνται
598 3467 790 3536 ἀρχὴν,
828 3469 918 3520 καὶ
977 3469 1078 3532 τὰς
1110 3455 1278 3523 αὐτοῦ
1339 3471 1434 3524 καὶ.
1501 3469 1659 3524 αὐτοὶ
1704 3468 2096 3537 συνεργοῦντες
2131 3471 2230 3523 οὐκ
2277 3467 2690 3531 ἀπολείπουσιν,
2744 3467 2869 3518 ὅσον
2912 3467 2974 3518 τὸ
3005 3466 3250 3534 ἐφικτὸν,
3308 3464 3604 3528 ἐπιϐουλὰς

341 3561 466 3612 καθ’
504 3562 678 3630 ἡμῶν,
714 3566 808 3617 καὶ¹
841 3567 1012 3620 ταῦτα
1050 3567 1316 3638 διηνεκῶς
1361 3568 1638 3639 ᾀδομένων
1670 3569 1734 3619 ἐκ
1761 3566 1903 3619 πάνυ
1947 3566 2161 3619 πολλῶν
2185 3567 2280 3621 καὶ
2343 3565 2723 3636 παλαιοτέρων
2755 3563 2860 3616 τῶν
2933 3563 3144 3633 χρόνων
3176 3564 3471 3627 ἀκούοντες
3495 3563 3605 3615 τῶν

341 3665 404 3704 τε
431 3653 606 3707 ἄλλων
645 3655 852 3720 κακῶν,
887 3658 981 3709 καὶ
1027 3657 1102 3720 ὡς
1139 3659 1502 3728 πεπρωμένον
1572 3659 1658 3727 εἴη
1705 3656 1782 3724 τῷ
1840 3655 1984 3708 ἔθνει
2027 3659 2226 3729 τουτῳὶ
2265 3657 2600 3730 χειρωθῆναι
2661 3654 2954 3722 Ῥωμαίων
3010 3653 3230 3712 ἃπασαν
3277 3658 3462 3728 χώραν
3511 3661 3606 3711 καὶ

343 3747 524 3814 πόλιν,
584 3746 684 3800 καὶ
738 3750 932 3819 μέχρις
964 3749 1145 3803 αὐτῶν
1179 3751 1390 3819 ἀγυιῶν
1454 3768 1513 3805 τε
1582 3753 1679 3806 καὶ
1715 3750 1989 3803 πλατειῶν
2031 3750 2124 3803 καὶ
2156 3752 2330 3805 στοῶν
2360 3752 2674 3826 εἰσδραμεῖγ
2702 3748 2803 3819 τῆς
2847 3748 3160 3813 Βυζαντίων
3190 3751 3459 3824 μεγίστης
3504 3755 3601 3806 πόα

343 3852 501 3904 λεως.
542 3859 562 3894 ι

421 3938 543 3990 KZ'.
574 3937 854 4000 Mareotico
885 3938 984 4006 μὲν
1015 3937 1110 3995 οὖν
1132 3941 1347 3994 ἐκείνου
1377 3941 1914 4011 τοιαῦταίσυνείρειν

2093 3937 2304 3995 XXVII.
2327 3939 2611 3994 Matthatus
2632 3938 2741 3995 alia
2761 3939 3031 4010 ejusmodi
3059 3954 3182 3994 cum
3211 3932 3368 4009 plura
3394 3941 3603 3997 addere

345 4031 622 4094 ἐθέλοντος
648 4030 814 4096 ἔτερα
841 4031 1013 4084 πλείω
1041 4036 1136 4087 καὶ
1167 4034 1304 4087 ἄλλα
1334 4035 1422 4087 ἐπ’
1451 4034 1635 4096 ἄλλοις
1668 4017 1916 4103 ὁμόστοι-

346 4139 435 4192 χα,
469 4123 734 4200 διακόψας
763 4124 856 4176 τοῦ
890 4124 1049 4192 λόγον
1074 4125 1166 4178 τὸν
1196 4126 1396 4196 δρόμον
1427 4125 1539 4192 ἐγὼ
1569 4126 1745 4180 τοιάδε
1773 4128 1917 4194 φημὶ

348 4212 486 4278 πρὸς
522 4213 704 4265 αὐτόν·
728 4230 761 4266 Ἰ
800 4215 872 4267 Σὺ
902 4214 960 4267 δὲ
996 4213 1320 4284 βουλόμενος
1358 4215 1456 4287 τὴν
1480 4215 1634 4270 θείαν
1662 4219 1918 4288 συνιστᾷν

347 4307 624 4374 πρόνοιαν,
650 4305 726 4369 ὡς
749 4307 896 4359 δοκεῖ
927 4323 1010 4359 σοι
1035 4307 1093 4360 τὸ
1133 4308 1318 4379 σχῆμα
1345 4309 1440 4363 τοῦ
1473 4309 1656 4377 λόγου,
1686 4306 1919 4378 λέληθας

346 4396 590 4467 ἀναιρῶν
640 4397 812 4468 αὐτὴν
866 4400 959 4452 καὶ
1003 4401 1278 4467 ⁷τάναντία
1310 4401 1454 4471 δρῶν
1497 4402 1793 4472 προφανῶς
1821 4403 1920 4470 τῆς

350 4489 683 4559 βουλήσεως,
705 4491 798 4544 καὶ
826 4492 916 4543 τὸν
949 4493 1164 4562 πατέρα
1189 4495 1279 4547 τὸν
1311 4495 1401 4546 σὺν
1427 4495 1794 4548 ἀπαλλάττειν
1817 4512 1922 4564 μα-

349 4577 501 4647 κρῶν
566 4581 918 4650 ἐπειγόμενος
987 4581 1348 4651 ἐγκλημάτων
1414 4581 1741 4651 πεφώρασαι
1825 4583 1921 4636 καὶ⁵

350 4673 551 4726 σαυτὸν
573 4675 897 4744 αὐτόχρημα
921 4675 1031 4737 τοῖς
1063 4675 1170 4727 τῶν
1201 4675 1368 4728 αὑτοῦ
1400 4676 1796 4741 συγκαταδύων
1827 4676 1921 4744 ἐγ-

350 4764 649 4835 κλημάτων
684 4763 840 4819 ὔὸασί
863 4783 922 4819 τε
962 4767 1056 4820 καὶ
1103 4768 1322 4837 ῥοθίοις.
1353 4769 1508 4838 Μηδὲ
1549 4773 1656 4839 γὰρ
1687 4771 1786 4833 τὰς
1810 4771 1922 4823 τῶν

350 4860 521 4912 ὄντων
549 4876 608 4910 τε
638 4861 729 4911 καὶ
760 4859 1065 4928 γινομένων
1092 4861 1270 4924 αἰτίας
1317 4861 1494 4927 εἰδὼς,
1524 4864 1658 4932 μηδὲ
1685 4863 1921 4931 τρόπους

311 4979 317 4983 -
351 4949 609 5001 αἰτιατῶν
637 4949 866 5016 διαιρεῖν
897 4951 1287 5020 ἐπιστάμενος,
1324 4953 1458 5020 μηδέ
1483 4953 1693 5005 τούτων
1715 4954 1923 5005 ἕκαστα

351 5043 430 5111 τῷ
460 5041 793 5111 προσήκοντι
814 5042 1092 5111 διανέμειν
1122 5044 1332 5110 κανόνι,
1363 5045 1458 5106 οὓς
1500 5046 1565 5099 ἂν
1607 5046 1800 5116 ἐθέλῃς
1835 5047 1926 5098 ἐκ·

351 5133 577 5201 φεύγειν
625 5135 926 5202 κρημνοὺς,
957 5137 1173 5198 τούτοις
1216 5138 1283 5189 ἐκ
1325 5137 1420 5189 τοῦ
1465 5139 1664 5208 ῥᾴστου
1716 5140 1814 5191 καὶ
1849 5141 1922 5208 μὴ

355 5223 524 5278 θέλων
569 5225 886 5295 ἐμπίπτεις.
932 5228 1006 5280 Οὐ
1050 5228 1158 5299 γὰρ
1214 5230 1368 5298 παρὰ
1399 5232 1558 5282 τοῦτο
1608 5234 1725 5294 τοῖς
1745 5219 1922 5302 δρῶσι

2023 4033 2477 4102 vellet,‘eqnidem
2495 4031 2809 4100 interrupto
2833 4032 3106 4086 orationis
3127 4047 3292 4086 cursu
3317 4034 3428 4085 lia-c
3446 4033 3602 4087 locu-

2022 4119 2118 4178 tus
2141 4138 2261 4176 sum
2287 4139 2300 4176 :
2323 4115 2751 4175 Divinam‘enim
2785 4120 3194 4174 Providentiam
3235 4121 3328 4175 ubi
3361 4123 3600 4178 condere

2022 4215 2269 4279 voluisti,
2292 4222 2354 4268 ut
2377 4212 2648 4268 sermonis
2681 4212 2760 4268 tui
2791 4213 2932 4268 ratio
2954 4215 3134 4277 docet,
3160 4211 3350 4267 tollere
3370 4222 3424 4268 te
3471 4229 3595 4269 eam

2017 4307 2284 4378 ignorasti
2306 4315 2363 4361 et
2391 4305 2686 4360 manifesto
2713 4305 2989 4360 Contraria
3015 4305 3084 4359 iis
3113 4319 3234 4373 quae
3261 4306 3481 4361 voluisti
3519 4306 3597 4361 fa-

2021 4414 2166 4455 cere.
2190 4399 2259 4453 Et
2283 4409 2497 4468 patrem
2531 4397 2626 4451 ubi
2655 4397 2867 4467 magnis
2893 4397 3604 4479 liherandlum_criminibus

2021 4489 2335 4560 suscepisti,
2361 4489 2480 4558 ipse
2512 4488 2759 4559 ejusdem
2791 4489 3018 4543 omnino
3062 4489 3355 4545 demersus
3399 4490 3602 4562 depre-

2025 4585 2233 4639 hensus-
2261 4595 2322 4636 es
2343 4581 2636 4636 criminum
2671 4580 2955 4640 ﬂuctibus.
2983 4581 3200 4636 Etenim
3249 4597 3376 4637 cum
3417 4599 3598 4653 neque

2023 4689 2217 4730 causas
2241 4673 2385 4728 scias
2410 4687 2604 4727 eorum
2637 4685 2761 4740 quae
2791 4681 2920 4726 sunt
2951 4680 3010 4727 et
3046 4672 3186 4726 ﬁunt
3217 4687 3397 4740 neque
3432 4676 3603 4728 ratio—

2023 4783 2123 4823 nes
2137 4783 2330 4822 eorum
2348 4782 2470 4838 qua:
2483 4780 2548 4820 ex
2565 4764 2747 4820 causis
2765 4765 3114 4820 eﬂ‘ectalsunt
3134 4765 3450 4820 discernere
3473 4782 3602 4835 pos-

2024 4863 2123 4924 sis,
2157 4874 2336 4930 neque
2386 4875 2489 4914 suo
2539 4859 2978 4929 unumquodque
3033 4859 3218 4914 ordini
3269 4859 3600 4922 attribuere.

2025 4968 2163 5023 quas
2191 4951 2415 5007 voluisti
2458 4951 2706 5022 effugere
2738 4967 2924 5021 rupes,
2961 4952 3018 5006 in
3049 4965 3143 5005 eas
3188 4954 3604 5022 prmeepsinei-

2027 5045 2188 5110 disti;
2223 5057 2404 5114 neque
2433 5043 2584 5098 enim
2619 5054 2910 5113 propterea
2929 5041 3078 5095 fiunt
3105 5043 3344 5098 miseriae
3368 5053 3425 5098 et
3454 5046 3603 5098 cala-

2027 5134 2268 5196 mitates,
2294 5130 2442 5200 quod
2469 5133 2704 5201 cognitae
2733 5147 2763 5184 a
2786 5131 2900 5186 Deo
2927 5140 3057 5186 ante
3087 5140 3218 5186 sunt
3245 5150 3410 5203 quam
3441 5134 3598 5200 fiunt;

2028 5237 2136 5276 nec
2171 5221 2440 5275 malorum
2467 5235 2630 5274 causa
2663 5219 3015 5276 Providentia
3055 5229 3162 5288 est,
3197 5222 3293 5278 sed
3322 5219 3465 5292 quod
3517 5222 3604 5276 fu-

353 5316 566 5382 γίνεται
617 5317 685 5370 τά
720 5317 972 5388 μοχθηρά
996 5336 1056 5372 τε
1082 5339 1088 5354 θ
1113 5295 1208 5372 καὶ
1257 5295 1627 5398 ἀποτρόπαια,
1652 5323 1735 5374 ὅτι
1788 5295 1922 5392 πρὶν

2033 5295 2154 5367 tura
2186 5322 2336 5374 sunt,
2362 5311 2568 5366 idcirco
2599 5327 2630 5365 a
2669 5313 2784 5368 Deo
2811 5313 3148 5384 praecognita
3175 5323 3341 5379 sunt;
3378 5324 3472 5368 aut
3499 5331 3598 5383 po-

355 5405 610 5472 γενέσθαι
639 5407 1018 5475 προέγνωσται
1042 5411 1121 5480 τῷ
1153 5411 1292 5479 Θεῷ,
1327 5412 1438 5464 οὐδ’
1465 5412 1612 5464 αίτία
1637 5415 1747 5465 τῶν
1769 5429 1922 5479 γινο-

358 5493 536 5560 μένων
564 5495 751 5547 κακῶν
775 5497 806 5565 ή
838 5499 1148 5565 πρόγνωσις
1168 5512 1192 5562 '_
1237 5499 1354 5552 ἀλλ’
1391 5501 1471 5552 ὅτι
1502 5500 1832 5571 γενήσεσθαι
1861 5503 1924 5570 ἦ·

359 5583 536 5650 μελλε,
572 5583 660 5636 διὰ
688 5585 844 5638 τοῦτο
895 5589 1274 5658 προέγνωσται
1321 5588 1399 5655 τῷ
1448 5590 1588 5660 Θεῷ.
1635 5590 1851 5644 Μᾶλλον
1879 5591 1924 5644 δ’

354 5675 402 5726 εί
430 5676 849 5747 τάσφαλέᾶτερα
895 5679 1078 5746 λέγειν
1107 5679 1286 5751 χρεὼν
1339 5681 1618 5748 ἐνταυθοῖ,
1652 5682 1923 5760 ἔγνωσται

358 5767 474 5837 Θεῷ
515 5769 614 5822 καὶ
663 5771 878 5839 οὐδαμῆ
917 5774 1316 5842 προέγνωσται.
1359 5774 1482 5826 Ἐπ’
1512 5773 1638 5843 ἴσης
1675 5775 1784 5844 γὰρ
1814 5779 1926 5838 τοῖς

361 5862 614 5915 ἐνεστῶσι
642 5863 774 5927 Θεὸς
803 5867 902 5937 ὁρᾷ
924 5866 989 5920 τὰ
1013 5868 1142 5938 ἡμῖν
1175 5868 1460 5936 μέλλοντα,
1484 5871 1538 5922 ἐν
1570 5871 1645 5940 τῷ
1668 5869 1766 5939 τῆς
1791 5872 1927 5934 ἰδίας

2033 5408 2140 5462 tius
2165 5405 2560 5462 dicendumest
2613 5406 2830 5474 cognita
2883 5416 3068 5462 sunta
3124 5405 3258 5471 Deo,
3308 5407 3404 5460 sed
3457 5421 3602 5459 nun-

2029 5514 2193 5568 quam
2222 5501 2575 5567 prmcognita.
2601 5497 2746 5550 Nam
2766 5512 2900 5565 quae
2920 5495 3108 5552 futura
3150 5497 3313 5552 nobis
3354 5505 3506 5560 sunt,
3535 5511 3602 5550 ea

2033 5593 2175 5648 sicut
2210 5593 2498 5662 praesentia
2542 5589 2906 5645 Providentia:
2942 5590 3038 5644 Dei
3086 5599 3372 5658 apparent,
3421 5588 3601 5657 utqui

2033 5701 2194 5740 omne
2226 5694 2440 5754 tempus
2489 5685 2545 5738 in
2595 5683 2814 5753 propria
2865 5683 3074 5737 unitate
3110 5691 3427 5749 permaneat
3455 5692 3510 5736 et
3546 5682 3602 5736 in

2036 5778 2325 5847 praesentia
2361 5793 2576 5846 semper
2611 5775 2939 5830 immutabili
2960 5775 3291 5829 constitutus
3325 5777 3416 5830 sit.
3439 5773 3601 5844 211

2037 5873 2149 5926 Nec
2173 5871 2507 5928 voluntatem
2543 5887 2704 5940 quam
2729 5869 3044 5925 hominibus
3077 5867 3227 5923 dedit
3248 5868 3483 5925 liberam
3533 5868 3605 5925 ti-
