4034 6538
407 384 512 442 383

1562 389 1741 450 NICE
1751 391 1982 452 PHORI
2017 393 2404 456 GREGORIE

2403 260 2408 263 ‘
2436 260 2484 272 .0-

3555 387 3678 450 le"!-

400 493 565 548 nibus
594 484 1018 552 circumscribit.
1069 497 1300 552 Perinde
1347 512 1412 554 ac
1443 495 1489 553 si
1519 500 1646 568 quis
1696 498 1977 554 ambulare

2098 500 2387 569 ιπλότητος
2434 501 2718 572 ίσταμένῳ
2770 500 2950 571 μένων
2979 500 3072 554 τὸν
3104 499 3282 552 πάντα
3330 495 3527 556 αῖῶνα,
3559 497 3677 546 κάν

400 581 640 654 aliquem
654 583 845 640 videns
859 584 1278 650 referat,verum
1295 587 1478 642 dicere
1494 603 1618 644 eum
1635 603 1857 644 necesse
1873 599 1980 645 est.

407 673 515 728 Nec
540 683 746 742 tamen,
770 676 915 746 quod
940 692 1129 732 verum
1151 678 1240 734 ille
1271 687 1478 745 narrat,
1519 679 1589 732 ob
1612 694 1732 733 eam
1762 695 1983 736 causam

405 767 492 819 hic
531 767 801 831 ambulat,
843 768 937 822 sed
971 771 1119 839 quod
1157 770 1248 840 qui
1275 769 1538 833 ambulat,
1561 769 1841 825 ambulare
1867 770 1984 840 ipse

401 858 539 922 vult,
563 860 877 914 necessario
892 861 951 914 fit
971 870 1028 916 ut
1049 877 1236 916 verum
1259 863 1348 917 ille
1371 871 1572 917 narret.
1596 861 1770 933 thui
1791 861 1987 916 ambu-

404 951 481 1004 Iat
499 966 719 1005 causam
739 951 831 1005 dat
848 967 950 1007 cur
979 954 1070 1008 ille
1085 970 1275 1008 verum
1295 954 1463 1019 dicat,
1485 953 1556 1008 ita
1577 964 1636 1008 ut
1654 963 1774 1024 post
1793 969 1982 1007 causa-

402 1052 518 1095 tum
534 1048 772 1098 narratio
788 1044 970 1099 locum
989 1045 1341 1100 obtineat.0b
1358 1047 1675 1101 societatem
1691 1045 1983 1114 quamdam

403 1136 648 1190 narratio
666 1136 884 1190 videtur
915 1152 1038 1206 qua:
1068 1148 1326 1208 tanquam
1362 1137 1540 1206 imago
1571 1137 1823 1206 sequitur
1841 1137 1984 1190 veri-

406 1231 428 1276 t
446 1227 535 1279 .tis
552 1228 780 1282 omnino
807 1229 1192 1284 necessitatem
1219 1230 1440 1284 habere.
1464 1228 1569 1283 Sed
1587 1244 1674 1283 res
1691 1243 1799 1282 non
1822 1229 1893 1280 ita
1925 1242 1985 1282 se

405 1313 587 1369 habet.
603 1316 814 1372 Etenim
829 1333 929 1374 nec
941 1320 1213 1373 narrantis
1225 1317 1468 1372 narratio
1484 1332 1581 1372 nec
1596 1316 1834 1374 videntis
1849 1317 1987 1371 visio

407 1408 575 1463 ullam
596 1411 983 1465 necessitatem
1005 1410 1241 1480 imponit
1262 1409 1599 1464 ambulantis
1631 1409 1899 1463 voluntati
1929 1416 1986 1463 et

407 1499 679 1556 libertati.
710 1502 890 1573 Atque
909 1503 953 1557 si
985 1503 1285 1568 videbitur,
1313 1502 1583 1556 rationem
1612 1501 1755 1557 hanc
1774 1517 1874 1571 per
1903 1503 1983 1556 aI-

412 1604 594 1648 terum
632 1595 946 1664 exemplum
969 1593 1245 1664 quoddam
1279 1593 1712 1663 probabiliorem
1734 1593 1984 1650 reddam.

413 1685 689 1742 Ponamus
720 1687 886 1756 igitur
915 1687 1151 1756 aliquem
1181 1686 1391 1755 lignum
1422 1686 1601 1741 tribus
1631 1685 1839 1740 cubitis
1861 1685 1982 1739 lon-

2085 597 2162 667 τῷ
2192 598 2418 667 μηδαμῆ
2463 615 2595 652 ποτε
2635 597 3070 668 παραλλάττοντι
3126 593 3382 648 ἐνεστῶτι
3429 587 3678 658 ἱστάμεέ

2085 705 2196 752 νος.
2228 689 2339 742 Kai.
2384 687 2528 760 δρῶν
2558 690 2621 744 οὐ
2649 689 2740 762 βίᾳ
2777 688 3215 761 μεταρῤυθμίζει
3244 688 3349 738 τινὶ
3380 685 3407 737 6
3434 683 3537 751 τὴν
3566 683 3678 745 ἀρ-

2086 780 2188 850 Χὴν
2215 783 2330 844 τοῖς
2375 781 2740 852 ἀνθρωπίνοις
2797 781 3106 851 θελήμασιν
3139 778 3340 831 ἔδωκεν
3398 773 3680 836 αὐτεξού-

2089 890 2224 928 σιον.
2246 874 2475 944 Ὅμοιον
2507 874 2614 946 γὰρ
2644 875 2710 928 ἂν
2743 875 2828 945 είη
2855 873 3046 943 ὥσπερ
3077 873 3145 926 ἂν
3187 871 3240 924 εί
3260 887 3342 932 τις
3375 865 3682 938 βαδίζον-,τᾶ

2085 981 2208 1016 τινα
2257 963 2471 1034 βλέπων
2506 965 2827 1034 ἐξαγγέλλοι
2867 968 2934 1034 τῇ
2984 963 3221 1034 γλώττῃ.
3268 961 3373 1013 Τὸν
3426 958 3525 1028 μὲν
3580 957 3680 1006 λέ-
3789 995 3794 998 .

2087 1071 2255 1124 γοντα
2321 1056 2611 1126 ἀληθεύειν
2649 1058 2886 1128 ἀνάγκη,
2938 1057 3000 1109 οὐ
3062 1056 3245 1125 μέντοι
3282 1071 3346 1120 γε
3405 1050 3563 1121 παρὰ
3611 1050 3683 1099 τὸ

2088 1145 2376 1214 ἀληθεύειν
2425 1149 2519 1201 τὸν
2576 1148 2808 1216 λέγοντα
2865 1149 2894 1201 6
2938 1145 3170 1216 βαδίζων
3219 1145 3449 1212 βαδίζει,
3501 1143 3681 1194 Ἀλλὰ

2088 1234 2396 1304 τοῦμπαλιν
2422 1237 2557 1291 διότι
2583 1239 2611 1290 6
2641 1237 2876 1308 βαδίζων
2899 1237 3138 1306 βαδῖζειν
3153 1230 3509 1305 βεϐούληται,
3534 1234 3686 1300 ἁλη-

2089 1327 2269 1380 θεύειν
2296 1327 2356 1389 ἐξ
2377 1329 2624 1400 ἀνάγκης
2649 1328 2707 1401 [Γ.
2743 1329 2846 1383 IN
2869 1328 2948 1401 υ.]
2974 1328 3262 1398 συμϐαίνει
3292 1326 3382 1378 τὸν
3410 1324 3683 1390 λέγοντα.

2090 1417 2203 1470 Καὶ
2231 1418 2416 1470 δίδωσι
2456 1417 2557 1485 μὲν
2579 1418 2679 1488 τὴν
2711 1420 2897 1472 αἰτίαν
2929 1419 2956 1472 ὁ
2989 1418 3220 1488 βαδίζων
3238 1415 3332 1470 τοῦ
3362 1432 3425 1483 γε
3452 1414 3548 1466 τὸν
3583 1412 3684 1464 λέ-

2088 1527 2252 1578 γοντα
2283 1508 2598 1580 ἀληθεύειν,
2625 1509 2726 1582 τὴν
2768 1510 2824 1564 δὲ
2850 1509 2948 1564 τοῦ
2977 1507 3222 1564 αίτιατοῦ
3266 1507 3450 1577 χώραν
3481 1504 3689 1557 δεύτε-

2092 1617 2185 1670 ρος
2215 1599 2386 1655 ἐπιὼν
2419 1604 2448 1655 6
2475 1600 2634 1670 λόγος
2673 1603 2962 1671 λαμεάνει.
3025 1600 3136 1654 Καὶ
3181 1599 3332 1652 δοκεῖ
3390 1597 3490 1666 μὲν
3525 1594 3689 1647 κατὰ

2093 1694 2388 1761 μετουσίαν
2421 1693 2545 1747 τινὰ
2597 1694 2694 1748 καὶ
2744 1696 2772 1748 ὁ
2806 1693 2964 1761 λόγος
2998 1693 3074 1756 ὡς
3126 1691 3394 1759 ἑπόμενον
3436 1687 3689 1756 ίνδαλμα

411 1791 540 1843 gum
572 1775 640 1830 ad
681 1777 859 1831 baculi
891 1792 1048 1832 usum
1084 1787 1282 1846 sponte
1309 1777 1456 1831 domi
1489 1787 1794 1844 secantem,
1835 1777 1988 1831 nullo

2098 1785 2188 1853 τὴν
2212 1785 2308 1838 τοῦ
2360 1785 2652 1856 ἀληθεύειν
2707 1785 2855 1857 ἔχειν
2903 1785 3052 1848 ὅπως
3085 1783 3209 1838 ποτ’
3255 1783 3526 1852 ἀνάγκην,
3575 1781 3690 1832 οὐκ

413 1863 546 1916 toris
569 1863 797 1933 iubente
826 1879 891 1919 ex
920 1865 1175 1919 omnibus
1203 1865 1296 1934 qui
1330 1863 1555 1919 domum
1591 1874 1992 1934 praetereuntes

2098 1851 2206 1944 ἔχει
2240 1876 2285 1929 δ’
2319 1873 2414 1930 οὖν
2435 1851 2603 1930 ’-οὐδέ
2638 1851 3039 1947 γάρτούδεμίαν
3071 1876 3318 1943 ἀνάγκην
3349 1851 3467 1926 οὖθ⁴
3501 1874 3530 1924 6
3580 1870 3690 1922 τοῦ

411 1969 536 2008 eum
561 1962 814 2009 cernunt.
871 1955 981 2010 Nec
1025 1970 1160 2018 vero
1195 1957 1331 2025 ipse,
1360 1967 1420 2010 ut
1454 1956 1672 2026 opinor,
1713 1955 2000 2010 dubitabis

411 2045 546 2109 quin
571 2047 642 2100 ob
673 2047 956 2102 hominum
986 2046 1352 2117 frequentiam
1385 2044 1784 2118 praetereuntes
1806 2046 1988 2101 statim

412 2147 641 2198 cemant
667 2145 719 2192 et
753 2139 1064 2208 intelligant
1095 2154 1203 2208 qua
1242 2139 1313 2194 sit
1336 2139 1683 2208 longitudine
1714 2148 1770 2193 et
1799 2139 1990 2194 latitu-

413 2227 860 2296 dine'baculum;
891 2229 1093 2284 nullam
1129 2238 1313 2284 autem
1342 2230 1480 2284 visio
1511 2230 1663 2300 oneri
1696 2230 1993 2284 necessita-

416 2332 527 2376 tem
559 2321 744 2376 infert.
794 2322 848 2377 Si
897 2323 1063 2391 igitur
1090 2323 1234 2377 Deus
1275 2323 1420 2376 sicut
1473 2322 1762 2390 prasentia
1814 2323 1993 2376 cernit

416 2423 472 2469 et
510 2428 631 2484 qua:
659 2422 862 2468 suntet
896 2429 1017 2483 qua:
1050 2414 1211 2482 212
1240 2415 1420 2467 futura
1456 2427 1586 2468 sunt
1614 2413 1818 2474 omnia,
1858 2429 1995 2483 quo.

419 2506 584 2561 modo
614 2507 764 2561 dicat
795 2505 1088 2575 quisquam
1119 2507 1210 2559 Dei
1243 2506 1510 2560 visionem
1541 2515 1596 2560 et
1617 2507 1991 2575 cognitionem

419 2600 583 2653 ullam
611 2599 810 2654 afferre
836 2600 1223 2654 necessitatem
1251 2598 1318 2653 iis
1354 2615 1476 2668 quae
1525 2609 1650 2654 nata
1682 2600 1859 2655 libero
1892 2614 1995 2654 nec

416 2691 528 2745 ullo
570 2690 1169 2746 dominatu.ob5tricto
1219 2689 1412 2744 ordine
1485 2691 1876 2760 perficiuntur?
1924 2691 1995 2748 Ut

415 2784 563 2838 enim
614 2782 900 2839 hominum
931 2783 1175 2838 omnium
1201 2783 1347 2837 nulla
1373 2783 1512 2838 visio
1541 2783 1608 2840 iis
1630 2799 1750 2854 quae
1778 2784 1832 2838 in
1858 2800 1994 2853 pra:-

419 2879 560 2933 senti
593 2876 709 2932 fieri
743 2887 1072 2940 cernuntur,
1100 2877 1173 2932 ita
1210 2891 1311 2932 nec
1344 2878 1436 2931 Dei
1461 2878 1824 2948 pracognitio
1874 2879 1992 2932 sive

419 2969 663 3041 cognitio
693 2969 759 3024 iis
785 2984 907 3036 qua:
938 2967 1076 3024 fiunt
1101 2969 1268 3025 ullam
1300 2984 1542 3038 unquam
1573 2968 1682 3022 vim
1715 2967 1871 3022 alI‘ert
1892 2983 1995 3023 nec

418 3062 733 3118 necessitati
768 3062 1080 3117 libertatem
1112 3061 1281 3116 semel
1312 3061 1497 3116 datam
1531 3060 1777 3129 subiicit.
1818 3059 1989 3115 Simi-

2093 1967 2345 2035 λέγοντο;
2373 1969 2534 2035 λόγος
2562 1968 2679 2023 οὐθ’
2729 1971 2757 2023 6
2795 1968 2892 2021 τοῦ
2949 1966 3236 2038 βλέποντος
3285 1963 3572 2034 ὀφθαλμὸς
3613 1962 3688 2029 τῇ

2093 2055 2188 2108 τοῦ
2251 2056 2563 2126 βαδίζοντος
2589 2057 2899 2124 ἐπήνεγκεν
2943 2052 3232 2124 ἐλευθερίᾳ
3266 2053 3407 2105 κατά
3438 2051 3546 2120 τὴν
3583 2047 3690 2101 τοῦ

2095 2147 2334 2218 βαδίζειν
2357 2147 2653 2202 ἀδέσποτον
2677 2147 2917 2217 θέλησιν.
2947 2147 3058 2200 Καὶ
3087 2145 3296 2198 είδοκεῖ
3323 2140 3692 2210 γυμναστέον

2093 2236 2252 2302 αὖθις
2287 2242 2380 2293 τὸν
2427 2241 2588 2309 λόγον
2621 2239 2706 2309 ἐφ’
2739 2241 2930 2310 ἐτέρου
2956 2239 3103 2300 τινὸς
3147 2237 3554 2304 ὐποδείγματος
3593 2251 3692 2283 τε-

2093 2329 2383 2396 λεώτερονο
2421 2329 2625 2383 κείσθω
2650 2329 2763 2398 γάρ
2785 2346 2906 2382 τινα
2951 2329 3196 2398 τήμερον
3235 2329 3478 2396 τρίπηχυ
3517 2322 3691 2387 ξύλον

2096 2424 2226 2490 φέρε
2264 2423 2438 2475 εἰπεῖν
2463 2424 2544 2485 είς
2577 2421 2777 2492 ῥάϐδου
2805 2424 2998 2493 χρείαν
3029 2419 3087 2486 ἐξ
3133 2417 3484 2488 αὐτοσχεδίου
3513 2415 3692 2482 θελήοι

2097 2511 2232 2576 σεως
2280 2513 2496 2568 οἴκοθεν
2527 2514 2788 2579 ἀποξέειν
2823 2512 3247 2584 μεταποιοῦντα,
3283 2507 3506 2579 μηδενὸς
3570 2507 3690 2558 τῶν

2097 2608 2352 2661 ἁπάντων
2393 2607 2560 2675 μηδὲν
2591 2609 2973 2668 ἐπιτάττοντος
3001 2596 3353 2673 ἐξωθενιὸσοι
3381 2601 3692 2670 παριόντες

2096 2701 2318 2772 δρῶσιν.
2351 2701 2466 2753 Οὐκ
2498 2700 2566 2754 ἂν
2616 2695 2711 2753 οὖν
2744 2699 2858 2752 οὐδ’
2888 2699 3069 2761 αὐτὸς,
3101 2690 3277 2764 οἶμαι,
3319 2692 3691 2763 ἀμφισϐητή-

2099 2809 2252 2854 σειας
2283 2792 2358 2864 μὴ
2383 2792 2502 2844 κατ’
2537 2792 2741 2862 ἀθρόαν
2773 2791 2904 2853 τούς
2947 2790 3249 2858 παριόντας
3292 2783 3602 2854 περίληψιν
3633 2785 3694 2836 ὁ·

2099 2885 2200 2954 ρᾷν
2237 2883 2336 2954 μὲν
2378 2883 2474 2938 καὶ
2503 2883 2799 2950 γινώσκειν
2831 2881 2996 2943 εὐθὺς
3040 2879 3213 2948 ὁπόση
3250 2879 3345 2932 καὶ
3373 2876 3463 2930 οἵα
3500 2876 3692 2944 μῆκος

2097 2971 2214 3040 ἃμα
2247 2971 2340 3024 καὶ
2374 2971 2579 3033 πλάτος
2624 2971 2655 3040 ἡ
2691 2970 2910 3040 ῥάϐδος,
2946 2968 3220 3038 μηδεμίαν
3250 2965 3295 3018 δ’
3345 2964 3582 3031 ἐπάγειν
3627 2963 3695 3014 ἀ-

2098 3062 2310 3132 νάγκην
2337 3064 2403 3132 τῇ
2435 3060 2635 3130 πράξει
2663 3061 2762 3132 τὴν
2789 3059 2944 3114 θέαν.
2978 3060 3042 3114 El
3072 3057 3164 3111 οῦν
3185 3059 3282 3110 καὶ
3306 3056 3438 3119 Θεὸς
3469 3055 3542 3118 ὡς
3569 3056 3694 3108 ἐνε-

417 3156 547 3210 liter
573 3156 721 3210 enim
755 3156 897 3210 Deus
931 3139 1004 3208 ea.
1027 3169 1149 3224 quae
1175 3153 1314 3224 fiunt
1365 3165 1421 3209 et
1451 3168 1573 3222 quas
1633 3153 1815 3206 futura
1864 3158 1994 3206 sunt

2098 3155 2279 3208 στῶτα
2312 3153 2472 3209 πάντ’
2518 3153 2605 3207 ἐπ’
2642 3152 2764 3223 ῐσης
2816 3153 2919 3224 ὁρᾷ
2947 3153 3019 3206 τά
3061 3169 3122 3204 τε
3159 3150 3226 3220 δὴ
3275 3149 3539 3219 γινόμενα
3593 3148 3694 3200 καὶ

419 3248 622 3310 cernit,
658 3248 815 3302 nullo
845 3246 1168 3309 discrimine
1197 3247 1549 3317 interposito,
1574 3246 1778 3315 quippe
1809 3244 1901 3314 qui
1941 3245 1995 3297 in

2100 3249 2468 3318 γενησόμενα,
2497 3247 2551 3298 τί
2585 3262 2669 3310 τις
2731 3245 2796 3298 ἂν
2827 3245 2942 3316 ἐχοι
2995 3243 3175 3312 λέγειν
3204 3242 3278 3305 ὡς
3325 3243 3358 3311 ἡ
3406 3240 3503 3296 τοῦ
3538 3237 3694 3293 Θεοῦ

419 3339 777 3409 simplicitate
813 3339 1134 3408 praesentiae
1187 3353 1301 3393 suae
1343 3339 1609 3394 continuo
1658 3346 1998 3408 permaneat.

2101 3339 2304 3410 θεωρία
2343 3341 2445 3393 καὶ
2474 3339 2678 3406 γνῶσις
2711 3339 2958 3407 ἀνάγκην
2988 3338 3186 3403 ἐπάγει
3228 3334 3352 3388 τινὰ
3383 3335 3494 3396 τοῖς
3531 3334 3694 3384 ἐλεύ-

422 3432 501 3486 Ita
521 3432 684 3486 etiam
714 3431 1023 3486 libertatem
1060 3431 1261 3502 cuique
1308 3431 1494 3486 datam
1554 3445 1838 3497 nunquam
1888 3445 1995 3484 non

2102 3430 2262 3500 θερον
2288 3431 2563 3486 τελεῖσθαι
2590 3432 2685 3485 καὶ
2707 3433 3004 3486 ἀδέσποτον
3024 3428 3294 3499 πεφυκόσι
3319 3429 3414 3480 τὸν
3436 3427 3647 3496 τρόπον
3669 3441 3687 3489 ;

424 3524 699 3582 concedit.
729 3524 960 3586 Idcirco,
991 3533 1049 3578 ut
1074 3525 1207 3590 dixi,
1238 3537 1340 3580 nec
1366 3522 1654 3592 providere
1687 3529 1744 3577 et
1773 3536 1995 3592 procog—

2102 3526 2320 3596 Ὠσπερ
2370 3527 2480 3596 γὰρ
2525 3526 2650 3579 οὐδὲ
2695 3526 2801 3578 τῶν
2837 3525 3142 3592 ἀνθρώπων
3187 3522 3412 3589 οὐδεμία
3454 3537 3542 3582 τις
3573 3519 3690 3570 τῶν

427 3629 656 3668 noscere
688 3614 877 3675 Deum,
910 3630 1074 3684 quam
1105 3614 1292 3669 videre
1312 3620 1367 3669 et
1384 3626 1716 3681 cognoscere
1743 3611 1995 3666 malueris

2107 3618 2387 3684 ἁπάντων,
2417 3616 2494 3680 ὼς
2549 3618 2785 3688 εἴρηται,
2819 3617 2943 3686 δψις
2971 3617 3243 3684 ἀνάγκην,
3279 3609 3358 3672 οἷς
3397 3613 3462 3666 ἂν
3491 3614 3559 3664 ἐκ
3589 3609 3689 3664 τοῦ

429 3709 632 3771 dicere,
661 3723 784 3763 cum
815 3707 1109 3778 praeteritis
1163 3706 1329 3762 simul
1365 3716 1422 3761 et
1460 3704 1661 3760 futuris
1703 3705 1796 3774 qui
1845 3703 1995 3759 locus

2113 3711 2456 3778 πτιρήκοιτος
2489 3709 2798 3779 γινομένοις
2823 3710 2945 3781 ὁρᾷ,
2985 3705 3213 3778 μηδαμῆ
3259 3708 3452 3774 ἐπάγει
3497 3703 3692 3772 βιαίαν

424 3799 736 3855 vindicetur
761 3799 942 3854 nullus
963 3798 1299 3856 inveniatur.

2110 3801 2392 3868 οὐδεμίαν,
2426 3801 2602 3864 οὕτως
2651 3801 2760 3854 οὐδ’
2806 3803 2840 3871 ἡ
2897 3799 2991 3853 τοῦ
3055 3797 3191 3851 Θεοῦ
3239 3799 3350 3851 είτε
3376 3796 3692 3866 πρόγνωσιν

427 3895 608 3962 λέγειν
647 3894 824 3966 χρεὼν
875 3894 983 3948 είτε
1040 3894 1267 3962 γνῶσιν,
1333 3885 1413 3955 οἷς
1453 3892 1553 3964 ὁρᾷ
1591 3891 1938 3964 γιγνομένοις
2007 3898 2070 3951 οὐ
2109 3895 2285 3967 βίαιον
2317 3897 2514 3964 ἐπάγει
2543 3895 2753 3948 οὐδέσιν
2783 3894 2958 3961 οὐδὲν,
2995 3891 3105 3946 οὐδ’
3133 3893 3348 3960 ἀνάγκη
3378 3889 3560 3944 δουλοῖ
3588 3889 3691 3957 τὴν

428 3990 576 4054 ἅπαξ
598 3988 689 4043 ὐπ’
721 3988 888 4043 αὐτοῦ
953 3987 1249 4056 δεδομένην
1315 3986 1632 4057 ἐλευθερίαν
1694 3988 1809 4050 τοῖς
1865 3989 2212 4060 πράγμασιν.
2249 3989 2370 4043 Ἐπ’
2407 3991 2531 4060 ίσης
2567 3991 2676 4059 γὰρ
2712 3992 2741 4044 6
2772 3991 2906 4053 Θεὸς
2943 3991 3049 4062 ὁρᾷ
3087 3990 3152 4042 τὰ
3196 3986 3463 4058 γινόμενά
3489 4003 3554 4039 τε
3592 3985 3692 4038 καὶ

428 4081 793 4152 γενησόμενα,
828 4080 922 4133 καὶ
952 4078 1102 4132 οὐδὲν
1164 4077 1366 4149 μᾶλλον
1432 4077 1579 4147 αὐτῷ
1629 4079 1778 4148 παρὰ
1842 4079 2071 4148 θάτερον
2111 4079 2362 4150 θάτερον,
2400 4083 2456 4134 ἐν
2489 4084 2556 4152 τῇ
2590 4081 2855 4148 ἁπλότητι
2902 4083 3080 4150 μένων
3121 4080 3207 4134 ἐπ’
3245 4080 3364 4151 ίσης
3393 4078 3559 4142 αὐτὸς
3592 4077 3690 4131 τοῦ

427 4175 696 4245 σφετέρου
747 4173 1012 4244 διηνεκῶς
1057 4169 1394 4232 ἐνεστῶτος·
1429 4169 1524 4222 καὶ
1553 4170 1756 4240 ὁμοίως
1803 4171 1892 4224 ἀεὶ
1937 4172 1999 4224 τὸ
2071 4171 2356 4241 δεδομένον
2420 4167 2679 4238 ἑκάστοις
2717 4172 3004 4238 ,ἐνδίδωσιν
3049 4170 3420 4236 αὐτεξούσιον.
3463 4174 3557 4223 Διὸ
3592 4171 3690 4224 καὶ

426 4270 579 4326 οὐδὲν
612 4265 836 4335 μᾶλλον,
873 4265 948 4326 ὼς
987 4264 1225 4334 εἴρηται,
1254 4261 1419 4330 φαίης
1456 4261 1523 4315 ἂν
1590 4262 1682 4316 τὸν
1726 4263 1859 4316 Θεὸν
1905 4266 2144 4335 προορᾷν
2199 4283 2258 4317 τε
2313 4267 2407 4319 καὶ
2478 4265 2876 4336 προγινώσκειν
2927 4267 2961 4337 ἢ
3032 4267 3164 4336 όρᾷν
3217 4265 3312 4318 καὶ
3367 4263 3686 4332 γινώσκειν,

425 4364 520 4418 τοῦ
585 4359 836 4434 χρονικοῦ
902 4357 1296 4428 παρῳχηκότος
1349 4357 1465 4424 ἅμα
1523 4357 1616 4408 καὶ
1651 4357 1940 4426 μέλλοντος
1990 4359 2074 4409 ἐνί
2113 4376 2182 4428 γε
2246 4361 2324 4432 τῷ
2351 4361 2540 4432 τρόπῳ
2585 4361 2786 4425 τελέως
2845 4359 3102 4415 ἐντεῦθεν
3162 4359 3538 4430 ἐξωθουμένου
3591 4357 3706 4414 καί

431 4459 618 4532 χώραν
682 4454 831 4525 αὐτῷ
861 4453 1246 4524 προσήκουσαν
1276 4447 1534 4517 οὐδεμίαν
1569 4449 1783 4519 οὐδαμῆ
1818 4451 2259 4519 ἐφευρίσκοντος.

501 4553 740 4612 XXVIII.
771 4549 912 4617 Quid
936 4549 1104 4617 igitur
1125 4562 1152 4599 a
1183 4545 1662 4600 criminationibus
1701 4557 1909 4616 patrem
1933 4545 1995 4600 ad

2183 4551 2319 4605 KH'.
2363 4551 2430 4604 Τί
2463 4552 2642 4606 τοίνυν
2675 4551 2735 4614 ἐς
2755 4551 2816 4604 τὸ
2847 4550 3025 4604 ἀθῶον
3055 4549 3220 4613 αὐτὸς
3249 4550 3584 4620 παρεξάγεις
3619 4551 3688 4605 τὰ

434 4646 811 4708 innocentiam
841 4656 1073 4698 revocas
1128 4640 1338 4694 incerta
1368 4639 1642 4694 sententia
1695 4655 1822 4696 cum
1884 4651 2004 4695 arte

431 4743 666 4815 quadam
689 4740 744 4792 in
774 4746 920 4791 tuam
959 4747 1072 4788 rem
1108 4745 1260 4784 versa
1287 4739 1343 4784 et
1385 4731 1661 4785 rationum
1707 4729 1900 4784 fraude
1931 4732 2000 4783 ad

429 4835 770 4890 voluntatem
796 4826 986 4882 studes
1037 4831 1254 4876 mutare
1298 4835 1387 4883 ea,
1411 4822 1618 4890 quibus
1648 4838 1864 4892 pcenam
1913 4823 2004 4877 inc

433 4929 590 4985 dabit
619 4925 732 4980 Deo
773 4921 866 4992 qui
898 4918 1072 4974 cernit
1112 4925 1168 4970 et
1201 4915 1504 4986 dijudicat?
1554 4917 1766 4970 Etenim
1811 4926 2006 4984 sponte

433 5019 694 5092 profugus
717 5013 810 5068 Dei
842 5023 900 5066 et
933 5011 1167 5064 fortuna:
1191 5007 1382 5062 fausta
1411 5007 1706 5078 glorizeque
1730 5006 2006 5062 desiderio

433 5115 657 5173 ductus,
689 5105 757 5160 ab
782 5104 972 5158 divino
1002 5102 1093 5156 illo
1126 5101 1243 5154 viro
1276 5107 1580 5169 seiunctus,
1605 5113 1769 5166 quam
1802 5097 2006 5167 glorio-

432 5217 553 5257 sum
591 5194 788 5254 nomen
823 5210 920 5265 per
946 5202 1144 5247 terram
1177 5206 1362 5246 serere
1394 5191 1628 5252 studuit,
1691 5200 1796 5242 tam
1826 5189 2005 5257 inglo-

433 5294 634 5348 riosam
696 5301 930 5343 messem
990 5293 1260 5354 perpetuo
1313 5281 1463 5337 facit.
1512 5280 1758 5336 Consilio
1791 5295 2010 5349 semper

434 5387 733 5442 destitutus
767 5397 796 5436 a
826 5377 990 5450 213
1039 5375 1300 5431 felicitate
1350 5372 1622 5445 rejicitur,
1672 5383 1836 5441 atque
1887 5386 2012 5440 qua:

434 5479 866 5552 persequebatur
889 5485 1149 5543 tanquam
1189 5469 1401 5540 optima
1457 5468 1822 5532 arbitratus”
1851 5464 2013 5519 exiis

437 5573 694 5627 omnibus
729 5570 886 5640 plane
920 5567 1166 5637 deiectus
1210 5571 1295 5617 est
1339 5577 1367 5614 a
1409 5559 1631 5613 fortuna
1667 5556 1756 5611 cui
1806 5557 2014 5611 servie-

438 5668 533 5723 bat
565 5671 810 5717 coactus.
866 5658 969 5714 Ubi
1009 5658 1254 5713 omnium
1307 5665 1495 5722 regum
1545 5647 2012 5704 felicissimumse

438 5773 558 5812 esse
596 5755 842 5823 putabat,
877 5750 1081 5805 ibidem
1117 5749 1335 5802 fortuna
1393 5744 1446 5797 in
1505 5741 1734 5795 alteram
1804 5750 2011 5808 partem

441 5850 702 5904 inclinata
737 5847 991 5899 universo
1021 5842 1142 5896 vitae
1173 5835 1489 5908 spectacqu
1517 5843 1573 5890 ct
1604 5846 1874 5890 terrarum
1893 5834 2012 5891 orbi

2108 4641 2201 4696 τοῦ
2234 4644 2439 4714 πατρὸς
2463 4645 2814 4713 ἐγκλήματα,
2876 4641 3154 4712 σφαλερᾶς
3221 4641 3463 4704 διανοίας
3508 4642 3690 4733 χεῦφηο

2112 4734 2213 4802 μόν
2243 4750 2366 4785 τινα
2423 4735 2522 4801 τὴν
2562 4729 2917 4801 ἀποστροφὴν
2983 4729 3530 4801 ἀντιμηχανώμενος,
3597 4732 3689 4783 καὶ

2109 4825 2287 4892 λόγοις
2327 4825 2627 4894 ἀπατηλοῖς
2668 4825 2804 4896 πρὸς
2832 4825 2892 4876 τὸ
2925 4823 3258 4894 βουλόμενον
3301 4825 3556 4897 σπεύδεις
3595 4839 3691 4894 με-

2059 4969 2075 4988 ι
2109 4917 2388 4970 τατιθέναι
2423 4915 2500 4974 ὧν
2519 4917 2620 4987 τὴν
2649 4917 2876 4970 κόλασιν
2927 4917 3113 4987 ἔργοις
3148 4918 3357 4979 ἐκεῖνος
3389 4916 3577 4985 ὑφέξει
3613 4916 3691 4984 τῷ

2112 5005 2367 5076 βλέποντι
2399 5005 2461 5077 [ί.
2496 5006 2598 5060 IIS
2621 5005 2695 5078 r.]
2726 5007 2820 5058 καὶ
2847 5005 3128 5075 κρινοῦντι
3172 5005 3330 5076 Θεῷ;
3371 5007 3555 5075 Φυγὰς
3578 5007 3688 5074 γὰρ

2111 5094 2395 5165 ἐθελοντὴς
2420 5093 2514 5147 τοῦ
2541 5093 2680 5147 Θεοῦ
2719 5091 2983 5161 γεγονὼς,
3016 5094 3112 5145 καὶ
3147 5094 3296 5163 πόθῳ
3340 5095 3687 5166 προσκαίρου

2111 5187 2282 5257 τύχης
2305 5187 2400 5239 καὶ
2434 5186 2593 5254 δόξης
2629 5184 2727 5238 τοῦ
2749 5185 2896 5238 θείου
2926 5185 3107 5253 φωτὸς
3155 5187 3370 5239 ἐκείνου
3433 5189 3691 5258 ἀπερρω-

2111 5279 2245 5347 γὼς,
2279 5279 2411 5350 παρ’
2453 5280 2576 5332 ὅσον
2609 5277 2856 5344 ἐπίδοξον
2895 5277 3067 5347 ὄνομα
3123 5277 3212 5330 διὰ
3244 5277 3348 5347 γῆς
3386 5279 3689 5331 ἐσπούδακε

2116 5373 2387 5441 σπείρειν,
2419 5373 2568 5440 παρά
2605 5370 2865 5424 τοσοῦτον
2890 5369 3078 5434 ἄδοξον
3114 5371 3318 5447 στάχυν
3346 5371 3436 5423 ἀεὶ
3462 5371 3689 5442 θερίζει,

2113 5460 2185 5516 δι’
2219 5459 2478 5514 ἀϐουλίαν
2542 5461 2630 5513 ἀεὶ
2666 5459 2764 5512 τοῦ
2819 5458 3091 5528 βελτίονος
3143 5459 3688 5530 ἀπορραπιζόμενοςο

2114 5553 2211 5605 καὶ
2241 5552 2275 5606 ἃ.
2316 5553 2536 5606 διώκειν
2567 5552 2742 5604 εἵλετο
2767 5549 2996 5620 νομίσας
3036 5547 3175 5603 εἶναι
3197 5553 3432 5622 χρηστά,
3476 5554 3690 5605 πάντων

2117 5649 2477 5702 ἐκπέπτωκεν
2528 5647 2719 5716 ἄρδην,
2774 5646 2864 5715 ὐφ’
2925 5642 2994 5718 ἦς
3051 5647 3311 5715 ἐλάτρευε
3360 5647 3688 5716 διωκόμενος

2117 5741 2307 5811 τύχης.
2377 5741 2486 5794 Καὶ
2545 5739 2668 5793 ὅθεν
2731 5740 3216 5807 εὐδαιμονέστατος
3277 5742 3496 5791 πάντων
3536 5735 3685 5808 ᾠήθη

2121 5835 2370 5903 γίνεσθαι
2413 5834 2701 5904 βασιλέων,
2740 5832 3016 5904 ἐκεῖθενή
3072 5832 3370 5896 ἀντίπαλος
3399 5828 3688 5903 παραδῦσα
