4034 6468
289 385 388 449 185

1254 384 1703 443 BYZANTIN/E
1746 336 2137 444 HISTORIA;
2177 384 2324 444 LIB.
2366 385 2646 445 xxvut.

3442 384 3545 446 186

290 495 433 566 ῥύμη
464 492 563 563 τῆς
590 493 756 562 τύχης
791 489 959 545 αὐτοῦ
1002 492 1212 560 γυμνὸν
1258 493 1426 546 παντὶ
1460 491 1539 561 τῷ
1587 491 1682 544 τοῦ
1742 491 1858 562 βίου

1966 491 2121 545 illum
2151 491 2395 545 ostendit
2442 492 2769 548 destitutum
2809 506 2917 546 non
2970 490 3131 546 modo
3176 508 3205 546 a
3246 491 3354 547 Deo
3411 511 3545 563 uno,

288 588 502 657 θεάτρῳ
529 587 623 639 καὶ
653 587 845 654 κόσμῳ
879 585 1231 655 προδείκνυσι
1263 586 1335 652 μὴ
1374 584 1535 652 μόνον
1556 584 1651 635 τοῦ
1691 584 1858 653 μόνου

288 679 443 745 Θεοῦ,
471 680 618 732 ’ἀλλὰ
642 679 735 731 καὶ
774 675 955 750 ἦστιερ
984 677 1289 732 ἐσπούδακε
1317 676 1480 747 δόξης
1513 678 1858 749 προσκαίρου

288 776 489 842 τυχεῖν.
538 772 657 825 Ἐπ’
699 772 959 840 οὐδεμιᾶς
988 772 1094 840 γὰρ
1124 769 1362 837 βεϐαίως
1394 770 1612 839 ἑστήξει
1649 772 1861 838 κρηπῖ-

289 867 376 925 δος
400 864 597 933 κλῆρος
629 863 790 931 δόξης
816 864 991 925 οὐδεὶς
1050 864 1107 924 ὃς
1140 880 1199 914 τε
1246 861 1384 915 Θεοῦ
1443 862 1860 932 ἀποπεφοίτηκε

288 959 379 1010 καὶ
401 958 459 1009 ὃν
486 958 545 1008 τὸ
565 957 662 1025 τῆς
690 955 863 1025 τύχης
893 957 1234 1026 ἐχορήγησεν
1273 955 1533 1009 ἄστατον.
1565 957 1722 1007 Δυοίν
1743 957 1856 1024 γὰρ

290 1047 568 1114 ἑπομένων
597 1048 661 1115 τῇ
687 1047 786 1115 τῆς
836 1047 1177 1116 προσκαίρου
1214 1046 1385 1117 τύχης
1435 1046 1707 1116 εὐκληρίᾳ
1757 1063 1860 1099 κα-

290 1132 419 1194 κῶν,
452 1133 482 1201 ἦ
516 1135 611 1186 καὶ
648 1133 816 1202 ἄμφω
850 1137 1159 1204 περιχεῖται
1194 1137 1309 1197 τοῖς
1357 1135 1568 1198 ἀθλίοις
1624 1136 1860 1202 ἐναλλὰξ

288 1225 473 1277 ὀπόσοι
511 1225 719 1293 ταύτην
751 1226 1164 1295 ἀμφιέννυνται,
1204 1226 1235 1297 ἢ
1277 1227 1424 1280 δυοῖν
1476 1228 1730 1297 Οάτερον.
1781 1229 1853 1280 Ἢ

289 1318 395 1386 γὰρ
423 1314 532 1370 οἶδε
563 1318 744 1386 τὸτῆς
782 1317 951 1386 τύχης
1004 1318 1259 1383 ἄστατον,
1301 1322 1396 1374 καὶ
1451 1320 1686 1373 δεδιέναι
1745 1320 1881 1389 τὴν.

290 1407 549 1475 αἰφνίδιον
578 1409 793 1476 ἀνάγκη
850 1408 1158 1480 μεταϐολὴν
1211 1411 1321 1473 ἀεὶ,
1356 1411 1449 1461 καὶ
1501 1408 1581 1477 τῷ
1631 1412 1859 1479 συνεχεῖ

287 1499 381 1553 τοῦ
408 1500 561 1563 δέους
582 1500 922 1569 εὐδαιμονεῖν
967 1501 1230 1571 ἀσφαλῶς
1284 1501 1508 1572 μηδαμῆ
1553 1503 1860 1572 συγχωρεῖ-

290 1592 435 1658 σθαι,
462 1595 557 1646 καὶ
596 1594 878 1664 παρούσης
904 1592 1004 1662 μὲν
1034 1593 1325 1647 λυπεῖσθαι
1363 1594 1452 1648 διὰ
1475 1594 1575 1665 τήν
1600 1598 1701 1665 τῆς
1718 1596 1858 1649 ἀπο-

288 1680 449 1749 ϐολῆς
480 1681 688 1748 ἐλπίδα,
737 1683 962 1752 ῥυείσης
984 1680 1031 1735 δ’
1060 1678 1129 1736 αὖ
1157 1681 1449 1736 λυπεῖσθαι
1491 1683 1581 1737 διὰ
1620 1684 1859 1753 τὴνὲνα-

287 1774 628 1841 πομένουσαν
673 1774 895 1844 μνήμην
945 1774 1040 1827 καὶ
1079 1775 1181 1846 τήν
1210 1791 1273 1843 γε
1303 1775 1367 1836 δὴ
1410 1776 1511 1845 τῆς
1538 1776 1857 1846 ἀναλήψεως

1964 599 2159 639 verum
2188 584 2354 639 etiam
2386 586 2454 639 ab
2492 585 2608 655 ipsa
2638 601 2745 655 qua
2778 585 2884 639 frui
2917 584 3089 640 voluit
3114 584 3353 650 fortuna,
3425 587 3543 640 Non

1963 677 2110 730 enim
2149 676 2306 731 firmo
2360 678 2524 732 stabit
2556 677 2919 732 fundamento
2956 677 3126 749 gloria
3164 678 3272 732 ulla
3332 694 3478 746 quae,
3512 695 3543 733 a

1964 768 2076 823 Deo
2110 780 2378 839 separata.
2435 787 2465 825 a
2523 771 2772 825 mutabili
2811 771 3032 825 fortuna
3070 772 3371 825 constituta
3432 782 3540 827 est.

1964 864 2204 918 Duorum
2235 865 2381 918 enim
2406 865 2674 918 malorum
2704 880 2825 934 quae
2853 864 3043 918 fausta:
3075 864 3311 917 fortunae
3342 873 3544 917 sortem

1962 966 2292 1024 sequuntur,
2328 964 2421 1009 aut
2454 955 2619 1008 ambo
2648 955 3062 1023 perfunduntur
3100 956 3368 1009 aerumnis
3422 970 3546 1023 quin

1962 1046 2111 1100 illam
2143 1046 2508 1110 circumdant,
2542 1054 2635 1099 aut
2662 1056 2813 1099 certe
2842 1046 3200 1102 alterutrum.
3256 1046 3366 1100 Aut
3392 1044 3543 1098 enim

1951 1145 2211 1191 metuere
2242 1136 2537 1201 fortunam,
2567 1137 2788 1204 cognita
2816 1137 2937 1206 ejus
2990 1135 3386 1203 inconstantia,
3446 1150 3548 1189 nc—

1961 1243 2116 1284 cesse
2153 1238 2258 1295 est,
2292 1237 2347 1283 et
2372 1228 2432 1308 in
2470 1238 2798 1298 perpetuum
2849 1245 2908 1283 se
2942 1229 3075 1283 dare
3108 1228 3317 1291 timori,
3372 1245 3439 1283 ne
3490 1230 3545 1282 in

1962 1335 2154 1376 Secura
2184 1319 2448 1375 felicitate
2477 1330 2758 1384 versetur,
2792 1320 3031 1390 denique
3081 1335 3204 1373 cum
3236 1321 3325 1374 illa
3363 1322 3542 1385 adest,

1961 1413 2085 1483 angi
2115 1427 2340 1468 necesse
2372 1422 2455 1467 est
2483 1412 2553 1467 ob
2578 1414 2809 1483 jactura:
2846 1423 3075 1479 metum,
3112 1411 3325 1480 dilapsa
3354 1422 3539 1466 autem

1962 1518 2154 1558 rursus
2183 1504 2309 1573 angi
2349 1503 2420 1557 ob
2462 1498 2783 1558 memoriam
2813 1504 2933 1574 ejus
2962 1512 3013 1557 et
3051 1504 3540 1572 recuperationem

1961 1596 2328 1667 desperatam.
2355 1597 2450 1651 Sin
2482 1611 2617 1650 vero
2649 1610 2770 1650 eam
2802 1610 2859 1648 nt
2874 1594 3005 1659 scit,
3051 1594 3249 1648 beatus
3279 1609 3399 1648 esse
3433 1609 3544 1647 non

1961 1696 2163 1759 potest.
2198 1687 2333 1743 Nam
2358 1704 2483 1757 quae
2514 1688 2672 1743 adest
2719 1688 3061 1757 voluptatem
3113 1686 3421 1756 possessori
3476 1685 3551 1740 af-

1966 1782 2098 1836 fert.
2134 1781 2426 1847 Quomodo
2452 1788 2637 1835 autem
2665 1779 2795 1834 felix
2821 1794 2943 1833 esse
2985 1778 3212 1848 poterit.
3245 1777 3340 1847 qui
3376 1778 3553 1831 sensi-

287 1868 597 1933 ἀπόγνωσιν
623 1883 637 1897 ·
671 1868 827 1938 ἢούκ
872 1863 1006 1931 οἶδε,
1049 1871 1143 1921 καὶ
1191 1870 1266 1939 μὴ
1325 1870 1482 1930 εἰδὼς
1519 1870 1632 1923 οὐδ’
1680 1869 1858 1922 εύδαί-

1967 1876 2070 1929 bus
2109 1874 2162 1928 id
2199 1889 2309 1927 non
2343 1873 2598 1942 percipit,
2629 1871 2776 1943 quod
2831 1871 3119 1942 possidere
3162 1869 3424 1923 videtur?
3452 1868 3547 1923 Sin

294 1977 433 2028 μων.
466 1959 722 2029 Παροῦσα
755 1965 856 2031 μὲν
881 1962 991 2030 γὰρ
1022 1962 1221 2029 ἡδονὴν
1238 1961 1340 2014 οὐκ
1394 1962 1510 2032 εχει
1536 1963 1743 2031 τουτῳὶ
1771 1978 1862 2015 κε·

292 2050 545 2123 κτημένῳ
564 2069 579 2084 ο
604 2055 695 2106 καὶ
712 2054 831 2116 πῶς
856 2054 920 2107 ἂν
948 2054 1031 2124 εἴη
1062 2054 1339 2121 εὐδαίμων
1365 2055 1462 2123 τὴν
1482 2055 1738 2124 αἴσθησιν
1762 2056 1863 2109 ούκ

292 2140 433 2209 ἔχων
464 2134 541 2194 ὧν
570 2141 876 2211 κεκτῆσθαι
909 2143 1059 2195 δοκεῖ
1086 2157 1101 2207 ;
1133 2142 1231 2195 "Av
1278 2143 1325 2196 δ’
1363 2142 1461 2212 ὀψὲ
1509 2146 1602 2196 καὶ
1650 2149 1715 2195 τὸ
1761 2143 1862 2211 τῆς

294 2233 514 2301 φύσεως
537 2230 667 2285 ἴδιον
695 2233 991 2305 ἐπενέγκῃ,
1014 2234 1159 2302 λέγω
1180 2234 1245 2304 δὴ
1270 2235 1369 2304 τὴν
1404 2235 1711 2305 μεταϐολὴν
1734 2235 1864 2288 ἑαυ-

286 2329 408 2395 τῆς,
424 2327 502 2397 τῷ
526 2328 624 2396 τῆς
653 2328 921 2396 αἰφνιδίου
946 2328 1264 2398 ἐκπλήξεως
1300 2328 1699 2398 ύπερὸἀλλοντι
1733 2345 1860 2383 συν-

288 2421 498 2474 ανείλεν
534 2421 701 2474 ἐνίοτε
743 2422 840 2474 καὶ
897 2421 962 2473 τὸ
1026 2421 1151 2491 ζῇν.
1216 2421 1326 2474 Καὶ
1377 2421 1709 2491 προλέλοιπε
1762 2421 1863 2489 μὲν

287 2509 450 2562 αὐτὸν
484 2509 643 2572 εὐθὺς
666 2508 694 2562 δ
733 2509 1023 2580 προλιπεῖν
1050 2511 1149 2580 μὲν
1192 2512 1294 2563 οὐκ
1343 2504 1415 2580 ἦν
1456 2511 1609 2578 αύτῷ
1682 2511 1864 2580 βουλο-

292 2601 461 2670 μένῳ,
498 2602 923 2655 καταλέλειπται
962 2603 1007 2656 δ’
1052 2604 1216 2666 αὐτὸς
1255 2600 1369 2654 οὗθ’
1420 2602 1499 2666 ὡς
1540 2602 1863 2656 καταλελεῖ-

288 2694 728 2764 φθαινενόμικεν
763 2695 878 2748 οὗθ’
904 2695 979 2751 ὡς
1039 2694 1192 2765 βιοῦν
1233 2701 1574 2764 προῄρηται.
1615 2692 1859 2747 Τοιαῦτα

286 2788 391 2857 γὰρ
423 2788 492 2843 τὰ
525 2787 634 2841 τῶν
651 2787 920 2858 χρονικῶν
955 2786 1300 2860 πραγμάτων
1335 2786 1604 2855 ἐγκύκλια
1632 2784 1863 2851 παίγνια

286 2888 381 2937 καὶ
410 2885 459 2937 οἱ
488 2886 585 2955 τῆς
606 2883 777 2955 τύχης
804 2886 1067 2953 γέλωτες,
1097 2885 1226 2938 σκιὰ
1263 2884 1338 2953 μὴ
1394 2880 1725 2953 κρατεῖσθαι
1756 2896 1857 2931 πε-

287 2979 516 3046 φυκυῖα,
544 2979 638 3031 καὶ
674 2978 926 3032 ἀνούσιον
967 2980 1140 3047 δνομα
1185 2979 1306 3040 ταῖς
1349 2977 1459 3029 τῶν
1512 2972 1861 3045 μικρολόγων

285 3068 381 3120 καὶ
419 3066 771 3136 μικροψύχων
846 3064 1297 3134 ὲπιπλανώμινον
1348 3063 1697 3132 φαντασίαις.
1769 3063 1859 3114 Διὸ

1963 1982 2098 2021 vero
2137 1974 2327 2036 postea
2363 1974 2574 2019 natura:
2605 1963 2895 2034 proprium
2936 1962 3121 2025 feret,
3184 1962 3546 2014 mutationem

1963 2073 2119 2111 suam
2150 2058 2297 2121 dico,
2338 2056 2629 2126 repentino
2660 2054 3093 2127 perturbationis
3141 2054 3348 2122 impetu
3384 2050 3551 2122 214

1962 2150 2241 2204 interdum
2272 2151 2446 2217 ipsam
2489 2148 2657 2203 vitam
2689 2144 2935 2213 tollit,et
2968 2145 3103 2200 illud
3144 2160 3270 2198 eum
3302 2145 3547 2212 reliquit,

1960 2239 2108 2310 quod
2143 2236 2461 2307 relinquere
2489 2252 2623 2293 sane
2686 2236 2935 2290 nolebat.
2991 2234 3240 2289 Relictus
3293 2233 3410 2302 ipse
3464 2240 3551 2292 est

1960 2322 2238 2400 nequeut
2284 2330 2526 2398 relinqui
2579 2344 2638 2385 se
2676 2335 2971 2398 potaverat
3028 2322 3207 2395 neque
3239 2335 3298 2380 ut
3361 2324 3549 2379 vivere

1962 2429 2348 2476 consueverat.
2388 2419 2512 2474 llaec
2541 2420 2689 2474 enim
2717 2435 2836 2487 qua:
2866 2418 2920 2472 in
2953 2428 3202 2486 tempore
3226 2416 3294 2470 ab
3320 2430 3386 2470 eo
3409 2415 3551 2470 facta

1962 2522 2095 2568 sunt
2128 2512 2499 2567 ludibriorum
2548 2511 2967 2567 vicissitudines
3022 2518 3153 2564 sunt
3207 2520 3263 2563 et
3311 2509 3550 2563 fortuna:

1967 2607 2136 2671 risus,
2166 2608 2363 2659 umbra
2397 2620 2520 2674 qum
2558 2621 2666 2659 non
2694 2603 3090 2673 comprehendi
3125 2611 3305 2672 potest
3361 2614 3416 2657 et
3466 2602 3552 2656 in-

1960 2708 2065 2746 ane
2085 2706 2284 2745 nomen
2304 2692 2449 2761 quod
2477 2694 2529 2745 in
2552 2692 3036 2761 pusillanimorum
3057 2692 3342 2777 hominum
3364 2701 3548 2747 mente

1958 2795 2235 2839 versatur.
2262 2782 2632 2849 Quamobrem
2660 2782 2922 2837 facillime
2956 2783 3190 2836 inﬁnitis
3223 2784 3548 2838 mutationi-

1959 2878 2065 2931 bus
2087 2887 2348 2944 tanquam
2382 2884 2717 2930 tesserarum
2777 2868 3023 2928 millibd's
3052 2874 3291 2928 eruitur.
3344 2875 3411 2929 Et
3448 2876 3546 2945 qui

1962 2970 2015 3024 in
2039 2968 2301 3023 felicitate
2333 2984 2658 3037 permanere
2692 2968 3070 3023 vehementer
3102 2968 3297 3037 vqluit,
3331 2983 3363 3022 e
3387 2985 3551 3024 secu-

1959 3064 2121 3119 ritate
2152 3063 2278 3135 ejus
2307 3062 2469 3119 facile
2494 3062 2736 3134 ejicitur.
2771 3061 2875 3130 Qui
2911 3079 3041 3119 vero
3071 3073 3269 3135 sponte
3309 3079 3430 3117 eam
3466 3080 3551 3118 reo

285 3161 382 3215 καὶ
418 3162 592 3231 ῥᾷστα
639 3160 855 3231 μυρίοις
901 3159 1342 3229 ἀναμοχλεύεται
1393 3156 1581 3219 κύϐοις
1624 3140 1857 3224 μεταδο-

1960 3156 2182 3225 linquit,
2214 3156 2282 3211 ad
2322 3155 2493 3210 Deum
2524 3155 2797 3210 bonorum
2824 3170 2959 3210 sane
2981 3155 3178 3210 ducem
3208 3155 3391 3209 animo
3412 3171 3550 3209 con-

282 3254 392 3307 λῶν
427 3253 809 3322 ἀτεκμάρτων.
847 3252 958 3305 Καὶ
983 3254 1010 3305 ὁ
1042 3250 1252 3321 σφόδρα
1293 3250 1466 3303 θέλων
1496 3251 1632 3317 αὐτῇ
1667 3264 1854 3314 παρα-

286 3351 467 3418 μένειν
497 3347 597 3401 τοῦ.
620 3348 805 3417 μένειν
834 3346 1082 3416 ἀσφαλὴς
1118 3345 1589 3414 ἀποσφενδονᾶται
1615 3344 1839 3415 ῥᾳδίως·

1958 3256 2147 3314 verso,‘
2187 3248 2482 3303 incolumis
2509 3248 2634 3302 vita;
2667 3258 2862 3301 aestum
2919 3248 3205 3317 superabit
3259 3263 3439 3316 neque
3469 3249 3553 3302 in-

1952 3326 2125 3397 sidias
2153 3356 2254 3395 nec
2287 3340 2577 3394 latrocinia
2614 3340 2862 3394 omnium
2896 3340 3183 3393 hominum
3218 3339 3461 3393 timebit.

278 3444 310 3495 ὁ
332 3440 385 3493 δὲ
414 3441 621 3513 ταύτης
651 3443 748 3514 μὲν
774 3442 1060 3511 ἐθελοντὴς
1092 3440 1381 3510 ὲκχωρῶν,
1409 3440 1531 3508 Θεῷ
1560 3440 1616 3492 δὲ
1640 3438 1720 3509 τῷ
1741 3437 1851 3491 τῶν
1889 3435 2176 3497 καλῶνιὼς
2244 3433 2462 3503 ἀληθῶς
2524 3431 2746 3503 χορηγῷ
2791 3431 3083 3503 προσέχων
3112 3433 3207 3484 τὸν
3262 3431 3411 3496 νοῦν,
3455 3432 3550 3483 εύ-

280 3536 483 3605 σταλὴς
506 3538 607 3604 τὴν
636 3537 727 3589 τοῦ
758 3535 875 3606 βίου
914 3535 1278 3604 παρατρέχων
1311 3532 1588 3587 θάλασσαν
1617 3532 1842 3601 ἔφεδρον
1882 3531 2172 3584 ὲπίὸουλον
2194 3527 2315 3580 οὐδὲ
2340 3526 2549 3598 λῃστὴν
2591 3526 2893 3596 φοϐήσεται
2918 3526 3139 3579 πάντων
3161 3524 3351 3578 οὐδένα
3392 3525 3552 3582 ποτέ,

354 3628 480 3685 KG’.
524 3628 587 3702 [ί.
626 3629 728 3684 115
757 3629 832 3700 υ.]
855 3630 961 3682 Καὶ
997 3630 1084 3683 ἵνα
1133 3646 1192 3681 σε
1227 3630 1284 3692 ἐς
1314 3628 1375 3682 τὸ
1409 3628 1671 3698 πρότερον
1707 3626 1851 3696 [χνος

2024 3623 2228 3678 XXIX.
2262 3624 2443 3693 Atque
2472 3632 2532 3677 ut
2561 3631 2613 3677 te
2662 3621 2729 3675 ad
2783 3621 2935 3675 illius
2977 3622 3212 3688 exempli
3256 3621 3549 3690 vestigium

274 3726 490 3778 ἐκείνου
530 3723 620 3777 τοῦ
666 3724 1068 3792 ύποδείγματος
1119 3723 1278 3784 αὖθις
1327 3721 1621 3789 ἀναγαγὼν
1673 3737 1849 3773 κατα-

1960 3718 2208 3772 reducam
2243 3714 2517 3783 finemque
2583 3714 2822 3767 orationi
2882 3714 3183 3784 imponam.
3249 3723 3545 3782 postquam

275 3811 482 3864 κλείσω
521 3811 612 3863 τὸν
658 3812 832 3880 λόγον,
878 3811 1128 3880 δεδειχὼς
1176 3811 1251 3875 ὡς
1295 3812 1574 3878 ἄνθρωποι
1621 3811 1732 3885 τῷν
1761 3812 1854 3862 ἀν-

277 3903 569 3972 θρωπίνων
596 3905 758 3957 αἴτιοι
792 3906 1033 3972 γίνονται
1078 3903 1378 3973 συμφορῶν
1410 3905 1502 3956 καὶ
1530 3903 1627 3973 οὐχ
1653 3905 1680 3955 ό
1715 3902 1850 3964 Θεὸς

277 3995 388 4049 οὐδ’
421 3998 453 4064 ἡ
490 3996 657 4050 αὑτοῦ
705 3996 1029 4063 πρόγνωσις,
1057 3995 1168 4049 οὐδ’
1200 3996 1414 4065 ἀνάγκη
1464 4013 1545 4058 τις
1596 3997 1859 4065 τυραννεῖ

277 4085 375 4139 τοῦ
413 4085 528 4156 βίου
581 4088 706 4150 τοὺς
756 4086 972 4151 οἴακας,
1008 4088 1123 4139 ἀλλ’
1174 4087 1422 4141 ἑκούσιον
1466 4087 1679 4157 θέλημα
1727 4086 1854 4149 τοὺς

278 4184 483 4243 κακούς
513 4180 593 4243 είς
634 4181 777 4233 κακὰ
826 4180 1209 4249 παραπέμπει,
1238 4181 1534 4251 προσέχειν
1556 4183 1670 4243 τοῖς
1700 4182 1857 4247 λεγο-

283 4274 468 4339 μένοις
519 4271 715 4341 χρεών.
759 4271 1030 4340 Καθάπερ
1076 4272 1209 4343 γὰρ,
1251 4272 1304 4325 εί
1342 4290 1426 4335 τις
1474 4272 1856 4344 μοχθηροτέςρᾳ

178 4400 203 4425 .
283 4366 424 4433 μετά
453 4364 546 4418 τοῦ
594 4365 835 4428 πλείονος
861 4365 1042 4434 χρῷτο
1078 4366 1261 4437 διαίτῃ
1308 4367 1404 4418 καὶ
1434 4367 1749 4435 ἀπᾴδουσαν
1777 4365 1855 4436 τῷ

278 4462 473 4529 γαστρί
518 4458 818 4528 συμφοροίη
867 4459 1091 4527 τροφὴν,
1122 4457 1337 4524 ἀνάγκη
1387 4460 1566 4509 νοσεῖν
1602 4459 1693 4509 καὶ
1735 4458 1853 4510 δια-

1949 3809 2171 3864 ostendi
2258 3808 2512 3862 homines
2578 3805 2746 3860 sortis
2805 3821 2918 3861 sum
2982 3821 3106 3861 esse
3173 3818 3428 3860 auctores
3492 3816 3549 3859 et

1948 3914 2055 3953 non
2094 3901 2264 3953 Deum
2297 3912 2478 3966 neque
2506 3896 2627 3965 ejus
2668 3895 3072 3965 providentiam
3101 3910 3201 3949 nec
3239 3898 3545 3950 necessita-

1948 3998 2056 4043 tem
2083 3987 2376 4058 quamdam
2409 3987 2464 4039 itt
2496 3986 2607 4039 vita
2644 3984 2940 4049 dominari,
2984 3984 3082 4039 sed
3114 3984 3354 4038 liberum
3396 3986 3546 4039 arbi-

1952 4081 2119 4136 trium
2147 4080 2324 4134 malos
2347 4077 2403 4132 in
2440 4077 2581 4130 mala
2632 4076 2936 4146 projicere,
2990 4075 3059 4130 ad
3100 4091 3164 4131 ea
3213 4092 3339 4146 quae
3396 4076 3543 4132 dicta

1955 4181 2086 4227 sunt
2116 4181 2357 4226 mentem
2413 4168 2701 4224 attendere
2745 4177 2984 4237 oportet.
3060 4167 3538 4234 Quemadmodum

1953 4267 2102 4321 enim
2138 4264 2183 4318 si
2209 4264 2337 4333 quis
2367 4262 2512 4316 malo
2546 4263 2698 4316 victu
2725 4270 2909 4315 utatur
2944 4261 3272 4331 plerumque
3323 4271 3379 4315 et
3412 4276 3543 4314 veu~

1955 4368 2040 4413 tre
2090 4365 2454 4428 repugnante,
2483 4361 2749 4425 aegrotare
2797 4369 2924 4409 eum
2982 4361 3041 4408 et
3096 4354 3300 4408 multos
3329 4353 3548 4407 dolores

1957 4449 2069 4519 pati
2095 4464 2322 4503 necesse
2342 4457 2469 4514 est;
2496 4460 2721 4501 causam
2742 4460 2875 4501 vero
2904 4445 3071 4515 hujus
3096 4444 3199 4508 rei,
3226 4445 3331 4498 nisl
3360 4447 3548 4515 aegroti

280 4552 479 4620 φόρους
529 4552 622 4604 καὶ
667 4551 831 4613 ἄλλας
889 4531 1189 4610 ἐπ’ἀλλαις
1234 4549 1541 4619 ἀλγηδόνας
1594 4540 1855 4617 διηνεκῶς

1962 4545 2231 4599 sentiendi
2269 4542 2600 4609 vivendique
2621 4539 2840 4605 rationi,
2864 4553 2967 4593 nec
2990 4537 3160 4591 victui
3198 4537 3319 4607 jure
3344 4538 3553 4591 tribue-

281 4644 599 4711 ὑπομένειν,
650 4643 743 4695 καὶ
790 4644 850 4695 τὸ
896 4642 1068 4695 αἴτιον
1100 4641 1240 4709 πλὴν
1283 4640 1383 4709 τῆς
1422 4640 1514 4692 τοῦ
1552 4640 1856 4710 πάσχοντος

278 4734 507 4803 γνώμης
556 4734 647 4785 καὶ
692 4732 1064 4802 προαιρέσεως
1114 4729 1239 4783 οὔτε
1278 4731 1346 4800 τῇ
1386 4732 1561 4801 τροφῇ
1594 4733 1855 4800 προστρί-

276 4826 433 4893 ψειεν
496 4824 559 4878 ἄν
627 4841 709 4887 τις
758 4824 979 4887 δικαίως
1025 4821 1138 4875 οὔτ’
1194 4821 1504 4893 ἀνθρώπων
1550 4823 1748 4887 οὐδενὶ,
1793 4822 1855 4873 ού

281 4919 434 4987 μέντ’
475 4917 542 4970 ἂν
586 4917 705 4969 οὐδὲ
762 4918 882 4979 ταῖς
928 4918 1039 4970 τῶν
1087 4915 1336 4985 δρώντων
1378 4914 1717 4986 προρρήσεσι
1761 4913 1858 4967 καὶ

279 5008 673 5079 προγνώσεσιν,
708 5008 763 5062 εί
812 5025 957 5070 τινες
1015 5005 1127 5061 εἷεν
1186 5009 1360 5078 ἰατροὶ
1408 5007 1590 5069 καλῶς
1636 5009 1702 5060 ἐκ
1756 5007 1857 5074 τῆς

276 5102 515 5171 ἀκαίρου
548 5102 748 5170 τροφῆς
801 5101 1013 5169 ἐκείνης
1061 5101 1451 5171 στοχαζόμενοι
1489 5101 1585 5152 καὶ⁷
1618 5114 1859 5168 προανα-

278 5193 587 5261 φιονοῦντες
628 5194 707 5263 τῷ
756 5192 854 5264 μὲν
894 5193 993 5264 τὴν
1036 5193 1331 5247 ἀκόλουθον
1370 5193 1546 5257 νόσον,
1573 5191 1653 5261 τῷ
1680 5191 1735 5243 δὲ
1765 5190 1858 5243 τὸν

276 5288 548 5356 ἑπόμενον
571 5288 817 5353 θάνατον,
851 5286 943 5340 καὶ
973 5286 1223 5355 ἀνάγκην
1252 5286 1511 5353 οὐδεμίαν
1539 5286 1849 5356 ἐπήνεγκεν

277 5374 408 5428 οὕτε
437 5377 547 5436 τοῖς
580 5376 878 5445 νοσήμασιν
907 5374 1141 5436 ἐκείνοις
1162 5373 1286 5427 οὔτε
1324 5374 1405 5444 τῷ
1436 5374 1654 5445 Θανάτῳ
1682 5374 1856 5442 πρόρ-

280 5472 443 5538 ρησις
474 5466 568 5520 καὶ
604 5468 909 5534 πρόγνωσις
959 5465 1055 5520 τοῦ
1085 5466 1324 5529 συνετῶς
1367 5465 1606 5535 ὁρῶντος
1639 5464 1852 5536 ἰατροῦ,

277 5558 456 5619 οὕτως
485 5557 595 5610 οὐδ’
639 5560 673 5629 ή
707 5557 802 5611 τοῦ
838 5558 975 5611 Θεοῦ
1028 5559 1337 5629 πρόγνωσις
1368 5558 1586 5630 ἀνάγκῃ
1627 5558 1860 5612 συ·.ωοεἰ

275 5654 406 5714 τοὺς
447 5654 855 5722 ἁμαρτάνοντας
895 5653 974 5713 είς
1023 5652 1084 5705 τὸ
1137 5651 1496 5721 ἁμαρτάνειν,
1537 5652 1643 5704 οὐδ’
1676 5653 1873 5721 ἀμαρ·“

276 5744 540 5806 τάνοντας
568 5743 635 5797 αὖ
670 5745 939 5805 παντοίοις
972 5746 1035 5796 ἐκ
1064 5745 1330 5797 παντοίων
1371 5745 1463 5795 καὶ
1504 5744 1768 5806 ποικίλοις
1794 5746 1859 5796 ὲκ

283 5838 550 5893 ποικίλων
606 5837 797 5902 δεινοῖς
844 5838 1191 5909 περιπίπτειν
1246 5836 1546 5909 ἀμοιϐαδὸν
1596 5838 1689 5892 καὶ
1746 5832 1858 5891 οἷον

1961 4638 2033 4692 rit
2083 4633 2371 4707 quisquam
2402 4633 2568 4703 215
2608 4647 2709 4686 nec
2748 4631 2845 4685 ulli
2877 4629 3109 4684 homini.
3150 4627 3340 4697 Neque
3376 4629 3547 4682 etiam

1959 4728 2435 4801 pmsagitionibus
2464 4738 2521 4780 et
2555 4722 3086 4794 praecognitionibus
3118 4721 3166 4776 si
3202 4720 3400 4775 medici
3451 4721 3550 4773 ad-

1958 4832 2088 4879 sunt
2132 4819 2228 4890 qui
2280 4834 2347 4873 ex
2412 4818 2561 4872 victu
2614 4817 2711 4870 illo
2763 4814 3070 4884 conjiciunt
3121 4813 3251 4867 huic
3295 4813 3550 4867 morbum

1958 4913 2283 4972 affuturum,
2310 4908 2389 4964 illi
2420 4923 2552 4963 vero
2571 4916 2828 4971 mortem,
2859 4904 3067 4958 nullam
3099 4912 3281 4957 tamen
3308 4903 3551 4957 necessi-

1960 5014 2127 5060 tatem
2174 5002 2335 5057 aﬂert
2378 5016 2482 5055 nec
2525 4998 2724 5053 morbo
2758 5012 2860 5052 nec
2896 4996 3063 5050 morti
3127 4993 3548 5064 prudentissimi

1959 5095 2159 5150 medici
2186 5090 2503 5164 praesagitio
2557 5097 2611 5143 et
2663 5086 3043 5157 praecognitio.
3097 5082 3175 5139 lta
3222 5099 3403 5153 neque
3452 5083 3548 5136 Dei

1960 5184 2314 5257 praecognitio
2340 5180 2670 5235 necessitate
2703 5177 2874 5232 trahit
2900 5186 3193 5246 peccantes
3226 5175 3291 5228 ad
3315 5190 3551 5242 peccan-
3586 5192 3596 5200 ~

1959 5278 2090 5332 dum
2116 5290 2217 5331 nec
2253 5281 2541 5343 peccantes
2573 5286 2640 5326 ex
2665 5268 2906 5325 miseriis
2938 5270 2990 5321 in
3024 5266 3276 5321 miseriis
3302 5266 3543 5334 projicit,

1962 5383 2024 5428 ut
2055 5387 2152 5441 per
2183 5368 2471 5423 dilﬁcilem
2520 5364 2901 5435 labyrinthum
2950 5368 3324 5431 pervagentur
3377 5368 3434 5411 et
3478 5359 3549 5411 ob

1961 5480 2155 5537 pcnnas
2186 5478 2324 5534 quas
2356 5476 2383 5515 s
2411 5460 2461 5515 bi
2486 5459 2685 5513 ibidem
2729 5466 2926 5527 parant
2975 5451 3449 5510 sollicitudinibus
3492 5452 3549 5504 in

1962 5568 2298 5629 perpetuum
2351 5554 2696 5609 irretiantur.
2754 5548 3059 5603 Providere
3095 5547 3266 5599 Deum
3313 5560 3374 5598 ea
3426 5559 3550 5611 qua:

1961 5650 2144 5705 futura
2164 5657 2294 5705 sunt
2324 5656 2511 5717 utpote
2534 5645 2628 5715 qui
2664 5644 2921 5697 universa
2953 5650 3211 5706 tanquam
3246 5637 3550 5705 praesentia

1967 5751 2161 5798 cernat
2188 5756 2413 5795 necesse
2439 5747 2548 5794 est.
2582 5740 2817 5792 Causam
2840 5748 2973 5787 vero
2995 5730 3264 5783 malorum
3288 5727 3548 5783 inducere

1963 5837 2082 5908 ejus
2104 5832 2510 5906 providentiam
2530 5843 2752 5884 necesse
2778 5841 2891 5881 non
2918 5834 3021 5882 est.
3062 5822 3129 5877 Et
3150 5822 3337 5892 siquid
3358 5837 3424 5877 ex
3452 5821 3550 5877 bc-

2853 5908 2867 5929 \
