4034 6468
321 376 423 432 189

1323 384 1502 444 BYZA
1515 385 1763 448 NTlN/E
1796 391 1843 449 Η
1857 391 2176 451 leORI/E
2205 393 2349 455 LIB.
2376 396 2652 458 XXVIII.

3467 402 3571 464 190

317 489 407 541 ἐπὶ
439 488 612 560 βραχῦ
648 491 738 544 τὸν
793 495 919 547 νοῦν
971 497 1183 554 ἐκεῖθεν
1232 498 1582 570 βεϐούλησθε,
1613 505 1725 558 οὐδ’
1758 507 1881 558 ὲπιν

2006 518 2041 561 ιι
2069 508 2290 563 tandem
2319 511 2386 565 ad
2409 527 2503 566 vos
2537 512 2684 580 ipsos
2701 514 3063 569 convertere?
3094 515 3369 569 Enumera
3393 517 3566 580 enim,

318 585 574 651 στρέφειν
605 583 698 651 res
749 589 843 650 καὶ
877 589 1012 666 πρὸς
1054 591 1325 658 έαυτούς;
1377 594 1627 664 Ἀρίθμει
1670 596 1802 665 γὰρ,
1838 598 1887 650 εί

319 673 520 743 βούλει,
558 679 755 753 μικρὸν
794 682 901 734 τῶν
941 683 1042 753 τῆς
1080 685 1313 754 οἰήσεως
1354 687 1604 751 ὑπανιεὶς
1642 691 1884 760 ὀφρύων,

319 766 383 838 [1⁵.
418 767 518 846 illi
553 771 630 837 v.1
663 771 730 824 τὰ
769 773 864 826 νέα
893 779 1056 830 ταυτὶ
1081 778 1175 830 καὶ
1213 778 1476 850 ὑμέτερα,
1513 784 1609 836 καὶ
1657 785 1890 852 παρατί-

319 861 406 920 θει
461 865 575 925 τοῖς
623 863 734 938 τῶν
780 868 1064 936 προγόνων
1103 872 1491 943 παλαιοτέροις
1539 874 1746 928 ἆπασιο
1793 880 1889 930 καὶ

318 953 440 1024 ὄψει
479 955 700 1031 τοσοῦτο
743 958 1023 1032 βαρύτερα
1065 965 1162 1016 καὶ
1217 967 1635 1040 πολυειδέστερα
1661 972 1726 1025 τὰ
1757 971 1892 1039 ὑμέ-

319 1061 454 1114 τερα
502 1048 628 1099 ὅσον
681 1050 712 1118 ή
754 1052 940 1121 στείρα
985 1055 1080 1107 καὶ
1125 1056 1391 1127 παράλιος
1434 1059 1663 1131 ψάμμος
1701 1062 1888 1115 ἅπασα

322 1137 455 1205 πρὸς
486 1137 544 1203 ἐν
576 1139 925 1210 ἀθροισθεῖσα
973 1145 1139 1218 βάρος
1191 1149 1391 1218 μικροῦ
1436 1169 1580 1214 τινος
1631 1153 1889 1224 ὑπερέχει

317 1228 522 1296 δίσκου,
547 1231 753 1303 ὁποίοις
785 1235 950 1291 πάλαι
980 1239 1074 1312 καὶ
1119 1240 1168 1300 oi
1202 1242 1262 1295 έν
1302 1241 1620 1311 Ὀλυμπίοις
1649 1246 1891 1315 ἐχρῶντο

318 1320 654 1388 δισκεύοντές
692 1343 750 1378 τε
779 1328 874 1381 καὶ
906 1329 964 1381 τὸ
989 1333 1330 1402 παγκράτιον
1361 1333 1775 1406 ὲξασκούμενοι.

393 1409 514 1506 ΛΒ¹ἶ
563 1414 719 1506 Εί.δ’
784 1419 1009 1489 αἰσχρὸν
1041 1423 1117 1475 οτὸ
1165 1424 1231 1476 τὰ
1285 1427 1489 1496 αἰσχρὰ
1537 1426 1888 1492 διανοεῖσθαι,

325 1502 676 1574 αἰσχρότερον
727 1507 943 1573 πάντως
992 1511 1164 1582 δήπου
1219 1517 1402 1586 πολλῷ
1433 1518 1495 1571 τὸ
1534 1518 1602 1572 τὰ
1637 1519 1892 1588 αἴσχιστα

323 1592 417 1644 καὶ
472 1593 728 1650 δύνασθαι
788 1600 881 1652 καὶ
933 1601 1063 1674 δρᾷν
1109 1606 1206 1658 καὶ
1250 1606 1368 1674 ἅμα
1413 1607 1554 1679 πρὸς
1598 1608 1891 1678 δημοσίους

325 1683 564 1739 ἐκλαλεῖν
595 1689 778 1760 ἀκοάς.
819 1693 877 1746 El
910 1694 967 1748 δὲ
1015 1696 1164 1748 τοῦθ’
1207 1695 1403 1762 οὕτως,
1432 1699 1534 1754 ποῦ
1575 1701 1762 1756 λοιπὸν
1793 1702 1892 1757 οὐκ

324 1777 391 1830 ἂν
450 1781 736 1845 ἀναιδείας
786 1786 1018 1849 ἐλαύνοι,
1049 1789 1136 1857 ἐφ’
1181 1787 1262 1854 οἷς
1320 1791 1755 1859 ἐγκαλύπτονται
1797 1793 1892 1848 καὶ

324 1870 433 1922 τῶν
476 1870 760 1948 βαναύσων
813 1879 862 1930 οἱ
916 1879 1360 1952 δυστυχέστεροι,
1398 1883 1615 1948 τούτοις
1664 1885 1757 1938 τὸν
1802 1886 1894 1939 σὸν
1927 1862 1967 1916 Β

325 1965 822 2033 ἐγκαλλωπίζεσθαι
869 1973 1100 2044 πατέρα,
1139 1976 1234 2028 καὶ
1279 1980 1490 2054 γυμνῇῖ
1515 1979 1644 2048 βοᾷν
1677 1979 1743 2049 τῇ
1799 1996 1892 2036 κε-

325 2061 470 2152 φαλῇ
498 2061 805 2145 Βυζαντίοις
862 2065 936 2129 ὡς
969 2066 1057 2120 διὰ
1111 2067 1208 2138 τὴν
1245 2069 1411 2139 ἡμῶν
1469 2071 1786 2148 ἀπέχθειαν,
1817 2070 1893 2141 τῷ

328 2151 556 2222 γαμϐρῷ
608 2155 1055 2229 προστιθεμένων
1110 2159 1461 2232 Παλαιολὸγῳ
1508 2163 1630 2221 καθ’
1676 2161 1894 2236 ἅπασαν

213 2285 224 2289 -
325 2242 569 2311 γνώμην,
633 2245 812 2315 πᾶισης
862 2248 962 2318 μὲν
1020 2252 1414 2329 ἀποκέκλεισθε
1465 2253 1561 2312 νῦν
1610 2253 1684 2324 μὴ
1733 2254 1895 2322 μόνον

324 2336 552 2402 προόδου,
589 2339 683 2418 καὶ
720 2341 816 2409 τῆς
843 2341 952 2400 τῶν
988 2343 1268 2414 ὑμετέρων
1300 2345 1535 2414 κομιδῆς
1581 2345 1894 2414 ἀσταχύων,

324 2427 459 2481 ἀλλὰ
493 2430 585 2483 καὶ
637 2432 820 2500 πᾰισης
870 2436 1115 2504 χρηστῆς
1146 2437 1476 2505 προσδοκίας
1513 2437 1665 2507 ἂξῆς,
1697 2436 1896 2506 ὄψεσθε

323 2521 374 2574 δ’·
396 2518 489 2576 οὖν
527 2525 584 2576 ἐν
611 2524 801 2595 βραχεῖ
829 2527 920 2582 καὶ
967 2527 1030 2594 τὸ
1065 2530 1210 2598 μέγα
1256 2530 1350 2584 καὶ
1399 2531 1728 2601 περιϐόητον
1756 2530 1894 2584 ἄστυ

326 2613 620 2678 Βυζάντιον¹
640 2617 821 2696 τουτοῒ
866 2613 1257 2690 προδεδομένον
1297 2624 1498 2692 ὁμοίως
1532 2622 1622 2676 ὑπ’
1649 2621 1786 2692 ἐμοῦ
1819 2621 1897 2696 τῷ

322 2707 432 2760 τῶν
475 2707 765 2781 βαρῦάρων
821 2713 1053 2784 ἀρχηγῷ
1108 2716 1246 2785 πρὸς
1303 2716 1579 2785 βασίλειον
1639 2717 1895 2787 οἴκησιν,

335 2798 583 2871 Ὑρκανῷ
632 2803 707 2873 τῷ
756 2806 991 2877 γαμϐρῷ
1048 2809 1145 2864 σὺν
1201 2809 1376 2866 ἅπασι
1431 2812 1542 2873 τοῖς
1606 2810 1698 2864 ὑπ’
1750 2807 1899 2878 αὐτῷ

327 2890 662 2962 βαρϐάροις;
697 2895 859 2949 Ὅθεν
889 2900 1162 2964 γυναικῶν
1205 2884 1304 2970 μὲν
1337 2900 1432 2958 καὶ
1480 2902 1689 2956 παίδων
1738 2900 1899 2956 ἀλλο-

321 2985 620 3052 τριώσεσθε
667 2993 766 3060 τὴν
815 2992 1098 3062 ταχίστην,
1130 2993 1226 3047 καὶ
1278 2993 1398 3064 ἅμα
1451 2994 1755 3064 χρημάτων
1805 2993 1900 3048 καὶ

323 3077 532 3141 οἰκιῶν,
566 3079 720 3147 ὑμεῖς
746 3081 802 3134 δὲ
826 3086 1118 3152 μαστιγίαι
1147 3085 1244 3138 καὶ
1274 3087 1331 3138 ὲν
1357 3086 1543 3155 Καρὸς
1573 3086 1899 3140 δουλεύσετε

1991 603 2034 658 si
2080 601 2259 668 voles,
2289 602 2579 659 deminuta
2603 606 3008 680 aliquantulum
3045 607 3214 680 animi
3276 608 3567 664 insolentia

1991 713 2130 751 nova
2166 697 2283 750 haec
2305 705 2484 752 vestra
2517 714 2642 753 cum
2695 700 2939 767 peccatis
2972 678 3250 754 veteribus
3299 701 3411 755 illis
3449 716 3570 756 om-

1992 789 2156 843 nibus
2184 799 2520 858 comparata,
2548 801 2604 846 et
2639 791 2852 847 videbis
2888 802 3036 847 tanto
3061 792 3314 862 graviora
3345 803 3400 848 et
3444 810 3564 862 cre-

1993 878 2178 949 briora
2205 890 2412 944 vestra,
2455 892 2664 951 quanto
2688 883 2877 938 carina
2938 892 2994 939 et
3039 899 3205 956 arena
3264 886 3474 940 marina
3512 887 3568 942 in

1992 989 2159 1027 unum
2190 986 2518 1045 congregata
2541 988 2832 1045 exsuperat
2861 977 3121 1052 exiguum
3180 979 3422 1045 discum,
3459 997 3568 1049 quo

1991 1064 2122 1118 olim
2179 1066 2263 1120 usi
2319 1077 2449 1122 sunt
2519 1069 2614 1138 qui
2671 1067 3275 1148 Olympia‘ccrtamina
3335 1087 3568 1126 exerce-

1991 1153 2142 1209 bant.
2857 1177 2862 1182 ·
3247 1161 3256 1169 '

2064 1428 2229 1500 218
2245 1425 2545 1481 ΧΧΧ11.Α(>
2566 1427 2611 1482 si
2632 1435 2789 1496 turpe
2807 1437 2888 1482 est
2911 1427 3090 1496 turpia
3111 1427 3374 1494 cogitare,
3397 1427 3568 1481 multo
3646 1450 3647 1453 η

1997 1537 2130 1576 Sane
2166 1526 2385 1591 turpius
2420 1532 2502 1574 est
2539 1521 2856 1588 turpissima
2885 1530 2942 1574 et
2983 1537 3164 1590 posse,
3192 1530 3246 1574 et
3283 1521 3483 1583 facere,
3515 1530 3571 1574 et

1995 1615 2158 1670 simul
2192 1624 2317 1667 ante
2341 1613 2584 1666 omnium
2615 1613 2806 1666 oculos
2837 1613 3108 1681 proferre.
3173 1612 3305 1678 Qum
3339 1627 3463 1665 cum
3494 1613 3567 1666 ita

1996 1705 2124 1769 sint,
2161 1707 2345 1759 nenne
2377 1705 2668 1758 insolentia
2699 1704 2902 1758 ductus
2925 1715 3082 1773 pater
3114 1712 3262 1765 tuus,
3295 1703 3567 1772 inquibus

1995 1799 2313 1854 infimorum
2374 1797 2662 1850 hominum
2715 1796 3074 1866 abjectissimi
3109 1796 3461 1858 erubescant,
3498 1797 3566 1850 iis

1997 1893 2131 1961 ipsis
2170 1888 2529 1962 gloriabitur?
2577 1887 2660 1944 Ob
2703 1889 2895 1942 odium
2950 1900 3202 1940 nostrum
3260 1888 3354 1956 qui
3398 1889 3573 1942 simus

1997 1985 2300 2054 Palatologo
2336 1996 2540 2053 genere
2574 1989 2689 2035 toto
2723 1981 2908 2034 animo
2952 1979 3124 2033 dediti
3172 1980 3425 2033 exclusos
3474 1994 3571 2032 vos

1997 2091 2118 2132 esse
2149 2075 2300 2130 omni
2331 2075 2515 2129 fructu
2542 2081 2597 2132 et
2627 2080 2937 2146 vestrorum
2975 2086 3231 2142 agrorum
3273 2070 3448 2135 cultu,
3475 2070 3569 2124 sed

1996 2169 2163 2224 etiam
2192 2168 2340 2221 omni
2373 2183 2468 2236 spe
2506 2166 2667 2220 bona.
2721 2165 2990 2219 Videbitis
3030 2164 3197 2234 igitur
3245 2164 3394 2218 brevi
3454 2179 3571 2216 ma-

1998 2278 2162 2334 gnam
2218 2262 2544 2328 handalqne
2577 2259 2846 2313 illustrem
2881 2256 3076 2311 urbem
3103 2257 3422 2326 Byzantium
3465 2267 3573 2308 tra-

1998 2355 2167 2409 ditam
2225 2368 2252 2405 a
2285 2368 2368 2406 me
2399 2350 2649 2422 Hyrcano
2678 2363 2880 2419 genero
2910 2363 2974 2402 ac
3023 2347 3301 2410 Barbaris,
3341 2347 3433 2415 qui
3469 2345 3573 2399 sub

1999 2448 2120 2517 ejus
2139 2505 2142 2508 ,
2161 2453 2433 2514 potestate
2457 2443 2681 2512 degunt.
2718 2442 2928 2500 Deinde
2949 2457 2977 2494 a
3001 2440 3328 2494 mulieribus
3355 2454 3419 2494 ac
3441 2438 3576 2491 libe-

2001 2539 2078 2593 ris
2101 2537 2393 2592 celerrime
2427 2533 2804 2603 relegabimini
2832 2543 2998 2602 atque
3030 2532 3099 2586 ab
3128 2531 3327 2599 Opibus
3351 2537 3402 2583 et
3444 2527 3578 2583 ardi-

2001 2630 2160 2693 ficiis,
2193 2643 2292 2683 vos
2319 2637 2502 2694 autem
2550 2627 2606 2682 iu
2643 2625 3022 2695 abjectissima
3083 2622 3428 2678 servitudine
3455 2638 3575 2677 scr-

1999 2721 2185 2777 vietis.
2220 2720 2334 2773 Hoc
2366 2718 2499 2772 illud
2557 2727 2640 2772 est
2677 2717 2822 2782 quod
2857 2715 3162 2779 Laertiada:
3217 2714 3348 2769 olim
3397 2713 3575 2785 Ulyssi

2001 2812 2237 2867 navibus
2269 2810 2501 2880 advecto
2533 2808 2803 2864 accedens
2833 2807 2974 2861 dixit
3003 2805 3239 2875 Cyclops
3267 2805 3355 2859 ille
3380 2798 3580 2859 Home-

2004 2902 2153 2956 ricus
2197 2908 2372 2956 semet
2431 2914 2558 2953 eum
2642 2899 2710 2952 ad
2765 2897 2988 2951 ultimas
3041 2905 3261 2950 mensas
3325 2905 3580 2949 servatu-
3629 2958 3652 2970 _

2004 3009 2154 3058 rum,
2181 2993 2361 3048 donec
2398 2992 2550 3046 viros
2601 2990 2724 3045 illos
2780 2989 3011 3053 edisset,
3038 2988 3242 3056 quibus
3273 2988 3576 3042 bestiarum

2007 3100 2159 3140 more
2199 3096 2326 3140 ante
2350 3084 2500 3162 illius
2526 3083 2677 3152 ipsos
2704 3081 2894 3136 oculos
2920 3096 3166 3134 mensam
3205 3079 3308 3135 sibi
3363 3090 3582 3132 exstru-

326 3169 511 3240 μοίρᾳ.
543 3170 699 3225 Τοῦτ’
721 3174 896 3228 έκεῖνο
920 3176 947 3228 ὅ
980 3178 1074 3233 καὶ
1103 3177 1182 3247 τῷ
1219 3179 1461 3248 Λαέρτου
1493 3178 1666 3234 πάλαι
1708 3179 1898 3232 Ὀδυσ-

2007 3182 2110 3235 xit.
2134 3179 2276 3246 Quid
2315 3179 2417 3232 hac
2464 3177 2783 3230 narratione
2837 3173 3095 3228 miserius
3142 3181 3202 3227 et
3248 3171 3581 3225 immanius?

327 3264 411 3314 σεῖ
431 3265 803 3334 ναυαγήσαντι
836 3268 1234 3340 ὲκπεπηδηκὼς
1257 3271 1630 3343 ἐπηγγέλλετο
1659 3271 1900 3348 Κύκλωψ

326 3353 537 3428 ἐκεῖνος
575 3356 603 3408 ὁ
655 3354 749 3408 τοῦ
807 3355 1072 3428 Ὀμήρου,
1108 3359 1364 3427 πύματον
1410 3359 1613 3429 δηλαδὴ
1641 3360 1902 3428 φυλάξειν

325 3449 507 3518 ἑαυτῷ
532 3450 812 3520 τράπεζαν
841 3451 1003 3506 αὑτὸν
1056 3453 1210 3528 μετα,
1229 3469 1292 3521 γε
1329 3452 1394 3523 δὴ
1423 3454 1523 3524 τὴν
1553 3453 1660 3506 τῶν
1688 3453 1902 3520 ἀνδρῶν

325 3542 551 3596 ἐκείνων
581 3543 802 3614 ἐδωδὴν,
831 3542 923 3608 οὒς
953 3545 1222 3616 θηριῶδες
1273 3547 1363 3599 καὶ
1406 3546 1695 3622 ὡμοϐὀρον
1747 3562 1903 3614 τηνι-

325 3638 507 3691 καῦτα
555 3635 790 3707 ὁρῶντος
843 3640 1012 3693 αὑτοῦ
1068 3641 1364 3709 πεποίηται
1415 3635 1653 3698 δεῖπνον.
1686 3639 1752 3691 Τί
1805 3638 1905 3707 τῆς

328 3729 661 3797 ἐπαγγελίας
711 3731 917 3801 ταύτης
972 3730 1303 3802 ἀθλιώτερον
1339 3732 1398 3799 ἦ,
1429 3728 1902 3799 θηριωδέστε,ρον;

331 3824 393 3876 El
427 3821 518 3875 οὖν
553 3824 831 3893 αἶσχιστον
863 3824 953 3876 τὸν
1002 3825 1062 3876 ὲν
1104 3823 1323 3890 ἐξουσία
1352 3821 1420 3875 τὰ
1455 3821 1902 3890 αἴσχισταεδρᾷν,

315 3912 474 4001 ³ἦπου
534 3915 845 3984 μανίας-οὐ
902 3913 1047 3983 μάλα
1077 3914 1364 3983 ἐλεύθερον
1409 3912 1593 3974 λύκοις
1630 3914 1690 3966 τὸ
1734 3913 1904 3980 εμπι-

333 4008 558 4062 στευθὲν
592 4008 910 4079 προτιθέναι
963 4008 1217 4077 ποίμνιον
1256 4009 1348 4068 είς·
1390 4005 1559 4076 βορὰν
1595 4005 1780 4058 ἑκοντὶ
1813 4004 1906 4074 τὸν

333 4097 588 4166 ποιμένα.
625 4098 754 4150 Δέον
789 4098 900 4168 γὰρ
949 4098 1295 4166 ὑπερμαχεῖν
1349 4096 1444 4155 καὶ
1493 4095 1633 4150 πᾶσι
1685 4094 1908 4166 τρόποις

331 4194 430 4263 τὴν
461 4191 557 4246 τοῦ
617 4193 868 4261 ποιμνίου
921 4190 1108 4262 ζητεῖν
1157 4190 1415 4256 εὐζωῖαν,
1449 4190 1477 4242 ὀ
1529 4188 1576 4242 δ’
1608 4189 1690 4250 είς
1743 4203 1910 4247 κακο-

331 4283 613 4352 δαιμονίας
648 4281 1057 4351 ἀνυπερόλήτου
1091 4279 1465 4350 μετεσκεύασε
1499 4279 1776 4347 πρόφασιν
1808 4277 1909 4346 τὴν

336 4372 700 4442 ποιμαντικὴν
727 4371 1065 4436 δεσποτείαν,
1106 4370 1202 4422 καὶ
1239 4369 1350 4423 οὐδ’
1404 4369 1639 4422 αἰδεῖται
1685 4369 1785 4429 τὰς
1808 4370 1909 4436 τῆς

334 4465 519 4518 ἀδίκου
545 4463 722 4536 ψυχῆς
749 4463 991 4530 ικλαλῶην
1021 4464 1370 4534 ἀπορρήτους
1408 4461 1626 4525 ὠδῖνας,
1652 4459 1790 4514 ἀλλὰ
1812 4460 1906 4511 καὶ

2005 3273 2161 3340 Quod
2193 3288 2318 3326 cum
2346 3269 2726 3332 turpissimum
2753 3267 2827 3321 sit
2856 3265 3350 3336 posseturpissima
3375 3265 3578 3328 facere,

2005 3367 2075 3420 ab
2108 3363 2320 3419 insania
2351 3377 2484 3415 sane
2515 3376 2625 3414 non
2656 3361 2902 3414 alienum
2930 3366 3042 3420 est;
3066 3357 3109 3410 si
3145 3367 3336 3425 pastor
3362 3371 3581 3424 gregem

2004 3456 2108 3513 sibi
2165 3456 2529 3511 commissum
2557 3452 2702 3522 lupis
2744 3450 3124 3506 devorandum
3182 3447 3380 3503 tradat.
3417 3446 3586 3516 Opor-

2008 3561 2087 3606 tet
2124 3549 2396 3610 dimicare
2429 3557 2481 3602 et
2523 3548 2783 3600 omnibus
2805 3544 2910 3598 viis
2941 3543 3105 3612 219
3136 3543 3364 3596 salutem
3406 3541 3586 3610 gregis

2005 3657 2276 3713 quaerere.
2309 3641 2404 3694 Ille
2438 3653 2570 3693 vero
2626 3636 2905 3707 pastorale
2941 3628 3237 3704 imperium
3275 3633 3340 3686 ad
3400 3632 3586 3700 perni-

2005 3737 2147 3790 ciem
2197 3731 2532 3790 immensam
2578 3731 2810 3786 adhibet
2865 3743 2965 3782 nec
3030 3737 3253 3781 veretur
3283 3740 3350 3778 ne
3406 3723 3589 3792 impiae

2007 3828 2206 3881 anima:
2229 3826 2500 3881 nefandos
2530 3827 2702 3880 fmtus
2742 3823 2891 3876 edat.
2923 3820 3030 3876 Sed
3073 3821 3447 3894 Romanorum
3480 3815 3590 3869 for-

2007 3921 2158 3975 tunis
2190 3919 2425 3973 inﬁnita;
2465 3917 2719 3972 felicitati
2756 3931 2872 3970 suae
2909 3911 3264 3967 vindicandis
3312 3909 3587 3979 gloriatur

2006 4024 2172 4082 atque
2202 4010 2462 4064 exsultat.
2481 4007 2819 4076 ‘Quanqnam
2879 4013 2940 4058 ut
2986 3988 3124 4058 nihil
3173 4015 3378 4055 novum
3419 4009 3586 4068 atque

2008 4103 2317 4158 inauditum
2371 4102 2420 4154 ei
2465 4095 2575 4167 'qui
2630 4099 2800 4152 millia
2855 4097 3141 4151 hominum
3197 4095 3400 4166 iniusta
3440 4094 3588 4148 cmde

2007 4194 2226 4257 stravit,
2253 4192 2420 4248 etiam
2453 4185 2688 4244 libidine
2726 4190 2926 4256 teneri,
2955 4188 3027 4242 ita
3059 4203 3238 4256 neque
3264 4187 3393 4240 huic
3420 4186 3587 4254 quiil-

2011 4301 2174 4356 quam
2208 4299 2412 4338 novum
2447 4291 2533 4338 est
2561 4291 2619 4334 ut
2643 4280 2736 4350 qui
2779 4281 2949 4335 semel
2982 4296 3012 4333 a
3046 4279 3157 4334 Deo
3189 4288 3440 4333 creatore
3496 4293 3589 4332 se-

2008 4379 2233 4450 iunctus
2261 4377 2466 4448 pietate
2496 4389 2556 4430 se
2588 4374 2952 4440 abdicaverit,
2984 4373 3205 4440 rejectis
3226 4371 3427 4426 divinis
3456 4372 3589 4439 legi-

2015 4472 2120 4527 bus
2142 4482 2309 4540 atqne
2338 4470 2609 4523 institutis
2633 4477 2689 4524 et
2713 4469 2974 4523 omnibus
3009 4467 3180 4522 sacris
3213 4463 3486 4536 mysteriis
3509 4465 3588 4516 in-

333 4558 488 4627 δόξης
534 4557 840 4628 ὑπερϐολὴν
881 4553 1076 4610 ἑαυτοῦ
1125 4557 1228 4619 τὰς
1277 4555 1568 4625 Ῥωμαίων,
1599 4555 1903 4622 ἡγούμενος

2012 4565 2256 4619 solenter
2289 4563 2623 4634 contemptis
2652 4571 2708 4617 et
2733 4561 2828 4630 qui
2855 4562 2908 4613 in
2929 4561 3284 4614 scelestorum
3313 4557 3588 4610 miseriam

337 4651 618 4720 συμφορὰς
669 4648 988 4720 δημοσιεύει
1037 4649 1132 4704 καὶ
1177 4649 1545 4719 ὲγκαυχᾶται.
1576 4647 1768 4715 Ὅμως
1810 4662 1914 4697 κα-

337 4747 512 4814 θάπερ
540 4744 690 4796 οὐδὲν
718 4742 904 4804 καινὸν
959 4742 1068 4804 οὐδ’
1127 4744 1400 4807 ἀνοίκειον
1449 4738 1766 4810 ἀνδροξρόνῳ
1814 4757 1916 4809 μυ-

339 4835 486 4903 ρίους
519 4834 736 4904 ἀνόμως
767 4833 1092 4904 ἀνθρώπους
1123 4818 1491 4904 πεφονευκότι
1521 4833 1616 4887 καὶ
1644 4832 1913 4903 πορνείας

337 4926 560 4990 ἁλῶναι,
598 4926 770 4992 οὕτως
815 4927 970 4980 οὐδὲν
1017 4928 1140 4981 οὐδὲ
1194 4930 1380 4999 τούτῳ
1415 4929 1624 4994 καινὸν,
1660 4925 1915 4990 καθάπαξ

335 5019 428 5072 τοῦ
463 5020 826 5102 πεποιηκύτος
857 5022 1212 5092 ἀπερρωγότι
1255 5023 1389 5101 Θεοῦ
1427 5024 1525 5077 καὶ
1551 5023 1650 5092 τὴν
1682 5022 1916 5088 ¹ιίιιίιτριον

338 5108 402 5180 [ί.
438 5111 539 5166 117
572 5111 646 5184 r.]
676 5111 1069 5182 ἐξομοσαμένῳ
1101 5111 1389 5165 εὐσέϐειαν
1445 5111 1542 5164 καὶ
1591 5112 1704 5172 τοῖς
1749 5109 1914 5170 θείοις

339 5205 833 5275 ὲμπεπαρῳνηκύτι
855 5204 1045 5259 κανόσι
1071 5205 1163 5258 καὶ
1197 5204 1382 5274 νόμοις
1413 5205 1510 5256 καὶ
1539 5204 1708 5256 πᾶσιν
1744 5202 1916 5270 ἱεροῖς

341 5297 508 5360 ἀδεῶς
569 5297 921 5368 ἐνυϐρίσαντι
977 5299 1326 5367 μυστηρίοις,
1356 5297 1450 5350 καὶ
1499 5297 1559 5347 ἐν
1614 5293 1916 5364 ἀλιτηρίων

343 5391 507 5460 μοίρᾳ
549 5389 654 5459 γῆς
686 5390 783 5445 καὶ
825 5391 1099 5459 θαλάττης
1154 5391 1449 5461 ἀπανταχῆ
1503 5389 1634 5451 τοὺς
1660 5388 1917 5456 εὐσεόείᾳ.

343 5482 852 5554 συντεθραμμένους
895 5484 1295 5554 διασπείραντι,
1333 5485 1426 5554 καὶ
1477 5484 1756 5544 παντοίοις
1791 5480 1918 5543 τοὺς

340 5577 691 5646 λειπομένους
739 5577 1142 5649 δεσμωτηρίοις
1205 5577 1596 5648 ἐμϐεϐληκότι,
1651 5579 1746 5630 καὶ
1803 5578 1918 5638 τοῖς

341 5671 599 5732 τοιούτοις
633 5671 1142 5739 ἐγκαλλωπίζεσθαι
1178 5671 1506 5738 ἀδικήμασι,
1533 5671 1690 5739 δίκην
1729 5673 1919 5736 σειρᾶς

2019 4667 2160 4712 terra
2197 4656 2445 4725 marique
2472 4670 2570 4710 eos
2601 4655 2695 4725 qui
2727 4668 2854 4710 cum
2894 4654 3100 4723 pietate
3127 4652 3484 4707 adoleve’rant
3508 4649 3591 4700 «ti-

2015 4747 2306 4819 sperserit,
2345 4757 2400 4802 et
2425 4748 2614 4802 multis
2641 4763 2737 4801 eos
2775 4751 2869 4816 qui
2928 4746 3108 4800 relicti
3166 4753 3327 4798 erant
3355 4741 3594 4795 vinculis

2016 4841 2398 4906 obstrinxerit,
2441 4842 2523 4894 vel
2558 4841 2780 4909 gloriari
2834 4838 3103 4910 ejusmodi
3139 4833 3442 4900 maleficiis,
3471 4848 3593 4902 qnze

2017 4935 2082 4988 ad
2116 4935 2291 4990 instar
2320 4933 2469 4988 funis
2500 4933 2550 4988 vi
2576 4932 2910 5002 mqualitatis
2946 4932 3014 4986 ad
3067 4930 3256 5000 primae
3304 4926 3593 4996 pravitatis

2019 5028 2224 5089 fontem
2257 5029 2538 5099 ingenium
2569 5029 2689 5098 ejus
2723 5027 3024 5081 deducunt.
3061 5023 3141 5078 Tu
3177 5038 3308 5076 vero
3339 5019 3430 5072 dic
3456 5017 3590 5070 mihi

2017 5135 2150 5173 num
2180 5121 2254 5175 sit
2291 5121 2509 5175 fortuna
2537 5121 2784 5180 etfatum
2817 5118 3136 5174 necessario
3175 5129 3336 5169 causa
3363 5127 3428 5164 ea
3471 5124 3592 5181 quae

2020 5209 2161 5265 fiunt
2195 5208 2484 5264 eiﬁciens?
2543 5208 2836 5276 Quomodo
2873 5208 3117 5269 tandem,
3156 5201 3371 5258 amice?
3412 5199 3592 5253 sin'nle
3648 5278 3654 5284 .

2018 5316 2103 5358 est
2134 5319 2198 5358 ac
2226 5304 2270 5359 si
2291 5304 2418 5372 quis
2442 5302 2622 5358 media
2669 5304 2851 5356 hieme
2877 5303 3059 5356 nudus
3091 5299 3192 5353 sub
3231 5295 3371 5350 coelo
3399 5292 3592 5346 ambu-

2020 5397 2140 5450 lans
2169 5412 2392 5452 causam
2426 5395 2652 5465 frigoris
2671 5411 2782 5450 non
2825 5411 2937 5450 suae
2969 5391 3164 5447 rationi
3200 5404 3264 5444 ac
3297 5386 3590 5448 voluntati,

2021 5491 2116 5546 Sed
2181 5491 2276 5545 fati
2323 5489 2647 5566 necessitati
2699 5488 2929 5555 tribuat.
2989 5483 3240 5542 Profecto
3284 5479 3430 5534 enim
3480 5493 3590 5529 non

2021 5584 2291 5654 cujusque
2326 5582 2507 5637 libera
2533 5584 2790 5635 voluntas
2815 5581 3014 5648 cuique
3037 5575 3230 5632 Clotbo
3264 5574 3344 5636 ﬁt,
3391 5579 3448 5625 et
3473 5586 3592 5624 sors

2019 5683 2288 5742 tanquam
2322 5689 2390 5727 ex
2425 5687 2554 5759 guno
2607 5672 2920 5740 eodemque
2947 5669 3095 5722 fonte
3134 5664 3400 5734 profecta.
3433 5663 3597 5716 Deni-

288 5840 292 5843 _
342 5762 672 5830 ἐξημμένοις
701 5765 930 5828 ἐκεῖθεν,
963 5764 1058 5818 καὶ
1088 5763 1165 5833 τῷ
1194 5767 1291 5833 τῆς
1320 5765 1640 5834 ὁμοιότητος
1671 5762 1903 5833 ῥιπίσμᾷ

2023 5781 2131 5836 que
2197 5781 2380 5843 rerum
2432 5755 2507 5818 ad
2567 5779 2634 5818 eo
2694 5760 3033 5817 discriminis
3088 5756 3250 5826 220
3301 5755 3603 5810 ductarum.

345 5857 479 5929 πρὸς
519 5857 615 5928 τὴν
646 5857 742 5928 τῆς
795 5857 1018 5930 πρώτης
1075 5859 1276 5924 κακίας
1325 5858 1484 5929 ῥίζαν
1532 5858 1898 5929 ἀναπέμπουσ

2025 5840 2378 5915 εοοὶυιιῖηιο
2430 5856 2530 5911 tibi
2590 5857 2852 5911 obvcnire
2901 5851 3076 5917 velis,
3131 5865 3255 5903 cum
3329 5849 3599 5918 majorem
