4034 6516
455 376 558 440 19'.)

446 583 649 647 itiberi,
677 581 842 651 229
873 589 932 635 ut
987 580 1163 648 major
1226 576 1491 633 evaderet.
1542 590 1704 646 paena
1748 575 2022 641 simulque

448 678 838 732 sodomitieum
870 685 927 731 et
969 673 1409 743 arrlienonianize
1448 672 1641 726 vitium
1676 681 1888 724 naturae
1936 685 2023 723 re-

450 784 719 839 pugnans.
770 769 985 828 Nescio,
1037 777 1220 821 utrum
1274 765 1380 818 tale
1441 762 1573 832 quid
1624 761 1691 816 ad
1753 760 2025 815 Christia-

450 878 549 916 nos
583 872 771 929 captos
797 859 1105 914 illudendos
1134 858 1312 911 facere
1364 855 1601 920 soleant,
1667 868 1737 907 an
1777 854 2026 907 tribuen-

448 956 575 1007 dum
608 955 681 1007 sit
734 954 935 1006 divina:
964 939 1369 1020 ‘supremzeque
1412 948 1663 1025 justitiaa,
1716 948 1809 1016 qui
1843 946 2025 999 virum

450 1046 623 1108 illum,
661 1044 1032 1112 improbitatis
1094 1040 1398 1113 grassantis
1448 1039 1604 1109 quasi
1662 1038 1857 1093 ducem
1895 1038 2027 1091 Bar—

448 1136 707 1189 barornm
735 1135 989 1188 manibus
1014 1133 1264 1195 tradidit,
1300 1147 1368 1185 ne
1402 1131 1605 1185 lateret
1649 1144 1765 1194 eos,
1818 1129 1909 1198 qui
1942 1146 2028 1183 re-

449 1240 571 1275 rnnt
609 1223 922 1277 divinarum
959 1233 1092 1277 sunt
1128 1220 1509 1290 imperitiores
1561 1220 1643 1273 vel
1700 1220 2030 1273 inruriosio-

451 1290 559 1375 res,
590 1314 1069 1381 ﬂagitiosissimum
1091 1314 1212 1382 ejus
1235 1312 1555 1365 consilium.
1586 1310 1678 1364 Sic
1709 1302 2027 1379 superbiam

448 1406 691 1471 appellat
741 1405 1023 1474 superbia,
1051 1413 1106 1458 et
1136 1403 1403 1472 ﬂagitium
1437 1402 1610 1472 ipsius
1642 1402 1914 1471 pravitate
1949 1410 2030 1456 te—

445 1506 598 1550 ctum
660 1497 1201 1565 magniﬁcentissimo
1255 1497 1422 1550 hocce
1486 1495 1647 1548 modo
1710 1494 2025 1563 apparebat.

452 1586 692 1655 Eamque
714 1587 784 1641 ob
811 1604 1027 1643 causam
1047 1598 1235 1658 gratus
1258 1596 1381 1643 erat
1411 1595 1776 1655 acceptusque
1828 1585 1897 1640 iis
1936 1586 2027 1655 qui

448 1678 695 1747 ejusdem
739 1688 901 1733 erant
947 1680 1129 1749 gentis
1154 1680 1528 1746 eamdemque
1567 1677 1823 1731 colebant
1851 1674 2026 1729 Deum

346 1762 363 1781 “
447 1783 504 1827 et
558 1774 700 1828 ultra
732 1774 1055 1843 dignitatem
1116 1782 1235 1828 erat
1264 1773 1500 1843 dignus;
1566 1772 1670 1826 hoc
1696 1769 1945 1825 externis
1972 1777 2029 1822 et

1636 369 2063 430 NICEPHORI
2104 364 2487 428 ΟΒΕῧΟΒίΕ

336 494 339 495 ⁷
447 490 849 548 committebat.
909 490 973 545 Et
1043 488 1278 561 jubebat
1331 486 1382 541 ei
1436 484 1601 540 etiam
1652 483 1866 553 ﬂagella
1929 482 2023 536 ad-

2137 484 2279 551 μετά
2331 481 2427 547 τοῦ
2471 477 2763 534 Δαυῖτικοῦ
2814 476 3090 546 ψλτῆρος
3161 472 3302 527 αἰδοῖ
3361 470 3536 542 πολλῇ
3582 474 3708 535 τούς

3600 354 3710 423 200

2130 575 2366 637 οἰκείους
2388 576 2575 644 τηρεῖν
2597 570 2921 626 ἐνετέλλετο·
2948 567 3213 622 εἰώθεσαν
3232 564 3341 633 γὰρ
3364 564 3458 617 καί
3484 563 3711 632 Ἰσμαη-

2129 668 2272 719 λῖται
2299 668 2466 737 τιμᾷν
2502 667 2789 736 προφήτας
2821 679 2880 716 τε
2903 662 3149 723 ἅπαντας
3190 660 3287 711 καὶ
3336 656 3450 724 ἅμα
3474 655 3571 707 τὸν
3608 672 3713 706 σω-

2127 759 2269 827 τῆρα
2300 758 2534 827 Χριστὸν
2564 755 2640 821 ὡς
2666 754 2765 807 ἕνα
2807 753 2916 808 τῶν
2962 750 3279 820 προφητῶν.
3320 747 3488 810 Τέλος
3534 744 3582 799 δ’
3613 746 3709 798 αὐ-

2126 849 2218 901 τὸν
2244 847 2596 918 γυμνωθῆναι
2645 845 2744 915 μὲν
2766 844 2875 897 τῶν
2903 842 3119 895 οἰκείων
3150 837 3543 909 προστεταχὼς
3580 837 3711 904 ίμα-

2128 943 2277 1007 τίων,
2305 941 2474 1011 ἕτερα
2508 940 2563 993 δέ
2591 955 2653 1007 γε
2683 936 3021 1009 διερρωγότα
3059 930 3402 1002 μετενδῦναι,
3439 928 3710 996 κυνοτρΰ-

2131 1051 2253 1103 φοις
2292 1033 2433 1084 τισὶν
2468 1032 2630 1085 αὐτὸν
2681 1031 2760 1091 εἰς
2819 1029 3022 1099 πρᾶσιν
3054 1024 3311 1079 ἐδεδώκει
3357 1022 3575 1090 τηρεῖν,
3611 1020 3711 1081 τάς

2129 1144 2189 1179 τε
2240 1126 2406 1189 ἄλλας
2455 1123 2918 1192 ἐγκελευσάμενος
2956 1121 3228 1190 μάστιγας
3277 1114 3508 1183 ὲπάγειν
3557 1111 3709 1181 αὐτῷ

2128 1221 2441 1290 τιμήματος
2487 1218 2650 1270 ἕνεκα
2698 1214 2942 1276 πλείονος
2989 1211 3125 1281 πρὸς
3154 1208 3320 1280 ὠνὴν,
3353 1208 3445 1261 καὶ
3492 1206 3618 1277 ἀμα
3649 1203 3710 1257 τὸ

2132 1312 2475 1381 σοδομιτικδν
2506 1310 2601 1362 καὶ
2634 1304 2785 1376 παρὰ
2833 1309 2995 1375 φύσιν
3042 1303 3215 1369 πάθος
3260 1301 3359 1370 τῆς
3390 1300 3708 1370 ἀρῤενομα-

2130 1404 2269 1466 νίας,
2320 1403 2420 1455 οὐκ
2459 1397 2555 1454 οἵδ’
2608 1401 2890 1469 ὁπότερον,
2934 1396 3034 1449 εἰτ’
3086 1394 3276 1456 εἰωθὸς
3334 1390 3490 1460 σφίσι
3530 1390 3705 1441 ποιεῖν

2130 1497 2211 1559 εἰς
2245 1494 2562 1565 ὲμπαιγμὸν
2612 1492 2720 1545 τῶν
2778 1489 3151 1555 ἁλισκομένων
3186 1480 3560 1555 Χριστιανῶν,
3605 1475 3707 1531 εἶτ’

2129 1587 2486 1649 ὲνδεδωκυίας
2513 1584 2614 1654 τῆς
2649 1584 2799 1647 θείας
2848 1581 3056 1636 ἀνωθεν
3101 1577 3258 1645 δίκης
3287 1573 3551 1637 ἐνταῦθα,
3602 1589 3707 1640 μα-

2130 1680 2428 1750 κροθυμεῖν
2465 1668 2540 1741 ὡς
2571 1678 2781 1731 ἐπίπαν
2814 1676 2875 1730 οὐ
2911 1675 3057 1747 μάλα
3104 1670 3512 1741 ἀνασχομένης,
3542 1666 3578 1737 ἡ
3613 1665 3705 1717 τὸν

2130 1766 2409 1841 ἀλιτήριον
2436 1769 2512 1833 ὡς
2551 1768 2795 1839 ἀρχηγὸν
2821 1768 2920 1838 τῆς
2963 1766 3058 1819 νῦν
3092 1761 3536 1827 ἐπιπολαζούσης
3584 1759 3710 1811 ἀσε-

447 1864 702 1918 Barbaris
724 1866 862 1919 adeo
882 1864 1117 1919 invisum
1143 1866 1249 1930 est,
1270 1874 1330 1919 ut
1346 1880 1415 1919 ne
1442 1881 1472 1919 e
1494 1863 1793 1933 longinquo
1810 1860 2023 1931 quidem

2137 1865 2290 1926 ϐείας
2339 1864 2495 1935 χερσί
2526 1862 2817 1933 βαρϐάρων
2869 1856 3252 1929 παρέπεμψεν,
3303 1854 3388 1907 ἵνα
3438 1852 3517 1922 μὴ
3565 1850 3703 1921 λάθῃ

446 1957 679 2012 auribus
708 1959 988 2027 percipere
1014 1958 1203 2014 velint.
1239 1958 1295 2013 Si
1327 1958 1473 2012 inter
1515 1957 1651 2011 alias
1688 1972 1777 2011 res
1825 1955 2022 2009 absurr

446 2047 546 2101 das
571 2047 798 2103 Barbari
858 2051 1026 2104 etiam
1081 2051 1326 2105 divinam
1362 2050 1763 2106 incarnationis
1796 2062 2024 2105 meone-

446 2139 610 2193 miam
652 2153 948 2209 spernunt,
979 2151 1162 2198 tamen
1192 2158 1261 2197 ne
1294 2143 1398 2212 ipsi
1442 2142 1666 2215 quidem
1698 2137 2026 2195 universita-

444 2230 518 2284 tis
554 2246 739 2285 rerum
788 2245 1100 2288 creatorem
1154 2245 1321 2302 atque
1385 2235 1552 2288 Deum
1611 2247 1736 2288 esse
1799 2238 2021 2300 negant.

445 2322 551 2375 Sed
580 2322 825 2399 Palamas
862 2324 1079 2392 utrique
1104 2339 1349 2378 severam
1386 2324 1728 2379 exactionem
1768 2324 1824 2378 et
1851 2321 2024 2375 auda-

443 2413 719 2467 cissimam
749 2413 992 2468 decrevit
1040 2422 1096 2468 et
1155 2414 1279 2470 talis
1323 2415 1599 2484 prioribus
1683 2413 2026 2483 temporibus

444 2503 727 2573 religionis
750 2516 979 2560 vexator
1036 2506 1221 2561 nullus
1277 2507 1401 2562 fuit.
1469 2506 1659 2577 Neque
1701 2506 1849 2561 enim
1928 2505 2023 2559 uni

444 2595 658 2649 numini
708 2598 915 2651 servire
975 2599 1091 2652 vult
1133 2613 1165 2652 e
1223 2598 1398 2652 tribus
1446 2599 1695 2668 personis
1722 2597 2019 2661 constanti,

445 2695 716 2756 negatque
763 2686 946 2756 Logon
1001 2688 1345 2744 incarnatum
1393 2690 1588 2744 Filium
1623 2704 1747 2744 esse
1775 2689 1907 2754 Dei;
1928 2688 2023 2743 sed

444 2778 555 2831 vim
588 2780 753 2849 230
779 2780 1074 2849 quamdam
1127 2783 1368 2837 essentia
1397 2792 1454 2837 et
1502 2782 1807 2838 substantia
1837 2795 2028 2835 caren-

446 2879 575 2937 tem,
602 2870 773 2941 ipsam
796 2872 1030 2927 divisam
1058 2889 1179 2929 esse
1212 2873 1287 2939 in:
1311 2874 1585 2946 myriades
1613 2889 1721 2929 non
1763 2888 2022 2945 procrea-

442 2974 523 3017 tas
590 2967 879 3019 numinum
918 2966 1059 3021 inter
1107 2981 1165 3021 se
1211 2966 1613 3031 diﬂ‘erentium,
1652 2966 1731 3021 uti
1791 2974 1845 3019 et
1909 2965 2025 3035 ipse

438 3057 664 3113 uberius
698 3059 806 3113 alio
841 3060 963 3114 loco
983 3060 1259 3129 exposuit.
1283 3061 1413 3115 inde
1462 3061 1723 3131 majorem
1768 3059 1859 3113 hic
1896 3065 2023 3114 ante

2131 1958 2268 2029 μηδὲ
2293 1959 2407 2019 τοίς
2438 1956 2816 2026 ἀμαθέστερον
2848 1952 2881 2022 ἦ
2922 1950 3290 2020 ἀμελέστερον
3322 1947 3453 2017 περὶ
3482 1947 3554 1997 τὰ
3586 1942 3705 1996 θεῖα

2124 2047 2492 2116 διακειμένοις
2530 2044 2593 2097 τὸ
2640 2047 2739 2115 τῆς
2769 2042 2937 2098 αὐτοῦ
2973 2060 3036 2112 γε
3090 2041 3361 2112 αίρέσεως
3389 2040 3704 2109 αἴσχιστον,

2124 2140 2243 2196 ἀλλ’
2272 2139 2429 2210 ῦϐρις
2461 2138 2619 2209 ὓϐριν
2652 2138 2952 2208 ἀμύνηται,
2984 2137 3080 2190 καὶ
3123 2135 3183 2187 τὸ
3227 2136 3291 2203 τῇ
3326 2132 3493 2186 αὐτοῦ
3533 2130 3705 2200 κακίᾳ

2125 2228 2541 2298 κεκαλυμμένον
2585 2224 2813 2295 αἰσχρὸν
2839 2224 2917 2293 τῷ
2947 2240 3041 2275 του
3078 2220 3345 2294 σαρκικοῦ
3385 2220 3482 2277 καὶ
3512 2235 3703 2288 φαινο-

2129 2320 2292 2389 μένου
2336 2319 2542 2380 πάθους
2575 2318 2847 2388 αἰσχίστω
2888 2314 3323 2385 θεατρικὼτερον
3357 2313 3578 2366 τουτονί
3609 2312 3702 2379 δη-

2130 2411 2392 2482 μοσιευθῇ
2416 2412 2638 2481 τρόπον’
2687 2410 2781 2463 καὶ
2811 2409 3026 2463 ὁθέλων
3058 2410 3120 2461 ὲκ
3151 2406 3246 2459 τοῦ
3277 2407 3570 2475 τυραννεῖν
3604 2404 3702 2475 τὴν

2126 2505 2413 2558 εὐσέϐειαν
2441 2503 2767 2573 δοξασθῆναι
2798 2502 2899 2575 ἤδη
2933 2503 3027 2554 καὶ
3076 2499 3196 2553 κατ’
3236 2499 3368 2552 αὐτό
3416 2514 3485 2566 γε
3515 2498 3577 2551 τὸ
3604 2497 3702 2564 τῆς

2126 2596 2418 2658 πολυθεϊας
2483 2595 2744 2665 ἀτὸπημα
2797 2593 2986 2661 σαφῶς
3041 2591 3429 2661 ἐξελήλεγκταί
3490 2607 3554 2643 τε
3609 2591 3705 2645 καὶ

2125 2688 2519 2758 ὲστηλίτευται.
2567 2689 2677 2741 Καὶ
2705 2687 2896 2756 διόπερ
2936 2685 3230 2755 ὁμοφύλοις
3261 2685 3381 2739 οῦσι
3427 2688 3553 2749 τοῖς
3586 2684 3704 2739 θια-

2128 2782 2331 2842 σώταις
2375 2780 2606 2846 ἀρεστός
2655 2797 2714 2832 τε
2766 2778 3027 2848 ἐνομίσθη
3072 2779 3167 2832 καὶ
3204 2779 3313 2831 τῶν
3364 2776 3512 2847 ὑπὲρ
3538 2775 3697 2841 ἀξίαν

2125 2870 2276 2934 ἄξιος
2304 2870 2506 2939 γερῶν,
2534 2869 2693 2923 τοῦτο
2717 2872 2830 2934 τοῖς
2857 2870 3159 2939 ἀλλοτρίοις
3182 2887 3241 2923 τε
3272 2868 3365 2922 καί
3397 2868 3696 2938 βαρϐάροις

2125 2963 2246 3016 οὐδὲ
2275 2965 2440 3034 μέχρι
2495 2963 2660 3032 ψιλῆς
2705 2962 2875 3029 ἀκοῆς
2914 2962 3145 3016 ἀνεκτὸν
3180 2961 3467 3031 ἐνομίσθη.
3501 2962 3566 3016 Εἰ
3593 2960 3697 3029 γὰρ

2127 3052 2264 3122 πρός
2283 3053 2481 3120 γεγτοίς
2502 3050 2683 3114 ἄλλοις
2712 3042 2891 3103 αὐτῶν
2920 3051 3239 3120 ἀτοπήμασι
3273 3048 3335 3122 [ί.
3371 3051 3478 3105 HO
3510 3048 3587 3120 r.]
3608 3050 3701 3103 καὶ

437 3156 640 3202 aeterna
664 3148 933 3217 supplicia
964 3148 1058 3203 dat
1089 3164 1306 3218 poenam
1358 3150 1449 3206 ille
1498 3150 1697 3206 multas
1745 3164 2021 3204 aerumnas

2128 3144 2226 3215 τὴν
2265 3144 2531 3213 ἕνσαρκον
2564 3142 2851 3199 ἀθετοῦσιν
2888 3145 2939 3195 οἰ
2990 3142 3257 3214 βάρϐαροι
3307 3142 3464 3198 θείαν
3498 3146 3700 3197 οἰκονο-

441 3253 638 3307 passus
662 3253 873 3303 eorum,
909 3239 1003 3307 qui
1045 3250 1233 3294 contra
1286 3256 1455 3305 verat:
1489 3241 1773 3311 religionis
1826 3241 2017 3311 prmio

2126 3238 2275 3307 μίαν,
2318 3237 2434 3290 ἀλλ’
2465 3237 2563 3290 ἕνα
2590 3236 2700 3289 τῶν
2736 3236 2957 3289 πάντων
2989 3232 3129 3289 εἶναι
3165 3234 3397 3304 ποιητὴν
3434 3236 3531 3287 καὶ
3571 3232 3700 3286 Θεὸν

439 3331 592 3385 dium
626 3340 1031 3400 pugnaverunt.
1068 3331 1171 3398 Qui
1203 3333 1340 3388 alios
1370 3344 1696 3403 persecutus
1740 3344 1824 3390 est
1855 3335 2020 3389 alios-

439 3439 551 3493 que
602 3423 709 3476 alio
753 3422 967 3492 pepulit
1006 3432 1062 3477 et
1087 3425 1519 3479 sacerdotalibus
1556 3426 1728 3495 signis
1755 3425 2020 3496 ﬂagitiose

437 3514 675 3569 orbavit.
704 3512 837 3567 Nam
870 3524 926 3569 et
960 3514 1073 3584 ipse
1112 3515 1345 3585 turpiter
1381 3518 1627 3585 privatus
1672 3525 1791 3569 erat
1848 3516 2020 3587 signis

440 3604 884 3659 sacerdotalibus
912 3612 1075 3671 atque
1113 3606 1339 3675 insuper
1368 3606 1516 3660 omni
1573 3606 1799 3661 omnino
1850 3606 2018 3661 vesti—

442 3703 672 3759 mento;
720 3694 974 3749 similiter
997 3710 1053 3749 et
1099 3697 1215 3773 ipse
1242 3710 1438 3766 passus
1475 3703 1561 3750 est
1618 3684 1933 3766 turpissima
1990 3710 2021 3750 a

438 3788 712 3851 Barbaris,
760 3804 897 3857 quos
940 3789 1075 3843 adeo
1133 3789 1357 3854 amavit,
1388 3800 1447 3842 ut
1496 3788 1730 3861 multum
1779 3788 1852 3844 sit
1902 3803 2021 3843 cer-

438 3891 611 3935 tatum
644 3881 710 3936 ad
739 3881 1180 3937 Cantaeuzenum
1215 3896 1283 3936 eo
1305 3880 1716 3946 addUCendunr,
1755 3889 1814 3935 ut
1857 3881 2017 3952 adju-

438 3981 587 4029 tores
620 3975 724 4029 sibi
748 3985 939 4030 contra
971 3975 1360 4045 Palaeologum,
1390 3975 1605 4029 aﬂinem
1630 3983 1851 4044 pararet
1886 3975 2023 4029 ami-

336 4090 345 4111 τ
438 4085 642 4138 eosque
690 4085 785 4138 per
831 4068 1000 4122 vitam
1058 4067 1289 4122 haberet
1372 4067 1609 4134 vitaeque
1686 4065 2023 4119 immortales

436 4161 714 4217 custodes.
740 4160 871 4215 lnde
920 4169 976 4213 et
1022 4158 1550 4228 praeminmaccepit
1594 4157 1840 4226 dignum,
1873 4156 2021 4226 quod

436 4253 664 4308 dederat
692 4262 748 4306 et
773 4252 925 4306 dedit
951 4251 1097 4320 quod
1132 4258 1457 4319 acceperat;
1506 4249 1743 4319 turpiter
1774 4248 1921 4304 enim
1953 4248 2021 4301 ad

436 4346 667 4414 gradum
720 4346 1115 4401 sacerdotalem
1155 4344 1480 4408 assurrexit,
1530 4344 1725 4414 dignas
1775 4342 2021 4397 referens

439 4437 721 4491 mercedes
748 4435 927 4507 iis‘qui
956 4435 1137 4504 ipsum
1163 4436 1643 4504 inauguraverant,
1667 4436 1870 4504 quippe
1922 4435 2023 4488 im-

2121 3329 2233 3383 οὐδ’
2281 3329 2434 3383 αὐτοί
2478 3347 2539 3398 γε
2574 3328 2885 3399 ἀρνοῦνται.
2926 3327 3068 3381 Ἀλλ’
3084 3329 3122 3379 κό
3162 3327 3431 3397 Παλαμᾶς
3470 3330 3567 3381 καὶ
3598 3328 3701 3395 ἀμ-

2123 3423 2373 3493 φοτέροις
2435 3422 2763 3495 ξενηλασίαν
2798 3412 3077 3490 ἀπότομόν
3119 3441 3178 3476 τε
3216 3424 3311 3476 καὶ
3364 3424 3519 3493 μάλα
3570 3425 3704 3492 θρα-

2125 3516 2277 3567 σεῖαν
2324 3513 2756 3583 κατεψηφίσατο,
2804 3516 2898 3567 καὶ
2948 3514 3069 3567 οἵαν
3110 3515 3287 3577 οὐδεὶς
3347 3516 3460 3568 οὐδ’
3521 3515 3702 3570 αὐτῶν

2122 3608 2340 3669 ὁπόσοις
2394 3605 2652 3669 διώκταις
2715 3606 2859 3659 κατὰ
2915 3607 3016 3675 τῆς
3069 3607 3354 3670 εὐσεϐείας
3403 3610 3535 3672 τοὺς
3575 3609 3701 3676 πρὶν

2124 3698 2327 3761 αἰῶνας
2370 3696 2783 3751 συνεπεπτώκει
2833 3699 3111 3767 γενέσθαιο
3144 3698 3269 3752 οὔτε
3322 3699 3431 3771 γὰρ
3487 3702 3701 3770 θεότητι

2123 3789 2410 3860 λατρεύειν
2440 3792 2637 3862 ἀφίησι
2670 3792 3093 3861 τρισυποστάτῳ
3125 3793 3249 3862 μιᾷ,
3284 3792 3407 3845 οὐδὲ
3435 3795 3532 3847 τὸν
3572 3810 3703 3863 cap-

2125 3885 2371 3938 κωθέντα
2416 3885 2591 3953 Λόγον
2633 3884 2762 3938 Υἰὸν
2796 3880 2945 3937 εἶναι
2988 3885 3140 3953 λέγει
3180 3886 3339 3953 Θεοῦ,
3382 3885 3502 3945 ἀλλ’
3545 3886 3703 3941 ἀνού-

2126 3994 2241 4031 σιον
2276 3977 2377 4046 μέν
2423 3995 2547 4030 τινα
2610 3981 2705 4029 καὶ
2757 3976 3115 4046 ἀνύπαρκτον
3156 3979 3464 4049 ἐνέργειαν,
3495 3979 3633 4050 πρὸς
3660 3978 3702 4029 δ’

2125 4069 2415 4131 ἀκτίστους
2453 4068 2655 4138 μυρίας
2691 4069 3059 4139 μεριζομένην
3095 4070 3364 4137 θεὸτητας
3405 4070 3577 4132 ἄλλας
3608 4067 3701 4121 ἀλ·

2124 4161 2303 4231 λὴλων
2341 4160 2733 4231 διαφερούσας,
2775 4163 2852 4223 ὡς
2892 4163 2989 4214 καὶ
3042 4161 3205 4223 αὐτὸς
3260 4163 3317 4213 ὲν
3353 4160 3537 4225 ἀλλοις
3568 4160 3702 4213 πλα-

2123 4254 2351 4324 τύτερον
2390 4230 2698 4321 ¹γέγραφας
2757 4253 3090 4328 στηλιτεύων
3136 4253 3321 4328 αὐτόν.
3385 4255 3555 4308 Ὅθεν
3609 4252 3701 4306 καὶ

2128 4343 2301 4413 μείζω
2333 4343 2617 4397 κάνταῦθα
2651 4344 2758 4411 πρὸ
2776 4344 2877 4411 τῆς
2902 4327 3125 4396 αἰωνίου
3159 4327 3459 4416 καταδίκης
3485 4347 3699 4413 ἐκείνης

2125 4437 2223 4505 τὴν
2252 4437 2409 4504 δίκην
2438 4436 2656 4489 δίδωσιν
2690 4437 2907 4490 οὐτοσὶν
2937 4438 2964 4489 ὁ
2991 4438 3337 4507 ταλαίπωρος
3360 4434 3436 4492 ὦν
3460 4441 3556 4492 ἐπὶ
3580 4440 3703 4500 τοὺς

400 4559 407 4563 ~
440 4530 790 4598 probitatem;
814 4537 870 4582 et
896 4544 1018 4597 quas
1041 4529 1321 4596 sapienter
1344 4527 1706 4595 sapientiores
1725 4528 1828 4580 viri
1854 4527 2016 4582 intel-

2126 4531 2265 4599 ὑπὲρ
2305 4529 2585 4591 εὐσεϐείας
2619 4530 3033 4599 ἠγωνισμένους
3061 4531 3389 4600 ἠγώνισται,
3420 4535 3549 4598 τοὺς
3601 4531 3700 4602 μὲν

436 4621 714 4683 texerunt,
733 4628 859 4674 ante
881 4634 1072 4689 opera,
1090 4633 1152 4672 ea
1172 4627 1322 4672 certo
1338 4626 1460 4686 post
1482 4632 1647 4687 opera
1667 4618 2019 4674 usuveniant.

2130 4620 2328 4685 διώξας
2371 4620 2466 4672 καὶ
2520 4617 2682 4672 ἄλλον
2734 4619 2921 4673 ἄλλοθι
2957 4621 3301 4691 διασπείρας.
3338 4624 3464 4686 τοὺς
3512 4625 3568 4678 δὲ
3612 4622 3702 4675 καί⁵

441 4712 624 4766 αὐτῶν
648 4712 945 4780 γυμνώσας
979 4710 1207 4780 ἀναίδην
1231 4708 1340 4762 τῶν
1413 4710 1708 4779 ίερατικῶν
1777 4712 2089 4779 συμϐόλων.
2152 4713 2262 4765 Καὶ
2308 4712 2466 4774 αὐτὸς
2496 4728 2556 4763 τε
2589 4711 2700 4780 γὰρ
2732 4714 2972 4783 αἰσχρῶς
3017 4714 3126 4768 τῶν
3163 4717 3453 4786 ἰερατικῶν
3482 4733 3700 4787 γυμνωοο

441 4806 554 4867 θεὶς
592 4805 919 4881 συμϐόλων,
955 4803 1048 4856 καὶ
1103 4802 1241 4872 πρός
1292 4819 1357 4871 γε
1411 4802 1495 4856 ἔτι
1555 4803 1736 4874 πάσης
1789 4805 1987 4868 κοινῶς
2025 4806 2275 4876 ἐσθῆτος,
2341 4803 2477 4874 ὁμοῦ
2551 4807 2647 4858 καὶ
2673 4804 2741 4856 τά
2801 4806 3060 4875 αῐσχιστα
3082 4807 3379 4861 ὐπάὐτῶν
3410 4807 3701 4863 ἐπεπόνθει

440 4900 753 4970 βαρϐάρων,
784 4900 877 4963 οὒς
916 4898 1169 4952 τοσοῦτον
1202 4900 1365 4963 αὐτὸς
1407 4898 1696 4968 ἠγάπησεν
1768 4899 1910 4954 ὥστε
1982 4904 2079 4955 κα)⁵
2117 4902 2424 4973 ἠγώνισται
2483 4901 2781 4971 πάμπολλα
2839 4904 3028 4955 πεῖσαι
3074 4904 3528 4974 Καντακουζηνὸν
3561 4904 3701 4957 κατὰ

440 4990 535 5044 τοῦ
580 4991 834 5059 γαμϐροῦ
877 4992 1246 5062 Παλαιολόγου
1291 4991 1675 5061 συλλήπτορας
1710 4993 2019 5062 κτήσασθαι
2060 4995 2157 5045 καὶ
2204 4995 2393 5062 φίλους
2462 4992 2717 5062 ἡγεῖσθαι
2781 4993 2871 5047 διὰ
2918 4992 3060 5062 βίου,
3094 4995 3186 5047 καὶ
3226 4994 3328 5064 τῆς
3355 4996 3500 5064 ζωῆς
3531 4994 3700 5064 φύλα-

445 5106 545 5149 κας
573 5086 896 5151 ἀθανάτους.
928 5090 1020 5141 Διὸ
1084 5090 1177 5145 καί
1238 5086 1338 5157 τὴν
1409 5087 1766 5158 ἀντιμισθίαν
1798 5088 1957 5153 ἀξίαν
2025 5089 2237 5141 ἐκεῖθεν
2268 5089 2463 5157 εἴληφε
2497 5086 2746 5151 δεδωκὼς
2790 5090 2887 5141 καὶ
2910 5088 3142 5141 δέδωκεν
3168 5088 3429 5159 εἰληφώς·
3464 5086 3702 5159 αἰσχρῶς

447 5181 547 5250 μὶν
576 5180 685 5251 γάρ
715 5183 810 5233 καὶ
838 5181 1074 5245 ἀναξίως
1141 5185 1486 5238 παντάπασιν
1552 5182 1633 5246 είς
1675 5185 1769 5236 τὸν
1816 5183 2094 5251 ἱερατικὸν
2135 5181 2344 5251 βαθμὸν
2384 5180 2620 5247 ἀναϐάς,
2670 5181 2829 5247 ἀξίαν
2887 5183 2998 5247 τοῖς
3037 5182 3299 5253 ἰερώσασι
3342 5186 3443 5253 τὴν
3491 5186 3701 5246 ἀντιμι-

445 5276 601 5331 σθίαν
626 5278 877 5331 ἀπέδωκε
907 5278 1007 5348 τὴν
1070 5278 1329 5331 ἀσέϐειαν
1422 5280 1581 5346 ἀξίαν
1610 5280 1664 5346 δ’,
1697 5275 1766 5332 αὗ
1814 5278 1922 5331 ὑπὸ
1989 5278 2098 5331 τῶν
2140 5277 2436 5348 βαρϐάρων
2491 5279 2716 5331 ἐκείνων
2763 5276 3019 5347 αἴσχιστα
3056 5278 3409 5344 καθαιρεθεὶς
3436 5279 3535 5348 τὴν
3563 5277 3704 5329 ἀντι-

445 5374 668 5445 μισθίαν
724 5374 1050 5444 κεκόμισται
1097 5368 1171 5429 ὧν
1232 5378 1347 5439 τοῖς
1405 5375 1701 5445 Ῥωμαίοις
1764 5374 2015 5445 ὀλέθριον
2089 5374 2168 5444 τῷ
2238 5373 2452 5444 βασιλεῖ
2482 5376 3005 5444 προμεμνήστευται
3073 5375 3174 5445 τὴν
3230 5378 3435 5445 φιλίαν,
3494 5376 3579 5427 ἵνα
3613 5369 3703 5424 καὶ

443 5464 762 5533 καθαιρέσει
794 5462 995 5535 αἰσχρᾷ
1020 5465 1139 5536 μὲν,
1166 5467 1354 5537 δικαίᾳ.
1382 5467 1426 5520 δ’
1451 5465 1577 5519 οῦν.
1617 5466 1829 5519 πολλῶν
1890 5466 2085 5536 ἱερέων
2126 5466 2224 5519 καὶ
2262 5465 2583 5519 ἐπισκόπων
2639 5465 2952 5533 καὶιπάσης
2986 5467 3163 5520 εἰπεῖν
3191 5469 3452 5534 εὐσεϐοῦς
3495 5466 3704 5530 ὁσιότη-

444 5572 537 5620 τος
563 5556 883 5627 καθαίρεσις
915 5558 1101 5620 ἄδικος
1130 5560 1680 5631 ἀντιταλαντεύηται,
1712 5560 1808 5612 καὶ
1874 5558 1911 5613 ἀ
1979 5562 2094 5623 τοῖς
2136 5561 2470 5631 σοφωτέροις
2526 5560 2801 5629 ἔγνωσται
2872 5562 3110 5625 συνετῶς
3161 5544 3270 5633 πρὸ
3328 5565 3436 5617 τῶν
3489 5564 3702 5634 ἔργων,

444 5647 739 5730 ταῦτὀὲπὶ
792 5651 900 5703 τῶν
961 5651 1147 5726 ἔργωνΧ
1203 5652 1468 5721 φαίνηται
1518 5653 1895 5723 συμϐαίνοντα
1928 5653 2137 5722 σαφῶς.

517 5738 675 5808 231
710 5742 795 5797 ιγ.
844 5741 1137 5811 Postquam
1167 5745 1233 5796 ad
1276 5743 1583 5813 Hyrcanum
1626 5745 1901 5800 abductus
1933 5760 2023 5800 es-

2205 5748 2279 5800 Δ’.
2330 5748 2485 5802 Ἐπεί
2513 5766 2577 5818 γε
2610 5750 2718 5821 μὴν
2748 5752 2845 5807 καὶ
2876 5754 3014 5823 πρὸς
3067 5753 3341 5825 Ὑρκανὸν
3384 5750 3663 5822 ἀπηνέχθη
3686 5783 3700 5803 ν

446 5830 928 5895 set,Barbarorum
952 5834 1175 5907 scilicet
1195 5836 1412 5900 ducem,
1428 5844 1628 5905 prater
1646 5846 1842 5893 caetera
1871 5853 1936 5892 ex
1962 5838 2023 5892 iis

2137 5840 2229 5893 τὸν
2271 5841 2518 5913 ἀρχηγὸν
2550 5842 2773 5914 ,δηλαδὴ
2830 5846 2940 5899 τῶν
2980 5846 3296 5918 βαρϐάρων,
3332 5848 3401 5903 τά
3436 5845 3532 5918 μὲν
3570 5837 3704 5896 ἄλλα
