4034 6472
531 362 640 427 203

1742 369 2158 431 NICEPHORI
2194 372 2580 433 GREGORfE
3654 387 3747 453 2οι

533 477 662 531 odio
699 489 826 531 eum
869 476 1151 547 persecuti
1204 477 1373 532 duces
1401 476 1723 532 amicissimi
1759 489 1816 532 et
1847 477 2101 532 benevoli

2213 480 2445 548 ματαίας
2500 483 2715 554 ἐκείνης
2756 482 2993 551 ἔγνωκεν
3041 486 3294 555 οἰήσεως,
3348 485 3466 541 ἀλλ’
3509 487 3662 542 αὑτοῦ
3689 507 3742 543 τε

534 576 760 638 propter
782 569 1141 625 barbarorum
1168 570 1479 625 mistionem
1505 569 1843 637 illegitimam
1864 578 1920 623 et
1942 570 2103 624 sodo-

534 661 802 725 miticam,
837 664 909 715 ita
941 671 1000 715 ut
1027 664 1114 717 cui
1159 677 1348 716 omnes
1391 677 1480 715 res
1526 662 1780 716 amittere
1818 664 2108 731 promitte-

532 751 668 807 bant
695 762 752 807 et
780 753 825 807 si
853 768 995 823 opus
1023 764 1173 808 esset
1201 754 1256 808 in
1290 753 1496 807 Hadcm
1539 753 1878 807 descendere
1900 792 1915 816 ,
1946 770 2106 808 eum-

532 842 658 897 dem
688 859 840 898 nunc
864 859 934 899 ne
966 845 1132 900 obolo
1163 844 1386 913 quidem
1412 845 1689 899 redimere
1727 845 1915 899 velint.
1945 845 2106 911 Quaa-

531 936 670 989 libet
716 936 865 989 enim
920 937 1105 991 futura
1136 945 1285 991 esset
1317 952 1500 990 rerum
1526 936 1791 1000 conditio,
1833 952 1941 991 non
1977 937 2103 1008 pul-

532 1028 730 1081 chrum
764 1031 1008 1081 futurum
1036 1043 1161 1083 esse
1216 1028 1608 1083 existimabant
1642 1045 1801 1098 opus.
1838 1030 1895 1085 Si
1930 1033 2098 1097 enim,

529 1119 809 1183 dicebant,
842 1120 1074 1175 crimine
1124 1121 1388 1175 oblivioni
1438 1122 1659 1181 tradito,
1686 1122 1738 1175 ei
1788 1122 2103 1179 condonare

529 1211 731 1265 vellent
761 1212 1084 1280 dignitatem
1117 1212 1536 1277 sacerdotalem,
1567 1215 1650 1267 vel
1675 1230 1868 1268 omnes
1889 1214 2104 1283 lapides

527 1302 831 1356 clamarent
866 1304 1143 1372 ingentem
1171 1302 1321 1356 illam
1352 1302 1642 1356 insaniam.
1678 1302 1733 1356 Si
1770 1318 1905 1358 vero
1939 1305 2094 1357 illum

525 1394 976 1455 commovissem,
1032 1409 1160 1447 cum
1231 1393 1453 1447 silentio
1517 1397 1819 1464 deponeret
1868 1396 2106 1465 dignita-

530 1496 637 1538 tem
658 1486 1082 1545 sacerdotalem,
1100 1483 1266 1555 234
1290 1494 1579 1538 accusator
1602 1486 1845 1549 ipsorum
1867 1486 2103 1555 impudi-

525 1577 787 1631 cissimus
838 1585 985 1632 esset
1039 1576 1219 1645 iisque
1281 1576 1547 1645 linguam,
1580 1577 1821 1647 gladium
1878 1578 2104 1631 omnino

524 1669 911 1723 acutissimum
947 1679 1275 1738 opponeret.
1311 1667 1366 1723 Si
1401 1684 1534 1723 vero
1567 1668 1766 1723 theatri
1797 1677 1851 1723 et
1882 1668 1986 1723 fori
2014 1669 2099 1722 lu-

2207 570 2449 641 Χριστοῦ
2501 574 2595 626 καὶ
2639 574 2746 627 τῶν
2796 577 2936 647 ὑπὲρ
2968 578 3128 648 ἡμῶν
3159 579 3395 648 Χριστοῦ
3427 580 3743 650 παθημάτων

2207 664 2393 716 εἰκόνα
2424 667 2616 735 φέρειν
2655 668 2848 721 ἑαυτὸν
2883 670 2977 722 καὶ
3011 672 3109 737 τὴν
3152 671 3346 725 ἑαυτοῦ
3396 672 3529 741 πρὸς
3563 673 3746 745 βαρϐά-

2208 768 2337 821 ρους
2402 755 2782 823 αἰχμαλωσίαν
2827 756 3145 827 βρενθύεται
3172 799 3186 821 ,
3237 759 3637 829 ψευδηγορίαις.
3679 761 3746 824 ὡς

2206 843 2386 905 εἴωθε,
2415 846 2759 916 διαστρέφων
2793 848 2860 900 τά
2910 850 3213 919 πράγματα
3244 852 3338 903 καὶ
3371 853 3747 918 ὲγκαλλωπιζό-

2210 951 2371 1004 μενος
2401 938 2486 1005 ἐφ’
2515 933 2595 1001 οἷς
2620 938 3058 1012 ἒγκαλύπςτεσθαι
3089 940 3216 993 ἔδει.
3252 940 3436 1005 Οὕτως
3465 944 3543 1003 εἰς
3573 943 3749 997 ἀσυνέ-

2207 1045 2301 1080 του
2336 1031 2566 1099 καρδίαν
2607 1032 2790 1102 χώραν
2818 1033 2918 1086 ούκ
2958 1034 3070 1100 ἔχει
3105 1035 3291 1103 μνήμη
3333 1032 3469 1086 Θεοῦ
3505 1034 3595 1087 καὶ
3623 1035 3749 1087 κατά

2206 1119 2341 1172 Θεὸν
2378 1123 2571 1193 ἀρετή.
2611 1128 2701 1175 Διὸ
2731 1124 2826 1177 καὶ
2869 1124 2947 1186 ῶς
2981 1125 3075 1177 ἐπὶ
3107 1124 3360 1177 πλεῖστον
3395 1123 3455 1196 [ί.
3497 1124 3588 1178 121
3623 1122 3692 1195 r.]
3724 1124 3750 1175 ὁ

2206 1211 2339 1273 θεὸς
2391 1212 2762 1279 ὲμπαίζεσθαι
2820 1215 3034 1266 τουτονὶ
3087 1213 3468 1283 ἑγκεχὼρηκε,
3518 1214 3609 1267 καὶ
3657 1214 3751 1267 ὑπὸ

2207 1303 2429 1355 πάντων
2462 1305 2667 1371 ὁμοίως
2719 1306 2998 1373 μισεῖσθαι
3038 1305 3100 1357 τὸ
3132 1306 3231 1374 τῆς
3279 1305 3607 1376 ἐρημώσεως
3647 1305 3752 1374 βδέ-

2205 1394 2413 1462 λυγμα.
2476 1396 2570 1457 Et;
2623 1396 2879 1448 τοσοῦτον
2937 1398 3068 1465 γαρ,
3100 1396 3358 1466 καθάπερ
3401 1395 3566 1448 κύϐου
3602 1411 3754 1463 στρα-

2207 1486 2421 1553 φέντσς,
2457 1486 2763 1556 μεμίσηται
2802 1486 2897 1540 καὶ
2939 1487 3079 1557 πρὸς
3129 1486 3240 1539 τῶν
3280 1486 3425 1556 μάλα
3469 1486 3755 1538 ποθούντων

2207 1577 2462 1629 ἐντεῦθεν
2493 1578 2776 1648 ἀρχόντων
2806 1580 2903 1633 καὶ
2934 1580 3256 1649 ὁμοφρόνων
3296 1579 3386 1632 διὰ
3409 1579 3506 1649 τὴν
3537 1577 3758 1646 ἄθεσμον

2205 1669 2424 1738 ἐκείνην
2452 1670 2546 1722 καὶ
2579 1670 2927 1739 σοδομιτικὴν
2957 1671 3066 1724 τῶν
3095 1670 3391 1741 βαρϐάρων
3439 1669 3602 1738 μῖξιν,
3629 1667 3756 1719 ὥστε

525 1760 705 1814 dibria
759 1764 814 1814 in
857 1761 1055 1830 plateis
1101 1762 1246 1831 iacta
1282 1754 1553 1825 audiunt’,
1607 1776 1749 1813 surae
1795 1761 2003 1814 scilicet
2041 1769 2096 1812 et

2205 1763 2290 1816 καὶ
2315 1763 2456 1832 ὑπὲρ
2474 1758 2538 1817 οὗ
2557 1764 2734 1818 πάντα
2757 1764 3295 1833 προέσθαιχρήματα
3308 1761 3655 1832 ὑπισχνοῦντο
3675 1759 3759 1812 καὶ

521 1852 827 1907 effeminati
856 1854 942 1908 dei
981 1864 1035 1908 et
1067 1854 1248 1908 cruris
1269 1869 1488 1923 semper
1518 1852 1711 1906 fretum
1736 1851 2102 1921 procreantis.

522 1945 746 2016 Dionysi
802 1962 1189 2016 nequaquam,
1247 1961 1428 2017 neque
1501 1944 1745 2001 Semeles
1830 1943 2108 1997 Thebana:

519 2036 773 2101 abortus,
826 2038 923 2091 sed
948 2038 1319 2092 barbarorum
1371 2046 1427 2090 et
1484 2037 1773 2106 impiorum
1824 2036 2097 2090 seminum

521 2123 620 2177 lilii
668 2133 725 2179 et
757 2126 876 2193 ,qui
910 2140 1130 2195 seraper
1160 2140 1228 2179 ex
1284 2124 1458 2194 impio
1491 2126 1673 2179 animo
1702 2125 1850 2195 gigni
1897 2124 2097 2191 solent,

522 2217 675 2283 pravi
708 2217 859 2287 impii
893 2230 1077 2280 ortus,
1106 2219 1290 2287 petius
1323 2218 1605 2272 immaturi
1640 2229 1851 2273 natura:
1894 2233 2100 2287 repug-

2210 1853 2353 1920 σφᾶς
2407 1852 2627 1915 αὐτοὺς,
2658 1853 2707 1905 εί
2766 1852 3000 1920 δεήσειε,
3062 1855 3305 1921 πέμπειν
3362 1853 3441 1914 εἰς
3494 1851 3641 1922 ᾅδην,
3672 1849 3757 1900 νῦν

2209 1942 2317 1997 οὐδ’
2352 1944 2543 1997 ὀϐολοῦ
2604 1943 2941 2017 ἀλλάξασθαι
2980 1943 3260 2011 βούλονται
3292 1945 3394 2012 τὴν
3445 1940 3757 2009 ἐλευθερίαν.

2218 2034 2561 2102 ὐποτέρωσε
2590 2033 2701 2100 γὰρ
2732 2032 2798 2085 ἂν
2836 2032 3044 2085 νεύσειε
3091 2034 3154 2085 τδ
3202 2031 3631 2101 ἀποϐησόμενον,
3668 2026 3758 2079 οὐκ

2205 2127 2265 2189 ἐς
2287 2126 2350 2178 τδ
2376 2125 2653 2194 εῦσχημον
2687 2127 2870 2193 σφίσιν
2902 2126 3160 2193 ἐνόμισαν
3183 2125 3413 2193 σχήσειν
3441 2121 3503 2175 τὸ
3523 2121 3756 2189 πρᾶγμα.

2207 2217 2311 2269 ’Ἂν
2345 2231 2406 2266 τε
2445 2215 2559 2284 γὰρ
2605 2212 2965 2284 βουληθῶσιν,
3009 2212 3240 2282 ἔφασαν,
3278 2214 3404 2281 σιγῇ
3439 2207 3760 2277 καλύψαντες

522 2318 720 2365 nantes
750 2321 907 2367 ortus
958 2327 1068 2380 quo
1117 2310 1417 2379 suspendio
1458 2326 1569 2365 non
1632 2313 1789 2381 pejus
1818 2311 2101 2366 videretur

2205 2308 2534 2377 τοῦγκλημα
2577 2308 2767 2360 τοῦτον
2833 2305 3137 2375 ἱερατεύειν
3187 2302 3460 2369 ἐνδοῦναι,
3505 2303 3598 2356 καὶ
3635 2298 3760 2352 λίθοι

518 2402 802 2466 erunibus,
816 2404 1020 2471 quibus
1035 2404 1285 2473 contigit,
1298 2412 1357 2457 ut
1376 2404 1482 2456 hoc
1494 2403 1753 2471 magistro
1770 2403 2097 2456 uterentur?

2206 2402 2410 2463 πάντες
2462 2399 2829 2468 ἀναϐοήσουσι
2869 2399 2969 2461 τὴν
3025 2400 3126 2468 τῆς
3177 2397 3411 2460 ἀτοπίας
3443 2391 3759 2465 ὑπερϐολήν

519 2490 589 2544 ἄν
656 2496 703 2543 τ’
772 2497 1078 2563 ἀπρακτεῖν
1118 2495 1282 2548 αὐτὸν
1349 2495 1685 2549 ἀναπείσωσι
1752 2497 1848 2547 καὶ
1880 2496 1981 2560 ’τί-,ς
2020 2494 2337 2563 ἱερουργίας
2391 2492 2729 2561 ἀπέχεσθαι,
2790 2492 3101 2561 κατήγορος
3158 2490 3341 2543 αὐτῶν
3392 2490 3759 2543 ἀναιδέστατος

519 2585 672 2639 ἔσται
700 2586 885 2640 λοιπὸν
907 2587 1071 2651 αὐτὸς
1101 2589 1159 2640 ὲν
1218 2586 1456 2651 πολλοῖς,
1482 2588 1576 2641 καὶ
1608 2587 1795 2653 ξίφους
1823 2588 2200 2656 ἀκμαιοτέραν
2259 2587 2464 2648 παντὸς
2522 2586 2840 2654 ἀπιστήσει
2903 2584 3152 2652 γλῶτταν
3189 2583 3398 2641 αὐτοῖς.
3436 2583 3529 2632 καὶ
3572 2577 3760 2644 Ὀλύμ-

520 2699 627 2736 που
655 2684 910 2751 φανεῖται
942 2682 1146 2744 παντὸς
1175 2680 1600 2752 ἐπαχθέστερος.
1633 2679 1695 2752 [l'.
1732 2680 1824 2734 ﬁt
1861 2678 1939 2753 0.]
1972 2681 2144 2734 Ὅταν
2172 2680 2349 2734 δὲκαὶ
2386 2680 2455 2733 τὰ
2492 2680 2761 2748 θεατρικά
2788 2679 2883 2732 καὶ
2914 2680 3148 2747 ἀγοραῖα
3178 2678 3494 2747 σκώμματα
3519 2674 3648 2745 πρδς
3671 2671 3761 2731 τὰς

517 2774 715 2843 ἀγυιὰς
785 2773 1316 2846 παραρριπτούμενα
1370 2774 1782 2841 ὲξακούωνται,
1836 2777 1934 2845 τῆς
2000 2775 2448 2845 γαστροκνημίας
2501 2776 2646 2844 φημὶ
2727 2776 2824 2827 καὶ
2889 2774 2984 2826 τοῦ
3055 2772 3393 2843 ἀνδρογύνου
3477 2769 3607 2823 Θεοῦ
3678 2762 3762 2819 καὶ

517 2870 613 2922 τοῦ
647 2867 826 2939 μηροῦ
856 2865 951 2919 τοῦ
981 2865 1043 2918 τὸ
1072 2867 1260 2929 ἀτελὲς
1305 2865 1590 2942 ὡδίνρντος
1618 2866 1824 2935 κύημα,
1890 2867 2148 2919 Διονύσου
2184 2868 2284 2936 μὲν
2326 2866 2527 2935 ἥκιστα
2578 2866 2699 2919 οὐδὲ
2762 2865 3008 2936 Σεμέλης
3090 2865 3339 2933 Θηϐαίας
3408 2863 3761 2934 ἀμϐλώματα,

517 2964 656 3018 ἀλλά
690 2960 1047 3032 βαρϐαρικῶν
1087 2961 1182 3013 καὶ
1233 2960 1449 3013 ἀσεϐῶν
1487 2961 1822 3029 σπερμάτων
1869 2962 2095 3014 ὲκτόκια
2135 2960 2376 3030 συγγενῆ
2441 2961 2539 3015 καὶ
2592 2953 2681 3011 οἷα
2739 2959 3007 3030 διηνεκῶς
3079 2958 3140 3021 ἐξ
3184 2959 3421 3022 ἀσεϐοῦς
3473 2957 3631 3019 αύτδς
3658 2956 3762 3007 δια-

516 3057 668 3118 νοίας
711 3053 877 3113 εἴωθε
905 3052 1112 3110 τίκτειν
1143 3052 1436 3121 πονηράτε
1484 3056 1575 3103 καὶ
1616 3051 1789 3119 ἀσεϐῆ
1826 3052 2171 3120 γεννήματα,
2215 3052 2417 3123 μᾶλλον
2481 3051 2527 3103 δ’
2575 3050 2744 3118 ἀτελῆ
2799 3052 2895 3103 καὶ
2972 3047 3128 3116 παρά
3176 3051 3345 3117 φύσιν
3396 3046 3761 3118 ἀμϐλώματα,

516 3151 676 3210 ποίας
706 3149 808 3202 οὐκ
862 3150 928 3200 ἂν
973 3147 1210 3216 ἀγχόνης
1269 3144 1440 3214 χείρω
1494 3146 1701 3212 δόξειεν
1753 3146 1980 3207 ἅπασιν,
2013 3141 2094 3207 οἷς
2133 3145 2444 3214 διδασκάλῳ
2478 3144 2654 3213 τούτῳ
2678 3143 2985 3214 κεχρῆσθαι
3016 3142 3423 3213 συμπέπτωκε;

587 3240 741 3295 V.Et
763 3240 830 3294 de
860 3239 947 3293 his
966 3239 1135 3295 rebus
1158 3239 1279 3308 ipse
1305 3238 1618 3292 accuratius
1644 3239 1983 3308 judicaveris
2001 3255 2090 3291 sa-

2271 3239 2333 3312 [f.
2360 3240 2463 3293 122
2488 3237 2539 3310 ν]
2566 3238 2632 3291 E’.
2671 3240 2779 3291 Καὶ
2816 3238 2946 3308 περὶ
2981 3237 3079 3305 μὲν
3104 3236 3311 3288 τούτων
3336 3236 3497 3300 αὐτὸς
3530 3237 3596 3291 ἂν
3614 3237 3755 3305 ἀκρι·

516 3333 692 3404 picnti
726 3341 818 3386 tua
861 3340 916 3386 et
944 3346 1077 3385 sana
1102 3339 1288 3385 mente
1317 3344 1384 3384 ac
1413 3331 1652 3386 ratione.
1719 3330 1988 3400 Equidem
2025 3331 2095 3385 de

516 3425 610 3491 iis,
639 3438 763 3493 qua:
798 3422 1063 3477 insecutae,
1093 3433 1251 3489 sunt,
1302 3422 1471 3478 rebus
1525 3422 1802 3477 similibus
1849 3431 1905 3475 et
1935 3438 1966 3476 e
2000 3422 2096 3475 Dei

519 3532 683 3587 paena
716 3516 976 3586 profectis
1033 3516 1250 3585 loquar.
1286 3514 1605 3570 Patriarcha
1668 3516 1818 3569 enim
1854 3515 1945 3568 ille
1968 3513 2095 3568 Cal-

516 3608 700 3673 listus,
728 3609 1015 3678 depositus
1049 3609 1118 3663 ab
1153 3609 1223 3663 iis
1248 3623 1281 3663 a
1323 3608 1526 3676 quibus
1554 3606 1864 3661 honoratus
1895 3605 2093 3667 fuerat,

515 3714 641 3753 cum
667 3700 961 3755 sacerdotii
983 3699 1220 3769 insignia
1250 3698 1534 3767 deponere
1557 3697 1875 3761 nollet,nou
1907 3698 2093 3750 timuit

513 3806 706 3846 eorum
741 3791 1003 3860 impetum
1029 3791 1305 3845 sustinere
1330 3789 1559 3844 invitum
1591 3798 1648 3843 et
1669 3790 1721 3842 in
1753 3789 2093 3843 horrendum

513 3882 712 3954 conjici
747 3897 1048 3949 carcerem,
1089 3897 1223 3937 neve
1265 3880 1597 3937 seditionem
1621 3881 1763 3934 forte
1783 3880 2092 3935 secundum

513 3978 713 4031 famam
741 3986 1084 4044 grassantem
1136 3974 1261 4031 urbi
1293 3982 1562 4038 moveret,
1634 3971 1901 4027 audacius
1941 3986 2095 4025 arro-

513 4069 842 4139 gantiusque
874 4068 1070 4122 vivens
1100 4066 1155 4121 in
1192 4068 1321 4123 vitae
1351 4065 1785 4135 tranquillitate;
1821 4075 1879 4119 et
1933 4063 2096 4118 facile

513 4159 724 4214 inscius
746 4160 803 4212 in
826 4157 1034 4213 malum
1054 4155 1363 4223 incidisset,
1383 4156 1491 4210 nisi
1524 4172 1585 4213 re
1600 4166 1884 4225 comperta
1912 4153 2094 4209 conti-

515 4266 627 4306 nuo
659 4250 912 4319 fugisset.
931 4247 1087 4314 Quod
1111 4247 1404 4302 consilium
1434 4246 1758 4315 imperatori
1788 4229 2096 4315 etp-rtriarl

516 4346 636 4400 eine
660 4343 951 4412 probatura
990 4342 1166 4394 visum
1202 4348 1310 4403 est,
1335 4346 1392 4392 et
1421 4338 1562 4392 fama
1593 4339 1811 4395 occulta
1834 4334 1887 4392 iii
1912 4338 2092 4392 lorum

518 4437 927 4507 divulgabatur.
959 4432 1097 4487 Cum
1124 4439 1179 4485 et
1205 4431 1320 4500 ipse
1348 4429 1510 4500 235
1541 4446 1655 4484 rem
1703 4433 2086 4499 comperisset,

519 4545 714 4598 magna
753 4527 967 4597 ignavia
995 4535 1213 4591 captus,
1254 4522 1393 4575 clam
1444 4519 1638 4590 etl‘ugit
1666 4520 1734 4574 ad
1773 4520 2093 4575 Latinorum

520 4619 835 4690 praesidium
867 4631 935 4670 ex
965 4614 1204 4668 adverso
1245 4612 1439 4674 situm,
1496 4619 1552 4666 et
1581 4621 1812 4665 externo
1843 4614 2096 4680 praasidio
2133 4598 2176 4652 Ι)

518 4723 576 4767 et
595 4708 962 4767 dominationi
1003 4719 1124 4760 sese
1154 4703 1414 4757 submisit
1441 4702 1567 4761 vita:
1592 4718 1779 4759 antore
1803 4713 2016 4773 captus,
2040 4714 2101 4758 et

522 4816 585 4857 ut
633 4804 753 4871 pios
809 4798 1083 4863 homines,
1135 4796 1230 4865 qui
1279 4805 1505 4865 propter
1534 4796 1863 4866 religionem
1898 4801 2101 4850 multas

523 4894 809 4949 subicrant
831 4903 1127 4951 aerumnas,
1158 4888 1279 4942 heri
1315 4896 1370 4942 et
1395 4886 1802 4942 nudiustertius
1834 4888 2101 4945 οοηνίειὶε

521 4984 976 5056 persequebatur,
1020 4982 1098 5035 ita
1155 4981 1272 5048 ipse
1305 4980 1569 5036 continuo
1617 4983 1675 5036 in
1723 4997 1877 5036 suam
1926 4982 2102 5052 ipsius

520 5077 886 5132 calamitatem
947 5073 1165 5127 incidit.
1219 5074 1319 5138 Qui
1382 5074 1533 5127 enim
1595 5074 1650 5127 in
1691 5072 1910 5143 Sapinia:
1964 5084 2102 5128 tcm-

516 5171 667 5240 plum
697 5177 752 5223 et
784 5182 1057 5223 summum
1078 5164 1171 5219 Dei
1193 5166 1498 5219 sacrarium
1528 5164 1803 5235 fugerant,
1831 5180 1925 5219 eos
1968 5180 2105 5233 prae-

519 5272 604 5317 ter
635 5261 810 5330 legem
838 5266 1150 5329 protractos
1175 5257 1291 5325 ipse
1320 5255 1375 5310 in
1412 5272 1693 5313 carcerem
1727 5257 1989 5326 conjecit.
2045 5256 2103 5310 Si

516 5370 649 5408 vero
697 5353 822 5423 quis
878 5349 1239 5403 insectatores
1297 5347 1496 5403 fallens
1556 5348 1611 5401 in
1645 5347 1781 5401 illud
1841 5346 2100 5401 Latinum

518 5445 832 5516 praesidium
862 5440 1126 5510 fugiebat,
1147 5440 1318 5494 multa
1350 5442 1464 5509 ipse
1494 5439 1761 5495 continuo
1790 5447 1981 5491 contra
2008 5452 2104 5491 eos

519 5537 735 5593 dicebat
756 5534 1100 5601 infinitisque
1139 5531 1518 5587 insectabatur
1550 5529 1925 5595 contumeliis,
1944 5541 1998 5582 et
2027 5530 2103 5583 ita

517 5629 847 5698 loquebatur
869 5640 933 5681 ac
957 5624 1000 5678 si
1027 5624 1062 5678 ii
1094 5622 1188 5693 qui
1205 5621 1475 5677 Barlaami
1496 5619 1677 5673 Latini
1710 5629 1893 5681 essent
1916 5620 2101 5686 aruici,

520 5736 671 5774 lltlllc
701 5720 848 5773 illi-us
873 5715 1285 5771 contribulibus
1312 5712 1475 5767 amici
1502 5711 1715 5767 ﬁerent.
1746 5712 1933 5781 Itaque
1954 5712 2100 5766 inter

518 5812 742 5883 propria
775 5810 1029 5879 dogmata
1059 5807 1359 5876 impietatis
1390 5803 1593 5859 auxilia
1622 5807 2099 5863 conservabantur

2203 3332 2458 3403 ϐέστερον
2484 3333 2821 3401 διαιτήσειας
2852 3333 2916 3400 τῇ
2968 3334 3108 3400 σοφῇ
3154 3347 3250 3383 σου
3276 3334 3373 3384 καὶ
3404 3331 3631 3400 ἔμφρονι
3656 3329 3765 3381 δια-

2204 3426 2324 3495 νοίᾳ
2353 3426 2449 3477 καὶ
2496 3423 2698 3493 κρίσει-
2730 3421 2842 3490 ἐγὼ
2879 3422 2937 3474 δὲ
2970 3423 3067 3475 xui.
3099 3423 3230 3488 περὶ
3262 3421 3375 3476 τῶν
3404 3421 3531 3491 ἑξῆς
3570 3420 3763 3489 ὁμοίων

2204 3531 2263 3567 τε
2292 3518 2383 3567 καὶ
2412 3516 2604 3583 ὁμοίας
2631 3516 2695 3567 ὲκ
2725 3513 2861 3566 Θεοῦ
2893 3513 3277 3583 τυγχανόντων
3313 3514 3414 3582 τῆς
3446 3512 3765 3581 ἐκδικήσεως

2206 3606 2589 3674 ἀφηγήσομαι.
2645 3604 2704 3657 'U
2754 3607 2865 3672 γὰρ
2911 3603 3367 3674 πατριαρχεύσας
3421 3605 3519 3674 μὲν
3574 3604 3766 3659 ἐκεῖνος

2205 3698 2527 3763 Κάλλιστος,
2567 3696 2915 3766 καθαιρεθεὶς
2948 3696 2996 3748 δ’
3040 3696 3201 3759 αὖθις
3238 3696 3331 3762 ὑφ’
3361 3693 3438 3750 ὦν
3464 3697 3762 3765 τετίμηται,

2203 3791 2299 3841 καὶ
2337 3790 2412 3860 μὴ
2445 3789 2770 3860 βουλόμενος
2823 3790 2889 3841 τὰ
2938 3788 3040 3857 τῆς
3094 3790 3514 3860 ἀρχιερωσύνης
3557 3786 3759 3841 οἴκοθεν

2205 3880 2509 3933 ἀποθέσθαι
2558 3880 2825 3948 σύμϐολα,
2863 3880 3287 3933 κεκινδύνευκεν
3327 3881 3481 3934 άκων
3523 3879 3622 3950 τήν
3650 3876 3767 3929 τού-

2203 3988 2311 4023 των
2344 3971 2639 4040 ἀφαίρεσιν
2693 3971 2954 4040 ὑποσχεῖν
3006 3974 3101 4021 καὶ
3149 3969 3265 4042 ἅμα
3295 3972 3456 4043 δεινῷ
3482 3989 3590 4026 τινι
3616 3967 3769 4038 ἐμϐε-

2204 4063 2443 4131 ϐλῆσθαι
2487 4063 2869 4133 δεσμωτηρίῳ,
2922 4065 2997 4133 μὴ
3046 4063 3145 4118 καὶ
3200 4064 3399 4119 στάσιν
3460 4065 3588 4128 ἴσως
3631 4062 3766 4116 κατὰ

2204 4158 2301 4223 τὴν
2348 4156 2762 4209 ὲπιπολάσασαν
2815 4157 3008 4226 φήμην
3069 4157 3263 4228 ἐγείρῃ
3310 4162 3381 4229 τῇ
3436 4159 3611 4224 πόλει,
3643 4156 3767 4227 θρα-

2206 4246 2435 4316 σύτερόν
2464 4264 2524 4298 τε
2550 4249 2644 4301 καὶ
2672 4248 2999 4318 ἀηδέστερον
3033 4250 3175 4319 πρὸς
3202 4252 3296 4302 τὸν
3331 4254 3391 4307 ὲν
3420 4253 3620 4322 ήσυχίᾳ
3658 4250 3769 4302 δια-

2206 4340 2461 4409 κείμενος
2499 4338 2632 4409 βίον⁵
2665 4342 2759 4394 καὶ
2803 4343 2946 4409 τάχα
2979 4342 3045 4394 ἂν
3079 4345 3153 4410 μὴ
3182 4342 3371 4411 μαθὼν
3402 4344 3542 4413 ἔορθη
3565 4339 3768 4399 παθὼν,

2202 4435 2252 4486 εἰ
2313 4434 2387 4504 μὴ
2441 4433 2629 4502 μαθὼν
2689 4432 2829 4503 ἔφθη
2869 4433 3080 4502 φυγών.
3119 4435 3281 4505 Ἀρτι
3318 4436 3432 4507 γάρ
3464 4436 3525 4489 τὸ
3555 4433 3769 4504 σκέμμα

2204 4525 2425 4596 βασιλεί
2455 4543 2513 4577 τε
2545 4529 2640 4577 καὶ
2664 4525 2985 4597 πατριάρχῃ
3018 4528 3414 4596 κεκυρωμένον
3442 4528 3769 4582 λανθάνουσα

2205 4621 2366 4689 φήμη
2388 4618 2632 4671 λαϐοῦσα
2648 4618 2931 4671 διέπιπτεν
2962 4619 3038 4680 είς
3067 4619 3165 4688 τὴν
3188 4621 3398 4688 ἀγορὰν
3423 4618 3768 4687 ὲξεπιπολῆς.

2206 4710 2369 4763 Ὅθεν
2405 4709 2593 4778 μαθὼν
2646 4712 2742 4761 καὶ
2789 4711 2974 4773 αὐτὸς,
3006 4710 3102 4763 καὶ
3133 4711 3308 4783 δειλίᾳ
3359 4715 3553 4785 μακρᾷ
3584 4723 3768 4778 συσχε-

2203 4803 2338 4868 θεὶς,
2365 4802 2540 4873 ῷχετο
2572 4803 2747 4871 λάθρα
2797 4804 3044 4872 ἀποδρὰς
3087 4804 3228 4871 πρὸς
3273 4806 3334 4857 τὸ
3373 4807 3485 4859 τῶν
3531 4801 3769 4858 Λατίνων

2204 4893 2504 4961 ἀντιπέρας
2542 4893 2831 4962 φρούριον·
2864 4896 2959 4947 καὶ
2993 4897 3060 4965 τῇ
3114 4895 3405 4967 ἀλλοφύλῳ
3459 4897 3636 4965 σκέπῃ
3679 4891 3769 4946 καὶ

2202 4983 2491 5054 δεσποτεία
2526 4986 2717 5037 ἑαυτὸν
2749 4986 2839 5038 διά
2869 4986 3169 5055 φιλοζωΐαν
3200 4987 3647 5052 καθυποζεύξας,
3684 4983 3772 5036 καὶ

2203 5070 2239 5124 ἃ
2273 5075 2387 5133 τοῖς
2424 5073 2564 5142 ὑπὲρ
2618 5074 2899 5137 εὐσεϐείας
2927 5076 3311 5144 δεδιωγμένοις
3342 5077 3471 5147 χθὲς
3516 5075 3613 5129 καὶ
3645 5067 3774 5142 πρό·

2203 5177 2363 5231 τριτα
2400 5164 2686 5218 εύσεϐἐσιν
2722 5165 2991 5232 ὠνείδιζε,
3034 5168 3214 5221 ταῦτα
3265 5169 3415 5236 παρὰ
3464 5167 3630 5230 πόδας
3658 5164 3771 5217 ἀλί-

2209 5268 2400 5306 σκεται
2434 5256 2529 5308 καὶ
2580 5256 2743 5317 αὐτὸς
2805 5259 3111 5320 πεπονθώς.
3161 5258 3635 5326 Καταφεύγοντας
3667 5254 3772 5323 γὰρ

2205 5346 2343 5415 πρὸς
2388 5346 2450 5400 τδ
2498 5349 2598 5417 τῆς
2647 5348 2849 5418 Σοφίας
2898 5350 3046 5419 ἱερὸν
3078 5351 3174 5404 καὶ
3223 5355 3489 5421 μέγιστον
3520 5350 3613 5404 τοῦ
3642 5345 3769 5400 Θεοῦ

2209 5440 2437 5506 τέμενος
2465 5442 2736 5494 ἀποσπῶν
2785 5445 3124 5513 παρανόμως
3156 5445 3320 5507 αὐτὸς
3346 5446 3463 5508 τοῖς
3492 5443 3767 5508 δεσμωτη’

2209 5530 2347 5600 ρίοις
2385 5531 2770 5604 προύπεμπεν·
2804 5538 2852 5588 εἰ
2896 5535 2952 5588 δέ
2987 5536 3087 5589 πού
3120 5554 3201 5600 τις
3242 5538 3337 5588 καὶ
3383 5537 3511 5599 τοὺς
3544 5534 3773 5587 διὼκτας

2203 5622 2383 5679 λαθὼν
2426 5626 2508 5687 είς
2550 5628 2613 5678 τὸ
2642 5629 2935 5682 Λατινικὸν
2979 5629 3156 5681 ἐκεῖνο
3190 5630 3468 5696 κατέφυγε
3498 5626 3768 5697 φρούριον,

2204 5718 2373 5781 πολὺς
2403 5719 2567 5783 αὐτὸς
2596 5720 2759 5782 εὐθὺς
2789 5716 2857 5793 ἦν
2884 5722 3026 5773 κατά
3050 5720 3158 5772 τῶν
3195 5719 3457 5772 τοιούτων
3492 5724 3631 5785 έχων
3686 5712 3777 5764 καὶ

2203 5809 2479 5880 ἀμέτρους
2526 5812 2813 5867 ἐπαντλῶν
2863 5814 3153 5885 λοιδορίας,
3193 5817 3288 5869 καὶ
3317 5816 3488 5878 λέγων
3517 5809 3591 5870 ὡς
3616 5809 3664 5859 οἱ
3694 5808 3768 5870 τίξλ
