4034 6468
308 291 417 352 205

1306 289 1749 352 BYZANTINJS
1791 283 2174 347 lliSTORIAZ
2218 284 2357 343 LIB.
2387 283 2607 345 XXIX.

3477 286 3582 351 2‘86

308 406 578 478 Βαρλαάμ
609 407 724 460 ὄντι
758 408 978 479 Λατίνῳ
1007 406 1149 476 φίλοι
1182 410 1277 462 καὶ
1324 408 1420 462 νῦν
1449 409 1562 472 τοῖς
1588 405 1888 478 ὁμοφύλοις

2007 419 2089 474 ρετ
2118 403 2287 458 breve
2322 411 2537 470 tempus
2563 411 2619 455 et
2663 399 2905 455 tenebat:
2933 402 3161 458 occultae
3195 413 3358 460 erant
3392 406 3584 462 multi-

308 500 499 570 ἐκείνῳ
531 500 773 568 γίνονται
805 500 968 570 φίλοι,
1014 504 1080 570 τῇ
1127 500 1418 572 ἀλλοφύλῳ
1467 501 1649 573 σκέπῃ
1681 501 1775 552 καὶ
1798 497 1889 551 δε-

310 594 537 665 σποτεία
594 592 871 664 χρώμενοι
922 594 1178 665 σωστικῷ
1225 593 1432 663 λιμένι.
1469 591 1629 647 Οὕτω
1675 591 1745 645 τά
1787 591 1891 660 τῆς

310 684 568 748 ἀσεϐείας
612 683 826 756 ὄργανα
858 684 996 753 μετά
1021 685 1136 739 τῶν
1174 685 1396 740 οἰκείων
1424 683 1717 752 δογμάτων
1753 686 1891 754 πρὸς

314 779 410 847 μὲν
442 777 648 848 βραχύν
670 795 793 833 τινα
821 777 1016 848 χρόνον
1043 778 1298 848 ἀντέσχε,
1330 777 1427 831 καὶ
1447 777 1682 848 λέληθεν
1714 774 1892 829 ἐνίοτε

309 871 440 934 τοὺς
478 870 705 934 πολλοὺς
734 872 793 924 ἐν
828 872 1012 926 σκότει
1047 872 1157 925 κάκ
1182 869 1599 945 διαμέτρουδτῆς
1624 866 1891 938 ἀληθείας

316 965 607 1033 ίστάμενα,
638 961 718 1033 τῷ
754 961 937 1034 χρόνῳ
984 963 1042 1017 δὲ
1074 963 1331 1034 φωρᾶται
1385 960 1465 1031 τῷ
1497 961 1599 1030 τῆς
1627 958 1895 1031 ἀληθείας

315 1057 711 1127 θεατριζόμενα
745 1060 887 1126 φωτὶ
916 1057 1013 1110 καὶ
1044 1055 1137 1109 ὑπ’
1178 1054 1362 1109 αὐτῶν
1408 1053 1750 1124 ἐλεγχόμενα
1782 1050 1894 1104 τῶν

315 1149 684 1219 πραγμάτων,
712 1151 825 1213 τοῖς
849 1148 1075 1211 οἰκείοις
1109 1148 1337 1218 πτεροῖς
1374 1145 1664 1200 ἁλίσκεται
1694 1162 1756 1199 τε
1798 1144 1896 1198 καὶ

316 1243 529 1305 ἑαυτοῖς
576 1242 921 1311 περιπίπτει,
974 1241 1126 1310 Μηδέ
1178 1241 1288 1311 γὰρ
1326 1239 1558 1311 μηδενὸς
1600 1234 1898 1298 διώκοντος

315 1334 498 1398 ἄλλου,
545 1333 635 1401 ὑφ’
672 1333 882 1386 ἑαυτῶν
912 1333 1070 1386 αὐτοὶ
1099 1332 1393 1386 διώκονται
1430 1329 1604 1400 μόνοι,
1662 1329 1761 1381 καὶ
1793 1326 1899 1380 πά-

319 1440 542 1493 σχουσιν
580 1421 796 1476 οἴκοθεν
825 1423 973 1492 ᾇπερ
1000 1422 1172 1490 ἔδρων
1207 1421 1353 1475 κατά
1378 1420 1491 1472 τῶν
1520 1416 1898 1472 εὐσεϐούντων

320 1516 494 1578 αὐτοὶ,
551 1518 651 1586 τῆς
695 1515 847 1580 θείας
874 1517 1017 1568 κατά
1050 1513 1226 1585 βραχὺ
1266 1513 1366 1566 καὶ
1410 1510 1717 1582 λεληθότως
1740 1509 1899 1578 δίκης

1999 496 2181 551 tudini
2223 505 2280 549 et
2337 481 2843 563 veritali’prorsus
2895 504 3291 565 repugnantes.
3351 496 3586 554 Nemine

1997 589 2147 644 enim
2202 596 2599 658 persequente,
2636 602 2668 642 a
2732 587 3047 656 semetipsis
3104 588 3421 657 ailliguntur
3459 594 3587 655 soli,

2001 686 2058 735 et
2081 692 2144 732 ea
2179 676 2408 731 omnino
2444 676 2758 745 patiuntur,
2801 675 3004 745 quibus
3034 678 3138 747 ipsi
3169 678 3425 735 homines
3462 681 3589 750 pios

2004 767 2332 821 affecerant.
2387 766 2521 832 Quae
2580 767 2730 820 enim
2790 764 3113 835 aliquandiu
3144 782 3441 838 suppressa
3473 781 3590 825 erat

1997 860 2217 931 justitia
2252 858 2464 924 divina,
2492 874 2641 913 nunc
2671 873 2890 928 agressa
2922 873 3022 914 eos
3048 859 3248 929 pressit
3280 861 3594 933 corybanl‘-

2000 953 2215 1022 busque
2254 951 2476 1021 pejores
2537 949 2808 1006 reddidit.
2843 951 3010 1023 236
3056 952 3193 1007 Nam
3248 963 3451 1023 praeter
3494 971 3592 1010 eos

2004 1044 2155 1114 ipsos
2182 1045 2350 1098 etiam
2389 1042 2575 1113 plures
2603 1042 2712 1108 alii
2738 1043 2942 1097 similia
2983 1047 3129 1112 passi
3157 1055 3337 1112 erant,
3395 1054 3453 1101 et
3483 1046 3590 1101 l‘ul-

2003 1137 2314 1206 guritorum
2376 1134 2553 1191 instar
2604 1146 2660 1192 et
2701 1136 2889 1191 divina
2934 1138 3171 1208 quadam
3206 1138 3415 1196 insania
3447 1142 3590 1200 capti

2005 1230 2138 1299 quid
2169 1229 2485 1284 faciendum
2529 1231 2603 1286 sit
2645 1231 2922 1297 nesciunt,
2991 1232 3088 1287 sed
3146 1233 3399 1288 homines
3442 1232 3597 1302 impii

2004 1332 2063 1377 et
2089 1323 2365 1378 exsecrati
2396 1323 2454 1377 in
2482 1331 2736 1394 potorum
2766 1322 3182 1395 furentiumque
3211 1326 3436 1382 modum
3463 1340 3601 1381 con-

2010 1425 2094 1470 tra
2148 1423 2323 1470 semet
2353 1414 2460 1484 ipsi
2498 1414 2836 1470 bacchantes
2884 1426 2945 1471 et
2980 1417 3344 1483 insanientes,
3395 1434 3593 1473 novam

2006 1506 2301 1578 quamdam
2325 1516 2388 1562 et
2419 1509 2613 1561 miram
2646 1518 2958 1577 sequuntur
2985 1511 3282 1565 rationem.

320 1608 386 1681 Π.
424 1608 524 1662 1ἱὲ
545 1608 1064 1682 υ.]τμετερχομένης
1104 1608 1201 1661 καὶ
1262 1605 1601 1676 ἐλαυνούσης
1627 1602 1828 1665 αὐτοὺς
1892 1600 1990 1654 καὶ
2021 1600 2137 1654 τῶν
2184 1599 2679 1671 κορυϐαντιῶντιον
2728 1601 2951 1672 χείρους
2988 1605 3274 1674 ποιούσης.
3315 1605 3457 1674 Πρὸς
3487 1606 3599 1674 γάρ

314 1706 504 1767 αὐτοῖς
539 1705 635 1757 καὶ
668 1702 889 1767 πλείους
917 1699 1100 1755 αὐτῶν
1151 1702 1332 1771 ἐτεροι
1397 1701 1468 1754 τά
1495 1700 1659 1769 ὅμοια
1720 1695 2115 1762 ἐπεπόνθεσαν,
2184 1695 2279 1748 καὶ
2322 1695 2399 1758 ὡς
2430 1695 2792 1766 ἐμϐρόντητοι
2858 1712 3003 1759 τινες
3038 1698 3143 1751 καὶ
3189 1698 3441 1768 θεηλάτφ
3474 1716 3603 1770 δια..

322 1800 415 1871 νίᾳ
446 1797 555 1851 τινὶ
582 1798 886 1868 πληγέντες
950 1797 1053 1851 οὐκ
1095 1796 1280 1850 ἴσασιν
1316 1796 1344 1849 ὅ
1378 1810 1434 1848 τι
1472 1792 1665 1862 δρῷεν,
1707 1788 1845 1844 ἀλλὰ
1909 1787 2326 1859 περινοστοῦσιν
2373 1789 2422 1841 oi
2487 1788 2772 1852 δυσσεϐεῖς
2820 1788 2914 1842 καὶ
2951 1789 3232 1858 ἐξάγιστοι
3285 1791 3600 1859 μεθυόντων

323 1897 365 1967 ἢ
392 1895 734 1967 μαινομένων
804 1894 987 1963 δίκην,
1048 1894 1175 1948 καθ’
1228 1892 1443 1947 ἑαυτῶν
1494 1887 1860 1961 βακχεύοντές
1917 1903 1977 1940 τε
2016 1885 2114 1938 καὶ
2169 1884 2702 1956 οίστρηλατούμενοι
2748 1885 2938 1940 καινόν
2988 1903 3112 1941 τινα
3163 1889 3260 1941 καὶ
3314 1890 3600 1962 τερατώδη

322 1993 547 2066 τρόπον.

394 2169 485 2237 ς’.
531 2165 674 2234 Ἐγὼ
706 2167 785 2232 δὲ,
828 2166 1058 2236 μηδαμῆ
1088 2165 1187 2219 τοῦ
1233 2163 1431 2231 καιροῦ
1487 2155 1901 2233 συγχωροῦντός

2080 2155 2173 2210 Vl.
2232 2153 2504 2223 Equidem
2556 2168 2686 2209 cum
2741 2153 2798 2208 in
2851 2154 3021 2210 rebus
3067 2155 3347 2212 similibus
3392 2159 3600 2213 morari

328 2282 422 2335 μοι
448 2266 559 2325 τοῖς
593 2262 798 2333 ὁμοίοις
823 2261 1187 2333 ἐνδιατρίϐειν
1212 2261 1269 2322 ἐς
1295 2260 1355 2311 τὸ
1383 2256 1560 2327 παρὸν
1591 2254 1900 2325 ἀφηγήμα-

325 2374 433 2429 σιν,
463 2357 548 2425 ἐφ’
582 2356 749 2423 ἕτερα
786 2355 1087 2424 τρέψομαι,
1147 2352 1500 2421 πλατυτέραν
1553 2350 1774 2418 ἐκείνης
1804 2366 1899 2400 τα-

328 2449 697 2518 μιευσάμενος
726 2447 826 2519 τὴν
853 2448 1139 2517 ἀφήγησιν
1170 2445 1248 2508 ὡς
1276 2444 1426 2506 είκδς
1471 2443 1704 2512 προϊών.
1740 2443 1904 2507 ’Λρτι

325 2545 435 2612 γάρ
470 2543 629 2610 περἰῖξ
663 2539 878 2611 τροπὰς
936 2540 1156 2609 θερινὰς
1215 2537 1309 2591 τοῦ
1342 2536 1502 2607 ἡλίου
1552 2533 1900 2605 ἐληλυθότος,

315 2636 513 2690 ἕνδεκα
567 2636 760 2689 ναυσὶν
817 2635 883 2687 ἐκ
926 2632 1244 2696 Βυζαντίων
1299 2630 1538 2701 λιμένων
1568 2631 1594 2682 ό
1643 2625 1903 2697 βασιλεὺς

324 2728 583 2797 ἀναχθεὶς
647 2724 1109 2795 Καντακουζηνδς
1186 2722 1478 2792 ἑϐδομαῖος
1548 2722 1606 2782 ἐς
1674 2715 1904 2770 Τένεδον

326 2817 1073 2890 ἀφικνεῖται,“πολεμησείων
1107 2816 1226 2868 ἐκεῖ
1252 2814 1332 2881 τῷ
1382 2810 1624 2882 γαμϐρῷ
1664 2809 1906 2862 Παλαισ-

323 2913 497 2983 λόγῳ’
563 2911 756 2981 ἤλπιζε
792 2911 901 2980 γάρ
934 2910 1081 2963 δυοῖν
1132 2907 1389 2977 θάτερον,
1425 2905 1458 2977 ἢ
1496 2902 1765 2975 προδοσίᾳ
1796 2901 1906 2954 τῶν

322 3006 536 3060 ἔνδοθεν
564 3005 598 3076 ἦ
628 3009 696 3075 τῇ
723 3004 922 3071 ἔξωθεν
954 3002 1105 3072 μάχῃ
1132 2998 1471 3069 ἀφυλάκτοις
1500 2999 1566 3050 ἐκ
1598 2996 1694 3049 τοῦ
1724 2996 1909 3064 αίφνιο

323 3099 441 3153 δίου
474 3094 844 3164 ἐπεισπεσὼν,
876 3094 1042 3150 αὐτόν
1070 3110 1132 3146 τε
1173 3094 1292 3160 ’ἁμα
1332 3094 1428 3146 καὶ
1453 3091 1514 3142 τὸ
1543 3090 1643 3160 τῆς
1669 3089 1901 3142 Τενέδου

327 3191 739 3262 καταλήψεσθαι
789 3187 1075 3259 φρούριον,
1130 3185 1227 3241 καὶ
1285 3184 1404 3237 ἀντ’
1437 3183 1607 3237 αὑτοῦ
1664 3182 1758 3235 τὸν
1787 3180 1905 3233 υίὸν

325 3283 517 3339 αὐτόθι
543 3281 890 3351 καταλείψειν
931 3278 1236 3344 Ματθαῖον,
1284 3276 1365 3347 τῷ
1395 3277 1566 3347 πατρὶ
1597 3273 1907 3343 τηνικαῦτα

330 3376 679 3448 συμπλέοντα
732 3373 870 3445 ὁμοῦ
929 3374 995 3442 τῇ
1048 3370 1295 3440 συζύγῳ.
1349 3369 1503 3423 Ἐπεὶ
1530 3369 1588 3422 δὲ
1616 3366 1696 3439 τῷ
1722 3366 1908 3437 λιμένι

328 3469 438 3522 τῶν
470 3468 733 3521 Τενεδίων
765 3465 856 3519 τὸν
894 3462 1157 3517 εἴσπλουν
1197 3460 1652 3533 προαισθομένων
1680 3458 1742 3522 ἐξ
1777 3458 1906 3525 ἐφό-

327 3564 417 3617 δου
452 3560 790 3630 ποιήσασθαι
845 3559 1054 3630 ἥκιστα
1094 3557 1280 3628 ἔσχεν,
1336 3556 1431 3608 ἐπὶ
1473 3552 1682 3623 θάτερα
1715 3548 1906 3602 λοιπὸν

327 3653 425 3721 τῆς
463 3653 630 3720 νήσου
692 3648 1096 3721 παραπλεύσας
1150 3646 1360 3702 πάσαις
1418 3641 1521 3714 μὲν
1549 3642 1617 3712 τῇ
1656 3642 1726 3709 γῇ
1784 3641 1906 3702 ταῖς

324 3745 518 3797 ναυσὶν
564 3741 837 3812 ἀποϐῆναι
873 3738 1255 3811 προσσχόντας
1304 3736 1511 3806 ἥκιστα.
1540 3731 1729 3802 ἔκρινε
1759 3729 1904 3791 δέον,

322 3837 434 3891 δέει
467 3835 559 3890 τοῦ
590 3837 666 3907 μὴ
688 3834 766 3904 τῷ
803 3833 1044 3904 πλείστῳ
1071 3833 1230 3904 μέρει
1266 3829 1605 3890 κενωθείσας
1646 3825 1748 3889 τὰς
1772 3822 1906 3887 ναῦς

325 3926 401 3994 τῷ
440 3923 787 3993 Παλαιολόγῳ
814 3921 915 3993 τὴν
967 3918 1217 3990 γνώμην,
1255 3915 1745 3988 προστεθειμένας,
1803 3912 1903 3981 ζη-

330 4017 596 4090 μιωθῆναι
630 4017 704 4087 μὴ
733 4016 894 4086 μόνον
922 4013 1015 4067 τὸν
1037 4012 1260 4066 ἅπαντα
1283 4009 1475 4064 στόλον
1519 4006 1642 4077 μεθ’
1669 3999 1745 4060 ὧν
1773 4005 1903 4072 ἀφί-

324 4126 485 4163 κοντο
536 4107 871 4179 σκεμμάτων
923 4124 984 4160 τε
1018 4108 1111 4160 καὶ
1147 4103 1535 4175 βουλευμάτων
1558 4142 1575 4168 ,
1613 4100 1753 4155 ἀλλὰ
1810 4098 1905 4153 καὶ

327 4202 478 4270 σφῶν
513 4199 693 4254 αὐτῶν
720 4199 917 4262 αὐτοὺς
948 4197 1202 4266 γενέσθαι
1240 4195 1509 4268 προδότας
1532 4192 1768 4264 ἀπονητὶ
1788 4193 1906 4256 τοῖς

328 4295 563 4367 ἐχθροῖς.
596 4293 688 4346 Διὸ
719 4292 785 4360 δὴ
819 4290 914 4345 καὶ
942 4291 1201 4360 τέτταρσι
1236 4289 1432 4359 μόναις
1458 4286 1771 4358 ἐπέτρεψαν
1803 4285 1905 4355 τὴν

326 4388 618 4452 ἀπόϐασιν,
653 4380 740 4451 αἷς
797 4384 1071 4457 ἐθάρρουν
1108 4382 1179 4437 τά
1234 4381 1492 4450 μάλιστα.
1549 4381 1663 4434 Καὶ
1722 4379 1905 4432 τοίνυν

260 4548 265 4553 ξ
324 4478 426 4546 τῆς
474 4474 799 4538 ἀποϐάσεως
855 4472 1157 4542 γινομένης
1189 4472 1291 4542 ήδη
1348 4470 1445 4524 καὶ
1473 4469 1904 4540 ἡτοιμασμένων

263 4569 271 4585 ³
321 4562 404 4628 οἷς
446 4565 544 4634 μὲν
573 4563 905 4616 ἐπετέτακτο
940 4562 1052 4632 πῦρ
1077 4563 1191 4624 τοῖς
1223 4560 1335 4613 τῶν
1357 4558 1652 4630 ἀσταχύων
1693 4560 1905 4611 ἐκεῖναι

322 4658 655 4726 δράγμασιν,
712 4648 794 4718 οἷς
841 4653 886 4708 δ’
936 4652 1196 4724 ἐκριζοῦν
1245 4652 1347 4715 τὰς
1402 4650 1711 4722 ἀμπέλους,
1745 4640 1826 4713 οἷς
1855 4650 1903 4702 δ’

320 4750 605 4819 ἀγώγιμον
629 4750 692 4802 ἐκ
724 4749 822 4818 τῆς
855 4748 1025 4820 νήσου
1055 4746 1116 4799 τὸ
1166 4744 1313 4814 ὕδωρ
1353 4744 1412 4808 ἐς
1439 4744 1540 4807 τὰς
1572 4744 1704 4806 ναῦς
1738 4742 1903 4812 κομί-

2006 2258 2235 2320 propter
2293 2246 2558 2317 temporis
2612 2246 2885 2302 rationem
2944 2248 3174 2303 minime
3207 2248 3394 2312 liceat,
3447 2265 3602 2304 nunc

2007 2340 2323 2397 narratione
2347 2338 2412 2393 ad
2450 2340 2558 2393 alia
2581 2354 2754 2402 versa,
2792 2337 3057 2407 proiix'or
3102 2341 3391 2396 absumus
3417 2356 3596 2411 expo-

2007 2431 2332 2494 sitio’neJuti
2350 2431 2532 2495 decet,
2549 2445 2791 2501 pergam.
2810 2431 2935 2500 Ipso
2961 2430 3131 2501 igitur
3147 2433 3387 2489 solstitio
3408 2442 3602 2490 t'l‘SllVO

2006 2524 2264 2578 undecim
2292 2523 2526 2578 navibus
2560 2532 2749 2578 vectus
2781 2538 2813 2577 e
2835 2533 3000 2593 portu
3033 2523 3294 2594 Byzantio
3324 2525 3597 2580 Cantacu-

2013 2633 2187 2672 zenus
2207 2617 2370 2687 imp.,
2405 2616 2495 2672 die
2524 2615 2761 2685 septimo
2785 2615 3070 2671 Tenedum
3092 2619 3346 2687 pervenit
3360 2633 3486 2673 cum
3503 2618 3608 2674 Pa-

2007 2710 2237 2779 laeologo
2261 2707 2410 2775 aﬂini
2461 2707 2537 2762 ibi
2570 2706 2960 2765 dimicaturus.
2997 2707 3268 2778 Sperabat
3300 2714 3449 2767 enim
3487 2714 3609 2769 fore

2005 2803 2366 2865 alterutrum,
2400 2808 2462 2854 ut
2492 2808 2589 2853 aut
2620 2799 2930 2855 incolarum
2963 2801 3277 2870 proditione
3299 2817 3394 2857 aut
3424 2822 3605 2877 pugna

2009 2903 2165 2949 extra
2194 2893 2487 2949 commissa
2535 2892 2591 2945 in
2623 2891 2776 2946 viros
2805 2893 3060 2948 custodia
3089 2894 3389 2951 destitutos
3418 2899 3608 2955 subito

2011 2984 2265 3040 incidens
2287 2984 2466 3053 ipsum
2493 2983 2991 3054 simulqoeTeuedi
3017 2987 3331 3055 praesidium
3359 3000 3606 3060 caperet,

2010 3093 2066 3137 et
2091 3097 2192 3153 pro
2220 3095 2279 3136 se
2319 3080 2491 3135 lilium
2517 3080 2591 3135 ibi
2628 3074 2975 3151 relinqueret
3004 3081 3342 3150 Matthaeum,
3365 3088 3461 3157 qui
3495 3104 3606 3145 una

2009 3190 2136 3231 cum
2165 3190 2337 3230 uxore
2366 3189 2435 3229 eo
2471 3184 2720 3244 tempore
2751 3175 3119 3231 comitabatur
3150 3187 3386 3247 patrem.
3442 3181 3606 3238 Post-

2010 3284 2173 3338 quam
2232 3277 2414 3322 autem
2466 3281 2577 3321 non
2604 3266 2786 3336 potuit
2817 3268 3004 3322 statim
3059 3270 3331 3341 attingere
3381 3283 3605 3342 portum

2013 3362 2385 3417 Tenediorum
2417 3358 2625 3432 quippe
2665 3362 2744 3415 rei
2778 3377 2889 3416 non
2920 3364 3238 3434 ignarornm
3271 3384 3285 3421 ι
3336 3369 3498 3424 veriti
3529 3386 3601 3424 ne

2012 3470 2186 3510 naves
2231 3457 2526 3510 maximam
2568 3464 2784 3523 partem
2814 3468 3097 3511 evacuatae
3140 3458 3449 3532 Paltrologo
3478 3464 3602 3533 opi-

2013 3547 2236 3601 nionem
2271 3554 2583 3612 moverent,
2633 3561 2741 3615 qua
2795 3561 2912 3601 non
2943 3546 3122 3603 solum
3164 3558 3280 3604 tota
3324 3552 3605 3621 expeditio

2012 3636 2070 3691 in
2100 3637 2348 3692 consiliis
2386 3647 2438 3691 et
2482 3637 2792 3693 rationibus
2820 3638 2894 3692 sit
2918 3637 3169 3709 decepta,
3193 3641 3356 3712 237
3394 3644 3491 3699 sed
3542 3660 3605 3701 se

2011 3729 2162 3800 ipsos
2214 3731 2300 3785 sui
2366 3729 2544 3800 ipsius
2594 3730 2915 3801 proditores
2976 3734 3128 3788 nulla
3192 3736 3377 3792 dedita
3430 3753 3599 3808 opera

2010 3820 2187 3876 factos
2213 3837 2337 3877 esse
2374 3820 2632 3875 inimicis.
2681 3819 2822 3877 Cum
2852 3817 2986 3876 vero
3013 3822 3272 3879 decessus
3301 3827 3603 3895 parabatur

2012 3915 2216 3984 aliique
2261 3929 2322 3969 se
2373 3912 2737 3984 accingebant
2780 3913 3084 3984 manipulis
3131 3917 3407 3986 spicarum
3457 3921 3602 3990 jussi

2011 4006 2315 4063 immittere
2346 4008 2551 4077 ignem,
2583 4005 2678 4060 alii
2709 4007 3021 4076 exstirpare
3049 4007 3211 4075 vites,
3260 4009 3354 4064 alii
3397 4028 3598 4082 aquam

2010 4098 2305 4155 viatoriam
2333 4115 2399 4154 ex
2433 4099 2616 4154 insula
2654 4099 2706 4151 in
2737 4113 2907 4154 naves
2938 4102 3386 4169 portare,subito
3411 4105 3600 4160 fortis-

2015 4194 2153 4249 sima
2210 4191 2451 4263 praesidii
2503 4190 2866 4246 Tenediensis
2918 4207 3047 4261 pars
3098 4195 3288 4265 erupit
3335 4213 3403 4252 ex
3445 4200 3598 4257 urbis

2013 4286 2187 4355 pOI‘liB
2235 4285 2452 4355 pedites
2502 4292 2560 4339 et
2613 4283 2852 4351 equites.
2904 4299 3087 4355 pugna
3136 4295 3291 4343 atrox
3347 4291 3412 4344 ad
3467 4292 3601 4348 litus

2007 4377 2245 4432 conﬂata
2275 4385 2395 4441 est,
2445 4385 2644 4431 nautas
2696 4389 2806 4429 non
2839 4375 3192 4445 patiebantur
3227 4395 3431 4450 aquam
3461 4384 3601 4439 hau-

2011 4470 2146 4530 rire.
2183 4469 2278 4525 sed
2318 4468 2599 4538 puppibus
2632 4468 2870 4524 desectis
2908 4483 3005 4523 eos
3051 4474 3261 4527 reverti
3301 4477 3597 4545 cogebant.

2010 4564 2183 4628 Quam
2215 4563 2285 4615 ob
2316 4577 2435 4616 rem
2473 4561 2755 4631 paululum
2806 4577 2839 4616 a
2905 4571 3047 4617 terra
3086 4567 3280 4621 remoti
3312 4568 3598 4639 Byzantini

2010 4668 2179 4707 naves
2236 4652 2547 4719 sistebant;
2604 4650 2915 4720 insequenti
2980 4652 3072 4707 die
3118 4656 3318 4712 solutis
3355 4665 3597 4729 ancoris,

2012 4745 2177 4799 tertio
2206 4746 2294 4801 die
2325 4743 2395 4798 ad
2442 4743 2685 4799 Imbrum
2733 4745 2971 4803 insulam
3009 4750 3363 4818 appellebant
3385 4793 3399 4813 .
3432 4771 3599 4825 quam

319 4844 459 4907 ζειν,
487 4843 649 4903 εὐθὺς
674 4839 912 4910 ἐξεπήδα
938 4841 1039 4910 τῆς
1067 4838 1327 4900 Τενεδὶας
1350 4837 1622 4899 ὁπλίσεως
1644 4835 1707 4888 τὸ
1727 4837 1901 4905 ἐρῤω-

2011 4835 2177 4890 etiam
2207 4834 2315 4922 sibi
2354 4834 2611 4889 infestam
2658 4836 2983 4896 credebant.
3046 4842 3235 4912 Ibique
3290 4844 3492 4897 similia
3545 4856 3602 4900 et

323 4934 647 5003 μενέστερον
681 4934 745 4985 ἐκ
775 4932 884 4983 τῶν
942 4930 1036 4984 τοῦ
1094 4929 1360 5000 φρουρίου
1397 4927 1606 4993 πυλῶν,
1645 4926 1804 4989 πεζοί
1837 4943 1901 4978 τε

2009 4936 2245 4997 egerunt
2268 4936 2323 4982 et
2345 4927 2486 4996 passi
2512 4936 2663 4994 sunt,
2694 4936 2752 4984 et
2770 4930 3032 4988 abierunt
3061 4932 3289 5002 IEnum,
3325 4937 3592 5005 Oppidum

319 5028 416 5079 καὶ
444 5026 654 5090 ἱππεῖς,
686 5024 779 5077 καὶ
826 5025 1005 5093 μάχην
1038 5024 1277 5094 στεῤῥάν
1315 5020 1470 5090 παρά
1523 5022 1617 5073 τὸν
1649 5018 1901 5087 αἰγιαλὸν

2011 5020 2398 5075 Cautacnzeuo
2421 5020 2681 5075 amicum.
2713 5021 2845 5077 Inde
2876 5024 3133 5081 Matthaeo
3167 5044 3311 5083 novo
3347 5045 3475 5100 rege
3518 5047 3604 5081 re-

321 5116 724 5185 συστησάμενοι
758 5116 867 5169 ούδ’
898 5113 1269 5185 ὑδρεύσασθαι
1298 5114 1427 5175 τοὺς
1461 5111 1755 5173 ναυτικοὺς
1784 5109 1901 5164 εἷα-

2007 5112 2141 5166 licto
2169 5126 2277 5165 una
2304 5127 2433 5166 cum
2471 5127 2642 5167 uxore
2671 5114 2960 5171 celerrime
2984 5134 3109 5173 cum
3134 5120 3329 5175 decem
3360 5123 3596 5175 navibus

319 5223 444 5270 σαν,
478 5206 595 5259 ἀλλ’
632 5208 954 5275 ⁴ήνόιγκοισςω
1006 5210 1063 5257 ἐν
1120 5203 1316 5276 βραχεῖ
1347 5205 1417 5257 τά
1458 5205 1781 5274 πρυμνήσια
1817 5219 1901 5255 τε·

2007 5202 2329 5273 Byzantium
2358 5203 2792 5272 perveniebant;
2819 5208 2983 5263 unius
3011 5210 3158 5265 enim
3192 5211 3510 5279 praesidium
3541 5214 3593 5264 in

322 5302 526 5368 μόντας
558 5299 843 5353 ἀποπλεῖν.
885 5297 1052 5352 Ὅθεν
1083 5298 1150 5368 δὴ
1195 5298 1293 5351 καὶ
1325 5296 1523 5366 μικρὸν
1558 5295 1901 5356 ἀποστάντες

2009 5294 2227 5349 duobus
2265 5296 2561 5352 itineribus
2591 5301 2658 5352 ad
2709 5296 2994 5356 Tenedum
3038 5314 3097 5358 et
3134 5304 3378 5361 imbrum
3433 5304 3598 5360 factis

318 5391 419 5459 τῆς
454 5392 560 5462 γῆς
589 5395 638 5446 οί
702 5392 987 5456 Βυζάντιοι
1024 5390 1123 5452 τὰς
1186 5388 1320 5451 ναῦς
1356 5388 1725 5458 ἀνεκώχευον,
1766 5390 1832 5458 τῇ
1862 5387 1901 5440 δ¹

2011 5387 2078 5443 ad
2110 5388 2477 5459 Palteologum
2506 5405 2691 5465 regem
2722 5390 3025 5450 descivisse
3052 5396 3280 5453 dicitur.

316 5483 585 5557 ὑστεραίᾳ
643 5487 741 5550 τὰς
774 5485 1025 5555 ἀγκύρας
1080 5483 1144 5556 [ί.
1190 5483 1293 5538 125
1328 5481 1401 5556 r.]
1457 5481 1823 5544 ἀναλαϐόντες
1863 5484 2100 5551 τριταῖοι
2148 5484 2204 5545 ἐς
2275 5482 2503 5555 Ἴμϐρον
2543 5492 2644 5557 τὴν
2674 5489 2840 5556 νῆσον
2885 5492 3288 5550 κατέπλευσαν,
3324 5491 3594 5561 πολεμίαν

315 5576 616 5646 ἡγούμενοι
646 5580 741 5632 καὶ
781 5579 974 5650 αὐτήν.
1044 5576 1344 5632 Κάνταῦθα
1395 5578 1466 5629 τά
1530 5578 1692 5647 ὃμοια
1721 5575 2026 5647 δράσαντές
2086 5592 2145 5630 τε
2177 5578 2274 5631 καὶ
2336 5580 2609 5645 παθόντες
2646 5583 2886 5656 πλήρεσι
2915 5586 3133 5649 κώπαις
3155 5585 3417 5638 κάκεῖθεν
3446 5586 3595 5659 ἀπῄ-

314 5645 569 5735 εσανείς
605 5667 767 5726 Λίνον
792 5645 921 5744 τὴνἾ
949 5671 1127 5736 πόλιν,
1184 5645 1630 5742 Καντακουςηνῷ
1694 5645 2126 5744 προσκειμένην.
2170 5673 2342 5727 Ἔνθα
2373 5674 2437 5744 δὴ
2480 5645 2777 5733 Ματθαῐον
2801 5679 2897 5733 τὸν
2960 5681 3083 5734 νέον
3115 5645 3126 5649 ⁷
3154 5678 3381 5748 βασιλέα
3414 5645 3589 5734 καται-

314 5762 569 5831 λιπόντες
621 5766 721 5821 σὺν
775 5768 842 5834 τῆ
909 5764 1129 5835 συζύγῳ
1187 5766 1421 5835 τάχιστα
1476 5767 1755 5836 ἐπανῆκον
1824 5767 1958 5821 δέκα
1998 5769 2191 5823 ναυσὶν
2254 5770 2335 5833 είς
2389 5768 2723 5835 Βυζάντιοψ
2783 5774 2880 5842 τῆς
2914 5774 3024 5845 γὰρ
3058 5777 3185 5845 μιᾶς
3224 5776 3285 5829 τὸ
3313 5777 3592 5848 πλήρωμά
