4034 6526
409 317 510 381 207

1608 317 2029 381 NICEPHORI
2068 280 2451 383 enaconza

3584 313 3692 378 208

406 445 574 499 φασιν
605 430 665 483 ἐν
692 427 843 484 δυσὶν
865 427 1225 497 ἀποϐάσεσιν,
1258 425 1347 495 αἷς
1406 432 1544 503 πρὸς
1611 431 1835 484 Τένεδόν
1869 449 1924 485 τε
1959 438 2054 488 καὶ
2092 436 2322 507 Ἴμϐρον
2354 434 2707 507 πεποίηνται,
2732 434 2866 505 πρὸς
2892 416 3266 502 Παλαιολόγον
3295 430 3696 503 ηὐτομοληκέ-

405 540 494 578 ναι
526 525 620 578 τὸν
654 522 905 593 βασιλέα.

479 621 589 677 Vll.
619 620 909 685 Equidem,
932 621 1079 691 quod
1104 621 1371 677 debebam
1432 622 1592 690 paulo
1613 631 1741 677 ante
1763 639 1982 679 narrare

2166 630 2240 683 Z'.
2288 625 2430 694 Ἐγὼ
2456 626 2502 680 δ’
2536 626 2564 680 δ
2600 625 2785 696 μικρῷ
2817 623 3056 695 πρόσθεν
3081 623 3250 694 ἐχρῆν
3275 608 3689 696 ἀφηγήσασθαι

410 712 487 767 ibi
515 712 753 777 cessavi,
785 707 996 767 veritus
1029 727 1097 766 ne
1119 712 1361 768 animum
1392 720 1546 767 tuum
1572 713 1988 781 perturbarem;

404 822 555 862 nunc
584 817 770 860 autem
800 804 1105 861 amicorum
1130 815 1187 861 et
1208 803 1641 861 commilitonum
1674 808 1840 877 238
1872 816 1989 862 tuo-

408 916 527 952 rnm
559 899 774 969 jussum
824 913 1118 967 exsequar.
1170 899 1399 968 Eulogia
1448 899 1635 963 enim,
1685 915 1807 969 qua:
1860 910 1990 955 tunc

404 1003 525 1049 erat
555 994 743 1064 regina
769 1007 1182 1063 cognomenque
1208 992 1419 1063 justum
1450 993 1623 1045 invita
1652 990 1909 1045 etverbis
1934 1000 1990 1047 et

405 1088 565 1141 factis
599 1094 757 1139 nacta
789 1094 1072 1150 erat,cum
1103 1094 1323 1154 propter
1352 1082 1538 1138 divina
1563 1084 1821 1139 Ecclesiae
1850 1099 1989 1154 prte-

402 1191 560 1247 cepta
606 1177 949 1232 calamitates
984 1179 1191 1230 multas
1231 1185 1289 1230 et
1340 1177 1752 1245 persecutiones
1807 1176 1987 1232 varias

401 1270 799 1339 infortuniique
830 1270 1070 1338 impetus
1097 1267 1425 1322 subiissetet
1453 1267 1506 1321 in
1538 1276 1822 1322 senectute
1852 1282 1988 1336 prte-

403 1375 486 1420 ter
518 1366 624 1419 alia
666 1365 721 1418 in
753 1362 957 1418 multos
988 1360 1271 1417 incidisset
1304 1360 1531 1416 morbos
1557 1400 1570 1424 ,
1622 1361 1694 1413 ita
1727 1361 1898 1431 igitur
1929 1369 1986 1415 et

399 1454 557 1511 brevi
589 1466 833 1525 tempore
857 1466 1087 1521 corpore
1117 1451 1238 1524 ejus
1289 1462 1620 1521 consumpto
1671 1451 1736 1506 ad
1778 1450 1983 1519 sempi-

402 1558 615 1602 ternam
666 1545 813 1600 illam
863 1553 920 1598 et
962 1543 1181 1597 beatam
1228 1540 1396 1596 vitam
1445 1541 1771 1596 assurrexit.
1826 1541 1985 1603 Nunc

400 1639 569 1707 igitur
597 1636 759 1691 amici
794 1644 847 1691 te
878 1635 1156 1699 invocant,
1191 1642 1251 1688 ut
1277 1633 1576 1703 epitapltiis
1608 1624 1698 1688 illa
1727 1643 1979 1700 ornetur,

400 1742 525 1783 cum
561 1735 616 1781 et
659 1726 815 1781 multi
846 1724 1025 1780 morbi
1055 1739 1249 1779 eorum
1280 1723 1375 1793 qui
1400 1725 1519 1793 ejus
1544 1724 1818 1779 tumulum
1849 1724 1982 1780 visi-

401 1828 518 1871 tant
545 1826 736 1887 aperte
765 1816 1162 1884 celerrimeque
1196 1816 1624 1884 propulsantnr.
1688 1816 1801 1869 Hoc
1835 1819 1979 1870 enim

396 1910 564 1981 modo
614 1910 759 1964 Deus
814 1908 1089 1976 improbat
1146 1909 1545 1962 insectatorum
1604 1909 1871 1962 insaniam
1927 1918 1981 1963 et

2097 719 2383 788 βουληθεὶς
2441 714 2564 772 εἶτα
2624 718 2876 786 ἐπέσχον,
2929 716 3028 788 τὴν
3063 716 3164 785 σὴν
3223 715 3475 782 λυπῆσαι
3503 713 3692 786 ψυχὴν

2092 812 2521 880 φυλαττόμενος,
2579 809 2749 875 λέξων
2783 808 3019 879 ἔρχομαι
3057 808 3175 872 νῦν,
3219 806 3321 870 τὰς
3350 807 3471 859 τῶν
3510 807 3691 874 φίλων

2092 904 2186 958 καὶ
2216 901 2636 956 συνάθλων.τῶν
2675 900 2784 955 σῶν
2814 899 3235 970 δυσωπούμενος
3284 897 3540 959 ἐντολάς.
3577 896 3689 949 Εὐ-

2090 998 2247 1068 λογία
2282 998 2393 1067 γὰρ
2427 998 2460 1068 ή
2488 997 2560 1067 τῷ
2590 996 2703 1049 δντι
2732 995 3043 1065 βασίλισσα,
3100 991 3317 1055 καὶτὰς
3349 988 3698 1058 ἐπωνυμίας

2092 1089 2418 1160 συμφώνους
2452 1088 2529 1158 τῷ
2564 1088 2664 1159 βίῳ
2717 1087 2901 1156 λόγοις
2929 1086 3046 1157 ἆμα
3082 1083 3405 1156 κτησαμένη
3444 1084 3547 1137 καὶ
3590 1082 3689 1150 ερ-

2087 1199 2231 1250 γοις,
2267 1182 2500 1245 πολλοὺς
2540 1182 2681 1253 ὑπὲρ
2709 1181 2818 1233 τῶν
2874 1181 3034 1233 θείων
3070 1179 3364 1247 δογμάτων
3396 1176 3511 1243 τῆς
3557 1162 3689 1227 Ἐκ-

2088 1273 2321 1344 κλησίας
2353 1272 2620 1344 θορύϐους
2660 1272 2755 1325 καὶ
2790 1272 3069 1341 διωγμοὺς
3110 1270 3205 1323 καὶ
3241 1268 3510 1330 ποικίλας
3538 1268 3687 1319 ἐπαο

2086 1369 2272 1435 γωγὰς
2301 1365 2601 1437 συμφορῶν
2627 1365 2934 1426 ὑποστᾶσα,
2966 1361 3219 1432 καὶπρὸς
3249 1354 3331 1424 οἷς
3360 1356 3519 1431 εἶχεν
3541 1359 3686 1429 όμοῦ

2085 1456 2162 1527 τῷ
2195 1459 2344 1530 γήρᾳ
2374 1458 2683 1527 νοσήμασιν
2736 1453 2920 1516 ἀλλοις
2980 1453 3252 1523 πρότερον
3293 1452 3388 1504 καὶ
3425 1450 3687 1504 πλείοσιν

2058 1540 2165 1606 ’ἔτι
2229 1551 2711 1622 περιπεπωκυῖα,
2764 1548 2859 1601 καὶ
2928 1546 3132 1608 τελέως
3186 1543 3333 1598 οὕτω
3391 1544 3496 1597 καὶ
3532 1539 3685 1597 κατά

2087 1644 2263 1716 βραχὺ
2294 1645 2354 1698 τὸ
2396 1644 2555 1712 σῶμα
2572 1640 2971 1711 δαπανηθείσα,
3003 1636 3140 1708 πρὸς
3188 1635 3287 1706 τὴν
3315 1634 3494 1690 ἀΐδιον
3528 1636 3684 1686 ἐκεί·

2085 1756 2183 1809 νην
2211 1738 2348 1802 τέως
2403 1737 2639 1808 μετέστη
2669 1733 3076 1804 μακαριότητα.
3107 1727 3223 1782 Νῦν
3253 1727 3350 1783 οῦν
3398 1744 3462 1780 σε
3486 1741 3682 1795 παρα-

2087 1831 2350 1887 καλοῦσιν
2372 1831 2422 1884 oi
2452 1828 2598 1896 φίλοι
2623 1826 2810 1893 λόγοις
2858 1820 3171 1891 ἐπιταφίοις
3201 1820 3426 1888 ἐκείνην
3459 1817 3685 1887 κοσμῆ-

2085 1942 2198 1989 σαι,
2216 1923 2339 1975 ἐπεὶ
2362 1921 2458 1974 καὶ
2487 1918 2661 1973 πολλὰ
2685 1916 2979 1989 προφανῶς
3004 1915 3113 1967 τῶν
3142 1911 3223 1983 τῷ
3252 1911 3480 1981 ἐκείνης
3506 1925 3684 1980 προσ-

395 2002 826 2071 improbitatem.
886 1999 1005 2054 Scis
1034 1999 1181 2053 enim
1214 1998 1397 2068 plane,
1448 2014 1612 2068 quam
1654 1999 1880 2069 gloriam
1925 2009 1981 2054 et

2086 1983 2275 2070 ιόντων
2326 2015 2488 2084 τάφῳ
2540 1983 2829 2081 νοσήματα
2881 2008 2982 2075 τὴν
3015 2005 3276 2077 ταχίστην
3320 2001 3682 2067 ἐλαύνονται,

395 2094 642 2149 nominis
672 2095 754 2149 sui
788 2094 988 2148 famam
1029 2092 1322 2147 Andronici
1355 2092 1499 2163 regis
1535 2092 1629 2146 lilii
1663 2109 1801 2147 uxor
1834 2109 1982 2149 asse-

394 2198 521 2242 cuta
553 2188 646 2247 sit,
671 2195 728 2241 et
753 2186 843 2240 vix
867 2186 1007 2240 duos
1036 2185 1378 2241 matrimonii
1412 2200 1586 2239 annos
1611 2201 1736 2240 cum
1771 2202 1836 2239 co
1872 2188 1980 2242 vita

391 2280 582 2336 fruita.
618 2288 794 2333 morte
819 2277 1013 2347 punita
1045 2276 1118 2331 sit
1148 2290 1203 2331 et
1247 2277 1583 2332 vestimento
1619 2278 1860 2333 contrito
1891 2278 1977 2332 in-

391 2373 522 2425 dula
556 2385 753 2422 omnes
784 2368 1006 2425 divitias
1055 2367 1313 2422 tribuerit
1362 2367 1509 2421 bello
1537 2369 1715 2436 captis
1745 2368 1979 2438 aliisque

391 2461 768 2532 pauperibus;
827 2470 1028 2528 praeter
1079 2458 1174 2522 id,
1224 2465 1491 2527 quantum
1545 2458 1613 2511 ad
1669 2458 1977 2512 ornandum

390 2551 743 2623 magniﬁcum
759 2549 1119 2618 divinumque
1141 2548 1597 2619 pbrontisterium
1621 2549 1973 2619 praestiterit;

388 2644 536 2714 quod
592 2643 765 2713 magis
814 2642 1038 2697 virtutis
1086 2658 1253 2697 causa
1285 2642 1419 2700 fecit
1448 2658 1611 2712 quam
1641 2643 1974 2697 ornamenti.

388 2735 644 2790 Maximis
676 2736 823 2789 enim
842 2744 900 2789 et
924 2733 1227 2803 magnificis
1259 2734 1571 2803 sumptibus
1595 2733 1646 2787 id
1670 2735 1979 2789 construxit

389 2829 577 2898 plures
606 2843 768 2898 qnam
811 2835 1033 2882 centum
1064 2838 1067 2843 ‘
1096 2826 1544 2881 sam-timonialcs
1574 2826 1678 2896 piis
1705 2827 1776 2881 ibi
1803 2843 1978 2882 exer-
2012 2827 2018 2833 ’

393 2921 543 2976 ciliis
578 2930 895 2975 .vacaturas
969 2917 1312 2981 collocabat;
1369 2918 1601 2987 praeibat
1677 2918 1821 2973 enim
1876 2919 1976 2974 be-

386 3016 583 3071 nevola
618 3025 801 3070 mente
854 3013 909 3067 in
942 3013 1350 3077 :iisonrnibus,
1400 3013 1566 3083 239
1614 3031 1733 3084 qua:
1784 3031 1978 3071 neces-

388 3107 533 3162 saria
565 3114 725 3161 erant
761 3114 1022 3174 tanquam
1055 3104 1320 3171 domina;
1376 3103 1429 3158 in
1477 3115 1798 3160 caeterarum
1858 3123 1978 3162 ser-
2016 3114 2021 3121 ‘

384 3214 594 3255 varum.
642 3199 862 3253 illarum
927 3196 1151 3251 modum
1207 3198 1322 3265 ipsa
1370 3196 1765 3257 auxiliabatur.
1801 3214 1976 3268 usque

2082 2106 2177 2160 τοῦ
2209 2104 2346 2159 Θεοῦ
2376 2104 2672 2158 κάντεῦθεν
2722 2102 3042 2171 ἐλέγχοντος
3086 2098 3186 2167 τὴν
3214 2095 3323 2148 τῶν
3355 2093 3680 2167 διωκόντων

2081 2200 2343 2253 ἀπόνοιαν
2372 2197 2469 2251 καὶ
2505 2195 2786 2249 ἀσέϐειαν.
2822 2189 2996 2246 Οἶσθα
3020 2190 3075 2244 δὲ
3103 2189 3198 2243 καὶ
3227 2188 3407 2263 ἄλλως
3426 2185 3506 2249 ὡς
3532 2182 3681 2254 μετά

2081 2291 2278 2361 χρόνον
2313 2306 2415 2342 που
2453 2287 2835 2354 ἐξκαιδέκατον
2876 2283 2955 2353 τῷ
3003 2281 3346 2352 Ἀνδρονίκου
3374 2277 3475 2331 τοῦ
3515 2276 3679 2346 βασι-

2081 2385 2220 2447 λέως
2256 2385 2469 2437 ἐκείνου
2527 2381 2629 2452 υίῷ
2683 2379 2982 2447 συζυγεῖσα
3035 2375 3176 2447 μετὰ
3203 2372 3408 2444 πολλῆς
3434 2374 3540 2443 τῆς
3587 2369 3679 2425 εὐ-

2084 2479 2268 2544 κλείας
2323 2477 2418 2529 καὶ
2462 2475 2643 2545 δόξης,
2685 2462 2781 2525 καὶ
2817 2472 2970 2543 μόλις
3002 2487 3102 2522 που
3131 2469 3225 2523 δύο
3252 2467 3451 2538 μόνους
3480 2460 3674 2518 ὲνιάυ-

2082 2569 2208 2631 τοὺς
2235 2567 2430 2636 ἐκείνῳ
2475 2564 2569 2618 τοῦ
2627 2562 2745 2634 βίου
2787 2548 3315 2622 συναπολελαυκυϊα,
3340 2554 3567 2623 θανάτῳ
3608 2568 3670 2604 τε

2079 2658 2270 2713 τοῦτον
2299 2656 2461 2719 εὐθὺς
2488 2654 2792 2723 ἐζημίωται
2822 2651 2918 2703 καὶ
2960 2650 3077 2718 ἅμα
3102 2646 3389 2718 τριϐώνιον
3418 2640 3671 2698 ὑποδῦσα

2080 2747 2170 2800 τὸν
2192 2746 2412 2799 ἃπαντα
2451 2730 2682 2796 πλοῦτον
2703 2740 2939 2805 διένειμε
2968 2736 3340 2809 αἰχμαλώτοις
3360 2736 3459 2788 καὶ
3499 2733 3675 2801 πένη-

2081 2855 2166 2892 σιν
2193 2836 2396 2901 ἀλλοις,
2426 2835 2567 2905 πλὴν
2611 2833 2645 2902 ἢ
2672 2834 2794 2885 ὅσον
2812 2816 2911 2893 ἐίς
2937 2832 3037 2900 τὴν
3087 2826 3356 2895 πολυτελῆ
3387 2813 3499 2880 τοῦ
3521 2824 3671 2879 θείου
3708 2899 3713 2903 ς

2080 2929 2503 3002 φροντιστηρίου
2567 2923 2917 2994 κατασκευὴν
2977 2923 3189 2975 ἐκείνου
3252 2919 3588 2984 κεκένωκεν,
3640 2914 3709 2970 δ’

2080 3022 2411 3094 περιϐόητον
2445 3019 2648 3090 μᾶλλον
2683 3020 2762 3080 είς
2798 3016 3001 3086 ἀρετὴν
3043 3014 3426 3082 κατεστήσατο
3457 3013 3493 3083 ἦ
3530 3011 3669 3081 πρὸς

2079 3117 2453 3184 κατασκευήν.
2490 3111 2751 3181 Δαψιλέσι
2814 3109 2913 3180 μὲν
2947 3109 3056 3179 γὰρ
3086 3109 3179 3162 καὶ
3212 3105 3539 3159 πολυτελέσι
3570 3103 3668 3156 δα·

2080 3208 2280 3272 πάναις
2308 3204 2725 3277 ᾠκοδομήσατο,
2773 3200 2994 3262 πλείους
3043 3197 3098 3251 δὲ
3125 3195 3462 3277 τῶνέκατὺν
3504 3211 3672 3265 μονα-

390 3280 920 3366 ἱιιοιιΙ-ῑιιέιηιπτριεὶέ
942 3288 1076 3359 quid
1106 3287 1390 3343 sordidius
1419 3288 1588 3343 etiam
1622 3298 1761 3351 erat,
1834 3301 1889 3344 et
1920 3292 1971 3345 in

2079 3304 2277 3369 ζούσας
2302 3271 2424 3355 κατ’
2465 3271 2698 3367 ἐκλογὴν
2728 3278 3093 3348 ὲνασκεῖσθαι
3130 3271 3458 3360 συνήθροισε
3487 3286 3666 3354 τούτῳ
3702 3304 3713 3311 ’

385 3385 707 3439 universum
758 3384 1029 3454 cujusque
1078 3381 1302 3436 virtutis
1352 3366 1709 3437 et‘candidae
1756 3383 1883 3437 vita:
1912 3397 1971 3437 se

384 3475 679 3546 proposuit
712 3475 1060 3544 exctnplunt,
1108 3474 1579 3544 septuagesimum
1635 3475 1753 3529 fere
1806 3490 1973 3545 agens

384 3583 617 3622 annum.
651 3567 722 3622 Et
748 3568 878 3635 quid
912 3581 1052 3636 Opus
1082 3575 1170 3621 est
1196 3565 1486 3636 tibi‘plura
1514 3581 1815 3636 exponere,
1845 3583 1971 3621 cum

385 3659 600 3713 caneris
650 3658 849 3712 melius
895 3657 1047 3713 illius
1089 3672 1270 3713 meres
1325 3656 1570 3713 noveris?
1597 3656 1727 3711 Nam
1776 3658 1974 3726 sepius

386 3759 440 3803 lc
465 3748 660 3803 audire
707 3748 956 3810 memini,
987 3764 1110 3818 qua:
1157 3748 1212 3802 in
1250 3747 1343 3802 illa
1378 3746 1590 3804 fuerint
1619 3747 1848 3818 pulchra
1880 3763 1973 3804 ex-

383 4027 617 4098 loquens
647 4038 703 4083 et
737 4038 925 4083 tacens
952 4026 1179 4082 stimulo
1220 4036 1440 4098 semper
1477 4027 1544 4082 iis
1581 4028 1673 4097 qui
1722 4027 1972 4093 aderant,

384 4128 441 4175 et
468 4136 723 4192 magnum
755 4130 813 4176 et
841 4121 1105 4176 invictum
1145 4119 1269 4174 vitae
1298 4119 1630 4174 monasticae
1657 4121 1973 4191 exemplum

385 4222 442 4268 et
458 4213 1029 4269 sanctimoniaaaerem
1044 4214 1352 4283 penetranti
1372 4212 1593 4266 habitus
1605 4226 1769 4281 quam
1786 4211 1976 4266 ﬁrmus

386 4410 578 4450 norma
620 4406 677 4450 et
716 4395 944 4466 justitize
973 4404 1180 4449 statera
1206 4402 1503 4448 accurata.
1542 4393 1652 4448 Nec
1681 4408 1790 4448 non
1824 4394 1975 4449 velo-

385 4489 544 4542 cibus
612 4498 669 4543 et
721 4484 959 4541 fortibus
994 4485 1207 4539 animi
1242 4486 1486 4539 motibus
1541 4500 1688 4539 sana:
1745 4485 1977 4542 aderant

394 4580 666 4645 rationes,
701 4594 881 4648 neque
913 4591 1110 4632 manus
1130 4575 1339 4633 nemini
1372 4575 1621 4631 omnium
1654 4591 1835 4647 neque
1874 4577 1978 4633 lin—-

2079 3394 2315 3466 σεμνῶς.
2352 3388 2496 3444 Ἀλλ’
2533 3389 2725 3450 αὐταῖς
2753 3387 2846 3438 καὶ
2871 3382 3013 3453 αὐτὴ
3042 3378 3451 3449 συνδῑηκονεῖτό
3483 3392 3546 3431 τε
3571 3372 3668 3429 καὶ

2074 3485 2466 3556 ἀμφεπονεῖτο,
2489 3477 2805 3551 χορηγοῦσα
2835 3476 2934 3544 μὲν
2958 3473 3178 3543 ἀφθόνῳ
3199 3469 3394 3540 γνώμῃ
3428 3468 3499 3522 τὰ
3526 3465 3669 3521 κατά

2075 3579 2267 3652 χρείαν
2297 3575 2560 3644 διηνεκῶς
2591 3573 2667 3637 ὡς
2722 3569 2910 3640 κυρία,
2955 3566 3328 3637 συναιρομένη
3358 3563 3407 3616 δ’
3433 3563 3498 3629 ἐξ
3528 3564 3666 3629 ἔφη-

2079 3671 2275 3745 μερίας
2334 3670 2430 3724 κα⁴ι
2486 3667 2628 3738 αὐτὴ
2680 3667 2774 3718 τὸν
2826 3664 3034 3725 πάσαις
3090 3659 3336 3721 ἐκείναις
3392 3656 3666 3724 ἀνάλογον

1327 3763 1343 3841 ξ
1372 3748 1590 3841 luerim
1619 3748 1848 3841 Pu“:th
1880 3763 1973 3841 θπῇ
2023 3760 2029 3767 ’
2078 3765 2142 3839 [ί.
2169 3765 2269 3819 l2?)
2286 3762 2364 3834 v.1
2386 3762 2589 3832 τρόπον
2617 3758 2807 3827 ὥσπερ
2836 3748 3161 3826 όμόδουλος,¹
3181 3750 3310 3822 ἀχρι
3342 3748 3460 3802 τῶν
3487 3748 3658 3802 όπτα-

383 3851 680 3912 ponentem
716 3851 771 3895 et
803 3839 1561 3895 inllatnntantem"auditores
1616 3840 1868 3908 protinus
1905 3839 1973 3893 ad
2023 3858 2029 3870 ι

386 3949 633 3989 amorem
669 3934 826 3989 bonae
859 3934 1005 3999 vitae,
1039 3933 1168 4003 quia
1194 3931 1458 3989 acri'erat
1482 3941 1668 3987 mente
1691 3932 1892 3986 femina
1919 3941 1975 3986 et
2024 3956 2029 3959 λ

2024 4036 2028 4045 ’
2079 4056 2204 4101 σαις
2238 4036 2442 4105 ἑαυτὴν
2489 4033 2811 4105 προτιθεῖσα
2837 4031 2933 4085 καὶ
2982 4030 3099 4102 βίου
3132 4027 3335 4100 σεμνοῦ
3371 4027 3541 4097 μέχρι
3570 4025 3664 4079 καὶ

2021 4120 2027 4133 “
2079 4131 2137 4192 ἐς
2180 4128 2339 4197 δεῦρο
2391 4123 2707 4197 διήρκεσεν,
2764 4119 3170 4190 ἑϐδομηκοστὸν
3225 4119 3394 4195 ἐγγύς
3429 4135 3537 4172 που
3564 4115 3666 4185 τῆς

2026 4221 2031 4225 ’
2077 4221 2292 4293 ἡλικίας
2323 4219 2533 4287 ἀγουσα
2557 4216 2769 4287 χρόνον.
2809 4213 2917 4268 Καὶ
2948 4212 3002 4266 τί
3032 4215 3140 4284 χρὴ
3177 4213 3352 4266 πλείω
3395 4212 3660 4293 διεξιέναι

384 4311 470 4357 est
497 4310 554 4356 et
578 4316 785 4366 amens,
815 4303 1082 4373 cujusque
1123 4301 1427 4371 spiritualis
1456 4302 1799 4355 educationis
1824 4308 1976 4355 certa
2030 4312 2031 4317 ‘

2078 3838 2237 3913 νεῖων
2264 3857 2358 3909 καὶ
2397 3856 2451 3906 εἴ
2482 3871 2535 3906 τι
2570 3851 2681 3904 τῶν
2709 3849 3071 3919 χυδαιοτέρων
3103 3844 3397 3914 ἐτύγχανεν
3428 3842 3494 3896 ὃν
3516 3882 3534 3909 ,
3571 3838 3666 3894 καὶ⁵

2080 3945 2383 4013 συλλήϐδην
2421 3944 2618 4006 είπεῖν,
2676 3940 2988 4009 ἀρχέτυπον
3020 3935 3225 4005 ἀρετῆς
3267 3934 3491 4002 ἀπάσης
3522 3931 3667 3986 ἀπά-

2080 4315 2217 4385 πρὸς
2245 4313 2304 4365 σέ
2329 4312 2492 4365 πλέον
2514 4311 2624 4364 τῶν
2652 4307 2829 4364 ἄλλων
2857 4308 2925 4361 τὰ
2948 4308 3167 4376 ἐκείνης
3196 4307 3375 4360 εἰδότα
3400 4306 3667 4374 ;Μέμντ;-

2031 4399 2037 4413 ι
2081 4422 2180 4475 μαι
2208 4406 2318 4474 γὰρ
2351 4406 2447 4456 καλ
2477 4402 2742 4463 πολλάκις
2774 4400 2870 4455 σοῦ
2908 4416 2974 4469 γε
3010 4397 3265 4464 ἀκηκοὼς
3308 4396 3457 4450 ἔστιν
3488 4397 3526 4451 ἃ
3557 4394 3663 4449 τῶν
3716 4388 3717 4395 “

2029 4485 2037 4517 ³
2078 4492 2294 4564 ἐκείνης
2327 4493 2718 4566 ἀφηγουμένου
2756 4490 2963 4557 καλῶν,
3021 4491 3118 4542 καὶ
3149 4488 3489 4557 ἐρεθίζοντος
3527 4488 3659 4547 ῐσως
3720 4566 3725 4571 ’

2078 4591 2159 4653 είς
2189 4588 2304 4654 ἕξιν
2334 4589 2625 4656 ἀσκήσεως
2654 4583 2868 4667 ἀγαθῆς
2915 4584 3044 4645 τοὺς
3098 4581 3423 4667 ἀκούοντας,
3454 4581 3530 4643 ὡς
3568 4577 3663 4648 βα-

385 4689 492 4743 gua
516 4672 852 4729 cernebatur
874 4670 1151 4736 oliiciosa,’
1170 4671 1267 4725 sed
1284 4671 1358 4725 ’in
1394 4671 1525 4740 ipso
1546 4671 1731 4726 animo
1759 4687 1972 4728 summa

2082 4681 2233 4736 θεῖάν
2278 4698 2339 4733 τε
2381 4680 2648 4749 ἐκέκτητο
2694 4666 2914 4730 σύνεσιν
2949 4676 2983 4744 ή
3023 4673 3191 4745 γυνὴ,
3240 4662 3336 4727 καί
3394 4672 3661 4726 σιωπῶσα

384 4764 492 4836 ope
547 4765 828 4820 evertebat
891 4762 1110 4818 radices
1158 4752 1287 4818 ante
1316 4794 1324 4800 -
1353 4778 1544 4818 earum
1606 4754 1968 4820 incrementa.

385 4858 498 4913 Otii
532 4868 716 4911 antem
767 4855 935 4910 horas
972 4857 1030 4911 in
1061 4845 1223 4911 libris
1253 4857 1462 4912 sanctis
1490 4856 1742 4929 legendis
1772 4873 1975 4913 consu-

389 4950 610 5015 mebat;
643 4949 883 5018 indeque
914 4948 1079 5022 25,0
1104 4933 1364 5021 magnam
1423 4951 1742 5021 variamque
1794 4952 1972 5022 impe-

391 5042 559 5098 travit
614 5042 1051 5111 experientiam,
1101 5036 1175 5096 ct'
1216 5041 1429 5099 divinis
1464 5043 1723 5100 Ecclesiae
1773 5060 1975 5114 pra-ce—

288 5134 297 5147 ¹
387 5133 826 5206 ριῖεορροιιιιιηο
863 5142 1111 5203 tempore
1148 5133 1342 5189 aderat
1383 5135 1685 5189 commilito
1732 5134 1971 5190 fortissi-

390 5242 535 5291 mus,
581 5238 638 5284 et
692 5227 1040 5283 sacerdotum
1095 5229 1315 5283 veritati
1355 5228 1596 5296 linguam
1645 5229 1837 5284 dicans
1891 5231 1974 5282 in-

388 5320 658 5375 defessam
693 5318 960 5375 labiorum
985 5334 1165 5374 arcem
1195 5319 1480 5374 custodem
1503 5319 1813 5374 constituit.
1832 5318 1969 5371 Ettu

391 5414 512 5483 ipse
534 5413 692 5484 plura
709 5412 929 5468 diceres
944 5421 1001 5468 et
1017 5426 1325 5483 exponeres
1349 5411 1533 5482 lingua
1557 5411 1814 5465 uberiore
1834 5421 1888 5465 et
1906 5410 1972 5465 li-

391 5504 509 5561 bris
525 5506 819 5561 admodum
846 5505 1111 5560 decenter
1135 5503 1543 5574 scriptis.Nunc
1567 5503 1664 5558 tibi
1682 5503 1975 5559 nonnullas

390 5611 458 5651 ex
478 5597 640 5653 rebus
652 5597 898 5653 externis
913 5611 1037 5667 quae
1053 5605 1183 5650 sunt
1200 5597 1462 5650 nuntiatae
1479 5595 1981 5664 exponam,quibus

390 5687 560 5743 rebus
575 5689 800 5759 ingratis
816 5704 1054 5760 praesens
1073 5699 1290 5758 tempus
1308 5702 1465 5741 aures
1485 5694 1697 5741 nostras
1714 5687 1982 5757 implevit.

2071 4775 2170 4827 xui.
2200 4771 2555 4842 φθεγγομένη
2586 4768 2914 4839 παραίνεσις
2943 4763 3012 4839 ἦν
3033 4769 3117 4820 ἀεὶ
3148 4768 3261 4830 τοῖς
3296 4765 3541 4829 συνοῦσι,
3564 4769 3659 4816 καὶ

2076 4867 2221 4937 μέγα
2254 4866 2351 4918 καὶ
2384 4862 2773 4932 ἀπαράμιλλον
2804 4862 2900 4914 τοῦ
2961 4859 3254 4929 μοναδικοῦ
3308 4857 3661 4929 παράδειγμα

2038 4956 2217 5029 ’βίου,
2280 4956 2378 5008 καὶ
2434 4948 2546 5007 οἷον
2600 4950 3107 5023 αίθεροδρομούσης
3166 4948 3504 5016 σεμνότητος
3529 4942 3660 5016 ἦθος

2076 5047 2351 5119 αὐτοφυές
2382 5062 2441 5099 τε
2471 5048 2568 5101 καὶ
2593 5044 3054 5115 αὐτοχάλκευτον,
3083 5042 3303 5110 ἀπάσης
3325 5057 3381 5093 τε
3417 5054 3661 5102 πνευμοο

2082 5139 2239 5208 τικῆς
2274 5138 2522 5200 παιδείας
2551 5135 2730 5191 κανὼν
2748 5135 2984 5207 ἀκριϐὴς
3011 5137 3106 5188 καὶ
3126 5131 3473 5201 δικαιοσύνης
3499 5127 3663 5196 ζυγλς

2084 5228 2357 5298 ἀρῤεπής.
2392 5228 2515 5281 Ἔτι
2547 5227 2605 5278 δέ
2651 5225 2827 5296 θυμοῦ
2878 5226 3159 5295 κινήσεσιν
3211 5221 3537 5293 ὀξυρρόποις
3570 5213 3664 5271 καὶ

2086 5322 2431 5390 αὐτονόμοις,
2467 5318 2564 5373 καὶ
2621 5322 2670 5373 εί
2700 5320 2797 5383 τὰς
2829 5319 3012 5380 αἰτίας
3067 5316 3327 5384 εὐλόγους
3377 5315 3660 5380 ἐκέκτητο,
3722 5378 3727 5383 _

2078 5411 2200 5465 οὐτε
2239 5412 2359 5481 χεὶρ
2374 5412 2512 5483 αὐτῇ
2545 5411 2664 5463 ποτ’
2697 5410 2855 5479 ὤφθη
2879 5409 2988 5462 τῶν
3022 5411 3242 5462 παντων
3276 5408 3509 5472 οὐδέσιν,
3537 5402 3657 5457 οῦτε

2080 5502 2299 5572 γλῶττα
2324 5503 2696 5574 διακονήσασα
2722 5500 3026 5572 προπετὴς,
3054 5502 3172 5555 ἀλλ’
3197 5503 3255 5554 ἐν
3286 5502 3469 5563 αὐτοῖς
3502 5496 3662 5553 εὐθὺς

2085 5595 2387 5664 ἀναιροῦσα
2437 5599 2552 5660 τοῖς
2580 5597 2863 5665 λογισμοῖς
2910 5595 3138 5649 διετέλει
3185 5597 3284 5657 τάς
3323 5594 3480 5665 ῥίζας
3513 5586 3660 5644 ἐντὸς

2086 5688 2194 5757 “Pb
2225 5691 2325 5760 τῆς
2376 5688 2633 5760 βλάστης.
2694 5689 2799 5743 Τόν
2829 5705 2892 5758 γε
2938 5690 3046 5760 μὴν
3096 5690 3195 5759 τῆς
3244 5688 3443 5758 ἀργίας
3477 5680 3662 5748 καιρὸν
3723 5672 3729 5677 ⁷

392 5782 591 5854 βίϐλων
612 5784 777 5856 ἱερῶν
813 5787 1074 5856 παρεῖχεν
1131 5786 1217 5840 ἀεὶ
1247 5784 1612 5853 ἀναγνώσεσι,
1637 5786 1730 5838 καὶ
1763 5787 1959 5857 πεῖραν
2001 5785 2253 5839 ἐντεῦθεν
2316 5784 2531 5857 ὑψηλῆς
2595 5785 2832 5857 θεωρίας
2864 5788 3066 5855 συνῆγε
3093 5784 3314 5856 μακρὰν
3355 5784 3450 5838 καὶ
3485 5773 3657 5833 ποικί-
