4034 6500
302 475 402 542 209

1316 478 1763 539 ΒῩΖᾹΝΤΙΝἈΕ
1803 476 2185 536 HISTOBI/E
2226 476 2371 535 LIB.
2413 475 2628 536 XXIX.

3458 452 3567 575 2m

311 593 415 664 λην,
441 593 613 665 ὁπόση
647 594 761 658 τοῖς
784 593 954 658 θείοις
986 595 1086 664 τῆς
1142 595 1473 664 Ἐκκλησίας
1495 594 1736 665 δόγμασι
1800 590 2001 662 καιροῦ
2071 591 2371 653 καλοῦντος
2438 590 2658 660 ἐγένετό
2687 589 2741 643 οἱ
2770 589 3064 662 σύμμαχος
3103 586 3414 662 κράτιστος,
3434 595 3570 647 Ὠσ-

313 708 404 761 περ
431 689 477 744 δ’
511 690 581 744 αὖ
611 690 884 764 ἱερωσύνῃ
908 693 974 762 τῇ
1027 691 1261 763 ἀληθείᾳ
1329 692 1431 762 τὴν
1503 691 1755 760 γλῶτταν
1811 688 2114 760 τιμήσασα,
2177 687 2464 757 ἀκάματον
2492 688 2593 756 τὴν
2621 689 2731 741 τῶν
2775 688 3005 759 χειλέων
3036 689 3335 760 ἀκρόπολιν
3365 688 3567 762 ἔστησε

312 785 535 856 φύλακα,
566 786 639 847 ώς
668 785 744 854 μὴ
770 785 926 840 λάθοι
958 786 1247 857 προκύψας
1265 785 1365 856 ὀψέ
1390 803 1520 839 ποτε
1548 786 1706 852 λόγος
1732 783 1882 854 μάλα
1926 782 2028 852 μὲν
2058 799 2145 844 τις
2205 782 2623 850 ἐπαγγελτικὸς,
2678 783 2739 835 οὐ
2777 781 2920 850 μάλα
2960 782 3043 836 ⁷δέ
3072 801 3157 846 τις
3188 782 3569 854 τελεσιουργὸς

310 874 394 928 καὶ
415 873 710 944 ὠφέλιμος.
749 875 854 930 Καὶ
897 876 965 930 τὰ
1008 877 1179 931 πλείω
1246 878 1425 946 λέγοις
1477 876 1546 931 ἂν
1594 876 1758 939 αὐτὸς
1806 875 1906 928 καὶ
1942 874 2180 942 ἀφηγοίο
2245 873 2562 944 πλατυτέρα
2590 875 2806 947 γλώττῃ
2843 891 2903 927 τε
2940 876 3036 930 καὶ
3079 875 3287 944 βίϐλοις
3324 877 3472 947 μάλα
3500 876 3568 945 γέ

309 988 358 1024 τι
382 970 585 1039 σφόδρα
635 970 1056 1039 ἀρμοττούσαις.
1095 970 1212 1026 Νῦν
1261 972 1318 1026 δέ
1355 990 1439 1028 σοι
1471 974 1566 1027 καὶ
1601 973 1735 1040 περὶ
1802 967 1914 1022 τῶν
1960 967 2189 1035 -ἔξωθεν
2242 969 2741 1041 ἀπαγγελλομένων
2792 969 2909 1023 ἔνια
2961 972 3321 1043 διηγήσομαι,
3350 965 3425 1028 ὧν
3471 974 3568 1026 καὶ

312 1064 541 1136 ὁπαρὼν
572 1066 673 1129 τάς
701 1066 860 1137 ήμῶν
892 1069 1063 1131 ἀκοὰς
1095 1068 1362 1137 ἐνέπλησε
1400 1069 1596 1138 χρόνος
1626 1067 1737 1121 τῶν
1758 1061 2063 1133 δυσχερῶν.
2878 1076 2881 1079 ‘

292 1208 303 1213 -
372 1158 449 1225 ΗΓ.
476 1161 641 1232 Φήμη
687 1160 800 1233 γὰρ
822 1162 1053 1232 ἀφίκετο
1074 1150 1357 1234 ⁸πρότριτα
1388 1165 1446 1226 ἐς
1484 1164 1782 1227 Βυζάντιον
1808 1160 1872 1211 ὲκ
1903 1167 1948 1216 Δ

308 1252 408 1306 τῶν
426 1252 598 1308 ἕωθεν
628 1254 1090 1325 ἐπιδημησάντων
1108 1254 1453 1326 ’Δντιοχέων,
1484 1255 1560 1318 ὡς
1592 1255 1737 1323 ὁρμῇ
1761 1253 1877 1305 δαι-

309 1342 463 1412 μονία
497 1345 604 1397 τινὶ
632 1346 918 1414 συσχεθεὶς
955 1349 985 1400 ό
1027 1350 1127 1411 τῆς
1161 1347 1441 1415 Αἰγύπτου
1473 1348 1569 1401 καὶ
1612 1346 1878 1417 Ἀραϐίας

304 1434 586 1505 δεσπότης,
615 1438 806 1490 ὁπόσοι
838 1438 1190 1509 Χριστιανῶν
1220 1440 1434 1494 οἰκοῦσι
1471 1440 1573 1510 τὴν
1603 1440 1712 1509 γῆν
1733 1436 1878 1491 ὲκεί-

307 1542 421 1594 νην.
454 1525 713 1597 ἐξήνεγκε
738 1529 919 1598 δόγμα
952 1531 1165 1594 πάντας
1209 1532 1411 1602 ἡϐηδὸν
1442 1531 1678 1597 ἀνελεῖν,
1712 1532 1760 1583 εἰ
1802 1529 1878 1600 μὴ

308 1617 361 1680 ἐς
372 1618 470 1687 τὴν
491 1618 601 1671 τῶν
620 1621 871 1690 ’Δράὸων
900 1624 1198 1693 θρησκείαν
1218 1624 1280 1678 τὸ
1304 1624 1470 1688 σέϐας
1490 1624 1582 1678 καὶ
1600 1624 1758 1677 αὐτοί
1784 1638 1881 1693 με-

307 1710 593 1775 τατεθεϊεν,
626 1713 764 1782 μηδὲ
792 1718 900 1785 γὰρ
947 1712 1090 1770 εἶναι
1116 1717 1291 1786 λέγων
1311 1718 1464 1780 είκὺς
1487 1716 1591 1770 ὑπὸ
1610 1716 1710 1786 τὴν
1739 1717 1881 1786 ἐμὴν

306 1800 549 1863 ἐξουσίαν
595 1803 888 1870 τελοῦντας
916 1806 1016 1874 τὴν
1052 1807 1194 1877 ἐμὴν
1238 1807 1525 1876 φαυλίζειν
1552 1806 1879 1877 θρησκείαν.

321 1892 648 1957 Ἐνστάντων
695 1895 792 1949 οὖν
844 1898 965 1950 ἐκεῖ
992 1897 1300 1968 τηνικαῦτα
1352 1899 1696 1969 παμπόλλων
1737 1900 1879 1971 ὑπὲρ

309 1985 403 2053 τῆς
433 1986 717 2050 εὐσεϐείας
759 1989 1092 2059 ἐρρωμένως
1137 1992 1232 2044 καὶ
1282 1991 1380 2044 σὺν
1413 1992 1612 2064 ζεούσῃ
1647 1993 1715 2062 τῇ
1747 2007 1885 2059 προ-

308 2074 492 2147 θυμία,
507 2079 699 2157 γέγονε
733 2080 1096 2148 φόνοςπολὺς,
1120 2082 1199 2145 ὡς
1226 2084 1461 2152 φανῆναι
1493 2080 1555 2143 [ἰ.
1591 2082 1694 2137 124
1716 2079 1789 2153 r.]
1820 2082 1883 2135 τὸ

309 2165 506 2234 πλῆθος
551 2169 668 2222 τῶν
686 2172 1087 2241 ἀναιρεθέντων
1135 2175 1276 2244 ὑπὲρ
1315 2174 1662 2245 δισμυρίους,
1712 2174 1883 2246 ἀρξα-

311 2260 474 2328 μένου
500 2261 602 2331 μὲν
644 2263 711 2317 ὲκ
744 2264 1114 2337 Παλαιστίνης
1150 2265 1372 2336 πρῶτον
1405 2266 1499 2320 τοῦ
1530 2267 1729 2335 δεινοῦ,
1762 2262 1882 2322 εἶτα

306 2353 592 2418 διαϐάντος
629 2357 833 2428 Κοίλην
876 2359 1080 2431 Συρίαν
1130 2361 1225 2413 καί⁹
1249 2360 1512 2427 Φοινίκην
1548 2363 1752 2426 πᾶσαν,
1788 2363 1883 2415 καὶ

306 2444 428 2496 ὅσαι
453 2447 553 2515 τὴν
573 2448 869 2516 Δαμασκὸν
903 2449 1285 2518 ἀστυγείτονες
1316 2451 1738 2522 περιχορεύουσι
1780 2453 1882 2506 πό-

312 2534 419 2601 λεις
445 2540 538 2592 καὶ
569 2539 752 2610 κῶμαι
780 2541 943 2613 μέχρι
966 2542 1144 2613 Τύρου
1170 2544 1265 2596 καὶ
1296 2543 1550 2621 Σιδῶνος,
1580 2544 1674 2597 καί
1700 2543 1800 2614 ὅση
1820 2544 1881 2598 τὸ

308 2626 431 2699 ὅρος
455 2631 548 2684 τὸν
577 2631 874 2703 Κάρμηλον
914 2634 1234 2705 περικλύζει
1279 2636 1547 2693 θάλασσα.
1590 2637 1681 2689 Ἐν
1711 2654 1882 2707 μετα-

2043 1155 2349 1211 Wll.Faum
2369 1157 2515 1212 cnim
2549 1158 3286 1231 nudiustertiusByzantium
3312 1159 3568 1231 pervenit

1981 1250 2049 1303 ab
2067 1249 2425 1305 Antiochenis
2441 1251 2709 1305 adortum
2731 1252 2862 1307 solis
2882 1252 3566 1320 babitantibus,diabolico

1980 1342 2215 1412 quodam
2235 1344 2418 1399 aﬂlalu
2438 1345 2729 1415 abreptum
2745 1345 2961 1416 [Egy'pti
2980 1355 3035 1401 et
3050 1347 3263 1401 Arabiae
3277 1348 3421 1401 domi
3433 1362 3563 1401 num

1981 1431 2220 1488 edidisse
2253 1443 2614 1506 praeceptum,
2654 1430 2739 1503 ut,‘
2776 1446 3052 1507 quotquot
3072 1436 3375 1491 Christiani
3411 1438 3563 1491 illam

1983 1532 2181 1578 terram
2205 1526 2476 1592 habitent,
2492 1542 2685 1584 omnes
2706 1531 3069 1599 pubescentes
3084 1529 3434 1592 tollerentur,
3456 1529 3559 1583 nisi

1981 1629 2132 1669 suam
2162 1617 2559 1673 cum‘Arabum‘
2591 1620 2856 1691 religione
2885 1631 3186 1679 mutarent.
3220 1622 3366 1675 Dixit
3391 1621 3562 1689 enim,

1983 1722 2092 1760 non
2131 1707 2332 1764 decere
2373 1725 2509 1776 eos,
2551 1712 2646 1781 qui
2688 1712 2922 1782 imperio
2964 1730 3089 1768 meo
3129 1722 3393 1785 pareant,
3435 1713 3567 1767 reli-

1982 1799 2202 1868 gionem
2245 1816 2423 1856 meam
2469 1814 2857 1859 contemnere.
2912 1804 3050 1860 Cum
3094 1805 3263 1875 igitur
3303 1805 3563 1872 permulti

1986 1890 2313 1945 resisterent
2357 1907 2455 1960 pro
2508 1894 2778 1963 religione
2827 1894 3047 1949 fortiter
3092 1903 3150 1948 et
3201 1910 3327 1949 cum
3377 1895 3564 1949 animo

1986 1982 2290 2048 bellicoso,
2335 1984 2509 2039 multa
2551 1968 2909 2040 caa‘desvfacta
2948 1995 3052 2050 est,
3083 1988 3156 2040 ita
3197 1997 3259 2042 ut
3298 2002 3564 2043 numerus

1985 2073 2406 2130 interfectorum
2452 2084 2747 2147 superaret
2783 2078 2980 2149 viginti
3022 2079 3214 2134 millia.
3258 2079 3555 2149 Postquam

1984 2169 2042 2222 in
2086 2167 2380 2224 Palaestina
2432 2164 2669 2239 primum
2712 2171 2997 2240 inceperat
3064 2172 3403 2242 persecutio,
3440 2188 3563 2242 per-

1982 2259 2128 2312 rexit
2167 2274 2264 2328 per
2297 2258 2656 2332 leesyriam
2676 2262 2733 2316 et
2767 2261 3112 2316 thniciam
3151 2271 3317 2317 totam
3350 2270 3564 2333 etquot

1982 2348 2180 2403 vicinae
2215 2352 2382 2405 urbes
2416 2360 2473 2405 et
2497 2351 2620 2422 pagi
2652 2352 2980 2407 Damascum
3017 2353 3362 2406 circumdant
3389 2369 3563 2424 usque

1984 2441 2052 2496 ad
2080 2443 2283 2514 Tyrum
2332 2456 2390 2500 et
2425 2444 2709 2510 Sidonem,
2750 2454 2804 2500 et
2846 2455 3110 2515 quantum
3148 2463 3298 2502 mare
3338 2446 3564 2503 Carme-

1986 2532 2097 2586 lum
2128 2543 2372 2588 montem
2415 2536 2597 2589 alluit.
2617 2534 2754 2591 Cum
2785 2543 3080 2603 tyrannum
3123 2537 3200 2593 rci
3241 2538 3415 2609 ipsius
3450 2553 3567 2612 pce-

1984 2623 2188 2678 niteret
2207 2665 2221 2688 ,
2260 2633 2440 2680 terror
2477 2625 2663 2682 desiit.
2975 2636 2979 2641 ’

313 2716 461 2791 μίλῳ
493 2720 538 2774 δ’
571 2721 642 2776 αὖ
684 2723 777 2777 τοῦ
827 2725 1234 2797 προστάξαντος
1284 2728 1571 2797 γεγονότος
1599 2729 1879 2782 πέπαυται
1992 2740 1995 2741 ⁷

310 2812 369 2864 τδ
390 2811 581 2869 δεινόν.

378 2904 457 2960 Θν.
490 2906 677 2961 Ταῦτα
712 2909 809 2964 καί
839 2909 1013 2963 πλείω
1046 2911 1181 2981 πρὸς
1207 2910 1418 2977 τούτοις
1445 2913 1610 2984 ἕτερα
1634 2912 1883 2969 ὑπειπὼν

307 2999 338 3052 ό
367 2998 532 3064 καλὸς
563 2992 971 3071 Ἀγαθάγγελος
1003 3001 1177 3075 ᾤχετο
1208 3005 1388 3060 ἀπιὼν
1421 3006 1550 3077 περί
1579 3008 1750 3076 μέσας
1776 3024 1881 3060 που

311 3090 531 3157 νύκτας,
566 3092 723 3158 αὖθις
768 3096 894 3160 τοὺς
935 3098 1246 3168 ἡμετέρους
1295 3099 1531 3170 δημίους
1572 3100 1752 3153 λαθὼν
1789 3101 1884 3154 καὶ

310 3186 434 3249 τοὺς
463 3186 755 3258 θηριώδεις
781 3190 1052 3258 φύλακας,
1098 3192 1264 3263 μόνον
1310 3194 1411 3262 ἐμὲ
1469 3193 1882 3256 καταλελοιπὼς

310 3281 375 3350 τῇ
418 3283 576 3351 στενῇ
614 3282 710 3337 καὶ
751 3282 900 3355 δεινῇ
946 3284 1195 3355 συνήθως
1236 3287 1425 3360 ἐκείνη
1452 3287 1633 3360 διαίτῃ
1665 3285 1883 3357 χρώμε-

309 3387 420 3425 νον.
1336 3394 1341 3397 ’

378 3460 439 3517 I'.
465 3463 625 3535 ’Δρτι
658 3464 717 3519 δὲ
749 3466 845 3520 τοῦ
877 3469 981 3538 μὲν
1016 3469 1388 3539 ἐφεστηκότος
1409 3470 1675 3540 λήξαντος
1707 3473 1883 3539 ἔτους,

307 3552 402 3608 τοῦ
434 3555 491 3610 δὲ
528 3556 655 3626 ἑξῆς
700 3560 1132 3632 ὲνδημήσαντος,
1163 3560 1234 3618 τὰ
1269 3562 1562 3632 Ῥωμαίων
1591 3566 1767 3619 ἐνόσει
1789 3565 1885 3619 τοῦ

307 3646 565 3713 εἰωθότος
616 3652 880 3706 ἐπέκεινα
912 3653 1221 3725 πράγματα
1271 3655 1362 3709 διά
1386 3673 1447 3710 τε
1477 3657 1580 3727 τὴν
1629 3658 1887 3711 εἰωθυῖαν

310 3739 537 3811 Περσῶν
561 3744 940 3815 ἐπικράτειαν,
971 3745 1040 3817 ἢν
1067 3747 1170 3817 ήδη
1203 3747 1667 3819 Καντακουζηνοῦ
1699 3748 1887 3818 προδι-

2054 2911 2213 2985 241
2258 2913 2352 2969 ΙΧ.
2392 2915 2689 2986 Postquam
2724 2916 2843 2973 haec
2881 2925 2938 2973 et
2977 2918 3204 2987 insuper
3247 2918 3420 2974 multa
3454 2918 3565 2975 alia

1985 3003 2236 3068 dixisset,
2268 3006 2521 3062 discessit
2563 3009 2742 3065 bonus
2778 3010 3188 3081 Agathangelus
3235 3011 3413 3065 media
3446 3009 3564 3067 fere

1984 3104 2186 3159 nocte,
2234 3095 2432 3154 fallens
2479 3099 2680 3154 iterum
2732 3101 2960 3157 lictores
3006 3110 3226 3157 nostros
3278 3117 3562 3172 saevosque

1984 3186 2264 3256 custodes,
2331 3204 2418 3245 me
2458 3192 2642 3246 solum
2681 3193 3038 3264 relinquens,
3081 3194 3174 3265 qui
3237 3203 3469 3265 angusta
3508 3203 3566 3250 et

1988 3278 2220 3333 terribili
2247 3279 2357 3335 vita
2388 3292 2448 3336 ut
2480 3297 2698 3354 semper
2729 3288 2989 3359 vexabar.

2059 3462 2129 3518 Χ.
2197 3461 2301 3518 Ubi
2370 3470 2558 3517 autem
2617 3474 2942 3534 praesentem
2997 3484 3203 3523 annum
3258 3469 3567 3540 excipiebat

1989 3552 2327 3624 insequens,
2364 3570 2453 3611 res
2506 3556 2882 3612 Romanorum
2915 3559 3059 3614 ultra
3105 3562 3564 3618 consuetudinem

1988 3646 2337 3717 aagrotabant
2384 3657 2443 3701 et
2488 3659 2718 3718 propter
2764 3662 3095 3706 consuetum
3133 3653 3425 3710 Persarum
3464 3656 3595 3741 im-i

1990 3739 2205 3809 perium
2229 3780 2243 3801 ,
2277 3740 2423 3809 quod
2457 3741 2569 3809 jam
2608 3757 2707 3811 per
2742 3741 3190 3799 Cantacuzenum
3227 3747 3566 3815 proditorem

307 3832 497 3899 δόντος
551 3835 682 3909 ἄχρι
725 3838 911 3892 πυλών
942 3841 1251 3912 ἐσχήκεσαν
1307 3841 1643 3906 Βυζαντίων,
1685 3841 1762 3904 ώς
1813 3844 1891 3895 οἰ-

1994 3827 2321 3884 obtinebant
2354 3846 2524 3900 usque
2557 3832 2622 3885 ad
2663 3843 2848 3901 portas
2905 3833 3187 3904 Byzantii,
3223 3846 3282 3889 ut
3327 3837 3571 3907 propriis

311 3922 484 3985 κείοις
528 3924 666 3988 τέως
723 3925 1000 3998 χρώμενοί
1043 3946 1108 3980 τε·
1161 3930 1258 3984 καὶ
1323 3931 1748 4000 καταχρώμενοι
1812 3931 1887 4000 μὴ

311 4016 632 4087 πράγμασιν
653 4017 825 4072 ἅπασι
859 4020 1044 4088 μόνον,
1068 4020 1206 4074 ἀλλὰ
1229 4022 1326 4075 καὶ
1351 4025 1620 4090 γυναῖκας
1648 4022 1745 4074 καὶ
1767 4024 1893 4075 παῖ-

306 4108 408 4171 δας
434 4108 692 4181 ἀνδράσιν
722 4112 860 4181 ὁμοῦ
888 4113 1026 4183 πρὸς
1055 4114 1166 4167 πᾶν
1194 4113 1256 4166 τὸ
1305 4113 1636 4183 βουλόμενον
1661 4113 1890 4183 ἄγοντές

310 4213 373 4252 τε
398 4198 496 4251 καὶ
540 4199 820 4271 φέροντες,
853 4201 956 4256 οὐκ
1013 4202 1118 4267 ἔξω
1165 4203 1375 4258 πόλεων
1406 4204 1485 4267 ὡς
1532 4202 1667 4274 πρὶν
1730 4219 1894 4275 περι-

311 4287 533 4353 θέοντός
563 4306 625 4343 τε
673 4293 771 4344 καὶ
802 4290 1200 4361 παραθέοντες,
1238 4291 1356 4346 ἀλλ’
1385 4292 1536 4347 ἔνδον
1568 4293 1670 4365 ήδη
1702 4294 1892 4348 ποιού-

313 4398 475 4451 μενοι
530 4385 658 4448 τοὺς
697 4386 1107 4456 συνοικισμοὺς,
1157 4386 1282 4441 καθ’
1311 4385 1511 4441 ὁπόσον
1532 4382 1760 4441 καὶοῖον
1795 4389 1894 4441 καὶ

310 4476 453 4529 ’ὅπου
504 4478 603 4530 καλ⁵
650 4478 741 4532 ὅτε
799 4478 863 4532 τὸ
919 4480 1020 4549 τῆς
1047 4476 1231 4550 ψυχῆς
1262 4478 1554 4548 ὀρεκτικὸν
1607 4479 1896 4534 ὑπετίθετο

312 4562 501 4629 σφίσιν
550 4565 1008 4639 ἐπιτροπεύοντες
1048 4568 1146 4622 καὶ
1180 4566 1519 4632 δεσποτικῶς
1572 4569 1897 4625 ἐπιτάττον-

307 4671 428 4718 τες.

387 4748 491 4801 1Δ’.
529 4748 668 4820 Ἤδη
699 4748 756 4803 δὲ
787 4750 884 4803 τοῦ
919 4751 1274 4820 φθινοπώρου
1302 4753 1591 4824 λήγοντος,
1619 4754 1751 4825 περί
1789 4771 1895 4808 που

306 4837 387 4891 τὰ
412 4838 554 4909 μέσα
586 4842 716 4910 μιᾶς
754 4840 863 4896 τῶν
891 4842 1107 4898 νυκτῶν
1132 4846 1271 4916 ἀκοή
1288 4860 1375 4906 τις
1411 4844 1679 4915 αἰφνίδιος
1702 4845 1764 4898 τὸ
1788 4845 1897 4899 Βυ-

309 4925 537 4990 ζάντιον
560 4930 897 5000 περιήχησεν
925 4929 1093 4999 ἀπαν,
1121 4927 1260 4986 εἰναι
1285 4934 1498 5003 τείχους
1539 4933 1693 4997 ἐντὸς
1740 4933 1896 5004 βασι-

307 5017 415 5070 λέα
442 5017 810 5089 Παλαιολόγον
848 5020 940 5075 τὸν
975 5021 1120 5089 νέον,
1163 5023 1487 5094 συμμαχίας
1529 5024 1714 5094 πάσης
1742 5025 1899 5079 ἀλλο-

308 5106 491 5178 φύλου
543 5111 717 5184 χωρὶς
762 5113 1068 5185 ἀφιγμένον
1113 5117 1357 5185 τριταῖον
1405 5117 1471 5170 ἐκ
1520 5117 1749 5173 Τενέδου
1799 5119 1899 5190 τῆς

1994 3931 2212 3978 utentes
2269 3932 2323 3978 et
2375 3925 2672 3980 abutentes
2726 3940 2833 3978 non
2886 3926 3065 3980 solum
3108 3927 3278 3982 rebus
3314 3930 3567 3996 cunctis,

1993 4017 2088 4071 sed
2124 4017 2290 4071 etiam
2329 4019 2587 4074 mulieres
2621 4027 2677 4073 et
2711 4019 2952 4074 infantes
2988 4036 3094 4074 una
3145 4035 3273 4074 cum
3320 4021 3456 4075 viris
3502 4004 3595 4077 ad‘

1993 4106 2264 4177 quidlibet
2293 4116 2554 4178 cogentes
2589 4118 2644 4164 et
2675 4108 2965 4174 ducentes,
2992 4125 3100 4163 nou
3132 4117 3286 4163 extra
3316 4110 3481 4165 urbes
3513 4125 3573 4165 ιιι

1993 4213 2155 4254 antea
2189 4208 2482 4255 currentes
2510 4210 2567 4255 et
2601 4209 3120 4271 praztercurrentes,
3159 4203 3252 4256 sed
3285 4201 3437 4256 intus
3457 4203 3570 4270 jam

1996 4292 2245 4349 colonias
2295 4294 2653 4348 instituentes
2697 4303 2966 4363 quantum
3020 4305 3075 4350 et
3120 4296 3355 4362 qualiter
3387 4305 3443 4350 et
3480 4287 3603 4349 ubi'
3639 4350 3642 4352 γ

1994 4392 2051 4439 et
2076 4383 2300 4454 quando
2327 4383 2545 4440 animus
2577 4385 2847 4441 suadebat
2882 4396 3139 4457 regentes
3166 4373 3589 4460 imperioseque'

1996 4477 2392 4546 gubernantes.
3600 4462 3607 4481 ’

2070 4741 2165 4798 XI.
2197 4744 2443 4799 Brumali
2471 4755 2724 4817 tempore
2747 4747 2858 4817 jam
2887 4746 3187 4803 desinente
3205 4746 3397 4802 media.
3415 4758 3577 4803 nocte

1997 4831 2144 4889 fama
2200 4835 2492 4889 subitanea
2520 4834 2845 4906 Byzantium
2882 4836 3077 4890 urbem
3101 4837 3337 4906 replevit
3359 4878 3375 4899 ,
3433 4837 3579 4892 intra

2003 4937 2195 4979 muros
2217 4923 2331 4994 jam
2363 4938 2489 4979 esse
2536 4924 2819 4994 juniorem
2868 4925 3236 4996 Palazologum
3273 4928 3581 4995 imperatu-

1999 5030 2142 5082 rem,
2180 5014 2274 5085 qui
2298 5030 2425 5071 cum
2458 5016 2895 5087 auxilio-populi
2943 5021 3159 5073 emerui
3186 5018 3480 5075 tertio-die
3515 5034 3594 5074 ex-

2001 5106 2225 5162 Tenedo
2260 5107 2439 5162 insula
2469 5109 2949 5173 venisset,itinere
2984 5106 3115 5181 ipso
3135 5102 3297 5180 plane
3336 5111 3576 5175 occulto,

306 5199 509 5273 νήσου,
537 5183 768 5273 μηδενὸς
796 5183 1131 5276 αἰσθομένου
1152 5183 1249 5260 τὸν
1283 5204 1568 5274 εἴσπλουν,
1602 5183 1891 5278 μεγίσταις

2006 5198 2228 5255 duobus
2262 5198 2579 5271 permagais
2612 5200 2922 5257 biremibus
2952 5210 3120 5272 atque
3154 5198 3399 5259 sedecim
3446 5203 3575 5257 uni—

310 5292 424 5364 μὲν
449 5296 704 5366 τριήρεσι
736 5296 903 5363 δυοῖν,
962 5299 1225 5368 μονήρεσι
1252 5297 1300 5351 δ’
1344 5299 1649 5353 ἑκκαίδεκα
1685 5300 1777 5354 διὰ
1803 5302 1898 5354 τοῦ

306 5386 459 5458 πρὸς
503 5386 578 5440 ἔω
603 5387 827 5458 λιμένος
865 5391 961 5445 καὶ
1012 5390 1243 5464 νεωρίου
1297 5391 1680 5459 εἰσελάσαντα,
1728 5387 1805 5449 ὧν
1845 5395 1900 5447 al

312 5478 426 5543 μὲν
471 5479 681 5534 οῐκοθεν
724 5477 867 5554 ἦσαν
912 5482 1063 5554 αὐτῷ
1094 5485 1721 5555 προνεναυπηγημέναι,
1758 5487 1814 5539 αἱ
1857 5484 1903 5539 δ’

307 5568 386 5622 ὲκ
418 5568 732 5645 Τενέδουτε
774 5577 869 5629 καὶ
906 5575 1117 5631 Λέσϐου
1153 5578 1248 5631 καὶ
1293 5578 1521 5648 Λήμνου
1554 5577 1701 5631 κατὰ
1738 5579 1906 5647 μέρος

304 5659 705 5736 ¹ἠθροισμέναι,
750 5669 848 5724 καί
901 5670 955 5724 εί
1002 5687 1146 5735 τινες
1187 5664 1299 5724 εῐεν
1343 5670 1648 5741 αὐτόνομον
1687 5668 1909 5739 διαιτώ-

310 5769 480 5822 μενοι
534 5756 670 5826 βίον,
704 5750 801 5829 ὅγε
846 5759 1463 5832 μὴνσΚαντακουζηνδς
1517 5762 1576 5814 ὲν
1616 5760 1756 5831 ἀκοῇ
1812 5758 1907 5814 τοῦ

310 5848 702 5916 γεγενημένου
730 5851 1030 5921 γενόμενος
1078 5850 1185 5916 ἔξω
1228 5850 1327 5922 μὲν
1357 5851 1467 5904 τῶν
1498 5848 1790 5920 βασιλείων
1819 5850 1911 5904 οὐ·

297 5934 481 6021 ἱεραμῆ
520 5939 899 6011 ἐξεληλυθέναι
945 5942 1203 6012 ἐγνώκει,
1248 5943 1433 6007 δείσας
1481 5943 1583 6013 τὴν
1628 5941 1737 5997 τῶν
1802 5941 1907 5996 Βυρ-

2010 5292 2261 5348 remibus
2299 5306 2407 5362 per.
2435 5301 2665 5362 portum
2699 5293 2833 5348 solis
2870 5302 3054 5349 ortum
3086 5294 3290 5350 versus
3326 5293 3493 5349 situm
3530 5301 3617 5348 et~
3718 5336 3721 5343 ι

2008 5399 2110 5455 per
2140 5384 2361 5440 navalia
2384 5393 2580 5440 vectus
2605 5394 2724 5451 est,
2760 5400 2997 5455 quarum
3028 5386 3255 5440 navium
3286 5383 3583 5443 alitedomi

2009 5482 2171 5529 erant
2200 5483 2561 5542 constructae,
2597 5475 2720 5530 aliae
2758 5475 2921 5547 242
2960 5490 3028 5532 ex
3065 5476 3290 5531 Tenedo
3318 5484 3371 5530 et
3407 5473 3621 5528 Lesbo-

2010 5577 2067 5623 et
2095 5567 2307 5623 Lemno
2322 5583 2390 5623 ex
2417 5575 2578 5638 parte
2594 5569 2915 5635 conductae;
2938 5578 2996 5625 et
3027 5568 3073 5623 si
3107 5569 3201 5637 qui
3235 5566 3467 5621 liberam
3501 5565 3587 5619 vi-
3616 5600 3621 5605 -

2011 5669 2124 5733 tam
2171 5661 2431 5730 agebant.
2476 5656 2723 5715 Cantacu
2745 5673 2943 5725 zenus,
2964 5668 3256 5729 postquam
3293 5673 3416 5727 qua:
3446 5656 3615 5712 facta:

2011 5759 2176 5805 erant
2208 5751 2419 5817 audiit,
2453 5765 2485 5805 e
2522 5750 2674 5821 regia
2707 5752 2859 5806 exire
2888 5753 3052 5821 plane
3088 5751 3348 5815 nolebat,
3384 5751 3597 5823 Byzan~

2018 5844 2264 5900 tinorum
2296 5843 2669 5900 extimescens
2703 5843 3009 5913 impetum,
3043 5844 3139 5913 qui
3178 5844 3587 5913 antea-magno-
3620 5870 3627 5879 γ

2015 5953 2151 6008 pere
2201 5937 2307 5994 sibi
2355 5939 2730 5994 irascerentur
2771 5945 2828 5991 et
2872 5945 3107 6007 propter:
3142 5951 3242 5999 ea,
3279 5950 3401 6004 qua:
3432 5934 3626 5997 uinea;
