4034 6498
312 375 421 437 213
1344 376 1793 438 ΒΥΖΑΝΤΙΝᾹΞ
1831 381 1936 440 HI!

2041 377 2217 437 )RI/E
2259 377 2400 437 LIB.
2449 375 2664 435 XXIX.

3483 377 3589 443 9.7M

318 490 518 561 ρῆσθειι
560 491 699 560 πρὸς
730 491 840 546 τῶν
872 492 992 547 ἐκεῖ
1033 492 1390 564 μοναζουσῶν
1423 497 1726 564 γυναικῶν.
1764 497 1902 567 Περὶ
1930 547 1936 557 ⁴

2046 498 2222 552 iretur
2269 511 2300 550 a
2352 493 2717 554 mulieribus,
2748 508 2868 563 qua:
2900 493 2978 547 ibi
3021 503 3179 548 erant
3226 493 3586 551 monialivbus.

314 574 379 632 οὗ
413 581 509 635 καὶ
538 581 709 652 πολλή
756 600 842 647 τις
874 583 1095 654 ἦκμασε
1125 584 1264 649 τέως
1297 586 1570 656 ὑπόληψις
1608 591 1724 651 τοῖς
1764 589 1900 642 πολ-

2041 599 2081 644 te
2131 603 2241 657 qua
2295 602 2353 640 re
2390 601 2585 656 magna
2623 584 2861 640 subinde
2909 585 3056 639 inter
3119 586 3318 655 vulgus
3358 595 3483 639 orta
3508 596 3593 642 est

316 672 454 738 λοῖς,
499 673 751 746 ’Δνδρέου
780 677 877 731 τοῦ
902 678 1127 749 Κρήτης
1156 675 1322 741 εῖναι,
1353 678 1410 742 ὃς
1435 680 1535 733 οὐκ
1564 680 1766 748 ὀλίγοις
1798 682 1901 752 τὴν

2041 679 2192 748 pinio
2251 693 2374 748 quae
2428 677 2522 731 illa
2575 675 2644 731 ad
2703 676 2981 730 Andream
3045 674 3375 731 Cretensem
3444 678 3594 732 refe-

330 766 666 836 Ἐκκλησίαν
713 767 1027 840 ἐκόσμησεν
1079 772 1243 841 ίεροῖς
1305 771 1517 843 μέλεσι.
1574 773 1746 828 Τοῦτο
1789 775 1901 846 γὰρ

2041 770 2195 836 ebat,
2228 771 2321 839 qui
2375 784 2486 823 non
2522 769 2713 838 paucis
2747 770 2922 824 sacris
2977 766 3231 838 reliquiis
3289 768 3593 824 Ecclesiam

275 888 289 933 ξ
318 857 745 931 κατορώρυκται
775 860 876 931 μὲν
903 862 981 931 τῷ
1009 863 1194 931 ἐδάφει
1218 862 1318 947 ,τοῦ
1348 863 1496 917 θείου
1530 865 1743 918 ἐκείνου
1768 866 1897 933 νεὼ,

2045 862 2540 919 τηενὶι.1ηί”οεειιιιι
2571 872 2688 916 erat
2712 877 2915 931 corpus
2937 861 2995 917 in
3032 861 3205 917 fundo
3254 863 3397 917 sacri
3449 862 3597 918 illius

318 948 392 1024 ἦν
422 952 469 1006 δ’
495 954 733 1025 ἀφανείᾳ
759 954 1178 1025 κεκαλυμμένον
1223 958 1289 1009 ὲκ
1315 957 1552 1011 παλαιοῦ
1582 960 1678 1011 καὶ
1722 958 1903 1011 οὐδενί

2041 959 2225 1029 empli.
2253 958 2389 1013 Erat
2425 958 2669 1014 tenebris
2701 957 3011 1012 involutum
3045 973 3113 1012 ex
3142 950 3312 1029 longo
3349 968 3598 1027 tempore

319 1061 413 1097 πω
435 1045 715 1114 γνώριμον
740 1046 870 1130 ἄχει
903 1047 1006 1116 τῆς
1038 1047 1146 1130 τῷν
1180 1046 1275 1101 νῦν
1313 1049 1588 1119 χρονικῶν
1634 1051 1905 1120 περιόδων

2041 1051 2336 1120 ιοιιιὶηἱίιυο
2368 1058 2557 1104 notum
2591 1066 2767 1119 usque
2796 1051 2863 1105 ad
2896 1051 3252 1119 praesentium
3286 1062 3594 1120 temporum

306 1136 563 1207 ήλικίας.
597 1137 663 1190 Ἀ
677 1155 761 1208 ρτι
789 1128 851 1193 δ”
886 1138 990 1192 οὐκ
1038 1128 1138 1192 οἶδ’
1165 1141 1430 1210 ὁπότερον
1480 1143 1560 1204 είς
1586 1142 1905 1212 τούμφανὲς

2041 1150 2252 1196 atatem.
2313 1140 2512 1196 Nescio
2537 1150 2721 1195 autem
2765 1141 3046 1211 quomodo
3078 1142 3147 1196 ad
3176 1143 3354 1197 lucem
3388 1152 3602 1212 protra-

322 1227 597 1297 ἐληλύθει,
632 1230 732 1283 εἶτ’
762 1230 820 1296 ἐξ
846 1229 1136 1295 ἐπιπνοίας
1164 1233 1309 1293 τινος
1337 1233 1637 1303 θειοτέρας,
1669 1236 1779 1288 εἴτε
1822 1253 1904 1288 τι·

2044 1244 2157 1289 tum
2191 1234 2300 1297 sit,
2337 1244 2525 1289 utrum
2564 1235 2919 1304 iustigatione
2954 1234 3139 1304 aliqua
3177 1234 3362 1288 divina
3396 1252 3466 1288 an
3525 1249 3591 1286 ex

322 1316 417 1377 νὸς
446 1318 636 1388 χρείας
664 1318 934 1389 ἐνστάσης
983 1320 1234 1387 ὀρύττειν
1268 1325 1470 1385 ἐκεῖσε,
1526 1322 1625 1378 εἴτ’
1659 1326 1763 1378 οὐκ
1806 1321 1905 1379 οἵδ’

2041 1326 2348 1380 πεοεεεὶιίιιε
2381 1325 2455 1380 ibi
2487 1323 2734 1378 fodiendi
2760 1364 2773 1385 ,
2807 1340 2873 1378 an
2908 1324 3098 1379 nescio
3129 1339 3240 1394 quo
3272 1323 3381 1377 alio
3412 1325 3596 1379 modo.

324 1407 510 1460 ὅντινα
535 1408 738 1478 τρόπον
769 1407 982 1480 ἕτερον.
1018 1411 1095 1464 Οὐ
1125 1412 1235 1480 γὰρ
1256 1411 1445 1481 ὄψεσιν
1470 1416 1662 1480 αὐταῖς
1699 1434 1792 1486 μοι
1817 1434 1910 1470 τε-

2041 1414 2137 1468 ίοη
2175 1414 2323 1468 enim
2360 1413 2496 1468 mihi
2527 1415 2800 1484 contigit,
2840 1422 2899 1468 ut
2930 1414 3071 1467 meis
3105 1413 3282 1482 ipsius
3313 1414 3489 1467 oculis
3524 1415 3602 1466 lu-

325 1497 535 1567 τύχηκε
587 1501 869 1571 γενομένῳ
907 1500 1053 1555 κατὰ
1102 1502 1196 1556 τὸν
1240 1503 1412 1558 τόπον
1447 1504 1773 1575 θεάσασθαι,
1811 1507 1905 1562 τοῦ

2041 1520 2137 1559 :um
2180 1504 2598 1573 perlustrarem,
2624 1502 3016 1574 persecutione
3052 1519 3174 1571 quae
3212 1511 3326 1555 tum
3353 1502 3517 1556 ﬁebat
3546 1511 3602 1557 ct

328 1590 633 1659 τηνικαῦτα
657 1591 900 1660 διωγμοῦ
937 1595 1034 1647 καὶ
1074 1594 1167 1648 τοῦ
1189 1599 1289 1666 τῆς
1333 1598 1667 1665 Ἐκκλησίας
1706 1602 1911 1672 χειμῶ-

2041 1598 2275 1653 Ecclesia:
2308 1608 2636 1669 tempestate
2671 1598 2761 1651 illa
2792 1613 2944 1651 meas
2979 1597 3274 1650 claudente
3304 1604 3493 1665 portas
3527 1595 3602 1649 ila

328 1699 420 1746 νος
449 1683 662 1737 ἐκείνου
699 1684 799 1747 τὰς
828 1686 968 1756 ἐμὰς
1010 1686 1395 1753 ὲγκλείσαντος
1439 1689 1632 1760 θύρας,
1663 1692 1738 1752 ὡς
1785 1694 1911 1764 μηδ’

2041 1697 2077 1744 It
2118 1705 2187 1746 ne
2220 1690 2277 1745 in
2308 1689 2478 1746 breve
2507 1689 2670 1761 245
2701 1690 2928 1760 quidem
2980 1697 3200 1758 tempus
3239 1689 3418 1742 libera
3468 1688 3601 1742 lice-

328 1776 425 1828 ἐπὶ
455 1775 630 1847 βραχὺ
648 1776 781 1845 γοῦν
811 1780 892 1841 είς
919 1778 1206 1851 ἐλεύθερον
1231 1783 1570 1854 προκύπτειν
1601 1786 1749 1858 ἔχειν
1773 1788 1912 1857 ἀέρα

2041 1792 2106 1837 ἐι
2133 1782 2212 1836 uti
2244 1782 2388 1837 aeris
2418 1784 2809 1853 respiratione.
2843 1781 3033 1835 Fando
3069 1791 3251 1835 tamen
3284 1781 3450 1850 paulo
3480 1789 3605 1850 post

330 1845 504 1936 πνοῆς
557 1845 917 1937 ἀκραιφνοῦς.
964 1845 1130 1943 Ἀκοῇ
1185 1874 1231 1925 δ’
1270 1845 1422 1945 δμως
1472 1845 1914 1947 ὀλίγηῗῦστερον

2041 1889 2146 1928 :um
2183 1889 2298 1928 rem
2336 1872 2922 1944 accepissem,accidit
2958 1879 3019 1926 ut
3051 1886 3195 1926 unus
3224 1881 3283 1924 et
3315 1871 3468 1926 solus
3500 1886 3603 1940 ego

333 1959 700 2031 παρειληφότι
750 1961 846 2017 ἕνα
896 1960 998 2018 ’καὶ
1031 1966 1197 2019 αὑτὸν
1244 1961 1386 2019 εἷναί
1447 1986 1515 2037 με
1547 1971 1657 2023 τῶν
1687 1970 1913 2025 είδότων

334 2050 732 2118 συμπέπτωκε,
785 2053 1125 2123 παμπόλλων
1158 2055 1261 2129 ἤδη
1312 2057 1373 2110 τὸ
1423 2062 1660 2130 πρᾶγμα
1689 2061 1788 2114 καὶ
1821 2063 1917 2132 δη-

336 2142 504 2214 μοσίᾳ
545 2143 936 2215 θρυλλούντων.
987 2150 1079 2201 Διὸ
1109 2149 1220 2202 τῶν
1274 2151 1430 2204 οὐδὲν
1473 2152 1688 2223 οὐδαμῆ
1718 2171 1784 2224 γε
1810 2156 1918 2210 ἀπ-

331 2235 560 2288 εικότων
626 2236 830 2302 ἔδοξεν,
875 2239 1001 2293 οὐδὲ
1048 2240 1146 2293 τοῦ
1195 2242 1395 2313 καιροῦ
1452 2247 1547 2298 καὶ
1586 2248 1687 2316 τῆς
1723 2249 1916 2317 χρείας

333 2329 412 2392 ὡς
442 2332 806 2402 πορρωτάτω,
838 2338 905 2407 τῇ
942 2336 1154 2407 ἱστορίᾳ
1187 2337 1285 2391 καὶ
1306 2336 1471 2391 τοῦτό
1515 2355 1607 2409 μοι
1642 2356 1917 2410 συνυφαν-

334 2420 519 2491 θῆναι,
557 2423 781 2495 ἔλεγχον
807 2427 911 2496 μὲν
950 2429 1148 2499 κομιδῇ
1182 2431 1439 2501 προφανῆ
1467 2432 1697 2502 κομίζον
1727 2433 1916 2488 θεόθεν

337 2514 479 2568 κατὰ
508 2515 605 2586 τῆς
632 2518 740 2571 τῶν
762 2517 1009 2576 διωκτῶν
1037 2522 1322 2585 ἀπονοίας,
1373 2527 1694 2578 παντάπασι
1711 2525 1757 2579 δ’
1789 2526 1920 2580 ἀκί-

334 2602 533 2675 ϐδηλον
595 2608 657 2660 τὺ
702 2610 811 2664 τῶν
860 2612 1211 2685 διωκομένων
1265 2615 1426 2687 ἡμῶν
1476 2619 1781 2687 ἀποφαῖνον
1818 2619 1914 2672 σύ-

338 2715 439 2769 στη
447 2717 542 2770 μα.
1548 2714 1557 2721 ·

409 2792 511 2849 il".
542 2795 776 2869 Φιλοθέῳ
798 2799 909 2869 γὰρ
937 2798 1014 2870 τῷ
1035 2802 1292 2874 Κοκκίνῳ
1314 2803 1619 2874 τηνικαῦτα
1649 2823 1920 2878 πατριαρ·

2017 1982 2085 2023 ex
2127 1967 2193 2021 iis
2224 1983 2399 2021 essem
2424 2007 2439 2032 ,
2468 1968 2564 2035 qui
2596 1965 2731 2037 quid
2762 1965 2967 2021 factum
2999 1971 3148 2019 esset
3184 1972 3440 2017 tenerent
3475 1979 3603 2033 por-

2017 2059 2210 2113 multis
2253 2059 2372 2123 jam
2423 2073 2543 2112 rem
2601 2057 2824 2127 publice
2880 2053 3606 2124 divulganlibus.Quapro—

2020 2160 2145 2222 pter
2192 2153 2393 2207 barum
2444 2167 2633 2207 rerum
2685 2159 2748 2205 ut
2797 2147 3250 2219 improbabilium
3298 2145 3437 2199 nihil
3494 2146 3606 2199 ullo

2019 2244 2185 2300 modo
2214 2245 2427 2315 placuit
2452 2262 2467 2312 ;
2499 2260 2684 2315 neque
2713 2244 2896 2298 visum
2930 2252 3017 2296 est
3043 2257 3071 2294 a
3103 2240 3364 2308 temporis
3392 2238 3606 2294 ratione

2018 2345 2076 2393 et
2136 2338 2471 2393 necessitate
2504 2337 2749 2392 alienum
2802 2351 2923 2390 esse
2981 2334 3051 2389 ab
3101 2332 3334 2387 historia
3380 2329 3433 2385 id
3483 2345 3609 2401 per-

2018 2432 2266 2487 scribere
2309 2431 2459 2503 quod
2506 2438 2563 2485 et
2598 2430 2988 2485 documentum
3027 2426 3300 2482 divinitus
3332 2423 3605 2494 praeberet

2020 2522 2535 2579 manifestissimum
2570 2521 2845 2575 vecordiae
2877 2528 3296 2589 persecutorum
3329 2524 3387 2570 et
3419 2514 3604 2570 since-

2023 2630 2141 2669 ram
2176 2614 2406 2669 omnino
2450 2622 2769 2668 nostraruin
2818 2611 3271 2681 persecutionum
3301 2600 3610 2663 enarratio-

2020 2722 2147 2764 nem
2181 2707 2499 2763 exhiberet.

2090 2796 2234 2855 Xlll.
2275 2799 2599 2855 Philotheus
2643 2799 2794 2855 enim
2824 2794 3123 2859 Coccinus,
3158 2802 3293 2848 tunc
3344 2790 3613 2860 temporis

287 2931 292 2935 .
340 2886 556 2957 χεύοντι
585 2887 784 2956 ἔδοξεν,
815 2891 1006 2966 ὥσπερ
1032 2894 1265 2965 ἕρμαιον
1285 2895 1380 2949 τὸν
1401 2898 1595 2966 καιρὸν
1616 2899 1916 2968 ήρπακὸτι,

2041 2894 2334 2949 iatriarcba
2406 2901 2667 2965 tanquam
2748 2891 3002 2946 idoneam
3053 2886 3284 2957 adeptus
3338 2892 3613 2955 opportu-

342 2981 760 3051 μηχανήσασθαί
788 3002 840 3036 τι
870 2985 1009 3056 πρὸς
1034 2986 1296 3042 σύστασιν
1313 2987 1416 3060 τῆς
1444 2991 1713 3060 σφετέρας
1739 2992 1919 3045 αὐτῶν

2044 2985 2275 3051 litarem,
2305 3000 2527 3056 operam
2547 2984 2769 3039 navavit
2797 2983 2865 3038 ad
2885 2978 3329 3037 constituendam
3357 2993 3613 3032 commu-

342 3071 668 3145 Παλαμικῆς
721 3075 1038 3142 πολυθεϊας.
1076 3078 1334 3152 Πλήθους
1394 3077 1490 3135 οὖν
1550 3083 1919 3154 ἠθροισμένου

2041 3094 2150 3134 tem
2184 3079 2563 3133 Palamiticum
2603 3076 3055 3149 polytheismum.
3073 3071 3427 3128 Multitudine
3447 3071 3614 3141 igitur

342 3166 665 3262 παμπόλλου
691 3170 801 3225 τῶν
829 3171 889 3224 ἂν
911 3174 1141 3243 ἀγοραῖς
1171 3175 1265 3226 καὶ
1292 3173 1533 3245 τριόδοις
1557 3177 1810 3231 κχλινδου
1822 3176 1921 3247 μέ-

2041 3186 2226 3242 magna
2256 3183 2587 3241 congregata
2612 3187 2807 3225 eorum
2836 3168 2932 3239 qui
2968 3170 3021 3222 in
3052 3168 3174 3223 loro
3201 3176 3257 3222 et
3288 3165 3468 3219 triviis
3492 3179 3613 3217 ver-

344 3273 472 3323 νων,
528 3260 659 3325 στὰς
715 3262 802 3334 ἐφ’
864 3264 1096 3337 ὑψηλοῦ,
1165 3285 1182 3317 ι
1227 3266 1424 3338 Χρεὼν
1458 3269 1631 3338 ὖμᾶς,
1671 3288 1693 3321 ι
1729 3272 1920 3340 φησὶν,

2041 3272 2247 3330 iantur,
2280 3274 2433 3317 stans
2465 3264 2521 3317 in
2554 3264 2676 3317 loco
2708 3262 2997 3338 superiore
3030 3279 3043 3314 :
3077 3278 3096 3312 ι
3127 3258 3364 3313 Necesse
3392 3265 3498 3320 est,
3535 3256 3617 3309 in-

349 3371 371 3407 ε
408 3347 455 3408 ὦ
499 3355 694 3427 ἄνδρες
724 3373 786 3410 τε
814 3335 919 3412 καί
948 3335 1208 3427 γυναῖκες
1242 3335 1338 3413 καὶ
1388 3335 1560 3416 τέκνα
1617 3335 1814 3434 νήπια,
1847 3364 1925 3436 μὴ

2041 3354 2183 3421 luit,
2217 3369 2315 3409 vos
2342 3351 2483 3416 viri,
2519 3352 2800 3416 mulieres,
2836 3335 3101 3414 infantes,
3138 3362 3245 3401 non
3274 3346 3396 3400 sine
3428 3345 3618 3398 divina

344 3447 498 3512 θείας
541 3448 671 3504 ἄνευ
720 3451 980 3522 προνοίας
1026 3453 1236 3508 οῖεσυαι
1293 3454 1393 3525 τὴν
1423 3456 1516 3508 τοῦ
1571 3456 1717 3510 θείου
1771 3457 1927 3511 τοῦδε

2041 3445 2379 3516 providentia
2408 3443 2650 3499 credatis
2683 3443 2882 3497 factam
2913 3456 3036 3495 esse
3064 3437 3325 3510 praesenti
3369 3449 3619 3507 tempore

346 3541 605 3613 λειψάνου
630 3525 744 3608 τοῖς
769 3545 1032 3600 ὲνεστῶσι
1057 3546 1313 3616 γενέσθαι
1342 3551 1560 3620 καιροῖς
1600 3551 1925 3620 ἐμφάνειαν,

344 3638 463 3690 ἀλλ’
487 3638 574 3691 ῖνα
622 3639 683 3691 τὸ
711 3639 988 3701 πλείστοις
1037 3638 1128 3695 διὰ
1163 3642 1264 3713 τὴν
1313 3642 1425 3696 τῶν
1476 3640 1773 3696 ἀντιθέτων
1809 3640 1929 3714 ἔριν

348 3731 837 3803 ἀμφισϐητήσιμον
895 3733 1143 3804 ἐμφανὲς
1192 3736 1285 3789 καὶ
1319 3735 1488 3803 σαφὲς
1530 3738 1804 3805 καταστῇ,
1835 3737 1932 3789 καὶ

347 3823 627 3894 γνώριμον
673 3826 902 3898 γένηται
947 3828 1084 3880 πᾶσι
1132 3826 1249 3889 πῶς
1306 3827 1407 3897 μὲν
1440 3826 1503 3880 τὸ
1547 3826 1750 3892 πολλάς
1774 3844 1932 3891 τινας

351 3916 530 3971 σέϐειν
566 3919 714 3988 ἡμᾶς
763 3920 1044 3991 ἐνεργείας
1073 3920 1364 3983 ἀκτίστους
1409 3919 1505 3973 καὶ
1525 3920 1835 3983 ἀνουσίους,
1867 3919 1934 3983 ἃς

351 4012 451 4065 καὶ
478 4007 740 4080 θεύτητας
774 4013 1302 4083 ἀνουσιοῦφειμένας
1332 4014 1433 4084 τῆς
1473 4012 1624 4075 θείας
1656 4011 1934 4080 καλοῦμεν

352 4103 544 4166 οὐσίας
572 4104 669 4157 καὶ
706 4093 1226 4178 διαφόρους⁴αὺτῆς
1265 4118 1327 4158 τε
1375 4105 1472 4158 καὶ
1507 4104 1778 4176 ἀλλήλων,
1808 4104 1935 4159 ἀκί-

352 4194 548 4266 δδηλόν
584 4194 647 4248 τέ
662 4196 781 4249 ἐστι
804 4194 901 4249 καὶ
922 4194 1168 4261 εὑσεύὲς,
1199 4197 1234 4267 ἡ
1267 4195 1327 4249 δὲ
1351 4195 1784 4266 τῶνξάντιθέτων
1812 4193 1939 4249 καθ’

353 4289 513 4360 ήμῶν
563 4288 804 4359 λοιδορία
858 4291 1089 4360 μάταιος
1140 4290 1237 4344 καὶ
1282 4289 1738 4360 κατεγνωσμένη.
1777 4290 1935 4342 Ἐστι

360 4385 458 4454 μὲν
486 4380 581 4437 οὖν
609 4383 904 4438 κάντεῦθεν
948 4383 1050 4437 οὐκ
1098 4382 1298 4453 ἄδηλον
1334 4382 1398 4436 τὸ
1432 4384 1534 4453 τῆς
1564 4383 1715 4446 θείας
1751 4382 1938 4453 ψήφου

357 4480 453 4532 καὶ
484 4478 584 4546 τῆς
612 4477 791 4531 αὐτῶν
824 4460 1167 4546 καταδίκηςλ
1211 4475 1364 4529 αὐτοὶ
1401 4476 1501 4543 μὲν
1531 4474 1643 4545 γὰρ
1668 4477 1726 4527 ὲν
1758 4493 1942 4543 παρα-

360 4573 542 4643 ϐύστῳ
578 4573 671 4625 καὶ
700 4571 929 4641 γωνίαις
959 4570 1290 4644 ἐρριμμένοι
1332 4569 1515 4640 πάσης
1548 4569 1698 4634 ἄξιον
1727 4567 1942 4639 ὕϐρεως

360 4666 583 4720 ἀνύουσι
618 4664 805 4739 [ῙΛΞΒ
828 4662 906 4737 υ.]
936 4663 1053 4734 βίον
1090 4664 1195 4718 καὶ,
1221 4661 1345 4716 λίαν
1375 4660 1776 4735 ἠχρειωμένον,
1807 4662 1944 4732 ήμῖν

360 4761 420 4814 δὲ
447 4760 759 4833 παρρησίαν
781 4760 999 4814 δίδωσιν
1025 4759 1054 4812 ό
1076 4756 1232 4823 Θεὸς,
1268 4755 1369 4809 καὶ
1398 4754 1766 4825 σεμνύνεσθαι
1787 4753 1856 4808 τά
1883 4771 1943 4807 τε

362 4854 521 4920 ἄλλα,
550 4854 646 4907 καὶ
679 4853 916 4923 μάλιστα
933 4854 1001 4923 τῇ
1037 4849 1129 4903 τοῦ
1161 4849 1429 4921 παρόντος
1450 4848 1539 4901 διὰ
1567 4845 1800 4917 μακρῶν
1838 4845 1942 4917 ’ήδη

336 4947 472 5001 ιτῶν
520 4946 790 5018 χρονικῶν
846 4945 1113 5016 περιόδων
1146 4943 1360 5014 εὑρέσει
1416 4940 1561 4995 θείου
1601 4939 1881 5010 λειψάνου.
1920 4957 1939 4990 ι

363 5033 548 5088 Ταῦτα
576 5033 641 5104 δὴ
666 5035 761 5086 καὶ
808 5034 976 5086 πλείω
1026 5034 1095 5085 τὰ
1121 5030 1490 5101 παραπλήσια
1528 5025 1945 5097 διεξεληλυθὼς,

365 5128 617 5182 ἐκέλευσε
640 5130 760 5190 ταῖς
788 5124 1157 5196 μοναζούσαις
1182 5124 1382 5190 ὀλίγων
1416 5120 1568 5184 ἐντὸς
1614 5117 1843 5190 ήμερῶν
1878 5119 1945 5188 τῇ

364 5222 444 5291 τῷ
470 5221 614 5291 ἁγίῳ
647 5220 839 5290 ἐκείνῳ
862 5216 1106 5288 λειψάνῳ
1146 5213 1497 5287 ἀρμοττούσῃ
1539 5213 1773 5268 ἐνθεῖναι
1801 5213 1949 5286 θήκῃ

370 5315 511 5368 κατὰ
543 5315 635 5368 τὸν
660 5315 718 5367 ὲν
749 5315 861 5376 τοῖς
894 5312 995 5382 τῆς
1031 5312 1201 5380 μονῆς
1250 5306 1621 5379 προπυλαίοις
1674 5322 1953 5377 προπαρε-

372 5406 745 5476 σκευασμένον
797 5404 1065 5466 οἰκίσκον,
1101 5405 1340 5459 κᾶπειτα
1375 5401 1504 5470 ἑξῆς
1530 5384 1819 5470 ἑτοιμάσαι
1858 5400 1953 5452 καὶ

369 5500 470 5553 ὅσα
503 5499 637 5571 πρὸς
669 5499 1018 5571 ἀπαρτισμὸν
1060 5494 1421 5566 ὲνθρονισμοῦ
1456 5495 1719 5559 συντελεῖ,
1746 5494 1953 5564 βρώσι-

375 5589 453 5658 μά
477 5606 538 5641 τε
580 5590 714 5660 πρὸς
744 5587 958 5649 τούτοις
988 5589 1087 5641 καὶ
1119 5587 1331 5656 πόσιμα
1374 5587 1478 5638 ὅσα
1511 5587 1650 5654 πρὸς
1682 5581 1953 5652 ὑποδοχὴν

371 5680 593 5751 ἀρκέσει
636 5681 714 5751 τῷ
767 5698 824 5735 τε
873 5684 972 5752 τῆς
1006 5681 1339 5752 Ἐκκλησῖας
1384 5678 1588 5733 ἅπαντι
1618 5675 1807 5747 κλήρῳ
1859 5675 1957 5729 καὶ

374 5775 492 5827 ὅσοι
542 5774 655 5829 τῶν
689 5775 1005 5829 ἐπισκόπων
1032 5780 1129 5827 καὶ
1180 5771 1573 5845 πρεσὸυτέρων
1604 5769 1700 5822 καὶ
1743 5770 1953 5824 λαῖκῶν

380 5865 691 5922 ιπείσακτοι
736 5866 979 5933 ἔσονται,
1013 5865 1132 5933 ἅμα
1176 5863 1328 5932 αὑτῷ
1374 5861 1472 5931 τὴν
1513 5859 1830 5930 ἱερουργίαν
1870 5876 1960 5913 τε-

2032 3540 2231 3593 harum
2279 3537 2598 3591 divinarum
2644 3534 3005 3605 reliquiarum
3057 3531 3490 3595 revelationem,
3522 3528 3619 3582 sed

2033 3633 2279 3702 ut,quo,il
2299 3641 2531 3702 propter
2556 3628 3002 3683 adversariorum
3032 3622 3492 3693 disceptationem
3522 3619 3624 3675 du-

2035 3724 2189 3786 bium
2219 3733 2323 3786 est,
2357 3721 2714 3775 manifestum
2750 3718 2844 3772 ﬁat
2871 3726 2926 3771 et
2960 3718 3184 3785 planum
3209 3727 3375 3785 atque
3407 3713 3476 3766 ab
3508 3729 3625 3765 om-

2036 3814 2205 3867 nibus
2257 3812 2601 3880 intelligatur
2652 3809 2817 3879 quale
2873 3807 2948 3861 sit
3000 3805 3135 3859 illud
3187 3804 3337 3874 quod
3387 3803 3626 3857 colimus

2039 3906 2244 3959 multas
2299 3903 2626 3958 ellirientias
2687 3901 2962 3955 increatas
3017 3912 3083 3952 ac
3149 3896 3480 3951 substantia:
3534 3910 3629 3948 ex-

2037 4008 2251 4069 pertes,
2293 4012 2431 4066 quas
2493 3995 2602 4050 alio
2677 3996 2902 4047 nomine
2960 3990 3284 4044 divinitates
3358 3988 3625 4054 dicimus,

2040 4090 2206 4162 246
2233 4090 2431 4144 divinae
2457 4086 2781 4142 substantia:
2815 4082 3146 4137 summiss:is
3173 4088 3341 4149 atque
3374 4094 3469 4133 eas
3499 4079 3627 4148 qui-

2040 4185 2167 4237 dem
2216 4196 2340 4237 cum
2388 4179 2457 4233 ab
2502 4177 2619 4248 ipsa
2661 4176 2765 4230 hac
2801 4183 2917 4228 tum
2951 4173 3099 4227 inter
3131 4187 3190 4227 se
3219 4185 3344 4227 esse
3377 4169 3630 4225 diversas

2041 4274 2267 4332 veritati
2312 4281 2369 4329 et
2412 4271 2608 4343 pietati
2638 4278 3079 4325 consentaneum
3110 4271 3216 4320 est.
3250 4262 3629 4317 Adversario-

2044 4384 2172 4425 rum
2219 4375 2404 4423 autem
2452 4366 2509 4419 in
2543 4378 2645 4418 nos
2674 4361 2924 4430 conjecta
2957 4359 3212 4414 convicia
3243 4371 3386 4410 vana
3417 4365 3547 4410 sunt
3578 4367 3635 4410 et

2051 4460 2388 4517 damnanda.
2419 4458 2520 4513 Est
2549 4456 2716 4528 igitur
2745 4454 2878 4508 hinc
2907 4452 3074 4507 etiam
3107 4466 3219 4504 non
3252 4449 3491 4504 obseura
3522 4448 3640 4501 suf-

1978 4552 2019 4604 D
2049 4554 2283 4625 fragalio
2310 4554 2501 4609 divina
2531 4566 2586 4607 et
2619 4551 2841 4607 illorum
2876 4548 3270 4606 condemnatio
3303 4565 3317 4602 :
3353 4547 3456 4618 ipsi
3487 4546 3635 4600 enim

2049 4647 2107 4702 in
2134 4646 2383 4701 occultos
2412 4645 2567 4700 locos
2593 4653 2649 4700 et
2679 4643 2912 4714 angulos
2956 4642 3157 4712 dejeeti
3208 4639 3363 4694 Omni
3414 4638 3636 4708 dignam

2048 4739 2479 4810 exprobratione
2498 4738 2812 4808 transigunt
2831 4738 2993 4790 vitam
3016 4751 3080 4790 ac
3105 4748 3333 4804 prorsus
3362 4732 3639 4796 inutilem;

2049 4834 2220 4888 nobis
2266 4840 2451 4886 autem
2472 4831 2807 4887 facultatem
2860 4827 3014 4882 dedit
3067 4828 3213 4880 Deus
3267 4823 3638 4891 conceditque

2055 4936 2114 4979 ut
2130 4941 2253 4980 eum
2269 4925 2336 4979 de
2351 4924 2566 4979 caeteris
2586 4922 2754 4977 rebus
2774 4932 2885 4976 tum
2907 4920 2978 4975 de
2993 4921 3094 4972 hac
3108 4920 3349 4972 maxime
3368 4919 3646 4987 possimus

2052 5016 2671 5090 gloriari,praasentium
2705 5028 2903 5084 nempe
2936 5011 3250 5065 divinarum
3276 5009 3640 5080 reliquiarum

2055 5119 2177 5181 post
2196 5111 2357 5180 longa
2376 5111 2487 5181 jam
2510 5117 2820 5177 temporum
2841 5104 3130 5160 intervalla
3149 5103 3491 5157 inventione.
3518 5100 3648 5156 Hmc

2054 5204 2227 5275 igitur
2260 5203 2462 5272 hisque
2506 5202 2666 5271 plura
2709 5200 2914 5255 similia
2957 5199 3178 5253 locutus
3231 5195 3512 5251 solitarias
3558 5194 3642 5247 fe-

2056 5296 2236 5349 minas
2258 5293 2425 5365 jussit
2452 5292 2599 5346 intra
2626 5307 2834 5361 paucos
2866 5278 2985 5346 dies
3012 5304 3198 5344 sacras
3225 5288 3348 5342 illas
3380 5285 3648 5354 reliquias

2056 5389 2114 5443 in
2135 5387 2459 5443 fabricatam
2484 5385 2552 5440 ad
2594 5385 2650 5440 id
2676 5385 2854 5454 ipsqu
2886 5384 3081 5438 cistam
3117 5382 3404 5450 imponere
3434 5378 3490 5430 in
3517 5376 3653 5431 acdi-

2057 5482 2181 5538 cula
2241 5496 2360 5552 quae
2410 5480 2466 5535 in
2497 5478 2639 5533 atrio
2679 5475 3018 5533 monasterii
3048 5483 3196 5529 esset
3235 5477 3554 5533 exstructa,
3593 5478 3652 5524 et

2062 5584 2177 5629 tum
2220 5572 2490 5643 deinceps
2519 5572 2686 5647 etiam
2722 5582 2922 5636 parare
2950 5562 3223 5635 quidquid
3256 5560 3326 5615 ad
3360 5558 3653 5630 perlicien-

2061 5669 2189 5725 dam
2240 5666 2725 5738 inaugurationem
2774 5661 3118 5732 pertineret.
3150 5656 3336 5711 cibum
3388 5662 3653 5723 praetcrea

2064 5778 2130 5818 ac
2163 5770 2354 5832 potum
2384 5760 2481 5831 qui
2515 5758 2584 5813 ad
2613 5753 3009 5825 excipiendum
3032 5747 3316 5805 suﬂicerct
3347 5747 3522 5800 totius
3561 5760 3655 5799 cc-

2075 5857 2260 5915 clesiac
2301 5855 2541 5922 clerum,
2586 5867 2651 5908 ac
2689 5849 3081 5918 episcoporum
3110 5842 3351 5911 denique
3406 5846 3463 5896 et
3521 5852 3652 5907 pro-
