4034 6472
1770 485 1860 502 1⁷⁷
1911 485 2066 495 ν’···“
2103 485 2143 506 τι
2173 485 2307 508 ’λεὐυ

485 485 710 544 facturi.
757 491 827 546 Et
870 495 986 551 haec
1033 501 1257 569 quidem
1303 508 1376 562 ita
1420 512 1534 568 fere
1581 533 1893 582 cesserunt.
1941 529 2063 586 Mox
2168 542 2225 596 δὲ
2249 546 2307 598 τί

1602 1035 1617 1048 ι
1743 1035 1825 1039 ““
1859 1035 2031 1059 ""l""

475 1035 720 1095 bandum
744 1056 861 1099 erat
887 1062 952 1102 ac
985 1051 1212 1111 minime
1238 1058 1526 1119 ferendum
1559 1069 1655 1123 has
1679 1088 1769 1128 res
1800 1087 2058 1137 tractatas

471 1142 597 1184 esse
667 1136 926 1193 manibus
981 1142 1228 1200 virorum
1286 1151 1516 1210 deorum
1567 1160 1832 1221 falsorum
1916 1174 2056 1228 mul-

474 1219 770 1279 titudinem
826 1230 1130 1290 colentium
1180 1240 1344 1314 247
1394 1250 1601 1320 quique
1649 1255 1723 1309 ita
1773 1259 2055 1331 impietate

476 1308 727 1331 J:-_.____,_
798 1326 835 1331 ,-
895 1320 906 1331 .
984 1322 996 1331 .
1125 1327 1138 1331 _

1214 1308 1324 1314 ,__
1413 1308 1424 1317 ,
1513 1308 1526 1320 _
1702 1308 1722 1309 η
1773 1308 2053 1331 ---τ-νων

471 1308 736 1368 diuturna
783 1326 842 1371 et
893 1320 997 1389 ipsi
1053 1327 1415 1390 vehementer
1463 1345 1757 1401 constricti
1812 1362 1869 1406 ει
1911 1354 2053 1411 alios

468 1398 538 1453 ad
587 1416 708 1458 eam
742 1419 845 1462 suo
882 1419 1140 1485 exemplo
1179 1423 1537 1486 adducerent.
1576 1434 1842 1501 Quocirca
1881 1445 2048 1499 etiam

467 1502 633 1549 nocte
667 1495 760 1552 illa
792 1502 899 1557 sub
930 1508 1183 1566 auditum
1209 1515 1321 1586 jam
1349 1522 1617 1590 gallorum
1648 1544 1871 1589 cantum
1908 1536 2049 1593 fama

465 1584 718 1652 quaedam
745 1591 888 1648 clam
919 1612 1017 1666 per
1044 1603 1237 1660 urbem
1269 1615 1533 1683 serpebat
1567 1623 1772 1677 moenia
1804 1624 2049 1684 intrasse

464 1674 835 1750 Palazologum
900 1689 1294 1781 imperatorem
1351 1722 1450 1775 per
1530 1717 1837 1774 maritimas
1884 1737 2048 1777 nava-

461 1963 527 2003 ac
562 1953 777 2012 triremi
821 1964 945 2017 navi
990 1983 1095 2023 una
1142 1972 1363 2034 duabus
1408 1986 1664 2042 noctibus
1709 1990 2041 2064 duobusque

463 2040 657 2064 1!-L___
774 2058 786 2064 -
959 2056 1002 2064 —
1134 2062 1145 2064 ‘

460 2040 659 2101 diebus
695 2058 825 2107 ante
855 2068 924 2109 ex
959 2056 1187 2118 Tenedo
1223 2070 1578 2141 navigatione
1616 2080 1891 2138 instituta.
1929 2040 2039 2140 "fu-

459 2134 671 2192 multus
697 2139 868 2209 igitur
900 2161 1193 2218 prapterea
1225 2134 1447 2219 tenebat
1472 2165 1806 2238 Byzantinos
1839 2177 2039 2246 gaudio

455 2232 514 2280 et
530 2241 770 2287 mmrore
789 2236 1068 2304 mistus,et
1085 2247 1354 2320 quidquid
1379 2256 1432 2310 in
1462 2261 1665 2318 talibus
1682 2266 1931 2323 accidere
1949 2284 2037 2324 so-

453 2316 551 2382 let,
570 2317 693 2375 aliis
716 2324 786 2379 ob
808 2338 1017 2386 metum
1035 2316 1256 2392 summa
1274 2344 1642 2412 trepidatione
1675 2353 2034 2424 fugientibus,

458 2406 586 2463 aliis
616 2412 757 2469 lucri
794 2433 959 2475 causa
991 2426 1354 2487 vehementer
1386 2446 1871 2510 persequentibus.
1901 2442 2033 2505 Om-

456 2499 614 2555 nium
651 2520 786 2561 vcro
816 2513 1054 2571 maxime
1084 2531 1269 2578 metus
1299 2529 1521 2584 tenebat
1550 2534 1906 2594 Philotheum
1941 2558 2034 2611 pa-

452 2592 776 2661 triarcham,
811 2616 925 2658 non
984 2623 1118 2665 sane
1177 2617 1477 2676 mediocris
1530 2639 1824 2698 propterea
1879 2636 2030 2703 quod

449 2684 662 2742 factum
721 2691 857 2749 illud
918 2713 1021 2755 nec
1077 2705 1303 2776 opinato
1337 2724 1392 2765 et
1444 2730 1674 2786 repente
1728 2724 2025 2781 acciderat.

451 2776 675 2835 Etenim
719 2786 814 2854 qui
859 2786 976 2844 heri
1016 2807 1075 2847 se
1110 2797 1356 2866 jactabat
1392 2776 1720 2886 consecrare
1755 2810 2059 2886 templum'

443 2868 511 2923 ad
546 2871 864 2934 firmandam
885 2882 1257 2944 Palamiticatn
1281 2874 1539 2966 lizeresin,
1561 2901 1903 2976 irreligiosus
1927 2910 2027 2962 ho-

441 2959 532 3016 die
579 2966 731 3023 visus
777 2981 863 3027 est
908 2986 965 3030 et
1010 2980 1502 3045 vehementissime
1537 2996 1787 3062 profecto
1821 2999 1935 3056 Deo
1966 3013 2023 3057 et

440 3062 751 3117 sacerdotio
808 3065 1089 3139 indignus.
1124 3075 1306 3140 Quare
1368 3084 1628 3150 quoniam
1694 3105 1803 3146 non
1869 3095 2021 3167 cogi-

441 3157 554 3203 tata
613 3167 775 3223 agere
830 3174 932 3214 nec
985 3167 1183 3220 rationi
1238 3177 1631 3231 convenientia
1686 3184 2018 3250 permittunt

444 3242 573 3296 talia
631 3254 913 3318 tempora,
975 3264 1031 3309 et
1085 3264 1394 3326 prmsertim
1441 3282 1566 3321 cum
1618 3272 1784 3328 etiam
1836 3277 2021 3335 divina

438 3334 689 3404 quaedam
746 3340 979 3415 impellit
1030 3350 1210 3420 plaga,
1261 3357 1472 3411 exstitit
1523 3369 1579 3416 et
1624 3364 1715 3419 hic
1764 3368 1870 3423 fixa
1906 3381 2018 3426 sta-

438 3423 534 3478 tim
584 3429 922 3498 cogitatione
950 3446 1006 3491 et
1052 3443 1353 3500 arbitratus
1407 3448 1783 3522 insuspectum
1838 3462 2003 3517 modo

435 3532 558 3571 esse
587 3534 714 3575 eum
744 3539 906 3593 quem
939 3528 995 3585 in
1027 3532 1151 3587 aliis
1182 3539 1486 3598 reconditis
1518 3548 1768 3615 partibus
1804 3553 2010 3608 divina:

436 3606 737 3680 Sapientia:
775 3620 1053 3687 appellant
1088 3625 1336 3696 furnum,
1378 3635 1470 3689 ubi
1510 3606 1677 3694 etiam
1720 3659 1829 3712 quo
1868 3606 2009 3699 divi;

433 3715 564 3754 num
597 3704 870 3766 adeuntes
901 3712 1173 3784 baptisma
1209 3724 1421 3781 condiri
1458 3740 1742 3800 unguento
1772 3750 2007 3793 consuev

432 3802 548 3848 tum
584 3804 691 3860 est,
715 3799 827 3869 igni
862 3819 1170 3878 praeparant
1204 3799 1656 3887 quinquennibus
1688 3828 1884 3896 spatiis
1918 3831 2003 3885 vel

428 3887 597 3941 etiam
652 3889 909 3959 pluribus
963 3898 1195 3959 fortasse
1249 3919 1306 3964 et
1360 3914 1670 3972 minoribus
1716 3887 2000 3976 interdum

427 3973 594 4047 248
640 3983 945 4040 secundum
983 3992 1322 4052 voluntatem
1364 4009 1421 4055 et
1457 4001 1819 4076 indigentiam
1856 4011 1999 4065 alio-

424 4080 547 4121 rum
597 4070 705 4125 alio
756 4087 1005 4146 tempore
1062 4087 1492 4146 constitutorum
1528 4099 1992 4165 patriarcharum.

420 4152 527 4214 hoc
561 4170 806 4233 tempore
845 4172 1056 4242 fugiens
1090 4183 1487 4241 tremebundus
1528 4152 1637 4257 ⁸(μή
1703 4193 1821 4247 heri
1864 4212 2088 4264 persecu

420 4251 612 4322 debat,
648 4257 922 4318 inutiliter
951 4278 1244 4328 conterens
1271 4286 1327 4331 et
1358 4280 1515 4334 valde
1547 4282 1861 4339 detrectans
1892 4288 2082 4348 vitam.

2026 4394 2072 4449 D
2168 4385 2268 4440 IA'.
2307 4389 2559 4457 Ἔξεστιν
2582 4393 2677 4451 οὗν
2714 4400 3131 4471 συλλογίζεσθαι
3171 4410 3291 4475 πῶς
3329 4414 3399 4467 τὰ
3427 4416 3557 4487 χθὲς
3582 4421 3677 4475 καί⁵

417 4440 696 4505 quomodo
731 4445 981 4515 vulgatas
1031 4452 1147 4508 heri
1189 4467 1244 4510 et
1298 4462 1705 4521 nudiustertius
1742 4473 2009 4539 superbo'

413 4542 568 4585 more
582 4545 613 4584 a
636 4531 922 4595 l’hilotbeo
937 4555 1129 4600 contra
1143 4548 1305 4614 justas
1322 4552 1448 4606 fidei
1473 4555 1724 4614 homines
1733 4561 1982 4631 jactatio-

411 4629 514 4670 nes
542 4626 599 4672 et
614 4624 864 4680 scurrilis
899 4627 1098 4700 linguae
1136 4635 1359 4696 facetias
1412 4624 1875 4714 coargueritvnon
1913 4653 1987 4710 ita

408 4708 584 4762 multo
603 4723 727 4781 post
754 4715 899 4773 Dens
929 4721 1139 4790 justum
1171 4727 1225 4781 in
1253 4729 1522 4797 judicium
1547 4708 1755 4796 vvocato
1789 4757 1857 4798 eo
1891 4748 1982 4815 qui

406 4800 756 4859 manifestam
794 4809 1051 4880 injuriam
1088 4817 1252 4873 nimis
1284 4821 1551 4892 jactabat,
1580 4832 1752 4901 magis
1791 4845 1978 4891 autem

402 4895 571 4947 etiam
621 4897 865 4967 jactabat
920 4913 1075 4973 tum,
1126 4910 1371 4979 jactabat
1421 4933 1552 4973 vero
1604 4924 1773 4979 etiam
1821 4930 1977 4999 prius

411 5000 575 5054 quam
600 4996 740 5056 tum,
765 5002 822 5049 et
849 4995 1022 5066 jactat
1056 5005 1409 5063 continenter
1438 5011 1545 5067 sibi
1580 5015 1683 5085 ipsi
1719 5029 1776 5074 et
1807 4995 1974 5091 quot-

400 5083 536 5139 quot
568 5077 715 5135 circa
750 5098 877 5139 eum
916 5097 971 5141 et
1013 5104 1138 5145 cum
1176 5110 1244 5151 eo
1283 5112 1571 5160 versantur
1607 5109 1841 5169 Palamae
1876 5132 1972 5171 se-

2047 3105 2092 3168 C
2126 3110 2283 3175 λατός
2334 3132 2418 3178 τις

2309 474 2439 521 ντες.
2464 462 2575 515 Καὶ
2601 466 2775 521 ταῦτα
2809 472 2911 541 μὲν
2948 477 3072 547 τῇδέ
3115 497 3191 552 πη
3233 486 3551 559 κεχώρηκεν
3576 511 3591 528 ·
3622 498 3743 570 ἄρτι

2283 553 2349 614 ἧς
2378 553 2587 622 ἡμέρας
2610 558 2880 633 ἐνστάσης
2910 568 2968 620 ἐν
3013 564 3050 642 ᾗ
3087 573 3185 644 τὴν
3213 553 3509 648 ὑστεραίαν
3535 585 3642 641 ἔδει
3662 553 3743 646 ιειιά

2166 637 2266 705 τῆς
2302 641 2614 714 ἱερουργίας
2641 654 2934 722 τελεῖσθαι,
2981 637 3164 719 πάντα
3198 670 3299 736 μὲν
3327 637 3396 742 ἦν
3424 679 3561 740 ταῖς
3573 637 3740 750 μονα-

2169 725 2222 750 ν-
2247 728 2320 750 ο-
2426 733 2439 750 ι
2523 738 2533 750 -
2686 742 2709 750 κ
2771 746 2789 750 -

2124 776 2125 779 η
2165 725 2390 793 ζούσαις
2421 733 2657 802 ἐκείναις
2686 742 2855 799 ἔωθεν
2903 753 2961 814 ἐς
2990 725 3230 827 ἑσπέραν
3265 725 3558 832 πονούσαις
3574 725 3741 825 ι’ἀνεν-

2163 819 2261 874 δεᾶ
2294 826 2360 876 τὰ
2411 828 2511 894 τῆς
2545 834 2757 901 χρείας,
2794 840 2874 909 τῷ
2892 842 2950 896 δὲ
2982 819 3140 917 ἁγίῳ.
3177 852 3273 904 καὶ
3304 856 3384 923 τῷ
3436 819 3554 913 τοῦ.
3581 863 3737 931 ἁγίου

2167 912 2316 983 μόνῳ
2366 917 2485 985 Θεῷ
2539 928 2893 986 παντάπασιν
2940 912 3258 996 ἀνένδεκτόν
3302 912 3364 1000 τέ
3393 950 3487 1002 καὶ
3534 912 3737 1023 ἥκιστα

2038 1022 2062 1032 -
2162 1004 2389 1060 ἀνεκτὸν
2450 1011 2543 1064 ὑπ’
2591 1016 2806 1088 ἀνδρῶν
2867 1026 3146 1082 πολυθέων
3186 1034 3282 1113 κίκι
3348 1035 3491 1092 οὕτω
3539 1004 3735 1096 έυσσε-

2160 1094 2280 1165 ϐείᾳ
2332 1106 2522 1173 μακρᾷ
2573 1108 2753 1163 αὐτῶν
2802 1130 2862 1167 τε
2914 1123 3193 1187 κραταιῶς
3221 1094 3511 1196 ’ἐχομένων
3540 1094 3738 1188 καιέ-

2157 1187 2337 1258 τέροις
2374 1194 2567 1249 αἰτίων
2624 1200 2711 1253 ἀεὶ
2768 1208 3071 1277 γινομένων
3108 1217 3209 1285 τὴν
3259 1187 3598 1290 αὐτουργίαν
3640 1187 3734 1278 πε⁴

2157 1284 2396 1354 πρᾶχθαι
2430 1291 2522 1344 τοῦ
2583 1301 2967 1367 προκειμένου.
3014 1307 3108 1360 Διδ
3157 1284 3252 1364 καὶ
3306 1316 3408 1385 τῆς
3434 1284 3650 1382 ’νυκτὸς
3682 1322 3737 1374 ἐ-

2157 1378 2345 1448 κείνης
2402 1385 2524 1453 περὶ
2561 1387 2659 1451 τὰς
2696 1390 3074 1461 ἀλεκτρυόνων
3115 1401 3215 1471 ἤδη
3245 1378 3546 1478 γενομένης
3564 1378 3728 1481 mihi.

2159 1469 2317 1539 φήμη
2345 1475 2624 1548 τιςήσυχῆ
2661 1485 2906 1553 περιέθει
2953 1489 3054 1558 τήν
3098 1469 3276 1559 πόλιν,
3328 1469 3733 1573 ἐνδονντέιχῶν

2157 1553 2250 1606 τὸν
2273 1555 2501 1621 βασιλέα
2555 1564 2918 1641 Παλαιολόγον
2968 1553 3431 1655 είσκεχωρηκέναι
3484 1553 3732 1647 διαζῶν

2156 1644 2461 1705 θαλαττίων
2490 1655 2582 1708 τοῦ
2620 1661 2851 1733 νεωρίου
2881 1668 3068 1722 πυλῶν
3094 1644 3220 1725 τῶν.
3247 1644 3388 1745 πρὸς
3430 1679 3507 1733 ἓω
3559 1644 3727 1754 ταχυζ

2080 1764 2121 1822 Β
2153 1741 2480 1810 ναυτούσαις
2534 1753 2797 1824 μονήρεσι
2842 1759 2934 1811 καὶ
2981 1761 3224 1833 διήρεσιν
3263 1741 3326 1821 ὲκ
3363 1771 3591 1825 Τενέδου
3632 1741 3727 1829 καὶ

2155 1829 2384 1901 Ἴμϐρου
2422 1840 2516 1892 καὶ
2544 1845 2764 1915 τριήρει
2800 1851 2923 1921 μιᾷ,
2957 1829 3103 1908 δυοῖν
3122 1857 3491 1932 νυχθημέροιν
3526 1867 3728 1938 πρότε-

2150 1939 2246 1992 ρον
2277 1928 2340 1980 ὲκ
2377 1931 2602 1988 Τενέδου
2645 1938 2739 1990 τὸν
2770 1939 3005 1997 ἔκπλουν
3055 1928 3419 2016 πεποιηκότα.
3483 1928 3726 2028 Θόρυϐος

2145 2015 2240 2071 οὖν
2265 2018 2354 2074 διὰ
2391 2024 2550 2079 τοῦτο
2581 2030 2815 2102 κατέσχε
2846 2036 2972 2100 τοὺς
3021 2015 3355 2105 Βυζαντίους
3408 2015 3576 2120 ἡδονῇ
3629 2015 3724 2108 καί

2144 2106 2292 2181 λύπῃ
2325 2111 2662 2185 σύμμικτος,
2691 2122 2786 2174 καὶ
2810 2123 2911 2178 ὅσα
2965 2129 3023 2179 ὲν
3045 2132 3158 2192 τοῖς
3183 2106 3449 2198 τοιούτοις
3482 2106 3722 2204 συμϐαί-

2141 2213 2253 2251 νειν
2285 2201 2467 2268 εἴωθε,
2498 2206 2609 2260 τῶν
2641 2209 2743 2279 μὲν
2780 2212 2871 2265 διὰ
2910 2215 3077 2283 φόϐον
3109 2219 3355 2290 ἀσχέτως
3384 2201 3717 2295 φευγόντων,

2140 2288 2250 2341 τῶν
2285 2291 2340 2344 δὲ
2363 2293 2452 2348 διὰ
2477 2298 2668 2368 κέρδος
2698 2300 2971 2373 λαμπρῶς
2998 2288 3332 2370 διωκόντων.
3375 2288 3607 2372 [idvth
3660 2288 3716 2373 δέ

2142 2381 2376 2448 μάλιστα
2402 2386 2565 2451 φόϐος
2596 2392 2824 2463 κατέσχε
2852 2397 2942 2447 τὸν
2975 2403 3320 2473 πατριάρχην
3345 2408 3601 2463 Φιλόθεον
3653 2412 3715 2464 ού

2142 2472 2286 2525 πάνυ
2337 2479 2533 2548 μικρὸς
2580 2482 2668 2535 διὰ
2689 2484 2751 2537 τδ
2780 2486 2924 2541 πάνυ
2949 2490 3044 2543 τοῦ
3072 2472 3485 2566 συμπτώματος
3541 2503 3714 2574 ἀπρό-

2134 2579 2300 2616 οπτον
2333 2568 2428 2620 καὶ
2461 2572 2761 2640 αἰφνίδιον⁹
2815 2578 2911 2631 καὶ
2939 2581 3047 2651 γὰρ
3075 2586 3102 2637 ὁ
3135 2585 3263 2655 χθὲς
3310 2568 3713 2664 βρενθυόμενος

2135 2653 2424 2725 καθιεροῦν
2454 2660 2546 2712 τὸν
2579 2663 2705 2716 ναὸν
2756 2666 2833 2729 είς
2873 2653 3167 2736 βεϐαίωσιν
3234 2653 3709 2751 τῆς-Παλαμικῆς

2130 2744 2393 2814 αἱρέσεως
2422 2750 2633 2821 ἀνίερος
2660 2755 2897 2827 τήμερον
2915 2758 3071 2830 ὤφθη
3109 2767 3204 2817 καὶ
3240 2744 3387 2836 μάλα
3418 2786 3474 2822 τι
3495 2744 3704 2843 σφόδρα

2129 2832 2264 2887 Θεοῦ
2295 2839 2385 2890 καὶ
2432 2839 2732 2914 ἱερωσύνης
2761 2846 3001 2912 ἀνάξιος.
3048 2852 3215 2909 Ὅθεν
3241 2832 3379 2911 ᾐὲπεὶ
3416 2861 3491 2930 μὴ
3545 2832 3708 2916 ’λελο-

2128 2928 2363 2997 γισμένα
2389 2933 2652 3001 πράττειν
2685 2937 2819 3006 μηδὲ
2868 2942 3081 2996 συνέσει
3119 2928 3489 3018 προσήκοντα*
3531 2958 3703 3025 παρέ-

2128 3034 2316 3086 χουσιν
2338 3020 2388 3072 οί
2419 3023 2654 3076 τοιοῦτοι
2691 3029 2896 3098 καιροὶ,
2935 3035 3030 3085 καὶ
3066 3036 3287 3101 μάλισθ’
3317 3041 3405 3093 ὅτε
3441 3043 3541 3096 καὶ
3577 3020 3702 3115 θεή-

2477 3116 2693 3172 ὲλαύνοι
2751 3122 2960 3193 πληγὴ,
3022 3127 3216 3199 ἐξέστη
3253 3132 3348 3186 καὶ
3390 3125 3550 3199 οὗτος
3605 3138 3699 3190 τοῦ

2123 3203 2465 3268 καθεστῶτος
2520 3208 2685 3274 εὐθὺς
2746 3217 3118 3286 φρονήματος,
3179 3225 3273 3276 καὶ
3321 3224 3700 3299 ξιυννενοηκως

2116 3293 2432 3349 ἀνύποπτον
2462 3297 2621 3363 μόνον
2653 3297 2794 3357 εῖναι
2842 3307 2935 3360 τὸν
2986 3311 3080 3363 ἐπὶ
3140 3311 3347 3382 θάτερα
3400 3293 3701 3391 κρυπτῆρα

2118 3384 2256 3453 μέρη
2295 3387 2390 3454 τῆς
2421 3388 2514 3441 τοῦ
2544 3392 2678 3445 Θεοῦ
2710 3396 2905 3464 σοφίας
2941 3398 3236 3472 λεγόμενον
3266 3384 3525 3479 φοῦρνον,
3568 3384 3699 3466 ἔνθα

2114 3476 2209 3526 καὶ
2242 3469 2286 3542 ᾧ
2317 3477 2444 3541 τοὺς
2477 3480 2553 3549 τῷ
2587 3483 2715 3555 θείῳ
2766 3469 3094 3557 προσιόντας
3145 3469 3486 3569 βαπτίσματι
3509 3469 3520 3474 -
3547 3505 3697 3575 χρίε-

2118 3565 2242 3617 σθαι
2283 3567 2438 3639 μύρῳ
2468 3573 2808 3645 νενόμισται,
2853 3580 3081 3649 ἕψουσιν
3126 3588 3185 3640 ἐν
3241 3599 3695 3663 πενταετηρικαίς

2116 3657 2386 3725 περιόδοις
2422 3660 2453 3732 ἢ
2494 3665 2589 3716 καὶ
2621 3666 2869 3725 πλείοσιν
2902 3673 3034 3739 ἴσως
3100 3681 3195 3731 καὶ
3246 3680 3469 3752 ἥττοσιν
3491 3657 3692 3742 "hiate

2116 3749 2260 3801 κατὰ
2292 3750 2391 3820 τὴν
2414 3753 2523 3807 τῶν
2544 3756 2724 3812 ἄλλοτ’
2766 3762 2942 3817 ἄλλων
2968 3765 3226 3839 βούλησιν
3257 3749 3350 3827 καὶ
3372 3777 3568 3842 χρείαν
3587 3795 3693 3832 πα-

2112 3842 2412 3909 τριαρχῶν,
2443 3844 2500 3897 ὲν
2534 3846 2713 3918 τούτῳ
2738 3852 2927 3920 φυγὼν
2953 3856 3257 3929 ὑπότρομος
3285 3863 3469 3933 111126
3499 3868 3578 3941 r.j
3598 3874 3692 3924 καὶ

2105 3931 2364 4003 περιδεὴς
2392 3935 2421 3985 ὀ
2447 3935 2577 4006 χθὲς
2606 3941 2843 4013 διωκτης
2873 3946 3081 4015 θρασὺς
3106 3953 3199 4005 ἐπὶ
3224 3931 3444 4018 πολλαῖς
3475 3931 3689 4031 ἐκρύπ-

2097 4035 2220 4072 τετο
2254 4023 2370 4085 ταῖς
2402 4025 2672 4098 ἡμέραις,
2707 4032 3082 4104 ηχρειωμένος
3112 4043 3206 4095 καὶ
3272 4045 3417 4115 μάλα
3473 4023 3688 4119 ἀπαγο-

2102 4109 2274 4179 ρεύων
2306 4112 2370 4165 τὸ
2391 4113 2513 4185 ζῇν.
3238 4134 3249 4144 ’

2095 4208 2180 4255 tor
2238 4207 2543 4265 acerrimus
2573 4211 2770 4281 fuerat,
2801 4215 2852 4269 in
2891 4220 3094 4276 multos
3127 4224 3246 4282 dies
3276 4243 3399 4285 sese
3430 4231 3678 4290 abscon-

2097 4476 2290 4547 πρώην
2323 4482 2464 4549 μετά
2511 4486 2746 4557 σοϐαροῦ
2775 4491 2870 4544 τοῦ
2915 4494 3078 4565 ἤθους
3126 4476 3559 4570 δημοσιευθέντα
3593 4512 3672 4580 τῷ

2091 4570 2328 4641 Φιλοθέῳ
2375 4577 2852 4651 μεγαλαυχήματα
2887 4588 3029 4641 κατά
3079 4592 3190 4645 τῶν
3238 4570 3672 4664 ὀρθοδοξούντων

2091 4663 2186 4714 καὶ
2234 4663 2333 4728 τὰς
2385 4668 2485 4739 τῆς
2531 4667 2954 4743 βωμολοχούσης
2997 4679 3247 4753 γλώττης
3276 4663 3668 4757 εὐτραπελίας

2087 4752 2313 4822 ἤλεγξεν
2344 4760 2444 4812 οὐκ
2481 4761 2562 4824 είς
2590 4766 2815 4832 μακρὰν
2848 4768 2876 4820 ὁ
2896 4768 3049 4833 Θεὸς,
3081 4752 3298 4830 δικαίαν
3342 4752 3443 4850 την
3483 4752 3666 4852 κρίσιν

2086 4844 2401 4914 ἐπενεγκὼν
2451 4852 2530 4920 τῷ
2563 4857 2838 4926 περιφανῆ
2888 4860 2986 4930 τὴν
3033 4863 3248 4920 ἀδικίαν
3303 4844 3478 4933 είς-τὸ
3520 4844 3664 4945 ’ὕψος
3698 4946 3709 4957 ⁸

2082 4934 2395 5009 λαλήσαντι,
2433 4945 2637 5013 μᾶλλον
2666 4945 2723 4999 δὲ
2751 4947 3045 5021 λαλήσαντι
3075 4957 3178 5026 μὲν
3202 4961 3295 5012 καὶ
3322 4964 3462 5030 τότε,
3497 4934 3665 5039 λαλήξ-

2083 5045 2235 5083 σαντι
2296 5033 2352 5085 δὲ
2400 5039 2495 5090 καὶ
2535 5037 2805 5113 πρότερον
2852 5043 2884 5113 ἦ
2926 5046 3047 5099 τότε
3106 5052 3202 5102 καὶ
3251 5033 3656 5131 μεθύστερονῆ

2076 5125 2220 5191 τότε,
2266 5128 2363 5181 καὶ
2412 5131 2660 5189 λαλοῦντι
2706 5135 2977 5207 διηνεκῶς
3022 5143 3174 5212 αὐτῷ
3226 5151 3322 5200 καὶ
3367 5151 3480 5203 ὅσοι
3517 5155 3658 5224 ἀμφ’

2072 5217 2236 5269 αὐτὸν
2283 5221 2380 5272 καὶ
2429 5224 2527 5287 σὺν
2578 5225 2732 5299 αὐτῷ
2783 5228 3155 5302 Παλαμισταί.
3206 5236 3302 5300 Τίς
3350 5241 3396 5294 δ’
3441 5246 3544 5298 οὐκ
3588 5246 3654 5299 ἂν

2071 5309 2296 5363 ἀπείποι
2334 5313 2658 5386 βουλόμενος
2690 5319 2954 5389 ἀριθμεῖν
2988 5327 3115 5388 τοὺς
3149 5336 3474 5400 περιφανεῖς
3528 5338 3651 5391 κατ’

2070 5397 2250 5451 αὐτῶν
2284 5402 2371 5455 ἀεὶ
2401 5409 2721 5475 γινομένους
2758 5411 2942 5464 θεόθεν
2972 5413 3226 5486 ἐλέγχους
3254 5397 3397 5476 ῶστε
3428 5397 3650 5482 σύνεσιν

2071 5492 2221 5559 σχεῖν
2273 5496 2355 5558 είς
2409 5499 2789 5574 ἐπιστροφήνε
2848 5504 2942 5568 Τίς
2992 5508 3037 5559 δ’
3076 5510 3176 5564 οὐκ
3226 5512 3294 5567 ἂν
3339 5516 3642 5591 ἐκπλαγείη

2069 5580 2282 5648 βλέπων
2316 5587 2376 5637 τὸ
2407 5589 2661 5660 ἀκαμπὲς
2692 5594 2879 5657 afrath
2905 5598 2999 5650 καὶ
3043 5602 3442 5678 ἁνεπίστροφον
3478 5580 3557 5676 είς
3583 5580 3644 5666 τό

2065 5675 2163 5742 τὴν
2221 5679 2492 5751 σφετέραν
2544 5688 2786 5742 συνεῖναι
2825 5688 3098 5763 ’.πλάνηίνς
3147 5695 3257 5749 Καὶ
3316 5700 3490 5765 ταῦτα
3541 5703 3642 5779 μὲν

2058 5765 2250 5819 τοῦτον
2278 5770 2399 5840 ἔσχε
2433 5773 2523 5831 τὸν
2548 5778 2767 5847 τρόπον.

398 5173 661 5223 ctatores.
737 5172 873 5238 Quis
934 5190 1117 5236 autem
1177 5200 1347 5245 sanus
1413 5209 1716 5264 prwsumet
1772 5221 1971 5262 nume-

401 5273 524 5313 rare
555 5273 747 5330 aperta
783 5281 881 5335 pro
924 5272 996 5326 iis
1029 5289 1246 5337 semper
1296 5281 1436 5340 facta
1483 5288 1752 5350 divinitus
1799 5314 1966 5369 argu-

396 5356 702 5420 menta,ita
753 5368 813 5413 ut
860 5363 1130 5428 judicium
1182 5387 1418 5440 pronum
1450 5383 1516 5436 ad
1548 5390 1963 5445 conversionem
