4034 6470
238 386 324 447 ΞΠ

1244 388 1698 450 ΒΥΖΑΝΤΙΝξΕ
1736 390 2123 451 HlSTORl/E
2162 388 2308 450 LIB.
2353 387 2574 450 XXiX.

3398 392 3504 455 218

294 504 394 560 IE'.
427 503 554 558 Τῶν
591 498 638 559 δ’
680 505 840 558 υίέων
870 504 1340 573 Καντακουζηνοῦ
1389 504 1672 566 Ματθαῖος
1705 504 1807 574 μὲν
1838 522 1853 571 λ

1984 504 2103 560 XV.
2146 502 2418 558 Filiorum
2448 510 2632 556 autem
2660 499 3034 557 Cantacuzcni
3064 499 3356 556 Mattltaaus
3382 503 3508 570 qui-

239 600 263 652 ὁ
317 596 575 668 βασιλεὺς
628 596 929 669 διατρίϐων
995 598 1158 667 ἔτυχε
1223 595 1532 659 τηνικαῦτα
1592 597 1651 658 ἐς
1706 596 1811 650 ὅσα

242 692 487 746 ἐπέκεινα
523 690 990 760 Διδυμοτείγου-τε
1024 692 1124 744 καὶ
1152 690 1528 761 Ὀρεστιὰδος,
1551 689 1811 760 Μανουὴλ

241 782 281 837 δ’
315 783 343 837 ὁ
391 780 511 852 μετ’
564 781 802 845 ἐκεῖνον,
833 780 1102 849 δεσπότης
1128 779 1191 833 τὸ
1225 780 1445 850 ἀξίωμα
1474 777 1571 843 ὢν.
1609 781 1667 842 ἐς
1704 781 1812 833 Πε-

243 875 581 947 λοπόννησον,
608 874 862 944 πέμπτον
896 872 1017 936 ἔτος
1049 873 1151 944 ἤδη
1187 872 1297 926 τῶν
1324 872 1445 925 ἐκεῖ
1481 870 1813 942 Ῥωμαϊκῶν

246 969 449 1040 χωρίων
494 966 591 1021 καὶ
636 965 851 1020 πόλεων
905 967 1005 1037 τὴν
1054 965 1363 1036 ἐπιτροπὴν
1401 964 1642 1019 διοικῶν.
1680 964 1741 1017 '0
1771 964 1814 1017 δ’

246 1059 330 1115 εει
384 1062 619 1132 θυγατρὶ
665 1059 939 1132 γαμϐρὸς,
998 1049 1208 1114 Κόντου
1260 1058 1612 1129 Κεφαληνίας
1661 1057 1815 1123 παῖς,

249 1157 396 1212 Λίνου
449 1155 553 1226 τῆς
600 1154 810 1218 πόλεως
852 1150 921 1225 ἦν
955 1154 1274 1225 ἐπίτροπος.
1307 1153 1403 1207 καὶ
1454 1152 1507 1205 εἴ
1549 1169 1604 1206 τι
1656 1148 1821 1222 πέριξ

250 1251 451 1320 ὑπῆρχε
474 1248 675 1319 χωρίον
717 1246 1062 1318 βαρϐαρικῆς
1106 1246 1289 1298 ἀθῶον
1323 1244 1405 1298 ἔτι
1443 1243 1817 1315 καταδρομῆς.

254 1339 363 1392 Τῶν
403 1339 462 1392 δὲ
500 1336 948 1405 γυναικαδέλφων
998 1333 1522 1404 σεϐαστοκρατόρων
1565 1330 1821 1398 Ἰωάννης

257 1432 345 1497 μὲν
369 1428 527 1500 ἔτυχε
569 1427 649 1498 τῷ
679 1415 1042 1498 Παλαιολόγφ¹
1071 1426 1211 1488 τέως
1249 1425 1709 1492 συνδιαιτώμενος
1743 1420 1823 1492 τῷ

256 1523 474 1595 βασιλεῖ,
502 1518 702 1590 τειχῶν
733 1518 1046 1584 Βυζαντίων
1099 1516 1273 1583 ἐντὸς,
1329 1517 1525 1588 ἅτερος
1576 1515 1624 1568 δ’
1684 1511 1827 1586 ἦρχε

257 1588 447 1688 ίόιζύης
474 1618 502 1671 ὁ
544 1588 803 1684 Μανουηλ
849 1597 915 1666 ἐκ
971 1610 1173 1665 πολλοῦ
1204 1610 1304 1682 τὴν
1343 1611 1651 1682 ἐπιτροπὴν
1682 1588 1855 1676 είληέ

1918 597 2044 653 dem
2100 612 2196 650 rex
2252 606 2367 651 tum
2419 594 2563 648 forte
2612 593 2941 648 versabatur
2983 592 3037 645 in
3077 591 3145 645 iis
3185 591 3505 661 regionibus

1917 707 2041 762 quae
2113 688 2257 743 ultra
2335 685 2781 759 Didymoticbum
2834 695 2892 739 et
2957 684 3341 750 Orestiadem;
3392 683 3506 738 Ma-

1918 782 2049 838 nuel
2092 796 2226 836 vero
2265 778 2359 850 qui
2397 777 2677 834 secundus
2715 778 2783 832 ab
2812 777 2907 832 illo
2942 787 3086 841 erat,
3119 785 3385 848 tyrannus
3416 775 3506 830 di-

1918 878 2152 949 gnitate,
2184 875 2239 929 in
2268 873 2433 946 249
2446 873 2829 943 Peloponneso
2859 872 3056 942 quinto
3083 874 3194 942 jam
3227 885 3372 925 anno
3399 868 3512 924 Ro-

1920 984 2212 1026 manorum
2241 968 2318 1024 ibi
2346 966 2759 1039 provinciarum
2788 974 2845 1020 et
2869 965 3088 1019 urbium
3118 964 3507 1034 praefecturam

1921 1061 2368 1117 administrabat.
2417 1055 2643 1113 Sororis
2691 1056 2920 1110 maritus
2946 1053 3109 1110 Conti
3158 1052 3512 1124 Cephaleniae

1924 1154 2072 1209 ﬁlius
2106 1151 2237 1209 IEni
2269 1152 2426 1207 urbis
2455 1158 2577 1205 erat
2615 1148 2934 1220 praefectus,
2969 1156 3027 1202 et
3047 1147 3093 1201 si
3130 1161 3236 1216 qua
3271 1145 3512 1200 circum-

1932 1246 2084 1303 circa
2128 1253 2252 1301 erat
2296 1254 2443 1298 terra
2486 1243 2850 1297 barbarorum
2894 1239 3079 1295 adhuc
3116 1238 3404 1293 invasione
3446 1236 3517 1290 li-

1924 1341 2081 1395 bera.
2115 1338 2373 1393 Fratrum
2423 1335 2614 1390 uxoris
2650 1333 2922 1404 principis
2980 1332 3514 1387 sebastocratorum.

1925 1431 2168 1487 Joannes
2188 1428 2416 1498 quidem
2438 1426 2725 1494 Palaeologi
2745 1426 2894 1495 regis
2920 1433 3034 1478 tum
3051 1423 3192 1477 forte
3215 1427 3521 1476 consuetu-

1928 1524 2059 1579 dine
2086 1522 2349 1577 utebatur
2375 1524 2523 1575 intra
2556 1519 2761 1577 muenia
2790 1517 3088 1589 Byzantina
3114 1532 3129 1570 :
3158 1514 3299 1568 alter
3328 1521 3516 1567 autem

1926 1617 2111 1673 Bizuaa
2170 1624 2411 1686 praeerat
2464 1613 2681 1669 Manuel
2715 1628 2747 1666 e
2800 1612 2965 1681 longo
3029 1620 3279 1677 tempore
3349 1606 3520 1660 tutela

257 1709 363 1779 φὼς
406 1709 541 1781 πρὸς
570 1707 664 1762 τοῦ
691 1703 1156 1773 Καντακουζηνεῦ
1177 1723 1192 1737 ·
1226 1707 1279 1760 ai
1324 1703 1515 1757 λοιπαὶ
1546 1701 1591 1754 δ’
1620 1700 1828 1756 ὑπέκυ-

1962 1718 2189 1780 uscepta
2210 1725 2242 1764 a
2266 1707 2678 1765 Cantacuzeno.
2703 1704 2954 1774 Reliquae
2986 1701 3297 1770 Palaeologo
3342 1698 3523 1767 impe-

257 1804 357 1873 ψαν
384 1801 734 1877 Παλαιολόγῳ
753 1798 832 1880 τῷ
855 1798 1074 1868 βασιλεί
1096 1799 1296 1854 ὁπόσαι
1331 1798 1502 1870 μήπω
1529 1795 1829 1868 βαρϐάροις

1959 1804 2105 1859 ’διοισί
2131 1802 2402 1871 parebant
2430 1808 2704 1872 quotquot
2731 1797 2975 1853 nondum
3012 1794 3233 1850 traditae
3262 1790 3521 1847 barbaris

260 1890 599 1972 ¹ιε’ροὸέδονται
624 1897 833 1962 πόλεις
934 1916 937 1917 ν
1016 1914 1038 1919 η
1240 1910 1247 1916 ο
1310 1911 1319 1918 ι
1408 1912 1415 1917 ι

1959 1896 2108 1951 Irbes
2134 1903 2455 1964 supersunt.

325 1992 444 2060 Iq”.
481 1991 685 2062 Μηνῶν
713 1991 757 2044 δ’
793 1993 961 2061 ἐγγὺς
1006 1992 1155 2046 δυοῖν
1201 1988 1407 2060 μεταξὺ
1438 1981 1833 2056 παρερρυηκό-

2004 1985 2145 2042 XVI.
2182 1985 2462 2040 Mensibus
2495 1981 2716 2038 interim
2746 1979 2965 2035 duobus
2989 1978 3108 2033 fere
3139 1973 3524 2047 praeterlapsis

259 2100 363 2137 των
389 2076 525 2155 ἧκεν
569 2085 634 2137 ὲκ
665 2083 894 2136 Τενέδου
935 2082 1031 2136 καὶ
1066 2084 1099 2158 ,ὁ
1135 2079 1443 2140 Κάλλιστος
1486 2074 1631 2129 οὕτω
1675 2072 1832 2142 λεγό⁴

1959 2078 2087 2133 νεηίι
2115 2092 2184 2133 ex
2203 2075 2427 2131 Tenedo
2472 2075 2638 2130 etiam
2694 2073 2975 2135 Callistus,
3009 2085 3174 2140 quem
3223 2067 3522 2138 appellant,

265 2193 439 2249 μενος,
490 2175 841 2247 πατριάρχης
897 2175 996 2245 μὲν
1044 2169 1186 2247 εἶναι
1246 2167 1625 2240 συγχωρηθεὶς
1673 2162 1834 2226 αὖθις

1959 2169 2254 2226 iatriarcha
2285 2167 2625 2224 constitutus
2649 2180 2847 2221 rursus
2863 2179 2895 2218 a
2916 2163 3225 2232 Palaeologo
3254 2160 3414 2228 imp.,
3434 2164 3527 2210 ut-

264 2270 398 2340 πρδς
421 2268 791 2336 Παλαιολόγου
824 2266 915 2322 τοῦ
955 2264 1242 2337 βασιλέως,
1279 2263 1376 2317 ἅτε
1407 2257 1726 2330 ἐζηλωκὼς.
1758 2255 1835 2318 ὡς

1959 2273 2066 2320 tote
2095 2262 2260 2318 rebus
2287 2262 2406 2332 ejus
2446 2267 2508 2316 ut
2540 2259 2836 2313 videbatur
2863 2255 3119 2315 studens.
3142 2267 3322 2323 neque
3347 2261 3531 2307 tamen

264 2363 460 2429 ἔδοξεν,
487 2362 626 2432 ὑπὲρ
675 2359 868 2424 αὐτοῦ.
909 2361 985 2431 μὴ
1021 2358 1395 2428 στεργόμενος
1426 2355 1472 2406 δ’
1497 2346 1616 2417 οὖν,
1651 2352 1702 2403 εί
1757 2351 1834 2417 μὴ

1959 2354 1989 2411 :i
2032 2363 2292 2424 acceptus
2344 2352 2452 2407 nisi
2481 2367 2551 2408 ex
2581 2353 2704 2422 ejus
2733 2359 2922 2421 ageret
2945 2347 3205 2404 arbitrio.
3263 2346 3365 2401 Hic
3384 2344 3533 2399 enim

264 2456 333 2510 τὰ
355 2455 496 2510 κατά
529 2450 956 2525 βούλησινδρῴη
993 2448 1167 2519 αὐτῷ.
1209 2447 1268 2501 '0
1297 2447 1397 2517 μὲν
1435 2443 1545 2514 γὰρ
1578 2439 1837 2496 ἐϐούλετο

1959 2447 2160 2503 Volebat
2189 2461 2383 2502 omnes
2412 2445 2470 2499 in
2503 2444 2825 2499 universum
2861 2442 3155 2512 episcopos
3193 2446 3251 2494 et
3278 2437 3537 2492 sacerdo-

267 2551 491 2614 πάντας,
515 2546 818 2617 συλλήϐδην
851 2542 1049 2607 εἰπεῖν,
1078 2541 1416 2600 ἐπισκόπους
1453 2537 1551 2591 καὶ
1592 2535 1839 2603 πρεσϐυ-

1959 2556 2026 2596 es
2071 2539 2372 2610 episcopali
2416 2537 2731 2594 sacerdotio
2781 2550 3008 2591 exuere.
3037 2533 3339 2603 Imperator
3400 2544 3540 2585 con-

268 2642 455 2714 τέρους
504 2640 604 2711 τῆς
661 2637 1028 2706 ἔπισκοπικῆς
1088 2633 1340 2689 καθελεῖν
1394 2630 1592 2696 ἀξίας⁹
1630 2625 1845 2697 βασιλεῖ

1959 2635 2158 2692 sentire
2214 2632 2419 2695 noluit.
2480 2629 2588 2686 nisi
2651 2627 3050 2685 convenientes
3101 2622 3159 2678 in
3218 2635 3390 2675 unum
3432 2617 3540 2673 sibi

268 2733 313 2786 δ’
355 2727 563 2803 ούκνῆν
613 2728 726 2784 οὐδ’
771 2728 1022 2784 ὁπωσοῦν
1077 2725 1331 2786 ἀνεκτὸν,
1364 2723 1413 2776 εί
1470 2716 1545 2793 μὴ
1590 2717 1843 2789 ἀλλήλοις

1959 2729 2182 2786 .nvicem
2217 2726 2565 2782 remitterent
2586 2722 2839 2779 crimina.
2877 2719 3014 2775 Sero
3039 2715 3264 2787 quidem
3294 2722 3351 2768 et
3373 2725 3542 2781 aeger-

270 2824 446 2896 ἀφῶσι
477 2824 860 2894 τάγκλήματα,
897 2820 1174 2881 συνιόντες
1200 2820 1282 2881 είς
1312 2817 1394 2868 ἓν.
1434 2813 1568 2884 Ὀψὲ
1613 2830 1678 2881 γε
1735 2810 1843 2881 μὴν

1959 2824 2089 2878 rime
2119 2819 2473 2891 imperatoris
2494 2816 2799 2870 humanum
2834 2811 2968 2866 vicit
2994 2808 3311 2867 consilium,
3350 2816 3533 2873 neque

270 2917 363 2972 καὶ
415 2915 616 2985 σφόδρα
681 2920 840 2985 μόγις
886 2913 920 2983 ἡ
970 2912 1066 2964 τοῦ
1126 2909 1421 2993 βασιλέως
1451 2904 1846 2976 φιλάνθρωπος

1959 2916 2099 2971 omni
2133 2929 2202 2970 ex
2242 2920 2416 2983 parte,
2439 2919 2495 2964 at
2520 2909 2652 2964 vicit
2679 2923 2695 2972 ;
2725 2904 3006 2976 episcopis
3030 2902 3179 2957 enim
3211 2899 3297 2953 vel
3333 2896 3542 2952 invitus

269 3009 521 3095 νενίκηκε
551 3005 829 3078 βούλησις.
865 3005 941 3059 Οὐ
973 3003 1171 3065 τελέως
1203 3002 1327 3074 μὲν,
1359 3000 1615 3069 νενίκηκε
1639 2997 1685 3051 δ’
1724 2991 1846 3050 οὖν.

1959 3008 2199 3065 Calixtus
2229 3020 2439 3061 morem
2484 3002 2732 3074 gerebat,
2759 2996 3086 3068 patriarcha:
3134 3006 3269 3048 vero
3313 2995 3438 3060 post
3480 3001 3543 3041 se

273 3102 399 3165 Τοῖς
454 3089 551 3172 μὲν
598 3100 707 3170 γὰρ
758 3098 1081 3160 ἐπισκόποις
1120 3096 1217 3148 καὶ
1264 3095 1415 3149 ἄκων
1466 3095 1495 3146 ό
1544 3089 1849 3151 Κάλλιστος

1952 3110 2134 3158 creato
2169 3098 2459 3154 Philotbeo
2489 3093 2817 3165 cognomine
2850 3088 3092 3144 Coccino
3131 3098 3363 3156 prorsus
3389 3080 3544 3134 nullo

273 3190 686 3262 ἐσπείσατο,τῷ
736 3191 793 3244 δὲ
836 3190 979 3262 μετά
1008 3206 1074 3257 γε
1126 3188 1290 3243 αὑτὸν
1337 3182 1848 3256 πατριαρχεύσαντι

1959 3194 2142 3249 modo.
2169 3192 2277 3248 Sed
2306 3190 2518 3246 eisdem
2572 3183 2851 3256 episcOpis
2913 3179 3231 3235 convocatis
3259 3173 3423 3244 250
3448 3171 3544 3241 qui

276 3287 529 3357 Κοκκίνῳ
553 3284 628 3357 τῷ
650 3281 882 3351 Φιλοθέῳ
909 3280 1190 3351 λεγομένῳ
1218 3279 1279 3332 τὸ
1308 3278 1572 3349 παράπαν
1610 3274 1849 3344 οὐδαμῆ,

276 3381 415 3437 ἀλλά
438 3381 564 3445 τοὺς
588 3378 785 3440 αὐτοὺς
811 3375 1149 3433 ἐπισκόπους
1176 3368 1558 3443 συνηθροικὼς
1586 3367 1635 3421 οἳ
1659 3366 1851 3420 τοῦτον

283 3475 380 3545 μὲν
434 3476 636 3544 πέρυσι
677 3471 777 3538 τῆς
821 3467 1223 3537 πατριαρχείας
1285 3465 1519 3530 ὲξῶσαν,
1563 3463 1773 3515 ἐκεῖνον
1806 3457 1851 3510 δ’

280 3566 606 3629 ἀνοείλοντο,
663 3563 730 3616 δι’
800 3562 984 3617 αὐτῶν
1054 3560 1248 3630 ἐκείνῳ
1323 3556 1425 3628 τὴν
1498 3554 1846 3620 ὲπεξὲλευσιν

280 3663 587 3731 εἴργασται.
631 3659 739 3711 Καὶ
767 3656 1022 3726 καθαιρεί
1073 3654 1174 3724 μὲν
1214 3651 1379 3705 αὐτὸν
1408 3649 1521 3721 ,τῆς
1553 3645 1856 3714 ἱερωσύνης

282 3753 420 3824 ὁμοῦ
447 3754 514 3823 τῇ
544 3751 643 3821 τῆς
675 3746 834 3812 ἀξίας
879 3747 1082 3813 ἑλπίδι,
1110 3743 1391 3814 ἐπιτίθησι
1437 3743 1496 3795 δὲ
1542 3742 1637 3794 καὶ
1668 3739 1862 3807 ἀφορι-

286 3845 438 3908 σθεὶς
491 3839 581 3896 ὑπ’
641 3841 855 3895 ἐκείνου
909 3837 1042 3910 πρὶν
1087 3835 1184 3890 καὶ
1227 3835 1391 3897 αὐτὸς
1438 3827 1746 3899 ἀφορισμδν
1797 3830 1863 3879 ὲκ

284 3938 450 4003 Θεοῦ,
486 3934 671 4006 μοιχόν
699 3950 760 3986 τε
792 3930 1090 3987 ἀποκαλῶν
1130 3928 1227 3983 καὶ
1269 3924 1475 3998 λῃστὴν
1505 3924 1605 3977 καὶ⁸
1632 3920 1864 3992 ἅρπαγα

285 4034 385 4099 τῆς
435 4028 658 4100 μηδαμῆ
689 4024 1078 4099 προσηκούσης
1121 4021 1282 4088 ἀξίας
1323 4017 1497 4088 αὐτῷ.
1538 4014 1648 4070 Καὶ
1690 4011 1866 4066 ταῦτα

291 4120 395 4192 μὲν
419 4118 608 4172 τοῦτον
637 4116 763 4186 ἔσχε
789 4116 881 4169 τὸν
911 4112 1138 4184 τρόπον.

364 4214 465 4267 lZ'.
514 4209 656 4279 Ἐγὼ
684 4209 729 4262 δ’
758 4209 852 4261 ἐπὶ
895 4206 1112 4268 τούτοις
1139 4203 1219 4274 τῷ
1270 4201 1486 4274 βασιλεῖ
1527 4197 1870 4271 προσεληλυ-

1957 3290 2106 3343 hunc
2131 3294 2291 3339 antea
2318 3278 2686 3353 patriarchatu
2712 3284 3002 3339 exuerant,
3020 3272 3290 3340 illumque
3328 3267 3382 3320 in
3426 3265 3548 3337 ejus

1954 3382 2136 3436 locum
2166 3375 2524 3437 suil‘eceranl,
2544 3386 2643 3442 per
2679 3372 2781 3424 hos
2810 3368 2884 3423 illi
2921 3379 3138 3437 poenam
3171 3359 3463 3431 irrogavit.
3494 3364 3551 3411 et

1957 3468 2212 3540 spoliavit
2237 3480 2362 3521 eum
2398 3461 2709 3519 sacerdOtio
2736 3459 2899 3514 simul
2945 3466 3002 3511 et
3030 3469 3129 3525 spe
3160 3450 3554 3521 recuperandae

1960 3558 2263 3631 dignitatis.
2317 3557 2486 3611 Addit
2534 3554 2700 3610 etiam
2735 3551 2754 3624 (
2786 3547 3301 3606 excommunicatus
3347 3546 3417 3598 ab
3460 3541 3555 3595 illo

1961 3666 2088 3711 ante
2117 3666 2172 3709 et
2196 3651 2335 3722 ipse)
2359 3647 2988 3705 excommunicationem
3021 3641 3295 3696 divinitus
3327 3638 3550 3696 factam,

1963 3745 2240 3801 moechum
2300 3739 2589 3812 appellans
2650 3735 2804 3789 illum
2855 3742 2910 3787 et
2960 3732 3232 3786 latronem
3270 3734 3327 3780 et
3373 3730 3560 3793 rapte-

1964 3854 2080 3895 rem
2104 3838 2226 3907 ejus
2254 3849 2361 3904 qua
2386 3830 2613 3885 minime
2644 3827 2846 3898 dignus
2866 3833 3015 3880 esset
3038 3819 3348 3892 potestatis.
3380 3817 3561 3885 Atque

1967 3932 2085 3988 haec
2108 3928 2333 4000 quidem
2368 3926 2450 3980 sic
2498 3938 2559 3978 se
2618 3922 2922 3977 habebant.

2041 4199 2209 4257 XVII.
2229 4197 2342 4267 Ego
2365 4209 2497 4250 vero
2543 4192 2613 4249 de
2656 4190 2749 4246 bis
2785 4188 2953 4244 rebus
3002 4184 3391 4255 imperatorem
3435 4190 3570 4232 con-

293 4309 401 4370 θὼς
432 4306 528 4361 καὶ
570 4269 893 4374 ἀπειληφὼς
944 4301 1071 4373 ἰδίᾳ,
1103 4269 1202 4353 καί
1242 4269 1343 4352 ὅσα
1379 4269 1654 4367 δήπουθεν
1698 4289 1853 4361 ὲχρῆκ

1976 4294 2101 4351 veni
2142 4290 2497 4363 privatim,et
2538 4292 2805 4356 quantum
2841 4280 3035 4349 utique
3072 4289 3212 4345 opus
3254 4281 3375 4327 erat
3418 4269 3572 4324 locu-

293 4363 589 4471 ὡμιληκὼς
632 4363 930 4469 ὑπὲεῖτῶν
967 4363 1128 4449 θείων
1159 4393 1261 4463 τῆς
1306 4363 1639 4459 Ἐκκλησίας
1668 4385 1853 4456 δογμά-

1977 4399 2068 4446 tus
2086 4402 2207 4444 sum
2223 4385 2294 4442 de
2319 4380 2524 4438 divinis
2547 4378 2806 4434 Ecclesiae
2837 4368 3215 4445 dogmatibus,
3236 4374 3293 4420 et
3312 4363 3512 4419 factam
3538 4375 3572 4415 a

294 4459 427 4559 τῶν,
699 4459 836 4558 πρὸς
862 4487 957 4543 τοῦ
1000 4459 1468 4555 Καντακουζηνοῦ
1502 4482 1599 4537 καὶ
1633 4479 1853 4549 Παλαμέ

1979 4483 2370 4540 Cantacuzeno
2394 4485 2450 4531 et
2469 4475 2690 4530 Palama
2711 4470 2934 4541 pietatis
2972 4459 3416 4521 immutationem
3456 4468 3575 4509 me-

295 4554 652 4658 καινοτομίαν
702 4554 1134 4656 της-εὐσεϐείας
1157 4578 1542 4651 γεγενημένην
1588 4577 1853 4645 ἐκτραγῳι

1982 4577 2192 4632 morari
2220 4584 2277 4629 et
2296 4570 2471 4642 adjcci
2501 4566 2687 4640 qualia
2713 4563 2833 4619 haec
2856 4568 2991 4617 sunt
3018 4572 3143 4630 quae
3161 4555 3257 4609 Dei
3282 4554 3575 4608 moverunt

294 4641 488 4753 έίξᾷᾀς,
511 4641 576 4752 ίί.
594 4641 700 4736 ηδ
726 4641 808 4750 ut]
844 4676 940 4732 καὶ
962 4641 1329 4747 προσδελςυὼς
1346 4641 1516 4725 ’ταῦτί
1542 4641 1750 4722 εστιν-ἀ

1979 4671 2120 4725 iram
2141 4668 2197 4722 in
2233 4641 2707 4721 Cantacuzenum,
2740 4663 2804 4711 ut
2840 4651 3079 4720 turpiter
3116 4659 3287 4717 regno
3312 4641 3576 4711 expulsus

292 4774 393 4829 τοῦ
419 4771 555 4827 Θεοῦ
594 4773 880 4841 κεκίνηκεν
904 4767 1076 4840 ὀργὴν
1101 4767 1244 4822 κατὰ
1284 4764 1381 4819 τοῦ
1410 4757 1853 4829 Καντακουζηνοὶ

1979 4774 2090 4820 eta
2126 4756 2382 4831 pessimis
2432 4751 2754 4809 hominibus
2801 4748 3003 4802 mirum
3036 4742 3094 4796 in
3154 4737 3381 4794 modum
3429 4738 3581 4786 esset

294 4869 373 4931 ὡς
413 4864 658 4936 αἰσχρῶς
700 4833 800 4933 τῆς
844 4833 1129 4933 βασιλείας
1183 4857 1412 4931 ῥιφῆναι
1461 4855 1560 4909 καὶ
1603 4851 1745 4922 πρὸς
1772 4849 1850 4902 τῶ

1982 4846 2613 4923 contemptus.-Deinde
2646 4839 2911 4898 hortabar
2963 4845 3024 4890 ut
3076 4833 3317 4904 erigeret
3381 4837 3580 4880 rursus

297 4960 654 5031 φαυλοτάτων
700 4955 1131 5028 ἑξουδενωθῆναι
1183 4950 1480 5024 λαμπρῶς,
1505 4949 1704 5005 ἔπειτα
1736 4961 1880 5015 πογρ⁸

296 5053 466 5127 ῄνουν
502 5050 853 5122 ἀνειληφέναι
899 5049 1179 5103 πεσοῦσαν
1227 5049 1329 5118 τὴν
1362 5045 1600 5117 πάτριον
1643 5042 1746 5111 τῆς
1786 5036 1884 5093 τοῦ

299 5147 438 5205 Θεοῦ
476 5144 804 5216 Ἑκκλησίας
848 5142 1185 5217 εὐπρέπειαν
1233 5137 1495 5209 καὶπρὸς
1550 5133 1612 5188 τὸ
1652 5133 1887 5204 ἀρχαῖον

300 5237 605 5306 ἀναγαγεῖν
656 5235 896 5307 ἀξίωμα,
929 5236 979 5288 εί
1022 5234 1100 5306 μὴ
1148 5231 1394 5305 βούλοιτο
1439 5230 1537 5284 καὶ
1567 5227 1732 5290 αὐτὸς
1772 5227 1888 5290 τοῖς

300 5331 517 5400 ὁμοίοις
562 5328 921 5399 περιπίπτειν
952 5326 1171 5388 δεινοῖς.
1205 5325 1340 5379 Θεοῦ
1367 5324 1477 5395 γὰρ
1507 5321 1745 5385 διδόντος
1787 5318 1889 5389 τὴν

304 5420 574 5494 πατρῴαν
603 5422 753 5492 αὐτῷ
789 5419 1072 5492 βασιλείαν
1099 5418 1355 5487 ἀπονητὴ
1373 5415 1576 5487 χρῆναι
1603 5414 1700 5467 καὶ
1723 5408 1890 5466 αὐτὸν

304 5516 619 5571 ἀποδιδόναι
670 5515 770 5587 τὴν
834 5506 1061 5589 πάτριον
1112 5510 1402 5565 εὐσέϐειαν
1456 5507 1537 5577 τῷ
1590 5506 1735 5574 Θεῷ,
1792 5502 1890 5557 τοῦ

306 5607 453 5657 πάνυ
489 5620 543 5656 τι
582 5602 822 5672 χαλεποῦ
868 5603 929 5654 τὸ
976 5601 1120 5655 πάνυ
1159 5615 1214 5653 τι
1253 5598 1453 5675 ῥᾷστον
1490 5593 1886 5662 ἀλλαξάμενον.

316 5695 602 5750 Ἐντεῦθεν
646 5695 756 5764 γὰρ
802 5694 1004 5759 ἐξεῖναι
1048 5694 1147 5746 τοῦ
1177 5689 1370 5744 Aemo?)
1427 5688 1763 5757 συλλήπτορι
1823 5687 1891 5756 τῇ

305 5788 517 5842 ἄνωθεν
563 5787 865 5858 κεχρῆσθαι
895 5787 1048 5858 δεξιᾷ
1080 5786 1217 5859 πρὸς
1252 5784 1485 5841 ,ἃπασαν
1524 5780 1728 5851 πρᾶξιν
1756 5779 1893 5850 ὁμοῦ

313 5881 416 5943 καὶ
457 5880 680 5957 βουλήν.
713 5880 855 5952 Πρὸς
881 5881 947 5957 δὴ
970 5879 1150 5937 ταῦτα
1192 5883 1285 5935 καὶ
1323 5880 1391 5934 τὰ
1431 5877 1656 5933 τοιαῦτα
1702 5875 1896 5952 βούλη-

1982 4949 2502 5019 lapsampaternam
2562 4938 2764 4993 divinae
2804 4931 3067 4989 Ecclesiae
3105 4922 3489 4981 auctoritatem
3521 4923 3580 4971 et

1985 5014 2053 5098 ad
2080 5039 2367 5112 pristinam
2401 5033 2725 5105 dignitatem
2744 5034 3031 5083 revocaret
3053 5021 3156 5077 nisi
3188 5018 3353 5074 vellet
3377 5023 3435 5071 et
3463 5014 3580 5083 ipse

1986 5135 2045 5191 in
2078 5131 2271 5188 eadem
2301 5127 2542 5183 incidere
2569 5120 2843 5193 pericula.
2875 5117 3012 5173 Nam
3048 5127 3176 5169 cum
3216 5113 3362 5166 Deus
3395 5118 3582 5176 pater-

1989 5240 2123 5282 num
2173 5224 2223 5278 ei
2254 5221 2377 5276 sine
2433 5219 2623 5273 labore
2674 5212 2926 5268 dedisset
2972 5208 3290 5279 imperium,
3326 5208 3585 5272 oportere

1989 5319 2156 5375 etiam
2184 5312 2417 5369 reddere
2452 5312 2632 5381 ipsum
2692 5308 2803 5362 Deo
2854 5303 3058 5360 avitam
3117 5300 3372 5371 pietatem
3435 5302 3587 5362 post-

1991 5427 2156 5483 quam
2191 5404 2511 5464 dil‘ﬁcillima
2562 5401 2842 5458 facillimis
2897 5403 3188 5453 mutasset.
3258 5391 3399 5444 llinc
3436 5385 3585 5441 enim

1996 5480 2114 5560 lieri
2139 5512 2199 5558 ut
2234 5502 2424 5556 liceret
2448 5498 2505 5552 in
2535 5504 2815 5565 posterum
2844 5492 3100 5560 adjutore
3150 5484 3228 5540 uti
3268 5480 3461 5536 divino
3484 5491 3589 5531 nu-

1995 5598 2147 5653 mine
2167 5595 2234 5649 ad
2267 5607 2488 5648 omnem
2521 5600 2579 5647 et
2607 5588 2883 5643 actionem
2917 5591 2975 5640 et
3001 5578 3322 5636 consilium.
3349 5571 3433 5629 Ad
3469 5570 3590 5625 hate

1996 5701 2052 5747 et
2080 5689 2281 5746 similia
2332 5682 2701 5752 persuadendi
2756 5679 2867 5734 vim
2920 5675 3080 5747 251
3118 5669 3377 5728 habentia
3457 5679 3591 5721 sane

2001 5783 2251 5846 multam,
2288 5795 2413 5836 cum
2436 5788 2761 5848 cognossem
2804 5785 2907 5842 ego
2944 5767 3220 5825 eiﬁcacem
3257 5762 3450 5833 utique
3490 5759 3594 5813 im-

2002 5883 2188 5944 petum
2219 5886 2341 5928 esse
2366 5868 2594 5925 minime
2616 5866 2756 5923 adeo
2788 5876 3076 5937 magnum,
3113 5856 3292 5916 labori
3341 5856 3590 5912 laborem
