4034 6462
490 364 597 427 219

1686 365 2105 427 NICEPIIORI
2142 365 2530 427 GREGORIE

3649 363 3757 426 220

493 484 696 538 iterum
718 478 906 535 addidi
940 487 996 535 et
1019 479 1105 535 bis
1123 479 1386 549 deinceps
1405 488 1462 537 et
1490 489 1576 536 ter
1611 492 1916 551 quaterque
1944 498 2070 537 eum

2188 499 2263 536 rw
2316 483 2418 552 μὲν
2472 481 2667 551 ἔχοντα
2734 481 2877 533 πάνυ
2930 478 3131 548 πολλὴν
3186 479 3446 546 ἐγνωκὼς
3491 477 3623 547 ἰτὼ,
3652 481 3752 551 εμ-

494 571 834 626 conveniens
863 580 919 624 et
976 584 1045 624 ex
1100 580 1229 627 ante
1277 570 1441 626 dictis
1496 573 1893 641 consequentia
1949 587 2073 626 cum

498 660 828 718 dexteritate
874 661 1126 724 studens,
1160 662 1345 732 rogavi
1417 671 1603 715 utrum
1662 677 1694 716 e
1751 662 1969 716 duobus
2023 663 2074 717 ei

498 757 643 809 forte
701 753 969 821 perlicere
1025 752 1315 822 placeret.t
1351 751 1406 807 Si
1460 754 1643 806 minus
1696 757 2074 819 securitatem,

500 847 597 901 tali
628 847 743 900 otio
795 861 883 900 res
943 846 1139 899 darent
1205 846 1340 900 satis
1385 846 1772 909 sufﬁcientem,
1798 848 1981 902 edicto
2023 858 2079 901 et

498 946 773 1005 praecepto
793 936 1099 989 efﬁcat-iore
1134 935 1372 988 ﬁrmaret
1401 946 1688 1004 parentum
1722 945 1777 991 et
1808 938 2078 1005 majorum

500 1046 723 1084 suorum
762 1030 1015 1096 pietatem
1046 1039 1102 1081 et
1129 1028 1180 1080 in
1204 1027 1494 1095 pristinum
1526 1025 1676 1082 illum
1706 1030 1817 1084 Deo
1852 1029 2077 1098 dignum

501 1134 702 1175 statum
728 1122 1059 1175 restitueret.
1094 1119 1344 1174 reticeret
1384 1131 1565 1175 autem
1609 1138 1732 1189 quae
1772 1125 2080 1189 perniciose

504 1226 623 1281 pust
655 1222 885 1266 mortem
948 1212 1122 1279 patris
1162 1211 1511 1282 irrepsissent
1556 1229 1725 1267 noxas
1773 1223 1829 1267 et
1880 1216 2080 1271 damna

504 1322 638 1358 nova
671 1318 724 1360 et
766 1320 796 1358 a
852 1305 1054 1359 divinis
1099 1305 1367 1373 dogmatis
1422 1306 1793 1360 abstralientia
1842 1309 2077 1362 animos.

503 1395 597 1448 Sin
619 1406 800 1449 autem
831 1396 1181 1450 securitatem
1216 1408 1406 1451 nactus
1448 1398 1697 1451 idoneam
1737 1397 1790 1450 in
1853 1414 2078 1453 accura-

504 1487 698 1539 tiorem
731 1502 930 1541 vocare
977 1486 1420 1555 disquisitionem
1453 1489 1618 1543 vellet
1650 1491 1849 1558 injuste
1916 1490 2080 1544 simul

502 1592 568 1632 ac
595 1578 864 1631 violenter
894 1580 1042 1633 illata
1091 1579 1407 1648 blasphema
1458 1590 1514 1635 et
1550 1582 1795 1637 inaudita
1848 1584 2027 1636 adhuc
2050 1599 2080 1636 a

502 1667 688 1722 divina
708 1669 972 1733 Ecclesia,
1001 1668 1368 1723 Cantacuzeni
1415 1680 1469 1724 et
1500 1671 1732 1724 Palamne
1762 1673 1965 1741 scripta
1993 1686 2080 1726 me

2179 574 2426 642 πρακτόν
2450 590 2513 641 γε
2556 574 2664 643 μὴν
2711 573 2890 643 ὁρμὴν
2923 573 3123 642 ἥκιστα
3169 571 3314 624 πάνυ
3344 572 3571 641 πολλὴν,
3609 573 3754 642 πόνῳ

2181 666 2344 719 πόνον
2372 663 2528 728 αὖθις
2560 665 2939 736 προσεθέμην,
2972 665 3069 720 καὶ
3103 665 3186 725 δὶς
3213 664 3343 733 ἑξῆς
3377 664 3472 717 καὶ
3497 665 3621 732 τρὶς
3663 672 3756 718 και

2176 760 2432 826 τετράκις
2485 758 2637 827 αὐτῷ
2670 758 2913 828 προσιὼν
2961 759 3061 812 καὶΙ
3107 757 3177 810 τὰ
3215 758 3330 819 τοῖς
3362 758 3757 827 προρρηθεῖσιν

2179 849 2452 902 ἀκόλουθα
2529 847 2718 912 δεξιῶς
2790 848 2996 917 ὁμιλῶν
3071 847 3409 902 κατανεῦσαι
3485 848 3757 918 πεποίηκα

2180 936 2323 988 δυοῖν
2371 938 2632 1005 ὁπότερον
2680 935 2847 989 ἕλοιτ’
2878 936 2945 988 ἂν
2992 935 3414 1004 διαπράξασθαι.
3461 936 3524 988 Εἰ
3563 937 3662 1005 μὲν
3695 938 3754 990 οὐ

2180 1024 2436 1077 διδόντων
2463 1024 2648 1095 ἄδειαν
2697 1027 2764 1095 τῇ
2800 1024 3027 1094 τοιαύτῃ
3073 1024 3237 1093 σχολῇ
3268 1023 3378 1077 τῶν
3411 1026 3755 1093 πραγμάτων

2181 1115 2237 1175 ἐς
2261 1131 2323 1181 γε
2358 1117 2417 1167 τὸ
2460 1116 2644 1166 ἱκανὸν
2674 1115 3031 1183 ἀποχρῶσαν,
3072 1114 3475 1185 προγράμματι
3505 1114 3634 1181 γοῦν
3663 1117 3756 1169 καὶ

2181 1208 2478 1279 προστάξει
2526 1209 2942 1279 δραστικωτέρᾳ
2997 1207 3303 1277 βεϐαιῶσαι
3356 1207 3455 1275 μὲν
3500 1207 3597 1277 τὴν
3650 1208 3757 1261 τῶν

2182 1302 2388 1367 γονέων
2420 1317 2479 1353 τε
2514 1302 2610 1353 καὶ
2639 1301 2924 1371 προγόνων
2951 1300 3117 1353 αὐτοῦ
3156 1317 3221 1368 γε
3250 1299 3537 1352 εὐσέϐειαν
3576 1302 3671 1354 καὶ
3703 1301 3758 1361 ές

2180 1392 2283 1461 τὴν
2314 1393 2444 1461 πρὶν
2478 1392 2697 1462 ἐκείνην
2732 1392 3014 1461 θεοπρεπῆ
3049 1392 3389 1446 κατάστασιν
3418 1392 3757 1459 ἀνενεγκεῖν,

2182 1483 2472 1553 ἀκυρῶσαι
2503 1482 2561 1535 δὲ
2592 1485 2692 1546 τάς
2735 1484 2873 1550 μετά
2904 1481 3164 1551 τελευτὴν
3201 1480 3297 1534 τοῦ
3341 1482 3551 1550 πατρὸς
3596 1480 3757 1533 αὐτοῦ

2182 1574 2692 1645 παρεισφθαρείσας
2719 1574 2946 1642 κηλῖδας
2977 1574 3075 1627 καὶ
3118 1573 3299 1643 κῆρας
3331 1575 3620 1640 νεοφανεῖς
3666 1572 3760 1625 καὶ

2182 1666 2295 1726 τοῖς
2351 1663 2515 1726 θείοις
2565 1663 2980 1733 ἀποτροπαίους
3034 1662 3329 1731 δόγμασιν.
3367 1663 3430 1715 Et
3482 1661 3527 1713 δ’
3579 1661 3760 1726 ἀδείας

501 1769 752 1827 paratum
782 1775 903 1814 esse
941 1760 1215 1831 simillime
1274 1762 1565 1816 ostendere
1614 1762 1891 1832 sigillatitn
1945 1764 2079 1818 nihil

2188 1756 2589 1825 ἐπειλημμένος
2620 1756 2717 1825 τῆς
2758 1753 3148 1827 προσηκούσης
3172 1754 3423 1819 ἐξετάσει
3455 1751 3762 1826 τελεωτέρα

502 1850 596 1904 illa
628 1866 820 1905 sanum
848 1861 902 1906 et
931 1852 1150 1906 salubre
1181 1852 1519 1916 inferre,sed
1548 1864 1703 1907 natas
1732 1871 1851 1908 esse
1871 1866 1923 1909 et
1954 1871 2085 1910 con-

500 1942 657 1997 ﬂutas
682 1944 751 1997 ab
783 1945 851 1998 iis
870 1945 1230 2001 versicolores
1253 1953 1309 1999 et
1338 1946 1706 2001 multiformes
1732 1955 2081 2015 portentosas

501 2037 827 2090 novationcs
862 2037 1145 2090 notionum
1198 2047 1253 2091 et
1291 2038 1623 2108 syllabarum
1653 2048 1709 2093 et
1762 2039 2080 2101 verborum,

503 2129 807 2182 secundum
841 2144 979 2197 quas
1008 2130 1333 2184 novationes
1351 2126 1668 2184 sanctorum
1724 2131 2080 2185 corradentes

504 2221 807 2275 sententias
862 2229 1231 2289 corruperunt
1276 2229 1332 2274 et
1385 2221 1730 2286 mutilarunt,
1772 2237 1926 2275 suam
1974 2222 2084 2276 illis

505 2313 871 2368 admiscentes
901 2313 1143 2382 undique
1169 2312 1329 2366 simul
1349 2323 1404 2367 et
1422 2312 1623 2382 ubique
1646 2314 2078 2381 perversitatem.

2187 1848 2477 1918 βουληθείη
2526 1847 2727 1901 διδόναι
2771 1848 2841 1901 τὰ
2882 1847 3226 1917 τυραννικῶς
3258 1846 3397 1917 ὁμοῦ
3433 1853 3526 1901 καὶ
3576 1848 3762 1918 βιαίως

2188 1939 2637 2011 παρεισαχθέντα
2688 1940 2991 2010 βλάσφημά
3036 1958 3093 1994 τε
3142 1941 3237 1995 καὶ
3284 1942 3521 2012 νεοφανῆ
3556 1945 3624 2014 τῇ
3672 1941 3764 1996 τοῦ

2186 2034 2325 2088 Θεοῦ
2376 2035 2677 2104 Ἐκκλησία
2708 2036 3010 2103 γράμματα
3045 2034 3180 2104 πρός
3226 2051 3283 2084 τε
3316 2034 3411 2088 τοῦ
3450 2036 3768 2089 Καντακου-

2187 2125 2357 2193 ζηνοῦ
2388 2128 2484 2180 καὶ
2513 2126 2608 2179 τοῦ
2657 2127 2910 2196 Παλαμᾶ,
2955 2127 3193 2195 ἑτοίμως
3225 2126 3369 2196 ἔχειν
3399 2127 3499 2198 εμὲ
3536 2131 3679 2180 κατὰ
3709 2129 3768 2180 τὸ

2188 2219 2331 2273 πάνυ
2364 2236 2419 2271 τι
2452 2220 2654 2288 ῥᾷστον
2681 2218 2950 2271 δεικνύειν
2996 2217 3119 2271 καθ’
3165 2218 3371 2271 ἕκαστα
3419 2219 3593 2289 μηδὲν
3619 2219 3764 2286 ὑγιὲς

2193 2312 2417 2381 μηδαμῆ
2468 2311 2814 2379 ἐπαγόμενα,
2843 2310 2960 2365 ἀλλ’
2993 2311 3364 2377 ἐκπεφυκέναι
3406 2314 3501 2364 καὶ
3553 2329 3765 2380 συμπε-

506 2408 717 2475 φύρθαι
746 2409 1003 2472 ποικίλας
1034 2409 1217 2471 αὐτοῖς
1258 2409 1355 2461 καὶ
1432 2409 1734 2473 πολυειδεῖς
1760 2409 1857 2472 τὰς
1917 2407 2372 2479 τερατομόρφους
2413 2408 2771 2477 καινοτομίας
2818 2408 2930 2459 τῶν
2978 2407 3204 2461 ἐννοιῶν
3234 2409 3333 2460 καὶ
3397 2407 3507 2460 τῶν
3578 2407 3765 2461 συλλα-

508 2504 620 2557 ϐῶν
676 2507 772 2559 καὶ
847 2507 958 2558 τῶν
1016 2504 1214 2570 λέξεων
1286 2506 1409 2559 καθ’
1473 2505 1680 2567 ὁπόσας
1739 2505 1848 2558 τῶν
1905 2504 2077 2572 ἁγίων
2119 2503 2511 2574 ὲρανισάμενοι
2554 2504 2745 2574 ῥήσεις
2816 2501 3200 2572 παρέφθειράν
3250 2519 3312 2555 τε
3363 2503 3460 2555 καὶ
3524 2518 3765 2575 παρακε-

506 2602 732 2668 κόφασι,
761 2602 860 2671 τὴν
898 2602 1110 2656 ἑαυτῶν
1156 2601 1340 2664 αὐτοῖς
1370 2601 1839 2670 ἀνακεραννύντες
1872 2602 2211 2669 πανταχόθεν
2244 2600 2361 2667 ἅμα
2392 2600 2489 2652 καὶ
2521 2597 2839 2651 παντάπασι
2873 2596 3202 2667 μοχθηρίαν.

577 2693 763 2748 XVIII.
793 2694 953 2764 252
985 2695 1109 2749 llaac
1136 2703 1192 2749 et
1249 2693 1451 2750 similia
1513 2701 1800 2762 postquam
1860 2693 1973 2747 dixi
2027 2703 2085 2748 et

2265 2694 2374 2745 IH'.
2408 2690 2597 2744 Ταῦτα
2627 2692 2690 2758 δὴ
2717 2691 2812 2744 καὶ
2837 2690 3043 2743 τοιαῦτ’
3076 2689 3215 2758 ἐμοῦ
3254 2706 3321 2757 γε
3353 2691 3646 2761 εἰρηκότος
3675 2694 3769 2745 καὶ

507 2787 782 2855 persuasi,
816 2790 955 2843 clam
991 2802 1079 2843 res
1126 2787 1288 2841 allata
1321 2786 1389 2841 ad
1446 2786 1654 2841 alienas
1686 2802 1851 2841 aures
1903 2794 1961 2842 et
1987 2790 2085 2841 atl-

2190 2781 2538 2842 πεπεικότος,
2563 2779 2742 2846 λάθρα
2789 2777 3083 2842 ἐξέπιπτεν
3125 2780 3208 2840 εἰς
3257 2780 3428 2841 ἀκοᾶς
3479 2780 3768 2852 ἀλλοτρίας

505 2878 783 2932 versarias
816 2889 924 2932 tam
953 2878 1019 2932 ad
1053 2877 1314 2932 invidiam
1333 2891 1501 2946 quam
1529 2877 1599 2931 ad
1625 2878 1881 2932 timorem
1910 2877 2085 2932 addu-

2191 2874 2286 2927 καὶ
2312 2871 2645 2935 ἀντιθέτους,
2677 2871 2934 2940 καὶπρὸς
2972 2868 3035 2941 [ί.
3070 2870 3173 2924 127
3211 2870 3283 2943 r.]
3315 2869 3513 2939 φθόνον
3537 2874 3637 2925 καὶ
3669 2874 3763 2941 φό-

506 2968 589 3023 ιίι
649 2968 876 3024 minime
929 2968 1261 3033 ferendum;
1308 2969 1547 3023 maxime
1602 2985 1732 3025 vero
1788 2970 2085 3039 perterruit

2192 2964 2286 3016 ϐον
2324 2960 2580 3031 ἠρέθιζεν
2621 2960 2827 3030 ἥκιστα
2870 2959 2935 3031 δὴ
2984 2960 3247 3032 φορητόν.
3297 2962 3551 3015 Μάλιστα
3588 2963 3635 3016 δ’
3672 2961 3769 3016 οῦν

507 3063 757 3117 omnium
788 3072 843 3117 et
881 3064 1225 3132 exasperavit
1282 3079 1370 3118 res
1405 3062 1851 3121 Cantacuzenum
1885 3065 2085 3120 divinae

2194 3054 2451 3107 ἁπάντων
2495 3050 2760 3122 ὲξέπληξέ
2792 3067 2851 3104 τε
2902 3051 2999 3104 καὶ
3027 3052 3261 3121 ἐξέμηνε
3312 3052 3768 3125 Καντακουζηνὺν

509 3153 771 3208 Ecclesiae
797 3162 1006 3222 pestem
1054 3160 1111 3207 et
1162 3152 1510 3207 defensorem
1561 3153 1743 3209 omnis
1797 3155 2085 3222 pravitatis

2189 3146 2282 3201 τὸν
2313 3146 2416 3213 τῆς
2462 3143 2558 3197 τοῦ
2591 3145 2726 3197 Θεοῦ
2775 3143 3107 3214 Ἑκκλησίας
3155 3145 3383 3213 ὄλεθρον
3409 3151 3517 3244 καὶ
3537 3147 3768 3216 βεϐαιωο

506 3243 817 3298 ardentem.
859 3242 967 3309 Qui
1008 3243 1271 3297 nimirum
1324 3242 1489 3296 etiam
1533 3241 1766 3307 veritus,
1790 3257 1859 3295 ne
1915 3258 2085 3308 nunc,

506 3350 632 3390 cum
663 3350 767 3390 nec
795 3336 912 3405 ipse
941 3345 1207 3406 tyrannus
1247 3343 1414 3399 esset,
1449 3351 1551 3389 nec
1603 3348 1907 3404 praceptor
1955 3349 2088 3390 suus

507 3426 726 3482 adesset
766 3428 1035 3492 Palamas,
1062 3434 1383 3497 superarent
1419 3437 1474 3482 et
1527 3425 1789 3482 effectum
1824 3428 2089 3483 haberent

507 3535 572 3575 ea
604 3537 725 3591 qua;
753 3522 1055 3578 deliberata
1103 3531 1280 3580 erant.
1311 3521 1452 3575 clam
1484 3536 1679 3590 magno
1727 3536 1853 3575 cum
1903 3523 2087 3576 studio

507 3609 985 3684 Byreatm'genero
1010 3623 1068 3668 et
1096 3613 1336 3668 barbaro
1363 3612 1418 3666 in
1458 3612 1769 3683 Bithyniam
1801 3613 1963 3668 missa
1992 3628 2088 3682 pe-

506 3707 691 3769 cunia,
717 3722 840 3777 quae
871 3707 1004 3762 satis
1022 3713 1170 3761 esset
1191 3705 1261 3760 ad
1284 3704 1619 3775 implendam
1655 3704 1811 3759 illius,
1836 3709 2087 3762 dextram

506 3807 564 3852 et
586 3806 849 3863 mentem,
880 3797 1157 3868 persuasit
1189 3805 1248 3851 ut
1306 3795 1542 3851 liberum
1584 3798 1829 3853 mitteret
1884 3797 2090 3867 Byzan—

507 3887 646 3945 tium
666 3887 937 3942 Palamam
991 3886 1278 3956 pravitatis
1329 3895 1589 3952 tutorem,
1621 3897 1684 3942 ut
1709 3888 1930 3958 adjutor
1960 3904 2087 3958 per-

506 3994 670 4033 verso
708 3980 826 4048 ipse
857 3976 1016 4033 ﬁeret
1049 3978 1311 4049 dogmati.
1346 3978 1503 4046 Quod
1535 3979 1699 4035 etiam
1718 3980 1879 4036 nobis
1907 3982 2087 4036 visum

505 4080 589 4129 est
615 4073 800 4140 potius
823 4086 987 4140 quam
1020 4071 1121 4137 illi,
1157 4072 1375 4127 melius.
1410 4072 1546 4128 Nam
1579 4072 1647 4127 ad
1676 4074 1965 4142 praesentia
1995 4089 2085 4127 or—

504 4173 690 4221 torum
712 4177 780 4217 ex
801 4162 1012 4231 pudore
1035 4165 1330 4220 criminum
1373 4178 1500 4219 cum
1521 4165 1769 4220 nondum
1804 4166 2090 4236 insupera-

504 4255 617 4313 bile
646 4263 794 4310 esset
825 4255 1090 4312 auxilium
1119 4256 1510 4322 Cantacuaeni,
1544 4258 1641 4313 sed
1671 4258 1844 4325 magis
1902 4266 2088 4328 tyran-

507 4349 693 4404 nicum
720 4355 777 4402 et
831 4349 988 4404 valde
1043 4350 1313 4419 ineptum,
1341 4363 1455 4403 non
1514 4348 1928 4418 relinquebatur
1976 4351 2087 4421 jam

506 4449 806 4511 praetextas
836 4440 979 4511 fuga:
1001 4441 1147 4496 ullus
1176 4440 1389 4495 hontini
1425 4441 1482 4496 in
1516 4439 1669 4495 omni
1712 4441 1986 4495 sententia
2031 4451 2088 4496 et

506 4531 721 4590 ratione
745 4532 1068 4603 perturbato
1090 4542 1148 4587 et
1169 4529 1431 4587 omnibus
1457 4530 1514 4586 in
1540 4530 1708 4586 rebus
1734 4530 1942 4600 inepto.

579 4802 723 4859 XIX.
741 4801 826 4856 Ad
848 4800 967 4856 haec
992 4798 1200 4854 Helena
1224 4797 1542 4867 imperatrix
1564 4797 1885 4870 Byzantium
1913 4798 2091 4854 Tene-

511 4898 585 4954 do
623 4895 873 4967 profecta
905 4890 1191 4960 Palteologi
1240 4890 1491 4961 conjugis
1542 4901 1599 4947 et
1635 4892 1771 4963 imp.
1832 4891 1889 4946 in
1947 4892 2092 4947 hanc

511 5006 630 5047 rem
658 4988 1078 5059 propensionem
1110 4986 1382 5049 cohibuit,
1418 5000 1596 5054 neque
1633 4985 1750 5055 ipsa
1786 4985 1899 5039 ullo
1928 4983 2092 5039 modo

512 5085 702 5139 volens
731 5083 1094 5138 Cantacuzeni
1135 5082 1304 5152 patris
1334 5079 1650 5151 ignominiae
1694 5095 1820 5134 cum
1853 5079 1957 5132 ista
1994 5093 2093 5134 ex-

516 5177 827 5233 secratione
888 5174 1051 5245 253
1107 5173 1373 5230 constitui
1426 5171 1805 5242 spectatricem
1836 5210 1853 5235 ,
1915 5185 2095 5239 neque

516 5271 766 5342 profecto
790 5269 942 5325 illius
964 5269 1106 5339 apud
1138 5270 1310 5339 ipsam
1355 5266 1528 5323 factas
1547 5265 1924 5321 clandestinas
1954 5264 2097 5319 indi-

514 5365 766 5418 cationes
792 5372 846 5417 et
878 5363 1282 5418 admonitiones
1327 5358 1518 5414 irritas
1572 5357 1841 5427 repellere
1886 5356 2092 5412 valens.

515 5454 584 5518 Et
615 5460 720 5509 hoc
745 5463 865 5509 erat
880 5454 1028 5524 quod
1061 5453 1322 5509 Ecclesiae
1351 5460 1409 5505 et
1431 5450 1747 5504 divinorum
1796 5446 2094 5517 aliquando

517 5548 835 5617 dogmattrm
890 5548 1159 5619 repressit
1202 5560 1399 5601 veram
1454 5541 1905 5596 constitutionem
1968 5556 2095 5594 cum

517 5653 643 5692 tneo
672 5638 772 5694 hac
802 5639 857 5693 in
880 5653 942 5694 re
969 5636 1175 5693 studio.
1208 5637 1348 5690 Puto
1379 5634 1495 5687 Deo
1535 5632 1930 5701 comprobante
1974 5645 2099 5700 pcr-

520 5730 804 5784 fectiorem
827 5729 995 5784 etiam
1032 5728 1234 5785 factam
1278 5739 1401 5781 esse
1431 5725 1499 5779 de
1530 5725 1733 5794 pietate
1765 5724 2094 5779 certantium

525 5824 1010 5883 cxaminationem.
1063 5822 1187 5878 Non
1240 5820 1389 5879 enim
1434 5833 1625 5876 eorum
1680 5818 1771 5889 qui
1826 5817 2097 5888 incipiunt

2190 3241 2291 3310 τὴν
2318 3240 2416 3308 τῆς
2445 3239 2572 3307 ὅλης
2606 3238 2804 3301 κακίας
2828 3239 3116 3306 διάπυρον.
3145 3239 3242 3300 Ὃς
3267 3240 3441 3308 δήπου
3468 3222 3564 3293 δῖα).
3589 3242 3769 3304 δείσας

2195 3333 2272 3402 μὴ
2304 3331 2421 3394 νῦν,
2445 3332 2610 3385 ὁπότε
2647 3330 2776 3400 μήτ’
2815 3331 2981 3394 αὐτὸς
3018 3331 3337 3402 τυραννοίη,
3363 3331 3495 3400 μήθ’
3539 3335 3571 3385 ὁ
3609 3332 3767 3387 αὐτοῦ

2195 3425 2565 3493 μυσταγωγὸς
2604 3424 2810 3493 παρείη
2840 3424 3135 3493 Παλαμᾶς,
3174 3423 3428 3495 ὑπέρσχῃ
3472 3425 3575 3478 καὶ
3598 3425 3771 3496 πέρας

2193 3519 2295 3588 σχῇ
2329 3517 2396 3570 τὰ
2423 3515 2856 3587 βεϐουλευμένα,
2894 3516 3069 3587 λάθρα
3106 3516 3205 3570 σὺν
3246 3515 3418 3587 πολλῇ
3453 3520 3519 3587 τῇ
3559 3520 3763 3590 σπουδῇ

2192 3608 2502 3678 πεπομφὼς
2539 3608 2796 3678 ’Υρκανῷ
2833 3606 2911 3679 τῷ
2938 3608 3175 3678 γαμϐρῷ
3203 3609 3299 3662 καὶ
3328 3608 3602 3681 βαρϐάρῳ
3634 3612 3768 3682 χρή-

2193 3718 2340 3770 ματα
2376 3701 2511 3771 πρὸς
2539 3700 2797 3756 Βιθυνίαν
2825 3702 2926 3771 τὴν
2955 3702 3167 3755 ἐκείνου
3200 3699 3382 3765 δεξιὰν
3413 3702 3507 3756 καὶ
3534 3704 3766 3773 γνώμην

2193 3789 2396 3853 ἱκανῶς
2445 3790 2639 3861 ἔχοντα
2697 3790 3005 3859 ὲμπιπλᾷν,
3056 3788 3319 3843 πέπεικεν
3373 3790 3668 3860 ἐλεύθερον
3713 3793 3769 3854 ἐς

2190 3880 2486 3945 Βυζάντιον
2534 3881 2856 3935 ἀποστεῖλαι
2920 3880 3187 3950 Παλαμᾶν
3253 3880 3345 3934 τὸν
3406 3881 3510 3951 τῆς
3571 3885 3766 3946 κακίας

2191 3971 2528 4040 προστάτην,
2573 3970 2685 4037 ἵνα,
2727 3969 2821 4023 τὸν
2865 3968 3123 4038 δεύτερον
3176 3972 3345 4039 φάναι
3404 3968 3599 4036 πλοῦν,
3634 3988 3765 4040 συμ-

2193 4064 2369 4134 μαχία
2392 4081 2477 4127 τις
2503 4062 2580 4134 τῷ
2609 4062 2835 4135 πονηρῷ
2864 4062 2996 4131 γοῦν
3022 4061 3186 4126 αὐτὸς
3224 4061 3484 4131 γίγνηται
3511 4062 3768 4132 δόγματι.

2198 4158 2263 4210 Ὃ
2291 4157 2357 4228 δὴ
2380 4158 2473 4211 καὶ
2504 4158 2636 4227 ἡμῖν
2661 4155 2810 4223 ἔδοξε
2835 4155 3036 4227 μᾶλλον
3060 4155 3096 4225 ἢ
3126 4156 3328 4225 ὲκείνῳ
3354 4155 3599 4223 βέλτιον*
3634 4158 3768 4223 πρὸς

2189 4248 2300 4315 γὰρ
2326 4251 2574 4315 παρόντα
2596 4249 2708 4303 τῶν
2734 4250 2835 4321 τῆς
2856 4248 3124 4320 αἰσχύνης
3144 4250 3481 4317 κινουμένων
3504 4250 3765 4319 ἐλέγχων,

2190 4340 2294 4392 οὐκ
2327 4337 2496 4411 οὔσης
2529 4341 2634 4412 ἤδη
2660 4341 2763 4410 τῆς
2796 4342 3011 4411 ἀμάχου
3042 4338 3364 4410 συμμαχίας
3415 4339 3514 4393 τοῦ
3553 4343 3770 4396 Καντα-

2189 4423 2482 4504 κουζηνοῦ,
2517 4434 2719 4505 μᾶλλον
2748 4433 2808 4487 δὲ
2846 4435 2949 4502 τῆς
2977 4425 3309 4503 τυραννικῆς
3340 4433 3436 4487 καὶ
3472 4433 3597 4489 λίαν
3641 4435 3766 4488 ἀτό-

2117 4524 2161 4579 D
2191 4540 2317 4588 που,
2358 4523 2460 4577 οὐκ
2503 4522 2738 4576 ἐλείπετ’
2771 4523 2838 4576 ἂν
2886 4520 2967 4575 ἔτι
3017 4521 3290 4590 πρόφασις
3320 4522 3617 4592 ἀποφυγῆς
3655 4522 3763 4575 οὐδ’

2190 4615 2418 4681 ἡτισοῦν
2469 4614 2547 4685 τῷ
2600 4616 2701 4687 τὴν
2755 4613 2984 4691 γνώμην
3031 4615 3126 4669 καὶ
3183 4611 3362 4668 πάντα
3399 4612 3606 4683 τρόπον
3654 4616 3766 4669 δια-

2192 4709 2415 4781 στρόφῳ
2441 4711 2534 4763 καὶ
2571 4711 2752 4765 πάντα
2778 4710 2990 4779 ἀτόπῳ.

2264 4802 2368 4856 ΙΘ’.
2411 4800 2554 4854 Ἀλλ’
2579 4803 2673 4854 ἐπὶ
2716 4801 2929 4864 τούτοις
2961 4804 2992 4871 ἠ
3027 4799 3243 4870 βασιλὶς
3284 4800 3472 4870 Ἑλένη
3504 4800 3647 4871 πρὸς
3672 4800 3773 4852 Bu-

2195 4895 2413 4960 ζάντιον
2458 4897 2523 4947 ὲκ
2550 4894 2781 4948 Τενέδου
2833 4894 3111 4963 ἀφιγμένη
3147 4891 3244 4963 τὴν
3276 4893 3355 4954 είς
3405 4891 3562 4944 τοῦτο
3600 4892 3773 4960 ῥοπὴν

2195 4984 2507 5051 ἀνεχαίτισε
2531 4983 2624 5036 τοῦ
2658 4981 2895 5049 συζύγου
2940 4982 3038 5035 καὶ
3070 4980 3339 5049 βασιλέως
3374 4980 3771 5046 Παλαιολόγου,

2199 5075 2326 5146 μήτ’
2370 5075 2510 5145 αὐτὴ
2547 5074 2775 5145 μηδαμῆ
2820 5072 3123 5143 βουλομένη
3164 5074 3261 5138 τῆς
3313 5068 3772 5140 Καντακουζηνοῦ

2196 5166 2291 5219 τοῦ
2344 5166 2553 5238 πατρὸς
2602 5165 2869 5236 αἰσχύνης
2922 5165 3019 5217 σύν
3056 5181 3121 5231 γε
3166 5162 3244 5232 τῷ
3275 5163 3546 5231 πρέποντι
3578 5159 3776 5215 ἀναθέ-

2201 5276 2335 5330 ματι
2384 5258 2726 5329 καταστῆναί
2788 5275 2906 5320 πως
2960 5256 3254 5325 αὐτήκοος,
3318 5254 3455 5324 μήτε
3518 5253 3627 5321 μὴν
3677 5252 3775 5339 τάς

2196 5351 2406 5406 ἐκείνου
2458 5352 2591 5420 παρ’
2637 5351 2811 5420 αὐτὴν
2853 5347 3141 5418 γινομένας
3190 5342 3459 5415 λαθραίας
3513 5341 3778 5413 μηνύσεις

2200 5448 2297 5501 καὶ
2323 5445 2708 5517 παρακλήσεις
2742 5443 2955 5506 ἀτελεῖς
2989 5438 3445 5512 παρακρούεσθαι
3469 5434 3772 5503 δυναμένη.

2200 5543 2312 5595 Καὶ
2340 5538 2487 5594 τοῦτ’
2512 5536 2580 5609 ἦν
2609 5537 2638 5590 ὁ
2676 5536 2776 5608 τὴν
2816 5535 2915 5605 τῆς
2957 5533 3284 5603 Ἐκκλησίας
3335 5530 3432 5584 καὶ
3470 5529 3583 5582 τῶν
3617 5527 3777 5580 θείων

2199 5635 2335 5694 τέως
2391 5630 2681 5701 δογμάτων
2745 5627 2971 5680 ἔσϐεσεν
3030 5624 3411 5694 ἐπανόρθωσιν
3477 5621 3620 5688 μετά
3679 5618 3778 5685 τῆς

2201 5725 2339 5794 ἐμῆς
2373 5727 2431 5787 ἔς
2458 5724 2618 5777 τοῦτο
2651 5720 2911 5787 σπουδῆς,
2939 5717 3094 5787 οἶμαι
3126 5717 3220 5770 τοῦ
3272 5715 3408 5769 Θεοῦ
3439 5713 3775 5782 τελεωτέραν

2202 5818 2283 5869 ἔτι
2338 5815 2592 5884 γενέσθαι
2644 5812 2742 5884 τὴν
2794 5812 2902 5864 τῶν
2943 5809 3082 5879 ὑπὲρ
3136 5808 3418 5870 εὐσεϐείας
3469 5803 3776 5857 ἀθλούντων
