4034 6534
317 457 420 522 εει

1360 456 1805 518 BYZANTlN/K
1848 453 2233 513 HISTORIAB
2272 456 2422 515 LlB.
2463 459 2676 523 XXIX.

3474 466 3587 528 222

319 576 647 647 οοπιμασίαν
671 575 1163 647 ἐπιψηφιζομένου,
1192 577 1268 631 Οὐ
1298 580 1406 647 γὰρ
1434 578 1542 630 τῶν
1569 576 1887 646 ἀρξαμένωι

1999 587 2215 633 certare
2244 587 2376 633 sunt
2432 552 2653 634 coronae
2708 588 2765 635 et
2811 581 3058 650 praemia,
3087 582 3183 636 sed
3238 596 3426 637 eorum
3482 579 3581 653 qui

319 669 504 723 ἀθλεῖν
535 669 584 722 0i
623 670 880 739 στέφανοι
913 668 1009 721 καὶ
1050 669 1117 722 τά
1154 668 1381 732 ἔπαθλα,
1420 668 1557 723 ἀλλά
1603 668 1713 721 τῶν
1762 666 1894 737 ἄχρι

320 762 513 823 τέλους
540 759 729 814 ἀνύειν
759 759 1233 831 προθυμουμένων
1254 760 1472 814 ἅπαντα
1513 759 1608 812 τὸν
1646 758 1742 812 τοῦ
1772 758 1896 828 δρό-

326 869 431 922 μου
476 851 716 905 δίαυλον.
751 852 846 904 Διὸ
886 854 982 905 καὶ
1034 851 1299 915 πολλάκις
1343 851 1522 905 ἄλλων
1573 849 1895 903 κοπιώντων

322 944 476 996 ἄλλοι
505 942 634 1005 τοὺς
671 943 899 996 ἐκείνων
932 942 1167 1013 μόχθους
1195 944 1433 1012 ἀπονητὶ
1464 942 1803 1011 λαμϐάνουσί
1831 956 1892 993 τε

322 1036 421 1089 καὶ
466 1035 818 1097 ἀπολαύουσι,
879 1036 1007 1104 μήτ’
1066 1034 1293 1088 ἐκείνων
1346 1034 1738 1103 ζημιουμένων
1792 1033 1893 1096 τὰς

321 1126 556 1197 ἀμοιϐὰς
611 1129 750 1197 πρὸς
792 1127 889 1181 τοῦ
934 1126 1402 1195 ἀγωνοθετοῦντος
1461 1127 1596 1179 Θεοῦ
1655 1126 1744 1179 διὰ
1795 1129 1891 1179 τοῦ

260 1219 531 1302 ,ῖμεταξὺ
577 1220 684 1275 τῶν
737 1220 966 1289 ἀγώνων
1024 1220 1284 1286 θανάτου,
1337 1221 1435 1274 καὶ
1486 1220 1596 1272 τῶν
1650 1219 1894 1288 ὑστέρων

324 1312 722 1366 κοινωνούντων
772 1316 887 1376 τοῖς
928 1312 1169 1384 πρώτοις
1226 1314 1317 1366 διὰ
1369 1313 1471 1382 τὴν
1515 1313 1624 1366 τῶν
1669 1313 1892 1383 τρόπων

320 1404 620 1473 ὁμοιότητα
678 1405 779 1473 τῆς
825 1405 1087 1474 διανομῆς
1133 1406 1243 1458 τῶν
1299 1404 1587 1474 βραϐείων,
1618 1404 1689 1457 τὰ
1749 1403 1889 1475 βάθη

321 1495 433 1546 τῶν
475 1494 569 1546 τοῦ
615 1494 753 1548 Θεοῦ
794 1496 1088 1573 κριμάτέυν
1121 1496 1180 1548 ού
1231 1497 1551 1565 δυναμένων
1582 1499 1642 1549 ἐν
1676 1495 1892 1558 τούτοις

323 1589 360 1657 ἡ
366 1586 481 1657 μῶν
512 1588 759 1659 ἑρευνᾷν.

396 1676 480 1734 κ’.
541 1679 794 1734 Εἰκάσειε
837 1681 882 1732 δ’
932 1680 1002 1735 ἄν
1066 1697 1152 1742 τις
1205 1678 1337 1742 ἴσως
1385 1679 1464 1742 ὡς
1508 1680 1622 1744 τοῖς
1668 1677 1892 1732 ἀσεϐέσι

321 1771 581 1833 διώκταις
624 1771 782 1842 ἡμῶν
819 1773 1058 1825 τουτοισὶ
1112 1773 1404 1841 μετανοίας
1447 1772 1684 1840 ἀνοίγων
1716 1770 1891 1842 θύραν

319 1864 351 1917 6
378 1865 551 1927 κοινὸς
580 1863 900 1935 προμηθεὺς
945 1863 1129 1918 δίδωσί
1169 1881 1228 1916 τε
1270 1864 1534 1933 διαμονῆς
1565 1863 1760 1932 καιρὸν
1803 1864 1891 1917 ὲν-

316 1955 529 2021 ταυθοῖ,
571 1957 668 2010 καὶ
724 1954 1082 2026 ὕπερτίθησιν
1123 1955 1411 2025 ἑκατέροις
1460 1955 1724 2022 ἑκάτερα,
1758 1955 1891 2025 ἡμῖν

316 2064 384 2102 τε
440 2049 537 2118 τὴν
585 2049 737 2100 θείαν
790 2045 1114 2115 ἐπικουρίαν
1180 2048 1456 2108 κάκείνοις
1515 2047 1617 2116 τὴν
1671 2043 1890 2099 δικαίαν

322 2139 687 2205 ὲπεξέλευσιν.
720 2140 781 2212 υ.
819 2141 921 2194 127
960 2139 1036 2212 ιη]
1070 2138 1320 2192 Παιδεύει
1369 2138 1414 2191 δ’
1436 2136 1531 2191 οῦν
1565 2137 1716 2205 ὅμως
1747 2151 1889 2204 συμ-

320 2229 494 2297 φορὰς
521 2230 796 2300 ἐπιφέρων
826 2230 924 2285 νῦν
957 2230 1056 2299 μὲν
1087 2229 1145 2293 ἐξ
1176 2228 1424 2296 ἀλλήλων
1453 2225 1704 2296 ἀλλήλοις
1737 2224 1891 2278 ἀλλε-

322 2315 649 2388 παλλήλους,
690 2320 780 2373 ἴνα
820 2320 1024 2389 μᾶλλον
1058 2321 1157 2389 τῆς
1202 2317 1413 2371 ἑαυτῶν
1464 2316 1667 2379 κακίας
1697 2314 1891 2369 αἰσθά-

320 2426 495 2462 νοιντο
524 2411 604 2476 (οὐ
650 2411 760 2480 γὰρ
800 2412 942 2465 κατά
976 2411 1072 2464 τοῦ
1119 2408 1329 2477 ἀγαθοῦ
1368 2410 1529 2478 μόνον
1584 2406 1798 2477 μέμηνε
1828 2406 1890 2459 τὸ

319 2505 509 2570 κακὸν,
544 2504 679 2557 ἀλλὰ
706 2504 802 2558 καὶ
831 2505 1007 2574 ἑαυτῷ
1039 2503 1322 2566 στασιάζει
1355 2504 1451 2557 καὶ
1481 2502 1758 2573 μάχεται),
1792 2501 1887 2555 νῦν

319 2590 367 2642 δ’
400 2593 779 2657 ἐπιταράττων
811 2592 907 2644 καὶ
952 2589 1322 2654 διασκεδάζων
1367 2589 1630 2658 ἐξαίφνης
1661 2589 1888 2645 ἄλλοθεν

318 2685 503 2740 ἄλλοθι
531 2686 624 2740 καὶ
674 2686 1082 2756 ἀντιπερισπῶν
1118 2686 1207 2739 τὸν
1256 2686 1475 2738 ἅπαντα
1508 2684 1632 2737 νοῦν
1661 2686 1777 2747 τοῖς
1806 2685 1886 2736 0i-

319 2778 484 2840 κείοις
521 2780 805 2850 προσέχειν
841 2779 1129 2848 παθήμασί
1179 2795 1238 2831 τε
1284 2779 1378 2831 xal.
1415 2779 1760 2848 ἀτοπήμασι,
1791 2778 1886 2830 καὶ

322 2869 401 2941 μὴ
436 2871 615 2940 μόνοις
662 2872 969 2947 ὁλοσχερῶς
1002 2873 1089 2924 ἀεὶ
1119 2874 1235 2935 τοῖς
1270 2871 1428 2943 ἡμῶν
1467 2872 1742 2942 ὲντρυφᾷν
1771 2870 1887 2924 ἀδί-

320 2979 437 3025 κοις
460 2963 683 3015 ὀνείδεσί
708 2980 768 3015 τε
797 2965 891 3017 καὶ
923 2965 1208 3033 διωγμοῖς.

1998 684 2177 739 usque
2202 668 2270 724 ad
2306 670 2468 725 finem
2501 670 2716 726 emetiri
2746 671 2922 741 parati
2956 681 3087 727 sunt
3111 681 3281 727 totum
3311 672 3580 729 curriculi

1994 761 2257 832 spatium.
2284 760 2468 827 Quare
2491 762 2657 818 etiam
2705 778 2849 832 saepe
2896 763 3017 817 aliis
3058 764 3438 818 laborantibus
3487 764 3579 818 alii

1995 854 2213 909 illorum
2232 854 2449 907 labores
2469 853 2589 909 sine
2611 852 2803 909 labore
2825 854 3063 909 subeunt
3092 855 3270 923 iisque
3295 856 3576 918 fruuntur,

1994 961 2118 1001 cum
2146 960 2325 1014 neque
2358 945 2436 999 illi
2473 954 2696 1015 propter
2725 960 2925 1000 cursus
2970 946 3350 1001 remissionem
3389 963 3417 1000 a
3446 962 3581 1016 pro-

1994 1043 2234 1104 pouente
2261 1036 2561 1089 certamina
2621 1033 2730 1087 Deo
2763 1046 2940 1087 morte
2975 1036 3374 1090 certaminibus
3400 1036 3579 1089 inter-

1994 1128 2171 1198 posita
2241 1126 2571 1196 plectantur,
2625 1134 2680 1179 et
2729 1127 3062 1194 posteriores
3116 1142 3241 1180 cum
3300 1126 3582 1195 prioribus

1993 1227 2220 1289 propter
2237 1217 2512 1271 rationum
2531 1214 2957 1284 aequabilitatem
2981 1214 3347 1268 communiter
3365 1224 3575 1282 partem

1993 1311 2230 1379 quisque
2284 1322 2442 1361 suam
2504 1306 2854 1376 praemiorum
2901 1305 3193 1372 accipiant.
3253 1303 3575 1357 Divinarum

1992 1409 2176 1455 autem
2205 1398 2542 1467 iudiciorum
2567 1407 2817 1451 naturam
2843 1395 3224 1451 absconditam
3244 1394 3577 1465 investigare

1992 1493 2051 1549 in
2081 1494 2169 1548 his
2195 1507 2299 1548 nos
2330 1490 2552 1562 quidem
2586 1505 2694 1545 non
2727 1504 3040 1560 possumus.

2065 1673 2185 1730 XX.
2231 1673 2552 1743 Conjecerit
2603 1682 2790 1728 autem
2851 1671 3087 1725 fortasse
3138 1667 3338 1738 aliquis
3394 1665 3578 1735 impiis

1993 1767 2082 1823 bis
2110 1766 2315 1821 nostris
2348 1764 2797 1834 persecutoribus
2821 1766 2888 1817 ad
2925 1760 3265 1832 poenitentia:
3309 1765 3577 1828 opportu-

1997 1859 2226 1915 nitatem
2279 1857 2616 1913 oflerendam
2658 1869 3008 1910 communem
3045 1854 3295 1907 omnium
3335 1861 3574 1906 tutorem

1996 1950 2167 2007 Deum
2199 1950 2291 2004 hic
2321 1948 2583 2004 manendi
2633 1956 2850 2015 tempus
2909 1945 3155 2013 praebere
3193 1951 3250 1997 et
3288 1943 3575 2011 imponere

1994 2045 2250 2114 utrisque
2296 2052 2551 2113 utraque,
2583 2041 2743 2095 nobis
2782 2038 3033 2093 divinum
3068 2036 3333 2091 auxilium
3363 2045 3421 2089 et
3466 2034 3576 2087 illis

1987 2143 2191 2214 justam
2225 2154 2467 2210 pmnam.
2499 2136 2671 2193 Vocat
2698 2134 2867 2204 igitur
2904 2131 2973 2187 ad
3013 2130 3300 2185 meliorem
3333 2126 3572 2196 frugem,

1991 2233 2332 2291 calamitates
2357 2227 2644 2284 inferendo
2675 2240 2820 2280 nunc
2856 2224 3080 2293 quidem
3122 2227 3242 2289 post
3271 2219 3411 2274 alios
3451 2217 3575 2272 aliis

1988 2336 2307 2399 perpetuas,
2342 2320 2507 2392 254
2542 2330 2602 2375 ιιι
2630 2317 2805 2388 magis
2836 2330 2991 2371 suam
3027 2312 3269 2368 sentiant
3299 2307 3577 2380 perversi-

1992 2429 2158 2476 tatem
2188 2435 2201 2471 :
2227 2433 2339 2471 non
2382 2415 2529 2470 enim
2572 2412 2628 2465 in
2680 2410 2886 2465 bonum
2939 2406 3103 2461 modo
3159 2403 3313 2459 sevit
3345 2400 3573 2462 malum,

1990 2511 2086 2568 sed
2113 2510 2279 2565 etiam
2313 2520 2500 2562 secum
2533 2505 2712 2574 ipsum
2759 2508 2966 2571 pugnat
3009 2507 3068 2553 et
3116 2495 3398 2551 decertat:
3426 2506 3577 2546 nunc

1989 2605 2212 2676 quidem
2246 2599 2575 2671 perturbans
2628 2603 2685 2651 et
2737 2592 3055 2648 distrahens
3120 2586 3304 2645 subito
3351 2583 3576 2676 aliunde

1989 2673 2125 2752 alibi
2157 2702 2214 2749 et
2236 2691 2508 2747 distinens
2539 2696 2706 2742 totam
2741 2691 2983 2739 mentem
3018 2688 3079 2736 ut
3116 2676 3365 2735 attendat
3383 2673 3450 2730 ad
3478 2673 3578 2727 do-

1988 2785 2216 2844 mestica
2258 2782 2402 2839 mala
2464 2788 2522 2835 et
2570 2777 2827 2848 ineptias,
2891 2789 3000 2830 nec
3046 2771 3115 2828 ad
3163 2770 3312 2826 solas
3346 2765 3576 2824 omnino

1987 2893 2229 2950 semper,
2264 2875 2465 2946 quibus
2486 2871 2649 2927 nobis
2690 2869 2982 2931 insultant,
3018 2865 3239 2934 iniquas
3278 2869 3574 2917 contume-

1986 2974 2091 3030 lias
2115 2987 2173 3028 et
2191 2969 2443 3041 injurias.

389 3051 517 3106 ΚΝ.
562 3053 770 3107 Ἐκεῖνο
808 3056 864 3109 δὲ
896 3056 1016 3118 πῶς
1049 3056 1149 3108 οὐκ
1202 3054 1270 3110 ἄν
1317 3071 1404 3118 τις
1457 3052 1743 3123 θαυμάσαι
1784 3051 1886 3123 τῆς

2058 3062 2203 3118 XXI.
2228 3059 2367 3115 Illud
2407 3070 2541 3111 vero
2565 3052 2661 3124 qui
2693 3066 2805 3106 non
2837 3048 3147 3104 admiretur
3175 3044 3376 3114 aliquis
3404 3042 3460 3097 in
3484 3041 3573 3097 di-

318 3145 467 3208 θείας
501 3147 829 3215 οἰκονομίας,
859 3149 942 3200 ὅτι
976 3148 1127 3217 παρᾶ
1151 3147 1412 3201 τοσοῦτον
1441 3142 1885 3217 Καντακουζηνῷ

1990 3156 2113 3211 vina
2134 3151 2327 3208 mundi
2353 3145 2851 3208 administratione,
2884 3140 3030 3211 quod
3051 3147 3160 3195 tam
3190 3138 3283 3192 diu
3305 3135 3575 3192 (iantacu-

324 3238 707 3309 συγκεχώρηκε
750 3240 849 3309 τὴν
898 3239 994 3294 τοῦ
1044 3240 1306 3308 μεγίστου
1354 3239 1455 3309 τῆς
1495 3240 1589 3292 τοῦ
1623 3238 1760 3291 Θεοῦ
1794 3256 1882 3292 σο-

1990 3261 2120 3302 zeno
2141 3240 2416 3298 concessit
2436 3240 2690 3308 exiguam
2717 3234 2864 3289 illam
2888 3232 2941 3286 in
2966 3229 3205 3284 maximo
3235 3225 3441 3281 divinae
3473 3224 3572 3279 Sa-

320 3331 446 3399 φίας
475 3330 577 3383 νεὼ
608 3330 865 3401 βραχεῖαν
894 3332 1111 3401 ἐκείνην
1142 3330 1459 3401 οἰκοδομὴν,
1491 3329 1753 3401 τοῦσπερὶ
1790 3331 1880 3383 τὸν

1990 3336 2206 3409 pientis:
2232 3332 2434 3402 templo
2467 3332 2665 3385 factam
2701 3319 3342 3389 adiﬁcationem,partis
3372 3328 3572 3383 neuqe

265 3432 271 3438 '
314 3423 511 3493 ὄροφον
542 3423 739 3493 δηλαδὴ
762 3424 1174 3493 τεθραυσμένου
1209 3423 1431 3494 μέρους,
1467 3423 1595 3494 παρ’
1626 3424 1751 3477 ὅσον
1780 3423 1881 3493 τήν

1990 3432 2133 3486 circa
2194 3436 2403 3482 tectum
2466 3421 2682 3477 scilicet
2717 3416 3002 3479 sauciam,
3040 3413 3218 3467 donec
3257 3416 3574 3479 reparatqu

314 3532 378 3585 γε
418 3517 551 3584 πρὸς
592 3517 783 3585 χιόνων
826 3517 919 3568 καὶ
971 3516 1197 3584 ὄμϐρων
1252 3514 1513 3586 αίθερίων
1560 3515 1880 3586 ἀποτροπὴν

1990 3532 2146 3584 esset.
2163 3517 2310 3590 quod
2339 3516 2494 3571 nives
2511 3524 2568 3568 et
2598 3513 2801 3567 imbres
2827 3525 2893 3563 ex
2918 3520 3046 3560 aere
3066 3504 3280 3559 delatos
3303 3498 3571 3555 defende-

312 3603 698 3658 ἀνασώσασθαι
732 3605 969 3674 σκέπην;
999 3604 1144 3658 Ὅσα
1188 3603 1234 3657 δ’
1263 3601 1360 3657 οὖν
1383 3605 1494 3658 τῶν
1530 3604 1682 3668 ἐντὸς
1712 3608 1883 3675 ὑπερ-

1990 3623 2090 3678 ret,
2118 3609 2363 3668 tectum?
2388 3607 2664 3674 Quantum
2685 3602 2851 3673 igitur
2881 3601 2936 3654 in
2962 3599 3211 3655 internos
3238 3593 3576 3664 splendidis.

312 3696 582 3763 λάμπρων
625 3694 789 3764 ἱερῶν
830 3694 1138 3762 περιϐόλων
1173 3694 1400 3747 ᾶκείνων
1448 3694 1544 3747 καὶ
1582 3694 1879 3765 θυσιαστη-

1990 3709 2152 3762 simos
2174 3718 2360 3761 sacros
2382 3715 2571 3757 muros
2589 3697 2711 3752 illos
2731 3702 2786 3749 et
2806 3707 2931 3749 aras
2963 3698 3187 3747 sanctas
3214 3689 3441 3742 omnino
3473 3686 3582 3741 im.

315 3788 448 3858 ρίων
478 3787 649 3875 ἁγίων
676 3786 1024 3840 παντάπασιν
1049 3785 1323 3839 ἀνάλωται
1350 3784 1447 3837 καὶ
1469 3783 1878 3852 συντέτριπται,

1990 3814 2210 3870 pensum
2226 3795 2644 3865 etconjunctum
2668 3798 2777 3846 est.
2797 3792 2900 3845 hoc
2917 3788 3107 3856 impiis
3119 3784 3238 3854 ejus
3257 3790 3315 3836 et
3342 3782 3577 3850 impur‘s

310 3884 486 3938 ταῦτα
513 3873 558 3936 δ⁵
592 3882 844 3937 ἀσεϐέσιν
892 3882 1056 3935 αὐτοῦ
1097 3882 1188 3934 καὶ
1228 3880 1478 3951 βεϐήλοις
1511 3880 1879 3952 ἀνεγηγὲρθαι

1990 3893 2117 3947 oriri
2145 3906 2177 3945 e
2202 3888 2459 3943 manibus
2489 3885 2641 3941 nullo
2671 3893 2835 3955 pacto
2854 3893 3181 3939 concessum
3221 3886 3305 3932 est
3345 3890 3376 3929 a
3418 3873 3528 3927 Deo
3554 3889 3578 3938 ί

313 3977 499 4045 χερσὶν
545 3974 752 4046 οὐδαμῆ
810 3973 1229 4043 συγκεχώρηται
1285 3971 1420 4042 πρὸς
1467 3972 1626 4037 Θεοῦ,
1663 3972 1780 4025 ἀλλ’
1819 3973 1879 4026 ἐν

1990 3985 2076 4040 sed
2102 3985 2158 4038 in
2182 3982 2388 4046 medio,
2414 3988 2476 4036 ut
2504 3981 2684 4045 aiunt,
2706 3978 2934 4043 itinere,
2964 3990 3029 4032 ex
3058 3970 3367 4029 aedificandi
3396 3967 3572 4024 facul-

315 4067 455 4139 μέσῃ
524 4066 690 4136 φάναι
763 4065 960 4136 πορείᾳ
1030 4067 1131 4135 τῆς
1197 4063 1443 4129 ἐξουσίας
1516 4063 1879 4117 ἐκπέπτωκεν

1990 4085 2092 4134 tate
2125 4076 2346 4146 elapsus
2375 4086 2463 4130 est
2503 4071 2960 4144 ignominiose,et
3002 4065 3273 4122 maculam
3314 4074 3568 4129 magnam

311 4158 540 4221 ἀκλεῶς,
574 4156 773 4228 χλεύην
807 4157 1023 4227 μακράν
1055 4155 1457 4219 καταλελοιπὼς
1504 4156 1587 4225 τῷ
1624 4157 1725 4226 βίῳ
1752 4154 1880 4209 καθ’

1990 4166 2208 4237 reliquit
2259 4165 2380 4220 vitae
2415 4179 2530 4221 suae
2582 4170 2809 4232 propter
2852 4157 3018 4213 (idem
3052 4162 3342 4213 novatam.
3376 4150 3573 4218 Neque

1978 4259 2129 4316 enim
2161 4272 2380 4327 aequum
2405 4265 2548 4319 erat,
2582 4270 2645 4310 ea
2676 4266 2800 4322 quae
2829 4251 2886 4306 in
2922 4246 3275 4305 manifestum
3302 4252 3362 4298 et
3393 4243 3572 4312 ipsius

1980 4360 2042 4406 et
2066 4352 2344 4407 sociorum
2369 4347 2669 4419 impietatis
2690 4343 2955 4401 iudicium
2970 4338 3185 4412 perdita
3206 4339 3442 4402 fuerant,
3468 4349 3570 4406 per

1987 4459 2115 4500 eum
2155 4442 2395 4499 restitui.

312 4250 507 4303 ἑαυτοῦ
538 4249 627 4302 διὰ
653 4247 752 4320 τὴν
784 4248 1142 4317 καινοτομίαν
1169 4249 1271 4318 τῆς
1299 4250 1559 4311 πίστεως.
1589 4248 1727 4302 Οὐδὲ
1769 4250 1880 4318 γὰρ

310 4337 378 4410 ῆν
403 4341 552 4403 εἰκὸς
603 4341 672 4392 τὰ
715 4340 853 4410 πρὸς
897 4337 1121 4407 ἔλεγχον
1152 4339 1369 4409 ἐμφανῆ
1418 4341 1517 4408 τῆς
1566 4338 1736 4392 αὑτοῦ
1784 4338 1880 4392 καὶ

309 4434 420 4485 τῶν
466 4432 605 4501 ἀμφ’
651 4432 816 4485 αὑτὸν
870 4429 1189 4494 δυσσεϐείας
1222 4430 1540 4485 ἀπολωλότα
1595 4430 1666 4485 δι’
1712 4429 1878 4484 αὐτοῦ

313 4524 477 4578 πάλιν
507 4523 883 4581 ἀνανεοῦσθαι.
3348 4553 3354 4559 ~

368 4614 514 4680 ΚΒ.
543 4615 605 4670 Ei
648 4615 696 4670 δ’
738 4618 767 4670 ό
816 4617 1179 4689 βρεφοκτόνος
1215 4615 1470 4687 Ἡρώδης
1519 4616 1691 4670 πάλαι
1733 4617 1876 4686 πρὸς

2056 4624 2223 4682 XX".
2260 4623 2316 4680 Si
2364 4632 2547 4679 autem
2614 4635 2912 4692 puerorum
2971 4614 3316 4675 interfectori
3363 4612 3572 4671 Herodi

313 4708 447 4761 Θεοῦ
499 4707 599 4780 τὴν
632 4709 907 4779 περιφανῆ
957 4726 1019 4762 τε
1061 4710 1159 4764 καὶ
1215 4707 1597 4762 πολυδάπανον
1658 4708 1878 4780 εκείνην

1990 4719 2112 4775 olim
2144 4732 2177 4772 a
2206 4716 2321 4770 Deo
2348 4712 2585 4784 gloriosa
2620 4710 2713 4765 illa
2770 4718 2827 4763 et
2879 4717 3201 4777 sumptuosa
3255 4704 3577 4774 ilicrosolya

310 4802 597 4874 οἰκοδομὴν
621 4801 714 4855 τοῦ
741 4803 850 4857 τῶν
880 4801 1276 4872 Ἱεροσολύμων
1297 4800 1402 4855 νεὼ
1431 4800 1875 4872 συγκεχώρηται,

1990 4824 2196 4865 morum
2229 4805 2418 4875 templi
2456 4802 2746 4859 aediﬁcatio
2783 4813 3047 4856 concessa
3081 4807 3190 4862 est,
3238 4807 3347 4851 tam
3410 4796 3573 4851 multi

312 4889 583 4944 τοσούτων
607 4891 872 4959 ἐφεστίων
889 4907 948 4942 τε
971 4891 1066 4942 καὶ
1091 4890 1375 4958 συγγενῶν
1409 4890 1664 4959 αἱμάτων
1690 4892 1878 4960 χεῖρας

1990 4901 2143 4973 255
2174 4898 2349 4954 afﬁnis
2377 4907 2433 4952 et
2457 4894 2675 4964 cognati
2726 4891 3015 4962 sanguinis
3047 4890 3239 4960 plenas
3287 4905 3483 4944 manus
3512 4899 3573 4945 et

314 4983 431 5049 ἅμα
473 4981 569 5034 καὶ
617 4980 841 5050 γνώμην
880 4980 1145 5051 ὑπάρχων
1188 4981 1407 5049 μεστὸς,
1441 4980 1556 5035 ἀλλ’
1608 4980 1758 5034 ἐστιν
1804 4982 1881 5032 εἰ-

1990 4996 2222 5052 mimum
2275 4990 2523 5055 habenti,
2556 4989 2682 5045 licet
2745 4997 2929 5043 tamen
2984 4983 3343 5049 dieere,cum
3391 4983 3571 5052 patria

1979 5086 2110 5142 huic
2136 5084 2329 5155 religio
2356 5084 2567 5153 integra
2607 5079 2775 5134 etiam
2807 5085 2999 5141 staret,
3026 5091 3130 5135 nec
3175 5074 3355 5144 ipsum
3411 5087 3472 5128 se
3497 5073 3568 5131 ab

1978 5192 2044 5232 ea
2073 5175 2382 5237 abdicasse.
2406 5186 2511 5228 nec
2538 5170 2662 5227 aliis
2692 5168 2817 5225 ullis
2848 5166 3215 5237 persuasisse,
3250 5174 3312 5220 ut
3351 5164 3455 5218 hoc
3489 5166 3567 5219 fa-

1976 5274 2190 5323 cerent.
2217 5263 2638 5321 Cantacuzenus
2670 5269 2857 5317 autem
2894 5258 2985 5313 hic
3021 5267 3076 5312 et
3119 5256 3237 5325 ipse
3290 5254 3567 5324 dejuravit

1979 5359 2213 5431 patriam
2245 5359 2504 5427 pietatem
2546 5356 2728 5424 palam
2761 5362 2817 5407 et
2845 5361 3043 5421 praeter
3101 5362 3310 5420 paucos
3373 5361 3569 5401 omnes

1978 5459 2214 5507 caeteros
2262 5447 2464 5517 coegit,
2496 5446 2638 5501 alios
2698 5444 2859 5501 donis
2903 5454 2960 5499 et
3007 5444 3166 5501 lucro
3223 5441 3384 5504 falso,
3425 5438 3566 5493 alios

1978 5544 2147 5600 minis
2171 5550 2229 5599 et
2263 5539 2727 5611 castigationibus
2758 5536 3037 5608 malignis,
3075 5537 3133 5597 in
3170 5533 3313 5589 idem
3374 5545 3565 5588 secum

1981 5647 2041 5689 ut
2059 5632 2459 5690 descenderent
2501 5628 2888 5700 praecipitium.

313 5076 437 5129 πεῖν
464 5074 541 5136 ὠς
586 5073 689 5143 τῆς
725 5073 954 5143 πατρίου
986 5071 1162 5143 τούτῳ
1201 5073 1501 5142 θρησκείας
1532 5074 1595 5127 ὲν
1618 5072 1697 5143 τῷ
1726 5071 1895 5147 καλῶς

310 5165 613 5234 τηνικαῦτα
672 5165 945 5234 μενούσης
982 5166 1065 5218 ἔτι
1120 5164 1233 5218 οὔτ’
1287 5167 1451 5228 αὐτὸς
1483 5166 1675 5221 ἑαυτὸν
1705 5167 1877 5238 αὐτῆς

310 5258 694 5328 ἠλλοτρίωσεν,
724 5257 837 5311 οὗθ’
865 5258 1088 5328 ἑτέρους
1116 5258 1339 5322 οὐδένας
1386 5259 1692 5330 naphtam:
1718 5258 1880 5312 10610

310 5352 523 5406 παθεῖν.
578 5351 1029 5419 Καντακουζηνὸς
1076 5351 1120 5403 δ’
1169 5351 1383 5404 ούτοσὶν
1428 5350 1590 5414 αὐτός
1635 5366 1696 5405 τε
1740 5351 1878 5416 ἔξω·

315 5445 519 5513 μόσατο
547 5444 796 5513 φανερῶς
825 5445 924 5513 τὴν
967 5444 1197 5513 πάτριον
1245 5441 1559 5506 εὐσέϐειαν,
1592 5444 1690 5496 καὶ
1736 5442 1879 5513 πλὴν

309 5536 509 5603 ὀλίγων
546 5537 673 5598 τοὺς
715 5535 908 5600 ἄλλους
958 5536 1276 5606 ἠνάγκασεν
1311 5535 1583 5600 ἅπαντας,
1613 5535 1747 5597 τοὺς
1776 5532 1878 5604 μὲν

308 5625 538 5693 δωρεαῖς
566 5643 629 5678 τε
659 5631 755 5680 καὶ
783 5627 1035 5698 λήμμασι
1065 5626 1426 5697 παραλόγοις,
1463 5626 1593 5689 τοὺς
1625 5626 1670 5678 δ’
1719 5627 1881 5680 ἀπει-

307 5717 429 5780 λαῖς
460 5719 557 5770 καὶ
597 5717 856 5772 κολάσεσι
889 5721 1280 5790 κακοτρόποις,
1319 5720 1402 5779 είς
1450 5718 1541 5771 τὸν
1579 5718 1694 5771 ίαον
1728 5717 1878 5788 αὐτῷ

308 5808 699 5879 κατενεχθῆναι
728 5811 994 5882 κρημνόν.

383 5899 508 5956 Kl".
547 5900 731 5967 ’Δξιον
776 5903 824 5956 δ’
873 5903 1126 5958 ἐνταυθοῖ
1178 5902 1509 5973 γενομένους
1564 5902 1657 5957 καὶ
1701 5905 1760 5956 τό
1814 5919 1875 5972 γε

2048 5900 2237 5957 XXIII.
2269 5899 2389 5956 lluc
2435 5897 2693 5969 quoniam
2734 5892 3110 5968 pervenimus.
3146 5908 3258 5949 non
3319 5891 3563 5951 alienum
