4034 6514
437 421 547 486 223

1657 426 2074 486 NICEI’HORI
2111 423 2496 485 GREGOIirﬁ

3603 423 3713 495 224

440 545 575 607 puto
609 535 1011 607 longitudinem
1047 553 1148 592 nos
1177 537 1494 593 describere
1523 538 1684 610 picta:
1715 556 1893 608 nuper
1923 539 2025 594 sub

2137 537 2311 606 μῆκος
2337 536 2430 589 καὶ
2460 533 2663 597 πλάτος
2697 533 2842 602 ἡμᾶς
2875 533 3269 602 ἀφηγήσασθαι
3323 535 3420 604 τῆς
3465 534 3568 587 ύπδ
3609 536 3714 606 τὴν

441 623 570 679 tecti
602 625 766 694 hujus
793 642 1090 680 concavam
1121 629 1470 698 superﬁciem
1513 639 1716 685 sanctae
1774 631 2028 700 imaginis

441 714 724 782 sapientite
754 716 896 783 ejus,
930 718 1024 786 qui
1087 719 1248 782 inest,
1296 718 1386 774 Dei
1443 720 1743 776 Salvatoris
1795 722 2054 778 Christi.‘

439 807 574 863 Esse
606 813 753 864 enim
789 813 892 868 hoc
923 831 1142 885 quoque
1169 819 1406 884 posteris
1432 817 1734 887 jucundum
1769 829 1900 888 puto
1927 835 2026 873 au-

442 901 582 961 ditu.
612 912 669 955 ut
694 904 859 957 etiam
927 922 1088 974 supra
1141 909 1324 962 statim
1361 909 1448 963 ab
1498 910 1656 965 ittitio
1720 912 2024 975 primarum

443 988 609 1059 hujus
640 992 882 1049 historiae
911 998 1286 1052 narrationum
1320 998 1537 1054 illarum
1613 1013 1917 1056 nostrarum
1973 1011 2027 1056 et

443 1081 714 1138 librorum
746 1095 981 1140 stantem
1020 1089 1073 1142 itt
1117 1091 1371 1144 columna
1426 1101 1659 1146 statuam
1709 1105 2024 1163 equestrem

439 1190 646 1229 aeneam
692 1177 1068 1234 describentes
1103 1197 1203 1235 nos
1249 1184 1542 1250 gratiﬁcari
1578 1187 1889 1240 hominibus
1936 1204 2027 1240 sa-

441 1267 803 1335 pientioribus
831 1286 1024 1324 sumus
1072 1273 1347 1330 arbitrati.
1381 1275 1482 1344 Ipsi
1529 1287 1678 1332 certe
1729 1295 1825 1334 nos
1882 1281 2026 1335 illius

438 1359 566 1414 facti
593 1372 932 1429 Spectatores
957 1375 1014 1419 et
1048 1369 1252 1421 nostris
1295 1373 1567 1438 permensi
1599 1372 1740 1426 hanc
1773 1376 2026 1430 manibus

439 1451 700 1508 facillime
733 1464 840 1508 tam
883 1457 975 1510 diu
1003 1464 1481 1529 composuerimus
1511 1481 1643 1528 rem,
1675 1466 1916 1534 quandiu
1948 1467 2024 1521 ibi

439 1557 560 1595 eam
591 1543 869 1613 sigillatim
903 1552 1280 1617 exposuimus.
1315 1554 1444 1607 Esse
1474 1556 1622 1608 enim
1652 1557 1871 1626 dignam
1895 1573 2024 1612 cun-

440 1637 705 1704 templatu
733 1640 1008 1702 existimo.
1030 1645 1072 1696 si
1113 1646 1238 1712 quis
1269 1663 1334 1700 ex
1363 1649 1628 1704 inferiore
1662 1650 1780 1704 loco
1805 1667 2023 1706 sursum

441 1738 674 1795 spectet,
735 1747 913 1800 neque
976 1737 1149 1800 possit
1215 1749 1529 1792 accuratam
1609 1743 2022 1811 proportionem

441 1819 682 1886 partium
713 1836 812 1889 per
836 1823 1000 1892 256
1047 1827 1238 1880 oculos
1279 1832 1655 1885 transmittere
1678 1834 1866 1898 menti,
1898 1849 2021 1888 cum

443 1907 517 1961 ita
546 1908 617 1962 sit
641 1923 952 1980 comparata
981 1913 1092 1976 illa,
1121 1927 1179 1970 ιιι
1206 1917 1527 1989 plerumque
1548 1931 1860 1990 spectantes
1884 1923 2027 1979 inter

439 2005 497 2053 et
525 2013 615 2054 res
631 2010 904 2068 spectatas
934 2005 1274 2075 interpositis
1307 2008 1412 2064 loci
1439 2013 1742 2068 intervallis
1781 2017 2026 2070 animum

439 2088 612 2154 fallat,
651 2107 773 2161 quae
802 2103 986 2149 tamen
1046 2098 1323 2164 applicata
1382 2113 1642 2156 czeterum
1693 2105 1938 2176 undique
1973 2118 2029 2162 et

439 2197 774 2253 quocunque
837 2187 1002 2240 modo
1055 2199 1206 2252 sunt,
1267 2201 1328 2244 ut
1383 2194 1636 2250 veritatis
1689 2198 1914 2268 vestigia
1973 2211 2030 2253 et

439 2275 678 2342 speciem
722 2277 1164 2349 qualemcunque
1229 2283 1490 2349 elliciant,
1525 2296 1582 2340 et
1651 2288 1773 2342 talis
1816 2289 2028 2346 fraudis

438 2367 665 2422 morbos
686 2379 902 2424 sanent.
938 2371 1080 2426 Sunt
1101 2374 1249 2428 enim
1282 2375 1410 2430 inde
1440 2392 1472 2430 a
1510 2381 1718 2434 vertice
1756 2397 1929 2450 usque
1958 2387 2027 2439 ad

438 2471 710 2512 summam
763 2461 1007 2528 barbam,
1038 2463 1251 2519 labrum
1280 2468 1404 2522 dico
1435 2471 1709 2538 superius,
1745 2475 2028 2542 spithamae

440 2547 497 2604 in
559 2552 960 2618 longitudinem
1041 2557 1495 2630 duodetriginta,
1566 2565 1620 2618 in
1677 2566 2026 2624 latitudinem

440 2645 884 2713 quatuordecim,
941 2650 1238 2718 digitorum
1290 2665 1469 2709 autem
1524 2661 1733 2727 primus
1795 2665 1919 2716 octo
1973 2673 2027 2718 et

441 2735 726 2792 dimidiam
760 2739 814 2794 in
848 2743 1245 2812 longitudinem
1292 2747 1549 2811 habebat,
1580 2759 1634 2804 et
1659 2752 1855 2820 reliqui
1902 2769 2028 2821 pro-

443 2831 854 2900 portionaliter;
891 2837 1176 2890 oculorum
1205 2849 1314 2894 tres
1333 2839 1443 2894 fere
1463 2841 1763 2906 spitltamas
1791 2845 2027 2899 habebat

441 2928 694 2991 uterque,
720 2939 887 2979 nasus
910 2937 1091 2982 autem
1129 2945 1268 3002 pene
1312 2942 1460 2986 octo.
1492 2931 1586 2987 llis
1640 2936 1708 2988 ita
1770 2947 2024 3006 tanquam

439 3013 733 3070 eleu'tentis
785 3019 1104 3086 prepositis,
1163 3021 1291 3075 licet
1347 3022 1498 3086 hinc,
1557 3036 1827 3097 quotquot
1902 3041 2030 3084 sunt

444 3103 721 3173 pictorum
746 3108 1127 3178 jucundiores,
1158 3114 1321 3166 etiam
1353 3116 1670 3184 qualitatem
1702 3129 2025 3174 czeterorum

2129 627 2337 698 κυρτὴν
2386 625 2536 688 ἐντὸς
2583 627 2910 692 ἐπιφάνειαν
2959 626 3053 679 τοῦ
3093 627 3295 696 ὀρόφου
3339 627 3529 680 τούτου
3574 644 3713 695 γρα-

2129 720 2323 788 φείσης
2370 719 2571 787 ἀρτίως
2617 720 2780 785 ἁγίας
2822 719 3032 781 εἰκόνος
3062 722 3159 788 τῆς
3211 720 3578 774 ἐνυποστάτου
3624 737 3716 772 σο-

2129 811 2258 879 φίας
2291 810 2448 874 Θεοῦ,
2487 809 2552 880 [ί.
2587 809 2688 864 106
2739 809 2817 882 υ.]
2867 810 2960 863 τοῦ
2985 812 3237 880 Σωτῆρος
3270 811 3415 878 λέγω
3444 808 3711 880 Χριστοῦ.

2128 897 2286 957 Εἶναι
2321 903 2428 975 γὰρ
2459 906 2553 956 καὶ
2595 904 2753 956 τοῦτο
2801 908 2914 967 τοῖς
2953 906 3228 973 ὀψιγόνοις
3260 905 3526 973 ἐράσμιον
3554 899 3715 971 οἶμαι

2126 995 2407 1064 ἀκρόαμα,
2442 996 2696 1066 καθάπερ
2740 997 2804 1064 δὴ
2851 999 2947 1050 καὶ
2978 999 3240 1066 ἀνωτέρω
3297 1014 3392 1049 που
3423 996 3532 1047 τῶν
3564 999 3718 1065 πρώ-

2127 1104 2235 1140 των
2260 1087 2359 1156 τῆς
2387 1089 2630 1158 ἱστορίας
2663 1091 2929 1158 ταυτησὶν
2961 1090 3253 1160 ἡμετέρων
3285 1090 3509 1142 ἐκείνων
3537 1088 3714 1156 λόγων

2127 1181 2223 1233 καὶ
2280 1179 2481 1250 βίϐλων
2539 1181 2700 1241 εὐθὺς
2754 1184 2812 1235 ἐν
2871 1183 3170 1252 προθύροις
3237 1184 3328 1233 τὸν
3383 1183 3479 1234 ἐπὶ
3530 1181 3714 1241 κίονος

2127 1269 2338 1322 ἑστῶτα
2372 1269 2739 1340 δεδηλωκότες
2766 1271 3014 1339 ἔφιππον
3048 1272 3343 1342 ἀνδριάντα
3384 1271 3618 1341 χαλκοῦν
3647 1267 3708 1323 εὖ

2130 1365 2302 1414 ποιεῖν
2352 1365 2467 1425 τοῖς
2515 1365 2903 1435 συνετωτέροις
2946 1366 3231 1434 ἐδόξαμεν,
3265 1366 3421 1418 αὐτοί
3453 1381 3516 1431 γε
3546 1365 3710 1434 ἡμεῖς

2127 1455 2339 1509 ἐκείνου
2387 1457 2678 1525 γεγονότες
2727 1458 2998 1510 αὐτόπται
3042 1458 3138 1510 καὶ
3166 1460 3288 1519 ταῖς
3339 1458 3571 1517 οἰκείαις
3605 1473 3706 1524 με·

2127 1547 2430 1616 τρήσαντες
2501 1547 2694 1600 τοῦτον
2752 1549 2964 1618 χερσὶν,
3027 1551 3120 1604 ἐπὶ
3173 1551 3232 1603 τὸ
3301 1551 3502 1619 ῥᾷστον
3567 1548 3706 1608 τέως

2129 1637 2546 1706 συνενεχθέντος
2584 1639 2681 1691 τοῦ
2741 1639 3088 1708 πράγματος,
3141 1640 3218 1704 ὡς
3274 1641 3390 1692 ἐκεῖ
3432 1657 3535 1691 που
3585 1638 3706 1691 καθ’

2127 1723 2333 1778 ἕκαστα
2368 1726 2747 1796 διειλὴφαμεν.
2782 1722 2930 1779 Εἶναι
2985 1728 3094 1798 γὰρ
3143 1727 3499 1798 ἀξιοζὴτητον
3527 1724 3707 1796 οἶμαι,

2128 1814 2286 1878 εἴτις
2330 1817 2578 1870 κάτωθεν
2624 1817 2724 1885 μὲν
2776 1820 2856 1878 είς
2907 1817 3040 1886 ὕψος
3071 1819 3242 1890 όρῴη,
3297 1819 3372 1890 μὴ
3407 1820 3624 1872 δύναιτο
3652 1819 3709 1871 δὲ

2130 1907 2228 1977 τὴν
2259 1910 2464 1979 ἀκριϐῆ
2521 1911 2869 1980 συμμετρίαν
2931 1911 2997 1963 δι’
3065 1911 3242 1980 ὅψεως
3306 1914 3708 1980 παραπέμπειν

2130 2001 2206 2070 τῷ
2231 2000 2327 2070 νῷ,
2357 2003 2661 2070 πεφυκυίας
2691 2003 2791 2073 μὲν
2819 2003 2894 2066 ὡς
2925 2004 2993 2056 τὰ
3028 2003 3198 2056 πολλά
3219 2005 3332 2064 τοῖς
3368 2003 3570 2072 μεταξὺ
3599 2003 3709 2056 τῶν

2130 2093 2386 2163 ὁρώντων
2435 2093 2531 2146 καὶ
2562 2095 2859 2164 ὁρωμένων
2894 2097 3142 2158 τοπικοῖς
3169 2095 3536 2165 διαστήμασιν
3567 2096 3713 2148 ἀπα-

2128 2186 2346 2249 τᾶσθαι,
2379 2187 2676 2257 ἐφιεμένης
2711 2187 2755 2240 δ’
2787 2187 2960 2249 ἄλλως
3005 2188 3332 2259 ὁθενδὴποτε
3377 2189 3475 2241 καὶ
3524 2191 3712 2240 ὁπωσ-

2126 2277 2334 2347 δήποτε
2365 2279 2648 2345 συλλέγειν
2693 2297 2754 2332 τε
2784 2281 2882 2349 τῆς
2915 2280 3180 2348 ἀληθείας
3218 2280 3340 2350 ἴχνη
3372 2280 3464 2332 καὶ
3494 2281 3711 2342 εἰκόνας

2128 2369 2428 2423 ὁποιασοῦν
2476 2373 2573 2424 καὶ
2607 2374 2678 2424 τὰ
2727 2373 2828 2440 τῆς
2873 2373 3132 2444 τοιαύτης
3185 2375 3458 2443 ἰατρεύειν
3491 2375 3712 2442 ἀπάτης

2127 2463 2434 2530 νοσήματα.
2478 2464 2638 2527 Ἔστι
2667 2465 2775 2533 γὰρ
2807 2463 2866 2516 τὸ
2907 2466 2971 2517 ἐκ
2999 2465 3244 2536 κορυφῆς
3273 2465 3402 2534 ἄχρι
3445 2465 3710 2533 πώγωνος

2128 2553 2298 2622 ἄκρου
2341 2555 2486 2624 φημὶ
2512 2556 2612 2624 τῆς
2654 2556 2868 2626 ὑπήνης
2902 2557 3178 2627 σπιθαμαὶ
3215 2557 3391 2626 μῆκος
3435 2557 3536 2626 μέν
3561 2555 3712 2608 ὀκτὼ

2127 2647 2223 2698 καὶ
2265 2648 2458 2713 εἴκοσι,
2503 2647 2707 2712 πλάτος
2745 2648 2802 2702 δέ
2855 2649 3386 2719 τεσσαρεσκαίδεκα,
3423 2646 3709 2701 δακτύλων

2125 2737 2172 2790 δ’
2206 2737 2234 2786 ό
2273 2739 2370 2808 μὲν
2402 2741 2616 2808 πρῶτος
2643 2740 2789 2795 ὀκτὼ
2835 2741 2931 2794 καὶ
2959 2741 3221 2811 ἡμισείας
3251 2741 3310 2794 τὸ
3345 2741 3543 2811 μῆκος,
3579 2741 3629 2792 οἱ
3664 2741 3713 2793 δ’

2127 2829 2279 2882 ἄλλοι
2340 2834 2481 2886 κατὰ
2534 2832 2596 2885 τὸ
2645 2834 2949 2900 ἀνάλογον·
2986 2834 3095 2886 τῶν
3153 2835 3200 2887 δ’
3258 2832 3553 2902 ὀφθαλμῶν
3605 2833 3710 2884 ἀνά

2126 2917 2296 2983 τριῶν
2323 2920 2610 2988 ἑκάτερος,
2644 2922 2676 2990 ἡ
2711 2920 2766 2972 δὲ
2816 2922 2901 2991 ῥὶς
2935 2921 3167 2988 ἔγγιστα
3209 2921 3378 2974 ὀκτώ.
3409 2921 3630 2973 Τούτων
3664 2921 3716 2973 δ’

2127 3009 2304 3071 οὕτως
2345 3011 2600 3079 καθάπερ
2648 3013 2931 3081 στοιχείων
2971 3012 3235 3065 δοθέντων
3270 3011 3483 3075 ἔξεστιν
3527 3011 3714 3062 ἐντεῦο
3785 3015 3792 3020 ’

2129 3103 2241 3176 θεν,
2283 3103 2471 3154 ὀπόσοι
2519 3108 2872 3174 χαριέστεροι
2926 3105 3034 3156 τῶν
3092 3104 3423 3174 ζωγράφων,
3465 3103 3556 3155 καὶ
3609 3102 3713 3172 τὴν

446 3198 914 3263 membrorutn,et
941 3204 1175 3269 partium
1203 3214 1260 3258 et
1291 3205 1453 3260 simul
1479 3211 1644 3262 totius
1672 3212 1920 3280 corporis
1947 3215 2027 3266 di-

2132 3193 2235 3244 τῶν
2268 3193 2444 3246 ἄλλων
2480 3194 2658 3263 μελῶν
2684 3195 2778 3246 καὶ
2814 3196 3000 3264 μερῶν
3039 3197 3132 3246 καὶ
3165 3195 3287 3264 ἅμα
3319 3193 3418 3262 τῆς
3449 3192 3542 3245 τοῦ
3576 3209 3716 3246 παν-

443 3287 584 3341 vinae
631 3289 784 3344 illius
838 3291 1146 3348 Salvatoris
1173 3305 1369 3349 statuae
1401 3298 1467 3350 ad
1501 3303 1830 3368 symmetriae
1864 3304 2027 3356 ratio-

443 3395 570 3434 nem
599 3380 757 3435 factae
791 3380 996 3447 formae,
1034 3397 1238 3453 quanta
1281 3388 1394 3443 fere
1434 3392 1524 3453 sit,
1553 3393 1736 3445 statim
1770 3395 2026 3464 colligere

445 3469 868 3539 longitudinem.
935 3475 1063 3528 Haec
1105 3477 1372 3548 descripsi
1421 3481 1476 3533 in
1534 3481 1786 3535 notitiam
1831 3499 2024 3539 eorum

443 3561 537 3630 qui
573 3561 712 3616 forte
737 3563 790 3616 in
834 3563 980 3618 illam
1036 3567 1298 3635 incidant,
1330 3571 1590 3639 optimam
1652 3573 1792 3630 hanc
1850 3577 2028 3634 sciens

443 3653 588 3708 viam
628 3669 749 3710 esse
786 3656 855 3710 ad
903 3672 1090 3712 rerum
1148 3661 1460 3728 scientiam,
1491 3665 1614 3718 etsi
1662 3667 1756 3735 qui
1819 3667 1872 3719 in
1942 3668 2030 3723 his

443 3748 864 3805 considerantes
893 3761 1186 3807 versentur
1214 3753 1343 3807 libri
1381 3757 1658 3825 sapientes
1693 3760 2029 3828 prospicien-

447 3841 558 3906 tize,
593 3843 842 3896 utetiam
895 3844 1178 3900 Aristoteli
1223 3846 1422 3915 placet.
1474 3848 1610 3902 llicit
1672 3851 1760 3903 ille
1807 3851 2028 3919 quidem

444 3949 666 3989 sensum
700 3952 767 3990 ex
800 3937 1094 3991 multarum
1128 3953 1311 3992 rerum
1348 3940 1541 4008 peritia
1580 3939 1741 4007 efﬁci,
1773 3945 2028 4012 peritiam

445 4035 629 4081 autem
663 4029 931 4098 principia
966 4028 1268 4098 disciplina:
1303 4031 1572 4102 cujusque
1605 4043 1660 4086 et
1701 4034 1944 4102 praebere
1973 4047 2030 4090 et

445 4119 794 4175 confirmare.
828 4121 989 4192 257
1023 4121 1160 4174 Hinc
1187 4122 1337 4176 enim
1379 4130 1436 4175 et
1465 4121 1603 4176 varii
1637 4122 1911 4179 ﬂuxerunt
1941 4141 2028 4181 sa-

445 4212 668 4281 pientia:
694 4211 899 4277 fontes,
931 4223 988 4268 et
1014 4224 1231 4268 veteres
1270 4214 1685 4283 disciplinarum
1712 4217 2030 4275 inventores

444 4303 834 4358 ett-mlestium
860 4314 916 4358 et
941 4305 1286 4359 terrestrium
1334 4323 1520 4362 rerum
1569 4309 1820 4363 notitiam
1870 4326 2032 4364 erue-

448 4405 601 4457 runt,
631 4405 690 4450 et
724 4399 1002 4449 variarum
1059 4405 1116 4452 et
1151 4397 1574 4452 multiformium
1627 4415 1812 4456 rerum
1865 4413 2030 4471 atque

444 4487 756 4541 orationum
813 4487 1099 4554 doctrinae,
1157 4491 1337 4560 quoad
1411 4493 1530 4561 ejus
1595 4491 1708 4546 fieri
1789 4502 2024 4562 poterat,

2128 3286 2220 3347 τὸς
2277 3285 2530 3354 σώματος
2578 3285 2925 3348 διαπλάσεως
2986 3286 3088 3356 τῆς
3150 3287 3305 3348 θείας
3355 3289 3572 3354 ἐκείνης
3614 3285 3710 3338 τοῦ

2129 3378 2379 3447 Σωτῆρος
2408 3379 2614 3440 εἰκόνος
2643 3379 2786 3431 κατά
2813 3380 2872 3430 τὸ
2903 3379 3006 3448 τῆς
3058 3379 3409 3450 συμμετρίας
3447 3380 3713 3446 ἀνάλογον

2128 3468 2230 3538 ὅση
2273 3471 2356 3531 τίς
2384 3471 2532 3521 ἐστιν
2562 3469 2726 3532 εὐθὺς
2775 3469 3193 3537 συλλογίζεσθαι
3232 3471 3411 3540 μῆκος
3442 3472 3537 3523 καὶ
3573 3473 3714 3525 πλά-

2129 3576 2243 3622 τος.
2311 3562 2420 3613 Καὶ
2485 3561 2656 3613 ταῦτα
2728 3561 2948 3631 διῆλθον
3017 3563 3315 3634 ἐμπειρίας
3385 3563 3549 3617 ἕνεκα
3604 3563 3716 3616 τῶν

2132 3649 2596 3719 ἐντυγχανόντων,
2643 3650 2940 3720 κράτιστον
2971 3651 3130 3715 εἰδὼς
3161 3653 3375 3719 ἐφόδιον
3407 3651 3487 3715 είς
3517 3669 3578 3720 γε
3613 3653 3715 3722 τὴν

2130 3741 2238 3793 τῶν
2277 3742 2448 3793 όντων
2500 3744 2816 3811 ἐπιστήμην
2865 3743 2959 3795 καὶ
2989 3742 3044 3796 εῐ
3077 3761 3225 3802 τινες
3253 3739 3365 3796 εἷεν
3406 3747 3591 3808 αὐτοῖς
3621 3748 3709 3797 ἐνο

2131 3834 2496 3902 θεωρούμενοι
2553 3833 2705 3902 λόγοι
2758 3835 2914 3900 σοφοὶ
2957 3833 3057 3900 τῆς
3115 3836 3396 3905 προνοίας,
3433 3837 3576 3890 καθά
3623 3841 3718 3891 καὶ

2143 3921 2506 3989 Ἀριστοτέλει
2538 3921 2706 3976 δοκεῖ.
2735 3923 2876 3989 Φησὶ
2905 3925 3012 3993 γὰρ
3042 3923 3273 3990 ἐκεῖνος,
3317 3925 3574 3992 αἴσθησιν
3613 3928 3716 3996 μὲν
3749 3999 3754 4001 _

2130 4015 2420 4083 ἐμπειρίας
2472 4009 2617 4067 εἶναι
2667 4016 2984 4084 ποιητικὴν,
3016 4015 3115 4085 τὴν
3167 4015 3215 4068 δ’
3251 4019 3554 4088 ἐμπειρίαν
3604 4019 3716 4071 τῶν

2132 4107 2266 4176 πρὸς
2299 4107 2613 4176 ἐπιστήμην
2645 4106 2828 4177 ἀρχῶν
2860 4107 3204 4179 παρεκτικὴν
3229 4110 3293 4162 ἐκ
3329 4109 3585 4180 διαδοχῆς
3617 4113 3716 4164 καὶ

2133 4200 2505 4269 συλλήπτριαν
2556 4200 2824 4267 γίνεσθαι.
2893 4199 3181 4252 Ἐντεῦθεν
3247 4202 3357 4270 γάρ
3409 4203 3568 4256 αἵτε
3618 4221 3719 4258 πο·

2129 4292 2359 4354 λυειδείς
2405 4293 2688 4363 ἐρρύησαν
2726 4293 2829 4362 τῆς
2860 4295 3054 4362 σοφίας
3084 4297 3282 4364 πηγαὶ.
3312 4295 3404 4348 καὶ
3451 4297 3500 4348 οἱ
3543 4297 3715 4352 πάλαι

2130 4386 2230 4452 τῆς
2259 4386 2574 4455 ἐπιστήμης
2601 4387 2894 4454 ἐφευρεταί
2935 4387 3042 4439 τῶν
3073 4404 3132 4440 τε
3175 4387 3436 4458 αἰθερίων
3483 4390 3578 4442 καὶ
3618 4407 3718 4442 πε-

2137 4479 2358 4546 ριγείων
2409 4477 2510 4544 τὴν
2571 4479 2774 4545 γνῶσιν
2829 4478 3128 4548 ἡρύσαντο,
3189 4481 3285 4531 καὶ
3335 4479 3436 4549 τῆς
3483 4497 3549 4546 γε
3606 4481 3718 4536 τῶν

445 4592 611 4631 ansas
684 4590 1060 4648 sumpserunt.
1121 4581 1286 4650 Esto;
1343 4598 1446 4654 ego
1507 4599 1640 4640 vero
1697 4584 1766 4638 ad
1823 4600 2024 4639 nexum

2132 4572 2393 4625 ποικίλων
2448 4574 2542 4624 καὶ
2592 4573 2956 4625 παντοδαπῶν
2995 4575 3340 4643 πραγμάτων
3389 4590 3448 4626 τε
3501 4574 3598 4627 καὶ
3630 4573 3719 4627 λόο

445 4669 613 4725 redeo
639 4671 926 4727 orationis.

518 4943 711 5002 XXIV.
746 4945 880 5001 Nam
930 4945 1024 5016 qui
1053 4946 1360 5017 patriarcha
1393 4946 1576 5002 fuerat
1597 4948 1874 5015 Callistus,
1908 4963 2033 5022 post

446 5048 601 5095 suam
634 5040 1268 5096 excommunicationem
1332 5049 1390 5095 et
1433 5040 1830 5095 clandestinam
1884 5044 2030 5098 illam

448 5131 506 5185 in
551 5128 854 5186 Galaticam
901 5129 1224 5185 Latinorum
1262 5131 1571 5186 custodiam
1631 5132 1836 5202 fugam,
1871 5133 2034 5202 paulo

449 5233 608 5296 poste
641 5225 893 5280 idoneam
941 5227 1290 5281 occasionem
1328 5234 1545 5290 nactus,
1571 5224 1708 5279 clam
1735 5225 1863 5280 inde
1909 5241 2037 5280 eva-

451 5319 524 5372 sit
547 5325 603 5372 et
634 5317 916 5372 Tenedum
950 5318 1073 5372 navi
1099 5317 1333 5383 abierat,
1366 5317 1670 5388 Palaaologo
1702 5318 1838 5386 imp.
1865 5318 2036 5388 grati-

458 5410 719 5464 ticaturus
734 5418 786 5463 et
814 5423 914 5477 pro
937 5408 1085 5462 dono
1105 5410 1254 5462 omni
1271 5409 1505 5480 vigentis
1527 5412 1578 5462 in
1608 5411 1792 5463 animo
1819 5411 2037 5466 habitus

453 5504 706 5573 praebens
737 5503 990 5558 ardorem
1052 5511 1107 5556 et
1149 5518 1207 5557 re
1261 5504 1374 5573 ipsa
1425 5519 1584 5558 suum
1640 5504 1858 5559 fervens
1909 5519 2039 5571 erga

458 5597 612 5652 illum
666 5595 964 5650 ostendens
1003 5596 1362 5663 studium;et
1419 5611 1705 5660 enarrans,
1758 5596 2038 5664 quomodo

461 5689 655 5743 liceret
689 5687 797 5742 frui
843 5688 1209 5758 patriarchica
1256 5697 1521 5758 potestate
1551 5695 1608 5741 et
1642 5686 1807 5740 simul
1843 5685 2044 5740 Canta-

466 5779 664 5833 cuzeni
711 5780 994 5849 regnantis
1043 5780 1427 5834 benevolentia
1477 5788 1529 5832 et
1585 5777 1970 5838 beneficentia,
1997 5778 2042 5829 si

472 5869 637 5922 vellet
662 5870 985 5940 participem
1031 5870 1209 5926 facere
1245 5885 1302 5926 sc
1344 5867 1776 5924 renuntiationis
1810 5866 1876 5921 de
1909 5864 2043 5920 Mat-

2128 4680 2240 4730 γων
2288 4662 2668 4724 διδασκαλίας,
2693 4663 2818 4714 ὅσον
2856 4664 3105 4730 ἐφικτὸν,
3147 4663 3245 4726 τάς
3276 4666 3534 4733 ἀφορμὰς
3567 4665 3719 4718 ἀνει-

2129 4755 2393 4826 λήφεσαν.
2429 4751 2572 4809 Εἶεν.
2622 4754 2762 4822 Ἐγὼ
2799 4753 2844 4807 δ’
2882 4756 2962 4818 είς
2981 4755 3073 4808 τὸν
3104 4755 3297 4826 εἱρμὸν
3328 4757 3588 4826 ἐπάνειμι
3620 4757 3717 4810 τοῦ

2130 4849 2315 4916 λόγου.

2205 4945 2332 4998 KA'.
2374 4945 2432 4999 Ὀ
2456 4946 2566 5014 γάρ
2613 4961 2695 4996 τοι
2722 4945 3169 5014 πατριαρχεύσας
3226 4946 3524 5007 Κάλλιστος
3580 4945 3721 5011 μετὰ

2133 5032 2232 5102 τὴν
2260 5032 2426 5085 αὑτοῦ
2482 5031 2808 5100 καθαίρεσιν
2839 5033 2936 5085 καὶ
2981 5034 3074 5085 τὸν
3103 5035 3185 5094 εἰς
3219 5033 3279 5084 τό
3312 5032 3721 5100 Γαλατώνυμον

2136 5123 2201 5196 [ι.
2236 5125 2338 5178 129
2369 5123 2442 5196 r.]
2476 5126 2737 5194 φρούριον
2771 5125 2876 5177 τῶν
2903 5125 3152 5178 Λατίνων
3181 5125 3442 5195 λαθραῖον
3473 5125 3721 5194 δρασμὸν

2137 5219 2366 5284 ἐκεῖνον,
2405 5216 2601 5286 καιροῦ
2635 5217 2775 5285 μετά
2815 5219 3008 5285 χρόνον
3039 5219 3162 5269 τινά
3194 5215 3377 5286 τυχὼν
3410 5217 3586 5284 λάθρα
3617 5217 3721 5270 κά-

2138 5312 2320 5363 κεῖθεν
2348 5310 2497 5382 ἐξῄει
2527 5314 2622 5365 καὶ
2654 5312 2710 5373 ἐς
2736 5310 2964 5363 Τένεδον
2990 5311 3454 5373 κατεπεπλεύκει,
3490 5311 3728 5365 Παλαιο-

2137 5403 2283 5471 λόγῳ
2339 5403 2416 5472 τῷ
2461 5402 2674 5472 βασιλεί
2707 5400 3067 5470 χαριζόμενός
3098 5418 3156 5452 τε
3221 5402 3313 5452 καὶ
3368 5401 3491 5452 ἀντί
3544 5401 3724 5470 δώρου

2141 5495 2344 5557 παντὸς
2378 5497 2436 5547 τὸ
2461 5495 2557 5564 τῆς
2613 5496 2672 5546 ἐν
2724 5494 2926 5562 καρδίᾳ
2977 5491 3434 5560 θαλαμευομένης
3483 5493 3728 5562 σχέσεως

2142 5583 2386 5652 κομίζων
2427 5583 2713 5652 διάπυρον,
2745 5583 2835 5634 τὸν
2891 5581 3032 5649 ὑπὲρ
3063 5580 3232 5633 αὑτοῦ
3274 5580 3522 5650 δηλονότι
3563 5581 3726 5648 ζῆλον

2145 5677 2327 5745 ἔργοις
2349 5675 2553 5737 αὐτοῖς,
2579 5676 2671 5728 καὶ
2697 5672 3078 5744 ἀφηγούμενος
3109 5674 3255 5734 ὅπως
3281 5672 3400 5738 ἐξὸν
3432 5672 3728 5726 ἀπολαύειν

2144 5771 2244 5838 τῆς
2276 5771 2685 5839 πατριαρχικῆς
2716 5768 2966 5833 ἐξουσίας
3021 5769 3116 5820 καὶ
3144 5766 3260 5834 ἅμα
3292 5769 3389 5835 τῆς
3413 5767 3728 5836 Καντακου-

2150 5860 2314 5932 ζυγοῦ
2366 5859 2743 5930 βασιλεύοντος
2774 5859 3058 5928 εὐμενείας
3089 5860 3180 5911 καὶ
3219 5860 3558 5928 εὐεργέτιδος
3591 5860 3731 5925 γνὼ-
