4034 6468
230 341 340 407 225
1261 342 1705 403 BYZANTINE
1740 342 2131 402 HISTORIA?
2164 344 2309 408 LIB.
2342 344 2561 409 XXIX.
3415 347 3522 415 $26

236 478 367 533 μης,
419 461 467 514 εί
523 457 776 513 ἐϐούλετο
828 460 1110 512 κοινωνεῖν
1146 456 1296 530 αὐτῷ
1342 460 1444 527 τῆς
1483 459 1627 529 ὑπὲρ
1658 461 1810 514 Mar.

1924 459 2069 514 thaeo
2095 460 2249 528 regio
2288 461 2402 515 [ilio
2434 462 2596 517 facta:
2622 478 2636 527 ;
2666 459 2756 515 hic
2781 476 2913 516 vero
2942 472 3183 520 extrema
3208 465 3317 536 pati
3350 468 3536 525 male?

234 551 392 605 θαίου
421 549 517 605 τοῦ
542 550 660 605 υίοῦ
682 550 972 621 βασιλικῆς
1003 552 1391 622 ἀναρρήσεως,
1416 554 1444 606 ὀ
1472 553 1529 607 δὲ
1554 553 1621 607 τὰ
1650 553 1810 626 ἔσχα-

1927 549 2021 605 bat
2063 551 2235 619 patria
2269 550 2378 606 sibi
2440 552 2564 622 jura
2603 550 3015 618 vindicans;et
3065 554 3175 609 nisi
3230 555 3530 614 clandesti-

232 663 304 698 τα
335 645 568 715 πάσχειν
618 643 827 709 εἵλετο,
877 645 987 699 τῶν
1040 645 1315 716 πατρῴων
1367 647 1810 717 ἀντιποιούμενος

1925 656 1998 696 na
2061 641 2188 712 fuga
2242 642 2475 696 salutem
2540 642 2868 712 praebuisset
2920 643 3047 707 sibi,
3083 645 3373 701 celerrime
3435 647 3539 703 ille:

233 736 401 790 αὐτοῦ
433 737 677 791 δικαίων.
729 737 840 790 Καὶ
866 739 917 790 εί
944 737 1021 808 μὴ
1054 734 1291 810 λαθραίᾲ
1322 742 1468 810 φυγῇ
1503 740 1603 811 τὴν
1638 757 1810 812 σωτη-

1927 734 2177 789 inclusus
2217 744 2365 790 esset
2418 736 2471 789 iu
2503 736 2781 801 tenebras,
2812 745 2866 789 et
2896 738 3092 792 mortis
3117 739 3369 793 violenta:
3393 755 3524 809 pro.

237 829 362 899 ρίαν
391 829 649 900 ἐπόριζεν
702 830 904 899 ἐαυτῷ,
941 831 1178 900 τάχιστα
1212 831 1279 884 ἂν
1337 832 1533 903 εἱρκτὴ
1567 834 1810 904 ζοφώδης

1930 827 2176 896 pinquus
2198 827 2355 882 locus
2380 828 2559 897 ipsum
2595 830 2777 883 statim
2810 830 3338 900 excepisset.Atque
3362 842 3423 885 ut
3448 833 3521 887 ab

237 919 336 972 καὶ
364 917 596 971 θανάτου
649 918 829 987 βιαίου
880 920 1080 986 γείτων
1136 922 1352 993 ἐδέχετο
1403 923 1597 977 τοῦτον
1627 926 1811 989 εὐθύς.

239 1014 350 1066 Καὶ
379 1013 465 1066 ἵνα
497 1016 597 1067 τάν
641 1016 793 1085 μέσῳ
829 1016 1102 1083 συντ-ἐμω,
1139 1015 1260 1068 ὅλον
1289 1016 1539 1070 ἐνιαυτὸν
1568 1019 1684 1071 ἐκεῖ
1702 1019 1818 1091 διη-

237 1104 422 1158 νυκότι
467 1105 535 1158 τά
570 1105 619 1157 τ’
663 1106 799 1159 ἄλλα
839 1104 945 1179 [τεΙ
981 1107 1132 1176 αὐτῷ
1171 1107 1332 1162 πάντ’
1363 1108 1561 1179 ἐδρᾶτο
1609 1112 1676 1163 τὰ
1706 1129 1816 1164 πα-

234 1196 523 1267 τριάρχαις
572 1195 765 1266 ἐθιμα,
796 1198 891 1251 καὶ
922 1196 1040 1266 ἅμα
1064 1200 1284 1267 γραφὰς
1311 1200 1413 1253 οὐκ
1446 1199 1643 1270 ἡμέλει
1672 1203 1817 1271 πέμ-

237 1305 355 1340 πων
388 1288 723 1353 Βυζαντίοις,
759 1290 883 1343 ὅσαι
929 1290 1029 1360 τὴν
1062 1292 1142 1352 είς
1190 1290 1359 1344 αὑτὸν
1406 1291 1814 1363 ἐξετραγῴδουν

239 1380 477 1443 ἀδικίαν.
526 1384 618 1435 καὶ
669 1383 858 1453 μοιχὸν
896 1383 1009 1453 μὲν
1041 1384 1297 1455 προφανῆ
1336 1383 1523 1437 καλῶν
1559 1386 1814 1441 ΦιλόθεΟν

237 1475 325 1527 τὸν
356 1476 644 1541 Κόκκινον,
677 1478 944 1547 προδότας
973 1477 1030 1531 δὲ
1054 1479 1154 1546 τῆς
1180 1478 1289 1530 τῶν
1311 1479 1561 1533 κανόνων
1595 1482 1691 1533 καὶ
1726 1481 1813 1534 νό-

241 1584 356 1634 μων
393 1568 645 1632 ἐξουσίας
682 1571 809 1632 τοὺς
842 1571 1182 1634 ἐπισκόπους
1212 1572 1309 1625 καὶ
1343 1571 1479 1626 Θεοῦ
1533 1589 1815 1645 καταφρο-

237 1662 420 1726 νητάς,
464 1662 544 1714 ὅτι
574 1664 695 1723 ταῖς
728 1661 1036 1730 βασιλικαῖς
1076 1663 1397 1728 ὑπείξαντες
1431 1666 1526 1718 καὶ
1552 1667 1815 1737 ἡττηθέν-

238 1768 325 1814 τες
355 1753 561 1815 ἀδίκοις
586 1755 819 1823 δωρεαῖς
868 1757 1131 1825 συνέχεαν
1161 1757 1231 1810 τά
1261 1774 1319 1810 τε
1346 1759 1447 1829 τῆς
1481 1758 1814 1829 Ἑκκλησίας

238 1844 533 1913 πράγματα
562 1846 655 1898 καὶ
679 1846 815 1915 πρός
837 1862 900 1913 γε
926 1847 990 1915 δὴ
1017 1848 1084 1901 τά
1123 1850 1221 1918 τῆς
1251 1849 1479 1919 ἐννόμου
1505 1849 1811 1920 βασιλείας.

237 1936 346 1991 Καὶ
382 1938 476 1992 ἐπὶ
506 1938 718 2002 τούτοις
754 1939 1058 2008 άναθέματί
1107 1957 1167 1993 τε
1215 1941 1415 2005 αὐτοὺς
1463 1942 1815 1996 καθυπέϐαλε

234 2030 330 2082 καὶ
357 2030 624 2101 χωρισμῷ
643 2030 803 2083 Θεοῦ.
837 2031 908 2084 Ἀ
939 2032 1004 2101 δὴ
1046 2031 1216 2102 συχνὰ
1248 2034 1341 2086 καὶ
1371 2028 1530 2104 δίκην
1554 2034 1726 2104 βελῶν
1751 2024 1816 2088 ἐκ

238 2118 471 2172 Τενέδου
515 2120 847 2187 πεμπόμενα
909 2118 1124 2188 βλέπων
1178 2121 1208 2173 ό
1243 2120 1346 2190 τῆς
1399 2122 1815 2193 πατριαρχικῆς

237 2212 489 2277 ἐξουσίας
526 2211 1070 2282 άρτιέπειλημμένος
1097 2212 1370 2277 Κόκκινος
1398 2215 1703 2283 ἠγανάκτει
1754 2232 1816 2269 τε

237 2302 333 2355 καὶ
359 2292 877 2373 ἀντιμηχανώμενος
927 2305 1028 2358 οὐκ
1059 2305 1259 2375 ἠμέλει
1299 2306 1368 2360 τά
1400 2308 1516 2362 ῐσα.
1552 2309 1816 2375 Συνάγων

236 2396 342 2467 γὰρ
379 2396 504 2459 τοὺς
544 2396 960 2467 πλησιοχώρους
1016 2399 1376 2464 ἐπισκόπους,
1410 2400 1509 2455 καὶ
1553 2401 1668 2455 ὅσοι
1713 2402 1818 2454 Βυ-

237 2488 435 2559 ζαντίῳ
481 2490 906 2560 ἐνδιατρίϐοντες
974 2491 1165 2560 ἔτυχον
1196 2491 1649 2561 ὀπωσδηποτοῦν,
1676 2474 1815 2563 ’ψηο

242 2582 486 2653 φίσματα
517 2582 745 2647 ἐξετίθει
784 2600 844 2636 τε
901 2584 995 2636 καὶ
1027 2583 1300 2653 διέπεμπε
1332 2585 1588 2657 πανταχῆ
1621 2586 1818 2638 ἀναθέ-

244 2674 374 2741 ματί
401 2689 461 2725 τε
514 2673 609 2725 καὶ
651 2672 948 2744 ἀφορισμῷ
980 2674 1433 2742 παραπέμποντα
1485 2675 1813 2731 Κάλλιστον.

242 2765 497 2834 Ἐπεμπε
528 2765 584 2818 δὲ
617 2765 851 2834 μάλιστα
904 2766 1016 2828 τοῖς
1068 2767 1127 2820 ἐν
1163 2765 1316 2833 Ἀθῳ
1362 2765 1439 2835 τῷ
1490 2764 1606 2837 ὄρει
1648 2767 1815 2836 μονά-

236 2854 389 2919 ζουσι
413 2857 483 2910 τά
508 2856 730 2911 τοιαῦτα
752 2859 1102 2928 ψηφίσματα,
1132 2858 1535 2928 παραγγέλλων
1565 2859 1659 2911 ἐπὶ
1688 2860 1816 2912 τού-

235 2965 349 3011 τοις
381 2948 505 3018 μηδ⁹
534 2952 584 3003 εί
622 2949 914 3021 βουληθείη
968 2951 1099 3020 παρ’
1137 2953 1379 3017 ἐκείνους
1426 2955 1619 3022 φοιτᾷν
1668 2953 1817 3021 δέχε-

239 3040 366 3096 σθαι
395 3042 605 3109 τοῦτον,
636 3042 721 3097 ἆτ’
745 3044 834 3097 ἐπ’
860 3045 1173 3115 ἐγκλήμασι
1200 3046 1634 3111 Μασαλιανικοῖς
1663 3047 1812 3099 ἐννό-

1929 918 2051 988 ipso
2083 921 2177 990 qui
2235 921 2291 973 in
2346 921 2660 975 meditullio
2711 922 2936 976 conciso
2987 921 3262 992 integrum
3308 939 3516 978 annum

1923 1011 2000 1065 ibi
2058 1023 2417 1083 transegerat,
2450 1029 2574 1068 cum
2641 1015 2851 1085 reliqua
2895 1018 3079 1071 omnia
3125 1000 3521 1084 perﬁcerentur

1922 1104 2252 1173 patriarchis
2280 1105 2502 1170 usitata,
2523 1114 2577 1160 et
2607 1107 2769 1160 simul
2794 1108 3085 1162 accusandi
3111 1107 3379 1164 formulas
3406 1125 3518 1165 non

1923 1196 2226 1266 negligeret
2243 1198 2460 1252 mittere
2500 1197 2666 1268 258
2683 1198 2996 1269 Byzantinis
3010 1209 3288 1270 quotquot
3309 1201 3518 1257 illatam

1921 1284 2028 1340 sibi
2078 1297 2473 1356 exaggerarent
2531 1289 2816 1355 iujuriam,
2846 1300 2902 1346 et
2935 1293 3212 1346 mmehum
3266 1303 3518 1363 apertum

1920 1377 2113 1431 dicens
2151 1378 2501 1433 Pbilotheum
2534 1380 2835 1435 Coccinum
2867 1392 2925 1438 et
2987 1382 3307 1453 proditores
3363 1394 3521 1454 pote-

1926 1471 2086 1523 statis
2113 1471 2426 1540 regularum
2460 1484 2515 1527 et
2546 1473 2729 1542 legum
2760 1474 3051 1545 episcopos
3068 1488 3119 1530 et
3149 1475 3243 1531 Dei
3271 1488 3521 1531 contem—

1921 1571 2132 1630 ptores,
2153 1563 2298 1631 quod
2327 1563 2683 1633 irruperaloris
2703 1566 2847 1636 capti
2871 1577 2927 1622 et
2954 1568 3085 1627 victi
3110 1568 3327 1640 iojustis
3357 1569 3517 1624 donis

1919 1653 2217 1708 miscerent
2240 1664 2295 1709 et
2320 1656 2580 1711 Ecclesia:
2605 1673 2690 1712 res
2716 1666 2771 1713 et
2793 1659 3020 1729 legitimi
3048 1668 3310 1730 praeterea
3337 1662 3514 1733 regni.

1918 1744 1987 1798 Et
2017 1745 2247 1814 insuper
2301 1750 2680 1804 exsecratione
2728 1751 2998 1805 subvertit
3048 1767 3145 1806 eos
3198 1762 3260 1807 et
3293 1768 3517 1809 excom-

1920 1838 2303 1894 municatioue
2331 1840 2547 1909 divina;
2576 1857 2698 1911 qua’
2727 1842 2950 1911 quidem
2996 1845 3257 1899 continua
3302 1855 3358 1900 et
3378 1846 3518 1902 telo-

1918 1948 2040 1987 rum
2083 1933 2327 1988 adinstar
2356 1950 2423 1988 ex
2446 1934 2675 1989 Tenedo
2708 1935 2873 1990 missa
2904 1937 3099 1991 videns
3130 1938 3513 2007 patriarehica:

1917 2031 2209 2099 potestatis
2257 2047 2437 2101 nuper
2486 2031 2766 2101 particeps
2822 2032 3003 2088 factus
3057 2032 3328 2089 Coceiuus
3368 2050 3514 2104 aegre

1918 2120 2131 2176 ferebat
2155 2136 2210 2176 et
2241 2136 2430 2178 contra
2475 2124 2811 2179 moliebatur
2839 2140 3017 2195 neque
3048 2126 3245 2181 eadetn
3277 2126 3512 2198 rejieere

1917 2213 2253 2283 negligebat.
2288 2215 2624 2270 Convocatis
2658 2217 2809 2271 enim
2833 2217 3107 2286 proximis
3136 2218 3434 2289 episcopis,
3453 2227 3514 2276 et

1920 2304 1988 2358 iis
2015 2305 2108 2372 qui
2144 2313 2258 2358 tttm
2293 2305 2431 2361 forte
2462 2306 2968 2377 quomodocunque
2996 2309 3265 2381 'Byzantii
3317 2325 3511 2367 versa-

1918 2387 2143 2459 bantur,
2175 2397 2393 2451 decreta
2418 2399 2706 2467 proposuit
2741 2408 2797 2452 et
2824 2399 2972 2453 misit
3006 2402 3060 2455 in
3089 2415 3284 2455 omnes
3326 2410 3516 2471 partes

1918 2488 2300 2544 exsecratione
2364 2498 2421 2543 et
2478 2491 2836 2545 damnatione
2884 2492 3159 2545 munitum
3201 2492 3511 2549 Callistum.

1916 2584 2064 2639 Misit
2107 2595 2292 2639 autem
2337 2584 2577 2639 maxime
2636 2588 2687 2639 in
2730 2586 2875 2639 Atho
2927 2596 3113 2639 monte
3159 2586 3515 2643 versantibus

1917 2676 2206 2731 monachis
2236 2676 2362 2731 talia
2402 2676 2647 2741 decreta,
2677 2675 2960 2746 imperans
3004 2684 3291 2745 pra-terea,
3344 2693 3437 2746 ne,
3466 2677 3513 2736 ﬂ

1915 2770 2083 2824 vellet
2115 2768 2185 2822 ad
2243 2769 2368 2823 illos
2427 2768 2644 2834 venire,
2672 2768 3161 2838 eum'reciperent
3188 2770 3262 2824 ob
3290 2769 3512 2826 decreta

1918 2862 2309 2916 massaliauica'
2349 2862 2644 2930 expulsum
2714 2860 2981 2930 legitime,
3038 2876 3143 2915 nec
3173 2877 3232 2917 se
3287 2862 3514 2933 judieiis

1916 2956 2203 3010 sistentem
2228 2969 2408 3024 neque
2462 2963 2745 3009 verentem
2807 2938 3101 3023 imperiose
3143 2954 3406 3010 mandare
3456 2967 3513 3011 et

1914 3062 2208 3102 exsecrere
2238 3057 2297 3101 et
2331 3048 2855 3104 excommunicare:
2888 3062 3116 3103 necesse
3166 3048 3335 3119 igitur
3381 3064 3515 3119 pro-

236 3150 353 3203 μως
398 3134 794 3205 καθαιρεθέντα
838 3139 933 3191 καὶ
984 3140 1085 3192 οὐκ
1116 3139 1431 3208 ἐμμένοντα
1457 3142 1579 3202 ταῖς
1606 3139 1808 3206 δίκαις,

1915 3147 2101 3208 pterea
2141 3145 2198 3192 et
2237 3137 2386 3207 quod
2413 3138 2524 3208 jam
2556 3139 2836 3209 synodicis
2857 3141 3335 3196 exsecrationibus
3359 3151 3511 3197 esset

234 3226 351 3280 ἀλλ’
376 3228 778 3299 ἀρχιερατικῶς
801 3230 1113 3284 ἐπιτάττειν
1138 3232 1234 3285 καὶ
1258 3230 1686 3301 ἀναθεματίζειν
1711 3231 1809 3285 καὶ

230 3320 511 3389 ἀφορίζειν
536 3320 1018 3391 ἀναισχυντοῦντα.
1051 3320 1248 3392 Χρεὼν
1275 3319 1371 3377 οὖν
1400 3323 1486 3377 διὰ
1518 3323 1697 3377 ταῦτά
1721 3339 1804 3388 τε,

1915 3229 2128 3300 eiectus
2176 3238 2232 3284 et
2290 3229 2480 3284 divina
2535 3230 2918 3295 damnatione,
2965 3238 3227 3302 tanquam
3296 3241 3511 3303 pestem

1914 3336 1948 3376 8
1977 3335 2137 3377 sacro
2159 3329 2350 3377 monte
2378 3336 2506 3376 eum
2544 3336 2759 3378 arcere.

232 3415 327 3468 καὶ
355 3413 432 3477 ὡς
461 3415 562 3485 ἠδη
611 3418 705 3468 καὶ
739 3416 1040 3479 συνοδικοῖς
1084 3416 1558 3489 άναθεματισμοῐς
1585 3414 2032 3472 ὑποπεπτωκότα
2061 3415 2159 3468 καὶ
2212 3413 2295 3485 τῷ
2355 3415 2422 3469 ἐκ
2486 3412 2625 3469 Θεοῦ
2691 3414 3003 3507 χωρισμῷ,
3039 3410 3131 3472 οἷα
3188 3418 3374 3491 λύμην
3410 3418 3510 3474 τοῦ

230 3506 389 3577 ὅρους
421 3508 729 3561 ἀποσοϐεῖν.

299 3599 429 3656 κε’.
500 3603 649 3657 Ἐπεὶ
681 3602 737 3655 δὲ
764 3603 834 3656 τὰ
882 3605 1186 3675 πράγματα
1231 3607 1491 3678 καθάπερ
1528 3607 1804 3677 ὀστράκου

231 3696 630 3766 μεταπεσόντος
660 3696 787 3750 νέαν
836 3695 963 3767 ἔσχε
995 3699 1300 3772 μεταϐολὴν
1323 3741 1336 3764 ,
1372 3699 1436 3772 μ’.
1470 3700 1571 3755 129
1603 3698 1683 3772 υ.]
1714 3702 1808 3753 καὶ

228 3791 307 3862 τῷ
342 3791 443 3860 μὲν
473 3790 759 3860 Καλλίστῳ
816 3790 926 3844 τῶν
962 3786 1387 3865 πατριάρχικῶν
1412 3792 1566 3856 αὖθις
1598 3795 1808 3863 κρατῆ-

231 3897 323 3933 σαι
369 3880 684 3949 συμϐέϐηκε
723 3879 965 3948 θρόνων,
1026 3881 1106 3951 τῷ
1145 3882 1202 3935 δὲ
1238 3884 1492 3953 Κοκκίνῳ
1542 3884 1805 3953 Φιλοθέῳ,

235 3972 366 4041 πρὶν
390 3971 697 4034 αἰσθέσθαι,
723 3971 993 4041 λαμπρῶς
1025 3974 1237 4028 ἐκεῖθεν
1259 3974 1598 4047 άπερῥίφθαι
1626 3975 1808 4045 πάσης

235 4062 533 4134 ἱερωσύνης
561 4064 786 4133 γυμνὸν,
813 4065 888 4129 ὡς
910 4066 1258 4136 εἰρήκειμεν,
1283 4067 1591 4137 γράμματα
1612 4064 1805 4136 ἐφοίτα

234 4156 379 4225 αὐτῷ
410 4157 547 4225 πρὸς
579 4156 687 4211 τῶν
718 4156 798 4227 τῷ
841 4157 960 4228 ὄρει
988 4157 1065 4230 τῷ
1104 4159 1311 4214 ΙἈθωνι
1366 4159 1806 4229 ἐνδιαιτωμένων

241 4247 546 4319 μοναδικῶν
603 4249 831 4318 ἀνδρῶν,
881 4250 1133 4320 Νίφωνος
1190 4238 1609 4322 κατηγοροῦντα
1660 4268 1807 4315 τινος

235 4341 344 4393 τῶν
401 4341 518 4394 ἐκεῖ
548 4341 802 4411 μοναχῶν
837 4342 1032 4413 ἱερέως
1082 4342 1386 4414 τούπίκλην
1414 4344 1712 4415 Σκορπίου,
1747 4343 1807 4406 ὃς

234 4435 687 4504 προκατηγόρητο
712 4435 819 4504 πρὸ
848 4435 1083 4505 βραχέος
1115 4437 1209 4488 ἐπὶ
1262 4437 1329 4506 τῇ
1376 4436 1487 4489 τῶν
1519 4435 1809 4489 Μασαλια-

1982 3601 2151 3659 XXV.
2177 3586 2478 3673 Postquam
2524 3609 2708 3656 autem
2735 3617 2844 3668 res,
2874 3603 3033 3673 quasi
3060 3604 3261 3659 testula
3290 3604 3510 3663 inversa

1910 3711 2111 3751 novam
2132 3703 2360 3766 eniperta
2382 3702 2467 3749 est
2501 3693 2969 3762 immutationem,
2993 3705 3051 3751 et
3063 3695 3292 3752 Callisto
3315 3714 3512 3756 rursus

1907 3788 2281 3860 patriarchica
2333 3788 2465 3842 sede
2510 3787 2677 3856 potiri
2735 3788 2989 3864 contigit,
3021 3787 3321 3845 Coccioum
3346 3791 3514 3863 259

1909 3889 2094 3935 autem
2130 3879 2485 3935 Philotheum
2519 3878 2844 3948 priusquam
2870 3881 3105 3936 sentiret
3126 3882 3419 3951 splendide
3442 3899 3512 3939 ac

1909 3987 2036 4027 eum
2070 3971 2245 4043 gloria
2286 3970 2416 4025 inde
2471 3971 2701 4040 ejicere,
2732 3972 2882 4025 omni
2949 3971 3265 4028 sacerdotio
3303 3975 3511 4044 spolia-

1912 4067 2144 4132 tum,:ut
2167 4063 2429 4129 diximus,
2446 4061 2664 4117 litteras
2683 4062 2733 4117 ei
2756 4061 2943 4116 attulit
2967 4063 3037 4118 ab
3066 4063 3510 4121 inhabitantibus

1911 4156 2098 4211 Athon
2125 4161 2369 4210 montem
2418 4169 2642 4209 sacrum
2673 4153 2808 4209 viris
2859 4155 3149 4221 solitariis,
3181 4166 3510 4215 accusantes

1906 4249 2221 4319 Niphonem
2253 4249 2548 4318 quemdam
2588 4262 2656 4302 ex
2690 4247 2800 4303 illis
2830 4248 3122 4305 monachis
3155 4251 3508 4317 sacerdotem

1908 4343 2238 4412 cognomine
2275 4340 2609 4410 Scorpium:
2654 4342 2748 4410 qui
2790 4350 2952 4396 antea
2987 4328 3282 4397 accusatus
3326 4342 3509 4401 fuerat

1910 4436 2075 4505 paulo
2139 4420 2563 4503 prius-propter
2593 4433 3052 4487 Massalianorum
3083 4442 3140 4485 ot
3195 4433 3509 4504 Bogomilo-

234 4526 340 4578 νῶν
372 4531 465 4577 καὶ
494 4526 805 4594 Βογομίλων
825 4528 1057 4597 αἱρέσει,
1086 4526 1332 4590 σκιωδῶς
1365 4543 1481 4589 πως
1510 4527 1604 4580 καὶ
1622 4527 1804 4597 ἀμαρ-

1915 4543 2029 4582 rum
2079 4527 2313 4582 baaresiu
2371 4527 2512 4581 clam
2576 4525 2709 4581 abiit
2761 4535 2818 4580 et
2863 4526 2984 4581 sine
3041 4526 3301 4584 testibus.
3362 4529 3509 4585 Huic

232 4617 407 4689 τύρως
447 4616 548 4671 ἔτι.
583 4618 769 4689 Τούτῳ
803 4620 984 4689 μέντοι
1019 4619 1175 4688 φίλος
1207 4617 1284 4671 ὢν
1312 4619 1377 4672 ἐκ
1408 4617 1608 4671 πολλοῦ
1652 4616 1810 4671 Κάλ-

231 4705 412 4770 λιστος
462 4706 582 4759 οὐδέ
612 4705 709 4760 νῦν
770 4707 1118 4778 πατριάρχης
1152 4706 1450 4777 γενόμενος
1505 4707 1606 4777 τῆς
1636 4705 1805 4759 αὐτοῦ

232 4798 414 4866 φιλίας
434 4800 726 4869 ἀπέσχετο,
764 4800 902 4854 ἀλλὰ
954 4801 1053 4870 μία
1082 4817 1170 4862 τις
1202 4795 1272 4871 ἦν
1305 4802 1364 4853 ἐν
1388 4802 1597 4870 ἀμφοῖν
1628 4799 1802 4869 ψυχή.

231 4894 321 4944 Διὸ
355 4893 449 4945 καὶ
484 4891 746 4963 ὠργίζετο
775 4895 888 4957 τοῖς
916 4895 1266 4963 κατηγόροις,
1296 4896 1393 4949 καὶ
1415 4894 1578 4963 ἀραῖς
1597 4893 1806 4963 ἐγγρά-

232 4999 353 5050 φοις
385 4982 483 5035 καὶ
527 4983 854 5053 άφορισμοῖς
879 4982 1236 5038 καθυπέϐαλε
1266 4983 1361 5036 καὶ
1392 4983 1447 5035 εί
1471 5000 1557 5046 τις
1596 4983 1682 5053 εῐη
1710 5002 1805 5038 πι-

232 5073 461 5126 στεύων.
500 5073 617 5141 Ἐφ’
649 5070 726 5137 οἷς
754 5074 1192 5142 παροξυνθέντες
1222 5077 1446 5139 ἐκείνοι,
1478 5076 1574 5128 καὶ
1597 5075 1715 5146 ἅμα
1744 5078 1805 5130 τὸ

231 5164 434 5236 θάρρος
461 5152 675 5232 ἔχοντες
701 5165 765 5217 ἐκ
794 5165 894 5233 τῆς
940 5164 1224 5235 ἀληθείας,
1268 5164 1705 5237 συνεληλύθεσαν
1738 5168 1804 5219 ἐκ

228 5256 598 5326 συνθήματος,
626 5257 711 5324 ἐφ’
740 5247 910 5326 οὗπερ
938 5255 1058 5318 ἔθος
1075 5252 1145 5328 ἦν
1176 5256 1454 5320 κάκείνοις
1480 5257 1570 5310 ἀεὶ
1595 5260 1805 5311 συνιόν-

227 5365 326 5412 τας
356 5348 628 5401 ποιεῖσθαι
663 5349 732 5401 τὰ
761 5348 932 5401 τοιαδὶ
969 5349 1079 5401 τῶν
1114 5351 1474 5422 σκεμμάτων.
1508 5352 1618 5404 Καὶ
1636 5340 1813 5421 τόμος.

226 5441 502 5495 ἐκτίθεται
554 5444 675 5504 ταῖς
706 5443 964 5496 ἁπάντων
994 5442 1219 5497 ἐκείνων
1260 5445 1590 5515 μαρτυρίαις
1622 5463 1802 5500 συνει-

223 5533 524 5603 λημμένος,
549 5533 620 5586 τά
651 5550 711 5586 τε
744 5533 877 5587 ἄλλα
909 5535 1086 5602 δηλῶν
1116 5540 1211 5592 καὶ
1240 5538 1321 5590 ὅτι
1346 5538 1407 5591 οὐ
1449 5538 1557 5591 τῶν
1582 5540 1689 5592 ἀπὸ
1713 5539 1804 5591 τύ-

225 5638 324 5691 χης
363 5619 455 5674 καὶ
483 5621 592 5674 τῶν
619 5620 680 5685 ἐξ
709 5622 1022 5690 αὐτομάτου
1052 5625 1394 5693 συμπίπτειν
1417 5626 1723 5681 δοκούντων
1742 5616 1819 5681 ἓν

226 5728 275 5763 τι
329 5712 426 5765 καὶ
454 5713 515 5767 τὸ
544 5711 640 5767 νῦν
674 5717 1067 5783 πεπραγμένον
1099 5705 1369 5788 σπῆρχεν,
1404 5719 1492 5772 ἴνα
1543 5722 1636 5772 καὶ
1669 5722 1798 5790 σιγῇ

200 5802 473 5869 ’δεδωκὼς
498 5822 587 5869 τις
616 5804 887 5875 ἀθόρυϐον
922 5811 1024 5879 σχῇ
1051 5812 1291 5873 συνειδξς
1323 5815 1413 5865 καὶ
1449 5814 1675 5884 μηδαμῆ
1702 5817 1801 5884 τὴν

1908 4618 2129 4686 quidem
2159 4618 2375 4672 amicus
2409 4632 2581 4672 verus
2611 4626 2730 4672 erat
2757 4617 2933 4671 multo
2958 4633 3025 4671 ex
3060 4626 3307 4688 tempore
3326 4620 3501 4675 Calli-

1908 4719 2046 4773 stus,
2086 4724 2267 4777 neque
2299 4724 2450 4781 nunc
2509 4709 2828 4782 patriarcha
2882 4708 3059 4764 factus
3102 4714 3223 4782 ejus
3256 4712 3501 4768 amicitia

1908 4799 2210 4864 abstinuit;
2244 4798 2338 4854 sed
2401 4784 2509 4853 una
2574 4800 2690 4853 fere
2722 4807 2845 4853 erat
2899 4801 2952 4853 in
2996 4809 3233 4870 utroque
3290 4804 3496 4860 anima.

1907 4891 2281 4957 Quamobrem
2334 4892 2503 4945 etiam
2575 4891 2919 4946 irascebatur
2970 4893 3392 4950 accusatoribus
3443 4904 3502 4952 et

1907 4984 2044 5039 diris
2062 4985 2437 5054 improcandis
2454 4996 2623 5053 atque
2651 4985 3208 5042 condemnationibus
3239 4989 3499 5059 subjecit,

1905 5087 1961 5131 et
1987 5077 2031 5130 si
2055 5076 2181 5146 quis
2222 5076 2385 5130 fidem
2412 5062 2642 5131 haberei
2689 5077 2778 5141 iis,
2804 5076 2874 5132 de
2904 5078 3112 5148 quibus
3143 5081 3288 5135 inter
3321 5079 3507 5135 irr'ita-

1908 5176 1994 5222 tos
2029 5167 2154 5222 illos
2198 5175 2254 5221 et
2296 5167 2463 5222 simul
2519 5182 2585 5222 ex
2652 5168 2884 5223 veritate
2937 5171 3182 5224 animum
3235 5171 3507 5227 habentes

1906 5260 2166 5314 convenit
2190 5275 2257 5314 ex
2312 5262 2644 5328 composito.
2672 5260 2794 5327 Quo
2824 5318 2825 5321 η
2855 5244 3102 5331 tempore
3161 5262 3330 5316 etiam
3387 5275 3508 5317 mos

1906 5363 2027 5409 erat
2053 5353 2181 5421 illis,
2215 5369 2434 5424 semper
2472 5356 2878 5411 convenientes
2905 5354 3087 5409 facere
3134 5356 3271 5410 tales
3295 5354 3509 5424 disqui-

1906 5447 2160 5513 sitiones,
2193 5456 2245 5502 et
2304 5458 2489 5504 tomus
2541 5438 2839 5519 exponitur
2886 5448 2954 5504 de
3010 5448 3256 5521 omnium
3285 5448 3505 5502 illorum

1908 5541 2241 5596 testimoniis
2264 5551 2592 5613 conceptus,
2625 5542 2678 5596 in
2711 5542 2933 5598 caeteris
2988 5542 3156 5597 etiam
3220 5540 3504 5610 aperiens,

1906 5648 2014 5687 non
2044 5648 2109 5686 ex
2137 5632 2204 5687 iis
2229 5648 2351 5702 quae
2381 5631 2614 5687 fortuito
2642 5644 2699 5687 et
2740 5643 2938 5703 sponte
2968 5633 3221 5687 accidere
3247 5629 3507 5686 videntur

1906 5738 2077 5777 unum
2105 5722 2367 5793 quiddam
2390 5738 2540 5777 nunc
2564 5737 2785 5792 quoque
2821 5736 2945 5775 esse
2968 5720 3173 5775 factum
3198 5736 3212 5783 ;
3252 5727 3312 5772 ut
3336 5718 3505 5773 etiam

1906 5815 2133 5869 silentio
2172 5813 2404 5883 largitus
2453 5812 2657 5881 aliquis
2714 5812 3013 5882 tranquilla
3063 5821 3316 5865 uteretur
3368 5826 3507 5864 con--
