4034 6478
566 327 667 390 $.27

1766 319 1941 377 NItZE
1952 312 2187 381 PHOR‘I
2225 313 2605 374 GREGORE

3689 318 3776 378 22%

564 434 823 498 scientia,
865 447 968 489 uec
1000 433 1111 486 ullo
1143 430 1304 485 modo
1328 431 1571 485 animum
1603 430 1847 484 dormire
1878 438 1933 484 et
1957 431 2143 482 deser-

2253 425 2482 495 καρδίαν
2508 423 2792 479 καθεύδειν
2835 425 2927 480 καὶ
2957 425 3185 494 ἠρεμεῖν
3223 420 3552 494 βουλομένην
3602 424 3782 495 ἀναμο-

565 541 682 583 tum
723 541 847 580 esse
874 525 1148 578 volentem
1170 524 1481 587 excitante;
1518 520 1616 574 sed
1675 520 1821 574 Deus
1849 519 2135 573 confestim

566 622 780 678 occulta
812 628 1000 690 aperta
1040 616 1237 678 reddit,
1271 617 1708 685 quotiescunque
1757 614 1874 667 vult
1934 611 2139 667 intelli-

568 715 751 784 gentia
783 711 1062 779 impertire
1092 724 1209 774 eos,
1244 709 1446 776 quibus
1480 718 1540 761 ut
1562 722 1669 760 non
1701 714 1925 761 teneant
1951 717 2143 758 sanam

570 805 668 859 Dei
686 803 1053 873 cognitionem
1091 800 1310 860 accidit,
1354 810 1413 854 tit
1457 799 1718 853 nimirum
1742 796 1906 866 260
1929 804 1985 848 et
2016 793 2149 846 mis—

568 912 664 952 sus
685 896 773 949 ille
800 895 962 964 paulo
992 902 1118 946 ante
1145 891 1214 945 ab
1249 891 1317 944 iis
1350 899 1543 944 contra
1573 888 1827 943 homines
1859 888 1911 938 in
1955 895 2146 937 monte

568 990 675 1042 hoc
704 986 1078 1056 deprehensos
1112 985 1167 1038 in
1204 983 1454 1053 ﬂagranti
1489 980 1842 1035 Massalianos
1879 985 1935 1031 et
1972 976 2149 1046 Bogu-

570 1078 733 1131 milos
768 1086 953 1129 tomus
981 1073 1109 1129 libri
1149 1073 1243 1128 ﬁat
1274 1076 1521 1143 inspectu
1544 1071 1762 1142 dignior
1786 1080 1843 1124 et
1870 1068 1939 1123 ab
1968 1067 2150 1121 omnl-

567 1168 673 1222 bus
711 1177 1076 1236 cognoscatur
1103 1165 1269 1234 hujus
1296 1164 1366 1219 ad
1412 1178 1540 1219 eum
1576 1161 1864 1232 pravitatis
1910 1158 2144 1230 gradum

567 1274 871 1328 progressm
898 1258 1054 1310 radix
1077 1256 1370 1310 haereseos.

636 1350 829 1405 XXVI.
856 1348 1158 1403 Monachus
1178 1348 1324 1401 enim
1355 1345 1578 1416 quidam
1606 1360 1675 1401 ex
1700 1345 1768 1399 iis
1791 1343 1887 1413 qui
1912 1340 2142 1410 Scorpio

573 1442 704 1494 huic
738 1449 954 1509 parcnt,
977 1441 1304 1510 cognomine
1331 1438 1646 1502 Bardarius,
1675 1436 1868 1491 mortis
1891 1433 2142 1504 proximo

2246 518 2460 587 χλεῦον,
2497 516 2635 569 ἀλλά
2680 514 2816 569 Θεοῦ
2850 516 3143 585 προφανῶς
3195 513 3289 566 τοῦ
3335 514 3402 566 τὰ
3439 513 3638 584 κρύφια
3664 515 3784 586 δῆλα

2245 609 2499 679 δρῶντος,
2528 608 2689 662 ὁπότε
2726 607 2968 676 βούλοιτο
3001 607 3217 660 σύνεσιν
3251 606 3517 660 ἐντιθέναι
3542 600 3620 670 οἷς
3642 609 3786 662 ἀσυν-

2247 702 2384 763 έτως
2413 702 2559 770 ἐχειν
2613 701 2753 768 πρὸς
2779 700 2879 769 τὴν
2909 700 3038 765 ύγιᾶ
3060 698 3431 767 συμπέπτωκε
3461 697 3784 766 θεογνωσίαν,

2250 795 2336 848 ῐνα
2364 793 2565 863 δηλαδὴ
2594 793 2688 847 καὶ
2711 792 2741 844 ὁ
2793 791 2901 862 πρὸ
2935 791 3162 862 βραχέος
3191 792 3397 852 ἐκεῖνος
3428 789 3688 859 πεμφθεὶς
3706 790 3784 842 ὑπ’

2247 886 2428 939 αὐτῶν
2463 886 2604 940 κατά
2656 886 2765 938 τῶν
2809 888 2870 939 ἐν
2914 887 2991 953 τῷ
3020 886 3136 953 δρει
3161 885 3334 953 τούτῳ
3383 882 3685 938 ἑαλωκότων
3712 884 3775 936 ἐπ

2249 978 2555 1048 αὐτοφώρῳ
2610 977 2970 1031 Μασαλιανῶν
3003 979 3096 1030 καὶ
3139 976 3452 1045 Βογομίλων
3494 974 3652 1044 τόμος
3679 973 3788 1027 θεαί

2247 1072 2584 1143 τρικώτερος
2607 1071 2853 1142 γένηται,
2907 1072 3001 1123 καὶ
3030 1072 3165 1123 πᾶσι
3194 1068 3410 1139 γνωσθῇ
3434 1070 3532 1137 τῆς
3556 1066 3637 1135 ἐφ’
3664 1064 3791 1119 οὕτω

2250 1164 2394 1231 μέγα
2417 1164 2619 1227 κακίας
2645 1159 3138 1232 ἀναρριπισθείσης
3166 1158 3431 1229 αἱρέσεως
3461 1158 3494 1228 ἡ
3528 1156 3670 1228 ῥίζα.

2318 1340 2464 1410 κε’.
2496 1342 2748 1412 Μοναχδς
2804 1340 2912 1408 γάρ
2942 1357 3027 1403 τις
3060 1337 3169 1391 τῶν
3222 1337 3300 1405 τῷ
3347 1335 3599 1405 Σκορπίῳ
3639 1333 3796 1403 τούτῳ

2248 1435 2730 1505 ὑπηρετουμένων,
2758 1432 3060 1500 τούπίκλην
3090 1430 3408 1501 Βαρδάριοςς
3435 1427 3659 1480 θανάτου
3700 1425 3798 1493 γεί-

570 1534 855 1602 subjectus
893 1533 1006 1602 jam
1070 1531 1289 1592 morbo.
1314 1529 1532 1600 jacebat
1566 1526 1828 1582 membris
1867 1524 2057 1579 fractis
2087 1530 2143 1577 et

2246 1543 2362 1578 τονι
2394 1526 2625 1595 κάτοχος
2671 1523 2774 1592 ήδη
2813 1522 2952 1590 νόσῳ
3003 1519 3318 1586 γενόμενος,
3382 1517 3557 1571 ἔκειτο
3594 1515 3797 1583 κάμνων

574 1624 806 1678 summis
858 1622 1110 1692 corporis
1159 1621 1446 1676 doloribus
1493 1627 1759 1684 vexatus;
1793 1615 1993 1671 deinde
2044 1630 2143 1685 per

2246 1620 2343 1683 καὶ
2398 1616 2621 1686 μυρίαις
2654 1613 2912 1683 ἀλγηδόσι
2966 1610 3027 1663 τδ
3056 1610 3216 1679 σῶμα
3266 1608 3619 1678 κεντούμενος
3646 1605 3795 1658 ἅπαν.

569 1693 818 1783 integros
850 1714 1042 1784 viginti
1071 1713 1190 1768 dies
1216 1714 1342 1768 cibo
1380 1721 1625 1782 potuque
1657 1708 1990 1772 abstinebat,
2022 1706 2142 1761 sine

2250 1710 2485 1763 Ἔπειτα
2514 1708 2599 1776 ἐφ’
2629 1707 2780 1768 ὅλαις
2818 1704 3052 1775 ἡμέραις
3084 1704 3255 1756 εῐκοσι
3272 1700 3453 1763 ἄσιτός
3475 1717 3533 1753 τε
3561 1700 3648 1752 καὶ
3676 1696 3798 1751 ἀπο-

568 1775 717 1860 νοοέ
743 1775 985 1873 iacebat,
1009 1805 1262 1858 ultimum
1297 1804 1522 1859 trahens
1555 1803 1845 1873 spiritum;
1877 1815 1980 1854 nec
2022 1814 2143 1854 mo-

2247 1820 2339 1864 τος
2397 1775 2680 1870 διαμείνας
2740 1796 2954 1866 ἄφωνος
2990 1796 3187 1859 ἐκειτο,
3226 1795 3405 1847 πνέων
3450 1788 3801 1861 ὁσημέραιτά

564 1900 812 1954 riebatur
851 1908 1065 1962 tamen;
1112 1897 1209 1952 sed
1249 1912 1451 1967 corpus
1497 1907 1712 1951 tumore
1743 1893 1990 1949 inﬂatum
2027 1900 2143 1947 erat

2246 1893 2479 1946 λοίσθια.
2507 1894 2621 1944 Ούκ
2641 1890 2871 1958 ἔθνησκε
2894 1890 2973 1951 δέ,
3006 1886 3144 1939 ἀλλά
3171 1886 3232 1939 τό
3254 1904 3315 1939 τε
3342 1887 3506 1955 σῶμα
3537 1882 3802 1951 ἐξώγκωτο

565 2000 623 2045 et
659 1988 935 2042 teterrima
985 1987 1210 2057 jamjam
1254 2000 1318 2041 os
1365 1985 1790 2040 suﬂ‘undebatur
1831 1980 2141 2049 nigredine.

570 2079 811 2133 Tandem
856 2078 936 2132 rei
989 2078 1257 2132 miraculo
1286 2078 1507 2132 attoniti
1556 2076 1820 2147 praesides
1855 2075 2003 2129 illius
2042 2074 2144 2129 do-

567 2172 756 2226 micilii
800 2172 1296 2242 quasreliant.num
1342 2171 1476 2239 quid
1518 2186 1746 2225 suorum
1794 2178 2145 2238 peccatorum

566 2278 673 2317 non
708 2262 991 2318 confessus
1025 2264 1079 2316 in
1114 2263 1308 2317 intimo
1355 2263 1636 2317 conditum
1672 2263 1900 2317 haberet
1959 2270 2146 2331 pecto-

565 2370 647 2417 re,
685 2355 919 2425 ideoque
950 2355 1073 2423 ejus
1106 2371 1294 2408 curam
1323 2370 1523 2423 gerens
1551 2355 1695 2409 Deus
1727 2370 1837 2407 non
1866 2362 2147 2421 pateretur

564 2459 692 2497 cum
747 2455 1032 2499 mortuum
1085 2453 1295 2499 aeterno
1351 2446 1489 2497 tradi
1544 2444 1675 2514 igni.
1708 2442 1807 2496 Hie
1851 2452 2142 2511 postquam

567 2536 864 2598 intellexit,
897 2535 1132 2591 sublatis
1192 2535 1479 2606 paululum
1534 2535 1734 2600 oculis,
1792 2534 2146 2587 vehementer

561 2623 811 2693 ejulavit,
846 2632 903 2677 et
927 2623 1015 2676 vix
1046 2639 1272 2678 movens
1302 2624 1545 2693 linguam
1573 2626 1688 2679 haac
1722 2626 1894 2678 dixit:
1930 2642 1947 2676 ι
1979 2624 2142 2679 Scitis

562 2721 692 2767 ante
747 2712 848 2768 hos
898 2712 1192 2768 duodecim
1237 2730 1414 2769 annos
1448 2715 1691 2770 habitam
1731 2716 1822 2770 hic
1872 2716 2144 2787 synodum

574 2803 822 2858 virorum
854 2804 907 2858 in
939 2805 1043 2860 hoc
1070 2816 1258 2861 monte
1287 2808 1765 2862 commorantium.
1796 2807 1935 2863 Tum
1971 2809 2140 2878 igitur

570 2895 625 2948 in
655 2895 1027 2965 suspicionem
1072 2909 1268 2952 vocato
1297 2898 1463 2952 etiam
1513 2899 1742 2968 Scorpio
1775 2900 2146 2970 interrogatus

562 3000 686 3052 ego,
739 3002 869 3040 num
923 2987 1124 3042 scirem
1178 3003 1306 3041 eum
1366 2989 1575 3043 socium
1629 2988 1800 3046 fuisse
1857 2999 2145 3059 captorum

571 3081 713 3130 hunc
760 3078 1208 3133 Massalianorum
1247 3089 1303 3134 et
1354 3080 1785 3150 Bogomilorum,
1826 3080 2021 3152 negavi
2057 3096 2145 3136 me

566 3171 710 3224 scire
738 3170 990 3237 quamvis
1013 3172 1348 3240 exploratam
1377 3188 1489 3227 rem
1520 3173 1767 3240 habens;
1789 3174 1947 3245 261
1966 3174 2148 3245 jusju-

567 3264 801 3315 randum
831 3262 1017 3317 addidi
1046 3278 1180 3318 ntcm
1211 3264 1568 3320 declarationi
1592 3275 1651 3320 et
1667 3277 1956 3335 separatus
1977 3268 2147 3323 malui

564 3367 687 3408 esse
720 3368 749 3406 a
781 3352 1004 3407 Christo
1038 3364 1261 3424 propter
1285 3356 1436 3411 illius
1462 3355 1766 3411 amicitiam
1801 3359 2147 3415 miserrimus

565 3459 747 3513 neque
802 3460 1021 3513 pmnam
1074 3446 1275 3501 timens
1338 3447 1619 3515 divinam,
1669 3463 1851 3517 neque
1898 3450 2146 3505 virorum

567 3537 918 3591 cordatorum
955 3538 1369 3593 adhortationes
1395 3556 1652 3594 verens.»
1684 3540 1958 3609 Incipiens
1981 3541 2151 3613 igitur

564 3631 848 3684 enarravit
877 3628 1323 3685 Massalianorum
1360 3631 1526 3686 simul
1552 3633 1608 3686 in
1638 3632 1734 3685 illo
1758 3641 1906 3687 coetu
1935 3642 2148 3703 patrata

566 3722 784 3789 impura
831 3732 890 3778 et
945 3723 1271 3778 detestanda
1322 3723 1591 3789 facinora,
1645 3723 1713 3778 ad
1758 3740 1882 3794 qua:
1936 3726 2147 3797 integre

570 3813 839 3867 narranda
876 3829 987 3869 non
1021 3814 1154 3870 satis
1198 3815 1331 3868 mihi
1375 3824 1669 3885 suppetere
1702 3817 1966 3887 temporis
1995 3817 2150 3874 vide-

570 3914 675 3967 tur,
713 3906 874 3959 aliam
930 3907 985 3960 in
1022 3916 1230 3975 partem
1267 3922 1351 3960 me
1389 3906 1689 3962 admodum
1736 3910 1988 3964 trahente
2016 3908 2148 3964 reli-

564 4008 797 4061 quarum
824 4009 1007 4048 rerum
1037 3994 1463 4051 historia.Licet
1484 3998 1631 4051 enim
1657 4000 1840 4052 omnia
1867 3998 2145 4069 sigillatitn

563 4083 824 4154 colligere
871 4094 928 4140 et
980 4097 1218 4153 mentem
1257 4096 1313 4141 et
1349 4089 1643 4143 consilium
1681 4098 1738 4144 et
1777 4090 2053 4145 actionem
2090 4100 2148 4146 et

565 4178 875 4232 orationem
907 4186 964 4231 et
994 4179 1116 4231 mali
1154 4179 1265 4231 vim
1294 4188 1349 4233 et
1382 4179 1475 4234 Dei
1508 4180 1986 4250 longanimitatem
2015 4192 2072 4237 et
2099 4183 2147 4237 si

565 4264 697 4333 quid
740 4265 867 4329 tale,
897 4266 944 4318 si
978 4266 1103 4333 quis
1135 4267 1287 4320 adire
1320 4268 1454 4321 velit
1480 4283 1631 4330 eum,
1662 4269 1758 4338 qui
1792 4270 1946 4338 prius
1977 4270 2148 4325 inter-

567 4353 671 4408 fuit
694 4354 960 4424 iuvenum
1000 4354 1453 4410 Massalianorum
1487 4357 1705 4410 illorum
1738 4367 1795 4412 et
1838 4359 2147 4429 Bogomil‘o-

2248 1985 2343 2039 καὶ
2408 1983 2597 2053 μακρά
2655 1998 2740 2045 τις
2772 1979 3015 2049 ἐπεχύθη
3061 1978 3141 2048 τῷ
3184 1975 3469 2048 προσώπῳ
3499 1974 3800 2045 μελάνωσις.

2259 2075 2389 2145 Ὀψέ
2419 2075 2478 2128 δὲ
2506 2073 2585 2144 τῷ
2619 2072 2713 2126 τοῦ
2746 2073 3070 2143 πράγματος
3128 2069 3423 2139 παραδόξῳ
3455 2064 3802 2133 καταπλαγένι

2246 2185 2336 2231 τες
2360 2162 2409 2220 ὀί
2436 2167 2536 2234 τῆς
2567 2166 2740 2235 μονῆς
2792 2165 2907 2218 ἐκεῖ
2958 2162 3383 2234 προεδρεύοντες
3438 2163 3631 2231 ἤροντο
3663 2160 3732 2229 μή
3756 2174 3803 2211 τι

2246 2260 2357 2311 τῶν
2395 2256 2544 2327 αύτῷ
2570 2255 3076 2326 πλημμεληθέντων
3122 2254 3550 2324 ἁνεξαγόρευτον
3576 2254 3632 2305 ἐν
3657 2250 3805 2306 θαλά-

2250 2363 2373 2416 μοις
2408 2347 2642 2415 κρύπτει
2698 2346 2950 2416 καρδίας,
3015 2345 3229 2399 κᾶπειτ’
3275 2345 3446 2399 αὐτοῦ
3478 2344 3754 2413 κηδόμενος
3778 2341 3803 2392 ό

2247 2435 2503 2499 Θεὸςνούκ
2532 2436 2596 2505 ἐᾷ.
2627 2430 2706 2504 τῷ
2726 2435 2931 2504 αἰωνίῳ
2964 2434 3193 2487 θανόντα
3224 2435 3450 2505 δοθῆναι
3486 2436 3635 2507 πυρί.
3667 2436 3726 2487 '0
3754 2432 3802 2486 δὲ

2250 2529 2432 2590 συνεὶς
2473 2529 2566 2579 καὶ
2612 2526 2813 2597 μικρὸν
2865 2527 3060 2596 διάρας
3112 2532 3236 2590 τοὺς
3288 2527 3603 2596 ὀφθαλμοὺς
3639 2526 3802 2597 βύθιον

2247 2617 2512 2688 ἀνῴμωξε
2535 2659 2552 2681 ,
2587 2618 2683 2672 καὶ
2735 2617 2889 2689 μόλις
2924 2618 3158 2689 κινήσας
3188 2618 3287 2688 τὴν
3341 2618 3591 2686 γλῶτταν
3643 2616 3803 2671 τοιάδε

2249 2709 2312 2784 [ί.
2344 2710 2449 2766 130
2480 2707 2554 2783 r.]
2582 2711 2747 2779 φησίν
2772 2727 2785 2742 υ
2822 2729 2841 2761 ι
2881 2712 3024 2765 Ἰστε
3050 2711 3148 2780 τὴν
3191 2712 3301 2781 πρὸ
3327 2711 3653 2764 δυοκαίδεκα
3686 2709 3803 2763 ἐτῶν

2248 2804 2500 2857 ἐνταυθοῖ
2557 2804 2856 2874 γενομένην
2921 2803 3142 2858 σύνοδον
3199 2803 3311 2858 τῶν
3350 2805 3412 2869 ἐν
3453 2803 3531 2875 τῷ
3559 2803 3669 2874 ὄρει
3689 2799 3806 2868 τῷδε

2248 2896 2483 2967 ἀνδρῶν.
2517 2896 2649 2949 Τότε
2705 2897 2885 2949 τοίνυν
2917 2893 3349 2959 ὑποπτευθέντος
3386 2898 3487 2950 καὶ
3505 2895 3599 2949 τοῦ
3652 2895 3806 2962 Σκορ-

2248 2986 2399 3053 πίου,
2426 2985 2720 3056 ἐρωτηθεὶς
2748 2986 2861 3054 ἐγὼ
2889 2988 2937 3040 εί
2987 2986 3204 3041 σύνοιδα
3234 2988 3383 3057 αὐτῷ
3417 2986 3656 3055 κοινωνῷ
3671 2999 3807 3051 γενο·

2168 3109 2223 3177 c
2256 3076 2401 3146 μένῳ
2432 3079 2545 3135 τοῖς
2576 3076 2881 3144 τηνικαῦτα
2903 3077 3092 3132 ἁλοῦσι
3142 3078 3517 3141 Μασαλιανοίς
3541 3079 3632 3131 καὶ
3660 3077 3806 3142 Βογο-

2218 3166 2223 3233 ξ
2252 3166 2431 3235 μίλοις
2465 3167 2958 3238 ἐνταῦθα,έξαρνος
2987 3169 3251 3240 ἐγενόμην
3272 3171 3479 3240 καίπερ
3493 3170 3645 3230 εἰδὼς
3671 3171 3807 3237 ἀκρι-

2249 3259 2383 3323 ϐῶς.
2414 3262 2618 3331 Ὅρκον
2648 3279 2706 3314 τε
2730 3262 2978 3332 ἔπέθηκα
3013 3265 3079 3331 τῇ
3129 3263 3526 3334 ἀπαγορεύσει,
3561 3263 3651 3316 καὶ
3672 3261 3807 3328 ἀφω-

2252 3354 2507 3424 ριτμένος
2538 3353 2805 3425 ἐδεξάμην
2839 3351 2981 3409 εἶναι
3019 3355 3129 3408 ἀπὸ
3166 3355 3410 3424 Χριστοῦ
3440 3356 3528 3408 διὰ
3550 3353 3646 3425 τὴν
3682 3350 3807 3403 ἐκεί-

2250 3464 2342 3499 νου
2385 3447 2570 3515 φιλίαν
2598 3450 2625 3500 ό
2673 3448 3013 3517 τρισάθλιος,
3084 3448 3223 3519 μήτε
3281 3448 3616 3518 κολαστήρια
3644 3447 3804 3503 δείσας

2249 3539 2406 3605 Θεοῦ,
2444 3541 2569 3610 μήτ’
2600 3540 2809 3603 ἀνδρῶν
2845 3540 3234 3611 πνευματικῶν
3284 3541 3633 3610 παραινέσεις
3683 3537 3807 3590 αίδε-

2250 3630 2414 3692 σθείς.
2456 3648 2473 3680 ι
2525 3630 2855 3700 Ἀρξάμενος
2887 3629 2981 3683 οῦν
3008 3626 3251 3701 διεξῆλθε
3289 3629 3392 3695 τὰς
3418 3628 3555 3700 ὁμοῦ
3581 3630 3656 3700 τῷ
3703 3626 3805 3679 θιά-

2250 3737 2329 3791 σῳ
2354 3723 2464 3774 τὼν
2494 3721 2864 3776 Μασαλιανῶν
2903 3722 3302 3793 πεπραγμένας
3332 3723 3597 3794 βεόήλους
3635 3717 3806 3785 ἐκείνῳ

2249 3816 2345 3870 καὶ
2375 3815 2627 3886 μυσαρὰς
2651 3816 2935 3887 ἐργασίας,
2966 3816 3033 3881 ἃς
3060 3816 3210 3885 ὥραν
3239 3816 3385 3887 ἐχειν
3416 3817 3618 3888 ἥκιστά
3633 3832 3717 3887 μοι
3737 3813 3809 3863 δο-

2248 3911 2333 3962 κεῖ
2362 3908 2484 3960 καθ’
2518 3908 2729 3962 ἕκαστα
2756 3907 2935 3976 λέγειν
2963 3908 3168 3979 ἀρτίως
3223 3909 3346 3978 ἐμὲ,
3394 3909 3498 3979 τῆς
3521 3908 3626 3961 τῶν
3651 3904 3809 3961 ἀλλων

2248 3998 2618 4070 ἁνθελκούσης
2654 4016 2722 4068 με
2783 3997 3084 4069 βιαιότερον
3138 3999 3403 4070 ίστορίας.
3472 3997 3684 4064 Ἔξεστι
3713 3996 3808 4065 γὰρ

2250 4091 2429 4145 πάντα
2453 4089 2577 4142 καθ’
2603 4090 2840 4143 ἕκαστον
2865 4089 3256 4156 ἀναλέξασθαι,
3304 4092 3401 4144 καὶ
3429 4092 3553 4145 νοῦν
3586 4093 3675 4145 καὶ
3699 4105 3809 4142 σκο-

2249 4182 2351 4235 πὸν
2388 4183 2481 4234 καὶ
2512 4181 2717 4253 πρᾶξιν
2759 4183 2855 4234 καὶ
2899 4182 3057 4249 λόγον
3112 4184 3206 4236 καὶ
3242 4187 3444 4247 κακίας
3470 4184 3697 4252 δύναμιν
3726 4178 3811 4232 καὶ

2248 4272 2385 4328 Θεοῦ
2426 4274 2819 4345 μακροθυμίαν
2841 4275 2937 4327 καὶ
2968 4274 3024 4327 εί
3042 4292 3095 4327 τι
3122 4274 3388 4340 τοιοῦτον,
3425 4276 3477 4330 εἴ
3509 4292 3595 4338 τις
3617 4270 3810 4326 ἐπιέναι

2251 4365 2495 4434 βούλοιτο
2527 4364 2617 4419 τόν
2646 4382 2705 4417 τε
2733 4365 3022 4437 γενόμενον
3049 4365 3313 4437 πρότερον
3342 4369 3435 4421 ἐπὶ
3460 4370 3526 4439 τῇ
3557 4364 3663 4420 τῶν
3690 4362 3812 4416 νέων

571 4462 690 4499 rum
716 4447 1143 4515 deprehensioni
1175 4448 1468 4503 manifesto
1490 4450 1647 4520 signo
1669 4461 2057 4521 coargutorum
2090 4455 2143 4508 in

2250 4455 2623 4511 Μασαλιανῶν
2641 4456 2867 4510 ἐκείνων
2902 4456 2998 4509 καὶ
3029 4455 3341 4527 Βογομίλων
3378 4459 3593 4528 εὑρέσει
3617 4472 3811 4527 προφα-

569 4536 756 4590 ιιίγίηο
790 4544 995 4601 monte,
1033 4553 1270 4606 quorum
1303 4540 1394 4593 alii
1423 4542 1674 4611 castigati
1701 4553 1851 4609 sunt,
1885 4544 1977 4599 alii
2014 4546 2141 4600 inde

565 4628 800 4697 expulsi,
833 4637 887 4682 et
921 4630 1083 4682 simul
1136 4632 1441 4685 secundum
1470 4632 1617 4688 hunc
1650 4635 1787 4689 vidit
1815 4636 1871 4689 in
1908 4652 2142 4707 coargu-

567 4723 719 4774 tione
752 4720 986 4789 Scorpii,
1018 4732 1218 4792 pra-ter
1263 4739 1448 4778 rerum
1488 4728 1945 4782 consuetudinem
1977 4730 2144 4783 mira-

565 4812 689 4865 cula
738 4823 992 4881 patraute
1039 4814 1153 4867 Deo
1185 4814 1250 4867 ad
1291 4817 1449 4884 primi
1487 4817 1636 4872 illius
1670 4817 1913 4873 hominis
1942 4820 2141 4874 conﬁr-

566 4900 888 4953 mationem.
918 4902 1240 4970 Expositum
1287 4914 1369 4957 est
1403 4905 1550 4959 enim
1583 4907 1650 4961 de
1684 4917 1916 4979 utroque
1946 4910 2000 4964 in
2035 4911 2141 4966 ﬁne

565 4992 853 5058 prmsentis
902 4991 1064 5063 hujus
1112 4994 1259 5057 libri,
1309 4995 1610 5050 Romanam
1646 4997 1929 5053 historiam
1983 5016 2143 5055 enar-

569 5082 761 5134 rantis.
793 5081 908 5135 Non
941 5085 1088 5137 enim
1128 5085 1498 5154 judicavimus
1533 5103 1673 5156 Opus
1700 5106 1846 5153 esse,
1879 5092 1931 5145 in
1975 5092 2139 5145 aliam

566 5170 689 5225 illos
721 5173 1016 5228 transferre
1041 5178 1415 5231 narrationem
1448 5196 1463 5232 :
1501 5180 1595 5233 sed
1629 5196 1728 5248 par
1759 5191 1899 5248 erat,
1926 5197 2047 5236 esse
2082 5183 2139 5237 in

564 5264 912 5318 orationibus
933 5269 1099 5320 etiam
1136 5267 1251 5323 haec
1288 5272 1531 5325 membra
1559 5281 1616 5325 et
1653 5274 1859 5339 incisa;
1890 5285 1943 5327 et
1976 5283 2138 5327 natu-

564 5372 681 5408 ram
730 5358 1128 5412 sententiarum
1182 5361 1608 5428 immutabilem,
1651 5375 1711 5418 ut
1745 5380 1804 5419 se
1838 5366 2136 5432 habebant,

560 5448 693 5502 inde
733 5452 936 5517 egressi
991 5453 1406 5522 descripsimus,
1457 5471 1524 5509 ne
1584 5457 2136 5525 interrumperemur,

563 5540 666 5593 nisi
702 5540 862 5609 262
894 5543 1041 5610 quod
1087 5558 1252 5597 unum
1302 5553 1511 5598 tantum
1563 5546 1984 5615 signiﬁcandum
2033 5549 2138 5604 fuit

563 5632 686 5694 hoc,
729 5633 830 5686 sub
871 5636 1103 5690 testibus
1141 5636 1248 5690 illis
1281 5636 1629 5693 confessione
1665 5640 1779 5694 haec
1819 5639 1981 5709 facta,
2011 5659 2138 5700 mox

558 5725 842 5779 exhalasse
892 5729 1130 5780 animam
1182 5729 1356 5793 illum,
1405 5738 1463 5784 ttt
1508 5732 2041 5806 etiamsuﬂragium
2080 5739 2135 5794 in

2250 4551 2357 4612 νὼς
2384 4547 2746 4620 ἐλεγχθέντων
2778 4548 2869 4601 ἐπὶ
2902 4548 2998 4601 τοῦ
3054 4547 3198 4603 θείου
3232 4549 3395 4620 ὅρους
3452 4551 3678 4606 καὶτῶν
3725 4550 3812 4618 μὲν

2250 4637 2644 4705 κολασθέντων,
2669 4636 2779 4689 τῶν
2825 4635 2870 4689 δ’
2919 4638 3267 4702 ἐξωσθέντων
3301 4641 3533 4705 ἐκεῖθεν,
3575 4645 3668 4694 καὶ
3705 4639 3811 4707 ἅμα

2247 4732 2342 4784 τὸν
2371 4730 2621 4799 δεύτερον
2650 4728 2840 4782 τοῦτον
2871 4728 2935 4800 δὴ
2960 4733 3051 4781 τὸν
3075 4732 3168 4784 ἐπὶ
3190 4731 3266 4801 τῷ
3297 4732 3516 4804 ἐλεγμῴ
3539 4732 3633 4786 τοῦ
3657 4732 3815 4798 Σκορ-

2249 4821 2376 4874 πίου
2412 4820 2764 4891 παραδόξεως
2816 4823 3200 4893 ἐπισυμὸάντα
3233 4823 3815 4897 θαυματουργήσαντος

2247 4911 2339 4965 τοῦ
2364 4912 2500 4965 Θεοῦ
2535 4913 2671 4982 πρὸς
2695 4911 2793 4983 τὴν
2818 4911 2912 4964 τοῦ
2937 4913 3156 4983 πρώτου
3180 4912 3495 4984 βεϐαίωσιν,
3531 4917 3815 4972 Ἐκτέθειν-

2246 5018 2336 5057 ται
2365 5004 2473 5073 γὰρ
2501 5003 2798 5073 ἀμφότεροι
2824 5006 2882 5057 ἐν
2901 5005 2982 5074 τῷ
3020 5007 3157 5060 τέλει
3178 5007 3278 5075 τῆς
3316 5009 3600 5079 παρούσης
3627 5006 3814 5079 ἡμετέ-

2251 5118 2347 5171 ρας
2380 5099 2588 5169 βίὸλου,
2616 5103 2681 5171 δή
2732 5103 2833 5171 τὴν
2878 5104 3193 5174 Ῥωμαϊκὴν
3245 5107 3499 5172 διέξεισιν
3542 5107 3811 5176 ἱστορίαν·

2246 5193 2308 5245 οὐ
2335 5195 2441 5263 γὰρ
2468 5193 2766 5263 ἐκρίναμεν
2793 5193 2907 5247 δέον
2923 5196 3003 5258 είς
3033 5197 3226 5266 ἑτέραν
3252 5198 3495 5261 ἐκείνους
3529 5196 3817 5269 μεταποιῆ-

2250 5299 2340 5336 σαι
2376 5285 2597 5351 φράσιν,
2626 5283 2740 5335 ἀλλ’
2786 5280 2928 5338 εἶναι
2977 5287 3119 5340 κατὰ
3161 5288 3261 5349 τὰς
3294 5288 3470 5354 λέξεις
3515 5290 3612 5343 καὶ
3644 5289 3710 5342 τά
3757 5301 3813 5352 γε

2248 5375 2395 5427 κῶλα
2415 5379 2510 5431 κα)⁴
2537 5376 2799 5446 κόμματα
2832 5380 2925 5430 καὶ
2950 5379 3020 5431 τά
3069 5378 3178 5451 ἢθη
3207 5381 3314 5433 τῶν
3362 5383 3586 5436 ἐννοιῶν
3619 5384 3814 5450 ἀμετα-

2247 5470 2525 5539 ποιήτους,
2552 5470 2626 5533 ὡς
2649 5470 2805 5541 ἔσχον
2836 5472 3044 5527 ἐκεῖθεν
3075 5473 3410 5544 ἐληλυθότες,
3443 5476 3539 5531 τοῦ
3571 5475 3815 5544 ἀδιαὸλή-

2243 5578 2340 5615 του
2374 5563 2557 5636 χάριν.
2594 5564 2740 5636 Πλὴν
2764 5564 2824 5618 ἓν
2856 5565 3016 5636 μόνον
3044 5568 3379 5636 σημειωτέον
3406 5547 3582 5634 τουτί,
3612 5570 3687 5632 ὡς
3717 5569 3814 5620 ὑπὸ

2249 5654 2519 5725 μάρτυσιν
2544 5655 2773 5720 ἐκείνοις
2794 5656 2893 5724 τὴν
2923 5658 3278 5729 ἐξαγόρευσιν
3304 5661 3672 5729 ποιησάμενος
3698 5676 3814 5714 ταυ·

2244 5746 2366 5817 τηνὶ
2392 5749 2507 5816 μετ’
2534 5747 2713 5816 ὀλίγον
2728 5748 3148 5816 ἐξέπνευσεν,ὡς
3168 5753 3262 5807 καὶ
3281 5752 3461 5823 ψῆφον
3480 5753 3814 5825 ἐξενηνέλϋαι
