4034 6472
272 386 370 447 239

1279 365 1721 431 ΒΥΖΑΝΤΣΝίΕ
1760 360 2143 424 HISTORLE
2184 359 2328 420 LIB.
2377 358 2592 419 XXIX.

3405 367 3516 432 230

276 502 401 558 τέως
423 490 498 558 οἷς
530 496 645 547 ἐκεῖ
690 491 1074 561 συνετωτέροις
1135 486 1278 543 εἶναι
1326 488 1614 558 τετύχηκε,
1660 486 1738 558 μὴ
1760 484 1828 540 δι’

1933 484 2112 538 lucem
2150 491 2265 538 tum
2296 483 2368 538 sit
2395 482 2463 536 iis
2488 488 2852 552 protractum,
2886 483 3086 553 quibus
3120 484 3517 556 intelligentia-

276 587 394 641 ἄλλο
426 600 476 637 τι
500 584 599 645 τὰς
634 580 815 652 βιαίας
842 580 974 648 γοῦν
1019 578 1222 641 ταύτας
1255 578 1351 630 καὶ
1388 577 1706 638 τελευταίας
1734 592 1835 629 τα-

283 675 555 748 μιευθῆναι
600 673 907 742 τάνθρώπῳ
963 669 1134 732 πνοὰς
1180 670 1316 739 πρὸς
1366 668 1500 721 Θεοῦ
1527 668 1562 739 ἢ
1593 668 1681 721 διὰ
1732 667 1836 734 τὴν

278 767 378 822 τῶν
410 764 681 837 ῥηθέντων
706 763 1079 831 ὲξαγόρευσιν.
1115 762 1304 830 Ὅμως
1333 760 1518 824 ἐπειδὴ
1543 760 1639 812 καὶ
1664 762 1691 812 ό
1714 758 1834 811 δεό-

277 872 420 925 τερος
437 848 590 917 οὗτος
618 855 814 906 νεωστὶ
841 852 1127 923 γενόμενος
1151 851 1319 920 τόμος
1349 850 1625 921 ἐληλυθὼς
1656 852 1719 903 ἐκ
1740 851 1833 903 τοῦ

275 947 424 1018 δρους
451 945 530 1008 είς
577 947 816 1015 ἐπήκοον
865 943 1151 1013 Καλλίστῳ
1180 959 1241 994 τε
1278 940 1593 1011 ἀνεγνώσθη
1623 940 1702 1011 τῷ
1729 956 1831 993 πα.

276 1038 496 1109 τριάρχῃ
539 1038 629 1090 καὶ
659 1040 770 1097 τοῖς
797 1036 936 1106 ἀμφ’
963 1035 1127 1088 αὐτὸν
1158 1033 1504 1097 ἐπισκόποις,
1554 1035 1635 1093 είς
1664 1033 1834 1104 ὀργὴν

278 1124 420 1190 αὖθις
447 1129 633 1198 ἤγειρε
662 1127 755 1182 τὸν
774 1128 1121 1197 πατριάρχην
1139 1129 1231 1179 καὶ
1260 1125 1544 1196 ἄπρακτος
1579 1126 1832 1195 ἀπεπέμ-

275 1219 393 1288 φθη,
417 1219 527 1271 τῶν
575 1220 715 1288 ἀμφ’
764 1219 929 1273 αὐτὸν
959 1219 1277 1271 ἐπισκόπων
1307 1218 1460 1271 οὐδὲν
1505 1219 1829 1288 εἰρηκότων,

271 1313 397 1365 ἀλλὰ
430 1312 491 1383 If.
521 1312 624 1366 I50
653 1310 732 1384 υ.]
758 1315 964 1380 κωφοῖς
1015 1311 1333 1381 ἑοικότωνῆ
1367 1312 1537 1374 λίθοις
1567 1312 1832 1384 ἀναισθή-

270 1422 393 1470 τοις,
428 1405 599 1458 εἰπεῖν
644 1405 1007 1474 οἰκειότερον·
1041 1403 1186 1458 οὕτω
1242 1404 1690 1475 βοσκηματὼδεις
1724 1407 1831 1459 alat

270 1495 355 1548 καὶ
383 1496 573 1548 παισὶν
609 1495 870 1566 ἀθύρουσι
901 1496 1024 1550 λίαν
1047 1496 1331 1567 ἐπίχαρτοι
1358 1497 1749 1566 προσηκόντως
1779 1500 1830 1551 οί

271 1584 356 1637 νῦν
392 1585 500 1639 τῶν
535 1586 694 1658 ἱερῶν
732 1587 1032 1657 καθήμενοι
1084 1587 1369 1656 δογμάτων
1408 1588 1618 1658 κριταί.
1664 1588 1830 1641 Ἀλλὰ

267 1679 460 1731 τούτων
509 1678 608 1749 μὲν
654 1676 774 1742 ἃλις
830 1680 1108 1748 εἰρήσεται
1160 1678 1218 1733 δὲ
1254 1681 1397 1733 κατὰ
1433 1680 1621 1752 χώραν
1653 1681 1827 1735 ἰοῦσιν

268 1769 357 1823 ὅσα
382 1770 787 1841 ἐπηκολούθησε
834 1773 1007 1842 σφίσι.
1054 1771 1171 1826 Νὖν
1203 1773 1248 1826 δ’
1278 1776 1456 1828 ἐκεῖνο
1481 1774 1830 1845 ἐπαναλήψο-

272 1878 382 1929 μαι.

329 2034 449 2092 ΚΖ’.
493 2038 748 2106 Ἀφίκετό
777 2057 864 2097 τις
912 2041 981 2094 ὲκ
1028 2042 1278 2095 Λατίνων
1322 2041 1625 2106 ἐπίσκοπος
1670 2045 1826 2115 παρά

269 2130 502 2197 βασιλέα,
550 2132 801 2204 Ἰωάννην
864 2135 1008 2204 φημὶ
1051 2136 1145 2187 τὸν
1203 2134 1590 2204 Παλαιολόγον,
1643 2137 1827 2204 φιλίας

267 2222 414 2277 ἕνεκα
437 2225 922 2296 προϋπαρχούσης,
962 2228 1154 2294 σοφίας
1204 2226 1469 2298 ἔμπειρος
1504 2228 1676 2297 ὁπόση
1733 2231 1828 2281 καὶ

262 2315 453 2386 οίατὴν
480 2316 589 2369 τῶν
630 2318 882 2372 Λατίνων
911 2321 1208 2374 οἰκειοῦται
1247 2322 1447 2392 σχολὴν
1476 2325 1536 2374 ἐν
1560 2323 1824 2391 δογματι-

266 2409 378 2469 καῖς
397 2408 511 2460 τῶν
542 2409 699 2462 θείων
734 2413 1081 2481 γραμμάτων
1134 2412 1461 2483 διατριϐαῖς.
1502 2413 1751 2485 Ἔφασκε
1781 2414 1826 2467 δ’

267 2502 321 2552 ἐν
346 2503 460 2565 ταῖς
491 2503 617 2554 καθ’
637 2503 853 2573 ἡμέραν
897 2504 1136 2575 ὁμιλίαις
1167 2505 1246 2574 τῷ
1273 2523 1333 2557 τε
1376 2505 1584 2574 βασιλεί
1626 2508 1720 2558 καὶ
1744 2501 1829 2569 οἷς

267 2589 579 2661 ἐνετύγχανε
612 2592 937 2662 σοφωτέροις
970 2592 1077 2663 ίδίᾳ
1110 2594 1203 2644 καὶ
1222 2593 1285 2660 δη
1297 2594 1486 2660 μοσία,
1506 2591 1676 2645 πολύν
1703 2609 1826 2645 τινα

261 2683 493 2751 γίνεσθαι
548 2684 707 2752 λόγον
752 2685 907 2755 παρὰ
949 2685 1203 2746 Λατίνοις
1248 2686 1378 2753 περὶ
1421 2684 1523 2753 τῆς
1552 2682 1826 2755 βασιλίδος

262 2775 452 2845 ταύτης
482 2777 596 2829 τῶν
624 2776 830 2830 πόλεων
849 2776 946 2830 καὶ
981 2778 1096 2830 ὅσοι
1120 2778 1227 2829 τῶν
1250 2775 1551 2845 οἰκητόρων
1580 2773 1828 2836 παιδείας

261 2864 678 2928 ἀντιποιοῦνται,
708 2865 779 2917 τά
803 2880 862 2917 τε
894 2863 1033 2918 ἄλλα
1070 2863 1166 2916 καὶ
1191 2865 1336 2924 ὅπως
1382 2862 1590 2916 ἄνωθεν
1615 2864 1702 2916 ἀεὶ
1726 2864 1828 2931 ῥα-

259 2954 376 3019 δίως
406 2956 789 3021 ἐξαπατᾶσθαι
818 2955 1085 3010 εἰώθεσαν
1134 2957 1231 3009 καὶ
1261 2954 1442 3011 ἄλλοτ’
1467 2954 1658 3016 ἄλλαις
1678 2952 1829 3024 αἱρέ-

262 3065 367 3101 σεσι
423 3054 521 3103 καὶ
569 3050 857 3118 δογμάτων
904 3054 1281 3117 καινοτομίαις
1343 3045 1829 3115 ἐκκληωαστικῶν

1939 573 2094 628 ribus
2123 588 2245 627 esse
2275 573 2525 642 contigit,
2551 587 2621 625 ne
2651 582 2875 642 propter
2901 573 3053 627 aliud
3082 575 3216 644 quid
3246 576 3516 634 violentos

1939 664 2039 717 hos
2068 676 2124 720 et
2155 663 2380 719 ultimos
2411 665 2596 735 parari
2644 663 2854 719 homini
2896 667 3124 735 spiritus
3159 669 3453 725 credamus
3484 685 3517 725 ιι

1941 756 2071 821 Deo,
2121 772 2286 826 quam
2326 766 2386 809 ut
2414 772 2480 811 ea
2536 771 2659 825 qua:
2707 757 2850 811 dicta
2904 767 3053 823 sunt,
3106 762 3513 828 pronuntiaret.

1938 840 2191 903 Attamen
2242 858 2530 919 postquam
2566 849 2732 902 etiam
2769 852 3050 905 secundus
3082 852 3174 906 hic
3204 869 3384 923 nuper
3414 854 3517 908 ad-

1937 942 2091 996 venit
2125 950 2308 996 tomus
2335 956 2401 997 ex
2434 950 2644 1007 monte,
2676 952 2733 997 et
2758 941 2904 998 unde
2935 943 3114 999 audiri
3149 954 3356 1014 posset,
3387 945 3519 1001 Cal-

1935 1033 2065 1088 listo
2100 1034 2365 1089 recitatus
2404 1046 2489 1088 est
2516 1034 2843 1104 patriarchae
2872 1045 2929 1089 et
2961 1035 3029 1089 iis
3066 1037 3161 1105 qui
3201 1037 3344 1091 circa
3384 1054 3516 1093 eum

1935 1131 2093 1177 erant
2115 1124 2410 1193 episcopis,
2431 1125 2486 1178 in
2509 1124 2644 1178 iram
2668 1140 2863 1179 rursus
2884 1127 3122 1194 eonjecit
3144 1128 3516 1196 patriarcham

1936 1225 1992 1268 et
2024 1215 2227 1269 infecta
2261 1230 2318 1268 re
2358 1216 2623 1271 dimissus
2658 1228 2765 1283 est,
2801 1218 3079 1287 episcopis
3126 1234 3266 1289 quos
3323 1235 3513 1274 secum

1934 1306 2172 1361 habebat
2228 1310 2562 1375 tacentibus,
2600 1312 2693 1365 sed
2728 1321 3010 1367 mutorum
3066 1313 3352 1367 hominum
3390 1330 3515 1385 spe—

1934 1395 2074 1450 ciem
2111 1398 2482 1453 referentibus
2506 1408 2559 1453 et
2582 1400 2829 1468 lapidum
2858 1416 3023 1456 sensu
3056 1403 3386 1469 carentium,
3416 1405 3514 1474 qui

1933 1501 2043 1541 non
2077 1500 2310 1557 possunt
2345 1490 2492 1560 quod
2520 1500 2710 1559 aptum
2752 1492 2824 1546 sit
2857 1492 3063 1548 dicere.
3111 1495 3189 1548 lta
3223 1495 3515 1563 pecoribus

1933 1580 2146 1635 similes
2220 1592 2352 1637 sunt
2433 1592 2489 1638 et
2573 1586 2951 1655 petulantibus
3025 1587 3212 1656 pueris
3273 1587 3515 1645 ludibrio

1934 1674 2133 1729 merito
2167 1674 2204 1729 ii
2256 1677 2350 1746 qui
2399 1691 2546 1731 nunc
2594 1692 2880 1732 sacrorum
2940 1679 3262 1750 dogmatum
3312 1681 3511 1741 sedent

1928 1765 2163 1835 iudices.
2193 1766 2300 1823 Sed
2338 1769 2407 1823 de
2443 1769 2531 1825 his
2588 1771 2740 1825 satis.
2803 1772 3139 1827 Narrabitur
3193 1783 3375 1828 autem
3411 1790 3514 1831 suo

1859 1834 2188 1930 Btempore
2222 1877 2285 1916 ac
2345 1863 2467 1916 loco
2526 1862 2791 1932 quidnam
2850 1865 3160 1920 viatoribus
3223 1867 3511 1924 acciderit.

1932 1949 2091 2003 Nunc
2117 1951 2251 2005 illud
2286 1968 2349 2005 ru
2364 1968 2487 2007 rsus
2514 1954 2803 2024 attingam.

2004 2041 2545 2099 XXVll.Adveuerat
2577 2047 2778 2116 aliquis
2810 2063 2873 2102 ex
2895 2047 3220 2104 Latinorum
3235 2050 3511 2121 episcopis

1931 2133 1998 2186 ad
2032 2134 2449 2203 imp.Joannom
2466 2137 2831 2209 Palazologum
2875 2140 3020 2204 dico,
3053 2149 3278 2211 propter
3321 2142 3514 2198 amici-

1934 2229 2063 2284 tiam
2078 2230 2323 2298 quaejam
2348 2239 2476 2284 ante
2504 2231 2646 2287 inter
2661 2246 2757 2286 eos
2780 2233 3193 2288 intercesserat.
3214 2232 3512 2304 Sapientiae

1930 2338 2136 2393 gnarus
2160 2323 2249 2376 hic
2278 2330 2419 2384 erat,
2437 2334 2641 2391 quanta
2659 2330 2715 2377 et
2748 2324 2894 2393 quali
2916 2323 3237 2379 Latinorum
3263 2341 3299 2381 v
3322 2340 3513 2382 rorum

1933 2410 2221 2464 doctorum
2256 2410 2444 2464 schola
2476 2420 2707 2464 ornatur
2749 2412 2805 2465 in
2840 2412 3165 2483 dogmaticis
3191 2415 3509 2472 litterarum

1932 2501 2244 2556 divinarum
2273 2503 2699 2571 quaestionibus.
2723 2504 3019 2560 victitabat
3044 2515 3228 2560 autem
3250 2506 3305 2561 in
3325 2509 3515 2577 quoti-

1931 2594 2114 2650 dianis
2143 2596 2498 2650 sermonibus
2531 2604 2588 2650 et
2614 2596 2934 2665 imperatori
2957 2606 3014 2652 et
3044 2597 3089 2651 si
3121 2599 3215 2669 qui
3252 2599 3392 2654 forte
3429 2613 3516 2655 sa-

1930 2684 2231 2754 pientiores
2250 2686 2409 2756 263
2432 2688 2863 2756 erantiprivatim
2887 2690 3192 2756 etpublice,
3215 2689 3359 2759 apud
3374 2688 3516 2746 Lati-

1930 2789 2033 2828 nos
2048 2775 2367 2845 frequentes
2386 2775 2570 2830 haberi
2588 2776 2867 2832 orationes
2882 2778 2950 2832 de
2969 2780 3151 2848 regina
3172 2782 3270 2834 hac
3292 2780 3511 2835 urbium

1930 2876 1986 2921 et
2013 2875 2286 2936 quotquot
2316 2869 2614 2921 incolarum
2645 2870 2943 2925 eruditioni
2968 2871 3351 2934 adversantur,
3383 2887 3509 2927 cum

1931 2959 1987 3015 in
2014 2962 2250 3026 caeteris,
2288 2968 2405 3015 tum
2438 2962 2717 3031 quomodo
2765 2963 3033 3018 divinitus
3082 2980 3300 3035 semper
3350 2966 3515 3022 facile

1932 3052 2046 3108 falli
2078 3054 2329 3108 consueti
2361 3065 2546 3117 erant,
2578 3064 2632 3109 et
2664 3057 2788 3111 aliis
2822 3056 2952 3110 alibi
2986 3057 3514 3129 haeresibusretdog-

261 3141 589 3207 ὑπείκουσιν,
613 3141 687 3205 ὡς
715 3142 891 3211 φύλλα
919 3142 1150 3212 δένδρων
1178 3141 1403 3210 ἀνέμοις
1430 3136 1824 3211 μεταρῤιπιζό-

1935 3155 2142 3200 matum
2172 3146 2563 3200 uovationibus
2587 3148 3088 3202 ecclesiasticorum
3116 3148 3425 3219 indulgent,
3451 3159 3512 3204 ut

264 3252 388 3304 μενα
435 3237 597 3289 πᾶσι.
665 3254 685 3288 ι
719 3236 831 3289 Καὶ
863 3234 957 3289 νῦν
985 3235 1032 3288 δ’
1058 3235 1157 3303 οὐχ
1201 3229 1365 3305 ἦττον
1407 3230 1677 3299 Παλαμᾶν
1705 3246 1829 3283 τινα

262 3328 419 3397 ὄνομα
463 3326 659 3391 νόθους
708 3325 1075 3395 καινοφωνίας
1112 3328 1430 3393 είσαγαγεῖν
1492 3322 1829 3393 ὴκηκόειμεν

260 3418 509 3473 κατὰτῶν
541 3418 702 3472 θείων
729 3418 1035 3488 δογμάτων.
1063 3416 1215 3471 Εἶναι
1242 3418 1290 3471 δ’
1310 3418 1373 3470 οὐ
1407 3416 1567 3486 μόνον
1593 3413 1828 3485 αίσχρὰς

258 3514 346 3576 τὰς
364 3514 625 3579 τοιαύτας
649 3513 1036 3579 καινοφωνίας,
1068 3511 1203 3565 ἀλλὰ
1257 3514 1352 3565 καὶ
1385 3508 1682 3573 πολυειδεῖς
1732 3508 1833 3562 καὶ

260 3604 430 3676 μωρίᾳ
455 3603 913 3673 συγκεκραμένας
943 3603 1229 3657 πολυειδεῖ.
1274 3603 1365 3666 Ὠς
1404 3597 1567 3668 εἶναι,
1600 3598 1681 3661 οἷς
1702 3599 1828 3654 τού-

256 3712 325 3765 τῳ
354 3695 708 3750 συνίστασθαι
754 3695 1114 3767 περιγίνεται,
1173 3696 1405 3765 μακροῖς
1451 3712 1565 3746 τισι
1603 3694 1829 3764 μέτροις

258 3776 630 3857 κατεγνῶσθαι
665 3789 862 3858 μᾶλλον
892 3787 926 3858 ἢ
953 3787 1224 3857 Σαϐελλίῳ
1268 3804 1324 3840 τε
1357 3789 1452 3840 καὶ
1503 3788 1698 3855 Ἀρείῳ
1730 3789 1826 3840 καὶ

257 3880 360 3933 ὅσοι
386 3883 508 3952 κατ’
541 3880 805 3950 Εὐνόμιον
834 3882 928 3935 καὶ
954 3878 1253 3951 Νεστόριον
1280 3880 1376 3932 καὶ
1415 3879 1827 3947 Ἀπολλινάριον

258 3967 356 4027 εῑεν
379 3971 832 4046 συνηγοροῦντες.
851 3972 1131 4043 Σύμφωνα
1158 3972 1258 4041 μὲν
1282 3975 1392 4040 γὰρ
1420 3971 1717 4036 κάκείνοις,
1749 3970 1827 4034 ὡς

258 4064 535 4133 ἔγνωσται,
572 4065 891 4134 φθέγγεται,
922 4064 1203 4133 διαφόροις
1237 4064 1282 4118 δ’
1304 4064 1398 4117 οὖν
1422 4066 1516 4118 καὶ
1545 4064 1831 4118 ἀτοπωτέ-

260 4176 361 4227 ροις
416 4159 747 4226 ὑπερῦολαῖς
789 4158 1261 4229 παραλλάττοντα.
1299 4158 1409 4210 Καὶ
1456 4158 1518 4211 τό
1545 4175 1608 4227 γε
1643 4175 1827 4229 παρα-

258 4250 593 4319 λογώτατονο
649 4251 757 4320 ὂπη
809 4250 1000 4302 τοῦτον
1058 4251 1296 4318 μάλιστα
1332 4250 1551 4303 πάντων
1600 4251 1826 4303 ἐκείνων

258 4343 812 4415 ἐχρῆναίσχύνεσθαι,
844 4336 919 4396 ὧν
950 4344 1068 4404 ταῖς
1092 4341 1423 4409 ὑπερϐολαῖς
1453 4340 1561 4393 τῶν
1585 4340 1829 4411 βλασφη-

264 4439 391 4507 μιῶν
442 4438 771 4507 ὑπερέσχεν,
815 4439 842 4489 ὁ
888 4437 946 4489 δὲ
983 4437 1078 4488 καὶ
1113 4435 1250 4505 πρὸς
1284 4436 1573 4488 δικαίωσιν
1628 4433 1825 4487 ἑαυτοῦ

1933 3240 2193 3294 arborum
2229 3239 2359 3294 folia
2391 3240 2573 3295 ventis
2591 3242 2872 3310 jactantur
2898 3242 3181 3296 omnibus.
3227 3260 3246 3288 ε
3269 3241 3333 3296 Ει
3365 3258 3512 3297 nunc

1931 3348 2045 3388 non
2074 3336 2257 3389 minus
2278 3334 2559 3388 Palamam
2590 3336 2885 3403 quemdam
2919 3335 3143 3389 nomine
3174 3334 3515 3388 adulterinas

1931 3427 2265 3481 mutationes
2296 3427 2503 3481 inferre
2526 3426 2915 3480 audiveramus
2947 3427 3259 3481 divinorum
3292 3430 3517 3496 dogma-

1932 3530 2072 3574 tum.
2100 3518 2233 3573 Esse
2265 3534 2374 3573 non
2418 3519 2600 3573 solum
2636 3519 2989 3586 turpissimas
3020 3518 3120 3573 has
3151 3521 3511 3583 mutationes,

1930 3606 2029 3661 sed
2055 3606 2228 3662 etiam
2251 3606 2581 3660 multifarias
2603 3615 2659 3662 et
2686 3622 2753 3661 ex
2780 3607 3011 3663 insaniae
3033 3609 3345 3663 colluvione
3372 3609 3515 3663 mul-

1930 3694 2133 3750 tiformi
2161 3707 2471 3759 concretas,
2504 3705 2566 3751 ut
2595 3712 2789 3752 verum
2819 3698 2911 3762 sit,
2945 3714 3069 3769 quae
3116 3699 3245 3755 huic
3288 3715 3514 3770 compo-

1929 3804 2064 3843 nere
2092 3789 2325 3861 contigit
2358 3792 2548 3844 multis
2581 3791 2915 3861 quibusdam
2939 3793 3141 3857 modis,
3179 3796 3358 3859 magis
3388 3809 3511 3864 qua:

1929 3879 2267 3936 damnentur
2291 3882 2455 3951 digna
2482 3898 2605 3938 esse
2650 3899 2815 3953 quam
2841 3895 2964 3953 qua:
3006 3893 3102 3937 aut
3147 3884 3388 3940 Sabeliio
3416 3895 3512 3939 aut

1928 3974 2061 4030 Ario
2112 3984 2169 4030 et
2228 3976 2507 4040 omnibus,
2558 3976 2653 4045 qui
2718 3975 2985 4030 Eunomia
3039 3987 3095 4029 et
3150 3973 3405 4034 Nestorio
3455 3986 3512 4029 et

1928 4067 2269 4137 Apollinario
2294 4067 2405 4122 sint
2447 4067 2747 4136 astipulati.
2796 4067 3051 4122 Consona
3082 4070 3229 4121 enim
3268 4076 3415 4132 sunt,
3441 4074 3511 4120 ut

1930 4158 2210 4228 cognitum
2244 4166 2348 4220 est,
2377 4158 2544 4212 etiam
2580 4158 2725 4224 illis;
2777 4158 3017 4212 diversis
3069 4169 3252 4211 autem
3283 4169 3339 4212 et
3391 4158 3509 4212 ine-

1929 4251 2207 4322 ptioribus
2234 4252 2756 4320 exaggerationibus
2799 4251 2960 4320 plena
3000 4260 3056 4306 et
3101 4251 3506 4319 ineptissimum

1930 4344 2086 4405 illud,
2120 4343 2266 4413 quod
2303 4343 2453 4397 hunc
2482 4343 2718 4397 maxime
2743 4344 2991 4397 omnium
3021 4343 3240 4396 illorum
3275 4343 3513 4398 debebat

1930 4436 2163 4506 pudere,
2199 4451 2437 4506 quorum
2465 4433 2984 4504 exaggerationibus
3019 4435 3132 4504 ipsa
3180 4432 3345 4488 etiam
3382 4450 3517 4488 con-

259 4533 347 4585 καὶ
367 4531 632 4601 φρούριον
660 4530 804 4596 μάλα
827 4528 1191 4598 προϐάλλεται
1223 4528 1442 4599 ἰσχυρὸν
1472 4529 1554 4580 ὅτι
1591 4526 1665 4596 μὴ
1696 4526 1828 4594 ὁμό-

1931 4531 2072 4584 vicia
2105 4529 2427 4599 superabat.
2463 4527 2563 4582 Hic
2590 4529 2752 4585 etiam
2783 4538 2844 4582 ut
2866 4528 3069 4596 justam
3121 4543 3336 4596 pcenam
3367 4529 3514 4582 acci-

262 4639 402 4690 φωνα
461 4620 725 4686 καθάπαξ
766 4621 1062 4689 φθέγγεται
1097 4622 1271 4688 σφίσι.
1331 4622 1441 4672 Καὶ
1469 4619 1550 4672 ὅτι
1588 4620 1688 4689 μὲν
1729 4619 1828 4688 οὐχ

259 4715 509 4785 ὁμόφωνα
526 4711 683 4767 ταῦτ’
714 4713 972 4776 ἐκείνοις,
1002 4712 1120 4780 βοᾷ,
1149 4713 1231 4763 ὅτι
1265 4710 1320 4763 δὲ
1352 4712 1520 4781 χείρω
1557 4712 1830 4765 κάκείνων

264 4813 479 4877 μακροῖς
514 4823 628 4861 τισι
662 4808 904 4877 μέτροις,
931 4804 1080 4875 σιγᾷ,
1105 4804 1338 4868 παίζων,
1371 4803 1445 4867 ὡς
1468 4803 1536 4857 ἄν
1558 4821 1637 4866 τις
1669 4805 1825 4873 φαίη,

260 4903 313 4953 ἐν
335 4904 391 4955 οὐ
419 4904 693 4962 παικτοῖς.
723 4900 926 4954 Τοῦτον
973 4901 1153 4953 τοίνυν
1194 4900 1272 4960 εἰς
1308 4898 1432 4967 ὄψιν
1461 4898 1690 4968 ἀφῖχθαί
1738 4914 1828 4967 μοι

264 4994 549 5064 βουλοίμην
575 4994 659 5048 ἄν.
686 4994 746 5047 Εἰ
777 4995 870 5047 οὖν
902 5010 981 5046 σοι
1020 4994 1117 5045 καὶ
1138 4994 1296 5062 ἡμῶν
1324 4992 1499 5061 μέλοι,
1529 4988 1592 5063 [ί.
1625 4992 1723 5045 151
1753 4987 1828 5062 r.]

261 5090 329 5157 μὴ
358 5089 730 5159 ἄχθεσθαι,σὺ
761 5088 805 5141 δ’
835 5086 951 5140 ἀλλ’
983 5085 1173 5156 ἐντελῆ
1201 5104 1290 5156 μοι
1320 5086 1418 5157 τὴν
1440 5084 1674 5157 ζήτησιν
1694 5084 1828 5155 δρᾷν

259 5180 543 5251 προθυμήθ
557 5197 634 5246 ητι
647 5218 663 5233 .
706 5198 725 5230 ι

323 5450 454 5508 KH’.
485 5451 602 5523 Τὴν
631 5453 695 5521 δὴ
724 5453 978 5523 τοιαύτην
1004 5453 1194 5522 ἔφεσιν
1240 5450 1333 5504 τοῦ
1366 5449 1601 5505 Λατίνου
1657 5447 1826 5518 μηδὲν

261 5542 526 5613 μελλήσας
598 5548 623 5597 ὁ
670 5545 922 5616 βασιλεὺς
975 5546 1029 5607 ἐς
1064 5546 1164 5614 τὴν
1208 5543 1505 5612 ὑστεραίαν
1541 5542 1703 5603 εὐθὺς
1736 5543 1827 5593 ὲκ-

258 5631 463 5705 πληροί,
489 5636 924 5704 παρεσκευακὼς
956 5636 1215 5704 ὁμιλῆσαι
1239 5634 1318 5702 τῷ
1354 5632 1606 5701 ΙΙαλαμᾷ,
1633 5631 1724 5683 καὶ
1751 5623 1828 5682 ὧν

257 5722 395 5792 λέγει
434 5730 606 5781 αὑτὸν
657 5728 921 5799 αὑτήκοον
972 5728 1255 5795 γεγονέναι
1299 5725 1391 5777 τὸν
1423 5725 1674 5776 Λατῖνον.
1714 5722 1827 5791 Τῆς

254 5809 340 5871 οὖν
378 5817 604 5889 ὁμιλίας
648 5819 947 5889 γενομένης
984 5819 1184 5889 μικρὸν
1220 5817 1446 5878 διαστὰς
1479 5817 1570 5869 καὶ
1620 5814 1826 5867 ἀπολα-

1930 4633 2107 4693 peret,
2142 4623 2196 4676 in
2226 4637 2507 4677 carcerem
2548 4637 2674 4675 cum
2716 4620 2770 4674 vi
2808 4621 3094 4691 conjectus
3124 4629 3212 4675 est
3268 4621 3511 4685 ﬁrmum,

1929 4730 2000 4769 ne
2050 4713 2458 4768 cuneordanter
2486 4713 2715 4765 omnino
2762 4710 2880 4764 haec
2915 4721 3113 4764 sonent
3148 4726 3272 4764 cum
3306 4710 3416 4765 illis
3458 4722 3515 4765 et

1930 4804 2074 4872 quod
2103 4819 2212 4856 non
2240 4803 2294 4855 in
2326 4802 2564 4871 unisonQ
2593 4802 2708 4855 haec
2736 4815 2861 4855 cum
2893 4800 2999 4852 illis
3022 4802 3264 4854 clamant
3285 4810 3340 4854 et
3365 4801 3512 4869 quod

1931 4896 2115 4964 pejora
2156 4895 2319 4948 etiam
2348 4894 2456 4948 illis
2489 4893 2665 4961 longis
2696 4892 3027 4963 quibusdam
3060 4892 3307 4956 modum,
3343 4901 3512 4957 tacet,

1928 4987 2141 5055 jocuns,
2171 4996 2233 5041 ut
2271 4986 2455 5039 dicere
2492 4985 2695 5054 possis,
2743 4984 2842 5047 ibi,
2890 4984 2980 5037 ubi
3031 4983 3215 5038 nullus
3247 4983 3516 5054 cssejoco

1929 5077 2086 5132 locus
2114 5078 2304 5133 debet.
2337 5078 2493 5133 Hunc
2526 5076 2693 5147 igitur
2724 5076 2778 5129 in
2806 5084 3092 5144 aspectum
3125 5077 3259 5129 mihi
3289 5075 3514 5129 venisse

1930 5171 2165 5235 vellem;
2200 5170 2244 5223 si
2274 5185 2407 5239 ergo
2444 5169 2542 5223 tibi
2571 5168 2739 5223 etiam
2770 5182 2873 5222 nos
2895 5165 3048 5222 cordi
3085 5165 3249 5238 264
3273 5182 3339 5222 ac
3366 5180 3515 5220 cura

1931 5279 2146 5325 sumus,
2184 5277 2251 5316 ne
2278 5277 2420 5330 aegre
2446 5261 2528 5313 fer
2561 5268 2619 5314 et
2668 5261 2736 5313 de
2784 5259 3015 5327 reliquis
3062 5259 3332 5328 integrann
3376 5256 3510 5311 mibi

1929 5369 2243 5424 preponere
2273 5352 2636 5422 quaestionem
2668 5354 2744 5407 sis
2771 5339 3018 5421 paratus.
3064 5369 3084 5401 ι

2003 5445 2240 5501 XXVIII.
2284 5446 2473 5499 Talem
2508 5445 2694 5514 itaque
2734 5443 2999 5513 impetum
3051 5440 3232 5495 Latini
3285 5439 3511 5492 minime

1931 5540 2225 5595 retardans
2282 5540 2613 5609 imperator,
2645 5539 2701 5591 in
2756 5544 3036 5604 posterum
3072 5533 3218 5587 diem
3268 5532 3509 5587 cilicium

1931 5633 2116 5702 explet
2143 5648 2329 5695 suum,
2359 5648 2418 5687 se
2449 5646 2649 5702 parans
2690 5631 2755 5684 ad
2789 5625 3214 5697 colloquendum
3249 5639 3374 5680 eum
3407 5626 3507 5678 l‘a-

1929 5725 2092 5788 lama,
2116 5724 2274 5794 cujus
2296 5722 2553 5794 colloquii
2575 5722 2709 5777 dicit
2731 5723 2910 5791 ipsum
2935 5720 3362 5775 auscultatorem
3389 5734 3512 5774 esse

1930 5815 2208 5871 Latinum.
2239 5815 2531 5885 Colloquio
2577 5824 2763 5868 autem
2795 5812 3048 5866 instituto
3096 5827 3265 5880 prope
3295 5811 3510 5867 distans
