4034 6466
503 335 605 399 231

1707 332 2126 395 NICEPHORI
2167 333 2552 395 GREGORE
3655 330 3749 409 232

518 447 656 502 etad
690 462 748 502 se
781 446 1010 500 trahens
1054 443 1312 516 privatim
1366 443 1769 515 imperatorem
1836 445 2089 508 Latinus,

2203 444 2314 498 ϐὼν
2343 445 2448 516 ίδίᾳ
2474 447 2566 500 τὸν
2614 446 2841 517 βασιλέα
2961 447 3190 511 Λατῖνος
3217 446 3403 502 ’πολλὰ⁴
3421 448 3520 519 μὲν
3547 451 3750 510 ἀκούειν

508 541 681 594 multa
704 539 928 608 quidem
952 538 1086 592 dicit
1110 552 1169 592 se
1192 538 1508 605 loquentem
1529 536 1750 591 audisse
1784 537 2086 597 Palamam,

508 631 604 687 sed
639 641 846 685 temere
873 639 928 683 et
959 629 1123 683 modo
1149 628 1276 693 hoc,
1307 628 1474 682 modo
1494 627 1628 682 illud
1659 636 1716 681 et
1748 627 1943 682 eadem
1970 627 2088 681 htec

509 721 756 790 undique
783 719 1080 788 compilata
1115 728 1171 772 et
1193 734 1453 785 corrasa;
1489 728 1547 772 ut
1571 718 1857 772 videamur
1891 718 2088 773 incerti

507 826 650 874 esse,
679 821 865 864 utrum
895 811 1164 879 qualitate
1208 810 1431 872 borum,
1463 825 1530 862 an
1566 810 1873 878 quantitate
1915 809 2089 879 magis

507 903 574 956 ad
627 902 1042 970 perversitatem
1077 901 1329 954 stimulos
1377 900 1564 954 addat.
1601 901 1864 966 Quaesivit
1903 910 2088 956 autem

506 995 866 1048 nihilominus
895 993 1111 1047 Palama
1143 993 1460 1062 disputante
1483 994 1650 1048 etiam
1683 1009 1920 1052 mecum.
1956 1009 2089 1048 num

508 1086 625 1154 ipse
679 1095 866 1140 tacens
917 1085 1111 1148 factus,
1143 1100 1320 1139 essem
1377 1085 1618 1140 auditor.
1681 1085 1864 1150 Quare
1921 1087 2088 1140 etiam

510 1177 774 1246 postridie
834 1193 1094 1232 vocansa
1130 1194 1254 1248 rege
1281 1179 1434 1232 venit
1488 1190 1541 1233 et
1575 1193 1659 1232 me
1715 1194 1884 1232 unum
1931 1193 1962 1232 e
2006 1179 2091 1249 ja-

509 1272 790 1325 ctantibus
843 1273 1185 1325 nobilitatem
1239 1273 1455 1339 generis
1512 1287 1744 1340 magnus
1810 1272 2088 1342 logotbeta

507 1374 565 1418 et
608 1363 700 1416 vix
755 1378 842 1417 me
897 1363 1032 1416 dicit
1085 1365 1371 1418 consuetis
1406 1364 1604 1433 capitis
1663 1363 1872 1416 morbis
1927 1380 2087 1432 pror-

508 1468 602 1508 sus
661 1468 780 1507 esse
834 1453 1150 1507 liberatum.
1183 1455 1249 1507 Et
1300 1463 1590 1523 postquam
1657 1455 1909 1524 decipere
1961 1471 2087 1508 eum

508 1562 620 1600 non
648 1546 758 1616 jam
793 1546 1013 1609 licebat,
1050 1562 1284 1616 surgens
1336 1546 1470 1599 abii.
1512 1547 1681 1616 Cujus
1733 1547 1807 1600 rt-i
1860 1547 2086 1614 gratiam

509 1638 739 1691 minime
795 1638 1042 1692 onmium
1090 1655 1268 1708 neque
1329 1640 1540 1693 sciebat
1573 1656 1752 1709 neque
1800 1655 1991 1694 revera
2033 1652 2091 1693 ut

509 1733 651 1784 scire
678 1732 917 1787 disceret
948 1749 1171 1802 operam
1201 1733 1389 1789 dabat.
1426 1736 1768 1804 Praeceperat
1796 1735 1944 1789 enim
1985 1737 2089 1790 He-

512 1826 630 1878 lena
665 1825 1010 1894 imperatrix,
1040 1842 1108 1880 ne
1132 1841 1161 1879 a
1188 1841 1275 1879 me
1298 1837 1425 1881 ante
1452 1836 1884 1896 cognosceretur
1899 1843 2086 1894 causa,

507 1933 608 1971 cur
641 1919 692 1970 in
743 1917 830 1986 jus
863 1927 1174 1981 vocaretur,
1231 1934 1300 1973 ne
1351 1934 1477 1973 cum
1527 1921 1710 1974 studio
1758 1933 2088 1976 maturarem

508 2009 802 2064 adventum
834 2020 890 2064 et
915 2010 1162 2080 quadam
1190 2010 1485 2067 celebritas
1515 2012 1671 2066 ﬁeret
1703 2015 2090 2069 ostentationis

508 2104 868 2159 Palatniticaz.
901 2105 1034 2158 Nam
1069 2121 1230 2174 quam
1263 2107 1333 2160 ob
1371 2121 1592 2161 causam
1616 2122 1716 2160 suo
1749 2105 1910 2178 265
1949 2109 2092 2176 patri

509 2196 916 2260 Cantacuzeno,
946 2196 1112 2250 enixe
1161 2197 1241 2252 sic
1287 2198 1456 2252 etiam
1490 2200 1740 2253 Palamas
1769 2199 2007 2252 instabat
2037 2207 2093 2252 ct

510 2289 906 2343 adversabatur
973 2290 1303 2359 plerumque
1366 2293 1617 2361 conjugis
1689 2295 1977 2346 sentcntiae
2036 2294 2093 2346 in

511 2381 774 2436 omnibus
806 2382 994 2447 rt-bus,
1029 2381 1095 2435 ad
1143 2399 1281 2452 quas
1318 2384 1472 2436 illum
1520 2399 1617 2436 sua
1670 2383 1840 2436 trabit
1881 2384 2092 2452 religio.

510 2473 698 2540 Nuper
749 2483 934 2528 autem
973 2475 1153 2528 aulam
1207 2476 1413 2545 regiam
1460 2475 1688 2529 intranti
1744 2474 1878 2527 mihi
1925 2476 2093 2527 etiam

511 2565 786 2618 Palatinam
822 2565 896 2618 ibi
943 2565 1010 2618 ad
1048 2565 1457 2634 disputationes
1491 2564 1864 2618 instituendas
1909 2564 2095 2618 COIlSi‘.

509 2657 730 2711 dentem
761 2657 962 2712 licebat
996 2658 1207 2713 videre.
1241 2658 1331 2712 Sic
1360 2666 1538 2711 autem
1574 2657 1706 2710 mihi
1734 2656 1912 2725 capite
1945 2657 2097 2710 labo-

510 2747 657 2800 ranti
690 2747 940 2800 etiamet
983 2763 1108 2802 cum
1157 2758 1264 2801 tam
1315 2749 1599 2817 inopinato
1633 2748 1953 2818 impeditum
2007 2761 2094 2802 me

509 2841 817 2894 certamine
869 2839 1138 2905 viderem,
1195 2841 1433 2910 primum
1484 2840 1706 2908 quidem
1771 2841 1953 2894 visum
2009 2850 2095 2895 est

509 2931 684 2985 satius
718 2946 838 2985 esse
886 2931 1110 2986 domum
1156 2933 1364 2987 tamdiu
1427 2933 1632 2998 redire,
1665 2933 1842 2989 donec
1878 2949 2091 2988 mecum

508 3033 728 3092 paratas
785 3024 908 3078 illas
961 3025 1094 3078 mihi
1151 3025 1954 3095 accusationes,reputassem.
2011 3026 2090 3080 Ne

2191 535 2298 605 ἔφη
2351 535 2605 603 λέγοντος
2638 537 2898 606 Παλαμᾶ,
2956 537 3133 606 μάτην
3179 536 3224 588 δ’
3285 532 3378 590 οὖν
3408 539 3500 592 καὶ
3545 541 3752 598 ἄλλοθεν

2191 628 2326 681 ἄλλα
2364 628 2805 698 συμπεφυρμένα
2837 646 2894 681 τε
2937 631 3035 682 καὶ
3075 629 3502 699 παρευρημένα,
3535 631 3607 695 ὡς
3629 635 3752 687 ἀπο-

2193 722 2305 789 ρεῖν
2334 721 2482 790 ἡμᾶς
2509 719 2907 788 ἀποφαίνεσθαι
2945 721 3174 791 πότερον
3199 725 3265 793 τῇ
3297 725 3543 794 ποιότητι
3567 724 3754 780 τούτων

2191 813 2224 882 ἦ
2257 815 2322 882 τῇ
2355 813 2614 882 ποσότητι
2645 812 2762 884 δοίη
2794 829 2878 876 τις
2904 814 2972 867 ἂν
3005 813 3066 866 τὺ
3096 814 3234 885 πρὸς
3264 815 3462 869 κακίαν
3491 819 3750 886 τρόπαιον.

2204 902 2468 974 Ἐξήτησε
2497 903 2542 956 δ’
2573 902 2667 956 οὖν
2699 905 2850 972 ὅμως
2877 903 2970 957 τοῦ
2995 906 3236 972 Παλαμᾶ
3260 905 3639 978 διαλεγομένου
3673 913 3755 962 καὶ

2192 997 2332 1068 προς
2376 997 2476 1068 ἐμὲ
2511 998 2681 1066 σιγῶν
2715 999 2878 1059 αὐτὸς
2927 999 3180 1066 γενέσθαι
3231 1001 3527 1071 ἀκροατής.
3557 1001 3644 1054 Διὸ
3672 1004 3757 1055 καὶ

2191 1090 2258 1156 τῇ
2291 1087 2557 1157 ὑστεραίᾳ
2606 1086 2791 1140 καλῶν
2818 1089 2884 1141 ἐκ
2917 1087 3179 1157 βασιλέως
3199 1090 3325 1160 ἥκει
3354 1090 3498 1158 κάμὲ
3523 1091 3628 1143 τῶν
3676 1091 3757 1144 ἐπ’

2193 1180 2442 1250 εὐγενείᾳ
2467 1180 2887 1251 σεμνυνομένων
2915 1182 2944 1234 ό
2976 1182 3149 1250 μέγας
3177 1181 3488 1252 λογοθέτης,
3513 1182 3634 1253 ἄρτι
3659 1187 3757 1236 τῶν

2192 1271 2462 1325 εἰωθότων
2513 1271 2614 1340 τῆς
2650 1271 2893 1341 κεφαλῆς
2925 1273 3254 1340 νοσημάτων
3307 1273 3368 1325 οὐ
3405 1273 3603 1333 τελέως
3643 1272 3754 1341 μὲν,

2193 1367 2617 1436 ἀπηλλαγμένον
2662 1366 2706 1418 δ’
2733 1363 2846 1420 οὖν.
2883 1365 3135 1437 Κὰπειδὴ
3171 1365 3615 1438 παρακρούεσθαι
3666 1367 3757 1419 οὑκ

2192 1460 2342 1527 ὲνῆν,
2366 1460 2607 1520 ἀναστὰς
2658 1458 2882 1529 ἀπῄειν,
2920 1459 3043 1511 ὂτου
3105 1460 3269 1528 χάριν
3318 1459 3521 1529 ἥκιστα
3550 1459 3756 1509 πάντων

2192 1549 2477 1615 οὓτέίδὼς
2505 1549 2630 1604 οὔτε
2667 1549 2773 1621 μὴν
2801 1551 3337 1621 πολυπραγμονήσας
3360 1551 3568 1619 μαθεῖν.
3599 1550 3757 1618 [lpos-

2193 1644 2439 1714 ετετάχει
2499 1643 2608 1714 γὰρ
2664 1645 2695 1713 ἡ
2750 1641 2964 1713 βασιλὶς
3001 1643 3189 1712 Ἑλένη
3269 1643 3344 1712 μὴ
3395 1639 3760 1709 προεγνῶσθαί

2197 1753 2288 1805 μοι
2339 1736 2400 1787 τὸ
2457 1739 2554 1804 τῆς
2603 1735 2996 1803 προσκλήσεως
3033 1733 3252 1796 -αῐτιον,
3286 1734 3374 1806 ἶνα
3421 1733 3496 1802 μὴ
3526 1733 3620 1784 σὺν
3671 1749 3760 1800 με·

2195 1827 2328 1898 λέτῃ
2365 1825 2546 1898 δρῴην
2571 1827 2668 1895 τὴν
2709 1826 2898 1896 ἄφιξιν
2937 1827 3029 1878 καί
3056 1842 3144 1887 τις
3181 1825 3646 1894 παρευδοκίμησις
3679 1821 3761 1890 γέ·
3826 1861 3843 1882 ,

2193 1938 2354 1990 νηται
2397 1921 2497 1990 τῆς
2543 1918 2637 1972 τοῦ
2682 1919 2918 1988 Παλαμᾶ
2977 1917 3312 1983 ἐπιδείξεως.
3369 1916 3474 1969 Διὰ
3515 1915 3622 1985 γὰρ
3678 1913 3761 1966 τὸν

2192 2012 2404 2082 ἑαυτῆς
2448 2013 2688 2079 πατέρα’
2719 2005 3178 2078 Καντακουζηνδν
3211 2007 3331 2060 λίαν
3377 2007 3476 2060 καὶ
3528 2005 3664 2076 αὕτη
3689 2003 3763 2076 τῷ

2195 2101 2431 2172 Παλαμᾷ
2459 2099 2802 2169 προσέκειτο,
2836 2097 2934 2150 καὶ
2985 2098 3357 2166 ἀντέπραττεν
3385 2097 3460 2158 ὡς
3503 2098 3568 2149 τὰ
3597 2096 3758 2149 πολλὰ

2193 2197 2258 2263 τῇ
2286 2192 2650 2260 τοῦ,συζύγου
2683 2193 2878 2261 γνώμῃ
2925 2191 3064 2260 πρὸς
3095 2189 3196 2242 ὅσα
3225 2190 3292 2259 τῇ
3329 2189 3604 2260 θρησκείᾳ
3647 2205 3762 2240 συν-

2192 2287 2378 2340 τείνει.
2419 2285 2580 2352 "Apri
2615 2301 2679 2351 γε
2716 2283 2826 2351 μὴν
2868 2281 2967 2351 τὴν
3009 2281 3281 2352 βασίλειον
3334 2281 3510 2352 αὐλὴν
3558 2280 3764 2333 εἰσιόντι

2198 2397 2289 2448 μοι
2323 2361 2419 2430 καὶ
2451 2377 2722 2444 Παλαμᾶν
2747 2377 2862 2427 ἐκεῖ
2883 2373 3039 2441 πρὸς-
3057 2374 3321 2448 διαλέξεις
3367 2373 3594 2442 ἔφεδρον
3633 2370 3762 2424 εἶναι

2199 2471 2390 2539 μαθεῖν
2423 2469 2722 2535 ἐξεγένετο.
2757 2466 2916 2520 Οὕτω
2944 2466 2988 2518 δ’
3025 2467 3204 2536 ἔχοντί
3237 2484 3329 2534 μοι
3362 2467 3473 2518 τῶν
3515 2467 3578 2518 ἐκ
3603 2481 3761 2532 κεφαο

2195 2561 2293 2630 λῆς
2324 2560 2636 2632 ἀλγηδόνων
2679 2560 2790 2626 ἔτι,
2821 2561 2916 2613 καὶ
2960 2558 3023 2632 [ί.
3054 2559 3151 2615 151
3186 2557 3262 2629 υ.]
3297 2557 3472 2621 οὕτως
3514 2556 3766 2627 ἁπροσδο⁸

2195 2653 2862 2723 κήτως“ὲμπεπηδηκότος
2904 2651 3122 2721 μοιτοῦ
3158 2652 3390 2719 ἀγῶνος,
3426 2651 3647 2720 πρῶτον
3675 2648 3765 2716 μὲν

2195 2747 2343 2811 ἔδοξε
2377 2747 2586 2817 βέλτιον
2611 2745 2798 2798 οἶκαδε
2830 2745 2967 2805 τέως
3002 2744 3287 2796 ἐπανιέναι
3323 2759 3410 2812 με,
3457 2743 3630 2811 μικρὰ
3662 2739 3762 2792 τῶν

2197 2838 2675 2911 μεμηχανημένων
2707 2838 3101 2908 προσκλήσεων
3125 2835 3351 2888 ἐκείνων
3383 2834 3758 2905 φροντίσαντιο

2194 2931 2282 2984 ἴνα
2313 2931 2357 2984 δ’
2389 2924 2483 2983 οὖν
2526 2929 2601 3000 μὴ
2631 2927 2834 2990 δειλίας
2884 2925 3144 2980 ὑπόνοιαν
3189 2929 3301 2988 τοῖς
3346 2925 3759 2994 φιλοσκώμμοσι

2193 3023 2396 3093 δῶμεν,
2423 3019 2822 3090 ὲπερρώσαμέν
2854 3036 2915 3072 τε
2938 3013 3095 3082 αὖθις
3121 3017 3212 3070 τὸν
3238 3017 3508 3086 λογισμὸν
3530 3017 3622 3069 καὶ
3649 3016 3764 3067 ἀνε-

509 3115 676 3184 igitur
711 3117 940 3187 ignavia:
971 3116 1345 3184 suspicionem
1393 3117 1536 3186 apud
1569 3117 1822 3171 homines
1868 3117 2088 3172 dicaces

2194 3117 2429 3186 λάὅομεν
2455 3113 2708 3179 ἑαυτοὺς,
2742 3111 2861 3183 Θεῷ
2883 3112 2948 3165 τὸ
2983 3113 3090 3166 πᾶν
3115 3111 3534 3180 ἐπιτρέψαντες.

509 3207 848 3274 subiremus,
882 3208 1340 3264 conﬁrmavimus
1374 3225 1572 3264 rursus
1616 3210 1949 3264 sententiam
1981 3224 2086 3264 no-

509 3308 680 3353 stram
715 3308 771 3353 et
805 3301 1119 3370 recepimus
1150 3301 1263 3356 Deo
1293 3316 1397 3356 nos
1433 3303 1617 3356 omnia
1653 3302 2084 3356 committentes.

583 3389 776 3444 XXIX.
804 3393 982 3460 Atque
1031 3393 1106 3446 ita
1141 3393 1209 3446 ad
1239 3394 1421 3462 ipsum
1447 3394 1837 3464 imperatorem
1863 3396 2090 3450 accede-

510 3481 660 3545 bam,
680 3498 840 3552 quem
865 3500 990 3537 cum
1010 3485 1376 3554 praesentibus
1399 3486 1679 3541 nobilibus
1695 3488 1830 3542 viris
1850 3497 1906 3543 et
1925 3489 2090 3544 simul

511 3589 637 3627 eum
691 3573 896 3628 Helena
931 3576 1118 3646 regina
1163 3576 1506 3634 oﬂ‘endebam
1548 3580 1972 3650 colloquentem,
2004 3599 2092 3637 se-

511 3673 678 3719 cutus
700 3667 1022 3722 certaminis
1051 3671 1417 3725 temeritatem
1437 3671 1528 3728 .Et
1554 3688 1676 3742 quae
1709 3673 1782 3727 ibi
1811 3673 2088 3743 disputata

512 3766 828 3826 suntquam
854 3760 1025 3813 multa
1048 3769 1101 3815 et
1123 3762 1304 3830 qualia
1329 3771 1386 3817 et
1412 3764 1690 3834 quomodo
1719 3774 1934 3836 tempus
1961 3765 2091 3820 talia

512 3848 971 3916 suppeditaverit,
1003 3853 1308 3907 narrabunt
1333 3868 1398 3908 ea
1429 3869 1551 3922 qua:
1586 3865 1917 3924 sequuntur.
1954 3855 2088 3910 Per-

2267 3403 2398 3461 KO'.
2435 3405 2540 3460 Καὶ
2583 3403 2758 3466 οὕτως
2821 3405 2902 3465 είς
2935 3403 3102 3455 αὐτὸν
3131 3401 3333 3473 εἰσῄειν
3361 3401 3591 3472 βασιλέα
3622 3404 3687 3474 τῇ
3705 3415 3761 3456 τε

2195 3501 2303 3554 τῶν
2325 3484 2562 3566 εὐγενῶν
2597 3495 2826 3549 συνόντα
2859 3495 3140 3565 παρουσίᾳ
3169 3497 3262 3548 καὶ
3301 3496 3420 3564 ἅμα
3469 3496 3571 3565 τῆς
3618 3495 3763 3566 βασι·

2196 3593 2340 3656 λίδος
2383 3591 2622 3660 Ἑλένης,
2672 3587 2752 3659 τῷ
2783 3588 2881 3642 τοῦ
2929 3588 3241 3658 συμϐάντος
3286 3589 3485 3661 σχεδίῳ
3527 3608 3766 3663 παρηκο-

2196 3683 2499 3754 λουθηκώς.
2531 3683 2614 3737 Τά
2658 3698 2722 3750 γε
2771 3681 2879 3751 μὴν
2916 3682 3030 3734 ἐκεῖ
3070 3680 3406 3751 λαληθέντα,
3460 3685 3633 3738 ὁπόσα
3675 3685 3765 3737 καὶ

2197 3775 2306 3846 οἷα,
2339 3780 2433 3832 καὶ
2465 3779 2615 3840 ὅπως
2663 3778 2692 3828 ὁ
2723 3774 2916 3845 καιρὸς
2963 3773 3245 3844 ἐσχεδίασε
3295 3778 3365 3828 τὰ
3396 3777 3643 3838 τοιαῦτα.
3680 3777 3767 3848 δη-

2198 3870 2357 3924 λώσει
2389 3871 2456 3922 τὰ
2511 3868 2728 3937 ἑφεξῆς.
2775 3868 3095 3938 Γέγραπται
3153 3867 3256 3937 μὲν
3306 3868 3416 3937 γάρ
3473 3887 3565 3938 μοι
3617 3871 3765 3921 ταυτὶ

511 3941 778 4009 scriptum
808 3952 895 3997 est
925 3943 1070 3997 enim
1099 3959 1129 3996 a
1159 3960 1246 3999 me
1278 3945 1382 4000 hoc
1407 3949 1542 4000 satis
1569 3948 1718 4002 tenui
1750 3948 1912 4018 stylo.
1955 3945 2089 4000 Tra-

2194 3962 2496 4032 λεπτοτέρᾳ.
2527 3961 2635 4012 τινὶ
2663 3959 2939 4028 διηγήσει,
2976 3958 3255 4011 ὲκδέδοται
3290 3957 3335 4011 δ’
3368 3958 3444 4020 ὡς
3489 3959 3548 4026 ἐξ
3581 3961 3765 4029 ἐτέρου

511 4032 690 4088 ditum
723 4045 807 4089 est
834 4047 1018 4092 autem
1049 4038 1119 4092 ab
1151 4039 1327 4094 altero
1378 4041 1619 4110 quodam
1644 4057 1838 4096 eorum
1884 4040 2089 4111 quiribi

2194 4057 2301 4108 τῶν
2346 4057 2460 4107 ἐκεῖ
2505 4053 2795 4122 παρόντων
2845 4053 2998 4114 ἐνὸς,
3041 4052 3178 4120 πρὸς
3231 4051 3596 4121 ὲρωτήσαντά
3649 4066 3765 4105 τινα

512 4127 802 4182 adfuerant
843 4132 936 4199 qui
983 4131 1344 4204 interroganti
1379 4133 1600 4189 cuidam
1635 4134 1946 4204 respondit.
1983 4135 2094 4190 Res

511 4232 646 4274 vero
675 4219 756 4275 sic
786 4237 845 4276 se
879 4223 1072 4278 habet.

2193 4140 2351 4212 δῆθεν
2379 4139 2692 4205 διεξιόντος.
2728 4139 2886 4211 Ἔχει
2919 4139 2976 4192 δὲ
3011 4140 3270 4196 οὑτωσίν.
