4034 6466
206 246 209 249 ’
246 260 353 325 233

1216 250 1664 314 BYZAN'I‘leE
1703 243 2096 307 HISTORLE
2135 242 2280 303 LIB.
2323 240 2513 302 XXX.

3419 235 3529 300 234

254 435 3512 480 MM

645 618 1653 755 ΝΙΚΗΦΟΡΟΥ
1814 612 2167 746 ΤΟΥ
2325 599 3122 740 ΓΡΗΓΟΡΑ

879 866 1699 989 ΡΩΜΑΙΚΗΣ
1772 860 2106 981 ΜΕΝ
2182 855 2895 975 ΙΣΤΟΡΙΑΣ

1602 1092 1974 1180 ΛΟΓΟΣ
2047 1084 2178 1211 A',

1430 1269 2014 1328 ΔΟΓΜΑΤΙΚΟΣ
2088 1272 2186 1325 ΔΕ
2258 1274 2340 1327 A'.

247 1423 539 1491 Μοναχοῦ
569 1423 916 1491 Νικηφόρου
945 1422 1052 1475 τοῦ
1082 1419 1363 1491 Γρηγορᾶ
1382 1420 1668 1490 διήγησις
1700 1420 1835 1488 περὶ
1871 1416 1996 1490 Ξτῆς
2029 1418 2363 1484 διαλέξεως
2415 1417 2495 1486 ἣν
2525 1416 2860 1485 ἐποιήσατο
2911 1414 3064 1482 πρὸς
3099 1411 3209 1467 τὸν
3237 1408 3532 1482 Παλαμᾶν

318 1519 574 1573 ἐνώπιον
625 1519 732 1573 τοῦ
771 1519 1083 1585 ,βασιλέως
1134 1536 1269 1586 amp.
1328 1519 1443 1572 Ἰω.
1492 1516 1599 1571 τοῦ
1655 1515 2102 1584 Παλαιολόγου.
2131 1514 2451 1585 Εισάγεται
2501 1514 2571 1568 δὲ
2620 1514 2659 1583 ἠ
2718 1512 3003 1582 διήγησις
3060 1512 3142 1573 ὡς
3198 1509 3268 1573 ἐξ
3320 1506 3529 1576 ἑτέρου

318 1612 678 1682 προσώπου.

822 1920 1873 2081 NICEPHOBI
1984 1917 2960 2078 GREGORZE

1056 2208 1942 2337 BYZANTINZE
2023 2217 2756 2336 HISTORUE

1223 2436 1231 2443 ’
1285 2461 1648 2554 LIBER
1731 2461 2508 2591 TRICESIMUS,

1147 2661 1893 2724 DOGMATICORUM
1956 2661 2201 2725 VERO
2260 2664 2654 2726 PRIMUS.

266 2817 565 2883 Monachi
594 2816 943 2896 Nicephori
984 2814 1278 2894 Gregorae
1308 2812 1603 2874 narratio
1638 2810 1714 2872 de
1778 2810 2095 2891 colloquio
2142 2810 2313 2892 quod
2370 2831 2509 2874 cum
2556 2812 2821 2876 Palama
2879 2830 3090 2876 coram
3157 2813 3542 2894 imperatore
3598 2852 3601 2853 ί

544 2923 789 2982 Joanne
816 2918 1173 2997 Patwologo
1216 2917 1464 2979 habuit.
1505 2914 1852 2979 Inducitur
1888 2923 2095 2978 autem
2133 2916 2430 2978 narratio
2464 2926 2760 2998 tanquam
2794 2917 2869 2980 ab
2900 2916 3028 2980 alio
3057 2920 3253 2998 facta.

338 3224 419 3279 A'.
458 3222 619 3283 Ἀλλ’,
642 3216 687 3276 ὦ
720 3222 892 3292 φίλων
921 3222 1115 3294 ἄριστε
1148 3219 1576 3291 Ἀγαθόνικε,σύ
1599 3236 1691 3291 μοι
1712 3219 1853 3274 πάνο

2027 3220 2070 3276 l.
2106 3219 2244 3292 Age,
2270 3238 2304 3277 ο
2329 3221 2638 3278 amicorum
2665 3223 2876 3293 optime
2910 3222 3275 3295 Agathonice,
3312 3233 3368 3281 tu
3404 3244 3548 3283 unus

268 3336 376 3381 τως
414 3316 652 3387 μάλιστα
703 3316 922 3369 πάντων
972 3315 1154 3380 λέγοις
1201 3314 1271 3369 ἂν
1323 3316 1420 3368 καὶ
1458 3315 1696 3387 ἀφηγοίο
1750 3314 1849 3386 τὴν

272 3412 403 3481 χθὲς
436 3412 526 3462 ἐπὶ
555 3409 650 3462 τοῦ
681 3409 750 3462 τὰ
780 3410 963 3463 πάντα
998 3408 1227 3480 ἀρίστου
1249 3408 1518 3479 βασιλέως
1540 3409 1851 3480 γενομένην

271 3503 507 3568 διάλεξιν
532 3503 791 3573 Γρηγορᾷ
811 3520 871 3555 τε
896 3502 996 3555 καὶ
1030 3502 1292 3573 Παλαμᾷ.

346 3597 457 3648 Καὶ
493 3595 637 3663 μάλα
665 3612 751 3664 γε,
780 3588 825 3648 ὧ
866 3595 987 3665 φίλε
1027 3595 1283 3665 Θεότιμε,
1337 3596 1394 3649 εἴ
1423 3613 1504 3649 σοι
1536 3594 1853 3667 βουλομένῳ

272 3690 366 3743 καί
401 3687 566 3758 σχολὴ
601 3691 831 3759 προσείη
870 3689 932 3741 τὺ
972 3688 1162 3742 ἱκανὸν
1187 3689 1402 3759 οὐδαμῆ
1435 3689 1812 3760 ἁποσειομένη
1835 3706 1850 3721 ν

254 3782 496 3851 ποικίλη
554 3781 665 3851 γὰρ
718 3781 794 3841 ὡς
840 3780 1061 3852 ἀληθῶς
1109 3781 1206 3833 καὶ
1234 3782 1406 3851 ἀκοῆς
1440 3782 1672 3851 δεομένη
1710 3782 1856 3851 λαμ-

274 3877 438 3944 πρᾶς,
467 3874 561 3927 καὶ
591 3873 887 3945 ἥέρῤωται
915 3876 1053 3945 πρὸς
1093 3874 1389 3946 θειοτέρων
1433 3875 1731 3944 ἀντίληψιν
1761 3874 1853 3925 ὲν-

276 3968 452 4022 νοιῶν.
482 3968 666 4021 Πάντα
698 3967 799 4037 μὲν
832 3962 924 4022 οὖν
958 3984 1041 4020 σοι
1080 3966 1205 4022 καθ’
1235 3965 1294 4020 ἐν
1319 3968 1392 4022 τὰ
1428 3969 1545 4021 ἐκεῖ
1591 3966 1854 4037 λεχθέντα

275 4061 528 4127 διεξιέναι
556 4064 687 4125 tam;
724 4061 824 4132 μὲν
850 4060 917 4114 ἂν
958 4060 1254 4131 δυναίμην,
1292 4058 1425 4119 ἴσως
1451 4059 1497 4113 δ’
1537 4057 1624 4121 οὒ,
1676 4059 1855 4129 λήθης

278 4154 434 4208 ἐνίων
455 4153 883 4227 παρασυρέντων
904 4153 1111 4223 βυθοῖςο
1139 4153 1210 4206 τὰ
1233 4151 1280 4205 δ’
1299 4147 1399 4206 οὖν
1424 4150 1856 4223 ἀξιολογώτερα,

278 4249 370 4298 καὶ
395 4239 470 4300 ὧν
501 4264 583 4300 σοι
613 4246 816 4316 μᾶλλον
853 4244 1089 4300 ἀκοῦσαι
1118 4243 1318 4315 χρεὼν,
1366 4244 1546 4299 ταῦτα
1587 4245 1632 4297 δ’
1660 4242 1754 4297 οὖν
1781 4243 1860 4307 ὡς

279 4337 336 4388 ὲν
369 4337 653 4408 κεφαλαίῳ
689 4337 1050 4408 μεμνήσομαι
1088 4354 1195 4390 σοι.

351 4520 429 4577 B’.
464 4523 624 4593 Ἀρτι
658 4521 767 4597 τῶν
806 4520 1081 4575 εἰωθότων
1115 4520 1215 4590 τῆς
1234 4518 1484 4591 κεφαλῆς
1523 4522 1858 4590 νοσημάτων

286 4615 459 4687 βραχύ
488 4635 541 4670 τι
580 4615 946 4683 ἀνενεγκόντα
979 4615 1069 4668 τὸν
1117 4614 1409 4684 Γρηγορᾶν
1442 4609 1546 4686 ἦκε
1588 4614 1773 4667 καλῶν
1795 4616 1861 4667 ἐκ

284 4710 544 4781 βασιλέως
574 4709 604 4761 ὁ
664 4707 841 4777 μέγας
878 4706 1175 4775 λογοθέτης
1238 4706 1576 4777 ὁτουδήποτε
1626 4707 1815 4760 εἵνεκα
1842 4724 1858 4738 ο

283 4804 376 4855 καὶ
403 4800 591 4872 ἐπειδὴ
630 4798 1085 4870 παρακρούεσθαι
1109 4799 1210 4853 οὐκ
1242 4798 1392 4867 ἑνῆν,
1426 4799 1668 4862 ἀναστὰς
1717 4799 1864 4872 ἀπῄ-

282 4908 353 4952 ει,
386 4892 482 4942 καὶ
510 4888 629 4959 ἅμα
657 4889 897 4959 εἱπόμην
931 4888 1097 4952 αὐτὸς
1138 4888 1537 4952 ἀκουσόμενος.
1577 4885 1686 4943 Ἦν
1710 4890 1768 4943 δὲ
1800 4890 1863 4943 τὸ

284 4983 383 5051 τῆς
416 4985 565 5050 ὧρας
601 4981 699 5051 ὀψὲ
737 4981 875 5052 μετὰ
905 4979 1061 5033 δύσιν
1102 4980 1281 5050 ἡλίου.
1339 4980 1448 5033 Καὶ
1517 4981 1864 5052 προσεληλυ-

290 5073 394 5135 θὼς
423 5077 450 5126 ὁ
481 5073 788 5142 Γρηγορᾶς,
826 5072 921 5125 καὶ
956 5071 1055 5142 τὴν
1087 5072 1348 5127 εἰωθυῖαν
1396 5073 1760 5137 ἀποδεδωκὼς
1788 5073 1868 5145 τῷ

288 5166 498 5234 βασιλεί
526 5167 857 5236 πρόσρησιν,
891 5161 1013 5219 εἶτα
1052 5164 1329 5219 ἐκάθισεν.
1367 5164 1569 5235 Ἔτυχε
1623 5164 1669 5219 δ’
1702 5165 1869 5231 εὐθὺς

284 5263 401 5313 ἐκεῖ
427 5261 519 5312 καὶ
554 5260 895 5336 ὁκῐιαλαμᾶς
938 5256 1256 5321 συνεισιὼν,
1293 5258 1397 5313 οὐκ
1432 5253 1529 5311 οἷδ’
1579 5258 1872 5330 ὁπότερον,

285 5354 392 5406 εἴτε
458 5355 523 5407 ἐκ
587 5354 933 5425 προθεσμίας
973 5352 1147 5407 πάλαι
1203 5351 1867 5424 με).ετηθείσης.ἐφεδρος

286 5447 402 5498 ἐκεῖ
435 5464 538 5500 που
570 5446 786 5517 παρὼν,
827 5445 928 5500 εἰτ’
968 5445 1079 5499 ἀπὸ
1115 5445 1312 5515 τύχης,
1373 5444 1449 5506 ὡς
1509 5445 1671 5499 εἴωθε
1708 5446 1862 5514 γίνε-

288 5538 413 5591 σθαι
448 5540 515 5593 τὰ
544 5539 715 5592 πολλὰ
743 5540 849 5593 τῶν
882 5539 940 5591 ὲν
993 5523 1186 5607 κόσμῳ
1238 5536 1608 5606 πραγμάτων.
1651 5539 1750 5603 Ὃς
1798 5540 1864 5612 δὴ

288 5631 478 5685 καὶτὰ
526 5633 827 5702 παλαιγενῆ
859 5629 1176 5702 προπετῶς,
1226 5629 1324 5681 καὶ
1380 5630 1481 5682 ὅσα
1532 5630 1707 5701 λήθης
1762 5651 1838 5703 μα

291 5728 426 5793 κρᾶς
454 5724 888 5796 συναπήχθησαν
928 5724 1186 5796 ῥεύμασι,
1228 5718 1459 5791 μηδαμῆ
1490 5725 1557 5795 τῇ
1609 5726 1866 5799 παρούσῃ

615 5822 886 5883 ΡΑτιιοι..
919 5823 1036 5883 Gn.
1074 5822 1341 5885 CXLIX.

1954 3315 2200 3370 omnium
2230 3315 2490 3371 facillime
2515 3331 2747 3372 narrare
2776 3326 2831 3371 et
2863 3318 3083 3373 tradere
3119 3320 3296 3387 possis
3328 3320 3546 3375 hester-

1955 3421 2114 3471 num,
2144 3408 2295 3477 quod
2344 3423 2530 3463 coram
2566 3409 2778 3479 Optimo
2823 3426 2951 3482 rege
2986 3409 3191 3467 factum
3224 3422 3331 3479 est,
3377 3414 3553 3469 collo-

1955 3498 2148 3569 quium
2181 3497 2440 3566 Gregorae
2480 3510 2534 3555 et
2568 3501 2827 3557 Palamte.

2027 3591 2284 3647 Profecto
2306 3592 2569 3659 libenter,
2607 3594 2784 3649 amice
2810 3595 3123 3660 Theotime,
3160 3597 3206 3651 si
3239 3596 3336 3652 tibi
3372 3600 3550 3668 placet

1958 3693 2014 3739 et
2043 3684 2219 3740 otium
2245 3687 2488 3755 suppetit
2515 3688 2817 3742 necessarii
2848 3689 2988 3743 nihil
3015 3704 3304 3758 respuens.
3324 3690 3549 3745 Varium

1958 3776 2110 3832 enim
2160 3776 2413 3846 profecto
2462 3778 2597 3832 illud
2665 3788 2753 3833 est
2806 3789 2862 3834 et
2915 3781 3287 3835 attentionem
3316 3784 3554 3852 requirit

1960 3869 2261 3940 egregiam,
2293 3869 2441 3939 quod
2483 3880 2540 3924 et
2578 3871 2756 3925 valeat
2801 3871 2871 3925 ad
2922 3873 3315 3941 concipiendas
3363 3874 3553 3927 animo

1960 3962 2328 4032 cogitationes
2377 3963 2614 4019 divinas.
2639 3961 2837 4018 Omnia
2884 3964 3052 4034 igitur
3090 3965 3188 4018 tibi
3216 3966 3453 4035 singula,
3485 3968 3556 4022 de

1959 4057 2162 4127 quibus
2184 4055 2260 4109 ibi
2279 4065 2461 4111 aetum
2478 4064 2584 4122 est,
2606 4056 2865 4126 persequi
2900 4056 3046 4111 haud
3076 4058 3192 4112 scio
3226 4073 3294 4111 an
3320 4060 3552 4127 possim,

1961 4159 2086 4200 cum
2129 4145 2427 4202 oblivionis
2483 4146 2747 4201 barathro
2793 4147 3045 4217 quaedam
3099 4148 3355 4203 demersa
3418 4152 3555 4205 sint.

1965 4241 2098 4305 Quae
2135 4234 2316 4294 autem
2354 4250 2665 4294 memoratu
2708 4240 2959 4310 digniora
2987 4251 3117 4296 sunt
3145 4250 3203 4296 et
3233 4258 3356 4311 quae
3388 4245 3560 4312 potis-

1963 4333 2165 4388 simum
2207 4333 2400 4387 audias
2435 4347 2676 4386 necesse
2714 4341 2818 4397 est,
2864 4348 2931 4388 ea
2975 4333 3141 4403 igitur
3192 4334 3434 4391 breviter
3502 4346 3559 4391 ct

1964 4426 2280 4481 summatim
2335 4424 2433 4480 tibi
2478 4424 2948 4481 commemorabo.

2041 4519 2203 4590 267
2246 4520 2313 4573 ll.
2369 4519 2646 4590 Gregoras
2714 4535 2838 4574 cum
2913 4519 3079 4575 modo
3139 4535 3205 4574 ex
3269 4522 3561 4578 consuetis

1971 4610 2172 4678 capitis
2233 4608 2523 4663 doloribus
2580 4609 2728 4664 vires
2795 4625 3091 4685 parumper
3127 4611 3560 4677 rcfecisset,in—

1976 4702 2248 4758 vitaturus
2300 4716 2427 4757 eum
2459 4702 2529 4758 ab
2566 4702 2901 4773 imperatore
2944 4705 3144 4760 missus
3182 4714 3267 4760 est
3327 4722 3561 4778 magnus

1973 4794 2252 4865 logotbeta
2300 4810 2632 4864 quacunque
2685 4794 2755 4850 de
2795 4810 2959 4850 causa
3004 4813 3019 4850 :
3071 4798 3219 4866 quod
3279 4813 3404 4854 cum
3465 4816 3564 4856 ex-

1975 4901 2172 4940 cusare
2235 4900 2347 4940 non
2403 4896 2624 4954 posset,
2660 4902 2962 4958 assurgens
3019 4888 3155 4944 abiit
3227 4898 3284 4946 et
3338 4892 3564 4949 auditu-

1978 4997 2075 5035 rus
2127 4997 2257 5036 eum
2311 4997 2412 5052 ego
2466 4982 2586 5052 ipse
2616 4993 2844 5037 secutus
2894 4998 3040 5038 sum.
3072 4985 3271 5041 Serum
3302 4988 3413 5059 jam
3454 4988 3566 5044 diei

1979 5082 2102 5130 erat
2157 5083 2283 5145 post
2334 5074 2469 5130 solis
2523 5091 2807 5130 occasum.
2865 5078 2942 5133 Ac
3002 5076 3275 5149 Gregoras
3336 5080 3568 5151 quidem

1981 5182 2108 5223 cum
2160 5168 2477 5223 advenisset
2524 5178 2582 5222 et
2634 5170 2852 5225 solitam
2911 5172 2980 5226 ad
3037 5187 3221 5243 regem
3276 5173 3569 5228 allocutio-

1978 5278 2105 5318 nem
2130 5264 2566 5334 pronuntiasset,
2596 5271 2713 5319 tum
2739 5266 3013 5321 consedit.
3043 5267 3204 5321 Forte
3251 5276 3437 5322 autem
3473 5282 3569 5323 ac-

1983 5356 2122 5411 cidit
2153 5364 2213 5410 ut
2231 5356 2418 5411 statim
2448 5356 2524 5411 ibi
2561 5358 2728 5412 etiam
2772 5358 3022 5420 Palamas
3065 5358 3230 5413 simul
3283 5358 3566 5424 introiret,

1978 5451 2187 5517 nescio,
2214 5461 2400 5504 utrum
2430 5460 2657 5519 propter
2678 5466 2897 5507 causam
2921 5451 3248 5522 jamdudum
3287 5452 3569 5505 constitu-

1982 5553 2089 5597 tam
2140 5544 2431 5598 locuturus
2490 5541 2565 5596 ibi
2609 5543 2850 5609 adesset,
2894 5559 2962 5599 an
3005 5559 3158 5608 casu,
3196 5550 3258 5597 ut
3288 5542 3570 5613 pleraeque

1982 5654 2071 5693 res
2102 5637 2160 5691 in
2193 5645 2339 5691 terra
2377 5645 2543 5708 gestae
2577 5637 2693 5691 ﬂeri
2723 5639 2923 5694 solent.
2957 5637 3061 5704 Qui
3092 5652 3219 5691 cum
3255 5635 3435 5706 prisca
3468 5637 3574 5693 im-

1976 5728 2282 5799 prudenter
2309 5738 2366 5785 et
2400 5743 2525 5798 qua:
2554 5728 2852 5785 oblivionis
2890 5729 3176 5800 profundae
3238 5728 3565 5786 ﬂuminibus

3121 5825 3161 5885 8
