4034 6470
532 437 642 499 235

1723 435 2144 497 NICEPHORI
2184 438 2566 500 GREGORE

3675 448 3768 511 238

531 553 758 622 abrepta
780 560 985 611 essent,
1010 551 1162 606 nullo
1188 553 1351 607 modo
1375 552 1711 622 pertinentia
1736 554 1800 608 ad
1826 569 1946 608 eam
1976 570 2112 619 rem,

2225 560 2577 627 προσήκοντα
2613 557 2773 627 χρείᾳ
2812 558 3194 627 προδιαλαϐιῗυν
3252 564 3345 617 καὶ
3393 565 3769 634 τερατευσάμε-

537 648 605 695 de
633 659 740 712 qna
772 655 886 696 tum
917 641 1203 713 agebatur,
1226 642 1550 712 protulisset
1570 652 1625 697 et
1650 644 1916 713 gloriatus
1942 656 2112 710 esset,

537 736 631 806 qui
660 745 780 790 erat
809 738 930 806 ejus
957 750 1096 797 mos,
1126 744 1182 790 et
1210 736 1279 790 ad
1316 735 1532 790 laudem
1563 751 1719 791 suam
1753 736 1924 790 multa
1961 737 2028 790 de
2056 750 2115 791 se

535 830 832 900 gloriosius
866 827 1239 897 praedicasset,
1276 837 1334 883 et
1366 829 1861 883 commorationem
1904 827 1958 881 in
1994 841 2115 881 mo-

537 922 782 977 nasterio
818 923 1015 975 laetam
1044 930 1102 975 et
1122 920 1458 990 colloquium
1483 936 1609 976 cum
1645 921 1927 974 Barlaamo
1958 919 2118 975 insti-

535 1027 712 1072 tutum
735 1025 792 1070 et
815 1016 938 1069 talia
963 1016 1098 1079 fere,
1127 1025 1415 1084 postquam
1444 1029 1607 1069 aures
1643 1029 1836 1069 eorum
1870 1014 1965 1084 qui
2000 1024 2116 1069 tum

534 1110 783 1172 aderant,
805 1109 1157 1178 implevisset,
1184 1118 1240 1163 et
1258 1118 1512 1177 tanquam
1541 1106 1862 1176 jamdudum
1890 1121 2118 1177 praeme-

532 1202 769 1257 ditatum
794 1211 849 1255 et
879 1200 1206 1255 insidiosum
1235 1198 1570 1254 ostendisset
1589 1200 1879 1254 consilium
1913 1199 2117 1253 adven-

533 1306 625 1350 tus
668 1295 752 1349 sui
793 1294 1031 1364 gloriosa
1074 1294 1308 1362 quadam
1336 1291 1637 1362 iactatione
1666 1330 1682 1356 ,
1716 1291 2003 1345 conticuit.
2021 1290 2117 1345 At-

530 1396 732 1464 quem
766 1403 886 1455 qum
912 1384 1237 1454 interposita
1268 1392 1398 1441 sunt
1421 1384 1670 1438 omittam
1695 1392 1749 1437 et
1772 1398 2116 1453 quaecunque

532 1482 694 1549 plane
728 1477 1059 1533 necessariis
1087 1477 1330 1540 ob5tant,
1372 1475 1439 1530 ad
1490 1476 1608 1531 haec
1654 1476 2025 1545 inexspectata
2058 1487 2119 1531 et

532 1568 928 1639 extemporalia
961 1568 1341 1637 prommiatus,
1376 1566 1674 1637 praemissis
1692 1566 1859 1637 268
1893 1566 1963 1621 iis
1994 1582 2116 1635 quae

532 1662 848 1718 necessaria
875 1670 1028 1726 sunt,
1058 1660 1337 1730 Gregoras
1384 1675 1604 1730 quoque
1643 1661 1904 1729 deinceps
1952 1674 2114 1730 roga-

533 1758 633 1821 vit,
667 1754 799 1825 quid
842 1769 901 1808 se
932 1762 1216 1823 oporteret
1259 1752 1446 1808 dicere
1477 1754 1545 1807 ad
1590 1753 1926 1807 voluntatem
1980 1755 2113 1822 imp.

530 1847 887 1905 divinissimi.
908 1847 1046 1901 Tum
1076 1846 1415 1916 imperator:
1443 1844 1711 1916 Equidem
1736 1886 1749 1911 ,
1779 1847 1982 1917 inquit,
2010 1845 2114 1901 etsi

2218 665 2329 714 νος,
2368 650 2443 711 ὡς
2468 649 2675 711 εἰώθει,
2704 650 2799 703 καὶ
2837 651 2937 704 ὅσα
2975 652 3113 722 πρὸς
3157 654 3382 707 ἔπαινον
3450 656 3769 723 ὲγκαλλωπι-

2219 742 2453 811 σάμενος
2484 743 2681 796 ἑαυτοῦ
2712 742 2843 813 περί
2876 761 2935 797 τε
2967 745 3068 815 τῆς
3132 746 3191 799 ὲν
3246 745 3425 818 λαύρα
3493 748 3763 819 διατριϐῆς

2217 836 2442 905 καὶτῆς
2473 836 2610 904 πρὸς
2650 835 2922 907 Βαρλαάμ
2959 838 3278 905 διαλέξευις,
3315 841 3413 894 καὶ
3436 840 3684 894 τοιούτων
3712 842 3769 910 δή

2216 944 2386 981 τινων
2418 929 2519 991 τὰς
2547 928 2657 981 τῶν
2699 931 3129 999 παρατυχόντων
3181 931 3559 1001 ὲμπεπληκὼς
3596 924 3770 996 ἀκοὰς,

2216 1018 2313 1070 καὶ
2342 1016 2525 1081 δείξας
2560 1020 2729 1072 οίονεὶ
2757 1019 3300 1091 προϐεϐουλευμένον
3327 1018 3471 1076 εἶναι
3532 1023 3624 1075 καὶ
3666 1022 3772 1074 επί-

2215 1109 2410 1165 ϐουλον
2441 1111 2533 1166 τὸν
2564 1112 2771 1166 σκοπὸν
2802 1113 2902 1184 τῆς
2940 1117 3254 1185 τηνικαῦτα
3285 1116 3456 1169 αὐτοῦ
3505 1133 3568 1184 γε
3597 1115 3770 1183 ἐπιδη-

2220 1204 2351 1272 μίας
2382 1205 2519 1275 πρὸς
2561 1206 2940 1279 ἐπιδεικτικὴν
2983 1208 3315 1277 φαντασίαν,
3370 1205 3491 1263 εἶτα
3544 1208 3770 1276 ἐσίγησε.

2217 1296 2329 1349 Καὶ
2353 1295 2441 1349 ἵνα
2470 1299 2570 1350 τάν
2608 1299 2763 1370 μέσῳ
2816 1301 3099 1369 παρέλθω,
3155 1302 3252 1355 καὶ
3284 1302 3390 1355 ὅσα
3437 1302 3549 1363 τοῖς
3577 1299 3771 1369 ἐμπρο-

2218 1388 2345 1442 σθεν
2377 1389 2700 1457 ἀναγκαίοις
2761 1391 2995 1461 γίγνοιτ’
3060 1394 3128 1448 ἂν
3195 1394 3476 1464 ἐμποδὼν,
3542 1392 3673 1462 πρὸς
3720 1390 3775 1444 τδ

2215 1482 2629 1552 ἀπροσδόκητον
2655 1483 2838 1537 τουτοϊ
2874 1484 2974 1536 καὶ
3030 1485 3301 1554 αἰφνίδιον
3356 1482 3775 1558 προοιμιασάμε-

2218 1589 2330 1638 νος,
2361 1573 2454 1626 καὶ
2481 1575 2869 1643 προδιαλαϐὼν
2902 1577 3004 1629 ὅσα
3066 1577 3243 1643 εἰκὸς,
3277 1578 3376 1629 καὶ
3418 1578 3448 1630 ό
3508 1573 3776 1646 Γρηγορᾶς

2218 1658 2285 1732 [ί.
2317 1661 2417 1715 152
2445 1661 2500 1734 υ]
2528 1664 2557 1716 ὅ
2584 1681 2638 1715 τι
2670 1664 2737 1717 ἂν
2773 1666 2872 1719 καὶ
2899 1666 3038 1737 πρὸς
3067 1666 3235 1719 αύτοῦ
3264 1667 3356 1737 εἴη
3390 1665 3690 1738 βουλομένῳ
3708 1662 3776 1731 τῷ

2219 1751 2490 1825 θειοτάτῳ
2525 1755 2743 1825 βασιλεῖ
2796 1757 3055 1826 λέγεσθαι
3106 1759 3312 1830 ἐφεξῆς
3356 1760 3542 1830 ῆρετο.
3600 1759 3702 1811 Καὶ
3753 1758 3777 1809 ό

2220 1844 2504 1917 βασιλεὺς,
2554 1867 2572 1900 ι
2619 1850 2779 1919 Ἐμοὶ
2808 1849 2855 1904 δ’
2885 1852 2934 1905 εί
2974 1852 3070 1905 καὶ
3128 1852 3266 1922 πρὸς
3327 1852 3497 1916 ἄλλας
3545 1852 3713 1920 ἄγειν,
3754 1866 3772 1900 ι

530 1942 598 1995 ad
635 1940 739 1994 alia
785 1938 1004 2007 incepta
1034 1937 1280 1992 animum
1337 1935 1630 1992 advertere
1677 1946 1999 2002 statueram,
2039 1947 2117 1993 ta-

2220 1939 2362 2011 ἔφη,
2397 1961 2416 1993 ι
2453 1941 2547 1994 τδν
2588 1943 2714 1996 νοῦν
2765 1944 3056 2009 ὑποθέσεις
3108 1945 3257 2015 ἐνῆν,
3312 1945 3432 2001 ἀλλ’
3499 1940 3591 1999 οὖν
3646 1942 3775 2010 ὑμᾶς

531 2048 659 2086 men
698 2045 825 2085 cum
860 2044 957 2084 vos
1000 2043 1150 2084 nunc
1179 2027 1393 2083 videam
1423 2028 1515 2084 hic
1542 2028 1757 2091 adesse,
1779 2028 2116 2083 convenien-

531 2127 645 2180 tius
669 2124 805 2180 mihi
837 2123 1053 2177 videtur
1084 2132 1292 2192 partem
1338 2122 1576 2191 aliquam
1609 2121 1859 2191 quamvis
1893 2136 2116 2191 parvam

532 2219 876 2286 dogmatum,
908 2214 978 2269 de
1008 2213 1214 2283 quibus
1262 2206 1515 2266 nonnulli
1551 2211 1885 2281 disceptant,
1932 2212 2117 2267 eccle-

530 2308 882 2364 siasticorum
915 2320 1013 2376 per
1049 2319 1149 2358 vos
1177 2302 1533 2375 cognoscere.
1565 2300 1782 2358 Etenim
1811 2318 1870 2359 se
1895 2304 2118 2360 audisse

531 2402 676 2458 dixit
729 2399 1164 2469 disceptationes
1220 2412 1333 2452 non
1388 2397 1540 2452 leves
1584 2407 1743 2452 natas
1785 2411 1930 2462 esse,
1981 2396 2118 2452 alias

533 2494 697 2548 aliter
720 2491 789 2546 de
825 2486 1202 2544 voluminibus
1226 2492 1283 2539 et
1312 2484 1563 2554 scriptis,
1591 2499 1717 2552 quae
1759 2482 1898 2537 dixit
1928 2482 2118 2537 nescio

532 2581 815 2652 quomodo
862 2587 985 2633 orta
1029 2589 1175 2638 esse,
1225 2572 1381 2643 rejici
1418 2581 1599 2652 tamen
1635 2585 1666 2623 a
1700 2569 1879 2624 doctis
1904 2567 2117 2635 multis,

535 2651 665 2727 data
696 2686 865 2740 oyera
907 2675 1218 2722 monstrare
1242 2651 1558 2719 volentibus
1584 2661 1923 2732 periculosas
1947 2673 2117 2729 quas-

532 2765 658 2820 dam
685 2760 971 2831 theologia:
1006 2758 1323 2828 dogmatum
1355 2754 1630 2809 novitates
1674 2750 1784 2806 illis
1820 2749 2115 2805 contineri.

533 2832 799 2911 Volebam
829 2852 999 2920 igitur
1029 2842 1268 2904 concilio
1318 2842 1387 2902 ad
1420 2844 1760 2914 colloquium
1812 2850 2118 2897 convocato

530 2946 939 3004 correctionem
988 2957 1271 3013 peragere.
1320 2939 1428 2995 Sed
1462 2954 1588 2994 cum
1624 2953 1714 2992 res
1763 2953 1872 2992 non
1914 2950 2118 2991 conve-

531 3038 671 3103 niat,
703 3050 852 3090 nunc
886 3032 1114 3102 quidem
1160 3031 1289 3086 volo
1332 3045 1400 3083 ex
1442 3028 1620 3089 vobis,
1650 3028 1744 3096 qui
1789 3041 2119 3096 quacunque

531 3134 600 3185 de
631 3142 799 3183 causa
829 3127 925 3179 hic
953 3122 1182 3187 adestis,
1213 3121 1283 3175 de
1313 3128 1465 3175 certa
1496 3118 1734 3188 quadam
1771 3132 1831 3170 re
1871 3117 1990 3186 ipse
2021 3131 2119 3169 an-

533 3223 673 3276 dire.
701 3221 839 3274 Nam
871 3216 1131 3270 volumen
1165 3210 1326 3277 illud,
1361 3209 1512 3281 quod
1562 3209 1942 3278 frequentatae
1986 3204 2118 3263 cou-

534 3312 815 3367 tentiones
853 3317 909 3362 et
940 3306 1375 3375 disceptationes
1408 3302 1683 3368 continet,
1719 3302 1854 3355 mihi
1894 3315 2020 3356 cum
2059 3301 2115 3356 in

535 3404 930 3461 Thessalonica
974 3414 1246 3461 versarer,
1279 3395 1505 3461 accidit,
1537 3403 1597 3448 ut
1635 3408 1816 3463 neque
1844 3394 1976 3462 quid
2011 3394 2114 3447 sibi

534 3498 702 3554 \ellet
731 3494 1118 3563 intelligerem,
1140 3502 1318 3559 neque
1346 3497 1532 3541 utrum
1560 3501 1688 3539 vera
1712 3501 1779 3539 an
1810 3485 1944 3540 falsa
1966 3486 2119 3539 exhi-

533 3590 700 3647 Leret
744 3589 796 3643 ei
828 3586 921 3657 qui
953 3591 1212 3639 accurate
1260 3593 1509 3650 quaerere
1568 3578 1754 3633 vellet.
1783 3579 1989 3633 Vereor
2014 3594 2117 3631 au-

536 3696 670 3745 tem,
715 3697 782 3735 ne
813 3677 947 3731 mihi
982 3687 1204 3745 quoque
1237 3672 1517 3726 adhaereat
1553 3685 1715 3740 paena
1745 3670 1953 3736 divina,
1987 3669 2116 3738 quia

535 3786 592 3832 et
658 3775 775 3841 ipse
836 3785 962 3825 cum
1034 3765 1275 3821 concilio
1350 3763 1555 3831 hospes
1621 3773 1808 3830 postea
1864 3758 2115 3815 adesSem

535 3865 882 3938 aliquandiu,
930 3861 1042 3916 alio
1090 3856 1446 3928 praesidente,
1478 3855 1688 3910 invitus
1736 3869 1935 3909 nomen
1986 3856 2119 3909 sub-

537 3957 731 4029 scripsi
776 3956 847 4010 ab
893 3968 962 4009 eo
1012 3959 1256 4005 coactus.
1296 3946 1431 4014 Quae
1480 3946 1631 4003 enim
1680 3947 2118 4001 intercesserunt

520 4052 701 4123 269
732 4047 948 4110 omitto,
981 4057 1107 4097 cum
1159 4039 1442 4109 angustias
1470 4038 1734 4107 temporis
1781 4037 1956 4092 vitare
2003 4052 2115 4091 non

536 4141 765 4211 possim.
797 4137 1071 4205 Grcgoras
1095 4132 1378 4187 referens:
1417 4126 1708 4198 Equidem,
1738 4129 1956 4198 inquit,
1987 4144 2115 4183 cum

535 4250 602 4287 ex
632 4232 792 4298 longo
824 4237 1072 4293 tempore
1100 4222 1392 4288 theoIOgiae
1417 4220 1675 4290 mysteria
1709 4219 1764 4274 in
1789 4235 1885 4273 ore
1916 4220 2117 4274 habere

537 4339 647 4377 non
684 4320 839 4373 valde
875 4316 1165 4374 auderem,
1199 4312 1294 4365 scd
1329 4325 1523 4364 eorum
1560 4320 1617 4364 et
1658 4309 1858 4363 famam
1888 4319 1946 4364 et
1967 4311 2119 4379 judi-

536 4410 683 4463 cium
725 4407 1034 4467 horrerent,
1071 4400 1255 4455 statim
1295 4410 1553 4468 tanquam
1606 4399 1677 4454 ab
1724 4400 1849 4470 igne
1888 4415 1977 4455 me
2031 4416 2118 4455 re-

539 4500 698 4555 traxi.
735 4498 872 4553 Nam
914 4494 1009 4549 ubi
1049 4492 1259 4563 magnis
1287 4501 1345 4546 et
1385 4490 1542 4544 valde
1594 4490 1771 4546 doctis
1814 4502 2146 4571 praeceptog

2216 2033 2416 2105 ὁρῶντι
2474 2035 2911 2102 συνεληλυθότας
2953 2035 3051 2091 νῦν
3097 2037 3358 2092 ἐνταυθοῖ
3438 2035 3776 2107 καιριώτερον

2217 2122 2362 2178 εἶναι
2386 2125 2538 2179 δοκεῖ
2574 2127 3046 2201 πολλοστημόριόν
3071 2147 3126 2183 τι
3158 2131 3292 2202 περὶ
3313 2122 3392 2185 ὧν
3415 2130 3551 2183 ἔνιοι
3590 2128 3776 2196 διαφω·

2217 2214 2408 2270 νοῦσιν
2477 2216 2962 2288 ὲκκλησιαστικῶν
3031 2221 3325 2290 δογμάτων
3401 2219 3594 2292 μαθεῖν
3656 2216 3776 2286 πρὸς

2219 2303 2397 2375 ὑμῶν.
2444 2324 2463 2358 ι
2508 2306 2619 2360 Καὶ
2643 2310 2753 2378 γάρ
2778 2307 3003 2363 ἀκούειν
3037 2308 3244 2379 ἔφησεν
3283 2308 3475 2380 ἔριδας
3500 2309 3561 2362 οὐ
3593 2304 3775 2377 μικρὰς

2218 2398 2499 2466 φυομένας
2532 2397 2712 2453 ἄλλοτ’
2743 2400 2920 2465 ἄλλως
2968 2403 3101 2472 περ)⁵
3144 2401 3336 2472 τόμων
3389 2401 3487 2456 καὶ
3534 2397 3777 2471 γραμμά-

2219 2505 2328 2542 των
2355 2532 2371 2556 ,
2419 2507 2438 2541 ι
2482 2492 2550 2544 ’Δ
2588 2493 3054 2562 προγεγέννηνται
3117 2498 3257 2567 μὲν,
3297 2514 3319 2549 ι
3381 2495 3567 2568 φησὶν,
3628 2510 3647 2546 ι
3686 2492 3775 2546 οὐκ

2202 2575 2320 2634 οἷδ’
2350 2582 2523 2650 ὅπως,
2564 2583 2887 2639 ἀθετοῦνται
2913 2586 2972 2640 δὲ
3006 2587 3143 2657 πρὸς
3180 2588 3402 2642 πολλῶν
3466 2586 3773 2656 ἐλλογίμων,
3862 2592 3879 2611 θ

2219 2673 2497 2743 ἐπισφαλῆ
2541 2692 2665 2728 τινα
2691 2674 2979 2747 θεολογίας
3043 2679 3415 2749 καινοφανοῦς
3471 2677 3777 2749 εμπεριέκε-

2222 2766 2349 2820 σθαι
2379 2766 2591 2832 τούτοις
2620 2768 2891 2826 δεικνύειν
2917 2773 3166 2842 δόγματα
3208 2773 3362 2845 μάλα
3401 2770 3645 2842 σφοδρῶς
3669 2769 3776 2822 δια-

2218 2860 2570 2932 τεινομένων.
2615 2862 2955 2937 Ἐϐουλόμην
2999 2866 3100 2934 μὲν
3121 2861 3216 2919 οὖν
3268 2866 3558 2939 παρρησίᾳ
3591 2863 3777 2917 συνοδι-

2220 2951 2291 3021 κῇ
2332 2950 2432 3021 τὴν
2462 2949 2755 3020 διόρθωσιν
2786 2954 3225 3025 διαπράξασθαιο
3276 2954 3390 3008 τῶν
3442 2955 3498 3009 δὲ
3541 2953 3779 3024 πραγμά-

2217 3056 2329 3093 των
2359 3042 2421 3093 οὐ
2451 3042 2887 3113 συγχωρούντων
2926 3044 2985 3095 έν
3011 3062 3077 3113 γε
3112 3045 3191 3113 τῷ
3229 3046 3490 3116 παρόντι,
3529 3044 3774 3115 βούλομαι

2220 3133 2353 3202 παρ’
2378 3133 2536 3202 ὑμῶν
2575 3134 2708 3200 γοῦν
2739 3136 2992 3190 ἐνταυθοῖ
3028 3137 3127 3190 νῦν
3157 3137 3586 3207 όπωσδηποτοῦν
3633 3152 3776 3189 συνε-

2220 3221 2536 3292 ληλυθότων
2574 3224 2703 3295 περὶ
2745 3225 3214 3285 ὲνός“οὑτινοσοῦν
3245 3231 3524 3299 αὐτήκοος
3575 3229 3777 3298 γεγονέ-

2219 3330 2331 3370 ναι.
2364 3314 2470 3368 Τὸν
2506 3315 2614 3383 γὰρ
2647 3316 2745 3377 τὰς
2779 3318 3188 3389 θρυλλουμένας
3218 3321 3411 3393 ἔριδας
3470 3324 3565 3377 καὶ
3593 3323 3777 3388 διαφω-

2217 3406 2340 3469 νίας
2367 3408 2661 3478 ἀγείροντά
2694 3410 2862 3481 τόμον
2900 3413 3037 3482 ἐμοῦ
3079 3415 3458 3484 διατρίϐοντος
3496 3418 3553 3469 ἐν
3589 3415 3777 3467 Θεσσα-

2220 3495 2409 3568 λονίκῃ
2439 3500 2816 3569 συμπέπτωκε
2868 3504 3221 3574 γεγενῆσθαι,
3285 3506 3365 3570 ὡς
3430 3506 3556 3578 μήθ’
3583 3506 3619 3561 ἀ
3644 3505 3777 3572 λέγει

2217 3589 2513 3655 γινώσκειν
2556 3593 2680 3662 ἐμὲ,
2745 3595 2877 3664 μήθ’
2935 3596 3087 3659 ὅπως
3147 3597 3417 3668 ἀληθείας
3484 3600 3517 3671 ἢ
3567 3597 3776 3670 ψεύδους

2218 3682 2537 3753 ἔχει,είτις
2596 3689 2844 3759 ἀκριϐῶς
2898 3688 3177 3757 ἐξετάζειν
3228 3690 3498 3763 βούλοιτο.
3544 3694 3693 3746 Δέδια
3735 3687 3777 3742 δ’

2217 3772 2312 3828 οὖν
2342 3777 2417 3846 μὴ
2467 3778 2639 3847 κάμοὶ
2675 3782 3034 3853 προστριϐείη
3103 3784 3281 3853 κρίμα
3336 3786 3549 3850 θεόθεν,
3580 3786 3658 3838 ὅτι
3692 3781 3777 3836 καὶ

2219 3868 2382 3931 αὐτὸς
2418 3871 2483 3939 τῇ
2525 3870 2890 3944 βασιλευούσῃ
2926 3876 3068 3939 τέως
3093 3877 3520 3948 ἐπιδεδημηκὼς
3552 3882 3610 3931 ὲν
3630 3874 3775 3929 ὑστέ-

2216 3966 2358 4029 ροις,
2391 3961 2581 4030 ἐτέρου
2606 3963 2743 4027 τέως
2773 3965 2871 4034 τὴν
2911 3966 3167 4030 ἐξουσίαν
3197 3969 3441 4040 ἔχοντος,
3480 3971 3629 4026 ἄκων
3652 3967 3772 4022 ὑπέ-

2218 4054 2429 4122 γραψα.
2464 4054 2710 4121 βιασθεὶς
2753 4057 2844 4111 ὕπ’
2881 4059 3048 4112 αὑτοῦ
3080 4061 3203 4131 (τὰς
3230 4063 3340 4132 γὰρ
3371 4064 3431 4118 ἐν
3456 4064 3605 4134 μέσῳ
3653 4056 3777 4129 σιγῶ

2217 4143 2438 4214 τύχας),
2464 4147 2566 4199 οὐκ
2606 4147 2749 4217 ἔχων
2786 4151 2938 4213 ὅπως
2963 4150 3030 4205 ἂν
3068 4153 3378 4224 ὲκφύγοιμι
3411 4156 3472 4209 τὸ
3504 4157 3603 4225 τῆς
3642 4153 3779 4224 ὥρας

2222 4233 2422 4303 βίαιον,
2480 4257 2498 4289 ι
2537 4237 2597 4291 'O
2626 4239 2683 4292 δὲ
2717 4241 3010 4311 Γρηγορᾶς
3058 4244 3353 4299 ὑπολαϐών
3395 4262 3597 4320 φησιν·
3635 4263 3655 4298 α
3693 4245 3779 4305 Ὠς

2219 4322 2331 4390 ἐγὼ
2366 4323 2412 4376 δ’
2445 4328 2510 4379 ὲκ
2543 4327 2742 4381 πολλοῦ
2768 4329 2837 4382 τά
2880 4331 2982 4399 τῆς
3022 4332 3307 4401 θεολογίας
3374 4339 3647 4409 μυστήρια
3694 4331 3780 4403 φέ-

2223 4432 2339 4485 ρειν
2377 4416 2468 4469 διά
2493 4418 2723 4488 χειλέων
2752 4421 2814 4473 οὐ
2850 4423 2994 4491 μάλα
3046 4424 3286 4496 τολμῶν,
3359 4428 3499 4482 ἀλλὰ
3557 4428 3780 4498 φρίττων

2219 4506 2315 4556 καὶ
2342 4506 2517 4573 ἀκοὴν
2552 4508 2650 4562 καὶ
2691 4509 2956 4577 διάνοιαν,
3014 4506 3318 4585 ἀπεπήδων
3369 4518 3533 4582 εὐθὺς
3574 4518 3649 4581 ὡς
3684 4512 3781 4568 ἀπὸ

538 4592 694 4646 ribus
722 4589 871 4643 illius
899 4585 1161 4642 Ecclesiae
1211 4582 1751 4639 administrationem
1789 4592 1844 4636 ut
1886 4584 2114 4638 omnino

2221 4596 2414 4665 πυρός.
2450 4598 2626 4651 Ὀπου
2663 4601 2774 4672 γὰρ
2805 4604 2922 4666 τοῖς
2970 4582 3232 4674 μεγάλοις
3292 4609 3389 4661 καὶ
3444 4610 3648 4679 σφόδρα
3701 4622 3782 4657 σο-

534 4691 859 4739 excuterem
885 4678 1110 4749 obtigit,
1150 4691 1337 4732 nonne
1388 4685 1577 4744 aperte
1647 4673 2024 4732 insaniremus
2069 4676 2116 4732 si

538 4777 668 4830 talia
701 4783 940 4829 tractare
972 4770 1263 4831 vellemus,
1304 4782 1429 4822 cum
1467 4781 1536 4821 ne
1568 4781 1742 4836 pauca
1768 4766 1993 4837 quidem
2023 4782 2120 4823 eo-

536 4881 660 4922 rum
696 4879 821 4933 qua:
846 4864 923 4917 illi
951 4861 1168 4916 discere
1195 4857 1584 4929 potuerimus?
1606 4860 1786 4927 Atque
1814 4867 1873 4913 ut
1896 4859 2002 4914 mei
2032 4876 2118 4914 ra-

537 4958 688 5009 tione
714 4954 900 5008 babita
929 4952 1148 5022 planius
1175 4962 1466 5019 exponam,
1493 4962 1603 5017 quo
1635 4947 1820 5003 animo
1851 4949 2117 5017 paulatim

535 5046 773 5101 allectus
811 5047 916 5099 sim
961 5043 1016 5097 in
1048 5041 1156 5096 tale
1181 5051 1344 5095 antea
1372 5048 1699 5109 conceptum
1756 5041 2116 5110 propositum,

537 5154 692 5202 cum,
731 5146 949 5191 mortuo
975 5133 1323 5189 divinissimo
1350 5145 1406 5187 et
1435 5132 1598 5186 beato
1626 5140 1784 5200 patre
1827 5141 1944 5195 tuo,
1970 5134 2118 5187 claro

537 5231 632 5288 illo
663 5230 823 5299 imp.,
868 5242 958 5281 res
979 5225 1293 5280 Graecorum
1342 5226 1396 5277 in
1446 5224 1739 5278 tumultum
1772 5225 1990 5280 civilem
2027 5227 2123 5280 ad-

536 5324 874 5377 ducerentur
893 5328 951 5374 et
974 5317 1177 5372 ﬂuctus
1204 5317 1496 5371 miserrimi
1523 5318 1576 5371 in
1620 5317 1804 5371 divina
1858 5318 2120 5373 Ecclesiae

536 5416 790 5485 dogmata
825 5417 1275 5482 prorumperent,
1293 5418 1350 5463 et
1398 5408 1545 5463 velut
1576 5418 1768 5463 coorta
1799 5419 2119 5476 tempestate

536 5517 594 5562 et
636 5516 794 5560 nocte
827 5503 1012 5560 omnia
1045 5501 1291 5557 tenebris
1316 5511 1518 5555 essent
1552 5501 1795 5555 involuta
1821 5541 1838 5565 ,
1888 5503 1964 5556 ita
2017 5515 2076 5558 ut
2105 5545 2119 5567 ,

540 5600 688 5668 quod
713 5599 875 5667 vulgo
910 5598 1098 5651 dicere
1128 5596 1328 5661 solent,
1363 5609 1526 5649 nemo
1581 5610 1612 5650 e
1639 5595 1912 5652 sideribus
1966 5597 2121 5652 colli-

540 5705 669 5758 gere
695 5699 900 5757 posset,
931 5704 1041 5756 quo
1065 5687 1321 5751 ferretur,
1352 5701 1590 5755 cumque
1615 5688 1800 5741 omnia
1834 5692 2118 5758 surgentia

540 5791 597 5832 ct
632 5778 881 5832 cadentia
915 5791 1144 5833 eatenus
1183 5794 1279 5848 pro
1314 5778 1705 5845 conjunctione
1733 5780 2041 5835 excitarent
2063 5793 2120 5836 et

545 5869 780 5924 maxime
833 5886 896 5925 ea
950 5887 1068 5940 qua:
1129 5872 1359 5941 quisque
1392 5881 1660 5942 speraret,
1720 5875 1771 5926 in
1812 5875 2117 5942 periculum

2221 4689 2343 4754 φοῖς
2380 4689 2725 4756 διδασκάλοις
2754 4695 2972 4767 ἐκείνης
3016 4698 3118 4767 τῆς
3152 4699 3486 4770 Ἐκκλησίας
3546 4698 3783 4755 ἀποσείε-

2220 4780 2347 4833 σθαι
2368 4781 2468 4851 τὴν
2519 4784 2839 4855 ἐγχείρησιν
2900 4789 3208 4859 ὁλοσχερῶς
3249 4787 3647 4862 συνέϐαινεν,ἧ
3684 4805 3779 4842 που

2224 4875 2394 4941 μανία
2443 4876 2621 4947 σαφὴς
2643 4879 2793 4949 ἡμᾶς
2843 4882 3118 4953 ἐγχειρεῖν
3170 4887 3287 4948 τοῖς
3325 4887 3614 4948 τοιούτοις.
3654 4881 3778 4954 μηδέ

2225 4968 2399 5035 μικρά
2422 4968 2555 5035 γοῦν
2589 4970 2695 5023 τῶν
2726 4973 2826 5025 ὅσα
2861 4976 3066 5029 ὲκείνοι
3092 4977 3287 5047 μαθεῖν
3346 4998 3432 5032 πω
3499 4973 3780 5044 δεδυνημέ-

2222 5073 2365 5119 νους.
2396 5060 2508 5112 Καὶ
2537 5062 2623 5114 ἵνα
2651 5062 2711 5115 τὸ
2745 5064 2868 5116 κατ’
2897 5066 3136 5134 ἐμαυτὸν
3177 5067 3465 5122 ἀναλαϐὼν
3496 5066 3781 5139 διηγήσω-

2224 5164 2323 5216 μαι
2354 5151 2705 5221 τελεώτερον,
2723 5155 2869 5220 ὅπως
2898 5157 3101 5226 δηλαδὴ
3124 5159 3296 5228 κάμοὶ
3328 5159 3467 5229 πρὸς
3490 5158 3591 5229 τὴν
3609 5151 3781 5209 τοιαύ-

2221 5257 2320 5308 την
2360 5241 2420 5306 ἐξ
2459 5243 2634 5313 ἀρχῆς
2676 5245 2936 5299 ὑπόθεσιν
2998 5247 3310 5318 διατεθῆναι
3365 5250 3776 5321 συμπέπτωκεν.

2202 5332 2349 5383 ἐπεὶ
2378 5337 2516 5400 μετά
2534 5334 2625 5385 τὸν
2647 5337 2743 5389 τοῦ
2770 5335 3059 5392 θειοτάτου
3105 5342 3201 5394 καὶ
3238 5344 3549 5411 μακαρίτου
3588 5336 3781 5405 πατρός

2225 5435 2317 5471 σου
2344 5421 2597 5487 θάνατον,
2633 5423 2727 5475 τοῦ
2756 5426 3004 5495 ἀοιδίμου
3034 5431 3179 5498 φημὶ
3211 5430 3398 5501 [[.155
3431 5429 3506 5501 r.]
3531 5425 3781 5497 βασιλέως

2223 5512 2459 5577 ἐκείνου,
2484 5516 2620 5584 πρὸς
2652 5518 2921 5585 ἐμφύλιον
2951 5520 3145 5574 στάσιν
3194 5523 3262 5575 τὰ
3316 5521 3602 5590 Ῥωμαίων
3628 5514 3781 5583 ἠγέί²⁸

2224 5603 2292 5671 θη
2342 5605 2649 5673 πράγματα
2680 5607 2774 5659 καὶ
2818 5608 2938 5677 ἅμα
2976 5613 3117 5665 κατά
3161 5613 3271 5667 τῶν
3317 5612 3478 5667 θείων
3516 5611 3611 5680 τῆς
3669 5605 3782 5659 Ἐν

2223 5694 2452 5765 κλησίας
2486 5697 2775 5767 δογμάτων
2802 5702 2873 5754 τὰ
2906 5703 3159 5773 χείριστα
3218 5706 3355 5776 πρὸς
3390 5706 3587 5760 κακίαν
3630 5697 3779 5768 ἀνέρ-

2226 5788 2368 5855 ῥωγε
2401 5788 2650 5859 κύματα,
2683 5794 2778 5848 καὶ
2801 5794 2991 5863 ὥσπερ
3052 5798 3111 5853 ἐν
3143 5799 3373 5870 χειμῶνι
3405 5801 3500 5853 καὶ
3533 5795 3684 5849 νυκτὶ
3716 5791 3778 5843 τὰ

2227 5881 2403 5932 ’πάντα
2443 5880 2609 5951 ζόφος
2648 5880 2736 5955 ἦν,
2777 5887 2853 5951 ὡς
2897 5892 3034 5961 μηδὲ
3075 5891 3323 5962 ἄστροις,
3354 5891 3413 5946 τὸ
3462 5884 3779 5961 θρυλλούμε·
