4034 6488
283 372 392 437 2n
476 328 487 341 “

1245 372 1688 432 ΒΥΖᾹΝΤΙΝίΕ
1724 372 2107 433 HISTORI/E
2163 375 2303 434 L13.
2349 332 2531 436 XXX.

3457 375 3566 441 238

285 512 400 558 νον,
434 494 557 546 ὅποι
589 492 809 562 φέροιτό
844 509 928 555 τις
978 492 1246 546 δύνασθαι
1289 493 1718 564 τεκμαίρεσθαι,
1780 493 1867 545 καὶ

1983 501 2268 557 vocarent,
2304 503 2584 564 quatenus
2603 501 2811 545 remota
2836 500 2894 543 et
2917 488 3206 558 desperata
3226 498 3369 543 esset
3394 491 3563 547 salus.

284 585 453 638 πάντ’
491 587 603 639 ἄνω
640 585 735 639 καὶ
766 588 921 639 κάτω
959 586 1375 655 μεταπίπτοντα
1424 587 1577 656 παρά
1609 587 1869 643 τοσοῦτον

282 679 352 729 ὲκ
380 677 474 730 τοῦ
503 676 773 747 σύνεγγυς
810 678 978 731 ἐτίθει
1003 696 1063 730 τε
1095 681 1190 730 καὶ
1240 680 1389 749 μάλα
1420 679 1532 731 τῶν
1571 678 1873 747 ἐλπιζομέ-

283 790 397 825 νων
431 773 679 834 ἑκάστοις
703 772 880 824 ἐποίει
897 771 955 823 τὸ
988 772 1334 825 ἐπικίνδυνον
1371 774 1503 843 παρ’
1537 773 1663 825 ὅσον
1681 773 1871 843 πόρρω

284 869 388 917 καὶ
428 863 651 917 δύσελπι
680 863 954 929 τάσφαλὲς
983 865 1063 934 (ὲν
1099 868 1209 932 γάρ
1249 865 1570 936 διχοστασίῃ
1608 866 1747 936 φησὶ
1777 865 1872 916 τὸν

290 957 396 1026 μὲν
426 956 711 1023 πάγκακον
732 955 1032 1024 τυγχάνειν
1058 955 1251 1025 τιμῆς,
1281 956 1374 1008 τὸν
1413 958 1470 1009 δὲ
1536 956 1631 1009 καὶ
1680 957 1869 1008 ὁπωσ-

283 1047 384 1101 οῦν
415 1048 710 1123 μετέχοντα
749 1046 843 1100 τοῦ
884 1046 1159 1118 βελτίονος
1213 1047 1432 1120 θρήνων
1478 1049 1714 1119 πάσχειν
1741 1047 1871 1111 ἄξια

287 1141 389 1193 καὶ⁵
423 1138 701 1210 τραγικῶν
732 1139 1036 1194 ἀπολαύειν
1064 1140 1176 1192 τῶν
1211 1138 1561 1212 συμφορῶν),
1603 1140 1869 1207 τῶνκρα-

285 1234 489 1288 τίστων
528 1231 669 1287 εἶναί
701 1250 793 1304 μοι
828 1233 921 1287 τὸν
960 1233 1190 1305 ἡσύχιον
1242 1233 1392 1299 ἔδοξε
1451 1235 1569 1303 βίον
1626 1232 1872 1310 ἑλέσθαι,

285 1323 403 1377 τῶν
436 1323 735 1393 βασιλικῶν
761 1324 1023 1396 ἀφεμένω
1057 1324 1328 1398 θεάτρων.
1386 1324 1496 1380 Τοῦ
1539 1327 1653 1398 γάρ
1687 1327 1870 1398 ἐρεθί-

287 1416 479 1479 ζοντος
508 1419 601 1470 καὶ
631 1419 815 1491 μάχην
838 1421 1053 1473 ἐκεῖθεν
1082 1420 1385 1474 ἀντίπαλον
1412 1421 1743 1484 ἀνιστῶντος
1772 1422 1875 1474 οὐκ

287 1505 445 1567 ὄντος
479 1509 536 1558 ἐν
573 1506 876 1579 ὀφθαλμοῖς
925 1508 1084 1577 ἡμῶν
1133 1509 1370 1578 ἀφανείᾳ
1408 1509 1872 1580 κεκαλυμμένων,

290 1596 604 1649 παύσεσθαι
658 1597 720 1650 τὸ
752 1597 1058 1668 νεμόμενον
1112 1598 1213 1671 τῆς
1260 1598 1388 1652 καθ’
1437 1599 1600 1671 ἡμῶν
1665 1599 1872 1663 κακίας

289 1682 499 1755 ᾠήθην.
534 1684 700 1738 Ὅθεν
731 1683 921 1752 ἐπειδὴ
957 1685 1069 1747 τοῖς
1119 1684 1304 1750 ἄλλοις
1363 1686 1726 1760 παραινοῦντι
1781 1704 1874 1757 μοι

290 1779 419 1839 τοὺς
464 1776 821 1846 πειθομένους
850 1777 1037 1849 ἥκιστ’
1066 1777 1214 1850 ἔχειν
1241 1779 1391 1849 ἐνῆν,
1445 1780 1508 1833 τὺ
1544 1779 1668 1834 κατ’
1701 1781 1876 1850 ἐμαυ-

1981 584 2117 638 Nam
2137 585 2192 638 in
2217 584 2486 639 seditione
2505 582 2582 639 ait
2602 592 2758 654 poeta
2780 582 3082 654 pessimum
3103 596 3322 652 quoque
3348 584 3569 652 assequl

1984 675 2250 731 honorem
2275 693 2290 729 :
2311 676 2477 745 270
2495 674 2588 746 qui
2625 685 2808 728 autem
2850 688 3185 744 quocunque
3216 672 3378 726 modo
3400 673 3575 743 partis

1985 768 2229 823 melioris
2256 767 2538 823 studiosus
2568 767 2661 829 sit,
2689 781 2816 820 eum
2842 766 3061 838 perpeti
3092 780 3185 820 res
3214 765 3573 820 miseratione
3655 774 3664 782 '

1982 858 2175 927 dignas
2199 869 2254 914 et
2295 860 2484 915 subire
2535 875 2697 915 casus
2746 862 3003 929 tragicos.
3053 859 3341 929 Optimum
3402 858 3573 932 igitur

1982 950 2118 1005 mihi
2144 951 2324 1006 visum
2351 950 2831 1021 est.tranquillam
2885 953 3145 1022 praeferre
3198 952 3389 1014 vitam,
3420 953 3576 1006 thea-

1983 1054 2070 1097 tro
2116 1042 2481 1113 imperatorio
2511 1044 2730 1098 relicto.
2762 1042 2901 1099 Cum
2932 1044 3079 1099 enim
3117 1046 3213 1114 qui
3244 1045 3491 1100 irritaret
3515 1054 3572 1099 et

1983 1150 2223 1205 pugnam
2247 1136 2556 1206 oppositam
2603 1137 2705 1192 hac
2736 1152 2796 1191 re
2849 1137 3139 1201 excitaret,
3197 1120 3326 1191 ante
3379 1137 3575 1192 oculos

1984 1235 2204 1281 nostros
2233 1243 2345 1282 non
2387 1237 2728 1291 versaretur,
2764 1229 2969 1298 quippe
2990 1228 3086 1299 qui
3115 1228 3365 1284 tenebris
3418 1229 3577 1282 invo-

1981 1317 2084 1373 luti
2111 1332 2381 1386 essemus,
2402 1319 2665 1390 putabam
2693 1320 2810 1375 fore
2836 1329 2894 1373 ut
2935 1335 3064 1389 pars
3128 1320 3394 1375 attributa
3425 1319 3575 1375 cala-

1984 1411 2191 1467 mitatis
2219 1422 2423 1467 nostra:
2457 1412 2759 1468 desineret.
2784 1413 3157 1480 Quamobrem
3181 1413 3311 1483 quia
3343 1413 3574 1467 minime

1981 1504 2236 1573 contigit,
2264 1514 2323 1558 ut
2356 1504 2491 1558 mihi
2522 1504 2615 1575 qui
2645 1504 2770 1560 aliis
2808 1505 3041 1561 consilia
3075 1504 3453 1571 darem,dicto
3482 1519 3578 1557 au-

1982 1595 2198 1650 dientes
2232 1606 2453 1662 essent,
2500 1598 2618 1667 ipse
2653 1598 2829 1653 cilicia
2878 1614 2998 1653 mea
3044 1600 3394 1670 pratstabam.
3435 1596 3572 1653 Nam

1984 1688 2280 1744 tumultum
2319 1705 2349 1745 e
2375 1706 2510 1760 pace
2538 1691 2717 1747 facere
2764 1692 2932 1747 etiam
2965 1691 3287 1748 hominibus
3318 1692 3575 1762 pessimis

1981 1782 2301 1853 quibusque
2360 1784 2520 1841 facile
2570 1794 2688 1853 est;
2749 1800 2782 1840 e
2831 1786 3077 1842 tumultu
3122 1796 3308 1841 autem
3380 1800 3571 1856 pacem

194 1889 215 1911 ι
290 1870 387 1923 τὸν
420 1870 640 1924 ἐποίουν
697 1871 899 1936 αὐτός’
931 1870 1164 1941 θόρυϐον
1220 1873 1324 1940 μὲν
1374 1873 1487 1945 γὰρ
1546 1873 1608 1939 ἐξ
1645 1874 1867 1945 εἰρήνης

1979 1874 2296 1939 restituere,
2330 1890 2400 1929 ne
2432 1874 2728 1931 admodum
2785 1874 3155 1946 prudentibus
3189 1874 3411 1946 quidem
3444 1890 3573 1944 pro-

294 1962 479 2034 ρᾁιον
517 1962 612 2016 καὶ
662 1966 776 2026 τοῖς
806 1952 1161 2032 φαυλοτάτοις
1202 1965 1302 2020 καὶ
1360 1965 1633 2037 βάναυσον
1675 1967 1872 2036 ἄγουσι

294 2057 412 2126 βίον
449 2058 648 2124 ποιεῖν,
681 2057 745 2111 ὲκ
766 2056 825 2109 δὲ
864 2056 1112 2129 θορύϐων
1139 2059 1368 2130 εἰρήνην
1399 2061 1522 2117 οὐδὲ
1580 2061 1698 2123 τοῖς
1738 2060 1869 2129 σφό-

290 2153 396 2222 δρα
436 2156 684 2219 συνετοῖς
712 2155 859 2224 μάλα
898 2153 1181 2209 τιεῦοδον.
1211 2154 1285 2209 Τὸ
1338 2154 1439 2225 μὲν
1493 2155 1604 2226 γάρ
1652 2156 1875 2209 αὐτονο-

292 2249 395 2320 μίᾳ
422 2249 636 2317 φύσεως
671 2250 891 2318 ἄγεται,
927 2250 961 2319 ή
988 2249 1046 2302 δὲ
1089 2247 1253 2318 φύσις
1294 2248 1535 2303 ἄτακτον
1565 2250 1662 2303 καὶ
1725 2247 1868 2307 ἀνώ-

293 2339 464 2408 μαλον
493 2339 841 2408 ὡμολόγηται
881 2334 1062 2392 εἶναι’
1103 2339 1167 2393 τὸ
1196 2339 1256 2391 δὲ
1301 2338 1530 2410 παιδεία
1564 2338 1662 2391 καὶ
1713 2338 1872 2391 συνέ-

290 2449 373 2485 σει
407 2431 807 2505 βεϐουλευμένῃ
827 2432 920 2485 καὶ
951 2431 1199 2500 σώφροσι
1222 2431 1509 2501 λογισμοῖς
1540 2428 1868 2495 οἱακίζεται.

290 2523 455 2576 Ὅθεν
484 2524 544 2576 τὸ
571 2524 668 2594 μὲν
696 2529 794 2577 καὶ
823 2524 925 2588 τὰς
957 2525 1058 2578 οὐκ
1084 2523 1254 2588 οὕσας
1286 2524 1628 2579 ἀναπλάττει
1652 2524 1869 2595 προφά-

289 2635 427 2682 σεις,
458 2618 647 2688 ἐφόδια
689 2617 915 2689 πορίζον
954 2621 1076 2681 ταῖς
1129 2619 1369 2690 μάχαιςο
1409 2617 1472 2671 τὸ
1530 2616 1587 2670 δὲ
1629 2616 1728 2672 καὶ
1768 2618 1868 2680 τὰς

287 2708 455 2773 οὔσας
517 2712 809 2782 ἐκτέμνειν
859 2712 1146 2781 πειρᾶται,
1203 2710 1459 2782 καθάπερ
1514 2709 1699 2781 ἰατρὸς
1767 2710 1869 2781 πρὸ

288 2804 385 2872 τῆς
418 2802 654 2874 βλάστης
677 2806 733 2857 ἐν
760 2807 825 2875 τῇ
854 2804 981 2879 ῥίζῃ
1012 2806 1115 2874 τὴν
1147 2804 1450 2877 θεραπείαν
1495 2803 1865 2874 τεχνώμενος.

300 2891 451 2944 Ἐπεὶ
486 2892 543 2945 δὲ
574 2894 666 2946 καὶ
691 2892 987 2964 ἀφορισμῷ
1022 2894 1297 2965 Παλαμὲἰν
1355 2895 1499 2963 μετα
1533 2893 1634 2962 τῆς
1694 2886 1882 2946 αὐτοῦ’

288 2986 560 3054 φρατρίας
628 2986 851 3053 ἀπάσης
895 2990 991 3041 καὶ
1029 2987 1300 3058 χωρισμῷ
1339 2985 1480 3038 Θεοῦ
1555 2986 1868 3039 καθυποὸε-

288 3076 519 3146 ϐλῆσθαι
558 3078 880 3149 συμϐέϐηκε
933 3080 1083 3133 δυοῖν
1147 3081 1514 3151 πατριαρχῶν
1570 3080 1667 3134 καὶ
1725 3079 1866 3134 ὅλων

285 3172 471 3223 ὁπόσοι
523 3171 828 3242 τηνικαῦτα
878 3173 1140 3244 παρῆσαν
1205 3174 1317 3229 τῶν
1378 3174 1720 3240 ἐπισκόπων,
1783 3173 1866 3226 ἔτι

292 3263 493 3334 μᾶλλον
525 3265 748 3336 ἐμαυτῷ
775 3265 845 3318 τὰ
871 3266 970 3337 τῆς
1003 3267 1239 3338 ἡσυχίας
1266 3267 1553 3339 παρῄνουν
1595 3270 1693 3321 καὶ
1731 3271 1867 3323 έπε-

288 3356 512 3428 κύρουν,
541 3357 747 3429 ταύτης
799 3360 969 3431 μόνης
990 3361 1051 3413 τὸ
1085 3362 1288 3433 ῥᾷστον
1316 3362 1554 3434 ἐχούσης
1585 3364 1683 3419 καὶ
1713 3361 1868 3418 εὔλο-

286 3470 384 3522 γον
414 3453 514 3522 τῆς
539 3454 647 3507 τῶν
694 3454 941 3525 βεϐήλων
972 3459 1251 3525 φρατρίας
1299 3455 1399 3509 καὶ
1419 3454 1711 3520 κοινωνίας
1742 3458 1866 3511 ἐπι-

286 3547 454 3612 εικῶς
503 3549 760 3620 ἀφιστᾷν.
816 3549 957 3620 Ἤδη
1022 3548 1080 3603 δὲ
1142 3550 1240 3603 καὶ
1284 3549 1528 3620 διωγμὸν
1580 3551 1868 3624 ἀνερρίπι-

278 3628 385 3691 σεν
430 3643 460 3692 δ
505 3640 602 3711 τῆς
645 3640 975 3711 Ἐκκλησίας
1019 3641 1251 3713 χειμὼν,
1312 3644 1408 3696 καὶ
1457 3643 1720 3712 διωγμῶν
1773 3645 1867 3699 τὸν

288 3732 729 3802 φρικωδέστατον
774 3735 872 3805 καὶ
918 3733 1246 3805 βαρύτατον,
1299 3734 1374 3797 ὡς
1425 3734 1725 3790 κάντεῦθεν
1788 3737 1865 3808 μὴ

290 3826 451 3894 μόνον
506 3826 783 3898 ἐξόριστον
815 3828 1083 3897 γεγονότα
1150 3829 1245 3884 τὸν
1294 3830 1646 3902 πατριάρχην
1705 3830 1865 3904 βιαίῳ

287 3914 503 3986 θανάτῳ
535 3917 629 3972 τοῦ
660 3917 781 3989 βίου
814 3916 879 3990 [Υ.
904 3918 1009 3974 1⁸55
1038 3916 1110 3992 ιη]
1160 3919 1399 3989 περᾶσαι
1435 3920 1535 3991 τὴν
1581 3919 1864 3991 τελευτὴν,

286 4009 424 4068 ἀλλά
450 4010 548 4065 καὶ
585 4010 693 4063 τῶν
722 4011 1043 4065 ἐπισκόπων
1106 4012 1203 4064 καὶ
1239 4010 1641 4083 πρεσϐυτέρων
1677 4013 1868 4068 ὀπόσοι

286 4108 389 4178 τὴν
448 4105 702 4159 ἔνστασιν
766 4103 1064 4176 ᾱκλόνητον
1116 4105 1274 4176 ἔσχον
1352 4106 1411 4158 ὲν
1479 4109 1594 4170 τοῖς
1645 4105 1864 4172 δεινοῖς,

288 4199 447 4264 ἄλλος
480 4197 664 4254 ἄλλοθι
693 4198 792 4268 τῆς
822 4197 1155 4267 οἰκουμένης
1179 4197 1514 4267 διωκόμενοι
1554 4197 1867 4271 διεσπάρη-

290 4308 415 4346 σαν.
456 4291 564 4345 Ἑῶ
585 4291 768 4359 λέγειν
800 4289 892 4355 οὓς
927 4293 985 4345 έν
1014 4292 1223 4363 εἱρκτῇ,
1255 4292 1354 4345 καὶ
1408 4294 1561 4365 ζόφῳ
1604 4292 1865 4366 θνήσκειν

287 4383 593 4448 συνέϐαινε,
630 4384 725 4438 καὶ
754 4383 871 4440 ὅσοι
915 4382 1061 4454 λιμῷ
1089 4384 1184 4437 καὶ
1213 4382 1356 4454 δίψει
1412 4387 1508 4439 καὶ
1546 4385 1700 4458 πάσῃ
1751 4385 1864 4441 τῶν

287 4477 603 4545 ἀναγκαίων
639 4475 973 4547 στενοχωρίᾳ
992 4474 1192 4546 βιαίοις
1223 4476 1480 4540 θανάτοις
1510 4477 1858 4548 ἀπήλλαξαν.

289 4570 399 4625 Καὶ
423 4570 484 4624 τό
516 4585 582 4636 γε
613 4569 798 4640 μεῖξον
824 4571 907 4622 ὅτι
948 4568 1086 4640 μηδὲ
1140 4570 1343 4639 ταφῆς,
1369 4563 1414 4623 ὧ
1459 4571 1531 4642 γῆ
1593 4572 1689 4624 καὶ
1719 4571 1864 4643 ἥλιε,

243 4663 424 4734 ,πρὸς
476 4661 582 4714 τῶν
644 4661 973 4732 ἐπιτηδείων
1059 4659 1360 4733 τυγχάνειν
1423 4664 1863 4735 συνεχωροῦντο,

290 4757 486 4825 πλὴνῆ
528 4756 646 4809 ὅσοι
700 4755 868 4815 κατὰ·
896 4756 957 4809 τὸ
996 4754 1222 4824 λεληθὸς
1267 4757 1708 4828 κατωρύττοντο.
1762 4751 1866 4812 Ὧν

282 4848 405 4901 οὐδὲ
433 4848 636 4902 τούτων
662 4849 967 4918 ἀπέσχοντο
997 4849 1046 4901 οἱ
1080 4848 1240 4912 κυνὸς
1269 4848 1548 4919 Λακαίνης
1583 4849 1739 4916 δίκην
1776 4852 1860 4922 ῥι-

286 4940 649 5010 νηλατοῦντες
688 4940 785 4992 καὶ
842 4940 1240 5009 ἀνιχνεύοντες,
1308 4940 1446 4994 ἀλλὰ
1504 4943 1599 4995 καὶ
1656 4943 1865 4996 τούτων

285 5033 459 5095 ἐνίους
484 5030 785 5102 ἀνώρυξαν.
821 5031 977 5084 Οὕτω
1003 5032 1260 5101 διωγμῶν
1314 5032 1572 5087 ἁπάντων
1626 5035 1865 5104 βαρύτα-

280 5142 369 5188 τος
405 5125 608 5179 οὑτοσί.
643 5125 707 5178 Τί
738 5125 846 5196 γάρ
878 5126 1101 5193 ἀνύσειν
1126 5124 1353 5193 ἔμελλον
1388 5125 1569 5189 πλέον,
1602 5128 1682 5190 είς
1710 5126 1863 5180 ἀναίσ-

284 5218 482 5285 σθητον
510 5219 669 5288 σῶμα
701 5219 799 5288 τὴν
829 5217 927 5288 τῆς
961 5216 1165 5270 ἀτόπου
1225 5216 1408 5287 ψυχῆς
1459 5219 1863 5291 ἀγνωμοσύνην

281 5310 603 5378 ἐκχέοντες
636 5310 829 5364 Θανείν
858 5313 969 5383 γάρ
1005 5313 1248 5383 ἀνάγκη,
1277 5312 1376 5383 ζῇν
1409 5315 1455 5369 δ’
1503 5316 1536 5388 ἢ
1584 5319 1729 5387 ταφῇ
1762 5335 1862 5371 και

280 5399 578 5467 λυορθῆναι,
622 5400 828 5453 τούτων
852 5400 898 5454 δ’
923 5402 1206 5472 οὐδέτερον
1232 5403 1368 5466 τέως
1402 5404 1639 5473 ἀνάγκη.
1676 5409 1767 5459 Διὸ
1801 5408 1864 5460 τὸ

284 5492 383 5561 μὲν
405 5494 498 5543 καὶ
534 5490 608 5561 μὴ
650 5492 991 5563 βουλομένων
1023 5493 1331 5563 ἀνθρώπων
1393 5497 1426 5563 ἠ
1485 5496 1644 5564 φύσις
1695 5500 1857 5567 τελεῖ,

277 5582 336 5632 τὸ
363 5580 409 5631 δ’
439 5598 496 5630 εν
524 5582 592 5650 τῇ
623 5582 941 5652 προαιρέσει
976 5583 1230 5652 κείμενον
1252 5582 1359 5635 τῶν
1390 5583 1860 5657 περιλειπομένων

276 5670 501 5741 ἐλεγχος
530 5673 794 5743 ὁποτέρου
837 5674 1048 5741 γίνεται
1104 5675 1270 5741 δυοῖν,
1305 5674 1404 5727 εἴτ’
1453 5676 1710 5740 ἀπονοίας
1748 5681 1859 5732 εἴτε

278 5763 563 5833 προνοίας.
624 5764 735 5832 Τῆς
787 5766 853 5836 δὴ
906 5767 1159 5838 τοιαύτης
1211 5767 1653 5837 περικλονήσεως
1697 5770 1860 5842 ἔργον

276 5858 551 5929 γινόμεθα
607 5863 699 5912 καὶ
744 5862 921 5932 ἡμεῖς,
983 5861 1042 5915 οὐ
1101 5861 1419 5931 βουλόμενοι
1471 5863 1585 5923 ταῖς
1638 5863 1859 5928 ἀτόποις

1979 1965 2123 2021 fecto
2148 1975 2232 2022 cst
2284 1979 2626 2038 promptum.
2683 1968 2935 2023 Alterum
2986 1968 3138 2023 enim
3201 1967 3436 2023 arbitrio
3473 1982 3573 2021 na-

1979 2064 2118 2112 turae
2155 2059 2374 2128 agitur:
2407 2069 2660 2113 naturam
2689 2070 2876 2113 autem
2930 2058 3213 2115 turbidam
3244 2067 3302 2116 et
3334 2060 3572 2114 mutabi-

1978 2148 2084 2203 lem
2105 2163 2230 2205 esse
2279 2159 2534 2206 constat:
2573 2150 2810 2206 alterum
2859 2151 3205 2207 humanitate
3248 2160 3305 2206 et
3333 2152 3570 2207 consilio

1977 2241 2210 2310 sapienti
2240 2252 2295 2298 et
2327 2243 2509 2299 cautis
2554 2242 3052 2299 deliberationibus
3109 2243 3566 2298 administratur:

1974 2336 2338 2402 quamobrem
2400 2336 2533 2390 illud
2575 2337 2742 2391 etiam
2796 2336 2953 2392 ﬁctas
2999 2340 3278 2409 excogitat
3324 2353 3522 2393 causas
3551 2376 3566 2399 ,

1975 2426 2227 2495 praebens
2257 2427 2503 2484 subsidia
2531 2429 2747 2500 proeliis
2786 2446 2802 2486 :
2857 2430 2967 2486 hoc
2999 2446 3158 2487 veras
3189 2446 3412 2503 quoque
3465 2432 3570 2487 tol-

1974 2515 2091 2573 lere
2125 2527 2384 2586 conatur,
2416 2533 2479 2575 ut
2507 2522 2759 2578 medicus
2786 2537 2899 2578 non
2935 2524 2991 2578 in
3023 2538 3204 2587 ramo,
3236 2524 3333 2580 sed
3364 2524 3424 2579 in
3477 2540 3568 2578 ra-

1974 2612 2094 2667 dice
2157 2616 2500 2670 curationem
2557 2625 2799 2672 tentans.
2852 2616 3151 2687 Postquam
3210 2628 3395 2674 autem
3424 2619 3571 2673 acci-

1973 2704 2075 2771 dit,
2111 2714 2173 2758 ut
2225 2705 2475 2762 Palamas
2506 2722 2631 2762 cum
2667 2716 2778 2764 tota
2829 2707 3040 2763 familia
3081 2725 3181 2764 sua
3209 2720 3268 2765 et
3296 2711 3566 2766 determi-

1974 2797 2203 2853 natione
2227 2808 2284 2853 et
2315 2801 2672 2869 separatione
2700 2799 2887 2855 divina
2913 2803 3305 2859 succumberet
3331 2804 3572 2874 patriar

1971 2889 2096 2948 chis
2147 2890 2477 2958 duobus,et
2520 2893 2803 2954 omnibus,
2843 2903 3120 2964 quotquot
3168 2905 3285 2951 tum
3332 2896 3571 2952 aderant

1969 2984 2269 3054 episcopis,
2308 2985 2484 3040 multo
2529 2986 2706 3056 magis
2757 2986 3214 3056 tranquillitatem
3264 2988 3564 3058 probabam

1970 3086 2029 3133 et
2070 3077 2456 3145 nanciscebar,
2480 3077 2692 3150 quippe
2715 3094 2839 3150 quae
2873 3081 2988 3136 sola
3024 3057 3345 3137 facultatem
3389 3057 3446 3137 εἰ
3477 3100 3568 3137 ra-

1891 3164 2182 3263 c'tionem
2208 3169 2483 3242 praeberet
2507 3172 2901 3228 haereticorum
2931 3172 3142 3228 familia
3194 3185 3252 3228 et
3299 3174 3565 3231 societate

1970 3263 2107 3319 satis
2132 3263 2476 3319 abstinendi.
2512 3263 2636 3321 Jam
2671 3279 2808 3320 vero
2841 3265 3270 3323 insectationem
3305 3268 3566 3323 accendit

1968 3354 2231 3411 Ecclesiae
2260 3365 2582 3426 tempestas,
2611 3364 2670 3413 et
2703 3357 2864 3430 271
2897 3373 3020 3415 eam
3051 3360 3275 3429 quidem
3312 3358 3561 3416 omnium

1970 3447 2435 3506 terribilissimam
2488 3459 2546 3505 et
2593 3444 3024 3520 atrocissimam,
3079 3453 3153 3507 ita
3204 3463 3264 3507 ut
3319 3453 3463 3509 hanc
3492 3456 3565 3513 ob

1970 3556 2090 3597 rem
2113 3558 2223 3597 non
2253 3542 2434 3599 solum
2459 3543 2772 3612 patriarcha
2797 3546 3064 3615 expulsus
3114 3555 3294 3603 morte
3324 3547 3565 3603 violenta

1971 3633 2118 3690 diem
2147 3650 2470 3706 supremum
2502 3636 2706 3702 obiret,
2743 3636 2839 3692 sed
2876 3640 3045 3694 etiam
3064 3639 3462 3711 episcoporum
3507 3650 3566 3697 et

1969 3729 2426 3800 presbyterorum
2478 3740 2754 3799 quotquot
2801 3729 2858 3784 in
2909 3731 3175 3802 periculis
3215 3743 3562 3790 constantem

1968 3821 2097 3877 vitae
2118 3822 2390 3878 rationem
2430 3823 2720 3888 tenebant,
2751 3822 2895 3880 alius
2942 3824 3051 3880 alio
3085 3841 3184 3895 per
3225 3826 3420 3882 orbem
3451 3837 3567 3886 ter-

1972 3930 2159 3970 rarum
2186 3915 2446 3987 exagitati
2472 3914 2905 3986 dissiparentur.
2934 3914 3145 3974 Omitto
3170 3923 3419 3987 narrare,
3438 3923 3567 3992 qui-

1969 4008 2076 4064 bus
2105 4008 2388 4077 acciderit,
2415 4016 2478 4064 ut
2515 4007 2571 4063 in
2602 4023 2829 4064 carcere
2874 4020 2935 4065 et
2958 4009 3211 4066 tenebris
3244 4012 3564 4081 interirent,

1948 4115 2276 4179 omnesque
2313 4100 2409 4171 qui
2442 4100 2590 4161 fame
2642 4112 2700 4157 et
2735 4100 2829 4156 siti
2883 4110 2938 4155 et
2991 4103 3429 4159 necessariorum
3461 4121 3564 4176 pe-

1970 4198 2134 4254 nuria
2163 4207 2343 4253 morte
2364 4196 2605 4253 violenta
2634 4196 2970 4254 decederent
2994 4216 3007 4252 :
3044 4182 3183 4253 etid
3215 4203 3366 4270 quod
3393 4200 3558 4256 etiam

1971 4292 2196 4363 gravius
2222 4299 2350 4357 est,
2402 4291 2551 4362 quod
2592 4306 2663 4347 ne
2717 4290 3031 4362 sepulcrum
3068 4291 3313 4361 quidem,
3348 4307 3384 4347 ο
3414 4300 3563 4350 terra

1971 4394 2028 4439 et
2051 4383 2155 4448 sol,
2191 4393 2251 4438 ut
2278 4382 2550 4438 baberent
2572 4398 2671 4453 per
2693 4391 2980 4454 cognatos,
3010 4385 3075 4439 iis
3097 4398 3421 4440 concessum
3453 4399 3561 4450 est,

1971 4475 2078 4532 nisi
2112 4476 2432 4547 quicunque
2461 4475 2602 4531 clam
2660 4475 3038 4531 humabantur
3063 4516 3080 4544 ,
3132 4492 3451 4548 quanquam
3489 4496 3562 4535 ne

1895 4545 1949 4605 D
1973 4565 2045 4621 ab
2085 4545 2172 4623 his
2202 4545 2427 4638 quidem
2464 4566 2573 4622 sibi
2630 4567 3011 4638 temperabant
3066 4545 3341 4627 micatis
3383 4569 3562 4627 Laco-

1971 4658 2112 4714 nicae
2152 4658 2332 4713 instar
2360 4657 2664 4714 odorantes
2689 4665 2744 4713 et
2772 4659 3198 4731 investigantes:
3233 4661 3330 4716 sed
3361 4661 3561 4718 horum

1970 4767 2193 4821 quoque
2243 4751 2539 4806 nonnullos
2572 4750 2877 4807 eruebant.
2924 4749 3051 4808 Haec
3090 4751 3259 4821 igitur
3312 4754 3561 4809 omnium

1970 4845 2419 4915 persecutionum
2476 4844 2580 4899 fuit
2638 4841 2988 4915 gravissima.
3039 4844 3181 4910 Quid
3235 4845 3383 4900 enim
3441 4862 3563 4902 am-

1969 4935 2114 5005 plius
2144 4937 2495 4991 committere
2549 4942 2804 5006 poterant
2844 4935 2897 4989 in
2937 4950 3139 5005 corpus
3168 4951 3334 4992 sensu
3366 4954 3558 4994 carens

1967 5028 2139 5082 animi
2176 5028 2353 5097 inepti
2389 5027 2759 5098 ignorantiam
2814 5027 3168 5084 elfundentes
3196 5029 3221 5083 Υ
3248 5027 3383 5084 Nam
3418 5030 3559 5086 mori

1968 5134 2194 5176 necesse
2217 5127 2336 5184 est;
2368 5120 2515 5190 quod
2544 5127 2726 5195 autem
2754 5119 2822 5173 ad
2849 5118 3144 5174 vivendum
3178 5129 3275 5175 aut
3306 5121 3559 5191 sepultu-

1963 5229 2082 5267 ram
2122 5214 2345 5277 attinet,
2376 5213 2572 5267 borum
2612 5211 2839 5267 omnino
2864 5222 3122 5268 neutrum
3178 5227 3404 5269 necesse
3432 5226 3554 5280 est;

1944 5316 2195 5378 propter
2283 5306 2431 5375 quod
2486 5305 2723 5360 alterum
2800 5305 2967 5360 etiam
3055 5304 3246 5360 invitis
3314 5305 3556 5359 homini-

1967 5401 2071 5454 bus
2119 5408 2315 5453 natura
2374 5399 2591 5468 perficit
2639 5416 2652 5452 :
2706 5397 2945 5451 alterum
3001 5398 3055 5451 in
3118 5398 3402 5452 voluntate
3457 5413 3556 5465 po-

1967 5495 2134 5547 situm
2206 5492 2570 5562 superstitum
2647 5494 2864 5563 signum
2924 5500 3012 5547 est
3073 5486 3399 5545 alterutrius
3454 5501 3554 5546 aut

1965 5585 2255 5641 dementia:
2292 5595 2390 5640 aut
2444 5583 2775 5656 prudentiae.
2812 5584 2930 5638 Tali
2966 5584 3134 5657 igitur
3187 5583 3555 5639 insectatione

1964 5675 2235 5732 afﬁcimur
2268 5677 2430 5731 etiam
2471 5692 2595 5741 nos,
2622 5677 2716 5747 qui
2740 5676 2961 5746 quidem
2999 5675 3199 5745 inepta:
3231 5688 3428 5729 vocum
3453 5691 3557 5731 no-

1965 5771 2120 5825 vitati
2148 5770 2380 5826 Palamas
2410 5770 2570 5827 istius
2604 5769 2890 5841 indulgere
2916 5771 3180 5825 nolimus.
3205 5764 3401 5826 Omnia
3429 5770 3558 5833 ωιὶι-

1970 5863 2095 5919 dem
2133 5863 2296 5931 mala,
2349 5878 2471 5934 qua:
2524 5875 2815 5934 propterea
2868 5864 3080 5934 experti
3137 5880 3352 5931 sumus,
3388 5860 3553 5949 272
