4034 6472
512 409 621 472 2-19

1725 414 2144 480 NICEPHORI
2185 420 2569 483 ΟΗΕΟΟΒίΒ

3650 437 3753 499 ﬂio

509 519 859 576 committere
882 520 1113 575 auribus
1140 521 1425 575 hominum
1466 522 1692 578 omnino
1719 540 1827 578 non
1863 541 2082 581 necesse

2194 537 2583 600 καινοφωνίαις
2614 534 2858 589 ὑπείκειν
2886 535 3123 606 Παλαμᾶ
3153 537 3368 590 τουτουί
3409 551 3427 569 ·
3460 539 3659 594 ὁπόσων
3694 560 3753 608 γε

513 624 673 685 puto,
703 614 836 679 Deo,
870 614 965 683 qui
1000 614 1180 669 oculta
1215 615 1629 680 animadvertit,
1678 618 1796 673 haec
1839 630 2095 673 accurate

512 706 905 777 perspiciente.
946 705 1154 760 Tamen
1180 721 1303 761 cum
1337 707 1620 762 voluntate
1657 710 1865 777 divina,
1922 711 2094 781 impe-

514 807 688 863 rator,
714 806 998 867 paternam
1025 810 1170 852 tuam
1201 794 1413 868 imperii
1447 810 1649 855 sortem
1669 803 1999 871 susceperis,
2019 804 2095 857 si-

513 889 739 960 mulque
788 904 892 946 nos
941 891 1298 946 refecerimus
1337 892 1619 961 paululum
1679 893 1773 963 qui
1830 909 2092 962 perseve-

509 983 691 1036 rantia
720 981 1091 1052 periculorum
1129 982 1409 1052 defatigati
1447 983 1616 1037 vitatu
1664 1002 1772 1039 non
1827 985 2092 1054 abjeceri-

509 1089 651 1138 mus,
690 1082 926 1143 cumque
974 1073 1319 1128 decretorum
1361 1083 1416 1128 et
1464 1075 1804 1129 voluminum
1865 1075 2089 1129 illorum

510 1164 740 1219 macula
763 1174 820 1221 et
846 1165 1010 1220 exitia
1046 1168 1101 1217 in
1127 1172 1483 1233 conspectum
1520 1165 1681 1218 nobis
1713 1164 2009 1219 inciderint
2034 1175 2090 1219 et

505 1256 709 1311 famam
746 1256 856 1325 jam
887 1255 1034 1310 clare
1077 1255 1518 1322 perspexerimus
1547 1267 1600 1310 et
1631 1255 1878 1309 convicia
1908 1255 2007 1309 ista
2032 1264 2089 1308 et

507 1362 868 1418 quascunque
916 1356 1114 1400 contra
1168 1346 1341 1400 libros
1379 1345 1597 1400 divinos
1658 1346 2091 1400 obtrectationes

510 1437 781 1506 falsasque
811 1436 1231 1490 criminationes
1286 1435 1610 1491 effundunt:
1639 1454 1862 1492 necesse
1919 1437 2084 1507 igitur

508 1529 645 1583 illud
675 1528 930 1582 volumen
957 1531 1068 1596 jam
1105 1527 1417 1597 proferatur
1447 1532 1500 1583 in
1547 1530 1810 1596 medium,
1862 1547 1932 1585 ne
1963 1544 2085 1584 ora—

509 1622 585 1675 tio
619 1631 803 1674 nostra
864 1630 1069 1675 temere
1100 1628 1155 1674 et
1200 1621 1471 1675 incassum
1522 1622 1823 1691 procedat,
1872 1621 2082 1675 nullum

504 1713 714 1767 habens
745 1711 974 1773 fundum
1005 1710 1555 1782 fundamentumque.

567 2016 665 2071 ill.
707 2015 847 2069 Tum
901 2014 1202 2081 imperator
1248 2028 1262 2064 :
1298 2010 1418 2065 Non
1477 2011 1682 2079 operis,
1722 2009 1923 2077 inquit,
1960 2022 2085 2078 per-

497 2110 624 2164 fecti
663 2110 717 2162 in
751 2107 1007 2176 praesenti
1062 2105 1405 2173 requirimus
1447 2100 1944 2170 compositionem;
1985 2098 2082 2154 sed

502 2204 768 2258 doctrinae
805 2214 1067 2269 perquam
1122 2196 1436 2266 symbolica:
1466 2204 1521 2249 ct
1566 2194 1818 2249 obscurae
1850 2192 2080 2262 vestigia

498 2307 557 2349 et
580 2295 752 2364 signa.
796 2291 1050 2346 Profecto
1107 2288 1256 2342 enim
1316 2286 1766 2356 presbyterorum
1822 2295 2081 2338 coronam

492 2386 978 2443 convocabamus:
1019 2395 1198 2451 neque
1240 2394 1373 2435 vero
1407 2379 1462 2433 in
1514 2386 1727 2432 secreto
1765 2384 1821 2430 et
1858 2389 2080 2430 recessu

499 2494 588 2533 res
622 2475 781 2530 nobis
815 2473 927 2528 ullo
978 2469 1144 2525 modo
1193 2465 1659 2536 componebatur,
1718 2470 2081 2531 compouetur

494 2578 680 2625 tamen
707 2567 857 2636 justo
888 2574 1158 2632 tempore.
1195 2558 1299 2615 Cui
1325 2556 1670 2627 respondens
1718 2554 1966 2607 l‘alatnas
2018 2551 2072 2606 in

496 2660 843 2716 Barlaamum
866 2662 1188 2711 convertere
1218 2648 1523 2705 conabatur
1545 2659 1856 2701 sermonem
1879 2652 1937 2699 et
1954 2642 2077 2697 viva

495 2769 562 2809 ex
611 2749 845 2807 mortuis
900 2747 1320 2808 demonstrare;
1379 2739 1476 2795 sed
1538 2739 1779 2808 reiectus
1836 2746 1923 2792 est
1978 2750 2079 2806 per

488 2846 799 2914 Gregoram
826 2854 952 2896 cum
992 2836 1062 2891 ad
1101 2851 1190 2891 res
1213 2833 1483 2889 obscuras
1514 2828 1875 2901 confugeret:
1926 2827 2077 2898 quod

491 2937 690 2992 liceret
743 2942 871 2988 ante
896 2929 1089 2987 oculos
1142 2929 1318 2997 posita
1369 2924 1436 2979 ad
1476 2937 1700 2979 causam
1753 2930 2077 2991 prmsentem

487 3018 799 3081 adbibere:
839 3016 1200 3090 quamobrem
1235 3014 1397 3085 273
1436 3013 1502 3067 ad
1563 3011 1723 3066 aliam
1778 3024 2079 3065 conversus

486 3132 552 3174 et
584 3116 691 3172 alia
714 3114 882 3169 multa
904 3111 1126 3166 locutus
1146 3116 1232 3163 est
1257 3115 1312 3161 et
1336 3104 1501 3160 simul
1531 3102 1761 3169 tentavit
1780 3117 1904 3156 eum
1927 3116 2079 3171 quae-

496 3209 689 3273 rendo,
723 3221 855 3261 num
886 3212 1074 3259 essent
1105 3203 1201 3272 qui
1255 3201 1555 3256 essentiam
1591 3198 1832 3254 divinam
1886 3207 1941 3252 et
1992 3196 2075 3251 ef-

486 3300 792 3358 .ticientiam
828 3295 1070 3352 divinam
1119 3292 1373 3348 diversas
1431 3305 1554 3346 esse
1597 3298 1900 3360 negarent:
1968 3304 2074 3358 qua

487 3394 567 3449 de
594 3407 655 3448 re
678 3389 1022 3461 potissimum
1043 3384 1209 3441 etiam
1248 3383 1544 3455 Gregoram
1575 3382 1725 3453 loqui
1751 3380 1944 3439 voluit.

565 3572 657 3628 iV.
693 3569 833 3625 Tum
876 3567 1153 3639 ,Gregoras
1184 3565 1252 3621 ad
1303 3564 1694 3636 imperatorem
1740 3576 2076 3618 conversus:

493 3665 630 3721 Cum
682 3663 875 3725 multa,
906 3660 1106 3730 inquit,
1138 3658 1252 3714 sint
1277 3658 1479 3721 studia,
1522 3657 1780 3727 princeps
1805 3653 2079 3724 augustis-

496 3758 653 3817 sime,
689 3769 811 3824 qua:
839 3749 1163 3823 jamdudum
1207 3759 1445 3804 .mortua
1512 3745 1843 3801 reviviscere
1902 3757 2080 3812 nuper

497 3850 590 3904 ille
618 3847 803 3919 jussit,
824 3858 1053 3914 quaeque
1078 3850 1239 3897 antea
1277 3855 1387 3895 non
1409 3839 1521 3894 visa
1551 3839 1643 3893 ille
1672 3837 1900 3901 invenit,
1930 3835 2076 3891 socia

494 3940 720 4012 uljutus
748 3935 1224 4007 manuprincipis,
1260 3932 1521 4003 placitum
1554 3931 1694 4002 ejus,
1725 3933 1869 4002 quod
1902 3937 1987 4001 est
2011 3928 2080 3982 de

498 4036 687 4089 multis
745 4030 901 4095 deis,
957 4038 1115 4099 puto,
1172 4024 1406 4081 sufﬁciet
1464 4023 1597 4079 huic
1657 4038 1823 4093 quam
1885 4035 2080 4090 aggre-

497 4126 687 4181 dimur
729 4115 1426 4186 adumbrationi.Cupiens
1471 4114 1619 4169 enim
1681 4112 1957 4183 explicare
1982 4109 2081 4164 do—

497 4233 620 4287 gma
649 4214 793 4286 quod
827 4221 913 4269 est
971 4211 1038 4265 de
1095 4210 1187 4264 Dei
1224 4208 1389 4263 Verbi
1439 4205 1840 4270 incarnatione,
1891 4202 2083 4257 simul-

495 4325 604 4379 que
633 4308 835 4362 multos
868 4306 1002 4379 deos
1034 4300 1386 4355 introducere
1410 4338 1427 4363 ,
1480 4296 1765 4352 contendit
1789 4335 1804 4359 ,
1841 4295 2083 4350 cfiieien-

497 4372 628 4455 tiam
667 4412 790 4454 esse
839 4372 1189 4449 divinitatem
1229 4390 1559 4445 submissum
1592 4428 1608 4452 ,
1671 4390 1991 4452 iui-reatum,
2028 4394 2084 4441 et

495 4489 737 4545 essentia
764 4492 1077 4546 carentem,
1110 4490 1165 4535 et
1192 4479 1464 4535 diversam
1502 4477 1727 4533 omnino
1775 4477 1845 4531 ab
1877 4477 1966 4531 illa
1998 4475 2084 4530 di-

2202 620 2310 691 μὴν
2343 623 2438 674 καὶ
2464 625 2572 676 τῶν
2604 624 2795 678 δεινῶν
2828 627 3213 697 πεπειράμεθα
3236 626 3326 679 διὰ
3358 627 3551 696 ταῦτα,
3584 646 3753 700 παρα-

2197 712 2441 781 πέμπειν
2493 716 2685 778 ἀκοαῖς
2739 715 3111 788 ἀνθρωπίναις
3147 718 3208 770 ού
3260 717 3404 771 πάνυ
3458 736 3512 773 τι
3568 722 3756 792 χρῆναι

2194 804 2425 874 νομίζω,
2454 805 2551 858 τοῦ
2584 806 2654 859 τά
2687 809 2912 875 κρυπτὰ
2941 809 3252 880 ἐφορῶντος
3299 810 3437 865 θεοῦ
3468 814 3756 879 γινιιῖισκον⁶

2193 912 2283 957 τος
2307 896 2574 964 ἀκριϐῶς.
2603 898 2793 968 Ὅμως
2816 899 2939 951 ἐπεὶ
2987 898 3239 971 θειοτέρα
3292 901 3456 975 βουλῇ
3518 904 3611 956 τὸν
3658 925 3757 958 πα-

2193 985 2368 1055 τρῷόν
2395 1004 2477 1040 σοι
2506 988 2605 1056 τῆς
2628 989 2933 1059 μοναρχίας
2961 991 3263 1059 ἀνείληφας
3311 991 3538 1065 κλῆρον,
3574 986 3618 1047 ὧ
3663 994 3757 1064 βα-

2197 1074 2371 1139 σιλεῦ,
2402 1077 2497 1128 καὶ
2530 1078 2646 1147 ἆμα
2679 1079 2826 1147 ἡμᾶς
2885 1080 3393 1151 ἀνεπεπνεύκειμεν
3442 1082 3616 1153 βραχὺ
3665 1084 3756 1136 καὶ

2190 1166 2315 1219 ὅσον
2374 1168 2449 1239 μὴ
2480 1171 2543 1239 τῇ
2581 1169 2838 1240 συνεχείᾳ
2889 1170 2999 1224 τῶν
3065 1171 3253 1225 δεινῶν
3308 1174 3757 1244 ἀπηγορευκότας

2192 1255 2453 1325 προέσθαι
2489 1255 2548 1308 τὸ
2574 1257 2694 1327 ζῇν,
2726 1257 2823 1309 καὶ
2857 1259 2913 1310 αἱ
2968 1259 3078 1311 τῶν
3106 1260 3478 1329 ψηφισμάτων
3539 1263 3631 1315 καὶ
3674 1281 3758 1315 το·

2192 1349 2519 1419 μογραφιῶν
2554 1351 2778 1402 ἐκείνων
2800 1351 3012 1435 κηλῖδες
3042 1354 3138 1406 καὶ
3168 1352 3371 1424 ⁸κῆρες
3435 1350 3573 1425 ἧκον
3631 1358 3757 1427 ἡμῖν

2192 1442 2272 1502 εἰς
2321 1441 2444 1509 ὄψιν
2469 1443 2563 1494 καὶ
2588 1441 2785 1513 ἀκοὴν,
2839 1442 3087 1512 ἔγνωμεν
3142 1445 3246 1515 ἤδη
3302 1446 3491 1514 σαφῶς
3525 1449 3621 1500 καὶ
3664 1450 3755 1508 τὶς

2193 1531 2310 1582 ἐκεῖ
2342 1531 2713 1600 βλασφημίας,
2769 1533 2864 1586 καὶ
2892 1533 3024 1596 ὅσας
3052 1534 3163 1587 τῶν
3207 1536 3367 1589 θείων
3401 1537 3631 1602 Γραφῶν
3662 1540 3757 1597 τὰς

2193 1622 2447 1684 διαϐολὰς
2473 1625 2802 1692 καταχέουσι
2841 1626 2934 1678 κοιλ¹
2981 1630 3373 1695 συκοφαντίας.
3441 1628 3755 1696 Ἀναγκαῖον

2192 1714 2285 1767 οὖν
2316 1716 2523 1768 ἐκεῖνον
2546 1716 2647 1785 ἤδη
2675 1717 3072 1787 προενεχθῆναι
3106 1720 3196 1771 τὸν
3221 1718 3389 1788 τόμον
3444 1722 3524 1782 είς
3574 1720 3752 1788 μέσον,

2198 1805 2287 1860 ἵνα
2323 1807 2400 1878 μὴ
2434 1807 2615 1877 μάτην
2644 1811 2740 1862 καὶ
2771 1812 2849 1872 είς
2880 1811 3037 1864 κενὸν
3068 1811 3095 1862 6
3141 1811 3342 1882 δρόμος
3373 1813 3503 1880 ἡμῖν
3543 1811 3755 1881 ὑπάρχῃ

2110 1888 2153 1943 Β
2195 1899 2290 1953 τοῦ
2354 1900 2517 1969 λόγου
2574 1900 2847 1972 μηδεμίαν
2911 1901 3052 1971 ἔχων
3103 1902 3344 1973 κρηπῖδα
3392 1904 3488 1955 καὶ
3530 1902 3702 1972 βάσιν.
3738 1922 3755 1951 ι

2262 1992 2338 2048 1".
2390 1994 2452 2048 '0
2485 1995 2540 2048 δὲ
2569 1994 2853 2066 βασιλεὺς,
2885 2016 2904 2048 ι
2944 1997 3058 2050 Οὐκ
3090 1996 3254 2067 ἔργου
3310 1998 3459 2061 τινὸς
3517 1998 3757 2059 ἐντελοῦς

2190 2086 2247 2136 ἐν
2268 2084 2348 2155 τῷ
2389 2085 2514 2156 ἄρτι
2545 2086 2839 2157 ζητοῦμεν,
2877 2105 2896 2138 ι
2934 2086 3060 2158 ἔφη,
3119 2107 3138 2141 ι
3197 2089 3554 2153 κατάστασιν,
3622 2089 3753 2143 ἁλὶ-ὰ

2190 2180 2445 2247 γνώσεως
2489 2180 2654 2233 οἱονεὶ
2717 2181 2958 2250 τυπικῆς
3017 2182 3113 2235 καὶ
3161 2182 3430 2248 σκιὼδους
3478 2182 3600 2253 ῐχνη
3662 2181 3755 2233 καὶ

2191 2270 2586 2340 ὑπομνήματα.
2624 2265 2702 2329 in
2741 2271 2852 2343 γὰρ
2876 2268 2943 2325 ἂν
2982 2271 3305 2325 ἐπισκόπων
3344 2272 3439 2326 καὶ
3489 2290 3756 2343 πατριαρ-

2188 2363 2301 2433 χῶν
2331 2363 2472 2432 ὁμοῦ
2498 2365 2593 2416 καὶ
2615 2362 3011 2434 πρεσϐυτέρων
3056 2365 3366 2433 συνήγομεν
3408 2363 3634 2435 θέατρα,
3666 2365 3757 2415 καὶ

2188 2454 2289 2508 οὐκ
2337 2455 2396 2507 ἐν
2446 2454 2787 2526 παραϐύστῳ
2853 2457 2949 2510 καὶ
3010 2456 3186 2526 γωνίᾳ
3238 2458 3299 2509 τὸ
3350 2458 3586 2527 πρᾶγμα
3630 2457 3757 2524 ἡμῖν

2188 2545 2390 2600 οὑτωσί
2416 2565 2531 2610 πως
2575 2548 2828 2601 ἐτελεῖτο.
2880 2547 3076 2603 Ἔσται
3132 2547 3178 2600 δ’
3209 2543 3300 2602 οῦν
3343 2549 3496 2618 ὅμως
3545 2549 3757 2601 κάκεῖνο

2191 2639 2332 2694 κατά
2360 2638 2453 2693 τὸν
2481 2640 2669 2694 δέοντα
2699 2639 2913 2710 χρόνον.
2945 2657 2964 2690 ι
2984 2638 3303 2693 ’Υπολαϐὼν
3328 2638 3423 2692 οὖν
3450 2639 3513 2712 [Γ.
3546 2638 3649 2694 154
3680 2635 3755 2708 1.]

2187 2735 2216 2786 6
2247 2731 2512 2801 Παλαμᾶς
2534 2732 2615 2795 είς
2642 2731 2910 2801 Βαρλαάμ
2936 2730 3164 2799 ἀνάγειν
3223 2732 3501 2802 ἐπεχείρει
3531 2733 3623 2786 τὸν
3673 2730 3757 2782 λό-

2154 2846 2305 2896 ογον,
2339 2828 2430 2880 καὶ
2462 2824 2735 2878 δεικνύειν
2768 2828 2836 2878 τά
2855 2824 3034 2889 ζῶντα
3069 2826 3134 2877 ἐκ
3187 2823 3298 2876 τῶν
3359 2825 3595 2895 νεκρῶν.
3641 2823 3758 2877 Ἐκ-

2186 2917 2603 2991 κέκρουσταιδέ
2648 2917 2787 2987 πρὸς
2834 2915 2927 2970 τοῦ
2978 2916 3259 2986 Γρηγορᾶ,
3311 2918 3394 2981 είς
3438 2917 3501 2971 τὸ
3555 2915 3757 2985 ἀφανὲς

2188 3013 2575 3082 καταφεύγων,
2607 3010 2803 3082 παρόν,
2836 3009 2873 3064 ἃ.
2918 3010 3026 3076 πρὸ
3053 3008 3375 3079 ὀφθαλμῶν,
3412 3008 3621 3071 τούτοις
3666 3024 3755 3060 κε-

2187 3106 2425 3177 χρῆσθαι
2445 3106 2581 3175 πρὸς
2596 3105 2694 3174 τὴν
2709 3122 2785 3157 πα
2795 3102 2994 3175 ροῦσαν
3011 3104 3224 3174 χρείαν.
3238 3104 3329 3157 Διὸ
3351 3104 3602 3175 καὶπρὸς
3647 3101 3756 3154 ἐτέο

2189 3217 2292 3271 ραν
2319 3198 2662 3269 τραπόμενος
2703 3197 2774 3251 τά
2798 3215 2858 3251 τε
2903 3196 3039 3251 ἄλλα
3090 3196 3462 3264 ἐπολυλόγησε
3484 3240 3500 3265 ,
3524 3198 3617 3252 καὶ
3646 3196 3756 3262 ἅμα

2184 3290 2532 3361 κατέδραμεν
2565 3289 2779 3355 εττινες
2803 3287 2911 3343 εἷεν
2939 3292 2988 3344 ei
3016 3290 3116 3362 τὴν
3145 3290 3297 3345 θείαν
3320 3291 3516 3345 οὐσίαν
3534 3291 3626 3344 καὶ
3662 3287 3755 3357 τὴν

2182 3383 2334 3440 θείαν
2354 3384 2631 3454 ἐνέργειαν
2648 3380 2771 3438 κατ’
2785 3383 2935 3437 οὐδὲν
2953 3382 3231 3453 διαφέρειν
3254 3381 3619 3450 λέγοντες.Πε
3630 3382 3680 3451 ρὶ
3699 3370 3756 3431 οὗ

2183 3478 2424 3548 μάλιστα
2451 3475 2658 3531 καὶτὸν
2679 3475 2969 3547 Γρηγορᾶν
3001 3475 3156 3546 ἠξίου
3178 3475 3449 3543 τὸνλόγον
3467 3471 3755 3528 ποιεῖσθαι.

2253 3570 2327 3625 Δ’.
2361 3572 2473 3624 Καὶ
2505 3573 2532 3624 ό
2564 3571 2856 3640 Γρηγορᾶς
2885 3570 3024 3640 πρὸς
3082 3569 3173 3623 τὸν
3207 3569 3443 3641 βασιλέα
3474 3568 3756 3640 στραφεὶς,

2188 3684 2209 3718 ι
2249 3664 2470 3720 Πολλῶν
2520 3664 2811 3734 αἱρέσεων,
2843 3680 2862 3714 ι
2899 3661 3121 3733 ἔφησεν,
3161 3680 3180 3712 ι
3224 3655 3269 3716 ὧ
3318 3662 3575 3716 θειότατε
3612 3659 3759 3730 βασι-

2182 3758 2301 3825 λεῦ,
2363 3756 2564 3823 οὐσῶν,
2617 3755 2684 3819 ἃς
2734 3755 2905 3809 πάλαι
2940 3755 3267 3825 τεθνηκυίας
3320 3754 3629 3809 ἀναϐιῶναι
3669 3751 3762 3804 πέ-

2183 3862 2395 3918 πρακεν
2456 3836 2611 3908 οὗτος
2646 3844 2850 3915 ἀρτίως
2905 3843 3002 3895 καὶ
3057 3841 3124 3907 ἀς
3175 3840 3328 3895 οὔπω
3380 3842 3647 3910 φανείσας
3680 3839 3762 3905 ἐξ·-

2183 3936 2335 4007 εῦρε,
2382 3935 2671 4007 σύμμαχον
2729 3935 2871 4006 ἔχων
2919 3938 3022 4005 τὴν
3086 3933 3526 3989 δυναστεύουσαν
3583 3935 3756 4004 χεῖρα,

2183 4034 2212 4085 6
2245 4031 2341 4102 τῆς
2365 4030 2679 4095 πολυθεῖας,
2706 4026 2886 4099 οἶμαι,
2929 4027 3084 4096 λόγος
3116 4028 3344 4098 ἀρκέσει
3391 4031 3459 4099 τῇ
3514 4024 3757 4097 παρούσῃ

2187 4123 2553 4194 σκιαγραφίᾳ.
2587 4122 2772 4175 Θέλων
2812 4120 2924 4191 γὰρ
2983 4119 3294 4174 καταλῦσαι
3342 4121 3406 4173 τὸ
3446 4120 3551 4188 τῆς
3611 4120 3760 4170 ἐναν-

2186 4218 2527 4288 θρωπήσεως
2560 4214 2655 4267 τοῦ
2685 4213 2819 4267 Θεοῦ
2850 4213 3026 4281 Λόγου
3060 4213 3255 4283 δόγμα,
3297 4214 3394 4265 καὶ
3444 4212 3563 4285 ἅμα
3595 4210 3759 4263 πολυ-

2187 4310 2342 4366 θεῖαν
2380 4310 2723 4377 εἰσαγαγεῖν,
2787 4308 3073 4377 ἐνέργειαν
3129 4301 3270 4360 εἶναι
3320 4307 3587 4376 κηρύττει
3647 4302 3761 4357 θεό-

2183 4419 2328 4473 τητα
2358 4398 2663 4470 ύφειμένην
2698 4398 2958 4452 ἀκτιστον
2991 4399 3088 4452 καὶ
3118 4396 3370 4450 ἀνούσιον
3425 4396 3525 4451 καὶ
3572 4396 3760 4462 διάφοο

2190 4511 2282 4566 ρον
2313 4492 2632 4546 παντάπασι
2685 4489 2788 4560 τῆς
2844 4488 2995 4552 θείας
3050 4489 3269 4557 ἐκείνης
3325 4489 3425 4543 καὶ
3483 4486 3758 4558 μακαρίας

497 4582 625 4636 vina
656 4589 712 4635 et
741 4580 898 4634 beata
959 4572 1198 4629 essentia
1263 4580 1320 4627 et
1359 4571 1607 4640 corporis
1652 4569 1827 4624 oculis
1866 4569 2082 4638 conspi-

2190 4587 2403 4653 οὐσίας,
2438 4586 2536 4639 καὶ
2554 4582 2891 4653 σωματικοῖς
2929 4579 3235 4651 ὀφθαλμοῖς
3258 4580 3464 4651 όρατὴν
3512 4578 3638 4633 καθ’
3664 4579 3761 4631 αὖ·-

495 4688 657 4730 cnatn
690 4687 789 4741 per
843 4684 924 4730 se.
982 4682 1105 4737 quae
1131 4681 1257 4720 cum
1309 4661 1493 4718 omnia
1547 4661 1818 4731 perﬁciat,
1874 4661 1991 4730 ipsa
2028 4668 2082 4714 et

496 4763 814 4836 perficiatur
846 4774 949 4828 per
987 4755 1284 4813 essentiam
1339 4752 1654 4824 impositam
1686 4763 1742 4809 et
1794 4759 2081 4807 moveatur

497 4857 642 4910 sicut
696 4853 965 4908 machina:
1032 4855 1293 4905 moveant
1359 4860 1481 4916 quae
1534 4843 1742 4901 moveri
1819 4845 2079 4913 possint:

500 4944 705 5001 deinde
743 4959 907 4999 unam
965 4940 1115 4997 illam
1175 4936 1527 4995 efﬁcientiam
1579 4936 1640 4990 in
1694 4936 1915 4997 multas.
1966 4935 2084 4990 sive

503 5038 691 5109 potius
733 5035 948 5091 infinite
978 5034 1036 5088 in
1090 5031 1333 5087 infinitas
1373 5029 1572 5085 dividit
1627 5029 1771 5084 sicut
1823 5045 1997 5100 genus
2025 5029 2081 5083 in

500 5130 716 5200 species
741 5128 1014 5192 diversas,
1046 5134 1104 5179 et
1157 5123 1382 5180 nomine
1411 5122 1652 5193 generali
1699 5138 1892 5177 omnes
1922 5130 2083 5177 vocat

498 5221 842 5282 efIicientias,
892 5219 1037 5275 solas
1073 5227 1257 5272 autem
1290 5224 1347 5270 et
1396 5215 1660 5286 singulas,
1700 5215 1835 5279 vim,
1864 5215 2077 5279 vitam,

499 5309 820 5379 imperium,
858 5305 1210 5376 sapientiam,
1261 5305 1572 5359 facultatem
1600 5346 1615 5369 ,
1646 5304 1810 5377 274
1851 5305 2030 5360 lucem
2061 5346 2078 5372 ,

505 5401 815 5464 veritatem,
845 5410 901 5453 et
936 5412 1047 5453 uno
1077 5396 1249 5452 verbo
1272 5411 1618 5468 quiecnnqne
1652 5397 1765 5453 Deo
1797 5398 1959 5467 digna
1981 5415 2081 5454 no-

504 5494 650 5550 mina
682 5503 737 5548 et
767 5492 1031 5563 cogitata,
1060 5492 1163 5546 etsi
1193 5506 1224 5546 e
1255 5491 1490 5546 diversis
1533 5492 1819 5561 principiis
1848 5494 2087 5548 notatio-

502 5602 627 5643 nem
676 5583 979 5653 aecipiunt,
1009 5592 1191 5636 tamen
1219 5581 1472 5637 eumdem
1515 5582 1657 5637 inter
1690 5598 1750 5637 se
1797 5584 1978 5639 locum
2010 5594 2087 5639 te-

503 5677 804 5746 uent,quia
831 5675 984 5730 nullo
1014 5675 1127 5730 fere
1167 5676 1329 5730 modo
1364 5675 1581 5730 diversa
1610 5686 1739 5731 sunt
1776 5691 1889 5747 prie
1917 5678 2087 5747 signi-

501 5770 758 5825 ficatione
812 5769 1106 5840 suppositi,
1161 5769 1345 5822 omnia
1393 5784 1502 5821 uno
1550 5768 1721 5822 verbo
1767 5769 2087 5823 divinitatcs

501 5872 661 5919 vocat
692 5861 939 5919 diversas
972 5870 1028 5918 et
1077 5861 1367 5916 increatas.
1415 5860 1804 5929 Reprehensos
1851 5863 2014 5927 igitur
2046 5880 2074 5917 a

2183 4673 2306 4743 τὴν,
2339 4671 2669 4743 ἐνεργοῦσαν
2702 4668 2800 4739 μὲν
2826 4669 2896 4722 τά
2924 4670 3105 4723 πάντα
3132 4668 3329 4738 αὐτὴν,
3363 4666 3761 4739 ἐνεργουμένην

2183 4762 2228 4816 δ’
2263 4763 2434 4831 αὐτὴν
2477 4763 2582 4815 ὑπὸ
2627 4761 2728 4832 τῆς
2777 4760 3181 4831 ὑπερκειμένης
3215 4760 3427 4824 ὀὐσίας
3482 4759 3623 4830 ἅμα,
3668 4759 3760 4811 καὶ

2188 4857 2522 4927 κινουμένην
2555 4855 2810 4924 καθάπερ
2843 4854 3002 4906 ὁποῖα
3024 4852 3134 4906 τῶν
3170 4852 3423 4922 όργάνων
3486 4854 3629 4906 κινεῖ
3679 4868 3762 4903 κ;-

2189 4950 2454 5020 νούμενα.
2489 4944 2623 5002 Εἶτα
2653 4946 2754 5016 τὴν
2780 4946 2912 5017 μίαν
2939 4943 3226 5016 ἐνέργειαν
3255 4946 3335 5008 εἰς
3378 4944 3605 5009 πολλὰς,
3630 4943 3763 5012 μᾶλ-

2189 5039 2283 5091 λον
2316 5036 2363 5089 δ’
2393 5037 2692 5107 ἀπειράκις
2718 5033 2986 5104 ἀπείρους
3010 5031 3224 5098 διελὼν,
3258 5033 3334 5095 ὡς
3359 5033 3520 5100 γένος
3546 5034 3627 5094 είς
3647 5032 3760 5098 εἴδη

2189 5131 2446 5201 διάφορα,
2496 5126 2700 5197 γενικῷ
2732 5127 2834 5196 μὲν
2859 5125 3089 5195 ὀνόματι
3119 5125 3304 5190 πάσας
3354 5126 3639 5194 ἐνεργείας
3669 5142 3766 5177 κα-

2186 5223 2290 5288 λεῖ,
2312 5222 2417 5292 ἰδίᾳ
2440 5222 2484 5275 δ’
2502 5217 2567 5273 αὖ
2601 5220 2698 5274 καὶ
2728 5219 2852 5273 καθ’
2873 5219 3080 5271 ἕκαστα
3104 5218 3338 5287 δύναμιν
3360 5258 3376 5281 ,
3399 5216 3574 5288 ζωὴν,
3609 5216 3764 5287 βασι-

2186 5316 2362 5377 λείαν,
2383 5315 2597 5383 σοφίαν,
2618 5313 2890 5377 ἐξουσίαν,
2921 5309 3060 5380 φῶς,
3096 5310 3381 5376 ἀλήθειαν.
3419 5312 3534 5366 Καὶ
3578 5310 3763 5369 ἁπλῶς

2187 5404 2360 5459 ὁπόσα
2399 5403 2683 5471 θεοπρεπῆ
2713 5401 2820 5454 τῶν
2864 5400 3147 5469 ὀνομάτων
3204 5400 3302 5452 καὶ
3343 5401 3664 5470 νοημάτων,
3715 5399 3763 5449 εἰ

2188 5497 2283 5548 καὶ
2309 5497 2373 5546 ἐκ
2412 5492 2690 5562 διαφόρων
2725 5491 2912 5560 ἀρχῶν
2943 5490 3217 5558 λαμϐάνει
3239 5488 3340 5561 τὴν
3399 5489 3760 5559 ἐτυμολογίαν

2185 5588 2443 5649 ἕκαστον,
2476 5585 2593 5638 ἀλλ’
2629 5579 2723 5638 οῦν
2749 5585 3033 5655 ὁμοτίμως
3065 5583 3257 5654 ἔχοντα
3289 5584 3431 5655 πρὸς
3465 5583 3671 5652 ἄλληλα
3688 5581 3764 5650 τῷ

2189 5679 2358 5750 μηδὲν
2389 5696 2441 5731 τι
2474 5678 2624 5749 παρὰ
2652 5676 2751 5746 τὴν
2777 5676 2869 5729 τοῦ
2918 5676 3284 5745 ὑποκειμένου
3332 5678 3631 5744 διαφωνεῖν
3673 5692 3768 5742 ση-

2189 5772 2414 5840 μασίαν,
2446 5770 2710 5839 θεότητας
2748 5769 2927 5822 πάντα
2966 5769 3225 5834 καθάπαξ
3259 5772 3433 5831 αὐτὸς
3468 5770 3628 5824 καλεῖ
3657 5769 3770 5822 δια-

2187 5863 2383 5931 φόρους
2437 5862 2531 5915 καὶ
2588 5862 2902 5927 ἀκτίστους.
2975 5862 3423 5932 Ἐγκαλούμενος
3483 5860 3578 5917 οὖν
3630 5862 3763 5932 πρὸς
