4034 6472
283 357 380 424 241

1239 360 1678 423 ΒΥΖΑΝἸῚΝᾸΕ
1718 357 2096 419 ΗΙδΤΟΗ-ΗΕ
2135 358 2293 420 LIB.-
2324 362 2499 426 XXX.

3425 355 3538 417 ‘21:?

282 470 392 522 τῶν
446 467 830 538 συκετωτέρων
861 469 1144 537 πολλάκις,
1186 471 1262 533 ὼς
1292 471 1436 539 ᾇπερ
1470 469 1638 521 πάλαι
1687 466 1841 536 Μάρ-

1951 466 2404 532 prudentioribus
2459 483 2859 541 saepenumero,
2914 474 2974 520 ut
3024 480 3110 531 ea,
3168 463 3367 533 quibus
3400 466 3530 520 olim

272 562 462 624 κελλος
491 563 518 614 6
540 561 787 626 Γαλάτης
820 563 918 615 καὶ
951 561 1219 622 Φωτεινὸς
1275 561 1372 614 καὶ
1420 559 1688 628 Εὐνόμιονς
1729 558 1846 610 δια-

273 652 454 721 φόρως
483 653 732 722 ἀλλήλοις
770 655 1019 717 εἰπόντες
1053 653 1141 706 ἐπ’
1175 654 1301 722 ῐσης
1343 653 1484 706 κατὰ
1533 653 1636 720 τῆς
1688 652 1846 704 εὐσε-

273 747 423 809 ϐείας
459 747 778 820 ὲρῤάγησάν
833 766 894 801 τε
956 750 1050 802 καὶ
1087 747 1384 811 ἔπνευσαν,
1438 746 1617 800 ταῦτα
1666 745 1846 798 πάντα

278 841 578 911 συλλήϐδην
611 842 873 912 κηρύττει
904 840 1000 894 νῦν
1039 842 1225 896 οὑτοσὶ
1285 840 1543 912 καθάπερ
1599 840 1682 904 είς
1748 839 1847 892 ἱνα

276 932 550 999 συντήξας
584 933 846 1003 κρατῆρα
881 933 1106 996 κακίας,
1171 931 1392 995 σκολιὰς
1456 929 1697 983 ποιεῖται
1746 927 1846 992 τὰς

274 1021 614 1090 ἀποκρίσεις,
668 1022 729 1088 ἐξ
787 1025 979 1091 ἐτέρου
1031 1022 1169 1094 πρὸς
1220 1021 1408 1092 ἕτερον
1475 1019 1844 1089 μεταϐαίνων,

271 1114 368 1166 καὶ
395 1114 605 1177 πάντας
638 1115 920 1174 δυσσεϐεῖς
946 1114 1113 1170 νικῶν
1147 1115 1211 1186 [Γ.
1242 1115 1348 1170 154
1380 1112 1600 1185 υ.]ταῖς
1649 1113 1746 1167 ἐπὶ
1783 1113 1846 1166 τὸ

275 1204 462 1273 μεῖζον
491 1205 586 1258 τοῦ
613 1205 787 1260 κακοῦ
817 1206 1186 1276 προσθήκαις.
1216 1205 1326 1260 Καὶ
1363 1203 1483 1258 δέον
1514 1204 1610 1258 τοῦ
1674 1202 1849 1274 ὑπερ-

273 1296 567 1361 ὁάλλοντος
611 1299 778 1352 ἕνεκα
817 1299 1290 1367 ὲγκαλύπτεσθαι,
1352 1301 1380 1352 6
1423 1299 1482 1352 δὲ
1529 1295 1847 1351 τούναντίον

268 1391 544 1463 διαφυγῆς
569 1393 858 1461 πορίζεται
899 1394 1174 1464 πρόφασιν
1232 1393 1335 1462 τὴν
1371 1392 1513 1461 πρὸς
1543 1393 1602 1445 τὸ
1662 1394 1847 1461 χεῖρον

267 1483 476 1554 ταύτην
504 1483 868 1552 παράλλαξιν,
932 1486 1030 1538 καὶ
1067 1485 1248 1538 οὐδενὶ
1286 1486 1605 1553 συμφωνεῖν
1642 1483 1844 1536 διατεί-

269 1593 441 1640 νεται,
468 1577 655 1646 ὅμοιον
679 1577 849 1631 ποιῶν
885 1578 1078 1642 ὥσπερ
1107 1577 1173 1630 ἂν
1205 1578 1258 1632 ετ
1293 1595 1380 1639 τις
1411 1577 1624 1647 κλοπῆς
1681 1580 1851 1643 ἐγκα-

266 1668 552 1737 λούμενος,
581 1672 608 1721 ὁ
642 1670 697 1722 δὲ
727 1669 787 1722 τὸ
817 1671 916 1738 μὲν
975 1669 1216 1738 κλέπτης
1279 1666 1423 1723 εἶναι
1473 1668 1843 1740 ἀπηγόρευεν,

267 1752 552 1828 ἱερόσυλος
585 1759 631 1812 δ’
667 1757 810 1812 εἶναι
841 1761 936 1814 καὶ
967 1761 1299 1831 ἀνδροφόνος
1353 1761 1586 1823 ἐτίθετο,
1646 1760 1721 1829 μὴ
1766 1762 1844 1811 εἰ-

269 1849 375 1912 δὼς
406 1851 815 1906 πολλαπλάσιον
871 1853 1016 1923 ἔχειν
1071 1853 1173 1923 τὴν
1212 1853 1488 1924 τιμωρίαν
1518 1854 1611 1906 τὸν
1649 1852 1843 1923 ἀνδρο-

271 1942 431 2008 φόνον
480 1944 572 1995 καὶ
626 1943 908 2014 ἱερόσυλον
946 1945 978 2014 ἢ
1011 1944 1104 1997 τὸν
1141 1944 1392 1998 ἰδιωτικὰ
1429 1946 1692 2015 χρήματα
1744 1963 1841 1997 κε-

269 2033 526 2102 κλοφότα.
561 2035 752 2104 Ὅμως
808 2036 1024 2090 εἰπάτω
1077 2037 1173 2090 νῦν
1218 2036 1323 2089 ποῦ
1376 2039 1474 2108 τῆς
1543 2039 1695 2108 ἱερᾶς
1733 2037 1843 2090 τῶν

268 2127 444 2191 ἁγίων
499 2129 724 2198 Γραφῆς
754 2130 1002 2200 εὑρίσκει
1068 2131 1250 2202 ῥητῶς
1312 2131 1516 2192 πολλὰς
1549 2130 1843 2194 ἀκτίστους

270 2217 535 2287 θεότητας
566 2222 661 2274 καὶ
690 2222 994 2293 διαφόρους.
1017 2224 1117 2291 τῆς
1153 2223 1302 2286 Θείας
1358 2225 1579 2294 ἐκείνης
1617 2224 1838 2293 οὐσίας,

271 2310 520 2382 καθάπερ
558 2315 668 2380 ἐγὼ
694 2315 787 2366 νῦν
815 2317 1032 2382 κομίζω
1073 2317 1356 2386 μάρτυρας
1393 2318 1619 2380 τούτους
1652 2317 1711 2370 ἒν
1739 2318 1837 2387 μό⁴

270 2417 360 2453 νον
387 2403 445 2454 τὸ
490 2404 748 2458 ἄκτιστον
778 2407 878 2476 τὴν
923 2408 1080 2462 θείαν
1122 2410 1218 2462 καὶ
1263 2412 1706 2480 τρισυπόστατον
1749 2410 1841 2462 λέ-

269 2509 464 2560 γοντας
493 2495 677 2561 φύσιν,
710 2499 778 2551 τὰ
809 2500 853 2552 δ’
883 2499 1018 2553 ἄλλα
1041 2502 1226 2554 πάντα
1257 2503 1354 2554 καὶ
1387 2502 1504 2565 μετ’
1526 2502 1697 2572 αὐτὴν
1719 2519 1842 2555 κτι-

274 2589 392 2641 στά.
433 2590 520 2654 Ἐξ
547 2585 621 2643 ὧν
649 2592 780 2645 αὑτό
831 2610 891 2645 τε
922 2593 1085 2646 τοῦτο
1120 2596 1314 2662 μαθεῖν
1372 2594 1522 2647 ἔστιν
1555 2597 1636 2648 ὅτι
1681 2595 1741 2649 ἓν
1780 2597 1841 2650 τὸ

271 2679 526 2734 ᾶκτιστον
549 2683 643 2734 καὶ
675 2685 735 2736 ού
764 2684 952 2748 πολλὰ,
981 2686 1075 2739 καὶ
1111 2677 1227 2753 ἅμα
1257 2687 1340 2739 ὃτι
1398 2687 1589 2739 οὐσίαν
1620 2689 1716 2741 καὶ
1749 2690 1842 2742 οὐ-

271 2769 459 2832 σιῶδες
478 2775 574 2823 καὶ
606 2772 850 2827 ὲνούσιον
879 2777 978 2828 καὶ
1021 2776 1191 2843 φύσιν
1210 2779 1304 2830 καὶ
1348 2781 1578 2846 φυσικὸν
1616 2781 1711 2833 καὶ
1741 2780 1840 2850 ἒμ-

243 2875 437 2933 ¹φυτον
461 2861 552 2914 ἐπὶ
582 2861 719 2915 Θεοῦ
750 2863 1023 2935 λεγόμενα
1057 2867 1239 2935 ἁπλῆν
1288 2867 1399 2937 ἔχει
1424 2871 1526 2938 τὴν
1558 2872 1842 2940 σημασίαν

272 2951 366 3001 καὶ
418 2953 716 3025 μοναδικὴν
742 2957 839 3010 καὶ
877 2958 1047 3027 μηδὲν
1081 2961 1312 3032 μηδαμῆ
1344 2965 1839 3032 παραλλάττουσαν

267 3044 347 3113 τῷ
373 3047 469 3113 τῆς
491 3049 680 3112 οὐσίας
712 3051 804 3104 καὶ
840 3052 1057 3120 φύσεως
1082 3054 1228 3122 λόγῳ
1257 3056 1400 3125 πλὴν
1457 3060 1524 3126 τῇ
1587 3060 1842 3129 προφορᾷ

1951 555 2240 615 Marcellus
2276 560 2460 616 Galata
2491 572 2543 617 et
2595 561 2865 617 Photinus
2894 568 2950 616 et
2977 557 3307 622 Eunomius,
3335 572 3531 626 quam-

1951 653 2033 706 vis
2060 652 2203 706 iuter
2235 668 2293 708 se
2345 653 2756 718 dissentientes,
2791 667 2946 723 aeque
2981 660 3172 706 contra
3208 647 3532 720 religionem

1949 754 2325 819 proruperunt
2371 758 2426 801 et
2479 748 2910 817 conspirarunt,
2965 744 3149 799 omnia
3207 743 3323 798 haec
3368 740 3546 795 simul

1949 837 2236 892 contendit
2279 855 2426 894 nunc
2473 840 2598 904 iste,
2632 839 2791 909 quasi
2825 837 2882 892 in
2921 852 3086 892 unam
3129 836 3366 890 miscens
3413 849 3535 888 cra-

1950 934 2126 981 teram
2185 928 2512 998 pravitatis,
2549 939 2604 984 et
2645 927 2940 984 insidiosas
2990 927 3170 982 reddit
3214 925 3533 995 responsio-

1948 1035 2066 1087 nes,
2099 1036 2164 1074 ex
2192 1021 2300 1077 alio
2331 1021 2395 1076 ad
2445 1022 2593 1076 aliud
2648 1032 3060 1093 transgressus,
3112 1027 3170 1076 et
3213 1034 3404 1074 omnes
3432 1018 3542 1074 im-

1948 1111 2070 1180 pios
2119 1127 2386 1182 superans
2447 1115 2589 1169 mole
2643 1115 2869 1185 majoris
2929 1113 3239 1184 pravitatis,
3264 1122 3342 1184 {et
3402 1127 3542 1168 eum.

1947 1217 2178 1258 necesse
2216 1205 2288 1259 sit
2322 1219 2549 1276 propter
2578 1207 2846 1262 victorem
2877 1206 3114 1262 latebras
3139 1222 3408 1277 quaerere,
3441 1207 3548 1262 ille

1949 1303 2137 1350 contra
2175 1298 2410 1366 perlugii
2467 1298 2572 1352 sibi
2609 1307 2894 1368 comparat
2928 1297 3196 1367 speciem,
3224 1298 3366 1350 hanc
3407 1312 3535 1350 tnu-

1947 1389 2207 1444 tationem
2226 1390 2424 1445 factam
2462 1391 2518 1445 in
2557 1391 2887 1449 deteriorem
2925 1402 3159 1461 partetn,
3195 1407 3374 1460 neque
3405 1406 3539 1446 cum

1945 1497 2223 1552 quoquam
2263 1483 2503 1554 colloqui
2535 1484 2722 1540 studet
2753 1500 2944 1554 :aeque
2977 1500 3040 1538 ac
3066 1485 3110 1539 si
3141 1484 3356 1554 quis-de
3383 1483 3536 1538 furto

1946 1573 2276 1643 appellatus,
2302 1574 2480 1628 furem
2517 1591 2575 1629 se
2603 1591 2728 1630 esse
2755 1584 3021 1646 negaret,
3064 1575 3393 1645 sacrilegum
3434 1590 3533 1628 au-

1947 1672 2056 1719 tem
2106 1674 2163 1720 et
2217 1667 2549 1736 parricidam
2611 1668 2985 1734 concederet,
3042 1668 3306 1738 ignorans
3360 1667 3539 1722 multo

1948 1758 2156 1828 majore
2187 1759 2326 1814 afﬁci
2345 1775 2507 1830 poena
2539 1761 2873 1830 parricidam
2905 1769 2963 1815 et
2991 1761 3342 1830 sacrilegum,
3366 1773 3540 1830 quam

1880 1830 1920 1883 Β
1953 1867 2042 1907 res
2069 1853 2312 1921 privatas
2357 1853 2622 1908 furatum.
2661 1853 2866 1906 Tamen
2901 1853 3073 1907 dicito
3110 1856 3289 1916 nunc,
3336 1853 3426 1908 ubi
3479 1852 3536 1906 in

1948 1959 2104 2000 sacra
2135 1954 2452 2000 sanctorum
2483 1945 2768 2016 Scriptura
2812 1954 2999 2014 aperte
3051 1945 3290 2014 reperiat
3331 1944 3538 1999 multas

1948 2037 2268 2092 divinitates
2321 2037 2601 2093 increatas
2653 2047 2708 2092 et
2742 2037 2992 2092 diversas
3024 2037 3094 2091 ab
3152 2035 3397 2092 essentia
3441 2036 3542 2091 illa

1948 2131 2154 2196 divina,
2187 2131 2331 2186 sicut
2361 2146 2460 2202 ego
2490 2139 2660 2187 testes
2690 2131 2793 2188 bos
2815 2144 2962 2184 nunc
3013 2129 3208 2194 aﬂero,
3239 2128 3331 2198 qui
3361 2143 3534 2182 unum

1950 2233 2164 2277 tantum
2199 2237 2322 2278 esse
2371 2225 2680 2277 iucreatum
2715 2221 2930 2285 dicunt,
2978 2218 3220 2292 divinam
3269 2217 3534 2272 nimirum

1947 2324 2003 2368 et
2033 2324 2116 2368 ter
2154 2315 2493 2384 suppositam
2539 2323 2821 2368 naturam:
2857 2321 3053 2366 caetera
3105 2321 3288 2366 autem
3345 2310 3545 2364 omnia

1945 2406 2112 2461 etiam
2153 2415 2279 2476 post
2306 2421 2424 2460 eam
2457 2414 2665 2472 creata,
2697 2420 2762 2460 ex
2791 2404 3004 2476 quibus
3047 2403 3102 2457 id
3155 2402 3324 2472 275.
3351 2403 3542 2476 ipsum

1949 2500 2178 2569 intelligi
2231 2509 2410 2569 potest
2445 2515 2614 2554 unum
2651 2515 2773 2555 esse
2827 2498 3162 2565 increatum,
3190 2511 3371 2566 neque
3401 2510 3544 2551 vero

1949 2591 2145 2656 multa,
2179 2589 2381 2644 deinde
2413 2606 2536 2646 cum
2570 2591 2867 2646 essentiam
2891 2598 2948 2645 et
2973 2588 3277 2646 essentiale
3316 2595 3370 2642 et
3401 2586 3542 2641 sub—

1947 2683 2202 2737 Stantiale
2255 2693 2311 2739 et
2347 2692 2601 2738 naturam
2654 2692 2712 2738 et
2748 2683 2996 2739 naturale
3051 2691 3109 2737 et
3161 2682 3411 2736 innatum
3465 2678 3540 2734 de

1950 2772 2060 2827 Deo
2112 2774 2518 2842 prmdicamus,
2565 2775 2683 2831 inec
2717 2775 3024 2845 simplicem
3074 2775 3190 2828 vim
3239 2773 3444 2828 habere
3477 2779 3538 2826 et

1949 2865 2194 2932 unicam,
2230 2879 2412 2937 neque
2446 2869 2558 2923 ullo
2591 2869 2820 2925 omnino
2871 2867 3036 2925 modo
3065 2866 3415 2922 differenten]
3463 2864 3550 2918 ab

1946 2956 2199 3009 essentia:
2237 2965 2292 3010 et
2338 2968 2548 3012 natura:
2582 2961 2826 3022 notione,
2869 2960 2971 3013 nisi
3006 2958 3248 3015 nominis
3281 2970 3534 3026 pronun-

1950 3043 2199 3098 tiatione.
2257 3046 2632 3102 Praadicantur
2689 3050 2838 3104 enim
2897 3051 3064 3104 etiam
3097 3048 3166 3102 de
3212 3044 3542 3114 compositis

267 3137 368 3202 τῆς
396 3137 614 3202 λέξεως.
652 3142 886 3209 Λέγεται
932 3146 1031 3214 μὲν
1091 3147 1198 3218 γὰρ
1249 3149 1350 3200 κὰν
1397 3151 1510 3212 τοῖς
1565 3149 1841 3214 συνθέτοις

1950 3133 2069 3188 [ηερ
2099 3143 2152 3188 et
2181 3136 2400 3201 creatis,
2438 3153 2549 3191 non
2581 3148 2764 3192 autem
2801 3139 3140 3202 necessario,
3175 3137 3271 3191 Sed
3305 3136 3373 3190 iis
3399 3151 3536 3189 con.-

267 3227 436 3282 ταῦτα
468 3231 561 3284 καὶ
603 3238 864 3301 κτιστοῖς,
909 3238 1026 3291 ἀλλ’
1073 3239 1135 3291 οὐ
1194 3241 1335 3294 κατᾶ
1397 3243 1488 3311 τὸν
1540 3245 1840 3311 ἀναγκαῖον

269 3320 361 3372 τὸν
405 3321 450 3375 δ’
482 3323 669 3389 αὐτοῖς
717 3328 1073 3400 ἐνδεχόμενον
1106 3332 1328 3402 τρόπον,
1363 3327 1406 3402 ᾧ
1439 3309 1499 3387 τὸ
1547 3309 1690 3390 εἶναι
1745 3338 1840 3390 καὶ

273 3411 344 3480 μὴ
370 3408 511 3468 εἶναι
550 3415 962 3474 ἓπεταιὲνίοτε.
1003 3423 1115 3475 Καὶ
1171 3421 1388 3492 πρῶτος
1445 3425 1546 3494 μὲν
1597 3429 1626 3479 6
1667 3427 1841 3495 μέγας

271 3505 432 3572 φησὶν
467 3507 807 3576 Ἀθανάσιος,
834 3531 854 3563 ι
893 3513 1186 3576 Ἀκτιστος
1221 3517 1436 3581 πέφυκε
1479 3518 1616 3587 μόνη
1649 3519 1840 3588 ήάγία

271 3593 312 3644 Τ
319 3595 459 3664 ριὰς,
495 3598 664 3663 ἀΐδιός
694 3619 754 3654 τε
788 3604 882 3656 καὶ
929 3605 1197 3675 ἄτρεπτος
1243 3607 1338 3660 καὶ
1377 3607 1770 3672 ἀναλλοίωτος.
1813 3629 1833 3661 ι

272 3685 381 3736 Καὶ
418 3682 617 3750 αὖθιςὸ
646 3690 829 3754 αὐτὸς,
882 3711 900 3742 ι
948 3693 1220 3764 Ἀκτίστῳ
1271 3697 1575 3765 προσάγειν
1609 3696 1841 3768 αὔξησιν

267 3774 460 3841 ἀσεϐές
493 3781 628 3834 ἐστι.
670 3799 688 3832 ι
721 3783 834 3837 Καὶ
862 3782 965 3851 ἔτι,
1007 3803 1027 3838 ι
1066 3785 1138 3838 Τὸ
1160 3787 1269 3857 γὰρ
1292 3786 1550 3840 ἄκτιστον
1575 3792 1640 3858 τῇ
1676 3787 1844 3858 φύσει

267 3867 482 3938 λέγεται
524 3873 802 3940 ἇκτιστον,
863 3877 1003 3946 μήτε
1053 3876 1283 3947 αὔξησιν
1347 3881 1486 3949 μήτε
1537 3881 1840 3934 ἐλάττωσιν

266 3961 667 4032 ἐπιδεχόμενον.
705 3984 726 4018 ι
759 3967 869 4020 Καὶ
903 3969 1023 4039 μετ’
1054 3970 1258 4039 ὀλίγον,
1292 3989 1311 4023 ι
1350 3973 1642 4036 Ἀκτιστος
1665 3973 1844 4044 ὕπαρ-

268 4051 347 4113 ξις
370 4053 504 4124 μόνη
553 4058 587 4128 η
627 4059 724 4127 τῆς
754 4059 1010 4130 θεότητος
1063 4065 1288 4118 νοεῖται.
1327 4081 1347 4116 ι
1395 4065 1508 4117 Καὶ
1544 4064 1650 4132 ἔτι,
1684 4085 1704 4118 ι
1743 4068 1841 4120 Ἀ-

265 4161 481 4208 κτιστος
525 4149 658 4219 μόνη
695 4152 942 4220 πέφυκεν
975 4155 1008 4224 ἡ
1037 4154 1168 4222 ἁγία
1197 4155 1240 4208 Τ
1247 4157 1366 4226 ριὰς
1389 4157 1488 4228 τῆς
1525 4158 1832 4228 θεότητος.»

270 4239 578 4308 «Δεύτερον
628 4243 760 4297 Θεὸν
806 4245 964 4299 οῦπω
1027 4251 1126 4302 καὶ
1187 4249 1436 4319 τήμερον
1485 4251 1837 4323 ἀκηκόαμεν.

265 4329 406 4382 Ὅσα
431 4331 544 4398 ἔχει
567 4337 594 4387 δ
619 4336 828 4406 Πατὴρ,
866 4337 1040 4392 ταῦτα
1071 4339 1168 4393 καὶ
1195 4342 1223 4392 6
1257 4341 1404 4408 Υίὸς,
1442 4342 1504 4395 τὸ
1547 4342 1834 4412 Ὕψιστος,

265 4422 328 4473 τὸ
374 4423 646 4492 βασιλεὺς,
673 4431 736 4481 τὸ
773 4431 998 4499 Κύριος,
1029 4434 1089 4485 τὸ
1144 4435 1570 4506 παντοκράτωρ.
1635 4436 1696 4490 ’0
1727 4438 1839 4508 γὰρ

1946 3228 2186 3283 venienti
2246 3228 2429 3293 modo,
2483 3246 2721 3298 quocum
2752 3231 3010 3298 congruit
3068 3229 3348 3284 interdum
3384 3228 3531 3296 quod

1941 3331 2026 3375 est
2047 3331 2104 3376 et
2133 3321 2279 3391 quod
2307 3337 2415 3375 non
2443 3331 2552 3375 est.
2582 3323 2764 3391 Atque
2797 3325 3010 3390 primus
3042 3322 3266 3391 quidem
3300 3337 3546 3393 magnus

1943 3414 2035 3468 ille
2074 3413 2426 3474 Athanasius,
2465 3431 2494 3463 ιη
2521 3413 2789 3476 lncreata,
2822 3413 3021 3482 inquit,
3054 3423 3139 3466 est
3196 3415 3308 3467 sola
3345 3426 3542 3470 sancta

1941 3506 2218 3560 Trinitas:
2255 3517 2304 3561 et
2337 3516 2542 3560 :eterna
2578 3513 2634 3560 et
2659 3505 2886 3558 immota
2919 3515 2978 3560 et
3007 3505 3420 3561 immutabilis.»
3465 3508 3541 3562 Ει-

1940 3615 2134 3653 rursus
2163 3599 2328 3660 idem,
2351 3617 2370 3651 ι
2411 3598 2658 3653 lnereato
2691 3597 2999 3652 attribuerc
3031 3598 3406 3653 accessionem
3435 3615 3533 3653 nc-

1942 3690 2024 3745 fas
2055 3699 2190 3756 est,»
2225 3700 2289 3746 et.
2313 3707 2509 3760 porro:
2540 3711 2556 3741 ι
2584 3691 2883 3745 lnereatum
2914 3692 3060 3747 enim
3093 3701 3289 3747 natura
3315 3707 3413 3748 sua
3447 3695 3540 3747 di—

1941 3782 2088 3837 citur
2119 3785 2423 3838 iucreatum
2466 3799 2648 3853 neque
2689 3785 3069 3840 accessionem
3120 3800 3302 3854 neque
3351 3786 3537 3840 minu-

1941 3878 2148 3933 tionem
2179 3877 2448 3947 patiens,»
2471 3889 2523 3932 et
2550 3877 2702 3932 brevi
2753 3886 2914 3947 post:
2955 3896 2976 3930 ι
3012 3878 3260 3932 increata
3293 3881 3535 3934 essentia

1941 3973 2056 4028 sola
2088 3979 2317 4040 putatur
2349 3971 2596 4026 numinis
2627 3970 2824 4037 divini,
2862 3990 2880 4022 ι
2917 3978 2972 4025 et
3001 3985 3191 4039 porro,
3222 3989 3241 4023 ι
3280 3971 3534 4027 lnereata

1941 4064 2073 4118 sola-
2099 4063 2239 4117 facta
2277 4072 2363 4116 est
2391 4070 2582 4116 sancta
2615 4062 2859 4117 Trinitas
2897 4062 3017 4118 Dei.
3075 4063 3325 4117 Alterum
3357 4063 3529 4118 Deum

1942 4155 2186 4210 nondum
2218 4155 2382 4210 etiam
2418 4154 2581 4208 hodie
2614 4153 2950 4210 audivimus.
2981 4153 3337 4227 Quaecunque
3379 4153 3534 4210 Patri

1942 4258 2092 4312 sunt,
2123 4247 2317 4302 eadem
2339 4249 2504 4302 etiam
2536 4247 2697 4314 Filio,
2736 4256 2822 4302 est
2849 4249 2997 4302 enim
3029 4247 3358 4312 altissimus,
3391 4249 3531 4313 Rex,

1941 4341 2230 4404 Dominus,
2260 4338 2660 4409 Omnipotens:
2701 4355 2827 4394 nam
2866 4349 3064 4395 natura
3091 4341 3313 4396 sua-bis
3336 4342 3537 4411 praedi-

1942 4443 2031 4488 tus
2053 4442 2138 4488 est
2170 4445 2225 4487 et
2258 4433 2555 4488 increatus.
2599 4433 2913 4488 Increatum
2949 4442 3013 4488 et
3059 4434 3196 4488 sine.
3217 4447 3452 4503 corpore
3480 4443 3536 4486 et

269 4511 407 4562 κατὰ
433 4513 595 4577 φύσιν
631 4515 801 4570 ταῦτα
833 4521 931 4572 καὶ
967 4521 1251 4584 ἄκτιστος.
1293 4541 1310 4574 ι
1349 4541 1368 4576 ι
1411 4525 1708 4579 ’Δκτιστον
1737 4527 1834 4580 καὶ

1944 4533 2137 4579 natura
2189 4523 2465 4580 invisibile
2525 4525 2700 4580 solum
2731 4533 2811 4578 est
2847 4539 3052 4578 numen
3095 4525 3364 4578 divinum.
3404 4523 3530 4579 Sola

267 4602 550 4683 ἀσώματον
581 4609 673 4660 καὶ
708 4609 869 4676 φύσει
892 4613 1122 4683 ἀόρατον
1150 4614 1312 4680 μάθον
1341 4616 1400 4669 τὸ
1433 4616 1588 4670 Θεῖὁν
1621 4620 1764 4674 ἐστι.
1814 4639 1832 4670 ι

276 4710 295 4742 ι
325 4694 473 4764 Μόνη
506 4699 601 4767 τῆς
628 4701 860 4766 κτίσεως
892 4703 1220 4774 ὑπέρκειται
1264 4708 1299 4775 ’ή
1345 4707 1465 4760 (ida
1525 4727 1582 4762 τε
1639 4712 1736 4764 καὶ
1775 4713 1842 4766 ἄ-

273 4811 490 4858 κτιστος
547 4797 708 4863 φύσις
775 4801 870 4852 τοῦ
901 4801 1060 4855 Θεοῦ.
1095 4821 1114 4855 ι
1161 4803 1270 4856 Καὶ
1295 4806 1394 4873 τῆς
1433 4803 1535 4874 μὲν
1579 4805 1841 4860 ἁκτίστου

269 4886 483 4953 φύσεως
515 4891 614 4960 τὴν
641 4892 803 4959 ἁγίαν
836 4894 1047 4964 Τριάδα
1088 4895 1478 4966 διωρισάμεθα
1504 4893 1672 4960 εἶναι,
1737 4900 1841 4968 τῆς

268 4979 326 5030 δὲ
346 4985 571 5050 κτιστῆς
605 4983 783 5036 πάντα
811 4985 912 5038 ὅσα
942 4985 1062 5055 μετ’
1093 4987 1314 5055 ἐκείνην
1366 4987 1590 5056 λέγεταί
1640 5007 1699 5041 τε
1744 4991 1841 5042 καὶ

268 5073 384 5124 ἐστι
409 5075 505 5126 καὶ
530 5075 876 5144 ὀνομάζεται.
900 5076 963 5149 [ε.
997 5080 1099 5134 155
1121 5078 1193 5150 r.]
1228 5081 1510 5134 Ἀκτίστου
1532 5083 1669 5152 πρὸς
1687 5083 1842 5136 am.

270 5178 394 5213 στον
432 5163 532 5215 οὐκ
579 5165 644 5218 ἄν
707 5182 791 5227 τις
839 5167 1114 5236 ὲννοήσσιε
1162 5167 1453 5236 διαφοράν.
1514 5169 1668 5241 Μόνη
1715 5170 1772 5222 δὲ
1809 5172 1840 5240 ἡ

268 5252 524 5316 ἄκτιστος
551 5257 715 5323 φύσις
746 5259 779 5327 ἡ
813 5259 873 5310 ἐν
892 5261 1073 5329 Haupt
1089 5260 1184 5312 καὶ
1226 5259 1342 5331 Υίῷ
1367 5261 1461 5312 καὶ
1489 5261 1634 5329 ἁγίῳ
1668 5261 1842 5315 Ilvati-

271 5363 403 5415 ματι
425 5349 805 5418 πιστευομένη
823 5351 1092 5418 κρείττων
1130 5352 1254 5405 ἐστὶ
1306 5353 1491 5420 πάσης
1551 5355 1846 5424 ὀνομαστι-

268 5439 370 5507 κῆς
395 5444 692 5509 σημασίας.
751 5444 1050 5497 ’Δικτιστονς
1083 5445 1144 5498 δὲ
1189 5445 1331 5516 πλὴν
1387 5448 1486 5516 τῆς
1539 5447 1689 5511 θείας
1741 5449 1843 5518 φύ-

239 5528 406 5594 ,σεὼς
437 5533 585 5584 ἐστιν
611 5533 783 5588 οὐδέν.
807 5533 952 5586 Ἀλλ’
983 5535 1033 5587 εί
1097 5536 1252 5601 Θεὸς,
1290 5536 1511 5599 πάντως
1556 5541 1652 5591 καὶ
1681 5539 1839 5594 ἄκτι-

269 5639 423 5687 στος·
459 5626 509 5678 εί
541 5625 600 5677 δὲ
631 5629 867 5694 κτιστὸς,
889 5630 954 5682 ού
986 5629 1138 5695 Θεός.
1184 5630 1270 5682 Ἐν
1296 5633 1362 5701 τῇ
1409 5632 1652 5704 ἁκτίστῳ
1680 5633 1843 5702 φύσει

267 5719 466 5770 νοεῖται
514 5719 584 5772 τὰ
644 5719 935 5789 θαυμαστὰ
988 5723 1293 5792 πράγματα
1352 5725 1449 5776 καὶ
1499 5725 1762 5795 ὀνόματα,
1815 5729 1844 5782 6

273 5812 459 5884 Πατὴρ
495 5812 590 5866 καὶ
624 5814 651 5866 6
677 5812 802 5878 Υίδς
838 5815 930 5867 καὶ
958 5816 1016 5869 τὸ
1047 5815 1271 5885 Πνεῦμα
1297 5815 1358 5868 τὸ
1390 5815 1563 5884 ἅγιον.
1610 5819 1725 5871 Πᾶν
1786 5820 1844 5872 τὸ

1943 4618 2283 4672 creationem
2322 4617 2543 4672 excedit
2582 4617 2769 4671 divina
2832 4627 2888 4672 et
2927 4618 3175 4672 increata
3230 4616 3398 4685 276
3431 4617 3530 4670 Dei

1940 4719 2158 4764 natura.
2184 4730 2201 4762 ι
2227 4709 2292 4763 Et
2318 4710 2574 4766 iucreata:
2600 4711 2823 4779 quidem
2850 4719 3058 4764 naturae
3086 4720 3332 4764 sanctam
3352 4707 3536 4763 'I‘rini-

1943 4810 2110 4855 tatem
2142 4817 2267 4858 esse
2289 4801 2606 4856 definiendo
2661 4803 3086 4858 constituimus:
3115 4815 3313 4873 creata;
3341 4811 3527 4856 autem

1943 4896 2151 4959 omnia,
2183 4909 2306 4964 quae
2335 4906 2458 4964 post
2491 4910 2611 4949 eam
2633 4895 2980 4949 ctdieuntur
3002 4907 3057 4948 et
3085 4905 3216 4949 sunt
3241 4904 3300 4950 et
3330 4909 3534 4949 vocano

1946 4996 2056 5044 tur.
2105 4988 2338 5042 lnereati
2397 5002 2507 5054 pra:
2543 4987 2804 5041 i‘ncreato-
2834 5004 3020 5049 nemo,
3081 4997 3235 5056 puto,
3287 4987 3532 5056 cegitare

1947 5091 2130 5152 potest
2159 5081 2598 5139 distinctionem.
2616 5079 2746 5135 Sola
2768 5083 3008 5136 iucreata
3031 5095 3381 5149 natura,qua'
3404 5080 3533 5149 qui-

1945 5175 2069 5230 dem
2097 5172 2275 5228 Patris
2305 5183 2359 5226 et
2385 5171 2505 5226 Filii
2537 5181 2592 5225 et
2628 5173 2868 5241 Spiritus
2899 5172 3077 5225 sancti
3105 5173 3369 5228 creditur.
3389 5187 3530 5241 prae.

1945 5269 2182 5324 stantior
2215 5276 2301 5320 est
2327 5267 2476 5320 omni
2506 5265 2908 5335 signiﬁcatione
2960 5267 3267 5320 nominum.
3308 5268 3527 5322 lnerea—

1947 5370 2063 5414 tum
2089 5359 2194 5412 nisi
2229 5368 2424 5412 natura
2459 5357 2646 5411 divina
2682 5366 2767 5412 est
2809 5357 2968 5412 nihil.
3003 5357 3123 5412 Sed-
3153 5359 3198 5412 si
3231 5358 3376 5412 Deus
3407 5371 3529 5424 est,

1947 5454 2176 5508 omnino
2227 5451 2372 5506 idem
2413 5460 2498 5506 est
2544 5451 2855 5514 increatus:
2910 5449 2998 5504 siu
3031 5459 3215 5504 autem
3264 5460 3483 5504 creatus
3514 5492 3532 5515 ,

1948 5555 2059 5594 non
2090 5548 2173 5593 est
2209 5537 2372 5593 Deus.
2424 5538 2482 5593 In
2518 5547 2714 5592 natura
2769 5539 3013 5592 increata
3065 5554 3187 5593 esse
3226 5539 3534 5593 creduntur

1948 5630 2100 5684 mirae
2133 5645 2218 5685 res
2257 5633 2505 5700 miraque
2535 5631 2780 5696 nomina,
2822 5631 2980 5685 Patet:
3012 5641 3067 5686 et
3114 5631 3284 5686 Filius
3315 5643 3371 5686 et
3399 5632 3546 5702 Spio

1951 5725 2090 5778 ritus
2120 5733 2362 5777 sanctus.
2389 5723 2564 5778 Omne
2597 5733 2840 5779 creatum
2875 5732 3085 5779 natura:
3109 5723 3311 5778 divina:
3331 5739 3558 5792 expers.

1950 5833 2074 5874 esse
2103 5818 2330 5874 credere
2361 5819 2539 5874 edocti
2559 5811 2792 5887 ‘sumus,
2818 5819 3203 5875 solamautcnr
3229 5820 3566 5875 iuet-estanus
