4034 6472
521 379 627 440 243

1720 372 2138 434 NICEPHORI
2178 372 2560 435 GREGORIE

3646 374 3741 436 244

521 502 774 548 naturam
825 492 1072 548 venerari
1114 502 1170 548 et
1214 492 1418 558 colere,
1472 492 1632 562 cujus
1680 494 1897 563 signum
1932 502 2097 548 estet

2219 495 2417 548 ιτιστὸν
2447 494 2553 558 ἔξω
2575 494 2674 563 τῆς
2701 493 2850 555 θείας
2877 494 3094 562 φύσεως
3150 492 3291 543 νοεῖν
3334 488 3748 556 ἐπαιδεύθημεν.

526 584 790 641 indicium
827 585 954 650 hoc,
994 593 1054 638 ut
1085 598 1208 640 esse
1237 599 1419 654 neque
1464 584 1695 655 incipiat
1744 600 1922 655 neque
1951 585 2098 641 desi-

2207 587 2379 656 μόνην
2396 587 2453 640 δὲ
2477 588 2576 656 τὴν
2604 588 2863 641 ἄκτιστον
2893 584 3057 654 φύσιν
3084 581 3409 646 σεδάζεσθαί
3458 599 3515 633 τε
3553 581 3642 633 καὶ
3668 580 3755 632 λα-

527 686 644 731 ttat.
668 676 863 731 Omnia
890 676 1095 731 facitet
1148 677 1413 747 prospicit
1440 676 1771 746 et_continet
1817 678 1979 740 Deus,
2010 695 2101 733 so-

2219 682 2421 751 ιρεύειν
2444 675 2511 753 ἧς
2540 680 2830 752 χαρακτήρ
2860 682 2976 733 ἐστι
3030 678 3127 730 καὶ
3186 676 3475 744 γνώρισμα
3531 673 3590 724 rb
3630 677 3752 741 μήτε

522 770 613 824 Ius
650 770 957 834 increatus,
988 770 1081 838 qui
1109 770 1334 839 quidem
1361 770 1415 823 in
1452 770 1614 824 Patre
1635 777 1689 824 ct
1717 770 1858 826 Filio
1883 782 1943 827 et
1971 771 2099 842 Spi-

523 863 630 916 ritu
662 868 853 915 sancto
873 862 1132 916 laudatur
1157 871 1213 916 et
1244 862 1580 917 celebratur.
1624 859 1797 917 Omne
1828 863 1975 932 quod
2016 872 2104 919 est

528 962 623 1007 aut
652 960 896 1006 creatum
930 961 1015 1007 est
1048 958 1141 1006 aut
1179 952 1487 1007 increatum
1517 972 1532 1009 :
1580 953 1779 1023 quodsi
1813 963 2055 1009 creatum
2085 991 2100 1014 ,

525 1042 597 1098 ab
624 1043 734 1098 alio
759 1044 922 1113 plane
971 1052 1059 1099 est
1088 1053 1336 1099 creatum
1367 1063 1383 1099 :
1416 1049 1500 1100 sin
1552 1058 1732 1102 autem
1775 1046 2103 1110 increatum,

529 1134 635 1188 hoc
663 1134 783 1189 sine
814 1133 986 1188 dubio
1022 1134 1157 1190 illud
1186 1146 1289 1199 est,
1327 1136 1473 1205 quod
1511 1148 1695 1192 creata
1731 1136 1960 1192 ereavit.
1989 1134 2105 1189 Hoc

530 1220 717 1280 autem
743 1224 874 1295 quid
899 1225 1046 1280 aliud
1071 1241 1191 1281 esse
1216 1235 1397 1296 potest
1424 1244 1588 1298 quam
1614 1227 1799 1283 Deus?
1826 1225 1953 1282 Sola
1982 1224 2106 1279 Tri-

531 1318 676 1371 nitas
710 1325 796 1371 est
820 1315 1202 1383 immutabilis,
1235 1328 1433 1373 caetera
1470 1327 1653 1374 autem
1687 1333 1754 1373 ex
1803 1331 1865 1371 ea
1899 1324 2106 1370 mutata

530 1417 663 1463 sunt
691 1426 704 1462 :
734 1409 852 1464 sola
882 1419 966 1464 est
990 1420 1195 1464 aeterna
1228 1420 1286 1464 et
1330 1410 1576 1465 inereata
1600 1409 1850 1464 Trinitas
1901 1416 1958 1462 et
1991 1408 2107 1463 non

530 1502 736 1571 genita.
774 1500 956 1557 Unum
988 1510 1071 1557 est
1102 1501 1250 1571 quod
1282 1502 1336 1556 in
1363 1504 1605 1558 essentia
1634 1516 1743 1557 una
1774 1498 2105 1555 Trinitatem

537 1586 671 1644 facit
709 1573 1002 1659 integr'am,
1031 1601 1226 1647 caetera
1259 1600 1443 1647 autem
1465 1601 1594 1647 sunt
1622 1592 1802 1663 genita
1823 1601 1878 1646 et
1899 1599 2105 1646 creata.

535 1666 834 1747 Pmpterea
872 1681 1019 1736 enim
1055 1691 1111 1736 et
1142 1683 1243 1751 ipsi
1277 1699 1384 1737 non
1419 1684 1734 1748 adoramus,
1768 1680 2108 1753 quaecunque

530 1767 796 1823 inferiora
854 1780 984 1824 sunt
1019 1773 1257 1827 essentia
1303 1774 1398 1828 Dei
1432 1790 1447 1839 ;
1486 1773 1666 1829 dicam
1698 1773 1956 1828 nimirum
2008 1772 2106 1825 tibi

536 1861 729 1914 eadem
756 1861 822 1915 de
856 1860 1087 1931 Spiritu,
1115 1865 1334 1933 quaede
1557 1826 1907 1921 abundantia
1947 1856 2108 1936 27⁸7
2138 1826 2183 1890 Β

480 1965 487 1970 ’
530 1944 628 2007 Dei
661 1951 775 2006 Deo
799 1962 895 2007 aut
942 1958 1115 2025 major
1146 1964 1255 2021 est,
1297 1967 1391 2013 aut
1423 1972 1542 2028 par,
1578 1967 1673 2013 aut
1718 1959 1920 2023 minor,
1951 1967 2115 2027 atque

533 2043 710 2114 major
738 2045 961 2114 quidem
990 2062 1102 2102 non
1130 2059 1234 2114 eat,
1271 2050 1415 2105 nihil
1453 2052 1603 2105 enim
1643 2051 1754 2106 Deo
1789 2052 1985 2120 majus,
2016 2064 2115 2105 ne-

536 2144 645 2198 (tue
677 2135 856 2190 minor
891 2146 996 2204 est,
1025 2152 1151 2193 nam
1189 2151 1303 2193 tum
1331 2154 1570 2209 poneres
1602 2141 1654 2195 in
1678 2151 1992 2196 creatorum
2017 2157 2117 2195 nu-

535 2238 690 2279 rnero
714 2241 835 2280 eam
868 2244 883 2294 ;
918 2229 1064 2297 quod
1096 2228 1243 2284 enim
1278 2231 1390 2285 Deo
1421 2231 1622 2296 minus,
1659 2232 1712 2286 id
1738 2242 1823 2287 est
1848 2241 2112 2286 creatum.

530 2315 846 2372 Creatorem
884 2324 941 2373 et
980 2320 1281 2374 increatum
1316 2322 1580 2376 exsistere
1614 2323 1710 2376 uni
1761 2331 1970 2376 tantum
2003 2323 2116 2378 Deo

534 2416 621 2462 est
673 2423 1024 2464 concessum.
1055 2409 1152 2464 llis
1182 2410 1475 2482 adjiciatur
1527 2412 1735 2466 dictum
1786 2412 1958 2466 divini
2009 2394 2117 2467 Co-

542 2508 675 2554 sma:
708 2500 1042 2555 Venerabilis
1094 2502 1271 2569 vatis,
1322 2517 1515 2557 omnes
1564 2502 1752 2558 ﬁdeles
1803 2512 2116 2559 convocata:

539 2591 690 2647 celso
721 2592 903 2648 edicto
934 2593 1194 2648 inereatae
1224 2602 1280 2648 et
1312 2593 1513 2649 innata:
1545 2594 1641 2650 Dei
1682 2594 1986 2665 sapientiae.
2021 2596 2117 2649 Di-

537 2692 737 2736 eeutur
769 2691 955 2738 autem
971 2680 1021 2738 “'a
1068 2683 1230 2739 nobis
1261 2684 1315 2739 in
1344 2700 1640 2757 progressu
1691 2687 1855 2742 etiam
1906 2701 1969 2741 ea
1997 2701 2117 2756 quae

540 2772 740 2829 similia
766 2783 917 2830 sunt.

606 3041 672 3095 ν.
706 3042 814 3097 Sed
845 3041 1097 3102 Palamas
1126 3056 1251 3099 cum
1279 3061 1388 3100 non
1421 3048 1614 3115 pesset
1663 3044 1832 3098 ullum
1867 3045 2114 3113 proferre

539 3133 805 3203 scriptum
833 3136 1232 3196 testimonium,
1266 3152 1366 3192 suo
1390 3137 1638 3204 periculo
1683 3136 1989 3191 conabatur
2021 3152 2112 3191 ar-

540 3224 873 3294 gumentari,
929 3240 1052 3293 quae
1099 3226 1251 3280 omni
1310 3236 1634 3298 argumento
1667 3237 1955 3292 carerent,
1986 3221 2114 3285 suas

543 3315 822 3370 inauditas
880 3316 1181 3370 sententias
1231 3317 1547 3373 statuendo.
1600 3318 1663 3372 Et
1701 3319 1847 3388 quis,
1894 3320 2113 3390 inquit,

541 3405 778 3471 ignorat,
797 3419 973 3458 unum
994 3405 1301 3459 increatum
1320 3408 1647 3471 esse,Deum
1665 3408 1688 3461 ?
1706 3408 1817 3464 Hoc
1845 3409 2117 3479 signiﬁcat

542 3495 635 3549 ille
655 3494 847 3575 dicens
870 3534 885 3559 ,
918 3494 1053 3549 nihil
1075 3511 1196 3552 esse
1229 3497 1530 3554 iucreatum
1564 3501 1666 3555 nisi
1694 3511 1944 3555 naturam
1975 3501 2119 3556 divi-

541 3598 692 3642 nam.
716 3587 921 3652 Quodsi
950 3587 1055 3643 hoc
1077 3602 1185 3641 non
1220 3589 1292 3643 ita
1335 3591 1660 3657 sentiemus,
1682 3593 1845 3647 etiam
1905 3593 2117 3648 divinas

542 3679 881 3733 substantias
910 3693 1020 3733 non
1059 3674 1308 3736 dicemus
1358 3683 1653 3749 increatas,
1695 3685 1824 3754 quia
1860 3686 2119 3741 substan-

549 3773 622 3827 tia
658 3784 772 3825 non
803 3782 891 3826 est
916 3780 1132 3826 natura.
1156 3772 1373 3827 Etenim
1415 3774 1458 3828 si
1503 3791 1568 3829 ex
1607 3775 1765 3830 nobis
1792 3782 2074 3846 quaeratur
2101 3806 2127 3844 ,-

545 3864 679 3933 quid
710 3864 784 3918 sit
821 3864 1082 3929 essentia,
1110 3865 1409 3920 hominem
1458 3877 1829 3921 monstramus
1884 3867 2121 3923 fortasse

546 3968 644 4014 aut
670 3958 930 4028 lapidem,
956 3967 1011 4012 et
1043 3958 1148 4013 hoc
1172 3956 1333 4013 modo
1359 3964 1654 4015 essentiam
1686 3976 1809 4016 cum
1838 3962 2118 4026 omnibus,

546 4064 669 4119 qua:
709 4052 762 4106 ei
811 4052 1021 4115 insunt,
1061 4051 1226 4106 rebus
1283 4053 1628 4107 naturalibus
1675 4054 2118 4108 commiscemus.

545 4140 760 4198 Etenim
789 4143 957 4198 etiam
984 4142 1228 4198 divinum
1257 4144 1615 4199 Athanasium
1654 4145 1858 4200 dixisse
1890 4145 2077 4200 ferunt
2104 4163 2118 4200 :

547 4236 833 4299 Sanctum,
860 4235 1091 4300 bonum,
1126 4236 1454 4302 increatum,
1492 4237 1894 4305 inexplicitum,
1937 4237 2124 4293 ineor-

552 4332 801 4394 pm’eum,
842 4324 1108 4392 temporis
1159 4324 1516 4379 distinctione
1550 4335 1775 4388 carens,
1817 4333 2081 4380 aeternum
2107 4367 2122 4391 ,

551 4428 768 4480 ereans,
802 4414 1034 4483 justum,
1059 4413 1218 4470 initio
1248 4425 1302 4469 et
1336 4415 1445 4470 line
1474 4426 1692 4480 carens,
1722 4412 1846 4471 non
1895 4418 2126 4473 investi-

2203 774 2474 845 ἄρχεσθαι
2497 772 2593 826 τοῦ
2627 769 2769 826 εἷναί
2795 789 2925 826 ποτε
2958 771 3097 839 μήτε
3130 767 3424 822 παύεσθαι.
3458 765 3754 834 Πάντωνμ)

2207 867 2441 938 ποιητὴς
2468 865 2562 920 καί¹
2584 864 2891 937 προνοητὴς
2933 864 3028 917 καὶ
3060 859 3320 931 συνοχεῦς
3354 860 3382 911 6
3438 858 3569 920 Θεός
3601 858 3756 916 ἐστιν,

2205 961 2234 1012 6
2268 960 2429 1030 μόνος
2462 958 2737 1022 ἄκτιστος,
2767 959 2796 1010 ὁ
2850 959 2910 1008 ὲν
2953 956 3129 1021 Πατρὶ
3189 953 3285 1006 καὶ
3328 951 3445 1022 Υίῷ
3492 952 3583 1003 καὶ
3628 950 3755 1016 ἁγίῳ

2208 1046 2490 1115 Πνεύματι
2543 1044 2884 1115 ὑμνούμενος
2912 1060 2970 1096 τε
2997 1043 3094 1096 καὶ
3127 1041 3504 1107 δοξαζόμενος.
3567 1038 3676 1090 Πᾶν
3707 1036 3761 1088 ὃν

2208 1138 2242 1207 ἢ
2271 1140 2495 1192 κτιστύν
2517 1139 2666 1191 ἐστιν
2696 1138 2729 1207 ἢ
2762 1137 3039 1191 ἄκτιστον.
3072 1132 3185 1188 Καὶ
3208 1135 3257 1185 εί
3280 1133 3376 1202 μὲν
3415 1130 3648 1191 κτιστὸν,
3679 1128 3760 1196 ὑφ’

2207 1231 2400 1301 ἑτέρου
2444 1230 2668 1292 πάντως
2729 1227 2981 1297 ἐκτίσθη·
3022 1226 3159 1281 εἰδὲ
3194 1225 3473 1285 ἄκτιστον,
3522 1220 3662 1272 τοῦτ’
3701 1219 3761 1270 ἂν

2209 1320 2295 1385 εἴη
2318 1319 2379 1374 τδ
2403 1319 2470 1373 τὰ
2497 1319 2695 1372 κτιστὰ
2727 1317 2946 1371 κτίσαν.
2984 1315 3160 1369 Τοῦτο
3184 1315 3238 1369 δὲ
3269 1314 3320 1366 τί
3350 1313 3479 1366 ἄλλο
3532 1308 3597 1365 ἂν
3621 1308 3699 1376 είη
3730 1307 3759 1378 ἢ

2207 1397 2381 1476 Θεόςξ
2433 1408 2549 1464 Μία
2596 1408 2769 1475 Τριὰς
2832 1406 3283 1478 ἀπαράλλακτος,
3339 1404 3409 1456 τὰ
3447 1400 3493 1456 δ’
3548 1400 3676 1455 ἄλλα
3710 1399 3764 1463 ἐξ

2207 1503 2374 1571 αὐτῆς
2398 1500 2862 1572 παρηλλαγμένα.
2900 1500 3055 1566 Μόνη
3085 1497 3142 1551 δὲ
3179 1498 3356 1557 ἀΐδιος
3406 1494 3764 1550 καὶηᾶκτιστος

2208 1594 2436 1664 ὴΤριὰς
2465 1592 2901 1662 κα“ιάγέννητος.
2937 1589 3036 1642 Ἔν
3078 1592 3196 1642 ἐστι
3244 1587 3304 1640 τὸ
3352 1584 3540 1638 ποιοῦν
3581 1585 3635 1634 ἒν
3675 1582 3765 1650 μιᾷ

2209 1685 2369 1755 οὐσίᾳ
2419 1684 2652 1754 Τριάδος
2708 1683 2945 1748 τελείας,
2981 1683 3049 1734 τὰ
3094 1679 3139 1734 δ’
3191 1680 3326 1733 ἄλλα
3388 1676 3620 1746 γεννητὰ
3681 1675 3765 1723 καὶ

2210 1780 2431 1832 κτιστά.
2467 1778 2567 1831 Διὰ
2588 1777 2750 1829 τοῦτο
2800 1774 2909 1846 γὰρ
2945 1775 3040 1827 καὶ
3085 1773 3238 1826 αὐτοὶ
3271 1773 3330 1824 οὐ
3368 1766 3766 1838 προσκυνοῦμεν

2216 1868 2327 1920 πᾶν
2357 1867 2420 1920 τὺ
2475 1863 2820 1934 ὑποδεϐηκδς
2860 1863 2957 1931 τὴν
3025 1860 3217 1913 οὐσίαν
3278 1858 3376 1911 τοῦ
3432 1855 3585 1909 Θεοῦ.
3639 1851 3768 1919 Ἐρῶ

2217 1961 2325 2029 γάρ
2353 1975 2436 2011 σοι
2455 1960 2549 2011 καὶ
2581 1959 2710 2025 περὶ
2731 1956 2827 2008 τοῦ
2878 1952 3200 2022 Πνεῦματος
3231 1950 3369 2020 ὅπερ
3410 1946 3653 2014 καὶπερὶ
3680 1941 3766 1995 τοῦ

2218 2049 2352 2105 Υίοῦ
2389 2048 2599 2116 ἔλεγον,
2629 2049 2713 2101 ὅτι
2738 2049 2767 2100 6
2794 2045 3026 2107 πλοῦτος
3056 2042 3148 2097 τοῦ
3178 2040 3313 2095 Θεοῦ
3338 2042 3372 2109 ἦ
3410 2037 3606 2109 μείζων
3636 2036 3770 2088 ἐστὶν

2217 2145 2250 2216 ἢ
2283 2144 2398 2207 ἴσος
2432 2144 2465 2211 ἢ
2502 2142 2766 2195 ἐλάττων.
2790 2139 2903 2193 Καὶ
2936 2138 3142 2208 μείζων
3176 2136 3277 2204 μὲν
3310 2134 3414 2187 οὐκ
3434 2132 3602 2194 ἔστιν,
3632 2128 3772 2182 οὐδὲν

2217 2238 2328 2307 γὰρ
2358 2236 2454 2290 τοῦ
2481 2236 2617 2290 Θεοῦ
2656 2233 2842 2304 μεῖζον
2866 2247 2882 2263 ⁸
2917 2230 3159 2284 ἐλάττων
3188 2227 3244 2280 δὲ
3283 2228 3387 2280 οὐκ
3444 2224 3610 2286 ἐστιν,
3662 2221 3773 2273 ἐπεὶ

2219 2329 2410 2399 θήσεις
2433 2327 2595 2380 αὐτὸν
2625 2323 2764 2396 μετὰ
2796 2321 2905 2376 τῶν
2933 2320 3280 2390 κτισμάτων·
3313 2317 3380 2370 τὸ
3418 2317 3526 2384 γὰρ
3569 2313 3773 2364 ἔλαττον

2217 2422 2311 2474 τοῦ
2332 2420 2468 2472 Θεοῦ
2496 2422 2725 2488 κτίσμα.
2756 2418 2829 2470 To
2856 2417 3114 2470 ἄκτιστον
3146 2413 3240 2466 καὶ
3285 2411 3523 2478 κτίστην
3550 2404 3772 2459 νοεῖσθαι

2218 2510 2301 2563 ἑνὶ
2336 2509 2482 2577 μόνῳ
2511 2507 2774 2574 πρόσεστι
2796 2504 2873 2573 τῷ
2907 2502 3048 2571 Θεῷ.
3078 2499 3304 2562 Τούτοις
3331 2492 3674 2568 προσκείσθω
3688 2488 3773 2542 καὶ

2221 2602 2282 2653 τὸ
2334 2599 2430 2651 τοῦ
2485 2596 2632 2651 θείου
2662 2597 2865 2665 Κοσμᾶ
2916 2593 3009 2646 τοῦ
3052 2590 3251 2658 σεμνοῦ
3303 2585 3562 2659 μεὶῳδοῦ.
3604 2585 3773 2637 Ἀκου-

2222 2691 2442 2759 σθῶμεν
2472 2690 2673 2751 πάντες
2696 2687 2745 2740 oi
2782 2686 2968 2739 πιστοὶ
2994 2683 3442 2751 συγκαλουμένης
3471 2676 3654 2747 ὑψηλῷ
3684 2690 3772 2740 κη·-

2222 2785 2469 2854 ρύγματι
2526 2783 2626 2849 τῆς
2652 2779 2912 2833 ἀκτίστου
2955 2777 3050 2831 καὶ
3095 2775 3341 2845 ἐμφύτου
3398 2773 3589 2842 σοφίας
3627 2760 3794 2821 Θεοῦ.’

2219 2874 2522 2946 Εἰρήσεται
2608 2874 2666 2927 δὲ
2741 2872 3034 2943 προϊοῦσιν
3118 2870 3251 2939 ἡμῖν
3322 2867 3419 2921 καὶ
3464 2866 3533 2919 τὰ
3603 2876 3767 2932 παρα-

2219 2969 2447 3039 πλήσια.

2289 3059 2366 3113 Ε’.
2417 3058 2478 3113 Ὀ
2517 3058 2573 3110 δὲ
2608 3057 2875 3126 Παλαμᾶς
2914 3056 3014 3108 οὐκ
3060 3055 3199 3125 ἔχων
3235 3055 3495 3123 οὐδεμίαν
3528 3050 3771 3118 προάγειν

2219 3146 2503 3221 γραφικὴν
2550 3145 2883 3218 μαρτυρίαν,
2946 3144 3159 3198 οἴκοθεν
3214 3143 3491 3214 ἐπεχείρει
3547 3133 3771 3203 dunari-

2218 3244 2410 3308 ζεσθαι
2453 3241 2522 3293 τὰ
2551 3236 2939 3306 ἀσυλλόγιστα.
2969 3237 3153 3297 θέσεις
3185 3238 3534 3305 καινοφανεῖς
3571 3232 3770 3297 τιθέμε-

2216 3349 2306 3395 νος
2340 3324 2559 3384 ἑαυτοῦ.
2600 3345 2619 3378 ι
2668 3326 2782 3380 Καὶ
2816 3326 2899 3389 τίς
2933 3327 3033 3379 οὐκ
3086 3323 3215 3390 οἶδε,
3264 3343 3282 3377 ι
3321 3326 3507 3394 φησὶν,
3552 3341 3571 3373 ‹
3605 3321 3680 3373 ὅτι
3720 3316 3770 3367 ἓν

2218 3421 2476 3478 ἄκτιστόν
2502 3421 2651 3473 ἐστιν
2678 3421 2707 3472 6
2733 3418 2902 3485 826;;
2942 3436 2960 3468 ι
3003 3416 3177 3470 Τοῦτο
3213 3415 3351 3484 γοῦν
3391 3418 3535 3468 ἐστιν
3564 3414 3590 3465 ὃ
3624 3421 3773 3478 φησιν

2218 3518 2246 3569 6
2277 3515 2451 3582 λέγων
2486 3513 2655 3583 μηδὲν
2700 3507 2840 3564 εἶναι
2890 3512 3144 3564 ἄκτιστον
3197 3510 3339 3578 πλὴν
3378 3511 3475 3579 τῆς
3509 3508 3654 3566 θείας
3682 3499 3771 3570 φύ-

2223 3620 2382 3666 σεως.
2415 3603 2476 3655 Ei
2511 3602 2566 3654 δὲ
2617 3600 2691 3671 μὴ
2722 3599 2867 3652 οὕτω
2915 3599 3075 3652 τοῦτο
3121 3599 3434 3668 νοήσωμεν,
3477 3594 3658 3648 λοιπὸν
3685 3590 3771 3648 τὰς

2221 3696 2374 3759 θείας
2401 3694 2734 3754 ὑποστάσεις
2779 3692 2880 3744 οὐκ
2921 3690 3157 3760 ἐροῦμεν
3202 3690 3514 3753 ἀκτίστους,
3551 3684 3665 3739 ἐπεὶ
3707 3678 3774 3748 μὴ

2222 3787 2339 3840 ἔστι
2373 3785 2535 3855 φύσις
2571 3786 2606 3855 ἡ
2645 3784 2945 3845 ὑπόστασις
2974 3799 2989 3813 ·
3025 3784 3119 3836 καὶ
3162 3783 3269 3851 γὰρ
3310 3780 3699 3847 ’ἀπαιτούμενοι
3726 3769 3774 3823 τί

2223 3880 2372 3932 ἐστιν
2408 3876 2591 3939 οὐσία,
2625 3874 2719 3927 τὸν
2767 3872 3055 3941 ἄνθρωπον
3095 3873 3390 3931 δείκνυμεν
3430 3867 3651 3940 τυχὺνῆ
3692 3863 3775 3915 τὸν

2221 3970 2388 4036 λίθον,
2429 3967 2729 4038 τηνικαῦτα
2760 3965 2825 4038 [Γ.
2867 3965 2971 4019 155
3004 3963 3082 4036 0.]
3123 3966 3221 4033 τὴν
3268 3965 3464 4017 οὐσίαν
3514 3959 3646 4032 μετὰ
3676 3954 3774 4007 τῶν

2224 4057 2471 4127 φυσικῶν
2505 4056 2638 4125 περὶ
2663 4056 2834 4122 αὐτὴν
2880 4054 3104 4107 πάντων
3151 4052 3643 4120 συλλαμϐάνοντες.
3679 4042 3774 4096 Καὶ

2223 4148 2335 4217 γὰρ
2387 4146 2482 4200 καὶ
2544 4143 2864 4198 Ἀθανασίου
2906 4143 3003 4196 τοῦ
3033 4141 3182 4195 θείου
3216 4142 3471 4209 λέγοντος
3505 4134 3774 4203 ἀκούομεν,

2223 4238 2285 4291 τὸ
2314 4236 2493 4304 ἅγιον,
2525 4236 2587 4289 τὸ
2626 4235 2851 4303 ἀγαθὸν,
2880 4234 2940 4286 τὸ
2969 4233 3245 4297 ἄκτιστον,
3273 4232 3334 4286 τὸ
3368 4230 3775 4301 ἁνερμήνευτον,

2224 4325 2286 4378 τὸ
2317 4324 2631 4394 ἀσώματον,
2670 4323 2732 4375 τὸ
2767 4322 3017 4393 ἄχρονον,
3048 4321 3111 4374 τὸ
3160 4320 3358 4387 ἀΐδιον,
3387 4322 3449 4372 τὸ
3475 4320 3777 4387 δημιουργιο

2227 4417 2343 4483 κὸν,
2403 4418 2464 4471 τὸ
2513 4416 2743 4480 δίκαιον,
2796 4416 2857 4468 τὸ
2912 4415 3170 4484 ἄναρχον,
3209 4412 3272 4466 τὸ
3326 4411 3696 4475 ἀτελεύτητον,
3727 4399 3778 4451 τδ

548 4516 754 4575 gntum,
773 4505 1071 4570 inﬁnitum,
1101 4507 1371 4577 ignotum,
1390 4501 1557 4578 2'78
1578 4507 1850 4574 voluntas,
1871 4509 1976 4571 vis,
1991 4525 2118 4578 pro-

2229 4509 2654 4579 ἀνεξιχνίαστον,
2692 4505 3029 4577 τὸ⁴ἄπειρον,
3065 4506 3124 4559 τδ
3163 4507 3461 4573 ἄγνωστον,
3497 4499 3774 4571 ἡθέλησιςς

550 4596 818 4660 γίιίοιιιίο,
859 4595 1147 4666 sapientia,
1183 4596 1316 4660 vita,
1349 4598 1589 4668 taliaque
1612 4638 1626 4662 ,
1675 4615 1781 4652 non
1812 4601 2128 4670 singillatim

554 4696 786 4744 roratur
808 4689 1069 4751 essentia,
1102 4688 1195 4743 sed
1224 4704 1289 4743 ea
1319 4703 1440 4758 quae
1468 4704 1534 4743 ex
1560 4689 1777 4745 duobus
1798 4700 1854 4746 et
1880 4692 2132 4760 pluribus

549 4780 617 4835 ad
654 4794 823 4834 unum
855 4780 1187 4843 referuntur,
1211 4795 1332 4850 qua:
1371 4789 1426 4835 et
1454 4782 1776 4851 compositio
1796 4791 1848 4836 et
1896 4784 2132 4852 expletio

553 4872 866 4927 divinitatis
914 4880 1200 4940 vocantur,
1235 4882 1293 4928 et.
1329 4882 1594 4942 praeterea
1623 4875 2128 4930 dicerercontendit

550 4964 715 5019 etiam
749 4964 1014 5021 Joannem
1033 4965 1452 5028 Damascenum,
1474 4976 1662 5038 aperte
1693 4966 1912 5022 dilierre
1941 4966 2010 5021 ab
2033 4968 2121 5020 in-

551 5068 732 5111 ercata
760 5065 954 5111 natura
980 5056 1275 5113 increatam
1304 5057 1471 5127 hujus
1497 5058 1870 5114 eﬂlcieutiam.
1899 5059 1969 5113 Et
1989 5058 2124 5127 quid

553 5165 692 5219 opus
715 5158 823 5216 est,
852 5150 1037 5205 omnia
1066 5151 1261 5206 ordine
1287 5165 1535 5218 narrare,
1587 5167 1711 5223 quae
1743 5151 1866 5205 aliis
1901 5151 2005 5205 alia
2027 5151 2129 5206 ad-

551 5244 689 5296 dens
719 5241 809 5296 ille
848 5242 1116 5297 mentitus
1163 5250 1282 5310 est,
1326 5256 1453 5296 cum
1497 5242 1746 5297 omnium
1807 5250 2127 5295 sanctorum

549 5342 738 5403 aperte
778 5332 1036 5389 irrideret
1070 5344 1127 5388 et
1158 5333 1593 5388 ealumniaretur
1647 5333 1823 5387 libros
1864 5332 2131 5387 divinos?

552 5415 728 5481 Unum
750 5425 999 5497 quidem,
1019 5426 1237 5481 dixit‘ei
1260 5425 1550 5495 Gregoras.
1573 5425 1656 5480 Sit
1676 5425 1774 5479 tibi
1802 5426 1907 5479 hoc
1928 5425 2129 5478 lemma

546 5520 841 5586 opprobrio
869 5520 940 5574 ab
964 5519 1145 5574 initio.
1173 5518 1435 5573 Estenim
1479 5519 1819 5588 deprehensa
1878 5517 2134 5583 maiestas

549 5606 639 5663 tua
673 5610 725 5662 in
760 5611 878 5678 ipso
900 5610 1071 5675 l‘urto,
1104 5611 1322 5682 egregie
1349 5612 1619 5677 Palamas,
1643 5611 1854 5665 nullum
1908 5610 2123 5665 habens

616 5783 695 5857 ti)
727 5792 830 5845 Τοῦ
862 5794 1248 5864 Δαμασκηνοῦε

2230 4604 2260 4671 ἡ
2312 4599 2562 4669 δύναμις,
2611 4600 2644 4667 ἡ
2698 4600 2945 4668 πρόνοια,
3001 4601 3034 4667 ἡ
3100 4597 3283 4666 σοφία,
3318 4597 3352 4666 ἡ
3416 4595 3527 4660 ζωὴ
3579 4590 3668 4644 καὶ
3719 4584 3777 4634 τὰ

2227 4693 2474 4752 τοιαῦτα,
2512 4692 2610 4758 οὐχ
2644 4691 2880 4742 ἕκαστον
2910 4689 3066 4741 οὐσία
3111 4688 3354 4754 λέγεται,
3387 4685 3520 4739 am
3544 4680 3666 4749 περὶ
3688 4674 3777 4743 τὴν

2226 4786 2437 4850 οὐσίαν,
2465 4783 2539 4844 ὡς
2572 4784 2634 4834 ὲκ
2675 4782 2768 4833 δύο
2812 4781 2911 4833 καὶ
2962 4780 3229 4833 πλειόνων
3259 4781 3353 4833 ἐπὶ
3383 4779 3440 4831 ἓν
3470 4777 3655 4847 ἔχοντα
3691 4766 3776 4835 τὴν

2228 4878 2512 4944 ἀναφορὰν
2556 4873 2595 4926 ἃ
2631 4871 2727 4925 καὶ
2760 4872 3034 4942 ἄθροισμα
3083 4873 3174 4923 καί⁵
3226 4872 3503 4941 πλήρωμα
3536 4863 3778 4931 θεότητος

2231 4968 2472 5035 λέγεται.
2506 4964 2616 5017 Καὶ
2668 4964 2761 5016 ἐπὶ
2812 4964 3023 5024 τούτοις
3068 4963 3275 5030 ἔφασκε
3328 4963 3507 5029 λέγειν
3564 4956 3655 5008 καὶ
3696 4951 3779 5002 τὸν

2228 5058 2588 5128 Δαμασκηνὸν
2617 5057 2869 5124 Ἰωάννην
2898 5056 3149 5126 φανερῶς
3176 5056 3275 5125 τῆς
3297 5054 3551 5108 ἀκτίστου
3582 5047 3778 5116 φύσεως

2230 5154 2330 5222 τὴν
2368 5153 2623 5205 ἄκτιστον
2671 5148 2952 5220 διαφέρειν
2999 5147 3207 5218 ταύτης
3249 5150 3552 5218 ἐνέργειαν.
3584 5138 3685 5192 Καὶ
3731 5128 3779 5182 τί

2229 5246 2312 5297 δεῖ
2337 5242 2520 5310 λέγειν
2549 5241 2746 5295 ἅπανθ’
2774 5239 2905 5311 ἑξῆς
2928 5243 3099 5295 ὁπόσα
3131 5242 3220 5310 ἐφ’
3244 5242 3451 5311 ἑτέροις
3477 5237 3636 5303 ἔτερα
3667 5241 3781 5279 6W-

2232 5337 2395 5404 είρων
2419 5336 2627 5395 ἐκεῖνος
2660 5334 2745 5385 ἐπ’
2784 5334 2907 5402 ἴσης
2939 5332 3306 5400 κατεψεύδετο
3340 5332 3557 5384 πάντων
3599 5319 3777 5386 ἁγίωνν

2236 5424 2564 5496 βωμολοχῶν
2591 5425 2851 5494 ἄντικρυς
2885 5423 2979 5478 καὶ
3015 5424 3318 5477 διαϐάλλων
3354 5420 3450 5482 τὰς
3477 5417 3621 5475 θείας
3655 5411 3782 5478 Γρα-

2236 5519 2340 5587 φάτ
2369 5534 2385 5584 ἶ
2420 5518 2515 5570 Ἓν
2556 5518 2655 5587 μὲν
2685 5518 2800 5583 οὖν,
2821 5517 2990 5587 ἔφησε
3031 5518 3169 5588 πρὸς
3221 5517 3384 5572 αὑτὸν
3421 5517 3449 5568 6
3485 5502 3802 5581 Γρηγορᾶςνι

2236 5610 2441 5665 κείσθω
2483 5626 2567 5663 σοι
2622 5610 2782 5663 τοῦτο
2831 5610 3027 5681 λῆμμα
3093 5609 3230 5680 πρὸς
3303 5602 3647 5678 κατηγορεαν’
3694 5589 3779 5644 καὶ
