4034 6472
514 372 621 443 247

1699 375 2122 438 NICEPHORI
2163 375 2548 441 GREGORE
3671 381 3767 446 248

587 485 699 542 VII.
738 484 929 542 Tertio
980 487 1104 543 loco
1153 477 1534 558 deprehensus
1575 503 1637 544 es
1679 490 1918 560 Opinans
1963 489 2092 544 sub-

2273 491 2347 547 Z'.
2390 494 2590 562 Τρίτον
2611 493 2669 548 δὲ
2697 494 2780 548 δτι
2813 494 2910 548 καὶ
2937 491 3036 557 τὰς
3067 492 3222 555 θείας
3256 490 3592 555 ὑποστάσεις
3619 491 3767 545 ἀνου-

515 582 750 636 stantias
784 580 1002 636 divinas
1025 583 1265 637 essentia
1291 596 1498 647 carere,
1528 573 1591 636 ut
1617 581 1784 636 etiam
1845 596 2096 651 saapcnu-

514 687 670 727 mero
702 674 812 742 jam
845 679 1027 739 antea,
1075 674 1146 728 Ita
1185 681 1245 726 ut
1292 674 1614 729 substantiae
1665 673 1766 728 tibi
1802 673 2096 728 videantur

515 779 624 817 non
658 764 930 820 substare.
955 764 1110 830 Quod
1141 765 1290 819 enim
1311 766 1550 821 essentia
1567 775 1742 829 caret,
1768 766 2096 821 substantia:

512 856 678 910 etiam
710 867 796 914 est
825 872 1047 928 expers,
1073 866 1128 914 et
1156 859 1430 928 sequitur,
1474 869 1553 925 ut,
1601 859 1646 912 si
1697 856 1822 913 illas
1873 873 2096 929 quoque

512 949 832 1005 divinitatea
863 951 1103 1006 essentia
1142 959 1397 1008 carentes
1459 951 1516 1006 in
1569 967 1862 1007 numerum
1910 951 2097 1006 inﬁni-

516 1051 630 1095 tum
659 1041 1012 1097 divinitatum
1065 1042 1441 1099 increaturam
1477 1043 1717 1112 dividas,
1753 1044 2096 1099 substantias

509 1132 705 1188 eodem
749 1133 912 1188 modo
940 1148 1062 1188 esse
1100 1133 1310 1190 divisas
1344 1135 1596 1204 opineris
1627 1152 1641 1189 :
1675 1145 1732 1191 et
1765 1135 1914 1206 quod
1950 1151 2095 1206 sazpe

511 1227 759 1282 scribens
795 1225 1180 1297 deprehensus
1230 1242 1311 1292 es,
1353 1245 1462 1283 non
1513 1230 1690 1284 solum
1745 1229 1915 1284 trium
1965 1230 2096 1285 sub-

510 1317 862 1384 stantiarum,
889 1334 1011 1374 esse
1038 1327 1292 1374 naturam
1317 1318 1585 1386 divinam,
1614 1322 1709 1375 sed
1739 1321 1900 1391 281
1926 1322 2093 1376 etiam

511 1407 835 1473 multarum,
872 1410 1006 1465 illud
1039 1411 1133 1467 hic
1161 1427 1384 1483 quoque
1413 1428 1582 1469 ausus
1603 1420 1688 1468 est
1720 1413 1932 1479 dicere,
1968 1429 2093 1469 cum

510 1510 568 1554 et
615 1502 960 1558 substantias
1005 1505 1261 1560 essentia:
1312 1512 1371 1560 et
1412 1505 1732 1561 divinitatea
1767 1505 2096 1561 substantia:

509 1606 766 1663 expertas
793 1599 1098 1655 venereris.

581 1685 722 1741 Vlll.
757 1687 1023 1754 Quartum
1062 1708 1187 1747 cum
1229 1703 1286 1750 et
1330 1696 1556 1752 homine
1587 1706 1646 1752 et
1685 1696 1871 1766 lapide
1901 1711 2094 1752 exeru-

509 1779 614 1848 plis
645 1782 819 1837 utaris
856 1791 911 1838 et
962 1785 1288 1852 contendas,
1344 1789 1646 1844 essentiam
1692 1789 2093 1859 comprehendi

2205 586 2356 648 σίους
2400 581 2542 640 εἶναι
2589 585 2831 651 δοξάζων
2886 587 3085 650 ἑάλως,
3136 584 3328 656 ὥσπερ
3381 583 3484 636 καὶ
3523 583 3771 646 πολλάκις

2202 678 2306 749 ἤδη
2365 679 2654 749 πρότερον,
2705 680 2785 743 ὡς
2837 678 3084 747 γίνεσθαί
3147 695 3231 730 σοι
3293 675 3396 739 τὰς
3455 676 3770 737 ὑποστάσεις

2167 811 2174 817 -
2203 772 2636 837 ἀνυποστάτους.
2672 773 2748 826 Τὸ
2787 771 2894 842 γὰρ
2928 769 3182 824 άνούσιον
3213 768 3598 823 ἀνυπόστατον
3624 781 3639 798 ’
3690 767 3774 818 καὶ

2204 863 2395 918 λοιπὸν
2421 865 2496 928 ὡς
2515 865 2645 919 ὅταν
2671 864 2766 918 καὶ
2806 864 2908 926 τὰς
2943 862 3232 922 ἀνουσίους
3260 861 3482 923 ὲκείνας
3525 858 3773 926 θεότητας

2203 957 2286 1020 είς
2316 958 2547 1028 ἄπειρον
2590 956 2828 1026 ἀριθμὸν
2873 955 3146 1024 θεοτήτων
3190 952 3581 1022 παραπέμπῃς
3628 951 3774 1005 ἀκτί-

2206 1066 2371 1113 στων,
2399 1049 2729 1111 ὑποστάσεις
2757 1046 2908 1101 εἶναι·
2929 1047 3026 1100 καὶ
3067 1045 3276 1109 ταύτας
3307 1042 3560 1110 δοξάζεις
3580 1059 3594 1074 ·
3625 1043 3715 1095 καὶ
3746 1043 3772 1094 δ

2203 1141 2468 1205 πολλάκις
2522 1142 2696 1204 ἑάλως
2719 1141 2970 1211 γράφων,
3027 1139 3103 1210 μὴ
3150 1141 3592 1208 τρισυπόστατον
3643 1132 3775 1190 εῖναι

2207 1235 2368 1305 μόνον
2418 1235 2519 1303 τὴν
2570 1234 2722 1288 θείαν
2761 1234 2944 1302 φύσιν,
2976 1232 3114 1286 ἀλλὰ
3162 1235 3258 1285 καὶ
3312 1232 3773 1292 πολυυπόστατον,

2202 1327 2366 1381 τοῦτο
2392 1327 2672 1382 κάνταῦθα
2700 1327 3068 1396 τετόλμηκας,
3102 1324 3438 1386 ὑποστάσεις
3476 1324 3575 1393 μὲν
3623 1323 3775 1375 ἀνου-

2205 1424 2375 1490 σίους,
2412 1422 2674 1490 θεότητας
2713 1421 2758 1474 δ’
2785 1421 3195 1482 ἀνυποστάτους
3227 1420 3427 1474 σέϐων.

2275 1692 2360 1744 H'.
2395 1689 2674 1759 Τέταρτον
2727 1688 2784 1740 δὲ
2836 1688 2920 1742 ὅτι
2968 1687 3063 1741 καὶ
3112 1686 3202 1740 τὸν
3243 1686 3542 1755 ἄνθρωπον
3569 1683 3661 1736 καὶ
3694 1685 3776 1734 τιν

2202 1780 2350 1832 λίθον
2369 1781 2449 1840 είς
2489 1777 2798 1846 ὑπόδειγμα
2848 1777 3053 1844 φέρων,
3086 1775 3182 1827 καὶ
3228 1773 3552 1843 ὁριζόμενος
3594 1770 3775 1822 οὐσίαν

509 1885 633 1924 eum
667 1871 754 1936 iis,
785 1888 909 1942 qua:
939 1875 997 1928 in
1017 1891 1081 1930 ea
1126 1887 1429 1933 cernantur
1472 1880 1710 1934 naturali
1770 1881 1959 1945 modo,
1996 1881 2092 1934 de-

2201 1868 2343 1926 εῖναι
2407 1871 2547 1939 μετὰ
2599 1868 2710 1922 τῶν
2772 1868 3019 1937 φυσικῶς
3075 1867 3207 1936 περὶ
3258 1865 3434 1934 αὐτὴν
3491 1862 3776 1934 ὁρωμένων

507 1959 816 2028 prehensus
859 1978 918 2018 es
949 1980 1116 2032 porro
1158 1967 1394 2022 credens
1446 1968 1818 2024 accidentium
1867 1982 2091 2038 quoque

505 2057 1058 2123 comprehensionem
1099 2075 1222 2115 esse
1266 2061 1417 2116 illam
1464 2062 1766 2117 essentiam
1816 2060 2087 2126 divinam,

506 2147 655 2201 velut
676 2148 733 2202 in
757 2148 940 2217 lapide
967 2164 998 2204 α
1034 2159 1085 2205 te
1113 2151 1344 2221 jactato,
1375 2153 1470 2222 qui
1501 2153 1854 2223 gravitatem,
1885 2152 2085 2222 frigus,

502 2236 766 2301 colorem,
783 2237 1207 2308 longitudinem,
1227 2240 1603 2303 latitudinem,
1623 2241 2090 2309 altitudinemque

502 2339 561 2382 et
597 2342 945 2400 quaecunque
979 2331 1251 2401 ejusmodi
1281 2333 1509 2402 cogitari
1539 2341 1788 2400 possunt,
1816 2333 2089 2397 continet,

504 2422 560 2476 id
592 2421 740 2490 quod
769 2423 938 2477 etiam
971 2424 1130 2492 pejus
1168 2431 1253 2478 est
1280 2424 1514 2479 stultitia
1543 2425 1752 2494 priore.

575 2512 670 2570 1X.
714 2516 888 2570 Porro
919 2515 1178 2583 quintum
1205 2517 1434 2572 stultum
1461 2517 1746 2586 illud.quo
1775 2517 1940 2571 etiam
1959 2533 2092 2572 con-

507 2610 692 2662 tirmas
729 2607 1094 2678 ignorantiam
1139 2616 1288 2662 tuam
1333 2617 1390 2663 et
1430 2609 1728 2663 multorum
1781 2610 2089 2665 doctrinam

505 2701 734 2754 deorum
766 2699 1122 2769 perversione
1149 2699 1425 2754 dictorum
1448 2699 1734 2755 Athanasii
1769 2701 1974 2769 magni.
2006 2697 2088 2753 Ad

506 2809 675 2850 unum
703 2793 849 2848 enim
882 2793 974 2848 ille
1000 2792 1137 2848 dicit
1167 2793 1365 2850 referri
1405 2793 1499 2848 illa
1536 2803 1616 2848 tot
1647 2793 1888 2855 nomina,
1927 2792 2092 2847 nimi-

505 2903 625 2942 rum
662 2887 733 2941 ad
758 2887 1080 2942 essentiam.
1121 2887 1204 2942 Tu
1230 2897 1412 2944 autem
1449 2888 1778 2959 imprudens
1810 2897 2002 2943 contra
2038 2897 2089 2944 te

503 2979 736 3033 attulisti
767 2994 931 3048 quem
964 2993 1067 3048 pro
1109 2987 1161 3035 te
1190 2979 1460 3037 allaturus
1480 2996 1627 3037 eras.
1665 2983 1800 3039 Tam
1844 2983 2001 3038 rudis
2027 2996 2091 3036 es

502 3080 560 3126 et
583 3071 740 3126 valde
776 3072 1038 3126 incultus.
1084 3071 1293 3128 Deinde
1344 3083 1402 3128 et
1460 3074 1746 3129 materiem
1793 3084 1850 3130 et
1903 3073 2092 3145 exple-

2204 1964 2766 2033 συλλαμϐανομένην,
2831 1961 3004 2023 ἑάλως
3053 1961 3136 2013 ἔτι
3197 1962 3289 2013 καὶ
3355 1956 3776 2026 συμϐεϐηκότων

2203 2058 2467 2128 σύλληψιν
2500 2053 2637 2110 εἶναι
2669 2056 2908 2125 νομίζων
2936 2055 3118 2128 [L136
3150 2054 3226 2126 0.]
3256 2053 3360 2124 τὴν
3389 2053 3544 2106 θείαν
3571 2051 3777 2114 ἐκείνην

2199 2154 2388 2207 οὑσίαν
2411 2152 2603 2222 ὥσπερ
2642 2151 2735 2204 ἐπὶ
2768 2149 2860 2202 τοῦ
2898 2149 3305 2220 προϐληθέντος
3354 2165 3439 2200 σοι
3484 2146 3655 2206 λίθου,
3689 2143 3774 2213 βά-

2201 2259 2319 2312 ρος.
2340 2239 2680 2310 ψυχρότητα,
2709 2238 2931 2306 χρῶμα.
2970 2239 3165 2306 μῆκος,
3206 2236 3416 2298 πλάτος
3463 2235 3561 2286 καὶ
3595 2232 3768 2302 βάθος,

2200 2334 2426 2408 καὶοὸσα
2461 2331 2689 2386 τοιαῦτα
2718 2333 2857 2383 νοεῖν
2891 2330 3002 2400 ἔχει
3044 2347 3146 2395 τις,
3181 2329 3422 2398 ἔχοντος.
3456 2328 3522 2379 Ὃ
3563 2319 3774 2378 καὶτοῦ

2201 2425 2473 2496 προτέρου
2505 2424 2687 2494 χεῖρον
2716 2424 2794 2482 εἰς
2830 2422 3081 2475 ἀτοπίαν.

2271 2519 2349 2571 Θ¹.
2409 2519 2519 2572 Καὶ
2571 2519 2828 2586 πέμπτον
2863 2515 3088 2580 ἄτοπον,
3128 2515 3212 2568 ὅτι
3263 2515 3364 2567 καὶ
3416 2513 3653 2584 βεϐαιοῖς
3683 2508 3773 2576 τὴν

2203 2610 2303 2676 σὴν
2332 2608 2576 2677 ἀμαθίαν
2611 2609 2706 2662 καὶ⁹
2736 2607 3027 2661 πολυθεταν
3061 2607 3150 2658 διά
3177 2606 3277 2674 τῆς
3304 2607 3446 2676 πρὸς
3486 2605 3576 2657 τὸν
3609 2601 3772 2671 μέγαν

2213 2701 2532 2756 Ἀθανάσιον
2563 2701 2957 2768 συκοφαντίας.
3001 2700 3126 2752 Ἐπὶ
3163 2700 3269 2767 γὰρ
3298 2698 3362 2753 ἒν
3401 2699 3605 2756 ἐκεῖνος
3637 2693 3772 2761 ἔχειν

2201 2797 2336 2868 φησὶ
2373 2797 2471 2868 τὴν
2522 2795 2803 2865 ἀναφορὰν
2846 2793 2916 2846 τά
2962 2792 3105 2845 οὕτω
3137 2791 3309 2844 πολλὰ
3365 2790 3476 2842 τῶν
3505 2784 3770 2855 ὀνομάτων

2199 2893 2448 2953 ἐκείνων,
2489 2890 2669 2942 είτουν
2707 2890 2807 2957 τὴν
2833 2887 3023 2940 οὐσίαν
3051 2903 3063 2917 ⁸
3110 2887 3173 2939 σὺ
3209 2885 3255 2938 δ’
3297 2885 3404 2937 οὐκ
3451 2880 3618 2953 ᾔσθου
3643 2873 3772 2928 κατὰ

2202 2978 2431 3034 σεαυτοῦ
2471 2977 2716 3048 κομίζων
2764 2975 2824 3028 ὃν
2855 2975 2996 3044 ὑπὲρ
3033 2972 3266 3026 σεαυτοῦ
3313 2971 3624 3039 κεκόμικας
3649 2981 3661 2993 ο
3693 2961 3774 3014 οὖ·

2200 3093 2308 3138 τως
2337 3073 2557 3144 ἀμαθὴς
2589 3067 2638 3125 εἷ
2670 3070 2764 3124 καὶ
2814 3069 2961 3139 μάλα
2989 3069 3268 3138 ἀγροῖκος.
3305 3061 3448 3118 Εἶτα
3480 3062 3572 3114 καὶ
3605 3057 3771 3126 ἄθροι-

507 3166 712 3218 tionem
747 3165 1057 3221 divinitatis
1107 3166 1225 3222 haec
1266 3167 1388 3238 ipse
1432 3167 1707 3232 nominat,
1757 3184 1869 3224 non
1905 3177 2090 3230 tamen

2201 3187 2315 3240 σμα
2344 3168 2492 3237 λέγει
2540 3169 2635 3220 καὶ
2680 3164 2959 3236 πλήρωμα
3005 3161 3265 3231 θεότητος
3297 3159 3482 3212 ταῦτα
3510 3155 3690 3214 αὑτὸς,
3717 3149 3772 3262 οὐ

505 3258 887 3325 divinitatum,
918 3274 1043 3330 qua:
1064 3259 1134 3314 ab
1162 3261 1428 3327 essentia,
1465 3271 1526 3314 ut
1552 3271 1611 3316 tu
1647 3260 1751 3328 vis,
1775 3273 1831 3318 et
1856 3265 2003 3320 inter
2029 3281 2091 3321 se

503 3352 782 3407 diﬂerant.
815 3351 1107 3418 Quomodo
1156 3353 1302 3408 enim
1355 3354 1484 3408 talia
1537 3353 1723 3412 dicere
1768 3359 1963 3426 possit,
1995 3359 2123 3427 qui‘

503 3445 572 3501 ad
609 3460 781 3499 unum
812 3446 904 3501 illa
932 3445 1128 3502 referri
1159 3445 1591 3512 diei-t,nimirum
1623 3448 1692 3504 ad
1747 3450 2093 3506 essentiam?

573 3536 647 3593 X.
679 3539 779 3594 Est
820 3545 1006 3593 autem
1061 3549 1324 3609 praterea
1362 3549 1580 3594 sextum
1605 3540 1905 3595 absurdum
1931 3541 2090 3608 illud,

503 3632 658 3707 quod
696 3631 949 3690 divinum
994 3649 1219 3705 quoque
1283 3634 1602 3691 criminaris
1663 3636 2089 3704 Damasceuum,

503 3727 651 3798 quod
680 3737 736 3782 et
764 3728 942 3798 ipsum
976 3728 1195 3798 planius
1229 3743 1258 3781 a
1285 3727 1446 3783 nobis
1489 3737 1679 3798 postea
1716 3729 1954 3784 dicetur.
1992 3731 2094 3785 De-

507 3820 912 3876 monstrabitur
943 3821 1115 3884 enirn,
1146 3820 1458 3889 signiﬁcare
1486 3829 1542 3876 ct
1574 3821 1802 3876 differre
1827 3837 1938 3877 non
1969 3836 2092 3877 esse

507 3917 675 3978 idem,
706 3915 872 3990 282
898 3915 1122 3968 etiamsi
1151 3923 1210 3968 tu
1241 3912 1597 3969 vociferando
1637 3914 1937 3986 rumparis,
1995 3915 2092 3984 qui

504 4007 872 4062 remotissima
912 4006 1145 4062 misceas
1179 4015 1235 4061 et
1261 4005 1448 4062 dicere
1494 4005 1744 4060 divinum
1793 4006 1950 4060 illum
1984 4010 2092 4061 cri-

503 4097 734 4153 mincris
755 4099 932 4152 virum
956 4098 1024 4153 ai)
1051 4099 1293 4154 increata
1317 4109 1518 4156 natura
1540 4098 1767 4154 dill‘erre
1784 4099 2088 4154 increatam

501 4191 622 4261 ejus
656 4188 1030 4245 eﬂi’cientiam.
1076 4190 1272 4259 Neque
1314 4189 1463 4245 enim
1510 4189 1805 4261 quisquam
1839 4193 2088 4246 omnium

505 4285 561 4344 in
596 4284 746 4338 illius
775 4283 1020 4352 scriptis,
1057 4283 1308 4352 quamvis
1349 4285 1584 4338 multum
1628 4284 1967 4355 inquisierit,
1997 4286 2089 4340 vix

505 4393 685 4451 neque
715 4392 973 4446 magnum
1007 4374 1256 4431 omnium
1284 4391 1462 4449 neque
1487 4378 1843 4434 minimorum
1863 4379 2089 4452 quidem

501 4470 806 4541 quidquam
835 4469 1016 4526 simile
1052 4469 1295 4525 inveniat
1321 4485 1560 4540 unquam
1611 4471 1681 4527 iis
1719 4488 1840 4545 quae
1878 4488 2027 4527 nunc
2059 4488 2088 4526 a

2203 3265 2311 3336 μὴν
2339 3260 2611 3331 θεοτήτων
2641 3258 2738 3326 τῆς
2769 3256 2956 3317 οὐσίας
2989 3253 3268 3322 διαφόρων
3299 3251 3452 3304 κατὰ
3489 3248 3546 3302 σὲ
3577 3245 3662 3299 καὶ
3685 3241 3772 3295 ἀλ-

2197 3358 2395 3429 λήλων.
2438 3354 2562 3417 Πῶς
2591 3351 2699 3422 γὰρ
2736 3349 2794 3413 ὃς
2821 3349 2910 3403 ἐπὶ
2940 3348 2997 3400 ἓν
3025 3347 3164 3400 αὑτά
3191 3347 3292 3417 τὴν
3327 3343 3617 3413 ἀναφορὰν
3639 3336 3774 3406 ἔχειν

2200 3448 2357 3518 φησὶ,
2387 3441 2589 3514 δηλαδὴ
2620 3441 2720 3512 τὴν
2747 3439 2939 3493 οὑσίαν
2963 3457 2977 3505 ;

2274 3541 2331 3593 ιο.
2363 3539 2520 3590 Ἐστι
2559 3535 2696 3590 κάπὶ
2725 3535 2942 3595 τούτοις
2985 3529 3146 3584 ἕκτον
3187 3527 3416 3593 ἄτοπον,
3454 3528 3537 3582 ὅτι
3576 3517 3772 3575 καὶτὸν

2139 3625 2155 3640 ⁸
2202 3635 2348 3688 θεῖον
2384 3631 2744 3700 συκοφαντεῖς
2777 3626 3165 3696 Δαμασκηνὸν,
3205 3623 3284 3688 ὡς
3340 3620 3623 3694 προϊοῦσιν
3652 3613 3772 3684 ἡμῖν

2202 3727 2486 3797 εἰρήσεται
2518 3723 2611 3776 καὶ
2649 3721 2782 3774 αὑτὸ
2806 3717 3164 3788 πλατύτερον.
3197 3716 3560 3787 Δειχθήσεται
3588 3709 3689 3776 γάρ
3718 3702 3771 3797 τὸ

2203 3794 2636 3888 χαρακτηρίζειν
2682 3811 2760 3882 τῷ
2802 3811 3088 3880 διαφέρειν
3124 3808 3200 3879 μὴ
3236 3801 3381 3861 εἶναι
3431 3802 3644 3864 ταυτὸν,
3680 3794 3772 3848 κᾶν

2203 3913 2267 3965 σὺ
2304 3910 2444 3982 βοῶν
2497 3908 2827 3977 διαρραγῇς,
2871 3903 2941 3956 τὰ
2972 3902 3184 3971 ἄμικτα
3232 3901 3432 3968 μιγνὺς
3481 3895 3575 3949 καὶ
3605 3893 3772 3957 λέγειν

2199 4003 2293 4057 τὸν
2341 4001 2486 4054 θεῖον
2537 3999 2746 4052 ἐκεῖνον
2786 3994 3116 4062 αἰτιώμενος
3168 3993 3344 4059 ἄνδρα
3395 3991 3494 4058 τῆς
3527 3983 3768 4038 ἀκτίστου

2201 4095 2420 4164 φύσεως
2456 4091 2740 4161 διαφέρειν
2781 4088 2878 4158 τὴν
2916 4087 3176 4140 ἄκτιστον
3212 4084 3421 4154 ταύτης
3471 4079 3770 4146 ἐνέργειαν.

2201 4191 2335 4245 Οὐδὲ
2358 4189 2467 4260 γάρ
2494 4187 2668 4249 οὐδεὶς
2716 4185 2824 4236 τῶν
2855 4179 3126 4237 ἁπάντων
3149 4184 3206 4233 ἐν
3249 4184 3360 4243 τοῖς
3407 4175 3617 4232 ἐκείνου
3649 4179 3770 4230 συγο

2198 4285 2525 4356 γράμμασιν
2554 4280 2674 4334 οὐδὲ
2710 4278 2881 4332 πολλὰ
2912 4278 3162 4348 μογήσας
3191 4273 3318 4327 οὗτε
3361 4272 3522 4343 μόγις
3557 4265 3697 4335 μέγα
3726 4270 3773 4306 τι

2199 4381 2309 4435 τῶν
2337 4379 2558 4432 πάντων
2605 4373 2730 4428 οὔτε
2783 4374 2928 4443 μάλα
2976 4370 3134 4440 μόλις
3162 4371 3295 4438 γοῦν
3333 4369 3446 4421 τῶν
3488 4358 3772 4449 ἐλαχίστων

2198 4468 2352 4522 οὐδὲν
2407 4467 2715 4536 ὁμότροπον
2758 4463 2824 4515 ἄν
2869 4459 2994 4514 ποθ’
3043 4457 3195 4528 εὖροι
3255 4455 3502 4510 τουτοισὶ
3546 4451 3657 4508 τοῖς
3685 4455 3773 4494 νυν

505 4537 579 4625 te,
611 4537 857 4626 Palama,
882 4552 1258 4616 obtrectatore
1301 4537 1573 4620 dete$tato
1597 4574 1655 4619 et
1695 4537 1966 4619 insidioso
2000 4565 2086 4618 in-

2199 4559 2648 4632 παρευρημένοις
2697 4558 2792 4610 καὶ
2841 4551 3289 4623 προτεθειμένοις
3347 4549 3428 4619 τῷ
3492 4537 3773 4632 καταράτῳ

501 4664 670 4710 venta
707 4664 763 4710 et
798 4654 1012 4726 prolata
1063 4662 1213 4711 sunt.
1242 4656 1452 4714 Deinde
1482 4657 1813 4712 alterutrum
1841 4657 2091 4725 quidem,

501 4758 601 4804 aut
636 4750 784 4803 enim
837 4764 948 4804 non
981 4749 1184 4805 invitus
1210 4749 1350 4806 falso
1384 4750 1722 4816 criminaris,
1760 4760 1854 4803 aut
1886 4749 2094 4804 invitus

503 4841 598 4898 illa
632 4840 878 4912 ignoras,
903 4849 960 4895 et
989 4841 1290 4900 illiteratus
1313 4858 1394 4907 es,
1433 4853 1494 4896 ut
1517 4840 1764 4904 videtur,
1806 4841 2010 4905 adhuc,
2039 4851 2097 4896 et

504 4933 811 5005 primorum
843 4933 1130 5003 sapientia:
1149 4933 1556 4992 elementorum
1589 4933 1819 4988 omninu
1845 4933 2091 5004 ignarus,

502 5041 739 5097 quorum
778 5025 913 5086 illud
947 5027 1279 5092 insanabile,
1313 5027 1422 5081 hoc
1463 5026 1876 5082 semimiserum
1911 5025 2098 5096 (dimi-

502 5121 594 5177 dio
633 5120 856 5191 melius)
883 5129 940 5176 et
963 5121 1213 5176 sanabile
1256 5131 1340 5176 est
1383 5136 1398 5174 :
1432 5119 1480 5176 si
1513 5119 1682 5190 igitur
1723 5130 1780 5174 et
1839 5123 1960 5190 ipse
1987 5120 2092 5184 vis,

502 5214 608 5271 hoc
654 5212 855 5283 delige.
917 5212 1269 5275 Alterutrum
1315 5210 1464 5264 enim
1526 5226 1614 5266 me
1663 5212 1913 5266 visurum
1969 5227 2093 5267 esse

474 5323 664 5390 .spero
723 5316 992 5381 optoque,
1019 5314 1113 5360 aut
1167 5314 1221 5360 te
1269 5305 1492 5361 volente
1519 5305 1758 5361 reditum
1787 5314 1966 5368 tuum,
1997 5316 2096 5360 aut

496 5389 555 5477 te
613 5399 836 5461 nolente
897 5399 1182 5457 interitum
1227 5408 1423 5465 tuum;
1466 5399 1699 5454 alterum
1755 5399 1902 5454 enim
1940 5409 1992 5453 te
2028 5399 2095 5453 li-

501 5495 718 5550 herabit
747 5510 779 5550 a
808 5492 1056 5561 pernicie
1082 5503 1308 5559 aeterna,
1334 5494 1570 5548 alterum
1595 5495 1764 5551 etiam
1795 5502 2028 5548 caeteros
2059 5509 2090 5548 a

503 5587 723 5640 damno.
785 5584 1076 5655 Quomodo
1139 5585 1310 5655 igitur
1361 5587 1699 5655 persuadere
1763 5584 2095 5640 conabimur

505 5681 596 5734 tali
633 5694 813 5748 eoque
856 5681 970 5750 jam
1015 5679 1194 5735 anatis
1240 5689 1504 5749 provecto
1552 5686 1690 5741 viro,
1722 5691 1818 5733 aut
1865 5678 2092 5733 omnino

505 5772 786 5839 quomodo
819 5786 928 5825 non
961 5771 1367 5841 desperandum
1402 5773 1507 5828 erit
1535 5772 1602 5825 de
1630 5773 1747 5826 utili
1773 5773 1920 5826 exitu
1962 5788 2091 5841 pro-

502 5875 729 5936 spectus
779 5881 958 5936 neque
987 5881 1127 5923 vana
1177 5867 1270 5922 lict
1325 5867 1532 5940 opera?
1567 5866 1771 5922 Tamen
1826 5867 1948 5922 volo
1982 5867 2093 5936 ple-

2203 4622 2297 4710 aot
2341 4622 2580 4721 [latitandi
2631 4648 2728 4704 καὶ
2783 4622 2990 4714 δολερῷ
3039 4643 3380 4713 συκοφάντῃ.
3441 4637 3598 4691 Δυοῖν
3651 4622 3773 4721 γοῦν

2200 4749 2394 4802 ἔπειτα
2448 4717 2699 4813 θάτερον,
2757 4741 2789 4811 ἢ
2837 4741 2945 4809 γὰρ
2998 4736 3144 4793 ἑκὼν
3198 4731 3546 4804 βλασφημεῖς
3600 4722 3630 4790 ἢ
3685 4717 3774 4813 οὐχ

2200 4841 2342 4894 ἑκὼν
2371 4839 2610 4906 ἀγνοεῖς,
2645 4833 3033 4903 ἀνα,λφά6ητος
3059 4830 3157 4893 ὢν,
3195 4829 3271 4892 ὡς
3314 4827 3518 4887 ἔοικεν,
3551 4819 3652 4876 ἔτι,
3687 4808 3772 4906 ﬂ"

2199 4931 2309 4986 τῶν
2344 4930 2575 4999 πρώτων
2605 4926 2705 4996 τῆς
2753 4924 2950 4993 σοφίας
2985 4923 3268 4993 στοιχείων
3311 4921 3452 4974 πάνυ
3502 4931 3554 4967 τι
3590 4903 3769 4999 ﬁlii“

2198 5019 2300 5079 Ὧν
2339 4997 2400 5077 το
2452 5022 2553 5091 μὲν
2597 5019 2842 5084 ἀνίατον,
2871 5017 2932 5070 τὸ
2989 5013 3035 5073 δ’
3083 5013 3469 5086 ἡμιμόχθηρον
3519 5005 3611 5059 καὶ
3645 4997 3774 5050 ἰάσι-

2203 5138 2305 5192 μον
2331 5136 2346 5151 ο
2383 5118 2452 5188 ἣν
2497 5115 2592 5171 οῦν
2637 5115 2734 5170 καὶ
2778 5113 2942 5174 αὐτὸς
2975 5110 3194 5186 ἐθέλῃςι
3233 5109 3358 5162 ἑλοῦ
3407 5105 3470 5160 τὸ
3506 5099 3769 5192 δεύτερον;

2199 5177 2355 5270 λυοῖν
2399 5177 2509 5280 γάρ
2546 5209 2776 5281 ὁψεσθαι
2823 5206 3055 5273 θάτερον
3084 5177 3292 5268 ἐλπίζω
3326 5200 3423 5254 καὶ
3464 5177 3766 5265 εὔχομαι,ἦ

2197 5308 2296 5378 τὴν
2360 5305 2460 5376 σὴν
2504 5302 2870 5374 ἐπιστροφὴν,
2911 5302 2960 5353 εἰ
2993 5296 3264 5368 βούλεθῆ
3312 5295 3411 5364 τὴν
3465 5288 3566 5357 σὴν
3606 5291 3769 5378 κατα-

2199 5369 2468 5469 σέροφῆλθι
2501 5397 2549 5447 εἰ
2594 5369 2907 5464 μὴ-βούλει.
2945 5390 3018 5445 Τὸ
3053 5389 3160 5466 μὲν,
3189 5390 3299 5458 γὰρ
3329 5387 3390 5440 σὲ
3443 5379 3544 5448 τῆς
3590 5369 3771 5469 «colus.—

2199 5491 2327 5553 τοῦς
2357 5489 2634 5552 ἀπωλείας
2661 5491 2951 5556 ἐξελεῖται,
2980 5489 3042 5542 τὸ
3072 5490 3129 5542 δὲ
3163 5488 3262 5542 καὶ
3302 5488 3429 5547 τοὺς
3479 5477 3670 5534 ἄλλους
3699 5459 3770 5556 μὴ

2201 5583 2562 5656 βλάπτεσθαι.
2614 5553 2791 5636 Πόθεν
2826 5581 3371 5653 οῦνὲπιχειροίημεν
3417 5575 3487 5629 ἂν
3519 5553 3771 5665 uesani:

2201 5641 2211 5656 .
3052 5641 3084 5652 ..
3142 5641 3156 5653 .
3249 5641 3283 5652 ..
3703 5647 3722 5665 ,,

2199 5680 2312 5732 θειν
2341 5678 2512 5746 ἄνδρα
2541 5675 2796 5730 τοσοῦτον
2830 5676 2924 5729 καὶ
2957 5673 3130 5738 οὕτως
3163 5675 3387 5745 ἡλικίας
3437 5666 3664 5736 ἔχονταί
3715 5641 3767 5746 Ἠ

2200 5775 2417 5835 πάντως
2442 5773 2566 5823 ὅθεν
2592 5771 2692 5822 οὐκ
2718 5769 3046 5821 ἀνέλπιστον
3072 5765 3140 5820 ἂν
3179 5765 3266 5838 εἴη
3299 5765 3362 5819 τὸ
3395 5757 3617 5827 σκέμμα
3641 5737 3765 5838 πξὶίς

2197 5866 2482 5936 ὠφέλιμον
2513 5862 2687 5928 τέλος,
2723 5861 2860 5933 μηδὲ
2894 5861 3124 5932 μάταιος
3156 5859 3357 5929 γένοιτ’
3395 5855 3460 5912 ἂν
3490 5851 3521 5918 ἡ
3551 5827 3764 5898 σπουδή.
