4034 6472
387 354 492 420 24‘.)

1381 354 1828 417 ΒΥΖΑΝΤΙΝίΕ
1896 351 2286 413 HISTORIAZ
2331 356 2472 417 LIB.
2520 357 2704 418 XXX.

3537 356 3644 418 25:0

394 466 665 534 Βούλομαι
723 463 769 517 δ’
819 464 910 518 οὖν
975 467 1123 535 ὅμως
1177 466 1566 537 ἐντελεστέραν
1630 468 1729 521 τοῦ
1801 466 1961 534 λόγου

2077 469 2282 524 niorcm
2342 470 2396 524 in
2447 470 2712 524 orationis
2761 469 2920 524 initio
2976 484 3168 524 eorum
3219 485 3341 539 quae
3388 469 3645 524 dicentur

393 559 695 632 ἀρχόμενος
743 558 842 627 τὴν
880 559 988 611 τῶν
1043 559 1436 630 ῥηθησομένων
1492 557 1826 630 ποιήσασθαί
1880 574 1966 610 σοι

393 654 858 725 προκατάστασιν,
889 653 982 705 καὶ
1018 653 1228 717 διδάξαι
1260 655 1352 708 τὸν
1381 655 1572 725 ἀμαθῆ
1606 653 1665 706 σὲ
1696 653 1756 718 ἐξ
1786 652 1967 705 αὐτῶν

397 745 699 816 ἀρχόμενος
729 745 838 798 τῶν
886 746 1074 799 ἁπλῶν
1115 747 1405 816 στοιχείων
1435 748 1529 800 καὶ
1556 743 1775 815 φωνῶν,
1803 742 1878 807 ὡς
1917 745 1967 796 oi.

400 838 817 909 γραμματισταὶ⁵
848 837 917 891 τὰ
947 839 1232 908 μειράκια.
1272 838 1358 892 ἵνα
1409 839 1487 909 μὴ
1538 837 1784 907 συνεχῶς
1832 837 1970 908 πρὸς

399 930 508 983 τῶν
559 929 774 982 πολλῶν
832 928 926 982 καὶ
969 929 1133 992 αὐτὸς
1187 929 1392 1000 ἀκούῃς
1447 931 1624 984 ἐκεῖνο
1653 930 1717 1000 δὴ
1766 929 1828 983 τδ
1871 928 1970 983 τοῦ

403 1021 689 1083 Πλάτωνος
740 1020 1003 1089 σκῶμμα,
1033 1021 1110 1084 ὡς
1158 1020 1381 1090 ἀμαθὴς
1430 1017 1499 1082 εί,
1537 1015 1582 1076 ὦ
1632 1023 1842 1094 ἑταῖρε,
1875 1021 1971 1074 καὶ

399 1117 499 1182 οὐχ
531 1112 639 1183 ἔπῃ
662 1128 680 1146 ο
709 1107 744 1184 ἦ
776 1113 883 1184 γάρ
907 1111 976 1166 ἂν
1009 1111 1122 1166 οὐδ’
1151 1111 1317 1166 αὐτοῦ
1351 1129 1414 1178 γε
1453 1112 1518 1183 δὴ
1562 1113 1847 1167 Βασιλείου
1873 1109 1972 1166 τοῦ

401 1205 545 1258 θείου
603 1204 975 1268 παντάπασιν,
1011 1203 1088 1265 ὡς
1123 1205 1324 1269 ἔοικεν,
1372 1205 1606 1274 ἀνήκοος
1653 1204 1847 1274 μείνας
1903 1206 1969 1275 τῇ

403 1293 679 1363 ἐπιστήμῃ
725 1291 865 1363 μετὰ
906 1292 1006 1361 τῆς
1053 1292 1338 1355 εὐσεϐείας
1385 1293 1530 1346 οὓτω
1576 1293 1972 1364 προσέκοπτες,

402 1380 687 1450 ὀμιλητέον
732 1377 872 1434 εἶναι
918 1381 1170 1449 λέγοντος
1218 1382 1473 1451 ποιηταῖς
1522 1382 1618 1434 καλ⁸
1670 1380 1975 1450 λογοποιοῖς

401 1476 494 1527 καὶ
547 1475 774 1544 ῥήτορσι
820 1473 918 1527 καὶ
966 1475 1141 1527 πᾶσιν
1168 1473 1480 1542 ἀνθρώποις
1520 1472 1644 1526 ὅθεν
1689 1472 1754 1524 ἂν
1788 1471 1975 1541 μέλλοι

321 1635 338 1658 ⁸
402 1567 540 1636 πρὸς
575 1567 674 1636 τὴν
703 1567 804 1636 τῆς
850 1565 1029 1636 ψυχῆς
1087 1564 1411 1635 ἐπιμέλειαν
1459 1564 1698 1634 ὠρέλειά
1726 1581 1810 1626 τις
1857 1562 1977 1616 ἐσε-

313 1655 330 1672 "
401 1659 548 1713 σθαι.
574 1659 784 1727 ’Ὠσπερ
801 1657 910 1728 γὰρ
931 1659 980 1711 οἱ
1010 1659 1321 1712 δευσοποιοὶ
1343 1675 1524 1728 προπα
1537 1655 1978 1728 ρασκευάσαντες

2071 562 2364 617 instituere
2425 563 2524 616 tibi
2582 561 3017 620 institutionem,
3071 571 3128 615 et
3175 571 3226 614 te
3288 561 3524 615 edoeere
3575 577 3645 615 ex

2071 653 2206 723 ipsis
2234 653 2451 708 initium
2486 668 2710 708 sumens
2759 653 3103 721 simplicibus
3150 653 3438 707 elementis
3467 660 3523 706 et
3559 668 3648 707 so-

2072 749 2180 813 nis,
2209 756 2268 801 ut
2297 747 2540 817 magistri
2567 760 2790 814 pueros,
2824 761 2891 799 ne
2922 759 3138 815 semper
3169 744 3334 814 283
3363 759 3429 798 ex
3460 742 3650 796 multis

2073 851 2128 899 et
2167 842 2286 912 ipse
2314 841 2509 896 audias
2540 841 2673 896 illud
2721 842 2966 896 Platonis
2999 839 3320 904 ludibrium,
3353 835 3526 904 Quam
3571 836 3653 888 in-

2073 937 2270 992 doctus
2288 950 2368 1003 es,
2394 935 2590 1000 amice,
2618 949 2794 1004 neque
2813 932 3173 1003 intelligendo
3198 946 3297 986 nos
3315 928 3649 998 assequeris.

2075 1029 2325 1084 Profecto
2354 1028 2524 1094 enim,
2552 1041 2868 1096 quanquam
2901 1040 2970 1078 ne
3005 1024 3181 1092 ipsius
3209 1022 3430 1092 quidem
3461 1020 3652 1076 Basilii

2075 1119 2247 1174 divini
2282 1117 2485 1174 videris
2513 1119 2736 1172 omnino
2768 1117 3071 1186 neglexisse
3107 1114 3536 1178 institutionem,
3572 1111 3646 1164 ita

2075 1209 2398 1265 oﬂ‘endebas
2429 1208 2483 1264 in
2516 1208 2745 1263 scientia
2775 1217 2828 1262 et
2858 1207 3084 1276 pietate,
3113 1203 3203 1274 qui
3234 1203 3455 1272 quidem
3496 1200 3654 1256 fami-

2076 1302 2290 1358 liariter
2321 1300 2584 1355 utendum
2616 1314 2737 1354 esse
2783 1299 2919 1354 dicit
2967 1297 3145 1367 poetis
3177 1305 3233 1350 et
3269 1295 3549 1350 historicis
3597 1302 3654 1347 et

2078 1392 2397 1448 rhetoribus
2442 1402 2500 1446 et
2537 1390 2794 1445 omnibus
2843 1387 3183 1452 hominibus,
3231 1401 3298 1440 ex
3334 1386 3537 1453 quibus
3587 1385 3654 1438 ad

2078 1486 2246 1542 animi
2281 1499 2470 1539 curam
2523 1483 2736 1537 fructus
2771 1482 2974 1551 aliquis
3005 1479 3414 1534 redundaturus
3459 1477 3550 1531 sit.
3585 1476 3656 1530 Ut

2079 1579 2227 1634 enim
2255 1579 2520 1633 tinclores
2552 1592 2677 1631 cum
2716 1573 3343 1645 praepararuntmultum
3374 1567 3659 1622 tractando

2081 1672 2136 1727 id
2191 1670 2337 1742 quod
2363 1685 2588 1725 succum
2610 1669 2864 1739 recipiat,
2890 1678 3005 1722 tum
3029 1667 3250 1721 demum
3282 1663 3521 1718 colorem
3554 1661 3658 1714 ob-

400 1750 466 1821 ".
491 1751 589 1806 157
621 1749 693 1823 r.]
717 1751 1041 1818 θεραπείαις
1060 1752 1204 1804 τισὶν
1231 1751 1259 1804 ὅ
1285 1767 1338 1803 τι
1361 1751 1478 1804 ποτ’
1516 1750 1582 1804 ἂν
1672 1748 1732 1802 τὸ
1751 1747 1974 1816 δεξόμεο

2087 1766 2328 1826 ducunt,
2361 1765 2478 1819 sive
2517 1777 2851 1832 purpureum
2899 1760 3016 1814 sive
3045 1759 3251 1824 alium;
3277 1756 3468 1809 eodem
3502 1752 3660 1821 plane

399 1863 492 1898 νον
535 1846 634 1917 τὴν
681 1843 884 1916 βαφὴν,
922 1842 1066 1907 οὕτω
1109 1843 1172 1897 τὸ
1212 1844 1372 1906 ἄνθος
1421 1843 1743 1911 ἐπάγουσιν,
1797 1840 1862 1893 ἄν
1910 1857 1973 1894 τε

402 1938 669 2008 ἁλουργὸν
704 1939 769 1992 ἄν
795 1937 855 1990 τέ
884 1955 939 1991 τι
965 1937 1154 2008 ἕτερον
1179 1933 1238 2010 ᾖ,
1268 1937 1362 1996 τὸν
1389 1936 1554 1990 αὐτὸν
1581 1934 1646 2006 δὴ
1673 1934 1766 1987 καὶ
1808 1935 1976 2002 ἡμεῖς

399 2031 617 2100 τρόπον,
646 2029 696 2082 εί
750 2028 934 2090 μέλλοι
990 2028 1328 2091 άνέκπλυτος
1382 2028 1519 2097 ἡμῖν
1572 2028 1604 2094 ἡ
1650 2024 1745 2078 τοῦ
1803 2020 1973 2088 καλοῦ

402 2120 745 2191 παραμένειν
775 2118 924 2185 δόξα,
951 2121 1066 2184 τοῖς
1095 2120 1201 2186 ἔξω
1230 2118 1295 2190 δὴ
1329 2119 1543 2180 τούτοις
1575 2113 1968 2186 προτελεσθέν-

398 2229 490 2276 τες
533 2211 836 2283 τηνικαῦτα
871 2211 984 2264 τῶν
1031 2211 1193 2285 ίερῶν
1225 2211 1324 2264 καὶ
1362 2208 1694 2279 ἀπορρήτων
1739 2207 1977 2258 ἐπακου-

403 2305 609 2375 σόμεθσ.
644 2305 1049 2376 παιδευμάτων,
1082 2305 1180 2359 καὶ
1227 2298 1343 2356 οἷον
1388 2302 1448 2354 ὲν
1496 2301 1650 2354 ὕδατι
1683 2297 1777 2350 τὸν
1824 2296 1978 2368 ἣλιον

401 2401 532 2472 δρᾷν
585 2398 917 2465 ἐθισθέντες,
952 2395 1151 2464 ,οὕτως
1199 2393 1355 2466 αύτῷ
1413 2391 1836 2465 προσϐαλοῦμεν
1896 2386 1977 2458 τῷ

404 2495 544 2564 φωτὶ
592 2493 691 2558 τὰς
738 2492 911 2563 ὄψεις.
969 2491 1204 2559 Λέγεται
1257 2489 1336 2552 δέ,
1396 2489 1554 2558 φησὶ,
1612 2484 1708 2540 καὶ
1766 2481 1977 2552 Μωσῆν

402 2589 612 2640 ἐκεῖνον
637 2585 729 2639 τὸν
751 2585 918 2649 πάνυ,
948 2583 1008 2636 οὗ
1040 2581 1298 2654 μέγιστόν
1327 2579 1478 2632 ἐστιν
1507 2577 1602 2630 ἐπὶ
1631 2575 1795 2646 σοφίᾳ
1820 2573 1976 2646 παρὰ

403 2681 571 2734 πᾶσιν
604 2677 916 2748 ἀνθρώποις
965 2676 1159 2746 ὄνομα,
1187 2676 1302 2739 τοῖς
1349 2669 1669 2741 Αἰγυπτίων
1711 2667 1977 2739 μαθήμα-

404 2789 487 2826 σιν
516 2771 1004 2842 ἐγγυμνασάμενον
1054 2769 1154 2838 τὴν
1202 2767 1446 2823 διάνοιαν
1467 2763 1615 2819 οὕτω
1650 2761 1979 2834 προσελθεῖν

402 2868 470 2937 τῇ
515 2865 718 2936 θεωρίᾳ
745 2863 840 2917 τοῦ
880 2862 1032 2925 ὄντος
1054 2877 1069 2894 ο
1121 2857 1526 2931 παραπλησίως
1569 2856 1628 2909 δὲ
1657 2855 1836 2924 τούτῳ
1872 2853 1978 2906 κάν

400 2960 513 3020 τοῖς
549 2958 701 3010 κάτω
739 2955 956 3026 χρόνοις
982 2954 1074 3007 τὸν
1104 2952 1268 3021 σοφὸν
1300 2950 1503 3020 Δανιὴλ
1531 2949 1625 3004 ἐπὶ
1654 2945 1980 3010 Βαϐυλῶνάς

406 3063 538 3116 φασι
565 3045 664 3117 τὴν
693 3045 977 3099 Χαλδαίων
1033 3041 1228 3112 σοφίαν
1278 3039 1670 3110 καταμαθόντα
1719 3037 1840 3091 τότε
1869 3035 1978 3090 τῶν

2080 1857 2246 1912 modo
2295 1869 2397 1911 nos
2451 1868 2693 1924 quoque,
2715 1852 2761 1906 si
2818 1850 3165 1905 indelebilem
3229 1846 3389 1901 nobis
3430 1845 3658 1915 gloriam

2079 1948 2296 2018 pulchri
2361 1961 2584 2001 manere
2665 1945 2942 2008 volumus,
3001 1951 3293 2012 postquam
3355 1937 3462 1991 illis
3537 1949 3660 2004 quze

2078 2048 2233 2092 extra
2265 2047 2416 2099 sunt,
2453 2034 2749 2105 praeparati
2797 2047 3012 2093 sumus,
3042 2037 3158 2083 tum
3191 2029 3412 2082 demunt
3443 2038 3655 2078 sacram

2077 2140 2134 2186 et
2165 2137 2432 2184 secretam
2458 2127 2748 2183 audiemus
2770 2124 3102 2185 doctrinam,
3124 2130 3180 2177 et
3226 2128 3285 2173 ut
3315 2116 3559 2185 alioquin
3604 2115 3658 2168 in

2079 2239 2220 2294 aqua
2255 2223 2426 2278 solem
2447 2221 2640 2276 videre
2663 2218 2807 2274 soliti
2832 2233 3044 2280 sumus,
3074 2216 3148 2269 ita
3183 2215 3237 2268 in
3265 2211 3656 2279 lumen'ipsum

2079 2325 2467 2372 convertemus
2493 2313 2704 2368 oculos.
2754 2310 2970 2365 Dicitur
3001 2319 3208 2371 autem,
3251 2305 3454 2374 inquit,
3485 2305 3661 2357 Moses

2081 2423 2303 2479 quoque
2357 2406 2450 2461 ille
2519 2403 2939 2468 celeberrimus,
3005 2400 3162 2471 cuius
3220 2397 3516 2452 maximum
3575 2403 3662 2449 est

2080 2506 2306 2568 propter
2332 2496 2656 2566 sapientiam
2711 2492 2855 2563 apud
2912 2491 3166 2546 homines
3205 2502 3399 2542 onmes
3434 2501 3657 2547 nomen,

2081 2599 2371 2662 postquam
2422 2589 2477 2643 in
2527 2587 2726 2642 litteris
2784 2584 3162 2657 Egyptiorum
3217 2590 3456 2636 mentem
3505 2593 3659 2634 suam

2080 2683 2460 2748 exercuisset,
2494 2689 2610 2735 tum
2661 2679 2882 2734 demum
2937 2675 3240 2730 accessisse
3289 2672 3353 2726 ad
3411 2669 3662 2726 veritatis

2079 2773 2586 2835 scientiam:simili
2611 2773 2823 2828 ratione
2852 2771 3015 2826 etiam
3057 2777 3245 2839 postea
3266 2766 3542 2820 Danielem
3571 2779 3661 2818 sa-

2079 2871 2320 2942 pientem
2356 2868 2551 2924 dicunt
2589 2866 2866 2936 Babylone
2894 2861 3278 2918 Chaldmorum
3334 2856 3659 2927 sapientiam

2080 2965 2342 3021 edoctum
2414 2974 2600 3016 rerum
2647 2958 2957 3013 divinarum
3013 2951 3317 3008 doctrinam
3375 2955 3658 3002 tractasse.

2083 3054 2355 3122 Quoniam
2403 3067 2526 3123 quae
2574 3049 2891 3121 quindecim
2933 3060 3108 3100 annos
3157 3051 3346 3097 natum
3409 3039 3577 3110 284
3606 3047 3660 3092 te

401 3137 560 3191 θείων
605 3135 845 3205 ἅψασθαι
893 3131 1305 3200 παιδευμάτων.
1346 3129 1503 3186 Ἐπεὶ
1547 3126 1680 3196 γοῦν
1713 3124 1751 3181 ἃ
1785 3142 1974 3178 πεντε-

2084 3147 2300 3203 discere
2351 3143 2666 3215 oportebat,
2736 3155 2847 3194 non
2905 3136 3172 3198 didicisti.
3232 3141 3396 3204 atque
3447 3139 3659 3200 septem

403 3228 688 3297 καιδεκέτη
748 3241 808 3278 σε
870 3223 1065 3294 μαθεῖν
1115 3222 1282 3292 ἐχρῆν
1337 3220 1439 3273 οὐκ
1495 3217 1722 3287 ἔμαθες,
1752 3217 1875 3270 οὐδέ
1911 3231 1976 3284 γε

401 3322 676 3393 φράτορας
699 3317 935 3385 ἑπτέτης
964 3315 1175 3384 ἔφυσας
1207 3314 1350 3368 κατά
1393 3329 1458 3382 γε
1490 3312 1582 3366 τὸν
1610 3311 1668 3377 ἐξ
1714 3308 1976 3379 ’Δττικῆς

401 3415 563 3486 σοφὸν
609 3413 808 3477 εἰπεῖν,
845 3408 980 3464 ἀλλὰ
1033 3407 1094 3461 τὸ
1145 3407 1244 3477 τῆς
1288 3405 1594 3478 παροιμίας
1633 3403 1744 3459 ἀπὸ
1783 3402 1979 3472 κώπης

399 3513 491 3566 ἐπὶ
525 3510 586 3563 τὸ
608 3510 760 3579 βῆμα
807 3507 903 3560 καὶ
942 3503 1004 3558 τδ
1038 3502 1368 3573 στρατήγιον
1415 3500 1678 3570 ἐξαίφνης
1714 3497 1976 3568 ἔδραμες,

396 3601 540 3669 λέγω
572 3599 637 3670 δὴ
679 3598 742 3652 τὸ
783 3597 1057 3665 θεολογεῖν
1101 3595 1352 3656 ἀνίπτοις
1384 3609 1447 3645 τε
1489 3589 1649 3660 χερσὶ
1681 3587 1779 3641 καὶ
1802 3586 1980 3657 σαθρᾴ

397 3693 623 3763 διανοίᾳ,
660 3693 793 3762 φέρε
818 3692 923 3742 κάν
959 3690 1016 3741 ἐν
1041 3687 1193 3757 γήρᾳ
1221 3684 1503 3756 διδάχθητι
1533 3679 1668 3751 παρ’
1697 3680 1978 3750 ὴμῶνητᾶις

397 3783 762 3855 στοιχειώδεις
789 3781 996 3844 ταύτας
1025 3780 1122 3832 κα)⁸
1154 3777 1381 3848 πρώτας
1423 3776 1614 3844 φωνὰς
1638 3775 1750 3826 τῶν
1786 3789 1975 3844 γραμ-

401 3878 606 3947 μάτων,
637 3875 712 3940 ώς
762 3874 827 3928 ἂν
874 3871 1281 3943 εὐμαθέστερος
1324 3869 1458 3932 ἴσως
1517 3867 1816 3937 γενόμενος
1875 3865 1978 3933 τῆς

397 3970 549 4033 θείας
583 3968 721 4031 τέως
768 3966 976 4020 αίσθοιο
1006 3965 1255 4036 Γραφῆς,
1298 3966 1395 4019 καὶ
1451 3962 1653 4033 μηκέτι
1704 3958 1774 4013 δι’
1809 3957 1972 4028 ὄχλου

397 4067 465 4134 τῇ
492 4061 740 4132 εὐσεϐείᾳ
769 4060 996 4129 γίγνοιο,
1027 4054 1381 4127 δημαγωγῶν
1409 4055 1445 4110 ἃ
1486 4057 1601 4118 τοῖς
1645 4055 1799 4108 κάτω
1842 4049 1978 4121 μᾶλ-

398 4158 490 4210 λον
527 4154 562 4226 ἢ
604 4155 716 4217 τοῖς
765 4151 878 4206 άνω
922 4153 1126 4219 πρέπει
1187 4152 1422 4217 νεκροῖς.
1458 4149 1540 4202 Τὰ
1592 4147 1702 4216 γὰρ
1755 4144 1976 4199 ἐναντία

396 4248 508 4311 τοίς
563 4243 825 4307 ἐναντίοις
855 4241 1134 4313 ὁρίζεσθαι
1171 4257 1228 4293 τε
1285 4239 1382 4294 καὶ
1427 4235 1775 4309 διορθοῦσθαι
1824 4237 1980 4307 νόμι-

397 4357 515 4409 μον,
548 4339 672 4390 ἐπεὶ
713 4337 808 4389 καὶ
836 4335 1123 4406 Χαρμίδης
1161 4336 1190 4388 ὁ
1217 4333 1554 4403 Λαρισσαῖος
1579 4331 1827 4394 ἀκούσας
1855 4331 1975 4400 διη-

393 4426 662 4496 γουμένου
720 4424 865 4486 τινὸς
898 4423 958 4475 ἐν
991 4421 1144 4475 ὕδατι
1175 4421 1355 4485 ζέοντι
1407 4420 1592 4485 ζώσας
1643 4421 1774 4474 ἰδεῖν
1817 4421 1975 4489 ἐγχέ-

393 4520 546 4580 λυας,
577 4515 789 4570 Οὐκοῦν
818 4517 876 4569 ἐν
917 4513 1113 4584 ψυχρῷ
1146 4514 1356 4577 ταύτας
1401 4514 1718 4585 έψήσωμεν,
1744 4514 1970 4581 ἔφησεν.

392 4606 502 4672 *Ης
536 4605 631 4664 οὖν
671 4607 766 4661 καὶ
797 4607 962 4669 αὐτὸς
990 4605 1251 4669 ἀσύνετος
1294 4605 1521 4674 ἔμεινας
1552 4603 1977 4659 πεντεκαιδεκέ-

394 4718 494 4772 της
541 4701 816 4765 παιδείας,
863 4698 1070 4768 ταύτης
1099 4697 1242 4769 ὑπὲρ
1281 4698 1350 4751 τὰ
1405 4697 1672 4765 ἐξήκοντα
1730 4697 1976 4766 γεγονὼς

392 4793 668 4866 ἀκροατὴν
700 4793 926 4846 σεαυτὸν
979 4790 1368 4845 ἀποδεικνύναι
1424 4791 1502 4862 μὴ
1532 4790 1766 4858 ἀπαξίου
1799 4791 1976 4862 τήμε-

394 4905 509 4958 ρον,
537 4887 650 4941 τῶν
686 4886 874 4941 ἁπλῶν
908 4884 1112 4958 δηλαδὴ
1163 4886 1258 4939 καὶ
1304 4883 1601 4955 ἀρχοειδῶν
1649 4884 1846 4952 φωνῶν
1880 4885 1975 4936 καὶ

393 4983 691 5055 στοιχείων.
722 4979 910 5036 Ταῦτα
957 4981 1005 5034 δ’
1027 4979 1096 5034 ἂν
1136 4981 1358 5042 πάντως
1402 4978 1488 5049 είη
1539 4979 1610 5032 τά
1649 4977 1698 5030 τ’
1730 4977 1976 5046 ὀνόματα

393 5078 487 5130 καὶ
522 5075 766 5146 ῥήματα.
791 5075 1016 5144 Πρῶτον
1045 5073 1153 5145 γὰρ
1184 5074 1267 5126 δεῖ
1287 5071 1501 5136 θέσθαι,
1534 5073 1690 5140 φασὶ,
1718 5071 1774 5124 τί
1801 5070 1976 5139 ὄνομα

395 5169 489 5223 καὶ
527 5168 578 5222 τί
611 5169 789 5239 ῥῆμα,
819 5167 986 5221 οἱονεί
1035 5183 1160 5220 τινα
1211 5167 1441 5237 στερρὸν
1472 5165 1742 5235 θεμέλιον,
1777 5162 1976 5215 ἔπειτα

389 5261 444 5316 τί
495 5263 642 5315 ἐστιν
677 5260 958 5331 ἀπόφασις
1002 5259 1100 5312 καὶ
1149 5260 1465 5326 κατάφασις
1521 5259 1618 5310 καὶ
1660 5257 1974 5325 ἀπόφανσις

390 5354 484 5407 καὶ
537 5353 718 5421 λόγος,
776 5354 876 5407 καὶ
925 5353 1026 5406 ὅσα
1079 5352 1145 5404 ἐκ
1196 5351 1298 5421 τῆς
1354 5349 1704 5422 ἀνθρωπίνης
1765 5345 1974 5416 ταύτης

390 5447 695 5517 ἐπιπλοκῆς
718 5447 813 5500 καὶ
842 5446 1150 5509 συνθέσεως
1183 5444 1293 5496 τῶν
1328 5461 1387 5496 τε
1419 5445 1707 5513 ὀνομάτων
1735 5444 1829 5497 καὶ
1858 5444 1970 5498 τῶν

389 5540 655 5610 ῥημάτων
681 5537 1101 5595 ἀποτελοῦνται.
1144 5537 1302 5590 Σκιαὶ
1328 5537 1438 5607 γὰρ
1474 5537 1640 5590 οἱονεί
1680 5538 1826 5600 τινές
1861 5538 1970 5590 είσι

383 5632 494 5687 τῶν
534 5634 880 5703 πραγμάτων
924 5634 983 5688 αἱ
1034 5631 1232 5701 φωναὶ,
1262 5631 1402 5698 πρὸς
1448 5631 1548 5696 τάς
1580 5632 1828 5702 κινήσεις
1861 5631 1970 5686 τῶν

385 5725 715 5792 ὑφεστώτων
744 5724 1215 5796 σχηματιζόμεναι
1242 5724 1336 5777 καὶ
1363 5723 1593 5794 ὀνόμασι
1622 5725 1718 5777 καὶ
1754 5725 1969 5795 ῥήμασι

383 5819 811 5889 κεραννύμεναι·
859 5818 984 5875 οὐδὲ
1021 5819 1130 5892 γὰρ
1179 5816 1338 5888 φύσει
1382 5817 1494 5882 τοῖς
1542 5818 1833 5889 πράγμασι
1884 5819 1954 5876 τὰ

2081 3252 2257 3292 annos
2286 3244 2451 3291 natus
2472 3249 2542 3288 ne
2568 3231 2799 3306 gentiles
2827 3228 3051 3300 quidem
3091 3224 3462 3282 contendebas
3492 3233 3554 3276 ut
3577 3237 3662 3276 se-

2081 3329 2324 3387 cundum
2401 3327 2705 3397 sapientem
2768 3324 2919 3378 illum
2970 3319 3362 3376 Atheniensem
3418 3315 3660 3384 loquar,

2080 3418 2175 3475 sed
2207 3434 2274 3474 ex
2311 3432 2486 3481 remo,
2515 3426 2575 3470 ut
2605 3415 2779 3477 aiunt,
2814 3413 2869 3468 in
2897 3418 3217 3480 suggestum
3245 3416 3300 3463 et
3337 3405 3657 3476 prmtorium

2083 3518 2310 3582 repente
2339 3518 2393 3565 te
2426 3506 2732 3580 conjecisti,
2763 3505 2869 3559 hoc
2897 3503 3111 3559 scilicet
3131 3501 3278 3564 dico,
3320 3497 3467 3569 quod
3505 3506 3561 3551 tu
3589 3495 3658 3550 ad

2079 3619 2171 3659 res
2225 3602 2444 3657 divinas
2502 3596 2790 3656 accessisti
2842 3595 3012 3650 illotis
3063 3592 3319 3648 manibus
3367 3601 3423 3644 et
3477 3595 3661 3642 mente

2081 3697 2301 3762 obtusa,
2323 3710 2423 3764 age
2451 3693 2617 3747 etiam
2654 3704 2826 3745 senex
2878 3686 3132 3743 docearis
3164 3701 3194 3739 a
3225 3684 3386 3739 nobis
3422 3683 3525 3736 hos
3548 3681 3662 3735 elc-

2081 3787 2387 3842 mentarios
2411 3793 2467 3839 et
2496 3783 2704 3853 primos
2744 3795 2910 3835 sonos
2967 3778 3296 3839 litterarum,
3339 3783 3398 3829 ut
3445 3773 3662 3827 doctior

2078 3881 2278 3942 factus,
2312 3875 2554 3933 divinam
2599 3875 2948 3943 aliquatenus
2997 3869 3264 3938 intelligas
3292 3865 3658 3933 Scripturam,

2081 3986 2264 4042 neque
2299 3969 2453 4025 oneri
2509 3966 2586 4020 sis
2630 3964 2852 4035 pietati;
2891 3977 3016 4017 cum
3047 3959 3262 4029 plebem
3299 3956 3366 4010 ad
3419 3970 3483 4011 ea
3534 3968 3662 4022 per-

2080 4065 2270 4127 ducas,
2303 4077 2425 4130 qure
2463 4057 2636 4128 magis
2659 4057 2855 4111 decent
2879 4062 3149 4117 mortuos,
3188 4050 3283 4120 qui
3317 4046 3462 4101 infra
3493 4059 3655 4114 quam

2079 4170 2175 4211 eos
2222 4154 2316 4224 qui
2375 4165 2538 4220 supra
2593 4159 2796 4202 terram
2850 4153 3162 4205 versantur,
3217 4137 3443 4193 adversa
3507 4133 3657 4188 enim

2079 4247 2324 4302 adversis
2350 4241 2596 4298 dividere
2627 4248 2681 4294 et
2716 4236 2993 4306 corrigere
3016 4235 3223 4304 justum
3254 4239 3358 4294 est,
3388 4225 3662 4299 quamob-

2079 4356 2195 4396 rem
2257 4338 2422 4394 etiam
2465 4331 2791 4391 Charmides
2851 4325 3221 4388 Larissensis,
3264 4337 3388 4377 cum
3440 4318 3660 4372 audiret

2080 4433 2372 4506 quemdam
2415 4436 2726 4484 narrantem
2781 4440 2840 4480 se
2882 4423 2936 4476 in
2993 4435 3134 4491 aqua
3185 4423 3452 4472 azstuante
3503 4412 3658 4465 vivas

2080 4502 2283 4581 vidisse
2339 4522 2628 4592 anguillas,
2681 4517 2789 4572 Has
2833 4516 3024 4586 igitur,
3086 4509 3289 4580 inquit,
3357 4506 3411 4560 in
3461 4502 3657 4574 frigida

2081 4633 2402 4688 coquemus.
2434 4613 2508 4669 Ut
2533 4612 2700 4684 igitur
2724 4617 2780 4664 et
2805 4610 2921 4678 ipse
2960 4607 3187 4676 ignarus
3221 4597 3472 4654 mansisti
3495 4595 3660 4666 quin-

2079 4709 2256 4765 decim
2290 4719 2464 4761 annos
2495 4713 2654 4758 natus
2687 4698 2978 4760 doctrinas,
3028 4697 3102 4751 ita
3144 4695 3265 4764 ejus
3303 4698 3520 4745 aetatem
3560 4701 3660 4739 an-

2079 4813 2276 4854 norum
2311 4795 2589 4865 sexaginta
2631 4803 2887 4859 egressus
2942 4796 2992 4842 te
3036 4785 3344 4840 studiosum
3393 4777 3658 4835 simulare

2078 4892 2221 4946 nolis
2253 4889 2440 4956 hodie,
2489 4884 2824 4955 simplicium
2862 4881 3074 4936 scilicet
3122 4887 3180 4932 et
3214 4875 3520 4944 primorum
3568 4885 3661 4923 so-

2077 4999 2275 5039 norum
2296 4981 2828 5046 elementorumque,
2865 4974 2984 5028 haec
3019 4979 3153 5026 sunt
3174 4967 3402 5023 omnino
3428 4961 3656 5018 nomina

2075 5087 2131 5132 et
2165 5075 2335 5130 verba
2373 5090 2387 5126 :
2429 5071 2670 5141 primum
2696 5067 2842 5122 enim
2884 5065 3078 5120 dicunt
3106 5062 3343 5118 solidum
3377 5054 3655 5128 quoddam

2075 5169 2495 5224 fundamentum
2543 5163 2728 5232 jacere
2776 5165 3058 5229 oportere,
3111 5154 3243 5224 quid
3307 5151 3381 5206 sit
3425 5161 3655 5212 nomen,

2073 5263 2206 5334 quid
2241 5258 2490 5323 verbum,
2522 5255 2743 5321 deinde,
2777 5251 2907 5324 quid
2931 5251 3004 5306 sit
3025 5246 3314 5303 aﬂirmatio
3342 5252 3399 5298 et
3428 5239 3658 5330 negatio

2073 5360 2130 5409 et
2161 5348 2434 5407 sententia
2483 5355 2540 5403 et
2583 5343 2888 5406 conclusio,
2917 5349 2973 5396 et
3022 5349 3369 5410 quaecunque
3428 5320 3502 5384 ei
3551 5328 3657 5382 hac

2074 5447 2359 5503 hominum
2395 5441 2783 5514 conjunctione
2829 5446 2886 5492 et
2925 5430 3325 5504 compositione
3369 5423 3660 5480 nominum

2071 5549 2128 5596 et
2182 5537 2478 5592 verborum
2529 5531 2859 5588 ellieiuntur.
2913 5527 3135 5585 Umbra:
3184 5522 3336 5578 enim
3387 5516 3660 5588 quodam-

2073 5632 2241 5686 modo
2276 5643 2462 5684 rerum
2491 5635 2620 5682 sunt
2651 5624 2772 5681 soni
2831 5621 3136 5678 secundum
3170 5624 3353 5671 motus
3406 5609 3659 5666 substra-

2074 5735 2258 5781 torum
2301 5720 2519 5776 formati
2543 5727 2598 5774 et
2619 5716 2780 5788 285
2809 5713 3126 5771 nominibus
3154 5718 3211 5765 et
3251 5708 3437 5762 verbis
3478 5701 3654 5768 misti,

2072 5833 2256 5882 neque
2303 5816 2450 5873 enim
2485 5815 2670 5880 gignet
2721 5811 2882 5869 rebus
2943 5809 3164 5864 nomina
3224 5802 3340 5859 ullo
3393 5799 3558 5856 modo
3581 5812 3656 5853 ne
