4034 6538
413 319 515 383 251

1593 326 1771 387 NICE
1783 326 2015 386 PHORI
2053 326 2283 387 GREGt
2303 327 2437 388 ἓΒΓΕ

2110 172 2137 193 ο

3623 316 3732 382 252

416 441 612 486 natura
665 432 912 503 quidem,
940 434 1055 510 sed
1105 451 1171 491 ex
1219 436 1607 492 convenientia
1657 446 1714 491 et
1760 453 1966 493 censen

2140 438 2371 503 νάματα,
2409 439 2497 489 ναὶ
2530 436 2637 505 μὴν
2668 434 2786 487 οὐδὲ
2819 433 3003 501 φύσις,
3043 429 3179 483 ἀλλὰ
3221 426 3381 481 κατὰ
3432 424 3719 491 συνθήκην

416 525 574 579 sione
598 523 887 580 hominum
925 529 1261 596 prudentum
1289 529 1552 583 oriuntur
1576 530 1744 584 rebus
1774 532 1998 584 nomina

419 628 510 669 res
543 616 907 685 signiﬁcantia
953 620 1259 675 secundum
1291 620 1617 692 Gregorium
1667 622 1998 694 Nyssenum.

492 786 585 841 Xl.
618 786 713 844 Est
745 791 892 844 enim
924 806 1064 861 opus
1091 808 1122 848 e
1150 793 1464 862 sapientum
1494 797 1588 865 qui
1620 797 1766 867 apud
1809 812 1911 851 nos
1946 809 2002 854 et

423 878 565 948 apud
592 891 851 937 externos
879 895 1008 937 sunt
1058 887 1539 943 consentientibus
1585 889 1639 943 in
1689 891 2002 946 litterarum

423 971 732 1028 subtilitate
759 975 925 1032 dictis
958 977 1053 1031 tibi
1091 978 1372 1034 inerudito
1416 980 1695 1037 adducere
1732 998 2006 1053 priepara-

425 1065 633 1118 tionem
661 1066 935 1134 ejusmodi
970 1069 1359 1134 institutionis,
1395 1082 1453 1125 ut
1480 1073 1584 1126 hoc
1631 1075 1793 1127 modo
1825 1077 2005 1144 possi-

429 1172 552 1210 mus
586 1160 806 1212 tandem
841 1160 1144 1229 aliquando
1178 1171 1403 1233 tangere
1441 1177 1684 1221 mentem
1724 1177 1871 1221 tuam
1908 1170 2006 1224 ob-

428 1257 607 1303 tusam
634 1260 691 1304 et
721 1251 1232 1310 iueruditissimam.
1267 1256 1482 1311 Murum
1514 1260 1659 1313 enim
1691 1261 2003 1330 dogmatum

426 1340 660 1395 Basilius
696 1341 927 1413 Magnus
982 1358 1105 1400 esse
1159 1347 1294 1402 dicit
1342 1358 1695 1405 externorum
1743 1353 2008 1409 doctrina:

426 1433 562 1493 vim.
596 1450 719 1503 qua:
744 1452 851 1490 non
884 1437 1029 1492 sinat
1063 1454 1127 1493 ca
1166 1454 1197 1495 a
1224 1442 1473 1510 quolibet
1498 1445 1757 1512 exagitari
1813 1455 1870 1500 et
1920 1448 2007 1500 di-

430 1523 560 1590 ripi,
597 1534 654 1579 et
683 1542 877 1581 rursus
900 1527 1329 1601 Chrysostomus
1356 1533 1599 1597 divinus,
1624 1533 1760 1589 Cum
1786 1536 2011 1607 (ιχ-(108-

433 1616 617 1677 matis,
656 1616 859 1687 inquit,
890 1629 1115 1689 κει-οἱοί
1148 1622 1365 1678 animus
1385 1627 1608 1693 spuriis,
1637 1637 1750 1682 tum
1780 1643 2011 1700 magnus

432 1704 740 1760 litterarum
777 1723 861 1763 cst
895 1726 1048 1771 usus,
1071 1729 1179 1767 non
1199 1715 1374 1768 solum
1408 1727 1600 1771 coiatra
1622 1719 2008 1775 infirmitatem

433 1793 818 1866 domesticam,
844 1803 939 1856 sed
971 1806 1134 1858 ctiam
1164 1814 1353 1860 contra
1388 1810 1656 1864 tumultus
1706 1819 1967 1868 externos
1998 1830 2017 1871 :

434 1893 490 1937 et
526 1902 719 1942 rursus
762 1889 1029 1949 Maximus
1077 1896 1319 1960 divinus.
1356 1898 1486 1955 Sine
1535 1901 1841 1957 litterarum
1874 1904 2017 1972 luce,

440 1977 767 2047 iuquit,non
801 1987 983 2041 oritur
1013 2003 1141 2044 vera
1172 1992 1438 2062 cognitio,
1460 2003 1514 2048 et
1545 1994 1666 2050 sine
1697 1997 2014 2067 cognitione

438 2086 549 2126 non
587 2078 844 2133 consistit
878 2078 1031 2136 ﬁdes.
1064 2082 1229 2138 Vides
1262 2086 1373 2153 jam
1414 2067 1869 2141 maledictionum
1902 2098 2023 2145 tua-

438 2177 558 2216 rum
585 2182 829 2232 rausam,
854 2174 1064 2239 amice;
1097 2176 1202 2229 alia
1240 2177 1390 2232 enim
1425 2187 1509 2232 est
1535 2179 1685 2235 nulla
1715 2197 1881 2251 quam
1907 2198 2024 2237 om-

438 2257 575 2311 nino
603 2259 915 2327 ignorantia
937 2265 1182 2333 illorum,
1207 2268 1332 2323 dico
1367 2271 1628 2325 nimirum
1659 2272 1905 2329 virorum
1929 2275 2023 2345 qui

439 2346 587 2415 apud
615 2361 875 2408 externos
900 2364 957 2410 et
987 2358 1132 2427 apud
1174 2374 1276 2413 nos
1328 2371 1461 2415 sunt
1500 2363 1815 2432 sapientum
1866 2374 1922 2420 et
1968 2366 2022 2420 in

441 2453 533 2492 res
584 2441 804 2497 divinas
858 2444 1263 2516 inquirentium
1319 2450 1653 2521 doctrinam,
1701 2470 1865 2525 quam
1898 2471 2023 2511 curn

441 2528 687 2600 ignores,
720 2550 869 2590 nunc
897 2538 1096 2594 saltem
1147 2541 1434 2599 edocearis
1482 2560 1709 2613 necesse
1762 2558 1850 2603 est
1878 2548 1967 2604 hic
1996 2565 2027 2604 a

443 2625 625 2682 nobis.

2110 529 2207 581 καὶ
2257 528 2580 597 συμφωνίαν
2624 526 2837 595 ἀνδρῶν
2877 524 3114 577 συνετῶν
3154 520 3560 587 ἐπιγίγνονται
3606 520 3720 579 τοῖς

2110 620 2441 695 πράγμασιν
2477 620 2534 672 αἱ
2576 618 2917 687 σημαντικαὶ
2956 617 3065 667 τῶν
3099 614 3469 683 πραγμάτων
3504 629 3720 682 προση-

2109 714 2291 779 γορίαι
2321 713 2463 762 κατὰ
2495 713 2586 761 τὶν
2612 709 2871 763 Νυσσαέα
2903 709 3227 776 Γρηγέριον.

2183 803 2246 875 [ί.
2274 803 2465 875 157υ.]
2493 803 2593 856 IA'.
2610 806 2701 855 Δεῖ
2718 804 2825 872 γὰρ
2846 802 2907 853 ἐκ
2930 820 2987 855 τε
3014 802 3124 854 τῶν
3146 798 3459 869 ἡμετέρων
3478 798 3580 853 καὶ
3604 798 3722 865 ἅμα

2111 894 2222 946 τῶν
2258 892 2495 962 θύραθεν
2528 894 2729 960 σοφῶν,
2766 894 3035 961 σύμφωνα
3064 891 3483 960 φθεγγομένων
3514 890 3575 941 ὲν
3602 891 3722 952 ταῖς

2111 983 2221 1034 τῶν
2242 982 2421 1049 λόγων
2438 984 2896 1049 ἐπιστημοειικαῖς
2919 980 3253 1050 ἀκριϐείαις,
3277 980 3363 1048 τῷ
3386 979 3608 1047 ἀμαθεῖ
3624 980 3724 1046 τὴν

2115 1076 2476 1147 προπαιδείαν
2520 1093 2603 1128 σοι
2638 1077 2734 1144 τῆς
2765 1073 3023 1143 τοιαύτης
3072 1072 3387 1143 προσάγειν
3446 1071 3722 1125 διδασκα-

2112 1166 2259 1235 λίας,
2291 1168 2366 1232 ὡς
2395 1169 2461 1221 ἂν
2493 1168 2637 1221 οὓτω
2671 1167 3033 1238 δυνηθείημεν
3064 1166 3161 1233 ὀψὲ
3200 1165 3346 1233 γοῦν
3380 1163 3724 1218 καθικέσθαι

2115 1264 2214 1331 τῆς
2241 1262 2453 1332 σαθρᾶς
2489 1264 2585 1315 καὶ
2631 1260 3023 1329 ἀμαθεστάτης
3062 1276 3159 1312 σου
3191 1257 3477 1320 διανοίας.
3528 1256 3727 1326 Τεῖχος

2115 1356 2227 1427 γὰρ
2258 1355 2286 1406 ὁ
2310 1356 2487 1425 μέγας
2514 1349 2656 1407 εἶναι
2689 1370 2824 1423 φησι
2854 1352 3138 1413 Βασίλειος
3180 1353 3297 1412 τοῖς
3341 1352 3596 1418 δόγμασι
3625 1349 3727 1417 τῆς

2116 1443 2229 1496 τῶν
2260 1442 2499 1514 θύραθεν
2542 1443 2861 1512 ἐπιστήμης
2903 1441 3002 1510 τὴν
3053 1441 3313 1510 δύναμιν,
3379 1440 3489 1492 οὐκ
3544 1439 3730 1491 ἐῶσαν

2118 1536 2259 1589 αὐτὰ
2291 1539 2405 1597 τοῖς
2442 1534 2793 1605 βουλομένοις
2831 1532 3172 1605 εὐάλωτάητε
3204 1531 3306 1585 καὶ
3336 1529 3731 1601 εὑδιάρπαστα

2122 1626 2399 1695 γίνεσθαι.
2434 1626 2542 1679 Καὶ
2574 1623 2736 1688 αὖθις
2779 1627 2806 1678 ὁ
2851 1624 2994 1687 θεῖος
3023 1622 3457 1693 Χρυσόπομος,
3494 1637 3514 1671 ι
3556 1619 3733 1673 ’Ὀταν

2125 1721 2262 1786 περὶ
2288 1719 2608 1790 Muta-cad,»
2639 1717 2800 1789 φησι,
2828 1737 2846 1770 ι
2867 1718 2997 1789 νοσῇ
3018 1717 3060 1787 ,ή
3084 1714 3233 1788 ψυχὴ
3250 1716 3334 1770 τὰ
3367 1714 3531 1781 νόθα,
3558 1712 3733 1782 πολλὴ

2054 1794 2093 1850 Β
2123 1811 2220 1865 τοῦ
2255 1811 2419 1879 λόγου
2448 1812 2686 1867 ἐνταῦθα
2706 1812 2740 1882 ή
2765 1810 3037 1882 meimei:
3061 1811 3203 1881 πρὸς
3223 1807 3330 1879 τὴν
3360 1807 3480 1860 τῶν
3511 1803 3734 1860 οἰκείων

2124 1901 2432 1971 ἀσφάλειαν
2466 1902 2657 1972 μόνον,
2693 1879 2833 1955 ἀλλὰ
2861 1901 2958 1955 καὶ
2971 1879 3122 1970 έπρδς
3155 1899 3286 1964 τοὺς
3324 1896 3541 1962 ἔξωθεν
3571 1896 3734 1949 πολέ-

2129 2011 2287 2065 μους.
2321 2013 2340 2047 ι
2376 1995 2488 2050 Καὶ
2523 1993 2683 2057 αὖθις
2714 1993 2919 2057 ὁηθεϊος
2946 1993 3227 2063 Μάξιμος,
3266 2010 3286 2043 ι
3328 1991 3476 2069 Λίχα
3502 1989 3733 2059 λογικῆς

2123 2088 2407 2158 δυνάμεως
2438 2087 2869 2158 ἑπιστημονικὴ,
2910 2107 2927 2138 ι
2965 2087 3120 2155 φησὶ,
3157 2104 3175 2136 ι
3200 2085 3421 2153 γνῶσις
3458 2084 3564 2137 οὐκ
3591 2083 3729 2139 ἐστι.

2126 2182 2222 2233 καὶ
2255 2180 2514 2249 γνώσεως
2565 2181 2737 2251 χωρὶς
2785 2179 2845 2233 οὐ
2889 2179 3213 2233 συνίσταται
3243 2179 3469 2240 πίστις.
3501 2197 3525 2235 ι
3567 2175 3732 2244 Ὁρᾷς

2126 2273 2190 2326 τὸ
2226 2272 2339 2341 τῶν
2399 2272 2509 2325 σῶν
2557 2272 2920 2342 βλασφημιῶν
2969 2271 3165 2335 αίτιον,
3205 2270 3504 2342 ἄνθρωπε.
3564 2269 3731 2322 Οὐδὲν

2129 2364 2240 2435 γὰρ
2268 2364 2459 2434 ἕτερον
2490 2365 2523 2435 ή
2564 2364 2785 2428 πάντως
2814 2366 2847 2430 ἡ
2877 2363 3086 2425 τούτων
3113 2363 3334 2430 ἄγνοια,
3363 2362 3517 2430 λέγω
3547 2362 3615 2431 δὴ
3633 2360 3731 2429 τὴν

2128 2455 2239 2509 τῶν
2267 2455 2507 2526 θύραθεν
2531 2457 2628 2511 καὶ
2657 2456 2765 2510 τῶν
2797 2457 3084 2527 ἡμετέρων
3107 2456 3225 2529 ἅμα
3255 2455 3451 2523 σοφῶν
3479 2455 3580 2508 καὶ
3612 2453 3729 2505 θεο-

2129 2546 2307 2616 λόγων
2370 2549 2580 2619 ἀνδρῶν
2622 2549 2971 2623 ἐπιστήμην,
3019 2549 3088 2619 ἢν
3136 2547 3455 2617 ἀγνοοῦντά
3505 2564 3570 2601 σε
3638 2545 3731 2599 νῦν

2132 2636 2266 2705 γοῦν
2299 2636 2617 2707 διδαχθῆναι
2653 2638 2833 2709 χρεὼν
2862 2635 3116 2691 ἐνταυθοῖ
3147 2636 3287 2705 παρ’
3318 2636 3521 2711 ἡμῶν.

517 2721 686 2793 286
712 2722 832 2778 ΧΠ.
861 2722 957 2780 llis
994 2725 1160 2781 dictis
1198 2726 1424 2798 quidam
1450 2744 1518 2785 ex
1549 2732 1641 2806 iis,
1681 2732 1776 2802 qui
1811 2733 1866 2787 in
1899 2747 2031 2788 con-

2205 2729 2310 2791 ΠΡ.
2345 2728 2566 2791 Τούτων
2598 2729 2644 2782 δ’
2674 2713 2825 2791 οὕτω
2838 2729 3152 2798 λεγομένων
3180 2728 3334 2793 τινὲς
3362 2726 3616 2798 ,τῶν.τῆς
3638 2742 3732 2795 γε·

442 2810 577 2866 cilio
631 2824 812 2883 erant,
867 2818 1188 2873 amicissimi
1241 2820 1478 2875 Palamce
1511 2816 1567 2875 οἱ
1621 2824 2032 2882 consentientes

2140 2821 2369 2893 ρουσίας
2384 2822 2620 2892 μάλιστα
2642 2821 2909 2892 φίλων,τῷ
2921 2819 3154 2892 Παλαμᾷ
3173 2821 3270 2885 καὶ
3294 2819 3580 2895 ὁμοδόξων
3597 2813 3729 2887 ὁμοῦ

432 2919 574 2959 cum
604 2920 674 2961 eo
699 2917 755 2963 et
779 2908 935 2975 socii,
969 2911 1321 2967 insusurrant
1364 2912 1417 2966 iu
1446 2928 1635 2968 aurem
1658 2913 1936 2986 Gregorae,
1962 2933 2032 2974 ne

2140 2916 2230 2970 καὶ
2260 2898 2681 2983 σμναγωνιστῶν
2712 2913 3141 2989 ,ὑπεψιθύρισαν
3169 2913 3315 2983 πρὸς
3359 2909 3459 2976 οὖς
3492 2911 3574 2980 τῷ
3593 2910 3733 2978 Γρη-

450 2998 709 3054 illuderet
738 3016 876 3059 neve
907 3003 1046 3059 adeo
1108 3004 1370 3060 irrideret
1430 3006 1757 3075 episc0pum
1819 3009 2034 3079 capillis

2140 3009 2276 3079 γορᾷ
2300 3008 2393 3078 μὴ
2418 2990 2714 3065 ⁴σιιὼσιττειν
2750 3007 2891 3085 ἷμηδ’
2925 3008 2984 3070 ἐς
3028 3004 3291 3059 τοσοῦτον
3338 3003 3730 3075 εἰρωνεύεσθαι

434 3090 900 3169 ‘canescentibns.
937 3096 1355 3167 Aliquantulum
1384 3098 1553 3170 igitur
1580 3098 1858 3170 Gregoras
1889 3100 2031 3166 desi-

2140 3104 2279 3175 πρδς
2298 3102 2482 3177 ᾇνδρα
2513 3104 2818 3177 ἐπίσκοπον
2846 3102 2940 3155 καὶ
2969 3100 3156 3154 πολιὸν
3192 3098 3297 3169 τήν
3346 3097 3541 3167 τρίχα.
3580 3094 3732 3150 Κατὶ

453 3198 592 3239 nens
618 3198 669 3240 et
707 3186 856 3241 dicto
896 3190 1129 3245 audiens
1161 3192 1468 3246 orationem
1506 3192 1691 3246 denuo
1765 3192 2031 3262 suscepit.

453 3276 594 3333 Sunt
614 3279 864 3348 quidem,
901 3281 1103 3351 inquit,
1134 3284 1338 3354 linguae
1366 3287 1700 3341 mutationes
1726 3288 1893 3349 animi
1918 3302 2039 3341 mu-

457 3373 729 3447 tationum
788 3375 985 3445 signa:
1022 3385 1078 3431 et
1133 3376 1333 3432 litterae
1394 3378 1763 3433 mutationum
1814 3380 2037 3451 linguae,

454 3476 581 3530 qua:
603 3463 826 3531 quidem
869 3480 995 3519 cum
1062 3481 1093 3520 a
1148 3472 1347 3521 natura
1409 3465 1486 3521 sit
1542 3448 2039 3539 inarticulata,ar-

459 3553 684 3609 ticulata
708 3565 796 3611 est
820 3559 1246 3628 compositione,
1276 3559 1487 3627 auxilio
1522 3564 1814 3616 nominum
1841 3572 1896 3616 et
1918 3577 2041 3617 vcr-

458 3646 656 3700 borum
682 3647 751 3702 ab
787 3649 1107 3706 hominibus
1142 3650 1382 3721 posteris
1427 3651 1806 3707 inventorum.
1857 3651 2040 3706 Prima

365 3738 375 3748 ’
458 3739 606 3794 enim
644 3740 909 3809 quoniam
942 3749 1139 3797 natura
1177 3742 1451 3812 simplicia
1487 3752 1637 3807 sunt,
1671 3744 1834 3798 etiam
1857 3743 2043 3814 priora

463 3830 715 3884 tractatis
747 3841 804 3887 et
832 3833 1162 3901 compositis
1192 3833 1447 3888 veritatis
1483 3834 1702 3891 censuit
1725 3849 1850 3890 esse
1880 3835 2040 3889 ratio.

459 3920 687 3978 Priores
742 3924 911 3994 igitur
971 3926 1169 3996 linguae
1217 3924 1664 3994 signiﬁcantibus
1723 3926 2046 4001 nominibus

460 4016 758 4088 verbisque
787 4027 918 4072 sunt
957 4017 1128 4071 animi
1152 4017 1491 4091 mutationes
1519 4018 1636 4073 sive
1658 4022 1930 4091 cogitata;
1962 4021 2047 4075 in-

466 4109 574 4163 sita
599 4110 745 4163 enim
780 4119 913 4165 sunt
938 4110 1181 4181 cogitata
1211 4124 1354 4166 etex
1381 4110 1574 4166 innato
1594 4110 1748 4166 l'onte
1780 4122 2044 4166 manant:

465 4201 557 4257 illa
587 4214 773 4257 autem
815 4211 1037 4272 postera
1072 4211 1128 4256 et
1158 4204 1330 4257 ascita
1356 4244 1372 4267 ,
1418 4204 1624 4275 quibus
1648 4219 1758 4258 non
1788 4218 1930 4275 Opus
1959 4220 2047 4279 es-

464 4304 551 4348 set
574 4295 917 4359 hominibus,
948 4295 993 4348 si
1019 4292 1262 4349 facultas
1284 4303 1610 4363 suppeteret
1630 4294 2048 4349 demonstrandi

465 4386 571 4439 sibi
609 4386 846 4441 invicem
879 4385 1050 4440 animi
1106 4385 1405 4440 motiones.
1459 4383 1698 4440 Necesse
1754 4395 1840 4441 est
1875 4386 2048 4450 enim,

2142 3196 2341 3266 μικρὸν
2379 3195 2473 3248 οὖν
2515 3195 2543 3246 ὁ
2574 3194 2865 3264 Γρηγορᾶς
2903 3191 3148 3262 ιπισχὼν
3175 3190 3273 3243 καὶ
3322 3189 3575 3251 ἀκούσας
3618 3187 3735 3238 ἀνε-

2140 3288 2425 3358 λάμϐανεν
2446 3281 2607 3350 αὖθις
2633 3289 2726 3341 τὸν
2755 3284 2937 3355 λύγον,
2985 3287 3083 3339 καὶ
3107 3283 3194 3350 δὴ,
3228 3282 3437 3337 ι’Έστι
3462 3281 3566 3350 μὲν
3587 3277 3727 3343 οὕτω

2141 3380 2300 3449 φησὶ,
2320 3418 2323 3425 ρ
2343 3396 2362 3430 ι
2398 3377 2468 3431 τὰ
2500 3381 2558 3431 ὲν
2585 3380 2651 3447 τῇ
2679 3380 2832 3448 φωνῇ
2857 3376 2970 3430 τῶν
2993 3376 3052 3430 ἂν
3082 3377 3148 3446 τῇ
3196 3374 3356 3445 ψυχῇ
3392 3370 3735 3443 παθημάτων

2143 3471 2419 3543 σύμϐολα,
2448 3473 2543 3524 καὶ
2572 3472 2641 3524 τὰ
2679 3469 3008 3542 γραφᾷμενα
3045 3467 3169 3522 τῶν·
3185 3469 3242 3523 ὲν
3271 3471 3346 3540 τῇ
3390 3468 3568 3539 φωνῇ,
3618 3463 3732 3535 ἥτις

2142 3566 2207 3636 δὴ
2225 3568 2371 3619 κατὰ
2387 3566 2551 3634 φύσιν
2575 3565 2850 3635 ἄναρθρος
2869 3561 3300 3631 οὓσοιὲναρθρος
3324 3560 3545 3629 γίνεται
3562 3556 3733 3615 θέσει,

2143 3652 2212 3705 δι’
2245 3651 2528 3722 ὀνομάτων
2560 3669 2622 3705 τε
2664 3650 2763 3704 καὶ
2796 3650 3068 3722 ῥημάτων
3112 3648 3400 3717 δψιγόνοις
3451 3658 3731 3717 παρευρη-

2147 3744 2327 3812 μένων
2353 3743 2689 3814 ἀνθρώποις.
2716 3743 2800 3815 ’1ἶὰ
2829 3743 2936 3812 γὰρ
2977 3740 3177 3811 πρῶτα
3225 3739 3375 3793 κατὰ
3416 3737 3605 3808 φύσιν,
3640 3734 3730 3789 ἅτε

2145 3835 2278 3891 ὄντα
2310 3836 2483 3901 ἁπλᾶ,
2532 3838 2630 3890 καὶ
2659 3835 2904 3908 πρότερα
2936 3834 3112 3905 δήπου
3141 3832 3253 3886 τῶν
3285 3830 3413 3887 κατ’
3453 3827 3735 3897 ἐπιτήδευ-

2148 3944 2235 3980 σιν
2273 3930 2369 3982 καὶ
2400 3926 2678 3983 συνθέτων
2706 3927 2736 3981 ὁ
2776 3925 2876 3996 τῆς
2902 3923 3166 3994 ἀληθείας
3186 3922 3569 3998 -δεδιιιαίωκεν
3599 3914 3734 3971 εἶναι

2147 4016 2329 4085 λόγος.
2360 4017 2612 4089 Πρότερα
2662 4016 2771 4088 ἄρα
2812 4000 2931 4071 ’τῶν
2972 4014 3033 4067 ὲν
3066 4016 3135 4084 τῇ
3184 4016 3341 4085 φωνῇ
3382 4004 3735 4084 σημαντικῶν

2149 4110 2434 4181 ὀνομάτων
2459 4109 2598 4178 ὁμοῦ
2638 4109 2737 4163 καὶ
2767 4107 3037 4179 ῥημάτων
3064 4106 3147 4175 ,τὰ
3178 4106 3238 4159 ὲν
3267 4109 3336 4176 τῇ
3354 4154 3359 4159 .
3379 4105 3530 4175 ψυχῇ
3558 4098 3736 4167 παθή-

2128 4220 2302 4272 ¹ματα
2330 4203 2511 4255 είτουν
2555 4203 2828 4270 νοήματα.
2863 4200 3127 4270 ῗΕμφυτα
3164 4197 3277 4269 γὰρ
3325 4199 3583 4272 νοήματα
3636 4188 3737 4254 κάξ

2142 4296 2481 4366 ιαύτοχθόνου
2520 4295 2713 4364 ,πηγῆς
2755 4293 3129 4365 ἀπορρέοντα,
3182 4292 3372 4345 ἐκεῖνα
3407 4289 3471 4344 ,δ’
3522 4289 3740 4355 ὑστερο-

2151 4391 2284 4460 γενῆ
2318 4392 2414 4444 καὶ
2443 4387 2740 4458 ἐπίκτητα.
2768 4380 2872 4440 Ὧν
2906 4386 3008 4439 οὐκ
3039 4385 3106 4438 ἂν
3141 4383 3465 4453 ἀνθρώποις
3497 4379 3736 4446 ἐδέησεν,

465 4477 546 4531 ait
579 4477 875 4550 Dionysius
903 4477 1153 4547 magnus,
1184 4476 1331 4531 scire
1359 4476 1667 4530 secundum
1704 4475 1757 4530 id
1782 4476 1928 4544 quod
1957 4493 2034 4530 ve

2154 4484 2198 4535 εἰ
2223 4480 2456 4549 δύναμις
2486 4477 2614 4547 ἐνῆν
2641 4477 2975 4548 προφαίνειν
2992 4472 3249 4543 ἀλλήλοις
3275 4473 3349 4527 τὰ
3378 4473 3483 4542 τῆς
3504 4468 3737 4525 διανοίας

467 4584 588 4624 rum
616 4579 723 4638 est.
758 4583 859 4625 nos
883 4568 1086 4623 litteris
1112 4576 1177 4635 et
1207 4567 1434 4639 syllabis
1490 4575 1547 4621 et
1578 4567 1761 4625 verbis
1812 4576 1869 4621 et
1913 4567 2052 4621 scri-

467 4663 753 4733 pturisuti
794 4670 1022 4731 propter
1043 4659 1581 4722 animadversiones,
1637 4673 1764 4713 cum
1812 4658 1901 4713 ubi
1935 4660 2055 4713 ani-

471 4766 596 4807 mus
628 4760 820 4807 noster
846 4749 1192 4822 intelligendi
1224 4748 1441 4805 viribus
1468 4749 1535 4805 ad
1562 4764 1625 4804 ea
1662 4765 1785 4819 quae
1823 4749 2053 4820 intelligi

468 4853 706 4916 possunt
740 4850 1014 4909 movetur,
1053 4858 1179 4898 cum
1213 4841 1620 4898 animadversis
1668 4843 2058 4913 relinquantur

471 4935 1004 4991 animadversiones.
1038 4932 1177 4989 Cum
1207 4935 1355 4989 enim
1383 4949 1553 4989 carne
1586 4935 1928 4990 circumdata
1962 4951 2054 4989 na-

475 5039 603 5083 tura
635 5038 824 5083 nostra
851 5026 1015 5099 287
1054 5027 1550 5097 circumcludatur,
1585 5028 1660 5083 ita
1700 5038 1760 5084 ut
1789 5045 1899 5083 non
1932 5044 2059 5098 pos-

475 5122 651 5177 simus
706 5138 809 5178 nos
854 5123 1172 5189 declarare,
1227 5125 1569 5201 necessario,
1626 5124 1703 5177 ait
1737 5121 2058 5193 Gregorius,

479 5226 738 5284 tanquam
769 5214 943 5285 signis
967 5217 1132 5273 rebus
1154 5216 1569 5286 qualescunque
1593 5215 1881 5275 nominum
1908 5232 2061 5271 com-

478 5310 782 5382 positiones
819 5311 1154 5382 imponimus
1183 5310 1383 5382 hisque
1425 5310 1594 5365 animi
1660 5309 1933 5385 motiones
1965 5324 2064 5369 uo-

479 5403 695 5459 biscum
727 5404 961 5461 invicem
995 5404 1496 5469 communicamus,
1549 5401 1911 5474 quamobrem
1969 5400 2062 5455 alii

481 5497 559 5552 rei
594 5514 798 5553 nomen
826 5500 1168 5570 imponimus
1189 5498 1336 5572 coeli,
1370 5496 1461 5550 alii
1486 5509 1696 5551 nomen
1723 5503 1904 5565 terrae,
1940 5493 2067 5546 aliis

481 5592 612 5658 alia,
649 5604 705 5648 et
743 5594 810 5648 ad
861 5593 1071 5664 aliquid
1121 5590 1319 5659 referri
1382 5588 1499 5643 sive
1561 5601 1725 5656 agerc
1761 5586 1879 5639 sive
1931 5583 2064 5654 pati,

479 5683 602 5738 bace
630 5684 816 5740 omnia
844 5685 1091 5756 propriis
1138 5682 1520 5754 signiﬁcamus
1572 5676 1827 5742 vocibus,
1884 5690 1952 5729 ne
1988 5675 2065 5729 in-

488 5778 797 5836 connnunis
828 5788 884 5835 et
910 5778 1258 5847 incomperta
1288 5772 1456 5829 animi
1490 5769 1661 5825 motio
1688 5768 1832 5823 inter
1852 5784 1951 5823 nos
1974 5768 2063 5823 sit.

2158 4570 2457 4636 κινήματα.
2498 4585 2517 4617 ι
2556 4566 2685 4618 Δέον
2713 4565 2843 4634 γὰρ,
2875 4583 2893 4615 ι
2941 4565 2968 4616 ὁ
3015 4562 3191 4633 μέγας
3221 4562 3393 4630 φησιν
3442 4556 3735 4616 Διονύσιος,

2164 4675 2182 4706 ι
2219 4655 2418 4707 εἰδέναι
2458 4653 2600 4706 κατὰ
2645 4652 2737 4706 τὸν
2784 4650 2946 4722 ὀρθὸν
2994 4649 3154 4716 λόγον
3204 4647 3287 4700 ὅτι
3323 4646 3619 4717 στοιχείοις
3649 4639 3738 4694 καὶ

2162 4750 2454 4829 συλλαϐαῖς
2483 4749 2579 4811 καὶ
2624 4748 2804 4811 λέξεσι
2849 4745 2947 4803 καὶ
2973 4746 3217 4814 γραφαῖς
3252 4744 3349 4796 καὶ
3383 4742 3563 4808 λόγοις
3598 4731 3739 4829 xput-

2165 4827 2304 4915 μεθα
2334 4845 2424 4896 διὰ
2463 4845 2560 4905 τας
2593 4839 2903 4911 αἰσθήσεις,
2935 4838 3021 4901 ὡς·
3045 4840 3174 4893 ὅταν
3206 4830 3604 4909 ςήμῶψὴλψυχὴ
3624 4827 3738 4886 ταῖς

2162 4940 2379 5007 νοεραῖς
2424 4936 2732 5007 ἐνεργείαις
2786 4934 2882 4987 ἐπὶ
2912 4934 2981 4987 τὰ
3015 4932 3186 5005 νοητὰ
3218 4930 3466 5003 κινῆται,
3493 4918 3739 4994 περιτταὶ

2165 5028 2230 5102 [ί.
2258 5032 2359 5085 158
2388 5028 2460 5100 r.]
2490 5029 2635 5100 μετὰ
2665 5026 2776 5080 τῶν
2815 5024 3097 5092 αἰσθητῶν
3141 5023 3199 5079 αἱ
3245 5020 3554 5099 αἰσθήσεις.
3583 5033 3601 5066 ι
3646 5007 3740 5063 Διὰ

2167 5124 2275 5193 γὰρ
2303 5121 2363 5174 τὸ
2398 5123 2463 5192 τῇ
2511 5119 2747 5191 σαρκίνῃ
2798 5117 3064 5187 περιϐολῇ
3111 5117 3210 5185 τὴν
3256 5115 3421 5179 φύσιν
3442 5106 3608 5179 ,ήμῶν
3641 5117 3739 5154 πε-

2167 5213 2543 5288 ριείργεσθαι,
2594 5209 2981 5282 φανερωθῆναι
3020 5208 3096 5278 μή
3122 5198 3470 5275 δυναμένων,
3495 5219 3513 5252 ι
3550 5199 3740 5288 ’ΔνςιΓ

2154 5286 2361 5374 αιιαίως,
2397 5325 2415 5358 ι
2453 5306 2557 5376 ἔφη
2610 5304 2937 5376 Γρηγόριος,
2980 5320 2999 5354 ι
3036 5301 3293 5368 καθάπερ
3338 5295 3588 5367 σημείοις
3631 5286 3738 5376 τοῖς

2169 5398 2462 5469 πράγμασι
2629 5374 2790 5456 ποιὰς
2831 5382 2941 5445 τῶν
2981 5391 3266 5460 ὀνομάτων
3296 5387 3477 5446 θέσεις
3520 5374 3737 5469 ἐπιβάλ-

2167 5490 2378 5554 λοντες,
2407 5488 2474 5540 δι’
2505 5472 2745 5541 ἐκείνων
2779 5487 2879 5548 τὰς
2923 5482 3019 5537 τοῦ
3069 5481 3161 5534 νοῦ
3204 5481 3453 5552 κινήσεις
3496 5468 3736 5536 ἀλλήλας

2168 5581 2595 5653 δημοσιεύομεν.
2631 5581 2744 5634 Καὶ
2772 5581 2966 5632 τούτου
3004 5576 3165 5647 χάριν
3206 5573 3285 5645 τῷ
3334 5572 3435 5644 μέν
3484 5582 3587 5623 τινι
3636 5569 3737 5653 των

2383 5647 2555 5743 ὄνομα
2613 5670 2845 5741 οὐρανὸν
2904 5667 3163 5738 ἐθέμεθα,
3207 5667 3381 5735 ἑτέρῳ
3425 5660 3482 5713 δὲ
3528 5654 3623 5723 γῆν
3649 5647 3735 5700 καὶ

2176 5764 2320 5835 ἄλλῳ
2361 5764 2489 5819 ἄλλο
2520 5783 2595 5818 τι.
2633 5764 2744 5818 Καὶ
2776 5764 2835 5815 τὸ
2868 5762 3003 5831 πρός
3034 5779 3087 5815 τι
3116 5760 3237 5822 πῶς
3267 5757 3414 5826 ἔχειν
3450 5750 3481 5822 ἦ
3514 5747 3567 5801 τὶ
3602 5748 3738 5825 ἐνερο
