4034 6466
341 328 448 393 253

1340 325 1786 387 BYZANTIN/E
1826 325 2214 390 Hl‘STORI/E
2256 332 2398 392 LIB.
2444 332 2630 394 XXX.

3529 330 3639 395 254

342 448 464 513 γεῐν
489 446 523 514 ἢ
550 443 609 498 τὸ
637 443 894 515 πάσχειν,
918 443 1096 498 ταῦτα
1128 442 1311 496 πάντα
1346 439 1686 508 ἰδιαζούσαις
1735 441 1940 511 ἐπιση-

2059 442 2185 499 Cum
2215 444 2366 500 enim
2400 458 2649 503 creatum
2690 446 2976 503 hominem
3007 447 3334 511 adduceret,
3366 446 3643 502 rationem

344 534 659 607 μαινόμεθα
687 538 811 595 ταῖς
857 537 1087 604 φωναῖς,
1128 534 1206 598 ὼς
1240 534 1308 589 ἂν
1351 533 1428 604 μὴ
1474 531 1850 603 άκοινὼνητός
1880 548 1941 585 τε

344 632 443 686 καὶ
473 632 753 698 ἄγνωστος
778 631 811 699 ή
838 628 935 682 τοῦ
961 628 1056 682 νοῦ
1093 626 1311 697 κίνησις
1346 629 1404 681 ἒν
1443 627 1575 697 ἡμῖν
1618 627 1795 696 μένοι.
1847 626 1944 690 Είς

345 726 456 795 γὰρ
490 726 707 792 γένεσιν
747 725 776 776 ὁ
825 722 956 786 Θεὸς
1007 722 1278 792 παράγων
1324 720 1417 774 τὸν
1463 719 1781 790 ἄνθρωπον,
1815 718 1944 774 νοῦν

350 817 599 886 παρέσχε
638 814 732 868 καὶ
751 813 1034 883 αἴσθησιν.
1092 807 1199 867 Ἦν
1253 815 1282 867 ὁ
1334 812 1434 882 μὲν
1470 812 1597 875 νοῦς
1628 811 1945 881 ταύτότητα

352 911 545 975 σώζων
567 908 705 979 πρὸς
723 909 791 961 τὰ
813 908 872 961 ἐν
897 907 1090 976 κόσμῳ
1110 905 1422 975 πράγματα
1446 904 1634 973 φωνῆς
1654 903 1715 957 οὐ
1741 901 1940 960 δεῖται,

348 1003 468 1055 ἀλλ’
495 1001 704 1071 άμεσον
729 1001 831 1069 τὴν
879 998 1089 1053 τούτων
1129 1000 1401 1065 κέκτηται
1432 997 1660 1064 γνῶσιν.
1703 996 1796 1071 Ὡς
1834 994 1946 1065 γάρ

351 1069 785 1165 ἔχουσι’φύσεως
818 1092 1016 1157 ταῦτα,
1064 1095 1180 1145 νοεῖ
1210 1092 1304 1145 τὸν
1356 1089 1583 1158 ἐφικτόν
1630 1069 1946 1158 γειτρόπον

356 1185 607 1240 αὐτόθενο
639 1186 674 1255 ή
696 1184 764 1238 δὲ
810 1184 971 1256 χρεία
1012 1186 1296 1238 κοινωνεῖν
1327 1183 1437 1237 τῶν
1463 1182 1815 1253 πραγμάτων
1845 1181 1945 1234 ἀλ-

353 1274 541 1344 λήλοις
568 1272 698 1335 τοὺς
728 1274 1056 1343 ἀνθρώπους
1088 1272 1416 1344 βιαζομένῃ,
1448 1274 1546 1326 καὶ
1569 1272 1641 1326 τὰ
1685 1270 1786 1341 τῆς
1823 1273 1948 1341 ὀρεο

354 1365 552 1437 σιτικῆς
565 1365 745 1437 ψυχῆς
767 1365 1126 1435 ἐξαγγέλλειν
1149 1365 1463 1437 ἀπόρρητα,
1486 1366 1682 1436 μεσίτῃ
1708 1365 1949 1433 νοήσεως

356 1463 453 1513 καὶ
490 1459 841 1529 πραγμάτων
887 1460 1152 1526 διέγνωκε
1200 1458 1517 1529 χρήσασθαι
1546 1459 1613 1528 τῇ
1662 1455 1945 1526 αἰσθήσει·

356 1545 499 1617 αὕτη
523 1547 630 1617 γὰρ
656 1549 770 1610 τοῖς
800 1547 1027 1611 οἰκείοις
1054 1547 1311 1618 ὀργάνοις
1338 1549 1467 1612 τοὺς
1488 1547 1600 1600 τῶν
1630 1546 1737 1611 ἔξω
1766 1563 1947 1616 πραγο

361 1639 550 1707 μάτων
587 1641 789 1702 τύπους
827 1640 1296 1712 ἀναλαμωινουσα
1347 1640 1447 1694 καὶ
1481 1636 1599 1695 οἷον
1647 1638 1840 1710 βιϐλίῳ
1871 1638 1950 1708 τῷ

360 1732 717 1803 φανταστικῷ
752 1734 851 1803 τῆς
888 1733 1072 1802 ψυχῆς
1104 1733 1566 1805 καταγράφονσα,
1591 1733 1812 1796 είκόνας
1844 1749 1949 1803 φη-

363 1827 449 1876 σὶν
481 1826 602 1878 ἀντὶ
641 1825 1042 1897 πρωτοτύπων,
1080 1826 1272 1882 αὐτόθι
1299 1826 1510 1891 ταύτας
1563 1826 1946 1898 ἐγκαθιδρύει,

364 1914 632 1984 σύμφωνα
683 1918 799 1978 τοῖς
851 1915 1090 1986 νοήμασι
1140 1916 1212 1970 τά
1261 1916 1576 1988 πράγματα
1632 1915 1949 1970 σπεύδουσα

360 2005 515 2075 δρᾷν.
545 2004 638 2059 Διὺ
666 2005 764 2059 καὶ
785 2005 971 2076 φωνῆς
1000 2005 1203 2076 ἐδεήθη
1225 2006 1539 2077 δυναμένης
1559 1996 1950 2077 ἐξομοιοῦσθαι

358 2099 468 2167 ,μὲν
493 2100 606 2158 τοῖς
633 2099 928 2169 νοήμασιν⁹
960 2097 1379 2170 ὲφαρμόξεσθαι
1408 2099 1467 2154 δὲ
1487 2101 1604 2163 τοῖς
1629 2099 1949 2170 πράγμασι.

365 2189 543 2243 Τοῦτο
581 2190 629 2244 δ’
667 2191 771 2245 οὐκ
821 2190 1000 2257 άλλως
1046 2192 1236 2263 ῥᾴδιον
1274 2192 1404 2264 ζώω
1448 2192 1662 2262 γίνεται
1719 2193 1950 2262 λογικῷ,

368 2282 511 2350 πλὴν
557 2282 624 2335 δι’
668 2282 939 2354 ἐνάρθρου
987 2284 1197 2354 φωνῆς.
1244 2284 1354 2338 ὐπὸ
1412 2284 1695 2354 συνθήκης
1740 2284 1953 2354 ἀνδρῶν

362 2374 585 2443 εὐφυῶν
613 2375 1057 2449 είδοποιηθείσης
1103 2376 1243 2448 πρὸς
1281 2375 1453 2448 ἄλλην
1478 2379 1577 2431 καὶ
1617 2377 1792 2444 ἄλλην
1819 2378 1956 2449 θρη-

371 2466 563 2520 σκείαν
598 2482 662 2521 τε
704 2469 798 2520 καὶ
833 2468 1143 2535 διάλεκτον,
1194 2470 1272 2533 ὡς
1328 2470 1658 2542 συμϐαίνειν
1699 2469 1957 2524 ἐντεῦθεν

361 2558 451 2625 μὴ
483 2559 634 2628 παρὰ
665 2561 834 2613 πᾶσιν
877 2559 1145 2626 ὡσαύτως
1198 2562 1349 2633 ἔχειν
1402 2563 1602 2633 αὐτὴν,
1637 2561 1758 2617 ἀλλ’
1785 2560 1957 2631 ἄλλην

374 2640 516 2700 εἶναι
552 2648 686 2718 παρ’
719 2647 906 2712 ἄλλοις
939 2650 1053 2714 ἀεὶ,
1084 2651 1182 2705 καὶ
1219 2650 1367 2706 οὕτω
1407 2654 1647 2721 μεσϊτιν,
1690 2651 1956 2721 ὼςὲφην,

369 2738 581 2809 ἀμφοῖν
606 2738 907 2809 γινομένην
935 2741 1037 2811 τήν
1071 2741 1172 2809 τῆς
1203 2741 1474 2812 ἐνάρθρου
1518 2743 1715 2814 χρείαν
1749 2744 1956 2813 φωνῆς,

372 2831 476 2899 τὴν
500 2828 599 2883 τοῦ
619 2830 911 2896 ἀκούοντος
940 2833 1009 2904 τῇ
1031 2836 1129 2887 τοῦ
1153 2833 1411 2903 λέγοντος
1446 2836 1743 2891 συνάπτειν
1762 2835 1960 2889 εὐστό-

373 2940 487 2991 κως
538 2924 749 2994 διανοίᾳ.
787 2926 930 2980 κατὰ
988 2926 1051 2979 τὸ
1102 2926 1373 2995 ἀνάλογον
1433 2929 1676 3000 ἑκάστην
1705 2928 1958 2999 ﬁxam-9-

380 3015 736 3087 μορφουμένη
767 3016 878 3086 γὰρ
926 3014 1066 3086 αὕτη
1119 3018 1215 3072 καὶ
1260 3017 1705 3089 διαπλαττομένη
1748 3018 1962 3090 ῥήμασί

372 3125 441 3162 τε
473 3109 568 3162 καὶ
597 3108 829 3178 ὀνόμασι
849 3107 1008 3178 λόγος
1039 3108 1254 3178 γίνεται
1287 3110 1537 3180 σχήμασι
1569 3108 1842 3172 ποικίλοις
1864 3111 1958 3164 καὶ

378 3204 574 3273 ἀρχαῖς
600 3203 696 3257 καὶ
723 3202 962 3273 πέρασιν
990 3203 1196 3275 ὁρίζων
1224 3203 1288 3257 τὸ
1309 3204 1409 3273 τῆς
1443 3201 1577 3274 ὕλης
1608 3203 1866 3274 ἀόριστόν
1896 3219 1960 3256 τε

380 3296 479 3348 καὶ
512 3295 732 3364 ἄφετον,
763 3297 859 3350 καὶ
889 3294 1039 3350 οὕτω
1084 3298 1202 3360 τοῖς
1241 3295 1348 3363 ἔξω
1382 3296 1484 3368 τὴν
1522 3295 1676 3350 ἔνδον
1721 3296 1959 3350 ἑκάστου

381 3386 643 3456 βούλησιν
668 3387 944 3455 ἀπαγγέλ)
956 3404 1054 3440 ων.
1088 3387 1235 3457 Πλὴν
1260 3387 1360 3457 οὐχ
1383 3387 1460 3449 ὡς
1493 3387 1684 3458 ἔτυχεν
1710 3387 1962 3450 ἀτάκτως

380 3482 647 3550 φέρεσθαι
686 3484 781 3535 καὶ
827 3482 975 3535 κατὰ
1024 3480 1126 3551 τήν
1165 3481 1420 3535 ἑκάστων
1454 3480 1715 3551 διάφορον
1741 3479 1964 3549 θέλησιν

380 3577 414 3643 ἡ
458 3576 621 3643 σοφία
648 3575 881 3630 κατόπιν
909 3574 974 3648 [ι.
1003 3573 1107 3629 158
1150 3571 1228 3645 υ.]
1290 3573 1589 3644 ὲληλυθυία
1620 3573 1778 3643 παρὰ
1825 3573 1965 3627 Θεοῦ

380 3668 493 3728 τοῖς
528 3665 838 3736 ἀνθρώποις
889 3667 1123 3735 ἀφῆκεν,
1176 3665 1316 3720 ἀλλὰ
1367 3665 1559 3737 νόμοις
1595 3666 1690 3719 καὶ
1741 3666 1968 3719 κανόσιν

384 3755 651 3821 ὑπέζευξε
675 3756 883 3825 ταύτην
918 3758 1061 3811 κατὰ
1089 3756 1343 3827 τάςπαρ⁹
1374 3756 1630 3820 ἑκάστοις
1655 3756 1963 3824 συνθήκας,

382 3843 459 3904 ὧν
517 3851 689 3915 ἐνίαις
729 3852 902 3905 ἐνίοτε
936 3853 1030 3905 καὶ
1071 3851 1291 3921 ἐνιαχοῦ
1337 3850 1413 3920 μὴ
1453 3852 1619 3921 μόνον
1647 3851 1799 3905 κατᾶ
1830 3851 1969 3920 θρη-

385 3943 577 3999 σκείαν
603 3944 705 4009 τὰς
725 3944 1226 4015 σημασίαςέπεται
1255 3945 1514 4013 διαιρεῖν,
1544 3944 1684 3996 ἀλλὰ
1716 3942 1815 3997 καὶ
1844 3940 1973 3996 καθ’

383 4036 706 4109 ὁμωνυμίας
739 4037 1266 4108 καὶηπολυωνυμίας.
1288 4038 1474 4091 ,Δυοϊν
1507 4038 1620 4107 γὰρ
1649 4037 1903 4107 θάτερον,
1934 4036 1970 4107 ἢ

382 4130 671 4200 διαφόροις
699 4128 931 4201 ὀνόμασι
976 4132 1045 4186 τὰ
1088 4131 1232 4185 αὐτὰ
1268 4133 1383 4194 τοῖς
1423 4131 1668 4200 τῇνπαύτῇ
1703 4130 1973 4201 διαλέκτῳ

384 4221 694 4292 ,χρωμένοις
726 4222 1088 4291 γνωρίζονται
1120 4222 1453 4293 πράγματα,
1487 4221 1522 4293 ἢ
1561 4222 1661 4291 μιᾷ
1686 4236 1975 4291 rupes-nyc-

391 4314 485 4386 ρίᾳ
511 4314 580 4368 τά
611 4313 848 4384 διάφορα
873 4315 988 4369 τῶν
1013 4316 1386 4385 πραγμάτων,
1408 4315 1449 4385 ἡ
1485 4315 1696 4369 τούτων
1741 4315 1843 4383 μὲν
1875 4314 1973 4368 οὐ·-

387 4401 649 4470 δετέροις,
683 4402 850 4473 ἕτερά
896 4418 961 4471 γε
1001 4403 1110 4473 μὴν
1149 4403 1387 4474 ἑτέροις.
1446 4403 1672 4457 Τούτων
1711 4403 1756 4457 δ’
1797 4400 1975 4465 οὕτως

2044 538 2097 593 ei
2133 538 2327 594 tribuit
2363 551 2420 595 et
2444 541 3006 605 animadversionem,
3047 556 3285 611 quarum
3318 539 3460 594 ratio
3480 552 3642 594 eam-

2047 630 2176 685 dem
2229 632 2608 689 conditionem
2663 627 2912 689 retinens
2964 649 3091 688 cum
3130 633 3323 696 rebus,
3388 645 3514 700 quae
3575 629 3634 684 in

2048 721 2261 777 mundo
2295 734 2447 788 sunt,
2481 724 2672 795 lingua
2701 740 2811 781 non
2863 734 3010 797 eget,
3063 725 3160 779 sed
3213 724 3387 795 ipsam
3434 722 3633 776 harum

2048 815 2420 884 cognitionem
2465 818 2573 873 sibi
2628 818 3043 888 comparat.-Ut
3077 817 3227 874 enim
3282 830 3519 886 qumque
3555 823 3647 869 est

2049 907 2245 962 harum
2282 918 2499 974 natura,
2531 912 2819 981 cognoscit
2846 910 2993 982 quod
3030 910 3265 981 intelligi
3308 916 3495 978 potest
3526 921 3634 961 na-

2051 1008 2175 1053 tura
2202 1014 2299 1054 sua
2333 1016 2400 1054 ex
2432 1016 2492 1055 re
2525 1000 2666 1070 ipsa,
2698 1016 2830 1057 usus
2863 1010 3073 1066 autem,
3106 1001 3202 1070 qui
3251 999 3505 1053 homines
3544 1012 3643 1054 ce-

2048 1092 2213 1163 gebat
2237 1102 2300 1147 ut
2331 1108 2418 1148 res
2456 1107 2646 1148 secum
2673 1093 2909 1149 invicem
2943 1091 3422 1149 communicarent
3442 1097 3500 1145 et
3522 1089 3646 1143 ani.-

2051 1184 2126 1238 mi
2189 1184 2465 1254 cupientis
2497 1199 2698 1240 arcana
2727 1186 3094 1242 enuntiarent
3151 1186 3232 1240 uti
3283 1183 3481 1239 statuit
3515 1181 3641 1236 ani-

2051 1276 2462 1340 madversione,
2498 1292 2620 1346 qua:
2644 1279 3019 1348 cognitionem
3055 1279 3225 1333 rebus
3259 1282 3651 1346 componeret.

2051 1369 2181 1428 Haec
2212 1373 2359 1428 enim
2410 1375 2557 1445 aptis
2605 1374 2994 1430 instrumentis
3030 1388 3222 1427 rerum
3281 1382 3643 1426 externarum

2052 1463 2261 1521 formas
2288 1467 2564 1538 recipiens
2611 1478 2670 1524 et
2720 1477 2983 1537 tanquam
3034 1465 3090 1521 in
3139 1464 3286 1519 libro
3320 1462 3448 1516 ﬁcto
3474 1460 3645 1515 animi

2052 1558 2368 1614 inscribens
2416 1548 2739 1625 simulacra,
2795 1559 2897 1626 ait,
2930 1573 3034 1628 pro
3102 1553 3516 1623 exemplaribus
3567 1551 3648 1606 ibi

2053 1650 2170 1708 haec
2193 1652 2456 1722 deponit,
2493 1668 2718 1723 operam
2746 1651 2908 1716 dans,
2936 1658 3000 1706 ut
3025 1662 3303 1719 congruas
3337 1661 3463 1701 cum
3494 1643 3647 1713 cogi-

2055 1746 2181 1801 tatis
2216 1761 2305 1802 res
2337 1745 2555 1809 reddat,
2580 1747 2942 1817 quamobrem
2973 1744 3146 1798 etiam
3176 1744 3314 1797 voce
3371 1737 3636 1808 indiguit,

2051 1856 2176 1912 qua:
2194 1839 2419 1896 formari
2457 1847 2648 1910 posset
2687 1837 2857 1908 288
2884 1834 2954 1890 ad
3011 1830 3443 1890 similitudinem
3498 1829 3650 1896 cogi-

2038 1928 2737 1994 'tatorum,accommodari
2770 1937 2955 1982 autem
2979 1921 3330 1994 rebus,quod
3361 1920 3471 1975 alio
3495 1918 3652 1973 nullo

2040 2019 2217 2077 modo
2272 2018 2494 2075 facilius
2528 2026 2616 2074 est
2660 2015 2886 2073 animali
2934 2015 3152 2071 ratione
3200 2011 3434 2083 praedito
3479 2024 3647 2079 quam

2053 2128 2189 2175 voce
2222 2111 2534 2176 articulate,
2561 2125 2685 2181 qua:
2729 2108 2966 2166 formata
3009 2115 3097 2164 est
3146 2103 3516 2162 consensione
3549 2101 3651 2155 ho-

2043 2202 2268 2256 minum
2300 2200 2718 2271 ingeniosorum
2747 2198 2816 2253 ad
2841 2197 3007 2252 aliam
3059 2195 3340 2265 aliamque
3371 2190 3650 2262 supersti-

2057 2293 2263 2349 tionem
2295 2301 2347 2347 et
2380 2292 2703 2358 dialectum,
2725 2297 2788 2346 ut
2811 2288 2945 2347 inde
2973 2287 3341 2358 intelligatur,
3372 2298 3486 2339 non
3505 2281 3651 2352 apud

2055 2402 2250 2444 omnes
2281 2385 2538 2442 eamdem
2601 2399 2727 2441 esse
2774 2381 3040 2446 eam,sed
3090 2381 3255 2436 aliam
3311 2377 3459 2449 apud
3515 2375 3656 2430 alios

2046 2493 2301 2550 semper,
2329 2478 2515 2547 itaque
2541 2491 2675 2532 cum
2700 2482 3029 2546 componat,
3053 2481 3116 2528 ut
3146 2473 3246 2538 ait,
3278 2471 3467 2533 ambo,
3490 2480 3652 2523 usum

2057 2570 2363 2627 articulatm
2386 2569 2543 2624 vocis
2573 2567 2858 2624 notionem
2883 2563 3162 2622 audientis
3184 2569 3444 2620 accurate
3462 2566 3655 2628 aptare

2058 2659 2367 2717 secundum
2397 2657 2822 2715 similitudinem
2873 2655 3092 2712 notioni
3116 2652 3398 2725 loquentis
3429 2661 3652 2707 omnem

2060 2754 2235 2818 omni,
2254 2749 2792 2820 hascenimjformata
2813 2757 3149 2819 etexpressa
3181 2746 3366 2801 verbis
3392 2753 3453 2798 et
3476 2739 3655 2797 nomi-

2059 2845 2243 2913 nibus,
2272 2844 2455 2899 oratio
2481 2843 2563 2909 (it,
2591 2857 2717 2913 quae
2743 2840 2936 2898 formis
2963 2840 3131 2894 variis
3153 2847 3212 2893 ct
3240 2836 3412 2892 initiis
3436 2843 3495 2890 et
3523 2831 3653 2887 lini-

2063 2937 2169 2994 bus
2198 2935 2430 2992 deﬁniat
2458 2933 2746 2990 materiam
2779 2931 3129 2987 indeﬁnitum
3160 2939 3213 2984 et
3250 2928 3578 2983 dissolutam
3597 2933 3656 2982 et

2064 3033 2140 3089 ita
2168 3031 2414 3087 externis
2436 3030 2715 3085 internam
2768 3027 3040 3098 cujusque
3095 3025 3443 3079 voluntatem
3477 3036 3659 3077 enun-

1985 3140 2030 3202 ρ
2066 3124 2187 3190 tiet,
2227 3131 2408 3179 tamen
2444 3136 2566 3176 eam
2603 3135 2736 3176 casu
2767 3126 2827 3174 et
2875 3119 2994 3175 sine
3030 3118 3226 3172 ordine
3288 3115 3422 3170 ferri
3455 3123 3515 3169 et
3568 3129 3657 3168 se-

2061 3214 2308 3273 cundum
2367 3214 2639 3285 cujusque
2669 3210 2951 3266 diversam
2982 3209 3325 3263 voluntatem
3387 3204 3657 3275 sapientia

2048 3317 2256 3379 postea
2282 3321 2315 3361 a
2349 3305 2463 3361 Deo
2507 3318 2767 3376 aggressa
2798 3301 3128 3357 hominibus
3176 3314 3289 3354 non
3354 3297 3656 3360 concessit,

2049 3401 2161 3457 sed
2191 3401 2409 3472 legibus
2430 3408 2488 3455 et
2520 3398 2727 3468 regulis
2757 3396 3044 3468 subjunxit
3079 3409 3202 3450 eam
3234 3393 3542 3449 secundum
3565 3406 3660 3447 eas

2048 3506 2192 3562 quae
2224 3490 2369 3561 apud
2408 3503 2686 3559 .quosque
2743 3494 2907 3543 erant
2959 3486 3384 3545 consensiones,
3421 3497 3658 3554 quarum

2066 3579 2352 3636 nonnullis
2377 3576 2663 3635 interdum
2697 3590 2809 3631 non
2836 3574 3016 3630 solum
3050 3572 3364 3630 secundum
3391 3570 3665 3641 supersti-

2068 3672 2279 3728 tionem
2308 3670 2747 3742 signiticationes
2783 3669 3041 3738 sequitur
3087 3675 3148 3721 ut
3181 3664 3514 3729 tribuamus,
3565 3662 3663 3718 scd

2058 3764 2237 3820 .etiam
2278 3763 2585 3819 secundum
2623 3762 2849 3817 nomina
2881 3762 3078 3819 eadem
3114 3769 3172 3815 et
3216 3761 3412 3814 multa.
3476 3760 3663 3812 Alter—

2070 3865 2258 3911 utrum
2292 3855 2463 3919 en'im,
2499 3863 2597 3909 aut
2648 3854 2888 3910 diversis
2938 3852 3259 3908 nominibus
3313 3851 3519 3906 eredem
3550 3864 3666 3904 res

2070 3950 2141 4005 ab
2179 3950 2249 4004 iis
2272 3948 2366 4017 qui
2388 3949 2584 4004 eadem
2623 3948 2863 4003 dialecto
2892 3956 3137 4007 utuntur
3162 3946 3541 4004 declarantur,
3565 3952 3665 3997 aut

2075 4056 2185 4098 una
2216 4039 2628 4110 signiﬁcatione
2659 4040 2897 4095 diversae
2930 4054 3018 4094 res
3068 4048 3172 4094 aut
3221 4040 3418 4093 horum
3448 4034 3665 4093 neutris

2062 4134 2490 4209 .(alianimirum
2512 4134 2684 4204 aliis).
2715 4133 3050 4203 0013.289
3076 4147 3200 4187 cum
3235 4130 3308 4184 ita
3342 4128 3455 4184 sint
3477 4127 3673 4196 itaque

2064 4228 2454 4300 praeiudicata,
2487 4225 2787 4297 repetenda
2823 4224 3062 4280 fortasse
3113 4233 3199 4278 est
3256 4221 3447 4293 lingua
3501 4220 3667 4275 nobis

2058 4321 2151 4376 ab
2179 4320 2300 4391 ipso
2356 4319 2589 4375 exordio
2641 4317 2931 4382 orationis,
2956 4317 3063 4373 hoc
3098 4325 3207 4381 est,
3239 4312 3678 4370 demonstranda.

2077 4421 2163 4468 est
2192 4412 2494 4466 multorum
2538 4410 2762 4464 illorum
2790 4408 3080 4464 nominum
3113 4405 3409 4462 concordia
3439 4414 3497 4458 et
3531 4417 3670 4457 con-

390 4496 624 4563 ὲγόντων
651 4497 748 4548 καὶ
782 4498 988 4551 οὑτωσὶ
1025 4497 1552 4568 προδιαληφθέντων
1588 4497 1857 4551 άνακτέον
1904 4500 1961 4550 ἂν

2074 4504 2275 4557 centus
2298 4512 2363 4557 et
2391 4515 2515 4570 qua
2535 4500 2608 4555 sit
2634 4514 2832 4556 eorum
2861 4500 2929 4555 ad
2960 4513 3129 4554 unum
3161 4496 3310 4568 quod
3344 4495 3567 4568 proprie
3588 4496 3680 4549 sic‘

390 4587 479 4658 εἴη
516 4587 615 4659 τὴν
652 4588 902 4656 γλῶτταν
954 4588 1089 4661 ἡμῖν
1132 4591 1215 4652 εἰς
1258 4590 1322 4641 τὸ
1359 4578 1826 4660 πρότὲρονίχνος
1876 4589 1973 4642 τοῦ

391 4679 572 4749 λόγου.
617 4680 693 4734 Τὸ
741 4681 799 4735 δέ
840 4682 961 4737 ἔστι
994 4681 1169 4744 δείξαι
1199 4683 1300 4752 τὴν
1343 4681 1455 4735 τῶν
1498 4682 1715 4737 πολλῶν
1745 4683 1977 4737 ἐκείνων

389 4771 675 4843 ὀνομάτων
708 4772 968 4843 ὁμόνοιάν
1012 4789 1076 4826 τε
1114 4774 1211 4829 καὶ
1247 4775 1576 4844 συμφωνίαν
1620 4774 1719 4828 καὶ
1749 4774 1886 4844 πρὸς
1915 4773 1978 4827 τὸ

390 4868 597 4939 κυρίως
625 4865 687 4919 ἓν
708 4868 1017 4937 ἀναφοράν,
1051 4867 1260 4939 δηλαδὴ
1306 4866 1591 4936 τὴνλθείαν
1630 4868 1853 4936 ἐκείνην
1878 4854 1979 4920 καῖ

392 4960 679 5030 μακαρίαν
707 4960 926 5024 οὐσίαν,
958 4961 1055 5014 καὶ
1087 4961 1167 5032 μὴ
1195 4963 1320 5017 κατ’
1350 4962 1618 5031 Εὐνόμιον
1642 4963 1853 5015 ἐκεῖνον
1883 4960 1977 5014 τὸν

389 5052 652 5123 δυσσεϐῆ,
682 5053 745 5106 τὸ
771 5055 873 5119 τῆς
889 5054 1227 5124 άγεννησίας
1248 5054 1425 5122 ὄνομα
1452 5054 1713 5127 θεότητος
1739 5053 1978 5122 ὕπαρξιν

392 5140 643 5208 λέγοντα,
678 5141 775 5195 καὶ
801 5141 884 5209 σὲ,
920 5142 1188 5211 θεότητας
1211 5141 1370 5197 ταῦθ’
1388 5143 1692 5214 ὐφειμένας
1723 5144 1978 5213 ἡγεῖσθαι

393 5236 592 5300 πάντα,
621 5235 918 5307 διαφόρους
955 5237 1058 5309 τῆς
1085 5237 1280 5302 οὐσίας
1305 5236 1403 5291 καὶ
1421 5237 1739 5302 ἅκτίστους,
1765 5235 1980 5307 ἀνθρώ-

391 5342 514 5382 πων
539 5329 671 5383 δντα
700 5330 997 5400 εὑρήματα
1018 5331 1111 5385 καὶ
1139 5332 1268 5403 ποιή
1279 5332 1676 5402 ματα.οΑὐτίκα
1705 5330 1819 5400 γάρ
1838 5329 1978 5403 πρὸς

393 5422 603 5475 ἱκεῐνον
629 5423 661 5477 ὁ
689 5424 864 5493 μέγας
898 5425 1100 5492 φάσκει
1148 5425 1431 5490 Βαοίλειος
1453 5467 1469 5492 ,
1519 5443 1541 5478 ι
1577 5426 1651 5479 Τὸ
1678 5425 1978 5496 άγέννητος

393 5514 444 5567 εἰ
477 5514 676 5585 δνομα,
702 5517 804 5569 οὐκ
827 5517 1011 5572 οὐσίαο
1037 5519 1150 5571 τῶν
1180 5519 1292 5589 γὰρ
1312 5517 1514 5572 οὐσιῶν
1555 5516 1878 5587 σημαντικὰ
1909 5517 1979 5570 τὰ

393 5606 659 5677 ὀνόματα,
692 5610 793 5664 οὐκ
818 5611 960 5664 αὐτὰ
988 5609 1195 5667 οὐσίαι.
1223 5612 1287 5665 Εἰ
1308 5612 1352 5664 δ’
1384 5611 1517 5664 αὐτὸ
1537 5610 1697 5664 οὐσία
1731 5610 1792 5662 τὸ
1813 5610 1976 5678 ἀγέν-

394 5716 578 5770 νητος,
614 5701 925 5770 λεγέτωσαν
958 5703 1021 5757 τδ
1064 5704 1240 5776 ὄνομα
1289 5704 1490 5772 αὐτῆςο
1524 5705 1589 5757 οὐ
1627 5705 1740 5776 γὰρ
1775 5706 1838 5758 ὲκ
1867 5706 1977 5759 τῶν

394 5786 620 5864 οὐσιῶν,
646 5796 762 5851 ἀλλ’
794 5798 855 5850 ὲκ
881 5798 992 5854 τῶν
1007 5799 1293 5871 ὀνομάτων
1320 5800 1413 5855 καὶ
1442 5801 1505 5854 ἐκ
1544 5800 1655 5856 τῶν
1687 5800 1975 5872 ἐνεργειῶν

2070 4591 2285 4649 dicitur
2316 4591 2535 4659 relatio,
2561 4590 2630 4647 ad
2666 4591 2913 4646 divinam
2959 4591 3221 4646 nimirum
3260 4590 3411 4644 illam
3440 4599 3498 4643 et
3518 4587 3668 4642 bea-

2079 4693 2191 4741 tam
2236 4685 2564 4750 essentiam,
2591 4698 2771 4754 neque
2808 4683 3113 4739 secundum
3154 4679 3680 4738 Eunomiumillnm

2080 4778 2312 4850 impium
2349 4778 2445 4848 qui
2477 4791 2588 4832 non
2636 4778 2807 4849 geniti
2850 4792 3054 4833 nomen
3079 4775 3388 4831 divinit.:tis
3416 4774 3675 4830 substan-

2080 4872 2215 4926 tiam
2279 4870 2441 4935 dicit,
2479 4884 2663 4940 neque
2724 4868 3031 4925 secundum
3081 4877 3135 4923 te
3186 4866 3510 4939 putandum
3559 4877 3670 4933 est,

2078 4964 2402 5020 divinitates
2430 4963 2758 5020 summissas
2782 4963 3014 5020 omnino
3046 4963 3298 5021 diversas
3327 4963 3398 5016 ab
3420 4961 3671 5021 essentia

2078 5065 2136 5109 et
2160 5056 2437 5112 increatas
2464 5070 2588 5111 esse
2620 5055 2873 5110 inventas
2896 5055 3282 5125 ﬂetusque-ab
3316 5054 3666 5110 hominibus.

2068 5147 2274 5204 ‘Statim
2316 5150 2479 5205 enim
2536 5158 2731 5205 contra
2790 5150 2949 5206 illum
2982 5149 3229 5205 Basilius
3248 5147 3481 5220 Magnus
3540 5144 3666 5200 ait:

2084 5244 2234 5299 «Non
2258 5242 2536 5313 genitum»
2572 5245 2621 5299 si
2652 5258 2854 5299 nomen
2880 5252 2989 5309 est,
3014 5258 3127 5298 non
3162 5253 3249 5299 est
3286 5239 3552 5305 essentia,
3579 5252 3674 5293 es~

2078 5333 2385 5389 sentiarum
2413 5334 2562 5388 enim
2580 5334 2949 5404 signiﬁcantia
2981 5343 3112 5388 sunt
3140 5332 3388 5395 nomina,
3418 5345 3532 5384 non
3550 5328 3673 5398 ipsa

2076 5428 2319 5485 essentia
2342 5468 2357 5490 ,
2386 5427 2471 5482 sin
2500 5436 2688 5484 autem
2744 5428 2926 5499 ipsum
2966 5443 3109 5483 «non
3143 5426 3420 5498 genitum:
3455 5431 3542 5479 est
3578 5438 3675 5479 cs-

2083 5522 2283 5588 scntia,
2301 5520 2529 5576 dicunto
2552 5537 2755 5577 nomen
2778 5522 2901 5593 ejus
2928 5539 2942 5576 :
2972 5535 3082 5575 non
3109 5520 3258 5575 enim
3287 5532 3356 5573 ex
3389 5517 3674 5581 essentiis,

2081 5616 2177 5673 sed
2210 5629 2241 5671 e
2277 5615 2598 5671 nominibus
2628 5625 2685 5670 et
2712 5614 3023 5670 eﬂicientiis
3079 5611 3464 5682 intelligimus,
3487 5618 3546 5667 et
3564 5624 3680 5665 ma-

2083 5712 2232 5766 xime
2266 5708 2619 5781 incorporea.
2655 5707 2824 5764 Vides
2848 5724 2917 5763 ex
2945 5707 3038 5772 iis,
3069 5720 3192 5777 quae
3218 5707 3512 5770 accedunt,
3582 5705 3674 5760 di-

2079 5818 2205 5860 cere
2254 5803 2410 5858 illum
2451 5819 2517 5860 ex
2568 5802 2877 5860 etiicientiis
2924 5801 3175 5874 corporis
3215 5800 3386 5859 instar
3420 5799 3681 5870 inspectis
