4034 6468
485 331 594 394 255

1692 329 2112 390 NlCEPllOlil
2155 328 2539 390 GHEGORJE

3632 338 3726 402 256

487 449 606 504 sive
642 449 806 503 factis
851 457 908 503 et
939 449 1203 518 operibus
1256 464 1357 504 nos
1411 449 1692 504 declarare
1744 449 2044 516 incorpore:

2169 446 2513 515 γνωρίζομεν
2553 449 2645 500 καὶ
2696 447 2932 516 μάλιστα
2960 448 3029 501 τὰ
3075 446 3367 518 ἀσώματα.
3398 470 3416 502 ι
3463 450 3623 524 Ὁρᾷς
3666 458 3722 509 ἐκ

485 549 543 596 et
569 557 692 608 qua:
723 556 831 594 non
862 551 1184 596 cernuntur.
1215 541 1416 610 Accipe
1441 551 1703 608 praeterea
1740 557 1860 610 qua:
1893 541 2060 594 etiam

485 631 791 702 Gregorius
821 633 1098 702 Nyssenus
1149 634 1216 687 de
1271 634 1590 686 nominibus
1643 632 1820 688 dicit:
1853 632 2060 687 Natura

487 729 696 790 divina,
738 729 1001 797 quidquid
1033 737 1116 783 est
1141 729 1354 783 ratione
1390 730 1650 783 essentize
1684 729 1891 792 habita,
1949 744 2058 782 una

486 830 571 875 est
609 823 838 889 simplex
862 831 918 876 et
945 820 1234 875 uniformis
1263 830 1318 876 et
1373 822 1737 889 incomposita
1793 831 1851 875 ct
1906 831 2060 875 extra

487 920 729 964 nostram
754 911 1312 965 animadversionem.
1371 913 1434 964 Et
1466 912 1734 981 quoniam
1783 912 1901 964 sola
1937 927 2060 981 quat

488 1000 867 1070 intelliguntur
906 1002 1187 1055 nominum
1219 1001 1450 1055 vocibus
1492 1002 1869 1069 signiﬁcamus
1896 1017 1910 1053 :
1937 1016 2062 1069 quae

485 1103 666 1147 autent
698 1109 859 1163 supra
897 1094 1316 1156 intelligentiam
1371 1105 1521 1153 sunt,
1589 1109 1698 1147 non
1762 1109 2059 1164 possumus

485 1185 922 1252 signiﬁcantibus
954 1185 1424 1255 appellationibus
1491 1186 1809 1253 complecti,
1871 1186 2058 1240 multis

484 1286 537 1328 et
567 1275 802 1329 diversis
833 1277 1157 1330 nominibus
1190 1287 1468 1346 quatenus
1515 1277 1646 1330 licet
1694 1278 1941 1331 revelare
1967 1293 2061 1332 co-

483 1367 664 1434 gimur
700 1369 918 1421 insitam
966 1370 1126 1423 nobis
1180 1369 1248 1422 de
1298 1369 1523 1423 numine
1558 1369 1743 1423 divino
1773 1369 1936 1438 290
1965 1385 2061 1423 no-

487 1459 712 1512 tionem.
751 1461 1118 1523 Quamobrem
1175 1461 1468 1515 Dominum
1518 1477 1667 1524 eum,
1720 1461 1915 1522 Deum,
1964 1461 2058 1530 ju-

484 1562 650 1614 stum,
688 1560 988 1620 potentem,
1014 1555 1360 1614 clementem,
1381 1568 1594 1618 verum,
1621 1552 2056 1616 misericordem,

488 1645 729 1712 taliaque
763 1646 968 1708 multis,
1001 1648 1139 1708 sive,
1199 1647 1251 1700 id
1280 1647 1427 1715 quod
1480 1647 1795 1702 accuratius
1825 1646 2053 1711 dicitur,

483 1733 606 1786 aliis
640 1735 955 1789 nominibus
980 1749 1258 1790 vocamus.
1293 1736 1445 1790 Talia
1475 1748 1657 1790 autem
1685 1738 1906 1790 nomina
1940 1753 2057 1790 om-

485 1825 617 1875 nino
650 1826 1060 1893 compositione,
1081 1842 1258 1895 neque
1290 1843 1420 1882 vero
1455 1836 1652 1881 natura
1686 1837 1816 1883 sunt
1866 1827 2006 1882 facta
2035 1842 2051 1880 :

482 1915 628 1982 quod
668 1931 830 1984 supra
880 1933 908 1970 a
946 1917 1106 1972 nobis
1159 1917 1597 1973 demonstratum
1651 1929 1758 1974 est.
1829 1919 1896 1974 Et
1925 1920 2052 1974 alibi

480 2007 811 2060 Athanasius
842 2025 1068 2078 magnus
1102 2009 1198 2075 ait,
1244 2010 1305 2064 τὺ
1349 2010 1518 2065 Deum
1566 2025 1687 2064 esse
1749 2011 2053 2065 secundum

475 2111 600 2153 este
629 2113 658 2151 a
691 2111 904 2156 natura.
929 2099 994 2154 Et
1032 2117 1261 2172 magnus
1289 2104 1343 2156 in
1383 2103 1544 2157 rebus
1573 2100 1775 2156 divinis
1803 2116 2054 2170 perscru-

479 2189 662 2242 tandis
691 2190 1029 2260 Gregorius;
1050 2192 1388 2262 Simplicitas
1415 2193 1524 2248 Deo
1558 2209 1666 2248 non
1708 2205 1785 2248 est
1818 2204 2048 2262 natura;

475 2281 709 2334 alterum
748 2285 894 2336 enim
921 2286 972 2338 in
1009 2301 1075 2338 eo
1105 2285 1297 2339 statuit
1333 2287 1442 2340 vim
1467 2286 1712 2350 videndi,
1745 2287 1915 2341 altera
1939 2301 2048 2340 non

475 2387 598 2426 esse
660 2390 828 2427 untnn
897 2372 1282 2446 compositum.
1314 2377 1492 2448 Atque
1546 2394 1655 2432 uno
1707 2379 1874 2432 verbo
1926 2380 2049 2433 nul-

474 2462 588 2518 lum
621 2479 817 2520 nomen
851 2475 934 2521 est
963 2469 1108 2537 quod
1138 2485 1249 2524 non
1306 2468 1608 2524 secundum
1641 2469 1712 2524 sit
1770 2485 1800 2524 a
1849 2479 2048 2523 natura

475 2555 682 2609 divina.
737 2556 1204 2630 Circumscriptus
1253 2561 1402 2616 enim
1460 2559 1872 2630 quodammodo
1922 2559 2047 2613 ﬁnis

474 2648 723 2702 essentia:
747 2657 802 2703 et
825 2660 1036 2706 natura
1064 2661 1148 2707 est
1181 2667 1378 2705 nomen
1415 2669 1428 2706 :
1464 2651 1553 2704 illa
1579 2660 1768 2704 autem
1804 2665 1913 2703 non
1941 2650 2049 2704 cir-

471 2741 803 2808 cumscripta
857 2752 1054 2795 natura
1103 2741 1724 2810 circumscriptionihus
1757 2740 2042 2794 nominum

470 2826 739 2881 inservire
768 2846 876 2884 non
906 2841 1112 2900 potest.
1174 2833 1243 2887 Et
1273 2832 1383 2887 alio
1434 2831 1557 2886 loco
1591 2831 1812 2885 divinus
1839 2831 2045 2902 Grego-

467 2920 588 2973 rius
615 2921 894 2991 Nyssenus
918 2924 986 2978 de
1025 2924 1219 2979 iisdem
1252 2923 1570 2978 nominibus
1625 2923 1739 2977 haec
1769 2923 1903 2978 dicit
1933 2942 1949 2978 :
1984 2923 2041 2977 Si

467 3009 619 3078 prior
657 3009 967 3066 emcientiis
1026 3022 1144 3068 erat
1195 3013 1457 3080 essentia,
1511 3012 1810 3069 eﬂicentias
1858 3022 2040 3068 autem

2131 537 2258 608 ’τοῦ
2293 538 2636 606 παρήκοντος
2669 539 2789 602 πῶς
2824 541 2889 593 ἐκ
2927 541 3037 593 τῶν
3066 542 3395 610 σωματικῶς
3426 542 3721 615 Θεωρουμέ-

2163 645 2271 682 νων
2301 630 2596 700 ἐνεργειῶν
2625 647 2815 700 φησιν,
2842 631 3023 684 είτουν
3057 632 3234 702 ἔργων
3264 634 3360 686 καὶ
3394 636 3720 705 ποιημάτων,

2163 720 2456 790 γνωρίζειν
2503 723 2650 790 ήμᾶς
2688 723 2758 775 τὰ
2806 723 3076 792 ἀσώματα
3125 725 3217 777 καὶ
3269 724 3342 794 μή
3393 727 3722 796 φαινόμενα;

2168 815 2368 866 Ἄκουε
2395 814 2438 866 δ’
2467 816 2558 866 ἐπὶ
2589 817 2800 878 τούτοις
2831 816 2885 868 τί
2929 817 3024 870 καὶ
3067 819 3095 870 6
3141 816 3438 872 Νυσσαέων
3469 820 3592 889 περὶ
3637 820 3720 874 ὀνο

2169 904 2357 972 μάτων
2387 903 2590 970 φάσκει
2622 905 2942 974 Γρηγόριος.
2979 925 2998 958 ι
3019 907 3089 960 Ἥ
3121 907 3242 959 θεία
3274 909 3439 975 φύσις
3462 911 3490 962 ὁ
3522 925 3572 960 τι
3603 911 3724 962 ποτέ

2163 992 2285 1046 κατ’
2310 993 2498 1046 οὐσίαν
2535 997 2673 1057 ἐστὶ,
2707 996 2806 1064 μία
2848 999 2996 1050 ἐστὶν
3029 999 3178 1068 ἁπλῆ
3209 1001 3304 1052 καὶ
3336 1001 3611 1071 μονοειδὴς
3639 1006 3725 1054 καὶ

2162 1085 2455 1148 ἀσύνθετος
2493 1087 2586 1139 καὶ
2618 1088 2757 1161 ὑπὲρ
2788 1088 2889 1159 τήν
2933 1090 3264 1161 αἰσθητικὴν
3305 1093 3466 1162 ήμῶν
3502 1094 3727 1164 κατάλη-

2161 1174 2275 1244 ψιν.
2319 1178 2427 1230 Καὶ
2456 1179 2642 1248 ἐπειδὴ
2673 1182 2810 1249 μόνα
2839 1181 2908 1234 τὰ
2936 1183 3322 1254 γινωσκόμενα
3367 1186 3456 1239 διὰ
3492 1187 3588 1256 τῆς
3617 1187 3726 1238 ὀνο-

2165 1271 2438 1339 μαστικῆς
2496 1273 2871 1343 σημειούμεθα
2919 1274 3196 1346 κλήσεως,
3237 1278 3309 1331 τά
3360 1279 3407 1330 δ’
3454 1279 3591 1348 ὑπὲρ
3634 1280 3726 1350 τὴν

2162 1363 2362 1428 γνῶσιν
2406 1361 2539 1416 ὄντα
2592 1354 2989 1433 σημειωτικαίς
3023 1384 3135 1420 τισι
3177 1369 3576 1439 προσηγορίαις
3621 1370 3727 1421 δια-

2160 1451 2340 1504 λαϐεῖν
2401 1453 2498 1522 ούχ
2551 1448 2662 1506 οἷόν
2719 1471 2801 1516 τε,
2856 1456 3070 1518 πολλοῖς
3129 1459 3227 1511 καὶ
3275 1458 3556 1527 διαφόροις
3615 1458 3726 1510 ὀθό-

2164 1561 2354 1613 μασιν,
2382 1545 2531 1608 ὅπως
2570 1541 2698 1619 ἃνῇ
2741 1548 2990 1613 δυνατὸν,
3041 1550 3391 1619 ἀνακαλύψαι
3434 1551 3725 1622 βιαζόμεθα

2159 1637 2260 1706 τήν
2289 1639 2652 1707 ἐγγινομένην
2672 1642 2805 1709 ήμῖν
2829 1642 2959 1711 περὶ
2990 1642 3086 1694 τοῦ
3113 1642 3259 1695 θείου
3302 1643 3609 1698 ὑπόνοιαν.»
3639 1643 3724 1696 Διὸ

2165 1727 2372 1798 Κύριον
2396 1731 2580 1796 αὐτὸν,
2602 1731 2754 1796 Θεὸν,
2789 1731 3022 1796 δίκαιον,
3077 1735 3320 1804 ἰσχυρὸν,
3355 1736 3722 1806 μακρόθυμον,

2157 1820 2739 1891 ἀληθινὸν,;ἐλεήμονα,
2755 1825 2854 1875 καὶ
2872 1825 2940 1876 τὰ
2958 1826 3317 1896 παραπλήσια
3339 1829 3721 1896 πολυωνύμως,

2155 1913 2189 1982 ἢ
2217 1912 2278 1964 τό
2309 1929 2371 1979 γε
2403 1914 2793 1983 ἀκριϐέστερον
2827 1918 3020 1980 εἰπεῖν,
3044 1918 3406 1988 ἐτερωνύμως
3431 1921 3726 1989 κατονομά-

2157 2003 2342 2074 ζομεν.
2399 2006 2482 2058 Τὰ
2509 2006 2567 2060 δέ
2617 2005 2842 2060 τοιαῦτα
2887 2007 3127 2076 ὀνόματα
3167 2011 3313 2063 θέσει
3368 2013 3584 2074 πάντως
3627 2013 3725 2064 είσὶ

2154 2093 2249 2144 καὶ
2277 2093 2339 2145 ού
2373 2093 2553 2161 φύσει,
2593 2094 2667 2159 ὡς
2689 2097 2848 2166 ἡμεῖς
2875 2099 3336 2171 προδεδείχαμεν.
3368 2103 3477 2155 Kal
3504 2103 3530 2152 6
3559 2101 3722 2169 μέγας

2153 2183 2360 2255 ἀλλαχῆ
2396 2203 2563 2254 φησιν
2603 2187 2930 2254 Ἀθανάσιος
2957 2191 3036 2243 ὄτι
3073 2195 3169 2244 καὶ
3199 2193 3259 2245 τὸ
3284 2193 3417 2245 Θεὸν
3449 2189 3584 2246 εἶναι
3611 2193 3722 2248 δεύ-

2151 2275 2304 2348 τερόν
2334 2277 2395 2348 [ί.
2430 2278 2530 2333 159
2548 2283 2596 2351 r]
2629 2282 2744 2332 ἐστι
2797 2285 2898 2351 τῆς
2941 2283 3186 2352 φύσεως.
3232 2285 3346 2336 Kal
3375 2286 3404 2337 6
3452 2287 3621 2356 μέγας
3669 2289 3722 2340 ἐν

2154 2369 2402 2440 θεολογίᾳ
2445 2371 2868 2441 Γρηγόριος,ὅτι
2908 2375 2969 2427 ού
3012 2374 3176 2444 φύσις
3224 2375 3348 2447 Θεῷ
3379 2379 3413 2448 ή
3454 2378 3718 2447 ἁπλότηςο

2149 2457 2212 2510 τὺ
2251 2459 2352 2526 μὲν
2378 2457 2488 2528 γὰρ
2521 2462 2622 2530 τήν
2653 2461 2910 2532 θεατικήν
2937 2464 3107 2517 αὑτοῦ
3144 2466 3448 2537 παρίστησι
3479 2467 3718 2537 δύναμιν,

2149 2553 2210 2605 τὸ
2240 2552 2297 2605 δέ
2337 2554 2398 2606 τὸ
2431 2553 2506 2624 μὴ
2537 2551 2678 2608 εἶναι
2711 2556 2990 2611 σύνθετον.
3021 2559 3133 2612 Καὶ
3164 2559 3354 2623 ἁπλῶς
3383 2561 3551 2614 εἰπεῖν
3577 2561 3720 2614 οὐδὲν

2148 2643 2258 2696 τῶν
2287 2644 2573 2713 ὀνομάτων
2605 2647 2754 2698 ἐστὶν
2794 2647 2822 2699 ὃ
2857 2648 2932 2717 μή
2975 2647 3226 2719 δεύτερόν
3281 2651 3404 2702 ἐστι
3449 2653 3546 2718 τῆς
3578 2650 3718 2712 θείας

2149 2731 2387 2797 φύσεως.
2420 2734 2948 2804 Περιγεγραμμένος
2979 2736 3091 2806 γάρ
3122 2753 3208 2799 τις
3242 2739 3372 2809 ὅρος
3397 2739 3588 2801 οὐσίας
3630 2737 3720 2791 καὶ

2146 2819 2360 2889 φύσεως
2391 2821 2604 2888 γίνεται
2631 2821 2896 2892 τοῦνομα,
2932 2827 2963 2894 ή
2996 2825 3042 2877 δ’
3077 2825 3501 2897 ἀπερίγραπτος
3544 2826 3714 2896 ἐκείνη

2147 2911 2312 2980 φύσις
2330 2917 2720 2988 φριγραφαῖς
2749 2915 3034 2982 ὀνομάτων
3075 2916 3357 2972 δουλεύειν
3390 2920 3450 2971 ού
3479 2918 3713 2972 δύναται.

2146 3005 2256 3058 Kal
2286 3007 2344 3058 ἐν
2368 3006 2540 3077 ἑτέρῳ
2569 3006 2615 3060 δ’
2647 3009 2691 3060 6-
2722 3007 2864 3070 θεῖος
2907 3008 3210 3062 Νυσσαέων
3244 2989 3553 3080 Γρηγόριος
3599 3009 3717 3080 περὶ

464 3115 560 3157 eas
588 3102 962 3172 intelligimus,
985 3119 1121 3174 quas
1144 3106 1662 3167 animadvertimus,
1692 3106 1789 3160 has
1833 3118 2038 3175 autem,

2146 3095 2253 3150 τῶν
2291 3098 2472 3150 αὐτῶν
2505 3099 2782 3168 ὀνομάτων
2805 3099 2949 3172 οὕτω
2980 3101 3143 3171 φησίν
3163 3117 3179 3134 ο
3210 3118 3230 3153 ι
3253 3102 3317 3155 Εί
3343 3102 3714 3172 προϋφέστηκε

466 3202 741 3261 quatenus
767 3194 917 3256 licet,
953 3195 1142 3250 verbis
1169 3196 1556 3260 enuntiamus,
1607 3196 1834 3266 quijam
1877 3198 2045 3252 relin-

465 3280 656 3348 quitur
688 3281 875 3345 timor,
903 3297 1004 3336 cur
1029 3298 1138 3336 non
1171 3283 1488 3352 posteriora
1521 3285 1684 3340 rebus
1712 3285 1935 3340 nomina
1959 3285 2046 3339 di-

464 3373 696 3427 camus?
731 3375 950 3429 Etenim
987 3377 1030 3430 si
1102 3391 1210 3430 non
1260 3386 1428 3432 antea
1489 3378 1826 3448 explicemus
1880 3377 2044 3448 quid-

464 3482 633 3532 quam
665 3482 858 3522 eorum
919 3483 1044 3538 quae
1107 3468 1176 3524 de
1238 3469 1356 3525 Deo
1407 3470 1688 3537 dicuntur,
1743 3486 1906 3540 quam
1958 3472 2046 3526 in-

464 3557 794 3627 telligamus,
847 3573 913 3613 ex
979 3559 1048 3614 iis
1098 3570 1278 3614 autem
1363 3559 1751 3631 intelligimus,
1804 3576 1924 3630 qua:
1976 3576 2043 3614 ex

462 3648 775 3702 elﬁcientiis
819 3649 1226 3720 cognoscimus,
1284 3651 1594 3706 efficientia
1650 3662 1835 3706 autem
1889 3650 2043 3719 prior

463 3747 550 3791 est
593 3737 694 3803 vis,
751 3741 833 3793 vis
869 3751 1052 3796 autem
1107 3741 1316 3813 pendet
1371 3759 1438 3797 ex
1484 3743 1766 3797 voluntate
1830 3743 2038 3807 divina,

465 3831 721 3887 voluntas
767 3841 950 3886 autem
1032 3833 1088 3886 in
1145 3833 1400 3888 facultate
1461 3833 1663 3890 divinae
1721 3834 1905 3903 posita
1955 3842 2042 3888 est

465 3928 676 3976 natura:
709 3961 725 3986 ,
779 3939 963 3978 nonne
1032 3933 1222 3993 aperte
1271 3924 1699 3995 cognoscimus,
1773 3923 2038 3979 accedere

461 4013 622 4083 29],
685 4016 852 4072 rebus
911 4017 1288 4087 signiﬁcantes
1346 4019 1630 4072 nominum
1704 4015 2036 4086 appellatio-

461 4128 586 4179 nes,
643 4123 699 4168 et
762 4122 1019 4183 tanquam
1080 4114 1287 4170 umbra:
1341 4130 1524 4169 rerum
1571 4122 1699 4169 sunt
1747 4129 1913 4170 voces
1965 4113 2036 4168 ad

462 4204 736 4259 motiones
763 4207 1174 4275 suppositorum
1204 4206 1452 4261 formata:
1474 4207 1496 4259 ?
1517 4207 1586 4260 Et
1604 4206 1723 4261 haec
1751 4206 1825 4259 ita
1850 4221 1910 4261 se
1938 4205 2032 4259 ha-

463 4293 594 4348 bere
627 4293 790 4347 nobis
816 4295 1108 4362 persuadet
1130 4307 1322 4366 aperte
1370 4296 1559 4350 divina
1597 4295 1885 4366 Scriptura
1937 4310 2036 4364 per

463 4398 719 4454 magnum
754 4384 1034 4450 Davidem,
1073 4387 1167 4457 qui
1216 4388 1544 4456 quibusdam
1594 4387 1836 4456 propriis
1858 4395 1914 4440 et
1949 4387 2037 4439 in-

2148 3190 2256 3243 τῶν
2288 3191 2577 3259 ἐνεργειῶν
2621 3192 2654 3260 ή
2689 3193 2866 3258 οὐσία,
2916 3193 3150 3260 νοοῦμεν
3207 3193 3262 3246 δέ
3307 3195 3413 3257 τὰς
3449 3195 3715 3264 ἐνεργείας

2145 3279 2213 3333 δι’
2243 3274 2319 3332 ὧν
2346 3280 2737 3350 αἰσθανόμεθα,
2795 3284 3006 3353 ῥήμασι
3038 3285 3096 3337 δέ
3132 3285 3283 3348 ὅπως
3322 3287 3399 3339 ἃν
3500 3285 3715 3340 δυνατὸν

2145 3372 2567 3443 ἐξαγγέλλομεν,
2603 3375 2685 3438 τίς
2732 3375 2813 3428 ἐτι
2845 3377 3237 3430 καταλείπεται
3271 3379 3442 3447 φόϐος
3491 3379 3716 3448 νεώτερα

2143 3465 2253 3518 τῶν
2285 3467 2630 3535 πραγμάτων
2674 3466 2743 3520 τὰ
2790 3467 3032 3538 ὀνόματα
3086 3469 3308 3536 λέγειν;
3359 3471 3420 3523 El
3480 3473 3582 3540 γὰρ
3641 3471 3710 3538 μὴ

2143 3552 2409 3624 πρότερον
2441 3557 2820 3626 ἐρμηνεύομέν
2848 3574 2901 3609 τι
2930 3557 3038 3610 τῶν
3073 3560 3200 3628 περὶ
3235 3560 3376 3612 Θεοῦ
3412 3561 3710 3628 λεγομένων

2143 3647 2274 3716 πρὶν
2303 3648 2370 3699 ἂν
2394 3649 2701 3718 νοήσωμεν,
2738 3651 2947 3719 νοῶμεν
2981 3653 3037 3703 δὲ
3071 3653 3140 3705 δι’
3170 3647 3245 3704 ὧν
3295 3656 3361 3707 ἐκ
3392 3655 3522 3724 ξτῶν
3568 3655 3710 3721 ἐνερ-

2143 3737 2310 3804 γειῶν
2347 3738 2739 3810 διδασκόμεθα,
2765 3745 3157 3813 προῦφέστηκε
3209 3745 3264 3798 δὲ
3304 3749 3405 3815 τῆς
3441 3748 3708 3817 ἐνεργείας

2143 3829 2176 3895 ή
2217 3828 2471 3899 δύναμις,
2572 3832 2629 3884 δὲ
2658 3833 2886 3904 δύναμις
2921 3836 3218 3908 ἐξήρτηται
3249 3839 3347 3892 τοῦ
3380 3839 3523 3892 Οείου
3563 3841 3708 3907 θελήο

2143 3936 2331 3988 ματος,
2366 3923 2428 3974 τὸ
2462 3923 2518 3974 δὲ
2548 3923 2796 3994 βούλημα
2821 3929 2880 3979 ἐν
2909 3930 2973 3998 τῇ
3003 3927 3224 4000 ἐξουσίᾳ
3261 3932 3362 3999 τῆς
3408 3933 3554 3993 θείας
3579 3929 3706 3984 ἀπὸ·

2140 4025 2320 4066 κειται
2357 4012 2597 4081 φύσεως⁹
2628 4010 2717 4084 ἆρ’
2746 4015 2809 4067 ού
2859 4017 3046 4086 σαφῶς
3076 4018 3445 4090 διδασκόμεθα
3472 4023 3553 4076 ὅτι
3590 4024 3705 4074 ἐπι-

2137 4102 2380 4171 γίνονται
2413 4108 2524 4168 τοῖς
2555 4107 2884 4176 πράγμασιν
2920 4112 2977 4162 αἱ
3004 4117 3342 4181 σημαντικαὶ
3377 4117 3484 4169 τῶν
3513 4113 3705 4182 ὀνομά-

2135 4211 2246 4248 των
2279 4196 2670 4266 προσηγορίαι,
2701 4200 2795 4252 καὶ
2823 4199 3014 4272 ὥσπερ
3048 4205 3200 4254 σκιαὶ
3223 4203 3335 4257 τῶν
3367 4205 3705 4275 πραγμάτων

2136 4287 2278 4340 είσὶν
2304 4289 2360 4341 αἱ
2388 4290 2590 4357 φωναὶ,
2645 4293 2787 4363 πρὸς
2823 4296 2923 4357 τὰς
2956 4298 3204 4367 κινήσεις
3241 4299 3353 4352 τῶν
3387 4299 3704 4367 ὑφεστώτων

2140 4383 2645 4453 σχηματιζόμεναις
2685 4385 2792 4438 Καὶ
2827 4388 2910 4440 ὅτι
2934 4388 3109 4441 ταῦτα
3139 4389 3316 4452 οὕτως
3365 4391 3500 4462 ἔχει,
3535 4390 3702 4442 πείθει

460 4478 584 4534 sitis
614 4477 932 4532 nominibus
972 4493 1037 4533 ex
1070 4478 1360 4535 cﬁicientia
1392 4479 1511 4549 ejus
1541 4479 1836 4532 intellectis
1888 4477 2033 4531 divi-

2146 4473 2324 4540 σαφῶς
2369 4475 2402 4544 ή
2450 4472 2572 4528 θεία
2627 4475 2818 4547 Γραφὴ
2867 4478 2956 4532 διὰ
2990 4479 3086 4532 τοῦ
3127 4481 3368 4549 μεγάλου
3408 4482 3571 4536 Δασὶδ
3611 4479 3701 4532 τοῦ

461 4585 588 4626 nam
619 4579 866 4626 naturam
895 4580 1074 4626 vocat.
1114 4572 1460 4626 «Misericors
1497 4571 1672 4632 enim,
1699 4571 1799 4636 ait,
1835 4579 1889 4624 et
1930 4569 2030 4623 mi-

461 4678 649 4718 serens
679 4674 764 4718 est
791 4663 1058 4719 Dominus
1084 4681 1096 4716 :
1128 4665 1370 4718 clemens
1400 4671 1458 4716 ct
1506 4661 1876 4716 miserationis
1912 4664 2030 4730 ple-

461 4765 619 4804 nus.»
651 4751 776 4806 llaec
829 4753 1002 4822 igitur
1042 4751 1174 4820 quid
1206 4751 1421 4825 dicunt,
1442 4749 1748 4803 eﬁicicntim
1781 4750 2032 4804 obtinere

458 4842 917 4914 signiﬁcationem
969 4853 1063 4896 aut
1103 4841 1356 4897 naturae?
1424 4839 1615 4903 Nemo,
1673 4849 1828 4910 puto,
1882 4841 2029 4897 aliud

459 4934 756 5006 quidquam
789 4950 950 5004 quam
980 4933 1308 4989 eﬁicentiam
1343 4931 1512 4986 dicet.
1571 4930 1802 4996 Quando
1865 4931 2034 5002 igitur

459 5023 701 5079 eﬁiciens
726 5022 1162 5078 misericordiam
1192 5029 1249 5076 et
1279 5020 1691 5075 miserationem
1724 5019 1942 5088 accepit
1962 5019 2032 5073 ab

457 5117 752 5172 eﬂicientia
788 5116 1030 5171 nomen?
1055 5114 1196 5168 Num
1225 5121 1351 5166 ante
1381 5110 1664 5164 hominum
1695 5110 1898 5164 vitam?
1924 5109 2030 5164 Sed

457 5209 584 5278 quis
616 5219 728 5264 tum
770 5208 1129 5263 miseratione
1165 5204 1486 5275 indigebat?
1512 5205 1629 5257 lino
1654 5204 1882 5256 omnino
1908 5212 2032 5271 post

457 5310 740 5370 peccatum
779 5298 1160 5355 commissum.
1194 5296 1484 5350 Peccatum
1521 5303 1705 5347 autem
1771 5302 1856 5346 est
1907 5301 2032 5360 post

457 5390 737 5445 hominem
775 5399 1017 5443 creatum
1051 5403 1065 5440 :
1095 5387 1260 5455 igitur
1291 5395 1412 5454 post
1463 5383 1742 5436 hominem
1777 5392 2026 5435 creatum

456 5483 624 5538 etiam
667 5481 966 5536 miserandi
995 5479 1286 5535 eﬂicientia
1313 5489 1431 5532 orta
1457 5487 1541 5531 est
1572 5486 1626 5530 et
1655 5474 2030 5529 miserationis

457 5589 678 5627 nomen.
708 5571 943 5626 Viden’?
986 5573 1277 5641 Propterea
1323 5570 1468 5623 enim
1495 5575 1552 5621 ct
1587 5565 2030 5619 eadcm'nomina

461 5661 602 5718 [linit
659 5672 715 5716 ct
745 5665 1230 5718 accommodantur
1263 5658 1568 5716 secundum
1610 5655 1898 5708 hominum
1932 5671 2030 5709 vo-

463 5751 688 5810 luntatis
725 5755 938 5827 regulas
965 5767 1017 5812 et
1047 5756 1191 5828 lcgcs
1243 5771 1256 5806 :
1294 5766 1470 5820 neque
1535 5748 1588 5802 in
1651 5763 1792 5814 uno,
1827 5747 1922 5802 sed
1975 5750 2024 5802 in

2136 4564 2392 4634 καθάπερ
2425 4565 2516 4619 διά
2549 4583 2714 4620 τινων
2755 4568 2901 4621 ίδίων
2942 4572 3244 4639 προσφυῶν
3285 4573 3569 4640 ὀνομάτων
3600 4571 3702 4624 τῶν

2134 4655 2199 4706 ἐκ
2227 4653 2324 4723 τῆς
2347 4655 2632 4724 ἐνεργείας
2668 4657 2836 4710 αὑτοῦ
2868 4659 3175 4728 νοηθέντων
3220 4661 3322 4732 τὴν
3359 4663 3512 4716 θείαν
3548 4661 3702 4730 φύσιν

2131 4746 2554 4811 ἀνακαλοῦντοςο
2590 4769 2609 4801 ι
2638 4751 2975 4821 Οίκτίρμων,
3011 4771 3029 4804 ι
3057 4756 3164 4824 γάρ
3191 4771 3348 4822 φησι,
3384 4777 3401 4805 ι
3432 4757 3526 4808 καὶ
3556 4754 3703 4820 ἐλεή-

2136 4854 2254 4907 μων
2282 4840 2310 4892 ὁ
2333 4841 2560 4910 Κύριος,
2601 4843 2960 4911 μακρόθυμος
2997 4846 3092 4897 καὶ
3121 4847 3437 4908 πολυέλεος.
3465 4865 3482 4897 ι
3520 4844 3699 4897 Ταῦτα

2133 4927 2312 4981 τοίνυν
2345 4930 2400 4982 τί
2437 4930 2708 4998 λέγουσιν,
2743 4934 3028 5002 ἐνεργείας
3059 4935 3202 5003 ἐχειν
3235 4935 3333 5004 τὴν
3369 4935 3642 5006 σημασίαν
3665 4933 3698 5000 ἦ

2133 5017 2349 5085 φύσεως
2373 5036 2388 5084 ;
2423 5021 2540 5073 Ούκ
2568 5020 2634 5074 ἄν
2664 5039 2745 5084 τις
2781 5023 2914 5076 ἄλλο
2934 5027 3084 5093 παρά
3105 5026 3204 5094 τὴν
3226 5025 3507 5093 ἐνέργειαν
3535 5026 3694 5077 εἴποι.

2136 5110 2273 5163 Πότε
2311 5113 2494 5166 τοίνυν
2521 5114 2825 5182 ἐνεργήσας
2861 5118 2987 5178 τοὺς
3016 5118 3336 5188 οἱκτιρμοὺς
3375 5121 3404 5169 ὁ
3446 5119 3576 5178 Θεὸς
3611 5115 3697 5168 καὶ

2131 5199 2224 5252 τὸν
2249 5198 2420 5265 ἔλεον,
2457 5200 2614 5269 ἔσχεν
2659 5203 2722 5254 ἐκ
2767 5204 2868 5271 τῆς
2895 5205 3183 5274 ἐνεργείας
3220 5206 3282 5258 τὺ
3316 5207 3522 5274 ὀνομα;
3557 5200 3697 5272 'Apa

2133 5287 2240 5356 πρὸ
2262 5289 2360 5356 τῆς
2390 5288 2740 5359 ἀνθρωπίνης
2775 5290 2956 5358 ζωῆς;
2991 5293 3100 5345 Καὶ
3127 5293 3211 5357 τίς
3241 5291 3308 5364 ἦν
3335 5297 3362 5346 ὁ
3394 5294 3488 5345 τοῦ
3519 5293 3697 5350 ἐλέους

2131 5379 2416 5448 δεόμενο;;
2460 5380 2627 5435 Ἀλλά
2661 5382 2802 5451 μετὰ
2833 5385 2932 5453 τήν
2970 5385 3247 5455 ἁμαρτίαν
3284 5389 3524 5447 πάντως.
3568 5385 3627 5435 Ἦ
3655 5381 3698 5433 δθ

2132 5473 2384 5543 ἁμαρτία
2415 5477 2555 5543 μετά
2586 5477 2676 5527 τὸν
2718 5475 3032 5546 ἄνθρωπον·
3069 5478 3270 5532 ούκοῦν
3307 5479 3448 5548 μετά
3485 5475 3580 5530 τὸν
3609 5476 3697 5526 ἄν·

2134 5567 2354 5634 Ορωπον
2381 5568 2475 5619 καὶ
2502 5569 2534 5637 ή
2565 5569 2656 5620 τοῦ
2693 5568 2862 5620 ἐλεεῖν
2907 5569 3164 5638 ἐνέργεια
3196 5575 3288 5624 καὶ
3324 5571 3384 5623 τὸ
3423 5569 3516 5622 τοῦ
3549 5566 3692 5618 ἐλέου

2131 5658 2322 5728 ὄνομα.
2353 5678 2370 5711 ι
2413 5660 2577 5728 Ὀρᾶς
2601 5678 2616 5724 ;.
2637 5661 2724 5712 διὰ
2754 5661 2864 5730 γὰρ
2893 5662 3052 5715 τοῦτο
3078 5665 3172 5717 καὶ
3200 5665 3466 5734 ὁμώνυμα
3490 5661 3693 5729 γίνεται

2134 5751 2228 5802 καὶ
2265 5749 2668 5821 μεθαρμόςεται
2709 5751 2849 5804 κατά
2883 5752 3008 5816 τοὺς
3049 5755 3146 5824 τῆς
3195 5757 3541 5824 ἀνθρωπίνης
3573 5750 3690 5819 βον-
