4034 6468
335 425 439 488 257

1351 405 1796 470 BYZANTIN/E
1834 405 1887 465 II
1898 405 2223 467 lSTOerE
2260 404 2407 465 LIB.
2447 402 2629 462 XXX.

3503 398 3612 461 258

334 537 543 606 λήσεως
582 529 814 591 κανόνας
852 527 948 581 καὶ
971 527 1190 596 νόμους.
1230 526 1341 579 Καὶ
1373 526 1474 578 οὐκ
1506 526 1592 593 ἐφ’
1621 525 1768 589 ἑνὸς,
1799 524 1915 577 ἀλλ’

2036 522 2282 591 plurimis
2308 533 2365 576 et
2388 520 2648 583 diversis,
2670 531 2795 588 qua:
2828 515 3119 587 supposita
3150 526 3303 581 sunt,
3345 517 3610 587 quodque
3678 504 3689 521 ⁸

334 628 431 677 ὲπλ⁵
458 621 734 675 πλείστων
762 636 822 672 τε
845 620 939 672 καλ⁸
964 616 1241 687 διαφόρων
1268 617 1652 685 ὑποκειμένων
1682 615 1918 669 ἕκαστον

336 717 393 769 ἓν
423 716 485 767 ὃν
519 714 742 781 λέγεται
790 710 985 782 ὄνομα,
1028 711 1091 762 τό
1136 710 1391 763 πλεῖστον
1427 711 1629 763 εἰπεῖν.
1673 706 1801 762 Οἷον
1826 709 1919 761 ἐπὶ

336 805 757 875 ὑποδείγματος,
778 804 905 870 περὶ
940 802 1252 873 βουλήσεως
1281 801 1436 871 εὖροι
1465 819 1549 863 τις
1580 802 1648 856 ἂν
1677 800 1919 868 τοῦνομα

338 900 472 952 ποτὲ
512 899 611 968 μὲν
654 897 747 950 ἐπὶ
787 896 887 962 τῆς
932 895 1192 950 ἀκτίστου
1240 893 1305 965 μ’.
1340 895 1443 949 159
1473 894 1525 966 υ]
1574 893 1788 963 φύσεως
1824 893 1918 944 τοῦ

339 988 469 1042 Υίοῦ
535 987 971 1057 λαμϐανόμενον.
1030 985 1161 1037 ποτὲ
1216 985 1262 1037 δ’
1304 987 1395 1037 ἐπὶ
1440 986 1551 1037 τῶν
1600 984 1919 1053 κτισμάτων

339 1080 491 1150 παρὰ
512 1080 621 1132 τῶν
639 1079 831 1145 ἁγίων,
849 1078 924 1140 ὡς
944 1079 971 1129 ό
991 1077 1162 1145 μέγας
1193 1075 1511 1137 Ἀθανάσιος
1534 1078 1679 1129 κατὰ
1709 1077 1762 1127 Ἀ
1775 1093 1923 1146 ρεια-

338 1174 443 1227 νῶν
473 1172 702 1243 γράφων
745 1173 910 1242 φησὶν
956 1170 1031 1233 ὡς
1069 1170 1119 1222 οί
1154 1169 1372 1232 ἀσεϐεῖς
1415 1171 1474 1221 οὐ
1515 1169 1731 1223 θέλουσι
1762 1169 1921 1237 λόγον

339 1266 434 1318 καὶ
468 1264 665 1334 βουλὴν
696 1264 881 1327 ζῶσαν
922 1258 1065 1315 εἶναι
1093 1261 1187 1314 τὸν
1216 1262 1369 1326 Υίδν,
1417 1262 1550 1330 περὶ
1574 1261 1632 1313 δὲ
1666 1262 1757 1313 τὸν
1786 1260 1922 1313 Θεὸν

342 1358 601 1428 βούλησιν
629 1358 721 1409 καὶ
771 1355 1032 1425 φρόνησιν
1074 1356 1167 1407 καὶ
1198 1354 1391 1421 σοφίαν
1426 1353 1501 1415 ὡς
1532 1353 1648 1417 ἕξιν
1681 1352 1921 1421 συμϐαί-

340 1468 536 1502 νουσαν
578 1451 674 1501 καὶ
701 1448 1241 1516 άποσυμδαίνουσαν.
1275 1449 1385 1499 Καὶ
1418 1448 1620 1515 ὁμοίως
1666 1446 1922 1515 Ἰωάννης

336 1544 363 1595 ὁ
404 1544 469 1595 ἐκ
520 1540 817 1611 Δαμασκοῦ
862 1540 1121 1610 βούλησιν
1163 1540 1256 1592 καὶ
1308 1540 1502 1606 σοφίαν
1542 1539 1639 1591 καὶ
1689 1539 1923 1606 δύναμιν

334 1630 425 1681 τὸν
453 1630 581 1681 Υίὺν
616 1625 757 1680 εἶναι
793 1628 944 1692 λέγει
972 1627 1070 1680 τοῦ
1104 1627 1334 1696 Πατρός
1372 1628 1433 1679 οὐ
1461 1626 1567 1696 χρὴ
1603 1626 1711 1695 γὰρ
1740 1626 1921 1695 λέγειν

339 1722 434 1774 ἐπὶ
451 1719 582 1773 Θεοῦ
619 1720 904 1787 ποιότητα,
929 1719 1016 1772 ἴνα
1037 1718 1110 1790 μὴ
1134 1719 1391 1772 σύνθετον
1413 1720 1577 1772 αὐτὸν
1599 1720 1924 1788 ποιήσωμεν

341 1814 402 1879 ἐξ
429 1814 615 1871 οὐσίας
646 1813 741 1866 καὶ
770 1813 1082 1882 ποιότητος.
1131 1812 1243 1864 Καὶ
1287 1812 1425 1882 πρός
1477 1828 1543 1879 γε
1574 1813 1601 1864 ό
1626 1810 1924 1864 Νυσσαέων

2028 630 2251 677 nomen,
2283 628 2600 683 quanquam
2634 626 2805 665 unum
2837 618 2945 675 est,
2982 620 3167 664 tamen
3190 608 3398 664 dicitur
3428 610 3608 679 pluri-

2026 725 2174 761 mum
2206 707 2539 776 significare,
2581 714 2641 759 ut
2670 703 2908 773 exempli
2968 704 3166 770 gratia,
3217 702 3287 756 de
3323 706 3609 756 voluntate

2024 799 2271 867 reperias
2312 814 2516 853 nomen
2549 796 2826 852 interdum
2867 796 2923 849 in
2967 805 3163 849 natura
3205 794 3451 849 increata
3484 793 3610 847 Filii

2027 901 2383 962 usurpatum,
2420 891 2701 946 interdum
2736 899 2918 943 autem
2951 891 3009 942 in
3066 888 3271 943 creatis
3316 903 3345 940 a
3377 890 3610 949 sanctis,

2025 983 2187 1053 292
2220 990 2280 1034 ut
2310 980 2644 1035 Athanasius
2686 994 2917 1046 magnus
2966 988 3158 1031 contra
3192 978 3429 1030 Arianos
3468 976 3610 1030 scri—

2026 1076 2162 1129 bens
2192 1073 2326 1128 dicit
2354 1091 2367 1125 :
2408 1092 2423 1123 ι
2453 1071 2608 1141 impii
2645 1086 2755 1125 non
2788 1079 3038 1123 statuunt
3068 1068 3266 1122 Filium
3291 1083 3414 1123 esse
3443 1067 3615 1121 ratio-

2026 1179 2151 1218 nem
2180 1173 2238 1218 et
2264 1164 2608 1217 voluntatem
2640 1170 2695 1217 et
2747 1160 3138 1229 cogitationem
3190 1166 3247 1213 et
3281 1158 3609 1228 sapientiam

2026 1266 2285 1323 tanquam
2318 1253 2566 1307 habitum
2588 1252 3008 1306 convenientem
3025 1258 3081 1303 et
3102 1248 3611 1303 inconvenientem.

2026 1348 2091 1401 Et
2132 1346 2299 1401 simili
2336 1346 2551 1400 ratione
2593 1345 2837 1399 Joannes
2870 1343 3239 1398 Damasccnus
3269 1341 3609 1395 voluntatem

2024 1447 2082 1491 et
2118 1437 2450 1505 sapientiam
2491 1444 2547 1489 ct
2573 1436 2679 1488 vim
2713 1435 2913 1488 Filium
2939 1448 3059 1489 esse
3093 1433 3228 1487 dicit
3262 1432 3461 1486 Patris.
3491 1432 3611 1485 Non

2026 1529 2178 1582 enim
2213 1542 2508 1596 possumus
2547 1526 2850 1595 [medicare
2902 1525 2972 1579 de
3006 1525 3117 1578 Deo
3165 1523 3511 1592 qualitatem.
3546 1537 3613 1574 ne

2026 1618 2396 1688 compositum
2456 1633 2585 1671 eum
2650 1618 2922 1686 tingamus
2951 1631 3019 1669 ex
3064 1615 3308 1669 essentia
3345 1623 3395 1667 et
3435 1613 3616 1681 quali-

2030 1721 2163 1767 tate.
2220 1712 2290 1765 Et
2342 1721 2609 1781 praeterea
2657 1708 2960 1779 Gregorius
3012 1708 3297 1778 Nyssenus
3349 1705 3485 1759 dicit
3532 1720 3617 1758 re-

2028 1818 2160 1856 vera
2196 1802 2531 1871 sapientiam
2567 1810 2622 1855 et
2652 1800 2990 1855 voluntatem
3027 1798 3164 1851 nihil
3190 1812 3311 1851 esse
3340 1812 3505 1865 quam
3530 1813 3618 1850 sa-

340 1907 637 1977 Γρηγόριος
662 1904 831 1966 ὅντως
852 1906 1044 1973 σοφίαν
1066 1904 1158 1956 καὶ
1178 1904 1374 1974 βουλὴν
1392 1903 1544 1956 οὐδὲν
1568 1902 1656 1955 έτε
1664 1918 1755 1972 ρον
1778 1899 1921 1955 εἶναι

2036 1895 2311 1964 pientiam,
2345 1895 2397 1947 in
2430 1895 2748 1945 universum
2779 1890 3235 1959 praerneditatain,
3264 1888 3319 1941 in
3355 1904 3461 1957 qua
3487 1892 3613 1941 uni-

343 2000 493 2066 λέγει
523 1999 664 2059 πλὴν
695 1999 795 2067 τῆς
816 1998 912 2050 τοῦ
939 1998 1141 2060 παντὸς
1169 1996 1679 2066 προεπινοουμένης
1712 1996 1926 2065 σοφίας,

344 2090 403 2140 ὲν
432 2083 551 2157 ᾖτὰ
583 2087 763 2140 πάντα
790 2085 1009 2154 ἐγένετο
1042 2087 1136 2138 καὶ
1164 2084 1524 2154 διεκοσμήϐη·
1554 2086 1791 2154 Χριστὸς
1818 2085 1928 2155 γὰρ

344 2173 479 2227 Θεοῦ
510 2173 741 2243 δύναμις
782 2174 877 2225 καὶ
908 2170 1046 2225 Θεοῦ
1101 2172 1289 2241 σοφία.
1328 2173 1437 2227 Kal.
1466 2171 1626 2226 τοῦτο
1664 2174 1764 2242 μὲν
1801 2175 1932 2243 περὶ

343 2266 440 2321 τοῦ
489 2267 688 2320 ταυτὸν
745 2263 887 2318 εῖναι
941 2265 1086 2320 κατὰ
1140 2266 1203 2319 τὸ
1250 2266 1661 2336 σημαινόμενον
1715 2268 1930 2333 οὐσίαν,

346 2360 575 2426 δύναμιν
611 2361 704 2413 καὶ
736 2359 1129 2429 βούλησιν¹καὶ
1164 2362 1379 2429 σοφίαν.
1437 2360 1529 2413 Ἐν
1564 2360 1750 2424 ἄλλοις
1774 2360 1819 2413 δ’
1842 2361 1935 2413 εὐ·-

348 2447 593 2517 ρίσκεται
640 2448 818 2516 λέγων
848 2451 876 2502 ό
911 2449 1059 2511 θεῖος
1110 2448 1371 2519 Μάξιμος
1406 2450 1483 2513 ὡς
1513 2451 1545 2519 ἠ
1576 2450 1800 2520 θέλησις
1834 2453 1930 2505 καὶ

347 2537 379 2604 ἡ
407 2537 661 2606 βούλησις
701 2537 801 2591 οὐκ
832 2537 948 2590 ἐστι
978 2539 1182 2591 ταυτὸν
1212 2541 1278 2609 τῇ
1310 2538 1473 2608 οὐσίᾳ
1500 2537 1596 2591 τοῦ
1622 2538 1781 2592 Θεοῦ.
1824 2557 1843 2591 ι
1866 2539 1934 2593 Ἢ

351 2628 451 2697 μὲν
478 2631 585 2700 γὰρ
617 2629 838 2700 θέλησις
875 2634 972 2687 καὶ
1002 2630 1232 2701 ἄρχεται
1262 2634 1356 2685 καὶ
1389 2631 1730 2705 παύετανή
1756 2634 1813 2687 δὲ
1839 2634 1934 2687 οὐ-

350 2715 441 2767 σία
461 2716 583 2769 οὔτε
623 2717 855 2789 ἄρχεται
883 2716 1008 2771 οὔτε
1034 2719 1295 2774 παύεται.
1333 2718 1406 2773 Τὸ
1434 2720 1480 2773 δ’
1505 2721 1811 2792 ἀρχόμενον
1838 2723 1935 2776 καὶ

348 2812 657 2880 παυόμενον
702 2811 780 2882 τῷ
828 2813 971 2881 μήτε
1022 2814 1319 2885 ἀρχομένῳ
1366 2814 1507 2885 μήτε
1550 2816 1849 2885 παυομένῳ
1877 2815 1936 2867 τὸ

349 2905 482 2958 αὐτὸ
514 2901 655 2958 εἶναι
700 2906 761 2956 οὐ
798 2905 1046 2960 δύναται.
1091 2907 1153 2960 Εἰ
1204 2907 1315 2977 γὰρ
1350 2909 1547 2961 ταυτδν
1571 2905 1640 2980 ἦν
1670 2912 1739 3001 ej
1775 2910 1937 2979 οὐσίᾳ

347 2998 443 3051 τοῦ
476 2994 609 3051 Θεοῦ
641 2999 672 3066 ἡ
713 2997 996 3068 βούλησις,
1032 3000 1203 3069 ἐχρῆν
1233 3001 1368 3070 μιᾶς
1399 3000 1567 3071 οὔσης
1606 2994 1727 3072 τῆξ
1748 3001 1937 3066 οὐσίας

355 3093 484 3161 μίαν
512 3086 648 3144 εἶναι
670 3091 765 3144 καὶ
784 3091 886 3160 τὴν
909 3092 1153 3162 θέλησιν.
1172 3091 1313 3145 Ἀλλ’
1341 3094 1375 3163 ή
1398 3093 1612 3163 Γραφὴ,
1642 3111 1661 3144 ι
1691 3094 1929 3159 ﬂaua,»

352 3187 539 3257 φησὶν,
576 3204 595 3238 ι
621 3186 719 3238 ὅσα
746 3185 1032 3256 ἠθέλησεν,
1067 3184 1315 3258 ἐποίησε.
1348 3186 1529 3239 Πολλὰ
1560 3186 1654 3240 οὖν
1697 3186 1936 3258 ἠθέλησε

350 3282 445 3339 καὶ
487 3280 585 3350 οὐχ
633 3280 712 3334 ἒν.
746 3299 765 3332 ι
808 3281 916 3333 Καὶ
960 3279 1166 3350 ὁμοίως
1213 3281 1242 3333 ό
1288 3281 1432 3344 οεῖος
1464 3281 1756 3352 Κύριλλος,
1794 3300 1814 3334 ι
1868 3282 1933 3337 Ἦ

347 3374 521 3438 hoc,»
550 3375 702 3444 φησι,
727 3391 746 3424 ι
766 3356 872 3427 τῶν
900 3373 1336 3444 ὠνομασμένων,
1364 3376 1605 3445 Πατρὸς,
1637 3374 1803 3442 λέγω,
1836 3378 1936 3428 καὶ

348 3464 483 3522 Υίοῦ
527 3471 621 3520 καὶ
659 3468 819 3535 ἁγίου
861 3468 1208 3537 Πνεῦματος,
1254 3468 1631 3541 δημιουργικὴ
1682 3468 1928 3540 Θέλησις,

348 3560 436 3627 ἐφ’
460 3560 675 3629 ὅτῳπερ
706 3560 771 3613 ἂν
823 3559 1042 3627 λέγοιτο
1092 3560 1356 3629 γενέσθαι
1412 3560 1599 3631 τυχὸν,
1645 3561 1935 3632 ἐνέργημα

355 3648 457 3719 μὲν
486 3648 651 3701 αὐτοῦ
683 3650 822 3701 ἐστι’
854 3649 996 3719 πλὴν
1023 3649 1112 3702 διὰ
1142 3650 1326 3720 πάσης
1354 3650 1579 3721 ἔρχεται
1605 3652 1703 3721 τῆς
1739 3653 1934 3724 θεότη-

350 3756 461 3802 τος,
495 3740 710 3809 καὶτῆς
747 3740 889 3808 ὑπὲρ
924 3742 1023 3811 τὴν
1058 3743 1235 3796 κτίσιν
1266 3743 1457 3806 οὐσίας
1484 3745 1635 3798 ἐστὶν
1666 3746 1931 3800 άποτέλευ

357 3848 490 3899 σμα.
520 3850 541 3883 ι
603 3830 769 3901 Ὀρᾷς
801 3832 922 3895 πῶς
965 3833 998 3902 ἡ
1051 3832 1161 3885 τῶν
1199 3834 1487 3903 ὀνομάτων
1519 3838 1616 3891 καὶ
1668 3840 1936 3909 ῥημάτων

358 3924 557 3991 γνῶσις
588 3923 1011 3994 ὲπιστημονικὴ,
1055 3924 1129 3976 δι’
1152 3918 1229 3979 ὧν
1262 3926 1417 3994 λόγοι
1454 3930 1548 3980 καὶ
1580 3930 1935 3997 ἁποφαντικὰ

355 4017 603 4087 δόγματα
623 4020 800 4072 πάντα
820 4019 955 4087 πρὸς
970 4018 1185 4088 γένεσιν
1206 4019 1483 4091 ἔρχονται,
1501 4022 1744 4092 μεγάλης
1760 4023 1937 4076 δεῖται

356 4110 454 4179 τῆς
477 4112 754 4180 περινοίας
776 4114 869 4164 καὶ
886 4112 1221 4181 ὲξετάσεως;
1260 4115 1529 4185 ὁμώνυμα
1559 4112 1667 4185 γάρ
1701 4114 1820 4167 ἐστι
1868 4114 1939 4167 τὰ

360 4204 683 4259 πολλά.Καὶ
710 4206 800 4258 διὰ
829 4207 989 4259 τοῦτο
1029 4210 1233 4268 πάντες
1255 4209 1304 4261 οἱ
1327 4208 1434 4262 τῶν
1485 4209 1784 4279 αίρετικῶν
1818 4209 1940 4261 Θία-

360 4314 462 4365 σοι,
493 4298 705 4361 τούτοις
738 4299 1231 4370 έγκαλυπτόμενοι,
1263 4299 1544 4365 τοξεύουσι
1604 4302 1727 4354 κατ’
1756 4300 1940 4354 ἄλλοτ’

357 4390 553 4453 ἄλλους
580 4392 808 4461 καιροὺς
831 4392 1053 4461 ἀφανῶς
1072 4392 1170 4463 τὴν
1202 4392 1488 4446 εὐσέὸειαν
1505 4392 1580 4454 ὡς
1605 4394 1672 4446 ὲκ
1692 4392 1900 4463 λόχμης
1919 4408 1935 4425 ο

356 4475 401 4549 ᾧ
423 4483 488 4554 δὴ
511 4483 605 4536 καὶ
631 4482 809 4552 λέγων
840 4484 937 4537 καὶ
959 4485 1187 4554 γράφων
1224 4486 1311 4539 καὶ
1340 4485 1502 4549 αὐτὸς
1523 4485 1794 4555 κέχρησαι
1822 4484 1934 4537 τολ-

2032 1998 2195 2037 versa
2227 1982 2371 2036 facta
2405 1983 2516 2035 sint
2567 1991 2624 2036 et
2658 1980 2951 2034 adornata.
3011 1976 3268 2033 Christus
3325 1979 3473 2031 enim
3521 1978 3612 2031 Dei

2032 2086 2117 2133 est
2151 2077 2234 2131 vis
2265 2085 2321 2130 et
2349 2075 2444 2129 Dci
2470 2073 2764 2144 sapientia.
2795 2074 2975 2141 Atque
3008 2070 3110 2126 hoc
3137 2070 3360 2140 quidem
3384 2068 3618 2124 suﬁiciat

2033 2171 2104 2225 de
2128 2185 2218 2233 eo,
2245 2168 2395 2238 quod
2431 2168 2575 2222 idem
2606 2176 2689 2221 est
2717 2182 2781 2221 ex
2814 2164 3217 2234 signiﬁcatione
3246 2164 3510 2225 essentia,
3536 2164 3619 2215 κίε

2034 2272 2090 2316 et
2119 2263 2381 2316 voluntas
2405 2268 2462 2315 et
2490 2259 2786 2328 sapientia.
2822 2258 2901 2312 Ex
2933 2257 3053 2312 aliis
3088 2257 3397 2326 reperimus
3427 2257 3620 2311 dicen-
3686 2306 3691 2309 ,

2036 2364 2144 2410 tem
2189 2353 2483 2407 Maximum
2539 2351 2838 2407 divinum:
2892 2350 3196 2405 Consilium
3255 2358 3313 2404 et
3361 2350 3620 2403 voluntas

2036 2464 2145 2501 non
2176 2456 2305 2501 sunt
2344 2447 2487 2500 idem
2519 2455 2686 2516 atque
2714 2444 2958 2500 essentia
2991 2443 3122 2509 Dei;
3172 2445 3433 2499 voluntas
3470 2444 3620 2499 enim

2036 2550 2094 2595 et
2127 2540 2325 2611 incipit
2359 2550 2416 2595 ct
2443 2539 2674 2604 desinit,
2700 2538 2945 2593 essentia
2982 2546 3174 2593 autem
3197 2552 3380 2607 neque
3430 2536 3625 2604 incipit

2038 2649 2220 2704 neque
2254 2633 2500 2699 desinit;
2537 2631 2685 2703 quod
2710 2643 2894 2686 autem
2928 2630 3122 2701 incipit
3153 2638 3209 2685 et
3244 2629 3467 2693 desinit,
3496 2645 3622 2684 cum

2037 2744 2126 2794 eo,
2157 2728 2305 2798 qttod
2332 2742 2515 2797 neque
2543 2725 2742 2795 incipit
2767 2738 2951 2793 neque
3016 2722 3244 2787 desinit,
3299 2723 3446 2777 idem
3502 2738 3626 2777 esse

2039 2836 2151 2875 non
2183 2829 2389 2890 potest.
2437 2819 2667 2874 Etenim
2721 2817 2765 2872 si
2808 2816 2956 2871 idem
2996 2825 3145 2872 esset
3198 2826 3358 2870 cum'
3389 2816 3626 2870 essentia

2038 2913 2134 2968 Dei
2176 2914 2459 2976 voluntas,
2486 2919 2775 2982 oporteret
2793 2924 2920 2964 cum
2944 2924 3055 2963 una
3072 2910 3142 2977 sit
3168 2908 3431 2973 essentia,
3458 2922 3625 2961 unam

2038 3021 2162 3062 esse
2210 3005 2379 3061 etiam
2419 3005 2789 3060 voluntatem.
2827 3002 2936 3058 Sed
2994 3002 3306 3072 Scriptura,
3340 3019 3359 3053 ι
3403 2998 3627 3067 Omnia,

2044 3101 2251 3170 inquit,
2286 3113 2639 3169 quaecunque
2673 3097 2873 3164 voluit,
2915 3098 3184 3151 creavit.»
3255 3096 3423 3151 Multa
3456 3097 3629 3166 igitur

2041 3190 2236 3254 voluit,
2274 3205 2457 3261 neque
2482 3204 2618 3245 vero
2642 3204 2836 3245 unum.
2869 3187 2939 3252 Et
2961 3187 3127 3243 simili
3157 3188 3368 3241 ratione
3389 3188 3631 3259 Cyrillns

2039 3283 2282 3347 divinus,
2340 3282 2632 3348 Voluntas,
2710 3281 2914 3352 inquit,
2972 3282 3139 3336 unius
3190 3282 3627 3345 nominatornm,

2042 3377 2231 3433 Patris
2262 3376 2387 3432 dico
2409 3386 2465 3431 et
2492 3375 2617 3431 Filii
2648 3385 2705 3431 et
2735 3375 2899 3445 293
2929 3374 3173 3445 Spiritus
3207 3375 3407 3440 sancti,
3433 3391 3630 3430 creans

2038 3467 2183 3537 apud
2205 3480 2596 3538 quemcunque
2613 3479 2735 3521 esse
2762 3466 2990 3532 dicitur,
3012 3465 3218 3520 factum
3242 3465 3363 3534 ejus
3389 3475 3494 3532 est,
3531 3468 3627 3521 ενα

2037 3571 2139 3627 ρει·
2170 3566 2338 3613 totam
2371 3556 2718 3613 divinitatem
2743 3565 2828 3611 est
2859 3557 2977 3612 fusa
3008 3557 3361 3621 etessentiae,
3394 3572 3518 3627 qua:
3542 3567 3630 3613 est

2037 3658 2166 3705 ante
2196 3650 2558 3712 creationem,
2594 3660 2680 3705 est
2706 3647 2993 3718 perfectio.
3020 3648 3207 3714 Vides,
3239 3650 3527 3704 nominum
3576 3661 3633 3706 ct

2039 3740 2344 3797 verborum
2370 3741 2739 3812 cognitionem
2768 3740 3233 3813 philosophicam,
3257 3758 3285 3795 a
3304 3742 3510 3811 quibus
3530 3758 3633 3794 no-

2042 3834 2226 3890 tiones
2258 3844 2314 3889 et
2344 3833 2601 3905 dogmata
2650 3835 2953 3889 constituta
2978 3834 3159 3888 omnia
3212 3836 3630 3899 oriuntur,ma—
3666 3846 3674 3854 '

2036 3943 2197 3998 gnam
2222 3928 2506 3998 requirere
2520 3926 2864 3997 prudentiam
2888 3937 2945 3983 et
2963 3927 3327 3997 quaastionem
3353 3929 3554 3999 :cjusd.
3576 3945 3628 3983 m

2039 4021 2188 4075 enim
2217 4020 2463 4075 nominis
2489 4028 2619 4074 sunt
2646 4020 2991 4090 plerumque.
3025 4020 3092 4075 Et
3117 4030 3408 4092 propterea
3434 4036 3629 4077 omnes

2038 4114 2429 4170 haereticorum
2463 4124 2641 4170 costus
2667 4157 2681 4180 ,
2712 4114 2800 4169 his
2835 4114 3069 4169 involuti
3097 4153 3113 4178 ,
3148 4121 3347 4183 petunt
3395 4115 3630 4171 diversis

2038 4207 2386 4278 temporibus
2423 4206 2665 4262 obscure
2700 4207 2963 4276 pietatem
3001 4216 3261 4276 tanquam
3287 4220 3356 4260 ex
3387 4205 3628 4273 insidiis,

2037 4316 2144 4371 qua
2169 4309 2223 4354 et
2242 4300 2360 4371 ipse
2384 4314 2518 4353 usus
2542 4314 2603 4355 es
2620 4298 2850 4354 audacia
2867 4308 2923 4354 et
2942 4296 3180 4354 dicendo
3223 4308 3280 4352 et
3332 4298 3631 4354 scribendo

2038 4395 2266 4449 omnino
2320 4393 2591 4447 maxime
2634 4403 2827 4447 contra
2895 4391 3151 4461 dogmata
3207 4390 3390 4445 divina
3444 4392 3629 4447 omnia

2038 4487 2149 4550 illa,
2181 4501 2244 4540 ac
2276 4499 2455 4554 neque
2491 4492 2809 4553 pascentem
2848 4482 3035 4538 omnia
3058 4482 3190 4538 solis
3226 4484 3433 4554 ignem,
3463 4498 3630 4554 quem

359 4576 571 4646 μήματι
599 4577 913 4630 παντάπασι
955 4579 1097 4631 κατὰ
1142 4578 1249 4633 τῶν
1282 4578 1444 4631 θείων
1472 4579 1761 4648 δογμάτων
1785 4580 1931 4649 μάλι-

2049 4588 2244 4635 testem
2281 4578 2451 4632 habes
2494 4576 2779 4647 pravitatis
2820 4586 2948 4643 tuas,
2983 4576 3195 4632 vereris
3220 4617 3235 4641 ,
3269 4590 3454 4646 neque
3497 4577 3633 4632 solis

357 4670 678 4724 σταπάντων
696 4670 944 4737 ἐκείνων,
958 4672 1051 4723 καὶ
1080 4669 1203 4724 οὔτε
1219 4670 1319 4742 τὴν
1339 4671 1408 4724 τὰ
1424 4672 1607 4726 πάντα
1626 4671 1929 4742 βόσκουσαν

2039 4666 2348 4727 crea‘orem
2400 4684 2581 4739 neque
2612 4669 2899 4724 hominum
2939 4682 3292 4739 quemquam.

354 4766 504 4837 ἡλίου
530 4766 701 4835 φλόγα
736 4766 991 4837 μάρτυρα
1022 4767 1121 4837 τῆς
1145 4766 1413 4837 πονηρίας
1440 4764 1578 4837 ἔχων
1604 4766 1863 4839 αἰσχύνῃ,
1888 4763 2014 4820 οὐτε
2036 4767 2144 4837 μὴν
2162 4764 2254 4817 τὸν
2270 4763 2365 4818 τοῦ
2390 4763 2545 4834 ἡλίου
2569 4763 2634 4833 δη
2645 4760 3045 4833 μιουργὸν,οΰτ’
3071 4763 3376 4835 ἀνθρώπων
3407 4766 3626 4822 οὐδένα.

428 4858 525 4914 ll".
550 4862 661 4914 Καὶ
686 4858 774 4913 ἴνα
798 4876 856 4911 σε
881 4860 975 4913 καὶ
1018 4860 1120 4929 τὴν
1146 4859 1244 4929 τῆς
1277 4859 1563 4928 ἐνεργείας
1591 4860 1791 4924 διδάξω
1822 4877 1939 4929 φω-

353 4953 452 5021 νὴν
480 4951 644 5006 οὖσαν
672 4950 877 5019 μᾶλλον
905 4951 1019 5003 τῶν
1047 4950 1364 5022 ὁμωνύμων
1399 4951 1591 5022 αὐτὴν,
1630 4951 1697 5023 [Γ.
1730 4952 1835 5006 MO
1862 4949 1934 5023 r.]

355 5046 450 5099 καὶ
478 5044 905 5115 λαμϐανομένην
957 5045 1051 5098 καὶ
1101 5044 1191 5096 ἐπ’
1227 5043 1405 5097 ἄλλων
1458 5043 1583 5115 μὲν,
1616 5044 1754 5098 ἀλλὰ
1798 5045 1938 5097 κάπὶ

355 5137 452 5204 τῆς
484 5136 634 5198 Θείας
662 5136 877 5204 ἐκείνης
904 5135 1001 5187 καὶ
1036 5135 1317 5203 μακαρίας
1351 5134 1541 5197 οὐσίας
1568 5136 1664 5187 καὶ
1698 5134 1937 5205 φύσεως,

353 5231 481 5281 ὅταν
535 5227 1003 5299 ἀπροσδιορίστως
1062 5227 1313 5296 λέγηται,
1364 5226 1459 5279 τοῦ
1518 5226 1665 5279 Θείου
1718 5225 1937 5296 πρῶτον

356 5321 517 5374 ἄκουε
559 5318 839 5389 Μαξίμου·
874 5339 893 5371 ι
934 5320 999 5372 Ἡ
1036 5314 1599 5389 αὐτοῦπεραγαθότης
1643 5317 1770 5383 νοῦς
1803 5317 1940 5371 οὖσα

354 5417 449 5468 καὶ
481 5415 576 5482 ὅλη
632 5415 883 5482 ἐνέργεια
932 5415 1013 5473 είς
1047 5410 1245 5480 ἑαυτὴν
1279 5410 1641 5481 ὲστραμμένη
1682 5411 1939 5481 ἐνέργειά

357 5512 525 5571 ἐστιν,
555 5509 616 5560 οὐ
667 5508 896 5574 δυνάμει
948 5509 1220 5574 πρότερον
1279 5503 1415 5557 οὖσα
1450 5505 1759 5575 ἀφροσύνη,
1818 5501 1938 5557 εἶτα

353 5595 477 5660 νοῦς
510 5597 762 5669 ἐνεργείᾳ
788 5597 1083 5668 γενομένη.
1134 5596 1299 5650 Ὅθεν
1338 5596 1431 5649 καὶ
1454 5595 1580 5660 νοῦς
1616 5598 1736 5649 ὲστι
1770 5597 1936 5666 μόνος

353 5688 614 5758 καθαρὸς,
650 5689 750 5742 οὐκ
774 5690 1067 5761 ἐπίκτητον
1098 5688 1237 5759 ἔχων
1262 5688 1323 5741 τὺ
1356 5692 1596 5759 φρονεῖν,
1632 5690 1769 5743 ἀλλὰ
1804 5690 1938 5759 παρ’

354 5785 549 5837 ἑαυτοῦ
581 5784 795 5844 πάντως
824 5787 956 5838 νοεῖ.
985 5785 1045 5837 Ei
1077 5785 1184 5854 γὰρ
1218 5784 1252 5852 ὴ
1278 5784 1377 5851 μὲν
1407 5783 1567 5834 οὐσία
1599 5782 1766 5835 αὐτοῦ
1800 5784 1933 5853 άλλη

355 5879 526 5951 ἐστὶν,
562 5877 599 5931 ὃ.
629 5877 685 5931 δὲ
714 5879 823 5930 νοεῖ
851 5878 1015 5949 ἕτερα
1058 5878 1224 5932 αὐτοῦ
1258 5880 1426 5945 ἐστιν,
1460 5876 1689 5948 ἀνόητος
1717 5876 1870 5931 ἔσται
1899 5881 1934 5948 ἡ

2106 4857 2248 4912 Xlll.
2282 4857 2351 4912 Et
2391 4866 2450 4910 ut
2482 4866 2534 4910 te
2561 4857 2732 4910 etiam
2763 4855 3073 4911 efﬁcientiae
3116 4855 3377 4912 edoceam
3435 4875 3635 4915 vocem

2036 4964 2158 5005 esse
2192 4948 2360 5019 magis
2385 4946 2708 5001 eorumdem
2739 4948 3025 5023 nominum
3056 4946 3255 5016 ipsam,
3282 4955 3339 5002 et
3368 4952 3633 5017 usurpari

2036 5051 2093 5096 et
2122 5041 2176 5095 in
2209 5040 2334 5095 aliis
2364 5038 2612 5109 quidem,
2632 5038 2727 5094 sed
2757 5047 2813 5093 et
2838 5039 2893 5092 in
2924 5037 3108 5093 divina
3137 5038 3229 5092 illa
3266 5048 3325 5094 et
3352 5040 3513 5096 beata
3540 5059 3633 5095 cs-

2039 5134 2218 5191 sentia
2258 5142 2314 5188 et
2346 5142 2567 5197 natura,
2621 5148 2747 5187 cum
2777 5132 3076 5188 indiscrete
3107 5134 3349 5198 dicatur,
3384 5136 3633 5204 primum

2038 5227 2288 5281 divinum
2322 5226 2517 5279 audias
2547 5225 2844 5279 Maximum
2889 5242 2905 5281 :
2938 5225 3173 5280 Maxima
3209 5226 3463 5291 bonitas,
3509 5243 3635 5296 quae

2048 5338 2203 5379 mens
2236 5331 2339 5388 est,
2384 5331 2439 5375 et
2469 5323 2649 5378 omnis
2677 5321 2999 5389 cllicientia,
3029 5325 3085 5376 in
3120 5337 3179 5377 se
3211 5323 3633 5389 conversa,elii-

2047 5418 2247 5473 cientia
2269 5424 2375 5484 est,
2392 5432 2517 5470 cum
2552 5433 2660 5470 non
2688 5417 2993 5471 secundum
3026 5417 3332 5486 potentiam
3368 5426 3526 5470 antea
3562 5419 3635 5473 sit

2041 5511 2303 5573 amentia,
2350 5517 2539 5578 postea
2582 5524 2738 5564 mens
2792 5509 3096 5565 secundum
3147 5508 3498 5563 efﬁcientiam
3535 5498 3632 5575 tit;

2041 5605 2226 5673 itaque
2258 5604 2424 5656 etiam
2470 5618 2628 5657 mens
2667 5610 2755 5657 est
2798 5603 2913 5657 sola
2962 5617 3251 5672 pura,non
3289 5601 3496 5657 factitia
3540 5621 3635 5657 u-a

2039 5696 2394 5764 cogitatione,
2429 5694 2524 5750 sed
2557 5711 2655 5765 per
2674 5709 2732 5750 se
2756 5696 2927 5764 ipsam
2976 5697 3203 5750 omnino
3236 5696 3493 5765 intelligit
3545 5700 3638 5751 iit-

2040 5791 2185 5844 enim
2213 5789 2257 5843 si
2278 5788 2514 5844 essentia
2536 5790 2655 5859 ejus
2676 5789 2891 5843 diversa
2915 5799 3017 5854 est,
3039 5806 3159 5858 qua:
3182 5799 3363 5846 autem
3380 5793 3541 5863 291],
3560 5797 3641 5847 in—

2038 5877 2343 5950 telligit,ab
2371 5892 2435 5933 ea
2458 5878 2674 5934 diversa
2707 5886 2857 5946 sunt,
2872 5879 2989 5933 sine
3016 5893 3180 5932 sensu
3200 5881 3270 5932 sit
3304 5896 3528 5936 necesse
3552 5893 3634 5936 est
