4034 6494
513 395 622 458 259

1719 395 2144 459 NICEPHORI
2189 400 2232 458 Ο
2251 401 2579 465 ΠΕΟΟΒΕ

3663 397 3756 460 ιιι)

511 508 752 566 essentia
781 509 918 578 eius.
946 505 1000 562 Si
1029 505 1161 576 quid
1188 514 1372 560 autem
1398 505 1587 570 habet,
1620 520 1648 559 a
1677 522 1737 562 se
1767 508 1882 577 ipsa
1909 510 2097 571 habet,

2211 514 2369 565 οὐσία
2398 512 2569 566 αὑτοῦ
2588 527 2602 541 ·
2639 512 2758 565 είτι
2781 509 2838 562 δὲ
2866 507 3004 579 ἔχει,
3035 506 3165 574 παρ’
3191 504 3387 559 ἑαυτοῦ
3411 504 3538 574 ἔχει,
3559 505 3617 558 οὐ
3643 507 3757 577 παρ’

516 617 624 658 non
657 603 728 655 ab
758 601 886 654 alio.
916 598 971 653 Si
997 614 1028 651 a
1050 614 1107 653 se
1138 599 1276 667 ipsa,
1300 598 1466 651 etiam
1496 612 1593 666 per
1621 597 1792 666 ipsam
1822 599 2099 668 intelligit.

514 696 639 764 Ipsa
674 704 858 749 autem
889 702 973 746 est
1005 706 1093 755 ea,
1125 706 1248 759 quae
1276 689 1565 758 intelligit;
1607 689 1773 758 igitur
1794 706 1920 743 cum
1948 707 2104 746 mens

516 787 609 846 sit,
642 799 835 838 revera
885 782 1143 850 intelligit
1170 795 1234 834 ea
1269 796 1389 848 qua:
1418 779 1490 833 ita
1520 790 1651 834 sunt
1675 794 2018 848 comparata,
2047 793 2107 836 ut

514 894 579 931 ea
613 879 750 944 ipsa.
784 874 948 927 Vides
981 872 1338 927 efﬁcientiam
1375 880 1428 924 et
1475 884 1714 925 tuentem
1745 881 1801 927 et
1834 873 2103 928 rationem

517 968 867 1037 intelligendi
906 976 962 1020 et
991 965 1269 1035 cogitandi
1315 965 1431 1019 sive
1470 962 1891 1032 intelligentiam
1927 976 1983 1019 et
2011 981 2105 1021 co-

515 1062 841 1129 gitationem
878 1058 1023 1111 idem
1072 1072 1195 1110 esse
1226 1071 1350 1109 cum
1387 1058 1627 1110 essentia
1670 1057 2040 1112 demonstrari
2073 1073 2103 1111 a

512 1150 703 1205 divino
733 1150 827 1202 illo
856 1147 1158 1215 tttagistt-o?
1184 1146 1385 1214 Accipe
1410 1158 1593 1200 autem
1631 1161 1797 1216 porro
1826 1148 1991 1200 etiam
2023 1147 2106 1201 al-

513 1254 694 1297 terunt
732 1241 983 1311 ejusdem
1014 1240 1223 1294 dictum
1252 1240 1446 1294 eodem
1491 1240 1655 1293 modo
1681 1250 2058 1308 comparatum
2089 1258 2103 1293 :

507 1335 664 1389 Nulla
690 1349 777 1388 res
796 1333 1022 1387 omnino
1043 1348 1139 1401 per
1154 1348 1211 1385 se
1244 1332 1359 1400 ipsa
1381 1343 1465 1386 est
1492 1331 1722 1400 simplex
1746 1333 1985 1387 essentia
2009 1342 2106 1389 aut

508 1425 890 1493 intelligentia,
914 1433 974 1477 ut
1006 1423 1174 1477 etiam
1232 1438 1422 1476 monas
1469 1423 1541 1476 sit
1581 1421 1890 1477 individua.
1927 1423 2100 1478 Deum

2207 608 2393 662 ἄλλου.
2425 607 2486 660 Ei
2512 607 2569 660 δὲ
2595 605 2726 674 παρ’
2761 602 2958 657 ἑαυτοῦ
2992 602 3089 655 καὶ
3119 604 3178 666 ἐξ
3224 598 3421 654 ἑαυτοῦ
3457 602 3580 665 νοεῖ,
3611 601 3756 664 αὐτὸς

2206 701 2354 752 ἐστιν
2383 698 2420 752 ἃ
2449 699 2582 753 νοεῖ.
2614 697 2827 751 Οὐκοῦν
2855 693 2980 755 νοῦς
3012 693 3092 747 ὣν
3116 692 3287 755 ὅντως
3320 695 3435 745 νοεῖ
3462 693 3523 745 τὰ
3548 692 3669 746 ὅντα
3691 691 3757 755 ὡς

2207 789 2300 843 ὢν.
2336 810 2354 839 ι
2411 790 2574 860 Ὁρᾷς
2620 789 2738 852 πῶς
2781 787 3072 856 ἐνέργειαν·
3112 784 3208 836 καὶ
3247 782 3371 835 νοῦν
3396 783 3491 836 καὶ
3520 788 3652 835 νοεῖν
3675 786 3760 835 καὶ

2208 882 2449 951 φρονεῖν,
2482 880 2664 932 εῖτουν
2698 880 2884 945 νόησιν
2937 877 3034 929 καὶ
3069 875 3354 944 φρόνησιν,
3378 871 3569 925 ταυτὸν
3590 873 3651 941 τῇ
3681 872 3757 924 οὐ·

2208 975 2300 1044 σία
2325 972 2597 1025 δείκνυσιν
2648 973 2673 1023 ό
2704 969 2850 1031 θεῖος
2894 962 3047 1030 οὗτος
3078 967 3432 1029 διδάσκαλοςς
3470 965 3657 1015 ’Ἄκουε
3705 962 3758 1014 δὲ

2204 1068 2391 1121 λοιπὸν
2422 1066 2516 1118 καὶ
2564 1065 2761 1133 ἑτέραν
2785 1062 2882 1116 τοῦ
2918 1060 3088 1114 αὑτοῦ
3113 1062 3272 1129 ῥῆσιν
3305 1057 3497 1126 ὁμοίως
3522 1055 3754 1125 ἔχουσαν*

2209 1179 2228 1211 ι
2267 1159 2434 1212 Οὐδὲν
2463 1157 2573 1209 τῶν
2599 1157 2766 1209 ὄντων
2794 1155 2857 1207 τὸ
2889 1153 3111 1206 σύνολον
3139 1150 3272 1204 αὐτὸ
3319 1147 3440 1201 καθ’
3468 1146 3592 1199 αὐτὸ
3626 1143 3759 1214 ἀττλῆ

2202 1267 2286 1313 τις
2313 1248 2471 1301 οὐσία
2499 1246 2532 1315 ἢ
2557 1246 2740 1312 νόησίς
2769 1244 2941 1304 ἐστιν,
2966 1242 3055 1295 ῖνα
3079 1242 3176 1292 καὶ
3205 1236 3372 1309 μονὰς
3456 1234 3755 1303 ἀδιαίρετος.

2202 1342 2307 1396 Τὸν
2332 1341 2389 1395 δὲ
2421 1340 2559 1394 Θεὸν
2593 1337 2706 1392 είτε
2731 1336 2921 1390 οὐσίαν
2955 1335 3233 1402 εἴποιμεν,
3269 1330 3369 1385 οὐκ
3399 1328 3506 1398 ἔχει
3530 1324 3759 1395 φυσικῶς

2203 1433 2705 1502 συνεπινοουμένην
2739 1429 2838 1499 τὴν
2872 1427 2967 1481 τοῦ
3014 1424 3258 1480 νοεῖσθαι
3286 1420 3535 1485 δύναμιν,
3567 1417 3651 1470 ἵνα
3691 1415 3759 1486 μὴ

504 1527 689 1572 autem
751 1516 867 1570 sive
915 1515 1210 1569 essentiam
1261 1514 1517 1579 dicimus,
1538 1528 1648 1568 non
1687 1514 1849 1569 habet
1888 1514 1979 1568 ille
2029 1516 2105 1569 si-

507 1612 620 1665 ntui
653 1608 992 1679 intelligendi
1020 1610 1151 1674 vim,
1173 1606 1281 1661 nisi
1306 1607 1450 1662 forte
1479 1607 1821 1678 compositus
1851 1615 1960 1671 est,
1986 1606 2103 1662 sive

505 1701 945 1769 intelligentiam,
973 1714 1080 1751 non
1105 1697 1272 1751 habet
1300 1711 1330 1750 a
1362 1707 1558 1751 natura
1604 1696 1964 1766 recipientem
2009 1696 2102 1750 ille

505 1793 889 1862 intelligentia:
929 1788 1268 1858 suppositam
1289 1787 1733 1843 essentiam.Sed
1767 1796 1985 1857 propter
2016 1801 2106 1842 es-

503 1857 738 1938 sentiam
780 1883 923 1936 Dens
950 1857 1048 1935 est,
1081 1878 1468 1949 intelligentia,
1508 1886 1567 1933 et
1605 1888 1752 1934 totus
1784 1888 1867 1933 est
1897 1878 2097 1932 intelli-

2203 1857 2313 1948 καὶ,
2346 1892 2531 1961 μόνον,
2567 1892 2663 1945 καὶ
2689 1889 2830 1959 ὑπὲρ
2857 1857 3075 1942 ὀὐσίαν
3119 1883 3267 1950 ὅλος,
3306 1884 3404 1938 καὶ
3434 1878 3571 1948 ὑπὲρ
3592 1875 3761 1946 νόησιν

504 1974 686 2047 gentia
718 1983 772 2028 et
798 1972 973 2027 solum
996 2011 1010 2032 ,
1036 1979 1094 2024 et
1125 1978 1351 2040 pr0pter
1383 1969 1801 2041 intelligentiam
1827 1970 2095 2040 essentia,

2202 1985 2344 2050 ὅλος,
2373 1985 2509 2038 διότι
2549 1981 2719 2054 μονὰς
2742 1980 3052 2051 ἀδιαίρετος
3079 1980 3176 2032 καὶ
3201 1975 3421 2047 ἀμερὴς
3443 1968 3711 2038 καὶάπλῆ.
3739 1985 3755 2019 t

2200 1525 2235 1604 ᾗ
2271 1527 2528 1602 σύνθετος
2548 1540 2562 1554 '
2596 1524 2706 1578 εἴτε
2732 1523 2941 1593 νόησιν,
2977 1520 3079 1572 οὐκ
3107 1517 3224 1588 ἔχει
3249 1520 3495 1585 φυσικῶς
3524 1508 3759 1578 δεκτικὴν

2199 1598 2303 1690 τῆς
2332 1598 2572 1687 νοήσεως
2628 1612 3001 1683 ὑποκειμένην
3045 1608 3258 1663 οὐσίαν.
3316 1603 3457 1659 Ἀλλ’
3486 1600 3611 1655 αὑτδ
3650 1598 3759 1652 κατ’

2199 1711 2389 1764 οὐσίαν
2417 1708 2604 1777 νόησίς
2632 1708 2785 1761 ἔστιν
2816 1706 2843 1758 ὁ
2872 1702 3032 1767 Θεὸς,
3057 1700 3155 1754 καὶ
3178 1699 3300 1763 ὅλος
3329 1697 3516 1767 νόησις
3555 1694 3647 1747 καὶ
3673 1690 3752 1760 μό-

2202 1819 2316 1865 νον,
2349 1801 2448 1855 καὶ
2474 1800 2607 1853 αὐτὸ
2633 1798 2778 1852 κατά
2799 1794 2900 1867 τὴν
2924 1793 3111 1862 νόησιν
3141 1789 3320 1852 οὐσία,
3357 1788 3452 1843 καὶ
3473 1786 3589 1847 ὅλος
3619 1779 3761 1834 οὐσία

501 2076 558 2122 et
601 2076 748 2121 totus
797 2074 885 2120 est
906 2063 1147 2120 essentia
1178 2071 1230 2117 et
1260 2062 1437 2117 solum
1463 2071 1519 2117 et
1543 2069 1771 2133 propter
1796 2062 2094 2118 essentiam

504 2162 677 2219 totus,
721 2162 778 2207 et
825 2162 1053 2223 propter
1103 2151 1521 2216 intelligentiam
1562 2160 1729 2220 totus,
1761 2162 2099 2223 quapropter

504 2260 697 2300 monas
720 2253 806 2299 est
837 2243 1123 2314 individua
1147 2251 1203 2296 et
1226 2242 1463 2299 indivisa
1480 2253 1536 2298 et
1561 2244 1813 2314 simplex.
1834 2245 1899 2301 Et
1925 2245 2056 2300 alibi
2079 2288 2094 2312 ,

503 2333 693 2389 Mones
706 2333 877 2398 enim,
906 2312 1391 2402 inquit,.divinitas
1414 2342 1522 2398 est,
1540 2312 1720 2403 neque
1739 2349 1869 2388 vero
1892 2334 2023 2405 dyas
2045 2347 2102 2390 ct

503 2427 776 2492 trias,scd
806 2440 915 2480 non
934 2426 1249 2489 multitudo,
1270 2426 1413 2481 initii
1446 2434 1744 2497 estcxpcrs
1758 2438 1814 2484 et
1843 2429 2100 2499 incorpo-

505 2534 599 2574 rea
619 2527 676 2572 et
704 2516 1059 2572 constans.Et
1085 2532 1310 2571 rursus:
1335 2517 1472 2572 illud
1489 2518 1634 2574 enim
1666 2529 1861 2574 natura
1887 2531 2103 2575 estma-

505 2611 652 2663 xime
680 2608 842 2678 295
872 2608 1049 2662 solum
1075 2649 1089 2669 ,
1124 2607 1430 2678 integrum,
1466 2608 1895 2679 incompositum
1929 2623 1981 2666 et
2013 2613 2097 2666 in-

502 2702 824 2757 dissolubile
856 2710 913 2757 et
942 2716 1097 2771 teque
1132 2700 1292 2757 abest
1320 2718 1350 2756 a
1391 2701 1719 2758 substantias
1750 2705 1985 2759 monade
2010 2713 2100 2758 at-

501 2808 608 2862 que
637 2810 669 2848 a
695 2791 941 2847 materiae
968 2791 1144 2861 dyade
1162 2801 1220 2846 et
1242 2807 1273 2847 a
1308 2792 1663 2849 multitudine
1694 2796 2090 2849 essentiarum.

508 2882 671 2938 Vides
703 2883 933 2937 omnino
976 2881 1125 2936 hunc
1155 2881 1407 2937 divinum
1434 2891 1621 2938 vetare
1654 2884 1979 2953 magistrum
2007 2885 2099 2941 hic

500 2978 692 3032 vocem
728 2974 922 3029 triatlis
956 2982 1218 3043 tanquam
1255 2990 1548 3029 numerum
1596 2974 1899 3031 multorum
1938 2979 2089 3050 cogi-

500 3069 646 3123 tari?
672 3068 831 3123 Trias
866 3070 1037 3130 enim,
1081 3066 1284 3135 inquit,
1333 3076 1417 3122 est
1463 3083 1679 3134 monas,
1734 3084 1915 3140 neque
1958 3085 2092 3125 vero

2203 2081 2315 2134 Κάὶ
2335 2075 2595 2149 ἀλλαχοῦ,
2632 2094 2653 2128 ι
2681 2073 2869 2135 Μονὰς
2886 2073 3022 2144 γὰρ,
3063 2089 3084 2124 ι
3117 2069 3307 2140 φησιν,
3350 2086 3369 2120 ‹
3393 2068 3427 2137 ἡ
3454 2064 3659 2133 θεότης,
3677 2060 3766 2115 καὶ

2203 2171 2263 2226 οὗ
2314 2170 2480 2234 δυὰς,
2529 2167 2625 2221 καὶ⁹
2658 2163 2837 2235 τριὰς,
2890 2161 3007 2216 ἀλλ’
3036 2161 3098 2215 οὐ
3133 2158 3367 2230 πλῆθος,
3421 2157 3496 2221 ὡς
3521 2155 3762 2222 ἄναρχος,

2201 2262 2497 2332 ἀσὼματός
2523 2277 2581 2314 τε
2615 2259 2711 2313 καὶ
2739 2256 3162 2315 ἀστασίαστος.»
3187 2251 3297 2305 Καὶ
3325 2250 3510 2309 πάλιν,
3538 2266 3557 2299 ι
3578 2246 3766 2300 Ἐκεῖνο

2204 2355 2314 2423 γὰρ
2345 2352 2505 2422 φύσει
2532 2347 2843 2419 μονώτατον
2866 2345 3091 2409 τέλειον,
3117 2343 3178 2395 τὸ
3199 2340 3495 2394 ἀσύνθετον
3510 2338 3602 2391 καὶ
3621 2335 3767 2391 ἀσκέ-

2201 2444 2400 2498 δαστον
2455 2442 2552 2495 καὶ
2583 2439 2787 2509 φεῦγον
2821 2437 2912 2491 ἐπ’
2944 2435 3071 2504 ίσης
3102 2433 3165 2489 τό
3205 2449 3267 2485 τε
3309 2430 3435 2486 καθ’
3488 2426 3766 2483 ὕπόστασιν

2207 2532 2498 2605 μοναδικδν
2524 2531 2622 2587 καὶ
2647 2530 2710 2585 τὸ
2735 2528 2861 2586 καθ’
2887 2526 3022 2595 ὓλην
3042 2525 3229 2579 δυῖκδν
3253 2524 3351 2578 καὶ
3375 2524 3437 2577 τὸ
3462 2522 3580 2577 κατ’
3599 2517 3767 2573 οὐσίαν

2160 2656 2167 2665 κ
2202 2622 2594 2689 πληθυντικόν.
2624 2638 2645 2674 ι
2693 2618 2858 2690 Ὅρᾷς
2884 2616 3004 2681 πῶς
3038 2616 3097 2667 τὸ
3145 2611 3526 2683 πληθυντικὴν
3548 2605 3768 2663 νοεῖσθαι

2202 2717 2304 2788 τὴν
2326 2715 2429 2784 τῆς
2457 2713 2687 2786 Τριάδος
2719 2708 2959 2764 ἐνταῦθα
2992 2706 3180 2776 φωνὴν
3226 2706 3579 2760 παντάπασιν
3597 2703 3624 2755 ὁ
3641 2700 3770 2761 θεῖος

2202 2805 2360 2873 οὗτος
2379 2803 2721 2875 ἀπαγορεύει
2752 2800 3115 2864 διδάσκαλος;
3163 2797 3356 2860 Μονὰς
3380 2798 3509 2866 γὰρ,
3540 2789 3769 2862 (patrimi)

2204 2901 2378 2974 Τριάς
2410 2899 2506 2953 καὶ
2533 2900 2594 2950 οὐ
2638 2894 2869 2965 πλῆθος,
2919 2890 3015 2944 καὶ
3042 2890 3180 2959 πρός
3226 2907 3291 2957 γε
3329 2887 3641 2960 μονώτατον
3687 2884 3771 2937 καὶ

2202 2996 2411 3050 ὲνιαῖον
2432 2991 2530 3047 καὶ
2555 2991 2619 3044 οὐ
2654 2986 3048 3057 πληθυντικὸν,
3085 2985 3183 3041 καὶ
3219 2981 3316 3036 ἐπὶ
3340 2981 3553 3041 τούτοις
3581 2974 3772 3032 ἁπλοῦν

2200 3088 2300 3142 καὶ
2321 3087 2381 3139 οὐ
2411 3082 2698 3155 μεριστόν.
2738 3080 2815 3134 Τὸ
2851 3080 2955 3150 μὲν
2986 3079 3098 3149 γὰρ
3127 3074 3367 3142 τέλειον,
3414 3074 3475 3128 τὸ
3508 3073 3552 3127 δ’
3573 3069 3769 3130 ἀτελές.

394 3824 403 3832 '
499 3810 652 3866 unde
680 3809 1091 3871 discernamus,
1118 3823 1185 3863 ac
1224 3809 1271 3864 si
1321 3823 1430 3863 non
1483 3807 1747 3877 simplex,
1779 3806 1925 3865 idem
1978 3824 2091 3865 non

500 3162 818 3225 multitudo,
848 3173 906 3217 et
936 3170 1206 3230 praeterea
1235 3161 1470 3216 maxime
1499 3162 1677 3218 solum
1705 3172 1764 3218 et
1799 3165 1964 3220 unius
1995 3179 2097 3219 ue-

2205 3177 2270 3229 “0
2294 3173 2406 3244 γὰρ
2442 3174 2616 3229 αἴτιον
2649 3172 2889 3233 πάντων,
2920 3168 2982 3223 ἒν
3013 3169 3235 3230 πάντως
3254 3183 3271 3198 ·
3300 3166 3408 3220 καὶ
3451 3165 3497 3219 δ’
3512 3163 3618 3218 τῶν
3653 3158 3771 3214 πολ·

497 3268 608 3323 que
638 3268 772 3308 vero
803 3251 1178 3306 multitudinis
1205 3249 1403 3314 instar,
1436 3259 1494 3306 et
1536 3263 1804 3322 praeterea
1853 3253 2088 3325 simplex

2202 3264 2301 3320 λῶν
2347 3264 2443 3318 καὶ
2473 3261 2745 3317 συνθέτων
2768 3261 2966 3326 αῐτιον,
2998 3257 3210 3313 ἁπλοῦν
3239 3257 3472 3319 πάντως
3506 3255 3600 3313 καὶ
3627 3248 3775 3309 ἀσύν-

498 3360 680 3416 neque
732 3360 864 3400 vero
918 3345 1257 3409 tnaximum;
1294 3344 1528 3398 alterum
1576 3349 1725 3400 enim
1774 3354 1863 3402 est
1911 3346 2091 3417 perle-

2202 3356 2370 3411 θετον.
2398 3355 2460 3409 Εἰ
2489 3355 2601 3423 γὰρ
2628 3351 2704 3423 μὴ
2733 3352 2791 3405 ἓν
2825 3353 2966 3414 ἐστι⁹
3019 3349 3174 3404 οὐδέν
3224 3350 3406 3413 ἐστιν,
3456 3342 3775 3415 ὁποτέρωθεν

497 3451 672 3503 ctum,
708 3439 948 3494 alterunt
998 3436 1423 3508 imperfectum;
1455 3438 1606 3508 quod
1647 3439 1801 3494 enim
1835 3440 2088 3495 omnium

2202 3446 2344 3519 δρῴη
2363 3464 2450 3511 τις
2488 3446 2577 3501 ἀν.
2609 3445 2720 3498 Καὶ
2747 3443 2800 3497 εί
2851 3443 2929 3514 μὴ
2957 3441 3195 3506 ἀπλοῦν,
3223 3440 3335 3495 οὐδ’
3375 3439 3632 3496 ἐπέκεινα
3679 3432 3777 3493 τῶν

496 3543 585 3589 est
615 3547 807 3596 causa,
842 3531 895 3585 id
932 3531 1163 3586 omnino
1184 3546 1354 3585 unum
1385 3540 1493 3597 est,
1525 3540 1583 3587 et
1610 3530 1759 3601 quod
1789 3531 2090 3588 multorum

2202 3536 2261 3610 [ἰ.
2295 3536 2399 3593 HO
2419 3535 2503 3608 ιλ]
2529 3535 2744 3590 πολλῶν
2777 3535 2874 3589 καὶ
2894 3534 3193 3588 συνθέτων.
3227 3533 3288 3585 Εἰ
3314 3531 3368 3589 δ’
3397 3528 3623 3593 ἁπλοῦν,
3653 3526 3775 3579 πᾶν·

497 3635 558 3680 et
588 3625 1033 3693 compositorum
1063 3630 1151 3679 est
1178 3636 1365 3687 causa,
1392 3622 1630 3692 simplex
1662 3621 1896 3678 omnino
1922 3631 2010 3679 est
2035 3632 2093 3678 et

2202 3646 2304 3694 τως
2335 3629 2430 3682 καὶ
2457 3626 2769 3699 ἀδιαίρετον
2811 3626 2933 3698 ἅμα
2957 3627 3055 3681 καὶ
3083 3623 3293 3696 ἀμερές
3318 3642 3333 3657 ’
3366 3625 3478 3679 τῶν
3529 3623 3637 3692 γὰρ
3660 3634 3772 3677 συν·

504 3717 961 3786 incompOsitum.
999 3714 1215 3769 Etenim
1248 3714 1292 3770 si
1326 3730 1437 3769 non
1470 3730 1639 3769 unum
1667 3723 1789 3779 est,
1821 3714 1961 3770 nihil
1985 3722 2090 3781 est,

2202 3723 2370 3779 θέτων
2412 3723 2563 3776 ἐστὶν
2594 3723 2628 3792 ή
2651 3720 2923 3792 διαίρεσις
2967 3720 3065 3773 καὶ
3096 3718 3377 3789 διάκρισις
3407 3719 3491 3780 είς
3527 3717 3595 3770 τά
3633 3712 3689 3778 ἐξ
3707 3702 3773 3764 ὧν

2195 3813 2501 3888 συνῄρηταί
2542 3830 2605 3867 τε
2658 3816 2757 3868 καὶ
2807 3812 3156 3867 συντέθειται
3184 3811 3249 3865 τὸ
3293 3811 3559 3866 σύνθετον
3607 3806 3770 3860 έκεῖνο

2195 3910 2293 3965 καὶ
2323 3907 2630 3981 ἡνωμένον.
2668 3906 2812 3962 Ὀσα
2841 3907 2953 3976 γὰρ
3006 3906 3076 3959 τὰ
3104 3905 3525 3976 διακρινόμενα.
3555 3896 3775 3956 τοσαῦτα

2194 4003 2258 4057 τὸ
2279 4002 2563 4074 ἡνωμένον
2606 4001 2705 4071 ἀφ’
2744 3990 2808 4053 οῦ
2838 3999 3005 4053 ταυτὶ
3035 3997 3387 4067 διακρίνεται
3408 4014 3422 4029 ⁸
3451 3994 3549 4050 καὶ
3584 3994 3683 4048 ὅσα
3714 3987 3777 4041 τὰ

2198 4093 2392 4156 πολλὰ,
2425 4092 2665 4148 τοσαῦτα
2694 4091 2757 4147 τδ
2784 4090 2845 4144 ἓν
2866 4090 2960 4159 ἀφ’
2981 4084 3041 4145 οῦ
3061 4088 3395 4146 διίστανται.
3421 4087 3530 4142 Τοῦ
3556 4083 3777 4141 δ’ἀδιαι-

2200 4186 2362 4257 ρέτου
2413 4184 2511 4240 καὶ
2556 4182 2804 4254 ἀμεροῦς
2859 4183 2963 4237 οὐκ
3004 4182 3122 4237 ἐστι
3162 4180 3353 4235 λαϐεῖν
3390 4180 3583 4252 μόριον
3614 4171 3778 4231 οὐδὲν.

2196 4277 2325 4332 οὔτε
2344 4276 2610 4349 πρότερον
2643 4275 2822 4330 ἄλλων
2851 4274 2967 4329 οὔθ’
3009 4273 3240 4343 ὕστερον
3288 4273 3494 4334 ἀλλων,
3524 4268 3646 4324 οὔτε
3683 4263 3781 4349 μὴν

498 3910 587 3957 est
615 3902 757 3956 ultra
796 3900 969 3955 multa
997 3908 1054 3955 et
1082 3899 1423 3970 composita;
1458 3899 1544 3955 sin
1594 3909 1778 3956 autem
1812 3900 2046 3971 simplex
2072 3939 2089 3966 ,

490 3994 720 4049 omnino
751 4004 837 4049 est
866 3993 1035 4048 etiam
1072 3991 1419 4047 individuum
1456 3990 1625 4047 simul
1673 4000 1731 4047 et
1768 3992 2091 4049 indivisum.

493 4084 813 4155 Composita
842 4082 995 4138 enim
1024 4081 1200 4137 dividi
1242 4089 1300 4137 et
1327 4082 1572 4138 discerni
1618 4092 1852 4152 possunt
1890 4082 1946 4139 in
1986 4098 2051 4139 ea
2074 4122 2092 4149 ,

492 4190 563 4232 ex
625 4176 830 4246 quibus
888 4182 1237 4251 contractum
1286 4182 1343 4229 et
1392 4176 1765 4245 compositum
1816 4184 1902 4231 est
1957 4174 2095 4231 illud

492 4268 866 4340 compositum
926 4277 985 4324 et
1033 4266 1417 4337 coniunctum.
1472 4266 1619 4336 Quot
1668 4267 1820 4322 enim
1875 4267 2096 4323 discer-

494 4372 730 4430 nuntur,
762 4371 844 4418 tot
874 4371 959 4421 est
990 4362 1352 4432 coniunctum
1384 4399 1400 4425 ,
1450 4376 1519 4416 ex
1568 4376 1680 4431 quo
1730 4361 1850 4416 haec
1885 4360 2097 4417 discer-

2202 4369 2377 4440 ἀρχὴν
2392 4347 2532 4421 οὔτε
2560 4367 2737 4438 πέρας
2758 4385 2773 4401 ⁸
2827 4368 2957 4423 ἀλλο
2993 4368 3100 4438 γάρ
3133 4369 3193 4420 τὸ
3223 4369 3404 4434 πέρας
3436 4364 3535 4419 καὶ
3558 4360 3684 4418 ἀλλο
3724 4347 3780 4410 οῦ

496 4466 730 4523 nuntur,
760 4465 817 4511 et
856 4464 995 4522 quot
1044 4454 1135 4510 illa
1188 4453 1387 4519 multa,
1432 4457 1514 4508 tot
1544 4452 1652 4509 hoc
1680 4468 1855 4508 unum
1877 4495 1891 4520 ,
1921 4469 1951 4508 a
1980 4469 2095 4524 quo

2202 4460 2378 4531 πέρας
2403 4499 2421 4523 ,
2455 4460 2552 4514 καὶ
2604 4458 2674 4514 αῦ
2736 4460 2926 4530 ἕτερον
2981 4458 3127 4531 ἀρχὴ
3156 4458 3253 4511 καὶ
3298 4457 3494 4526 ἕτερον
3519 4454 3578 4509 οὗ
3621 4449 3779 4523 ἀρχή,

494 4518 725 4604 distant.
755 4518 1029 4603 Indivldui
1050 4556 1236 4604 autem
1258 4558 1317 4603 et
1340 4533 1567 4602 indivisi
1595 4561 1705 4601 non
1737 4518 1920 4616 potest
1941 4518 2095 4602 com-

2202 4518 2371 4604 Τοῦτο
2396 4518 2455 4602 δὲ
2488 4551 2711 4620 συνεχὲς
2758 4518 2856 4604 καίι
2887 4518 3149 4602 σύνθετον
3178 4548 3274 4601 καὶ
3304 4518 3430 4602 ὅλον
3471 4550 3530 4599 ὲν
3583 4518 3781 4613 σχέσει,

493 4639 767 4709 prehendi
798 4639 910 4694 ulla
944 4654 1073 4710 pars
1112 4653 1293 4708 neque
1322 4653 1445 4708 qua:
1479 4638 1632 4708 prior
1656 4637 1732 4691 sit
1757 4637 1880 4693 aliis
1905 4653 2089 4713 neque

2203 4641 2273 4693 Ἃ
2302 4640 2485 4694 πάντα
2532 4639 2775 4694 ἀδύνατα
2804 4641 2899 4693 ἐπὶ
2923 4640 3023 4707 τῆς
3056 4639 3239 4707 ἁπλῆς
3296 4638 3390 4692 καὶ
3417 4635 3650 4707 ἀσχέτου
3696 4625 3787 4682 καὶ

488 4745 615 4799 qua:
648 4729 923 4796 posterior
972 4729 1117 4793 aliis,
1162 4744 1341 4799 neque
1389 4728 1648 4793 initium,
1696 4742 1876 4798 neque
1927 4729 2091 4796 finis;

2202 4731 2438 4802 ἀμεροῦς
2473 4732 2689 4803 ἐκείνης
2707 4733 2918 4795 οὐσίας.
2950 4732 3014 4785 Ei
3042 4730 3088 4782 δ’
3111 4732 3176 4782 ἐκ
3197 4729 3305 4783 τῶν
3330 4732 3468 4798 ἡμῖν
3502 4744 3615 4796 γνω
3627 4739 3788 4796 ptim-

489 4821 642 4876 aliud
690 4821 839 4877 enim
882 4829 967 4877 est
1012 4821 1160 4884 linis,
1208 4830 1264 4875 et
1324 4819 1471 4873 aliud
1528 4819 1685 4889 cujus
1731 4829 1831 4899 est
1862 4819 2010 4887 ﬁnis,
2039 4831 2095 4878 et

2202 4824 2376 4896 τέρων
2405 4827 2504 4887 τὰς
2539 4826 2597 4877 ἐν
2640 4826 2771 4894 ἡμῖν
2802 4824 3082 4896 ἀρρήτους
3131 4821 3326 4883 ὠδῖνας
3359 4822 3447 4884 είς
3488 4818 3589 4888 τὴν
3619 4816 3787 4887 ἄρρη-

490 4929 691 4969 rursus
722 4914 868 4969 aliud
920 4922 1004 4968 est
1052 4912 1295 4976 initintn,
1323 4911 1473 4964 aliud
1503 4911 1663 4980 cujus
1714 4919 1801 4965 est
1838 4910 2084 4969 initium.

2202 4932 2310 4977 τον,
2346 4915 2412 4967 ἵν’
2444 4912 2605 4982 εἴπω,
2637 4915 2989 4985 συναίσθησιν
3018 4915 3117 4984 τῆξ
3150 4915 3516 4984 ὑπερηφάνου
3542 4906 3787 4980 γνώσεως

492 5006 608 5063 Hoc
637 5023 820 5062 autem
854 5017 940 5061 est
971 4990 1190 5074 semper
1221 5013 1277 5058 et
1309 5003 1676 5072 compositum
1710 5012 1768 5058 et
1819 5012 1995 5058 totum
2031 5005 2087 5059 in

2202 5007 2417 5076 ὲκείνης
2468 5008 2777 5075 ἀνάγεσθαι
2841 5008 3191 5078 πειρώμεθα,
3224 5005 3540 5074 θαυμάζειν
3595 5003 3789 5073 ἣκιστα

506 5101 721 5167 habitu,
760 5115 883 5161 (tum
912 5099 1095 5153 omnia
1122 5084 1247 5151 esse
1278 5112 1390 5150 non
1420 5107 1650 5164 possunt
1686 5095 1741 5149 in
1775 5096 2007 5166 simplici
2037 5104 2094 5151 et

2202 5101 2307 5170 χρή
2329 5116 2344 5131 ·
2377 5098 2537 5152 τοῦτο
2565 5100 2674 5170 γὰρ
2702 5100 2777 5163 ὠς
2810 5101 2882 5154 τὰ
2912 5100 3088 5154 πολλὰ
3130 5102 3356 5163 καὶτοῖς
3384 5099 3557 5161 θείοις
3580 5088 3791 5160 Πατρά-

492 5193 728 5247 itnmnta
782 5199 839 5244 et
869 5189 1100 5244 indivisa
1152 5187 1243 5241 illa
1276 5187 1540 5243 essentia.
1574 5186 1751 5253 .Quod
1802 5170 1985 5243 autem
2027 5203 2095 5242 ex

2212 5205 2298 5242 σιν
2320 5188 2597 5242 ἀκώλυτον
2623 5187 2749 5259 ἔσχε
2780 5189 2840 5242 τὸ
2872 5188 3320 5259 συγκεχωρηκός.

489 5282 579 5349 iis,
610 5302 732 5355 qua:
760 5282 925 5338 nobis
956 5281 1129 5363 magis
1157 5281 1356 5335 usitata
1392 5290 1560 5345 sunt,
1594 5289 1811 5334 nostras
1860 5281 2075 5351 ignotas
2111 5281 2397 5353 passiones
2425 5280 2493 5335 ad
2531 5282 2796 5352 ignotam,
2831 5292 2887 5338 ut
2912 5283 2987 5338 ita
3018 5282 3223 5347 dicam,
3259 5277 3789 5337 animadversionem

502 5377 668 5447 296
699 5375 916 5430 altioris
971 5373 1304 5444 cognitionis
1340 5373 1487 5427 illius
1532 5371 1739 5428 referre
1783 5384 2077 5441 conamur,
2110 5374 2337 5430 minime
2369 5374 2559 5430 mirari
2589 5375 2874 5431 debemus.
2908 5376 3036 5431 Haec
3074 5376 3223 5432 enim
3257 5376 3592 5445 plerumque
3626 5370 3784 5425 etiam

490 5470 698 5525 divinis
721 5468 980 5523 Patribus
1006 5466 1179 5521 libera
1206 5466 1310 5521 fuit
1335 5468 1582 5523 licentia.

564 5562 707 5618 XIV.
743 5562 880 5617 Cum
906 5563 1073 5616 etiam
1096 5562 1200 5616 alia
1225 5561 1465 5632 plurima
1488 5579 1612 5630 quae
1640 5563 1921 5634 proferam
1946 5556 2082 5612 mihi

493 5663 799 5724 suppetant
834 5662 1050 5722 aperta,
1087 5663 1144 5709 et
1173 5668 1297 5725 quas
1330 5655 1405 5709 ita
1454 5665 1515 5709 ut
1546 5654 1776 5709 refutari
1811 5666 1923 5707 non
1959 5664 2089 5719 pos-

492 5748 625 5808 sint,
659 5745 914 5815 probent,
941 5759 1068 5800 cum
1097 5745 1338 5801 essentia
1375 5745 1521 5800 idem
1553 5761 1676 5802 esse
1694 5742 1937 5800 divinam
1967 5737 2086 5794 eili-

495 5837 792 5903 .ientiam,
826 5844 881 5891 et
932 5837 1247 5894 universam
1298 5835 1649 5894 efﬁcientiam
1688 5837 1855 5893 etiam
1913 5829 2092 5904 ipsius

2268 5558 2365 5613 lA'.
2414 5561 2595 5633 Ἐχων
2627 5562 2672 5615 δ’
2698 5562 2808 5630 ἐγὼ
2843 5566 2937 5617 καὶ
2970 5564 3136 5635 ἕτερα
3174 5564 3406 5618 πλεῖστα
3440 5564 3792 5636 προενεγκεῖν

2195 5652 2350 5722 σαφῆ
2385 5655 2480 5705 καὶ
2513 5655 2934 5725 ἀναμφιλέκτως
2967 5659 3262 5719 δεικνύντα
3294 5662 3365 5731 τῇ
3407 5661 3575 5732 οὐσίᾳ
3603 5655 3793 5712 ταυτὸν

2199 5743 2341 5802 εἶναι
2388 5752 2488 5821 τὴν
2531 5751 2684 5806 θείαν
2724 5752 3011 5821 ἐνέργειαν
3054 5754 3153 5806 καὶ
3198 5754 3328 5823 ὃλην
3374 5754 3667 5823 ἐνέργειαν
3706 5749 3795 5802 καὶ

2202 5840 2650 5914 αὐτοενέργειαν,
2685 5845 2928 5915 παρίημι
2957 5844 3045 5900 διὰ
3073 5845 3302 5918 πλῆθος,
3330 5846 3535 5917 ἀρκεῖν
3564 5840 3799 5917 1370671.:-
