4034 6468
338 417 444 484 261

1342 419 1798 480 BYZANTINJE
1840 419 2231 479 ΠΙΞΤΟΠΗΕ
2281 421 2422 478 LIB.
2473 423 2657 481 XXX.

3532 431 3636 497 262

338 551 427 595 νος
451 531 623 585 ταῦτα
642 533 710 601 τῇ
737 529 990 603 παρούσῃ
1016 529 1211 600 σχεδίῳ
1236 530 1398 600 σχολῇ
1421 547 1434 560 ⁸
1457 531 1744 600 εἰρήσεται
1767 530 1817 580 δ’
1836 527 1925 580 οὖν

2049 530 2170 599 ejus
2193 529 2564 595 cllic'entiam,
2589 539 2814 601 propter
2837 532 3247 588 multitudinem
3272 537 3486 604 omitto,
3509 555 3635 594 cum
3707 549 3714 556 ‘

337 629 466 690 latr;
499 627 604 677 κάν
651 626 762 686 τοῖς
795 625 922 694 ἐξῆς
942 662 958 688 ,
990 624 1273 690 προϊόντος
1329 622 1424 674 τοῦ
1457 627 1588 691 περὶ
1618 621 1715 690 τῆς
1741 620 1924 674 rotati.

335 735 437 789 της
466 717 750 789 ἐνεργείας
779 717 965 785 λόγου.
994 716 1108 769 Νῦν
1138 715 1195 768 δὲ
1225 716 1466 768 δεικτέον
1500 715 1620 768 ἐστὶ
1651 716 1748 768 καὶ
1776 715 1926 777 ὅπως

341 811 482 880 μετά
515 811 944 879 προσδιορισμοῦ
983 827 1148 878 φασιν
1181 809 1230 862 οἱ
1265 809 1398 862 Θεῖοι
1433 807 1676 876 Πατέρες
1710 809 1805 861 καὶ
1837 808 1927 858 τὴν

341 903 469 954 Υίὸν
503 901 596 953 καὶ
628 900 689 972 τὸ
728 899 886 968 ἅγιον
928 900 1154 966 Πνεῦμα
1188 901 1470 966 ἐνέργειαν
1506 901 1602 952 καὶ
1636 900 1926 966 αὐτοενέρ-

339 1009 527 1061 γειαν,
575 993 836 1061 ἑκάτερον
885 992 1294 1060 προσηκόντως.
1349 991 1456 1043 Καὶ
1506 990 1636 1057 περὶ
1687 989 1787 1058 μὲν
1834 989 1928 1040 τοῦ

345 1083 473 1136 Υίιιῦ
505 1087 531 1136 ό
563 1083 705 1146 Οέἷος
735 1081 880 1135 οὕτω
910 1083 1074 1151 φησὶν
1107 1081 1450 1145 ἈΟανὰσιος,
1490 1099 1508 1131 ι
1547 1082 1661 1132 Οὐκ
1693 1080 1929 1148 ἀμφίδο-

341 1173 431 1227 λον
465 1178 545 1228 ὅτι
583 1176 748 1236 αὐτός
787 1177 937 1227 ἐστιν
971 1176 1004 1242 ἡ
1041 1174 1133 1226 τοῦ
1179 1175 1390 1244 Πατρὶς
1431 1173 1582 1237 ζῶσα
1627 1173 1792 1243 βουλὴ
1835 1172 1929 1224 καὶ

343 1268 586 1330 ἑκούσιος
615 1269 867 1339 ἐνέργεια
897 1267 993 1319 καὶ
1019 1267 1178 1334 λόγος
1207 1265 1484 1336 ἀληθινός.
1524 1285 1541 1315 ι
1582 1266 1716 1334 Περὶ
1749 1265 1805 1317 δὲ
1832 1263 1928 1317 τοῦ

344 1363 661 1433 Πνεύματος
702 1365 729 1416 6
765 1363 929 1426 αὐτὸς
963 1363 1108 1416 οὕτω
1149 1363 1354 1432 φησὶν,
1398 1379 1416 1412 ι
1457 1361 1607 1423 Ἐνὸς
1647 1362 1798 1422 ὄντος
1831 1359 1926 1412 τοῦ

346 1458 473 1510 Υἰοῦ
507 1457 601 1510 τοῦ
637 1456 840 1521 ζῶντος
877 1457 1091 1523 Λόγου,
1130 1455 1259 1526 μίαν
1296 1451 1434 1508 εἶναι
1469 1455 1551 1507 δεῖ
1581 1454 1798 1506 τελείαν
1833 1453 1928 1506 καὶ

342 1551 526 1620 πλήρη
558 1549 657 1619 τὴν
691 1549 1021 1618 ἀγιαστικὴν
1055 1551 1150 1600 καὶ
1185 1548 1523 1618 φωτιστικὴν
1558 1547 1725 1617 ζωὴν,
1760 1544 1929 1600 οὖσαν

339 1645 623 1712 ἐνέργειαν
647 1642 811 1695 αὐτοῦ
837 1643 935 1695 καὶ
961 1642 1194 1710 δωρεὰν,
1221 1642 1342 1711 ἥτις
1372 1643 1435 1694 ἐκ
1463 1643 1679 1711 Harp‘;
1706 1641 1928 1709 λέγεται

340 1733 760 1803 ἐκπορεύεσθαι.
791 1752 810 1785 ι
840 1733 1110 1803 Κύριλλος
1132 1733 1175 1785 δ’
1197 1733 1403 1802 ὁμοίως
1426 1733 1522 1784 καὶ
1546 1732 1730 1794 αὐτὸς,
1762 1749 1780 1780 ι
1818 1730 1930 1784 Καὶ

339 1827 368 1878 ὁ
397 1825 524 1887 Υἱός
553 1826 670 1876 ἐστι
693 1862 707 1886 ,
748 1843 766 1874 ι
804 1826 1003 1892 φησὶν,
1040 1841 1058 1874 ι
1098 1825 1132 1892 ἡ
1162 1823 1314 1885 ζῶσα
1343 1823 1439 1876 καὶ
1468 1822 1740 1891 οὑσιὼδης
1773 1822 1922 1892 ἐνέρ-

341 1935 464 1988 γεια
505 1918 598 1970 καὶ
635 1916 866 1987 δύναμις
906 1918 1000 1968 καὶ
1040 1917 1200 1984 σοφία
1233 1915 1326 1968 τοῦ
1369 1914 1603 1982 Πατρός.
1642 1915 1922 1985 Ἐνέργεια

341 2012 436 2065 καὶ
461 2010 555 2064 τοῦ
586 2010 719 2064 Υιοῦ
751 2010 809 2064 τὸ
837 2011 1060 2080 Πνεῦμα
1083 2010 1144 2063 τὸ
1172 2009 1351 2077 ἅγιον.
1391 2027 1410 2060 ι
1455 2008 1568 2062 Ἐνέ
1581 2025 1736 2078 ργεια
1767 2008 1923 2076 λέγε-

340 2121 430 2158 ται
456 2104 552 2156 καὶ
578 2103 610 2172 ἡ
639 2101 856 2171 ἑκάστῳ
882 2102 989 2154 τῶν
1016 2101 1186 2155 ὄντων
1214 2099 1412 2155 ἐνοῦσα
1436 2102 1641 2171 φυσικὴ
1667 2099 1918 2170 δύναμις,

342 2196 417 2258 ὠς
442 2196 502 2248 τὸ
517 2195 878 2264 θερμαντικὸν
903 2193 981 2263 τῷ
1009 2194 1277 2264 πυρὶ,καὶ
1302 2194 1362 2246 τὸ
1385 2191 1652 2262 ψυκτικὸν
1676 2195 1741 2262 τῇ
1763 2195 1920 2262 χιόνι,

345 2291 436 2344 καὶ
473 2288 533 2342 τὸ
577 2287 894 2358 αἰσθητικὸν
933 2287 1012 2356 τῷ
1056 2287 1214 2357 ζώῳ,
1251 2287 1346 2342 καὶ
1386 2285 1466 2358 τῷ
1507 2286 1822 2356 ἐνεργοῦντι
1862 2286 1923 2338 τὸ

344 2377 715 2448 ἐνεργητικόν.
747 2378 980 2447 Λέγεται
1015 2378 1112 2431 καὶ
1142 2365 1203 2430 τὸ
1234 2377 1339 2448 τῆς
1371 2379 1733 2449 ἐνεργητικῆς
1762 2378 1923 2431 δυνά-

317 2518 322 2522 .
345 2489 491 2542 μεως
518 2474 867 2540 ἀποτέλεσμα
898 2473 1154 2542 ἐνέργεια
1179 2471 1277 2524 καὶ
1302 2470 1462 2540 ἔργον
1488 2472 1584 2523 καὶ
1614 2471 1919 2542 ἐνέργημα,

344 2567 420 2628 ὡς
452 2566 588 2640 ἐργα
619 2565 717 2621 καὶ
750 2567 1028 2636 ἐνέργειαι
1059 2563 1196 2618 Θεοῦ
1231 2563 1302 2633 γῆ
1337 2565 1435 2618 καὶ
1468 2564 1700 2634 οὐρανὸς
1732 2566 1825 2618 καὶ
1855 2566 1923 2619 τὰ

340 2661 399 2712 ἐν
433 2659 640 2722 τούτοις
663 2673 678 2691 ⁶
719 2659 852 2730 φησὶ
886 2658 996 2730 γὰρ
1027 2659 1056 2710 6
1090 2657 1232 2721 Θεῖος
1267 2657 1344 2730 μ’.
1383 2658 1480 2713 141
1522 2656 1607 2730 r.]
1641 2659 1705 2710 ἐκ
1739 2659 1924 2728 Δαμα-

340 2753 474 2807 σκοῦ
509 2753 762 2824 Ἰωάννης
791 2754 867 2816 ὡς
895 2755 930 2824 ἠ
964 2753 1215 2825 ἐνέργεια
1246 2735 1342 2806 {at
1369 2751 1652 2823 ἐνέργημα
1680 2750 1921 2819 λέγεται,

340 2849 438 2900 καὶ
461 2847 772 2900 τούναντίον
797 2847 1050 2917 ἐνέργεια
1073 2845 1135 2900 τὺ
1159 2846 1466 2917 ἐνέργημα,
1493 2845 1570 2908 ὡς
1601 2845 1694 2898 καί⁸
1721 2845 1781 2897 τὸ
1806 2862 1871 2898 ut
1882 2845 1926 2898 ί-

340 2957 453 3010 σμα
478 2941 676 3003 κτίσις.
705 2939 842 2994 Καθ’
864 2939 892 2992 ὃ
921 2939 1328 3010 σημαινόμενον
1357 2939 1454 2993 καὶ
1476 2939 1569 2993 τὸν
1594 2934 1746 2992 οἷκον
1771 2938 1926 3010 ἐνέρ-

341 3034 499 3102 γειαν
533 3051 716 3104 φαμεν
747 3033 844 3087 τοῦ
879 3033 1166 3103 οίκοδὸμου
1189 3073 1204 3098 ,
1240 3035 1337 3086 καὶ
1368 3032 1463 3086 τοῦ
1499 3031 1788 3102 ναυπηγοῦ
1825 3032 1925 3103 τὴν

338 3126 560 3182 ὁλκάδα.
600 3127 882 3196 Ἐνέργεια
923 3127 1142 3193 λέγεται
1181 3126 1279 3178 καὶ
1316 3127 1350 3196 ὴ
1390 3124 1526 3197 πρὸς
1561 3126 1630 3178 τὰ
1667 3121 1925 3198 ἐνεργού-

306 3269 312 3274 .
341 3237 483 3288 μενα
515 3219 730 3292 κίνησις
751 3263 766 3287 ,
803 3220 991 3292 σχέσις
1020 3237 1106 3283 τις
1137 3216 1276 3274 οὖσα
1311 3221 1404 3273 καὶ
1438 3220 1647 3290 μεταξὺ
1685 3219 1924 3286 Θεωρου-
1952 3237 1996 3294 α

343 3312 484 3381 μένη
508 3310 604 3364 τοῦ
634 3328 692 3364 τε
723 3311 1186 3382 δημιουργοῦντος
1219 3313 1312 3364 καὶ
1343 3311 1451 3366 τῶν
1480 3312 1927 3383 δημιουργουμέ-

340 3421 470 3467 νων,
489 3403 742 3472 καθάπερ
761 3405 793 3474 ἠ
811 3404 907 3457 τοῦ
931 3403 1216 3474 οἰκοδόμου
1236 3405 1373 3473 πρὸς
1389 3407 1452 3456 τὸ
1469 3403 1928 3475 οἰκοδομούμενον

339 3499 434 3548 καὶ
465 3495 558 3549 τοῦ
591 3497 873 3566 ναυπηγοῦ
906 3496 1045 3566 πρὸς
1076 3498 1137 3548 τὸ
1171 3497 1377 3551 πλοῖον.
1409 3497 1479 3550 Ἦ
1515 3500 1610 3551 καὶ
1645 3498 1927 3568 συμϐεϐη-

340 3587 435 3648 κὸς
477 3583 612 3641 οὖσα
653 3587 774 3641 καθ’
804 3588 974 3658 αὐτὴν
1019 3589 1430 3658 συγκαταλήγει
1472 3591 1539 3659 τῇ
1586 3589 1698 3642 τῶν
1741 3589 1928 3662 ἄκρων

339 3679 492 3748 λήξει
518 3680 612 3734 καὶ
637 3681 823 3734 οὐκέτι
849 3682 997 3734 ἐστὶν
1021 3681 1197 3735 οὐδέν.
1227 3681 1364 3750 Περὶ¹
1391 3674 1460 3750 ἦς
1488 3680 1584 3734 καὶ
1609 3683 1636 3734 6
1666 3680 1928 3748 Θεολόγος

341 3774 448 3844 ἐφη
485 3777 514 3828 6
554 3776 694 3840 Θεῖος
735 3777 772 3828 Γ
780 3776 1033 3846 ρηγόριος
1073 3775 1148 3839 ὡς
1185 3775 1654 3846 ἐνεργηθήσεται,
1694 3776 1790 3829 καὶ
1827 3777 1927 3829 οὐκ

342 3871 660 3939 ἐνεργήσει,
691 3870 784 3921 καὶ
812 3868 948 3938 ὁμοῦ
978 3868 1057 3939 τῷ
1087 3867 1453 3939 ἐνεργηοῆναι
1485 3868 1788 3933 παύσεται,
1821 3885 1925 3922 κα-

344 3962 524 4030 θάπερ
554 3960 646 4014 καὶ
679 3962 712 4031 ή
749 3960 955 4030 μεταξὺ
989 3959 1084 4013 τοῦ
1122 3961 1404 4032 ὁρωμένου
1437 3961 1531 4014 καὶ
1559 3960 1656 4014 τοῦ
1690 3961 1925 4031 ὁρῶντος

341 4057 532 4124 ὅρασις
563 4055 656 4107 καὶ
688 4056 720 4123 ἡ
764 4053 926 4123 μέσον
959 4050 1057 4106 τοῦ
1091 4053 1394 4124 γευομένου
1430 4054 1524 4108 καὶ
1556 4053 1651 4107 τοῦ
1688 4052 1924 4124 γευστοῦ

342 4146 551 4216 γεῦσις.
586 4148 696 4200 Καὶ
727 4148 755 4200 6
787 4145 1088 4210 Νυσσαέων
1117 4146 1174 4198 δὲ
1207 4145 1348 4211 Οεῖος
1382 4146 1686 4218 Γρηγόριος
1723 4148 1798 4218 μὴ
1834 4147 1924 4201 δύο

342 4241 536 4294 νασοαί
566 4257 731 4310 φησιν
762 4239 1044 4308 ἐνέργειαν
1070 4242 1491 4309 ἀπεργαστικήν
1518 4257 1638 4294 τινα
1665 4241 1925 4313 πράγμα-

342 4347 434 4392 τος
463 4329 634 4401 αὐτὴν
662 4328 747 4398 ἐφ’
773 4329 967 4398 ἑαυτῆς
995 4329 1282 4400 συστῆναι,
1317 4331 1393 4401 μή
1422 4347 1566 4394 τινος
1593 4331 1920 4402 ὑποδεχομέο

343 4437 436 4473 νου
459 4420 558 4489 τῆς
586 4419 866 4488 ἐνεργείας
891 4419 987 4488 τὴν
1015 4420 1252 4489 κίνησιν.
1283 4419 1618 4489 ’Δναγκαίαν
1642 4423 1749 4490 γὰρ
1775 4421 1922 4492 ἔχειν

342 4512 516 4565 ταῦτα
547 4511 647 4581 τὴν
683 4511 866 4582 σχέσιν
901 4511 1037 4580 πρὸς
1076 4511 1284 4580 ἄλληλα
1317 4512 1420 4581 τήν
1451 4529 1512 4566 τε
1557 4514 1923 4584 ἐνεργητικὴν

344 4606 438 4658 καὶ
480 4605 580 4674 τὴν
621 4605 932 4676 παθητικὴν
977 4604 1231 4675 δύναμιν.
1255 4600 1356 4659 Ὧν
1400 4606 1449 4658 εί
1499 4607 1796 4679 χωρισθείη
1843 4609 1921 4679 τῷ

342 4696 486 4765 λόγῳ
518 4697 578 4748 τὸ
615 4694 836 4767 ἕτερον,
870 4694 972 4747 οὐκ
1009 4695 1074 4748 ἂν
1108 4696 1192 4765 ἐφ’
1219 4693 1412 4748 ἑαυτοῦ
1455 4694 1688 4764 συσταίη
1729 4698 1825 4749 καὶ
1859 4697 1920 4749 τὸ

343 4778 661 4855 λειπόμενον
689 4801 702 4815 ⁸
734 4785 782 4836 εί
817 4785 891 4856 μὴ
921 4784 1032 4854 γὰρ
1061 4785 1157 4837 καὶ
1185 4784 1246 4837 τὸ
1278 4784 1488 4854 πάσχον
1518 4784 1603 4854 είη
1625 4826 1640 4849 ,
1675 4784 1734 4838 τὸ
1767 4787 1921 4857 ἐνερ-

343 4879 476 4949 γοῦν
505 4879 604 4933 οὑκ
636 4879 809 4934 ἕσται.
852 4879 1135 4950 Ἐνέργεια
1168 4879 1383 4948 λέγεται
1419 4879 1513 4932 καὶ
1549 4881 1582 4949 ἡ
1617 4880 1752 4949 πρὸς
1785 4898 1926 4950 φαν-

343 4973 538 5024 τασίαν
565 4972 990 5042 ἁντιόιῃρημένη
1021 4971 1246 5041 ἀλήθεια
1273 4970 1414 5024 κατὰ
1436 4974 1527 5023 τὸν
1552 4972 1694 5024 θεῖον
1722 4971 1926 5042 Κύριλ-

345 5067 456 5128 λον,
474 5065 549 5130 ὡς
567 5065 838 5135 ἐνῴκησεν
854 5066 882 5118 ὀ
901 5065 1038 5128 Θεῖος
1058 5064 1227 5133 Λόγος
1245 5066 1301 5117 ἐν
1318 5067 1380 5134 τῇ
1404 5065 1662 5134 πανάγνῳ
1679 5064 1928 5135 Θεότόκῳ

347 5159 408 5211 οὐ
441 5159 692 5228 δοκήσει,
728 5158 843 5210 ἀλλ’
870 5157 1121 5226 ἐνεργείᾳ
1150 5156 1327 5208 εἴτουν
1358 5155 1611 5226 ἀληθείᾳ.
1647 5155 1928 5227 Ἐνέργεια

348 5253 564 5319 λέγεται
595 5252 735 5304 κατὰ
761 5250 852 5304 τὸν
879 5251 1021 5306 θεῖον
1047 5251 1109 5302 ἐκ
1140 5248 1438 5319 Δαμασκοῦ
1463 5249 1720 5319 Ἰωάννην
1750 5249 1844 5301 καὶ
1868 5248 1929 5301 τὸ

350 5345 566 5415 πρῶτον
600 5346 656 5398 ἐν
691 5346 819 5414 ἡμῖν
860 5344 1253 5412 συνιστάμενον
1285 5342 1498 5410 νόημα,
1533 5342 1626 5394 καὶ
1661 5341 1740 5394 ἔτι
1775 5343 1808 5412 ἡ
1842 5341 1930 5394 διὰ

349 5437 592 5506 γλώττης
625 5436 732 5488 τῶν
768 5436 1070 5505 νοουμένων
1107 5435 1438 5504 φανέρωσις.
1477 5433 1716 5504 Σὺνηθες
1751 5434 1794 5485 δ’
1825 5433 1928 5497 ἔτι,

351 5529 506 5597 φησὶ,
535 5529 629 5580 καὶ
655 5531 724 5600 τῇ
754 5527 875 5600 Θείᾳ
905 5527 1096 5598 Γραφῇ
1123 5526 1220 5580 καὶ
1248 5525 1348 5596 τὴν
1377 5523 1472 5578 τοῦ
1502 5522 1638 5576 Θεοῦ
1672 5523 1934 5594 παραχώ-

353 5638 510 5691 ρησιν
533 5621 710 5686 λέγειν
737 5622 1039 5689 ἐνέργειαν.
1067 5620 1300 5688 Λέγεται
1325 5620 1419 5670 καὶ
1447 5616 1657 5686 πλάνης
1684 5615 1935 5685 ἐνέργεια

349 5713 538 5780 ὥσπερ
569 5715 660 5766 καὶ
689 5713 978 5782 δαιμόνων,
1010 5713 1153 5766 καθὰ
1189 5713 1287 5766 καὶ
1313 5713 1341 5764 6
1373 5710 1514 5772 θεῖος
1545 5707 1936 5778 Χρυσόστομας

351 5809 408 5859 ἐν
437 5810 548 5870 τοῖς
583 5807 711 5876 περὶ
741 5807 1129 5877 ἁκαταλήπτου
1160 5806 1338 5875 λόγοις
1371 5803 1512 5872 ὑπὲρ
1541 5804 1650 5856 τῶν
1680 5801 1936 5872 ἐνεργου-

355 5899 528 5968 μένων
557 5897 808 5970 εὓχεσθαι
850 5903 1141 5971 παραινεῖ,
1173 5899 1282 5954 τῶν
1309 5894 1692 5966 δαιμονῶντων
1721 5893 1924 5964 δηλαδὴ

2044 622 2161 676 haec
2195 622 2447 676 sufﬁcere
2495 635 2682 692 putem
2737 624 2868 680 huic
2922 620 3203 696 colloquio
3249 633 3635 700 extemporali,
3703 623 3727 633 ”

2033 714 2297 768 Dicentur
2338 716 2507 785 igitur
2535 717 2766 771 fortasse
2822 719 2987 772 etiam
3022 731 3212 789 postea
3245 726 3638 793 progrediente

2033 807 2102 860 de
2152 808 2246 862 tali
2295 809 2592 864 eilieicutia
2628 813 2904 866 oratione.
2950 813 3110 868 Nunc
3168 827 3356 870 autem
3407 817 3640 871 deumn-

2033 902 2321 956 straudum
2349 911 2453 960 est.
2477 904 2756 971 quomodo
2798 916 3078 975 assumpta
3113 908 3435 962 deﬁnitione
3462 912 3633 964 divini

2034 992 2225 1046 Patres
2262 1003 2319 1048 et
2358 993 2558 1048 Filium
2593 1003 2650 1048 et
2695 996 2965 1064 Spiritum
3005 1013 3258 1052 sanctum
3292 1013 3491 1055 vocent
3521 1004 3637 1055 elli-

2031 1086 2293 1140 cienliam
2331 1096 2387 1140 et
2415 1103 2610 1142 eorum
2642 1089 2889 1158 ipsorum
2928 1092 3304 1157 ellicieutiant,
3339 1104 3636 1164 utrumque

2031 1183 2475 1237 accommodate.
2509 1183 2690 1252 Atque
2722 1183 2790 1238 de
2842 1185 2981 1239 Filio
3021 1187 3244 1256 quidem
3293 1187 3638 1246 Athanasius

2033 1270 2259 1325 divinus
2295 1273 2366 1325 ita
2401 1271 2540 1326 dicit
2569 1289 2584 1324 :
2616 1273 2735 1326 Non
2761 1273 2988 1328 dubium
3017 1285 3122 1341 est,
3151 1278 3284 1346 quin
3316 1279 3405 1334 ille
3433 1280 3504 1333 sit
3530 1280 3637 1334 Pa-

2034 1362 2136 1414 tris
2165 1363 2290 1416 viva
2322 1363 2611 1427 voluntas,
2645 1375 2699 1418 et
2742 1365 2810 1419 ad
2845 1368 3146 1422 essentiam
3180 1370 3466 1438 pertinens
3507 1372 3634 1424 (εΠίο

2034 1455 2262 1520 cientia,
2311 1468 2367 1510 et
2399 1460 2539 1512 ratio
2565 1474 2720 1514 vera.
2759 1460 2835 1515 De
2870 1458 3081 1530 Spiritu
3129 1477 3314 1519 autem
3367 1465 3508 1518 idem
3559 1465 3630 1520 ita

2033 1548 2281 1615 loquitur
2319 1548 2498 1604 :Cum
2530 1567 2678 1606 unus
2723 1551 2796 1607 sit
2847 1553 3022 1607 Filius
3072 1557 3210 1609 ratio
3259 1555 3420 1619 viva,
3469 1572 3632 1610 uuam

2033 1652 2252 1710 Oportet
2307 1643 2610 1712 perfectam
2641 1652 2696 1698 et
2720 1644 2939 1714 plenam
2971 1640 3102 1702 esse
3128 1649 3292 1701 vitam
3329 1648 3477 1702 illam
3508 1665 3632 1704 san-

2038 1733 2275 1788 ctilieam
2306 1744 2364 1789 et
2387 1735 2688 1800 lucentem,
2712 1753 2837 1792 cum
2869 1739 2934 1792 sit
2967 1737 3394 1810 eﬂicientiai-jus
3426 1751 3482 1795 et
3511 1745 3630 1800 dos,

2035 1842 2156 1895 qua:
2178 1844 2208 1882 a
2240 1828 2401 1883 Patre
2428 1828 2635 1884 dicitur
2659 1830 2956 1899 proficisci.
2985 1831 3226 1897 Cyrillus
3249 1844 3435 1887 autem
3462 1835 3628 1888 simili

2035 1920 2199 1973 modo
2232 1931 2284 1974 et
2321 1921 2463 1988 ipse,
2496 1921 2566 1978 Et
2594 1922 2788 1986 Filius,
2825 1923 3024 1992 inquit,
3051 1934 3106 1978 et
3139 1925 3260 1978 viva
3292 1935 3347 1979 et
3376 1927 3635 1981 essentia:

2031 2012 2229 2066 similis
2259 2012 2550 2067 efﬁcientia
2583 2023 2637 2068 et
2681 2015 2760 2068 vis
2785 2023 2841 2069 et
2869 2016 3137 2084 sapientia
3166 2016 3362 2080 Patris,
3393 2018 3635 2072 ellicieu—

2034 2101 2105 2154 tia
2139 2102 2306 2155 etiam
2340 2103 2461 2157 Filii
2500 2115 2587 2159 est
2628 2103 2868 2174 Spiritus
2902 2115 3151 2160 sanctus.
3210 2107 3513 2163 Ellicientia
3544 2110 3632 2164 di-

2031 2194 2180 2248 citur
2208 2193 2375 2247 etiam
2411 2195 2512 2260 vis,
2551 2211 2676 2265 qua:
2705 2199 2908 2266 cuique
2941 2198 3018 2251 rei
3056 2214 3086 2250 a
3130 2209 3327 2252 natura
3363 2200 3532 2262 inest.
3573 2211 3634 2255 ut

2031 2285 2116 2338 vis
2173 2285 2539 2341 calefaciendi
2593 2287 2756 2358 297
2813 2289 2926 2359 igni
2968 2291 3169 2355 .inest,
3221 2303 3274 2346 et
3333 2293 3631 2362 frigerandi

2032 2377 2171 2443 nivi,
2204 2386 2260 2432 et
2306 2379 2589 2434 sentiendi
2638 2381 2865 2434 animali
2891 2422 2906 2446 ,
2941 2393 3004 2437 et
3045 2383 3314 2438 elliciendi
3348 2385 3631 2440 cilicieuti.

2030 2467 2210 2524 Etiam
2258 2468 2550 2526 ellicieutis
2599 2475 2683 2526 vis
2717 2473 2988 2542 perfectio
3021 2476 3226 2530 dicitur
3261 2476 3552 2532 ellicientia
3577 2485 3636 2532 ct

2031 2559 2237 2615 factum
2267 2569 2326 2616 et
2364 2561 2654 2628 eilectum,
2691 2575 2751 2619 ut
2779 2567 2919 2620 facta
2949 2578 3006 2621 et
3034 2567 3346 2624 ellicientize
3396 2570 3492 2625 Dei
3544 2571 3632 2625 di-

2029 2663 2235 2708 cuntur
2269 2661 2414 2710 terra
2442 2665 2500 2710 et
2533 2657 2735 2710 cmlum
2760 2665 2816 2712 et
2845 2674 2970 2727 qua:
2998 2660 3054 2713 in
3087 2660 3156 2716 iis
3187 2673 3504 2717 versantur.
3541 2666 3632 2719 Ait

2030 2747 2181 2802 enim
2237 2747 2468 2803 divinus
2521 2748 2764 2804 Joannes
2822 2751 3197 2807 Damascenus
3253 2771 3270 2806 :
3331 2754 3632 2810 Eﬂicientia

2030 2840 2198 2896 etiam
2233 2840 2496 2896 effectum
2530 2840 2764 2909 dicitur,
2809 2852 2868 2898 et
2920 2859 2989 2898 ex
3041 2847 3323 2901 contrario
3371 2847 3629 2904 eﬂ‘ectum

2031 2933 2345 2998 ellicientia,
2373 2942 2434 2988 ut
2498 2935 2670 2989 etiam
2730 2943 2978 2990 creatum
3035 2939 3268 3005 creatio,
3323 2943 3631 2995 secundum

2032 3040 2198 3094 quam
2247 3025 2711 3096 signiﬁcationem
2763 3029 2933 3084 etiam
2967 3029 3194 3086 domum
3235 3033 3475 3089 dicimus
3515 3036 3632 3090 effi-

2031 3115 2294 3172 cientiam
2342 3119 2636 3175 architecti
2674 3131 2732 3175 et
2782 3123 3002 3177 navium
3041 3124 3394 3180 aedificatoris
3427 3143 3623 3183 navem

2032 3209 2367 3280 onerariam.
2401 3211 2702 3268 Ellicicntia
2739 3214 2949 3269 dicitur
2987 3215 3158 3272 etiam
3194 3219 3404 3273 moveri
3440 3221 3505 3273 ad
3539 3236 3627 3284 ea,

2032 3312 2156 3369 quae
2202 3300 2540 3369 elllciuntur,
2570 3315 2626 3360 et
2659 3315 2747 3361 est
2783 3307 2926 3362 ratio
2955 3309 3208 3378 quaedam
3241 3326 3363 3378 quae
3392 3309 3633 3366 interce-

2033 3395 2115 3450 dit
2161 3395 2308 3451 inter
2337 3394 2585 3452 elliciens
2620 3405 2676 3453 et
2720 3397 3010 3465 effectum,
3067 3409 3129 3454 ut
3181 3401 3524 3457 architectus
3560 3403 3630 3457 ad

2030 3488 2328 3544 aedilicium
2359 3491 2596 3556 accedit,
2627 3501 2685 3546 et
2713 3493 2938 3547 navium
2971 3493 3276 3550 aedificator
3313 3496 3380 3550 ad
3412 3511 3629 3562 navem,

2032 3597 2154 3650 quae
2190 3583 2365 3637 motio
2393 3598 2518 3638 cum
2560 3585 2820 3640 accidens
2859 3586 2932 3641 sit
2963 3601 3062 3656 per
3089 3601 3149 3642 se
3177 3602 3305 3643 cum
3348 3599 3632 3644 extremo.

2032 3693 2152 3730 rum
2188 3676 2296 3732 fine
2325 3679 2554 3742 desiuit,
2587 3694 2769 3748 neque
2794 3691 2880 3734 est
2908 3680 3024 3750 iam
3053 3680 3380 3750 quidquam.
3420 3682 3492 3736 De
3517 3698 3636 3752 qua

2029 3769 2195 3824 etiam
2229 3769 2450 3826 divinus
2482 3769 2804 3841 Gregorius,
2832 3772 3152 3843 Theologus
3181 3773 3295 3840 ille,
3331 3776 3410 3830 ait
3452 3792 3464 3827 :
3499 3777 3628 3831 Elli-

2031 3859 2232 3925 cietur,
2261 3876 2441 3930 neque
2466 3877 2597 3916 vero
2622 3851 2914 3930 elliciet,et
2942 3863 3278 3936 simulatque
3302 3865 3496 3922 eﬂ‘ecta
3521 3879 3630 3935 est,

2028 3950 2268 4016 desinet,
2305 3962 2365 4008 ut
2391 3954 2558 4008 etiam
2595 3954 2767 4022 visus,
2799 3956 2896 4026 qui
2929 3959 3076 4012 inter
3121 3957 3300 4013 visum
3337 3967 3393 4014 et
3428 3959 3626 4016 viden-

2029 4051 2138 4098 tem
2173 4044 2492 4110 intercedit,
2523 4056 2576 4100 et
2609 4048 2756 4101 inter
2784 4055 3098 4117 gustantem
3123 4057 3180 4104 et
3209 4059 3491 4120 gustatum
3526 4068 3632 4124 gu-

2027 4142 2225 4190 status.
2267 4136 2336 4191 Et
2368 4136 2593 4193 divinus
2623 4137 2927 4209 Gregorius
2975 4139 3258 4210 Nyssenus
3308 4142 3465 4207 dicit,
3513 4160 3625 4202 non

2030 4243 2193 4296 posse
2224 4227 2577 4286 ellicientiam
2610 4232 2774 4287 ullam
2809 4233 2888 4288 rei
2916 4232 3194 4289 eﬂicacem
3240 4236 3413 4306 ipsam
3456 4239 3511 4294 in
3559 4254 3622 4296 se

2026 4331 2304 4389 constare,
2334 4324 2438 4379 nisi
2487 4325 2620 4395 quid
2667 4325 2900 4396 recipiat
2949 4326 3244 4383 ellicientia
3293 4334 3620 4388 motionem.

2027 4411 2156 4469 Haec
2183 4415 2330 4470 enim
2364 4416 2569 4474 habere
2619 4419 2983 4475 necessariam
3029 4421 3303 4478 rationem
3349 4424 3496 4481 inter
3540 4441 3624 4490 se,

2027 4509 2264 4563 activam
2305 4518 2363 4564 et
2417 4512 2691 4580 passivam
2726 4511 2838 4567 vim
2875 4529 2890 4565 :
2924 4528 3162 4582 quorum
3211 4517 3258 4570 si
3301 4529 3633 4575 secernatur

1959 4582 1998 4635 ί)
2031 4599 2243 4653 ratione
2273 4601 2531 4667 alterum,
2565 4617 2674 4656 non
2707 4603 2760 4657 in
2797 4619 2854 4659 se
2880 4614 3098 4660 constet
3120 4607 3288 4661 etiam
3321 4610 3629 4681 reliquum;

2025 4689 2228 4744 etenim
2259 4692 2305 4745 si
2342 4709 2452 4746 non
2483 4695 2555 4748 sit
2588 4695 2754 4748 etiam
2791 4711 2880 4750 res
2919 4697 3157 4765 patiens,
3193 4699 3358 4770 298
3390 4718 3477 4756 res
3505 4703 3623 4758 effi-

2026 4785 2182 4840 ciens
2210 4801 2318 4839 non
2351 4787 2477 4842 erit.
2519 4787 2822 4843 Etlicieutia
2852 4790 3057 4846 dicitur
3091 4795 3259 4848 etiam
3299 4796 3494 4851 visioui
3527 4813 3630 4868 op~

2028 4878 2203 4948 posita
2231 4880 2432 4936 veritas
2459 4881 2763 4935 secundum
2790 4883 3037 4938 divinum
3067 4885 3358 4956 Cyrillum,
3389 4900 3449 4946 ut
3478 4907 3604 4947 ver-

2029 4980 2144 5025 sata
2175 4981 2260 5027 est
2312 4974 2453 5026 ratio
2495 4973 2682 5028 divina
2739 4976 2794 5030 iu
2843 4981 3193 5034 sanctissima
3247 4979 3470 5054 Virgine
3527 4986 3627 5040 Dei

2029 5059 2201 5116 Matre
2223 5103 2236 5126 ,
2268 5077 2375 5116 nou
2409 5066 2613 5132 specie,
2634 5067 2727 5120 sed
2754 5066 3044 5124 efﬁcientia
3075 5072 3192 5128 sive
3227 5077 3476 5133 veritate.
3511 5079 3628 5132 Elii.

2033 5155 2236 5209 cientia
2267 5154 2473 5210 dicitur
2503 5158 2812 5213 secundum
2841 5161 3090 5217 divinum
3118 5165 3392 5222 Joannem
3435 5168 3628 5223 Dama-

2035 5260 2264 5300 scenum
2302 5247 2470 5302 etiam
2507 5250 2681 5318 prima
2729 5252 2786 5306 in
2832 5255 2996 5311 nobis
3045 5266 3308 5314 constans
3336 5260 3622 5330 cogitatio,

2034 5346 2090 5391 et
2120 5352 2287 5405 porro
2319 5341 2594 5407 expositio
2654 5345 3024 5412 cogitatorum
3077 5364 3200 5418 qua.
3232 5351 3416 5421 lingua
3455 5351 3626 5408 elﬁci-

2037 5439 2149 5486 tur.
2173 5432 2534 5489 Consuetudo
2568 5452 2760 5505 porro,
2807 5441 3009 5510 inquit,
3047 5445 3212 5496 etiam
3246 5444 3449 5500 divinas
3472 5445 3627 5501 Scri-

2037 5533 2233 5594 pturae,
2267 5526 2435 5580 etiam
2475 5526 2566 5582 Dei
2599 5529 2994 5600 indulgentiam
3030 5535 3216 5589 dicere
3250 5533 3624 5592 ellicieutiam.

2037 5617 2249 5672 Dicitur
2277 5619 2440 5674 etiam
2465 5623 2673 5676 erroris
2692 5622 2986 5678 efficientia
3011 5635 3070 5679 ut
3096 5626 3263 5680 etiam
3284 5628 3620 5696 dmmonum;

2043 5711 2281 5765 utetiam
2300 5711 2522 5768 divinus
2540 5714 2964 5786 Chrysostomus
2990 5717 3045 5771 in
3071 5718 3139 5772 iis
3167 5734 3302 5787 quas
3323 5719 3392 5775 de
3415 5722 3627 5776 incom-

2041 5803 2336 5872 prehensis
2367 5804 2588 5875 scripsit
2621 5807 2966 5862 orationibus
2993 5817 3049 5863 ut
3093 5827 3190 5879 pro
3239 5817 3636 5884 encrgumenis

2039 5909 2265 5951 oremus
2287 5895 2558 5963 hortatur,
2573 5895 2922 5953 dementihus
2940 5901 3198 5957 nimirum
3219 5913 3273 5959 et
3296 5905 3628 5963 furentibus.
