4034 6472
388 369 394 374 ’
467 356 576 422 26’!

1682 336 2108 401 NICEPHORI
2149 332 2543 395 GliEGORdI

3636 327 3733 394 264

469 474 648 536 Atque
683 461 907 524 Paulus,
949 476 967 510 ι
1003 458 1166 525 Quia,
1192 453 1394 526 inquit,
1427 451 1720 507 veritatem
1751 465 1863 505 non
1903 460 2060 501 acce-
2091 504 2092 511 η

2199 446 2262 498 ταὶ
2295 441 2639 514 μεμηνότων.
2668 441 2778 495 Καὶ
2811 439 3022 504 Παῦλος
3050 438 3134 506 δὲ,
3166 457 3186 492 ι
3228 436 3379 495 Ἀνθ’
3399 430 3498 504 ὧν,
3537 458 3557 493 ι
3587 448 3739 510 φησιν

469 567 694 631 perunt,
748 555 931 608 mittet
962 551 1029 604 iis
1058 544 1408 604 etlicientiam
1439 542 1651 599 erroris
1699 555 1876 611 usque
1924 539 2057 594 dum

471 629 832 706 crediderint.
867 663 886 696 ι
921 641 1030 697 Sed
1083 640 1248 694 etiam
1301 644 1473 691 totam
1521 632 1778 688 animalis
1827 629 2063 685 admini-

475 743 798 800 strationem
853 745 909 792 et
952 731 1423 804 dispensationem
1472 726 1820 782 efﬁcientiam
1882 720 2057 778 sancti

472 844 694 898 vocant,
733 833 851 887 sive
882 826 1110 883 vivendi
1138 823 1307 888 vires,
1355 829 1413 876 et
1461 815 1804 889 intelligendi
1837 825 1893 869 et
1939 827 2063 869 sen-

473 927 667 984 tiendi.
1138 963 1142 968 .

552 1017 664 1072 XV.
690 1014 827 1070 Cum
859 1011 1028 1083 igitur
1060 1016 1142 1064 tot
1171 1003 1610 1077 signiﬁcationes
1634 1001 1733 1057 tibi
1765 997 2064 1070 proposita:

477 1113 609 1175 sint,
648 1123 786 1178 quas
819 1103 1093 1175 signiﬁcat
1141 1115 1246 1154 vox
1273 1137 1288 1162 ,
1329 1099 1522 1152 eodem
1569 1103 1734 1164 atque
1775 1090 2062 1147 eﬂicientia

476 1200 704 1258 nomine
756 1196 1002 1268 praedita,
1052 1192 1147 1262 qui
1192 1200 1250 1244 tu
1288 1185 1660 1260 praetermissa
1691 1182 1938 1238 omnium
1973 1196 2065 1235 co-

477 1293 724 1365 gnitione
753 1286 1014 1357 confugis
1058 1284 1123 1338 ad
1175 1298 1293 1346 eas,
1331 1295 1455 1351 qua:
1501 1278 1554 1332 in
1597 1274 1905 1346 Scripturis
1953 1288 2062 1326 non

479 1363 856 1455 reperiuntur,
887 1388 943 1435 et
971 1377 1288 1445 Seripturas
1321 1372 1448 1426 talia
1482 1370 1670 1425 dicere
1703 1367 1841 1422 l‘also
1871 1363 2064 1419 crimi-

477 1476 668 1532 naris?
701 1473 802 1527 Ubi
827 1471 973 1525 enim
1008 1467 1232 1522 ditlerre
1263 1463 1488 1519 omnino
1523 1462 1658 1516 dicit
1695 1460 1936 1516 Joannes
1962 1457 2066 1510 Da-

478 1581 773 1622 mascenus
800 1565 867 1618 ab
904 1563 1147 1616 inereata
1173 1569 1370 1612 natura
1404 1557 1706 1610 iucreatam
1739 1551 1856 1622 ejus
1901 1548 2067 1619 299

489 1659 879 1722 eﬂicientiam,
912 1655 1054 1708 sicut
1102 1661 1159 1705 tu
1207 1653 1320 1705 hate
1380 1647 1655 1719 pervertis
1715 1641 2067 1713 impudenter

481 1749 872 1810 criminando?
918 1747 1133 1802 Etenim
1165 1743 1426 1814 explicari
1455 1740 1679 1811 quidem
1705 1744 1960 1792 naturam
1993 1733 2062 1788 ab

2174 557 2193 590 ι
2237 539 2336 608 τὴν
2374 536 2635 607 ἀλήθειαν
2674 535 2776 588 οὐκ
2816 535 3085 600 ἐδέξαντο,
3127 532 3333 602 πέμψει
3372 534 3558 596 αὐτοῖς
3594 532 3733 602 ἐνέρ-

2168 644 2326 699 γειαν
2359 628 2572 703 π).ἀνης
2603 629 2683 690 εἰς
2715 626 2774 679 τὸ
2807 625 3100 679 πιστεῦσαι
3133 625 3355 687 αὐτούς.
3397 643 3416 677 ι
3460 623 3618 677 Ἀλλὰ
3647 623 3735 677 καὶ

2167 722 2268 791 τὴν
2305 719 2399 773 τοῦ
2438 719 2579 780 ζώου
2615 719 2794 772 πᾶσαν
2826 716 3144 787 οἰκονομίαν
3188 715 3474 786 ἐνέργειαν
3513 713 3563 767 οί
3589 713 3729 782 ἆγιοί

2171 830 2364 884 φασιν,
2395 814 2581 866 εῐτουν
2632 812 2731 876 τὰς
2763 811 3005 876 ζωτικάς
3041 808 3306 880 δυνάμεις
3345 808 3444 872 τάς
3472 795 3533 861 τε
3557 807 3737 876 νοερὰς

2171 905 2269 958 καὶ
2301 902 2656 974 αἰσθητικάς.
3439 949 3454 958 .

2243 994 2348 1052 ιε’.
2373 995 2662 1050 Τοσούτων
2694 995 2758 1067 δή
2790 1011 2875 1048 σοι
2920 993 3307 1066 προκειμένων
3331 989 3742 1062 σημαινομένων

2171 1088 2317 1159 ἅπερ
2340 1089 2375 1158 ἠ
2399 1087 2503 1158 τῆς
2526 1086 2815 1158 ἐνεργείας
2843 1085 3140 1158 ὁμώνυμος
3172 1083 3348 1158 [ΓΑΗ
3385 1082 3466 1156 υ.]
3495 1081 3628 1138 οὖσα
3653 1099 3745 1151 ση-

2173 1182 2361 1254 μαίνει
2384 1181 2562 1251 φωνὴ,
2591 1181 2710 1243 πῶς
2744 1180 3115 1252 παρατρέχων
3140 1179 3399 1233 ἁπάντων
3424 1179 3522 1248 τὴν
3550 1179 3743 1247 γνῶσιν

2171 1273 2544 1344 καταφεύγεις
2583 1271 2835 1341 ἐφ’ἆπερ
2865 1271 2965 1324 οὒκ
3009 1270 3160 1325 ἔστιν
3211 1274 3272 1326 έν
3324 1272 3449 1333 ταῖς
3490 1270 3743 1340 Γραφαίς,

2172 1367 2272 1420 καὶ
2301 1367 2483 1436 λέγειν
2517 1365 2878 1434 συκοφαντεῖς
2904 1364 3004 1428 τὰς
3041 1364 3268 1435 Γραφὰς
3294 1365 3365 1418 τὰ
3392 1363 3608 1428 τοιάδε;
3644 1361 3746 1414 Ποῦ

2175 1459 2286 1527 γὰρ
2313 1457 2597 1528 διαφέρειν
2627 1457 2762 1520 ὅλως
2807 1457 2975 1527 φησιν
3023 1459 3052 1509 ὁ
3096 1456 3462 1527 Δαμασκηνὸς
3505 1454 3748 1522 Ἰωάννης

2172 1553 2274 1623 τῆς
2339 1551 2598 1605 ἁκτίστου
2644 1550 2860 1620 φύσεως
2903 1549 3006 1618 τὴν
3057 1550 3316 1604 ἄκτιστον
3369 1548 3576 1618 ταύτης
3610 1545 3752 1615 ἐνέρ-

2174 1663 2357 1714 γειαν,
2392 1644 2584 1716 ὥσπερ
2617 1645 2683 1697 σὺ
2728 1642 3042 1706 διαδάλ>.εις
3087 1642 3316 1714 ἀναίδην
3365 1639 3746 1711 συκοφαντῶν;

2175 1734 2624 1805 Χαρακτηρίζειν
2679 1731 2782 1804 μὲν
2835 1731 2946 1802 γὰρ
3002 1732 3352 1803 ἀκηκόαμεν,
3408 1730 3680 1800 διαφέρειν
3709 1725 3750 1781 δ’

482 1863 549 1902 eo
581 1844 914 1904 audivimus,
957 1839 1182 1893 diﬂ'erre
1214 1845 1398 1890 autem
1433 1848 1554 1887 eam
1605 1843 1877 1900 nusquam
1923 1826 2076 1880 inve-

2199 1827 2394 1899 ιύδαμῆ
2423 1829 2516 1881 τὸν
2543 1827 2686 1882 θεῖον
2710 1827 2881 1898 ἄνδρα
2911 1828 3122 1880 ἐκεῖνον
3148 1826 3484 1899 εὑρίσκομεν
3512 1823 3750 1892 λέγοντα.

484 1942 668 1994 nimus
721 1934 996 1987 dicentem
1055 1929 1210 1984 illum
1261 1926 1510 1982 divinum
1554 1923 1758 1976 virum.
1791 1919 1911 1974 Jam
1947 1931 2080 1972 vero

487 2031 530 2085 si
566 2040 621 2083 tu
648 2027 868 2098 quidem
903 2025 1050 2077 illam
1085 2031 1301 2075 naturas
1330 2016 1758 2088 explicationem
1791 2026 1892 2082 pro
1921 2008 2082 2064 diﬂe-

486 2122 663 2176 rentia
696 2117 920 2183 accipis,
955 2115 1068 2184 jam
1117 2122 1204 2167 est
1240 2110 1337 2165 tibi
1389 2109 1686 2177 reliquum,
1720 2116 1846 2159 cum
1885 2100 2082 2156 audias

486 2213 828 2280 Scripturam
861 2201 1603 2272 dicentem,explicationem
1633 2195 1810 2252 Patris
1840 2208 1961 2249 esse
1989 2190 2083 2246 Fi-

487 2302 728 2374 lium,ut
755 2293 1081 2351 dissimilem
1106 2291 1306 2346 Filium
1344 2289 1493 2344 Patri
1537 2285 1817 2350 enunties,
1847 2294 1901 2338 et
1934 2280 2082 2352 quod

490 2365 558 2445 ad
598 2398 850 2444 naturam
894 2383 1093 2438 attinet
1119 2379 1362 2435 essentia
1396 2383 1680 2432 carentem
1708 2383 1765 2425 et
1805 2369 1968 2424 valde
2000 2365 2089 2421 di-

493 2495 742 2536 versum.
787 2476 917 2541 Sed,
973 2484 1035 2528 ut
1067 2472 1306 2534 videtur,
1337 2467 1486 2539 quod
1535 2481 1566 2520 a
1616 2474 1814 2520 natura
1851 2473 2082 2532 pravum

493 2585 600 2636 est,
627 2581 688 2627 ut
718 2573 790 2625 ita
813 2570 1016 2627 dicam.
1040 2576 1097 2620 et
1118 2563 1288 2620 semel
1317 2561 1633 2632 periculoso
1663 2557 1868 2612 mentis
1894 2553 2088 2608 morbo

503 2665 765 2720 aﬂ‘ectum
795 2671 853 2716 et
899 2657 1198 2730 propterea
1245 2653 1452 2708 divinis
1487 2648 1760 2721 dogmatis
1793 2646 2087 2714 abruptum

493 2769 582 2816 est
612 2759 667 2813 in
701 2769 978 2818 errorem,
1011 2763 1259 2820 tempore
1287 2747 1476 2803 delere
1507 2743 1756 2798 habitum
1785 2737 1933 2794 haud
1975 2735 2091 2791 scio

493 2866 565 2907 an
592 2861 874 2917 nunquam
904 2841 1103 2914 possit,
1133 2855 1240 2894 non
1275 2835 1450 2906 magis
1479 2846 1645 2904 quam
1678 2826 1958 2885 interdum
1990 2823 2093 2877 ha-

494 2944 679 3001 bitum
730 2915 948 3012 pulchri
999 2949 1069 2989 ex
1117 2931 1273 3004 poesi
1308 2929 1516 3001 pellere
1562 2932 1766 2996 potest,
1803 2915 2093 2975 celerrime

494 3035 778 3093 decutitur
807 3046 866 3087 re
906 3030 1026 3099 ipsa
1052 3027 1328 3081 detectum
1351 3064 1367 3090 ,
1401 3035 1527 3076 eum
1563 3027 1765 3074 natura
1816 3011 2010 3069 redeat
2037 3015 2096 3065 et

2294 1923 2352 1976 δὲ
2412 1924 2477 1977 τὸ
2526 1921 2960 2005 χαρακτηρίζειν
2989 1921 3154 1984 αὐτὸς
3186 1922 3312 1975 ἀντὶ
3361 1917 3459 1972 τοῦ
3489 1915 3754 1986 διαφέρειν

2183 1999 2514 2083 λαμϐάνεις,
2566 1999 2696 2081 ’ὥρα
2755 2024 2839 2063 σοι
2906 2008 3093 2061 λοιπὸν
3151 2007 3247 2061 καὶ
3306 2006 3640 2078 χαρακτῆρα
3669 1999 3754 2054 τοῦ

2184 2105 2401 2176 Πατρὺς
2453 2103 2547 2157 τὸν
2606 2101 2739 2156 Υίδν
2766 2102 2868 2172 τῆς
2900 2100 3127 2172 Γραφῆς
3183 2099 3442 2154 ἀκούοντι
3475 2095 3756 2166 λεγούσης,

2185 2199 2441 2270 ἀνόμοιον
2472 2196 2565 2276 τον
2606 2194 2740 2276 1;th
2771 2193 2850 2264 τῷ
2881 2195 3060 2264 Πατρί
3111 2193 3414 2264 κηρύττειν
3469 2192 3565 2244 καὶ
3605 2187 3754 2243 ἀνού-

2188 2306 2307 2344 σιον
2375 2275 2733 2359 καὶ’σφόδρα
2791 2286 3054 2357 διάφορον
3109 2283 3210 2356 τὴν
3258 2283 3453 2354 φύσιν.
3523 2279 3660 2334 Ἀλλ’
3689 2278 3756 2339 ὡς

2189 2383 2360 2448 ἔοικε,
2394 2381 2458 2436 τὸ
2493 2379 2656 2450 φύσει
2695 2379 2868 2434 κακὸν
2918 2379 2997 2444 ὼς
3038 2380 3234 2446 εἰπεῖν,
3266 2378 3372 2431 καὶ
3418 2377 3486 2431 τὰ
3514 2374 3613 2443 τῆς
3654 2372 3759 2424 δια-

2194 2476 2347 2536 νοίας
2403 2472 2553 2539 ἅπαξ
2609 2473 2806 2545 καίρια
2859 2472 3152 2538 νενοσηκὸς
3183 2469 3422 2524 καὶτῶν
3461 2466 3621 2521 θείων
3650 2465 3761 2515 ἐπι-

2194 2565 2422 2636 σφαλῶς
2455 2563 2784 2636 ἀπερρωγὸς
2815 2561 2906 2616 διὰ
2927 2560 3102 2616 ταῦτα
3130 2559 3448 2631 δογμάτων,
3475 2557 3647 2629 χρόνῳ
3671 2551 3763 2623 τὴν

2189 2659 2310 2724 ἕξιν
2338 2658 2441 2712 οὐκ
2486 2662 2553 2716 ἄν
2589 2660 2712 2714 ποτ’
2740 2646 3150 2727 ἀποτρίψασθαι
3183 2654 3430 2720 δύναιτο,
3465 2655 3548 2707 ὅτι
3577 2649 3652 2721 μὴ
3677 2646 3763 2701 καί

2194 2753 2295 2824 τὴν
2328 2752 2443 2807 ἔσθ’
2477 2753 2569 2807 ὅτε
2619 2751 2715 2805 τοῦ
2767 2748 2939 2804 καλοῦ
2971 2747 3348 2820 προσποίησιν
3376 2748 3607 2816 τάχιστα
3641 2743 3764 2795 ἁπο-

2199 2847 2431 2916 σείεται,
2481 2845 2814 2916 πράγμασιν
2841 2842 3028 2905 αὐτοῖς
3079 2839 3466 2909 ἐλεγχόμενον,
3497 2833 3767 2903 παλινδρο-

2201 2941 2415 3012 μούσης
2469 2939 2573 3009 τῆς
2625 2935 2846 3006 φύσεως
2901 2935 3002 2989 καὶ
3049 2932 3552 3004 ἀναλαμϐανούσης
3582 2930 3644 2982 ὲκ
3678 2923 3764 2979 τοῦ

2201 3036 2408 3109 ῥᾴστου
2439 3033 2502 3086 τδ
2533 3032 2786 3102 γνήσιον.
2826 3029 2940 3084 Καὶ
2975 3025 3040 3082 σύ
3078 3044 3142 3097 γε
3177 3028 3287 3099 μὴν
3317 3029 3386 3082 ὲν
3413 3027 3512 3098 μὲν
3541 3023 3616 3091 τῷ
3642 3038 3766 3091 γρα-

496 3128 736 3199 recipiat
797 3122 1058 3178 facillime
1095 3115 1423 3188 genuinum.
1466 3110 1532 3166 Et
1564 3120 1621 3165 tu
1652 3107 1874 3179 quidem
1916 3104 2092 3159 simu-

2202 3104 2371 3198 φικὰς
2399 3124 2710 3197 μαρτυρίας
2734 3119 3157 3195 προσποιεῖσθαι
3184 3121 3464 3192 κομίζειν,
3493 3119 3590 3188 οὐχ
3615 3113 3769 3184 ὑγιῶς

495 3195 663 3276 laudo
692 3225 744 3272 te
779 3213 982 3270 etl‘erre
1013 3206 1330 3265 testimonia
1355 3205 1586 3274 scripta,
1613 3202 1804 3255 insane
1831 3195 2059 3268 quidem
2078 3231 2094 3258 ,

505 3325 629 3385 ipse
656 3305 950 3363 stultitiam
979 3309 1130 3355 tuam
1165 3299 1310 3353 ultro
1339 3295 1572 3366 detegis,
1607 3307 1729 3362 quae
1767 3304 1893 3344 cum
1930 3287 2098 3342 etiam

502 3377 561 3458 in
593 3397 922 3455 sententiam
953 3405 1146 3463 vagam
1177 3399 1234 3445 et
1267 3387 1493 3458 impiam
1525 3392 1834 3456 pervertas,
1859 3381 1970 3450 jam
2001 3377 2102 3430 im-

501 3492 833 3565 probitatem
868 3485 968 3540 tibi
1009 3481 1288 3554 propriam
1343 3479 1566 3549 publice
1615 3473 1872 3545 exponis.
1906 3468 2100 3537 Neque

502 3561 653 3643 enim
680 3584 791 3654 jam
820 3579 1060 3635 celatum
1101 3573 1248 3645 quod
1295 3571 1361 3627 ad
1393 3569 1562 3624 animi
1605 3566 1868 3637 mysteria
1899 3561 2102 3616 attinet

505 3691 566 3731 se
601 3674 973 3729 dormiturum
1019 3672 1206 3736 sperat
1252 3660 1544 3734 pravitatis
1576 3657 1759 3713 scelus
1792 3661 2090 3708 secretum.

505 3763 798 3823 Emanavit
835 3761 984 3815 enim
1020 3768 1075 3813 et
1104 3757 1382 3826 divulgata
1413 3761 1498 3808 est
1537 3752 1594 3806 in
1624 3748 1762 3805 solis
1809 3744 1998 3800 radios
2033 3743 2106 3798 si-

505 3859 728 3928 mulque
754 3858 808 3910 in
826 3853 1128 3909 ludibrium
1151 3860 1208 3905 et
1230 3848 1637 3905 cavillationem
1673 3840 1876 3897 theatri
1903 3836 2103 3894 comici

506 3927 875 4019 frequentem,
893 3955 948 4000 et
969 3944 1200 4015 gloriam
1222 3955 1388 4012 quam
1411 3935 1630 4006 assequi
1648 3932 1909 3988 studebas
1925 3927 2108 4000 perdi-

513 4045 642 4100 disti
673 4049 936 4095 mutatam
961 4037 1124 4108 300
1155 4038 1209 4090 in
1237 4032 1547 4093 infamiam,
1580 4026 1729 4098 quod
1757 4021 2104 4079 autemvela-

511 4138 609 4193 bas
637 4137 775 4205 ipse,
802 4133 1042 4188 dedecus
1081 4139 1262 4193 tuum,
1294 4129 1416 4197 ejus
1435 4125 1548 4194 jam
1579 4135 1736 4177 sacra
1782 4115 2108 4174 revelatoria

510 4230 692 4285 facere
712 4237 763 4282 te
783 4235 842 4281 ut
877 4227 932 4279 in
973 4223 1176 4277 Bacchi
1204 4217 1480 4290 mysteriis
1529 4230 1642 4269 non
1678 4212 1872 4268 sentis.

582 4319 722 4375 XVI.
779 4318 1031 4373 Palamas
1079 4324 1266 4367 autem
1312 4308 1456 4364 nihil
1503 4306 1574 4360 ad
1609 4306 1728 4359 haec
1767 4299 2111 4372 respondens

515 4414 676 4466 aliam
709 4410 837 4464 iniit
862 4410 1033 4470 viam,
1061 4415 1123 4458 ut
1152 4411 1276 4458 erat
1301 4401 1424 4469 ejus
1457 4412 1595 4451 mos.
1632 4395 1826 4450 Nonne
1855 4406 2107 4463 magnus,

2201 3221 2249 3276 δ’
2278 3220 2394 3288 οῦν,
2421 3220 2524 3290 τὴν
2573 3218 2737 3282 αὐτὸς
2771 3215 2970 3272 σαυτοῦ
3009 3231 3073 3286 γε
3107 3216 3362 3287 ἀμαθίαν
3395 3212 3537 3270 ἑκὼν
3565 3209 3770 3275 ἐξελέγ-

2203 3331 2346 3386 χεις,
2401 3314 2462 3367 ἐν
2513 3311 2572 3366 δὲ
2609 3309 2689 3381 τῷ
2749 3311 2846 3364 καί.
2885 3309 3022 3379 πρὸς
3079 3305 3377 3378 ἑπισφαλῆ
3427 3306 3524 3360 καὶ
3551 3296 3770 3361 δυσσεϐῆ

2203 3408 2448 3462 διάνοιαν
2478 3403 2652 3465 αὑτὰς
2680 3399 3038 3472 διαστρέφειν
3067 3399 3167 3471 τὴν
3203 3399 3425 3454 οἰκείαν
3453 3397 3534 3452 ἔτι
3568 3389 3771 3468 θεατρίσ

2206 3501 2322 3564 ζεις
2378 3499 2696 3554 κακόνοιαν.
2751 3497 2953 3551 Οὐκέτι
3009 3495 3120 3568 γὰρ
3155 3495 3491 3564 ἀνέλεγκτον
3537 3493 3592 3549 ἐς
3621 3487 3684 3539 τά
3713 3497 3768 3549 τε

2205 3593 2308 3663 τῆς
2343 3592 2528 3662 ψυχῆς
2563 3591 2846 3661 μυστήρια
2895 3589 3258 3658 καθευδήσειν
3289 3588 3566 3650 ἐλπίζεται
3595 3582 3653 3631 τὸ
3682 3575 3770 3638 τῆς

2211 3684 2419 3747 κακίας
2453 3681 2773 3754 ἀπόρρητον
2807 3681 2962 3751 ᾰγοςο
2996 3679 3304 3752 ἐξερρύηκε
3333 3682 3442 3750 γὰρ
3481 3676 3575 3730 καὶ
3602 3672 3776 3724 διαπε-

2215 3777 2478 3848 φοίτηκεν
2536 3775 2596 3839 ἐς
2625 3773 2779 3843 ἡλίου
2813 3772 2987 3841 αὐγὰς
3020 3773 3115 3826 καὶ
3147 3773 3262 3841 ἆμα
3317 3773 3376 3834 ἐς
3409 3768 3658 3840 μυκτῆρα
3686 3757 3772 3812 καὶ

2221 3867 2424 3940 χλεύην
2456 3867 2687 3936 θεάτρου
2719 3867 2926 3936 μεστὴν
2954 3863 3222 3933 κωμικοῦ.
3257 3863 3369 3915 Καὶ
3403 3865 3469 3933 ῆν
3504 3859 3601 3930 μὲν
3633 3853 3773 3906 ὲδῐωο

2218 3978 2312 4024 κες
2371 3949 2731 4022 ἀπολῶλεκας
2785 3958 2944 4025 δόξαν
2979 3957 3117 4027 πρὸς
3163 3955 3388 4020 ἀδοξίαν
3425 3943 3772 4024 μετενεγκών·

2215 4055 2280 4125 ἢν
2300 4053 2346 4106 δ’
2369 4051 2676 4114 ὲκὰλυπτες
2706 4051 2972 4122 αἰσχύνην
3001 4051 3164 4111 αὐτὸς
3202 4048 3430 4111 σαυτοῦ,
3465 4043 3660 4112 ταύτης
3685 4036 3775 4106 ἤδη

2211 4145 2282 4198 τὰ
2323 4144 2795 4214 ἀνακαλυπτήρια
2825 4143 2970 4196 θύων
3004 4141 3198 4211 ὥσπερ
3231 4142 3292 4194 ἐν
3323 4135 3619 4193 Διονυσίων
3649 4142 3778 4189 πομ⁵

2213 4237 2348 4300 παῖς
2377 4237 2480 4290 οὐκ
2508 4236 2766 4310 αἰσθάνῃ.

2291 4329 2376 4397 1c;
2380 4326 2414 4384 '.
2456 4329 2516 4384 '0
2550 4329 2608 4383 δὲ
2661 4328 2930 4399 Παλαμᾶς
2973 4328 3128 4383 οὐδὲν
3179 4329 3317 4400 πρδς
3366 4327 3544 4383 ταῦτα
3568 4322 3784 4382 dum?“

2218 4422 2461 4492 νᾶμενος
2513 4422 2719 4493 ἑτέραν
2747 4421 2990 4484 ὲϐἁδισι,
3029 4420 3193 4475 τοῦτο
3217 4421 3284 4490 δὴ
3313 4424 3376 4475 τὸ
3408 4416 3595 4475 εἰωθὸς
3623 4404 3780 4471 αὖτῷο

517 4504 721 4574 inquit,
753 4501 990 4556 Basilius
1040 4515 1108 4552 ex
1141 4491 1450 4549 ellicientiis
1491 4487 1590 4542 Dei
1621 4485 1758 4541 dicit
1784 4500 1887 4540 nos
1914 4499 2092 4554 cognu

2226 4530 2245 4565 ι
2279 4485 2416 4566 έῑτα
2447 4513 2548 4584 οὐχ
2581 4485 2630 4567 ὁ.
2649 4513 2844 4584 μέγας,
2888 4517 3045 4585 φησί,
3084 4485 3372 4579 Βασίλειος
3418 4516 3482 4565 ὲκ
3510 4507 3616 4560 τῶν
3645 4504 3784 4565 ἐνερ⁰

519 4613 676 4654 scere
714 4593 925 4649 Deum?
953 4587 1273 4645 Ellicientiae
1303 4584 1451 4638 enim
1482 4581 1626 4650 ejus,
1665 4579 1744 4634 ait
1773 4579 1886 4644 ille,
1912 4577 1980 4632 ad
2017 4593 2118 4633 nos

518 4689 886 4750 descendunt,
922 4685 1162 4739 essentia
1197 4689 1382 4733 autem
1433 4675 1554 4746 ejus
1584 4685 1773 4728 manet
1818 4672 2115 4728 inaccessa.

523 4783 631 4836 llas
666 4783 832 4850 igitur
859 4774 1184 4830 efﬁcientias
1232 4771 1398 4824 habet
1445 4767 1611 4830 Deus,
1662 4765 1758 4834 qui
1805 4765 1948 4820 alius
1989 4773 2115 4827 est,

521 4876 661 4928 alias
683 4881 742 4926 et
768 4872 1086 4928 increatas;
1125 4864 1208 4916 ha:
1235 4861 1382 4915 enim
1416 4867 1542 4912 sunt
1569 4857 1957 4928 providentiae,
1991 4865 2120 4912 sunt

523 4971 784 5022 eventus,
809 4971 976 5026 porro
1004 4953 1318 5015 infinitum,
1344 4949 1655 5014 immotum,
1710 4949 1962 5018 simplex,
2014 4949 2120 5002 ini-

528 5055 610 5108 tio
639 5061 696 5104 et
731 5051 840 5102 [ine
879 5061 1096 5106 carens,
1133 5043 1423 5111 sapientia,
1447 5042 1624 5096 virtus
1654 5051 1710 5096 et
1749 5041 2120 5111 similia,vqu;e

525 5146 711 5199 omnia
739 5141 842 5195 alia
869 5138 1091 5206 quidem
1155 5146 1283 5188 sunt
1319 5151 1383 5190 ac
1425 5137 1685 5200 essentia,
1710 5135 1803 5190 sed
1855 5135 2118 5190 increata.

526 5235 692 5291 Aliud
743 5232 890 5286 enim
939 5238 1020 5282 est
1049 5225 1198 5296 quod
1230 5227 1416 5292 habet,
1437 5228 1582 5283 aliud
1612 5229 1758 5298 quod
1791 5227 2044 5290 habetur,
2066 5233 2118 5279 et

528 5329 811 5383 diversum
845 5319 1091 5391 quidem.

605 5522 774 5576 XVII.
820 5519 898 5573 Ad
939 5519 1055 5572 haec
1089 5517 1358 5590 Gregoras
1393 5521 1754 5588 respondens,
1785 5520 2078 5590 Proprium
2105 5559 2119 5583 ,

533 5613 732 5680 inquit,
776 5613 878 5662 hoc
907 5607 1029 5673 tibi,
1067 5609 1263 5675 amice,
1295 5623 1380 5666 est
1416 5617 1654 5683 signum,
1693 5625 1753 5665 ut
1803 5611 1939 5664 nihil
1971 5609 2121 5680 quod

533 5701 599 5752 ad
633 5715 748 5751 rem
784 5698 1076 5767 pertineat,
1104 5703 1459 5771 respondeas,
1488 5705 1580 5759 sed
1612 5719 1710 5773 pro
1742 5703 1862 5756 aliis
1893 5703 1996 5755 alia
2023 5703 2119 5756 ad-

531 5789 705 5844 ducas
740 5789 1080 5859 imperlecta,
1105 5794 1327 5852 omissis
1353 5797 1440 5862 iis,
1465 5813 1584 5866 qua:
1611 5795 1784 5865 magis
1808 5794 2121 5850 necessaria

2220 4605 2389 4675 γειῶν
2440 4606 2536 4660 τοῦ
2590 4607 2728 4660 Θεοῦ
2760 4608 2963 4677 φάσκει
3003 4606 3297 4676 γνωρίζειν
3324 4605 3474 4677 ἡμᾶς
3502 4599 3594 4653 τὸν
3621 4589 3780 4677 Θεόνς

2219 4695 2287 4749 Δί
2319 4696 2428 4767 γὰρ
2461 4697 2742 4767 ἐνέργειαι
2772 4675 2962 4761 αὐτοῦ,
3001 4675 3157 4766 φησί,
3188 4695 3324 4766 πρὸς
3346 4675 3509 4764 ἡμᾶς
3537 4675 3788 4767 mnia“

2220 4801 2430 4848 νουσιν,
2484 4785 2518 4853 ἡ
2569 4784 2615 4836 δ’
2649 4783 2806 4836 οὐσία
2837 4782 3002 4836 αὑτοῦ
3035 4785 3188 4854 μένει
3234 4765 3552 4853 ἆπρόσιτος.
3587 4765 3788 4824 Ταύτας

2219 4873 2315 4930 οὖν
2346 4876 2448 4940 τὰς
2478 4877 2764 4947 ἐνεργείας
2791 4875 2904 4945 ἔχει
2937 4877 2965 4928 ὁ
2994 4875 3126 4939 Θεὸς
3150 4875 3310 4939 ἄλλος
3340 4874 3416 4929 ὢν
3448 4867 3611 4926 ἄλλας
3635 4855 3789 4947 οὖσαξ

2222 4972 2317 5023 καὶ
2370 4970 2684 5030 ἀκτίστουςο
2749 4961 2910 5022 αῦται
2968 4970 3077 5038 γάρ
3131 4969 3271 5021 εἰσιν
3323 4968 3382 5021 αἱ
3444 4942 3789 5030 πρόνοιαινοί

2223 5061 2470 5132 πρόοδοι,
2504 5061 2566 5112 τὸ
2602 5059 2856 5129 ἄπειρον,
2916 5031 2991 5113 τὸ-
3038 5031 3312 5130 ἀτρεπτον
3334 5101 3349 5126 ,
3383 5057 3446 5112 τὸ
3486 5044 3704 5105 ἁπλοῦν,
3735 5031 3790 5132 τί)

2223 5121 2486 5221 ἄναρχον,
2539 5151 2603 5202 τὸ
2649 5121 3035 5220 ἀτελεύτητον,
3156 5121 3346 5220 σοφία,
3376 5151 3412 5219 ἡ
3456 5144 3680 5207 δύναμις
3705 5121 3790 5180 καὶ

2221 5245 2291 5296 τὰ
2321 5234 2572 5307 τοιαῦτα,
2601 5243 2740 5296 ἄλλα
2782 5246 2883 5313 μὲν
2916 5244 3048 5297 ὄντα
3081 5245 3234 5314 παρὰ
3278 5245 3382 5316 τὴν
3406 5237 3612 5296 οὐσίαν,
3643 5225 3789 5280 an“

2227 5354 2326 5388 στα
2365 5337 2443 5390 δέ.
2501 5337 2666 5390 Ἄλλο
2693 5338 2803 5408 γὰρ
2847 5338 2906 5390 τὸ
2944 5337 3068 5408 ἔχον
3124 5339 3221 5392 καὶ
3265 5339 3394 5393 ἄλλο
3433 5332 3496 5386 τὸ
3544 5321 3789 5395 ἐχόμενον

2228 5431 2321 5482 καὶ
2359 5430 2638 5498 διάφορον.
2685 5450 2704 5481 ι

2297 5521 2394 5576 ΙΖ’.
2416 5522 2599 5594 [11142
2626 5524 2860 5596 inﬂigit;
2890 5527 3063 5580 ταῦτα
3094 5531 3119 5579 ὁ
3149 5527 3437 5599 Γρηγορᾶς
3462 5497 3788 5578 ἀποκριθεὶς,

2235 5634 2254 5668 ι
2299 5615 2462 5668 Ἵδιόν
2513 5634 2595 5669 σοι
2631 5617 2811 5678 τοῦτο,
2847 5619 3037 5686 φησιν,
3087 5615 3131 5674 ὦ
3178 5620 3459 5689 ἄνθρωπε.
3499 5601 3790 5676 γνώρισμαν

2229 5709 2396 5778 μηδὲν
2453 5711 2586 5779 πρὸς
2623 5709 2753 5773 ἔπος
2794 5713 3219 5781 ἀποκρίνεσθαι,
3278 5712 3394 5765 ἀλλ’
3439 5699 3553 5759 ἀνθ’
3603 5689 3789 5750 ἐτέρων

2227 5803 2593 5867 παρεισάγειν
2623 5803 2816 5874 ἔτερα,
2849 5806 3083 5875 ἡμιτελῆ
3115 5807 3184 5858 τὰ
3207 5797 3607 5872 ἀναγκαιότερα
3635 5789 3791 5832 κατ-λ’
