4034 6468
374 316 489 383 265

1364 309 1801 370 ΒῩΖΛΝΤΙΝᾸΞ
1843 307 2225 369 IIISTORL‘E
2252 310 2398 370 LIB.
2423 308 2603 369 XXX.

3426 344 3429 349 -
3522 302 3629 368 9.66

373 431 722 502 λιμπάνοντα
790 429 882 482 καὶ
951 422 1139 495 ἀσαφῆ
1197 425 1293 477 καὶ
1345 428 1794 494 ἀνεπεξὲργαστα
1851 426 1946 478 καὶ

2059 435 2198 487 sunt.
2218 434 2274 480 et
2304 424 2533 479 obscura
2563 428 2620 479 et
2652 420 2923 476 incxculta
2943 428 2998 476 et
3022 420 3349 477 testimoniis
3366 424 3627 477 carentia.

376 524 693 592 ἀμάρτυρα.
715 520 907 587 Ὅμως
951 518 1125 587 μικρά
1153 517 1246 569 καὶ
1280 516 1410 584 περὶ
1444 516 1551 570 τῶν
1584 515 1681 568 νῦν
1716 534 1802 569 σοι
1863 518 1948 570 λε-

381 615 623 685 χθέντων
681 609 1055 679 φθεγξάμενος
1123 605 1535 674 ἀπαλλάξομαι.
1575 606 1637 658 El
1687 606 1819 682 ἄλλο
1889 608 1949 660 τὸ

376 709 501 777 ἔχον
548 707 643 758 καὶ
691 704 818 758 ἀλλο
865 703 927 755 τὸ
969 702 1228 769 ἐχόμενον
1288 699 1385 752 καὶ
1436 698 1736 767 διάφοροντ
1762 700 1856 753 καὶ
1890 700 1951 751 τὸ

380 801 481 868 μὲν
504 797 630 866 ἔχον
666 797 847 856 οὐσία,
883 796 944 845 τὸ
982 793 1040 846 δὲ
1070 791 1333 861 ἐχόμενον
1367 788 1468 843 οὐκ
1505 789 1663 843 οὐσία
1697 790 1840 842 κατὰ
1867 790 1948 856 σὲ,

378 889 638 943 ἀνούσιον
691 884 804 955 ἀρα
857 882 921 935 τὸ
968 883 1247 953 ἐχόμενον.
1291 879 1403 932 Καὶ
1448 881 1496 932 εἰ
1530 879 1563 948 ἡ
1594 878 1752 931 ούσία
1782 877 1950 942 Θεὸς,

375 982 438 1032 τὸ
481 976 733 1031 ἀνούσιον
782 974 893 1044 ἄρα
926 972 988 1026 οὐ
1028 973 1182 1037 Θεὸς,
1219 973 1253 1041 ἠ
1283 970 1536 1040 ἐνέργεια
1577 968 1802 1038 δηλαδή.
1840 967 1953 1022 Καὶ

380 1071 597 1123 σύνεστι
626 1067 814 1121 λοιπὸν
845 1065 905 1131 ἐξ
936 1064 1109 1117 ἀϊδίου
1144 1064 1212 1134 τῇ
1241 1060 1363 1132 θεία
1407 1062 1504 1113 καὶ
1528 1061 1772 1127 ἀκτίστῳ
1794 1060 1953 1130 οὐσίᾳ

382 1167 417 1234 ἠ
448 1162 701 1225 ἀνούσιος
730 1160 870 1230 αὕτη
921 1159 1017 1213 καὶ
1048 1157 1304 1226 διάφορος
1351 1155 1624 1223 ἐνέργεια.
1681 1154 1791 1206 Καὶ
1834 1151 1952 1220 ἅμα

377 1254 506 1315 δυάς
537 1254 571 1321 ἠ
607 1250 824 1303 πάντων
872 1247 1017 1319 ἀρχή
1057 1263 1142 1299 σοι
1189 1243 1428 1313 γίνεται,
1460 1244 1523 1296 τὸ
1571 1242 1950 1306 ἀτοπώτατον,

385 1344 585 1412 ἑαυτῆς
637 1341 979 1409 διαφέρουσα
1034 1338 1130 1390 καὶ
1190 1334 1378 1397 ἀϊδίως
1429 1335 1595 1402 ἑαυτῇ
1646 1334 1952 1403 μαχομένη.

392 1436 532 1488 Ἀλλ’
576 1437 602 1486 ὁ
638 1433 778 1493 θεῖος
807 1431 1082 1500 Μάξιμος,
1119 1448 1137 1479 ι
1176 1428 1250 1481 οὐ
1302 1424 1728 1495 συνθειορεῖσοαι
1758 1424 1790 1492 ἦ
1825 1441 1955 1476 συν-

381 1523 803 1592 επιθεωρεῖσθαι
850 1520 1073 1574 δύναταί
1118 1536 1193 1584 τι,
1240 1517 1395 1585 φησὶ,
1450 1517 1530 1586 τῷ
1564 1515 1685 1585 Θεῷ
1713 1516 1835 1568 κατ’
1864 1515 1957 1568 οὖν

383 1618 506 1669 σίαν
538 1616 797 1683 διάφορον
831 1612 890 1678 ἐξ
936 1610 1132 1674 ἀῖδίου,
1163 1611 1263 1661 οὐκ
1292 1606 1449 1670 αἰὼν,
1484 1610 1546 1660 ού
1591 1608 1805 1677 χρόνος,
1836 1606 1955 1659 ούδὲ

382 1726 435 1759 τι
465 1708 570 1759 τῶν
601 1706 809 1765 τούτοις
837 1701 1290 1770 ἐνδιαιτωμένων·
1324 1702 1383 1754 οὐ
1414 1703 1523 1772 γὰρ
1558 1699 1957 1770 συμϐαίνουσιν

379 1798 630 1865 ἀλλήλοις
663 1793 881 1848 πώποτε
916 1794 977 1846 τὸ
1011 1793 1217 1863 κυρίως
1250 1787 1395 1847 εἶναι
1437 1795 1532 1846 καὶ
1566 1794 1627 1845 ού
1662 1795 1886 1862 κυρίως.
1929 1810 1949 1843 ι

383 1891 493 1944 Καὶ
531 1890 689 1940 πάλιν
734 1887 964 1955 ἄπειρον
1012 1881 1152 1937 εἶναι
1181 1885 1352 1938 δυάδα
1380 1884 1630 1954 οὐδαμῶς
1658 1884 1956 1955 ἐνδέχεται·

381 1984 441 2034 αἱ
475 1981 582 2050 γάρ
614 1978 735 2032 κατ’
778 1977 950 2047 αὐτὴν
1003 1976 1233 2045 μονάδες
1292 1975 1553 2046 ἀλλήλαις
1609 1977 1752 2030 κατὰ
1780 1975 1958 2045 παρά-

386 2074 535 2126 θεσιν
562 2069 1011 2139 συνυπάρχουσαι
1036 2066 1274 2137 ἀλλήλας
1298 2066 1595 2137 ὁρίζουσιν,
1620 2068 1669 2118 εί
1690 2065 1746 2118 δὲ
1773 2064 1953 2130 τοῦτο,

385 2164 494 2216 οὐδ’
528 2163 794 2231 ἄναρχον·
830 2160 972 2231 ἀρχὴ
1002 2159 1109 2228 γάρ
1141 2161 1320 2228 πάσης
1359 2157 1549 2219 δυάδος
1583 2157 1768 2226 μονάς.
1808 2159 1870 2209 Εἰ
1897 2155 1955 2208 δὲ

386 2256 464 2325 μὴ
490 2254 749 2324 ἄναρχον,
773 2251 882 2306 οὐδ’
908 2251 1186 2322 ἀκίνητον·
1225 2252 1460 2304 κινεῖται
1494 2249 1604 2320 γὰρ
1626 2250 1703 2318 τῷ
1735 2248 1957 2319 ἀριθμῷ

384 2348 451 2400 ὲκ
494 2345 738 2417 μονάδων
802 2342 927 2395 καθ’
985 2341 1205 2405 ἓιοωσιν,
1266 2338 1328 2393 τὸ
1373 2338 1431 2392 δὲ
1488 2338 1810 2408 κινούμενον
1854 2337 1955 2391 οὐκ

391 2438 556 2509 ἀρχὴ,
588 2434 705 2490 ἀλλ’
737 2433 797 2499 ἐξ
826 2433 1024 2503 ἀρχῆς,
1053 2432 1255 2503 δηλαδὴ
1287 2430 1381 2484 τοῦ
1427 2431 1728 2493 κινοῦντος.
1769 2429 1955 2493 Μονάς

387 2529 445 2580 δὲ
476 2529 613 2596 μόνη
665 2527 871 2595 κυρίως
915 2525 1194 2591 ἀκίνητος.
1248 2522 1672 2590 Πεπερασμέναι
1715 2538 1796 2574 σοι
1847 2521 1955 2587 ἀρα

386 2622 480 2674 καὶ
510 2620 604 2673 ὑπ’
637 2618 810 2690 ἀρχὴν
854 2616 911 2671 αἱ
944 2615 1220 2687 θεότητες,
1254 2615 1535 2683 ἄνθρωπε·
1568 2616 1664 2666 καὶ
1691 2618 1739 2667 εἰ
1773 2613 1952 2675 τοῦτο,

385 2713 718 2779 διαστήματι
763 2708 1007 2770 τοπικοῖς
1033 2723 1095 2760 τε
1132 2709 1230 2758 καὶ
1276 2707 1550 2776 χρονικοῖς
1595 2706 1953 2760 δεδουλεύκα-

389 2822 498 2859 σιν.
521 2803 829 2871 Κτίσμασιν
859 2801 971 2870 ἀρα
996 2797 1278 2869 λατρεύων
1310 2798 1472 2861 αὐτὸς
1496 2798 1800 2866 ἐλελήθεις.
1833 2800 1955 2853 Ἔτι

386 2898 434 2949 εἰ
464 2895 604 2946 κατά
640 2893 699 2946 σὲ
732 2892 917 2961 ἕτερον
957 2890 1126 2945 οὐσία
1156 2890 1252 2942 καὶ
1282 2888 1473 2959 ἕτερον
1504 2889 1636 2953 Θεὸς
1677 2891 1705 2942 ὁ
1734 2891 1834 2958 τὴν
1863 2890 1955 2943 ού-

389 2988 510 3041 είαν
536 2988 673 3055 ἔχων
713 2984 806 3038 καὶ
856 2984 1113 3052 διάφορος
1142 2981 1240 3051 τῆς
1289 2982 1502 3044 οἰκείας
1554 2982 1766 3044 οὐσίας,
1807 2980 1956 3035 ἐστιν

391 3080 501 3146 ἄρα
527 3078 658 3139 Θεῦς
694 3074 942 3136 ἀνούσιος
975 3073 1071 3126 καὶ
1098 3072 1256 3126 οὐσία
1301 3071 1436 3124 Θεοῦ
1478 3071 1656 3135 ἄθεος.
1686 3072 1823 3138 Φησὶ
1850 3072 1958 3144 γὰρ

389 3173 482 3222 καὶ
521 3173 548 3222 ὁ
592 3167 888 3221 Νυσσαέων
919 3165 1248 3234 Γρηγόριος,
1286 3183 1305 3216 ι
1343 3165 1404 3217 Εἰ
1439 3164 1501 3217 τὸ
1552 3164 1758 3232 ἀγαθὸν
1784 3163 1867 3227 ὃν,
1899 3165 1962 3219 τὸ

389 3261 627 3329 ποιηρὸν
679 3261 777 3313 οὐκ
822 3260 900 3313 δν·
934 3262 983 3313 εί
1033 3260 1090 3312 δὲ
1140 3259 1201 3309 τὺ
1242 3258 1481 3328 πονηρὸν
1517 3256 1597 3324 ὃν,
1655 3256 1715 3310 τὸ
1754 3256 1960 3326 ἀγαθὸν

386 3359 488 3408 οὐκ
514 3355 766 3418 ὂν,.κατά
803 3355 896 3406 τὸν
944 3354 1065 3421 ,τῶν
1118 3353 1345 3422 ἀμέσων
1403 3350 1667 3404 ἐναντίων
1715 3350 1894 3419 λόγον.
1934 3370 1953 3402 ι

391 3448 552 3499 Ὥστε
585 3445 873 3498 πολυθεῖαν
905 3443 1311 3513 ἀγωνιζόμενος
1363 3459 1553 3495 συνιστ
1567 3444 1628 3513 iis
1662 3443 1839 3506 ἑάλως
1868 3443 1963 3495 καὶ

387 3538 579 3592 ἀθεῖαν
604 3537 796 3601 νοσῶν,
828 3538 897 3591 τὰ
924 3539 996 3603 ex:
1026 3537 1330 3606 διαμέτρου
1359 3534 1526 3589 κακά·
1559 3536 1654 3587 καὶ
1700 3537 1962 3589 πέπτωκε

388 3632 473 3684 διὰ
509 3629 756 3699 βραχέων
789 3628 857 3681 τά
883 3628 992 3681 τῶν
1028 3627 1138 3681 σῶν
1188 3629 1543 3698 ἀκροπόλεων
1600 3626 1959 3698 ὀχυρώματα,

392 3723 477 3788 ἐφ’
510 3714 587 3779 οἷς
646 3718 979 3781 ὲπεποίθεις.
1016 3719 1138 3772 Ἔτι
1185 3720 1295 3787 μὴν
1337 3718 1637 3789 ἐπειδήπερ
1682 3718 1810 3772 ἄλλο
1856 3719 1963 3789 φῂς

391 3810 633 3866 εἶναιτὸ
678 3813 821 3882 ἔχον,
869 3812 998 3865 ἄλλο
1051 3810 1111 3865 δὲ
1172 3812 1234 3865 τὸ
1295 3813 1452 3864 ἑκτὸν
1519 3815 1614 3864 καὶ
1676 3813 1958 3882 διάφορον,

394 3904 561 3973 φαίης
611 3904 675 3956 ἂν
714 3906 813 3956 καὶ
858 3902 988 3956 ἄλλο
1019 3901 1121 3971 μὲν
1149 3903 1207 3967 ἐξ
1242 3903 1489 3971 ἀνάγκης
1516 3897 1658 3954 εἶναι
1684 3903 1777 3954 τὸν
1803 3903 1960 3963 Θεὸν,

388 3993 521 4048 ἄλλο
551 3993 609 4046 δὲ
637 3992 735 4063 τὴν
762 3992 1000 4062 ὕπαρξιν
1028 3993 1217 4046 αὐτοῦ’
1249 3994 1467 4060 λέγεται
1514 3995 1618 4062 γὰρ
1651 3993 1677 4044 ὀ
1702 3991 1835 4053 Θεὸς
1867 3993 1963 4047 καὶ

389 4084 575 4138 οὐσίαν
602 4084 666 4157 [Γ.
704 4084 803 4139 142
844 4084 919 4157 v.]
959 4086 1106 4155 ἔχειν
1153 4086 1248 4137 καὶ
1299 4084 1553 4154 ὓπαρξιν.
1607 4086 1800 4139 Ἔσται
1856 4086 1963 4156 ἄρα

392 4178 533 4230 κατὰ
563 4177 619 4230 σὲ
655 4177 784 4239 Θεὸς
813 4177 1163 4247 ἀνύπαρκτος
1207 4178 1300 4229 καὶ
1340 4175 1579 4247 ὕπαρξις
1612 4177 1747 4229 Θεοᾳ
1779 4176 1960 4238 ἄθεος.

395 4271 504 4322 Καὶ
537 4269 665 4338 περὶ
698 4270 792 4337 τῆς
834 4271 1117 4339 ἐνεργείας
1141 4269 1186 4322 δ’
1215 4269 1415 4339 ὁμοίως
1446 4260 1666 4321 λεέιτέον
1698 4270 1795 4322 καὶ
1820 4271 1960 4337 sptu-

388 4362 621 4430 τητέον,
670 4362 790 4432 aii]
841 4361 1094 4431 ἐνέργεια
1148 4360 1264 4431 ἔχει
1318 4361 1603 4432 ινέργειαν
1640 4360 1828 4430 ἀλλην.
1899 4360 1961 4412 Εἰ

389 4455 497 4521 γὰρ
532 4453 667 4522 ἔχει.
713 4452 806 4506 δύο
848 4452 978 4524 ἄρα·
1040 4454 1135 4505 καὶ
1184 4454 1231 4507 εί
1289 4450 1403 4517 δύο,
1437 4452 1672 4523 διάφορα
1706 4452 1955 4512 πάντως·
1995 4433 2038 4487 D

388 4543 518 4597 ἄλλο
563 4543 674 4612 γὰρ
704 4543 813 4597 δεῖν
848 4541 991 4598 εἶναι
1044 4543 1184 4613 ἔφης
1240 4542 1335 4596 τοῦ
1392 4543 1654 4612 ἐχομένου
1704 4541 1767 4594 τὸ
1810 4541 1955 4610 ἔχον.

388 4639 498 4690 Καὶ
526 4636 736 4704 γίνεταί
764 4653 847 4697 τις
875 4639 1286 4704 τερατόμορφος
1316 4633 1787 4702 ὲνεργοενέργεια.
1821 4631 1882 4683 Εἰ
1903 4630 1959 4684 δὲ

391 4727 467 4797 μὴ
499 4728 594 4781 τοῦ
630 4745 679 4788 ο.
710 4728 808 4780 οὐκ
834 4725 901 4780 ἂν
927 4725 1015 4796 εἴη
1044 4725 1141 4796 τὴν
1167 4727 1451 4794 ἐνέργειαν
1477 4723 1621 4793 ἔχειν
1653 4720 1955 4793 ὲνέργειαν.

387 4819 498 4871 Καὶ
527 4818 868 4888 συμϐήσεται
919 4816 1019 4888 τὴν
1050 4816 1311 4881 τοιαύτην
1345 4814 1629 4884 ἐνέργειαν
1664 4814 1958 4883 ἀνενέργη-

384 4925 476 4961 τον
511 4904 671 4961 εἷναι.
709 4908 780 4961 Τὸ
816 4908 860 4961 δ’
892 4909 1259 4977 ἀνενὲργητον
1315 4909 1410 4962 καὶ
1452 4907 1801 4976 ἀνύπαρκτον
1835 4907 1955 4963 καθ’

383 5000 452 5070 ἢν
483 5000 875 5071 βωμολοχήσας
908 4999 1227 5070 προῦθηκας
1259 4999 1407 5053 θέσιν
1436 5016 1495 5052 τε
1546 5000 1641 5052 καὶ
1687 4998 1956 5067 πρότασιν

383 5090 565 5152 αὐτός.
595 5088 667 5140 Τὸ
692 5089 799 5156 γὰρ
828 5087 904 5158 μὴ
956 5087 1101 5156 ἔχον,
1130 5088 1287 5158 ἔφης.
1337 5086 1620 5157 ἐνέργειαν
1667 5084 1782 5138 οὔτ’
1807 5084 1957 5137 ἐστιν

383 5179 507 5232 οὔτε
544 5179 594 5232 τί
629 5180 795 5231 ἐστιν·
828 5175 941 5229 οὔτ’
978 5177 1095 5228 ἐστι
1123 5176 1402 5239 παντελῶς
1446 5173 1616 5227 αὑτοῦ
1659 5173 1835 5236 θέσις,
1863 5173 1959 5225 καὶ

387 5269 636 5323 ἀπόλωλέ
668 5286 750 5322 σοι
785 5270 844 5323 τὸ
870 5267 1197 5336 σπούδασμα
1219 5265 1285 5320 δι’
1309 5266 1490 5335 ὀλίγου
1510 5266 1604 5318 καὶ
1628 5264 1725 5333 τῆς
1751 5262 1956 5333 μοχθη-

385 5363 485 5430 ρᾶς
520 5360 793 5429 γεωργίας
844 5360 873 5411 ὁ
916 5359 1143 5428 στάχυς,
1198 5357 1232 5427 ἢ
1295 5360 1350 5420 ἐς
1403 5357 1755 5425 ἀνύπαρκτον
1806 5355 1954 5423 ἡμᾶς

380 5451 761 5520 δογματίζοντι
817 5448 1098 5513 πιστεύειν
1161 5449 1314 5518 ἥείς
1375 5447 1640 5500 σύνθετον
1689 5445 1951 5515 θεότητα.

393 5543 764 5598 Ἑναντιοῦται
788 5544 896 5615 γάρ
938 5560 1023 5596 σοι
1062 5545 1157 5594 καὶ
1195 5542 1223 5593 ὁ
1254 5540 1398 5604 θεῖος
1433 5538 1726 5612 Κύριλλος,
1753 5539 1956 5594 ἄτοπον

380 5631 521 5689 εἶναι
554 5635 779 5705 φάσκων
812 5638 872 5687 τὸ
932 5635 1111 5702 λέγειν
1170 5631 1428 5701 τοιαύτην
1479 5631 1628 5701 ἔχειν
1683 5630 1775 5683 τὸν
1823 5630 1958 5683 Θεὸν

388 5727 491 5797 τὴν
520 5726 724 5796 γιῶσιν
744 5728 938 5779 ortum
971 5730 1062 5779 καί
1091 5728 1274 5795 ἡμεῖς’
1310 5725 1356 5776 εί
1382 5725 1490 5794 γὰρ
1521 5722 1760 5795 [ὥσπερ]
1798 5724 1957 5794 ἡμεῖς

713 5824 978 5883 ΡΑΤιιοι.
1015 5823 1130 5881 Gn.
1181 5822 1272 5883 CX
1291 5819 1449 5879 LIX.

2054 518 2260 572 Tamen
2293 531 2465 587 pauca
2482 519 2648 570 etiam
2675 514 2743 569 de
2769 514 2859 578 iis,
2882 529 3004 585 qua:
3036 530 3182 568 nunc
3212 529 3241 567 a
3288 523 3341 569 te
3394 514 3629 569 dicenda

2054 619 2203 676 sunt,
2239 610 2460 664 locutus
2491 608 2790 663 discedam.
2834 605 2893 662 Si
2929 605 3079 661 aliud
3110 614 3196 661 est
3239 606 3385 675 quod
3421 606 3629 671 habet,

2055 701 2203 756 aliud
2244 700 2394 770 quod
2426 699 2663 755 habetur
2692 707 2749 753 et
2788 698 3087 764 diversum,
3122 714 3186 752 ac
3213 697 3256 751 si
3289 698 3437 766 quod
3468 695 3633 752 habet

2056 800 2141 848 est
2169 792 2410 847 essentia
2435 830 2451 854 ,
2482 790 2629 860 quod
2658 799 2840 844 autem
2876 789 3106 843 habetur
3140 805 3250 842 non
3282 797 3368 842 cst
3394 788 3631 842 essentia

2055 880 2359 936 secundum
2412 880 2570 951 301
2610 890 2682 945 te,
2717 880 2977 935 essentia:
3012 890 3089 934 est
3121 894 3317 948 expers
3351 880 3495 948 quod
3530 878 3632 931 ba-

2054 971 2249 1037 betur;
2287 986 2350 1025 ac
2398 972 2444 1025 si
2489 972 2727 1026 essentia
2752 978 2838 1026 est
2870 969 3034 1031 Deus,
3077 969 3131 1022 id
3166 968 3330 1039 igitur
3362 968 3508 1038 quod
3546 983 3633 1022 cs-

2056 1065 2233 1118 sentia
2265 1045 2429 1119 caret.
2452 1078 2561 1118 non
2602 1074 2688 1117 est
2733 1062 2901 1127 Deus,
2936 1061 3228 1117 eﬂicientia
3261 1060 3542 1121 nimirum,
3578 1071 3634 1114 et

2054 1155 2350 1225 conjuncta
2396 1165 2480 1210 est
2523 1156 2635 1225 jam
2687 1169 2903 1223 semper
2931 1162 2987 1208 et
3030 1168 3095 1206 ex
3134 1152 3285 1206 omni
3326 1154 3631 1207 mternitate

2056 1245 2256 1301 divinae
2286 1255 2345 1301 et
2377 1246 2632 1300 inore-aue
2657 1245 2911 1301 essentia:
2948 1244 3064 1298 ba-e
3088 1242 3326 1298 essentia
3356 1258 3550 1299 carens
3576 1253 3634 1299 et

2056 1338 2275 1393 diversa
2327 1336 2652 1403 eﬂicientia,
2712 1336 2985 1406 simulque
3025 1336 3354 1407 principium
3386 1337 3632 1391 omnium

2060 1430 2156 1484 tibi
2200 1428 2386 1483 evadit
2417 1428 2551 1501 dyas
2581 1430 2924 1500 ineptissima
2954 1446 2983 1483 a
3015 1444 3073 1483 se
3119 1430 3241 1498 ipsa
3275 1429 3537 1484 diﬂereus
3564 1442 3620 1485 et

2059 1536 2275 1593 semper
2296 1537 2482 1576 secum
2510 1536 2781 1592 pugnans.
2804 1520 2911 1577 Sed
2937 1521 3205 1578 Maximus
3232 1523 3635 1587 divinus,¢Non

2058 1621 2259 1680 potest,
2321 1610 2521 1681 inquit.
2577 1611 2870 1682 cogitando
2900 1613 3022 1667 dari
3068 1625 3165 1669 aut
3204 1613 3430 1669 attribui
3467 1612 3632 1682 quid-

2059 1716 2221 1770 quam
2255 1702 2387 1767 Deo,
2429 1703 2575 1773 quod
2607 1705 2679 1758 sit
2713 1702 2783 1758 ab
2814 1705 2933 1775 ejus
2960 1706 3197 1761 essentia
3228 1705 3533 1769 diversum,
3567 1721 3634 1759 ex

2060 1792 2211 1847 omni
2258 1793 2591 1859 :eternitatc,
2614 1810 2725 1848 non
2759 1811 2934 1849 aevum
2961 1836 2975 1859 ,
3009 1811 3120 1851 non
3165 1806 3408 1866 tempus,
3456 1810 3636 1865 neque

2061 1883 2360 1953 quidquam
2409 1900 2600 1938 eorum
2653 1900 2775 1953 quae
2832 1887 2886 1940 in
2942 1886 3025 1940 bis
3076 1882 3423 1953 versantur;
3457 1900 3636 1955 neque

2062 1974 2210 2027 enim
2260 1974 2751 2030 accommodantur
2802 1977 2906 2031 sibi
2980 1978 3215 2033 invicem
3286 1992 3527 2046 unquam
3579 1978 3630 2031 id

2061 2067 2208 2136 quod
2236 2067 2455 2136 proprie
2490 2067 2694 2137 aliquid
2716 2078 2800 2123 est
2825 2078 2880 2123 ct
2909 2069 3055 2139 quod
3095 2086 3203 2124 non
3231 2071 3472 2141 proprie.
3516 2092 3534 2124 ι
3568 2071 3636 2125 Et

2064 2174 2254 2215 rursus
2287 2159 2501 2214 inﬁnita
2527 2175 2649 2214 esse
2672 2160 2806 2231 dyas
2835 2160 2986 2216 nullo
3019 2160 3181 2216 modo
3208 2171 3420 2231 potest;
3446 2179 3636 2216 mona-

2061 2252 2160 2305 des
2194 2250 2343 2306 enim
2380 2250 2433 2304 in
2458 2266 2524 2305 ea
2555 2267 2622 2306 ex
2652 2252 3065 2320 comparatione
3105 2252 3423 2322 compositae
3458 2268 3517 2307 se
3551 2252 3637 2307 iu-

2061 2342 2237 2397 vicem
2274 2342 2584 2397 deﬁniunt:
2618 2342 2702 2398 sin
2739 2352 2921 2398 autem
2969 2343 3072 2398 hoc
3118 2351 3220 2406 est,
3272 2359 3380 2397 non
3426 2353 3510 2399 est
3546 2343 3634 2398 illa

2063 2434 2316 2504 principii
2343 2449 2578 2504 expers;
2605 2434 2937 2506 principium
2961 2435 3107 2489 enim
3129 2434 3321 2505 dyadis
3349 2435 3530 2490 omnis
3554 2446 3639 2491 est

2062 2541 2274 2580 monas.
2311 2524 2519 2591 Quodsi
2548 2526 2639 2580 illa
2671 2541 2783 2581 non
2812 2535 2896 2581 est
2922 2524 3173 2596 principii
3199 2542 3417 2596 expers.
3444 2527 3634 2581 eadem

2064 2631 2173 2669 non
2192 2624 2278 2671 est
2313 2615 2825 2671 immota.Movetur
2851 2616 3000 2670 enim
3031 2631 3261 2671 numero
3287 2632 3352 2671 ex
3384 2616 3639 2671 monadin

2062 2712 2162 2765 lius
2192 2707 2495 2765 secundum
2512 2708 2993 2774 consociationem;
3018 2709 3161 2779 quod
3182 2718 3364 2764 autem
3389 2722 3638 2765 movetur

2060 2817 2168 2856 non
2192 2811 2278 2857 est
2306 2801 2636 2871 principium
2668 2842 2684 2866 ,
2732 2801 2829 2856 sed
2869 2811 3121 2856 movetur
3146 2816 3213 2857 ex
3246 2803 3516 2872 principio
3550 2803 3639 2856 nio

2063 2896 2264 2948 mirum
2297 2904 2570 2948 movente.
2602 2893 2792 2947 Menas
2821 2901 3005 2947 autem
3034 2893 3148 2948 sola
3180 2894 3402 2965 proprie
3423 2904 3509 2951 est
3541 2896 3640 2950 im-

2062 2993 2231 3039 mota.
2262 2983 2534 3054 Subjecta:
2568 2983 2735 3052 igitur
2759 2983 2855 3038 tibi
2891 2993 3021 3038 sunt
3051 3025 3065 3050 ,
3098 2985 3294 3050 amice,
3333 2986 3499 3040 etiam
3533 2987 3637 3042 sub

1984 3094 2029 3155 ρ
2063 3075 2404 3147 principium
2437 3074 2802 3140 divinitates;
2841 3076 3039 3145 quodsi
3088 3076 3193 3131 hoc
3230 3087 3336 3143 est,
3359 3081 3637 3134 mensuris

2064 3168 2309 3223 locorum
2344 3176 2401 3222 et
2432 3176 2743 3238 temporum
2777 3168 3119 3235 inserviunt;
3147 3181 3329 3226 creata
3352 3171 3516 3242 igitur
3544 3188 3638 3227 eo.

2064 3256 2133 3309 iis
2168 3256 2415 3325 ignarus.
2450 3256 2569 3312 Jam
2624 3272 2753 3312 vero
2787 3258 2831 3312 si
2879 3273 2946 3313 ex
3006 3268 3097 3314 tua
3161 3261 3429 3317 sententia
3492 3264 3637 3317 aliud

2062 3356 2149 3400 est
2169 3348 2433 3412 essentia,
2452 3346 2603 3403 aliud
2637 3347 2782 3403 Deus
2807 3348 2900 3419 qui
2931 3351 3224 3405 esst-ntiam
3253 3353 3440 3420 habet;
3470 3364 3527 3408 et
3557 3354 3639 3407 di»

2066 3456 2255 3496 versus
2280 3452 2367 3497 est
2393 3457 2423 3496 a
2450 3458 2547 3498 sua
2575 3444 2749 3514 ipsius
2779 3446 3043 3509 essentia.
3071 3454 3155 3501 est
3183 3445 3346 3517 igitur
3374 3447 3514 3501 Deus
3553 3448 3605 3499 in
3626 3475 3639 3484 -

2063 3533 2376 3589 essentialis
2392 3534 2554 3605 302
2575 3546 2631 3591 et
2658 3538 2895 3592 essentia
2924 3537 3016 3592 Dei
3040 3537 3330 3593 divinitate
3352 3537 3635 3593 destituta.

2063 3625 2155 3680 Ait
2183 3627 2330 3681 enim
2360 3628 2525 3683 etiam
2550 3628 2844 3698 Gregorius
2870 3631 3150 3702 Nyssenus
3170 3632 3284 3687 :«Si
3312 3633 3518 3686 bonum
3533 3642 3636 3695 est,

2066 3730 2292 3784 pravum
2330 3731 2438 3771 non
2489 3727 2607 3784 est;
2646 3719 2727 3773 sin
2757 3730 2940 3776 autem
2990 3737 3219 3791 pravum
3259 3731 3346 3777 est
3371 3762 3387 3787 ,
3434 3724 3636 3777 bonum

2065 3822 2174 3862 non
2211 3818 2316 3873 est,
2349 3811 2656 3866 secundmu
2704 3828 2824 3867 eam
2858 3814 3149 3877 rationem,
3181 3814 3327 3885 quod
3360 3816 3638 3870 contraria

2063 3900 2319 3968 componi
2364 3915 2472 3955 non
2505 3912 2757 3970 possunt.
2808 3922 2827 3956 ι
2862 3905 3049 3974 Itaque
3090 3921 3214 3960 cum
3250 3907 3450 3961 multos
3506 3909 3639 3962 deos

2063 4005 2397 4060 componere
2417 3990 2827 4056 contenderes,
2860 3992 3243 4063 deprehensus
3276 4010 3337 4048 es
3370 3996 3533 4049 etiam
3571 4011 3636 4050 ex

2030 4080 2359 4152 negatione
2390 4082 2554 4137 unius
2601 4083 2690 4136 Dei
2730 4093 3023 4153 aegrotans,
3057 4099 3181 4153 qua:
3226 4093 3355 4139 sunt
3402 4087 3637 4140 maxime

2063 4174 2313 4243 opposita
2352 4174 2515 4237 mala,
2555 4184 2611 4229 et
2642 4175 3005 4229 conciderunt
3032 4175 3215 4246 parvis
3260 4176 3472 4232 arcium
3518 4189 3636 4233 tua-

2066 4278 2187 4318 rum
2219 4264 2442 4318 eastclla
2473 4273 2531 4319 et
2561 4265 2928 4330 munitiones,
2958 4267 3164 4336 quibus
3204 4268 3444 4323 confisus
3492 4285 3634 4324 eras.
3691 4317 3701 4328 .

2064 4355 2274 4411 Deinde
2300 4364 2483 4410 autem
2502 4358 2761 4426 quoniam
2786 4357 2934 4413 aliud
2967 4359 3105 4414 dicis
3128 4373 3249 4415 esse
3270 4360 3414 4428 quod
3448 4359 3635 4422 habet.

2063 4447 2211 4501 aliud
2251 4448 2400 4517 quod
2435 4448 2671 4503 habetur
2715 4457 2770 4501 ct
2819 4449 3103 4505 diversum
3130 4489 3146 4514 ,
3202 4449 3437 4506 fortasse
3485 4451 3637 4507 dices

2062 4539 2229 4594 etiam
2257 4540 2406 4594 aliud
2434 4556 2556 4596 esse
2585 4543 2903 4597 necessario
2931 4541 3129 4606 Deum,
3170 4542 3318 4597 aliud
3351 4545 3472 4614 ejus
3503 4545 3636 4598 sub-

2065 4630 2354 4685 stantiam.
2402 4632 2616 4686 Dicitur
2659 4632 2809 4687 euim
2842 4632 2985 4687 Deus
3020 4645 3077 4688 ct
3105 4636 3397 4688 essentiam
3436 4636 3637 4690 habere

2062 4727 2118 4773 et
2146 4721 2533 4775 substantiam.
2561 4722 2679 4777 Erit
2717 4722 2883 4792 igitur
2929 4739 2995 4777 ex
3044 4732 3135 4777 tua
3183 4724 3459 4779 sententia
3488 4723 3637 4779 Deus

2064 4825 2173 4864 non
2204 4811 2618 4874 substantialis.
2648 4823 2705 4867 et
2738 4813 3045 4868 substantia
3088 4814 3182 4870 Dei
3218 4815 3509 4870 divinitate
3536 4816 3639 4870 de-

2060 4902 2269 4957 stituta.
2302 4903 2368 4956 Et
2426 4903 2495 4957 de
2542 4904 2832 4959 ellicientia
2885 4905 3027 4960 idem
3068 4906 3364 4962 dicendum
3426 4909 3532 4962 erit
3580 4918 3637 4964 et

2061 4993 2461 5059 quaerendum,
2524 5008 2655 5047 num
2716 4993 3003 5049 efﬁcientia
3063 4996 3634 5052 trabeateﬂicieutiam

2062 5082 2249 5138 aliam.
2276 5084 2491 5139 Etenim
2522 5086 2565 5139 si
2597 5085 2783 5150 habet,
2810 5096 2940 5142 sunt
2969 5088 3136 5158 igitur
3170 5093 3301 5153 duo,
3332 5105 3395 5145 ac
3426 5089 3474 5144 si
3501 5088 3632 5151 duo,

2062 5171 2279 5226 diversa
2308 5174 2575 5239 omnino;
2609 5176 2752 5230 aliud
2786 5178 2932 5231 enim
2963 5188 3222 5247 oportere
3250 5194 3371 5236 esse
3406 5179 3632 5234 dicebas

2061 5271 2226 5333 atque
2246 5264 2300 5317 id
2323 5265 2467 5334 quod
2496 5266 2729 5322 habetur
2752 5268 2804 5322 id
2828 5270 2973 5338 quod
3001 5269 3187 5333 habet.
3211 5278 3269 5327 et
3290 5273 3467 5327 oritur
3484 5286 3635 5341 (ιυρ-

2062 5354 2185 5409 dam
2213 5356 2413 5409 mirum
2450 5356 2505 5411 in
2538 5358 2760 5413 modum
2786 5361 3022 5416 formata
3052 5362 3359 5417 eilicientia:
3387 5360 3632 5417 eﬂicien-

2063 5448 2168 5515 tia;
2202 5448 2285 5503 sin
2319 5457 2499 5505 autem
2531 5451 2637 5511 hoc
2666 5467 2858 5508 verum
2895 5469 3004 5511 non
3027 5464 3132 5520 est,
3166 5471 3271 5510 non
3305 5465 3489 5525 potest
3516 5453 3632 5511 eili—

2063 5538 2261 5593 eientia
2279 5537 2625 5595 efﬁcientiam
2646 5542 2875 5608 habere,
2898 5554 2956 5599 et
2976 5556 3237 5613 sequetur
3258 5553 3318 5599 ut
3338 5543 3630 5624 eilicicntia

2060 5630 2329 5696 ejusmodi
2376 5632 2446 5685 sit
2494 5631 2764 5688 ineilieax.
2806 5634 2963 5701 Quod
3007 5646 3190 5691 autem
3235 5635 3481 5692 ineilicax
3521 5654 3629 5704 est,

2063 5720 2227 5774 etiam
2248 5728 2334 5774 est
2358 5736 2465 5774 non
2488 5724 3188 5791 substantialc,secmtdum
3210 5743 3354 5796 eam,
3376 5744 3541 5800 quam
3568 5741 3625 5784 tu

3155 5822 3193 5880 9
