4034 6468
510 353 609 412 207

1688 346 2104 407 NlCEl’llOHl
2147 345 2536 405 GliEGORJE

3631 343 3730 403 268

513 466 630 533 ipse
648 470 879 541 nugatus
897 459 1250 531 proposuisti,
1273 459 1455 513 thesin
1480 464 1532 511 et
1557 460 1818 528 protasin.
1837 450 2081 513 [Cilicien-

2185 458 2374 526 ἕτερον
2402 457 2504 526 μέν
2536 456 2590 508 τί
2625 455 2793 518 ἐστιν,
2832 452 2994 521 ἑτέρα
3042 451 3100 504 δέ
3139 468 3222 514 τις
3268 449 3402 520 παρ’
3428 451 3586 503 αὖτδν
3619 455 3649 522 ἡ
3681 457 3733 506 ὲν

518 560 648 611 tiam
692 559 859 618 enim,
888 555 989 618 ais,
1023 569 1132 607 non
1167 552 1372 607 habens
1406 567 1582 620 neque
1610 561 1893 621 estneque
1917 551 2079 619 quid-

517 664 680 715 quam
708 656 791 699 est
820 663 833 697 :
865 647 973 699 imo
999 644 1221 698 omnino
1254 658 1360 695 non
1391 652 1475 697 est
1500 643 1671 697 thesis
1702 642 1821 713 ejus
1848 653 1899 695 et
1926 641 2079 697 brevi

522 740 730 792 interiit
761 737 856 791 tibi
885 751 1071 804 Opera,
1104 747 1158 789 et
1178 735 1289 804 agri
1318 748 1624 788 aerumnose
1649 733 1782 787 culti
1810 732 1959 801 spira
1983 732 2079 801 qui

520 830 680 899 303
714 843 939 882 censeas
980 841 1079 880 nos
1113 826 1336 880 credere
1379 833 1475 878 aut
1507 825 1561 878 in
1596 840 1705 879 non
1742 823 2079 879 substantia-

519 921 624 971 lt-m
680 918 865 972 autin
916 916 1277 984 compositam
1324 912 1689 968 divinitatem.
1749 914 2085 967 Adversatttr

516 1010 664 1061 enim
713 1007 808 1062 tibi
870 1007 1037 1060 etiam
1089 1006 1309 1060 divinus
1343 1005 1612 1076 Cyrillus,
1647 1005 1891 1075 ineptum
1939 1018 2082 1066 esse,

520 1102 730 1163 dicens,
767 1096 1108 1152 contendere
1164 1096 1336 1152 Deum
1373 1095 1578 1152 habere
1611 1096 1773 1150 talem
1821 1095 2087 1165 cognitio-

519 1207 646 1244 nem
723 1189 939 1257 qualcm
997 1202 1095 1242 nos
1128 1188 1255 1258 ipsi.
1299 1185 1509 1241 Etenim
1546 1186 1588 1242 si
1630 1202 1729 1241 nos
1766 1185 1913 1240 aliud
1951 1184 2082 1254 quid

518 1294 732 1339 smnus,
779 1278 884 1332 alia
941 1288 1126 1331 autem
1172 1288 1336 1347 atque
1370 1277 1464 1331 ille
1497 1275 1740 1346 cognitio
1783 1290 1905 1344 qum
1935 1274 1986 1327 in
2020 1289 2086 1329 eo

520 1380 639 1432 est,
689 1368 1027 1437 rompositus
1082 1367 1192 1422 erit
1249 1382 1427 1436 neque
1480 1381 1612 1419 vero
1661 1365 1914 1435 simplex.
1965 1364 2084 1419 Jatn

519 1459 968 1531 quandoquidem
998 1458 1255 1512 voluntas
1298 1458 1391 1512 Dei
1430 1457 1631 1520 aliquid
1661 1465 1767 1521 est,
1804 1455 1947 1525 quod
1983 1455 2084 1509 ha-

522 1553 715 1605 beatur
739 1560 796 1605 et
840 1549 1117 1604 diversum
1152 1549 1224 1602 sit
1261 1564 1326 1602 ex
1372 1555 1461 1601 tua
1490 1547 1762 1602 sententia
1798 1547 1866 1601 ab
1894 1561 2085 1601 essen-

523 1642 618 1701 tia,
673 1646 840 1692 erunt
874 1637 1040 1708 igitur
1076 1648 1186 1692 tres
1236 1638 1289 1690 in
1329 1636 1551 1692 Christo
1582 1638 1940 1693 voluntates:
1979 1652 2085 1690 una

522 1741 605 1785 est
641 1732 813 1785 Filius
835 1730 974 1799 ipse,
993 1730 1250 1783 voluntas
1276 1729 1538 1783 nimirum
1575 1729 1753 1784 Patris
1780 1730 2083 1783 secundum

2186 544 2335 615 αὐτῷ
2362 548 2584 613 γνῶσις.
2619 543 2871 606 σύνθετος
2903 543 3058 596 ἔσται
3096 544 3191 594 καὶ
3237 542 3335 612 οὐχ
3366 542 3590 603 ἁπλοῦς.
3623 544 3734 596 Ἔτι

2183 639 2415 707 ἐπείπερ
2456 638 2489 707 ἡ
2539 636 2760 705 θέλησις
2803 633 2897 688 τοῦ
2947 633 3083 687 Θεοῦ
3138 633 3296 687 ἑκτὸν
3346 634 3438 686 καὶ
3493 633 3736 702 διάφορον

2183 729 2326 784 κατὰ
2361 730 2421 781 σὲ
2470 729 2572 797 τῆς
2626 727 2813 787 οὐσίας
2860 728 3030 792 ἐστὶν,
3066 725 3283 779 ἔσονται
3316 726 3422 794 ἄρα
3454 727 3606 793 τρεῖς
3649 725 3738 779 ἐπὶ

2184 819 2426 891 Χριστοῦ
2457 818 2727 887 θελήσεις·
2787 816 2884 886 μία
2938 816 3039 878 μὲν
3077 814 3239 876 αὐτὸς
3267 815 3296 867 6
3341 813 3489 876 Υίὺς.
3529 813 3739 881 θέλησις

2184 913 2261 967 ὣν
2292 910 2388 965 τοῦ
2422 909 2632 980 [ἰατρὸς
2660 911 2803 962 κατὰ
2847 909 2973 968 τοὺς
3009 908 3191 970 θείους
3220 909 3486 977 Πατέρα;’
3518 908 3739 975 δευτέρα

2185 1006 2234 1060 δ’
2279 1004 2348 1074 ἢν
2393 1005 2422 1056 6
2462 1003 2590 1065 Υἱὸς
2644 1002 2757 1071 ἔχει
2801 1002 3062 1071 διάφορον
3104 999 3302 1053 ἑαυτοῦ
3340 1003 3483 1054 κατὰ
3536 1002 3616 1067 σὲ,
3656 1000 3743 1054 καὶ

2185 1094 2347 1162 τρίτη
2388 1093 2423 1162 ἡ
2453 1091 2554 1160 τῆς
2583 1090 3021 1159 ἀνθρωπότητοςο
3060 1087 3090 1140 ὃ
3132 1091 3227 1141 καὶ
3292 1089 3391 1158 τῆς
3440 1089 3549 1142 τῶν
3581 1091 3745 1144 Μονο-

2188 1183 2429 1253 θελητῶν
2480 1179 2800 1241 δυσσεϐείας
2839 1178 3208 1249 ἀτοπώτερον.
3273 1179 3432 1231 Ἐπεὶ
3472 1179 3531 1231 δὲ
3585 1180 3678 1232 καὶ
3718 1183 3745 1232 6

2191 1274 2364 1345 μέγας
2417 1273 2732 1333 Ἀθανάσιος
2791 1271 3006 1330 ἀσεϐεῖς
3047 1269 3365 1339 διαρῥήδην⁸
3408 1269 3566 1322 καλεῖ
3609 1270 3734 1331 τοὺς

2191 1363 2266 1433 μὴ
2303 1363 2633 1432 δεχομένους
2661 1360 2918 1431 βούλησιν
2944 1359 3106 1412 αὑτὸν
3135 1355 3276 1412 εἶναι
3316 1359 3406 1411 τὸν
3439 1359 3587 1421 Υἱὸν,
3621 1361 3746 1412 ἀσε-

2188 1453 2289 1524 6ὴς
2340 1454 2668 1523 αὐτόχρημα
2717 1455 2815 1506 καὶ
2868 1451 3011 1505 κατὰ
3066 1451 3224 1504 τοῦτο
3279 1454 3343 1505 σὺ
3405 1451 3473 1503 τὰ
3527 1453 3746 1505 ἐκείνων

2188 1547 2423 1617 φρονῶν.
2457 1547 2591 1615 Περὶ
2639 1545 2748 1614 γὰρ
2783 1544 2883 1613 τῆς
2928 1543 3240 1613 ἀρχομένης
3292 1543 3386 1596 καὶ
3436 1545 3746 1611 παυομὲνης

2188 1638 2463 1708 θελήσεως
2516 1637 2732 1705 εἴρηται
2788 1637 2922 1705 ἡμῖν
2970 1636 3226 1705 ἀνωτέρω
3277 1635 3494 1706 βραχὺ,
3548 1638 3643 1689 καὶ
3688 1636 3744 1688 οὐ

2187 1728 2345 1797 χρεία
2371 1727 2623 1794 διεξιέναι
2667 1726 2762 1781 νῦν
2803 1725 2913 1780 τῶν
2940 1726 3318 1796 προκειμένων
3346 1727 3534 1795 σαφῶς
3562 1726 3747 1780 ἀνθελο

525 1824 713 1877 Patres
734 1823 972 1886 divinos;
1005 1820 1199 1885 altera,
1230 1835 1392 1889 quam
1421 1818 1590 1874 Filios
1615 1820 1779 1874 habet
1810 1819 2082 1875 diversam

2186 1821 2414 1874 κόντων.
2445 1821 2564 1873 Ἐτι
2596 1822 2644 1872 εί
2673 1819 2759 1872 ’ἐτε
2770 1836 2861 1889 ρον
2888 1819 3024 1872 Θεοῦ
3055 1818 3153 1872 καὶ
3178 1818 3421 1887 ἀλλήλων
3444 1819 3634 1887 θεότης
3659 1819 3748 1871 καὶ

520 1931 549 1968 a
576 1931 634 1968 se
662 1911 964 1967 secundum
1001 1921 1089 1977 te;
1144 1913 1303 1966 tertia
1332 1919 1419 1966 est
1458 1910 1713 1967 voluntas
1747 1922 1955 1967 natura:
1984 1913 2087 1967 hu-

520 2020 716 2067 manas,
751 2003 805 2058 id
833 2002 981 2073 quod
1014 2004 1179 2057 etiam
1211 2003 1453 2072 ineptius
1472 2010 1557 2057 est
1586 2002 1867 2072 impietate
1893 2018 2083 2058 eorum

511 2097 610 2166 qni
634 2095 857 2151 Christo
892 2110 1057 2149 unam
1096 2101 1305 2148 tantum
1362 2093 1696 2147 voluntatem
1728 2102 2085 2163 naturamque

518 2188 792 2243 tribuunt.
853 2185 990 2242 Cum
1034 2196 1219 2239 autem
1272 2184 1439 2238 etiam
1487 2199 1719 2253 magnus
1752 2183 2086 2238 Athanasius

520 2274 721 2342 inpios
746 2284 936 2342 aperte
974 2281 1135 2327 vocat
1167 2286 1285 2336 eos,
1313 2272 1406 2340 qui
1439 2280 1640 2340 negent
1677 2270 1873 2325 Filium
1904 2271 2084 2342 ipsum

507 2381 638 2420 esse
662 2366 1026 2425 voluntatem,
1067 2362 1270 2432 impius
1303 2361 1550 2431 profecto
1592 2363 1755 2418 etiam
1782 2364 2085 2418 secundum

512 2455 869 2521 hoetn,eum
902 2454 1120 2508 illorum
1154 2461 1365 2523 partem
1385 2454 1647 2522 sequaris.
1672 2453 1745 2508 De
1790 2454 2085 2523 incipiente

515 2545 666 2601 enim
707 2552 762 2598 et
794 2544 1081 2597 desinente
1115 2543 1394 2596 voluntate
1430 2544 1636 2597 dictum
1664 2553 1751 2598 est
1792 2543 1955 2599 nobis
1993 2559 2085 2597 su-

512 2650 615 2707 pra
645 2635 912 2699 breviter,
944 2649 1125 2702 neque
1156 2648 1297 2703 epos
1334 2643 1418 2687 est
1448 2650 1594 2689 nunc
1627 2637 1910 2705 persequi,
1958 2651 2084 2691 cum

518 2733 841 2795 argumenta
924 2723 1071 2778 clare
1129 2723 1516 2793 pateant.Jam
1572 2740 1704 2780 vero
1758 2727 1803 2783 si
1858 2727 2086 2783 diversa:

514 2824 653 2870 sunt
681 2831 711 2869 a
749 2815 860 2869 Deo
892 2824 952 2869 et
980 2831 1008 2869 a
1042 2829 1099 2869 se
1135 2815 1368 2869 invicem
1401 2816 1661 2871 divinitas
1701 2826 1757 2873 et
1804 2818 1886 2873 vis
1912 2827 1970 2873 et
1993 2834 2082 2873 sa-

518 2906 727 2977 pientia
752 2915 808 2960 et
833 2906 1098 2961 sanctitas
1118 2916 1172 2961 et
1200 2906 1442 2971 bonitas,
1476 2919 1533 2963 et
1561 2907 1841 2963 diversum
1868 2925 2087 2980 semper

462 3056 465 3059 Α
519 2998 778 3067 quodque
811 3015 839 3051 a
875 3012 1119 3069 quoque,
1169 3000 1526 3068 quanendum
1573 3010 1659 3056 est
1701 3002 1977 3071 quomodo
2014 3003 2088 3058 sit

512 3089 776 3159 quodque
809 3091 927 3155 Dei,
958 3091 1001 3143 si
1048 3090 1117 3144 ab
1143 3106 1211 3145 eo
1259 3090 1539 3146 diversum
1573 3093 1646 3147 sit
1674 3110 1688 3147 :
1732 3102 1787 3148 et
1808 3096 2087 3164 quomodo
2113 3128 2156 3186 ο

520 3196 691 3235 unum
726 3181 820 3234 uni
854 3190 910 3235 et
942 3181 1125 3235 omnia
1164 3182 1424 3238 omnibus
1465 3194 1914 3240 eonsonenteum
1944 3187 2088 3242 inter

512 3288 579 3328 se
608 3273 825 3327 diversa
867 3272 1000 3338 sint,
1043 3279 1207 3343 atque
1253 3288 1385 3328 num
1421 3274 1579 3343 prius
1605 3274 1677 3329 sit
1717 3274 1824 3341 his,
1865 3290 1987 3345 quae
2014 3276 2087 3330 ita

512 3363 683 3435 ,304
715 3364 1035 3434 proveniant
1073 3379 1307 3419 numero
1327 3364 1500 3429 duali,
1539 3364 1684 3419 Deus
1716 3366 1993 3421 increatus
2031 3374 2089 3421 et

518 3455 754 3508 visibilis
804 3454 1106 3509 secundum
1136 3464 1189 3510 te
1215 3495 1231 3521 ,
1286 3463 1342 3509 et
1379 3454 1657 3524 quomodo
1691 3454 1845 3511 multi
1877 3455 1963 3510 dei
1990 3455 2084 3521 hi,

518 3543 613 3613 qui
653 3540 1066 3599 consociatione
1114 3544 1190 3599 ita
1239 3545 1541 3615 procedant
1575 3560 1792 3616 semper
1836 3558 2089 3602 conSIent

518 3648 644 3686 cum
674 3634 1020 3703 imperfecto.
1042 3635 1257 3689 Etenim
1291 3635 1335 3689 si
1360 3635 1545 3690 omnia
1575 3637 1716 3691 inter
1742 3653 1801 3692 se
1825 3637 2087 3693 dill'erttnt

516 3723 712 3777 orbata
740 3732 869 3777 sont
914 3739 974 3779 se
1012 3723 1247 3778 invicem
1280 3724 1371 3778 illa
1414 3725 1562 3794 quod
1607 3727 1673 3781 ad
1716 3728 2086 3783 differentiam

514 3814 738 3877 attinet,
766 3822 820 3868 et
848 3813 1030 3868 evadit
1077 3813 1160 3868 vis
1206 3814 1510 3885 insipiens,
1556 3817 1826 3887 sapientia
1868 3818 2088 3874 inﬁrma

515 3916 577 3962 et
606 3908 748 3965 Deus
776 3904 1046 3974 insipiens
1075 3914 1132 3960 et
1162 3906 1415 3961 inlirmus
1437 3946 1453 3971 ,
1479 3916 1537 3963 et
1560 3924 1779 3979 semper
1805 3911 1973 3965 simili
1998 3925 2086 3965 ra-

521 3996 670 4052 tione
700 3996 836 4051 orba
866 3995 1125 4051 omnibus
1151 3997 1359 4063 omnia,
1394 4010 1451 4052 et
1473 3999 1718 4053 carentia
1747 4014 1805 4055 se
1826 3999 2084 4054 invicem.

516 4087 608 4144 Ait
631 4088 779 4142 enim
804 4086 969 4142 etiam
992 4085 1284 4157 Gregorius
1302 4086 1613 4160 Theologus
1640 4106 1654 4143 :
1685 4108 1703 4141 ι
1723 4090 1854 4155 Quae
1881 4089 2086 4144 divini-

520 4179 648 4233 tatis
676 4177 1015 4247 imperl‘ectae
1044 4178 1274 4243 utilitas,
1303 4180 1420 4233 sive
1452 4180 1638 4248 potius
1676 4195 1799 4249 qua:
1827 4188 1913 4234 est
1941 4177 2089 4231 divi-

515 4272 680 4337 nitas,
716 4286 837 4339 quae
867 4285 975 4323 non
1008 4269 1081 4323 sit
1128 4270 1406 4340 perlecta;
1449 4274 1691 4341 perlecta
1723 4280 1907 4325 autem
1947 4284 2086 4340 quo-

514 4362 681 4416 modo
724 4377 845 4416 esse
879 4370 1080 4431 potest,
1113 4361 1203 4416 cui
1237 4361 1383 4417 desit
1431 4362 1634 4431 aliquid
1680 4363 1745 4416 ad
1789 4360 2080 4431 perfectio-

2186 1912 2418 1980 δύναμις
2449 1913 2539 1964 καὶ
2570 1912 2734 1979 σοφία
2760 1911 2854 1963 καὶ
2908 1909 3137 1977 ἁγίότης
3179 1898 3285 1961 καὶ⁷
3329 1910 3625 1978 ἀγαθὸτης,
3660 1909 3746 1962 καὶ

2183 2004 2444 2073 διάφορον
2478 2005 2564 2056 ἀεὶ
2593 2004 2823 2057 ἕκαστον
2855 2002 3110 2065 ἑκάστου,
3139 2001 3400 2071 ζητητέον
3422 2002 3542 2064 πῶς
3570 2002 3633 2054 ἂν
3665 2002 3745 2071 είη

2186 2093 2281 2148 τοῦ
2312 2094 2450 2147 Θεοῦ
2480 2095 2734 2156 ἕκαστον,
2767 2094 2816 2146 εί
2857 2094 3113 2164 διάφορον
3163 2092 3250 2162 εἴη
3289 2094 3481 2146 αὐτοῦ·
3513 2094 3607 2146 καὶ
3637 2096 3747 2157 πῶς

2185 2185 2244 2239 ἓν
2301 2187 2384 2239 ἑνὶ
2437 2187 2535 2239 καὶ
2586 2185 2837 2255 ἀλλήλοις
2866 2182 3070 2255 ἄλληλα
3109 2185 3490 2255 συμφωνήσει.
3522 2185 3747 2253 διάφορα

2185 2279 2315 2332 ὄντα
2344 2278 2591 2346 ἀλλήλων
2617 2292 2631 2307 ο
2681 2278 2777 2332 καὶ
2832 2278 3064 2347 πότερον
3114 2277 3384 2347 πρότερον
3434 2276 3649 2329 τούτοιν
3684 2278 3747 2330 ἂν

2185 2371 2294 2441 εἴη.
2329 2370 2598 2430 δυαδικῶς
2635 2367 2779 2421 οὕτω
2821 2369 3271 2438 προερχομένων.
3312 2367 3447 2430 θεὸς
3500 2367 3747 2429 άκτιστὸς

2186 2478 2247 2514 τε
2281 2460 2376 2512 καὶ
2414 2458 2609 2530 ὁρατὸς
2660 2457 2803 2510 κατὰ
2832 2456 2913 2509 σέο
2952 2457 3050 2510 καὶ
3090 2454 3192 2509 ποῦ
3221 2454 3280 2508 τὸ
3311 2454 3414 2524 τῆς
3460 2454 3748 2513 πολυθεῖας

2189 2553 2450 2621 στήσεται
2505 2549 2755 2618 ταυτησὶ,
2797 2548 2938 2599 κατὰ
2977 2546 3244 2614 συζυγίαν
3273 2542 3477 2601 οὑτωσὶ
3526 2562 3749 2616 προχω-

2189 2642 2394 2715 ρούσης
2430 2644 2521 2696 ἀεὶ
2560 2641 2698 2711 μετὰ
2728 2639 2821 2692 τοῦ
2870 2637 3117 2700 ἀτελοῦς.
3154 2637 3219 2692 Et
3241 2636 3351 2707 γάρ
3376 2637 3626 2707 ἀλλήλων
3661 2638 3749 2693 ἆλ-

2186 2730 2325 2801 ληλα
2371 2730 2639 2799 διαφέρει,
2670 2727 2964 2798 ἐστέρηται
3016 2726 3234 2789 πάντως
3260 2727 3517 2797 ἀλλήλων
3555 2727 3747 2799 ἄλληλα

2193 2822 2315 2877 καθ’
2345 2820 2407 2891 If.
2448 2820 2548 2875 145
2579 2818 2649 2891 r.]
2681 2819 2709 2871 ὃ
2735 2818 3002 2888 διαφέρει,
3033 2818 3128 2871 καὶ
3154 2817 3361 2883 γίνεται
3384 2817 3622 2888 δύναμις
3659 2818 3751 2889 μὶν

2188 2914 2414 2981 άσοφος,
2453 2910 2616 2979 σοφία
2667 2912 2709 2962 δ’
2742 2910 3033 2979 ἁδύναμος,
3086 2908 3182 2961 καὶ
3229 2907 3363 2969 Θεὸς
3408 2909 3616 2976 ἄσοφος
3661 2913 3748 2964 καὶ

2187 3005 2485 3072 ἀδύναμος,
2515 3008 2610 3054 καὶ
2638 3003 2724 3053 ἀεὶ
2762 3001 2904 3053 κατά
2936 2999 3025 3052 τὸν
3074 2999 3261 3068 ὅμοιον
3285 2998 3494 3070 τρόπον
3528 3002 3744 3072 ἐστερη-

2192 3097 2327 3167 μένα
2354 3094 2573 3147 πάντων
2614 3082 2831 3147 ἅπαντά
2863 3092 2960 3145 καὶ
2995 3090 3223 3161 δεόμενα
3248 3089 3500 3160 ἀλλήλων
3531 3092 3744 3162 ἄλληλα.

2190 3187 2331 3259 Φησὶ
2368 3187 2477 3255 γάρ
2511 3185 2606 3239 καὶ
2631 3186 2659 3238 6
2691 3184 2954 3251 Θεολόγος
2989 3181 3312 3253 Γρηγόριοςο
3344 3199 3364 3235 ι
3406 3182 3508 3247 Τίς
3537 3181 3747 3246 ἀτελοῦς

2190 3279 2445 3347 θεότητος
2474 3278 2701 3349 δνησιςς
2736 3277 2936 3347 μᾶλλον
2966 3275 3023 3330 δδ
3044 3276 3130 3339 τίς
3158 3275 3346 3347 θεότης
3369 3278 3403 3345 ἠ
3433 3277 3513 3348 μὴ
3541 3277 3745 3340 τελείας

2188 3365 2386 3420 Τελεία
2415 3364 2474 3419 δὲ
2519 3364 2636 3427 πῶς
2671 3358 2706 3435 ᾖ
2741 3362 2917 3415 λείπει
2950 3377 3002 3415 τι
3038 3361 3175 3433 πρὸς
3201 3362 3522 3430 τελείωσιν;
3570 3363 3747 3417 Λείπει

2187 3456 2243 3510 δὲ
2273 3458 2488 3520 πάντως
2522 3456 2598 3528 μὴ
2628 3455 2827 3526 ἐχούσῃ
2875 3454 2936 3507 τὸ
2993 3451 3170 3523 ἅγιον.
3217 3453 3376 3525 Ἐχοι
3416 3455 3465 3509 δ’
3507 3456 3574 3509 ἂν
3614 3455 3743 3519 πῶς,

2191 3549 2266 3618 μή
2295 3545 2454 3600 τοῦτο
2486 3546 2719 3617 ἔχουσα;
2761 3547 2822 3599 Ei
2875 3546 2984 3616 γὰρ
3014 3547 3148 3618 άλλη
3185 3564 3269 3612 τις
3317 3546 3476 3618 παρὰ
3524 3546 3673 3600 τοῦτο
3714 3544 3745 3613 ἡ

2186 3638 2429 3709 ἁγιότης,
2463 3639 2558 3691 καὶ
2586 3637 2744 3701 εἴτις
2772 3636 2911 3710 αῦτη
2943 3640 3164 3698 νοεῖται.
3204 3637 3410 3707 λεγέτω
3439 3639 3547 3704 τίς.
3588 3653 3609 3691 ι
3640 3634 3747 3691 Καὶ

2184 3733 2215 3785 6
2249 3730 2420 3799 μέγας
2451 3728 2755 3795 Βασίλειος,
2787 3749 2806 3783 ι
2846 3729 2908 3783 El
2941 3729 3104 3800 φύσις
3131 3731 3307 3801 αὐτῷ,
3331 3732 3522 3801 φησὶν,
3543 3733 3570 3786 6
3599 3733 3746 3799 ἁγια-

2186 3822 2320 3892 σμὸς
2350 3821 2424 3886 ὼς
2464 3821 2636 3889 Πατρὶ
2693 3821 2788 3875 καὶ
2829 3821 2963 3888 Υίῷ,
2997 3822 3113 3886 πῶς
3157 3824 3343 3895 τρίτης
3377 3825 3501 3879 loci.
3535 3823 3626 3879 καὶ
3654 3821 3745 3877 άλ-

2181 3913 2398 3982 λοτρίας
2430 3914 2684 3983 φύσεωςς
2722 3913 2874 3967 »Καὶ
2917 3913 3102 3979 πάλιν,
3142 3931 3163 3966 ε
3209 3915 3459 3984 ’Δγαθδν,
3500 3917 3651 3987 φησὶ,
3691 3915 3747 3967 τὸ

2184 4002 2410 4074 Πνεῦμα
2456 4004 2532 4066 ὡς
2577 4004 2782 4074 ἀγαθὸς
2810 4006 2838 4057 6
2868 4005 3055 4075 Πατὴρ
3098 4007 3195 4060 καὶ
3248 4006 3450 4075 ἀγαθὸς
3498 4011 3525 4062 6
3568 4009 3630 4059 ὲκ
3656 4004 3745 4057 τοῦ

2182 4095 2393 4164 ἀγαθοῦ
2443 4096 2745 4165 γεννηθεὶς,
2795 4098 2985 4150 οὐσίαν
3038 4096 3175 4167 ἔχων
3218 4098 3319 4169 τὴν
3355 4099 3688 4170 άγαθότητα.
3722 4114 3739 4146 ι

2192 4186 2362 4259 Ὀρᾷς
2410 4188 2529 4252 πῶς
2558 4188 2657 4259 οὐχ
2703 4189 2889 4259 ἕτερον
2913 4189 3014 4258 τῆς
3044 4189 3224 4258 ἁπλῆς
3255 4191 3352 4244 καὶ
3393 4190 3546 4255 θείας
3568 4189 3747 4250 οὐσίας

2183 4279 2411 4347 άγιότης
2442 4280 2538 4333 καὶ
2576 4279 2855 4351 άγαθότης
2900 4281 2995 4334 καὶ
3018 4280 3266 4350 ινέργεια
3294 4282 3389 4335 καὶ
3409 4285 3477 4334 τὰ
3511 4281 3744 4341 τοιαῦτα,

2180 4370 2316 4424 ἀλλὰ
2354 4372 2575 4427 ταυτόν.
2639 4372 2792 4426 Ἐλοῦ
2851 4373 3050 4435 τοίνυν,
3091 4367 3135 4427 ὦ
3167 4372 3323 4426 καινὲ
3378 4374 3612 4440 θεολόγε,
3644 4371 3746 4424 τῶν

509 4456 635 4495 nem
657 4442 679 4494 1
703 4442 860 4493 deest
909 4450 1093 4494 autem
1128 4442 1358 4495 omnino
1389 4453 1501 4496 non
1549 4445 1772 4496 babenti
1800 4448 2077 4496 sanetum.

2185 4462 2451 4517 ἀσεϐειῶν
2490 4464 2760 4534 ὁποτέραν
2794 4434 3044 4528 ὲθέλειςξ
3078 4465 3291 4526 ’Δθεῒας
3322 4467 3431 4534 γὰρ
3463 4434 3560 4519 καί
3587 4466 3745 4518 πολυ-

508 4532 801 4601 Quomodo
829 4543 1016 4587 autem
1047 4532 1267 4594 habeat.
1287 4533 1332 4587 si
1356 4533 1461 4587 hoc
1489 4548 1599 4587 non
1623 4532 1834 4587 habet?
1858 4533 2076 4589 Etenim

509 4626 554 4678 si
579 4625 684 4677 alia
720 4636 885 4692 atque
918 4625 1019 4678 hoc
1044 4635 1130 4679 est
1165 4624 1448 4688 sanctitas,
1479 4638 1544 4677 ac
1572 4625 1615 4677 si
1640 4639 1748 4693 qua
1774 4638 1838 4677 ea
1867 4625 2075 4694 cogita-

511 4729 621 4781 tur,
650 4716 839 4777 dicito,
867 4715 1118 4785 qquEt
1140 4729 1371 4784 magnus
1391 4712 1645 4778 Basilius,
1686 4731 1705 4765 ι
1743 4715 1798 4771 Si
1833 4716 2076 4770 sanetill-

508 4811 652 4861 eatio
681 4810 754 4872 ei,
787 4810 991 4878 inquit,
1027 4816 1114 4862 est
1141 4816 1339 4861 natura
1367 4814 1430 4859 ut
1471 4806 1619 4861 Patri
1649 4816 1704 4861 et
1744 4807 1906 4874 Filio,
1938 4825 2075 4878 quo-

510 4906 673 4953 modo
706 4901 882 4953 tertiac
905 4908 990 4953 est
1017 4906 1073 4952 et
1096 4899 1290 4952 aliena:
1320 4899 1556 4952 natura?
1586 4898 1680 4954 )El
1711 4902 2073 4961 rursus.tBo-

508 5009 614 5047 nus
646 5002 753 5057 est,
784 4993 983 5062 inquit,
1011 4991 1274 5060 Spiritus,
1302 5000 1361 5045 ut
1381 4991 1734 5048 bonusPaler
1751 5004 1805 5049 et
1827 4996 2002 5049 bonus
2026 4996 2076 5051 is

507 5085 602 5157 qui
647 5100 713 5139 ex
746 5084 891 5138 bono
921 5089 1216 5152 generatus
1240 5092 1349 5147 est,
1382 5084 1684 5140 essentiam
1733 5086 1945 5142 habens
1978 5089 2073 5141 bo-

507 5177 789 5229 nitatem.»
832 5170 999 5227 Vides
1029 5185 1140 5224 non
1175 5171 1447 5229 diversam
1479 5190 1509 5229 a
1543 5175 1776 5247 simplici
1808 5189 1863 5233 et
1887 5179 2071 5232 divina

504 5265 746 5321 essentia
795 5278 917 5319 esse
954 5263 1303 5319 sanctitatem
1338 5278 1393 5320 et
1424 5268 1722 5323 bonitatem
1751 5282 1805 5324 et
1831 5269 2073 5326 eliicien-

508 5356 637 5409 tiam
670 5365 726 5409 et
754 5352 901 5419 talia,
927 5353 1024 5407 sed
1057 5354 1324 5411 eamdem.
1359 5356 1495 5413 Vide
1525 5359 1690 5427 igitur
1711 5401 1726 5424 ,
1752 5377 1784 5414 ο
1821 5360 2070 5430 tbeologe

504 5454 886 5508 nove,utram
925 5444 1262 5514 impietatem
1320 5448 1518 5516 malis;
1561 5450 1688 5505 talia
1746 5450 1917 5517 enim,
1973 5467 2073 5521 per

503 5551 563 5589 se
597 5535 830 5588 invicem
850 5535 1063 5591 deteeta
1095 5546 1149 5591 et
1178 5548 1366 5595 contra
1395 5557 1455 5596 se
1483 5541 1718 5598 invicem
1749 5545 2068 5614 pugnantia,

506 5626 603 5679 tibi
663 5624 901 5681 alierum
969 5629 1288 5685 barathrum
1361 5633 1635 5703 dogmatis
1702 5637 1911 5692 nullius
1974 5638 2069 5692 Dei

504 5724 557 5764 et
589 5712 884 5767 multorum
936 5717 1186 5774 deorum.
1214 5719 1492 5777 Dissimile
1531 5726 1675 5780 enim
1731 5726 1784 5780 in
1819 5724 2071 5795 plurimis

2183 4551 2333 4615 θείας
2372 4553 2441 4606 τά
2470 4554 2693 4607 τοιαῦτα
2728 4556 2883 4623 φέρει
2936 4571 3017 4608 σοι
3078 4557 3346 4625 κρημνδιν,
3383 4555 3477 4609 ὐπ’
3507 4556 3745 4627 ἀλλήλων

2182 4641 2514 4711 ἐλεγχόμενα
2560 4643 2653 4694 καὶ
2702 4642 2826 4694 κατ’
2858 4642 3100 4713 ἀλλήλων
3134 4642 3515 4707 στασιάζοντα.
3549 4644 3622 4696 Τὸ
3651 4643 3745 4713 μὲν

2181 4734 2288 4803 γὰρ
2319 4736 2501 4787 άνισον
2548 4734 2607 4786 ιν
2648 4736 2759 4797 τοῖς
2792 4733 3006 4796 πολλοῖς
3033 4734 3244 4805 ελέγχει
3281 4734 3341 4787 τὸ
3373 4734 3628 4806 διάφορον
3655 4733 3748 4787 καὶ

2181 4827 2495 4897 ἁσύμϐατον
2543 4827 2645 4896 τῆς
2694 4827 3002 4891 πολυθεῖαςο
3037 4830 3070 4899 ἡ
3105 4828 3161 4881 δὲ
3216 4827 3471 4881 πολυθεῖα
3525 4825 3746 4898 συμφυᾶ

2179 4922 2278 4985 τὴν
2318 4918 2582 4989 διαφορὰν
2638 4920 2775 4990 πρὸς
2835 4921 3034 4993 ἑαυτὴν
3080 4919 3479 4984 στασιάζουσαν
3528 4920 3742 4991 ιχουσα,

2183 5008 2319 5077 πρὸς
2344 5008 2437 5061 τὸν
2468 5008 2761 5062 ἀντίπαλον
2791 5010 2890 5079 τῆς
2914 5010 3103 5071 άθεῖας
3138 5012 3463 5077 ἀπροὸπτως
3495 5008 3748 5077 μεταδαί-

2180 5117 2294 5152 νειν
2357 5102 2601 5170 κρημνὸν
2656 5102 2981 5169 ἀναγκάζει,
3038 5102 3133 5155 καὶ
3188 5102 3396 5155 καπνὸν
3451 5102 3746 5171 φεύγοντας

2178 5192 2477 5260 ἐμπίπτειν
2506 5193 2587 5255 είς
2620 5192 2752 5264 πῦρ,
2788 5193 2848 5246 τὸ
2891 5195 2989 5265 τῆς
3025 5193 3346 5263 παροιμίας.
3382 5194 3605 5245 Ἔπειτα
3635 5193 3745 5250 πῶς

2180 5285 2241 5336 τὸ
2288 5285 2545 5338 άκτιστον
2576 5287 2671 5337 καὶ
2703 5286 2865 5338 πόθεν
2915 5286 2950 5353 ἡ
3000 5286 3251 5355 ἐνέργεια
3306 5283 3494 5355 ἔσχενς
3533 5283 3745 5348 Ἔξεστι

2183 5373 2291 5443 γάρ
2333 5375 2463 5444 ἡμῖν
2503 5373 2600 5427 καὶ
2643 5374 2705 5427 τὸ
2748 5375 3005 5430 ἄκτιστον
3054 5376 3187 5431 αὐτὸ
3230 5376 3367 5446 πρὸς
3413 5375 3577 5429 ἑαυτὸ
3607 5373 3745 5427 κατὰ

2180 5463 2279 5533 τὴν
2342 5466 2443 5535 σὴν
2492 5464 2768 5530 ἐξετάζειν
2829 5466 2980 5519 θέσιν
3006 5482 3021 5496 °
3057 5469 3105 5520 εί
3143 5467 3251 5537 γάρ
3312 5466 3537 5519 αὐτόθεν
3574 5467 3655 5533 είη
3686 5461 3743 5514 τὸ

2180 5556 2435 5608 άκτιστον
2473 5557 2748 5622 ἄκτιστον,
2803 5559 2904 5611 οὐκ
2955 5558 3020 5613 ἂν
3065 5560 3150 5628 εἴη
3198 5558 3491 5613 ἄκτιστονο
3532 5554 3741 5609 κτιστὺν

2178 5647 2286 5715 ἄρα
2332 5649 2393 5701 τὺ
2438 5650 2715 5715 ἄκτιστον,
2760 5654 2851 5704 καὶ
2898 5652 3092 5723 κτιστὴ
3124 5652 3315 5720 θεότης
3350 5652 3410 5716 ἐξ
3443 5646 3740 5718 ἀνάγκηςή

2177 5739 2432 5803 ἄκτιστος
2465 5741 2713 5810 ἐνέργεια
2738 5761 2751 5777 ο
2784 5746 2878 5797 καὶ
2924 5742 3067 5797 οὕτω
3104 5762 3185 5796 σοι
3225 5745 3283 5798 τὸ
3335 5745 3495 5811 σοφὸν
3540 5742 3740 5811 ἠλίθιον
