4034 6466
343 349 445 410 269

1344 337 1785 399 ΒΥΖΛΝἸῚΝἈΕ
1818 336 2201 399 HISTORIA?
2242 341 2382 401 LIB.
2429 337 2609 398 XXX.

3400 350 3403 355 ‘
3480 333 3589 398 2Ίο

342 460 739 528 ἀναπέφανται.
799 458 861 509 Ei
917 456 961 508 δ’
1004 456 1203 521 ἐξωθεν
1248 453 1364 525 ἔχει
1402 455 1461 508 τὸ
1490 456 1747 509 ἄκτιστον
1784 449 1922 506 εἶναι

2037 454 2383 523 reprehendit
2461 452 2811 523 polytheistni
2894 450 3339 516 absurditatcm;
3396 451 3596 523 dogma

343 554 406 607 τὸ
437 552 716 616 ἄκτιστον,
752 551 846 603 καὶ
875 549 1134 620 διάφορον
1161 549 1401 611 πάντων
1430 550 1480 601 εί
1522 547 1627 617 γὰρ
1662 549 1761 599 οὐκ
1793 546 1911 600 ἔστι

344 644 578 713 διαφορὰ
614 643 753 714 πρὸς
792 642 1048 697 ἄκτιστον
1092 642 1378 706 ἀκτίστου,
1407 642 1509 695 οὐκ
1557 639 1623 693 ἂν
1652 641 1740 707 εῐη
1770 639 1914 709 ἔχειν

343 734 490 790 κατὰ
516 734 578 787 σὲ
606 735 889 790 ᾶκτιστον.
923 730 994 787 Ἦ
1029 732 1167 800 γοῦν
1196 731 1553 802 ἀνύπαρκτόν
1581 746 1665 783 σοι
1703 730 1915 797 γίνεται

347 829 408 881 τὸ
431 828 685 882 ἄκτιστον
700 825 881 887 τοῦτο,
910 826 945 895 ἢ
970 825 1115 878 δυοῖν
1131 824 1379 896 θάτερον,
1404 824 1436 893 ἢ
1467 822 1915 877 ἀκτιστῦκτιστον

346 920 380 989 ἢ
407 917 883 972 summa):an
902 917 997 970 καὶ
1026 917 1164 987 πρὸς
1192 914 1352 970 ἑαυτὸ
1379 914 1668 978 στασιάζον
1703 914 1915 984 ἀνάγκη

344 1010 618 1077 λέγεσθαι.
647 1008 931 1078 Γνώριμον
960 1009 1100 1079 γὰρ,
1140 1003 1223 1072 οἷς
1278 1008 1375 1062 καὶ
1418 1007 1666 1060 ὁπωσοῦν
1694 1007 1917 1076 λογικῆς

348 1102 597 1169 μέτεστιν
615 1100 948 1169 ἐπιστήμης,
966 1099 1075 1152 τῶν
1102 1099 1410 1169 ὁμωνύμων
1433 1096 1571 1152 εἶναι
1596 1099 1691 1151 καὶ
1716 1099 1920 1169 ἣκιστα

342 1192 523 1260 ἁπλῆν
579 1193 680 1261 τὴν
709 1189 806 1244 τοῦ
844 1190 988 1259 ἔχειν
1043 1191 1252 1259 φωνὴν,
1275 1191 1371 1244 καὶ
1406 1189 1481 1260 μὴ
1511 1191 1670 1258 μόνον
1710 1192 1778 1260 τῇ
1810 1188 1921 1242 τῶν

345 1282 451 1349 ἔξω
475 1283 656 1351 σοφῶν
684 1283 962 1353 ἐπιστήμῃ
990 1282 1189 1348 δοκεῖν,
1219 1282 1303 1335 ὅτι
1331 1280 1407 1352 μὴ
1435 1281 1532 1335 καὶ
1566 1283 1736 1335 πᾶσιν
1785 1279 1921 1343 ὁμοῦ

344 1379 456 1439 τοῖς
479 1375 586 1429 τῶν
609 1374 771 1428 θείων
787 1376 885 1443 τῆς
901 1374 1229 1439 Ἐκκλησίας
1251 1374 1539 1442 δογμάτων
1560 1375 1743 1440 σοφοῖς
1774 1372 1922 1426 διδα-

347 1467 584 1529 σκάλοις,
626 1465 689 1537 [ί.
743 1465 848 1520 145
876 1464 951 1537 ο.]
1001 1460 1077 1519 ὧν
1121 1460 1203 1529 εἷς
1256 1466 1389 1534 ἡμῖν
1440 1466 1519 1528 είς
1578 1464 1923 1518 διδασκαλίαν

346 1559 653 1626 ἀποχρήσει
690 1556 933 1627 τήμερον
981 1557 1235 1627 Ἰωάννης
1264 1558 1293 1610 ὁ
1323 1555 1467 1618 θεῖος
1508 1558 1572 1610 ὲκ
1603 1555 1921 1626 Δαμασκοῦ,

346 1649 409 1711 ὃς
456 1647 665 1718 ὀκταχῆ
694 1648 796 1716 τὴν
848 1646 944 1700 τοῦ
998 1645 1147 1716 ἒχειν
1176 1649 1313 1717 ἡμῖν
1356 1646 1586 1715 διαιρῶν
1619 1645 1920 1715 σημασίαν,

347 1741 471 1793 κατ’
499 1739 686 1791 οὐδένα
734 1738 799 1805 γέ
853 1752 980 1791 τινα
1025 1736 1239 1791 τούτων
1279 1737 1485 1807 τρόπον
1532 1740 1601 1807 τῇ
1645 1735 1767 1807 θείᾳ
1816 1736 1911 1790 καὶ

348 1831 693 1900 ἁπλουστάτη
717 1830 900 1900 ἐκείνῃ
931 1829 1095 1896 φύσει
1116 1828 1178 1881 τὺ
1201 1828 1350 1898 ἔχειν
1364 1829 1543 1892 διδοὺς
1570 1827 1908 1898 εὑρίσκεται.

349 1921 473 1983 Πῶς
521 1923 632 1989 γὰρ
659 1916 883 1975 οίαὸοῦν
917 1919 1313 1990 μεσιτευούσης
1358 1918 1790 1989 ἀλλοτριώσεως,
1825 1919 1924 1973 καὶ

347 2013 443 2067 τοῦ
503 2012 717 2082 ἔχοντος
772 2011 837 2066 τὸ
892 2011 1153 2081 ὲχὸμενον
1198 2010 1495 2081 διιστώσης
1551 2011 1654 2080 μὲν
1693 2010 1920 2075 οὑτωσὶ,

353 2104 693 2172 συιαγούσης
724 2103 771 2157 δ’
831 2103 1009 2165 ἄλλως
1054 2104 1147 2157 τὸν
1205 2103 1358 2156 νόθον
1388 2120 1446 2156 τε
1486 2104 1582 2157 καὶ
1629 2102 1922 2168 ἐπίκτητον

353 2201 577 2266 τρόπονς
609 2196 678 2251 'll
702 2195 814 2266 γὰρ
849 2195 924 2259 ὡς
956 2195 1147 2249 οὐσίαν
1172 2196 1412 2263 ἀνάγκη.
1444 2196 1601 2264 φησι,
1632 2193 1699 2248 τὸ
1721 2194 1923 2265 ἐχόμε-

356 2307 444 2343 νον
472 2291 539 2359 τῇ
573 2289 773 2359 ἐχούσῃ
805 2290 1043 2341 συνεῖναι
1075 2287 1254 2356 οὐσίᾳ,
1293 2285 1557 2358 καθάπερ·
1584 2287 1802 2357 ίμάτιον
1828 2288 1928 2342 καὶ

356 2384 509 2451 χεῖρα
539 2383 632 2434 καὶ
662 2379 831 2451 ἀγρὸν
860 2380 955 2433 ml.
980 2379 1053 2433 τά
1093 2394 1157 2447 γε
1185 2378 1437 2443 τοιαῦτα,
1468 2379 1505 2451 ἢ
1537 2380 1616 2444 ὡς
1643 2379 1923 2451 συμϐεϐη-

354 2474 451 2536 κός
477 2489 494 2507 ο
527 2473 620 2525 καὶ
666 2470 827 2525 τοῦτο
886 2470 1011 2539 διχῆ
1060 2488 1178 2534 πως
1209 2467 1281 2524 αὖ
1311 2471 1819 2542 ὑποδιαιρούμενον,
1846 2472 1928 2535 εἷς

353 2580 415 2616 τε
467 2562 566 2633 τὴν
609 2561 720 2615 τῶν
757 2559 1045 2631 χωριστῶν
1075 2559 1279 2631 δηλαδὴ
1313 2562 1412 2615 καὶ
1445 2560 1555 2615 τῶν
1596 2576 1663 2629 γε
1700 2562 1925 2633 μηδαμῆ

356 2656 741 2727 χωριζομένων
792 2653 1048 2723 δύναμιν.
1097 2653 1174 2706 Τὸ
1240 2655 1343 2722 μὲν
1399 2653 1512 2722 γὰρ
1562 2652 1927 2725 ινδεχομένως

356 2745 500 2817 ἔχειν
522 2745 740 2813 λέγεται
775 2746 868 2799 καὶ
900 2744 1001 2814 μὴ,
1034 2742 1160 2799 καθ’
1189 2744 1220 2798 ὅ
1258 2757 1324 2812 γε
1354 2732 1758 2815 σημαινόμενον
1788 2744 1931 2797 ἑνδέ-

358 2834 550 2906 χεσθαί
579 2851 757 2903 φαμεν
800 2834 1041 2904 βαδίζειν
1086 2833 1150 2887 τὸ
1202 2833 1516 2905 βαδιστικδν
1547 2834 1646 2888 καὶ
1700 2835 1929 2887 τούναν-

360 2927 469 2979 τίον
495 2922 563 2979 αὖ
608 2928 682 2994 μὴ
713 2925 971 2996 βαδίζεινο
1002 2926 1065 2979 τὸ
1113 2926 1170 2980 δὲ
1224 2926 1350 2982 καθ’
1381 2925 1499 2991 Ξξιν
1539 2927 1638 2980 καὶ
1685 2926 1928 2980 διάθεσιν

359 3014 500 3084 new
525 3014 762 3083 λέγεται,
792 3013 868 3077 ὡς
894 3013 1073 3083 μέλιτι
1108 3013 1313 3085 δηλαδὴ
1340 3017 1770 3085 συμπεφυκυῖαν
1796 3014 1929 3083 γλυ-

360 3106 589 3198 κύτηταῌ
601 3106 697 3159 καὶ
739 3105 883 3174 χιόνι
908 3105 1215 3176 λευκότητα
1242 3107 1338 3159 καὶ
1385 3107 1591 3174 γνῶσιν
1616 3106 1935 3181 ἀνθρωπίνῃ
1961 3141 2004 3198 c

2017 555 2202 600 autem
2262 546 2561 599 multorum
2628 544 2858 598 deorum
2924 558 3049 597 cum
3128 541 3428 612 ingenitam
3495 543 3597 597 ha-

2020 637 2143 691 beat
2190 635 2351 707 305
2407 635 2780 691 differentiam
2857 650 3041 690 secum
3120 643 3476 705 pugnantem,
3527 634 3597 688 ad

2019 727 2363 780 contrarium
2438 724 2754 795 negationis
2804 724 2970 779 unius
3023 724 3119 780 Dei
3172 739 3242 780 ex
3313 724 3598 794 inopinato

2022 817 2260 872 transire
2316 817 2637 872 barathrum
2690 816 2859 887 cogit,
2891 825 2948 870 et
2989 823 3078 881 ut,
3111 830 3237 870 cum
3274 815 3483 870 fumum
3511 817 3599 872 fu-

2021 909 2227 976 gimus,
2250 907 2304 961 in
2331 909 2511 977 ignem
2541 907 2843 962 secundum
2881 906 3236 977 prmerbiuut
3266 908 3596 964 incidamus.

2021 996 2230 1053 Deinde
2257 1000 2535 1068 quomodo
2560 1010 2613 1053 et
2637 999 2783 1053 unde
2812 998 3108 1054 eﬂleientia
3138 999 3352 1069 accepit
3383 1001 3597 1056 increa-

2023 1099 2140 1145 tum
2167 1088 2192 1143 ?
2225 1090 2377 1146 Licet
2408 1093 2553 1147 enim
2581 1090 2745 1146 nobis
2762 1091 2928 1146 etiam
2960 1091 3016 1145 in
3064 1091 3242 1161 ipsum
3270 1092 3596 1146 tincrcatum

2022 1198 2123 1253 per
2178 1197 2238 1238 se
2309 1183 2618 1239 secundum
2676 1195 2825 1237 tuam
2881 1182 3163 1253 inquirere
3218 1184 3600 1240 thesin:ete-

2025 1276 2137 1330 nim
2198 1276 2243 1331 si
2287 1290 2357 1331 ex
2405 1290 2465 1331 se
2528 1278 2835 1332 increatum
2881 1285 3027 1331 esset
3084 1275 3429 1344 increatum,
3486 1292 3598 1332 non

2024 1376 2172 1424 esset
2207 1368 2553 1434 increatum;
2581 1368 2883 1423 increatum
2920 1369 3088 1438 igitur
3123 1376 3210 1423 est
3245 1378 3489 1424 creatum
3511 1378 3602 1432 ,et

2025 1459 2316 1515 efﬁcientia
2348 1461 2592 1515 increata
2634 1462 2951 1517 necessario
2981 1470 3067 1516 est
3096 1461 3357 1517 divinitas
3378 1472 3598 1518 creata:

2025 1560 2082 1607 et
2127 1552 2235 1607 hoc
2265 1551 2432 1607 modo
2461 1553 2731 1622 sapientia
2764 1552 2864 1607 tibi
2899 1554 3015 1607 visa
3058 1562 3146 1607 est
3192 1554 3450 1609 stultitia.
3503 1553 3605 1610 Sin

2030 1651 2214 1697 autem
2248 1645 2598 1699 extrinsecus
2629 1644 2941 1700 increatum
2982 1646 3150 1700 habet
3183 1687 3199 1712 ,
3263 1656 3325 1700 ut
3391 1647 3462 1701 sit
3517 1648 3603 1700 in-

2033 1744 2324 1798 creatum,
2387 1735 2552 1790 etiam
2627 1736 2909 1792 diversum
2969 1745 3053 1793 est
3137 1737 3385 1793 omnino.
3449 1737 3552 1792 Ete
3587 1771 3604 1782 ς

2033 1828 2147 1882 nim
2204 1828 2249 1883 si
2310 1828 2523 1883 nullum
2589 1837 2678 1884 est
2741 1828 3041 1884 discriuwn
3098 1830 3244 1885 inter
3300 1831 3599 1884 increatum

2026 1929 2086 1974 et
2136 1920 2439 1975 increatuni
2467 1961 2483 1986 ,
2516 1936 2622 1975 non
2658 1929 2855 1992 potest,
2889 1933 2949 1975 ut
3000 1931 3054 1975 tu
3090 1922 3357 1992 opinaris.
3383 1922 3602 1976 increa-

2030 2018 2148 2065 tum
2187 2012 2392 2067 habere
2426 2011 2936 2068 increatum.Certe
2966 2021 3060 2067 aut
3086 2012 3390 2068 substantia
3408 2027 3603 2067 carens

2028 2102 2130 2158 tibi
2156 2104 2341 2158 evadit
2363 2104 2671 2159 increatum
2716 2106 2843 2168 hoc,
2877 2112 2973 2159 aut
3015 2103 3367 2168 alterutrum,
3399 2115 3493 2158 aut
3519 2104 3602 2159 in-

2027 2203 2466 2252 creatocreatum
2491 2236 2507 2261 ,
2542 2204 2638 2251 aut
2691 2196 3276 2261 increatoincreatum,
3314 2211 3371 2253 et
3413 2206 3602 2252 secum

2032 2302 2285 2359 pugnans
2317 2302 2544 2344 necesse
2573 2296 2659 2343 est
2702 2288 2915 2342 vocari.
2968 2287 3171 2342 Notum
3212 2287 3474 2343 cst~enim
3507 2287 3600 2349 iis.

2030 2381 2129 2452 qui
2159 2381 2715 2452 quantulumcunque
2761 2380 2953 2451 logica
2998 2387 3130 2435 sunt
3162 2379 3343 2451 gnari,
3378 2395 3606 2435 eorum-

2030 2473 2158 2530 dctn
2191 2473 2480 2528 nominum
2510 2488 2636 2529 esse
2687 2483 2741 2528 et
2770 2472 2997 2528 minime
3029 2471 3332 2542 simplicem
3361 2469 3604 2526 habendi

2031 2580 2223 2622 vocem
2245 2607 2261 2631 ,
2317 2574 2375 2621 et
2409 2566 2515 2620 hoc
2566 2580 2677 2621 non
2703 2567 2869 2620 modo
2901 2565 3211 2635 sapientum
3236 2564 3330 2635 qui
3370 2578 3439 2619 ex
3476 2578 3609 2634 pro-

2033 2659 2179 2716 fanis
2206 2668 2336 2714 sunt
2364 2659 2612 2714 scientia:
2634 2658 2876 2729 placere,
2912 2657 3008 2714 sed
3040 2657 3216 2713 multo
3246 2658 3419 2729 magis
3438 2659 3605 2713 etiam

2034 2751 2294 2807 omnibus
2312 2750 2480 2806 simul
2506 2749 2820 2805 divinorum
2844 2748 3101 2805 Ecclesiae
3128 2749 3442 2819 dogmatum
3472 2762 3611 2818 prae-

2034 2841 2355 2911 ceptoribus
2408 2839 2758 2910 sapientibus
2787 2880 2804 2906 ,
2869 2854 3110 2909 quorum
3166 2854 3311 2893 unus
3346 2839 3509 2894 nobis
3539 2840 3609 2894 ad

2037 2932 2440 2988 institutionem
2469 2928 2705 2987 suniciet
2758 2930 2925 2985 hodie
2960 2928 3205 2987 Joannes
3252 2929 3475 2985 divinus
3511 2932 3612 2985 Da-

2040 3039 2360 3091 mascenus,
2415 3024 2508 3095 qui
2538 3038 2662 3079 cum
2714 3024 2889 3078 octies
2922 3023 3166 3078 habendi
3195 3024 3356 3078 nobis
3399 3023 3611 3078 dividat

2037 3117 2523 3191 signiﬁcationem,
2557 3115 2714 3171 nullo
2744 3120 2945 3170 borum
2976 3116 3140 3171 modo
3163 3115 3364 3172 divina:
3393 3124 3446 3171 ct
3481 3118 3613 3172 sim-

362 3198 530 3270 ψυχῇ.
562 3191 665 3253 Ὧν
689 3198 947 3254 ἁπάντων
991 3198 1051 3252 ἓν
1087 3198 1375 3254 ὁποιονοῦν
1410 3198 1553 3253 ἔστω
1590 3199 1928 3269 ὁποτέρωθεν

2037 3209 2341 3283 plicissima:
2358 3206 2437 3261 illi
2456 3215 2665 3262 natura:
2687 3222 2878 3262 vocem
2903 3205 3144 3262 habendi
3169 3206 3418 3262 tribuens
3446 3208 3611 3278 306

362 3291 602 3359 είληιρὼς
653 3292 721 3360 τῇ
777 3290 897 3361 θείᾳ
948 3293 1319 3361 κυριωνυμεϊν
1369 3291 1470 3345 καὶ
1513 3291 1659 3362 ἁπλῇ
1689 3290 1931 3362 βούλοιτο

2037 3300 2331 3372 reperitur.
2380 3297 2489 3364 Qui
2515 3297 2664 3352 enim
2694 3305 2901 3369 potest,
2938 3312 3063 3353 cum
3095 3299 3238 3353 ratio
3266 3298 3445 3353 aliena
3481 3314 3617 3369 qua-

361 3383 541 3451 φύσει,
583 3385 716 3439 ῐστω
768 3380 1088 3451 περιφανῶς
1137 3382 1511 3454 ἁμαρτάνων*
1564 3384 1765 3454 χρῆσιν
1817 3382 1929 3451 γὰρ

2037 3392 2326 3462 liscunque
2374 3389 2699 3457 intercedat,
2744 3400 2802 3446 et
2833 3392 2905 3446 ita
2943 3390 3195 3463 sejungat
3242 3391 3492 3446 habitum
3543 3392 3615 3446 ab

361 3475 667 3545 ἀνθρώποις
725 3474 991 3544 ὑπάρχειν
1027 3475 1057 3528 ὁ
1096 3472 1271 3545 μέγας
1319 3474 1394 3529 τὰ
1449 3473 1695 3545 ὀνόματα
1726 3476 1930 3544 φάσκει

361 3568 639 3631 Bestiam;
696 3566 832 3638 πρὸς
887 3564 1094 3635 γνῶσιν
1147 3565 1247 3620 καὶ
1289 3563 1558 3636 διαίρεσιν
1607 3566 1811 3619 οὐσιῶν
1839 3564 1934 3620 καὶ

360 3662 472 3716 τῶν
524 3662 650 3733 περὶ
701 3662 800 3724 τὰς
844 3659 1032 3722 οὐσίας
1096 3658 1499 3730 ἑπινοηθέντων
1555 3660 1930 3730 πραγμάτων.

373 3750 449 3813 Ὅ
482 3771 541 3821 γε
571 3754 662 3807 καὶ
693 3753 837 3809 πάνυ
871 3770 925 3806 τι
952 3752 1162 3806 δέδοται
1198 3751 1462 3821 φορτικὸν
1487 3752 1585 3805 καὶ
1621 3750 1934 3820 ἀπόόλητον

367 3847 710 3917 συμδεόηκὸς
738 3862 790 3899 τι
822 3844 1126 3915 προσάγειν
1171 3845 1241 3914 τῇ
1271 3843 1394 3914 θείᾳ
1419 3842 1585 3909 φύσει
1609 3843 1708 3897 καὶ
1733 3842 1937 3896 ἁπλου-

367 3942 558 4011 στάτη.
595 3939 669 3991 Τὸ
711 3937 821 4007 γὰρ
852 3935 1223 4007 συμδεδηκδς,
1252 3936 1441 4005 φησιν,
1468 3933 1502 4005 ἢ
1549 3934 1937 4004 συμπέφυκεν,

366 4030 402 4100 ἢ
432 4028 701 4098 ἐνδέχεται
737 4025 1003 4096 ὑπάρχειν
1032 4027 1125 4078 καὶ
1150 4024 1228 4095 μὴ
1258 4024 1546 4096 ὑπάρχειν.
1584 4024 1725 4077 Ἀλλ’
1756 4026 1805 4078 εί
1838 4024 1939 4094 μιν

369 4120 746 4190 συμπέφυκεν,
778 4119 993 4188 ἀνάγκη
1026 4117 1107 4188 τῷ
1135 4117 1262 4189 Θεῷ
1310 4120 1407 4172 καὶ
1447 4119 1641 4172 οὐσίαν
1672 4119 1773 4172 καὶ
1798 4136 1940 4188 συμ-

371 4208 602 4276 ϐεϐηκὸς
617 4204 780 4260 εἶναι’
812 4206 875 4271 ἐξ
897 4204 1148 4276 ἀνάγκης
1167 4205 1278 4276 γὰρ
1303 4206 1376 4260 τὰ
1393 4207 1620 4260 τοιαῦτα
1646 4207 1938 4277 συμϐαίνει

2040 3484 2305 3549 habente,
2339 3481 2579 3536 adducat
2607 3491 2790 3537 autem
2836 3482 3000 3538 aliter
3027 3483 3252 3538 modum
3280 3486 3532 3555 spurium
3559 3495 3616 3541 et

2038 3573 2429 3630 adscititium?
2463 3573 2570 3627 Aut
2619 3574 2767 3628 enim
2821 3582 2886 3628 ut
2927 3574 3222 3630 essentiam
3252 3589 3477 3634 necesse
3510 3587 3613 3641 est,

2038 3664 2510 3736 inquit,habitum
2542 3665 2766 3720 habenti
2807 3666 3161 3738 coniunctum
3188 3681 3310 3722 esse
3338 3670 3614 3733 essentia,

2042 3758 2188 3813 sicut
2237 3765 2446 3814 vestem
2478 3763 2537 3811 et
2568 3771 2791 3811 manum
2826 3765 2883 3812 et
2930 3773 3122 3829 agrum
3154 3767 3211 3814 et
3234 3759 3388 3824 talia,
3436 3770 3529 3814 aut
3558 3771 3618 3815 ut

2041 3844 2299 3900 accidens
2330 3886 2346 3913 ,
2386 3853 2555 3915 atque
2603 3846 2710 3901 hoc
2754 3846 2842 3902 bis
2900 3861 3096 3904 rursus
3141 3847 3511 3918 subdivisum,
3558 3852 3616 3905 in

2041 3935 2346 3991 divisorum
2379 3935 2646 3991 nimirum
2677 3943 2735 3992 et
2762 3937 3127 3993 indivisorum
3150 3939 3284 4005 vim,
3310 3938 3444 3994 illud
3469 3941 3615 3994 enim

2040 4039 2111 4080 ex
2138 4024 2384 4095 potentia
2426 4022 2633 4079 habere
2668 4023 2875 4079 dicitur
2918 4032 2977 4079 et
3010 4039 3120 4079 non
3147 4039 3217 4080 ex
3243 4027 3489 4095 potentia
3529 4041 3619 4080 se-

2043 4115 2284 4172 cundum
2323 4112 2778 4185 signiﬁcationem
2827 4128 2987 4184 posse
3030 4113 3269 4170 dicimus
3292 4115 3444 4184 gradi
3469 4118 3618 4186 quod

2043 4202 2347 4275 gradiendo
2382 4203 2645 4260 idoneum
2670 4215 2756 4261 est
2784 4213 2845 4261 et
2880 4205 3225 4260 contrarium
3260 4219 3457 4262 rursus
3507 4221 3620 4261 non

367 4296 445 4363 (ἧς
476 4299 842 4371 συμϐέϐηκεν.
877 4296 938 4351 Εἰ
963 4299 1011 4351 δ’
1029 4296 1384 4367 ἐνδεχόμενον
1410 4335 1426 4361 ,
1463 4298 1619 4352 ἔσται
1655 4300 1751 4353 καὶ
1778 4299 1932 4369 ἀγέν-

2045 4294 2199 4366 gradi
2229 4310 2245 4348 :
2272 4294 2382 4349 hoc
2410 4303 2596 4351 autem
2620 4309 2691 4351 ex
2716 4295 2910 4353 habitu
2939 4305 2997 4352 et
3028 4296 3389 4368 dispositione
3415 4298 3622 4354 habere

370 4409 526 4464 γητος
545 4394 577 4447 ὁ
595 4390 850 4461 γεννητὸς
883 4388 1018 4442 ποτὲ
1042 4390 1137 4442 καὶ
1154 4389 1313 4443 πάνθ’
1352 4390 1579 4460 ὁμοίως,
1609 4390 1713 4444 ὅσα
1738 4393 1932 4462 δήπου-

2045 4385 2274 4451 dieitur,
2303 4393 2366 4441 ut
2396 4386 2546 4442 melli
2574 4388 2842 4443 nimirum
2876 4399 3192 4444 concretam
3218 4388 3571 4445 dulcedinem
3603 4433 3619 4456 ,

370 4487 460 4539 θεν
483 4484 806 4548 ἀντίκειται,
835 4482 1039 4552 γνῶσις
1061 4481 1157 4536 καὶ
1184 4482 1261 4552 μὴ
1284 4482 1745 4553 γνῶσις,δύναμίς
1759 4502 1820 4537 τε
1846 4485 1932 4538 καὶ

2050 4476 2168 4533 nivi
2228 4478 2612 4545 albitudinem,
2664 4480 3033 4551 cognitionem
3086 4481 3371 4538 hominum
3438 4484 3624 4539 animo

375 4579 453 4648 μὴ
476 4575 726 4646 δύναμις,
761 4576 860 4628 καὶ
887 4573 960 4628 τά
985 4589 1050 4642 γε
1072 4572 1251 4644 δήπου
1281 4572 1649 4647 παραπλήσια
1675 4575 1788 4630 τῶν
1815 4575 1942 4630 ἀτό-

376 4681 491 4718 πων
527 4663 625 4732 τῆς
646 4660 899 4724 ἀσεϐείας
939 4660 1226 4731 ῥημάτων.
1255 4659 1379 4713 Ὅτι
1405 4660 1464 4714 δὲ
1484 4662 1945 4733 καταχρηστικῶς

374 4755 434 4807 το
456 4753 599 4824 ἔχειν
643 4754 736 4805 ἐπὶ
759 4750 895 4804 Θεοῦ
924 4748 1162 4818 λέγεται,
1202 4748 1444 4803 δείκνυσι
1474 4750 1573 4805 νῦν
1606 4752 1703 4804 καὶ
1736 4753 1767 4804 ὁ
1805 4750 1945 4815 θεῖος

374 4847 782 4914 Χρυσόστομος,
811 4842 1007 4910 λέγων,
1046 4859 1067 4893 ι
1103 4841 1276 4896 ὀταν
1304 4842 1547 4912 ἀκούσῃς
1579 4843 1665 4895 ὅτι
1695 4840 1886 4911 ὥσπερ
1918 4845 1947 4895 ὁ

380 4940 568 5006 Πατὴρ
597 4938 655 4987 ὲν
683 4936 862 5005 ἑαυτῷ
883 4933 1031 5004 ζωὴν
1053 4933 1190 5003 ἔχει,
1219 4932 1392 4998 οὕτως
1415 4932 1583 4988 ἔδωκε
1602 4937 1698 4987 καὶ
1726 4936 1803 5006 τῷ
1843 4934 1949 5005 ι’ῑῴ

378 5034 524 5102 ζωὴν
551 5030 697 5101 ἐχειν
735 5030 831 5083 καὶ
858 5026 1109 5094 ἐξουσίαν
1154 5026 1320 5097 ἔχειν,
1361 5026 1436 5098 μὴ
1466 5026 1717 5082 σύνθεσιν
1745 5027 1950 5083 ὑπολά-

380 5124 499 5196 ϐῃςο
534 5121 657 5191 μηδ’
685 5122 812 5174 ὅταν
840 5117 1080 5190 ἀκούσῃς
1115 5118 1199 5171 ὅτι
1227 5120 1288 5171 ἐν
1327 5119 1479 5189 αὐτῷ
1517 5118 1633 5190 ζωὴ
1668 5115 1762 5190 ἦν,
1794 5120 1951 5190 νομί-

382 5229 478 5281 an;
511 5213 593 5263 ὅτι
630 5208 880 5272 σύνθετος
928 5204 998 5279 ἦν
1022 5223 1035 5236 ·
1064 5206 1274 5277 προῖὼν
1305 5208 1413 5279 γὰρ
1443 5210 1631 5279 φησιν,
1662 5207 1808 5277 Ἐγώ
1834 5212 1951 5279 είμι

377 5305 412 5373 ἡ
438 5303 578 5371 ζωή.
608 5320 626 5352 ι
650 5300 815 5354 Ὥστε
841 5316 934 5351 σου
963 5296 1397 5369 βοσκηματὼδης
1426 5300 1460 5369 ἡ
1483 5299 1646 5368 σοφία
1670 5299 1952 5354 κάνταῦθα

379 5395 776 5461 ἀναπέφανται,
832 5391 1066 5459 λέγουσα
1122 5391 1524 5462 παραπλησίως
1560 5393 1813 5463 καθάπερ
1860 5395 1954 5447 ἐπὶ

378 5486 666 5555 ἀνθρώπου
698 5484 794 5538 καὶ
824 5482 996 5548 λίθου,
1034 5494 1177 5536 ουτω
1217 5483 1310 5537 καὶ
1340 5483 1437 5534 τοῦ
1468 5483 1604 5536 Θεοῦ
1637 5482 1735 5553 τὴν
1764 5482 1954 5539 οὐσίαν

382 5580 520 5648 μετὰ
559 5575 667 5629 τῶν
723 5574 968 5643 φυσικῶν
1016 5573 1081 5645 [ί.
1117 5573 1218 5628 HL
1248 5571 1321 5643 r.]
1370 5572 1498 5642 περὶ
1529 5574 1699 5644 αὐτὴν
1733 5573 1953 5626 πάντων

383 5666 858 5738 συλλαμϐάνεσθαι
893 5668 1001 5727 τοῖς
1050 5665 1329 5736 ὁρίζεσθαι
1358 5664 1600 5716 θέλουσι·
1649 5668 1711 5715 τὸ
1746 5666 1855 5735 γὰρ
1885 5668 1949 5718 ὲκ

381 5761 639 5816 τοιούτων
693 5758 1048 5827 συγκείμενον
1100 5759 1307 5827 ἀμερὲς
1374 5756 1474 5809 οὐκ
1531 5756 1596 5808 ἂν
1653 5758 1780 5824 εἴη,
1842 5757 1950 5814 οὐδ’

2053 4570 2371 4636 tribuimus,
2429 4585 2666 4641 quorum
2699 4574 2949 4628 omnium
3012 4589 3181 4629 unum
3234 4574 3624 4645 qualecunque

2049 4654 2363 4717 ex'utravis
2412 4671 2569 4731 parte
2590 4664 2639 4719 si
2675 4665 2801 4734 quis
2829 4678 3054 4720 sumens
3090 4666 3292 4720 divina:
3344 4666 3623 4735 propriam

2054 4769 2245 4809 vocem
2278 4753 2526 4810 tribuere
2554 4765 2613 4810 et
2635 4755 2869 4823 simplici
2900 4756 3035 4811 velit
3067 4767 3295 4822 naturae,
3339 4768 3527 4827 aperte
3566 4772 3627 4812 se

2052 4860 2243 4903 errare
2266 4845 2426 4901 sciat.
2458 4846 2628 4902 Usum
2658 4848 2806 4902 enim
2838 4848 3160 4904 hominibus
3184 4859 3481 4919 suppetere
3513 4866 3630 4905 ma-

2053 4950 2196 5005 guus
2229 4936 2283 4990 in
2317 4936 2634 4991 nominibus
2689 4937 2825 4992 dicit
2873 4937 3106 4993 Basilius
3135 4941 3202 4993 ad
3255 4942 3627 5011 cognitionem

2052 5039 2111 5086 et
2143 5030 2472 5087 divisionem
2527 5030 2897 5087 essentiarum
2947 5042 3005 5088 et
3041 5048 3226 5093 rerum
3262 5034 3319 5089 in
3371 5036 3631 5092 essentiis

2053 5122 2400 5193 cognitarum
2435 5162 2451 5187 ,
2510 5137 2619 5191 qua
2661 5136 2720 5177 re
2755 5122 2993 5179 maxime
3048 5139 3371 5181 concessum
3422 5138 3506 5183 est
3546 5129 3630 5182 in-

2054 5214 2404 5268 commodum
2438 5223 2495 5267 et
2525 5214 2801 5285 adjectum
2831 5216 3087 5271 accidens
3118 5217 3401 5274 atribuere
3426 5219 3630 5274 divina:

2057 5312 2270 5357 natura:
2301 5312 2357 5356 et
2389 5303 2838 5372 simplicissima.
2882 5305 3153 5361 Accidens
3196 5308 3344 5361 enim
3365 5348 3380 5372 ,
3412 5307 3506 5372 ait,
3536 5318 3633 5363 aut

2057 5393 2302 5447 innatum
2324 5402 2433 5456 est,
2456 5402 2551 5447 aut
2579 5401 2759 5462 potest
2788 5404 3081 5465 suppetere
3103 5405 3157 5450 et
3178 5411 3283 5451 non
3301 5406 3630 5467 suppetere:

2058 5485 2155 5541 sed
2186 5486 2231 5539 si
2285 5484 2535 5540 innatum
2568 5494 2675 5548 est,
2707 5500 2938 5541 necesse
2972 5497 3058 5541 est
3102 5485 3216 5543 Deo
3242 5498 3298 5543 ct
3337 5491 3632 5543 essentiam

2056 5585 2114 5630 et
2144 5575 2407 5630 accidens
2449 5591 2594 5641 esse,
2631 5578 2950 5631 necessario
2983 5578 3128 5631 cnim
3164 5579 3293 5632 talia
3334 5579 3632 5643 accidunt,

2059 5669 2221 5740 307
2267 5668 2473 5736 quibus
2509 5669 2870 5736 acciderunt;
2923 5672 3008 5723 sin
3039 5680 3222 5725 autem
3249 5686 3372 5724 esse
3404 5685 3576 5740 ρυιιιιςι
3619 5716 3634 5735 ,

2061 5761 2165 5812 erit
2216 5769 2514 5828 generatus
2553 5761 2848 5830 aliquando
2884 5760 3052 5815 etiam
3092 5775 3201 5815 non
3234 5772 3552 5830 generatus,
3581 5775 3636 5819 ct
