4034 6478
492 396 601 459 £71

1676 401 2086 462 NICEPIIORI
2136 402 2177 461 ϐ
2190 403 2514 462 REGOR.‘E

3637 410 3732 472 272

488 518 683 573 omnia
722 517 888 572 simili
950 518 1163 574 ratione
1218 534 1559 590 quacunque
1609 520 1860 589 opposita
1901 528 2067 584 sunt,

2177 519 2399 581 ἁπλοῦν,
2443 519 2578 572 ἀλλὰ
2609 518 2880 582 σύνθετον,
2921 519 3024 583 κάξ
3067 512 3141 571 ὧν
3179 518 3489 573 συντίθ-ται
3529 523 3729 589 μεριζό-

498 609 744 681 cognitio
776 619 833 665 et
861 627 983 681 quae
1014 628 1127 667 non
1157 621 1244 667 est
1274 613 1541 682 cognitio,
1575 613 1656 668 vis
1684 622 1739 666 et
1769 628 1891 682 qua:
1921 613 2075 667 simi-

501 699 577 753 lia
604 707 733 752 sunt
757 713 822 752 ex
848 698 1051 768 ineptis
1082 700 1380 770 impietatis
1408 699 1617 754 verbis.
1655 699 1960 769 lmproprie
1979 715 2076 753 au-

504 799 613 845 tem
649 789 855 845 habere
908 789 977 844 de
1027 790 1140 845 Deo
1187 791 1296 845 diei
1347 790 1689 845 demonstrat
1714 806 1861 845 nunc
1909 791 2071 844 etiam

492 880 723 937 divinus
754 881 1203 952 Chrysostomus,
1235 881 1427 937 dicens
1455 899 1468 936 :
1501 899 1518 932 ι
1551 881 1688 936 Cum
1735 881 1928 936 audias
1973 880 2077 935 Pa-

501 984 641 1028 trem
669 975 811 1028 sicut
854 974 907 1026 in
958 988 1017 1027 se
1067 972 1233 1026 habet
1279 973 1473 1037 vitam,
1534 971 1605 1024 ita
1636 970 1853 1025 dedisse
1905 970 2071 1025 etiam

494 1063 659 1128 Filio,
699 1063 945 1118 utvitam
975 1064 1169 1117 habeat
1204 1072 1256 1117 et
1297 1062 1555 1117 facultate
1598 1060 1834 1123 fruatur,
1868 1075 1936 1114 ne
1980 1075 2072 1115 su-

500 1149 732 1216 Spiceris
785 1149 1282 1212 compositionem,
1326 1164 1465 1202 neve
1516 1162 1640 1203 eum
1711 1147 1870 1200 audis
1914 1145 1968 1199 in
1996 1160 2063 1201 eo

497 1241 667 1296 fuisse
684 1241 873 1307 vitam,
895 1241 1139 1311 opineris
1169 1241 1540 1309 compositura
1567 1253 1692 1292 eum
1728 1236 1920 1301 fuisse;
1950 1251 2072 1305 pro-

482 1332 750 1404 grediens
781 1334 927 1387 enim
962 1334 1058 1397 ait,
1090 1333 1201 1403 Ego
1226 1349 1345 1387 smn
1370 1333 1485 1386 vita
1511 1347 1527 1396 ;
1565 1332 1639 1384 ita
1679 1339 1739 1384 ut
1770 1330 1928 1383 bruta
1951 1328 2069 1383 visa

2182 628 2367 679 μενον.
2436 609 2496 664 '0
2547 609 2604 663 δὲ
2664 614 2730 678 τῇ
2772 611 2964 681 ἀμερεῐ
3031 610 3216 682 ἐκείνῃ
3268 611 3366 665 καὶ
3424 612 3544 682 θείᾳ
3589 614 3736 673 φύσει

2177 702 2533 771 προστιθέναι
2584 701 2965 773 πειρώμενος,
3006 698 3039 777 ᾖ
3083 703 3244 772 φύσει
3293 705 3559 774 πρόσεστι
3622 706 3736 774 μήτ’

2175 793 2438 858 αὔξεσθαι
2496 794 2637 864 μήτε
2681 792 2992 863 μειοῦσθαι,
3033 794 3251 865 λέληθε,
3291 797 3353 849 τό
3383 814 3447 865 γε
3494 790 3628 868 ἧκον
3667 799 3741 860 εἰς

2176 882 2373 947 αὐτὸν,
2400 881 2643 936 ἑλαττῶν
2680 881 2781 949 μὲν
2828 886 2897 953 τῇ
2937 884 3225 955 προσθήκῃ
3255 884 3354 954 τὴν
3396 885 3496 955 τῆς
3541 884 3741 953 φύσεως

2174 972 2435 1043 δύναμιν,
2490 971 2676 1038 αὔξειν
2726 972 2772 1025 δ’
2811 974 3014 1043 ἥκιστα
3078 975 3295 1027 πάντων
3350 974 3665 1042 δυνάμενος,
3712 976 3742 1045 ἦ

2181 1057 2453 1127 μηδεμιᾶς
2483 1057 2597 1110 οὔτ’
2625 1058 2819 1128 ἐδεήθη
2850 1060 2982 1112 ποτὲ
3011 1058 3133 1114 οὒτε
3156 1060 3406 1126 δεήσεται
3437 1062 3744 1131 προσθήκης

2176 1147 2210 1216 ἣ
2249 1148 2607 1218 ὑφαιρέσεως.
2651 1149 2863 1212 οὐδενὸς
2901 1149 3055 1213 ὄντος
3084 1145 3145 1203 οὖ
3188 1153 3441 1222 δεήσεταί
3471 1153 3591 1205 ποτ’
3617 1153 3745 1222 αὑτὴ

2178 1239 2469 1308 πληροῦσα
2490 1240 2559 1293 τὰ
2591 1240 2771 1295 πάντα
2807 1242 2900 1296 καὶ
2938 1243 3104 1314 μηδὲν
3149 1245 3307 1308 ἐκτὸς
3350 1246 3500 1298 ἐῶσα
3544 1245 3606 1296 τὸ
3650 1262 3745 1297 πα-

2178 1329 2382 1400 ράπαν.

495 1428 568 1481 sit
599 1427 867 1496 sapientia
917 1437 1010 1482 tua
1043 1427 1210 1483 etiam
1248 1426 1340 1481 hic
1398 1427 1590 1480 dicens
1647 1422 1812 1477 simili
1855 1423 2069 1476 ratione
2109 1430 2277 1492 atque
2344 1423 2399 1478 in
2430 1423 2657 1480 homine
2713 1435 2772 1480 et
2802 1425 3005 1496 lapide,
3037 1427 3110 1482 ita
3128 1429 3296 1484 etiam
3332 1428 3425 1484 Dei
3459 1430 3742 1484 essentiam

492 1535 618 1575 cum
654 1521 744 1587 iis,
771 1536 892 1590 quae
918 1536 948 1575 a
982 1520 1257 1575 naturain
1288 1534 1352 1573 ea
1412 1519 1543 1582 sint,
1611 1515 1871 1570 omnibus
1939 1515 2333 1583 comprehendi
2368 1516 2438 1570 ab
2471 1516 2541 1571 iis
2564 1516 2659 1587 qui
2684 1532 2801 1572 eam
2833 1519 3059 1573 delinire
3095 1521 3281 1576 \elint.
3310 1523 3468 1588 Quod
3510 1522 3654 1576 enim
3682 1537 3743 1575 ex

488 1616 694 1683 lalibus
726 1625 959 1679 constat,
989 1629 1096 1669 non
1115 1612 1527 1668 estindivisum
1577 1624 1756 1679 neque
1810 1607 2061 1677 simplex,
2098 1607 2196 1662 sed
2259 1609 2628 1678 compositum
2665 1617 2722 1664 et
2760 1608 2828 1666 iis
2871 1625 2938 1665 ex
2992 1610 3198 1681 quibus
3222 1616 3575 1685 componitur
3617 1615 3751 1670 divi-

492 1714 638 1776 sum,
677 1711 768 1779 qui
797 1718 981 1763 autem
1012 1706 1261 1761 indivisa:
1292 1705 1374 1760 illi
1404 1715 1461 1759 et
1498 1705 1700 1758 divina:
1726 1711 1941 1756 natura:
1977 1701 2219 1772 adjicere
2251 1702 2457 1771 aliquid
2529 1712 2782 1770 cernatur,
2840 1704 2931 1760 cui
2996 1719 3028 1758 a
3089 1716 3286 1763 natura
3340 1711 3622 1779 preprium
3673 1719 3752 1767 eat

490 1810 749 1870 ~utneque
776 1810 1042 1868 augeatur
1068 1811 1247 1866 neque
1280 1796 1587 1861 minuatur,
1616 1808 1746 1848 eum
1805 1793 1942 1862 l'ugit
2006 1791 2132 1855 hec,
2171 1792 2317 1861 quod
2349 1792 2426 1847 illi
2449 1794 2678 1850 accedat
2709 1794 2957 1850 minuere
2977 1799 3298 1855 accessione
3358 1810 3570 1857 natura
3609 1806 3709 1857 vim
3734 1842 3748 1864 ,

491 1909 617 1948 cum
650 1891 877 1947 minime
908 1888 1080 1960 possit
1113 1902 1314 1959 augere
1341 1903 1485 1952 eam,
1552 1902 1675 1956 qua:
1743 1885 1893 1939 nulla
1962 1898 2149 1954 neque
2190 1883 2427 1955 indiguit
2468 1902 2709 1956 unquam
2755 1902 2936 1958 neque
2983 1888 3621 1960 indigebit‘accessione
3662 1907 3750 1951 aut

494 1985 858 2049 detractione,
905 1996 1032 2036 cum
1082 1980 1224 2034 nihil
1249 1978 1510 2047 .l‘ulurum
1558 1977 1628 2033 sit
1656 1991 1764 2046 quo
1799 1976 2041 2048 indigeat
2107 1991 2351 2046 unquam
2409 1977 2500 2032 illa
2571 1978 2688 2049 ipsa
2736 1979 2970 2051 impleas
2994 1983 3272 2049 universa,
3304 1999 3486 2057 neque
3535 1991 3748 2046 omnino

493 2080 797 2150 quidquam
829 2086 987 2133 extra
1020 2092 1080 2131 se
1111 2091 1234 2132 esse
1263 2075 1474 2131 sinens.
1595 2123 1611 2136 ,

566 2172 887 2245 εοενιιῐ.
924 2171 1130 2240 Quodsi
1160 2173 1215 2227 in
1240 2172 1503 2241 qualitate
1523 2186 1646 2240 qute
1673 2168 2070 2240 magnitudinis

2249 2170 2309 2222 Ei
2346 2170 2391 2221 δ’
2423 2171 2480 2223 ἐν
2514 2172 2761 2240 ποιότητι
2799 2174 2987 2245 ἅόγκῳ
3041 2192 3103 2229 τε
3148 2177 3244 2229 καὶ
3289 2178 3553 2247 ἀμεγέθει
3595 2182 3746 2252 μέρος

492 2275 553 2320 et
590 2262 975 2334 amplitudinis
1016 2272 1102 2317 est
1133 2277 1353 2332 expers,
1386 2272 1599 2332 partem
1634 2276 1745 2315 non
1782 2262 1913 2315 licet
1941 2275 2075 2330 pro-

2177 2261 2483 2327 οὐκέξεστι
2513 2264 2692 2331 λέγειν
2721 2266 2949 2334 κυρίως,
2982 2266 3106 2321 οὔτε
3142 2269 3377 2337 μέγεθος
3407 2272 3557 2326 οὐδὲν
3584 2290 3741 2342 προσ.

494 2356 618 2424 prie
648 2356 856 2421 dicere,
911 2369 1089 2423 neque
1138 2352 1575 2423 magnitudinem
1609 2351 1776 2406 ullam
1829 2350 2072 2420 adjicere

2178 2352 2386 2405 τιθέναι
2433 2354 2468 2424 ἢ
2501 2354 2759 2425 ἀφαιρεῖν
2795 2359 2878 2427 (οὐ
2912 2359 3020 2431 γὰρ
3063 2359 3295 2429 λέγομεν
3341 2361 3465 2415 οὒτε
3509 2365 3745 2433 μεγάλην

499 2456 596 2502 aut
635 2446 924 2501 detrahere
961 2447 1094 2511 (non
1152 2443 1301 2498 enim
1376 2442 1611 2498 dicimus
1665 2456 1913 2512 magnam
1983 2448 2077 2495 aut

497 2552 726 2607 parvam
782 2533 1205 2603 albitudinem):
1239 2532 1473 2587 multum
1512 2531 1761 2602 profecto
1824 2535 1939 2586 sive
1986 2545 2079 2600 po-

503 2628 614 2680 tius
670 2639 833 2678 omne
866 2624 1044 2689 abest,
1087 2631 1145 2676 ut
1193 2620 1261 2677 de
1298 2621 1485 2676 divina
1538 2622 1775 2676 essentia
1823 2620 1948 2675 talia
1980 2634 2079 2674 co-

499 2719 738 2789 gitemus
771 2725 828 2772 et
854 2716 1127 2781 dicamus,
1155 2730 1278 2785 quae
1330 2713 1768 2784 magnitudinem
1795 2722 1871 2776 et,
1895 2712 2077 2783 parvi-

500 2820 670 2865 tatem
723 2809 855 2863 fecit
895 2817 953 2863 et
995 2822 1212 2877 semper
1243 2806 1411 2872 facit;
1444 2807 1559 2860 ltzrc
1586 2815 1771 2860 autem
1799 2821 1829 2860 a
1882 2815 2075 2861 natura

499 2902 654 2957 nullo
681 2900 843 2955 modo
871 2900 1172 2970 quidquam
1201 2908 1285 2953 est
1317 2915 1509 2953 eorum
1533 2913 1654 2967 qum
1683 2897 1813 2953 iecit
1844 2909 1899 2953 et
1933 2912 2075 2951 sem-

499 3011 599 3063 per
654 2993 782 3048 l'acit
835 3007 1015 3063 neque
1051 2990 1234 3061 prodit
1282 2990 1336 3044 in
1390 2989 1853 3059 amplitudinem,
1894 3004 2075 3059 neque

490 3106 746 3163 unquam
778 3090 1067 3161 procedet,
1100 3088 1304 3143 etenim
1327 3086 1473 3156 quod
1502 3086 1866 3155 amplitudine
1899 3088 2077 3152 majus

504 3186 585 3249 tit,
611 3184 663 3235 vi
698 3183 756 3236 lit
787 3182 975 3236 minus
1005 3189 1063 3235 et
1085 3177 1353 3249 quidquid
1380 3177 1752 3246 magnitudine
1778 3177 2073 3230 maximum

503 3282 611 3340 est,
642 3275 712 3329 ab
734 3271 1097 3342 amplitudine
1129 3269 1460 3339 relinquitur
1492 3269 1663 3331 omni,
1693 3278 1753 3322 ut
1779 3268 2074 3323 maximum

495 3383 658 3439 aque
680 3381 901 3435 semper
949 3372 1289 3432 permaneat.
1324 3362 1539 3416 Etenim
1574 3361 1619 3415 si
1660 3361 1728 3414 de
1763 3361 2073 3415 albitudine

483 3475 629 3530 .qua‘.
679 3467 761 3512 est
811 3457 866 3510 in
922 3455 1049 3509 nive
1086 3454 1322 3508 velimus
1353 3454 1556 3517 dicere,
1591 3454 1825 3522 exempli
1856 3453 2029 3523 gratia
2057 3491 2073 3519 ,

492 3568 612 3611 ,noa
666 3547 1027 3605 albitudinem
1062 3562 1184 3617 quae
1212 3557 1296 3601 est
1330 3546 1383 3598 in
1432 3555 1585 3613 parte
1637 3545 1780 3599 nivis
1824 3545 2073 3599 dicamus
2101 3526 2145 3582 (ἶ

494 3648 715 3712 partem
763 3636 1087 3692 albitudinis
1124 3649 1245 3704 quae
1283 3643 1368 3689 est
1398 3634 1452 3687 in
1509 3633 1745 3703 plurima
1799 3631 1948 3698 nive,
1977 3630 2073 3686 sed

501 3731 868 3786 albitudinem
923 3729 1096 3797 partis
1141 3725 1583 3789 nivis,‘minime
1629 3736 1811 3778 autem
1864 3732 2072 3792 partem

484 3819 844 3881 .albitudiuis.
887 3815 1281 3886 Amplitudinis
1321 3814 1553 3868 enimet
1613 3813 1939 3883 quantitatis
1974 3826 2073 3866 cx-

490 3929 632 3985 .pers
659 3928 759 3984 per
794 3926 854 3966 se
911 3919 968 3963 et
1007 3907 1408 3979 magnitudinis
1452 3914 1537 3961 est
1567 3904 1836 3969 albitudo,
1880 3913 1941 3959 ut
1983 3903 2078 3958 de-

506 4010 1017 4067 mons'ratutnesl.
1063 3999 1160 4054 Sin
1193 4008 1373 4052 autem
1423 4012 1490 4052 ne
1546 3996 1800 4051 accidens
1852 3994 2075 4064 quidem

503 4112 628 4152 esse
664 4099 781 4148 inec
817 4091 1189 4147 inessentialis
1228 4105 1261 4144 a
1299 4098 1351 4142 te
1383 4087 1709 4143 conceditur
1741 4085 2033 4140 efﬁcientia
2060 4123 2075 4147 ,

492 4188 600 4246 .ubi
637 4200 754 4240 eam
812 4180 1120 4252 ponemus?
1161 4178 1418 4233 Normam
1452 4189 1509 4233 tu
1541 4194 1701 4247 pone.
1735 4176 1873 4232 Cum
1928 4177 2074 4231 enim

496 4293 608 4332 .vox
642 4278 761 4345 ejus
791 4273 937 4343 quod
993 4279 1081 4326 est
1127 4271 1180 4324 in
1246 4270 1540 4326 essentiam
1585 4278 1640 4323 et
1698 4268 1954 4324 accidens
1996 4267 2077 4322 di-

510 4368 757 4432 vidatur,
792 4364 836 4418 si
866 4363 954 4417 illa
988 4378 1167 4431 neque
1197 4361 1438 4415 essentia
1467 4368 1551 4413 est
1588 4374 1766 4428 neque
1793 4356 2076 4423 accidens,

494 4476 617 4513 .non
654 4457 761 4512 dici
801 4464 982 4526 potest
1011 4454 1309 4523 quidquam
1333 4467 1524 4508 eorum
1555 4466 1678 4521 qua:
1707 4459 1835 4504 sunt
1864 4467 1877 4503 :
1914 4448 2077 4504 relin-

387 4535 398 4545 ’
494 4550 701 4619 quitur
732 4548 896 4617 igitur
941 4547 1253 4601 necessario
1289 4556 1348 4599 ut
1397 4561 1505 4599 non
1536 4559 1657 4599 esse
1692 4544 1931 4597 dicatur.
1986 4542 2079 4597 lla:

510 4650 942 4697 suntnovorum
997 4648 1218 4691 tuorum
1270 4636 1586 4704 dogmatum
1635 4634 1943 4704 prmstigim,
1978 4633 2078 4687 Pa-

494 4734 523 4787 ,l
550 4748 650 4785 .ma
674 4732 1007 4801 egregie,,ut
1056 4728 1249 4783 credas
1273 4728 1328 4780 in
1362 4728 1411 4780 id
1440 4726 1585 4795 quod
1630 4725 1795 4794 309
1830 4741 1938 4778 non
1971 4733 2074 4786 est.

2179 2444 2306 2497 οὕτε
2344 2448 2548 2515 μικρὰν
2606 2447 2967 2519 λευκότητα),
3004 2451 3200 2504 πολλοῦ
3238 2453 3393 2523 μέντ’
3435 2455 3503 2509 ἂν
3545 2456 3745 2525 δεήσειε

2181 2538 2273 2591 καὶ
2300 2537 2392 2592 τοῦ
2424 2540 2626 2603 παντὸς
2656 2542 2786 2610 περὶ
2818 2543 2919 2612 τῆς
2947 2542 3101 2606 θείας
3126 2545 3325 2609 οὐσίας
3359 2548 3591 2602 τοιαῦτα
3616 2553 3747 2603 νοεῖν

2181 2631 2277 2682 καὶ
2301 2630 2500 2698 λέγειν,
2537 2630 2571 2701 ἢ
2609 2630 2820 2703 μεγέθη
2864 2635 2965 2702 μὲν
3001 2637 3099 2688 καὶ
3151 2638 3467 2707 μικρότητα
3492 2640 3746 2710 πεποίηκέ

2178 2740 2238 2775 τε
2271 2724 2371 2776 καὶ
2417 2723 2503 2776 ἀεὶ
2553 2728 2720 2791 ποιεῖ,
2770 2726 2908 2796 αὑτὴ
2941 2726 2988 2781 δ’
3020 2728 3143 2781 ἐστὶ
3185 2731 3329 2785 κατὰ
3361 2733 3523 2801 φύσιν
3546 2734 3742 2803 οὔδειμῆ

2184 2813 2351 2883 μηδὲν
2394 2807 2470 2867 ὧν
2502 2815 2774 2885 πεποίηκέ
2806 2833 2866 2869 τε
2897 2819 2992 2870 καὶ
3021 2818 3109 2871 ἀεὶ
3138 2823 3299 2876 ποιεῖ,
3336 2823 3474 2877 Οὐδὲ
3507 2824 3742 2894 πρόεισιν

2180 2905 2259 2963 εἰς
2314 2902 2502 2968 ὄγκον,
2551 2903 2660 2956 οὐδ’
2707 2904 2768 2957 οὒ
2813 2904 2887 2975 μὴ
2934 2909 3273 2979 προχωρήσῃ
3320 2912 3481 2966 ποτε.
3532 2912 3603 2964 Τὸ
3641 2913 3743 2981 γὰρ

2179 2995 2330 3064 ὄγκῳ
2388 2996 2575 3063 μεῖζον
2627 2998 2915 3068 γινόμενον
2972 3000 3202 3068 δυνάμει
3250 3005 3469 3071 γίνεται
3515 3004 3740 3065 ἔλαττον,

2179 3089 2271 3139 καὶ
2313 3087 2373 3138 τὸ
2407 3087 2690 3157 δυνάμεως
2737 3089 2959 3158 μεγέθει
2990 3091 3248 3159 μέγιστον
3294 3096 3469 3164 ὄγκου
3512 3094 3742 3147 λείπεται

2180 3179 2401 3241 παντὸς,
2432 3179 2520 3232 ἵνα
2558 3180 2819 3248 μέγιστον
2847 3182 3054 3250 ὁμοίιος
3094 3184 3182 3238 ἀεὶ
3210 3186 3473 3260 διαμένῃ.
3504 3188 3613 3243 Καὶ
3646 3187 3744 3256 γὰρ

2180 3274 2275 3324 καὶ
2303 3272 2351 3322 εί
2383 3271 2515 3340 περὶ
2542 3271 2640 3339 τῆς
2665 3272 2722 3324 ἐν
2748 3273 2888 3342 χιόνι
2925 3274 3324 3348 βουληθείημεν
3364 3281 3542 3350 λέγειν
3574 3279 3747 3333 λευκό-

2178 3378 2338 3431 τητος
2372 3362 2765 3430 ὑποδείγματος
2795 3364 3008 3430 ἕνεκεν,
3040 3367 3101 3420 οὐ
3133 3368 3233 3439 τὴν
3274 3372 3334 3423 ἐν
3370 3373 3446 3442 τῷ
3481 3373 3630 3443 μέρει
3655 3372 3746 3438 τῆς

2190 3456 2379 3524 χιόνος
2405 3455 2705 3523 λευκότητα
2737 3457 2903 3525 μέρος
2934 3458 3001 3510 ἂν
3027 3459 3269 3529 φαίημεν
3299 3463 3403 3533 τῆς
3430 3465 3492 3516 ἐν
3533 3462 3745 3532 πλείστῃ

2179 3544 2323 3612 χιόνι
2344 3544 2690 3610 λευκότητος,
2720 3544 2856 3598 ἀλλὰ
2884 3548 3086 3617 μέρους
3115 3551 3217 3620 μὲν
3239 3554 3419 3622 χιόνος
3438 3553 3741 3620 λευκότητα.

2180 3633 2244 3698 μέ
2255 3647 2344 3698 ρος
2374 3631 2430 3683 δὲ
2456 3633 2777 3704 λευκότητος
2808 3635 3033 3704 ἥκιστα·
3067 3637 3271 3705 ἄογκον
3293 3643 3409 3714 γὰρ
3434 3643 3527 3696 καὶ
3545 3642 3740 3695 ἄποσον

2177 3723 2302 3777 καθ’
2326 3726 2459 3779 αὖτό
2489 3728 2586 3781 καὶ
2615 3728 2882 3797 ἀμέγεθες
2924 3731 2957 3799 ή
3003 3731 3289 3803 λευκότης,
3346 3737 3423 3798 ὡς
3460 3735 3739 3789 δέδεικται.

2179 3814 2242 3867 Εἰ
2270 3813 2326 3866 δὲ
2368 3814 2504 3885 μηδὲ
2542 3813 2895 3888 συμϐεϐηκὸς
2937 3820 2970 3890 ἡ
3006 3821 3259 3887 ἀνούσιος
3290 3826 3434 3898 αὕτη
3463 3823 3743 3894 συγχωρεῖ·

2178 3907 2269 3960 ταί
2309 3924 2392 3961 σοι
2425 3908 2673 3976 γίνεσθαι
2705 3912 2982 3979 ἐνέργεια,
3013 3914 3118 3968 ποῦ
3148 3916 3359 3987 ταύτην
3390 3919 3592 3981 θετέον;
3625 3915 3740 3975 λέγε

2177 3999 2276 4052 καὶ
2327 3999 2607 4069 νομοθέτει
2639 4001 2726 4054 σύ.
2762 4002 2874 4070 Τῆς
2930 4004 3040 4074 γὰρ
3097 4006 3193 4060 τοῦ
3241 4008 3397 4073 ὄντος
3448 4009 3628 4077 φωνῆς
3669 4004 3741 4065 εἰς

2150 4140 2153 4143 ,
2181 4088 2373 4142 οὐσίαν
2399 4090 2493 4143 καὶ
2526 4092 2876 4164 συμϐεϐηκὸς
2909 4094 3319 4170 διαιρουμένης,
3343 4103 3393 4155 εἰ
3436 4102 3561 4172 μήτ’
3596 4096 3741 4152 οὐσία

2184 4180 2322 4248 μήτε
2361 4180 2711 4252 συμϐεϐηκὸς
2744 4184 2856 4252 εἴη,
2891 4186 2998 4240 τῶν
3051 4188 3223 4244 ὄντων
3261 4193 3365 4246 οὐκ
3403 4194 3471 4246 ἂν
3519 4191 3737 4257 λέγοιτο.

2184 4268 2449 4323 Λείπεται
2487 4269 2595 4340 ἄρα
2643 4274 2718 4343 μὴ
2775 4273 2837 4327 ὃν
2880 4276 2940 4341 ἐξ
2994 4279 3240 4347 ἀνάγκης
3290 4282 3562 4351 λέγεσθαι.
3603 4277 3739 4343 Αὕτη

2179 4356 2288 4411 τῶν
2314 4358 2519 4412 καινῶν
2547 4377 2642 4412 σου
2671 4361 2961 4433 δογμάτων
2987 4367 3019 4435 η
3043 4370 3318 4437 τερατεία,
3341 4370 3473 4422 καλὲ
3500 4362 3739 4432 Halat-La.

2180 4448 2243 4501 τὸ
2287 4451 2568 4504 πιστεύειν
2630 4453 2713 4516 είς
2765 4454 2825 4507 τὸ
2861 4455 2938 4526 μὴ
2986 4455 3045 4509 ὃν
3101 4460 3200 4512 καὶ
3251 4460 3428 4529 ψιλοῖς
3473 4453 3740 4527 λατρεύειν

2152 4541 2469 4611 ,ὀνόμασι-θ,
2510 4544 2669 4598 ὁποῖα
2725 4547 2824 4601 καὶ
2882 4550 3010 4612 τοὺς
3059 4550 3157 4620 τῆς
3196 4552 3545 4620 Πλατωνικῆς
3592 4544 3740 4603 στοᾶς

2186 4633 2285 4686 καὶ
2335 4634 2673 4704 Ἀκαδημίας
2727 4638 3033 4708 φάσκοντας
3082 4644 3241 4710 ίσμεν
3296 4644 3426 4712 περί
3477 4659 3536 4694 τε
3582 4634 3742 4706 γενῶν

2183 4726 2280 4777 καὶ
2314 4725 2493 4789 εἱδῶν,
2532 4729 2630 4779 καὶ
2667 4728 2720 4779 εἰ
2751 4746 2897 4793 τινες
2936 4726 3048 4785 εἷεν
3083 4736 3147 4787 ἐκ
3176 4735 3285 4787 τῶν
3318 4737 3547 4804 ὓστερον
3578 4723 3741 4783 ἄλλοτ’

508 4834 565 4876 et
615 4824 758 4876 nuda
797 4825 1015 4876 nomina
1049 4822 1218 4887 celas,
1259 4820 1439 4887 qualia
1471 4820 1636 4872 etiam
1681 4818 1991 4871 Platonicos
2022 4828 2076 4870 et

2184 4818 2360 4882 ἄλλως
2382 4819 2570 4883 αὐτοῖς
2605 4821 3057 4894 ἡκολουθηκότων
3095 4826 3408 4898 Βογομίλων
3443 4829 3534 4881 καὶ
3580 4824 3743 4876 Μανι-

497 4916 873 4981 Academicos
889 4914 1071 4968 dicere
1105 4913 1347 4966 solemus
1373 4910 1442 4963 de
1470 4909 1764 4977 generibus
1789 4917 1843 4962 et
1863 4908 2076 4967 ferinis,

508 5018 564 5062 et
595 5008 639 5061 si
669 5007 761 5076 qui
790 5015 923 5059 sunt
954 5020 1018 5058 ex
1051 5005 1137 5068 iis,
1168 5001 1262 5071 qui
1290 5009 1480 5070 postea
1511 4999 1646 5053 alias
1680 5000 1841 5052 aliter
1863 5014 1967 5051 eos
1991 5014 2078 5053 se-

508 5098 622 5152 cuti
683 5108 850 5160 sunt,
900 5092 1197 5164 Bogomilis
1261 5090 1515 5144 nimirum
1571 5096 1627 5142 et
1672 5088 1981 5142 Maniehteis
2022 5095 2079 5143 et

508 5189 821 5245 Masahanis
848 5196 905 5242 et
929 5181 1308 5246 Eunomianis,
1336 5195 1476 5249 quos
1496 5179 1661 5233 etiam
1693 5194 1887 5247 magna
1925 5181 2075 5233 insa-

507 5282 599 5336 nia
625 5277 951 5350 perturbare
969 5274 1104 5328 dicit
1136 5284 1364 5339 magnus
1386 5268 1618 5323 Basilius
1647 5276 1903 5336 tanquam
1926 5283 2077 5321 com-

511 5384 678 5425 mune
711 5381 883 5437 gcnus
911 5361 1213 5431 quoddam,
1243 5358 1392 5428 quod
1423 5357 1637 5412 ratione
1690 5357 1802 5412 sola
1840 5357 2078 5426 perspici

511 5460 706 5530 possit,
756 5458 812 5510 in
851 5455 1000 5508 nulla
1034 5450 1338 5507 substantia
1381 5449 1676 5503 essentiam
1711 5445 1933 5509 habeat,
1958 5463 2081 5501 cum

2185 4909 2353 4981 χαίων
2376 4912 2471 4963 καὶ
2502 4907 2870 4968 Μαόαλιανῶν
2894 4919 2990 4970 καὶ
3025 4918 3394 4989 Εὑνομιανῶν,
3433 4918 3522 4980 οὓς
3551 4914 3643 4968 καὶ
3671 4911 3741 4967 εἰς

2148 5002 2328 5069 .μέγα
2384 5003 2773 5073 παραπληξίας
2833 5008 3084 5062 ἐλαύνειν
3142 5013 3170 5063 ὁ
3205 5013 3379 5081 μέγας
3410 5012 3543 5079 φησὶ
3589 4999 3737 5057 Βασί-

2188 5087 2330 5149 λειος
2368 5087 2558 5158 ὥσπερ
2586 5092 2876 5163 κοινότητά
2925 5112 3048 5149 τινα
3073 5097 3219 5167 λόγῳ
3254 5101 3403 5172 μόνῳ
3450 5087 3739 5163 θεωρητὴνν

2156 5212 2157 5217 η
2189 5181 2247 5230 ἐν
2275 5181 2505 5255 οὐδεμιᾷ
2537 5185 2837 5241 ὑποστάσει
2869 5188 2932 5261 [Γ.
2966 5192 3072 5246 144
3095 5192 3175 5263 υ.]
3218 5194 3280 5245 τὸ
3324 5189 3461 5245 εἶναι
3503 5188 3739 5255 ἔλουσαν,

2182 5275 2261 5335 εἰς
2289 5276 2355 5327 τὰ
2398 5277 2739 5348 ὑποκείμενα
2778 5283 3104 5355 θεωρεῖσθαι
3133 5287 3447 5355 φάσκοντας
3476 5282 3566 5335 τὸν
3593 5272 3736 5328 Θεόν-

2195 5365 2335 5417 Ἀλλ’
2391 5369 2556 5422 ἄκουε
2613 5372 2800 5425 λοιπὸν
2832 5378 2886 5427 τί
2920 5392 3085 5446 φησιν
3117 5375 3271 5441 αὖθις
3314 5382 3342 5432 ό
3373 5374 3536 5435 αὐτὸς
3579 5366 3739 5436 μέγας

2185 5454 2462 5518 Βασίλειος
2495 5463 2625 5531 περὶ
2670 5465 2766 5531 τῆς
2815 5468 3097 5536 ἐνεργείας
3145 5472 3280 5524 Θεοῦ
3328 5473 3427 5540 τῆς
3467 5460 3737 5519 ἁκτίστου.

510 5551 701 5633 dicant
766 5546 937 5599 Deum
993 5542 1047 5595 in
1120 5539 1417 5611 suppositis
1469 5539 1731 5608 perspici.
1781 5537 1887 5591 Sed
1953 5538 2076 5591 audi

2178 5543 2253 5606 ὡς
2283 5547 2376 5600 ἐπὶ
2406 5550 2503 5619 τῆς
2533 5552 2711 5622 ἁπλῆς
2768 5557 2865 5609 καὶ
2905 5558 3202 5627 ἀσωμάτου
3230 5561 3445 5630 φύσεως
3470 5555 3558 5609 τὸν
3586 5541 3739 5601 αὐτὸν

501 5643 618 5711 jam
652 5630 799 5700 quod
841 5635 983 5691 dicit
1022 5646 1216 5687 rursus
1269 5630 1413 5686 idem
1456 5646 1687 5701 magnus
1741 5630 1974 5684 Basilius
2014 5630 2082 5683 de

2182 5635 2341 5702 λόγον
2390 5640 2701 5712 ἐπιδέχεται
2752 5648 2782 5717 ἡ
2820 5650 3066 5718 ἐνέργεια
3113 5656 3178 5723 τῇ
3213 5656 3392 5725 οὐσίᾳ.

509 5736 799 5795 cllicientia
832 5733 925 5787 Dei
958 5731 1199 5784 increata
1234 5729 1325 5783 :in
1357 5727 1592 5798 simplici
1625 5728 1835 5782 scilicet
1863 5738 1913 5780 et
1964 5727 2287 5797 incorporea
2320 5747 2514 5793 natura
2550 5743 2798 5796 eamdem
2834 5759 2957 5799 eum
2993 5748 3231 5802 essentia
3256 5723 3519 5802 rationem
3554 5723 3739 5797 accipit

505 5829 824 5885 ellleientia.
