4034 6470
332 334 438 398 273

1270 309 1718 406 BYZAN‘TIN/E
1763 347 2143 407 llISTORl/E
2182 349 2325 407 LIB.
2370 349 2556 409 xxx.

3487 348 3602 414 276'

402 444 504 497 19‘.
548 445 700 498 Ἐπεὶ
743 446 784 498 δ’
809 449 835 498 ὁ
876 450 971 518 τῆς
1009 453 1194 514 οὐσίας
1224 455 1348 525 ὄρος
1380 459 1475 510 καὶ
1506 457 1664 522 λόγος
1687 458 1910 526 (ταατὸν

2094 461 2235 514 XIX.
2271 460 2541 526 Quoniam
2579 469 2760 514 autem
2806 461 3060 516 essenti:e
3092 460 3340 514 deﬁnitio
3370 472 3424 515 et
3462 465 3609 516 ratio

329 537 450 603 γὰρ
474 535 596 603 ὄρος
651 537 742 587 καὶ
787 537 970 606 λόγος)
1004 544 1238 609 πρᾶγμά
1297 547 1447 598 ἔστιν
1497 547 1908 616 αὐθύπαρκτον,

333 625 410 696 μὴ
447 625 704 694 δεόμενον
757 629 952 698 ἐτέρου
1011 633 1149 700 πρὸς
1195 633 1454 705 ὓπαρξιν,
1486 639 1568 706 εἴη
1601 636 1666 688 ἂν
1695 639 1912 698 πάντως

329 719 431 769 καὶ
449 720 477 770 ὁ
505 719 604 786 τῆς
637 722 919 791 ἐνεργείας
953 723 1110 789 λόγος
1149 728 1176 777 ὁ
1205 726 1391 792 αὐτὸς,
1418 728 1522 779 κᾶν
1550 732 1663 785 τοῖς
1685 729 1914 796 ὀνόμασι

327 808 645 878 διαφέρωσι,
685 813 922 880 πρᾶγμα
975 815 1367 886 αὐθύπαρκτον
1427 819 1654 888 δηλαδὴ,
1690 821 1764 890 μὴ
1798 821 1914 874 δεό-

334 917 497 969 μενον
547 903 736 972 ἐτέρου
788 907 924 974 πρὸς
964 895 1224 973 ὓπαρξινέ
1265 907 1423 963 Οὕτω
1469 911 1579 980 γὰρ
1628 913 1723 964 καὶ
1754 913 1782 963 ὁ
1812 912 1915 980 τῆς

325 994 657 1065 ταυτότητος
714 995 948 1060 σώζεται
1003 1000 1180 1068 λόγος,
1247 1002 1323 1064 ὡς
1385 1005 1479 1056 καὶ
1526 1007 1568 1065 ,ὁ
1622 1005 1720 1073 τῆς
1779 1003 1914 1072 ἀληο

327 1085 474 1148 θείας
530 1088 875 1158 όμολογητὴς
938 1089 1231 1158 σοφώτατα
1277 1089 1722 1166 ’μεμαρτύρηκε,
1784 1097 1915 1150 Θεό-

331 1179 503 1250 δωρος
556 1183 584 1233 ό
644 1181 917 1251 Γραπτὸς,
979 1201 999 1236 ι
1041 1183 1229 1248 Οὕτως
1283 1187 1372 1248 ἂν.
1432 1188 1636 1257 φήσας,
1675 1189 1916 1252 εὐσεϐῶς

329 1272 550 1341 νοηθείη
577 1274 608 1341 ἡ
642 1274 742 1341 μὲν
774 1275 892 1328 θεία
923 1277 1174 1347 ἐνέργεια
1199 1279 1388 1341 ἁῖδιος,
1415 1280 1616 1349 μᾶλλον
1641 1280 1687 1332 δ’
1711 1282 1913 1334 αὐτενο

338 1365 550 1434 έργεια,
583 1366 661 1436 τῷ
696 1368 770 1436 μὴ
832 1368 1121 1437 διωρίσθαι
1143 1370 1242 1439 τῆς
1269 1370 1457 1433 οὐσίας
1483 1371 1582 1440 τὴν
1614 1373 1912 1443 ἐνέργειαν,

332 1458 470 1510 ἀλλὰ
525 1459 616 1511 τὸν
673 1461 836 1514 αὐτὸν
895 1461 1056 1529 λόγον
1109 1463 1462 1532 ἐπιδέχεσθαι
1521 1465 1610 1517 διὰ
1666 1465 1766 1535 τὴν
1815 1466 1914 1534 τῆς

330 1551 509 1615 ἁπλῆς
545 1553 639 1603 καὶ
672 1552 970 1621 ἀσωμάτου
1002 1555 1218 1623 φύσεως
1255 1557 1516 1625 ἰδιότητα.
1550 1576 1567 1607 ι
1589 1558 1700 1610 Καὶ
1724 1557 1908 1622 πάλιν,

338 1663 354 1693 ι
397 1643 626 1710 ’Ἕτερον
681 1646 874 1697 οὐσίαν
922 1649 1017 1699 καὶ
1072 1647 1200 1701 ἄλλο
1243 1649 1530 1718 ἐνέργειαν
1579 1649 1690 1702 τῶν
1743 1650 1911 1702 πάλαι

332 1736 499 1798 τινες,
536 1737 609 1798 ὡς
650 1739 744 1790 ἐπὶ
776 1739 886 1790 τῶν
932 1741 1270 1808 σωματικῶς
1320 1741 1739 1811 θεωρουμένων,
1768 1742 1912 1792 οὐτω

333 1823 396 1891 δὴ
433 1825 570 1876 κάπὶ
602 1827 696 1878 τοῦ
731 1830 879 1882 θείου
939 1830 1099 1894 λόγου
1157 1831 1424 1884 ἐτίθεντο.
1469 1833 1646 1900 Ὅπερ
1682 1834 1793 1893 τοῖς
1825 1833 1914 1883 εὐ-
1949 1864 1988 1915 Β

333 1917 548 1969 σεόέσιν
583 1919 902 1989 ἀπείρηται.
955 1921 1084 1975 Ἐπὶ
1125 1923 1236 1993 γὰρ
1281 1922 1390 1975 τῶν
1424 1924 1613 1976 ἁπλῶν
1648 1925 1739 1976 καὶ
1771 1924 1914 1976 ἀσω-

333 2009 519 2075 μάτων
560 2012 616 2062 ἐν
661 2011 839 2062 οὐδενὶ
874 2012 1157 2081 διαφέρειν
1209 2013 1428 2066 ἴσασινο
1487 2015 1549 2064 οὐ
1601 2014 1708 2082 γὰρ
1745 2013 1916 2081 διορι-

331 2100 490 2151 στέον
541 2101 714 2153 ταῦτα
773 2102 1044 2171 ἀλλήλων,
1094 2105 1181 2157 ἵνα
1234 2105 1308 2174 μὴ
1370 2104 1625 2158 σύνθετον
1675 2105 1735 2158 τὺ
1770 2107 1913 2174 ὑπὲρ

335 2192 516 2244 πᾶσαν
550 2192 830 2263 ἁπλότητα
890 2195 1098 2263 νοῆται.
1164 2194 1303 2247 Οὔτε
1365 2195 1474 2264 γὰρ
1518 2197 1551 2264 ἡ
1601 2195 1719 2247 θεία
1751 2195 1911 2248 οὐσία

329 2283 685 2353 ἁνενέργητος
716 2285 802 2353 εἴη
831 2285 897 2339 ἄν
933 2303 1086 2351 ποτε,
1112 2285 1224 2339 οὔτ’
1268 2287 1517 2350 ἀνούσιος
1545 2289 1577 2358 ἡ
1603 2289 1870 2357 ἐνέργεια.
1889 2309 1904 2339 ι

344 2376 584 2438 Ἀκούεις
646 2378 752 2430 τῶν
790 2380 952 2447 ἱερῶν
1000 2381 1340 2434 διδασκάλων
1409 2383 1509 2448 τῆς
1580 2383 1910 2450 Ἑκκλησίας

330 2466 485 2535 παρὰ
512 2468 766 2521 τοσοῦτον
813 2474 880 2540 τῇ
923 2472 1083 2542 οὐσία
1119 2471 1218 2538 τὴν
1254 2472 1543 2541 ἐνέργειαν
1570 2474 1628 2525 ἓν
1653 2477 1748 2527 καὶ
1774 2493 1908 2528 ταυ-

326 2559 421 2612 τὺν
465 2559 557 2612 ἐπὶ
589 2561 722 2612 Θεοῦ
761 2561 1222 2631 δογματιζόντων,
1262 2566 1394 2636 παρ’
1433 2567 1558 2620 ὅσον
1595 2570 1908 2622 καὶαύτεν-

327 2650 547 2720 ἑργειαν
637 2654 864 2707 καλοῦσι
916 2656 1004 2708 διὰ
1063 2656 1164 2726 τὴν
1220 2658 1398 2726 ἄκραν
1461 2661 1789 2731 ταύτότητα,
1834 2661 1909 2724 ὡς

331 2742 456 2812 μηδ’
481 2743 640 2812 ἄχρις
686 2745 932 2807 ἐπινοίας
979 2749 1372 2816 παρακύπτειν
1431 2753 1549 2803 ἐκεῖ
1601 2751 1907 2821 δυναμένης

328 2829 592 2900 διαφορᾶς
625 2834 864 2890 ῡὶασοῦν.
911 2856 930 2888 ι
969 2839 1217 2901 Ἀκούεις
1259 2840 1304 2892 δ’
1355 2839 1438 2892 ἔτι
1479 2842 1578 2892 καὶ
1625 2840 1768 2909 ὅπερ
1822 2855 1904 2891 σοι

330 2923 592 2994 ἀνωτέρω
631 2927 1044 2998 δεδηλιιῦκιιμεν⁵
1080 2930 1144 2982 σὺ
1173 2932 1282 3000 γὰρ
1322 2931 1511 2997 ἔλεγες
1544 2931 1907 3000 ἀνενέργητον

329 3014 443 3066 τότ’
467 3012 608 3070 εἶναι
637 3018 735 3088 τὴν
754 3019 906 3073 θείαν
940 3022 1143 3090 μᾶλλον
1164 3023 1375 3084 οὐσίαν,
1395 3022 1527 3074 ὅταν
1557 3021 1616 3073 ἓν
1648 3024 1744 3074 καὶ
1771 3038 1903 3073 ταυ-

326 3109 420 3160 τὸν
447 3109 669 3180 λέγηται
698 3112 885 3182 ἄμφω,
904 3116 1026 3167 τότε
1052 3113 1095 3166 δ’
1116 3115 1339 3185 ὲνεργῆ,
1359 3116 1488 3168 ὅταν
1574 3115 1903 3186 διῃρημένα,

2025 554 2193 624 (idem
2242 553 2390 606 enim
2418 552 2668 605 deﬁnitio
2700 565 2755 606 et
2801 551 2963 621 ratio)
2995 567 3082 607 res
3105 561 3191 608 est
3221 552 3601 606 substantialis

2023 660 2142 713 tum
2175 660 2283 696 non
2338 655 2492 713 egeat
2534 644 2635 697 alia
2670 644 2733 697 ad
2772 644 3171 706 exsistenliam,
3219 643 3443 699 omnino
3490 654 3600 697 non

2025 744 2204 803 potest
2225 749 2346 788 esse
2376 734 2540 787 etiam
2564 734 2868 788 ellieicntim
2929 733 3069 787 ratio
3123 748 3232 787 non
3265 731 3458 786 eadem
3518 734 3606 786 vel

2027 826 2079 878 in
2119 825 2441 879 nominibus
2468 826 2707 879 diversis
2731 867 2744 889 ,
2789 840 2875 879 res
2910 825 3168 879 nimirum
3221 824 3604 879 substantialis

2023 932 2144 986 quae
2176 933 2283 970 non
2311 918 2591 987 egeatalia
2618 916 2682 970 ad
2706 917 3071 970 substantiam
3108 935 3121 971 :
3158 917 3230 969 ita
3262 915 3409 972 enim
3435 915 3604 969 etiam

2023 1008 2270 1077 ejusdem
2308 1008 2528 1076 generis
2575 1008 2713 1060 ratio
2747 1018 3022 1068 servatur,
3055 1006 3202 1074 quod
3263 1005 3426 1058 etiam
3457 1003 3604 1057 veri-

2026 1101 2154 1154 tatis
2185 1098 2474 1152 confessor
2507 1099 2918 1168 sapientissime
2961 1105 3192 1151 testatus
3239 1105 3323 1150 est
3349 1095 3606 1148 Tlte'odo-

2025 1206 2120 1245 rus
2152 1191 2413 1259 Graptus,
2447 1207 2570 1244 eum
2600 1191 2786 1244 dicat:
2821 1209 2837 1240 ι
2873 1189 2985 1244 Hoc
3044 1189 3206 1243 modo
3238 1188 3325 1256 pie
3367 1187 3602 1256 cogitari

2023 1291 2158 1350 puto
2185 1300 2198 1334 :
2226 1281 2409 1334 divina
2441 1280 2733 1335 etiicientia
2762 1291 2846 1336 est
2887 1279 3244 1348 sempiterna,
3269 1279 3382 1332 sive
3415 1279 3603 1346 potius

2027 1374 2140 1443 ipsa
2170 1373 2485 1437 ellicicntia,
2532 1375 2660 1443 quia
2695 1390 2804 1428 non
2841 1374 3101 1426 distincta
3131 1381 3214 1425 est
3252 1371 3319 1424 ab
3361 1369 3605 1424 essentia

2022 1465 2339 1528 eﬂicientia,
2385 1468 2477 1520 sed
2521 1465 3094 1520 eamdem‘rationetn
3139 1463 3342 1530 accipit
3378 1470 3602 1529 propter

2021 1560 2286 1627 simplicis
2315 1567 2370 1612 et
2418 1561 2758 1628 incorporea:
2795 1568 3007 1612 naturze
3036 1555 3454 1625 proprietatem.
3495 1552 3605 1605 i-Et

2026 1665 2219 1704 rursus
2250 1667 2261 1700 :
2299 1669 2316 1700 ι
2348 1651 2506 1703 Aliud
2542 1665 2664 1704 esse
2715 1651 3037 1713 essentiam,
3074 1647 3220 1702 aliud
3255 1646 3604 1701 efficientiam

2022 1741 2188 1811 310
2229 1743 2538 1810 priscorum
2587 1743 2811 1810 quidam
2841 1753 2901 1796 ut
2932 1742 2986 1794 in
3021 1741 3086 1794 iis
3106 1755 3225 1809 qua:
3267 1740 3319 1792 in
3358 1739 3606 1807 corpori-

2021 1833 2124 1887 bus
2173 1834 2613 1902 perspiciuntur.
2647 1833 2718 1886 ita
2753 1833 2914 1886 etiam
2956 1832 3008 1885 in
3045 1832 3229 1885 divina
3263 1831 3474 1884 ratione
3509 1845 3607 1897 po-

2019 1933 2284 1988 suerunt,
2335 1925 2385 1978 id
2443 1925 2588 1993 quod
2645 1927 2717 1992 pit
2773 1925 3103 1979 refutarunt.
3144 1923 3199 1976 lu
3262 1923 3629 1992 simplicibus-—

2019 2016 2167 2068 enim
2230 2024 2287 2069 et
2338 2016 2677 2084 incorporeis
2712 2017 2864 2071 nullo
2893 2015 3057 2070 modo
3109 2015 3200 2068 illa
3231 2015 3445 2069 diversa
3481 2028 3604 2068 esse

2019 2117 2270 2174 possunt;
2294 2122 2472 2176 neque
2493 2108 2640 2161 enim
2666 2106 3055 2177 distinguenda
3083 2114 3210 2158 sunt
3229 2121 3257 2158 a
3277 2119 3336 2159 se
3367 2105 3610 2158 invicem

2017 2199 2158 2262 haec,
2180 2215 2250 2252 ne
2268 2200 2638 2268 compositum
2663 2199 2938 2268 cogitetur
2970 2198 3024 2252 id
3043 2197 3190 2266 quod
3223 2210 3440 2250 omnem
3468 2195 3551 2248 sin
3574 2222 3602 2236 ο

2015 2289 2316 2358 plicitatem
2362 2299 2586 2357 superat
2616 2306 2632 2355 ;
2667 2302 2776 2342 non
2837 2290 2986 2342 enim
3019 2288 3207 2341 divina
3233 2287 3470 2340 essentia
3495 2302 3600 2338 un-

2015 2397 2179 2450 quam
2215 2395 2337 2435 csse
2359 2389 2540 2450 potest
2569 2379 2818 2436 inellicax
2844 2417 2858 2442 ,
2900 2394 3076 2449 neque
3115 2378 3408 2434 etiieientia
3449 2377 3593 2430 ines-

2013 2472 2282 2527 sentialis.
2326 2490 2344 2522 ›
2381 2471 2555 2526 Audis
2590 2482 2812 2527 sanctos
2858 2471 3117 2528 Ecclesia:
3165 2473 3420 2526 doetOrcs
3485 2480 3603 2524 tan—

2017 2576 2131 2620 tum
2167 2581 2293 2626 cum
2320 2564 2561 2620 essentia
2598 2563 2950 2619 efficientiam
2980 2580 3148 2618 unum
3176 2564 3435 2631 idemque
3476 2577 3600 2616 esse

2013 2659 2065 2710 in
2101 2659 2210 2711 Deo
2234 2667 2548 2719 censentes.
2570 2666 2835 2726 quantum
2867 2656 3031 2710 etiam
3056 2655 3226 2724 ipsam
3252 2652 3598 2710 efﬁcientiam

2017 2759 2215 2806 vocant
2243 2766 2360 2804 eam
2387 2759 2614 2819 propter
2636 2765 2911 2804 summum
2936 2747 3275 2804 discriminis
3299 2746 3600 2811 derectam,

2019 2844 2094 2896 ita
2141 2851 2203 2897 ut
2255 2856 2324 2895 ne
2361 2842 2415 2894 in
2475 2841 2871 2911 cegitationem
2918 2841 3142 2910 quidem
3193 2841 3474 2893 insinuare
3522 2838 3600 2892 ibi

2015 2932 2192 2999 possit
2219 2929 2528 2984 differentia
2558 2930 2980 2998 qualiscunque.
3018 2929 3194 2984 Audis
3233 2945 3399 2998 porro
3430 2929 3599 2982 etiam

2017 3021 2074 3074 id
2104 3021 2251 3090 quod
2277 3035 2443 3088 supra
2479 3021 2576 3074 tibi
2599 3019 3124 3074 demonstravimus.
3156 3019 3236 3072 'l‘u
3270 3016 3418 3072 enim
3450 3019 3602 3072 dice-

2015 3115 2115 3169 bas
2148 3114 2486 3169 inefficacem
2523 3122 2636 3168 tum
2659 3128 2780 3168 esse
2807 3113 3048 3166 divinam
3074 3113 3256 3181 potius
3275 3112 3598 3172 essentiam,

327 3204 562 3271 πρᾶγμα
592 3204 1060 3272 τερατωδέστατόν
1081 3223 1142 3259 τε
1166 3209 1260 3260 καὶ
1281 3207 1678 3276 ἀμαθέστατον,
1712 3209 1807 3261 καὶ
1836 3209 1910 3278 μὴ

2017 3222 2144 3263 eum
2174 3207 2434 3262 dicantur
2457 3207 2622 3260 ambo
2656 3221 2826 3260 unum
2859 3206 3113 3274 idemque
3160 3220 3302 3270 esse,
3342 3212 3455 3256 tum
3499 3217 3602 3255 au-

341 3295 521 3346 πᾶσαν
544 3295 708 3364 μόνον
729 3297 1034 3364 ἐκπλῆττον
1061 3299 1232 3368 ἀκοὴν
1254 3302 1318 3368 τῇ
1354 3299 1677 3370 ἀϐελτηρίᾳ,
1707 3301 1790 3354 ὅτι
1831 3301 1905 3371 μὴ

331 3387 425 3438 καὶ
441 3388 569 3449 τοὺς
588 3390 788 3456 σοφοὺς
810 3390 1066 3441 τουτουσὶ
1082 3390 1436 3454 διδασκάλους
1459 3393 1560 3460 τῆς
1577 3392 1777 3459 Ἐκκλη
1787 3392 1906 3452 σίας

330 3478 702 3544 συκοφαντοῦν
741 3479 930 3542 ἀδεῶς·
961 3481 1022 3533 οὐ
1067 3481 1176 3550 γὰρ
1195 3481 1500 3550 διοριστέον
1536 3480 1711 3533 ταῦτα
1739 3481 1904 3548 φασὶν

327 3569 573 3638 ἀλλήλων
603 3571 825 3636 ἐκεῖνοι,
855 3571 943 3624 ἵνα
977 3588 1038 3623 τε
1065 3573 1200 3641 μήτε
1237 3572 1495 3626 σύνθετον
1527 3573 1587 3624 τὸ
1615 3572 1756 3640 ὑπὲρ
1792 3575 1898 3625 πᾶ·

336 3681 436 3716 σαν
463 3663 742 3727 ἁπλότητα
765 3666 976 3732 νοῆται,
1007 3667 1102 3717 καὶ
1122 3667 1209 3717 ἵνα
1238 3667 1366 3734 μήθ’
1395 3669 1426 3735 ἡ
1448 3667 1622 3738 [12145
1647 3664 1722 3736 r.]
1742 3667 1902 3718 οὐσία

327 3756 683 3827 ἁνενέργητος
707 3759 793 3825 εἴη
845 3759 908 3811 ἄν
938 3775 1064 3810 ποτε
1093 3760 1218 3828 μήτ’
1249 3760 1502 3821 ἀνούσιος
1537 3761 1569 3828 ὴ
1606 3761 1691 3811 ἐνέ
1705 3773 1896 3827 ργεια.

2017 3311 2125 3358 tem
2153 3299 2450 3362 eﬂicaeem,
2486 3315 2613 3352 cum
2643 3300 2755 3354 sint
2783 3297 2956 3352 divisa
2992 3315 3005 3350 :
3045 3312 3167 3367 qua:
3201 3311 3295 3350 res
3323 3304 3410 3358 est
3433 3293 3601 3348 mira-

2015 3391 2125 3446 culi
2153 3400 2210 3446 et
2255 3392 2578 3461 ignorantia:
2628 3391 3046 3460 plenissima,et
3076 3404 3197 3458 qua!
3230 3396 3444 3441 tantum
3491 3399 3613 3439 non

2013 3496 2206 3537 omnes
2258 3481 2545 3550 perturbet
2605 3496 2770 3536 aures
2823 3480 3192 3544 absurditate,
3219 3478 3390 3533 multo
3419 3477 3600 3545 magis

2008 3573 2173 3627 etiam
2193 3573 2471 3642 sapientes
2491 3573 2590 3626 hos
2611 3572 2864 3626 doctores
2884 3571 3140 3626 Ecclesiae
3151 3571 3480 3626 criminetur
3504 3569 3614 3621 im-

2010 3663 2304 3733 pudenter.
2335 3663 2526 3733 Neque
2546 3663 2689 3717 enim
2715 3663 3103 3732 distinguenda
3131 3677 3251 3717 esse
3271 3664 3387 3715 hrec
3409 3661 3604 3714 dicunt

2013 3753 2091 3807 illi
2132 3770 2163 3807 a
2197 3768 2255 3807 se
2283 3753 2522 3807 invicem
2551 3793 2565 3817 ,
2623 3769 2692 3806 ne
2743 3753 3110 3820 compositum
3144 3751 3418 3821 cogitetur
3453 3747 3600 3817 quod

331 3865 547 3904 omnem
613 3850 1022 3920 simplicitatem
1067 3864 1332 3921 superat,
1374 3867 1512 3907 neve
1555 3865 1798 3919 unquam
1837 3847 1909 3903 sit
1959 3863 2139 3918 neque
2204 3846 2443 3903 essentia
2509 3846 2781 3911 iueﬂicav,
2815 3860 2995 3912 neque
3025 3842 3317 3898 eﬂieientia
3357 3843 3602 3896 inessen-

331 3944 424 3997 lia]
433 3944 497 3998 is.

406 4039 487 4092 K'.
524 4039 669 4108 Πρὸς
699 4041 872 4095 ταῦτα
896 4046 923 4096 ὁ
956 4043 1220 4111 Παλαμᾶς
1247 4040 1550 4107 ἀντιλέγων
1582 4037 1768 4090 κοινὸν
1803 4036 1903 4104 μὲν

333 4133 536 4200 ἔφησεν
578 4128 718 4186 εἶναι
771 4136 948 4206 δόγμα
1000 4135 1107 4186 τῶν
1153 4152 1212 4186 τε
1267 4133 1464 4198 ἔξωθεν
1498 4123 1596 4184 καῖ
1634 4131 1742 4182 τῶν
1782 4129 1904 4182 καθ’

334 4223 367 4285 ἡ
378 4223 484 4286 μᾶς
519 4223 828 4291 φιλοσόφων
858 4227 1035 4290 τουτὶ,
1086 4225 1183 4277 καὶ
1213 4226 1314 4277 οὐκ
1357 4222 1645 4290 ἀντιλέγωο
1672 4219 1810 4290 πλὴν
1840 4220 1909 4272 τὰ

329 4310 421 4361 τὸν
449 4310 609 4363 αὐτὸν
655 4314 1020 4383 ὲπιδεχόμενα
1079 4315 1240 4382 λόγον
1288 4314 1382 4366 δύο
1413 4315 1531 4366 ἐστὶ
1573 4315 1670 4365 καὶ
1701 4312 1802 4382 οὐχ
1823 4310 1902 4363 ἓν.

331 4402 444 4454 Καὶ
500 4405 548 4454 εἰ
598 4402 713 4467 δύο,
757 4406 874 4468 πῶς
921 4409 1090 4475 χωρἠς
1145 4405 1468 4475 ἡστινοσοῦν
1521 4404 1654 4473 πρὸς
1701 4402 1907 4472 ἄλληλα

330 4493 634 4562 διαφορᾶς;
690 4497 878 4548 Ἔστιν
927 4498 1020 4549 οὖν
1074 4500 1106 4566 ή
1163 4499 1262 4567 μὲν
1307 4498 1572 4565 ταυτότης
1618 4495 1712 4547 τοῦ
1746 4495 1905 4561 λόγου

2075 4031 2194 4085 XX.
2232 4031 2310 4085 Ad
2343 4033 2456 4085 haec
2480 4031 2730 4085 Palamas
2769 4029 3445 4097 respondens,commune
3477 4039 3601 4082 esse

2005 4125 2141 4179 dixit
2182 4125 2286 4179 hoc
2339 4123 2536 4193 dogma
2599 4132 2948 4178 externorum
2976 4121 3135 4191 311
3170 4131 3226 4174 et
3277 4129 3597 4174 nostrorum

2007 4216 2483 4286 philosophorum,
2544 4229 2724 4284 neque
2785 4227 2886 4283 ego
2935 4211 3118 4266 eidem
3153 4225 3443 4280 repugno:
3498 4209 3598 4263 sed

2009 4324 2131 4378 quae
2162 4309 2428 4362 οοωαεηι
2451 4307 2723 4362 rationem
2773 4304 3055 4374 accipiunt
3110 4303 3222 4359 duo
3261 4303 3374 4356 sint
3415 4317 3598 4372 neque

2011 4417 2147 4455 vero
2176 4417 2382 4467 unum;
2425 4415 2488 4454 ac
2521 4400 2566 4454 si
2606 4399 2757 4464 duo,
2803 4398 3084 4469 quomodo
3123 4405 3332 4452 remota
3383 4406 3513 4450 sunt
3569 4413 3598 4449 a

2015 4493 2392 4562 qualicunque
2447 4491 2764 4545 differentia
2803 4490 2948 4544 inter
2994 4489 3098 4544 se?
3137 4487 3405 4544 ldentitas
3435 4488 3600 4556 igitur

331 4587 474 4639 κατὰ
511 4587 571 4640 τὸ
621 4585 758 4640 εἶναι
805 4590 995 4658 ἄμφω,
1034 4591 1134 4659 τήν
1168 4607 1224 4641 τε
1275 4590 1466 4641 οὐσίαν
1497 4588 1592 4641 καὶ
1621 4587 1718 4656 τὴν
1750 4587 1904 4656 ἐνέρ-

2017 4587 2242 4640 rationis
2292 4585 2347 4637 in
2406 4599 2473 4638 co
2541 4583 2644 4638 sita
2677 4591 2802 4647 est,
2833 4581 2982 4649 quod
3027 4579 3225 4644 ambo,
3275 4588 3331 4633 et
3361 4579 3601 4632 essentia

333 4692 507 4740 γειαν,
542 4677 794 4733 ᾶκτιστα⁶
836 4683 869 4750 ἡ
902 4681 957 4732 δὲ
1007 4679 1240 4748 διαφορὰ
1285 4678 1343 4731 τὸ
1379 4679 1479 4747 μὲν
1522 4677 1736 4741 οὐσίαν,
1770 4676 1832 4726 τὸ
1863 4674 1906 4727 δ’

332 4768 602 4832 ἀνούσιον,
631 4783 729 4842 την
759 4772 1045 4842 ἐνέργειαν
1075 4772 1302 4842 δηλαδή.

405 4950 534 5002 KA'.
582 4951 641 5002 Ὀ
663 4951 719 5002 δὲ
751 4951 1056 5028 Γρηγορᾶς,
1091 4952 1215 5004 Ὅτι
1243 4952 1359 5020 μὲν,
1390 4952 1544 5020 φησὶ,
1575 4952 1634 5003 τὸ
1657 4950 1909 5004 ἀνούσιον

329 5043 430 5096 οὐκ
449 5043 529 5108 ὂν,
562 5046 620 5095 τιι
653 5044 696 5094 δ’
723 5045 820 5096 οὐκ
843 5045 903 5098 ὃν
931 5046 991 5097 οὐ
1036 5045 1192 5106 Θεὸς,
1215 5044 1376 5113 δῆλον
1407 5047 1519 5107 τοῖς
1549 5044 1723 5098 ἆπασι
1770 5044 1910 5114 πλὴν

333 5133 446 5188 σοῦ.
483 5135 607 5188 Ὀτι
641 5136 685 5188 δ’
718 5137 869 5189 οὐδὲν
900 5138 983 5190 ἔτι
1015 5137 1249 5190 κωλύσει
1286 5138 1473 5189 λοιπὸν
1504 5137 1907 5204 συμπεραίνειν

331 5230 424 5280 καὶ
462 5230 608 5297 ἡμᾶς
654 5231 746 5280 ἐπὶ
792 5231 894 5297 τῆς
933 5230 1192 5282 συνθέτου
1236 5231 1344 5301 ἄρα
1383 5230 1600 5299 φύσεως
1633 5230 1724 5282 τὸν
1756 5232 1910 5282 ἀντι.

331 5319 582 5388 κείμενον
629 5321 882 5391 δέχεσθαι
939 5323 1104 5390 λόγον
1133 5322 1231 5392 τὴν
1273 5322 1560 5392 ἐνέργειαν
1605 5325 1670 5392 τῇ
1725 5323 1905 5392 οὐσίᾳ,

332 5411 426 5463 καὶ
455 5409 594 5465 εἶναι
630 5414 774 5466 δυοῖν
827 5413 887 5478 ἐξ
931 5415 1175 5484 ἀνάγκης
1214 5416 1520 5486 οἀτερον,ἢ
1557 5417 1657 5484 τὴν
1691 5415 1791 5482 μὲν
1819 5419 1912 5468 οὐ-

333 5503 455 5555 σίαν
502 5506 660 5573 ἡμῶν
704 5505 981 5569 ἄκτιστον,
1016 5506 1114 5577 τὴν
1160 5508 1205 5560 δ’
1262 5508 1544 5577 ἐνέργειαν
1597 5509 1906 5577 κτιστὴν,ἢ

329 5593 427 5661 τῆς
464 5595 652 5657 οὐσίας
680 5594 848 5665 οὔσης
869 5599 1094 5667 κτιστῆς
1128 5593 1265 5650 εἶναι
1293 5600 1391 5667 τὴν
1437 5600 1716 5668 ἐνέργειαν
1758 5600 1912 5652 ἄκτι-

332 5700 478 5752 στον,
511 5685 673 5755 δῆλον
714 5691 808 5740 καὶ
855 5689 1017 5742 τοῦτο
1055 5691 1214 5743 παντί
1250 5708 1348 5742 που
1393 5689 1460 5743 τὰ
1517 5689 1750 5758 μάλιστα
1777 5707 1789 5720 ·
1835 5692 1908 5752 ὡς

332 5782 442 5849 γὰρ
466 5779 541 5844 οἷς
580 5783 637 5834 τὸ
665 5777 805 5851 εἶναι
834 5783 1030 5835 tuatim
1080 5784 1170 5836 ναὶ
1199 5785 1223 5836 ὁ
1256 5781 1412 5849 λόγος
1447 5783 1473 5834 ὁ
1506 5782 1688 5846 αὐτὸς,
1730 5779 1909 5844 οὕτως

2013 4687 2070 4733 et
2098 4676 2417 4739 eiiicientia,
2452 4677 2564 4730 sint
2611 4676 2855 4729 increata
2890 4691 2902 4726 :
2931 4671 3241 4727 diﬂ‘ercntia
3286 4682 3467 4725 autem
3509 4686 3597 4735 ea,

2014 4779 2074 4824 ut
2126 4771 2362 4824 alterum
2399 4769 2470 4823 sit
2503 4769 2747 4824 essentia
2773 4809 2788 4831 ,
2825 4767 3059 4820 alterum
3109 4771 3293 4817 autem
3349 4763 3600 4818 inessen—

2013 4862 2164 4924 tiale,
2195 4862 2490 4916 efﬁcientia
2522 4861 2816 4915 nimirutn.
3639 4929 3642 4932 ἢ

2086 4953 2228 5008 XX}.
2271 4953 2545 5024 Gregor‘as
2571 4962 2754 5006 autem
2782 4972 2794 5004 :
2824 4951 3208 5016 lnessentialc,
3233 4949 3447 5020 inquit,
3489 4963 3598 5002 non

2012 5063 2132 5103 esse
2157 5089 2170 5114 ,
2204 5047 2348 5116 quod
2383 5056 2568 5100 autem
2599 5063 2707 5099 non
2729 5046 2821 5109 sit,
2853 5061 2958 5098 non
2994 5058 3116 5098 esse
3153 5043 3342 5102 Deum.
3382 5041 3451 5095 ab
3482 5055 3601 5094 our-

2012 5139 2178 5192 nibns
2209 5137 2536 5206 intelligitur
2564 5137 2668 5190 nisi
2695 5151 2723 5188 a
2751 5145 2824 5188 te.
2879 5133 3027 5188 Nihil
3066 5142 3250 5188 autem
3284 5137 3396 5202 jam
3421 5130 3599 5196 impc-

2011 5231 2262 5284 diturum
2289 5243 2432 5292 eSsc,
2470 5227 2770 5297 quominus
2799 5240 2901 5280 nos
2925 5240 3147 5295 quoque
3177 5221 3600 5282 concludamus,

2015 5325 2067 5377 in
2089 5321 2408 5391 composita
2430 5330 2623 5374 natura
2651 5319 3006 5374 eﬂicicntiam
3041 5318 3298 5386 accipere
3326 5313 3599 5367 rationem

2011 5417 2261 5470 essentia:
2293 5414 2600 5481 oppositam
2634 5455 2644 5477 ,
2696 5423 2899 5467 etesse
2941 5411 3370 5464 alterumutrum
3406 5418 3600 5459 neces-

2012 5507 2194 5567 sario,
2231 5515 2325 5558 aut
2389 5506 2686 5558 essentiam
2775 5513 3019 5558 nostram
3086 5502 3422 5560 incrcalam,
3485 5495 3599 5550 clli-

2013 5599 2270 5654 cienliam
2326 5606 2512 5651 autem
2568 5608 2832 5661 creatam,
2887 5605 2977 5649 aut
3011 5593 3607 5655 cssentiamereatam,

2013 5690 2356 5744 cllicicntiam
2427 5699 2611 5743 autem
2680 5691 3018 5749 incrcatam,
3063 5687 3166 5739 hoc
3225 5683 3293 5737 ab
3338 5680 3618 5735 munibus

2013 5781 2183 5847 probe
2243 5782 2586 5839 intelliaitur.
2638 5783 2943 5835 Etcniniut
2979 5781 3054 5834 iis
3095 5779 3301 5847 quibus
3354 5774 3614 5830 essentia»
