4034 6470
464 401 592 462 E75

1690 413 2107 474 NICEPUORI
2152 419 2532 480 GREGORJS

3634 431 3736 494 276

487 516 706 581 eadem,
743 519 887 573 ratio
930 534 1155 590 quoque
1178 521 1370 576 eadem
1400 533 1505 587 est,
1535 505 1608 579 ita
1645 526 1715 581 iis
1755 529 1960 597 quibus
1982 545 2070 584 cs-

2174 532 2255 598 οἷς
2287 537 2348 589 τὸ
2384 532 2527 593 εἶναι
2572 540 2854 609 διάφορον,
2886 543 2978 596 καὶ
3021 541 3050 595 ὁ
3093 542 3251 610 λόγος
3295 540 3574 613 διάφορος.
3618 544 3738 601 Ἐπὶ

489 614 665 663 sentia
717 611 957 679 diversa,
994 614 1136 667 ratio
1190 628 1411 683 quoque
1453 615 1670 670 diversa
1699 626 1824 679 est:
1859 619 2065 674 etenim

494 703 549 755 in
607 703 889 758 cssentiali
942 704 1249 781 substantia
1300 715 1521 763 sanctos
1552 707 1655 763 hos
1696 709 1956 766 audivisti
1981 713 2066 767 di-

490 809 619 850 (ere
645 809 770 850 esse
801 798 1050 852 eamdem
1085 797 1194 851 vim
1233 797 1467 853 rationis
1506 799 1623 856 sive
1650 801 1989 857 deﬁnitionis
2012 812 2070 858 et

486 886 639 957 quod
673 887 743 943 ad
794 886 1172 943 diversitatem
1205 890 1439 945 attineat
1468 893 1697 948 omnino
1742 893 1902 948 nihil.
1933 894 2065 949 Ete-

487 981 601 1033 nim
627 980 671 1035 si
701 996 766 1035 ει
802 980 1252 1051 pronuntiatione
1275 991 1331 1036 et
1347 982 1750 1052 signiﬁcatione
1781 985 2068 1054 utriusque

488 1080 730 1140 utraque
768 1070 1141 1129 ditl‘erentiam
1171 1074 1384 1143 accepit
1415 1089 1537 1140 vox,
1563 1083 1716 1130 certe
1745 1076 1799 1131 in
1824 1074 2065 1145 simplici

488 1172 548 1218 et
590 1162 960 1232 incomposita
990 1173 1188 1218 natura
1219 1164 1469 1218 eamdem
1493 1173 1551 1220 et
1580 1179 1746 1220 unam
1782 1174 1839 1220 et
1867 1165 2069 1221 immu-

495 1249 721 1306 tabilem
744 1251 955 1309 habent
980 1252 1436 1322 signiﬁcationem
1456 1255 1618 1324 312
1640 1255 1833 1317 ambae.
1857 1256 2066 1311 Deinde

494 1344 540 1396 si
596 1341 945 1397 efﬁcientiam
982 1342 1257 1399 diversam
1301 1359 1425 1402 esse
1461 1345 1602 1402 dicis
1648 1347 1811 1401 etiam
1843 1347 1898 1400 in
1931 1348 2067 1415 Deo,

495 1441 556 1486 ut
588 1436 644 1487 in
675 1434 840 1489 nobis
878 1436 1205 1505 compositis
1228 1475 1245 1502 ,
1274 1445 1334 1492 et
1385 1437 1608 1507 proprie
1657 1438 1959 1495 increatam
1983 1440 2069 1494 di-

489 1525 796 1593 vinitatem,
820 1537 877 1583 et
907 1536 1205 1597 utrumque
1228 1535 1316 1586 est
1354 1529 1501 1599 quod
1544 1530 1777 1586 alterum
1809 1547 1921 1587 non
1952 1540 2060 1596 est,

492 1628 549 1672 et
570 1633 791 1687 semper
816 1619 1049 1675 alterum
1084 1636 1194 1690 pra:
1225 1622 1398 1677 altero
1429 1621 1665 1678 invicem
1698 1622 2068 1679 differentiam

489 1718 545 1762 et
580 1724 817 1779 pugnam
852 1710 1083 1780 suscipit
1120 1708 1308 1766 verbis
1349 1719 1408 1766 et
1433 1711 1603 1767 rebus
1632 1711 1740 1782 (est
1792 1713 1943 1766 enim
1966 1727 2064 1768 ne-

2169 627 2279 695 γάρ
2323 627 2426 693 τῆς
2471 630 2764 693 ούσιὼδους
2809 631 3096 700 ὑπάρξεως
3123 631 3246 693 τοὺς
3301 632 3490 699 ἁγίους
3521 632 3740 694 τούτους

2166 718 2419 787 ἀκήκοας
2448 720 2711 789 λέγοντας
2735 724 2836 789 τὴν
2880 725 2976 777 τοῦ
3020 724 3181 792 λόγου
3208 725 3534 791 ταυτότητά,
3569 725 3740 776 είτουν

2164 810 2265 864 τοῦ
2320 812 2472 881 ὅρου,
2519 813 2613 866 καὶ
2653 814 2778 867 καθ’
2823 817 3012 885 ἕτερον
3057 814 3282 878 πάντως
3329 816 3502 869 οὐδέν.
3548 816 3608 868 Εἰ
3639 817 3743 883 γὰρ

2168 903 2313 956 κατὰ
2345 904 2633 973 προφορὰν
2670 907 2768 959 καὶ
2816 906 3182 976 ἑτυμολογίαν
3213 909 3482 976 ἑκατέρας
3510 908 3743 976 ἑκατέρα

2166 994 2266 1065 τὴν
2292 995 2557 1067 διαφοράν
2599 999 2870 1069 ἐκτήσατο
2917 999 3085 1066 λέξις,
3118 1000 3237 1055 ἀλλ’
3287 1001 3383 1055 ἐπὶ
3424 1001 3527 1069 τῆς
3570 1000 3742 1069 ἁπλῆς

2168 1086 2262 1138 καὶ
2293 1087 2589 1141 ἀσυνθέτου
2615 1091 2830 1157 φύσεως
2858 1090 2960 1160 τὴν
2991 1090 3164 1160 αὐτὴν
3194 1091 3288 1144 καὶ
3322 1091 3452 1159 μίαν
3482 1091 3576 1143 καὶ
3606 1093 3745 1143 ἀπα-

2168 1176 2479 1249 ράλλακτον
2518 1178 2704 1248 ἔχουσι
2732 1180 3012 1247 σημασίαν
3053 1181 3241 1250 ἄμφω.
3276 1182 3511 1236 Ἔπειτα
3556 1184 3603 1232 εἱ
3647 1180 3744 1248 τὴν

2167 1268 2454 1340 ἐνέργειαν
2493 1270 2682 1341 ἓτερον
2730 1269 2872 1325 εῖναι
2906 1271 3085 1340 λέγεις
3131 1273 3269 1326 κάπὶ
3313 1270 3449 1326 Θεοῦ
3495 1271 3743 1340 καθάπερ

2166 1360 2262 1414 ἐπὶ
2300 1361 2411 1415 τῶν
2462 1362 2738 1417 συνθέτων
2772 1362 2957 1432 ἡμῶν,
2993 1363 3092 1416 καὶ
3138 1363 3286 1427 ίδίως
3337 1365 3593 1418 άκτιστον
3633 1363 3744 1415 θεό-

2166 1469 2325 1522 τητα,
2354 1454 2451 1506 καὶ
2503 1453 2652 1509 ἔστιν
2714 1457 2979 1527 ἑκάτερον
3039 1456 3249 1511 τούτων
3294 1458 3435 1526 ὅπερ
3473 1458 3574 1511 οὐκ
3602 1457 3746 1511 ἔστιν

2168 1546 2451 1615 ἑκάτερον,
2486 1550 2583 1601 καὶ
2608 1550 2698 1605 ἀεὶ
2726 1549 2959 1619 θάτερον
2986 1549 3141 1620 παρά
3190 1550 3423 1621 θάτερον
3451 1550 3746 1620 ἀμοιϐαδὸν

2167 1637 2267 1708 τὴν
2296 1638 2564 1710 διαφορὰν
2593 1640 2689 1694 καὶ
2719 1642 2901 1712 μάχην
2921 1642 3204 1713 λαμϐάνον
3228 1641 3410 1709 λόγοις
3441 1645 3535 1695 καὶ
3574 1640 3747 1710 πράγ-

2172 1741 2342 1795 μασιν
2370 1725 2609 1797 (ἀνάγκη
2645 1729 2755 1798 γάρ
2785 1728 2854 1783 ἀν
2885 1730 2971 1800 είη
3010 1731 3163 1784 πᾶσα
3191 1730 3261 1783 τὰ
3284 1728 3461 1791 οὕτως
3493 1728 3747 1798 ἀλλότρια

490 1814 643 1855 cosse
670 1802 898 1855 omnino
925 1841 943 1867 ,
986 1816 1113 1870 qua;
1164 1812 1274 1857 tam
1311 1801 1427 1856 sint
1468 1801 1649 1857 aliena
1696 1812 1752 1857 et
1784 1812 1981 1858 natura
2010 1812 2067 1859 et

2171 1815 2237 1884 τῇ
2272 1814 2437 1882 φύσει
2467 1816 2565 1869 καὶ
2603 1817 2854 1887 σημασίᾳ
2888 1817 2961 1887 μὴ
2993 1818 3194 1870 ταυτὸν
3227 1813 3370 1870 εῖναι
3397 1815 3619 1887 θατέρῳ
3649 1816 3745 1869 θά-

489 1897 911 1967 signiticatione,
942 1913 1054 1953 non
1094 1898 1240 1955 idem
1268 1914 1392 1955 esse
1434 1900 1593 1956 alteri
1638 1901 1895 1970 alterum)
1922 1901 2069 1967 ;erit

492 1987 681 2056 igitur,
715 1990 760 2047 si
797 1988 1093 2047 efﬁcientia
1132 1990 1376 2047 increata
1416 1999 1506 2047 est
1547 1999 1604 2046 et
1662 1990 2066 2056 inessentialis,

490 2087 674 2135 creata
697 2079 1021 2136 etinelﬁeax
1052 2081 1319 2149 essentia,
1353 2089 1414 2138 ut
1444 2096 1611 2149 supra
1636 2079 1894 2136 audivisti
1931 2078 2072 2135 divi-

494 2187 594 2227 nos
625 2173 776 2228 viros
808 2173 1115 2229 secundum
1136 2174 1358 2243 regulas
1386 2173 1751 2244 philosophiae
1789 2172 2067 2230 contraria

491 2264 792 2319 contrariis
819 2264 1075 2321 deﬁnire.
1100 2264 1197 2320 Sin
1232 2281 1401 2335 porro
1447 2266 1613 2321 etiam
1645 2265 1951 2321 efﬁcientia
1970 2281 2069 2320 no—

495 2370 621 2409 men
654 2357 988 2426 generaliter
1015 2372 1082 2411 ex
1116 2366 1206 2411 tua
1225 2358 1505 2413 sententia
1526 2372 1682 2426 mque
1705 2356 1775 2412 de
1812 2357 2069 2412 omnibus

494 2447 826 2512 pratilicatur
844 2446 1183 2509 nominibus.
1199 2446 1419 2502 virtutis
1437 2456 1590 2517 puta.
1608 2446 2065 2516 sapientiae.vitaa,

495 2538 751 2606 luminis,
780 2538 972 2604 animi,
1001 2538 1335 2604 clementia,
1364 2540 1459 2594 ire
1480 2578 1495 2604 ,
1529 2537 1959 2608 tranquillitatis,
1984 2546 2067 2591 ta-

504 2630 775 2699 liumque,
817 2630 1245 2700 quibuscunque
1276 2644 1372 2683 usa
1406 2637 1493 2684 est
1533 2627 1823 2698 Scriptura
1881 2626 2069 2682 divina

499 2721 613 2775 Deo
654 2721 1061 2777 convenienter
1104 2719 1510 2775 aliirmantibus
1560 2727 1618 2776 et
1652 2718 1983 2789 negantibus
2014 2728 2069 2773 et

496 2812 767 2881 oppositis
791 2812 1147 2883 nominibus,
1175 2811 1404 2866 accedet
1429 2812 1541 2881 jam
1572 2812 1739 2867 etiam
1773 2810 1863 2865 his
1884 2811 2071 2867 omni—

494 2907 596 2961 bus
635 2920 789 2975 mque
812 2923 825 2958 :
849 2913 904 2959 et
928 2904 1092 2960 simili
1124 2904 1289 2960 modo
1325 2919 1541 2974 semper
1577 2902 1861 2959 insultabit
1888 2900 2071 2958 nomi-

498 2995 662 3051 nibus
696 2992 959 3049 omnibus
1011 2993 1344 3058 absurditas,
1369 3003 1424 3047 et
1456 3008 1642 3048 secum
1673 2992 1932 3062 pugnabit
1959 2990 2074 3049 (θαί-

494 3086 699 3140 eientia
763 3099 993 3150 nomen,
1045 3099 1168 3138 cum
1236 3083 1354 3141 bare
1407 3084 1713 3139 secundum
1748 3091 1801 3139 te
1846 3082 2071 3151 proprie

2170 1905 2375 1976 τερον),
2406 1906 2559 1960 ἔσται
2589 1909 2722 1979 ἄρα,
2749 1911 2801 1962 εί
2827 1911 2861 1980 ἠ
2885 1909 3141 1980 ὶνέργεια
3172 1910 3430 1972 ἄκτιστος
3469 1910 3567 1963 καὶ
3593 1909 3748 1963 ἀνού-

2169 2012 2310 2061 σιος,
2340 1996 2535 2067 κτιστὴ
2588 1999 2622 2069 ἡ
2649 1999 2811 2052 οὐσία
2839 2000 2935 2053 καὶ
2977 2000 3365 2068 άνενέργητος,
3393 1999 3471 2062 ὡς
3499 2000 3747 2069 ἀνωτέρω

2169 2105 2233 2157 γε
2263 2088 2527 2158 ἡκηκὸεις
2556 2089 2669 2142 τῶν
2698 2088 2861 2144 θείων
2896 2091 3022 2145 κατ’
3066 2092 3387 2167 ἐπιστήμην
3430 2092 3500 2145 τά
3536 2091 3748 2144 ἐναντία

2168 2182 2283 2244 τοῖς
2315 2180 2582 2244 ἐναντίοις
2605 2181 2944 2253 ὁριζομένων
2973 2183 3207 2254 ἀνδρῶν.
3244 2184 3306 2237 Et
3331 2184 3389 2237 δὲ
3424 2182 3525 2236 καὶ
3558 2182 3618 2236 τὸ
3649 2183 3744 2250 τῆς

2170 2269 2455 2339 ἐνεργείας
2484 2270 2657 2342 ὄνομα
2686 2272 2919 2340 γενικῶς
2948 2275 3090 2327 κατά
3126 2273 3188 2326 σὲ
3223 2273 3446 2327 πάντων
3496 2272 3587 2326 ἐπ’
3625 2273 3743 2339 ίσης

2168 2365 2531 2434 κατηγοροῖτο
2557 2362 2666 2417 τῶν
2692 2363 2997 2434 ὀνομάτων,
3031 2365 3317 2434 δυνάμεως
3341 2364 3509 2432 λέγω,
3536 2364 3743 2432 σοφίας,

2170 2455 2344 2526 ξωῆςν
2375 2458 2575 2526 φωτδςν
2606 2455 2805 2525 θυμοῦ,
2862 2457 3270 2528 μακροθυμίας.
3305 2456 3501 2527 ὀργῆς,
3548 2458 3749 2526 dom-

2169 2549 2316 2615 σίας,
2376 2549 2471 2602 καὶ
2529 2548 2639 2602 τῶν
2683 2549 2966 2616 τοιούτων,
3001 2549 3154 2610 ὅσοις
3209 2549 3243 2615 ἡ
3298 2546 3420 2600 θεία
3479 2546 3743 2615 κέχρηται

2172 2634 2364 2706 Γραφὴ
2396 2633 2719 2705 θεοπρεπῶς
2743 2637 3142 2703 καταφατικοίς
3163 2651 3224 2688 τε
3257 2636 3353 2688 καὶ
3387 2632 3747 2702 ἀποφατικοῖς

2172 2724 2264 2776 καὶ
2285 2722 2688 2792 ἀντικειμένοις
2706 2722 2993 2792 ὀνόμασιν,
3023 2722 3406 2791 ἐπιδραμεῖται
3448 2718 3636 2772 λοιπον
3661 2716 3748 2770 καὶ

2172 2815 2307 2868 πᾶσι
2354 2813 2568 2877 τούτοις
2619 2812 2707 2867 ἐπ’
2752 2814 2897 2884 ίσης,
2924 2816 3020 2869 καὶ
3040 2814 3243 2881 ὁμοίως
3289 2811 3355 2884 [Γ.
3401 2811 3508 2866 H5
3551 2808 3625 2882 v.]
3659 2807 3742 2862 ἀεὶ

2171 2906 2574 2977 κατορχήσεται
2617 2906 2727 2959 τῶν
2784 2906 3068 2976 ὀνομάτων
3112 2905 3370 2959 ἁπάντων
3420 2903 3737 2970 τάτόπημα.

2171 2998 2269 3052 καὶ
2305 2997 2591 3052 στασιάσει
2623 2997 2761 3068 πρὸς
2796 2997 2960 3051 ἑαυτὸ
3009 2998 3070 3050 τὺ
3100 2998 3198 3065 τῆς
3234 2995 3520 3063 ἐνεργείας
3555 2992 3742 3059 ὄνομα,

2171 3087 2378 3157 ταύτης
2402 3089 2466 3160 δὴ
2493 3092 2593 3160 τῆς
2634 3088 2949 3154 ἰδιαζόντως
2977 3089 3115 3144 κατὰ
3142 3086 3205 3141 σὲ
3248 3087 3555 3157 λεγομένης
3584 3084 3744 3139 ἀκτί-

495 3175 719 3229 dieatur
784 3172 1029 3229 increata
1079 3172 1381 3239 divinitas,
1438 3185 1666 3243 propter
1726 3174 1876 3243 quod
1921 3171 2068 3227 enim

2173 3196 2304 3237 στου
2364 3181 2635 3250 θεότητος.
2687 3181 2883 3237 Καθ’ὃ
2933 3182 3043 3252 γάρ
3090 3180 3324 3235 ἕκαστον
3370 3178 3612 3233 ἑκάστου
3640 3174 3743 3231 τῶν

496 3266 788 3335 quodlibet
822 3281 850 3318 a
885 3266 1084 3333 quovis
1126 3265 1365 3325 aliorum
1414 3265 1663 3320 omnium
1709 3265 2065 3334 relinquitur,

498 3364 727 3426 propter
759 3355 812 3411 id
851 3356 976 3411 aliis
997 3355 1260 3412 omnibus
1288 3365 1375 3412 est
1408 3355 1592 3409 minus
1619 3355 1689 3409 ab
1720 3355 1898 3422 iisque
1937 3355 2071 3409 alie-

496 3463 656 3515 num,
688 3456 856 3519 atque
881 3463 1055 3507 unum
1107 3447 1336 3505 omnino
1384 3461 1505 3502 esse
1540 3445 1834 3505 essentiam
1870 3460 2070 3501 conce-

494 3543 650 3596 ditur
683 3549 741 3596 et
768 3549 967 3598 natura
995 3555 1184 3608 omne,
1211 3540 1361 3608 quod
1391 3538 1599 3595 dicitur
1627 3547 1686 3594 ct
1705 3546 1932 3594 vocatur
1961 3537 2071 3593 Deo

495 3632 898 3690 convenienter
927 3648 957 3689 a
986 3632 1144 3688 vobis
1192 3641 1362 3689 etest
1397 3640 1455 3686 et
1500 3639 1621 3687 erat
1652 3638 1708 3685 et
1768 3629 1876 3691 crit
1907 3629 2071 3700 313

501 3728 643 3780 Deus
666 3733 885 3794 potens,
919 3725 1128 3795 justus,
1160 3725 1464 3787 inereatus,
1498 3722 1728 3786 veritas,
1778 3722 2070 3792 sapientia,

498 3818 690 3882 virtus,
718 3817 855 3881 vita,
883 3816 1095 3883 lumen,
1124 3814 1440 3879 efficientia.
1461 3824 1518 3869 et
1538 3814 1763 3872 similia.

569 3907 729 3964 XXII.
754 3907 892 3963 Cum
925 3917 1109 3962 autem
1133 3908 1250 3961 suis
1282 3906 1456 3975 ipsius
1498 3906 1688 3960 verbis
1738 3914 1795 3959 et
1852 3905 2074 3975 scriptis

496 3999 617 4067 capi
652 3998 903 4054 Palamas
921 4015 983 4055 se
1002 3999 1218 4055 videret
1251 3998 1535 4064 continuo,
1570 4015 1590 4050 ι
1620 3997 1744 4053 Non
1779 3998 1835 4053 in
1863 3995 2071 4065 verbis,

496 4092 697 4161 inquit,
732 4106 912 4161 neque
945 4090 1173 4147 omnino
1208 4091 1264 4147 in
1299 4091 1542 4161 scriptis,
1574 4092 1668 4145 sed
1699 4090 1756 4147 in
1785 4089 1955 4149 rebus
1973 4103 2074 4143 no.

495 4184 627 4239 stris
655 4183 832 4253 pietas
852 4183 1106 4239 cernitur
1134 4181 1441 4239 secundum
1468 4181 1779 4251 theologos.
1818 4198 1840 4232 ι
1870 4179 2076 4235 Paulu-

2169 3272 2347 3331 άλλων
2392 3274 2640 3327 λείπεται
2697 3274 2940 3340 πάντων,
2996 3272 3123 3328 κατ’
3176 3274 3357 3326 ἐκεῖνο
3403 3269 3520 3324 τῶν
3575 3268 3745 3323 ἄλλων

2171 3364 2429 3420 ἁπάντων
2480 3366 2787 3436 ἠλάττωται
2840 3383 2901 3420 τε
2951 3367 3048 3419 καὶ
3102 3363 3485 3436 ἠλλοτρίωται.
3534 3361 3644 3418 Καὶ
3691 3358 3747 3413 ἓν

2170 3452 2311 3510 εἶναι
2344 3458 2563 3519 πάντως
2613 3456 2805 3512 οὐσίαν
2850 3459 3202 3528 δμολογεῖται
3246 3458 3342 3511 καὶ
3387 3456 3556 3523 φύσει
3588 3455 3693 3507 πᾶν
3718 3450 3746 3504 δ

2171 3545 2388 3615 λέγεται
2409 3548 2505 3602 καὶ
2523 3548 2849 3618 ὀνομάζεται
2872 3549 3196 3620 θεοπρεπῶς
3221 3549 3376 3619 ἡμῖν,
3397 3547 3490 3601 καὶ
3516 3548 3635 3600 ἔστι
3658 3544 3746 3597 καὶ

2171 3634 2240 3711 ἦν
2271 3639 2367 3692 καὶ
2390 3637 2565 3703 ἕσται,
2592 3638 2726 3703 Θεὸς
2756 3639 2995 3711 ίαχυρδς,
3022 3640 3254 3706 δίκαιος,
3295 3639 3580 3703 ἄκτιστος,
3624 3637 3749 3706 ἁιλή⁴

2174 3731 2316 3796 (ista,
2358 3729 2541 3799 σοφία,
2574 3730 2829 3799 δύναμις,
2863 3730 2999 3803 ζωὴ,
3048 3730 3186 3801 φῶς,
3234 3730 3508 3800 ἐνέργεια,
3559 3728 3651 3782 καὶ
3680 3725 3746 3778 τὰ

2171 3836 2419 3877 τοιαυτα.

2244 3911 2375 3968 KB’.
2416 3913 2568 3967 Ἐπεί
2621 3929 2687 3981 γε
2748 3912 2855 3983 μὴν
2883 3916 2947 3966 ὲκ
2996 3911 3105 3965 τῶν
3138 3913 3357 3965 οἰκείων
3397 3912 3664 3980 ῥημάτων
3689 3925 3747 3962 τε

2174 4007 2271 4059 καὶ
2330 4005 2678 4076 γραμμάτων
2727 4005 3086 4074 ἁλισκόμενον
3133 4006 3163 4058 ὁ
3220 4004 3485 4071 Παλαμᾶς
3559 4002 3746 4057 suum

2176 4094 2327 4166 ἐύορα
2368 4097 2653 4166 διηνεκῶς,
2687 4117 2705 4148 ι
2763 4098 2879 4151 Οὐκ
2927 4098 2987 4150 ἐν
3016 4097 3249 4167 ῥήμασι,
3289 4113 3309 4148 r
3364 4096 3556 4165 φησιν,
3587 4113 3608 4147 ι
3639 4090 3746 4148 οὐδ’

2174 4186 2369 4250 ἁπλῶς
2401 4188 2460 4242 ἐν
2507 4190 2856 4261 γράμμασιν,
2893 4188 3010 4242 ἀλλ’
3037 4192 3097 4243 ἐν
3141 4189 3471 4257 πράγμασιν
3514 4184 3672 4258 ἡμῶν
3712 4184 3744 4253 ἡ

498 4277 611 4331 lum
665 4275 795 4331 dein
828 4283 1074 4333 moratus
1100 4272 1374 4345 Gregoras
1404 4291 1418 4327 :
1452 4273 1652 4333 «Proh.
1677 4271 1878 4341 inquit,
1895 4270 2070 4327 stulti-

2176 4279 2431 4334 εὐσέϐεια
2477 4282 2621 4335 κατά
2668 4283 2798 4344 τοὺς
2841 4282 3146 4350 θεολόγους.
3191 4298 3212 4332 ι
3244 4279 3459 4347 Μικρὸν
3503 4278 3600 4333 οὖν
3632 4280 3748 4329 ἐπι-ν

500 4368 686 4423 ιῑειιιίι
720 4375 776 4421 et
802 4365 1116 4435 despiciens
1148 4379 1281 4420 eum
1315 4377 1332 4418 :
1364 4363 1545 4433 «Ergo
1573 4361 1822 4431 fugiebat
1843 4374 1967 4423 nos,
1987 4358 2076 4414 in-

501 4462 644 4529 quit,
674 4467 728 4514 te
757 4473 880 4515 esse
900 4458 1115 4513 aurium
1144 4457 1468 4515 obtusarum
1504 4464 1562 4509 et
1601 4453 1829 4508 surdum
1866 4458 1938 4505 .et
1961 4464 2079 4506 om—

2178 4366 2325 4438 σχὼν
2353 4369 2381 4421 ὁ
2422 4368 2730 4439 Γρηγορᾶς,
2767 4388 2786 4423 ι
2834 4369 2935 4425 Ἰοὺ
2967 4369 3074 4437 iob,
3125 4386 3146 4419 ι
3201 4369 3357 4438 φησὶ,
3400 4384 3422 4420 ι
3454 4367 3558 4431 τῆς
3593 4364 3746 4418 ἀδελ-

2177 4457 2394 4526 τηρίας.
2432 4476 2452 4510 ι
2492 4458 2603 4513 Καὶ
2630 4458 2837 4512 ἀπιδὼν
2868 4458 3004 4530 πρὸς
3034 4457 3215 4523 αὐτὸν,
3246 4475 3266 4508 ε
3299 4452 3433 4510 Εἶτα
3461 4454 3746 4515 ἐλάνθανες

505 4549 638 4606 uino
688 4550 938 4620 ignarum
1005 4547 1324 4605 festivitatis
1370 4553 1425 4600 et
1474 4541 1862 4598 celebrationis
1904 4542 2070 4596 docta

2181 4550 2354 4619 ἡμᾶς.
2397 4568 2416 4602 ι
2453 4550 2610 4619 φησι,
2647 4567 2669 4603 ι
2723 4529 3065 4620 λασιόκωφός
3110 4566 3197 4613 τις
3247 4547 3325 4602 ὢν
3371 4546 3469 4601 καὶ
3521 4548 3744 4614 ἀνήκοος

503 4642 771 4696 librorum
804 4639 1142 4706 divinorum,
1176 4650 1231 4693 et
1254 4636 1548 4691 inserendo
1581 4642 1635 4689 et
1660 4633 2074 4702 transponendo

495 4733 718 4788 aliunde
748 4732 881 4788 alibi
908 4740 1225 4802 pervertere
1260 4727 1567 4798 ignorantia
1597 4740 1816 4780 omnem
1849 4739 2074 4781 sensum

497 4833 552 4878 et
587 4840 752 4877 omne
791 4822 1080 4878 consilium
1115 4821 1434 4889 Scriptum.
1502 4817 1615 4872 lloc
1653 4817 1801 4871 enim
1845 4830 2074 4887 magnus

503 4935 555 4970 ιιι
582 4916 856 4985 theologia
916 4914 1055 4970 dicit
1104 4913 1403 4981 Gregorius
1453 4924 1518 4965 ea
1573 4924 1695 4979 qua:
1748 4924 1782 4962 a
1814 4908 2074 4977 Dionysio

498 5008 685 5062 divino
720 5009 867 5065 dicta
894 5014 1025 5061 sunt
1057 5004 1416 5068 confirmans,
1459 5010 1613 5073 puto,
1664 5010 1720 5057 et
1763 5001 2073 5058 concedens

499 5103 614 5167 ipse
662 5111 721 5155 ot
772 5099 1182 5170 quodammodo
1234 5097 1535 5152 adhortans
1589 5104 1652 5150 ut
1706 5109 1873 5165 parco
1935 5108 2075 5162 quo-

484 5196 623 5248 .dmn
657 5195 819 5248 nimio
855 5170 1149 5249 occasione
1180 5190 1244 5244 ad
1267 5204 1366 5245 eos
1421 5187 1696 5252 aﬁ‘abiles,
1726 5187 1820 5257 qui
1862 5186 1919 5240 in
1947 5200 2074 5241 sen—

502 5288 690 5341 tentiis
716 5295 772 5339 et
800 5283 1114 5354 mgiiiione
1148 5282 1256 5337 sint
1298 5281 1527 5348 diversi,
1591 5286 1821 5335 vocante
1848 5287 2074 5333 utamur

501 5394 673 5449 pauca
729 5376 1109 5443 indulgeamus
1165 5373 1396 5428 diversis
1451 5369 1828 5427 accedentium
1904 5367 2072 5421 mori-

499 5474 604 5529 bus
632 5470 942 5525 nccessario
976 5480 1369 5538 nonnunquam
1399 5483 1416 5521 :
1451 5466 1524 5521 ita
1549 5475 1610 5520 ut
1646 5465 1701 5521 in
1733 5463 1899 5517 rebus
1953 5478 2075 5533 gra-

498 5563 740 5617 vissimis
770 5561 894 5614 ﬁdei
926 5559 1217 5617 consensio
1237 5558 1491 5630 quamvis
1529 5572 1640 5612 non
1669 5555 1852 5610 verbis
1876 5555 2071 5609 saltem

500 5653 928 5721 rngitatiouibns
952 5664 1200 5708 servetur
1237 5660 1519 5708 constans.
1579 5648 1696 5713 Qua
1729 5647 1782 5700 in
1819 5662 1879 5698 re
1905 5646 2075 5700 licere

500 5742 742 5796 aitbanc
774 5744 858 5797 vel
884 5743 1030 5797 illam
1064 5758 1251 5798 vocem
1297 5744 1462 5795 etiam
1519 5739 1641 5793 aliis
1694 5737 1967 5792 similibus
2015 5745 2076 5790 ct

502 5834 990 5909 sign'ﬁcatio:ibus
1021 5836 1300 5890 vocabulis
1356 5833 1634 5903 explicare
1682 5833 1895 5885 ratione
1960 5830 2070 5884 Deo

2178 4642 2273 4694 καὶ
2302 4641 2619 4697 παντάπασι
2654 4642 2754 4710 τῆς
2781 4642 2889 4694 τῶν
2912 4642 3072 4695 θείων
3102 4641 3141 4693 Γ
3147 4641 3336 4711 ραφῶν
3362 4634 3746 4701 διδασκαλικῆς

2178 4734 2373 4802 ἑορτῆς
2402 4750 2459 4785 τε
2491 4735 2588 4785 καὶ
2633 4732 3022 4803 πανηγύρεως,
3052 4733 3148 4786 καὶ
3188 4730 3659 4801 μετεγκεντρίξων
3691 4725 3746 4789 ἐξ

2178 4824 2418 4891 ἀμαθίας
2453 4823 2676 4878 ἄλλοθεν
2723 4824 2907 4877 ἄλλοθι
2951 4825 3046 4876 τὸν
3074 4822 3293 4876 ἅπαντα
3331 4822 3458 4875 νοῦν
3500 4820 3596 4872 καὶ
3627 4831 3746 4869 σκο-

2177 4915 2279 4969 πὸν
2324 4913 2428 4983 τῆς
2472 4914 2726 4983 Γφαφῆς.
2760 4912 2933 4966 Τοῦτο
2979 4912 3091 4983 γάρ
3120 4913 3150 4964 ὁ
3184 4912 3358 4981 μέγας
3392 4911 3450 4962 ὲν
3498 4905 3747 4973 θεολογίᾳ

2178 5008 2379 5073 φάσκει
2422 5006 2747 5076 Γρηγόριος,
2777 5007 2848 5058 τὰ
2888 5006 3153 5072 Διονυσίῳ
3200 5004 3277 5074 τῷ
3316 5001 3445 5072 θείῳ
3489 4999 3744 5069 λεχθέντα

2175 5096 2674 5164 διαϐεϐαιούμενος,
2707 5092 2884 5166 οἶμαι,
2928 5098 3025 5151 καὶ
3081 5096 3383 5165 συγχωρῶν
3438 5094 3534 5147 καὶ
3585 5089 3746 5150 αὐτὸς

2176 5190 2271 5243 καὶ
2319 5190 2484 5243 οίονεὶ
2541 5189 2987 5260 προτρεπόμενος
3033 5187 3365 5256 οἰκονομικῷ
3413 5203 3522 5239 τινι
3559 5184 3742 5255 τρόπῳ

2175 5282 2369 5351 καιροῦ
2423 5281 2717 5346 καλοῦντος
2751 5283 2889 5353 πρὸς
2938 5284 3067 5344 τοὺς
3099 5281 3210 5334 τῶν
3242 5279 3519 5350 ὀμιλητῶν
3560 5273 3745 5345 διαφόο

2177 5392 2309 5442 ρους
2351 5374 2449 5438 τὰς
2498 5374 2723 5444 γνώμας
2754 5376 2849 5427 καί⁵
2882 5375 3115 5444 γνώσεις
3156 5368 3483 5444 κεχρῆσθαι,
3517 5371 3611 5424 καὶ
3654 5384 3745 5437 μισ·

2174 5466 2310 5537 κρὸν
2341 5464 2599 5519 ἐνδιδόναι
2625 5466 2735 5527 τοῖς
2764 5465 3044 5533 διαφόροις
3082 5463 3191 5516 τῶν
3220 5464 3559 5533 προσιόντων
3586 5457 3741 5527 sese;

2176 5555 2244 5610 δι’
2286 5555 2534 5621 ἀνάγκην
2581 5555 2775 5619 ἐνίοτε,
2804 5553 2943 5607 ὥστε
2980 5552 3080 5622 τὴν
3111 5553 3168 5605 ἑν
3211 5553 3323 5614 τοῖς
3377 5547 3610 5619 καιρίοις
3648 5544 3743 5608 τῆς

2179 5644 2420 5710 πίστεως
2448 5641 2758 5712 ὁμολογίαν,
2795 5643 2845 5693 εί
2877 5641 2969 5694 καὶ
2994 5640 3068 5711 μὴ
3099 5640 3329 5704 λέξεσιν,
3362 5638 3499 5690 ἀλλά
3529 5650 3594 5701 γε
3628 5632 3745 5690 ταῖς

2176 5739 2402 5799 ἐννοίαις
2416 5733 2776 5804 φυλάττεσθαι
2792 5734 3167 5803 ἀπαράϐατον.
3190 5731 3278 5784 Ἑν
3299 5726 3379 5790 οἷς
3397 5727 3597 5795 ἐξεῖναί
3614 5735 3744 5793 φησι

2176 5830 2334 5892 τήνδε
2365 5830 2394 5893 ἢ
2424 5828 2581 5898 τήνδε
2627 5830 2724 5897 τὴν
2746 5827 2889 5891 λέξιν
2925 5827 3020 5879 καὶ
3048 5825 3114 5878 δι’
3146 5808 3349 5895 ἐτέρων
3390 5820 3744 5893 ὁμοδυνάμων
