4034 6472
304 385 413 447 277

1323 392 1771 454 ΒΥΖᾹΝΤΙΝᾹΞ
1812 391 2194 452 HISTORle
2238 395 2377 456 LIB.
2422 396 2599 455 XXX.

3460 391 3571 459 278

304 502 400 555 καὶ
430 499 922 571 ἐκφαντικωτέρων
941 499 1140 567 λέξεων
1171 501 1458 573 διασαφεῖν
1483 504 1575 558 τὸν
1605 506 1882 576 θεοπρεπῆ

2000 505 2369 561 ronvcnicnte.
2426 505 2545 561 Non
2597 514 2781 561 autem
2830 505 3009 569 decet,
3057 503 3139 559 ait
3193 504 3566 573 Athanasius,

302 593 529 663 τρόπον.
579 591 657 645 Οὐ
701 592 782 646 δεῖ
818 590 897 659 δέ,
933 592 1099 664 φησίν
1142 594 1483 659 Ἀθανάσιος,
1528 596 1596 649 τὰ
1636 597 1756 650 κατ’
1796 598 1876 650 oi.

306 684 566 751 κονομίαν
616 684 942 754 γραφόμενα
970 687 1064 740 καὶ
1104 689 1366 756 γινόμενα
1416 688 1665 760 δέχεσθαι
1717 708 1882 744 κακο-

307 776 524 845 τρὸπως
577 777 674 831 xui.
728 778 866 848 πρὸς
916 780 1015 849 τὴν
1066 782 1200 833 ἰδίαν
1237 782 1422 834 ἓλκειν
1454 782 1733 854 βούλησιν.
1769 783 1883 836 Καὶ

310 867 421 933 γᾰο
448 870 541 921 καὶ
579 868 759 938 ίατρὺς
795 871 1056 934 πολλάκις
1085 874 1153 925 τὰ
1202 872 1467 928 δοκοῦντά
1496 891 1607 929 τισι
1637 875 1711 943 μὴ
1741 872 1884 928 εἶναι

311 959 645 1030 κατάλληλα,
702 963 879 1018 ταῦτα
910 956 1038 1028 ’τοῖς
1102 967 1487 1035 ὑποκειμένοις
1546 968 1882 1040 τραύμασιν,

311 1052 387 1112 ὡς
444 1047 584 1105 οἶδεν
633 1053 820 1121 αὐτὸς,
855 1055 1187 1123 ἐπιτίθησιν,
1222 1059 1378 1112 οὐδὲν
1434 1060 1627 1128 ἕτερον
1670 1062 1701 1130 ἢ
1748 1061 1885 1129 πρὸς

312 1143 411 1210 τὴν
441 1146 630 1210 ὑγείαν
692 1145 833 1215 ἔχων
884 1148 977 1201 τὸν
1036 1152 1262 1206 σκοπόν.
1316 1154 1423 1204 Καὶ
1469 1153 1789 1206 διδασκάλου
1824 1154 1885 1207 δὲ

316 1236 580 1303 φρονίμου
614 1238 811 1306 τρόπος
841 1238 1016 1302 οὗτος,
1066 1242 1204 1311 πρὸς
1233 1245 1301 1296 τά
1334 1244 1445 1297 τῶν
1479 1245 1888 1315 διδασκομένων

317 1323 420 1394 ger,
456 1325 789 1382 διατίθεσθαι
832 1332 926 1384 καὶ
960 1332 1158 1385 λαλεῖν.
1210 1335 1483 1404 Ὀνόματα
1508 1337 1640 1405 γοῦν
1670 1338 1764 1391 καὶ
1793 1339 1892 1408 ῥή-

320 1428 488 1481 ματα,
522 1418 615 1469 καὶ
666 1418 789 1472 ὅσαι
826 1422 935 1473 τῶν
973 1422 1169 1488 λέξεων
1221 1426 1309 1479 διὰ
1350 1429 1545 1496 φωνῶν
1587 1430 1773 1494 ἁπλῶς
1796 1432 1890 1485 καὶ

317 1508 662 1575 γραμμάτων
711 1517 1048 1581 σημαντικαὶ
1081 1517 1189 1570 τῶν
1234 1519 1611 1591 ὑποκειμένων
1647 1523 1889 1591 γίνονται

326 1598 683 1666 πραγμάτων,
717 1604 887 1657 ἐνίοτε
924 1606 1026 1674 μὲν
1075 1608 1196 1661 καθ’
1226 1608 1288 1682 [Γ.
1322 1610 1426 1667 146
1470 1612 1544 1685 r.]
1566 1615 1892 1686 ὁμωνυμίαν

318 1686 376 1738 ἐν
402 1688 681 1760 διαφόροις
704 1694 1014 1764 ἀδιαφόρως
1063 1701 1595 1771 παραλαμϐάνονται
1626 1707 1893 1777 πράγμα-

1983 613 2046 650 ea
2082 611 2203 665 qua:
2243 613 2405 666 parco
2438 596 2604 652 modo
2630 597 2954 653 scribuntur
3020 603 3078 650 et
3129 596 3270 650 ﬁunt
3321 597 3573 667 accipere

1985 704 2152 759 pravo
2183 707 2373 756 sensu,
2399 693 2537 748 etin
2567 707 2723 747 suam
2760 690 3104 745 voluntatem
3173 690 3392 744 trahere
3415 706 3430 754 ;
3453 698 3573 746 ete-

1985 780 2101 835 nim
2132 781 2303 836 etiam
2348 783 2601 840 medicus
2663 797 3046 853 saepenumero
3073 785 3171 844 'ea,
3227 779 3394 852 31E.
3451 794 3577 850 quae

1984 874 2268 929 nonnullis
2291 890 2399 930 non
2438 891 2561 931 esse
2591 885 2716 946 apta
2750 875 3031 937 videntur,
3057 874 3361 931 tractandis
3381 875 3577 928 vulne-

1988 963 2142 1019 rihus
2161 979 2225 1019 ex
2253 980 2351 1019 sua
2382 966 2695 1037 cognitione
2729 966 3027 1032 ministrat,
3064 964 3201 1019 nihil
3236 963 3385 1017 aliud
3410 978 3574 1033 quam

1990 1055 2362 1110 valetudinem
2420 1066 2723 1127 spectans,
2777 1069 2835 1113 et
2871 1057 3228 1129 przrceptoris
3286 1056 3586 1125 prudentis

1990 1146 2285 1200 consilium
2337 1158 2421 1203 est
2476 1148 2710 1214 hoc,ut
2764 1149 2831 1204 ad
2881 1147 3279 1219 discipulorum
3336 1146 3587 1201 indolem

1989 1235 2292 1292 descendat
2330 1246 2389 1293 et
2420 1240 2696 1310 loquatur.
2722 1240 2960 1295 Nomina
2989 1240 3215 1310 quidem
3252 1240 3493 1294 etvcrba
3521 1248 3578 1292 et

1990 1343 2343 1400 quaecunque
2377 1346 2543 1388 voces
2574 1332 2727 1387 sonis
2759 1334 2987 1389 omnino
3032 1340 3089 1387 et
3138 1332 3337 1387 litteris
3368 1331 3579 1400 signiti—

1990 1431 2118 1476 cant
2161 1436 2251 1476 res
2280 1425 2616 1494 suppositas,
2655 1426 2936 1481 interdum
2976 1434 3315 1495 usurpentur
3377 1438 3582 1477 secun-

1993 1509 2124 1563 dum
2158 1511 2409 1567 eamdem
2439 1512 2901 1583 signiﬁcationem
2929 1516 2982 1569 in
3004 1513 3240 1571 diversis
3265 1513 3431 1569 rebus
3459 1513 3585 1568 sine

1992 1601 2342 1669 discrimine,
2375 1605 2655 1661 interdum
2692 1607 3003 1663 secundum
3039 1608 3317 1663 diversam
3374 1604 3583 1675 signiti-

1991 1694 2265 1749 cationetn
2299 1712 2423 1765 qua:
2452 1698 2506 1751 in
2545 1699 2856 1768 majoribus
2889 1706 2946 1753 et
2973 1698 3288 1752 minoribus
3305 1695 3592 1760 cernitur,

320 1794 429 1843 σιν,
481 1782 652 1836 ἐνίοτε
682 1785 740 1839 δὲ
796 1791 915 1841 κατ’
963 1791 1311 1864 ἀντωνυμιαν
1343 1797 1403 1848 ἐν
1453 1797 1665 1865 μείζοσί
1697 1816 1755 1852 τε
1794 1801 1890 1854 καὶ

2000 1796 2047 1841 et
2080 1803 2425 1859 quaecunque
2449 1802 2718 1861 praeterea
2764 1791 3004 1847 similem
3059 1790 3362 1846 admittunt
3409 1787 3582 1843 ratio-

319 1870 598 1926 ἐλάττοσιν
626 1879 933 1950 ὁρωμένην,
960 1884 1056 1935 καὶ
1086 1883 1189 1938 ὅσα
1220 1885 1399 1950 ἄλλως
1439 1890 1529 1941 τὸν
1560 1890 1749 1959 ὅμοιον
1777 1890 1893 1961 ἔχει

317 1962 540 2031 τρόπον,
592 1965 763 2019 ἐνίοτε
829 1968 885 2021 δὲ
953 1972 1077 2024 καθ’
1122 1967 1222 2027 ὅσα
1274 1977 1589 2044 σννὼνυμόν
1634 1996 1751 2043 πως
1793 1983 1896 2050 τὴν

321 2056 578 2126 σχετικὴν
606 2061 786 2113 αίτίαν
824 2065 1207 2136 κεκλήρωται·
1251 2070 1375 2123 καθ’
1412 2071 1478 2142 ἣν
1501 2071 1766 2141 δήπουθεν
1799 2074 1896 2126 καὶ

318 2147 381 2199 τὸ
407 2149 519 2202 ἴσον
553 2149 651 2220 ἴσῳ
683 2155 968 2222 συμϐαίνει
1005 2158 1257 2227 λέγεσθαι
1310 2161 1447 2226 ἴσον,
1477 2165 1571 2215 καὶ
1612 2165 1705 2216 τὸν
1740 2163 1895 2233 φίλον

322 2240 461 2307 φίλῳ
502 2242 677 2309 φίλον,
712 2246 806 2298 καὶ
850 2246 1026 2300 ὁπόσα
1077 2249 1252 2319 δήπου
1297 2253 1679 2323 παραπλήσια,
1706 2254 1781 2317 ὡς
1812 2254 1900 2321 γί-

322 2332 505 2384 νεσθαι
536 2335 832 2406 πολυσχιδῆ
870 2338 968 2406 μὲν
1017 2340 1075 2390 ἐν
1125 2344 1235 2401 τοῖς
1279 2342 1663 2412 μεριζομένοις
1716 2347 1899 2413 πράγ-

327 2442 462 2493 μασι
498 2426 596 2495 τὴν
634 2429 812 2482 αὐτῶν
863 2431 1216 2502 ίδιοτροπίαν,
1253 2437 1344 2488 ἐπὶ
1377 2435 1433 2488 δὲ
1477 2436 1614 2489 Θεοῦ
1649 2439 1896 2506 μονοειδῆ

324 2518 420 2568 καὶ
453 2518 747 2588 ἀμέριστον
785 2520 929 2576 κατά
975 2526 1073 2594 τὴν
1115 2525 1211 2579 τοῦ
1246 2527 1362 2590 ἑνὸς
1395 2527 1762 2597 ὑποκειμένου
1803 2529 1898 2600 δή·

320 2605 504 2671 λωσιν,
531 2610 670 2678 λέγω
712 2610 775 2685 δη
808 2614 907 2683 τὴν
960 2616 1164 2697 ἀμερῆ.
1200 2618 1296 2670 καὶ
1342 2620 1753 2689 ἀσχημάτιστον
1803 2626 1898 2675 καὶ

321 2700 552 2769 ἀόρατον
586 2703 822 2773 ἐκείνην,
848 2706 975 2775 ἥτις
1021 2707 1142 2760 ποτ’
1170 2709 1340 2774 ἐστὶν,
1373 2709 1541 2763 οὖσαν
1577 2713 1764 2765 οὐσίαν
1785 2728 1802 2743 ·
1831 2716 1896 2786 ἣν

319 2791 660 2864 ψυχοτρόφον
728 2797 974 2866 λειμῶνα
1030 2800 1124 2853 καὶ
1191 2801 1454 2871 ἀληθείας
1517 2802 1761 2874 θάλαμόν
1812 2822 1897 2868 τις

322 2885 557 2949 καλέσας
584 2887 684 2941 οὐκ
714 2888 804 2955 ἂν,
831 2885 1011 2959 οἶμαι,
1046 2891 1304 2962 ἁμάρτοι.
1350 2894 1447 2946 Ἓν
1487 2894 1597 2964 γὰρ
1638 2894 1770 2948 οὖσα
1798 2914 1898 2949 κυ-

324 2979 455 3048 pitu;
490 2978 641 3046 μένει
694 2981 959 3054 διηνεκῶς
982 2989 1040 3039 ἐν
1076 2988 1154 3056 τῷ
1188 2989 1287 3054 ἐνὶ,
1323 2990 1523 3059 μᾶλλον
1555 2991 1600 3045 δ’
1628 2994 1805 3047 εἰπεῖν
1838 2994 1896 3049 ἐν

1994 1894 2144 1942 nem,
2178 1880 2454 1936 interdum
2482 1893 2756 1952 quatenus
2783 1884 3069 1939 relativam
3106 1898 3332 1938 causam
3385 1882 3581 1936 eadem

1996 1971 2113 2026 fere
2154 1972 2561 2043 signiﬁcatione
2588 1975 2907 2043 insignitam
2943 1975 3140 2031 sortita
3172 1983 3304 2029 sunt
3336 1994 3351 2026 ι
3388 1981 3585 2042 quam-

1995 2064 2186 2119 obrem
2225 2066 2406 2122 simile
2440 2066 2545 2121 dici
2614 2068 2753 2121 solet
2812 2067 2976 2122 simili
3012 2067 3217 2130 simile,
3258 2075 3316 2122 et
3367 2066 3586 2121 amicus

1998 2155 2180 2209 amico
2208 2157 2445 2222 amicus,
2477 2166 2531 2211 et
2564 2172 2686 2227 quae
2712 2167 2842 2212 sunt
2877 2158 3100 2222 similia,
3148 2158 3221 2212 ita
3277 2166 3338 2211 ut
3393 2155 3587 2210 multi-

1998 2248 2122 2316 plex
2150 2251 2245 2304 liat
2292 2248 2346 2302 in
2380 2249 2699 2320 rebusfqute
2729 2250 3058 2309 dividuntur
3097 2266 3289 2307 carum
3328 2249 3586 2321 proprie-

1997 2349 2100 2405 tas,
2141 2341 2194 2393 in
2231 2341 2343 2395 Deo
2369 2355 2552 2396 autem
2584 2344 2817 2413 simplex
2846 2351 2897 2398 et
2963 2343 3200 2398 indivisa
3267 2342 3582 2398 secundum
3642 2355 3647 2361 '

1999 2432 2163 2484 unius
2186 2432 2450 2503 SttppOsiti
2482 2432 2977 2490 manifestationem
3008 2452 3021 2488 :
3050 2433 3178 2489 dico
3206 2433 3353 2488 enim
3389 2430 3588 2487 indivi-

1997 2524 2212 2577 sibiletn
2252 2532 2309 2577 et
2366 2524 2544 2579 forma
2598 2535 2883 2581 carentem
2941 2534 2998 2582 et
3054 2526 3389 2582 invisibilem
3433 2525 3599 2581 illam

1997 2617 2402 2686 qualiscunque
2426 2627 2511 2672 est
2539 2618 2837 2673 essentiam
2873 2636 2888 2685 ;
2924 2634 3089 2688 quam
3125 2619 3171 2674 si
3204 2619 3328 2689 quis
3366 2628 3587 2688 pratum

1998 2705 2213 2759 animos
2249 2721 2481 2774 pascens
2535 2714 2591 2760 et
2644 2707 2894 2763 veritatis
2927 2709 3247 2765 cubiculum
3293 2710 3587 2765 nominare

1999 2794 2152 2859 velit,
2183 2810 2288 2848 non
2311 2805 2479 2862 erret,
2501 2797 2761 2867 equidem
2799 2798 3018 2867 Opinor.
3052 2797 3184 2867 Qua:
3210 2797 3435 2869 quidem
3461 2812 3593 2853 cum

1998 2884 2070 2939 sit
2090 2902 2282 2951 unum,
2306 2888 2571 2943 continuo
2593 2889 2645 2943 in
2671 2905 2781 2947 uno
2812 2899 3019 2958 manet,
3036 2892 3151 2947 sive
3178 2890 3433 2962 potiusin
3454 2906 3513 2945 se
3532 2900 3591 2945 et

2000 2990 2217 3033 nostras
2243 2978 2626 3050 cogitationes,
2657 2998 2778 3049 quae
2812 2983 3042 3038 diversa“:
3066 2991 3198 3039 sunt
3235 2991 3506 3037 a-natttra
3533 2989 3599 3035 er

323 3070 491 3142 ἑαυτῇ
514 3089 529 3105 ο
555 3077 647 3127 καὶ
684 3078 948 3146 μεριστάς
986 3077 1294 3149 πεφυκυίας
1324 3082 1426 3146 τὰς
1464 3084 1746 3156 ἡμετέρας
1777 3087 1897 3156 νοή-

2001 3071 2317 3144 quibusque
2370 3074 2537 3129 rebus
2585 3074 2815 3129 diverso
2879 3074 3044 3129 modo
3090 3074 3497 3136 distrahuntur,
3531 3073 3593 3126 in

324 3175 460 3224 σεις,
496 3164 590 3215 καὶ
630 3162 893 3235 διάφορον
934 3168 1034 3237 τὴν
1067 3169 1362 3241 περιολκὴν
1393 3173 1522 3242 περὶ
1549 3171 1754 3228 ἕκαστα
1788 3175 1898 3227 τῶν

323 3253 666 3322 πραγμάτων
717 3253 1124 3325 λαμϐανούσας,
1160 3260 1241 3323 είς
1290 3261 1421 3330 μίαν
1452 3262 1576 3316 τινά
1623 3265 1719 3317 καὶ
1748 3264 1902 3320 ἀδιάο

323 3358 512 3410 κριτον
541 3344 633 3395 καὶ
665 3344 870 3408 ταύτας
900 3347 1085 3416 νόησιν
1116 3352 1385 3419 συναιρεῖ,
1413 3349 1489 3415 ὡς
1526 3352 1776 3420 γίνεσθαι
1805 3354 1900 3406 καὶ

323 3433 416 3483 τὸν
441 3432 548 3484 τῶν
578 3434 856 3504 ὀνομάτων
886 3434 946 3500 ἐξ
984 3436 1231 3508 ἀνάγκης
1265 3439 1567 3511 πολυσχιδῆ
1595 3444 1692 3496 καὶ
1714 3442 1903 3494 ’πολύ-

324 3538 528 3592 τροπον
559 3527 848 3597 μερισμὸν,
876 3529 1061 3582 ὁποῖον
1096 3531 1128 3601 ἡ
1158 3530 1267 3583 τῶν
1305 3532 1584 3604 διαφόρων
1632 3535 1901 3604 πραγμά-

323 3631 434 3668 των
477 3615 732 3688 διάφορος
789 3622 1100 3691 παραγωγὴ
1144 3621 1543 3695 τελεσιουργεῖ,
1614 3626 1901 3697 δυνάμεως

323 3706 466 3775 λέγω
495 3713 589 3764 καὶ
617 3708 763 3780 ζωῆς
786 3712 883 3765 καὶ
918 3713 1200 3785 ἐνεργείας
1228 3716 1325 3769 καὶ
1351 3717 1531 3786 φωτὸς
1567 3720 1663 3771 καὶ
1707 3720 1905 3787 σοφίας

329 3798 559 3853 καὶτῶν
588 3802 863 3868 τοιούτων,
907 3806 1157 3875 μονοειδῆ
1189 3807 1286 3860 καὶ
1314 3808 1482 3862 αὐτὸν
1511 3810 1612 3880 ἤδη
1644 3813 1741 3864 καὶ
1799 3829 1903 3882 μο-

326 3889 587 3955 νότροπον
639 3892 715 3954 ὡς
763 3894 982 3965 ἀληθῶς
1033 3896 1237 3968 δρόμον
1283 3899 1342 3951 ἐν
1376 3898 1456 3969 τῷ
1505 3902 1606 3971 τῆς
1641 3902 1905 3973 ἀληθείας

325 3981 519 4052 ἐκείνῳ
574 3984 744 4054 πεδίῳ
791 3984 1002 4043 θέοντα.
1075 3988 1605 4061 Περιγεγραμμένος
1651 3995 1760 4067 γάρ
1814 4013 1901 4059 τις

327 4071 452 4141 ὅρος
507 4074 746 4147 ἑκάστης
792 4077 983 4141 οὐσίας
1029 4079 1274 4151 ὑπάρχον
1316 4082 1550 4138 ἕκαστον
1578 4084 1772 4154 ὄνομα,
1806 4091 1902 4140 καὶ

332 4166 461 4232 μιᾶς
491 4165 750 4235 ἰδιότητος
803 4170 1235 4241 ἐπειλημμένον,
1270 4173 1365 4227 καὶ
1397 4175 1687 4228 συστέλλον
1721 4177 1906 4230 ὁπωσ-

328 4256 596 4325 δηποτοῦν
635 4263 695 4313 τὸ
732 4263 863 4332 πρὶς
900 4263 1184 4333 ἀοριστίαν
1214 4265 1351 4329 τέως
1381 4268 1553 4337 αὐτῆς
1578 4270 1902 4341 κεχυμένον,

329 4349 515 4411 ἁπλῶς
546 4350 687 4405 κατᾶ
709 4353 802 4406 τὸν
830 4354 1168 4425 ἀνθρώπινον
1194 4357 1319 4411 νοῦν
1345 4361 1605 4430 πειρᾶται
1636 4363 1737 4433 μὲν
1766 4364 1906 4418 κάπὶ

330 4436 430 4501 τῆς
462 4438 932 4511 ύπερηπλωμένης
972 4442 1188 4515 ἐκείνης
1223 4436 1375 4508 θείας
1408 4446 1601 4510 οὐσίας
1648 4447 1744 4519 τὴν
1781 4450 1908 4502 ἐαυ·

330 4527 425 4580 τοῦ
450 4531 686 4600 φυσικὴν
718 4532 1121 4601 ἀποφαίνεσθαι
1169 4537 1384 4608 κίνησιν
1430 4539 1524 4592 καὶ
1560 4539 1621 4593 τὸ
1664 4544 1762 4611 τῆς
1803 4545 1905 4610 ἐμ-

333 4618 501 4688 φύτου
534 4621 813 4689 δυνάμεως
840 4623 1053 4692 εἰωθὸς,
1087 4625 1231 4695 λέγω
1262 4627 1325 4696 δὴ
1363 4629 1424 4679 τὸ
1451 4629 1761 4701 διακρίνειν
1810 4632 1905 4684 καὶ

333 4712 575 4783 μερίζειν
606 4716 661 4778 ἐς
692 4716 983 4786 διαφόρους
1019 4718 1081 4770 τὸ
1123 4717 1182 4772 ἐν
1215 4719 1573 4791 ίδιοτροπίας,
1615 4723 1731 4776 ἀλλ’
1762 4723 1906 4795 ἔφθη

332 4805 460 4875 πρὶν
491 4806 809 4877 δεδρακέναι
843 4808 1036 4864 παθόν.
1070 4812 1332 4883 Μερίζειν
1379 4815 1490 4885 γὰρ
1537 4815 1903 4887 ἐπειγόμενον

333 4895 419 4950 ἐπ’
450 4898 573 4969 ἴσης
609 4902 718 4964 τοῖς
746 4900 927 4965 ἄλλοις
954 4904 1052 4956 καὶ
1094 4892 1199 4973 τὴν
1228 4905 1525 4976 ἀμέριστον
1554 4908 1773 4979 ἐκείνην
1809 4912 1904 4963 καὶ

331 4990 481 5044 θείαν
507 4991 718 5059 οὐσίαν,
750 4992 941 5063 λέληθε
977 4995 1240 5050 συπαλέν
1271 4997 1364 5050 ὑπ’
1396 4999 1615 5071 ἐκείνης
1638 5001 1735 5054 καὶ⁵
1769 5003 1907 5071 πρὸς

332 5085 529 5156 νοητὴν
558 5085 812 5154 ὁμόνοιαν
844 5087 1147 5142 συνελάσαν
1174 5090 1266 5143 τὸν
1312 5091 1683 5162 κωλυώνυμόν
1712 5110 1771 5146 τε
1811 5096 1905 5146 καὶ

334 5176 762 5248 πολυπράγμονα
843 5181 1137 5251 μερισμόν.
1206 5183 1455 5255 Κάπειδὴ
1536 5187 1905 5256 περιγραφαῖς

330 5269 672 5341 ὀνομάτωνή
718 5270 838 5325 θεία
888 5273 982 5327 καὶ
1030 5272 1475 5347 ύπερηπλωμένη
1514 5276 1676 5346 φύσις
1720 5278 1903 5345 ἐκείνη

331 5356 605 5412 δουλεύειν
651 5360 752 5413 ούκ
807 5356 966 5426 οἶδεν,
1013 5359 1078 5433 [Γ.
1131 5361 1233 5416 146
1264 5362 1341 5435 υ.]
1384 5367 1416 5434 ἡ
1477 5364 1536 5419 δὲ
1587 5367 1903 5436 περιγραφὴ

332 5451 700 5524 περιληπτικὴ
731 5470 815 5516 τις
866 5455 1077 5522 γίνεται
1117 5456 1214 5510 τοῦ
1261 5459 1626 5529 ὑποκειμένου
1675 5461 1902 5527 γνῶσις,

328 5541 429 5595 οὐκ
473 5544 538 5598 ἄν
577 5563 707 5598 ποτε
737 5548 950 5615 γένοιτο
978 5550 1220 5618 γνωστὸν
1267 5551 1297 5604 ὃ
1344 5554 1413 5621 τῇ
1467 5552 1627 5623 οὐσίᾳ
1657 5553 1903 5621 πέφυκεν

328 5635 773 5707 ἀπερίγραπτον·
816 5640 874 5693 ἓν
899 5642 1005 5711 ἄρα.
1054 5646 1149 5696 καὶ
1184 5645 1464 5712 ἄγνωστον
1515 5645 1548 5713 ή
1594 5645 1709 5697 θεῖα
1741 5643 1904 5712 φύσις

328 5729 533 5796 ἐκείνη,
560 5732 655 5783 καὶ
681 5732 819 5804 ὑπὲρ
851 5734 1030 5788 πάντα
1065 5735 1225 5805 λόγον
1259 5738 1353 5790 xxi.
1386 5738 1622 5800 ἔννοιαν,
1659 5736 1753 5789 καὶ
1800 5742 1908 5789 πᾶα

329 5837 424 5873 σαν
458 5821 788 5893 Παλαμικὴν
828 5828 1190 5895 ἀποῖῖιομένη
1222 5830 1565 5896 περ-εργίαν.
1604 5831 1668 5881 Ὃ
1699 5846 1754 5894 γε
1797 5829 1901 5895 μὴν

2006 3180 2171 3219 unam
2204 3164 2499 3234 quamdam
2530 3178 2585 3220 et
2625 3166 2985 3221 indiscretam
3019 3166 3411 3237 cogitationem
3439 3178 3591 3219 com~

2001 3256 2301 3329 prehendit
2327 3276 2342 3312 :
2373 3260 2448 3314 ita
2480 3269 2540 3314 ut
2566 3259 2730 3314 etiam
2770 3261 3056 3315 nominum
3088 3259 3405 3314 necessario
3423 3256 3597 3329 315

2002 3348 2290 3417 multiplex
2338 3357 2395 3405 et
2433 3349 2788 3406 multiformis
2820 3349 3015 3405 divisio
3046 3349 3264 3422 qualem
3293 3365 3478 3405 rerum
3511 3348 3586 3402 tli-

2002 3454 2283 3494 versarum
2329 3440 2542 3496 diversa
2575 3443 2839 3496 derivatio
2875 3442 3242 3513 deductinque
3266 3440 3450 3505 edicit,
3483 3439 3588 3494 vir-

2006 3529 2137 3586 tutis
2155 3531 2371 3597 dico,et
2393 3531 2518 3587 vita:
2548 3543 2604 3588 et
2629 3532 2913 3588 eﬁicentize
2942 3542 2998 3588 et
3028 3531 3256 3587 luminis
3287 3541 3344 3586 et
3373 3531 3574 3600 sapien-

2007 3622 2095 3679 tiae
2123 3632 2180 3679 et
2204 3624 2421 3688 talium,
2453 3623 2762 3694 simplicem
2793 3632 2850 3680 et
2881 3623 3001 3693 ipsa
3026 3625 3138 3694 jam
3169 3630 3225 3679 et
3261 3622 3607 3678 unifortnen

2004 3712 2253 3784 proiecto
2279 3730 2503 3771 cursum
2532 3715 2585 3769 in
2619 3715 2713 3769 illo
2747 3715 2999 3770 veritatis
3060 3730 3255 3784 eampo
3306 3713 3592 3769 decurrat.

2003 3805 2472 3875 Circumscriptus
2496 3805 2659 3860 enim
2678 3805 2805 3862 linis
2835 3806 3061 3876 quidam
3094 3806 3365 3876 cujusque
3393 3820 3603 3862 essen-7

2007 3896 2095 3952 tia:
2121 3908 2419 3967 suppetens
2447 3897 2724 3967 quoddam
2754 3906 2839 3953 est
2866 3912 3067 3954 nomen
3114 3897 3264 3968 quod
3321 3906 3383 3954 et
3425 3912 3598 3953 unam

2008 3989 2406 4059 proprietatem
2430 3991 2578 4060 capit
2604 3998 2661 4045 et
2691 4004 3031 4060 quocunque
3083 3988 3252 4044 modo
3302 3989 3605 4058 componitr

2007 4097 2129 4149 quae
2158 4079 2442 4134 indeﬁnite
2473 4080 2650 4136 eﬁ‘usa
2688 4090 2843 4147 sunt,
2899 4081 3226 4153 simpliciter
3282 4082 3594 4139 secundum

2006 4174 2289 4229 hominum
2329 4172 2767 4243 intelligentiam.
2800 4172 3047 4230 Conatur
3070 4173 3295 4244 quidem
3332 4174 3500 4230 etiam
3536 4174 3593 4230 in

2008 4263 2414 4334 simplicissima
2463 4262 2562 4318 illa
2608 4264 2849 4320 essentia
2882 4263 3069 4320 divina
3098 4265 3396 4320 motionem
3435 4279 3599 4321 suam

2009 4356 2316 4411 naturalem
2368 4354 2652 4411 declarare
2687 4366 2747 4413 et
2800 4357 3027 4414 virtutis
3077 4357 3258 4414 insitae
3315 4366 3601 4427 naturam,

2017 4450 2143 4505 dico
2169 4451 2317 4504 enim
2351 4448 2485 4503 illud
2525 4449 2673 4520 quod
2724 4449 2993 4507 discernit
3021 4458 3078 4507 et
3107 4451 3303 4507 dividit
3332 4468 3504 4507 unum
3536 4453 3593 4508 in

2018 4541 2266 4596 diversas
2313 4540 2702 4611 preprietates,
2730 4540 2829 4597 sed
2872 4542 3195 4612 priusquam
3241 4544 3356 4614 agit
3397 4544 3595 4599 aﬁecta

2010 4641 2117 4687 est.
2168 4630 2309 4687 Cum
2347 4630 2494 4685 enim
2541 4630 2794 4685 dividere
2867 4630 3120 4687 studeret
3172 4647 3330 4701 teque
3381 4631 3596 4687 caeteris

2007 4724 2173 4780 etiam
2200 4720 2494 4778 indivisam
2528 4723 2677 4777 illam
2700 4731 2757 4779 et
2778 4722 3024 4778 divinam
3059 4725 3388 4791 essentiam,
3450 4724 3604 4795 fugit

2008 4817 2141 4873 illud
2173 4832 2296 4872 esse
2325 4816 2394 4872 ab
2436 4817 2535 4871 illa
2570 4816 2961 4885 compositum,
3015 4826 3072 4872 et
3128 4818 3185 4872 in
3238 4817 3605 4873 concordiam-

2007 4908 2409 4980 intelligibilem
2437 4908 2784 4963 contraxisse
2827 4907 3164 4964 divisionem
3216 4910 3443 4963 nomina
3491 4909 3599 4963 int—

2008 4999 2319 5068 pedientetn
2355 5009 2407 5053 et
2432 4998 2945 5066 occupatissimam;
2973 5008 3037 5054 et
3063 5001 3323 5069 quoniam
3352 5001 3595 5056 circum-

2007 5089 2404 5160 scriptionibus
2464 5090 2750 5144 nominum
2798 5090 2985 5145 divina
3048 5103 3105 5148 et
3169 5092 3593 5163 simplicissima

2005 5192 2201 5235 natura
2241 5180 2332 5235 illa
2364 5179 2636 5235 inservire
2666 5181 2867 5245 nescit,
2932 5181 3591 5252 circumscriptio'autetn

2006 5274 2269 5344 colligens
2299 5282 2385 5328 est
2413 5272 2682 5343 suppositi
2714 5275 2979 5345 cognitio,
3014 5291 3128 5331 non
3168 5284 3356 5346 potest
3384 5290 3593 5345 cogno-

2006 5368 2080 5421 sci
2110 5365 2256 5435 quod
2282 5374 2506 5436 propter
2522 5366 2951 5436 essentiatninon
2971 5378 3057 5424 est
3080 5367 3586 5436 circumscriptum.

2004 5456 2185 5511 Unum
2217 5457 2387 5526 igitur
2417 5466 2472 5510 et
2505 5456 2847 5526 incognitum
2897 5467 2981 5512 est
3014 5456 3202 5513 divina
3233 5464 3432 5511 natura
3470 5456 3598 5523 illa,

2006 5565 2063 5609 ct
2098 5568 2267 5623 supra
2324 5569 2546 5607 omnem
2608 5551 2992 5608 deﬁnitionem
3043 5563 3100 5609 et
3157 5552 3595 5622 intelligentiam

2007 5657 2063 5702 et
2117 5661 2385 5715 respuens
2412 5661 2631 5700 omnem
2664 5646 2989 5701 Palatnicam
3025 5645 3411 5708 subtilitatem,
3440 5645 3593 5715 quod

2006 5736 2264 5809 cngnosci
2290 5755 2321 5791 a
2348 5738 2509 5794 nobis
2565 5748 2746 5808 potest
2776 5741 2831 5792 in
2869 5738 2980 5790 Deo
3012 5739 3135 5807 ejus
3178 5736 3499 5791 etﬁcicntiis
3522 5747 3589 5792 et

2006 5830 2291 5904 operibus,
2330 5843 2451 5898 quae
2493 5837 2761 5898 apparent
2788 5838 2841 5881 et
2876 5830 3025 5881 facta
3057 5838 3209 5889 sunt,
3232 5827 3283 5881 id
3310 5827 3481 5880 nobis
3507 5828 3589 5882 ins.-
