4034 6472
528 398 634 461 279

1723 406 2141 469 NICEPHORI
2176 410 2381 474 GREG
2392 415 2562 476 ORE
3657 417 3747 481 280

527 508 700 562 vicem
722 506 890 579 316
920 502 1292 579 signiﬁcamus
1343 511 1658 569 nominibus
1692 515 1875 571 ductis
1918 533 1984 572 cx
2019 517 2095 572 di~

2208 524 2447 591 γνωστὸν
2493 528 2623 595 ἡμῖν
2671 527 2892 580 δύναται
2924 527 3170 593 γίνεσθαι
3219 525 3310 579 τοῦ
3368 526 3498 579 Θεοῦ
3544 527 3626 580 διά
3654 528 3746 581 τῶν

527 599 703 654 versis
740 600 1120 656 notationibus
1164 606 1482 658 necessario
1538 619 1766 676 propter
1812 625 1972 663 usum
2004 625 2103 665 no-

528 694 701 744 strum
726 693 1127 748 sententiarum
1155 694 1223 748 ad
1266 695 1688 753 similitudinem
1723 700 2100 755 formatarnm.

526 778 646 832 Non
686 788 870 835 autem
908 784 1027 838 sine
1057 785 1269 853 regula,
1304 795 1365 839 ut
1391 790 1593 858 cuique
1630 789 1881 845 voluntas
1911 806 2105 861 sugge-

531 871 631 937 rit,
663 872 769 927 hoc
795 873 1049 942 facimus,
1083 878 1179 932 sed
1213 879 1531 935 divinorum
1562 881 1786 938 Patrum
1823 885 2106 951 sequimur

527 962 804 1035 dogmata,
865 967 976 1021 imo
1024 969 1188 1024 etiam
1251 972 1469 1043 litteras
1521 974 1799 1029 fortuitas.
1857 976 2102 1030 Primum

526 1054 672 1108 enim
738 1055 990 1111 Salvator
1050 1058 1103 1111 in
1163 1059 1476 1131 Evangeliis
1533 1077 1741 1130 monet,
1804 1080 1872 1119 ne
1910 1075 2102 1121 conte-

524 1155 781 1198 mnamus
830 1159 898 1198 ne
929 1147 1141 1216 apicem
1211 1150 1435 1218 quidem
1491 1153 1775 1221 jussorum
1797 1162 1853 1209 et
1874 1155 2102 1208 manda-

526 1242 709 1286 torum
736 1235 856 1304 ejus
891 1236 1205 1293 divinorum
1234 1257 1356 1310 qua:
1386 1244 1442 1297 in
1473 1242 1762 1312 Scriptura
1811 1247 2100 1315 reperiuno

527 1322 933 1388 Iurzequidem
976 1326 1163 1380 nescio
1218 1338 1403 1383 utrum
1439 1346 1503 1385 ex
1541 1333 1663 1387 aliis
1706 1349 1817 1388 non
1841 1334 2100 1390 audivisti

524 1410 663 1476 lucc,
702 1423 758 1466 tu
840 1416 935 1484 qui
997 1420 1311 1477 versabaris
1369 1424 1509 1477 inter
1578 1425 1904 1496 episcopos,
1963 1431 2099 1497 proh

523 1503 812 1572 ineptiam!
864 1519 958 1564 aut
1019 1527 1328 1584 quanquam
1394 1517 1697 1582 audivisti,
1759 1535 1869 1574 non
1941 1521 2104 1576 intel—

521 1592 727 1649 lexisti.
764 1598 974 1656 Deinde
1033 1605 1412 1676 theologorum
1446 1607 1705 1666 Ecclesia:
1748 1628 1987 1682 quorum
2023 1623 2098 1676 _tu

522 1686 876 1747 calumniaris
933 1696 1253 1763 sententias,
1301 1714 1531 1769 magnus
1612 1701 1703 1757 ille
1766 1704 1990 1773 quidem
2044 1706 2099 1759 in

525 1778 792 1851 theologia
870 1784 1208 1856 Gregorius:
1241 1808 1259 1842 ι
1300 1788 1410 1846 Vos
1468 1801 1673 1859 autem,
1730 1795 1926 1866 inquit,
1972 1797 2097 1854 licet

519 1871 686 1925 etiam
718 1875 772 1927 in
800 1874 1030 1933 fortuito
1062 1882 1219 1951 apice
1248 1895 1345 1938 aut
1371 1884 1575 1940 litteris
1605 1889 1835 1957 spiritus
1862 1907 2094 1947 accura-

518 1961 723 2019 tionem
749 1966 1094 2036 adhibentes,
1136 1990 1432 2045 nunquam
1474 1982 1689 2048 capturi
1717 1996 1910 2036 sumus
1947 2000 1960 2036 :
2002 1999 2098 2038 nc-

515 2070 624 2126 que
652 2060 800 2114 enim
831 2070 916 2116 est
941 2063 1176 2133 justum,
1209 2068 1466 2123 minimas
1511 2086 1732 2141 quoque
1764 2088 1853 2127 res
1888 2082 2097 2128 temere

516 2155 797 2207 tractaria
828 2156 1229 2226 scriptoribus,
1268 2170 1325 2215 et
1374 2176 1549 2232 usque
1604 2165 1669 2219 ad
1725 2166 1831 2220 hoc
1883 2177 2099 2236 tempus

516 2246 782 2300 memoria
804 2250 1038 2316 servari,
1067 2253 1261 2309 saltem
1286 2262 1347 2309 ut
1402 2255 1704 2312 habeamus
1758 2258 2099 2312 recordatio-

517 2349 644 2390 nem
676 2348 731 2393 et
758 2341 1164 2400 institutionem
1197 2346 1616 2404 deliberationis
1631 2350 1920 2415 similium,
1940 2367 2099 2407 occa-

516 2426 672 2481 sione
696 2429 843 2496 data,
900 2436 973 2488 ita
1011 2445 1071 2489 ut
1108 2436 1226 2492 hac
1270 2437 1561 2508 fugiamus,
1621 2441 1710 2495 illa
1741 2442 2097 2511 praeieramus

520 2526 782 2588 tanquam
825 2526 1043 2594 regulas
1091 2538 1147 2582 et
1201 2540 1490 2602 prototypa
1561 2535 1737 2589 secuti
1792 2537 2093 2604 prmeuntia

516 2610 1054 2684 exempla.»Magnus
1080 2629 1263 2675 autem
1290 2620 1546 2685 Basilius,
1581 2622 1860 2694 «Oportet,
1892 2625 2094 2697 inquit,

514 2714 667 2768 eum,
702 2703 797 2772 qui
829 2714 957 2761 ante
971 2707 1165 2763 oculos
1189 2708 1357 2765 habet
1386 2712 1589 2767 Christi
1608 2715 1880 2784 judicium
1912 2733 2095 2789 neque

515 2797 731 2864 ignorat
761 2808 1030 2867 quantum
1096 2803 1409 2871 periculum
1440 2806 1602 2877 317
1628 2809 1700 2863 sit
1734 2810 1789 2863 in
1822 2810 2096 2867 demendo

514 2890 722 2959 aliquid
756 2902 852 2947 aut
882 2894 1136 2951 addendo
1170 2896 1240 2951 iis
1265 2912 1387 2967 qum
1410 2914 1440 2952 a
1467 2898 1678 2970 Spiritu
1713 2900 1910 2957 tradita
1941 2911 2094 2968 sunt,

514 2994 624 3035 non
651 2996 715 3034 ex
737 2995 803 3036 se
819 2984 1042 3040 studere
1072 3001 1163 3041 res
1192 3002 1365 3043 novas
1386 2988 1588 3053 moliri,
1607 2989 1702 3045 sed
1736 2991 1790 3045 in
1821 2992 1889 3047 iis
1912 3008 2033 3063 quae
2064 3009 2095 3048 a

513 3072 723 3126 sanctis
755 3074 1006 3130 nuntiata
1030 3086 1161 3131 sunt
1183 3078 1556 3147 acquiescere.
1591 3100 1610 3133 ›
1661 3080 2095 3153 Cbrysostomus

512 3169 698 3218 autem
718 3164 975 3219 similiter
995 3174 1051 3220 et
1080 3166 1221 3236 ipse,
1238 3169 1328 3224 «In
1353 3169 1579 3238 divinis,
1611 3173 1812 3243 inquit,
1839 3174 2095 3245 Scriptu-

515 3253 595 3307 ris
614 3268 784 3307 unum
812 3257 920 3311 iota
954 3265 1049 3313 aut
1081 3274 1252 3314 unum
1284 3252 1497 3331 apicem
1552 3264 1851 3335 negligere,
1887 3281 1997 3320 non
2029 3268 2090 3321 lit

514 3345 738 3412 impune
761 3361 777 3410 ;
799 3346 872 3401 ita
907 3355 966 3402 ut
999 3351 1180 3406 omnia
1220 3355 1501 3423 inquirere
1535 3355 1886 3413 debeamus.»
1919 3359 2092 3414 Audi-

511 3435 878 3506 vistilautem,
909 3442 1127 3511 opinor,
1156 3446 1322 3515 paulo
1367 3456 1529 3503 antea
1558 3449 1649 3505 hic
1683 3452 1847 3505 etiam
1881 3468 1943 3507 ea
1968 3469 2091 3523 quze

512 3525 810 3598 Gregorius
840 3532 1121 3605 Nyssenus
1155 3538 1362 3594 alicubi
1395 3540 1530 3595 dicit
1562 3558 1577 3594 :
1610 3562 1628 3593 ι
1666 3542 1932 3609 Quoniam
1964 3562 2087 3601 cum

515 3637 683 3676 carne
714 3624 1082 3683 circumclusa
1138 3640 1335 3686 natura
1390 3644 1578 3688 nostra
1634 3638 1971 3694 circumdata
2020 3641 2093 3695 sit

516 3716 790 3771 motiones
824 3727 1027 3777 nostra:
1059 3723 1260 3778 mentis
1288 3738 1398 3778 non
1424 3729 1961 3795 possuntdeclarari,
1998 3748 2095 3787 ne-

515 3809 760 3863 cessario
804 3822 1062 3881 tanquam
1113 3814 1266 3881 signa
1339 3817 1507 3872 rebus
1554 3832 1734 3876 certas
1806 3825 2089 3879 nominum

515 3899 941 3969 compositiones
976 3905 1341 3974 imponentes,
1418 3909 1527 3966 illis
1568 3914 1770 3970 mentis
1821 3917 2094 3972 motiones

515 3987 805 4044 nobiscum
858 3992 1098 4048 invicem
1150 3999 1628 4056 commnnieamus
1664 4019 1680 4070 ;
1714 4013 1769 4058 et
1817 4004 1957 4059 hanc
2017 4007 2091 4061 ob

515 4094 631 4133 rem
655 4081 752 4136 alii
786 4083 866 4138 rei
899 4099 1099 4145 nomen
1143 4088 1479 4158 imponimus
1533 4094 1684 4158 coeli,
1757 4095 1848 4150 alii
1891 4113 2091 4153 nomen

519 4179 721 4227 terras:
755 4174 848 4228 alii
880 4175 1052 4243 aliud,
1108 4187 1166 4233 et
1212 4181 1410 4238 referri
1463 4184 1531 4237 ad
1584 4184 1795 4255 aliquid
1844 4188 2093 4256 autem-

517 4276 645 4317 cere
686 4273 784 4318 aut
832 4265 996 4332 alﬁci,
1051 4268 1168 4325 haec
1193 4272 1379 4326 omnia
1432 4275 1673 4344 propriis
1722 4278 2097 4345 significamus

517 4354 804 4411 vocabulis
829 4372 841 4408 :
864 4373 933 4412 ne
955 4359 1294 4428 incomperta
1317 4371 1374 4417 et
1404 4363 1680 4434 ine0gnita
1705 4371 1909 4424 mentis
1955 4374 2099 4427 actio

520 4445 575 4496 in
599 4447 760 4501 nobis
797 4461 1073 4503 maneat.»
1112 4451 1424 4507 Praesertim
1451 4469 1576 4509 eum
1597 4457 1779 4513 omnis
1807 4460 2091 4518 hominum

2205 618 2549 687 φαινομένων
2599 618 2764 673 αὐτοῦ
2804 619 2899 672 καὶ
2930 620 3317 687 πεποιημένων
3361 619 3640 688 ἐνεργειῶν
3668 622 3748 672 καὶ

2202 708 2507 778 δυνάμεων,
2563 711 2721 764 τοῦτο
2786 713 2898 775 τοῖς
2945 713 3009 765 ἐκ
3067 710 3341 781 διαφόρων
3406 710 3747 780 ἐτυμολογιῶν

2203 802 2464 871 ὀνόμασιν
2505 802 2753 875 ἀλλήλοις
2805 805 3278 874 ἐπισημαινόμεθα
3328 807 3444 868 ταῖς
3474 805 3748 871 γνωμικαῖς

2205 893 2265 958 ἐξ
2302 893 2548 962 ἀνάγκης
2578 896 2737 965 ἡμῶν
2770 898 2908 949 κατά
2951 897 3014 949 τὸ
3070 898 3335 954 ἀνάλογον
3390 897 3616 966 χρείαις,
3662 894 3750 947 οὐκ

2205 988 2457 1050 ἀτάκτως
2485 988 2567 1049 δὲ,
2591 989 2685 1043 καὶ
2714 990 2789 1054 ὡς
2829 991 3046 1062 ἑκάστῳ
3066 993 3133 1046 τὰ
3167 994 3265 1062 τῆς
3301 990 3601 1060 βουλήσεως
3631 988 3753 1040 ὑπο-

2204 1079 2413 1149 τίθησι,
2475 1081 2734 1151 δρῶντες,
2783 1082 2918 1136 ἀλλὰ
2964 1084 3080 1139 τοῖς
3135 1081 3243 1135 τῶν
3310 1080 3468 1134 θείων
3517 1080 3754 1147 ιῐατέρων

2205 1172 2464 1241 ἑπόμενοι
2522 1175 2790 1241 δόγμασιν
2837 1174 2967 1244 ἄχρι
3000 1174 3097 1226 καὶ
3145 1174 3246 1239 τῆς
3295 1172 3561 1241 τυχούσης
3590 1188 3757 1238 γραμ-

2209 1263 2339 1333 μῆςο
2377 1264 2603 1334 Πρῶτον
2657 1265 2757 1335 μὲν
2822 1266 2934 1335 γὰρ
2983 1267 3011 1318 ό
3067 1265 3259 1334 Σωτὴρ
3305 1266 3363 1317 ἐν
3424 1262 3754 1330 Εύαγγελὶοις

2209 1359 2479 1427 μηδεμιᾶς
2533 1360 2902 1430 καταφρονεῖν
2966 1361 3227 1428 παραινεῖ
3289 1357 3515 1427 κεραίας
3566 1354 3670 1407 τῶν
3706 1355 3756 1405 ἐν

2204 1453 2501 1520 γράμμασι
2527 1451 2687 1504 θείων
2715 1452 2881 1504 αὑτοῦ
2917 1450 3366 1521 προσταγμάτων
3398 1447 3491 1501 καὶ
3521 1446 3753 1499 ἐντολῶν·

2201 1533 2281 1593 ὧν
2317 1543 2417 1594 οὐκ
2459 1537 2557 1594 οἵδ’
2596 1543 2885 1611 ὁπότερον
2918 1543 2950 1611 ἢ
2985 1543 3093 1611 γάρ
3123 1542 3223 1593 οὐκ
3265 1541 3508 1608 ἀκήκοας
3548 1537 3645 1602 ἔτι,
3674 1538 3758 1589 καὶ
3818 1565 3823 1571 ~

2202 1633 2356 1686 ταῦτ’
2395 1634 2453 1686 ὲν
2490 1636 2814 1698 ἐπισκόποις
2849 1634 2974 1699 (es?)
3028 1634 3129 1701 τῆς
3190 1631 3478 1700 ἀτοπίᾳςί)
3520 1626 3756 1698 τελῶν,ἧ

2203 1726 2444 1790 ἀκούσας
2466 1728 2567 1779 οὐκ
2593 1726 2782 1797 ᾔσθου.
2816 1726 3030 1779 Ἔπειθ’
3068 1720 3142 1779 ὧν
3165 1725 3330 1786 αὐτὸς
3357 1722 3653 1783 διαϐάλλεις
3676 1720 3756 1771 τδν

2203 1813 2329 1867 νοῦν
2382 1815 2651 1881 θεολόγων
2696 1816 2796 1883 τῆς
2846 1815 3177 1884 Ἐκκλησέας
3233 1812 3465 1882 ἀνδρῶν,
3497 1814 3524 1863 ό
3579 1811 3671 1878 μέν
3706 1810 3757 1859 ἐν

2201 1902 2453 1973 θεολογία
2509 1904 2679 1973 μέγας
2732 1904 3056 1974 Γρηγόριος,
3099 1922 3116 1953 ι
3165 1903 3360 1971 Ἠμεῖ;
3395 1900 3472 1960 δὲ,
3517 1916 3535 1950 ι
3589 1898 3754 1968 φησὶν,

2208 2014 2226 2047 ι
2259 1998 2305 2048 εἰ
2349 1997 2443 2049 καὶ
2508 1998 2669 2068 μέχρι
2716 1998 2811 2062 τῆς
2859 1996 3129 2067 τυχούσης
3163 1996 3401 2060 κεραίας
3443 1994 3474 2062 ἦ
3512 1990 3757 2062 γραμμῆς

2198 2089 2293 2141 τοῦ
2361 2089 2676 2156 πνεύματος
2723 2088 2822 2157 τὴν
2890 2089 3183 2155 άκρίῆειαν
3236 2088 3517 2151 ἕλκοντες,
3575 2085 3758 2138 οὔποτε

2199 2182 2465 2251 δεξόμεθα
2499 2181 2579 2253 (ού
2614 2183 2722 2252 γὰρ
2753 2183 2922 2251 ὅσιον)
2951 2183 3073 2236 οὐδὲ
3101 2185 3198 2245 τὰς
3235 2183 3521 2253 ἐλαχίστας
3550 2176 3756 2248 πράξεις

2199 2277 2323 2344 εἰκῇ
2362 2276 2766 2343 σπουδασθῆναι
2797 2278 2910 2337 τοῖς
2940 2275 3295 2345 ἁναγράψασι
3343 2273 3440 2329 καὶ
3492 2274 3645 2343 μέχρι
3672 2266 3755 2322 τοῦ

2204 2367 2475 2437 παρόντος
2510 2368 2703 2438 μνήμῃ
2732 2366 3087 2438 διασωθῆναι.
3112 2364 3229 2419 ἀλλ’
3259 2366 3328 2420 ἵν’
3363 2367 3520 2435 ἡμεῖς
3563 2364 3757 2433 ἔχωμεν

2202 2459 2574 2528 ὑπομνήματα
2627 2463 2723 2513 καὶ
2769 2461 3114 2530 παιδεύματα
3164 2460 3264 2526 τῆς
3334 2460 3441 2513 τῶν
3486 2456 3675 2527 ὁμοίων
3712 2454 3757 2506 εί

2204 2569 2334 2604 ποτε
2380 2552 2650 2620 συμπέσοι
2707 2552 2899 2621 καιρὸς
2957 2551 3323 2617 διασκέςιεωε,
3361 2551 3501 2603 ὥστε
3550 2548 3614 2601 τὰ
3669 2546 3757 2613 μὲν

2199 2644 2445 2713 φεύγειν,
2478 2644 2546 2696 τά
2600 2645 2656 2696 δὲ
2716 2645 3012 2714 αἱρεῖσθαι,
3044 2639 3155 2698 οἷον
3212 2646 3404 2699 κανόσι
3449 2645 3543 2698 καὶ
3584 2642 3756 2702 τύποις

2198 2740 2310 2800 τοῖς
2347 2736 2712 2807 προλαϐοῦσιν
2744 2739 3001 2807 ἑπόμενοι
3056 2738 3523 2809 παραδείγμασιν.
3567 2756 3583 2788 ι
3628 2735 3682 2788 ’0
3709 2733 3756 2785 δὲ

2204 2832 2378 2901 μέγας
2412 2831 2711 2899 Βασίλειος,
2752 2849 2769 2881 ι
2804 2832 2946 2899 Χρὴ,
2999 2851 3018 2882 ι
3069 2832 3226 2902 φησὶ,
3262 2850 3279 2882 ι
3318 2832 3409 2884 τὸν
3450 2832 3552 2899 πρὸ
3578 2826 3759 2895 ὀφθαλ-

2203 2923 2320 2993 μῶν
2350 2922 2544 2994 ἔχοντα
2567 2924 2627 2975 τὺ
2662 2923 2755 2975 τοῦ
2790 2923 3028 2991 Χριστοῦ
3055 2924 3434 2992 δικαστήριον,
3465 2923 3555 2973 καὶ
3597 2919 3756 2971 εἰδότα
3819 2974 3828 2985 ⁸

2198 3016 2329 3075 ὅσος
2359 3015 2387 3066 ὁ
2415 3015 2658 3076 κίνδυνος
2693 3016 2911 3080 ἀφελεῖν
2941 3033 2994 3066 τι
3024 3014 3056 3083 ἢ
3093 3015 3417 3085 προσθεῖναι
3462 3015 3568 3075 τοῖς
3599 3027 3756 3077 παραο

2199 3106 2504 3175 δεδομένοις
2552 3105 2658 3160 ὑπὸ
2709 3104 2804 3158 τοῦ
2853 3107 3197 3174 [ίνεύματος,
3254 3106 3336 3175 μὴ
3393 3103 3525 3173 παρ’
3580 3100 3755 3155 ἐαυτοῦ

2118 3203 2165 3266 C
2198 3194 2602 3267 φιλοτιμεῖσθαι
2673 3199 3041 3265 καινοτομεῖν,
3096 3196 3233 3247 ἀλλὰ
3290 3198 3408 3257 τοῖς
3463 3207 3756 3263 προκατηγ-

2200 3292 2485 3361 γελμένοις
2536 3292 2686 3360 παρὰ
2742 3291 2851 3343 τῶν
2898 3290 3069 3357 ἁγίων
3123 3291 3516 3358 ἐφησυχάζειν.
3566 3306 3583 3336 ι
3625 3285 3681 3336 '0
3708 3282 3755 3332 δὲ

2200 3386 2298 3455 τὴν
2327 3384 2576 3454 γλῶτταν
2606 3382 2841 3453 χρυσοῦς
2868 3384 2961 3436 καὶ
2997 3384 3161 3443 αὐτὸς
3194 3382 3419 3451 ὁμοίιος,
3462 3401 3481 3433 ι
3531 3380 3618 3431 Ἐν
3649 3376 3753 3434 ταῖς

2203 3478 2400 3542 θείαις,
2438 3497 2456 3529 ι
2491 3478 2650 3546 φησι,
2687 3496 2703 3527 ι
2737 3477 2980 3543 Γραφαῖς
3015 3475 3148 3527 ἰῶτα
3190 3474 3247 3525 ἓν
3294 3474 3325 3544 ἢ
3373 3472 3594 3539 κεραίαν
3639 3468 3752 3536 μίαν

2203 3569 2583 3639 παραδραμεῖν
2609 3569 2707 3620 οὐκ
2734 3567 2993 3635 ἀζήμιον,
3023 3566 3163 3618 ὥστε
3195 3565 3373 3616 πάντα
3395 3558 3751 3632 διερευνᾶσθαι

2201 3660 2334 3729 Χρή·
2385 3678 2403 3711 ⁹
2462 3659 2740 3729 Ἀκῆκοας
2781 3660 2828 3710 δ’
2885 3654 3040 3726 οἶμαι
3103 3657 3208 3725 πρὸ
3262 3657 3488 3727 βραχέος
3539 3648 3755 3707 ἐνταῦθα

2200 3752 2296 3805 καὶ
2323 3752 2628 3821 Γρηγορίου
2667 3749 2762 3802 τοῦ
2792 3749 3034 3818 Νύσσης,
3075 3768 3093 3799 ι
3141 3747 3239 3800 Διὰ
3274 3749 3334 3801 τὸ
3363 3749 3428 3817 τῇ
3464 3744 3704 3815 σαρκίνῃ,
3734 3756 3750 3788 ν

2204 3843 2535 3911 φάσκοντος,
2571 3860 2589 3892 ι
2644 3840 2910 3911 περιΰολῇ
2951 3841 3048 3911 τὴν
3082 3841 3244 3909 φύσιν
3275 3841 3309 3907 ἡ
3320 3840 3436 3909 μῶν
3463 3835 3755 3908 περιείργε-

2206 3941 2330 3994 σθαι
2354 3938 2739 4010 φανερωθῆναι
2767 3936 2873 3990 τῶν
2907 3936 3193 4005 ἡμετέρων
3217 3935 3312 3988 τοῦ
3341 3934 3434 3987 νοῦ
3461 3929 3758 4001 κινημάτων

2206 4032 2282 4102 μὴ
2338 4030 2677 4099 δυναμένων,
2707 4028 3026 4096 ἀναγκαίως
3089 4025 3359 4118 καθάπερΔ
3384 4025 3606 4118 ’σημεῖα
3643 4020 3758 4118 ’τοῖς

2204 4119 2499 4189 πράγμασι
2547 4118 2646 4179 τὰς
2679 4116 2837 4177 ποιὰς
2879 4114 2988 4166 τῶν
3019 4102 3307 4180 ὀνομάτων
3337 4112 3519 4175 θέσεις
3548 4102 3761 4161 ἐπιϐάλ-

2199 4208 2409 4269 λοντες,
2437 4205 2508 4258 δι’
2544 4204 2769 4257 ἐκείνων
2800 4203 2899 4263 τὰς
2947 4201 3042 4255 τοῦ
3081 4201 3173 4254 νοῦ
3227 4201 3475 4272 κινήσεις
3522 4193 3759 4265 ἀλλήλοις

2201 4296 2604 4367 δημοσιεύομεν
2633 4313 2648 4327 ·
2706 4296 2799 4347 καὶ
2837 4294 3030 4348 τούτου
3074 4294 3235 4364 χάριν
3289 4293 3368 4362 τῷ
3399 4291 3496 4361 μὲν
3528 4304 3631 4341 τινι
3663 4298 3761 4387 των

2203 4388 2374 4441 ὄντων
2439 4388 2612 4457 ὄνομα
2688 4387 2923 4457 οὐρανὸν
3002 4384 3261 4455 ἐθέμεθα,
3316 4383 3499 4478 ἐτέρῳ-
3547 4380 3603 4433 δὲ
3666 4380 3760 4478 γην

2207 4480 2268 4552 [ι.
2304 4480 2404 4533 N7
2444 4477 2520 4551 ιη]
2547 4480 2641 4532 καὶ
2691 4478 2837 4548 ἄλλῳ
2872 4478 2999 4531 ἄλλο
3033 4495 3107 4531 τι.
3142 4476 3253 4531 Καὶ
3298 4476 3360 4528 τὸ
3394 4475 3530 4542 πρός
3564 4490 3614 4524 τι
3654 4475 3761 4527 πῶς

517 4533 627 4588 vita
654 4545 850 4590 natura
880 4546 934 4591 et
966 4540 1174 4608 regulis
1212 4542 1507 4599 verborum
1561 4556 1616 4601 et
1642 4547 1954 4606 litterarum
1987 4554 2095 4609 dis-

2204 4533 2352 4638 ἔχειν
2412 4567 2444 4637 ἢ
2509 4533 2570 4620 τὸ
2619 4533 2866 4637 ἐνεργεῖν
2914 4565 2945 4636 ἢ
2983 4564 3044 4618 τὸ
3089 4568 3344 4634 πάσχειν,
3376 4533 3549 4618 ταῦτα
3598 4557 3761 4612 πάντα

517 4637 759 4696 ponatur
795 4637 851 4683 et
908 4629 1558 4709 administretur:atque
1618 4649 1816 4697 natura
1871 4645 2092 4714 quidem

504 4705 639 4772 sine
665 4720 861 4776 ordine
893 4730 979 4777 est
1003 4732 1057 4778 et
1106 4740 1297 4780 norma
1330 4742 1345 4780 :
1371 4705 1685 4787 lex-autem
1718 4735 1976 4805 rhythmo
2007 4746 2096 4793 est

515 4810 745 4878 praedita
776 4805 1050 4869 et'ordine
1083 4826 1139 4873 et
1183 4832 1369 4874 norma
1416 4820 1461 4875 si
1492 4832 1660 4878 temet
1683 4827 1858 4881 secuti
1889 4839 2097 4884 statua-

516 4916 644 4955 mus
667 4901 959 4958 verborum
997 4916 1053 4961 et
1086 4909 1397 4968 litterarum
1426 4916 1536 4970 vim
1573 4918 1781 4974 nullius
1824 4924 2092 4977 momenti

517 5008 661 5062 esse,
689 4998 874 5051 statim
905 5000 1068 5056 simul
1104 5013 1271 5075 atque
1303 5007 1565 5064 obtusum
1612 5021 1669 5066 et
1696 5026 1898 5067 vanum
1950 5032 2095 5085 pran-

518 5086 740 5144 buimus
762 5089 867 5146 hoc
893 5105 1149 5151 ornatum
1180 5108 1236 5153 et
1263 5103 1586 5158 admirabile
1614 5122 1754 5177 opus
1785 5107 1952 5177 318
1973 5108 2092 5172 Dei,

516 5180 735 5236 brutam
774 5185 938 5243 nobis
966 5188 1264 5247 elliciemus
1316 5194 1662 5253 vitam.Tum
1690 5198 1837 5252 enim
1873 5199 2090 5254 emuent

517 5273 571 5326 in
588 5278 1004 5343 perversionem
1036 5291 1092 5339 et
1135 5286 1494 5344 mutationem
1550 5292 1763 5346 ratione
1810 5302 2092 5345 carentem

516 5374 574 5419 et
606 5367 871 5437 impet’um
916 5388 1029 5428 non
1059 5378 1425 5447 gubernatum
1460 5381 1644 5436 omnia
1693 5390 1750 5436 et
1798 5397 1935 5436 usus
1966 5383 2094 5437 vita:

516 5459 697 5513 omnis
723 5461 902 5517 abibit
931 5467 1009 5519 ad
1031 5470 1259 5523 multam
1296 5471 1627 5527 dementiam
1679 5484 1731 5527 ct
1774 5474 2044 5528 insaniam
2076 5493 2090 5529 :

519 5558 628 5601 tam
654 5555 920 5611 attonitus
976 5568 1035 5613 σι
1062 5572 1243 5616 mente
1277 5574 1472 5633 CﬁplllS
1506 5575 1678 5630 οεεοῑ,
1710 5581 1891 5634 neque
1926 5580 2094 5622 sanus

518 5653 675 5706 atque
701 5654 754 5696 et
785 5647 877 5713 qui
920 5649 1049 5704 talia
1098 5654 1297 5709 suadet
1353 5666 1409 5708 et
1466 5656 1557 5724 qui
1616 5655 1719 5710 hoc
1768 5671 2090 5724 persuasum

521 5728 627 5782 sibi
654 5746 776 5789 esse
831 5738 965 5793 dicit
998 5757 1013 5793 :
1052 5745 1225 5798 multo
1254 5745 1501 5814 profecto
1528 5746 1725 5802 fuisset
1757 5749 1854 5804 tibi
1880 5749 2095 5819 sapien-

525 5816 635 5877 tius
661 5821 865 5882 dictum
896 5837 1074 5899 tuum,
1109 5834 1155 5891 si
1187 5836 1293 5890 tuis
1325 5837 1457 5893 solis
1488 5838 1669 5895 verbis
1696 5849 1751 5895 et
1778 5840 1978 5895 litteris
2009 5856 2093 5898 cs-

2206 4655 2540 4720 ἰδιαζούσαις
2574 4653 3052 4726 ὲπισημαινόμεθα
3082 4657 3202 4717 ταῖς
3231 4655 3464 4746 φωναῖς,
3493 4651 3566 4746 ᾡς
3607 4648 3670 4701 διν

2200 4742 2570 4813 ἁκοινὼνητός
2596 4759 2656 4795 τε
2681 4742 2778 4795 καὶ
2816 4741 3096 4810 ἄγνωστος
3126 4742 3160 4810 ἡ
3195 4741 3290 4794 τοῦ
3339 4740 3431 4794 νοῦ
3473 4739 3681 4808 κίνησις
3703 4739 3762 4834 ἐν

2202 4835 2335 4903 ἡμῖν
2379 4831 2551 4902 μένοι.
2595 4850 2614 4883 ι
2653 4831 2863 4894 Ἀλλως
2887 4848 2943 4884 τε
2970 4833 3064 4885 καὶ
3094 4832 3399 4901 ἐπειδήπερ
3435 4831 3578 4889 ἄπας
3606 4828 3634 4878 ό
3662 4828 3762 4875 τῶν

2202 4923 2510 4993 ἀνθρώπων
2538 4921 2652 4992 βίος
2689 4920 2851 4990 φύσει
2887 4922 3194 4988 καὶτνόμοις
3242 4923 3354 4983 τοῖς
3388 4921 3477 4973 διὰ
3508 4914 3761 4990 ῥημάτων

2201 5033 2260 5068 τε
2296 5014 2388 5066 καὶ
2421 5013 2771 5084 γραμμάτων
2805 5014 3174 5083 οἰκονομεῖται
3209 5012 3304 5065 καὶ
3333 5014 3639 5073 διοικεῖται,
3675 5004 3760 5058 καὶ

2201 5108 2235 5176 ὴ
2263 5105 2362 5176 μὲν
2392 5104 2554 5172 φύσις
2586 5104 2823 5157 ἄτακτον
2853 5104 2948 5157 καὶ
2991 5104 3302 5173 ἀνώμαλον,
3334 5104 3361 5155 ό
3398 5103 3455 5156 δὲ
3493 5103 3648 5170 νόμος
3679 5094 3760 5149 εὖ·

2204 5197 2411 5269 ρυθμόν
2466 5214 2525 5250 τε
2584 5198 2680 5249 καὶ
2732 5197 3070 5265 τεταγμένον
3131 5198 3226 5250 καὶ
3291 5194 3525 5266 ὁμαλὸν,
3579 5195 3627 5245 εί
3682 5187 3758 5240 σοὶ

2201 5288 2518 5351 πεισθέντες
2570 5289 2876 5357 ἀπρακτεῖν
2910 5289 3179 5359 ἐάσαιμεν
3218 5290 3320 5359 τὴν
3352 5289 3462 5343 τῶν
3510 5284 3759 5358 ῥημάτων

2202 5381 2297 5433 καὶ
2343 5381 2693 5449 γραμμάτων
2726 5381 2979 5449 δύναμιν,
3016 5382 3116 5434 οὐκ
3156 5380 3221 5434 ἂν
3258 5380 3557 5451 φθάνοιμεν
3588 5373 3758 5440 κωφὸν

2204 5473 2298 5525 καὶ
2328 5473 2556 5542 μάταιον
2612 5472 3029 5537 ἀποδεικνύντες
3076 5473 3174 5544 τὴν
3226 5474 3519 5541 ἐγκόσμιον
3566 5467 3757 5531 ταύτην

2202 5564 2296 5615 καὶ
2364 5563 2675 5632 θαυμασίαν
2737 5565 2956 5635 ποίησιν
3019 5565 3116 5617 τοῦ
3183 5564 3320 5618 Θεοῦ
3378 5565 3473 5616 καὶ
3527 5557 3753 5630 θηριώδη

2201 5654 2433 5724 δρῶντες
2478 5657 2568 5707 τὸν
2602 5656 2736 5725 βίον.
2789 5657 2861 5708 Τὸ
2891 5657 3001 5727 γὰρ
3042 5657 3291 5710 ἐντεῦθεν
3339 5657 3600 5726 ρυήσεται
3632 5649 3755 5718 πρὸς

2202 5745 2506 5816 μεταὸολὴν
2554 5747 2646 5800 καὶ
2693 5748 2982 5801 ἀλλοίωσιν
3025 5749 3218 5817 ἄλογον
3252 5748 3415 5810 εὐθὺς
3465 5748 3554 5798 καὶ
3593 5741 3755 5812 φορὰν

2202 5840 2574 5913 ἀκυϐέρνητον
2631 5840 2872 5907 ἅπαντα,
2920 5840 3013 5894 καὶ
3064 5841 3225 5911 χρεία
3286 5840 3399 5911 βίου
3451 5834 3640 5895 παντ-ὶς
3675 5827 3751 5883 οε·
