4034 6466
344 402 441 465 281

1316 410 1762 471 ΒΥΖΛΝΤΙΝᾹΞ
1802 410 2193 471 HISTORLE
2225 412 2371 470 LIB.
2404 410 2591 475 XXX.

3494 404 3605 468 28?.

343 519 572 589 χήσιται
615 522 752 593 πρὸς
801 524 860 577 τὸ
913 525 1058 595 μάλα
1114 526 1373 597 ἀνόνητον
1399 529 1497 581 καὶ
1545 529 1699 583 οὐδὲν
1739 528 1913 596 ὑγιές.

2038 537 2145 583 ίυιιι
2190 540 2240 585 te
2264 529 2764 600 circumscriptum.
2799 527 2894 583 His
2919 526 3066 583 enim
3097 521 3229 580 solis
3254 521 3417 576 hodie
3439 520 3616 575 abst-7-

344 608 535 674 Οὖτως
571 614 935 687 ὲμὸρόντητος
970 624 1063 671 καὶ
1091 619 1389 688 παραπλὴξ
1421 620 1520 690 τὴν
1552 621 1798 674 διάνοιαν
1832 619 1920 688 εἵη

342 699 412 751 ἂν
440 700 537 754 καὶ
570 702 723 756 οὐδὲν
763 705 921 773 ὑγιὲς
973 708 1177 776 ὁμοίως
1215 710 1243 762 ὅ
1290 727 1351 763 τε
1402 711 1576 764 τοιαδὶ
1629 710 1918 782 παραινῶν

346 791 444 843 καὶ
487 794 516 845 ὁ
542 798 836 852 πεπεῖσθαι
876 801 1071 855 δοκῶν.
1113 801 1300 870 Πολλῷ
1331 802 1481 872 μέντ’
1511 803 1577 855 ἂν
1605 797 1675 873 ἦν
1709 819 1795 858 σοι
1828 819 1921 855 σο-

347 882 590 955 φώτερον
615 888 677 941 τὸ
711 889 903 961 λεχθέν
951 911 1052 959 σοι,
1081 897 1131 947 εί
1160 895 1275 957 τοῖς
1325 897 1441 958 σοῖς
1490 895 1674 964 μόνοις
1712 896 1922 966 ῥήμασι

344 977 442 1030 καὶ
469 979 764 1050 γράμμασι
789 986 1234 1057 περιεγέγραπτό
1280 1005 1387 1042 σοι.
1422 987 1647 1041 Τούτων
1675 988 1785 1057 γὰρ
1818 988 1919 1057 μό-

2020 630 2115 677 net
2133 623 2326 692 pietas;
2348 621 2992 688 etdiceredebebasmon
3012 616 3350 674 credendum
3386 614 3440 668 in
3489 628 3615 666 vcr-

2020 713 2106 768 bis
2133 724 2227 767 aut
2250 714 2450 769 litteris
2481 714 2770 770 Palamicis
2794 713 3021 767 omnino
3070 724 3194 764 esse
3226 708 3489 778 pietatem
3512 720 3527 769 ;
3549 711 3605 757 tu

2020 817 2203 859 autem
2236 806 2521 862 indeﬁnite
2539 804 2811 876 protulisti
2840 802 2975 858 illud
3013 821 3026 856 :
3071 807 3131 853 ut
3176 798 3287 869 jam
3314 795 3385 848 iis
3442 791 3534 862 qui
3563 801 3613 845 te

2021 910 2329 966 sequuntur
2356 914 2386 951 a
2427 898 2647 967 pietatis
2695 893 3056 952 clarisverbis
3096 882 3613 946 etlitterisremutis

2023 987 2275 1044 facillime
2330 990 2508 1057 possis
2558 989 2842 1043 insinuare
2887 984 3181 1055 impietatis
3236 990 3342 1035 tum
3381 977 3614 1033 malum.

236 1109 243 1113 ς
346 1086 454 1123 νων
491 1072 792 1141 ἀφίσταται
840 1081 1084 1150 τήμερον
1141 1082 1175 1150 ἡ
1228 1081 1522 1134 εὐσέϐειαν
1559 1084 1656 1136 καὶ
1716 1081 1836 1134 δέον
1906 1096 1990 1135 σοι
2026 1082 2209 1149 λέγειν
2240 1079 2315 1151 μὴ
2344 1084 2402 1134 ὲν
2428 1083 2637 1151 ῥήμασι
2681 1081 2805 1152 μηδ’
2841 1083 2898 1135 ὲν
2934 1078 3231 1148 γράμμασι
3270 1069 3617 1138 Παλαμικοῖς

346 1160 408 1213 τὸ
455 1167 718 1233 παράπαν
770 1167 912 1225 εἶναι
967 1174 1215 1242 νομίζειν
1259 1176 1359 1247 τὴν
1402 1176 1710 1238 εὐσέϐειαν,
1756 1177 1821 1229 σὺ
1877 1176 1925 1230 δ’
1964 1175 2235 1247 ἀορίστως
2285 1177 2612 1244 ἐξήνεγκας,
2648 1176 2736 1229 ἵνα
2803 1174 2866 1245 δὴ
2909 1173 3018 1228 τῶν
3070 1172 3173 1239 τῆς
3211 1166 3493 1225 εὖσεὸείας
3521 1165 3617 1231 δτι-

348 1256 535 1311 λωτῶν
587 1263 850 1330 ῥημάτων
899 1265 995 1317 καὶ
1044 1267 1391 1336 γραμμάτων
1440 1266 1757 1338 ἀποστήσας
1800 1266 1931 1330 τοὺς
1974 1265 2331 1336 πειθομένους
2368 1267 2543 1338 ῥᾷστα
2599 1266 2659 1318 τὸ
2712 1266 2810 1335 τῆς
2841 1265 2941 1333 σῆς
2968 1264 3225 1323 ἀσεϐείας
3258 1260 3390 1331 ἔχῃς
3417 1256 3612 1327 κιρνᾷν

349 1350 552 1420 δηλητή
563 1371 700 1423 ριον.

424 1444 549 1500 KI".
594 1447 795 1511 Ἡδέως
825 1449 870 1501 δ’
901 1450 970 1503 ἂν
995 1451 1293 1522 ἀκούσαιμι
1341 1455 1496 1524 παρὰ
1524 1454 1621 1508 σοῦ
1667 1455 1760 1509 καὶ
1802 1455 1928 1507 τίνα

352 1538 483 1589 ποτὶ
513 1539 695 1607 λέγεις
726 1535 870 1595 εἶναι
925 1543 993 1595 τὰ
1044 1546 1376 1614 πράγματα,
1409 1549 1469 1600 ὲν
1518 1543 1602 1611 οἷς
1634 1549 1734 1610 τὴν
1779 1547 1935 1601 εὐσέ-

353 1627 508 1681 6ειαν
540 1629 756 1684 κεῖσθαι
804 1636 1145 1703 μετεωρίσας
1192 1640 1260 1706 τῇ
1303 1639 1601 1700 ἀντιθέσει,
1635 1635 1759 1692 εἶτα
1804 1641 1931 1708 σιγῇ

306 1712 313 1719 ’
354 1720 706 1791 παρέδραμες
754 1723 1073 1794 δεδηλωκὼς
1121 1729 1300 1781 οὐδέν.
1363 1730 1536 1782 Τοῦτο
1597 1731 1663 1800 δὴ
1724 1731 1785 1782 τδ
1833 1731 1934 1800 τῆς

2099 1453 2289 1508 XXIII.
2324 1453 2581 1508 Libenter
2605 1458 2789 1506 autem
2834 1450 3053 1504 audiam
3096 1466 3124 1503 a
3178 1456 3229 1502 te
3260 1447 3425 1503 etiam
3455 1458 3623 1515 quas-

2034 1559 2159 1599 nam
2203 1545 2356 1600 dicas
2396 1561 2483 1599 res
2519 1559 2663 1602 esse.
2750 1545 2804 1597 in
2859 1544 3062 1611 quibus
3123 1541 3384 1610 pietatem
3437 1537 3617 1589 inesse

2033 1645 2322 1706 postquam
2390 1638 2688 1695 deﬁnivisti
2744 1648 2802 1694 et
2879 1634 3154 1706 prutulisli
3226 1629 3613 1700 oppositione,

2036 1729 2256 1784 silentio
2288 1731 2340 1785 id
2384 1733 2701 1808 prmteristi,
2748 1747 2873 1787 eum
2925 1728 3061 1782 nihil
3126 1723 3527 1794 explicuisses;
3563 1719 3616 1772 id

354 1811 596 1876 ἀμαθίας
623 1816 723 1882 τῆς
752 1816 850 1884 σῆς
877 1817 1071 1882 εἰωθὸς
1096 1820 1472 1889 προκάλυμμα
1509 1823 1633 1874 είπὲ
1662 1822 1801 1890 πρὸς
1826 1821 1933 1873 τῶν

2039 1821 2188 1889 quod
2227 1822 2553 1892 ignorantiae
2610 1832 2716 1879 tua:
2778 1823 3000 1877 solitum
3051 1828 3131 1872 est
3203 1815 3570 1869 vclamentum
3602 1849 3618 1874 ,

355 1900 467 1954 σῶν
511 1879 779 1958 ἀνουσίων
808 1879 928 1959 ’καὶ
979 1879 1361 1979 ἀνυπάρκτων·
1395 1879 1795 1980 θεοτήτων..Εί
1836 1911 1934 1980 μὲν

2039 1913 2129 1967 dic
2160 1914 2316 1979 mihi,
2362 1922 2412 1966 te
2438 1931 2537 1968 oro
2571 1932 2668 1985 per
2728 1911 3115 1968 inessentiales
3151 1918 3272 1962 tuas
3305 1914 3360 1960 et
3429 1901 3622 1956 insub-

354 1993 464 2060 7&9
512 1994 609 2063 τὴν
668 1992 822 2048 θείαν
880 1998 973 2051 καὶ
1008 2000 1448 2067 τρισυπόστατον
1501 2000 1688 2070 φύσιν,
1721 2000 1839 2062 πῶς
1874 2002 1935 2053 ού

353 2082 705 2151 δεδήλωκαςς
751 2084 919 2141 Ἀλλὰ
962 2089 1109 2143 τοῦτ’
1143 2090 1315 2160 εὐχῆς
1366 2092 1467 2157 μὲν
1512 2090 1686 2159 ἄξιον,
1723 2091 1936 2155 ἐλπίδος

348 2172 394 2224 δ’
421 2171 521 2224 οὐκ
551 2171 618 2226 ἂν
651 2174 830 2245 δήπου
853 2193 868 2207 ·
905 2177 1105 2231 πολλοῦ
1137 2178 1194 2232 δὲ
1226 2181 1320 2232 καὶ
1358 2180 1440 2232 δεῖ
1468 2199 1481 2213 ·
1512 2181 1573 2233 ού
1605 2185 1714 2250 7&9
1743 2181 1809 2253 δὴ
1841 2181 1936 2235 σὺν

357 2263 490 2332 ὀρθὰ
548 2269 678 2335 περὶ
730 2267 869 2321 Θεοῦ
922 2272 1139 2338 φρονεῖν
1195 2275 1291 2324 καὶ
1352 2272 1716 2342 φθέγγεσθαι.
1773 2274 1939 2328 ’Δλλὰ

359 2354 661 2424 πράγματα
696 2359 801 2431 φῂς
833 2362 994 2424 αὐτὸς
1017 2364 1117 2425 τὰς
1148 2365 1435 2428 ἁνουσίους
1476 2367 1571 2418 σου
1602 2366 1811 2429 ταύτας
1842 2368 1937 2421 xui.

359 2444 618 2515 ἀπείρους
681 2448 966 2522 θεότητας,
995 2448 1085 2517 αἷς
1152 2456 1276 2523 μήτ’
1335 2456 1435 2526 ἥδη
1487 2457 1767 2526 περίεστιν
1796 2452 1937 2510 εἷναι

363 2539 490 2609 μήτ’
540 2541 735 2596 ἔπειτά
783 2546 902 2597 ποτ’
946 2545 1203 2601 ἔσεσθαι·
1245 2549 1295 2617 ὅ,
1325 2551 1432 2617 7&9
1471 2550 1724 2602 ἁνούσιόν
1751 2567 1809 2602 τε
1842 2551 1937 2604 καὶ

360 2634 633 2696 ἄκτιστον,
671 2637 782 2690 τῶν
821 2636 993 2707 μηδὲν
1019 2639 1157 2699 ὅλως
1190 2641 1419 2711 μηδαμῆ
1455 2642 1726 2713 μηδαμῶς
1767 2643 1936 2697 ὄντων

360 2724 421 2789 ἐξ
464 2726 708 2795 ἀνάγκης
740 2728 942 2795 λέγοιτ’
970 2731 1056 2783 ἄν.
1084 2731 1321 2802 Τοιαύτη
1351 2732 1463 2785 τῶν
1506 2735 1617 2788 σῶν
1645 2735 1938 2804 δογμάτων

359 2819 393 2887 η
435 2820 691 2889 τερατεία
721 2823 812 2874 καὶ¹
861 2822 924 2875 τὸ
965 2823 1058 2876 σδν
1100 2824 1381 2895 ἐνθύμιον,
1409 2820 1454 2880 ὦ
1505 2827 1650 2898 κακὴ
1701 2828 1935 2899 κεφαλὴ.

365 2910 571 2966 πείθειν
597 2916 882 2968 πιστεύειν
922 2909 984 2988 [ί.
1030 2917 1130 2972 H7
1165 2917 1218 2990 υ]
1251 2919 1332 2981 είς
1357 2919 1417 2973 τὺ
1447 2919 1640 2990 μηδέν.
1665 2921 1790 2973 Τῶν
1829 2922 1937 2991 γάρ

362 3020 443 3057 τοι
492 3004 652 3059 θείων
706 3009 970 3078 ῥημάτων
1032 3012 1125 3064 καί⁹
1185 3012 1538 3082 γραμμάτων
1567 3014 1938 3085 ἀνῃρημένων

364 3099 502 3151 κατὰ
542 3099 640 3170 τὴν
682 3103 784 3171 σὴν
837 3102 1185 3171 παραίνεσιν,
1218 3103 1254 3158 ἃ
1284 3103 1388 3174 τὴν
1432 3104 1543 3157 τῶν
1590 3105 1938 3174 πραγμάτων

2037 2002 2316 2058 Stantiales
2332 2004 2666 2058 divinitatea.
2686 2004 2820 2059 Nam
2849 2004 2893 2056 si
2918 2001 3158 2056 divinam
3188 1994 3437 2067 cogitasti
3459 2002 3513 2047 et
3536 2001 3621 2047 ter

2038 2095 2455 2150 substantialem
2512 2105 2785 2160 naturam,
2816 2111 2916 2149 cur
2964 2108 3072 2148 non
3129 2086 3611 2159 eXplicuistihoc?

2039 2184 2144 2240 Sed
2184 2187 2288 2242 hoc
2316 2199 2443 2244 voto
2480 2189 2730 2258 dignum,
2759 2203 2856 2257 spe
2883 2187 3037 2241 nullo
3070 2193 3131 2238 ut
3158 2183 3380 2238 videtur
3417 2173 3623 2234 modof

2037 2289 2103 2330 ac
2131 2276 2377 2345 profecto
2408 2277 2642 2331 multum
2669 2278 2892 2346 quidem
2926 2275 3110 2338 abest,
3152 2288 3330 2342 neque
3361 2270 3508 2325 enim
3536 2276 3623 2323 est

2038 2365 2117 2419 tui
2142 2364 2308 2436 319
2340 2366 2546 2435 ingenii
2572 2373 2737 2433 recte
2767 2366 2834 2420 de
2867 2366 2976 2419 Deo
3013 2364 3256 2433 cogitare
3285 2370 3343 2416 et
3371 2374 3624 2431 pronun-

2039 2456 2199 2512 tiare.
2259 2456 2367 2512 Sed
2398 2473 2489 2512 res
2515 2457 2634 2528 ipse
2665 2458 2807 2513 dicis
2836 2457 2938 2512 has
3001 2467 3121 2512 tuas
3151 2453 3533 2510 incssentiales
3561 2460 3621 2509 et

2041 2544 2283 2600 inﬁnitas
2309 2545 2630 2602 divinitates
2664 2567 2676 2602 :
2712 2562 2834 2616 qua:
2862 2547 2975 2617 jam
3007 2561 3129 2602 esse
3187 2559 3363 2613 neque
3387 2550 3622 2613 possunt

2040 2653 2223 2708 neque
2249 2648 2438 2708 postea
2469 2647 2734 2709 poterunt
2761 2654 3026 2709 unquam.
3080 2636 3239 2702 Quod
3271 2636 3421 2690 enim
3474 2635 3624 2688 ines-

2041 2728 2277 2782 sentiale
2307 2737 2476 2783 estet
2533 2729 2861 2795 inereatum,
2921 2729 3238 2783 necessario
3298 2727 3353 2779 in
3387 2738 3622 2779 numero

2039 2835 2232 2875 eorum
2267 2819 2586 2889 ponendum
2612 2829 2697 2875 est
2723 2836 2848 2891 qua:
2877 2820 3019 2873 nihil
3047 2818 3277 2873 omnino
3307 2817 3419 2871 ullo
3456 2811 3621 2868 modo

2041 2921 2174 2967 sunt
2206 2930 2219 2966 :
2259 2911 2398 2967 tales
2420 2919 2550 2965 sunt
2605 2910 2925 2981 dogmatum
2980 2919 3202 2963 tuorum
3237 2905 3529 2977 praestigias
3564 2914 3620 2959 et

2040 3002 2157 3058 haec
2192 3013 2284 3058 tua
2317 3013 2401 3057 est
2432 3018 2584 3066 cura,
2619 3018 2654 3056 o
2680 3010 2846 3072 caput
2875 3000 3100 3063 malum,
3139 3011 3198 3054 ut
3227 2996 3462 3053 suadeas
3493 3008 3622 3051 cre-

2042 3095 2240 3150 damus
2270 3095 2325 3149 in
2361 3095 2414 3149 id
2451 3094 2598 3164 quod
2632 3093 2773 3148 nihil
2805 3103 2911 3147 est.
2954 3093 3172 3147 Etenim
3206 3090 3411 3146 divinis
3431 3087 3621 3143 verbis

362 3189 610 3259 δηλοῦσιν
646 3193 923 3262 ἀλήθειαν,
955 3196 1042 3259 τίς
1090 3195 1211 3249 ποθ’
1243 3196 1510 3265 ὁμολογία
1562 3196 1804 3260 πίστεως
1838 3202 1934 3252 καὶ

2043 3196 2100 3241 et
2130 3186 2333 3241 litteris
2366 3185 2622 3249 sublatis,
2651 3193 2709 3238 ut
2751 3193 2808 3239 tu
2837 3183 3063 3246 suades,
3103 3198 3225 3252 qua:
3261 3196 3445 3235 rerum
3472 3178 3621 3234 veri-

364 3279 526 3332 πόθεν
544 3282 608 3335 ἂν
638 3299 767 3335 ποτε
796 3284 1012 3351 γένοιτο
1032 3285 1113 3338 ἔτι
1136 3303 1155 3352 ;
1188 3285 1360 3340 Πόθεν
1387 3287 1433 3340 δ’
1453 3285 1520 3338 ἂν
1560 3289 1654 3340 καὶ
1682 3287 1770 3349 τίς
1799 3306 1936 3342 ποτε

361 3374 474 3437 τοῖς
517 3373 762 3428 εὐσεϐεῖν
813 3375 1059 3430 ίθᾶλουσι
1115 3378 1330 3444 γένοιτο
1386 3380 1590 3448 γνῶσις
1645 3379 1780 3433 Θεοῦ
1838 3382 1936 3434 τοῦ

363 3466 720 3536 πεποιηκότος
743 3469 919 3538 ἡμᾶς
961 3469 1119 3524 Ἀλλὰ
1142 3472 1268 3543 περὶ
1296 3472 1398 3540 μὲν
1419 3472 1627 3526 τούτων
1655 3472 1737 3526 ἔτι
1765 3473 1939 3527 πολλὰ

359 3555 541 3624 λέγειν
568 3555 767 3625 ἔχοντι,
791 3558 887 3613 τοῦ
917 3560 1115 3630 καιροῦ
1161 3563 1237 3633 μὴ
1266 3563 1526 3633 διδόντος,
1565 3566 1818 3635 μετιτέον
1849 3566 1937 3635 ἐφ’

360 3648 543 3716 ἔτερα.
588 3648 795 3705 Ἐκεῖνο
823 3652 880 3705 δὲ
906 3654 1025 3718 πῶς
1056 3658 1218 3722 νοεῖς,
1246 3649 1292 3709 ὧ
1315 3657 1471 3711 καινὲ
1502 3658 1744 3726 θεολόγε,
1764 3659 1940 3726 λέγων

364 3745 429 3794 ἐκ
486 3743 595 3795 τῶν
655 3746 950 3812 ἐνεργειῶν
1008 3748 1298 3817 γνωρίζειν
1331 3750 1482 3818 ἡμᾶς
1531 3750 1624 3802 τὸν
1652 3750 1830 3816 Θεόν;
1865 3753 1937 3805 Ἢ

364 3835 471 3904 γὰρ
520 3834 581 3889 ού
629 3839 867 3906 συνῆκας
908 3839 1124 3892 ἀκούων
1172 3842 1238 3893 ὲκ
1283 3840 1392 3893 τῶν
1421 3839 1598 3910 ἔργων
1642 3843 1752 3894 τῶν
1814 3859 1939 3910 φαι-

363 3928 603 3993 νομένων
634 3929 748 3992 τοῖς
794 3928 1078 3997 αἰσθητοῖς
1136 3929 1442 3998 ὀφθαλμοῖς
1492 3932 1651 4001 ἡμῶν
1679 3934 1771 3985 τὸν
1804 3934 1937 4002 ἡμῖν

361 4016 425 4067 οὐ
469 4018 793 4087 φαινόμενον
842 4019 1133 4090 γνωρίζειν
1182 4023 1331 4093 ἡμᾶς
1383 4020 1555 4087 Θεόν;
1625 4024 1939 4095 Ἐνέργιιιαν

362 4109 472 4176 γὰρ
510 4103 649 4163 εἶναι
685 4110 777 4162 καὶ
826 4110 896 4163 τὰ
953 4110 1377 4182 ἀποτελέσματα
1425 4114 1702 4169 δέδεικται
1740 4117 1938 4186 μικρὸν

363 4202 494 4269 ἡμῖν
550 4200 835 4269 πρότερον.
893 4201 1004 4255 Καὶ
1066 4205 1131 4256 ὲκ
1194 4203 1465 4274 μεγέθους
1516 4207 1613 4259 καὶ
1671 4207 1937 4275 καλλονῆς

364 4294 684 4362 κτισμάτων
712 4291 870 4357 αὖθις
914 4294 1139 4361 ἀκούεις
1171 4299 1267 4351 καὶ
1298 4299 1537 4368 ἀλλαχοῦ
1579 4298 1682 4368 τῆς
1712 4299 1938 4368 Γραφῆς

361 4385 623 4455 λεγούσης
676 4387 1057 4457 θαυμάζεσθαι
1103 4390 1195 4443 τὸν
1245 4390 1607 4460 Δημιουργὸν,
1647 4392 1743 4444 καὶ
1787 4389 1937 4444 τοῦτ’

2045 3288 2209 3334 tatem
2246 3279 2551 3343 declarant,
2587 3293 2710 3348 quae
2741 3276 2960 3331 tandem
2996 3276 3102 3331 erit
3130 3273 3421 3330 consensio
3450 3270 3621 3353 ﬁdei,

2043 3381 2098 3427 et
2135 3371 2281 3427 unde
2342 3371 2560 3427 tandem
2617 3370 2875 3426 oriatur?
2934 3369 3090 3426 Unde
3135 3377 3191 3423 et
3240 3383 3363 3438 qua:
3401 3365 3619 3420 tandem

2045 3463 2112 3518 iis
2149 3463 2243 3533 qui
2276 3463 2539 3532 pietatem
2572 3462 2755 3517 colere
2818 3462 3038 3526 volunt,
3084 3459 3177 3514 ﬁat
3214 3457 3458 3529 cognitio
3519 3456 3618 3510 Dei

2043 3554 2139 3624 qui
2176 3569 2276 3609 nos
2304 3554 2539 3610 creavit?
2563 3553 2669 3610 Sed
2701 3568 3019 3624 quanquam
3077 3551 3147 3607 de
3204 3551 3294 3606 his
3350 3561 3617 3620 praeterea

2043 3646 2214 3700 multa
2244 3644 2431 3701 dicere
2470 3660 2719 3715 possum,
2749 3661 2874 3700 cum
2911 3654 3128 3714 tempus
3177 3657 3287 3697 non
3324 3641 3491 3708 sinat,
3549 3638 3618 3693 ad

2042 3735 2148 3790 alia
2182 3734 2581 3790 transeundum
2621 3744 2728 3790 est.
2756 3735 2916 3789 Illum
2950 3742 3132 3788 autem
3158 3731 3437 3803 quomodo
3464 3728 3620 3799 cogi-

2046 3835 2150 3891 tas,
2184 3842 2217 3880 o
2249 3840 2388 3880 nove
2423 3825 2698 3896 theologe,
2746 3840 2870 3880 cum
2893 3826 3044 3880 dicas
3075 3840 3142 3880 ex
3171 3822 3482 3879 eﬂicientiis
3516 3833 3621 3875 nos

2043 3931 2380 3985 cognoscere
2466 3916 2697 3970 Deum?
2755 3918 2837 3970 Au
2912 3915 3061 3971 enim
3130 3930 3241 3969 non
3296 3909 3621 3967 intellexisti

2041 4024 2163 4079 qua:
2194 4007 2430 4075 audisti,
2461 4022 2532 4062 ex
2560 4007 2826 4077 operibus
2878 4007 3141 4061 nimirum
3194 4020 3317 4074 qua:
3366 4001 3619 4071 corporis

2041 4099 2217 4157 oculis
2244 4099 2454 4155 nostris
2486 4101 2916 4170 perspiciuntur,
2947 4113 3279 4170 cognoscere
3296 4111 3397 4151 nos
3421 4096 3617 4161 Deum,

2040 4192 2136 4263 qui
2171 4206 2281 4247 non
2338 4207 2368 4247 a
2420 4191 2582 4247 nobis
2629 4190 2997 4261 perspicitur?
3056 4187 3419 4247 Efﬁcientiam
3469 4186 3623 4242 enim

2040 4299 2163 4339 esse
2189 4283 2358 4338 etiam
2388 4284 2551 4346 facta,
2580 4282 3020 4338 demonstratum
3051 4290 3138 4337 est
3190 4297 3220 4335 a
3252 4279 3417 4335 nobis
3452 4278 3625 4348 paulo

2041 4387 2226 4440 antea,
2263 4385 2320 4432 et
2348 4390 2418 4431 ex
2453 4375 2832 4446 magnitudine
2865 4384 2922 4430 et
2949 4374 3364 4445 pulchritudine
3394 4380 3623 4428 creato-

364 4475 502 4532 εἶναι
556 4480 618 4533 τὸ
663 4481 791 4544 τοὺς
841 4482 1111 4549 οὐρανοὺς
1158 4483 1469 4553 διηγεῖσθαι
1502 4484 1603 4556 τὴν
1653 4485 1812 4552 δόξαν
1840 4483 1934 4539 τοῦ

2044 4480 2167 4521 rum
2201 4481 2393 4522 rursus
2431 4466 2591 4520 audis
2614 4466 2778 4520 etiam
2805 4463 2937 4519 alibi
2965 4464 3306 4534 Scripturam
3342 4463 3617 4520 dicentem

364 4569 521 4624 Θεοῦ.
563 4571 673 4624 Καὶ
710 4573 738 4624 ὁ
768 4572 1138 4642 Δαμασκηνὸς
1188 4574 1391 4642 ὁμοίως
1438 4553 1608 4644 φησίν
1651 4575 1932 4647 Ἰωάννης,

2042 4573 2146 4613 nos
2179 4558 2439 4612 admirari
2486 4557 2808 4613 Creatorem
2847 4574 2864 4611 :
2916 4568 3083 4626 atque
3139 4567 3247 4612 hoc
3282 4556 3414 4611 illud
3468 4571 3620 4622 esse,

369 4682 390 4717 ι
435 4662 495 4716 '0
519 4667 586 4735 τῇ
622 4663 781 4733 φύσει
803 4665 1038 4734 ἀόρατος
1060 4664 1195 4728 Θεὸς
1238 4667 1435 4736 ὁρατὸς
1467 4669 1591 4731 ταῖς
1632 4667 1939 4736 ἐνεργείαις

363 4754 597 4822 γίνεται,
628 4757 692 4808 ὲκ
723 4756 823 4824 τῆς
848 4755 944 4809 τοῦ
992 4755 1203 4827 κόσμου
1234 4760 1553 4822 συστάσεως
1592 4761 1685 4813 καὶ
1733 4760 1936 4831 x0659-

363 4844 571 4912 νήσεως
604 4842 1028 4912 γινωσκόμενος.
1066 4862 1086 4895 s
1121 4846 1315 4914 Ὅμως
1369 4847 1738 4915 παρακατιὼν
1773 4846 1940 4917 εὑρή-

364 4951 475 4996 σεις
502 4937 594 4987 τὶν
636 4935 809 5005 μέγαν
841 4934 1121 4990 Βασίλειον
1147 4935 1241 4990 καὶ
1271 4935 1436 4992 αὐτὸν
1458 4937 1832 5008 ἐρμηνεύοντα
1868 4941 1938 4992 τὰ

363 5025 555 5079 ἑαυτοῦ
588 5030 643 5079 ἐν
672 5028 738 5096 τῇ
764 5027 900 5098 αὐτῇ
933 5026 1227 5097 ἐπιστολῇ,
1256 5045 1277 5078 ι
1315 5027 1412 5081 Ἐκ
1438 5028 1547 5096 γὰρ
1579 5027 1879 5097 θαλάσσης,
1910 5048 1930 5082 ι

365 5113 520 5182 φησι,
559 5132 577 5163 ι
620 5114 714 5166 καὶ
744 5113 961 5183 ἀνέμων
988 5114 1421 5168 ὑπακουσάντων
1453 5115 1605 5183 αὐτῷ
1629 5115 1938 5183 ἐγνώρισαν

364 5206 530 5260 αὐτοῦ
570 5207 671 5276 τὴν
711 5206 945 5276 θεότητα
982 5208 1030 5259 οί
1076 5206 1392 5263 ἀπόστολοι.
1429 5207 1643 5263 Οὐκοῦν
1686 5210 1793 5262 ἀπὸ
1836 5209 1936 5281 μὲν

364 5302 472 5353 τῶν
538 5298 833 5369 ἐνεργειῶν
891 5300 923 5368 ή
973 5298 1195 5367 γνῶσις,
1232 5301 1296 5352 ὲκ
1333 5299 1390 5353 δὲ
1441 5299 1542 5369 τῆς
1591 5297 1851 5369 γνώσεως
1900 5301 1935 5370 ἡ

365 5392 756 5462 προσκύνησις.
800 5411 818 5443 ι
862 5389 1026 5461 Ὁρᾷς
1081 5391 1199 5454 πῶς
1252 5393 1315 5445 ὲκ
1371 5390 1479 5444 τῶν
1529 5390 1935 5462 ἐνεργηθέντων

365 5479 498 5548 φησὶ
531 5478 826 5547 θαυμάτων
854 5492 871 5508 ·
906 5478 1108 5535 ταύτας
1133 5479 1443 5548 γάρ’φησιν
1478 5478 1640 5541 αὐτὸς
1665 5475 1804 5531 εἶναι
1838 5480 1935 5542 τὰς

363 5568 652 5630 κατιούσας
682 5570 802 5638 ἤτοι
853 5567 1211 5637 δεικννμένας
1245 5568 1375 5636 ἡμῖν
1416 5567 1721 5637 ἐνεργείας.
1770 5566 1933 5625 Ἀλλὰ

361 5662 528 5727 δυοῖν,
579 5662 655 5724 ὡς
718 5662 886 5722 ἔοικε,
924 5662 1151 5732 θάτερον
1213 5660 1371 5722 δίδως
1427 5661 1589 5712 νοεῖν.
1625 5660 1694 5712 Ἢ
1723 5659 1834 5731 7&9
1874 5663 1934 5728 ἐξ

364 5752 532 5818 ἀκοῆς
566 5751 867 5822 παροδικῆς
891 5750 1135 5821 είλήφεες
1160 5750 1259 5822 τὴν
1293 5749 1471 5819 ῥῆσιν,
1505 5748 1539 5819 ἦ
1574 5752 1639 5821 τῇ
1669 5752 1930 5825 ἐπιστολῇ

369 5840 608 5912 ὶντυχὼν
660 5840 722 5895 οὖ
778 5840 1055 5913 συνῆκας
1111 5838 1205 5896 καὶ
1264 5839 1491 5910 πάπχεις
1550 5839 1932 5910 παραπλήσιον

2042 4650 2190 4721 quod
2218 4650 2345 4706 cmli
2374 4658 2640 4704 enarrant
2691 4648 2922 4719 gloriam
2971 4649 3092 4704 Dei.
3158 4648 3227 4704 Et
3254 4648 3509 4704 similiter
3536 4649 3623 4703 ait

2038 4740 2276 4796 Joannes
2351 4741 2722 4795 Damascenus
2757 4756 2772 4793 :
2810 4739 3009 4811 ¢;Deus
3064 4750 3262 4795 natura
3322 4739 3621 4796 invisibilis

2038 4833 2298 4901 operibus
2344 4831 2581 4888 visibilis
2610 4832 2689 4899 ﬁt,
2718 4832 2793 4886 ita
2824 4841 2885 4887 ut
2918 4847 2950 4886 e
2981 4832 3172 4887 mundi
3210 4832 3626 4902 compositione

2040 4933 2097 4979 et
2122 4923 2527 4992 gubernatione
2589 4922 2851 4994 cognosci
2892 4924 3085 4994 possit.
3128 4943 3147 4975 ι
3181 4924 3347 4998 320
3402 4925 3619 4981 Tamen

2039 5013 2397 5084 progrediens
2424 5015 2672 5084 reperies
2720 5013 2980 5068 Basilium
3020 5028 3278 5086 maguum
3326 5023 3384 5071 et
3422 5016 3610 5086 ipsum

2038 5105 2496 5175 interpretantem
2512 5120 2611 5160 sua
2637 5106 2811 5174 ipsius
2838 5106 3002 5161 verba
3035 5106 3091 5160 in
3122 5108 3310 5163 eadem
3337 5108 3612 5179 epistola:

2043 5196 2118 5250 «Ε
2148 5197 2282 5250 mari
2324 5195 2494 5267 enim,
2524 5196 2723 5265 inquit,
2752 5205 2809 5251 et
2848 5197 3050 5262 ventis,
3077 5212 3198 5267 qua:
3222 5198 3271 5253 ei
3322 5198 3611 5268 parebant,

2035 5289 2156 5359 ejus
2205 5286 2547 5342 divinitatem
2598 5288 2831 5356 apostoli
2874 5298 3272 5359 cognoverunt;
3341 5305 3473 5360 ergo
3540 5290 3613 5347 ab

2035 5378 2344 5435 eﬁicientiis
2391 5378 2614 5447 quidem
2646 5387 2770 5433 nata
2793 5386 2881 5434 est
2913 5381 3158 5451 cognitio
3191 5399 3206 5436 :
3239 5397 3268 5436 a
3295 5382 3610 5452 cognitione

2040 5482 2224 5526 autem
2283 5469 2555 5525 adoratio.
2595 5488 2614 5521 ι
2683 5469 2850 5526 Vides
2878 5485 3005 5525 eum
3038 5473 3222 5529 dicere
3267 5474 3612 5536 e,miraculis

2036 5561 2288 5632 patratis,
2344 5560 2444 5615 bas
2474 5563 2619 5615 enim
2653 5561 2789 5615 dicit
2825 5561 2916 5615 ille
2940 5577 3061 5618 esse
3113 5563 3435 5621 eﬁieientias
3495 5568 3613 5625 sive

2034 5654 2431 5711 descendentes
2481 5654 2597 5711 sive
2665 5661 2995 5709 monstratas
3028 5656 3244 5713 'nobis.
3297 5658 3405 5716 Sed
3445 5661 3613 5718 alter-

2033 5758 2221 5805 utrum
2253 5746 2460 5803 videris
2485 5747 2618 5801 dare
2643 5748 2804 5803 nobis
2827 5749 3229 5804 meditandum.
3255 5751 3364 5807 Aut
3394 5755 3543 5809 enim
3577 5770 3612 5812 e

2035 5846 2176 5902 fama
2206 5837 2415 5895 cursim
2452 5838 2732 5910 arripuisti
2768 5854 3081 5898 sermonem
3108 5851 3205 5898 aut
3227 5845 3281 5901 in
3314 5846 3611 5917 epistolam
