4034 6480
314 415 423 478 285

1311 415 1755 478 ΠΥΖΑΝΤΙΝΑΞ
1796 414 2180 476 IIISTORLE
2218 417 2362 479 LIB.
2406 417 2591 476 XXX.

3471 410 3578 472 2&6

316 528 560 598 ἐσχάτω)
618 528 730 580 ἐστὶ
769 528 975 582 κ-ικηῗιν.
1042 529 1212 582 Ὅταν
1272 528 1382 597 γὰρ
1430 545 1499 581 τα
1547 529 1729 582 τοιαδὶ
1780 528 1884 580 τῶν

1996 527 2185 583 vitalis
2209 527 2266 582 in
2297 543 2532 598 pronum
2559 528 2633 583 ita
2664 529 2907 599 iactatae?
2934 530 3116 598 Atque
3159 542 3224 581 ne
3254 524 3390 580 mihi
3424 525 3575 579 dicas

317 617 379 690 [ί.
419 617 519 670 148
560 617 636 688 ν.]
669 619 1021 686 ἀδικημάτων
1056 619 1173 670 ἀντὶ
1203 618 1295 671 τοῦ
1339 618 1663 681 κολάζεσθαι
1695 619 1791 669 καὶ
1826 616 1888 669 τὸ

314 710 581 777 τιμᾶσθαι
611 710 896 783 προσλάϐῃ
922 710 990 763 δι’
1022 710 1163 763 αὕτα
1195 727 1259 778 γε
1289 712 1466 772 “cauti,
1522 708 1626 762 ποῦ
1660 710 1758 777 μὲν
1790 709 1889 761 οὐκ

314 802 384 855 ἂν
404 803 634 864 ἀτοπίας
665 803 896 869 ἐλάσειε,
927 804 1028 855 ποῦ
1057 803 1103 855 δ’
1129 803 1195 855 ἂν
1219 806 1285 874 τῆ
1308 822 1317 857 :
1340 803 1695 873 ὑπερηφάνου
1728 801 1889 870 σταίη

314 896 486 965 φορᾶς
516 897 612 950 καὶ
644 897 841 960 κακίας
868 898 1010 952 κατὰ
1044 896 1285 966 πρανοῦς
1317 897 1515 950 οὑτωσὶ
1546 895 1886 966 φερομένηςς

313 983 423 1038 Καὶ
457 987 530 1056 μή
562 1004 652 1051 μοι
676 987 798 1054 λέγε
854 991 947 1041 καὶ
994 987 1286 1058 τερατεύου
1340 989 1437 1043 νῦν
1468 987 1890 1057 ὲγκαυχώμενος

316 1077 412 1130 ἐπί
436 1096 495 1132 τε
527 1079 766 1151 δυσηνίῳ
796 1080 1049 1149 γλώττης
1100 1083 1246 1151 φορᾷ
1276 1082 1370 1135 καὶ
1400 1080 1889 1150 συμπνφυρμένων

312 1168 485 1236 λόγων
515 1169 692 1237 ἀλόγῳ
721 1172 944 1243 σωρεία,
970 1171 1092 1242 μηδ’
1123 1172 1322 1238 ὄγκους
1378 1188 1467 1242 μοι
1501 1170 1734 1241 χάλκευε
1789 1171 1890 1239 ρη-

318 1260 503 1327 μάτων
538 1263 1102 1332 ἀντιστρατευομένων
1136 1264 1339 1317 οὑτωσὶ
1386 1261 1685 1333 προφανῶς
1719 1265 1787 1332 τῇ
1826 1278 1887 1314 τε

315 1351 542 1421 ἀληθεία
567 1353 660 1406 καὶ
687 1354 762 1419 τῷ
787 1354 883 1407 τοῦ
920 1355 1189 1426 παρόντος
1221 1354 1482 1420 συλλόγου
1516 1353 1706 1423 σκοπῷ
1728 1371 1741 1384 ·
1768 1352 1889 1407 ἀλλ’

314 1448 363 1498 εἰ
392 1447 485 1500 καὶ
533 1447 594 1500 τὸ
638 1443 701 1501 εὖ
760 1448 900 1519 μετὰ
944 1449 1041 1504 τοῦ
1070 1449 1333 1515 εὐσεϐοῦς
1395 1451 1507 1510 τοῖς
1564 1446 1888 1516 λεγομένοις

316 1537 542 1611 προσείη
577 1558 680 1601 σοι,
740 1540 902 1595 τοῦτο
930 1542 987 1596 δὲ
1040 1543 1137 1597 καὶ
1166 1543 1314 1595 πάνυ
1344 1558 1398 1592 τι
1434 1539 1641 1608 σφόδρα
1664 1541 1888 1592 σκοπεῖν

317 1643 378 1680 σε
411 1627 581 1698 χρεών
600 1642 615 1657 ’
645 1631 725 1694 ὡς
748 1633 846 1686 ἐὰν
882 1631 958 1701 μὴ
989 1632 1147 1687 τοῦτο
1172 1633 1326 1700 σφίσι
1360 1634 1537 1701 παρῇ,
1577 1632 1888 1684 τούναντίον

316 1720 408 1772 ἐπὶ
448 1722 836 1790 μανδνραῦόλου,
865 1724 1030 1791 φάναι
1052 1725 1198 1779 κατᾶ
1233 1724 1331 1795 τὴν
1363 1723 1689 1794 παροιμίαν,
1720 1725 1891 1793 χωρεῖ

1988 629 2047 672 et
2075 626 2328 688 portenta
2376 618 2599 675 el'futias
2650 633 2798 674 nunc
2822 619 3211 690 jactabundus,
3252 616 3306 672 in
3363 616 3572 686 impetu

1992 711 2189 779 lingua:
2229 710 2502 766 eﬂi‘euato
2530 720 2587 766 et
2609 713 3012 767 cumulatorum
3066 710 3360 766 verborum
3408 710 3572 763 bruta

1991 803 2435 866 coacervatione,
2484 818 2624 859 neve
2670 804 2966 868 fabriceris
3016 803 3222 858 tumida
3252 802 3419 857 verba
3448 817 3573 871 quae

1991 903 2103 949 tam
2152 907 2342 964 aperte
2384 895 2610 951 veritati
2665 906 2722 950 et
2770 894 2937 966 hujus
2988 906 3299 951 conventus
3331 893 3577 949 consilio

1990 985 2196 1041 bellum
2226 986 2507 1042 indicunt:
2541 987 2638 1042 sed
2666 1002 2796 1041 num
2818 988 2986 1043 etiam
3017 987 3280 1041 honestas
3308 997 3365 1041 et
3390 987 3573 1056 pietas

1990 1077 2154 1132 dictis
2207 1078 2317 1132 tuis
2348 1077 2557 1142 adsint,
2588 1079 2694 1133 hoc
2743 1079 2907 1149 longe
2938 1080 3182 1147 maxime
3231 1085 3283 1133 te
3320 1085 3573 1146 spectare

1991 1177 2209 1237 oportet
2238 1186 2255 1236 ;
2283 1184 2411 1223 nam
2447 1170 2492 1225 si
2521 1170 2625 1224 hoc
2658 1170 2726 1225 iis
2758 1184 2866 1223 non
2896 1169 3057 1240 323
3090 1170 3251 1233 adsit,
3290 1184 3320 1222 e
3349 1176 3577 1225 contra-

1991 1259 2097 1324 rio,
2130 1272 2192 1314 ut
2229 1261 2465 1317 dicimus
2489 1262 2558 1317 de
2582 1265 2826 1317 mandrae
2853 1262 2987 1317 ludo
3013 1263 3069 1317 in
3111 1262 3427 1332 proverbio,
3466 1260 3566 1314 tibi

1989 1354 2181 1409 evadet
2228 1355 2493 1420 studium,
2539 1364 2596 1411 et
2645 1371 2908 1411 cacumen
2959 1355 3232 1410 malorum
3278 1354 3378 1410 tibi
3431 1352 3575 1407 ﬁunt

1992 1446 2391 1527 intempestiva:
2419 1449 2618 1519 linguae
2659 1465 2853 1521 nugae:
2890 1458 3077 1519 atque
3118 1463 3185 1503 eo
3231 1447 3426 1517 magis,
3459 1462 3571 1516 quo

1990 1540 2162 1609 magis
2208 1539 2445 1596 fructum
2498 1542 2827 1612 ineptiarum
2870 1549 2926 1597 et
2956 1540 3308 1596 absurditalis
3340 1540 3571 1594 feracem

1992 1632 2288 1702 producit:
2321 1642 2377 1689 et
2405 1642 2671 1703 praeterea
2723 1648 2990 1689 vanorum
3035 1634 3352 1703 clangorum
3409 1645 3577 1686 sono-

1990 1738 2224 1788 rumque
2268 1724 2448 1778 studia
2491 1733 2547 1779 et
2575 1740 2760 1781 curas.
2814 1725 2924 1781 Sed
2955 1726 3223 1782 librorum
3254 1725 3571 1779 divinorum

315 1828 403 1866 σοι
432 1811 494 1865 τὸ
522 1813 867 1883 σπούδασμα,
894 1817 990 1869 καὶ
1019 1815 1266 1886 κολοφὼν
1300 1834 1384 1871 σοι
1413 1817 1623 1884 γίνεται
1649 1814 1836 1870 κακῶν
1857 1815 1884 1866 δ

1988 1813 2323 1878 adhortatio,
2374 1834 2392 1867 ι
2423 1814 2505 1871 Ne
2554 1825 2801 1884 cvertas,
2840 1818 3061 1889 inquit,
3114 1819 3271 1883 lines,
3301 1833 3440 1886 quos
3474 1831 3579 1886 po-

310 1901 414 1969 τῆς
445 1866 674 1974 ἀκαίρου
699 1866 1354 1977 ’γῐιὲέέῆξᾶἡξᾶςζῖιαῖ
1371 1866 1625 1975 ista;
1652 1866 1884 1974 "iam

2034 1866 2042 1868 ἡ
2560 1866 2801 1884 --ν-η-.
3475 1866 3538 1886 τ-

1987 1912 2224 1959 suerunt
2265 1911 2448 1971 patres
2479 1903 2597 1959 tui:
2651 1918 2790 1959 neve
2825 1866 3087 1975 exquiras
3136 1915 3572 1972 supervacanea,

314 1992 424 2062 ὅσῳ
451 1995 650 2063 μᾶλλον
683 1996 772 2049 καὶ
804 1999 870 2066 τῇ
902 1996 1207 2069 πολυλογίᾳ
1235 1996 1504 2068 πολύχουν
1533 1995 1884 2059 ἐπιπολάζειν

1986 1995 2080 2050 sed
2109 2009 2232 2064 quae
2259 1993 2357 2049 tibi
2380 1994 2646 2064 imperata
2677 2003 2828 2058 sunt,
2860 1995 2929 2051 de
2963 1996 3033 2050 iis
3072 1993 3358 2059 delibera;
3391 2006 3574 2060 neque

313 2085 377 2134 τὸ
410 2086 507 2154 τῆς
542 2084 773 2150 ἀτοπίας
823 2089 1090 2156 ἐπεφύκει
1142 2088 1432 2158 γεώργιον,
1485 2086 1583 2140 καὶ
1632 2085 1766 2155 πρός
1820 2101 1884 2154 γε

1988 2085 2140 2143 enim
2177 2083 2280 2140 tibi
2301 2076 2453 2155 opus
2470 2096 2560 2140 est
2587 2085 2986 2142 absconditis.»

314 2174 578 2245 δήπουθεν
599 2179 653 2231 ai
686 2180 794 2232 τῶν
819 2181 1117 2250 ἀπράκτων
1178 2182 1328 2253 ἤχων
1366 2197 1426 2235 τε
1489 2181 1588 2234 καὶ
1620 2178 1810 2249 ψόφων
1867 2177 2147 2248 διατριόαὶ
2183 2179 2279 2232 καὶ
2312 2178 2524 2248 σχολαί.
2570 2178 2712 2232 Ἀλλ’
2757 2181 2791 2246 ἡ
2845 2179 2954 2233 τῶν
3003 2178 3165 2232 θείων
3200 2174 3434 2246 Γραφῶν
3469 2193 3573 2228 πα-

318 2268 572 2334 ραίνεσις,
609 2291 627 2322 ι
658 2272 748 2341 Μὴ
779 2272 1026 2342 μέταιρε,
1062 2292 1081 2326 ι
1149 2276 1336 2344 φησὶν,
1375 2293 1395 2326 ι
1426 2274 1553 2343 ὅρια
1582 2274 1618 2326 ἃ
1650 2272 1835 2325 ἔθεντο
1863 2271 1914 2325 οἱ
1951 2270 2190 2336 πατέρες
2219 2288 2335 2338 σου,
2370 2272 2508 2344 μηδὲ
2565 2270 2789 2343 σοφίζου
2823 2273 3074 2344 περιττὰ,
3100 2271 3214 2325 ἀλλ’
3236 2269 3273 2325 ἃ
3298 2269 3571 2340 προσετά-

314 2374 384 2430 γη
422 2377 524 2424 σοι,
556 2361 726 2417 ταῦτα
756 2365 967 2418 διανοοῦ
991 2383 1006 2397 ο
1059 2367 1119 2420 οὐ
1177 2365 1287 2435 γὰρ
1339 2364 1454 2417 ἔστι
1497 2381 1580 2418 σοι
1611 2365 1720 2418 τῶν
1746 2361 2012 2433 κρυπτῶν
2033 2363 2217 2431 χρεία.
2254 2382 2274 2414 ι

385 2453 514 2506 ΚΕ’.
561 2453 683 2506 Ἐπὶ
734 2454 945 2519 τούτοις
1001 2458 1028 2509 ὁ
1083 2458 1183 2528 μὲν
1224 2459 1489 2527 Ιιαλαμᾶς
1544 2456 1874 2525 ἐσιώπησεν,

2055 2451 2218 2506 XXV.
2237 2451 2415 2521 Super
2436 2452 2525 2509 his
2556 2453 2804 2509 Palamas
2823 2453 3043 2522 quidem
3068 2452 3344 2507 silentium
3371 2450 3565 2507 tenuit.

312 2542 510 2611 ἀνέστη
541 2543 599 2597 δέ
652 2562 735 2607 τις
765 2545 874 2599 τῶν
927 2547 1389 2616 μαθητευομένων
1419 2548 1593 2618 αὐτῷ,
1627 2548 1771 2616 μάλα
1822 2565 1877 2601 τι

1986 2541 2237 2597 Surrexit
2264 2552 2452 2599 autem
2483 2545 2704 2614 quidam
2752 2544 3151 2614 discipulorum
3203 2546 3355 2616 ejus,
3410 2544 3575 2598 valde

312 2634 532 2706 ἀμαθὴς
560 2637 651 2692 καὶ
681 2637 886 2709 θρασὺς
914 2639 1009 2693 καὶ
1035 2641 1393 2709 ἐμπαροινῶν
1423 2640 1623 2711 μᾶλλον
1654 2640 1880 2710 ἥλέγων

1988 2636 2247 2693 indoctus
2276 2644 2333 2691 et
2359 2636 2687 2692 temerarius
2719 2654 2734 2691 :
2775 2646 2834 2693 et
2879 2636 3031 2692 ebrie
3061 2652 3119 2693 se
3142 2639 3356 2708 jactans
3394 2637 3570 2704 magis

310 2725 455 2778 κατὰ
484 2723 582 2795 τῆς
606 2725 881 2796 ἀληθείας,
916 2728 1109 2799 ὥσπερ
1144 2729 1518 2797 ἐωλοκρασίας
1538 2730 1707 2785 ἕωθεν
1728 2731 1878 2801 αὑτῷ

1992 2740 2160 2797 quam
2195 2725 2427 2794 loquens
2451 2733 2647 2782 contra
2668 2728 2983 2794 veritatem,
3011 2737 3272 2798 tanquam
3294 2729 3407 2783 viui
3442 2728 3571 2783 reli-

310 2814 712 2885 καταχυθείσης
738 2817 901 2880 τινός.
962 2819 1074 2873 Καὶ
1100 2820 1200 2888 μὲν
1226 2819 1314 2890 δὴ,
1356 2839 1374 2871 ι
1411 2820 1550 2889 Περὶ
1595 2820 1878 2890 δυνάμεων

1991 2817 2139 2888 quiis
2162 2833 2319 2873 mane
2342 2817 2401 2872 in
2420 2832 2549 2874 eum
2572 2817 2787 2874 eii‘usis.
2806 2820 3035 2888 Atque,¢
3060 2820 3135 2874 De
3152 2821 3415 2889 potentiis
3441 2836 3566 2891 ego,

310 2907 443 2976 ἐγὼ,
492 2910 646 2981 φησι,
679 2910 1030 2983 διαλεχθῆναι
1051 2913 1297 2984 τήμερον
1318 2911 1617 2984 βούλομαι⁸
1650 2916 1746 2968 καί
1788 2931 1884 2985 μοι

1986 2909 2189 2980 inquit,
2247 2910 2488 2980 colloqui
2529 2910 2693 2967 hodie
2741 2910 2980 2965 volo:et
3032 2910 3181 2966 dicat
3238 2911 3371 2966 mihi
3419 2929 3573 2970 nitito

311 3000 578 3070 φρασάτω
604 3002 891 3072 παρελθὼν
912 3003 940 3055 ὁ
964 3003 1314 3075 βουλόμενος,
1345 3005 1435 3060 διὰ
1462 3006 1516 3059 τί
1546 3007 1877 3061 παντοδύνα·

314 3108 414 3159 μσς
436 3093 465 3145 ὁ
496 3090 626 3154 Θεὸς
650 3092 892 3148 καλεῖται
939 3095 974 3166 ἢ
999 3095 1090 3149 διὰ
1139 3096 1203 3150 τὸ
1231 3095 1416 3160 πάσας
1443 3095 1589 3167 ἔχειν
1609 3099 1668 3152 δν
1697 3098 1885 3169 ἑαυτῷ

1988 3002 2225 3073 aliquis,
2277 3017 2380 3058 cur
2427 3003 2776 3072 omnipotens
2824 3004 2969 3059 Deus
3015 3012 3243 3059 vocetur
3279 3021 3390 3059 :an
3441 3007 3572 3076 quia

1990 3108 2185 3151 omnes
2225 3094 2283 3149 in
2334 3108 2397 3151 se
2432 3093 2599 3149 habet
2624 3093 2934 3164 potentias,
2966 3109 3107 3164 quas
3157 3109 3258 3150 nos
3306 3109 3577 3151 vocamus

310 3182 409 3242 τὰς
436 3181 711 3253 δυνάμεις,
741 3185 807 3248 ἃς
835 3183 900 3250 δὴ
948 3185 1223 3255 καλοῦμεν
1262 3186 1556 3252 ἀκτίστους
1577 3188 1759 3259 ἡμεῖς,
1786 3190 1884 3242 καὶ

1987 3185 2264 3243 increatas
2318 3194 2378 3241 et
2420 3186 2670 3243 diversas
2703 3187 2852 3241 inter
2877 3199 2938 3240 se
2973 3195 3030 3240 et
3069 3185 3138 3240 ab
3180 3186 3297 3256 ipsa
3328 3187 3570 3240 essentia

310 3272 596 3344 διαφόρους
630 3275 874 3349 ἀλλήλων
900 3278 999 3331 καὶ
1027 3279 1124 3349 τῆς
1153 3278 1344 3345 οὐσίας
1372 3279 1545 3350 αὐτῆς
1564 3281 1662 3334 τοῦ
1685 3281 1876 3335 Θεοῦ.»

312 3366 499 3423 Ταῦτα
522 3368 712 3440 παρὼν
738 3374 833 3424 καὶ
855 3373 1107 3441 ἀκηκοώς
1124 3389 1210 3436 τις
1228 3372 1340 3427 τῶν
1367 3372 1461 3427 τοῦ
1484 3373 1745 3444 Γρηγορᾶ
1762 3391 1885 3443 φοι-

311 3458 509 3528 τητῶν,
536 3457 598 3526 ὃς
622 3461 957 3531 ἠκολούθησε
993 3463 1093 3532 μὲν
1110 3463 1323 3517 οἴκοθεν
1359 3463 1532 3532 αὐτῷ’
1569 3466 1884 3536 ἀρξαμένης

311 3551 371 3603 δὲ
405 3551 506 3621 τῆς
526 3552 813 3618 διαλέξεως
841 3554 1096 3624 ἐπέμφθη
1147 3557 1395 3626 κομίσων
1416 3556 1518 3627 τὴν
1549 3557 1645 3627 τῆς
1671 3556 1884 3627 δογμα-

311 3638 469 3708 τικῆς
522 3640 825 3703 πανοπλίας
869 3641 1076 3707 δέλτον,
1131 3644 1229 3698 καὶ
1264 3645 1503 3716 κομίσας
1564 3646 1753 3716 παρῆν
1804 3647 1883 3719 τῷ

315 3728 555 3802 συλλόγῳ
579 3730 766 3786 λοιπὸν
785 3735 882 3788 καὶ
897 3733 1080 3798 αὑτός.
1098 3727 1266 3800 Οὗτος
1292 3736 1387 3790 οὖν
1417 3736 1712 3808 παραλόγῳ
1744 3738 1883 3801 τέως

311 3821 412 3889 τῆς
459 3820 635 3893 ἀρχῆς
684 3823 975 3894 ἀχθεσθεὶς
1032 3827 1128 3881 καὶ
1161 3828 1475 3897 διαναστὰς,
1522 3847 1543 3883 ι
1600 3831 1712 3885 Καὶ
1747 3832 1879 3900 μὴν,

314 3912 502 3983 φησὶν,
525 3913 694 3989 ἐχρῆν
722 3915 1108 3987 πασοδύναμον
1152 3919 1354 3975 οὑτωσὶ
1402 3922 1550 3976 κατὰ
1583 3922 1646 3976 σε
1696 3923 1881 3979 καλεῖν

312 4000 405 4053 τὸν
431 4000 585 4067 Θεὸν,
614 4003 708 4057 καὶ
749 4005 826 4074 μὴ
872 4005 1308 4080 παντοδύναμον.
1371 4009 1533 4077 Ἡμῖν
1558 4010 1669 4083 γὰρ
1692 4014 1756 4065 ὲκ
1783 4002 1880 4064 τοῦ

314 4090 379 4143 τὰ
420 4092 580 4147 πάνθ’
607 4093 709 4149 ὅσα
740 4093 1006 4166 βούληται
1043 4095 1305 4151 δύνασθαι
1342 4099 1503 4171 μέχρι
1551 4099 1647 4154 νῦν
1701 4101 1880 4157 ἐδόκει

313 4183 588 4242 καλεῖσθαι
636 4187 1054 4254 παντοδύναμον
1103 4189 1197 4244 τὸν
1240 4190 1398 4260 Θεὸν,
1448 4193 1546 4246 καὶ
1572 4193 1675 4264 οὐχ
1709 4194 1785 4258 ὡς
1812 4193 1881 4247 σὺ

314 4275 438 4348 φῄς.
470 4295 491 4329 ι
535 4276 854 4333 Ὑπολαὸὼν
878 4280 938 4334 δὲ
962 4283 993 4335 ὁ
1014 4281 1302 4352 Παλαμᾶς,
1318 4275 1353 4336 ἰ
1399 4276 1560 4343 ’Ᾰλλά
1590 4287 1731 4345 κατὰ
1750 4302 1882 4358 τρο..

316 4367 421 4435 τεὴν
448 4365 544 4420 τοῦ
577 4384 629 4431 σ,
655 4371 838 4439 φησιν,
871 4371 952 4435 είς
983 4389 1013 4426 τ
1034 4371 1250 4441 γίνεται
1281 4376 1716 4446 παντοδύναμος,
1750 4377 1885 4431 καθ-

314 4459 454 4528 άπερ
490 4460 585 4515 καὶ
614 4458 862 4514 θάλασσα
884 4461 1144 4516 θάλαττα.
1180 4480 1200 4514 ι
1240 4462 1305 4536 [ί.
1344 4463 1447 4520 149
1477 4465 1551 4538 r.]
1581 4468 1758 4532 Γέλως
1787 4465 1883 4523 οὖν

1909 3232 1957 3294 ο

1986 3274 2129 3331 Dei?
2153 3293 2174 3328 ι
2211 3275 2340 3331 Haec
2375 3274 2590 3330 audivit
2616 3274 2862 3345 quidam,
2904 3272 2998 3343 qui
3029 3273 3239 3338 aderat,
3273 3272 3572 3342 discipulo-

1989 3381 2112 3423 rum
2191 3366 2477 3438 Gregorte,
2527 3367 2625 3436 qui
2681 3365 2906 3435 quidem
2954 3364 3120 3420 domo
3164 3378 3294 3418 eum
3340 3372 3567 3418 secutus

1985 3469 2092 3517 est.
2149 3460 2450 3531 incipiente
2480 3467 2664 3515 autem
2708 3458 2983 3528 colloquio
3023 3458 3227 3512 missus
3255 3464 3341 3510 est
3371 3465 3431 3509 ut
3459 3458 3562 3509 ad-

1980 3549 2156 3609 ferret
2208 3552 2510 3623 pugillares
2559 3550 2853 3623 dogmatici
2889 3549 3200 3613 exercitus;
3253 3562 3395 3618 quos
3442 3562 3569 3602 cum

1985 3643 2265 3701 attulisset
2337 3652 2526 3714 posma
2595 3644 2711 3713 jam
2759 3640 2955 3697 aderat
2987 3640 3288 3698 conventui
3335 3650 3393 3694 et
3422 3639 3565 3708 ipse.

1984 3731 2088 3791 Hic
2118 3734 2287 3804 igitur
2317 3733 2682 3803 repugnantia
2726 3747 2916 3787 rerum
2953 3731 3270 3786 auditarum
3311 3739 3570 3800 gravatus

1980 3824 2228 3881 surrexit
2273 3833 2363 3881 et:
2436 3823 2741 3889 «Profecto,
2799 3821 2965 3894 324
3020 3823 3222 3892 inquit,
3280 3822 3573 3890 oportebat

1982 3912 2089 3973 hac
2112 3913 2327 3971 ratione
2343 3914 2650 3972 secundum
2674 3923 2730 3968 te
2763 3913 2934 3970 Deum
2957 3927 3158 3967 vocare
3184 3912 3569 3981 πασοδύναμον

1982 4020 2166 4075 neque
2198 4020 2330 4060 vero
2360 4005 2774 4073 παντοδύναμον
2800 4021 2816 4071 ;
2852 4003 3014 4058 nobis
3036 4003 3185 4056 enim
3218 4004 3312 4072 qui
3353 4003 3565 4079 omnia,

1980 4110 2323 4166 quaecunque
2357 4095 2501 4160 vult,
2529 4093 2710 4150 facere
2732 4101 2933 4164 potest,
2971 4106 3145 4161 usque
3175 4092 3241 4146 ad
3289 4092 3395 4146 hoc
3429 4098 3568 4145 tem-

1981 4203 2087 4259 pus
2116 4188 2402 4258 placuitut
2434 4186 2846 4256 παντοδύναμος
2870 4193 3166 4240 vocaretur
3188 4185 3358 4253 Deus,
3387 4200 3568 4254 neque

1983 4294 2116 4336 vero
2149 4289 2211 4334 ut
2242 4287 2298 4334 tu
2325 4278 2491 4334 dicis.
2532 4299 2551 4330 ο
2592 4277 2803 4332 Exhinc
2860 4285 3045 4331 autem
3100 4275 3372 4339 Palsmas,
3414 4295 3433 4326 ‹
3459 4276 3568 4331 Sed

1984 4386 2108 4429 cum
2144 4370 2345 4427 mutari
2376 4368 2570 4439 possit,
2594 4368 2799 4438 inquit,
2834 4368 2875 4420 Σ
2916 4368 2972 4422 in
3012 4366 3082 4432 Τ,
3127 4367 3192 4421 ﬁt
3226 4367 3573 4420 παντοδύνα-

1987 4480 2109 4533 μος,
2167 4462 2317 4518 sicut
2366 4462 2537 4516 etiam
2564 4461 2819 4515 θάλασσα
2874 4460 2932 4513 in
2970 4458 3213 4514 θάλαττα
3263 4469 3563 4514 mutatura

315 4551 405 4603 ἐπὶ
437 4549 644 4615 τούτοις
674 4549 819 4623 ἤρθη
873 4551 1064 4618 πολὺς,
1110 4552 1188 4616 ὡς
1224 4556 1349 4627 μηδ’
1388 4558 1556 4611 αὐτὸν
1588 4558 1880 4631 Γρηγορᾶν

1987 4555 2154 4610 Risus
2190 4553 2360 4623 igitur
2400 4552 2469 4609 ad
2528 4552 2645 4607 haec
2687 4551 2941 4607 sublatus
2966 4559 3057 4605 est
3087 4565 3352 4620 magnus,
3391 4551 3464 4605 ita
3509 4562 3571 4605 ut

312 4642 555 4714 κατέχειν
576 4643 773 4699 ἑαυτὸν
795 4643 1081 4710 δύνασθαι,
1103 4645 1285 4703 καίτοι
1333 4648 1508 4705 πολλὰ
1538 4650 1678 4721 πρὸς
1700 4652 1761 4704 τὸ
1804 4654 1879 4723 μὴ
1900 4666 1923 4692 ο

312 4734 541 4818 φανῆναι
565 4734 808 4801 γελῶντα
839 4736 1169 4808 βουλόμενον
1206 4740 1302 4794 καὶ
1329 4739 1446 4810 ἅμα
1477 4744 1640 4812 σιγᾷν
1669 4744 1758 4800 διὰ
1781 4745 1883 4809 τὰς

308 4827 404 4895 τῆς
423 4827 664 4898 κεφαλῆς
694 4827 995 4899 ἀλγηδόνας
1021 4830 1435 4901 ἐπιτηδεύοντα.
1471 4834 1616 4889 Ἀλλ’
1635 4836 1666 4888 6
1696 4836 1882 4891 Παλα-

310 4919 420 4988 pa;
451 4918 760 4973 διακόπτειν
785 4921 878 4975 τὸν
915 4921 1132 4990 γέλωτα
1173 4925 1576 4997 μηχανώμενος
1600 4928 1707 4982 τῶν
1743 4929 1882 5000 πρό-

308 5028 465 5081 τερον
502 5013 680 5083 εἴχετο
736 5010 927 5083 λόγων,
989 5015 1397 5085 ἀναλαμϐάνων
1429 5017 1588 5082 αὖθις
1645 5021 1879 5078 ἐκεῖθεν.

315 5098 488 5153 ‹·”Οτι
515 5100 560 5154 δ’
593 5100 723 5157 ἄλλο
755 5102 816 5155 τὸ
850 5102 1000 5174 ἔχον,
1032 5104 1188 5174 φησὶ,
1218 5105 1314 5158 καὶ
1342 5104 1474 5159 ἄλλο
1496 5106 1557 5159 τὸ
1596 5107 1881 5178 ἐχόμενον,

307 5190 466 5261 δῆλον
523 5194 630 5247 κάκ
685 5193 781 5249 τοῦ
813 5196 972 5264 ἁγίου
1026 5196 1284 5268 Μαξίμου
1319 5198 1597 5268 λέγοντος,
1632 5220 1652 5254 ι
1695 5202 1754 5255 Ὀ
1782 5202 1882 5271 μὲν

309 5280 442 5344 Θεὸς
475 5282 733 5352 γινώσκει
758 5285 958 5341 ἑαυτὸν
984 5287 1052 5343 ὲκ
1081 5288 1182 5358 τῆς
1234 5290 1516 5359 μακαρίας
1552 5291 1746 5355 οὐσίας
1778 5293 1880 5347 αὺ-

308 5371 424 5438 τοῦ,
454 5374 522 5427 τά
547 5374 591 5427 δ’
621 5376 714 5429 ὑπ’
742 5375 912 5432 αὐτοῦ
940 5377 1208 5450 γεγονότα
1229 5380 1294 5433 ἐκ
1320 5380 1425 5451 τῆς
1460 5380 1654 5449 σοφίας
1687 5383 1879 5447 αὐτοῦ.

308 5464 373 5517 δι’
404 5458 472 5538 ἧς
503 5468 595 5523 καὶ
629 5462 742 5543 ἐνῇ
770 5470 840 5525 τὰ
863 5470 1044 5526 πάντα
1084 5472 1366 5545 εποίησεν.
1407 5490 1428 5525 ι
1471 5473 1666 5538 Ἀλλος
1714 5473 1808 5529 οὖν
1853 5477 1882 5528 ὁ

307 5556 459 5623 Θεὸς,
486 5560 583 5613 καὶ
612 5560 746 5633 άλλη
793 5563 828 5632 ἠ
864 5563 1028 5634 σοφία
1074 5562 1245 5618 αὑτοῦ
1283 5563 1352 5617 δι’
1402 5560 1473 5638 ἦς
1505 5567 1604 5620 καὶ
1656 5567 1716 5619 ὲν
1813 5568 1881 5622 τὰ

310 5649 484 5705 πάντα
511 5651 761 5722 ἐποίησε,
794 5653 893 5725 τῆς
918 5655 1012 5709 τοῦ
1031 5657 1168 5711 Θεοῦ
1198 5658 1390 5722 ούσίας
1414 5659 1600 5730 πάντη
1625 5660 1880 5733 διάφορός

306 5757 364 5793 τε
412 5743 508 5796 καὶ
559 5743 848 5808 dimoto;-
904 5746 1064 5812 ἄλλος
1133 5749 1245 5821 γὰρ
1274 5751 1301 5805 ὁ
1335 5750 1469 5814 Θεὸς
1522 5751 1550 5801 ὁ
1589 5749 1751 5819 ἔχων,
1787 5753 1881 5804 καὶ

309 5832 436 5906 ἄλλη
468 5837 499 5906 ἡ
535 5836 700 5905 σοφία
732 5837 900 5892 αὑτοῦ
927 5840 1002 5905 ὡς
1038 5842 1199 5896 ἑκτὸν
1249 5844 1341 5898 καί
1372 5844 1644 5898 ἀνούσιον.
1677 5861 1694 5894 ι
1735 5844 1879 5913 Πρὸς

1983 4663 2053 4703 ne
2079 4648 2197 4718 ipse
2214 4645 2441 4717 quidem
2463 4644 2735 4715 Gregoras
2750 4644 3039 4700 continere
3062 4656 3123 4697 se
3152 4652 3367 4712 posset,
3393 4659 3571 4713 quan-

1981 4756 2146 4811 quam
2177 4741 2409 4795 multum
2430 4754 2615 4809 aperte
2645 4738 2803 4795 dedit
2828 4754 2898 4793 ne
2925 4740 3113 4795 ridens
3135 4738 3567 4807 conspiceretur,

1982 4831 2260 4900 simulque
2309 4840 2494 4887 tacere
2553 4840 2781 4903 propter
2833 4832 3031 4901 capitis
3078 4831 3299 4885 dolores
3334 4831 3567 4884 studuit.

1983 4920 2091 4978 Sed
2135 4922 2382 4978 Palamas
2429 4924 2601 4977 risum
2640 4924 2992 4994 exstinguere
3030 4933 3257 4979 conatus
3291 4920 3581 4992 prioribus

1983 5009 2289 5069 inhaerebat
2328 5013 2705 5076 sermonibus,
2741 5021 2799 5067 et
2844 5027 3039 5066 rursus
3074 5012 3203 5066 inde
3250 5025 3413 5066 orsus
3442 5019 3530 5066 est
3549 5026 3578 5063 ::

1990 5122 2011 5159 ‹
2045 5103 2229 5168 Aliud,
2266 5102 2465 5172 inquit,
2492 5119 2616 5159 esse
2648 5104 2701 5159 id
2742 5105 2889 5174 quod
2918 5104 3105 5171 habet,
3150 5104 3297 5160 aliud
3336 5104 3388 5158 id
3415 5102 3579 5172 quod‘

1983 5192 2245 5261 habetur,
2284 5195 2605 5265 intelligitur
2646 5197 2816 5251 etiam
2849 5211 2880 5251 e
2909 5195 3086 5251 sancti
3114 5195 3333 5250 Maximi
3364 5194 3515 5249 dicto
3548 5209 3565 5246 :

1996 5286 2141 5342 Deus
2184 5286 2408 5356 quidem
2459 5302 2521 5343 se
2571 5288 2856 5359 cognoscit
2880 5303 2945 5342 ex
2981 5289 3221 5344 essentia
3251 5301 3350 5341 sua
3375 5285 3570 5339 beata:

1985 5392 2110 5448 qua:
2141 5387 2325 5434 autem
2368 5378 2438 5432 ab
2467 5392 2534 5433 eo
2579 5379 2720 5435 facta
2748 5388 2877 5434 sunt
2916 5396 2984 5434 ex
3008 5380 3129 5450 ejus
3171 5376 3436 5448 sapientia
3466 5388 3569 5443 per
3618 5408 3625 5414 -

1984 5485 2149 5540 quam
2175 5482 2231 5527 et
2257 5472 2442 5541 inqua
2466 5473 2720 5528 universa
2749 5472 2881 5529 fecit
2915 5473 3068 5528 Alius
3096 5471 3265 5544 igitur
3291 5477 3375 5524 est
3397 5468 3569 5532 Deus,

1982 5563 2087 5619 alia
2142 5565 2409 5635 sapientia
2462 5564 2582 5634 ejus
2625 5572 2880 5635 tanquam
2942 5563 3188 5618 habitum
3234 5569 3290 5616 et
3322 5559 3575 5614 inessen-

1983 5658 2166 5715 tiale.»
2191 5658 2274 5713 Ad
2307 5659 2427 5715 haec
2445 5658 2806 5728 Gregoras.ut
2842 5659 3029 5713 divino
3063 5655 3294 5712 numine
3331 5652 3581 5707 adﬂatus

1982 5752 2342 5808 exclamavit:
2386 5752 2609 5808 «Nonne
2647 5767 2840 5807 omnes
2885 5749 3240 5820 anditis,qui
3284 5761 3428 5802 verat
3454 5744 3569 5799 for-

1985 5843 2142 5897 mula-
2186 5843 2310 5897 lidei
2350 5843 2485 5897 estis
2525 5842 2781 5911 studiosi,
2809 5858 2934 5899 cum
2970 5850 3158 5912 aperte
3190 5840 3378 5897 tollere
3413 5837 3559 5908 piam
