4034 6476
538 383 644 441 ΞδἹ
1728 455 1759 470 ,
1812 403 2113 463 NlCEl’llt

2219 409 2234 467 [
2273 410 2654 473 ΟΠΕΟΟΠΑΞ
3671 435 3767 498 288

537 496 743 550 Christi
772 498 1071 554 Burin-siam
1099 503 1264 557 simul
1298 521 1422 559 cum
1456 509 1768 575 Erangeliis
1795 524 1849 568 et
1872 518 2113 570 nuinibm

539 601 754 617 ηιιΙκιιλιι
796 591 1106 617 ,ΙεηῖηΛ-.--η
1194 599 1285 617 ..με
1317 610 1327 617 .
1414 603 1423 612 -
1569 614 1576 617 .
1632 607 1662 617 υ
1831 608 1869 617 .-
1896 610 1926 617 ..

2231 523 2408 576 ταῦτα
2446 528 2473 578 ό
2499 527 2787 597 Γρηγορᾶς
2816 530 3009 601 ὥσπερ
3029 531 3215 596 ἔνθους
3248 535 3534 605 γενόμενος
3570 541 3767 617 ἀνεϐόιγ

539 601 755 657 patrum
794 591 1113 647 divinorum
1157 599 1457 666 scripturis
1481 643 1493 664 ,
1527 614 1583 657 et
1613 607 1795 662 dicere
1831 608 2026 664 Filium
2063 626 2119 668 et

535 682 804 733 rationem
838 683 931 736 Dei
968 685 1218 742 diversos
1252 689 1415 762 325
1443 709 1566 749 esse
1600 712 1628 750 a
1666 708 1892 766 paterna
1922 718 2119 759 essen-

540 769 612 821 tia
653 779 709 823 et
737 773 1072 829 submissum
1111 780 1304 845 Deum,
1338 795 1394 837 ut
1417 786 1723 844 Ennomius
1750 799 1806 843 et
1836 791 2001 849 Arius
2028 796 2119 851 ille

535 871 593 914 et
615 863 928 934 quicunque
951 868 1077 925 talia
1102 871 1214 940 jam
1241 876 1371 928 olim
1403 880 1692 935 conviciati
1723 886 1877 939 sunt?
1905 888 2117 943 Etenim

537 961 597 1005 ut
628 952 941 1012 divinorum
984 974 1382 1032 pmceptorum
1412 982 1725 1026 nostrorum
1750 977 2001 1032 omittam
2036 980 2123 1034 di-

535 1051 644 1107 cta,
677 1059 859 1101 nonne
892 1049 1097 1105 auditis
1116 1068 1311 1109 omnes
1344 1074 1561 1128 semper
1588 1060 1838 1117 divinum
1871 1064 2122 1138 Evange-

534 1134 669 1187 liunt
730 1136 913 1195 dicere
956 1157 972 1195 :
1015 1162 1033 1194 ι
1072 1142 1265 1200 Omnia
1321 1164 1417 1217 per
1464 1150 1636 1220 ipsum
1695 1156 1832 1209 facta
1881 1169 2031 1225 sunt,
2064 1171 2118 1214 et

536 1226 656 1281 sine
714 1229 833 1298 ipso
859 1230 1064 1288 factum
1120 1248 1206 1291 est
1259 1242 1415 1301 nihil.
1449 1246 1593 1312 quod
1627 1247 1830 1302 factum
1860 1258 2012 1315 οειςι
2065 1264 2122 1307 et

533 1318 797 1373 Davidcm
832 1325 1004 1378 multo
1029 1336 1188 1382 antea
1218 1331 1578 1387 vaticinatmn
1614 1352 1775 1392 esse:
1813 1337 2037 1395 «Omnia
2065 1344 2119 1396 in

533 1410 802 1478 sapientia
833 1415 1048 1480 fecisti;
1077 1437 1096 1469 ι
1135 1429 1190 1473 et
1242 1421 1591 1479 Solomonem
1645 1443 1871 1484 rursus:
1912 1449 1930 1481 ι
1976 1431 2121 1488 Deus

535 1504 807 1572 sapientia
850 1507 1095 1567 fundavit
1150 1524 1377 1581 terram,
1430 1518 1695 1573 stabilivit
1744 1522 1915 1577 ctelos
1992 1540 2122 1591 pru-

535 1593 723 1649 dentia
767 1597 841 1650 ἳι
884 1599 1022 1666 Quid
1081 1603 1246 1672 igitur
1296 1607 1409 1675 jam
1470 1624 1609 1678 opus
1680 1622 1764 1668 est
1822 1614 2008 1668 verbis
2049 1617 2118 1671 ad

533 1689 931 1744 ostendendam
985 1696 1259 1765 antiquam
1311 1701 1431 1766 ejus
1482 1701 1535 1754 in
1588 1704 1861 1771 dogmatis
1904 1722 2123 1773 perver-

541 1777 759 1832 sitatem
823 1799 985 1850 quam
1030 1788 1140 1855 jam
1191 1790 1321 1843 olim
1370 1796 1667 1860 parturivit
1719 1800 2037 1867 ctpcpcrit,
2067 1809 2122 1854 et

2225 631 2337 679 σεν,
2378 633 2397 666 ι
2429 617 2543 670 Ούκ
2565 618 2814 685 ἀκούετε,
2851 621 3054 684 πάντες
3093 624 3142 677 oi
3172 625 3269 694 τῆς
3302 627 3608 697 ὀρθοδοξίας
3634 635 3768 690 ἀντι-

2221 705 2566 776 ποιούμενοι,
2625 710 2923 776 προφανῶς
2970 712 3303 782 ἀναιροῦντα
3338 717 3434 787 τὴν
3467 720 3655 791 εῦσεϐῆ
3686 726 3768 778 τοῦ

2224 798 2466 867 Χριστοῦ
2500 801 2831 872 Ἐκκλησίαν
2862 803 2998 873 ὁμοῦ
3025 807 3139 867 τοῖς
3178 807 3531 875 Εὐαγγελίοις
3559 818 3644 865 καὶ
3678 819 3770 870 πά-

2225 907 2349 954 σαις
2375 891 2484 944 τῶν
2514 891 2675 945 θείων
2719 894 2983 965 Πατέρων
3025 900 3289 966 γραφαῖς,
3320 902 3415 952 καὶ
3450 901 3669 969 λέγοντα
3692 909 3770 956 τὸν

2224 982 2354 1035 Υίὸν
2402 984 2494 1036 καὶ
2539 985 2713 1049 Λόγον
2772 984 2868 1040 τοῦ
2926 987 3064 1040 Θεοῦ
3090 989 3351 1059 διάφορον
3394 993 3493 1061 τῆς
3525 996 3773 1063 πατρικῆς

2222 1075 2413 1138 οὐσίας
2444 1076 2539 1129 καὶ
2597 1078 2889 1146 ὑφειμένον
2946 1079 3102 1146 Θεὸν,
3140 1079 3393 1152 καθάπερ
3446 1084 3696 1153 Εύνόμιός
3723 1103 3772 1137 τε

2224 1168 2319 1219 καὶ
2353 1169 2571 1236 ’Ἄρειος
2596 1170 2826 1232 ἐκεῖνος.
2853 1171 2947 1225 καὶ
2996 1172 3112 1226 ὅσοι
3144 1172 3213 1227 τὰ
3243 1173 3470 1227 τοιαῦτα
3505 1176 3668 1228 πάλαι
3701 1176 3776 1244 βε·

2223 1258 2731 1328 ὅλτισφημήκεσανς
2766 1261 2883 1316 ’Ὶνα
2925 1263 3032 1333 γὰρ
3068 1266 3168 1329 τὰς
3215 1264 3325 1319 τῶν
3356 1265 3515 1319 θείων
3547 1266 3775 1319 διδασκά-

2224 1346 2331 1400 λων
2354 1350 2386 1417 ἡ
2396 1350 2512 1417 μῶν
2540 1352 2597 1401 ἐν
2620 1351 2698 1419 τῷ
2728 1353 2956 1422 παρόντι
2980 1355 3195 1423 σιγήσω
3218 1355 3429 1426 ῥήσεις,
3449 1356 3547 1407 οὐκ
3568 1354 3774 1407 ἀκούετε

2225 1440 2425 1502 πάντες
2458 1442 2546 1494 ἀεὶ
2569 1442 2670 1494 τοῦ
2692 1444 2838 1497 θείου
2871 1445 3127 1513 λέγοντος
3153 1447 3513 1514 Εὑαγγελίου,
3570 1465 3589 1498 ι
3610 1446 3776 1498 Πάντα

2223 1530 2291 1583 δι’
2319 1532 2484 1584 αὑτοῦ
2516 1534 2753 1600 ἐγένετο,
2817 1536 2913 1589 καὶ
2948 1541 3122 1606 χωρὶς
3155 1537 3321 1590 αὐτοῦ
3350 1537 3565 1604 ἐγένετο
3594 1536 3703 1588 οὐδὲ
3726 1534 3778 1588 ἓν

2225 1620 2254 1674 ὃ
2279 1622 2576 1687 γέγονεν,·ι
2618 1624 2712 1675 καὶ
2736 1625 2830 1676 τοῦ
2872 1626 3035 1678 Δαϐὶδ
3083 1626 3266 1694 πολλῷ
3325 1624 3777 1695 προθεσπίσαντος

2225 1713 2511 1780 πρότερον,
2558 1732 2575 1764 ι
2612 1716 2797 1767 Πάντα
2832 1718 2889 1767 ἐν
2924 1716 3087 1784 σοφία
3144 1716 3431 1784 ἐποίησας,
3500 1732 3519 1765 ι
3576 1712 3776 1764 καὶτοῦ

2226 1804 2570 1873 Σολομῶντος
2602 1804 2780 1867 αὖθις,
2825 1826 2842 1857 ι
2893 1804 2956 1861 Ὀ
2980 1806 3114 1869 Θεὸς
3162 1809 3228 1876 τῇ
3265 1806 3428 1876 σοφίᾳ
3472 1804 3777 1869 Hispalim:

538 1884 645 1922 non
675 1871 877 1928 desinit
910 1892 1131 1946 semper
1180 1883 1430 1939 scribere
1474 1898 1531 1943 et
1578 1887 1791 1952 dicere,
1821 1893 1873 1942 iu
1916 1892 2113 1956 plateis

2221 1895 2321 1963 τὴν
2348 1862 2473 1963 γῆν,
2503 1862 2845 1964 ἡτοίμασεδὲ
2868 1862 3136 1967 οὐρανοῦ-ς
3159 1862 3520 1966 ἐνιφρονησει.
3537 1915 3555 1945 ι
3584 1894 3674 1955 Τίς
3697 1890 3779 1946 οὖν

531 1974 754 2033 quoque
782 1977 839 2020 et
870 1966 1005 2023 foris
1037 1970 1260 2039 docere,
1284 1986 1511 2045 propter
1564 1994 1815 2050 magnam
1864 1982 1986 2052 ejus
2020 1983 2114 2052 qui

529 2055 827 2121 prohibere
876 2062 1045 2127 possit
1073 2077 1201 2118 eum
1262 2067 1645 2137 solitudinem,
1686 2080 1744 2127 et
1781 2088 1943 2128 aures
1983 2088 2113 2144 per-

530 2144 712 2201 forare
744 2149 1143 2220 simpliciorum
1169 2156 1193 2209 ?
1242 2177 1262 2210 ι

2222 1986 2301 2039 ἔτι
2335 1987 2493 2056 χρεία
2525 1986 2702 2055 λόγων
2739 1989 2821 2049 εἰς
2848 1988 3129 2054 ἀπόδειξιν
3154 1990 3275 2058 ’τῆς
3303 1985 3660 2052 παλαιγενοῦς
3693 1984 3779 2036 αύ-

2219 2077 2316 2132 τοῦ
2348 2078 2690 2144 κακοδοξίας,
2739 2080 2805 2150 ἢν
2837 2080 3005 2134 πάλαι
3044 2080 3275 2149 ὡδίνησέ
3308 2097 3368 2132 τε
3393 2078 3487 2132 καὶ
3518 2076 3665 2129 ἔτεκε
3696 2075 3778 2125 καὶ

2218 2168 2307 2218 ἀεὶ
2334 2166 2566 2235 γράφων
2599 2168 2697 2220 καὶ
2726 2167 2901 2235 λέγων
2929 2170 2990 2221 ού
3037 2168 3332 2233 διαλείπει,
3369 2170 3469 2221 κάν
3500 2168 3617 2227 ταῖς
3653 2164 3779 2215 πλα-
3866 2170 3873 2177 ·

528 2238 704 2302 τείαις
730 2244 825 2296 καὶ
850 2246 1080 2316 ἀγοραῖς
1104 2249 1376 2305 διδάσκων
1410 2255 1570 2317 ,κατὰ
1628 2257 1833 2329 πολλὴν
1872 2258 1992 2313 οτοῦ
2053 2260 2402 2323 κωλύσοντος
2463 2261 2737 2331 ἐρημίαν,
2794 2261 2889 2314 καὶ
2942 2262 3041 2325 τὰς
3108 2262 3279 2324 ἀκοὰς
3348 2259 3636 2333 διορύττων
3683 2271 3778 2308 των

532 2334 918 2407 ἁπλουστέρων
934 2359 951 2405 ς
982 2361 1002 2394 ι

601 2424 793 2482 XXVI.
845 2431 1095 2491 Palamas
1142 2448 1327 2496 autem
1380 2446 1672 2500 nominum
1726 2457 1783 2504 et
1814 2450 2112 2505 verborum

534 2518 791 2577 notiones
813 2535 872 2578 et
892 2524 1298 2588 declinationes
1325 2544 1546 2591 mutans
1573 2540 1811 2606 pessima
1835 2542 2115 2596 convicia-

533 2608 719 2664 batur.
774 2613 1065 2687 Postquam
1122 2625 1458 2693 vituperatus
1510 2637 1682 2697 esset,
1717 2640 1775 2685 ut
1837 2631 2113 2699 indoctus,

533 2701 981 2771 conjunctionum
1012 2713 1414 2779 Oppositionem
1447 2718 1782 2786 introduxit,
1803 2738 2000 2777 vocum
2032 2724 2118 2778 ni-

538 2790 739 2848 mirum
773 2814 792 2847 ι
816 2796 916 2866 μὲν
946 2819 964 2851 ι
999 2811 1055 2854 et
1078 2821 1098 2854 ι
1133 2804 1242 2859 δέ.»
1285 2826 1303 2859 ι
1328 2807 1622 2879 Cognoscit
1649 2816 1916 2879 enim,ait
1943 2816 2117 2871 divini

529 2880 744 2949 Maximi
803 2887 1031 2957 dictum,
1065 2909 1126 2949 se
1176 2897 1399 2966 quidem
1456 2901 1601 2957 Deus
1634 2919 1701 2959 ex
1748 2909 1987 2961 essentia
2020 2924 2121 2965 sua

531 2970 693 3027 beata
717 2993 732 3029 ι
760 2992 882 3047 qua:
910 2990 1093 3037 autem
1116 2986 1268 3043 abeo
1295 2988 1439 3044 facta
1466 3000 1665 3055 sunt,e
1705 2995 1977 3065 sapientia
1997 3013 2117 3064 sua,

510 3077 632 3133 .per
653 3080 817 3134 quam
843 3081 900 3123 et
933 3070 990 3124 in
1012 3089 1120 3142 qua
1155 3077 1407 3134 universa
1440 3078 1588 3136 fecit.
1618 3081 1926 3153 Oportebat
1950 3089 2121 3157 igitur

2294 2450 2440 2517 κεῖν.
2483 2448 2543 2501 Ὅ
2569 2448 2623 2501 δὲ
2656 2446 2924 2517 Παλαμᾶς
2950 2447 3060 2501 τῶν
3088 2445 3374 2516 ὀνομάτων
3408 2444 3502 2497 καὶ
3538 2440 3779 2511 ῥημάτων

2220 2539 2333 2601 τὰς
2355 2540 2566 2600 ἐννοίας
2593 2540 2688 2590 καὶ⁷
2720 2538 2930 2601 κλίσεις
2961 2537 3329 2608 μεθαρμόζων
3357 2533 3691 2602 ἐϐλασφήμει
3719 2531 3776 2580 τὰ

2225 2631 2495 2699 χείριστα.
2548 2627 2928 2697 Ἐπιτιμηθεὶς
2952 2627 2998 2680 δ’
3024 2628 3101 2691 ὡς
3131 2627 3355 2698 ἀμαθὴς
3395 2627 3494 2695 τὴν
3537 2622 3641 2676 τῶν
3668 2638 3777 2672 συν-

2223 2720 2438 2788 δέσμων
2483 2720 2778 2789 διαστολὴν
2832 2719 3122 2789 ἀντεισῆγε
3155 2719 3248 2773 τοῦ
3285 2720 3389 2788 μὲν
3438 2717 3532 2771 καὶ
3583 2713 3672 2766 τοῦ
3704 2712 3773 2765 δέ.

2234 2830 2253 2863 ι
2299 2812 2559 2865 Γινώσκει
2593 2822 2721 2882 γαρ,
2774 2831 2791 2863 ο
2832 2813 2998 2882 φησὶν
3027 2813 3061 2882 ἡ
3095 2811 3192 2865 τοῦ
3223 2812 3374 2865 θείου
3417 2810 3662 2878 Μαξῖμου
3691 2803 3778 2872 ρἦ

2229 2920 2334 2968 σις,
2371 2922 2390 2954 ι
2428 2904 2620 2957 ἑαυτὸν
2646 2905 2745 2972 μὲν
2774 2907 2802 2958 ὀ
2834 2904 2968 2968 Θεὸς
3017 2905 3081 2957 ὲκ
3116 2903 3221 2970 τῆς
3281 2903 3560 2972 μακαρίας
3608 2896 3775 2953 οὐσίας

2232 2993 2423 3060 αὑτοῦ,
2450 2996 2520 3048 τὰ
2557 2995 2608 3049 δ’
2633 2997 2725 3049 ὑπ’
2757 2995 2924 3050 αὐτοῦ
2953 2995 3215 3064 γεγονότα
3257 2997 3323 3050 ἐκ
3357 2996 3456 3064 τῆς
3482 2993 3662 3061 σοφίας
3688 2989 3773 3041 αἵθ’

2226 3086 2346 3153 τοῦ,
2377 3087 2446 3140 δι’
2478 3081 2548 3160 ἦς
2581 3089 2676 3142 καὶ
2703 3091 2760 3141 ὲν
2857 3090 2925 3143 τὰ
2965 3090 3147 3142 πάντα
3175 3091 3457 3159 ἐποίησεν.
3520 3085 3660 3137 Ἔδει
3696 3078 3777 3131 οὖν

533 3156 658 3207 e‘um
698 3155 880 3213 dicere
914 3164 1222 3219 secundum
1242 3181 1362 3232 vos,
1391 3168 1591 3224 Filium
1616 3185 1839 3242 quoque
1867 3155 2113 3230 similiter

2227 3179 2403 3233 εἰπεῖν
2434 3155 2559 3233 καθ’
2612 3180 2757 3249 ὑμᾶς
2802 3155 2895 3234 ’δτι
2952 3180 3047 3233 καὶ
3079 3181 3107 3232 ό
3133 3178 3261 3242 Υἱὸς
3307 3155 3508 3251 δμοίως
3539 3173 3772 3244 γινώσκει

532 3258 867 3315 cegnoscere
883 3268 942 3308 se
956 3269 1023 3331 ex
1035 3257 1271 3311 essentia
1292 3259 1587 3331 ejus|323
1606 3262 2117 3326 beata,uteamdem

533 3346 788 3393 naturam
820 3328 1185 3418 eamdemque
1221 3328 1523 3406 essentiam
1546 3353 1903 3408 ostenderet:
1963 3355 2114 3425 quod

534 3443 659 3480 cum
685 3430 754 3485 ab
787 3446 853 3486 eo
894 3441 1330 3504 praetermissum
1365 3442 1438 3496 sit
1464 3443 1709 3509 silentio,
1759 3455 1989 3514 apparet
2034 3446 2118 3501 illi

536 3534 748 3576 mecmn
772 3530 1093 3599 convenire,
1112 3548 1293 3603 neque
1312 3550 1445 3589 vero
1468 3536 1580 3590 ullo
1593 3535 1755 3591 modo
1768 3538 2076 3596 vobiscum.
2089 3558 2111 3592 ι

605 3608 815 3668 XXVII.
843 3616 1032 3687 Magna
1068 3621 1237 3691 igitur
1262 3626 1617 3693 oppositione
1643 3627 1783 3681 facta
1822 3629 2115 3700 utriusque

534 3704 707 3766 partis
736 3704 1009 3777 Gregoras
1049 3718 1309 3781 tanquam
1358 3716 1569 3771 arbiter
1617 3717 1794 3773 factus
1828 3729 1885 3775 et
1912 3725 2114 3792 capitis

535 3791 755 3849 dolores
793 3799 944 3864 parvi
995 3799 1206 3868 faciens
1240 3814 1465 3872 propter
1511 3821 1644 3861 usus
1675 3810 1980 3880 auxiliique
2012 3826 2111 3866 ne-

534 3885 878 3943 cessitatem:
927 3878 1198 3946 «Primum
1231 3894 1480 3962 quidem,
1516 3898 1717 3968 inquit,
1746 3878 2109 3970 spectandum

533 3984 652 4039 cst,
705 3986 890 4030 utrqu
936 3978 1258 4038 communes
1294 3984 1554 4040 Ecclesia:
1607 3989 1970 4058 cogitationes
2018 4007 2108 4047 se-

532 4080 736 4132 quatur
780 4077 836 4123 ct
878 4070 1193 4127 divinorum
1241 4075 1467 4131 Patrum
1513 4079 1818 4136 sententias
1866 4096 2109 4152 superne

533 4155 909 4224 confirmatas,
972 4163 1279 4217 secundum
1341 4163 1607 4221 Basiliam
1650 4168 1945 4241 Magnum,
2011 4173 2107 4242 qui

533 4256 790 4316 oportere
823 4248 958 4304 dicit
990 4266 1090 4309 nos
1118 4269 1147 4306 a
1177 4257 1568 4314 communibus
1598 4260 1668 4315 de
1708 4261 1820 4317 Deo
1852 4262 2108 4333 cogitatis

532 4353 695 4392 ursos
721 4342 999 4396 contraria
1052 4343 1109 4396 in
1137 4346 1369 4402 vocibus
1394 4353 1696 4408 convenire
1734 4368 1848 4408 nou
1882 4361 2104 4421 putare.

534 4426 675 4482 Tum
698 4431 1002 4485 secundum
1023 4448 1343 4493 communes
1357 4444 1660 4498 sententias
1688 4443 2104 4499 concedendum

2224 3270 2417 3326 ἑαυτὸν
2440 3273 2505 3324 ὲκ
2530 3271 2630 3340 τῆς
2671 3272 2950 3341 μακαρίας
3004 3272 3194 3334 οὐσίας
3220 3272 3412 3334 αὐτοῦ,
3468 3269 3552 3321 ῐνα
3579 3266 3635 3318 τὸ
3663 3265 3774 3330 ὁμο⁴

2226 3365 2360 3432 φυὲς
2398 3366 2493 3417 καὶ
2520 3364 2808 3433 όμοούσιον
2831 3363 2983 3435 δείξῃ
3009 3379 3025 3394 ·
3057 3363 3252 3416 τούτου
3284 3363 3329 3416 δ’
3360 3363 3549 3431 ἐκείνῳ
3583 3367 3773 3418 σιωπη⁶

2223 3455 2409 3517 θέντος
2467 3454 2745 3508 δείκνυται
2788 3455 3102 3525 συμφωνῶν
3151 3455 3296 3523 ἐμοὶ,
3357 3456 3451 3508 καὶ
3495 3445 3692 3517 οὐδαμῆ
3718 3457 3771 3509 γε

2222 3545 2373 3599 ὑμῖν.
2418 3565 2437 3597 ι

2261 3564 2492 3706 ιῖιθ
2529 3633 2609 3708 υ.]
2645 3632 2774 3690 ΚΖ’.
2805 3634 3015 3706 Πολλῆς
3049 3630 3144 3688 οὖν
3200 3634 3521 3725 ἐνστάσεως-
3552 3619 3777 3725 ἐνταυθοῖ

2218 3727 2520 3798 γενομένης
2543 3728 2653 3781 τῶν
2682 3726 3050 3797 ἑκατέρωθεν,
3071 3726 3261 3795 ῶσπερ
3283 3722 3568 3794 διαιτητὴς
3592 3710 3771 3788 μεταξὺ

2217 3820 2511 3891 γενόμενος
2541 3821 2571 3873 δ
2605 3821 2919 3891 Γρηγορᾶς,
2946 3819 3164 3883 καὶτὰς
3213 3818 3314 3886 τῆς
3354 3814 3594 3886 κεφαλῆς
3621 3808 3774 3872 ἀλγη-

2213 3911 2373 3974 δόνας
2405 3912 2559 3981 παρά
2586 3911 2796 3980 φαῦλον
2825 3911 2963 3974 τέως
2989 3909 3372 3981 ποιησάμενος
3402 3906 3491 3960 διὰ
3515 3903 3610 3999 τὴν
3626 3894 3773 3999 (illi?

2217 4016 2323 4070 κην
2346 4002 2444 4070 τῆς
2471 4001 2685 4070 χρείας,
2717 4019 2736 4053 ι
2766 4000 2991 4069 Πρῶτον
3031 4001 3130 4069 μὲν
3153 4000 3447 4064 σκεπτέον,
3483 3988 3773 4065 φησὶ,δυοῖν

2215 4091 2482 4161 ὁπότερον
2512 4094 2634 4155 ταῖς
2668 4093 2878 4155 κοιναῖς
2906 4093 3004 4156 τῆς
3042 4090 3376 4161 Ἐκκλησίας
3405 4086 3628 4144 ἐννοίαις
3657 4080 3774 4131 ἀκυ-

2212 4184 2398 4237 λουθεῖ
2423 4183 2519 4238 καὶ
2539 4187 2661 4253 ταῖς
2687 4182 2896 4238 ἄνωθεν
2917 4181 3287 4254 κυρωθείσαις
3305 4182 3416 4234 τῶν
3434 4178 3591 4232 θείων
3611 4167 3776 4232 δόξαις

2217 4272 2654 4343 Πατέρων,κατά
2669 4271 2764 4325 τὸν
2791 4270 2967 4340 μέγαν
2988 4270 3271 4323 Βασίλειον
3288 4270 3485 4340 χρῆναι
3516 4263 3773 4366 (gestivi:

2210 4365 2356 4434 ἡμᾶς
2386 4364 2493 4416 ἀπὸ
2513 4364 2624 4416 τῶν
2646 4362 2841 4417 κοινῶν
2874 4362 3097 4415 ὲννοιῶν
3125 4362 3487 4433 ὁρμωμένους
3508 4353 3633 4420 περὶ
3648 4348 3771 4401 Θεοῦ

2211 4455 2280 4509 τὰ
2323 4456 2732 4523 ἐναντιούμενα,
2785 4455 2911 4508 ὅσον
2957 4456 3049 4507 ἐπὶ
3089 4457 3156 4525 τῇ
3187 4454 3355 4521 λέξει,
3399 4444 3676 4521 ὁμολογεῖν
3705 4434 3771 4506 μὴ

529 4527 639 4585 est,
663 4520 904 4576 divinam
934 4534 1189 4581 naturam
1222 4529 1423 4586 bonam
1455 4548 1579 4590 esse
1608 4543 1665 4590 et
1698 4536 1794 4590 irae
1819 4544 2101 4605 expertem

2219 4551 2369 4603 νοεῖν.
2391 4544 2516 4601 Οίον
2539 4520 2684 4600 κατὰ
2704 4520 2804 4609 τὰς
2826 4544 3013 4606 κοινὰς
3035 4520 3345 4615 ὑπολήψεις
3373 4520 3486 4596 ἐστι
3506 4539 3603 4607 τὴν
3635 4531 3772 4585 θείαν

530 4618 589 4665 et
629 4612 863 4680 justam:
907 4618 1103 4684 quodsi
1157 4622 1355 4678 iratum
1397 4636 1492 4681 aut
1541 4638 1799 4682 moestum
1843 4643 1965 4683 eSse
2009 4637 2106 4684 aut

532 4701 914 4771 pwniteutiam
944 4721 1106 4777 agere
1137 4722 1234 4767 aut
1268 4715 1347 4768 uti
1398 4715 1588 4785 aliquo
1629 4730 1739 4769 non
1786 4731 1853 4770 ex
1903 4720 2106 4773 ‘merito

531 4792 702 4847 Deum
726 4793 1008 4866 Scriptura
1038 4801 1205 4871 dicat,
1225 4804 1386 4860 decet
1415 4806 1699 4876 inquirere
1726 4808 1781 4861 in
1808 4808 2104 4862 verborum

532 4883 663 4952 vim,
708 4897 764 4942 et
817 4893 1126 4960 excogitare
1172 4897 1453 4966 quomodo
1483 4898 1763 4967 possimus
1812 4898 2109 4954 restituere

529 4991 673 5043 eam,
706 4996 884 5051 neque
917 5000 1048 5041 vero
1072 5001 1327 5045 evertere
1357 4993 1687 5050 sententias,
1724 5009 1848 5062 quae
1876 5004 2008 5047 sunt
2039 4995 2108 5049 de

534 5069 666 5136 θεον
696 5088 920 5142 graves:
965 5089 1023 5134 et
1055 5081 1159 5136 hoc
1193 5082 1356 5137 modo
1395 5083 1517 5137 sine
1548 5083 1856 5139 oti‘eusione
1884 5095 2107 5141 utemur

531 5158 853 5232 Scripturis,
905 5184 973 5224 ex
1035 5170 1101 5226 iis
1160 5188 1282 5242 quae
1334 5175 1655 5230 obscuriora
1709 5189 1843 5231 sunt
1892 5179 2104 5232 nullum

531 5251 790 5312 damnum
839 5261 1104 5318 facientes
1125 5304 1140 5328 ,
1188 5280 1252 5318 ex
1291 5266 1359 5321 iis
1391 5277 1596 5330 autem,
1626 5285 1750 5338 qua:
1779 5270 1923 5324 clara
1954 5280 2106 5335 sunt,

530 5349 826 5407 utilitatem
858 5355 1161 5423 capientes.
1216 5358 1445 5412 Constat
1483 5360 1707 5428 quidem
1741 5362 1883 5415 inter
1917 5377 2111 5416 omnes

530 5444 890 5508 orthodoxos,
914 5447 1171 5503 universa
1202 5465 1299 5519 per
1319 5450 1518 5505 Filium
1544 5462 1601 5507 et
1634 5454 1807 5507 verbo
1832 5454 1925 5507 Dei
1969 5456 2111 5508 facta

533 5548 674 5591 esse.
709 5536 885 5592 Verbo
906 5539 1075 5604 enim,
1099 5539 1195 5607 ait,
1215 5542 1431 5596 Domini
1464 5546 1585 5598 caeli
1624 5557 1752 5599 sunt
1786 5546 2021 5611 ﬁrmati;
2055 5556 2112 5600 et

534 5636 593 5680 ut
609 5628 831 5683 divinus
846 5631 1008 5701 327
1024 5631 1413 5704 aitGregorius
1440 5634 1744 5706 Nyssenus:
1770 5637 1849 5691 Re
1879 5651 2005 5691 vera
2026 5651 2114 5690 sa-

534 5721 738 5790 pientia
759 5731 814 5776 ct
830 5725 1084 5780 voluntas
1100 5727 1235 5781 nihil
1260 5726 1406 5783 aliud
1429 5740 1533 5795 est,
1549 5745 1712 5799 quam
1740 5730 2111 5798 praemeditata

538 5814 866 5871 universalis
892 5818 1185 5888 sapientia,
1205 5821 1260 5875 in
1279 5822 1672 5891 qua-universa
1701 5824 1840 5877 facta
1866 5834 1919 5879 et
1950 5822 2113 5877 ador-

2207 4636 2369 4705 φύσιν
2398 4635 2613 4705 ἀγαθὴν
2647 4634 2745 4688 καὶ
2786 4633 3061 4703 ἀόργητον
3103 4633 3198 4684 καὶ
3224 4631 3455 4685 δικαίαν
3482 4616 3766 4695 ὁμολογεῖν·

2220 4727 2347 4779 Ἐὰν
2375 4721 2471 4779 οὖν
2492 4724 2852 4794 ὀργιζόμενον
2882 4724 2917 4793 ἢ
2950 4720 3300 4791 λυπούμενον
3345 4721 3378 4792 ἢ
3418 4709 3775 4788 μεταμελόμε-

2207 4834 2298 4871 νον
2328 4817 2361 4887 ἦ
2404 4820 2480 4884 μὴ
2537 4815 2662 4868 κατ’
2697 4814 2858 4880 ἀξίαν
2884 4813 2997 4866 τινὶ
3029 4812 3316 4882 χρώμενον
3352 4814 3384 4879 ἡ
3414 4804 3599 4879 Γραφὴ
3627 4798 3769 4867 λέγῃ.

2208 4908 2390 4977 (τη-εῖν
2422 4909 2690 4976 προσῆκει
2715 4907 2776 4957 τὸ
2804 4906 2913 4974 τῆς
2937 4904 3137 4969 λέξεως
3184 4896 3588 4995 βούλημαλκαὶ
3620 4904 3768 4995 μείης

2211 4976 2350 5069 μνᾷν
2386 4999 2508 5051 τινα
2561 4998 2766 5068 τρόπον
2792 4997 3255 5067 ἀποκαταστῆσαι
3286 4991 3629 5065 δυνηθῶμεν,
3657 4976 3771 5045 οὐχὶ

2209 5091 2267 5143 δὲ
2296 5091 2629 5159 ἀνατρέπειν
2653 5090 2754 5147 τὰς
2778 5089 3099 5158 ἀξιολόγους
3121 5090 3254 5158 περὶ
3285 5086 3422 5139 Θεοῦ
3461 5075 3766 5174 ὑπολήψεξςο

2212 5179 2323 5232 Καὶ
2350 5178 2524 5240 οὕτως
2547 5178 2950 5246 ἀπροσκόπτως
2973 5175 3340 5245 ἐντευξόμεθα
3360 5175 3480 5234 ταῖς
3519 5170 3765 5237 Γραφιῑές

2211 5269 2321 5324 ἀπὸ
2345 5269 2444 5339 μὲν
2475 5269 2583 5322 τῶν
2616 5269 3004 5339 ἀσαφεστέρων
3041 5269 3118 5337 μὴ
3156 5267 3537 5338 βλαπτόμενοι,
3590 5249 3767 5311 ἀπὸδὲ

2212 5362 2322 5415 τῶν
2352 5361 2635 5431 εὐλήπτων
2665 5362 3070 5433 ὠφελούμενοι.
3137 5361 3298 5415 Ἔστι
3337 5358 3436 5428 μὲν
3485 5348 3577 5406 οῦν
3600 5345 3767 5433 συνδεῖ

2212 5430 2475 5523 δογμένον
2503 5454 2711 5508 ἅπασιν
2733 5430 3036 5524 ὁρθοδόεοις
3062 5454 3132 5507 τὰ
3183 5453 3364 5507 πάντα
3397 5448 3485 5501 διὰ
3513 5442 3605 5497 τοῦ
3645 5430 3784 5489 me

2213 5551 2306 5600 καὶ
2361 5546 2523 5614 λόγου
2573 5547 2671 5600 τοῦ
2709 5547 2843 5600 Θεοῦ
2884 5548 3245 5616 γεγενῆσθαι.
3294 5563 3313 5596 ι
3344 5542 3432 5612 Τῷ
3470 5540 3610 5627 λόγῳ
3643 5527 3763 5627 γάρ)

2215 5640 2370 5709 φησὶ,
2404 5639 2615 5710 Κυρίου
2636 5642 2684 5693 ot
2719 5615 2942 5709 οὐρανοὶ
2968 5639 3405 5710 ἐστερεώθησαν.
3440 5652 3458 5683 ι
3498 5626 3606 5684 Καὶ
3636 5615 3765 5710 κατᾲ

2215 5704 2306 5784 τὸν
2345 5704 2606 5785 Νυσσναὲα
2626 5732 2774 5784 θεῖον
2789 5704 3287 5802 λ’ρηγόριον-ὄντως
3311 5726 3474 5796 σοφία
3504 5721 3594 5774 πείι
3614 5704 3764 5785 βουλὴ

2216 5824 2367 5876 οὐδὲν
2401 5822 2589 5891 ἕτερόν
2618 5824 2735 5877 ἐστι
2772 5824 2911 5891 πλὴν
2939 5824 3033 5890 τῆς
3068 5824 3160 5877 τοῦ
3204 5820 3402 5882 παντὸς
3425 5816 3737 5885 προεπινοου
