4034 6462
277 395 385 459 289

1309 392 1752 456 BYZAN'I’leE
1798 387 2183 447 IIISTURHE
2219 389 2354 452 LIB.
2391 390 2572 449 XXX.

3446 397 3551 458 ΞΊο

283 511 455 579 μένης
488 511 704 578 σοφίας,
740 511 798 563 ἐν
885 509 950 563 τὰ
987 510 1165 563 πάντα
1199 511 1420 577 ἐγένετο
1453 512 1548 562 κα)⁸
1576 508 1866 576 διεκοσμή-

1981 511 2103 555 nata
2124 513 2267 558 sunt.
2291 492 2546 559 Christus
2571 504 2715 558 enim
2743 515 2825 561 est
2849 507 2940 561 Dei
2964 507 3045 561 vis
3067 518 3122 562 et
3153 509 3244 562 Dei
3265 512 3554 579 sapientia.

281 600 373 668 θη.
405 601 641 669 Χριστὸς
665 602 775 670 γάρ
811 601 948 654 Θεοῦ
981 601 1208 670 δύναμις
1238 605 1334 656 καὶ
1366 601 1502 654 Θεοῦ
1534 604 1716 668 σοφία.
1754 601 1862 653 Καὶ

280 691 444 745 πάλιν
485 694 647 762 σοφία
695 692 786 745 τοῦ
839 692 973 747 Θεοῦ
1007 695 1103 747 καὶ
1158 696 1372 765 [ἰατρὸς
1422 697 1570 748 κατὰ
1599 695 1688 747 τὸν
1719 695 1862 746 θεῖον

281 784 537 853 Μάξιμον
559 785 651 836 καὶ
681 785 946 856 φρόνησις
979 790 1005 840 ὁ
1036 785 1243 856 Κύριος
1286 789 1446 857 ἡμῶν
1469 791 1624 840 ἐστιν
1654 787 1864 858 Ἰησοῦς

282 877 542 938 Χριστὸς,
571 879 598 928 6
631 878 725 929 καὶ
779 879 847 930 τὰ
877 879 1110 932 καθόλου
1149 880 1260 932 τῶν
1309 881 1482 932 ὄντων
1516 879 1758 947 συνέχων
1797 881 1861 948 τῇ

282 969 511 1036 δυνάμει
547 969 647 1036 τῆς
695 970 888 1037 σοφίας
917 974 1012 1024 καὶ
1065 971 1135 1026 τὰ
1170 972 1611 1044 συμπληρωτικὰ
1655 972 1864 1024 τούτων

291 1062 429 1130 μέρη
471 1063 740 1132 περιέχων
767 1065 833 1132 τῇ
865 1065 1128 1134 φρονήσει
1153 1066 1252 1133 τῆς
1287 1067 1580 1131 συνέσεως,
1608 1065 1685 1128 ὡς
1725 1067 1865 1119 πάν-

289 1171 395 1205 των
419 1153 580 1218 φύσει
625 1154 956 1226 δημιουργὸς
1014 1157 1111 1210 καὶ
1158 1159 1490 1228 προνοητὴς,
1551 1163 1644 1214 καὶ
1694 1161 1776 1222 είς
1805 1159 1864 1211 ἒν

220 1295 224 1300 .
289 1249 434 1313 ἄγων
469 1248 537 1300 τὰ
584 1248 852 1302 διεστῶτα
899 1251 967 1303 δι’
1019 1251 1242 1305 ἑαυτοῦ.
1301 1253 1410 1308 Kal
1450 1255 1476 1305 6
1505 1255 1865 1324 Δαμασκηνός

291 1356 451 1406 φησιν
486 1339 739 1408 Ἰωάννης
765 1341 988 1410 ὁμοίως,
1008 1343 1091 1395 ὅτι
1112 1343 1214 1396 οὐκ
1240 1343 1356 1396 ἔστι
1379 1343 1456 1413 τῷ
1491 1344 1664 1414 ῐῐατρὶ
1686 1345 1863 1412 λόγος.

291 1430 450 1497 σοφία
475 1469 488 1490 .
527 1431 775 1499 δύναμις,
813 1431 1031 1502 θέλησις
1083 1437 1133 1486 εἰ
1196 1435 1271 1506 μὴ
1309 1437 1337 1488 6
1360 1436 1508 1500 Υἱὸς,
1561 1437 1620 1494 ὅς
1646 1439 1792 1491 ἐστιν
1829 1440 1863 1508 ἡ

293 1523 426 1590 μόνη
459 1521 684 1590 δύναμις
709 1524 805 1576 τοῦ
840 1525 1102 1592 Πατρὸςή
1130 1529 1586 1599 προκαταρκτικὴ
1608 1530 1710 1596 τῆς
1732 1528 1867 1581 πάν-

285 1631 395 1665 των
424 1614 714 1682 ποιήσεως.
765 1616 876 1668 Καὶ
937 1618 1135 1686 μυρίας
1186 1619 1302 1688 ἔχοι
1336 1637 1421 1683 τις
1450 1621 1516 1673 ἂν
1559 1621 1868 1692 μαρτυρίας

288 1703 552 1771 προάγειν
585 1705 745 1758 ταυτὶ
805 1707 1156 1768 συνιστάσας.
1205 1708 1317 1761 Καὶ
1374 1708 1592 1777 πρῶτον
1650 1709 1748 1776 μὲν
1804 1709 1865 1776 ἰὴ

289 1795 551 1846 σκεπτέον
574 1795 639 1847 ἂν
669 1794 755 1862 εἴη
789 1796 960 1857 τουτὶ,
1010 1797 1265 1866 δεύτερον
1297 1798 1354 1851 δὲ
1387 1800 1502 1856 πῶς
1538 1798 1634 1852 καὶ
1662 1801 1690 1850 6
1719 1798 1864 1862 θεῖος
1893 1839 1940 1899 Β

291 1883 534 1952 Μάξιμος
555 1887 668 1946 τοῖς
691 1888 895 1948 κοινοῖς
929 1887 1026 1956 τῆς
1077 1889 1410 1958 Ἐκκλησίας
1430 1890 1627 1943 ἕπεται
1655 1890 1865 1960 δόγμα-

290 1993 396 2039 σιν,
429 1977 475 2028 εί
503 1977 576 2046 μή
627 1995 708 2040 τις
739 1977 974 2031 ἐνταῦθα
1014 1980 1448 2050 παρεξηγεῖσθαι
1500 1983 1764 2052 βιάζοιτο.
1801 1983 1861 2036 Ἥ

289 2072 399 2139 γὰρ
427 2070 678 2141 διαστολὴ
704 2071 813 2125 τῶν
849 2072 1162 2142 συνδέσμων
1183 2074 1419 2127 ἐνταῦθα
1449 2076 1510 2128 οὐ
1535 2075 1626 2128 τὸν
1645 2075 1867 2145 Πατέρα

291 2163 507 2215 καὶτὸν
547 2163 673 2216 Υἰὸν
719 2165 1050 2229 διαστέλλει,
1104 2167 1221 2219 ἀλλ’
1277 2170 1341 2219 ἐκ
1402 2169 1513 2220 τῶν
1549 2168 1866 2238 κτισμάτων

298 2256 527 2325 μάλιστα
579 2257 670 2310 τὸν
699 2257 833 2310 Θεὸν
885 2258 1146 2328 διαιρῶν,
1201 2261 1742 2330 συμπαραλαμϐάνει
1774 2261 1870 2314 καὶ

297 2349 552 2402 συνάπτει
573 2348 635 2412 [ί.
669 2348 771 2403 150
797 2348 870 2421 r.]
910 2349 1084 2420 τούτῳ
1115 2353 1210 2404 καὶ
1237 2352 1329 2405 τὸν
1356 2351 1486 2404 Υἱδν
1519 2354 1597 2414 είς
1630 2352 1729 2424 τὴν
1758 2352 1868 2406 τῶν

294 2444 609 2510 κτισμάτων
647 2442 874 2509 γνῶσιν,
908 2443 997 2496 ἵνα
1051 2443 1126 2513 μὴ
1155 2443 1284 2514 δόξῃ
1333 2443 1589 2513 χωρίζειν
1618 2444 1646 2495 6
1677 2445 1869 2514 Πατὴρ

293 2533 387 2586 τὸν
416 2534 541 2586 Υίὸν
570 2535 763 2588 ἑαυτοῦ
792 2536 852 2588 ὲν
882 2539 947 2606 τῇ
979 2536 1188 2590 τούτων
1226 2535 1450 2605 γνώσει,
1485 2537 1554 2590 δι’
1593 2532 1652 2590 οῦ
1678 2537 1773 2590 καὶ
1812 2539 1870 2590 ὲν

293 2615 341 2689 ᾧ
370 2624 665 2694 πεποίηκεν
699 2622 915 2676 ἅπαντα
940 2623 1136 2677 ταῦτα.
1174 2622 1282 2676 Καὶ
1328 2627 1438 2692 γὰρ
1463 2625 1559 2677 καὶ
1589 2625 1679 2678 ὅτε
1733 2626 1872 2692 φησὶ

295 2712 386 2765 τὸν
423 2711 553 2764 Θεὸν
576 2715 603 2764 6
627 2710 780 2776 ἅγιος
813 2713 1106 2780 γινώσκειν
1144 2711 1336 2764 ἑαυτὸν
1366 2712 1431 2765 ἐκ
1459 2711 1561 2781 τῆς
1589 2713 1872 2782 μακαρίας

296 2802 482 2866 οὐσίας
507 2803 693 2866 αὑτοῦ,
726 2803 826 2855 οὐκ
858 2804 1158 2870 ἀποστερεῖ
1200 2802 1290 2856 τὸν
1325 2802 1456 2856 Υἱδν
1483 2802 1584 2873 τῆς
1611 2802 1872 2873 τοιαύτης

298 2895 571 2963 γνώσεως.
608 2896 731 2958 Πῶς
759 2896 888 2964 γάρ,
925 2894 1214 2963 ὁμοούσιον
1247 2895 1379 2949 ὅντα
1403 2913 1464 2947 τε
1507 2896 1602 2948 καὶ
1635 2895 1736 2964 τὴν
1774 2896 1874 2948 αὐ-

296 2992 398 3054 τὴν
427 2989 502 3060 τῷ
537 2991 709 3060 Πατρὶ
761 2991 962 3057 γνῶσιν
1017 2990 1231 3060 ἔχοντα,
1279 2991 1354 3054 ὡς
1407 2991 1500 3043 καὶ
1548 2985 1712 3053 αὐτὸς
1743 2989 1874 3061 περὶ

300 3085 495 3137 ἑαυτοῦ
545 3085 818 3153 μαρτυρεῖ
869 3084 1064 3152 λέγων,
1138 3103 1157 3135 ι
1191 3083 1392 3144 Καθὼς
1428 3081 1690 3153 γινώσκει
1750 3083 1875 3151 μεὸ

1969 594 2034 647 Ει
2065 611 2261 650 rursus
2301 598 2574 666 sapientia
2614 599 2704 652 [)ei
2748 608 2806 653 et
2855 600 3037 656 Patris
3079 603 3388 656 secundum
3416 605 3556 657 divi-

1967 703 2098 740 num
2135 687 2429 740 Maximum
2465 690 2758 743 consilium
2813 706 3031 761 quoque
3073 692 3337 748 Dominus
3369 705 3558 748 noster

1967 790 2050 833 est
2083 779 2241 833 Jesns
2271 779 2551 847 Christus,
2588 783 2681 851 qui
2732 783 2898 836 etiam
2950 783 3208 840 universa
3262 801 3384 854 qua:
3427 798 3556 840 sunt

1967 872 2218 925 continet
2256 873 2304 925 vi
2341 873 2722 942 sapientize,et
2767 875 3160 944 eompletorias
3194 887 3376 944 partes
3410 894 3558 932 Com-

1968 963 2228 1032 plectitur
2259 967 2490 1019 consilio
2526 971 2728 1022 mentis
2754 978 2812 1021 ut
2842 973 3084 1022 omnium
3110 985 3139 1023 a
3160 980 3368 1023 natura
3405 987 3557 1023 erea—

1969 1067 2056 1111 tor
2114 1059 2524 1127 pmmcditans,
2557 1071 2610 1114 et
2642 1062 2694 1116 in
2755 1079 2922 1115 nnmn
2975 1063 3251 1116 contrahit
3299 1063 3556 1116 distantia

1969 1164 2067 1217 per
2099 1165 2180 1204 sc.
2261 1151 2330 1204 Et
2389 1151 2647 1206 similiter
2703 1149 2781 1206 δὴ
2833 1151 3076 1207 Joannes
3141 1142 3550 1204 Damnst-enus:

1968 1237 2127 1295 Nulla
2159 1250 2244 1295 est
2276 1240 2418 1295 Patri
2451 1243 2651 1305 oratio,
2685 1243 2976 1311 sapientia,
3009 1243 3114 1308 vis,
3154 1244 3423 1303 voluntas,
3452 1242 3556 1295 nisi

1968 1331 2174 1386 Filius:
2209 1334 2304 1402 qui
2338 1334 2563 1402 quidem
2599 1335 2713 1388 sola
2755 1345 2840 1389 est
2874 1334 2953 1388 vis
2988 1334 3167 1388 Patris
3215 1335 3554 1388 creationem

1967 1424 2214 1478 omnium
2248 1440 2583 1493 przeparans.
2619 1427 2800 1496 Atque
2841 1435 3103 1480 sexcenta
3158 1432 3390 1495 possunt
3433 1441 3558 1494 pro-

1967 1515 2100 1570 ferri
2155 1517 2468 1571 testimonia
2499 1533 2622 1587 qua:
2675 1517 2789 1573 [nec
2840 1519 3189 1574 conﬁrment.
3221 1515 3288 1571 Et
3316 1518 3556 1588 primum

1968 1607 2192 1678 quidem
2222 1608 2326 1662 hoc
2346 1610 2706 1678 spectandum
2734 1619 2818 1665 est
2841 1650 2857 1677 ,
2887 1611 3086 1667 deinde
3113 1611 3276 1666 etiam
3305 1611 3554 1666 divinum

1968 1699 2266 1754 Maximum
2291 1701 2454 1771 sequi
2487 1703 2804 1757 communia
2856 1703 3114 1759 Ecclesia:
3139 1703 3414 1774 dogmata,
3448 1702 3558 1756 nisi

1970 1789 2094 1858 quis
2123 1789 2215 1843 hic
2244 1789 2380 1844 falso
2413 1791 2762 1860 interpretari
2789 1793 3072 1858 studeret;
3099 1791 3382 1847 distinctio
3411 1792 3555 1846 enim

1969 1881 2426 1951 conjunctionum
2465 1883 2561 1938 hic
2599 1899 2708 1937 non
2761 1885 2977 1938 Patrem
3019 1894 3075 1936 et
3106 1883 3305 1938 Filium
3358 1883 3559 1938 distin-

1969 1972 2109 2042 guit,
2140 1972 2237 2026 scd
2279 1989 2309 2027 e
2339 1975 2542 2028 creatis
2575 1975 2814 2030 maxime
2851 1975 3020 2029 Deum
3071 1990 3368 2030 secernens
3407 1991 3557 2028 com-

1971 2065 2266 2130 prehendit
2297 2078 2354 2120 et
2385 2068 2671 2138 coniungit
2710 2067 2843 2122 huic
2878 2069 3045 2122 etiam
3074 2068 3274 2123 Filiurn
3312 2069 3365 2121 in
3396 2083 3556 2122 crea-

1973 2163 2153 2208 torum
2213 2157 2529 2228 cognitione
2593 2173 2660 2212 ne
2728 2158 2985 2212 videatur
3050 2173 3335 2212 removere
3391 2159 3552 2213 Pater

1972 2247 2168 2302 Filium
2203 2265 2233 2303 a
2265 2265 2324 2304 se
2369 2251 2422 2304 in
2453 2250 2651 2305 horum
2693 2251 3048 2321 cognitione,
3083 2266 3178 2320 per
3216 2267 3379 2320 quem
3415 2261 3470 2304 et
3503 2252 3556 2304 in

1973 2357 2083 2410 quo
2136 2341 2271 2398 fecit
2330 2345 2444 2400 hazc
2495 2346 2704 2400 omnia.
2771 2346 2990 2402 Etenim
3046 2349 3214 2402 etiam
3266 2363 3389 2402 cum
3424 2347 3560 2401 dicit

1976 2435 2148 2488 Deum
2179 2449 2406 2492 sanctus
2437 2452 2776 2508 cognoscere
2809 2454 2869 2495 se
2902 2456 2969 2494 ex
3001 2441 3236 2496 essentia
3257 2457 3351 2496 sua
3377 2442 3559 2504 beata,

1971 2527 2139 2598 328
2155 2544 2262 2583 non
2288 2531 2470 2600 privat
2487 2531 2793 2602 Filiumitali
2814 2533 3156 2602 cognitione:
3183 2535 3278 2603 qui
3295 2534 3442 2588 enim
3465 2549 3559 2604 po-

1975 2627 2082 2673 test
2094 2621 2345 2692 eum,qui
2367 2622 2556 2676 eadem
2576 2623 2650 2677 sit
2663 2624 2903 2678 essentia
2920 2634 2976 2680 et
2989 2625 3240 2680 eamdem
3255 2641 3380 2681 cum
3399 2627 3560 2681 Patre

1975 2712 2175 2766 habeat
2213 2714 2630 2782 cognitionem?
2657 2725 2718 2770 ut
2749 2718 2916 2771 etiam
2949 2717 3068 2788 ipse
3099 2718 3167 2772 de
3201 2733 3259 2773 se
3287 2729 3520 2773 testatur
3541 2762 3558 2787 ,

1973 2803 2188 2868 dicens,
2215 2825 2233 2857 ι
2275 2807 2344 2862 Ut
2373 2809 2656 2877 cognoscit
2687 2824 2774 2864 me
2810 2810 3009 2874 Pater,
3058 2825 3160 2880 ego
3200 2827 3420 2880 quoque
3461 2812 3563 2866 Pa—

1975 2903 2118 2951 trem
2140 2910 2416 2966 cognosco
2438 2907 2553 2961 ;iet
2577 2915 2592 2951 :
2623 2897 2860 2964 «Omnia.
2889 2916 3013 2969 quae
3041 2900 3209 2955 habet
3228 2901 3410 2966 Pater,
3443 2919 3563 2958 mea

1977 2997 2108 3042 sunt
2132 3005 2146 3050 ;
2173 2997 2296 3043 iet:
2331 2990 2478 3060 «Ego
2507 3001 2564 3045 et
2589 2991 2752 3047 Pater
2785 2980 2957 3046 unum
2985 3007 3234 3049 sumus.»
3264 2993 3561 3064 Propterea

1980 3079 2058 3133 ibi
2089 3080 2314 3150 quidem
2348 3081 2405 3136 in
2437 3083 2535 3142 Dei
2564 3083 2884 3153 cognitione
2915 3093 3143 3154 propter
3173 3087 3480 3142 naturalem
3509 3099 3565 3142 et

299 3176 508 3247 Πατὴρ,
542 3176 694 3244 κάγὼ
721 3177 974 3242 γινώσκω
1009 3177 1098 3226 τὸν
1127 3174 1368 3244 Πατέρα.
1410 3193 1428 3224 ι
1460 3176 1590 3233 Καὶ.
1631 3192 1650 3225 ι
1691 3175 1876 3228 Πάντα

1981 3173 2333 3229 essentialem
2368 3175 2793 3231 similitudinem
2831 3176 3011 3233 Patris
3046 3187 3102 3234 et
3137 3180 3258 3235 Filii
3286 3197 3395 3234 non
3427 3171 3567 3252 opus

297 3272 400 3324 ὅσα
418 3269 529 3340 ἔχει
553 3269 580 3320 6
608 3269 791 3338 Πατὴρ
821 3269 931 3338 ἐμά
954 3272 1092 3320 ἐστι’
1123 3286 1140 3319 t
1170 3267 1266 3321 καὶ
1301 3265 1476 3334 (Ἐγὼ
1504 3268 1596 3319 καὶ
1631 3269 1659 3319 6
1686 3266 1876 3337 Πατὴρ

267 3399 269 3402 ‹
299 3364 362 3416 ἓν
389 3367 576 3432 ὲσμεν.
620 3381 640 3415 ι
677 3363 777 3415 Διὰ
804 3361 962 3415 τοῦτο
994 3363 1111 3414 ἐκεῖ
1137 3360 1236 3430 μὲν
1267 3362 1323 3413 ὲν
1348 3362 1416 3431 τῇ
1448 3359 1543 3413 τοῦ
1570 3357 1706 3412 Θεοῦ
1737 3359 1880 3428 γνώ-

305 3473 390 3510 σει
411 3457 500 3510 διὰ
522 3457 622 3525 τὴν
650 3455 886 3525 φυσικὴν
913 3453 1009 3508 καὶ
1037 3451 1268 3521 οὐσιώδη
1301 3449 1612 3520 ταυτότητα
1636 3450 1730 3503 τοῦ
1764 3451 1880 3503 Πα-

299 3549 432 3619 τρὸς
479 3547 573 3600 καὶ
607 3545 700 3598 τοῦ
741 3543 871 3597 Υίοῦ
929 3541 1472 3614 πολυπραγμοσύνης
1519 3541 1623 3594 οὐκ
1679 3541 1878 3612 ἐδεήθη

301 3639 448 3698 τινός
471 3654 485 3667 ·
517 3635 575 3689 ἒν
597 3636 652 3688 δὲ
674 3639 740 3706 τῇ
771 3635 906 3706 πρὸς
935 3634 1003 3686 τὰ
1021 3633 1300 3702 κτίσματα
1325 3631 1528 3699 γνώσει
1566 3646 1880 3700 συμπαρει-

303 3732 467 3800 λήφει
509 3731 607 3783 καὶ
642 3729 743 3798 τὴν
769 3727 963 3795 σοφίαν
987 3727 1015 3779 6
1043 3725 1183 3784 θεῖος
1207 3717 1364 3786 οὗτος
1392 3721 1641 3792 Μάξιμος
1663 3764 1678 3790 ,
1717 3722 1786 3774 δι’
1813 3717 1882 3793 ἦς

307 3823 400 3879 καὶ
425 3824 484 3874 ὲν
575 3821 730 3874 ταυτὶ
751 3820 1054 3888 πεποίηκεν
1088 3817 1327 3879 ἅπαντα,
1362 3817 1668 3880 ἀναγκαίας
1713 3813 1881 3884 οῦσης

304 3919 406 3986 τῆς
435 3915 690 3983 τοιαύτης
726 3911 963 3966 ἐνταῦθα
999 3913 1225 3981 μνήμης
1263 3908 1353 3961 διὰ
1388 3909 1488 3972 τὰς
1528 3907 1880 3970 ὑποστάσεις,

308 4014 498 4082 ὥσπερ
534 4011 651 4061 ἐκεῖ
706 4006 805 4076 τῆς
833 4004 1048 4072 σιωπῆς
1095 4004 1183 4056 διὰ
1234 4002 1296 4055 τὸ
1335 4003 1502 4055 πᾶσιν
1538 4000 1883 4069 ἐγνωσμένον

310 4105 578 4172 ὑπάρχειν
609 4101 670 4152 τὸ
704 4099 799 4168 τῆς
838 4096 1027 4159 οὐσίας
1059 4093 1191 4148 Υίοῦ
1220 4094 1318 4146 καὶ
1339 4093 1554 4164 Πατρδς
1579 4092 1885 4160 ἀδιαίρετον

309 4198 406 4252 καὶ
433 4195 651 4249 ταυτόν.
705 4190 1132 4260 Ἐναργέστερον
1170 4187 1212 4240 5’
1254 4188 1402 4256 ὅμως
1442 4185 1523 4239 ἔτι
1559 4185 1652 4239 καὶ
1685 4187 1713 4238 6
1741 4184 1884 4245 θεῖος

308 4289 462 4349 οὗτος
494 4287 745 4356 Μάξιμος
790 4284 1032 4336 δείκνυσι
1067 4280 1295 4350 προῖὼν,
1351 4279 1446 4331 καὶ
1492 4276 1592 4346 τῆς
1627 4275 1882 4346 τεχνικῆς

310 4381 558 4435 ἐνταυθοῖ
582 4376 927 4448 μεμνημένος
945 4375 1157 4440 σοφίας,
1174 4372 1248 4440 μή
1267 4387 1352 4432 τις
1372 4369 1432 4435 ἐξ
1448 4368 1692 4438 ἀμαθίας
1709 4369 1888 4419 ὁπωσ-

310 4477 442 4529 ποτὲ
476 4469 773 4540 πλανηθεὶς
817 4466 1028 4519 ἐκεῖθεν
1061 4463 1386 4531 ὲξολισθήσῃ
1431 4460 1565 4530 πρὸς
1605 4458 1882 4520 δυσσεϐεῖς

313 4565 630 4634 λογισμοὺς,
661 4561 756 4614 καὶ
805 4559 928 4612 ἀντὶ
965 4557 1064 4626 τῆς
1108 4554 1285 4614 ὅντως
1326 4553 1516 4620 σοφίας
1550 4553 1649 4620 τὴν
1681 4552 1739 4602 ὲν
1772 4551 1884 4610 τοῖς

315 4660 575 4726 κτίσμασι
592 4652 843 4721 τεχνικὴν
858 4649 1060 4718 δοξάσῃ
1080 4648 1296 4715 σοφίαν,
1312 4643 1568 4714 καθάπερ
1586 4643 1681 4694 καὶ
1701 4640 1889 4693 οὑτοσὶ

318 4746 584 4815 Ιιάλαμᾶς
626 4737 1060 4813 βεϐλασφήμηκέ
1085 4753 1144 4788 τε
1170 4733 1440 4804 πρότερον
1468 4729 1757 4794 πολλάκις,
1793 4728 1889 4780 καὶ

312 4841 408 4894 νῦν
430 4835 584 4898 αὖθις
608 4835 691 4902 ἐφ’
709 4833 866 4903 ἡμῶν
888 4829 990 4883 οὐκ
1011 4828 1240 4882 αἰδεῖται
1257 4824 1478 4894 τολμῶν
1497 4824 1566 4876 τὰ
1581 4822 1886 4891 ἁτόλμητα.

312 4930 452 4998 Φησὶ
477 4929 585 4994 γὰρ
601 4923 831 4976 κατόπιν
860 4917 936 4980 ὼς
965 4918 998 4987 ή
1021 4915 1216 4984 λογικὴ
1230 4915 1324 4966 καὶ
1343 4911 1507 4980 νοερὰ
1537 4910 1697 4978 φύσις
1727 4907 1891 4976 γινώ-

316 5039 434 5075 σκει
465 5019 535 5073 τὰ
562 5019 836 5084 κτίσματα
860 5009 1133 5080 ἀναλήψει
1160 5007 1262 5073 τῆς
1285 5008 1346 5059 ἐν
1370 5007 1555 5068 αὐτοῖς
1579 4999 1892 5073 θεωρουμέο

314 5133 409 5184 νης
448 5111 705 5180 τεχνικῆς
749 5107 945 5175 σοφίας
980 5106 1076 5158 καλ⁴
1104 5102 1305 5170 γνώσει
1344 5100 1454 5153 τῶν
1485 5102 1544 5152 ὲν
1576 5097 1760 5159 αὐτοῖς
1792 5112 1893 5164 φυ-

316 5207 482 5260 σικῶν
528 5203 700 5270 λόγων
753 5199 914 5268 ἤτινα
966 5195 1030 5264 δὴ
1067 5193 1327 5262 τεχνικὴν
1381 5189 1575 5257 σοφίαν
1629 5201 1892 5257 παρακα-

314 5303 445 5351 τιὼν
473 5295 626 5356 αὖθις
655 5292 818 5353 αὐτὸς
852 5287 1018 5358 ψιλὴν
1059 5285 1152 5338 καὶ
1185 5282 1566 5338 ἀνυπόστατον
1606 5281 1666 5332 ὲν
1695 5278 1774 5348 τῷ
1814 5276 1890 5347 νῷ

318 5386 721 5455 συνισταμένην
751 5382 942 5450 φησιν,
968 5377 1168 5430 οὑτωσὶ
1194 5373 1338 5428 κατὰ
1365 5372 1510 5439 λέξιν
1532 5370 1891 5440 διαγορεύων,

315 5488 396 5537 ὀπί
430 5485 498 5533 τά
553 5479 658 5530 ὑπὸ
690 5475 826 5528 Θεοῦ
858 5472 1150 5541 γεγονότα.
1179 5467 1440 5539 γινώσκει
1495 5465 1588 5518 τὸν
1645 5463 1780 5517 Θεὸν
1825 5467 1892 5534 τῇ

315 5571 605 5643 ἀναλήψει,
630 5569 705 5632 ὡς
736 5569 970 5638 εἴρηται,
1003 5565 1102 5635 τῆς
1136 5565 1194 5616 ἐν
1225 5565 1337 5626 τοῖς
1371 5560 1622 5630 γεγονόσι
1653 5558 1894 5627 θεωρου-

321 5671 488 5742 μένης
533 5667 790 5736 τεχνικῆς
842 5664 1058 5732 σοφίας,
1087 5662 1209 5732 ἥτις
1245 5661 1365 5713 ἐστὶ
1393 5658 1524 5727 ψιλὴ
1559 5658 1656 5709 καὶ
1687 5655 1894 5708 ἀνυπό-

321 5779 513 5825 στατος
570 5763 629 5812 ὲν
680 5760 756 5829 τῷ
805 5758 1231 5826 νσυνισταμὲνη.
1288 5755 1396 5806 Καὶ
1445 5749 1679 5820 ἀλλαχοῦ
1730 5749 1894 5803 πάλιν

321 5858 521 5920 αὐτὸς(
549 5853 662 5907 Οὐκ
695 5855 758 5906 ἐκ
796 5853 888 5923 τῆς
925 5850 1134 5916 οὐσίας,
1168 5848 1321 5918 φησὶ,
1357 5845 1446 5898 τὸν
1479 5846 1610 5897 Θεὸν
1635 5841 1900 5912 γινώσκο-

1982 3262 2087 3317 fuit
2125 3263 2236 3318 ulla
2269 3264 2593 3319 curiositate
2620 3282 2635 3331 ;
2687 3266 2743 3320 in
2765 3268 3080 3337 cognitione
3106 3279 3315 3336 autem,
3345 3287 3466 3341 qua:
3502 3276 3554 3326 in

1983 3357 2187 3414 creatis
2213 3367 2473 3412 versatur
2492 3360 2920 3429 comprehendit
2947 3361 3112 3416 etiam
3136 3363 3465 3432 sapientiam
3486 3367 3568 3422 di-
3651 3366 3661 3372 ’

1981 3449 2148 3504 vinus
2167 3449 2258 3504 hie
2281 3451 2570 3518 Maximus,
2595 3467 2703 3521 qua
2727 3462 2780 3507 et
2814 3453 2867 3506 in
2903 3469 3009 3523 qua
3042 3455 3159 3509 haec
3187 3454 3318 3512 fecit
3345 3459 3568 3526 omnia;

1984 3556 2108 3596 cum
2135 3545 2449 3598 necessaria
2474 3552 2622 3599 esset
2651 3545 2744 3599 tali
2774 3545 2864 3600 hic
2890 3551 3420 3606 commemoratione
3444 3567 3571 3620 pro-

1986 3645 2109 3705 pter
2153 3635 2516 3698 substantias,
2559 3643 2618 3689 ut
2646 3635 2722 3690 ibi
2754 3636 2980 3690 silentio
3019 3639 3148 3707 quia
3171 3640 3433 3696 omnibus
3472 3658 3571 3694 no-

1987 3737 2102 3782 tum
2127 3737 2234 3790 est,
2271 3743 2393 3782 esse
2421 3727 2722 3782 essentiam
2761 3727 2886 3782 Filii
2915 3739 2972 3783 et
3002 3729 3186 3786 Patris
3210 3733 3568 3788 indiscretam

1983 3830 2042 3874 et
2069 3821 2340 3874 eamdem.
2366 3818 2584 3874 Clarius
2636 3834 2768 3873 vero
2805 3819 2972 3874 etiam
3018 3821 3240 3877 divinus
3273 3823 3362 3878 hic
3397 3825 3570 3880 Maxi-

1988 3927 2110 3966 mus
2159 3912 2504 3965 demonstrat
2567 3911 2924 3982 progrediens
2978 3926 3104 3966 cum
3163 3899 3330 3968 etiam
3395 3917 3573 3969 artiﬁ-

1985 4004 2151 4059 ciosa':
2203 4004 2316 4057 illic
2348 4003 2685 4058 mentionem
2738 4003 2906 4058 faciat
2958 4004 3281 4073 sapientiae:
3333 4022 3402 4059 ne
3446 4010 3573 4076 quis

1989 4093 2322 4164 ignorantia,
2345 4102 2403 4146 ut
2425 4093 2538 4148 ﬁeri
2566 4092 2724 4151 solet.
2758 4108 2954 4148 errans
2984 4095 3112 4149 inde
3141 4096 3346 4151 incidat
3371 4098 3424 4150 in
3463 4099 3568 4152 im-

1990 4187 2106 4256 pias
2145 4185 2589 4241 ratiocinationes
2617 4195 2674 4240 et
2707 4201 2806 4255 pro
2836 4201 2963 4240 vera
3003 4187 3273 4256 sapientia
3307 4191 3570 4245 artiﬁcio-

1988 4296 2104 4336 sam
2139 4280 2286 4334 illam
2321 4294 2443 4348 quas
2473 4287 2560 4332 est
2607 4279 2662 4332 in
2691 4278 2893 4334 creatis
2929 4280 3189 4348 epinetur
3219 4283 3568 4350 sapientiam,

1991 4383 2049 4426 ut
2077 4374 2242 4425 etiam
2271 4372 2518 4426 Palamas
2547 4371 2636 4425 hic
2671 4380 2726 4424 et
2754 4371 3099 4426 conviciatus
3147 4382 3233 4426 est
3253 4375 3364 4442 jam
3395 4386 3559 4428 antea

1992 4481 2160 4534 srepe,
2201 4473 2256 4518 et
2291 4479 2443 4518 nunc
2474 4477 2669 4517 rursus
2701 4463 2755 4516 in
2785 4462 2949 4516 nobis
2977 4478 3086 4515 non
3115 4463 3281 4531 pudet
3313 4479 3440 4518 cum
3473 4481 3568 4518 an-

1993 4558 2124 4611 dere
2169 4558 2384 4610 inausa.
2440 4555 2532 4608 Ait
2584 4554 2733 4608 enim
2790 4563 2948 4622 post:
2997 4553 3233 4607 Ratione
3290 4564 3346 4608 ct
3391 4567 3574 4610 mente

1995 4648 2226 4720 praedita
2276 4656 2474 4701 natura
2523 4644 2807 4714 cognoscit
2848 4653 3031 4699 creata
3077 4645 3573 4713 comprehensione

1993 4740 2390 4795 animadversa:
2430 4739 2482 4791 in
2532 4738 2599 4791 iis
2649 4737 2958 4792 artiﬁciosae
3008 4737 3293 4806 sapientia:
3323 4737 3490 4807 329
3516 4749 3569 4791 et

1994 4832 2310 4904 cognitione
2342 4831 2676 4885 naturalium
2709 4845 2831 4900 qure
2888 4831 2940 4882 in
2994 4827 3064 4882 iis
3096 4839 3226 4882 sunt
3253 4831 3529 4883 rationum
3561 4849 3572 4883 :

1994 4941 2159 4997 quam
2191 4924 2415 4994 quidem
2471 4922 2796 4992 sapientiam
2851 4921 3204 4975 artiﬁciosam
3254 4923 3417 4990 paulo
3455 4936 3577 4992 post

1998 5029 2195 5072 rursus
2240 5014 2358 5083 ipse
2413 5023 2638 5066 tenuem
2693 5021 2747 5066 et
2804 5011 3127 5065 substantia:
3181 5024 3468 5080 expertem
3519 5014 3574 5068 in

1997 5115 2183 5163 mente
2229 5103 2591 5172 compositam
2643 5101 2802 5168 dicit,
2865 5101 2968 5156 hoc
3013 5105 3177 5160 modo
3226 5104 3292 5157 ad
3347 5107 3575 5160 verbum

1997 5207 2284 5254 Statuens:
2338 5209 2464 5265 qua:
2494 5209 2523 5248 a
2556 5194 2670 5248 Deo
2721 5192 2864 5248 facta
2898 5193 3011 5247 sint
3033 5208 3368 5264 cognoscere
3403 5195 3572 5250 Deum

1999 5288 2520 5358 comprehensione,
2552 5285 2822 5340 utdictum
2884 5295 2988 5352 est,
3015 5286 3406 5340 animadversa:
3429 5288 3480 5340 in
3508 5288 3575 5342 iis

1998 5395 2124 5450 qua:
2153 5377 2297 5432 facta
2331 5386 2465 5432 sunt
2499 5375 2814 5431 artiﬁciosa:
2842 5375 3160 5444 sapientiae,
3204 5389 3328 5443 quae
3355 5374 3573 5442 quidem

1998 5482 2084 5528 est
2131 5470 2312 5525 tenuis
2339 5479 2396 5525 et
2429 5469 2748 5526 substantia:
2793 5482 2991 5537 expers
3039 5467 3094 5520 in
3141 5473 3324 5520 mente
3356 5479 3582 5535 compo-

1999 5563 2125 5619 sita.
2147 5563 2214 5617 Et
2233 5561 2364 5616 alibi
2396 5578 2589 5617 rursus
2620 5561 2796 5616 idem:
2827 5558 2972 5613 «Non
3006 5573 3073 5613 ex
3098 5558 3354 5612 essentia.
3381 5558 3585 5628 inquit,

2001 5655 2174 5711 Deum
2207 5657 2616 5728 cognoscimus,
2651 5655 2746 5711 sed
2792 5668 2822 5707 e
2855 5651 3263 5724 magniﬁcentia
3314 5660 3371 5704 et
3399 5652 3585 5720 provi-

2003 5749 2188 5802 dentia
2225 5763 2431 5802 rerum.
2481 5747 2556 5800 Ex
2587 5748 2670 5800 his
2695 5747 2842 5801 enim
2879 5758 2936 5798 ut
2970 5760 3000 5799 e
3034 5741 3276 5813 speculis
3317 5741 3588 5795 inﬁnitam

2000 5841 2302 5895 bonitatem
2328 5850 2382 5896 et
2413 5841 2736 5910 sapientiam
2761 5852 2816 5894 et
2846 5842 2952 5892 vim
2995 5837 3402 5907 intelligimus.»
3469 5834 3592 5890 Haec
