4034 6476
491 339 595 407 291
1712 328 2132 391 NICEPIIORI
2173 328 2562 388 esseom
3648 326 3741 390 2:2

491 464 821 531 persecutus
854 452 1149 523 Gregoras,
1202 448 1420 513 «Vides,
1460 446 1663 517 inquit,
1706 446 1775 500 ad
1807 446 2082 501 Palamam

2201 464 2315 516 μεν,
2343 447 2460 498 ἀλλ’
2492 448 2557 498 ὲκ
2601 447 2700 508 τῆς
2747 443 3155 513 μεγαλουργὲας
3205 448 3302 498 καὶ
3353 445 3602 512 προνο⁹ας
3647 445 3746 500 τῶν

491 563 814 612 conversus,
849 560 974 599 cum
1016 545 1139 597 dua:
1169 541 1280 595 sint
1304 540 1396 594 hic
1435 537 1857 593 maledictiones
1884 551 2087 606 propo-

2201 537 2362 590 Βντων
2388 553 2403 568 ’
2446 536 2535 589 διὰ
2565 536 2773 589 τούτων
2798 537 2909 606 γὰρ
2940 535 3012 596 ὥς
3050 534 3429 605 δι’ὲσόπτρων
3468 533 3570 605 τὴν
3605 534 3748 590 ἀπει-

492 644 633 706 sitar,
660 637 974 694 necessario
1006 636 1058 688 in
1094 633 1323 687 alteram
1358 642 1410 686 te
1466 629 1756 696 incidere;
1809 638 1904 682 aut
1937 629 2087 683 enim

2201 646 2289 701 ρον
2319 627 2638 697 ἀγαθότητα
2687 630 2783 681 καὶ
2833 627 3028 698 σοφίαν
3074 627 3169 682 καὶ
3213 627 3449 698 δύναμιν
3476 630 3752 684 κατανοοῦ-

493 733 694 789 Filium
732 730 850 793 Dei,
888 727 982 798 qui
1031 735 1117 780 est
1174 740 1306 777 vera
1339 721 1633 791 sapientia,
1665 735 1775 790 qua
1800 731 1857 774 et
1890 720 1944 773 in
1978 734 2086 788 qua

2201 738 2317 790 μεν.
2360 739 2378 769 ι
2414 719 2604 773 Ταῦτα
2630 718 2844 783 διεξιὼν
2887 721 2917 774 δ
2958 719 3268 791 Γρηγορᾶς,
3308 738 3327 772 ι
3378 721 3565 792 Ὁρᾷς,
3600 739 3620 773 ι
3656 722 3749 792 ἔφη

495 825 753 882 universa
776 821 926 883 fecit,
957 815 1365 872 inessentinlem
1401 813 1542 867 dicis
1573 812 1957 876 divinitatem,
1990 816 2091 863 aut

2201 811 2333 879 πρὸς
2363 810 2457 863 τὸν
2487 810 2757 880 Παλαμᾶν
2787 811 3073 880 στραφεὶς,
3129 828 3150 863 t
3185 813 3334 876 ὅπως
3366 812 3511 866 δυοῖν
3548 829 3751 878 προκει-

2196 901 2379 969 μένων
2419 899 2657 954 ἐνταῦθα
2687 901 3054 973 βλασφημιῶν
3090 899 3150 967 ἐξ
3176 903 3424 972 ἀνάγκης
3459 902 3521 975 [ί.
3551 903 3649 958 150
3681 901 3752 976 υ.Ι

2200 995 2301 1065 μιᾷ
2359 994 2759 1066 περιπίπτειςς
2807 994 2880 1049 Ἦ
2923 994 3034 1065 γὰρ
3080 994 3172 1048 τδν
3196 994 3327 1048 Υίδν
3346 994 3440 1049 τοῦ
3473 994 3628 1063 Θεοῦ,
3662 996 3754 1067 τὴν

497 915 857 972 artificiosam
889 924 1011 979 quae
1045 915 1131 963 est
1160 909 1215 960 in
1247 906 1454 960 creatis
1481 904 1806 974 sapientiam
1831 911 1888 957 et
1916 902 2091 970 ipsam

497 1009 800 1063 increatam
847 1001 1123 1069 simulque
1164 995 1580 1051 inessentialem
1620 1008 1789 1048 vocas
1827 992 2091 1047 divinita-

501 1111 636 1163 tem,
701 1110 866 1166 quam
926 1101 1150 1146 tenuem
1209 1097 1267 1143 et
1321 1086 1647 1142 substantiae
1696 1091 1978 1154 expertem
2036 1082 2093 1136 in

499 1201 687 1248 mente
736 1184 1100 1255 compositam
1165 1180 1416 1236 divinum
1491 1175 1757 1232 audivisti
1816 1174 2091 1228 dicentem

499 1288 823 1341 Maximum.
887 1277 1038 1331 Talis
1072 1272 1223 1329 enim
1284 1281 1376 1326 tua
1430 1278 1514 1324 est
1561 1269 1872 1337 ineptorum
1930 1279 2095 1334 para-

503 1380 775 1433 doxorum
814 1368 1129 1427 absurditas
1153 1372 1212 1419 et
1239 1375 1347 1416 tam
1385 1363 1656 1415 immanes
1715 1365 1846 1412 sunt
1876 1354 2098 1409 ratioci-

510 1471 768 1526 nationes
801 1460 1100 1533 impietatis
1127 1466 1234 1510 tute
1266 1472 1282 1509 :
1317 1463 1374 1509 et
1421 1462 1603 1507 tamen
1629 1449 1815 1505 vivere
1841 1451 2012 1503 audes
2038 1455 2098 1501 et

511 1561 691 1617 oculis
742 1549 1163 1625 impudentibus
1218 1545 1498 1600 cmlestem
1558 1540 1841 1610 suspicere
1895 1537 2093 1606 facem,

513 1658 806 1721 angustant
858 1643 990 1697 solis
1035 1638 1280 1697 oculum,
1306 1641 1362 1688 et
1417 1632 1562 1686 inter
1615 1629 1871 1684 homines
1912 1636 2097 1683 mente

508 1719 773 1812 praeditos
831 1731 1044 1788 versari
1105 1726 1465 1798 ejusdemque
1524 1736 1651 1777 eum
1710 1721 1781 1812 iis
1811 1719 2098 1812 particeps

503 1807 628 1889 esse
661 1827 827 1890 acris,
869 1822 1177 1891 exemplum
1206 1827 1371 1872 tantae
1401 1812 1691 1884 pravitatis
1724 1810 1906 1865 factus
1932 1807 2099 1879 330

505 1918 713 1978 Christi
734 1910 1031 1971 Ecclesiae?
1056 1908 1139 1963 Tu
1175 1906 1386 1966 vero,si
1416 1903 1517 1967 vis,
1550 1900 1821 1955 fabricare
1868 1903 2098 1967 praeter-

505 2027 572 2066 ea
625 2018 686 2064 ut
729 2008 1100 2062 increatarum
1157 1998 1373 2066 copiam
1409 1993 1787 2056 divinitatum,
1826 1991 1900 2044 ita
1926 1989 2096 2044 etiam

503 2110 680 2157 artem
716 2087 935 2153 novam.
967 2090 1122 2147 Licet
1152 2091 1298 2143 enim
1330 2087 1433 2141 tibi
1464 2099 1590 2140 cum
1634 2088 1899 2138 consueta
1924 2082 2100 2135 utaris

505 2194 838 2264 ignorantia:
892 2182 1235 2255 impudentia
1291 2179 1500 2248 ubique
1558 2185 1617 2230 et
1673 2172 2097 2264 concessionem

510 2261 675 2339 facile
704 2296 772 2335 ex
800 2288 853 2332 te
893 2289 1082 2330 sumas
1105 2284 1289 2340 neque
1322 2268 1435 2322 ullo
1468 2263 1636 2321 modo
1669 2263 1961 2333 dispenses
1990 2261 2101 2317 for-

517 2382 683 2429 tunas
733 2370 1141 2436 ineXSpectatas
1199 2370 1257 2415 et
1298 2356 1719 2426 fatales,neque
1768 2353 1935 2410 certis
1968 2366 2100 2408 con-

513 2466 845 2525 ditionibus,
878 2457 1207 2516 sententiam
1268 2462 1415 2507 tuam
1460 2451 1610 2507 sinas
1674 2447 1959 2518 quiescere
2016 2448 2101 2501 in-

517 2572 708 2615 sanam
733 2565 790 2610 et
823 2551 1109 2608 audacem.
1187 2545 1373 2601 Omnis
1402 2543 1549 2599 enim
1583 2550 1841 2596 veterum
1868 2537 2100 2594 scientia

519 2659 579 2706 et
602 2647 886 2703 institutus
907 2639 1179 2710 sapientia
1199 2642 1504 2691 concentus
1529 2641 1587 2688 et
1604 2631 1906 2702 rhythmus
1929 2628 2099 2683 oblita

516 2748 650 2796 sunt
704 2746 810 2792 tuae
860 2730 1228 2788 inessentialis
1284 2724 1759 2794 ellicientiaa,qua
1811 2721 1932 2776 sine
1986 2719 2101 2775 ullo

518 2830 743 2902 negotio
826 2827 1101 2880 increatas
1180 2819 1471 2875 fabricaris
1536 2816 1855 2871 divinitatea
1928 2827 2100 2883 spon-

514 2936 673 2981 tanee
713 2938 730 2976 :
775 2919 938 2992 quale
977 2924 1289 2986 spartorum
1329 2912 1549 2966 illorum
1613 2909 1893 2979 gigantum
1951 2905 2105 2959 diur-

513 3030 645 3070 num
695 3025 870 3084 genus
933 3007 1268 3064 adumbrant
1311 3003 1508 3058 fabulze
1556 3002 1770 3063 Atticm,
1831 2997 2104 3054 recentio-

516 3123 639 3164 rum
682 3118 965 3160 rumorum
1026 3100 1290 3169 impetum
1335 3106 1392 3151 et
1432 3102 1761 3166 proventum
1806 3090 2106 3160 depingen-

514 3206 617 3252 tes.
678 3193 787 3250 Sed
821 3192 1082 3261 quoniam
1120 3186 1352 3242 novitati
1378 3184 1674 3238 verborum
1701 3181 1868 3235 etiam
1886 3178 2101 3249 legibus

512 3288 673 3342 novis
697 3295 783 3340 Cal
809 3297 969 3353 opus.
1003 3296 1100 3352 age
1130 3280 1343 3334 scribas
1363 3318 1378 3341 ,
1428 3275 1473 3329 si
1505 3275 1610 3338 vis,
1642 3273 1810 3327 etiam
1843 3269 2090 3325 edictum

514 3394 719 3435 novum
773 3374 1087 3446 quoddam,
1148 3386 1218 3425 ne
1273 3370 1401 3438 quis
1446 3363 1755 3421 secundum
1812 3361 2098 3416 scientiam

521 3480 715 3541 postea
743 3476 929 3522 utatur
968 3461 1178 3527 verbis,
1228 3460 1327 3514 tias
1375 3457 1463 3513 his
1506 3455 1848 3524 temporibus
1885 3462 1942 3507 et
1983 3452 2101 3520 ipse

514 3562 767 3618 Julianus
791 3560 1093 3628 imperator
1114 3553 1387 3621 pravitate
1410 3548 1650 3613 infamis,
1681 3556 1737 3603 et
1761 3546 2105 3602 crudeliores

518 3653 706 3722 potius
756 3664 921 3717 quam
976 3662 1042 3701 ex
1097 3645 1218 3715 ejus
1273 3650 1471 3695 natura
1523 3639 1775 3710 proferas
1817 3637 2102 3703 audacias,

516 3744 635 3797 sive
672 3742 857 3810 potius
892 3739 1004 3809 jam
1035 3735 1213 3789 factus
1236 3748 1295 3787 es
1328 3732 1549 3803 adjutus
1580 3730 1871 3786 occasione
1901 3729 2103 3784 misera

513 3842 574 3886 et
609 3833 778 3885 vitam
813 3828 1115 3883 infaustam
1138 3823 1348 3892 eligens
1375 3830 1432 3876 et
1463 3820 1869 3885 detestabilem,
1897 3835 1964 3874 ex
1995 3832 2105 3889 qua

517 3920 705 3975 multa:
771 3927 965 3971 contra
1033 3911 1292 3982 pietatem
1352 3915 1728 3978 proruperunt
1789 3904 2107 3974 voragines,

457 4029 483 4040 ‘
518 4012 788 4079 multique
833 4007 1103 4061 malorum
1151 4001 1316 4058 effusi
1352 4010 1479 4055 sunt
1510 4012 1700 4054 attines
1731 3996 1953 4052 nefarii.
1990 3994 2098 4050 Sed

519 4120 631 4158 non
655 4114 828 4169 usque
847 4095 914 4151 ad
938 4096 1123 4160 linem,
1151 4095 1376 4164 opinor,
1404 4092 1649 4148 ridebis:
1678 4090 1774 4145 sed
1796 4088 1953 4160 331
1980 4086 2107 4142 red-

525 4196 620 4250 det
652 4191 907 4248 celeriter
932 4189 1235 4257 imperator
1263 4185 1353 4239 hic
1392 4196 1671 4253 patemam
1706 4181 1962 4236 Ecclesiae
1984 4178 2104 4249 glo-

522 4288 659 4341 riam
702 4282 833 4346 Deo,
861 4279 955 4349 qui
992 4278 1120 4332 huic
1154 4285 1443 4346 paternum
1471 4275 1624 4329 dedit
1651 4288 1907 4344 regnum.

2196 1084 2366 1149 δντως
2408 1087 2603 1156 σοφίαν
2634 1087 2704 1141 δι’
2733 1080 2804 1159 ἧς
2830 1086 2924 1141 καὶ
2959 1088 3019 1141 ἐν
3065 1080 3102 1160 ᾖ
3130 1087 3203 1141 τὰ
3244 1085 3423 1141 πάντα
3448 1088 3751 1159 πεποίηκεν,

2194 1176 2447 1231 άνούσιον
2498 1177 2679 1247 λέγεις
2713 1178 2970 1251 θεότητα,
3005 1180 3039 1250 ἢ
3093 1178 3199 1251 τήν
3238 1180 3296 1233 ἐν
3348 1180 3465 1244 τοῖς
3510 1182 3755 1251 κτίσμασι

2194 1270 2458 1341 τεχνικὴν
2512 1271 2710 1341 σοφίαν
2739 1271 2998 1327 ἀκτιστον
3046 1273 3143 1327 καὶ
3174 1273 3381 1344 ταύτην
3430 1275 3525 1328 καὶ
3550 1274 3658 1345 ἅμα
3694 1277 3755 1330 ἀ-

2196 1359 2409 1413 νούσιον
2449 1361 2681 1430 φάσκεις
2709 1362 2971 1433 θεότητα·
3004 1362 3073 1435 ἢν
3106 1363 3274 1435 ψιλὴν
3325 1366 3422 1420 καὶ
3465 1366 3753 1421 ἀνυπόστα-

2197 1467 2288 1504 τον
2324 1452 2385 1504 ἐν
2429 1452 2510 1523 τῷ
2532 1452 2610 1523 νῷ
2641 1455 3048 1525 συνισταμένην
3097 1457 3191 1510 τὸν
3221 1456 3368 1511 θετον
3411 1458 3651 1530 ἀκήκοας
3675 1457 3758 1513 λέ-

2198 1556 2369 1609 γοντα
2411 1541 2691 1614 Μάξιμον.
2738 1545 2978 1600 Τοιαῦτα
3008 1547 3118 1616 γάρ
3177 1562 3273 1601 σου
3307 1550 3377 1600 τὰ
3418 1551 3528 1601 τῶν
3553 1551 3757 1604 ἀτόπων

2201 1635 2584 1704 καινοφωνιῶν
2621 1635 2845 1708 αίσχρὲι,
2879 1639 2977 1692 καὶ
3006 1638 3150 1692 οῦτω
3189 1639 3416 1710 σχέτλια
3443 1641 3513 1694 τά
3558 1657 3757 1709 συμπεο

2130 1778 2172 1834 Β
2203 1728 2602 1834 ράρματαιτῆς
2634 1729 2738 1799 σῆς
2782 1729 3129 1795 δυσσεϐείας.
3163 1732 3402 1787 Ἔπειτα
3428 1732 3527 1805 ζῇν
3547 1733 3756 1806 τολμᾷς,

2203 1818 2297 1871 καὶ
2334 1819 2610 1873 ἀναιδέσιν
2631 1820 2935 1891 ὀφθαλμοῖς
2955 1821 3055 1893 τὴν
3088 1823 3353 1894 οὐρανίαν
3389 1824 3607 1895 βλέπειν
3634 1826 3760 1896 λαμ-

2199 1909 2364 1975 πάδα,
2418 1910 2482 1963 τὸ
2534 1911 2730 1980 σεμνὸν
2782 1911 2934 1980 ἡλίου
2984 1913 3279 1984 βλέφαρον,
3326 1916 3423 1970 καὶ
3463 1915 3759 1988 ἀνθρώποις

2198 2002 2326 2056 νοῦν
2355 2002 2575 2072 ἔχουσιν
2592 2003 2825 2073 ὁμιλεῖν.
2858 2005 2954 2058 καὶ
2978 2005 3074 2059 τοῦ
3104 2007 3273 2060 αὑτοῦ
3300 2009 3757 2080 συμμεταλαμύά-

2197 2112 2312 2149 νειν
2345 2094 2529 2159 αὐτοῖς
2561 2095 2747 2167 ἀέρος,
2783 2096 3087 2168 ὑπόμνημα
3139 2102 3414 2171 τοσαύτης
3461 2101 3656 2166 κακίας
3698 2106 3757 2172 τῇ

2199 2186 2294 2241 τοῦ
2333 2187 2575 2258 Χριστοῦ
2608 2188 2856 2257 γεγονὼς
2893 2189 3230 2262 Ἐκκλησίᾳς
3265 2192 3342 2247 Σὺ
3381 2191 3450 2258 δ’,
3484 2194 3532 2247 εί
3575 2193 3757 2264 βούλει,

2199 2279 2617 2349 καινοφώνησον
2641 2277 2748 2346 ἔτι,
2780 2280 3040 2352 καθάπερ
3068 2283 3351 2338 ἀκτίστων
3395 2286 3561 2356 ἐσμὸν
3584 2286 3760 2358 θεοτήο

2199 2388 2329 2439 των,
2361 2370 2505 2426 οὕτω
2549 2372 2644 2426 καὶ
2690 2370 2890 2442 τέχνην
2935 2373 3157 2444 καινήν.
3186 2371 3410 2440 Ἔξεστι
3450 2377 3559 2448 γάρ
3587 2394 3666 2430 σοι
3699 2382 3757 2448 τῇ

2206 2462 2428 2531 συνήθει
2459 2460 2733 2534 χρωμένῳ
2774 2463 2879 2534 τῆς
2915 2464 3162 2534 ἀμαθίας
3207 2465 3459 2540 ἀναιδείᾳ
3506 2472 3757 2540 πανταχῆ,

2202 2554 2297 2606 καὶ
2338 2554 2399 2605 τὸ
2443 2554 2873 2626 συγκεχωρηκὸς
2933 2556 3073 2627 μετά
3130 2559 3425 2631 ῥᾳστώνης
3454 2563 3517 2615 ἐκ
3548 2578 3759 2616 σεαυτου

2202 2638 2559 2710 λαμϐάνοντι,
2595 2641 2690 2695 καὶ
2725 2642 2949 2715 μηδαμῆ
2981 2646 3365 2719 ταμιευομένῳ
3400 2648 3497 2711 τὰς
3538 2650 3763 2721 παραλέ-

2203 2748 2339 2801 γους
2368 2730 2539 2803 τύχας
2568 2732 2664 2786 καὶ
2707 2736 3001 2804 τραγικὰς,
3055 2736 3181 2806 μηδ’
3228 2736 3324 2790 ἐπὶ
3359 2739 3540 2810 ῥητοῖς
3580 2739 3637 2793 τδ
3670 2740 3762 2809 γῆς

2202 2823 2431 2892 γνώμης
2474 2821 2634 2877 ἐῶντι
2671 2821 2959 2877 καθεύδειν
2995 2824 3236 2895 μεμηνός
3270 2843 3334 2880 τε
3380 2829 3475 2882 καὶ
3526 2827 3761 2891 αὔθαδες.

2206 2914 2365 2968 Πᾶσα
2392 2913 2500 2982 γάρ
2532 2913 2812 2985 ἐπιστήμη
2839 2914 2951 2968 τῶν
2997 2916 3166 2971 πάλαι
3199 2918 3298 2971 καὶ
3340 2921 3534 2989 σοφίας
3573 2921 3763 2991 ἔμμον-

2207 3017 2302 3065 σος
2340 3001 2580 3071 ἁρμονία
2613 2998 2673 3053 τε
2714 3002 2809 3055 καὶ
2844 3002 3053 3073 ῥυθμὸς
3094 3003 3157 3057 τὸ
3203 3006 3453 3076 ἐνεργεῖν
3497 3008 3763 3075 ἐξελάθετο

2131 3127 2175 3186 c
2206 3094 2309 3163 τῆς
2335 3094 2435 3164 σῆς
2470 3094 2726 3148 ἀνουσίου
2774 3094 2984 3165 ταύτης
3018 3096 3325 3166 ἐνεργείας,
3357 3098 3428 3151 δι’
3454 3092 3519 3171 ἧς
3548 3099 3764 3169 ἀπονητὶ

2205 3187 2307 3249 τάς
2334 3187 2631 3249 ἀκτίστους
2678 3186 2968 3257 χαλκεύεις
3018 3189 3301 3257 θεότητας,
3365 3190 3425 3258 ἐξ
3469 3190 3760 3263 αὐτομάτου

2207 3278 2456 3349 φυείσης,
2485 3276 2675 3348 ὥσπερ
2703 3278 2767 3330 τὸ
2796 3277 2905 3331 τῶν
2940 3278 3203 3349 σπαρτῶν
3235 3282 3468 3337 ἐκείνων
3499 3283 3761 3352 γιγάντων
3872 3346 3876 3350 Α

2206 3367 2524 3439 αύθήμερον
2579 3368 2739 3436 γένος
2785 3368 2919 3436 ἡμῖν
2973 3368 3351 3435 ἀττικίζοντος
3404 3371 3762 3443 ὑπογράφουσι

2209 3457 2395 3530 μῦθοι,
2440 3460 2776 3530 καινοτέρων
2816 3459 3182 3529 ἀκουσμάτων
3207 3463 3385 3531 φοράν
3408 3464 3759 3529 είκονίζυντες.

2219 3551 2375 3604 Ἐπεὶ
2414 3550 2474 3605 δέ
2503 3552 2627 3613 ταῖς
2672 3550 2782 3604 τῶν
2822 3550 2998 3618 λόγων
3042 3553 3337 3623 καινότησι
3373 3556 3468 3609 καὶ
3500 3556 3672 3627 νόμων
3696 3553 3765 3606 δεῖ

2204 3639 2561 3707 καινοτέρων,
2582 3637 2815 3709 γράψον,
2847 3639 2897 3691 εί
2921 3637 3129 3709 βούλει,
3160 3641 3258 3694 καὶ
3288 3643 3555 3715 ψήφισμά
3580 3660 3635 3696 τι
3656 3658 3765 3696 και-

2205 3726 2316 3792 νδν,
2361 3729 2435 3797 μὴ
2466 3726 2704 3798 χρῆσθαι
2758 3726 2881 3780 κατ’
2908 3728 3228 3799 ἐπιστήμην
3283 3731 3407 3794 τοῖς
3433 3731 3611 3799 λόγοις
3664 3729 3756 3783 ἔτι.

2207 3821 2247 3874 Γ
2250 3818 2372 3872 ενοῦ
2401 3820 2517 3881 τοῖς
2560 3818 2657 3872 νῦν
2688 3819 2784 3872 καὶ
2822 3819 2989 3883 αὐτὸς
3040 3822 3254 3891 καιροῖς
3289 3819 3579 3885 Ἰουλιανὸς
3621 3822 3766 3876 αύτο-

2207 3906 2434 3977 κράτωρ
2475 3903 2569 3957 ἐπὶ
2618 3905 2788 3976 κακίᾳ
2816 3905 3264 3976 διαδεδοημένος,
3294 3911 3395 3963 καὶ
3437 3908 3766 3980 βαρϐαρικώ-

2207 4014 2345 4068 τερα
2378 3997 2582 4067 μᾶλλον
2611 3996 2645 4067 ἢ
2678 3998 2800 4050 κατ’
2829 3998 3035 4050 ἐκεῖνον
3062 3999 3282 4061 δεικνὺς
3310 4001 3381 4056 τά
3428 4001 3760 4072 τολμήματα.

2209 4085 2428 4141 Μᾶλλον
2452 4085 2511 4140 δὲ
2541 4086 2639 4141 καὶ
2666 4088 2918 4155 γιγονας,
2954 4087 3151 4156 καιροῦ
3182 4091 3365 4160 τυχὼν
3408 4092 3643 4163 πονηροῦ
3680 4092 3766 4143 καὶ

2211 4177 2332 4251 βίον
2371 4179 2628 4249 ἐλόμενος
2677 4180 3055 4251 κακοδαίμονα
3099 4183 3195 4237 καὶ
3247 4184 3549 4255 ἐπάρατον,
3594 4182 3682 4252 ἀφ’
3714 4172 3767 4232 οὗ

2212 4270 2405 4325 πολλαὶ
2447 4272 2553 4342 μὲν
2597 4274 2739 4327 κατά
2785 4273 2890 4344 τῆς
2939 4274 3224 4338 εὑσεσείας
3271 4277 3651 4350 ἀνερριῦγεσαν
3676 4274 3770 4342 φά-

520 4396 748 4453 ραγγες,
798 4375 984 4429 πολλοὶ
1043 4373 1100 4426 δὲ
1130 4371 1319 4426 κακῶν
1361 4372 1703 4443 ἐξερρύησαν
1740 4370 1992 4440 ἀθέμιτοι
2051 4367 2274 4440 ρύακες.
2321 4367 2465 4422 Ἀλλ’
2512 4369 2614 4423 οὐκ
2683 4371 2766 4435 είς
2836 4369 3012 4437 τέλος,
3049 4365 3227 4440 οἶμαι,
3283 4374 3599 4443 ἴχαιρήσεις.
3663 4371 3768 4424 ἀλλ’

528 4472 803 4525 ἀποδώσει
832 4468 969 4539 ταχὺ
1035 4466 1291 4537 βασιλεὺς
1316 4466 1502 4520 οὑτοσὶ
1534 4466 1634 4535 τὴν
1669 4465 1899 4536 πάτριον
1948 4462 2048 4532 τῆς
2080 4461 2412 4533 Ἐκκλησίας
2438 4460 2695 4516 εὔκλειαν
2741 4461 2824 4534 τῷ
2877 4463 3136 4518 δεδωκότι
3166 4461 3346 4536 τούτῳ
3388 4466 3488 4538 τὴν
3524 4462 3768 4533 πατρῴαν

520 4567 802 4640 βασιλείαν
832 4567 970 4629 Θεῷ.
1008 4583 1026 4615 ι

605 4658 844 4714 XXVIII.
888 4657 984 4711 llis
1031 4657 1277 4711 Palamas
1314 4663 1570 4726 gravatus
1596 4664 1650 4708 et
1677 4652 1837 4708 valde
1869 4650 2100 4706 allectus

2280 4651 2417 4705 κη’.
2444 4650 2672 4715 Τούτοις
2699 4653 2726 4704 ὁ
2756 4651 3025 4718 Παλαμᾶς
3060 4652 3364 4723 ἀχθόμενος
3394 4657 3487 4708 καὶ
3522 4654 3766 4722 ὑϐριοπα-

524 4763 720 4806 contra
759 4748 1250 4804 conviciabaturet
1281 4748 1434 4816 parvi
1456 4747 1695 4800 faciebat
1721 4745 1888 4798 etiam
1918 4744 2096 4814 ipsum

524 4841 789 4896 sessionis
816 4840 1002 4901 decus,
1024 4853 1131 4909 qua
1161 4836 1207 4892 si
1244 4839 1386 4907 apud
1418 4851 1477 4891 se
1508 4850 1616 4889 non
1637 4842 1814 4899 esset;
1836 4824 2103 4903 quamob-

525 4949 643 4988 rem
675 4931 839 4985 etiam
889 4929 1208 5000 frequenter
1241 4945 1301 4984 se
1337 4938 1510 4983 totum
1539 4926 1704 4981 vertit
1748 4925 1860 4980 huc
1884 4935 1940 4980 et
1971 4926 2102 4981 illuc

521 5022 583 5074 in
632 5019 771 5086 solo,
808 5020 863 5073 in
899 5034 1009 5088 quo
1042 5028 1156 5072 tum
1192 5018 1430 5072 maxime
1466 5014 1716 5079 sedebat,
1755 5023 1811 5071 et
1836 5014 2101 5083 diﬁcilis,

523 5119 588 5162 ut
637 5109 713 5164 ita
752 5110 956 5176 dicam,
1011 5118 1069 5163 et
1123 5111 1477 5181 importunus
1526 5115 1646 5161 erat
1674 5106 2103 5177 quodammodo,

522 5216 705 5269 neque
752 5201 950 5254 melius
1002 5198 1310 5268 dispositus
1362 5210 1526 5265 quam
1565 5196 1830 5251 furentes.
1877 5196 2105 5252 Peteras

517 5296 669 5348 enim
700 5293 885 5347 videre
918 5307 1045 5345 eum
1099 5300 1360 5358 tanquam
1412 5288 1646 5342 oblitum
1679 5290 1768 5345 sui
1795 5301 1853 5345 et
1892 5299 2106 5360 tempo—

520 5400 645 5439 rum
671 5394 727 5437 et
755 5392 1130 5452 spectatorum
1152 5391 1209 5433 et
1233 5381 1339 5434 huc
1369 5380 1495 5433 illuc
1522 5381 1827 5435 trahentem
1848 5379 2107 5434 manibus

523 5477 987 5529 νυειὶιιιεηιοιιιιιι
1018 5471 1317 5532 limbos,ct
1348 5470 1709 5525 adducentem
1743 5479 1799 5525 et
1828 5471 2108 5527 deducen-

523 5575 629 5617 tem
668 5575 723 5615 et
759 5577 935 5631 usque
964 5560 1029 5614 ad
1068 5576 1228 5615 crura
1257 5566 1553 5615 nudantcm
1580 5574 1635 5617 et
1661 5562 1871 5618 femora
1901 5573 1959 5617 et
1987 5563 2105 5618 fere

520 5674 644 5723 qme
708 5671 815 5709 non
869 5657 1135 5709 decorum
1184 5665 1269 5709 est
1329 5662 1618 5710 ostendere
1659 5656 1883 5710 mimico
1936 5656 2102 5711 modo

520 5758 892 5803 ostentantem
937 5748 1116 5802 obiter
1158 5757 1218 5801 ut
1258 5749 1331 5803 ita
1368 5749 1571 5815 dicam,
1623 5764 1802 5819 neque
1852 5749 2098 5804 animum

2209 4741 2318 4796 θῶν
2350 4743 2719 4812 ἀντελοιδόρει
2768 4758 2825 4794 τε
2856 4747 2951 4799 καὶ
2983 4745 3134 4813 παρά
3165 4745 3374 4812 φαῦλον
3419 4748 3648 4799 ἐποιεῖτο
3682 4743 3767 4794 καὶ

2209 4835 2343 4887 αὐτὸ
2375 4835 2475 4903 τῆς
2514 4834 2787 4903 καθέδρας
2820 4834 2882 4887 τδ
2925 4836 3226 4907 εὔσχημον,
3265 4835 3454 4907 ὥσπερ
3483 4836 3586 4900 ἕξω
3632 4832 3770 4900 γενό-

2209 4938 2367 4992 μενος
2399 4921 2620 4977 ἑαυτοῦ.
2657 4922 2823 4977 Ὅθεν
2862 4923 2926 4993 δὴ
2981 4928 3081 4978 καὶ
3109 4925 3278 4995 συχνά
3306 4927 3692 4995 περιέστρεφεν
3720 4921 3744 4973 ὃ

2210 5012 2305 5069 λον
2332 5016 2531 5069 ἑαυτὸν
2563 5014 2689 5086 τῇδε
2724 5011 2790 5087 [1³.
2817 5014 2921 5070 HS
2948 5013 3027 5087 r.]
3063 5016 3285 5069 κάκεῖσε
3314 5017 3401 5085 ἐφ’
3420 5008 3589 5083 οὗπερ
3624 5014 3770 5079 ἔτυχε

2207 5105 2516 5177 τηνικαῦτα
2544 5107 2780 5160 δαπέδου
2807 5107 3145 5179 καθήμενος,
3185 5112 3280 5163 καὶ
3309 5107 3664 5167 δυσκάθεκτός
3690 5119 3766 5162 τις

2210 5192 2278 5270 ἦν
2306 5200 2381 5261 ῶς
2417 5199 2595 5252 εἰπεῖν
2625 5202 2720 5251 καὶ
2772 5198 3104 5264 ἀκάθεκτος,
3133 5199 3230 5252 καὶ
3266 5200 3583 5269 μεμηνότων
3622 5195 3765 5246 οὐδὲν

2207 5289 2557 5360 διακείμενος
2612 5289 2860 5359 ἄμεινον.
2900 5285 3009 5344 1Ἠν
3063 5290 3172 5361 γὰρ
3212 5291 3342 5343 ἰδεῖν
3396 5290 3558 5343 αὐτὸν
3589 5287 3761 5352 ὥσπερ

2214 5384 2582 5454 ἐκλαθόμενον
2606 5384 2801 5436 ἑαυτοῦ
2824 5400 2883 5436 τε
2915 5384 3010 5437 καὶ
3040 5383 3136 5436 τοῦ
3170 5382 3365 5454 καιροῦ
3400 5382 3618 5435 καὶτῶν
3648 5378 3765 5431 θεα-

2212 5475 2342 5538 τῶν,
2375 5475 2469 5527 καὶ
2505 5475 2675 5545 συχνὰ
2710 5474 3090 5544 μεταφέροντα
3124 5477 3244 5537 ταῖς
3266 5475 3454 5545 χερσὶν
3481 5471 3643 5528 αὑτοῦ
3664 5466 3762 5520 τῶν

2215 5565 2447 5635 ἱματίων
2481 5567 2547 5617 τά
2582 5565 2867 5634 κράσπεδα
2896 5565 2991 5618 καὶ
3038 5566 3381 5637 ἀναφέροντα
3408 5567 3501 5619 καὶ
3538 5560 3764 5627 καταφέ-

2213 5672 2397 5728 ροντα,
2423 5655 2517 5708 καὶ
2558 5656 2693 5725 πρός
2728 5673 2794 5724 γε
2820 5658 3039 5726 κνήμας
3086 5674 3146 5710 τε
3186 5656 3501 5725 γυμνοῦντα
3546 5658 3634 5705 καὶ
3666 5666 3759 5718 μηι

2212 5751 2361 5820 ροῦς,
2410 5750 2501 5800 καί
2560 5765 2675 5812 πως
2726 5749 2762 5802 ἃ
2797 5751 2873 5820 μὴ
2933 5751 3086 5820 θέμις
3127 5750 3440 5803 δείκνυσθαι
3482 5742 3760 5815 Θεατρεκὼς
