4034 6490
301 351 404 416 2'33

1314 349 1756 410 BYZANTIN/E
1795 351 2183 412 ΗΙΞΤΟΙΠΈ
2231 354 2368 416 LIB.
2415 354 2597 412 XXX.

3453 359 3561 424 2‘31

303 465 506 520 οὑτωσὶ
544 459 1005 532 παραδεικνύντα,
1035 461 1309 532 δήπουθεν
1349 461 1471 514 ὁδοῦ
1495 463 1774 532 πάρεργον
1805 463 1879 516 εἰ·

1983 465 2280 520 advertens
2330 466 2422 534 qui
2471 474 2588 520 erat
2634 464 2756 535 ejus
2803 480 2920 520 mos
2966 467 3076 521 ullo
3121 469 3286 524 modo
3337 471 3405 527 iis
3438 490 3560 543 qua:
3636 481 3640 485 ’

302 559 446 620 πεῖν,
477 554 540 607 οῦ
566 555 660 607 τὸν
691 553 818 606 νοῦν
846 553 1153 624 ἐφιστάνθ’,
1187 553 1264 617 ώς
1294 553 1494 620 ἔοικεν,
1522 555 1731 625 οὐδαμῆ
1763 557 1878 618 τοῖς

301 647 624 718 δρωμένοις.
661 647 770 701 Καὶ
817 645 910 699 δύο
944 645 1102 700 κατὰ·
1131 645 1333 699 ταυτὸν
1374 645 1644 715 ἐτολμᾶτο
1676 648 1880 718 ’τάνδρὶ

301 738 607 807 τηνικαῦτα
655 737 726 789 τὰ
761 737 960 802 ἄτοπα,
1026 737 1165 807 μήτε
1193 735 1390 790 δεδιότι
1445 737 1572 808 μήτ’
1624 739 1878 807 αἰσχυνο-

309 830 456 897 μένῳ
482 842 497 857 ·
544 827 774 895 στόματι
815 827 914 896 μὲν
949 828 1054 897 γὰρ
1084 827 1223 897 πρὸς
1256 827 1390 882 Θεὸν
1423 827 1767 899 βλασφημῶν
1791 831 1882 882 οὐ·

301 919 448 989 δειμῆ
501 918 712 982 ἐδεδίει,
763 921 1007 989 σχήματι
1062 918 1108 972 δ’
1161 918 1387 989 ἀσέμνῳ
1419 917 1518 974 τοῦ
1567 921 1878 991 μεμηνότος

303 1012 514 1064 ἐκείνου
570 1009 854 1080 χρώμενος
909 1010 1080 1080 ἧθους
1122 1010 1220 1063 ἐπὶ
1257 1009 1530 1065 τοσούτων
1577 1010 1877 1081 ὀφθαλμῶν

305 1104 511 1174 οὖδαμῆ
543 1120 606 1172 γε
643 1101 934 1173 ᾐσχύνετο.
974 1103 1084 1157 Καὶ
1113 1103 1256 1173 ὅπερ
1283 1103 1376 1156 ἐπὶ
1407 1106 1508 1175 τῆς
1553 1104 1752 1174 Τροίας
1791 1107 1879 1157 Ὀ-

303 1195 530 1258 δυσσεὺς
555 1195 762 1256 ἐκεῖνος
791 1194 960 1248 πάλαι
983 1194 1077 1249 τὸν
1103 1194 1472 1264 ἀκριτόμυθον
1501 1194 1596 1248 τοῦ
1631 1196 1876 1265 Ὀμήρου

308 1288 576 1358 Θερσίτην
606 1285 890 1363 χλευάζων
935 1285 1206 1357 ἠπείλησε
1253 1284 1407 1357 δρᾷν,
1455 1285 1748 1341 άποδύσειν
1795 1285 1876 1339 εἴ-

311 1399 452 1450 ματα
507 1382 650 1450 λέγω
697 1380 848 1450 φίλα,
875 1379 946 1437 τά
992 1379 1040 1434 τ’
1087 1379 1222 1433 αίδὼ
1267 1377 1702 1450 ἀμφικαλύπτει,
1728 1375 1877 1432 τοῦτ’

306 1482 514 1540 ἐκεῖνος
561 1478 682 1531 καθ’
714 1475 911 1530 ἐαυτοῦ
966 1474 1109 1543 δρῶν
1164 1475 1413 1545 ἀτεχνῶς
1443 1476 1545 1529 οὐκ
1585 1473 1872 1545 ᾐσθάνετο.

305 1574 486 1626 Ταῦτα
529 1573 620 1624 καὶ
649 1570 723 1642 μὴ
752 1571 893 1625 πάνυ
927 1569 1289 1638 γελασειοντα
1323 1568 1418 1622 τδν
1461 1568 1750 1636 Γρηγορᾶν
1785 1583 1879 1635 γε-

304 1665 466 1718 λάσαι
493 1663 786 1733 πεποίηκε,
815 1663 911 1715 καὶ
948 1661 1238 1732 εἰρωνικόν
1266 1678 1388 1714 τινα
1417 1659 1698 1729 ὀφθαλμὸν
1727 1657 1877 1728 αὑτῷ

302 1753 669 1826 ἐπιρρίψαντα
711 1752 877 1822 φάναι
908 1751 1116 1805 τοιαδίο
1173 1770 1191 1803 ι
1237 1751 1378 1818 Ἐγὼ
1405 1750 1463 1804 δέ
1508 1767 1566 1802 σε
1592 1749 1693 1819 τῆς
1729 1750 1876 1818 ἀμα-

305 1819 564 1909 θίας-καὶ
609 1819 886 1907 ἀναιδείας
934 1844 1248 1914 οἰκτείρων,
1298 1843 1573 1913 ἄνθρωπε,
1609 1837 1872 1912 βούλομαι
1902 1819 1948 1877 Β

305 1941 400 1994 καὶ
423 1938 538 2005 νῦν,
582 1937 755 1992 δπόσα
790 1937 889 2008 τὴν
933 1937 1031 2008 τῆς
1076 1936 1266 2004 σοφίας
1308 1935 1495 2006 φωνὴν
1537 1936 1742 2005 διαιρεῖ
1768 1952 1869 2005 ση-

307 2033 626 2105 μαινόμενα,
659 2031 886 2102 προθεὶς
922 2029 1067 2084 κατὰ
1091 2030 1219 2092 τοὺς
1249 2029 1350 2100 τῆς
1377 2031 1690 2098 ἐπιστήμης
1730 2027 1875 2081 διδά-

307 2126 394 2192 ξαι
421 2125 633 2192 λόγους,
684 2123 761 2186 ώς
802 2121 868 2175 ἂν
897 2121 1076 2191 μάθῃς
1103 2119 1354 2173 ἐντεῦθεν
1395 2122 1475 2182 εἰς
1505 2121 1630 2172 ὅσον
1656 2118 1872 2173 ἐλαύνει

304 2217 501 2278 κακίας
529 2212 859 2285 βωμολοχεϊν
891 2213 984 2267 καὶ
1007 2213 1318 2266 διαϐάλλειν
1347 2211 1574 2280 άναίδην
1596 2209 1872 2278 τὰςιθείὰς

309 2306 548 2380 Γραφάς.
583 2304 1007 2373 Ἀκολουθητέον
1039 2301 1133 2358 οὖν
1167 2305 1297 2373 ἡμῖν
1329 2306 1444 2356 ἐστι
1477 2307 1542 2373 τῇ
1573 2302 1682 2356 τῶν
1712 2301 1874 2355 θείων

309 2403 568 2470 Πατέρων
603 2396 882 2453 κάνταῦθα
923 2396 1270 2466 διδασκαλίᾳ.
1300 2395 1519 2448 Νοείται
1565 2398 1662 2464 μὲν
1691 2394 1799 2463 γὰρ
1838 2394 1872 2462 ἡ

311 2492 470 2560 σοφία
509 2490 671 2560 διχῶς
719 2489 862 2543 κατὰ
893 2488 956 2541 τὸ
994 2487 1214 2540 κτιστὸν
1249 2487 1344 2540 καὶ
1373 2487 1432 2539 τὸ
1458 2487 1730 2540 ἄκτιστον.
1766 2486 1874 2539 Καὶ

309 2581 502 2650 κτιστὴ
552 2580 652 2648 μὲν
697 2579 918 2647 λέγεται.
969 2581 1130 2647 σοφία
1179 2579 1214 2648 ἥ
1244 2596 1304 2631 τε
1338 2579 1687 2649 ἐντεθειμένη
1737 2579 1874 2648 πρδς

308 2673 444 2727 Θεοῦ
473 2674 565 2725 καὶ
589 2670 1106 2743 συναπειργασμένη
1132 2672 1244 2732 τοῖς
1272 2670 1592 2739 κτίσμασιν,
1624 2669 1708 2722 τνα
1736 2669 1875 2737 σοφά

311 2785 370 2820 τε
410 2767 551 2820 κατὰ
600 2767 690 2819 τὸν
721 2765 896 2836 μέγαν
938 2764 1262 2818 Ἀθανάσιον
1313 2766 1573 2832 φαίνηται
1607 2765 1745 2817 πᾶσι
1781 2765 1874 2816 καὶ

312 2860 427 2927 ἅμα
461 2857 554 2911 τοῦ
577 2857 939 2928 πεποιηκότος
969 2856 1115 2921 ἄξια.
1141 2856 1278 2909 Καθ’
1301 2856 1329 2908 ὃ
1357 2856 1758 2925 σημαινόμενον
1782 2857 1876 2908 καὶ

312 2948 477 3001 Δαϐὶδ
501 2946 625 3009 τούς
659 2963 718 2999 τε
747 2945 1013 3015 οὐρανοὺς
1046 2945 1141 3016 τὴν
1170 2947 1265 2999 τοῦ
1290 2945 1423 2999 Θεοῦ
1454 2946 1760 3015 διηγεῖσθαι
1787 2946 1874 2999 δό-

313 3042 406 3106 ξαν
436 3043 603 3111 φησὶν
631 3040 917 3110 ἀλαλήτοις
952 3041 1178 3108 φωναῖς,
1236 3037 1330 3090 καὶ
1379 3037 1496 3106 ἅμα
1527 3039 1710 3091 πᾶσαν
1739 3054 1874 3107 προ-

309 3133 570 3202 τρέπεται
593 3131 771 3184 κτίσιν
800 3131 876 3193 si;
903 3129 1072 3199 ὕμνον
1102 3130 1237 3182 Θεοῦ
1262 3133 1362 3199 ὅση
1393 3129 1501 3181 τῶν
1533 3129 1796 3199 ἐμψύχων
1815 3146 1875 3182 τε

310 3225 407 3277 καὶ
437 3224 531 3295 μὴ,
567 3225 658 3276 καὶ
684 3225 784 3293 ὅση
823 3222 933 3274 τῶν
959 3221 1296 3292 αἰσθητικῶν
1326 3222 1423 3275 καί
1448 3223 1546 3292 μή.
1581 3222 1686 3274 Καὶ
1725 3222 1803 3273 ἔτι
1839 3221 1870 3290 ἥ

311 3319 424 3378 τοῖς
451 3315 854 3384 διδασκομένοις
882 3316 1148 3382 ἐντέχνως
1190 3317 1255 3367 ἐκ
1283 3312 1748 3383 προϋπαρχούσης
1785 3313 1876 3380 γί-

310 3423 464 3458 νεται
494 3404 766 3473 γνώσεως.
993 3403 1054 3455 τὸ
1088 3403 1286 3455 εἰδέναι
1325 3405 1420 3455 καὶ
1453 3403 1514 3454 τὸ
1552 3402 1876 3454 ἐπίστασθαι

308 3499 552 3569 ἔχοντας,
583 3499 868 3560 δεκτικοὺς
896 3498 995 3564 τῆς
1023 3493 1359 3566 δημιουργοῦ
1381 3494 1492 3546 τῶν
1513 3495 1651 3546 ὅλων
1683 3493 1876 3560 σοφίας

309 3591 457 3661 ἡμᾶς
485 3590 535 3641 οί
574 3587 708 3640 θεῖοι
737 3585 982 3656 Πατέρες
1023 3585 1292 3653 φάσκουσι
1339 3583 1584 3652 γίνεσθαι
1619 3583 1709 3636 τὸν
1745 3582 1876 3634 ἐκά-

205 3709 208 3712 ’
311 3700 461 3746 στοις
487 3682 674 3736 ἐνόντα
701 3681 922 3748 τρόπον.
959 3680 1069 3732 Καὶ
1101 3679 1161 3731 τὸ
1204 3677 1448 3746 γνωστὸν
1485 3675 1580 3728 τοῦ
1607 3675 1742 3728 Θεοῦ
1777 3693 1879 3742 φα-

310 3773 469 3846 νερὸν
518 3772 606 3824 διὰ
647 3770 758 3824 τῶν
803 3769 1143 3839 κτισμάτων.
1177 3769 1469 3830 Ἀκτιστος
1511 3767 1566 3820 δὲ
1629 3767 1792 3836 σοφία
1846 3766 1875 3818 ὁ

315 3866 450 3929 Υἱὸς
473 3866 568 3919 καὶ
594 3865 766 3932 Λόγος
791 3861 884 3916 τοῦ
911 3859 1068 3924 Θεοῦ,
1093 3860 1159 3914 δι’
1192 3854 1259 3932 ἧς
1291 3861 1382 3914 καὶ
1421 3861 1480 3912 ἐν
1515 3853 1548 3931 ᾖ
1582 3860 1650 3912 τά
1696 3859 1878 3912 πάντα

315 3959 530 4028 γέγονε.
560 3957 706 4026 Πλὴν
735 3953 859 4024 οὐχὶ
883 3953 1060 4023 τούτῳ
1091 3953 1263 4021 Λόγος
1289 3952 1323 4019 ἢ
1358 3953 1487 4014 Υἱὸς
1511 3947 1556 4020 ᾧ
1575 3954 1669 4006 καὶ
1691 3953 1874 4021 σοφία.

319 4051 390 4104 Ἢ
427 4050 524 4120 μὲν
557 4049 664 4120 γὰρ
693 4047 820 4110 Υίδς
850 4047 943 4100 καὶ
976 4045 1144 4116 Λόγος
1177 4045 1242 4116 [ί.
1279 4045 1376 4100 151
1412 4044 1490 4117 υ.]
1525 4045 1679 4112 φωνὴ
1715 4047 1876 4115 μονό-

309 4156 514 4210 τροπον
544 4139 658 4207 ἔχει
692 4138 796 4205 τὴν
826 4137 1106 4206 σημασίαν
1125 4138 1219 4188 καὶ
1239 4135 1583 4205 άναφορικὴν
1616 4135 1753 4205 πρὸς
1780 4134 1874 4188 τὸν

315 4234 553 4301 Πατέρα,
585 4233 618 4300 ἡ
663 4230 719 4283 δὲ
746 4229 850 4299 τῆς
885 4229 1078 4296 σοφίας
1104 4213 1321 4299 διπλῆν.
1357 4229 1592 4297 Λέγεται
1627 4228 1728 4297 μὲν
1767 4229 1878 4298 γάρ

312 4326 409 4380 καὶ
457 4323 576 4377 καθ’
618 4321 754 4376 αὐτὸ
792 4319 952 4389 σοφία
1004 4319 1448 4389 καθολικωτέραν
1496 4319 1620 4391 ἔχον
1651 4321 1751 4390 τὴν
1794 4321 1882 4374 ἐν·

313 4433 484 4477 νοιαν,
526 4414 616 4466 ὅτε
635 4412 832 4465 ταυτὸν
859 4410 944 4480 εἴη
983 4408 1170 4478 σαφῶς
1195 4411 1261 4476 τῇ
1283 4407 1447 4478 οὐσίᾳ
1479 4409 1576 4462 καὶ
1611 4407 1760 4460 τοῦτ’
1792 4408 1881 4477 εἴη

1903 3173 1953 3228 C

1983 557 2297 612 fiebantzet
2323 557 2433 610 duo
2453 572 2610 626 aeque
2641 565 2754 611 tum
2790 558 3030 612 audebat
3061 560 3346 626 virinepta
3379 581 3559 634 neque

1984 647 2184 702 timens
2215 661 2393 717 neque
2418 661 2636 702 verens.
2669 647 2776 702 Ore
2819 648 2964 702 enim
2999 659 3190 704 contra
3229 652 3400 706 Deum
3425 670 3560 710 con-

1981 738 2194 793 vicians
2248 739 2400 792 nullo
2463 740 2626 793 modo
2704 739 2901 795 timore
2945 743 3302 811 capiebatur;
3361 748 3556 804 habitu

1981 839 2164 886 autem
2217 829 2508 884 inhonesto
2562 829 2798 884 furentis
2835 831 2982 887 illius
3038 837 3114 890 ttti
3160 839 3330 895 moris
3367 856 3554 896 coram

1981 922 2161 976 oculis
2221 931 2303 976 tot
2335 935 2445 974 non
2484 921 2804 974 verebatur.
2861 923 2927 976 Et
2962 927 3110 992 quod
3166 937 3293 984 ante
3337 931 3554 1000 Trojam

1984 1015 2209 1086 Ulysses
2249 1014 2340 1068 ille
2372 1015 2500 1068 olim
2537 1013 2758 1071 Homeri
2789 1016 3082 1071 Thersiten
3131 1021 3414 1089 garrulum
3460 1023 3558 1076 de.

1981 1106 2181 1163 ludens
2248 1105 2522 1162 facturum
2597 1122 2657 1163 se
2711 1123 2833 1164 esse
2899 1109 3139 1164 minatus
3187 1120 3289 1175 est,
3360 1123 3557 1166 exutu-

1980 1215 2102 1254 rum
2163 1199 2424 1254 nimirum
2481 1199 2807 1256 vestimenta
2871 1206 3067 1272 grata',
3132 1219 3254 1272 qua:
3303 1207 3554 1260 membra

1979 1289 2236 1359 pudenda
2283 1290 2446 1360 332
2497 1291 2701 1355 velant,
2761 1291 2867 1346 hoc
2920 1292 3014 1347 ille
3067 1307 3128 1346 se
3180 1293 3361 1348 facere
3423 1311 3557 1350 cou-

1982 1391 2066 1438 tra
2108 1399 2168 1439 se
2229 1383 2456 1439 omnino
2523 1399 2634 1440 non
2694 1386 3188 1442 animadvertebat.
3246 1388 3371 1444 Haec
3421 1389 3559 1445 Gro-

1977 1491 2168 1547 goram
2213 1477 2468 1546 quamvis
2505 1479 2733 1532 omnino
2783 1493 2892 1532 non
2941 1479 3125 1533 ridere
3161 1481 3432 1534 volentem
3481 1483 3548 1535 ad

1978 1567 2276 1623 ridendum
2318 1568 2695 1635 adduxerunt,
2721 1577 2778 1624 et
2822 1578 2883 1624 ut
2928 1572 3150 1624 oculum
3199 1573 3552 1626 cavillantem

1980 1661 2036 1716 in
2059 1676 2185 1716 eum
2217 1662 2519 1732 conjiciens
2549 1662 2666 1717 haec
2695 1662 2910 1716 diceret
2940 1677 2953 1715 :
2994 1663 3262 1731 Equidem
3298 1663 3557 1733 ignoran-

1984 1753 2115 1806 tiam
2148 1759 2296 1806 tuam
2328 1762 2384 1808 et
2421 1753 2823 1823 impudentiam
2857 1755 3150 1818 miserans,
3180 1756 3376 1817 amice,
3408 1770 3556 1809 nunc

1975 1855 2195 1909 quoque
2231 1841 2357 1896 volo
2402 1856 2595 1897 omnes
2626 1858 2971 1912 quaecunque
3011 1859 3208 1898 vocem
3259 1845 3553 1914 sapientia:

1973 1931 2230 1986 dividunt
2257 1933 2688 2001 signiﬁcationes
2719 1923 3007 2004 proferens
3040 1939 3344 1990 secundum
3375 1937 3556 1990 scien-

1973 2024 2063 2079 tiae
2085 2025 2357 2080 rationem
2393 2034 2444 2080 te
2473 2025 2674 2081 docere
2699 2043 2712 2081 :
2743 2037 2807 2080 ut
2829 2028 2956 2082 inde
2977 2028 3180 2094 discas,
3213 2028 3265 2082 in
3288 2038 3554 2098 quantam

1973 2118 2301 2188 pravitatem
2335 2118 2591 2188 adigatur
2631 2119 2675 2174 si
2701 2120 2830 2190 quis
2863 2129 3101 2189 nugatus
3132 2132 3415 2191 pervertat
3444 2123 3552 2176 imo

1973 2209 2248 2280 pudenter
2273 2210 2614 2281 ..Seripturas
2668 2211 2905 2266 divinas.
2967 2213 3322 2282 Sequendum
3388 2215 3562 2282 igitur

1973 2311 2060 2356 est
2089 2302 2250 2357 nobis
2294 2302 2602 2356 divinorum
2629 2303 2855 2358 Patrum
2888 2303 2980 2358 hic
3002 2321 3220 2374 quoque
3252 2306 3564 2361 institutio-

1975 2407 2122 2446 nem.
2156 2393 2489 2462 lntelligitur
2520 2394 2666 2447 enim
2700 2395 2971 2462 sapientia
3003 2394 3300 2465 dupliciter
3357 2411 3566 2450 secun-~

1975 2484 2104 2538 dum
2137 2493 2380 2539 creatum
2413 2495 2470 2541 et
2501 2487 2830 2551 increatum,
2891 2496 3057 2557 atque
3103 2497 3286 2542 creata
3329 2488 3566 2558 quidem

1975 2576 2180 2630 dicitur
2210 2578 2479 2647 sapientia
2530 2594 2595 2632 ea
2627 2594 2752 2648 quae
2781 2579 2963 2634 infusa
2996 2588 3082 2633 est
3137 2595 3166 2633 a
3201 2579 3310 2633 Deo
3363 2581 3558 2634 simul-

1975 2682 2084 2737 que
2114 2669 2365 2723 confecta
2389 2671 2614 2732 creatis,
2672 2680 2732 2723 ut
2791 2669 3060 2735 sapientia
3112 2670 3202 2724 illa
3250 2671 3555 2724 secundum

1977 2758 2341 2812 Athanasium
2390 2775 2645 2830 magnum
2691 2761 2950 2814 omnibus
2983 2762 3306 2815 viderentur
3368 2761 3564 2815 simul,-

1976 2864 2085 2919 que
2113 2849 2376 2904 Creatore
2399 2851 2560 2920 digna
2593 2870 2607 2904 :
2638 2852 2944 2906 secundum
2976 2868 3144 2921 quam
3194 2853 3567 2923 signiﬁcatio-

1979 2959 2104 2998 nem
2140 2945 2306 2997 etiam
2341 2943 2508 2997 David
2541 2945 2712 3000 caelos
2741 2960 3007 2998 enarrare
3069 2944 3166 2999 Dei
3212 2945 3443 3013 gloriam
3475 2944 3569 2998 di—

1977 3037 2053 3090 cit
2087 3035 2256 3090 mutis
2284 3034 2506 3104 linguis.
2558 3035 2844 3106 Simulque
2893 3040 3077 3090 omnia
3119 3047 3304 3091 creata
3355 3038 3556 3091 cohor-

1983 3136 2130 3181 tatur
2167 3127 2234 3181 ad
2289 3128 2462 3182 Deum
2520 3127 2936 3189 celebrandum,
2990 3143 3334 3196 qua‘cunque
3375 3131 3562 3183 anima,

1979 3219 2207 3290 prmdita
2255 3228 2311 3274 et
2339 3220 2623 3284 destituta,
2658 3233 3002 3288 quaecunque
3039 3235 3202 3274 sensu
3260 3231 3388 3272 sunt
3414 3237 3556 3288 ριοιυ-

1979 3316 2091 3368 dita
2122 3322 2181 3368 et
2206 3313 2495 3376 destituta,
2521 3321 2576 3368 et
2602 3328 2768 3384 porro
2790 3327 2888 3367 eos
2919 3313 3012 3381 qui
3047 3313 3210 3367 docte
3258 3315 3558 3367 instituun-

1982 3417 2072 3460 tur
2111 3422 2180 3461 ex
2230 3406 2549 3476 cognitione
2602 3415 2762 3460 antea
2814 3405 3100 3459 substante
3135 3404 3230 3459 :in
3283 3421 3390 3474 qua
3431 3421 3555 3458 cum

1981 3496 2264 3550 scientiam
2285 3505 2340 3550 et
2368 3496 2792 3563 intelligentiam
2863 3495 3169 3550 habeatuus
3229 3497 3415 3549 testari
3456 3510 3558 3551 nos

1979 3588 2304 3655 sapientiam
2340 3587 2528 3641 omnia
2579 3596 2860 3642 creantem
2915 3602 3018 3641 suo
3067 3603 3343 3656 quemque
3391 3589 3559 3642 insito

1982 3693 2138 3732 more
2164 3678 2354 3733 Patres
2382 3677 2554 3732 divini
2606 3677 2990 3741 contendunt;
3047 3693 3114 3732 ac
3181 3694 3304 3746 qua»
3365 3679 3560 3732 inDco

1981 3767 2237 3836 cognosci
2267 3776 2498 3836 possunt
2519 3765 2666 3820 clara
2696 3774 2827 3820 sunt
2884 3768 3086 3822 creatis
3113 3783 3127 3831 ;
3188 3767 3435 3821 increa.a
3461 3785 3562 3822 au-

1984 3868 2094 3913 tem
2125 3867 2210 3913 est
2255 3859 2522 3926 sapientia
2559 3858 2732 3912 Filius
2779 3868 2834 3912 et
2871 3860 3107 3914 Verbum
3137 3860 3251 3924 Dei,
3287 3875 3391 3928 qua
3421 3862 3557 3914 etin

1983 3933 2092 4020 qua
2119 3950 2377 4005 universa
2409 3950 2551 4003 facta
2585 3957 2732 4005 sunt.
2762 3950 2866 4005 Sed
2897 3966 3008 4005 non
3058 3959 3140 4005 est
3175 3953 3354 4006 eidem
3395 3953 3558 4023 333

1985 4056 2204 4111 semper
2239 4041 2471 4096 verbum
2501 4053 2596 4095 aut
2629 4040 2801 4096 Filius
2831 4042 2920 4096 cui
2946 4043 3235 4112 sapientia.
3266 4044 3380 4098 Vox
3409 4047 3558 4099 enim

1985 4131 2116 4198 Filii
2174 4139 2232 4186 et
2283 4131 2449 4186 Verbi
2523 4130 2826 4199 simplicem
2879 4132 3044 4185 habet
3101 4131 3559 4202 signiﬁcationem

1985 4231 2041 4280 et
2082 4222 2151 4278 ad
2179 4223 2398 4278 Patrem
2449 4221 2676 4276 relatam
2711 4237 2725 4274 :
2761 4225 3049 4292 sapientiae
3096 4234 3278 4278 autem
3324 4240 3429 4279 vox
3462 4227 3564 4280 du-

1986 4316 2206 4387 plicem.
2236 4316 2446 4372 Dicitur
2469 4317 2618 4370 enim
2654 4330 2750 4384 per
2820 4330 2880 4370 se
2909 4317 3177 4386 sapientia
3217 4318 3371 4386 quod.
3394 4335 3564 4387 gene-

1988 4409 2246 4465 raliorem
2285 4410 2454 4465 habet
2481 4409 2790 4475 notionem,
2855 4409 2949 4463 ubi
3022 4420 3211 4478 aperte
3281 4411 3427 4465 idem
3479 4419 3564 4465 est

314 4504 374 4558 τὸ
399 4500 536 4558 εἶναι
569 4501 746 4574 ταύτῃ
789 4501 818 4553 δ
852 4501 914 4554 τὸ
964 4501 1158 4568 σοφίαν
1203 4496 1342 4552 εἶναι
1370 4499 1514 4553 κατὰ
1557 4498 1649 4552 τὸν
1681 4497 1775 4552 τοῦ
1808 4498 1879 4551 εῖ-

1987 4517 2111 4559 cum
2141 4504 2379 4559 essentia
2412 4520 2426 4558 :
2461 4510 2627 4572 atque
2657 4501 2763 4556 hoc
2796 4502 2942 4557 idem
3000 4503 3118 4558 fere
3149 4514 3233 4558 est
3295 4505 3442 4573 quod
3475 4519 3567 4558 sa-

313 4597 437 4660 δους
479 4597 656 4649 εῑτουν
693 4594 784 4647 τὸν
827 4592 929 4663 τῆς
979 4591 1197 4661 φύσεως
1231 4589 1665 4662 καθολικώτερον
1702 4590 1879 4659 λόγον,

315 4691 405 4744 ὅτε
438 4689 601 4756 σοφία
629 4687 880 4742 καλεῖται
920 4687 949 4739 ὀ
981 4685 1174 4756 Πατὴρ
1207 4683 1306 4737 καὶ
1330 4685 1362 4736 ό
1391 4683 1520 4746 Υἱὸς
1549 4684 1748 4754 ὁμοίως
1776 4683 1883 4736 ώσ-

317 4799 424 4852 περ
478 4782 574 4833 καὶ
620 4777 781 4832 οὐσία
837 4779 1101 4844 ἑκάτερα.
1159 4777 1398 4844 Λέγεται
1435 4774 1494 4828 δέ
1527 4775 1692 4844 σοφία
1719 4776 1816 4829 καὶ
1848 4775 1884 4844 ἡ

319 4874 616 4936 ὑπόστασις
659 4874 725 4926 ἐκ
763 4873 858 4926 τοῦ
895 4871 1336 4941 καθολικωτέρου
1365 4868 1723 4940 λαμϐάνουσα
1757 4868 1884 4923 τοῦ·

317 4983 478 5034 νομα,
509 4963 698 5034 ὥσπερ
731 4961 826 5015 καὶ
867 4959 1155 5030 ἄνθρωπόν
1188 4978 1370 5030 φαμεν
1400 4960 1616 5024 εἰδικῶς
1659 4960 1756 5015 καὶ
1788 4975 1886 5014 κα·

318 5057 469 5108 θόλου
504 5057 601 5124 τὴν
646 5051 836 5105 οὐσίαν
876 5051 972 5104 καὶ
1016 5052 1200 5119 φύσιν.
1241 5051 1422 5104 είτουν
1462 5048 1586 5103 καθ’
1621 5048 1755 5102 αὐτὸ
1788 5047 1887 5103 καὶ

315 5148 515 5217 κυρίως
565 5147 661 5199 καὶ
715 5143 924 5213 οὐδαμῆ
977 5145 1114 5213 πρὸς
1153 5142 1362 5212 ἕτερον,
1413 5141 1529 5194 ἐστι
1577 5141 1624 5194 δ’
1659 5140 1750 5194 ὅτε
1784 5143 1881 5192 καὶ

315 5241 468 5309 τήνδε
490 5241 588 5306 τὴν
617 5239 938 5300 ὑπόστασιν,
969 5236 1062 5288 τὸν
1094 5235 1302 5305 Πέτρον
1342 5234 1569 5304 δηλαδὴ,
1600 5234 1660 5287 τὸ
1684 5233 1886 5287 εἰδικόν

314 5351 372 5384 τε
405 5334 500 5384 καὶ
530 5330 964 5400 καθολικώτερον
989 5330 1160 5395 ὄνομα
1192 5331 1272 5391 είς
1314 5329 1376 5380 τὸ
1411 5329 1762 5398 προσωπικὸν
1790 5328 1887 5381 καὶ

319 5426 520 5486 ἰδιάζον
576 5424 997 5491 μεταφέροντες.
1035 5422 1108 5477 Οὐ
1159 5421 1271 5490 γάρ
1298 5423 1448 5474 ἐστιν
1481 5419 1759 5474 ἰδιώτατον
1789 5437 1886 5472 πε-

318 5520 691 5589 ρωιλειόμενον
740 5519 774 5589 ἡ
809 5519 995 5585 σοφία.
1024 5517 1155 5583 τινἰ,
1209 5515 1320 5570 οὐδ’
1372 5515 1704 5586 ἁναφορικὸν
1737 5513 1812 5576 ὡς
1858 5515 1886 5566 δ

302 5613 430 5674 ὐἱὸς
467 5613 607 5682 πρὸς
633 5611 724 5663 τὸν
748 5612 953 5680 πατέρα
991 5614 1082 5661 καὶ
1109 5613 1137 5662 ό
1167 5609 1322 5676 λόγος
1353 5609 1490 5676 πρὸς
1520 5606 1610 5659 τὸν
1639 5599 1700 5658 οὗ
1731 5606 1886 5674 λόγος

314 5707 462 5756 ἐστὶν
495 5706 614 5754 ἐστὶ
661 5705 783 5764 νοῦς
810 5720 824 5734 ο
869 5704 1060 5772 τὰμὲν
1092 5707 1199 5772 γὰρ
1253 5703 1488 5770 οὐσιώδη
1537 5702 1631 5753 καὶ
1681 5700 1888 5767 φυσικά

317 5793 783 5865 περιεκτικώτερά
807 5798 911 5846 εἰσι
942 5797 1033 5846 καὶ
1066 5799 1261 5862 ἄφετον
1287 5796 1396 5863 ἔχει
1428 5797 1524 5862 τὴν
1553 5794 1783 5859 ἔννοιαν,
1817 5797 1887 5846 τὰ

1986 4596 2146 4667 piens
2168 4597 2406 4652 essentia
2431 4595 2736 4670 secundum
2761 4595 2952 4649 forma:
2990 4595 3108 4649 sive
3146 4604 3357 4650 natura:
3390 4598 3561 4649 ratio-

1984 4701 2111 4742 nem
2141 4687 2560 4761 generaliorem,
2610 4687 2704 4740 ubi
2738 4686 3008 4757 sapientia
3036 4700 3265 4742 vocatur
3309 4689 3471 4743 Pater
3508 4698 3572 4744 et.

1985 4781 2160 4835 Filius
2194 4780 2389 4836 eodem
2429 4780 2594 4834 modo
2631 4794 2742 4850 quo
2799 4780 2966 4835 etiam
3003 4782 3241 4836 essentia
3311 4792 3569 4853 utraque.

1987 4873 2199 4928 Dicitur
2230 4883 2414 4928 autem
2453 4873 2727 4942 sapientia
2772 4872 2937 4926 etiam
2995 4874 3324 4940 substantia,
3365 4891 3570 4930 nomen

1987 4964 2265 5034 accipiens
2291 4979 2323 5019 a
2361 4979 2564 5034 genere
2593 4981 2608 5018 :
2636 4972 2696 5018 ut
2724 4964 3031 5020 secundum
3056 4965 3285 5021 formam
3313 4977 3366 5023 et
3393 4984 3577 5039 genus

1987 5057 2282 5112 essentiam
2313 5066 2369 5112 et
2400 5067 2654 5112 naturam
2682 5056 2849 5112 etiam
2879 5057 3161 5114 hominem
3195 5064 3573 5131 appellamus,

1987 5148 2102 5202 sive
2133 5162 2233 5215 per
2263 5160 2322 5202 se
2356 5157 2412 5202 et
2437 5147 2682 5218 proprie,
2726 5157 2784 5203 et
2834 5149 2988 5204 nullo
3032 5153 3196 5206 modo
3265 5152 3574 5208 referentes

1987 5241 2055 5293 ad
2085 5238 2254 5295 aliud.
2286 5239 2571 5292 interdqu
2611 5239 2781 5293 etiam
2853 5253 3060 5296 certam
3127 5245 3270 5298 hanc
3313 5245 3574 5301 substan—

1991 5332 2142 5396 tiam,
2181 5332 2408 5387 Petrum
2439 5331 2724 5398 nimirum,
2755 5333 2832 5388 ita
2886 5345 2948 5390 ut
3006 5335 3198 5391 formae
3241 5346 3296 5391 et
3349 5338 3572 5407 generis

1989 5439 2191 5480 nomen
2219 5424 2273 5478 in
2298 5434 2508 5480 certum
2540 5435 2596 5479 et
2617 5435 2892 5480 secretum
2929 5429 3343 5484 transferamus.
3380 5429 3571 5501 Neque

1987 5517 2433 5584 enim'sapientia
2462 5533 2585 5571 cum
2607 5519 2679 5573 sit
2726 5519 2933 5588 aliquid
2981 5522 3216 5575 maxime
3269 5533 3570 5588 secretum,

1989 5611 2418 5666 circumclusum
2453 5611 2559 5665 ulla
2599 5627 2678 5677 re,
2703 5627 2884 5682 neque
2937 5613 3128 5667 referri
3171 5613 3334 5667 debet
3389 5624 3450 5668 ut
3480 5616 3570 5670 Ei-

1989 5703 2096 5758 lius
2127 5704 2192 5757 ad
2222 5703 2469 5766 Patrem,
2534 5714 2589 5758 et
2635 5705 2777 5758 ratio
2838 5705 2903 5757 ad
2955 5705 3033 5768 id,
3092 5710 3248 5772 cujus
3300 5713 3438 5760 ratio
3487 5719 3572 5765 est

1991 5810 2164 5850 mens.
2201 5795 2529 5852 Essentialia
2557 5797 2706 5851 enim
2753 5805 2809 5852 et
2863 5798 3134 5852 naturalia
3179 5799 3347 5854 latius
3385 5811 3578 5870 patent
