4034 6478
533 322 641 383 25

1700 316 2114 376 NILEPlltllil
2175 317 2558 375 GiiEGOl‘uE

3679 322 3772 382 26

528 435 865 502 liberamque
899 431 1104 484 habent
1164 430 1447 484 notionem
1486 446 1499 482 :
1532 443 1654 498 qua:
1713 439 1897 482 autem
1967 431 2108 484 refe-

2219 432 2257 484 5'
2305 431 2616 500 ἀναφορικά
2655 432 2785 500 πρὸς
2831 430 3035 500 ἄλληλα
3085 432 3144 483 τέ
3189 431 3328 495 ἐστι,
3364 433 3454 484 καὶ
3487 435 3549 502 τῇ
3590 439 3775 502 μεταξὺ

531 534 730 578 runtur
765 527 910 577 inter
937 538 994 576 se
1028 533 1083 574 et
1125 521 1314 574 habitu
1382 531 1575 574 mutuo
1630 523 1922 592 conjuncta
1986 533 2116 577 sunt

529 633 711 686 neque
748 615 857 669 ullo
887 615 1049 668 modo
1074 614 1400 667 conceditur
1436 613 1504 667 iis
1566 623 1626 667 ut
1663 614 1981 669 liberiorem
2016 615 2116 671 ha-

531 709 698 762 beant
722 706 1176 776 signiﬁcationem
1208 722 1223 771 ;
1252 713 1313 758 ut
1342 707 1508 773 igitur
1537 705 1701 759 Pater
1739 717 1823 760 est
1852 709 2113 773 essentia,

532 801 703 853 Filius
737 800 998 860 essentia,
1038 799 1279 868 Spiritus
1312 807 1540 852 sanctus
1587 800 1848 857 essentia.
1881 799 1956 852 ita
2023 799 2118 854 Pa-

533 901 616 945 ter
644 890 808 945 etiam
847 891 1138 958 sapientia,
1183 889 1346 961 334,
1375 889 1549 943 Filius
1589 889 1881 957 sapientia,
1941 889 2116 958 Spiri-

533 995 621 1038 tus
647 992 869 1039 sanctus
905 984 1176 1052 sapientia
1208 1001 1221 1036 :
1253 982 1528 1051 simulque
1571 982 1839 1049 sapientia
1877 998 2005 1044 una,
2058 992 2118 1036 ut

529 1078 768 1132 essentia
798 1093 926 1136 una.
969 1089 1149 1143 neque
1195 1090 1328 1128 vero
1357 1074 1642 1143 sapientiae
1671 1083 1784 1129 tres
1803 1114 1818 1138 ,
1849 1085 1910 1133 ut
1939 1091 2118 1144 neque

531 1180 641 1222 tres
673 1168 949 1222 essentne.
995 1165 1131 1220 Cum
1169 1165 1336 1235 igitur
1375 1165 1551 1219 Filius
1578 1166 1756 1220 dicit:
1797 1185 1814 1216 ι
1849 1166 1965 1234 Ego
1993 1181 2116 1220 sum

529 1259 818 1328 sapientia,
852 1278 871 1310 ι
921 1267 976 1312 et
1034 1273 1228 1312 rursus
1279 1257 1579 1326 Apostolus
1615 1274 1631 1314 :
1668 1276 1687 1308 ι
1735 1257 1988 1312 Christus
2021 1257 2118 1312 Dei

533 1352 774 1422 potentia
812 1360 867 1406 et
906 1351 999 1405 Dei
1057 1351 1352 1419 sapientia,
1404 1369 1421 1401 ι
1459 1360 1518 1404 ut
1571 1366 1637 1403 ex
1690 1351 1848 1405 Patre
1885 1353 1978 1419 qui
2035 1361 2120 1407 est

535 1445 780 1512 potentia
817 1452 874 1496 et
901 1441 1196 1510 sapientia,
1243 1441 1462 1510 genitus
1495 1441 1794 1510 cogitatur,
1854 1453 1912 1496 ut
1942 1442 2036 1496 lux
2087 1457 2119 1497 e

532 1537 678 1596 lucc,
722 1543 779 1587 et
811 1534 956 1587 Deus
975 1548 1005 1586 e
1034 1533 1164 1588 Deo.
1184 1533 1302 1598 Quo
1326 1532 1489 1601 igitur
1518 1531 1818 1602 impietatis
1849 1548 1957 1586 non
1989 1550 2119 1602 pro-

531 1631 711 1691 cedit,
753 1630 845 1698 qui
924 1628 1162 1689 dixerit,
1217 1628 1384 1681 Deum
1443 1642 1564 1683 esse
1622 1629 1972 1698 suppositum
2035 1647 2120 1686 sa-

533 1720 752 1790 pientiae
803 1729 1061 1788 tanquam
1094 1719 1392 1783 accidenti,
1431 1734 1606 1786 neque
1635 1720 1964 1789 sapientiam
1995 1737 2118 1777 esse

533 1813 714 1882 potius
765 1810 1098 1875 essentiam;
1148 1825 1328 1878 neque
1397 1811 1569 1864 Deum
1633 1827 1756 1867 esse
1811 1824 1872 1865 ut
1934 1828 2120 1868 essen-

531 1908 662 1962 tiam
687 1922 867 1970 suanl,
898 1906 968 1959 ita
1001 1904 1168 1959 etiam
1211 1904 1538 1973 sapientiam
1568 1920 1749 1972 suam,
1787 1905 1883 1962 sed
1943 1908 1997 1961 in
2049 1923 2119 1963 eo

530 2007 591 2052 ut
614 2000 668 2052 in
701 1997 990 2067 supposito
1028 2009 1288 2063 tanquam
1328 1995 1684 2052 artiﬁciosam
1717 1997 1874 2052 istam
1903 2000 2121 2069 sapien-

531 2090 660 2145 tiam
688 2089 740 2142 in
765 2091 956 2142 animo
1011 2088 1283 2140 humano?
1339 2087 1455 2142 Hoc
1511 2088 1656 2142 cnim
1717 2088 1894 2144 iacere
1948 2092 2115 2146 etiam

529 2195 764 2250 magnus
785 2178 1120 2234 Athanasius
1161 2179 1382 2246 regulas
1411 2189 1466 2232 et
1503 2180 1652 2248 leges
1701 2180 2119 2250 philosophicas

531 2270 783 2325 veritatis
818 2279 1042 2323 secutus
1101 2267 1260 2321 valde
1315 2276 1487 2331 vetat,
1532 2268 1837 2336 impietatis
1887 2271 2118 2337 partici-

531 2378 631 2431 pes
663 2361 844 2416 reddit
875 2369 1080 2414 sectam
1121 2375 1314 2413 eorum
1344 2368 1588 2424 secutos,
1627 2359 1723 2429 qui
1784 2361 1840 2414 in
1865 2361 1979 2414 Deo
2035 2361 2120 2416 di-

531 2461 658 2509 cant
679 2467 802 2506 esse
856 2451 1181 2520 sapientiam
1253 2458 1316 2502 ut
1367 2449 1616 2504 habitum
1667 2451 2012 2507 accidentem
2063 2462 2120 2508 et

534 2562 646 2601 non
685 2544 1050 2608 accidentem,
1086 2559 1263 2613 neque
1320 2559 1452 2596 vero
1487 2545 1666 2613 ipsum
1719 2559 1845 2599 esse
1902 2546 2119 2615 sapien-’

533 2639 686 2692 tiam.
716 2635 817 2690 llic
847 2636 1010 2704 igitur
1055 2650 1179 2688 cum
1241 2634 1511 2703 sapientia
1563 2634 1634 2688 sit
1667 2634 1892 2704 duplex,
1949 2639 2118 2690 altera

530 2743 729 2783 creans
767 2737 823 2782 et
860 2727 1031 2796 prima
1061 2736 1116 2780 et
1150 2725 1379 2791 faciens,
1415 2728 1585 2781 altera
1637 2737 1843 2789 creata,
1877 2727 2118 2796 itemque

531 2819 704 2872 altera
778 2815 1121 2885 excogitans,
1178 2817 1348 2869 altera
1409 2818 1736 2885 excogitata,
1794 2815 1920 2869 dein
1988 2818 2115 2871 item

529 2911 705 2962 altera
749 2921 1150 2977 progenerans,
1235 2906 1405 2960 altera
1480 2906 1697 2970 effecta,
1753 2907 2003 2975 sequitur
2060 2917 2120 2960 ut

530 3002 678 3056 illius
721 2999 944 3070 quidem
986 3000 1057 3053 sit
1089 2999 1304 3069 genitor
1334 3006 1390 3053 et
1425 2999 1585 3054 Pater
1614 2999 1781 3060 Deus,
1831 2997 1997 3068 hujus
2022 3014 2120 3052 au-

2219 525 2554 592 συνδεόμενα
2581 524 2764 593 σχέσει
2795 525 2996 593 ἄφετον
3024 525 3169 594 ἔχειν
3191 526 3398 594 οὐδαμῆ
3431 531 3776 598 συγχωρεῖται

2216 617 2316 682 τὴν
2339 617 2636 683 σημασίαν.
2675 617 2888 686 Ὥσπερ
2928 611 3022 668 οὖν
3065 616 3224 668 ούσία
3269 617 3296 666 ὁ
3338 617 3548 686 Πατὴρ,
3578 618 3725 668 οὐσία
3754 622 3778 670 ὁ

2218 709 2367 768 Υἱὸς.
2398 709 2555 762 οὐσία
2589 711 2649 760 τὸ
2683 707 2903 773 Πνεῦμα
2935 708 2996 759 τὸ
3032 712 3207 774 ἅγιον,
3240 705 3413 770 οὕτως
3455 708 3560 776 ἄρα
3586 710 3674 760 καὶ
3702 727 3778 761 σο-

2219 800 2318 869 φία
2359 801 2388 851 ὁ
2424 801 2634 868 Πατὴρ,
2669 799 2831 866 σοφία
2868 800 2895 850 ὁ
2949 797 3098 860 Υἱὸς,
3140 798 3302 865 σοφία
3347 797 3408 848 τὸ
3463 799 3680 867 Πνεῦμα
3726 801 3779 849 τὸ

2217 891 2374 958 ἅγιον
2393 906 2406 919 °
2437 889 2532 942 καὶ
2555 888 2690 956 ὁμοῦ
2720 888 2818 956 μία
2840 886 3000 953 σοφία
3023 885 3097 946 ὡς
3119 886 3216 953 μία
3239 885 3418 948 οὐσία,
3454 886 3546 936 καὶ
3566 883 3626 936 ού
3645 887 3779 953 τρεῖς

2221 982 2407 1050 σοφίαι
2437 979 2630 1049 ὥσπερ
2660 977 2780 1030 οὐδὲ
2814 981 2966 1048 τρεῖς
3017 975 3217 1030 οὐσίαι.
3250 975 3420 1028 Ὅταν
3470 975 3563 1029 οὖν
3599 979 3626 1028 ό
3666 976 3782 1039 Υἱὸς

2219 1073 2378 1142 λέγῃ,
2416 1090 2435 1122 ι
2479 1069 2624 1138 Ἐγώ
2653 1071 2770 1139 εἰμι
2801 1070 2834 1138 ἡ
2868 1067 3055 1137 σοφία,
3097 1085 3114 1117 ι
3161 1067 3256 1120 καὶ
3284 1067 3354 1120 αὖ
3383 1070 3410 1120 ό
3452 1068 3778 1132 Ἀπόστολος,

2225 1183 2244 1215 ι
2280 1163 2516 1234 Χριστὸς
2562 1161 2697 1214 Θεοῦ
2746 1159 2975 1227 δύναμις
3021 1161 3115 1213 καὶ
3153 1159 3290 1213 Θεοῦ
3346 1159 3529 1227 σοφία,
3564 1178 3582 1210 ι
3623 1161 3691 1222 ὡς
3724 1162 3782 1212 ὲκ

2228 1257 2440 1325 Πατρδς
2467 1257 2756 1325 δυνάμεως
2791 1255 2943 1318 ὄντος
2995 1255 3092 1308 καλ⁸
3133 1256 3325 1324 σοφίας
3355 1255 3578 1318 νοεῖται,
3609 1253 3783 1324 ὥσπερ

2221 1349 2336 1416 φῶς
2366 1350 2430 1401 ἐκ
2465 1348 2643 1417 φωτὸς
2666 1349 2763 1400 καὶ
2789 1346 2922 1409 Θεὸς
2961 1347 3026 1398 ἐκ
3053 1345 3212 1398 Θεοῦ.
3250 1347 3360 1398 Ποῦ
3396 1347 3575 1399 τοίνυν
3607 1347 3700 1400 οὐκ
3725 1347 3784 1400 ἂν

2222 1441 2473 1503 ἀσεϐείας
2513 1439 2727 1492 ἐλαύνοι
2767 1439 2859 1492 τὸν
2885 1437 3019 1490 Θεὸν
3048 1438 3377 1491 ὑποκεῖσθαι
3407 1439 3584 1507 λέγειν
3611 1442 3674 1509 τῇ
3707 1456 3784 1492 σο·

2223 1533 2324 1602 φίᾳ
2351 1532 2604 1599 καθάπερ
2633 1530 3027 1600 συμϐεϐηκότι,
3062 1531 3157 1582 καὶ
3191 1529 3267 1599 μὴ
3298 1528 3442 1582 εἶναι
3479 1530 3675 1600 μᾶλλον
3697 1531 3784 1599 τὴν

2225 1625 2420 1692 σοφίαν
2460 1623 2674 1686 οὐσίαν,
2707 1623 2846 1693 μηδὲ
2880 1623 2972 1675 τὸν
2997 1622 3130 1674 Θεὸν
3159 1617 3326 1684 εἶναι,
3360 1621 3551 1690 ὥσπερ
3581 1623 3675 1692 τὴν
3702 1625 3784 1674 ού-

2229 1715 2352 1767 σίαν
2386 1715 2572 1779 αὑτοῦ,
2609 1713 2752 1768 οὕτω
2780 1715 2875 1768 καὶ
2898 1715 2998 1784 τὴν
3023 1714 3218 1783 σοφίαν
3249 1714 3438 1780 αὑτοῦ,
3473 1713 3586 1768 ἀλλ’
3616 1715 3671 1766 ἐν
3699 1715 3786 1766 αύ-

2225 1807 2302 1875 τῷ
2317 1807 2392 1870 ὡς
2415 1810 2471 1859 ἐν
2502 1807 2870 1875 ὑποκειμένῳ,
2898 1807 3152 1879 καθάπερ
3175 1809 3276 1878 τὴν
3306 1807 3560 1878 τεχνικὴν
3574 1809 3784 1876 ταυτηνὶ

2225 1899 2422 1967 σοφίαν
2457 1899 2516 1951 έν
2537 1899 2852 1969 ἀνθρωπίνῃ
2875 1898 3062 1969 illum;
3093 1899 3269 1954 Τοῦτο
3311 1903 3420 1972 γὰρ
3449 1901 3544 1952 καὶ
3567 1903 3594 1954 ὁ
3627 1902 3784 1971 μέγας

2235 1991 2577 2055 ’ΔΘανάσιος,
2620 1991 2810 2044 κανόσι
2841 1993 2936 2046 καὶ
2959 1991 3147 2061 νόμοις
3174 1994 3622 2062 ὲπιστημονικοῖς
3661 1993 3781 2060 ἁληα

2224 2083 2373 2146 θείας
2409 2083 2698 2152 ἑπόμενος,
2725 2081 2843 2134 λίαν
2879 2083 3215 2154 ἀπαγορεύει
3249 2086 3346 2136 καὶ
3376 2086 3626 2148 ἀσεϐείας
3654 2087 3781 2138 ἀποο

2222 2177 2416 2246 κληροί
2441 2176 2763 2238 θιασώταις,
2796 2177 2928 2244 περὶ
2951 2176 3042 2229 τὸν
3072 2176 3204 2228 Θεὸν
3235 2170 3377 2229 εἶναι
3406 2177 3666 2242 φάσκουσι
3698 2177 3781 2245 τήν

2223 2267 2414 2334 σοφίαν
2443 2267 2518 2330 ὼς
2549 2265 2661 2330 ἕξιν
2689 2266 3104 2332 συμϐαίνουσαν
3129 2269 3226 2319 καὶ
3256 2266 3780 2335 ἀποσυμὸαίνουσανν

2223 2359 2318 2410 καὶ
2351 2356 2564 2424 οὐδαμῆ
2596 2371 2658 2422 γε
2706 2355 2906 2422 σοφίαν
2951 2355 3134 2408 αὐτόν.
3172 2356 3381 2424 Διπλῆς
3424 2357 3655 2410 ἐνταῦθα
3683 2374 3780 2408 τοι·

2221 2447 2429 2520 γαροῦν
2458 2448 2560 2518 τῆς
2587 2447 2781 2515 σοφίας
2812 2446 3002 2514 οὔσης,
3039 2447 3138 2513 τῆς
3169 2447 3269 2515 μὲν
3311 2447 3702 2519 δημιουργικῆς
3730 2465 3779 2498 τε

2221 2545 2314 2595 καὶ
2364 2541 2600 2610 ἀρχικῆς
2639 2541 2734 2593 καὶ
2790 2538 3104 2607 ποιητικῆς,
3135 2541 3234 2606 τῆς
3278 2540 3337 2592 δὲ
3367 2540 3781 2610 δημιουργουμέ-

2221 2651 2339 2704 νης,
2369 2632 2594 2701 καὶτῆς
2645 2633 2744 2702 μὲν
2774 2631 3126 2699 σοφιζούσης,
3179 2631 3280 2702 τῆξ
3324 2633 3383 2684 δὲ
3419 2633 3778 2701 σοφιζομένης,

2220 2727 2317 2778 κα)⁵
2345 2726 2442 2795 τῆς
2476 2724 2576 2793 μὲν
2621 2724 3000 2793 γεννωμένης,
3037 2723 3138 2792 τῆς
3167 2721 3225 2773 δὲ
3277 2724 3632 2793 ποιουμένης,
3664 2723 3780 2774 ἒπε-

2222 2835 2312 2869 ται
2340 2816 2438 2883 τῆς
2463 2813 2530 2885 [Γ.
2562 2815 2666 2869 152
2697 2811 2773 2884 r.]
2793 2813 2894 2884 μὲν
2926 2809 3066 2866 εἶναι
3097 2813 3404 2883 γεννήτορα
3433 2815 3524 2868 τὸν
3553 2813 3678 2867 Θεὸν
3698 2811 3780 2866 καὶ

2224 2909 2468 2977 Πατέρα,
2502 2907 2604 2972 τῆς
2634 2908 2690 2960 δὲ
2747 2908 2980 2978 ποιητὴν
3008 2910 3100 2959 καὶ
3144 2906 3510 2976 δημιουργὸν,
3536 2906 3626 2960 καὶ
3655 2901 3780 2960 εἶναι

2220 3002 2309 3054 διὰ
2338 2999 2513 3054 ταῦτα
2536 2999 2634 3052 καὶ
2669 2998 2873 3052 τούτων
2904 2999 3004 3068 τὴν
3048 2999 3147 3067 μὲν
3193 2999 3387 3053 οὐσίαν
3422 3000 3592 3054 ἀΐδιόν
3618 3018 3672 3053 τε
3698 3001 3780 3052 καὶ

531 3104 640 3147 tem
666 3091 860 3147 artifex
895 3101 952 3146 et
989 3099 1233 3155 creator,
1269 3098 1323 3142 et
1372 3099 1432 3143 ut
1469 3101 1759 3159 preptcrea
1801 3089 1995 3144 harum
2048 3090 2115 3145 sit

2222 3097 2496 3164 ἄτρεπτον
2523 3094 2618 3146 καὶ
2665 3091 2930 3160 ἀκίνητον
2962 3091 3093 3162 (δεῖν
3129 3091 3237 3163 γὰρ
3279 3087 3426 3146 εῖναι
3453 3094 3779 3148 παντάπασιν

529 3188 700 3241 altera
732 3183 981 3238 essentia
1017 3182 1353 3250 sempiterna
1380 3190 1436 3235 et
1479 3183 1704 3236 immota
1769 3190 1828 3237 et
1858 3182 2116 3236 immuta-

533 3275 681 3338 bilis,
725 3282 1127 3342 cu|110porteat
1167 3287 1295 3327 esse
1353 3273 1581 3326 omnino
1641 3272 1939 3328 essentiam
1993 3288 2117 3342 qua:

531 3367 791 3420 universa
817 3365 1052 3433 primum
1092 3373 1310 3417 moveat
1372 3364 1655 3418 immotam
1707 3372 1763 3418 et
1801 3378 1898 3432 per
1947 3379 2010 3418 se
2059 3373 2116 3418 et

532 3454 924 3525 peraccidens,
979 3454 1155 3508 altera
1212 3462 1394 3507 autem
1446 3470 1664 3523 semper
1715 3453 2000 3518 mutabilis
2062 3461 2117 3506 et

532 3549 751 3602 mobilis
781 3557 837 3600 et
901 3561 1121 3615 semper
1177 3554 1324 3599 mota
1374 3546 1680 3600 secundum
1742 3545 1956 3600 similes
2017 3544 2113 3613 qui

533 3642 588 3694 in
623 3641 957 3694 creationem
986 3651 1040 3692 et
1079 3641 1374 3694 essentiam
1407 3649 1464 3692 et
1513 3639 1768 3693 ordinem
1822 3637 1961 3692 liunt
1984 3653 2114 3707 pro-

533 3739 733 3785 ventus
761 3745 953 3784 eorum
980 3745 1102 3798 quae
1119 3728 1280 3799 335
1305 3728 1448 3798 apud
1483 3744 1584 3783 nos
1636 3737 1788 3792 sunt,
1845 3739 1900 3782 et
1932 3728 2107 3782 inter-

530 3823 662 3877 dum
707 3839 773 3878 es
811 3821 1041 3876 monade
1069 3822 1295 3875 delinita
1325 3821 1378 3874 in
1439 3819 1813 3875 multitudinis
1870 3819 2114 3874 infinita-

531 3925 641 3969 tem
699 3915 966 3984 procedat
1043 3914 1410 3976 indetinitatn;
1477 3911 1758 3966 interdum
1809 3921 1993 3966 autem
2048 3926 2115 3966 ex

532 4008 740 4061 unitate
764 4005 990 4060 delinita
1019 4009 1326 4060 secundum
1355 4005 1766 4074 Oppositiunem
1797 4005 1866 4057 ad
1926 4003 2115 4058 infini-

531 4108 700 4153 tatem
737 4097 1338 4152 recedatindelinitam.
1377 4094 1610 4149 Generis
1639 4095 1787 4150 enim
1826 4094 2114 4164 cujusdam

458 4193 464 4199 ’
527 4191 783 4245 obtinere
813 4198 870 4242 et
899 4189 1132 4242 rationis
1163 4188 1345 4242 locum
1380 4187 1548 4240 etiam
1582 4186 1941 4239 artiﬁciosam
1970 4185 2113 4238 hanc

529 4277 852 4345 sapientiam
885 4278 1146 4330 dixerunt
1176 4286 1390 4330 veteres
1408 4275 1720 4345 philOSOphi
1751 4285 1807 4329 et
1840 4274 2073 4344 theologi
2098 4291 2114 4338 ;

529 4379 698 4437 atque
730 4377 792 4422 ut
825 4384 1005 4438 neque
1048 4383 1220 4438 genus
1242 4369 1434 4423 abesse
1464 4378 1646 4438 potest
1679 4367 1750 4422 ab
1784 4367 1852 4421 iis
1877 4381 2113 4435 quarum

2217 3183 2317 3253 τὴν
2351 3183 2418 3236 τὰ
2473 3183 2653 3237 πάντα
2700 3183 2937 3253 πρώτως
2994 3183 3262 3235 κινοῦσαν
3319 3184 3510 3238 οὐσίαν
3545 3186 3779 3250 ἀκίνητον

2217 3273 2340 3328 καθ’
2373 3274 2508 3327 αὑτό
2542 3291 2601 3326 τε
2639 3272 2756 3342 ἆμα
2780 3273 2876 3326 καὶ
2907 3274 3048 3326 κατά
3078 3273 3480 3346 συμϐεὸηκὸς),
3521 3275 3618 3346 τὴν
3639 3277 3678 3327 δ’
3704 3275 3779 3326 ἀεὶ

2216 3368 2461 3438 τρεπτὴν
2509 3367 2604 3420 καὶ
2656 3367 2957 3436 ἀλλοιωτὴν
2989 3370 3083 3420 καὶ
3129 3369 3218 3421 ἀεὶ
3275 3369 3604 3441 κινουμένην
3655 3367 3780 3422 κατά

2217 3456 2315 3515 τὰς
2351 3457 2430 3517 είς
2481 3456 2698 3522 γένεσιν
2747 3455 2842 3507 καὶ
2873 3455 3130 3507 ούσίωσιν
3161 3458 3255 3508 καὶ
3298 3457 3463 3522 τάξιν
3505 3460 3780 3524 ἀναλόγους

2222 3548 2482 3619 προόδους
2513 3548 2621 3599 τῶν
2653 3546 2776 3600 καθ’
2800 3548 2973 3616 ἡμᾶς,
3004 3549 3099 3598 καὶ
3133 3547 3228 3600 νύν
3269 3550 3376 3618 μὲν
3401 3550 3460 3616 ἐξ
3491 3550 3777 3618 ὡρισμένης

2224 3640 2452 3707 μονάδος
2508 3641 2585 3702 είς
2637 3640 2878 3709 πλήθους
2927 3640 3187 3709 ἀπειρίαν
3216 3640 3481 3696 ἀνιοῦσαν
3530 3643 3777 3711 ἀόριστον,

2219 3733 2315 3785 νῦν
2345 3733 2391 3785 δ’
2422 3731 2480 3798 ἐξ
2511 3731 2828 3801 ὡρισμένης
2873 3731 3126 3800 ὁλότητος
3171 3733 3292 3784 κατ’
3343 3711 3778 3803 ἀντιπεπόνοησιν

2218 3826 2356 3895 πρὸς
2382 3826 2644 3894 ἀπειρίαν
2663 3823 2965 3877 κατιοῦσαν
2997 3826 3276 3895 ἀόριστον.
3303 3826 3508 3891 Γένους
3533 3829 3636 3897 γάρ
3652 3839 3780 3886 τινος

2219 3918 2441 3987 ἐπέχειν
2494 3917 2588 3969 καὶ
2640 3917 2783 3979 ἰδέας
2813 3918 2982 3968 τόπον
3013 3917 3108 3970 καὶ
3146 3918 3245 3985 τὴν
3299 3920 3558 3990 τεχνικὴν
3594 3919 3776 3986 ταύτην

2221 4009 2416 4076 σοφίαν
2444 4008 2658 4076 ἔφασαν
2704 4009 2754 4060 οἱ
2788 4009 2954 4062 πάλαι
2984 4009 3457 4080 φιλοσοφήσαντες
3487 4011 3579 4064 καὶ
3619 4008 3779 4062 θεολο-

2220 4103 2511 4170 γήσαντες.
2547 4101 2656 4154 Καὶ
2681 4101 2756 4163 ὡς
2789 4101 2914 4154 οὔτε
2941 4101 3004 4156 τὸ
3028 4103 3184 4171 γένος
3223 4104 3452 4157 ἀπεῖναι
3476 4103 3694 4158 δυνατὸν
3712 4095 3776 4152 ὧν

2219 4195 2334 4245 ἐστι
2359 4192 2515 4260 γένος
2547 4192 2704 4246 εἰδῶν
2735 4194 2828 4245 καὶ
2857 4194 3100 4262 ἀτόμων,
3147 4192 3261 4247 οὔτ’
3289 4190 3357 4249 αὖ
3400 4195 3498 4265 τὴν
3530 4194 3669 4248 ίδέαν
3701 4190 3778 4243 οὗ·

2219 4297 2320 4334 σαν
2347 4280 2535 4332 οὑσίαν
2560 4274 2636 4332 ὧν
2663 4282 2814 4332 ἐστιν
2844 4279 2959 4332 ἰδέα
2985 4284 3354 4352 πραγμάτων,
3377 4283 3546 4346 οὕτως
3564 4281 3676 4336 οὐδὲ
3696 4279 3777 4347 τὴν

2217 4371 2472 4442 τεχνικὴν
2507 4373 2702 4440 σοφίαν
2741 4375 2908 4442 χωρὶς
2943 4370 3088 4427 εἶναι
3129 4375 3238 4428 τῶν
3271 4378 3396 4430 καθ’
3440 4378 3642 4430 ἕκαστα
3673 4373 3778 4426 ταύ·

529 4471 616 4513 est
642 4459 1025 4527 genusformis
1053 4469 1110 4514 et
1133 4460 1353 4525 atomis,
1406 4474 1586 4529 neque
1637 4459 1777 4512 ratio
1837 4473 1960 4528 qua:
2024 4467 2113 4512 est

2219 4481 2318 4533 της
2375 4465 2531 4519 εἰδῶν
2567 4465 2662 4516 καὶ
2717 4466 2960 4534 ἀτόμων,
2996 4467 3058 4519 ού
3123 4469 3330 4537 μᾶλλόν
3370 4471 3420 4538 γ’
3451 4473 3517 4524 ἂν
3565 4471 3595 4540 ἢ
3629 4468 3689 4520 τὰ
3728 4467 3776 4516 ἐν

528 4551 769 4605 essentia
799 4551 868 4604 ab
909 4553 996 4618 iis,
1027 4566 1260 4618 quarum
1308 4559 1394 4605 est
1423 4552 1564 4604 ratio
1611 4549 1799 4614 rebus,
1832 4548 1909 4602 ita
1936 4563 2118 4617 neque

528 4643 883 4696 artiliciosem
922 4641 1248 4711 sapientiam
1277 4641 1587 4711 sejunctam
1643 4653 1766 4695 esse
1826 4654 1858 4694 a
1886 4640 2117 4710 quibus-

528 4750 638 4802 que
669 4734 829 4804 hujus
860 4732 1053 4787 ferinis
1076 4744 1132 4788 et
1161 4735 1361 4787 atomis
1400 4749 1414 4786 :
1448 4748 1560 4787 non
1587 4731 1759 4801 magis
1815 4747 1977 4802 quam
2019 4747 2114 4786 su-

532 4825 784 4893 perﬁcies
807 4841 1124 4894 corporum,
1147 4842 1285 4894 quas
1308 4835 1364 4879 et
1392 4825 1537 4894 ipsas
1560 4840 1670 4879 non
1701 4839 1822 4880 esse
1874 4842 2110 4896 unquam

533 4932 628 4982 per
655 4932 711 4969 se
740 4916 944 4969 scimus
983 4917 1100 4970 sive
1127 4917 1426 4985 suppositis
1459 4931 1696 4985 quorum
1750 4925 1880 4972 sunt
1923 4932 2114 4985 super-

531 5007 700 5058 ticies.
748 5006 951 5060 Omnes
973 5006 1141 5075 igitur
1167 5007 1413 5059 scientia:
1471 5013 1529 5059 et
1562 5014 1710 5059 artes
1739 5007 2020 5076 sapientes
2043 5024 2111 5063 ex

529 5100 633 5152 hac
684 5102 957 5169 sapientia
1021 5101 1322 5153 artiﬁciosa
1368 5099 1630 5168 pendent,
1695 5101 1847 5155 velut
1907 5101 2110 5156 diversi

525 5192 724 5246 radicis
775 5192 940 5246 unius
972 5191 1108 5245 rami
1157 5198 1253 5245 :et
1286 5201 1344 5244 ut
1375 5191 1522 5245 Deus
1573 5200 1658 5245 est
1696 5193 1946 5248 omnium
2007 5209 2112 5248 au-

523 5292 646 5338 ctor
677 5293 734 5339 et
790 5283 1108 5352 progenitor
1140 5322 1156 5346 ,
1197 5281 1273 5335 ita
1313 5281 1480 5335 etiam
1527 5281 1691 5353 hujus
1740 5297 1806 5338 ex
1862 5299 1968 5354 qua
2030 5283 2108 5338 illi

521 5377 788 5445 pendent.
819 5374 1186 5440 Quamobrem
1221 5372 1296 5426 ibi
1341 5373 1566 5443 quidem
1621 5377 1939 5446 conjunctio
1990 5392 2111 5430 mu-

525 5479 616 5522 tua
651 5475 708 5520 et
739 5467 934 5519 relatio
987 5468 1166 5520 locum
1234 5465 1452 5520 obtinet
1523 5478 1580 5521 ut
1641 5469 1920 5537 propriam
1994 5470 2102 5522 vim

521 5560 752 5612 omnino
773 5561 1044 5612 sinceram
1083 5568 1284 5621 servet,
1321 5575 1444 5613 cum
1471 5562 1584 5615 sint
1607 5562 1854 5632 ejusdem
1887 5564 2105 5631 generis

521 5651 650 5703 ctid
679 5650 822 5718 quod
849 5649 1119 5703 dividitur
1171 5662 1227 5704 et
1257 5666 1321 5705 ea
1392 5653 1445 5704 in
1494 5668 1614 5720 qua:
1664 5653 1972 5709 dividitur;
2017 5654 2104 5716 hic

516 5753 700 5796 autem
743 5743 832 5796 illa
863 5758 984 5795 cum
1023 5743 1132 5797 sint
1172 5761 1346 5814 usque
1398 5747 1462 5800 ad
1497 5747 1668 5799 solam
1725 5761 1912 5801 vocem
1967 5750 2100 5801 arti-

2221 4557 2444 4625 σώμασι
2484 4557 2780 4627 χρώματα,
2826 4558 2861 4611 ἂ
2896 4559 2989 4610 καὶ
3019 4559 3162 4614 αὐτὰ
3193 4561 3270 4630 μὴ
3313 4559 3452 4617 είναί
3499 4579 3625 4615 ποτε
3669 4557 3774 4611 καθ’

2217 4650 2361 4703 αύτά
2386 4649 2544 4718 ἴσμεν
2563 4650 2693 4703 ἄνευ
2712 4642 2788 4703 ὧν
2811 4651 2956 4703 ἐστιν
2977 4651 3362 4723 ὑποκειμένων
3379 4655 3657 4726 χρώματα.
3681 4651 3776 4704 Πᾶ-

2219 4758 2312 4794 σαι
2343 4741 2524 4794 τοίνυν
2557 4739 2862 4810 έπιστῆμαι
2885 4741 2981 4793 καὶ
3003 4743 3189 4812 τέχναι
3223 4749 3388 4811 σοφαὶ
3411 4746 3506 4815 τῆς
3540 4740 3773 4812 τεχνικῆς

2215 4833 2418 4902 ταύτης
2453 4834 2647 4900 σοφίας
2685 4832 3034 4903 ὲξήρτηνται,
3067 4835 3325 4905 καθάπερ
3367 4837 3597 4906 διάφορα
3637 4834 3773 4904 ῥίζης

2219 4925 2347 4994 μιᾶς
2377 4923 2761 4994 βλαστήματα.
2785 4927 2891 4978 Καὶ
2915 4925 3065 4978 ἐστιν
3095 4925 3287 4997 ὥσπερ
3306 4927 3512 4981 τούτων
3540 4927 3772 4980 ἁπάντων

2223 5018 2395 5078 αἴτιος
2416 5017 2508 5068 καὶ
2544 5017 2907 5086 προαγωγεὺς
2937 5018 2967 5069 ὁ
2986 5016 3140 5080 Θεὸς,
3165 5018 3309 5071 οὕτω
3341 5013 3437 5072 καὶ
3462 5018 3662 5085 ταύτης
3691 5009 3772 5078 ἀφ’

2213 5103 2279 5178 ἧς
2299 5110 2503 5161 ἐκεῖνα.
2519 5109 2721 5178 Διόπερ
2737 5111 2855 5162 ἐκεῖ
2878 5110 2979 5178 μὲν
3012 5109 3046 5178 ὴ
3070 5110 3298 5182 σχετικὴ
3326 5112 3591 5178 συνάφεια
3616 5106 3698 5161 καὶ
3717 5104 3771 5155 ἁ·

2213 5199 2424 5269 ναφορὰ
2470 5200 2658 5266 χώραν
2709 5198 2821 5270 ἔχει
2851 5199 2910 5252 τὸ
2950 5199 3151 5252 οἰκεῖον
3183 5199 3404 5271 ἀξίωμα
3450 5201 3771 5254 παντάπασιν

2213 5292 2592 5360 ἀκαπήλευτον
2610 5291 3031 5358 διασώζειν.ἇτε
3063 5295 3234 5348 όντων
3265 5295 3542 5364 ὁμογενῶν
3561 5288 3767 5360 ἀμφοῖν.

2211 5383 2304 5435 τοῦ
2331 5401 2386 5435 τε
2417 5383 2807 5454 διαιρουμένου
2823 5385 3077 5455 καὶπρὸς
3095 5385 3436 5458 ἀδιαιρεῖται
3458 5404 3472 5419 ο
3491 5382 3709 5439 ἐνταῦθα
3721 5377 3770 5431 δὲ

2215 5476 2378 5545 μέχρι
2423 5477 2592 5546 μάνης
2637 5477 2906 5547 ὲνὰρορου
2942 5479 3038 5532 καὶ
3083 5479 3432 5550 σημαντικῆς
3480 5479 3655 5546 φωνῆς
3691 5474 3769 5525 αἱ-

2211 5567 2371 5620 τιατὰ
2398 5567 2530 5622 ὄντα
2552 5569 2708 5622 αὐτὰ
2732 5570 2870 5639 πρὸς
2900 5570 2990 5623 τὸν
3021 5571 3202 5624 αὐτῶν
3225 5573 3398 5625 αἴτιον
3428 5572 3520 5624 καὶ
3562 5561 3766 5634 ποιητὴν

2212 5659 2307 5727 τὴν
2332 5661 2617 5729 ἀναφορὰν
2646 5662 3137 5717 ἀπευούνει.”Ωστε
3173 5665 3487 5717 διαϐάλλειν
3523 5663 3617 5732 μὲν
3659 5657 3764 5726 ἦκι·

2214 5768 2312 5804 στα
2339 5752 2558 5810 πάντων
2576 5753 2715 5818 ἐστὶ,
2741 5755 3039 5825 θαυμάζειν
3056 5757 3099 5808 δ’
3117 5753 3207 5809 οὖν
3231 5757 3377 5819 ἀξιον
3398 5759 3623 5826 μάλιστα
3653 5765 3765 5800 πανο
