  <div class='ocr_page' id='page_1' title='image "/cluster/home/n/w/nwhite01/storage/ocr_20150623/149:no.2/coo.31924054870542/156.png"; bbox 0 0 4034 6462; ppageno 0'>
   <div class='ocr_carea' id='block_1_1' title="bbox 272 345 382 409">
    <p class='ocr_par' dir='ltr' id='par_1_1' title="bbox 272 345 382 409">
     <span class='ocr_line' id='line_1_1' title="bbox 272 345 382 409; baseline -0.018 0"><span class='ocrx_word' id='word_1_1' title='bbox 272 345 382 409; x_wconf 76' lang='grc'><strong>29⁸1</strong></span> 
     </span>
    </p>
   </div>
   <div class='ocr_carea' id='block_1_2' title="bbox 1256 346 2549 410">
    <p class='ocr_par' dir='ltr' id='par_1_2' title="bbox 1256 346 2549 410">
     <span class='ocr_line' id='line_1_2' title="bbox 1256 346 2549 410; baseline 0.004 -6"><span class='ocrx_word' id='word_1_2' title='bbox 1256 346 1704 406; x_wconf 66' lang='grc' dir='ltr'><strong>ΒΥΖΑΝΤΙΝΙΕ</strong></span> <span class='ocrx_word' id='word_1_3' title='bbox 1742 346 2136 405; x_wconf 75' lang='lat' dir='ltr'><strong>HlSTURl/E</strong></span> <span class='ocrx_word' id='word_1_4' title='bbox 2176 347 2321 410; x_wconf 83' lang='lat' dir='ltr'><strong>LIB.</strong></span> <span class='ocrx_word' id='word_1_5' title='bbox 2365 348 2549 409; x_wconf 80' lang='lat' dir='ltr'><strong>XXX.</strong></span> 
     </span>
    </p>
   </div>
   <div class='ocr_carea' id='block_1_3' title="bbox 3409 350 3517 413">
    <p class='ocr_par' dir='ltr' id='par_1_3' title="bbox 3409 350 3517 413">
     <span class='ocr_line' id='line_1_3' title="bbox 3409 350 3517 413; baseline -0.009 -2"><span class='ocrx_word' id='word_1_6' title='bbox 3409 350 3517 413; x_wconf 66' lang='lat'><strong>£93</strong></span> 
     </span>
    </p>
   </div>
   <div class='ocr_carea' id='block_1_4' title="bbox 263 454 1839 528">
    <p class='ocr_par' dir='ltr' id='par_1_4' title="bbox 263 454 1833 528">
     <span class='ocr_line' id='line_1_4' title="bbox 263 454 1833 528; baseline -0.002 -15"><span class='ocrx_word' id='word_1_7' title='bbox 263 473 377 513; x_wconf 85' lang='grc' dir='ltr'><strong>των</strong></span> <span class='ocrx_word' id='word_1_8' title='bbox 408 454 666 527; x_wconf 76' lang='grc' dir='ltr'><strong>Μάξιμον</strong></span> <span class='ocrx_word' id='word_1_9' title='bbox 695 458 901 511; x_wconf 77' lang='grc' dir='ltr'><strong>ἐκεῖνον</strong></span> <span class='ocrx_word' id='word_1_10' title='bbox 921 457 1012 511; x_wconf 74' lang='grc' dir='ltr'><strong>τὸν</strong></span> <span class='ocrx_word' id='word_1_11' title='bbox 1037 455 1181 510; x_wconf 83' lang='grc' dir='ltr'>θεῖον</span> <span class='ocrx_word' id='word_1_12' title='bbox 1219 458 1324 528; x_wconf 78' lang='grc' dir='ltr'><strong>τῆς</strong></span> <span class='ocrx_word' id='word_1_13' title='bbox 1380 457 1664 522; x_wconf 79' lang='grc' dir='ltr'>εὐσεϐείας</span> <span class='ocrx_word' id='word_1_14' title='bbox 1689 457 1833 517; x_wconf 78' lang='grc' dir='ltr'><strong>δι.δᾶ-</strong></span> 
     </span>
    </p>
   </div>
   <div class='ocr_carea' id='block_1_5' title="bbox 1943 454 3515 528">
    <p class='ocr_par' dir='ltr' id='par_1_5' title="bbox 1943 455 3515 526">
     <span class='ocr_line' id='line_1_5' title="bbox 1943 455 3515 526; baseline 0.001 -16"><span class='ocrx_word' id='word_1_15' title='bbox 1943 458 2170 511; x_wconf 72' lang='grc' dir='ltr'><strong>ιιιιοτιιιη</strong></span> <span class='ocrx_word' id='word_1_16' title='bbox 2204 465 2258 510; x_wconf 90' lang='lat' dir='ltr'><strong>et</strong></span> <span class='ocrx_word' id='word_1_17' title='bbox 2289 455 2689 526; x_wconf 73' lang='lat' dir='ltr'><strong>significantem</strong></span> <span class='ocrx_word' id='word_1_18' title='bbox 2723 455 2942 519; x_wconf 78' lang='lat' dir='ltr'><strong>eﬂ‘ecta.</strong></span> <span class='ocrx_word' id='word_1_19' title='bbox 3003 457 3070 511; x_wconf 87' lang='lat' dir='ltr'><strong>ad</strong></span> <span class='ocrx_word' id='word_1_20' title='bbox 3124 467 3404 513; x_wconf 77' lang='lat' dir='ltr'><strong>auctorem</strong></span> <span class='ocrx_word' id='word_1_21' title='bbox 3461 469 3515 513; x_wconf 84' lang='lat' dir='ltr'><strong>et</strong></span> 
     </span>
    </p>
   </div>
   <div class='ocr_carea' id='block_1_6' title="bbox 263 544 1837 618">
    <p class='ocr_par' dir='ltr' id='par_1_6' title="bbox 263 544 1837 618">
     <span class='ocr_line' id='line_1_6' title="bbox 263 544 1837 618; baseline 0.001 -17"><span class='ocrx_word' id='word_1_22' title='bbox 263 547 488 609; x_wconf 78' lang='grc' dir='ltr'>(καλον,</span> <span class='ocrx_word' id='word_1_23' title='bbox 514 544 777 599; x_wconf 74' lang='grc' dir='ltr'><strong>κάλλιστα</strong></span> <span class='ocrx_word' id='word_1_24' title='bbox 795 547 1014 601; x_wconf 80' lang='grc' dir='ltr'><strong>πάντων</strong></span> <span class='ocrx_word' id='word_1_25' title='bbox 1046 546 1282 600; x_wconf 73' lang='grc' dir='ltr'>ἐνταῦθα</span> <span class='ocrx_word' id='word_1_26' title='bbox 1309 549 1439 617; x_wconf 76' lang='grc' dir='ltr'><strong>περὶ</strong></span> <span class='ocrx_word' id='word_1_27' title='bbox 1470 550 1663 618; x_wconf 85' lang='grc' dir='ltr'>σοφίας</span> <span class='ocrx_word' id='word_1_28' title='bbox 1687 549 1837 618; x_wconf 78' lang='grc' dir='ltr'><strong>φιλο-</strong></span> 
     </span>
    </p>
   </div>
   <div class='ocr_carea' id='block_1_7' title="bbox 267 634 1833 712">
    <p class='ocr_par' dir='ltr' id='par_1_7' title="bbox 267 634 1833 712">
     <span class='ocr_line' id='line_1_7' title="bbox 267 634 1833 712; baseline 0 -19"><span class='ocrx_word' id='word_1_29' title='bbox 267 639 605 709; x_wconf 84' lang='grc' dir='ltr'>σοφήσαντα,</span> <span class='ocrx_word' id='word_1_30' title='bbox 652 641 747 691; x_wconf 78' lang='grc' dir='ltr'><strong>καὶ</strong></span> <span class='ocrx_word' id='word_1_31' title='bbox 794 634 1039 694; x_wconf 79' lang='grc' dir='ltr'><strong>διελόντα</strong></span> <span class='ocrx_word' id='word_1_32' title='bbox 1088 639 1280 707; x_wconf 80' lang='grc' dir='ltr'>σαφῶς</span> <span class='ocrx_word' id='word_1_33' title='bbox 1325 641 1585 712; x_wconf 75' lang='grc' dir='ltr'>ὲκᾶτερα,</span> <span class='ocrx_word' id='word_1_34' title='bbox 1638 643 1735 712; x_wconf 80' lang='grc' dir='ltr'><strong>τήν</strong></span> <span class='ocrx_word' id='word_1_35' title='bbox 1774 657 1833 693; x_wconf 88' lang='grc' dir='ltr'><strong>τε</strong></span> 
     </span>
    </p>
   </div>
   <div class='ocr_carea' id='block_1_8' title="bbox 268 725 1832 806">
    <p class='ocr_par' dir='ltr' id='par_1_8' title="bbox 268 725 1832 806">
     <span class='ocr_line' id='line_1_8' title="bbox 268 725 1832 806; baseline -0.001 -20"><span class='ocrx_word' id='word_1_36' title='bbox 268 733 462 802; x_wconf 78' lang='grc' dir='ltr'><strong>σοφίαν</strong></span> <span class='ocrx_word' id='word_1_37' title='bbox 487 732 588 800; x_wconf 80' lang='grc' dir='ltr'><strong>τὴν</strong></span> <span class='ocrx_word' id='word_1_38' title='bbox 613 731 887 797; x_wconf 78' lang='grc' dir='ltr'><strong>ἄκτιστον,</strong></span> <span class='ocrx_word' id='word_1_39' title='bbox 922 731 989 786; x_wconf 88' lang='grc' dir='ltr'><strong>δι’</strong></span> <span class='ocrx_word' id='word_1_40' title='bbox 1012 725 1081 803; x_wconf 77' lang='grc' dir='ltr'><strong>ἧς</strong></span> <span class='ocrx_word' id='word_1_41' title='bbox 1123 733 1216 786; x_wconf 77' lang='grc' dir='ltr'>καὶ</span> <span class='ocrx_word' id='word_1_42' title='bbox 1238 734 1298 786; x_wconf 76' lang='grc' dir='ltr'><strong>ὶν</strong></span> <span class='ocrx_word' id='word_1_43' title='bbox 1332 727 1366 806; x_wconf 81' lang='grc' dir='ltr'>ᾖ</span> <span class='ocrx_word' id='word_1_44' title='bbox 1414 733 1484 786; x_wconf 83' lang='grc' dir='ltr'><strong>τὰ</strong></span> <span class='ocrx_word' id='word_1_45' title='bbox 1515 732 1699 786; x_wconf 84' lang='grc' dir='ltr'><strong>πάντα</strong></span> <span class='ocrx_word' id='word_1_46' title='bbox 1740 733 1832 800; x_wconf 72' lang='grc' dir='ltr'><strong>γέ-</strong></span> 
     </span>
    </p>
   </div>
   <div class='ocr_carea' id='block_1_9' title="bbox 267 817 1832 889">
    <p class='ocr_par' dir='ltr' id='par_1_9' title="bbox 267 817 1832 889">
     <span class='ocr_line' id='line_1_9' title="bbox 267 817 1832 889; baseline -0.001 -17"><span class='ocrx_word' id='word_1_47' title='bbox 267 836 418 889; x_wconf 82' lang='grc' dir='ltr'>γονε,</span> <span class='ocrx_word' id='word_1_48' title='bbox 449 819 541 873; x_wconf 77' lang='grc' dir='ltr'>καὶ</span> <span class='ocrx_word' id='word_1_49' title='bbox 568 817 634 872; x_wconf 80' lang='grc' dir='ltr'><strong>αὖ</strong></span> <span class='ocrx_word' id='word_1_50' title='bbox 659 818 757 886; x_wconf 82' lang='grc' dir='ltr'><strong>τὴν</strong></span> <span class='ocrx_word' id='word_1_51' title='bbox 792 818 885 871; x_wconf 85' lang='grc' dir='ltr'><strong>ὐπ’</strong></span> <span class='ocrx_word' id='word_1_52' title='bbox 919 819 1092 888; x_wconf 83' lang='grc' dir='ltr'><strong>αὐτῆς</strong></span> <span class='ocrx_word' id='word_1_53' title='bbox 1119 821 1215 872; x_wconf 77' lang='grc' dir='ltr'>καὶ</span> <span class='ocrx_word' id='word_1_54' title='bbox 1243 819 1310 874; x_wconf 86' lang='grc' dir='ltr'><strong>δι’</strong></span> <span class='ocrx_word' id='word_1_55' title='bbox 1343 820 1518 889; x_wconf 84' lang='grc' dir='ltr'>αὐτῆς</span> <span class='ocrx_word' id='word_1_56' title='bbox 1555 835 1832 889; x_wconf 81' lang='grc' dir='ltr'><strong>συνυφαν-</strong></span> 
     </span>
    </p>
   </div>
   <div class='ocr_carea' id='block_1_10' title="bbox 267 910 1832 982">
    <p class='ocr_par' dir='ltr' id='par_1_10' title="bbox 267 910 1832 982">
     <span class='ocr_line' id='line_1_10' title="bbox 267 910 1832 982; baseline -0.001 -18"><span class='ocrx_word' id='word_1_57' title='bbox 267 912 455 965; x_wconf 78' lang='grc' dir='ltr'>θεῖσαν</span> <span class='ocrx_word' id='word_1_58' title='bbox 507 910 603 963; x_wconf 76' lang='grc' dir='ltr'>καὶ</span> <span class='ocrx_word' id='word_1_59' title='bbox 644 910 994 964; x_wconf 74' lang='grc' dir='ltr'><strong>συντεθεῖσαν</strong></span> <span class='ocrx_word' id='word_1_60' title='bbox 1028 910 1244 981; x_wconf 77' lang='grc' dir='ltr'>οὐρανῷ</span> <span class='ocrx_word' id='word_1_61' title='bbox 1301 912 1396 965; x_wconf 81' lang='grc' dir='ltr'><strong>καὶ</strong></span> <span class='ocrx_word' id='word_1_62' title='bbox 1444 914 1514 982; x_wconf 84' lang='grc' dir='ltr'><strong>γῇ</strong></span> <span class='ocrx_word' id='word_1_63' title='bbox 1560 913 1656 966; x_wconf 76' lang='grc' dir='ltr'>καὶ</span> <span class='ocrx_word' id='word_1_64' title='bbox 1700 912 1832 964; x_wconf 79' lang='grc' dir='ltr'><strong>πᾶσι</strong></span> 
     </span>
    </p>
   </div>
   <div class='ocr_carea' id='block_1_11' title="bbox 264 1001 1834 1073">
    <p class='ocr_par' dir='ltr' id='par_1_11' title="bbox 264 1001 1834 1073">
     <span class='ocr_line' id='line_1_11' title="bbox 264 1001 1834 1073; baseline 0 -19"><span class='ocrx_word' id='word_1_65' title='bbox 264 1001 529 1071; x_wconf 81' lang='grc' dir='ltr'><strong>τεχνικῶς</strong></span> <span class='ocrx_word' id='word_1_66' title='bbox 548 1017 606 1053; x_wconf 88' lang='grc' dir='ltr'><strong>τε</strong></span> <span class='ocrx_word' id='word_1_67' title='bbox 623 1002 714 1055; x_wconf 74' lang='grc' dir='ltr'>καὶ</span> <span class='ocrx_word' id='word_1_68' title='bbox 732 1002 911 1071; x_wconf 82' lang='grc' dir='ltr'><strong>σοφῶς</strong></span> <span class='ocrx_word' id='word_1_69' title='bbox 931 1005 1043 1064; x_wconf 77' lang='grc' dir='ltr'><strong>τοῖς</strong></span> <span class='ocrx_word' id='word_1_70' title='bbox 1071 1002 1358 1073; x_wconf 77' lang='grc' dir='ltr'><strong>κτίσμασι,</strong></span> <span class='ocrx_word' id='word_1_71' title='bbox 1386 1003 1548 1073; x_wconf 78' lang='grc' dir='ltr'><strong>ψιλὴν</strong></span> <span class='ocrx_word' id='word_1_72' title='bbox 1576 1001 1676 1056; x_wconf 77' lang='grc' dir='ltr'><strong>καὶ</strong></span> <span class='ocrx_word' id='word_1_73' title='bbox 1705 1004 1834 1054; x_wconf 87' lang='grc' dir='ltr'><strong>ἀνυ-</strong></span> 
     </span>
    </p>
   </div>
   <div class='ocr_carea' id='block_1_12' title="bbox 269 1092 1481 1164">
    <p class='ocr_par' dir='ltr' id='par_1_12' title="bbox 269 1092 1481 1164">
     <span class='ocr_line' id='line_1_12' title="bbox 269 1092 1481 1164; baseline 0.002 -17"><span class='ocrx_word' id='word_1_74' title='bbox 269 1097 531 1147; x_wconf 82' lang='grc' dir='ltr'><strong>πόστατον</strong></span> <span class='ocrx_word' id='word_1_75' title='bbox 559 1098 801 1162; x_wconf 81' lang='grc' dir='ltr'><strong>φάμενον</strong></span> <span class='ocrx_word' id='word_1_76' title='bbox 859 1092 982 1147; x_wconf 79' lang='grc' dir='ltr'>καθ’</span> <span class='ocrx_word' id='word_1_77' title='bbox 1006 1092 1175 1164; x_wconf 79' lang='grc' dir='ltr'>αὐτὴν</span> <span class='ocrx_word' id='word_1_78' title='bbox 1212 1097 1481 1150; x_wconf 78' lang='grc' dir='ltr'><strong>ἐπίνοιαν.</strong></span> 
     </span>
    </p>
   </div>
   <div class='ocr_carea' id='block_1_13' title="bbox 1946 546 3516 611">
    <p class='ocr_par' dir='ltr' id='par_1_13' title="bbox 1946 546 3516 611">
     <span class='ocr_line' id='line_1_13' title="bbox 1946 546 3516 611; baseline 0.001 -11"><span class='ocrx_word' id='word_1_79' title='bbox 1946 556 2253 600; x_wconf 82' lang='lat' dir='ltr'><strong>creatorum</strong></span> <span class='ocrx_word' id='word_1_80' title='bbox 2303 546 2626 601; x_wconf 88' lang='lat' dir='ltr'><strong>relationem</strong></span> <span class='ocrx_word' id='word_1_81' title='bbox 2656 546 3005 611; x_wconf 77' lang='lat' dir='ltr'><strong>&#39;adrertunt,</strong></span> <span class='ocrx_word' id='word_1_82' title='bbox 3067 548 3138 600; x_wconf 82' lang='lat' dir='ltr'><strong>ita</strong></span> <span class='ocrx_word' id='word_1_83' title='bbox 3190 556 3251 603; x_wconf 90' lang='lat' dir='ltr'><strong>ut</strong></span> <span class='ocrx_word' id='word_1_84' title='bbox 3292 549 3516 603; x_wconf 92' lang='lat' dir='ltr'><strong>omnino</strong></span> 
     </span>
    </p>
   </div>
   <div class='ocr_carea' id='block_1_14' title="bbox 1944 633 3519 707">
    <p class='ocr_par' dir='ltr' id='par_1_14' title="bbox 1944 633 3519 707">
     <span class='ocr_line' id='line_1_14' title="bbox 1944 633 3519 707; baseline 0.003 -19"><span class='ocrx_word' id='word_1_85' title='bbox 1944 652 2052 689; x_wconf 88' lang='lat' dir='ltr'><strong>non</strong></span> <span class='ocrx_word' id='word_1_86' title='bbox 2080 635 2380 690; x_wconf 84' lang='lat' dir='ltr'><strong>debeamus</strong></span> <span class='ocrx_word' id='word_1_87' title='bbox 2396 633 2696 699; x_wconf 83' lang='lat' dir='ltr'><strong>criminari,</strong></span> <span class='ocrx_word' id='word_1_88' title='bbox 2744 636 2839 690; x_wconf 88' lang='lat' dir='ltr'><strong>sed</strong></span> <span class='ocrx_word' id='word_1_89' title='bbox 2867 636 3102 691; x_wconf 82' lang='lat' dir='ltr'><strong>maxime</strong></span> <span class='ocrx_word' id='word_1_90' title='bbox 3146 636 3310 707; x_wconf 78' lang='grc'><strong>336</strong></span> <span class='ocrx_word' id='word_1_91' title='bbox 3342 638 3519 693; x_wconf 87' lang='lat' dir='ltr'><strong>admi—</strong></span> 
     </span>
    </p>
   </div>
   <div class='ocr_carea' id='block_1_15' title="bbox 1944 727 3515 797">
    <p class='ocr_par' dir='ltr' id='par_1_15' title="bbox 1944 727 3515 797">
     <span class='ocr_line' id='line_1_15' title="bbox 1944 727 3515 797; baseline 0.001 -16"><span class='ocrx_word' id='word_1_92' title='bbox 1944 728 2056 783; x_wconf 89' lang='lat' dir='ltr'><strong>rari</strong></span> <span class='ocrx_word' id='word_1_93' title='bbox 2078 727 2368 782; x_wconf 80' lang='lat' dir='ltr'><strong>Maximum</strong></span> <span class='ocrx_word' id='word_1_94' title='bbox 2394 727 2546 781; x_wconf 90' lang='lat' dir='ltr'><strong>illum</strong></span> <span class='ocrx_word' id='word_1_95' title='bbox 2572 727 2819 781; x_wconf 88' lang='lat' dir='ltr'><strong>divinum</strong></span> <span class='ocrx_word' id='word_1_96' title='bbox 2851 727 3072 796; x_wconf 88' lang='lat' dir='ltr'><strong>pietatis</strong></span> <span class='ocrx_word' id='word_1_97' title='bbox 3097 738 3515 797; x_wconf 85' lang='lat' dir='ltr'><strong>praeceptorem,</strong></span> 
     </span>
    </p>
   </div>
   <div class='ocr_carea' id='block_1_16' title="bbox 1941 816 3522 889">
    <p class='ocr_par' dir='ltr' id='par_1_16' title="bbox 1941 816 3522 889">
     <span class='ocr_line' id='line_1_16' title="bbox 1941 816 3522 889; baseline 0.002 -19"><span class='ocrx_word' id='word_1_98' title='bbox 1941 816 2086 887; x_wconf 88' lang='lat' dir='ltr'><strong>quod</strong></span> <span class='ocrx_word' id='word_1_99' title='bbox 2114 816 2490 886; x_wconf 87' lang='lat' dir='ltr'><strong>pulcherrime</strong></span> <span class='ocrx_word' id='word_1_100' title='bbox 2523 816 2768 870; x_wconf 88' lang='lat' dir='ltr'><strong>omnium</strong></span> <span class='ocrx_word' id='word_1_101' title='bbox 2802 817 2896 873; x_wconf 87' lang='lat' dir='ltr'><strong>hic</strong></span> <span class='ocrx_word' id='word_1_102' title='bbox 2926 821 2993 872; x_wconf 92' lang='lat' dir='ltr'><strong>de</strong></span> <span class='ocrx_word' id='word_1_103' title='bbox 3041 817 3313 888; x_wconf 84' lang='lat' dir='ltr'><strong>sapientia</strong></span> <span class='ocrx_word' id='word_1_104' title='bbox 3342 819 3522 889; x_wconf 84' lang='lat' dir='ltr'><strong>philo-</strong></span> 
     </span>
    </p>
   </div>
   <div class='ocr_carea' id='block_1_17' title="bbox 1941 910 3520 979">
    <p class='ocr_par' dir='ltr' id='par_1_17' title="bbox 1941 910 3520 979">
     <span class='ocr_line' id='line_1_17' title="bbox 1941 910 3520 979; baseline 0.002 -15"><span class='ocrx_word' id='word_1_105' title='bbox 1941 911 2308 979; x_wconf 88' lang='lat' dir='ltr'><strong>sopbatusest</strong></span> <span class='ocrx_word' id='word_1_106' title='bbox 2338 919 2393 962; x_wconf 91' lang='lat' dir='ltr'><strong>et</strong></span> <span class='ocrx_word' id='word_1_107' title='bbox 2418 910 2698 978; x_wconf 85' lang='lat' dir='ltr'><strong>sapienter</strong></span> <span class='ocrx_word' id='word_1_108' title='bbox 2754 918 3054 979; x_wconf 84' lang='lat' dir='ltr'><strong>utrumque</strong></span> <span class='ocrx_word' id='word_1_109' title='bbox 3108 913 3367 977; x_wconf 72' lang='lat' dir='ltr'><strong>secrevit,</strong></span> <span class='ocrx_word' id='word_1_110' title='bbox 3430 928 3520 967; x_wconf 63' lang='grc' dir='ltr'><strong>επις</strong></span> 
     </span>
    </p>
   </div>
   <div class='ocr_carea' id='block_1_18' title="bbox 1940 999 3517 1070">
    <p class='ocr_par' dir='ltr' id='par_1_18' title="bbox 1940 999 3517 1070">
     <span class='ocr_line' id='line_1_18' title="bbox 1940 999 3517 1070; baseline 0.001 -18"><span class='ocrx_word' id='word_1_111' title='bbox 1940 1001 2204 1070; x_wconf 88' lang='lat' dir='ltr'><strong>pientiam</strong></span> <span class='ocrx_word' id='word_1_112' title='bbox 2231 999 2491 1053; x_wconf 83' lang='lat' dir='ltr'><strong>nimirum</strong></span> <span class='ocrx_word' id='word_1_113' title='bbox 2524 999 2854 1062; x_wconf 87' lang='lat' dir='ltr'><strong>increatam,</strong></span> <span class='ocrx_word' id='word_1_114' title='bbox 2903 1015 3009 1068; x_wconf 87' lang='lat' dir='ltr'><strong>qua</strong></span> <span class='ocrx_word' id='word_1_115' title='bbox 3058 1009 3114 1054; x_wconf 90' lang='lat' dir='ltr'><strong>et</strong></span> <span class='ocrx_word' id='word_1_116' title='bbox 3142 999 3195 1054; x_wconf 89' lang='lat' dir='ltr'><strong>in</strong></span> <span class='ocrx_word' id='word_1_117' title='bbox 3225 1016 3327 1070; x_wconf 79' lang='lat' dir='ltr'><strong>qua</strong></span> <span class='ocrx_word' id='word_1_118' title='bbox 3388 1002 3517 1056; x_wconf 82' lang='lat' dir='ltr'><strong>uni-</strong></span> 
     </span>
    </p>
   </div>
   <div class='ocr_carea' id='block_1_19' title="bbox 1941 1091 3520 1164">
    <p class='ocr_par' dir='ltr' id='par_1_19' title="bbox 1941 1091 3520 1164">
     <span class='ocr_line' id='line_1_19' title="bbox 1941 1091 3520 1164; baseline 0.001 -18"><span class='ocrx_word' id='word_1_119' title='bbox 1941 1106 2099 1146; x_wconf 84' lang='lat' dir='ltr'><strong>versa</strong></span> <span class='ocrx_word' id='word_1_120' title='bbox 2121 1091 2262 1147; x_wconf 87' lang='lat' dir='ltr'><strong>facta</strong></span> <span class='ocrx_word' id='word_1_121' title='bbox 2292 1098 2442 1154; x_wconf 89' lang='lat' dir='ltr'><strong>sunt,</strong></span> <span class='ocrx_word' id='word_1_122' title='bbox 2491 1100 2541 1145; x_wconf 90' lang='lat' dir='ltr'><strong>et</strong></span> <span class='ocrx_word' id='word_1_123' title='bbox 2597 1107 2792 1146; x_wconf 84' lang='lat' dir='ltr'><strong>rursus</strong></span> <span class='ocrx_word' id='word_1_124' title='bbox 2843 1092 3071 1146; x_wconf 84' lang='lat' dir='ltr'><strong>alteram</strong></span> <span class='ocrx_word' id='word_1_125' title='bbox 3108 1093 3177 1146; x_wconf 88' lang='lat' dir='ltr'><strong>ab</strong></span> <span class='ocrx_word' id='word_1_126' title='bbox 3219 1109 3281 1148; x_wconf 92' lang='lat' dir='ltr'><strong>ea</strong></span> <span class='ocrx_word' id='word_1_127' title='bbox 3317 1105 3374 1149; x_wconf 91' lang='lat' dir='ltr'><strong>et</strong></span> <span class='ocrx_word' id='word_1_128' title='bbox 3418 1110 3520 1164; x_wconf 82' lang='lat' dir='ltr'><strong>per</strong></span> 
     </span>
    </p>
   </div>
   <div class='ocr_carea' id='block_1_20' title="bbox 271 1186 3521 1258">
    <p class='ocr_par' dir='ltr' id='par_1_20' title="bbox 271 1186 3521 1258">
     <span class='ocr_line' id='line_1_20' title="bbox 271 1186 3521 1258; baseline 0.002 -19"><span class='ocrx_word' id='word_1_129' title='bbox 271 1206 387 1243; x_wconf 70' lang='lat' dir='ltr'><strong>eam</strong></span> <span class='ocrx_word' id='word_1_130' title='bbox 425 1189 688 1243; x_wconf 80' lang='lat' dir='ltr'><strong>intextam</strong></span> <span class='ocrx_word' id='word_1_131' title='bbox 751 1196 808 1243; x_wconf 90' lang='lat' dir='ltr'><strong>et</strong></span> <span class='ocrx_word' id='word_1_132' title='bbox 840 1189 1202 1258; x_wconf 82' lang='lat' dir='ltr'><strong>compositam</strong></span> <span class='ocrx_word' id='word_1_133' title='bbox 1235 1190 1378 1245; x_wconf 75' lang='lat' dir='ltr'><strong>cmlo</strong></span> <span class='ocrx_word' id='word_1_134' title='bbox 1440 1201 1496 1245; x_wconf 92' lang='lat' dir='ltr'><strong>et</strong></span> <span class='ocrx_word' id='word_1_135' title='bbox 1529 1198 1685 1245; x_wconf 68' lang='lat' dir='ltr'><strong>terrae</strong></span> <span class='ocrx_word' id='word_1_136' title='bbox 1728 1197 1785 1243; x_wconf 92' lang='lat' dir='ltr'><strong>et</strong></span> <span class='ocrx_word' id='word_1_137' title='bbox 1843 1186 2104 1241; x_wconf 84' lang='lat' dir='ltr'><strong>omnibus</strong></span> <span class='ocrx_word' id='word_1_138' title='bbox 2154 1186 2358 1241; x_wconf 83' lang='lat' dir='ltr'><strong>creatis</strong></span> <span class='ocrx_word' id='word_1_139' title='bbox 2412 1187 2710 1243; x_wconf 73' lang='lat' dir='ltr'><strong>artiﬁciose</strong></span> <span class='ocrx_word' id='word_1_140' title='bbox 2770 1200 2828 1242; x_wconf 89' lang='lat' dir='ltr'><strong>et</strong></span> <span class='ocrx_word' id='word_1_141' title='bbox 2880 1188 3158 1257; x_wconf 86' lang='lat' dir='ltr'><strong>sapienter</strong></span> <span class='ocrx_word' id='word_1_142' title='bbox 3226 1204 3389 1257; x_wconf 88' lang='lat' dir='ltr'><strong>quam</strong></span> <span class='ocrx_word' id='word_1_143' title='bbox 3441 1200 3521 1246; x_wconf 89' lang='lat' dir='ltr'><strong>te-</strong></span> 
     </span>
    </p>
   </div>
   <div class='ocr_carea' id='block_1_21' title="bbox 273 1279 2100 1358">
    <p class='ocr_par' dir='ltr' id='par_1_21' title="bbox 273 1279 2100 1358">
     <span class='ocr_line' id='line_1_21' title="bbox 273 1279 2100 1358; baseline -0.002 -24"><span class='ocrx_word' id='word_1_144' title='bbox 273 1296 432 1337; x_wconf 89' lang='lat' dir='ltr'><strong>nuem</strong></span> <span class='ocrx_word' id='word_1_145' title='bbox 475 1281 611 1335; x_wconf 86' lang='lat' dir='ltr'><strong>dicit</strong></span> <span class='ocrx_word' id='word_1_146' title='bbox 671 1287 729 1335; x_wconf 88' lang='lat' dir='ltr'><strong>et</strong></span> <span class='ocrx_word' id='word_1_147' title='bbox 767 1279 1077 1336; x_wconf 87' lang='lat' dir='ltr'><strong>substantia</strong></span> <span class='ocrx_word' id='word_1_148' title='bbox 1142 1292 1424 1338; x_wconf 85' lang='lat' dir='ltr'><strong>carentem</strong></span> <span class='ocrx_word' id='word_1_149' title='bbox 1460 1298 1559 1358; x_wconf 79' lang='lat' dir='ltr'><strong>per</strong></span> <span class='ocrx_word' id='word_1_150' title='bbox 1606 1297 1668 1339; x_wconf 85' lang='lat' dir='ltr'><strong>se</strong></span> <span class='ocrx_word' id='word_1_151' title='bbox 1691 1279 2100 1352; x_wconf 79' lang='lat' dir='ltr'><strong>cogitationem.</strong></span> 
     </span>
    </p>
   </div>
   <div class='ocr_carea' id='block_1_22' title="bbox 347 1377 1831 1447">
    <p class='ocr_par' dir='ltr' id='par_1_22' title="bbox 347 1377 1831 1447">
     <span class='ocr_line' id='line_1_22' title="bbox 347 1377 1831 1447; baseline 0 -15"><span class='ocrx_word' id='word_1_152' title='bbox 347 1377 474 1432; x_wconf 70' lang='lat' dir='ltr'><strong>KB&#39;.</strong></span> <span class='ocrx_word' id='word_1_153' title='bbox 527 1378 649 1431; x_wconf 75' lang='grc' dir='ltr'><strong>Ἐπὶ</strong></span> <span class='ocrx_word' id='word_1_154' title='bbox 691 1377 756 1447; x_wconf 76' lang='grc' dir='ltr'><strong>δὴ</strong></span> <span class='ocrx_word' id='word_1_155' title='bbox 785 1377 998 1441; x_wconf 80' lang='grc' dir='ltr'><strong>τούτοις</strong></span> <span class='ocrx_word' id='word_1_156' title='bbox 1039 1378 1134 1432; x_wconf 75' lang='grc' dir='ltr'><strong>καὶ</strong></span> <span class='ocrx_word' id='word_1_157' title='bbox 1173 1382 1287 1443; x_wconf 81' lang='grc' dir='ltr'><strong>τοῖς</strong></span> <span class='ocrx_word' id='word_1_158' title='bbox 1336 1379 1603 1443; x_wconf 79' lang='grc' dir='ltr'><strong>τοιούτοις</strong></span> <span class='ocrx_word' id='word_1_159' title='bbox 1661 1379 1831 1441; x_wconf 84' lang='grc' dir='ltr'><strong>πολὺς</strong></span> 
     </span>
    </p>
   </div>
   <div class='ocr_carea' id='block_1_23' title="bbox 2014 1374 3514 1449">
    <p class='ocr_par' dir='ltr' id='par_1_23' title="bbox 2014 1374 3514 1449">
     <span class='ocr_line' id='line_1_23' title="bbox 2014 1374 3514 1449; baseline 0.003 -20"><span class='ocrx_word' id='word_1_160' title='bbox 2014 1374 2211 1431; x_wconf 76' lang='lat' dir='ltr'><strong>XXIX.</strong></span> <span class='ocrx_word' id='word_1_161' title='bbox 2270 1377 2351 1431; x_wconf 84' lang='lat' dir='ltr'><strong>Ad</strong></span> <span class='ocrx_word' id='word_1_162' title='bbox 2382 1378 2496 1432; x_wconf 78' lang='lat' dir='ltr'><strong>lure</strong></span> <span class='ocrx_word' id='word_1_163' title='bbox 2523 1387 2576 1432; x_wconf 86' lang='lat' dir='ltr'><strong>et</strong></span> <span class='ocrx_word' id='word_1_164' title='bbox 2608 1378 2735 1432; x_wconf 88' lang='lat' dir='ltr'><strong>talia</strong></span> <span class='ocrx_word' id='word_1_165' title='bbox 2778 1377 2974 1431; x_wconf 66' lang='lat' dir='ltr'><strong>deinde</strong></span> <span class='ocrx_word' id='word_1_166' title='bbox 3013 1378 3284 1449; x_wconf 75' lang='lat' dir='ltr'><strong>Gregoras</strong></span> <span class='ocrx_word' id='word_1_167' title='bbox 3314 1381 3514 1436; x_wconf 83' lang='lat' dir='ltr'><strong>multas</strong></span> 
     </span>
    </p>
   </div>
   <div class='ocr_carea' id='block_1_24' title="bbox 268 1466 1839 1543">
    <p class='ocr_par' dir='ltr' id='par_1_24' title="bbox 268 1469 1831 1543">
     <span class='ocr_line' id='line_1_24' title="bbox 268 1469 1831 1543; baseline -0.001 -19"><span class='ocrx_word' id='word_1_168' title='bbox 268 1471 462 1538; x_wconf 76' lang='grc' dir='ltr'><strong>ἐφεξῆς</strong></span> <span class='ocrx_word' id='word_1_169' title='bbox 496 1471 524 1523; x_wconf 89' lang='grc' dir='ltr'>ὁ</span> <span class='ocrx_word' id='word_1_170' title='bbox 550 1471 839 1540; x_wconf 80' lang='grc' dir='ltr'><strong>Γρηγορᾶς</strong></span> <span class='ocrx_word' id='word_1_171' title='bbox 866 1469 1037 1541; x_wconf 75' lang='grc' dir='ltr'><strong>ἐρρύη</strong></span> <span class='ocrx_word' id='word_1_172' title='bbox 1077 1470 1437 1543; x_wconf 81' lang='grc' dir='ltr'><strong>κατατρέχων</strong></span> <span class='ocrx_word' id='word_1_173' title='bbox 1475 1472 1742 1539; x_wconf 83' lang='grc' dir='ltr'><strong>ῙΙαλαμᾶν</strong></span> <span class='ocrx_word' id='word_1_174' title='bbox 1771 1486 1831 1522; x_wconf 80' lang='grc' dir='ltr'><strong>τε</strong></span> 
     </span>
    </p>
   </div>
   <div class='ocr_carea' id='block_1_25' title="bbox 1943 1466 3517 1543">
    <p class='ocr_par' dir='ltr' id='par_1_25' title="bbox 1943 1466 3517 1538">
     <span class='ocr_line' id='line_1_25' title="bbox 1943 1466 3517 1538; baseline 0.002 -16"><span class='ocrx_word' id='word_1_175' title='bbox 1943 1482 2064 1522; x_wconf 80' lang='lat' dir='ltr'><strong>suas</strong></span> <span class='ocrx_word' id='word_1_176' title='bbox 2100 1468 2153 1520; x_wconf 91' lang='lat' dir='ltr'><strong>in</strong></span> <span class='ocrx_word' id='word_1_177' title='bbox 2191 1466 2465 1522; x_wconf 84' lang='lat' dir='ltr'><strong>Palamam</strong></span> <span class='ocrx_word' id='word_1_178' title='bbox 2505 1469 2733 1537; x_wconf 83' lang='lat' dir='ltr'><strong>ejusque</strong></span> <span class='ocrx_word' id='word_1_179' title='bbox 2783 1468 3153 1538; x_wconf 79' lang='lat' dir='ltr'><strong>blasphemias</strong></span> <span class='ocrx_word' id='word_1_180' title='bbox 3199 1470 3397 1525; x_wconf 83' lang='lat' dir='ltr'><strong>ell‘udit</strong></span> <span class='ocrx_word' id='word_1_181' title='bbox 3434 1471 3517 1525; x_wconf 87' lang='lat' dir='ltr'><strong>in-</strong></span> 
     </span>
    </p>
   </div>
   <div class='ocr_carea' id='block_1_26' title="bbox 269 1559 1834 1633">
    <p class='ocr_par' dir='ltr' id='par_1_26' title="bbox 269 1559 1834 1633">
     <span class='ocr_line' id='line_1_26' title="bbox 269 1559 1834 1633; baseline -0.002 -17"><span class='ocrx_word' id='word_1_182' title='bbox 269 1565 431 1616; x_wconf 66' lang='grc' dir='ltr'>αὐτύν</span> <span class='ocrx_word' id='word_1_183' title='bbox 452 1561 663 1623; x_wconf 77' lang='grc' dir='ltr'><strong>καὶτὰς</strong></span> <span class='ocrx_word' id='word_1_184' title='bbox 692 1559 859 1614; x_wconf 83' lang='grc' dir='ltr'>αὐτοῦ</span> <span class='ocrx_word' id='word_1_185' title='bbox 892 1560 1266 1631; x_wconf 82' lang='grc' dir='ltr'><strong>βλασφημίας,</strong></span> <span class='ocrx_word' id='word_1_186' title='bbox 1294 1562 1579 1633; x_wconf 73' lang='grc' dir='ltr'><strong>ἀλλότριον</strong></span> <span class='ocrx_word' id='word_1_187' title='bbox 1609 1562 1834 1631; x_wconf 76' lang='grc' dir='ltr'><strong>ἐπιστή-</strong></span> 
     </span>
    </p>
   </div>
   <div class='ocr_carea' id='block_1_27' title="bbox 274 1649 1832 1725">
    <p class='ocr_par' dir='ltr' id='par_1_27' title="bbox 274 1649 1832 1725">
     <span class='ocr_line' id='line_1_27' title="bbox 274 1649 1832 1725; baseline 0.001 -19"><span class='ocrx_word' id='word_1_188' title='bbox 274 1672 378 1723; x_wconf 75' lang='grc' dir='ltr'><strong>μης</strong></span> <span class='ocrx_word' id='word_1_189' title='bbox 412 1654 632 1724; x_wconf 73' lang='grc' dir='ltr'><strong>ἁπάσης</strong></span> <span class='ocrx_word' id='word_1_190' title='bbox 667 1653 884 1713; x_wconf 77' lang='grc' dir='ltr'><strong>δεικνὺς</strong></span> <span class='ocrx_word' id='word_1_191' title='bbox 913 1649 1011 1725; x_wconf 81' lang='grc' dir='ltr'><strong>τῆς</strong></span> <span class='ocrx_word' id='word_1_192' title='bbox 1043 1670 1100 1709; x_wconf 82' lang='grc' dir='ltr'><strong>τε</strong></span> <span class='ocrx_word' id='word_1_193' title='bbox 1128 1654 1410 1725; x_wconf 76' lang='grc' dir='ltr'><strong>ἡμετέρας</strong></span> <span class='ocrx_word' id='word_1_194' title='bbox 1441 1657 1535 1709; x_wconf 81' lang='grc' dir='ltr'><strong>καὶ</strong></span> <span class='ocrx_word' id='word_1_195' title='bbox 1575 1653 1832 1725; x_wconf 79' lang='grc' dir='ltr'><strong>θύραθεν.</strong></span> 
     </span>
    </p>
   </div>
   <div class='ocr_carea' id='block_1_28' title="bbox 270 1745 1833 1819">
    <p class='ocr_par' dir='ltr' id='par_1_28' title="bbox 270 1745 1833 1819">
     <span class='ocr_line' id='line_1_28' title="bbox 270 1745 1833 1819; baseline -0.001 -18"><span class='ocrx_word' id='word_1_196' title='bbox 270 1749 348 1801; x_wconf 80' lang='grc' dir='ltr'><strong>Δι’</strong></span> <span class='ocrx_word' id='word_1_197' title='bbox 374 1747 409 1801; x_wconf 79' lang='grc' dir='ltr'><strong>ἆ</strong></span> <span class='ocrx_word' id='word_1_198' title='bbox 460 1748 556 1799; x_wconf 74' lang='grc' dir='ltr'><strong>καὶ</strong></span> <span class='ocrx_word' id='word_1_199' title='bbox 611 1745 810 1808; x_wconf 84' lang='grc' dir='ltr'>κακίας</span> <span class='ocrx_word' id='word_1_200' title='bbox 850 1745 1085 1814; x_wconf 82' lang='grc' dir='ltr'>ὄργανον</span> <span class='ocrx_word' id='word_1_201' title='bbox 1123 1748 1410 1815; x_wconf 79' lang='grc' dir='ltr'><strong>γεγονέναι</strong></span> <span class='ocrx_word' id='word_1_202' title='bbox 1444 1747 1641 1819; x_wconf 78' lang='grc' dir='ltr'><strong>ῥᾳδίως</strong></span> <span class='ocrx_word' id='word_1_203' title='bbox 1669 1746 1833 1800; x_wconf 73' lang='grc' dir='ltr'>αὐτὸν</span> 
     </span>
    </p>
   </div>
   <div class='ocr_carea' id='block_1_29' title="bbox 1937 1556 3516 1622">
    <p class='ocr_par' dir='ltr' id='par_1_29' title="bbox 1937 1556 3516 1622">
     <span class='ocr_line' id='line_1_29' title="bbox 1937 1556 3516 1622; baseline 0.003 -12"><span class='ocrx_word' id='word_1_204' title='bbox 1937 1556 2292 1622; x_wconf 87' lang='lat' dir='ltr'><strong>sectationes,</strong></span> <span class='ocrx_word' id='word_1_205' title='bbox 2323 1558 2665 1614; x_wconf 86' lang='lat' dir='ltr'><strong>ostendendo</strong></span> <span class='ocrx_word' id='word_1_206' title='bbox 2694 1560 2934 1614; x_wconf 82' lang='lat' dir='ltr'><strong>alienum</strong></span> <span class='ocrx_word' id='word_1_207' title='bbox 2975 1576 3099 1615; x_wconf 90' lang='lat' dir='ltr'><strong>eum</strong></span> <span class='ocrx_word' id='word_1_208' title='bbox 3127 1575 3251 1617; x_wconf 81' lang='lat' dir='ltr'><strong>esse</strong></span> <span class='ocrx_word' id='word_1_209' title='bbox 3269 1562 3338 1617; x_wconf 89' lang='lat' dir='ltr'><strong>ab</strong></span> <span class='ocrx_word' id='word_1_210' title='bbox 3366 1562 3516 1618; x_wconf 86' lang='lat' dir='ltr'><strong>omni</strong></span> 
     </span>
    </p>
   </div>
   <div class='ocr_carea' id='block_1_30' title="bbox 1939 1646 3516 1721">
    <p class='ocr_par' dir='ltr' id='par_1_30' title="bbox 1939 1646 3516 1721">
     <span class='ocr_line' id='line_1_30' title="bbox 1939 1646 3516 1721; baseline 0.001 -18"><span class='ocrx_word' id='word_1_211' title='bbox 1939 1646 2172 1703; x_wconf 84' lang='lat' dir='ltr'><strong>scientia</strong></span> <span class='ocrx_word' id='word_1_212' title='bbox 2192 1656 2248 1703; x_wconf 89' lang='lat' dir='ltr'><strong>et</strong></span> <span class='ocrx_word' id='word_1_213' title='bbox 2283 1656 2471 1704; x_wconf 87' lang='lat' dir='ltr'><strong>nostra</strong></span> <span class='ocrx_word' id='word_1_214' title='bbox 2519 1657 2580 1704; x_wconf 89' lang='lat' dir='ltr'><strong>et</strong></span> <span class='ocrx_word' id='word_1_215' title='bbox 2624 1659 2890 1715; x_wconf 84' lang='lat' dir='ltr'><strong>externa;</strong></span> <span class='ocrx_word' id='word_1_216' title='bbox 2957 1660 3293 1721; x_wconf 86' lang='lat' dir='ltr'><strong>quapropter</strong></span> <span class='ocrx_word' id='word_1_217' title='bbox 3349 1651 3516 1707; x_wconf 91' lang='lat' dir='ltr'><strong>etiam</strong></span> 
     </span>
    </p>
   </div>
   <div class='ocr_carea' id='block_1_31' title="bbox 1938 1736 3515 1805">
    <p class='ocr_par' dir='ltr' id='par_1_31' title="bbox 1938 1736 3515 1805">
     <span class='ocr_line' id='line_1_31' title="bbox 1938 1736 3515 1805; baseline 0.003 -14"><span class='ocrx_word' id='word_1_218' title='bbox 1938 1736 2226 1805; x_wconf 78' lang='lat' dir='ltr'><strong>pravitatis</strong></span> <span class='ocrx_word' id='word_1_219' title='bbox 2261 1736 2687 1792; x_wconf 89' lang='lat' dir='ltr'><strong>instrumentum</strong></span> <span class='ocrx_word' id='word_1_220' title='bbox 2717 1737 2869 1792; x_wconf 84' lang='lat' dir='ltr'><strong>illum</strong></span> <span class='ocrx_word' id='word_1_221' title='bbox 2918 1738 3125 1793; x_wconf 83' lang='lat' dir='ltr'><strong>factum</strong></span> <span class='ocrx_word' id='word_1_222' title='bbox 3170 1754 3298 1795; x_wconf 85' lang='lat' dir='ltr'><strong>esse</strong></span> <span class='ocrx_word' id='word_1_223' title='bbox 3351 1739 3515 1795; x_wconf 78' lang='lat' dir='ltr'><strong>facile</strong></span> 
     </span>
    </p>
   </div>
   <div class='ocr_carea' id='block_1_32' title="bbox 275 1825 1839 1910">
    <p class='ocr_par' dir='ltr' id='par_1_32' title="bbox 275 1837 1829 1910">
     <span class='ocr_line' id='line_1_32' title="bbox 275 1837 1829 1910; baseline 0 -19"><span class='ocrx_word' id='word_1_224' title='bbox 275 1840 522 1892; x_wconf 72' lang='grc' dir='ltr'><strong>ἔδεσαίου</strong></span> <span class='ocrx_word' id='word_1_225' title='bbox 570 1855 630 1890; x_wconf 89' lang='grc' dir='ltr'><strong>τε</strong></span> <span class='ocrx_word' id='word_1_226' title='bbox 667 1839 761 1890; x_wconf 78' lang='grc' dir='ltr'>καὶ</span> <span class='ocrx_word' id='word_1_227' title='bbox 809 1838 1192 1908; x_wconf 84' lang='grc' dir='ltr'>συνεπέραινε,</span> <span class='ocrx_word' id='word_1_228' title='bbox 1224 1840 1322 1909; x_wconf 82' lang='grc' dir='ltr'><strong>τῆς</strong></span> <span class='ocrx_word' id='word_1_229' title='bbox 1370 1839 1605 1910; x_wconf 76' lang='grc' dir='ltr'><strong>ἀληθοῦς</strong></span> <span class='ocrx_word' id='word_1_230' title='bbox 1638 1837 1829 1907; x_wconf 79' lang='grc' dir='ltr'><strong>σοφίας</strong></span> 
     </span>
    </p>
   </div>
   <div class='ocr_carea' id='block_1_33' title="bbox 1943 1825 3514 1910">
    <p class='ocr_par' dir='ltr' id='par_1_33' title="bbox 1943 1825 3514 1899">
     <span class='ocr_line' id='line_1_33' title="bbox 1943 1825 3514 1899; baseline 0.004 -19"><span class='ocrx_word' id='word_1_231' title='bbox 1943 1825 2241 1882; x_wconf 76' lang='lat' dir='ltr'><strong>alﬁrmabat</strong></span> <span class='ocrx_word' id='word_1_232' title='bbox 2269 1836 2327 1882; x_wconf 89' lang='lat' dir='ltr'><strong>et</strong></span> <span class='ocrx_word' id='word_1_233' title='bbox 2348 1828 2731 1890; x_wconf 85' lang='lat' dir='ltr'><strong>concludebat,</strong></span> <span class='ocrx_word' id='word_1_234' title='bbox 2762 1846 2791 1883; x_wconf 91' lang='lat' dir='ltr'><strong>a</strong></span> <span class='ocrx_word' id='word_1_235' title='bbox 2832 1846 2960 1883; x_wconf 89' lang='lat' dir='ltr'><strong>vera</strong></span> <span class='ocrx_word' id='word_1_236' title='bbox 3017 1831 3289 1899; x_wconf 84' lang='lat' dir='ltr'><strong>sapientia</strong></span> <span class='ocrx_word' id='word_1_237' title='bbox 3343 1835 3514 1887; x_wconf 82' lang='lat' dir='ltr'><strong>semel</strong></span> 
     </span>
    </p>
   </div>
   <div class='ocr_carea' id='block_1_34' title="bbox 275 1929 1837 2000">
    <p class='ocr_par' dir='ltr' id='par_1_34' title="bbox 275 1929 1837 2000">
     <span class='ocr_line' id='line_1_34' title="bbox 275 1929 1837 2000; baseline 0 -17"><span class='ocrx_word' id='word_1_238' title='bbox 275 1929 507 1993; x_wconf 75' lang='grc' dir='ltr'><strong>εἰσάπαξ</strong></span> <span class='ocrx_word' id='word_1_239' title='bbox 547 1930 909 2000; x_wconf 70' lang='grc' dir='ltr'><strong>ἀπερρωγότα</strong></span> <span class='ocrx_word' id='word_1_240' title='bbox 961 1931 1056 1983; x_wconf 72' lang='grc' dir='ltr'><strong>καὶ</strong></span> <span class='ocrx_word' id='word_1_241' title='bbox 1106 1930 1579 1998; x_wconf 79' lang='grc' dir='ltr'><strong>ὲκτετοπισμένον.</strong></span> <span class='ocrx_word' id='word_1_242' title='bbox 1614 1930 1779 1983; x_wconf 84' lang='grc' dir='ltr'>Ὅθεν</span> <span class='ocrx_word' id='word_1_243' title='bbox 1808 1931 1837 1983; x_wconf 80' lang='grc' dir='ltr'>ὁ</span> 
     </span>
    </p>
   </div>
   <div class='ocr_carea' id='block_1_35' title="bbox 274 2019 1840 2093">
    <p class='ocr_par' dir='ltr' id='par_1_35' title="bbox 274 2019 1840 2093">
     <span class='ocr_line' id='line_1_35' title="bbox 274 2019 1840 2093; baseline 0.001 -21"><span class='ocrx_word' id='word_1_244' title='bbox 274 2020 600 2091; x_wconf 79' lang='grc' dir='ltr'><strong>βαρύστονος</strong></span> <span class='ocrx_word' id='word_1_245' title='bbox 628 2021 836 2082; x_wconf 77' lang='grc' dir='ltr'>ἐκεῖνος</span> <span class='ocrx_word' id='word_1_246' title='bbox 847 2023 941 2072; x_wconf 74' lang='grc' dir='ltr'>καὶ</span> <span class='ocrx_word' id='word_1_247' title='bbox 965 2019 1247 2090; x_wconf 79' lang='grc' dir='ltr'><strong>ἁλιτήριος</strong></span> <span class='ocrx_word' id='word_1_248' title='bbox 1273 2019 1339 2091; x_wconf 71' lang='grc' dir='ltr'><strong>[ἰ.</strong></span> <span class='ocrx_word' id='word_1_249' title='bbox 1367 2021 1471 2075; x_wconf 68' lang='grc'><strong>152</strong></span> <span class='ocrx_word' id='word_1_250' title='bbox 1498 2019 1577 2093; x_wconf 55' lang='grc' dir='ltr'><strong>ιλ]</strong></span> <span class='ocrx_word' id='word_1_251' title='bbox 1606 2021 1840 2089; x_wconf 78' lang='grc' dir='ltr'><strong>πληγεὶς</strong></span> 
     </span>
    </p>
   </div>
   <div class='ocr_carea' id='block_1_36' title="bbox 274 2107 1838 2197">
    <p class='ocr_par' dir='ltr' id='par_1_36' title="bbox 274 2107 1838 2197">
     <span class='ocr_line' id='line_1_36' title="bbox 274 2107 1838 2197; baseline 0 -31"><span class='ocrx_word' id='word_1_252' title='bbox 274 2114 372 2184; x_wconf 77' lang='grc' dir='ltr'><strong>τὴν</strong></span> <span class='ocrx_word' id='word_1_253' title='bbox 397 2112 629 2184; x_wconf 83' lang='grc' dir='ltr'>καρδίαν</span> <span class='ocrx_word' id='word_1_254' title='bbox 659 2113 754 2167; x_wconf 80' lang='grc' dir='ltr'>καὶ</span> <span class='ocrx_word' id='word_1_255' title='bbox 774 2107 896 2197; x_wconf 69' lang='grc' dir='ltr'>ρῒον</span> <span class='ocrx_word' id='word_1_256' title='bbox 927 2113 1298 2184; x_wconf 80' lang='grc' dir='ltr'><strong>ὲμὸρόντητος</strong></span> <span class='ocrx_word' id='word_1_257' title='bbox 1332 2113 1578 2183; x_wconf 90' lang='grc' dir='ltr'><strong>γεγονὼς</strong></span> <span class='ocrx_word' id='word_1_258' title='bbox 1617 2114 1745 2167; x_wconf 74' lang='grc' dir='ltr'><strong>ἐϐόα</strong></span> <span class='ocrx_word' id='word_1_259' title='bbox 1777 2130 1838 2166; x_wconf 90' lang='grc' dir='ltr'><strong>τε</strong></span> 
     </span>
    </p>
   </div>
   <div class='ocr_carea' id='block_1_37' title="bbox 270 2204 1837 2276">
    <p class='ocr_par' dir='ltr' id='par_1_37' title="bbox 270 2204 1837 2276">
     <span class='ocr_line' id='line_1_37' title="bbox 270 2204 1837 2276; baseline -0.001 -16"><span class='ocrx_word' id='word_1_260' title='bbox 270 2206 536 2274; x_wconf 76' lang='grc' dir='ltr'>ἀσελγῶς,</span> <span class='ocrx_word' id='word_1_261' title='bbox 566 2206 635 2258; x_wconf 82' lang='grc' dir='ltr'><strong>τὰ</strong></span> <span class='ocrx_word' id='word_1_262' title='bbox 663 2204 870 2275; x_wconf 75' lang='grc' dir='ltr'>συνήθη</span> <span class='ocrx_word' id='word_1_263' title='bbox 901 2204 1112 2276; x_wconf 78' lang='grc' dir='ltr'>φύρδην</span> <span class='ocrx_word' id='word_1_264' title='bbox 1139 2209 1237 2259; x_wconf 79' lang='grc' dir='ltr'><strong>καὶ</strong></span> <span class='ocrx_word' id='word_1_265' title='bbox 1267 2207 1692 2275; x_wconf 75' lang='grc' dir='ltr'><strong>συγκεχυμένως</strong></span> <span class='ocrx_word' id='word_1_266' title='bbox 1711 2223 1837 2258; x_wconf 89' lang='grc' dir='ltr'>συν-</span> 
     </span>
    </p>
   </div>
   <div class='ocr_carea' id='block_1_38' title="bbox 276 2288 1840 2370">
    <p class='ocr_par' dir='ltr' id='par_1_38' title="bbox 276 2288 1840 2370">
     <span class='ocr_line' id='line_1_38' title="bbox 276 2288 1840 2370; baseline 0.001 -19"><span class='ocrx_word' id='word_1_267' title='bbox 276 2299 460 2367; x_wconf 86' lang='grc' dir='ltr'>είρων,</span> <span class='ocrx_word' id='word_1_268' title='bbox 520 2299 614 2351; x_wconf 69' lang='grc' dir='ltr'><strong>καὶ</strong></span> <span class='ocrx_word' id='word_1_269' title='bbox 655 2288 769 2351; x_wconf 81' lang='grc' dir='ltr'><strong>οἷον</strong></span> <span class='ocrx_word' id='word_1_270' title='bbox 803 2299 983 2353; x_wconf 76' lang='grc' dir='ltr'><strong>εἰπεῖν</strong></span> <span class='ocrx_word' id='word_1_271' title='bbox 1012 2300 1278 2370; x_wconf 79' lang='grc' dir='ltr'><strong>ὲμεμήνει</strong></span> <span class='ocrx_word' id='word_1_272' title='bbox 1325 2298 1388 2353; x_wconf 82' lang='grc' dir='ltr'><strong>τδ</strong></span> <span class='ocrx_word' id='word_1_273' title='bbox 1419 2300 1703 2369; x_wconf 81' lang='grc' dir='ltr'>κάθαρμα.</span> <span class='ocrx_word' id='word_1_274' title='bbox 1747 2298 1840 2352; x_wconf 84' lang='grc' dir='ltr'><strong>Διὸ</strong></span> 
     </span>
    </p>
   </div>
   <div class='ocr_carea' id='block_1_39' title="bbox 275 2390 1839 2462">
    <p class='ocr_par' dir='ltr' id='par_1_39' title="bbox 275 2390 1839 2462">
     <span class='ocr_line' id='line_1_39' title="bbox 275 2390 1839 2462; baseline -0.003 -17"><span class='ocrx_word' id='word_1_275' title='bbox 275 2393 371 2445; x_wconf 78' lang='grc' dir='ltr'>καὶ</span> <span class='ocrx_word' id='word_1_276' title='bbox 401 2393 428 2444; x_wconf 87' lang='grc' dir='ltr'>ὁ</span> <span class='ocrx_word' id='word_1_277' title='bbox 454 2390 705 2462; x_wconf 81' lang='grc' dir='ltr'>βασιλεὺς</span> <span class='ocrx_word' id='word_1_278' title='bbox 731 2391 896 2443; x_wconf 79' lang='grc' dir='ltr'><strong>οἱονεί</strong></span> <span class='ocrx_word' id='word_1_279' title='bbox 926 2408 1046 2454; x_wconf 82' lang='grc' dir='ltr'><strong>πως</strong></span> <span class='ocrx_word' id='word_1_280' title='bbox 1072 2390 1239 2446; x_wconf 76' lang='grc' dir='ltr'><strong>αὐτοῦ</strong></span> <span class='ocrx_word' id='word_1_281' title='bbox 1282 2392 1619 2462; x_wconf 83' lang='grc' dir='ltr'><strong>φειδόμενος,</strong></span> <span class='ocrx_word' id='word_1_282' title='bbox 1647 2391 1839 2462; x_wconf 82' lang='grc' dir='ltr'><strong>πράως</strong></span> 
     </span>
    </p>
   </div>
   <div class='ocr_carea' id='block_1_40' title="bbox 273 2483 1840 2555">
    <p class='ocr_par' dir='ltr' id='par_1_40' title="bbox 273 2483 1840 2555">
     <span class='ocr_line' id='line_1_40' title="bbox 273 2483 1840 2555; baseline -0.002 -17"><span class='ocrx_word' id='word_1_283' title='bbox 273 2484 372 2538; x_wconf 76' lang='grc' dir='ltr'>καὶ</span> <span class='ocrx_word' id='word_1_284' title='bbox 428 2485 566 2555; x_wconf 78' lang='grc' dir='ltr'><strong>μετὰ</strong></span> <span class='ocrx_word' id='word_1_285' title='bbox 602 2483 807 2554; x_wconf 79' lang='grc' dir='ltr'><strong>σεμνοῦ</strong></span> <span class='ocrx_word' id='word_1_286' title='bbox 847 2484 1204 2554; x_wconf 83' lang='grc' dir='ltr'><strong>μειδιάματος</strong></span> <span class='ocrx_word' id='word_1_287' title='bbox 1266 2485 1530 2555; x_wconf 72' lang='grc' dir='ltr'>στραφεὶς</span> <span class='ocrx_word' id='word_1_288' title='bbox 1580 2484 1718 2555; x_wconf 71' lang='grc' dir='ltr'><strong>πρὸς</strong></span> <span class='ocrx_word' id='word_1_289' title='bbox 1747 2483 1840 2536; x_wconf 78' lang='grc' dir='ltr'><strong>τὸν</strong></span> 
     </span>
    </p>
   </div>
   <div class='ocr_carea' id='block_1_41' title="bbox 276 2573 1841 2648">
    <p class='ocr_par' dir='ltr' id='par_1_41' title="bbox 276 2573 1841 2648">
     <span class='ocr_line' id='line_1_41' title="bbox 276 2573 1841 2648; baseline -0.001 -19"><span class='ocrx_word' id='word_1_290' title='bbox 276 2577 585 2648; x_wconf 84' lang='grc' dir='ltr'><strong>Γρηγορᾶν.</strong></span> <span class='ocrx_word' id='word_1_291' title='bbox 634 2575 811 2647; x_wconf 77' lang='grc' dir='ltr'><strong>ἡσυχῆ</strong></span> <span class='ocrx_word' id='word_1_292' title='bbox 878 2593 998 2637; x_wconf 85' lang='grc' dir='ltr'><strong>πως</strong></span> <span class='ocrx_word' id='word_1_293' title='bbox 1047 2575 1141 2629; x_wconf 70' lang='grc' dir='ltr'><strong>καὶ</strong></span> <span class='ocrx_word' id='word_1_294' title='bbox 1188 2576 1317 2630; x_wconf 83' lang='grc' dir='ltr'><strong>ὅσον</strong></span> <span class='ocrx_word' id='word_1_295' title='bbox 1369 2576 1447 2647; x_wconf 79' lang='grc' dir='ltr'><strong>μὴ</strong></span> <span class='ocrx_word' id='word_1_296' title='bbox 1485 2573 1841 2641; x_wconf 63' lang='grc' dir='ltr'>ἑξακούεσθαι</span> 
     </span>
    </p>
   </div>
   <div class='ocr_carea' id='block_1_42' title="bbox 274 2663 1840 2736">
    <p class='ocr_par' dir='ltr' id='par_1_42' title="bbox 274 2663 1840 2736">
     <span class='ocr_line' id='line_1_42' title="bbox 274 2663 1840 2736; baseline 0.001 -19"><span class='ocrx_word' id='word_1_297' title='bbox 274 2666 413 2736; x_wconf 83' lang='grc' dir='ltr'><strong>πρὸς</strong></span> <span class='ocrx_word' id='word_1_298' title='bbox 454 2664 547 2718; x_wconf 79' lang='grc' dir='ltr'><strong>τὸν</strong></span> <span class='ocrx_word' id='word_1_299' title='bbox 602 2665 890 2735; x_wconf 82' lang='grc' dir='ltr'><strong>Παλαμᾶν,</strong></span> <span class='ocrx_word' id='word_1_300' title='bbox 937 2664 1175 2736; x_wconf 71' lang='grc' dir='ltr'><strong>παρῄνει</strong></span> <span class='ocrx_word' id='word_1_301' title='bbox 1220 2682 1283 2719; x_wconf 80' lang='grc' dir='ltr'><strong>τε</strong></span> <span class='ocrx_word' id='word_1_302' title='bbox 1331 2665 1429 2720; x_wconf 69' lang='grc' dir='ltr'>καὶ</span> <span class='ocrx_word' id='word_1_303' title='bbox 1484 2663 1840 2718; x_wconf 73' lang='grc' dir='ltr'><strong>συνεϐούλευε</strong></span> 
     </span>
    </p>
   </div>
   <div class='ocr_carea' id='block_1_43' title="bbox 273 2752 1842 2826">
    <p class='ocr_par' dir='ltr' id='par_1_43' title="bbox 273 2752 1842 2826">
     <span class='ocr_line' id='line_1_43' title="bbox 273 2752 1842 2826; baseline -0.001 -17"><span class='ocrx_word' id='word_1_304' title='bbox 273 2757 596 2826; x_wconf 85' lang='grc' dir='ltr'><strong>πραοτέρως</strong></span> <span class='ocrx_word' id='word_1_305' title='bbox 622 2755 947 2809; x_wconf 75' lang='grc' dir='ltr'><strong>ἀντιδιδόναι</strong></span> <span class='ocrx_word' id='word_1_306' title='bbox 981 2755 1110 2818; x_wconf 80' lang='grc' dir='ltr'><strong>τοὺς</strong></span> <span class='ocrx_word' id='word_1_307' title='bbox 1133 2753 1330 2823; x_wconf 77' lang='grc' dir='ltr'><strong>λόγους</strong></span> <span class='ocrx_word' id='word_1_308' title='bbox 1355 2752 1527 2824; x_wconf 85' lang='grc' dir='ltr'>αὐτῷ,</span> <span class='ocrx_word' id='word_1_309' title='bbox 1560 2754 1633 2824; x_wconf 81' lang='grc' dir='ltr'><strong>μή</strong></span> <span class='ocrx_word' id='word_1_310' title='bbox 1667 2769 1723 2806; x_wconf 91' lang='grc' dir='ltr'><strong>τι</strong></span> <span class='ocrx_word' id='word_1_311' title='bbox 1747 2754 1842 2808; x_wconf 79' lang='grc' dir='ltr'>καὶ</span> 
     </span>
    </p>
   </div>
   <div class='ocr_carea' id='block_1_44' title="bbox 272 2846 1838 2923">
    <p class='ocr_par' dir='ltr' id='par_1_44' title="bbox 272 2846 1838 2923">
     <span class='ocr_line' id='line_1_44' title="bbox 272 2846 1838 2923; baseline -0.003 -19"><span class='ocrx_word' id='word_1_312' title='bbox 272 2852 421 2923; x_wconf 74' lang='grc' dir='ltr'><strong>πάθῃ</strong></span> <span class='ocrx_word' id='word_1_313' title='bbox 455 2850 562 2903; x_wconf 86' lang='grc' dir='ltr'><strong>τῶν</strong></span> <span class='ocrx_word' id='word_1_314' title='bbox 586 2848 883 2919; x_wconf 75' lang='grc' dir='ltr'><strong>ἀδοκήτων.</strong></span> <span class='ocrx_word' id='word_1_315' title='bbox 932 2849 991 2902; x_wconf 88' lang='lat'><strong>&#39;0</strong></span> <span class='ocrx_word' id='word_1_316' title='bbox 1023 2847 1089 2915; x_wconf 82' lang='grc' dir='ltr'><strong>δ’,</strong></span> <span class='ocrx_word' id='word_1_317' title='bbox 1139 2867 1158 2901; x_wconf 82' lang='grc' dir='ltr'>ι</span> <span class='ocrx_word' id='word_1_318' title='bbox 1196 2847 1395 2901; x_wconf 81' lang='grc' dir='ltr'><strong>Ἔσται</strong></span> <span class='ocrx_word' id='word_1_319' title='bbox 1420 2846 1600 2909; x_wconf 78' lang='grc' dir='ltr'><strong>τοῦτο,</strong></span> <span class='ocrx_word' id='word_1_320' title='bbox 1646 2864 1664 2897; x_wconf 73' lang='grc' dir='ltr'><strong>ι</strong></span> <span class='ocrx_word' id='word_1_321' title='bbox 1701 2846 1838 2899; x_wconf 81' lang='grc' dir='ltr'><strong>ἀπο-</strong></span> 
     </span>
    </p>
   </div>
   <div class='ocr_carea' id='block_1_45' title="bbox 272 2939 1297 3012">
    <p class='ocr_par' dir='ltr' id='par_1_45' title="bbox 272 2939 1297 3012">
     <span class='ocr_line' id='line_1_45' title="bbox 272 2939 1297 3012; baseline -0.002 -17"><span class='ocrx_word' id='word_1_322' title='bbox 272 2944 598 3012; x_wconf 81' lang='grc' dir='ltr'><strong>κρινάμενος</strong></span> <span class='ocrx_word' id='word_1_323' title='bbox 633 2940 911 3010; x_wconf 73' lang='grc' dir='ltr'><strong>ἐσιώπησε</strong></span> <span class='ocrx_word' id='word_1_324' title='bbox 954 2939 1050 2993; x_wconf 80' lang='grc' dir='ltr'>τοῦ</span> <span class='ocrx_word' id='word_1_325' title='bbox 1085 2939 1297 2993; x_wconf 77' lang='grc' dir='ltr'><strong>λοιποῦ.</strong></span> 
     </span>
    </p>
   </div>
   <div class='ocr_carea' id='block_1_46' title="bbox 343 3031 1840 3103">
    <p class='ocr_par' dir='ltr' id='par_1_46' title="bbox 343 3031 1840 3103">
     <span class='ocr_line' id='line_1_46' title="bbox 343 3031 1840 3103; baseline -0.005 -16"><span class='ocrx_word' id='word_1_326' title='bbox 343 3037 422 3087; x_wconf 86' lang='lat' dir='ltr'><strong>A&#39;.</strong></span> <span class='ocrx_word' id='word_1_327' title='bbox 451 3034 519 3085; x_wconf 88' lang='grc' dir='ltr'>Ὅ</span> <span class='ocrx_word' id='word_1_328' title='bbox 575 3052 637 3102; x_wconf 89' lang='grc' dir='ltr'><strong>γε</strong></span> <span class='ocrx_word' id='word_1_329' title='bbox 674 3032 780 3103; x_wconf 79' lang='grc' dir='ltr'><strong>μὴν</strong></span> <span class='ocrx_word' id='word_1_330' title='bbox 828 3033 1117 3101; x_wconf 75' lang='grc' dir='ltr'><strong>Παλαμόἶς⁸</strong></span> <span class='ocrx_word' id='word_1_331' title='bbox 1154 3034 1251 3099; x_wconf 81' lang='grc' dir='ltr'><strong>τὴν</strong></span> <span class='ocrx_word' id='word_1_332' title='bbox 1282 3031 1479 3085; x_wconf 79' lang='grc' dir='ltr'><strong>ἑαυτοῦ</strong></span> <span class='ocrx_word' id='word_1_333' title='bbox 1518 3031 1840 3102; x_wconf 69' lang='grc' dir='ltr'><strong>βουλόμενος</strong></span> 
     </span>
    </p>
   </div>
   <div class='ocr_carea' id='block_1_47' title="bbox 273 3125 1838 3197">
    <p class='ocr_par' dir='ltr' id='par_1_47' title="bbox 273 3125 1838 3197">
     <span class='ocr_line' id='line_1_47' title="bbox 273 3125 1838 3197; baseline -0.004 -16"><span class='ocrx_word' id='word_1_334' title='bbox 273 3130 351 3181; x_wconf 73' lang='grc' dir='ltr'><strong>ἔτι</strong></span> <span class='ocrx_word' id='word_1_335' title='bbox 378 3128 670 3181; x_wconf 75' lang='grc' dir='ltr'><strong>πολυθεῖαν</strong></span> <span class='ocrx_word' id='word_1_336' title='bbox 702 3128 983 3197; x_wconf 79' lang='grc' dir='ltr'><strong>συνιστᾷν,</strong></span> <span class='ocrx_word' id='word_1_337' title='bbox 1015 3126 1143 3188; x_wconf 83' lang='grc' dir='ltr'><strong>τούς</strong></span> <span class='ocrx_word' id='word_1_338' title='bbox 1187 3127 1289 3193; x_wconf 86' lang='grc' dir='ltr'><strong>μὲν</strong></span> <span class='ocrx_word' id='word_1_339' title='bbox 1329 3125 1838 3196; x_wconf 69' lang='grc' dir='ltr'><strong>προενηνεγμένους</strong></span> 
     </span>
    </p>
   </div>
   <div class='ocr_carea' id='block_1_48' title="bbox 1938 1917 3515 1993">
    <p class='ocr_par' dir='ltr' id='par_1_48' title="bbox 1938 1917 3515 1993">
     <span class='ocr_line' id='line_1_48' title="bbox 1938 1917 3515 1993; baseline 0.004 -22"><span class='ocrx_word' id='word_1_340' title='bbox 1938 1917 2236 1987; x_wconf 83' lang='lat' dir='ltr'><strong>abruptum</strong></span> <span class='ocrx_word' id='word_1_341' title='bbox 2261 1929 2318 1974; x_wconf 90' lang='lat' dir='ltr'><strong>et</strong></span> <span class='ocrx_word' id='word_1_342' title='bbox 2341 1920 2609 1975; x_wconf 80' lang='lat' dir='ltr'><strong>exsulem.</strong></span> <span class='ocrx_word' id='word_1_343' title='bbox 2633 1921 2840 1976; x_wconf 87' lang='lat' dir='ltr'><strong>Deinde</strong></span> <span class='ocrx_word' id='word_1_344' title='bbox 2868 1923 3037 1977; x_wconf 87' lang='lat' dir='ltr'><strong>miser</strong></span> <span class='ocrx_word' id='word_1_345' title='bbox 3073 1924 3162 1977; x_wconf 80' lang='lat' dir='ltr'><strong>ille</strong></span> <span class='ocrx_word' id='word_1_346' title='bbox 3201 1930 3255 1978; x_wconf 91' lang='lat' dir='ltr'><strong>et</strong></span> <span class='ocrx_word' id='word_1_347' title='bbox 3274 1923 3515 1993; x_wconf 84' lang='lat' dir='ltr'><strong>piacula-</strong></span> 
     </span>
    </p>
   </div>
   <div class='ocr_carea' id='block_1_49' title="bbox 1940 2009 3515 2080">
    <p class='ocr_par' dir='ltr' id='par_1_49' title="bbox 1940 2009 3515 2080">
     <span class='ocr_line' id='line_1_49' title="bbox 1940 2009 3515 2080; baseline 0.006 -18"><span class='ocrx_word' id='word_1_348' title='bbox 1940 2009 2020 2063; x_wconf 90' lang='lat' dir='ltr'><strong>ris</strong></span> <span class='ocrx_word' id='word_1_349' title='bbox 2054 2018 2246 2078; x_wconf 88' lang='lat' dir='ltr'><strong>pectus</strong></span> <span class='ocrx_word' id='word_1_350' title='bbox 2272 2011 2499 2080; x_wconf 89' lang='lat' dir='ltr'><strong>pulsans</strong></span> <span class='ocrx_word' id='word_1_351' title='bbox 2524 2020 2581 2066; x_wconf 91' lang='lat' dir='ltr'><strong>et</strong></span> <span class='ocrx_word' id='word_1_352' title='bbox 2609 2022 2670 2065; x_wconf 88' lang='grc' dir='ltr'><strong>ιιι</strong></span> <span class='ocrx_word' id='word_1_353' title='bbox 2703 2014 2974 2068; x_wconf 86' lang='lat' dir='ltr'><strong>attonitus</strong></span> <span class='ocrx_word' id='word_1_354' title='bbox 3002 2015 3168 2071; x_wconf 87' lang='lat' dir='ltr'><strong>nimis</strong></span> <span class='ocrx_word' id='word_1_355' title='bbox 3222 2016 3377 2071; x_wconf 83' lang='lat' dir='ltr'><strong>valde</strong></span> <span class='ocrx_word' id='word_1_356' title='bbox 3401 2018 3515 2073; x_wconf 89' lang='lat' dir='ltr'><strong>cla-</strong></span> 
     </span>
    </p>
   </div>
   <div class='ocr_carea' id='block_1_50' title="bbox 1938 2100 3511 2171">
    <p class='ocr_par' dir='ltr' id='par_1_50' title="bbox 1938 2100 3511 2171">
     <span class='ocr_line' id='line_1_50' title="bbox 1938 2100 3511 2171; baseline 0.006 -17"><span class='ocrx_word' id='word_1_357' title='bbox 1938 2100 2146 2166; x_wconf 88' lang='lat' dir='ltr'><strong>mabat,</strong></span> <span class='ocrx_word' id='word_1_358' title='bbox 2172 2102 2464 2156; x_wconf 88' lang='lat' dir='ltr'><strong>notissima</strong></span> <span class='ocrx_word' id='word_1_359' title='bbox 2494 2101 2799 2157; x_wconf 86' lang='lat' dir='ltr'><strong>indiscrete</strong></span> <span class='ocrx_word' id='word_1_360' title='bbox 2849 2112 2902 2158; x_wconf 87' lang='lat' dir='ltr'><strong>et</strong></span> <span class='ocrx_word' id='word_1_361' title='bbox 2939 2104 3165 2161; x_wconf 80' lang='lat' dir='ltr'><strong>confuse</strong></span> <span class='ocrx_word' id='word_1_362' title='bbox 3191 2121 3511 2171; x_wconf 87' lang='lat' dir='ltr'><strong>conserens,</strong></span> 
     </span>
    </p>
   </div>
   <div class='ocr_carea' id='block_1_51' title="bbox 1937 2192 3512 2270">
    <p class='ocr_par' dir='ltr' id='par_1_51' title="bbox 1937 2192 3512 2270">
     <span class='ocr_line' id='line_1_51' title="bbox 1937 2192 3512 2270; baseline 0.005 -24"><span class='ocrx_word' id='word_1_363' title='bbox 1937 2200 1993 2246; x_wconf 86' lang='lat' dir='ltr'><strong>et</strong></span> <span class='ocrx_word' id='word_1_364' title='bbox 2020 2200 2079 2247; x_wconf 86' lang='lat' dir='ltr'><strong>ut</strong></span> <span class='ocrx_word' id='word_1_365' title='bbox 2109 2192 2184 2247; x_wconf 83' lang='lat' dir='ltr'><strong>ita</strong></span> <span class='ocrx_word' id='word_1_366' title='bbox 2220 2193 2421 2257; x_wconf 88' lang='lat' dir='ltr'><strong>dicam,</strong></span> <span class='ocrx_word' id='word_1_367' title='bbox 2451 2193 2666 2248; x_wconf 79' lang='lat' dir='ltr'><strong>furebat</strong></span> <span class='ocrx_word' id='word_1_368' title='bbox 2732 2195 2923 2250; x_wconf 66' lang='lat' dir='ltr'><strong>bestia:</strong></span> <span class='ocrx_word' id='word_1_369' title='bbox 2973 2200 3155 2251; x_wconf 87' lang='lat' dir='ltr'><strong>modo.</strong></span> <span class='ocrx_word' id='word_1_370' title='bbox 3215 2198 3512 2270; x_wconf 82' lang='lat' dir='ltr'><strong>Propterea</strong></span> 
     </span>
    </p>
   </div>
   <div class='ocr_carea' id='block_1_52' title="bbox 1937 2283 3514 2358">
    <p class='ocr_par' dir='ltr' id='par_1_52' title="bbox 1937 2283 3514 2358">
     <span class='ocr_line' id='line_1_52' title="bbox 1937 2283 3514 2358; baseline 0.006 -21"><span class='ocrx_word' id='word_1_371' title='bbox 1937 2284 2102 2337; x_wconf 90' lang='lat' dir='ltr'><strong>etiam</strong></span> <span class='ocrx_word' id='word_1_372' title='bbox 2132 2298 2227 2338; x_wconf 80' lang='lat' dir='ltr'><strong>rex</strong></span> <span class='ocrx_word' id='word_1_373' title='bbox 2267 2283 2677 2354; x_wconf 88' lang='lat' dir='ltr'><strong>quodammodo</strong></span> <span class='ocrx_word' id='word_1_374' title='bbox 2704 2285 2753 2340; x_wconf 90' lang='lat' dir='ltr'><strong>ei</strong></span> <span class='ocrx_word' id='word_1_375' title='bbox 2784 2301 3014 2354; x_wconf 75' lang='lat' dir='ltr'><strong>parcens</strong></span> <span class='ocrx_word' id='word_1_376' title='bbox 3059 2298 3116 2342; x_wconf 91' lang='lat' dir='ltr'><strong>et</strong></span> <span class='ocrx_word' id='word_1_377' title='bbox 3147 2289 3354 2358; x_wconf 88' lang='lat' dir='ltr'><strong>placide</strong></span> <span class='ocrx_word' id='word_1_378' title='bbox 3393 2291 3514 2345; x_wconf 88' lang='lat' dir='ltr'><strong>ani-</strong></span> 
     </span>
    </p>
   </div>
   <div class='ocr_carea' id='block_1_53' title="bbox 1939 2378 3510 2453">
    <p class='ocr_par' dir='ltr' id='par_1_53' title="bbox 1939 2378 3510 2453">
     <span class='ocr_line' id='line_1_53' title="bbox 1939 2378 3510 2453; baseline 0.007 -25"><span class='ocrx_word' id='word_1_379' title='bbox 1939 2389 2142 2444; x_wconf 86' lang='lat' dir='ltr'><strong>moque</strong></span> <span class='ocrx_word' id='word_1_380' title='bbox 2168 2378 2340 2445; x_wconf 46' lang='lat' dir='ltr'><strong>itaque</strong></span> <span class='ocrx_word' id='word_1_381' title='bbox 2375 2384 2435 2431; x_wconf 86' lang='lat' dir='ltr'><strong>et</strong></span> <span class='ocrx_word' id='word_1_382' title='bbox 2480 2388 2712 2448; x_wconf 76' lang='lat' dir='ltr'><strong>augusto</strong></span> <span class='ocrx_word' id='word_1_383' title='bbox 2758 2394 2881 2432; x_wconf 88' lang='lat' dir='ltr'><strong>cum</strong></span> <span class='ocrx_word' id='word_1_384' title='bbox 2940 2381 3052 2433; x_wconf 87' lang='lat' dir='ltr'><strong>risu</strong></span> <span class='ocrx_word' id='word_1_385' title='bbox 3092 2381 3161 2434; x_wconf 86' lang='lat' dir='ltr'><strong>ad</strong></span> <span class='ocrx_word' id='word_1_386' title='bbox 3211 2380 3510 2453; x_wconf 77' lang='lat' dir='ltr'><strong>Gregoram</strong></span> 
     </span>
    </p>
   </div>
   <div class='ocr_carea' id='block_1_54' title="bbox 1938 2466 3514 2533">
    <p class='ocr_par' dir='ltr' id='par_1_54' title="bbox 1938 2466 3514 2533">
     <span class='ocr_line' id='line_1_54' title="bbox 1938 2466 3514 2533; baseline 0.006 -11"><span class='ocrx_word' id='word_1_387' title='bbox 1938 2480 2262 2533; x_wconf 84' lang='lat' dir='ltr'><strong>conversus,</strong></span> <span class='ocrx_word' id='word_1_388' title='bbox 2287 2466 2492 2522; x_wconf 89' lang='lat' dir='ltr'><strong>leniter</strong></span> <span class='ocrx_word' id='word_1_389' title='bbox 2534 2468 2652 2524; x_wconf 78' lang='lat' dir='ltr'><strong>fere</strong></span> <span class='ocrx_word' id='word_1_390' title='bbox 2706 2480 2763 2524; x_wconf 89' lang='lat' dir='ltr'><strong>et</strong></span> <span class='ocrx_word' id='word_1_391' title='bbox 2808 2473 2881 2524; x_wconf 88' lang='lat' dir='ltr'><strong>ita</strong></span> <span class='ocrx_word' id='word_1_392' title='bbox 2919 2481 3032 2525; x_wconf 88' lang='lat' dir='ltr'><strong>uta</strong></span> <span class='ocrx_word' id='word_1_393' title='bbox 3078 2474 3299 2529; x_wconf 88' lang='lat' dir='ltr'><strong>Palama</strong></span> <span class='ocrx_word' id='word_1_394' title='bbox 3331 2476 3514 2532; x_wconf 89' lang='lat' dir='ltr'><strong>audiri</strong></span> 
     </span>
    </p>
   </div>
   <div class='ocr_carea' id='block_1_55' title="bbox 1940 2544 3514 2638">
    <p class='ocr_par' dir='ltr' id='par_1_55' title="bbox 1940 2544 3514 2638">
     <span class='ocr_line' id='line_1_55' title="bbox 1940 2544 3514 2638; baseline 0.006 -24"><span class='ocrx_word' id='word_1_395' title='bbox 1940 2574 2049 2616; x_wconf 89' lang='lat' dir='ltr'><strong>non</strong></span> <span class='ocrx_word' id='word_1_396' title='bbox 2087 2569 2298 2630; x_wconf 79' lang='lat' dir='ltr'><strong>posset,</strong></span> <span class='ocrx_word' id='word_1_397' title='bbox 2326 2544 2614 2616; x_wconf 37' lang='lat' dir='ltr'><strong>suadebat.</strong></span> <span class='ocrx_word' id='word_1_398' title='bbox 2641 2562 2914 2632; x_wconf 76' lang='lat' dir='ltr'><strong>dabatque</strong></span> <span class='ocrx_word' id='word_1_399' title='bbox 2949 2565 3266 2632; x_wconf 86' lang='lat' dir='ltr'><strong>consilium,</strong></span> <span class='ocrx_word' id='word_1_400' title='bbox 3296 2577 3357 2622; x_wconf 91' lang='lat' dir='ltr'><strong>ut</strong></span> <span class='ocrx_word' id='word_1_401' title='bbox 3382 2568 3514 2638; x_wconf 90' lang='lat' dir='ltr'><strong>pla-</strong></span> 
     </span>
    </p>
   </div>
   <div class='ocr_carea' id='block_1_56' title="bbox 1940 2650 3515 2730">
    <p class='ocr_par' dir='ltr' id='par_1_56' title="bbox 1940 2650 3515 2730">
     <span class='ocr_line' id='line_1_56' title="bbox 1940 2650 3515 2730; baseline 0.006 -24"><span class='ocrx_word' id='word_1_402' title='bbox 1940 2650 2183 2707; x_wconf 86' lang='lat' dir='ltr'><strong>cidiores</strong></span> <span class='ocrx_word' id='word_1_403' title='bbox 2204 2652 2257 2708; x_wconf 91' lang='lat' dir='ltr'><strong>ei</strong></span> <span class='ocrx_word' id='word_1_404' title='bbox 2277 2651 2536 2708; x_wconf 81' lang='lat' dir='ltr'><strong>redderet</strong></span> <span class='ocrx_word' id='word_1_405' title='bbox 2564 2666 2871 2719; x_wconf 82' lang='lat' dir='ltr'><strong>sermones,</strong></span> <span class='ocrx_word' id='word_1_406' title='bbox 2907 2671 2977 2710; x_wconf 86' lang='lat' dir='ltr'><strong>ne</strong></span> <span class='ocrx_word' id='word_1_407' title='bbox 3005 2656 3137 2724; x_wconf 86' lang='lat' dir='ltr'><strong>quid</strong></span> <span class='ocrx_word' id='word_1_408' title='bbox 3168 2657 3515 2730; x_wconf 82' lang='lat' dir='ltr'><strong>inexspecta-</strong></span> 
     </span>
    </p>
   </div>
   <div class='ocr_carea' id='block_1_57' title="bbox 1940 2745 3515 2819">
    <p class='ocr_par' dir='ltr' id='par_1_57' title="bbox 1940 2745 3515 2819">
     <span class='ocr_line' id='line_1_57' title="bbox 1940 2745 3515 2819; baseline 0.006 -21"><span class='ocrx_word' id='word_1_409' title='bbox 1940 2752 2057 2798; x_wconf 88' lang='lat' dir='ltr'><strong>tum</strong></span> <span class='ocrx_word' id='word_1_410' title='bbox 2088 2752 2390 2814; x_wconf 82' lang='lat' dir='ltr'><strong>pateretur.</strong></span> <span class='ocrx_word' id='word_1_411' title='bbox 2444 2745 2550 2812; x_wconf 86' lang='lat' dir='ltr'><strong>Qui</strong></span> <span class='ocrx_word' id='word_1_412' title='bbox 2596 2760 2748 2810; x_wconf 86' lang='lat' dir='ltr'><strong>cum,</strong></span> <span class='ocrx_word' id='word_1_413' title='bbox 2810 2747 2923 2802; x_wconf 88' lang='lat' dir='ltr'><strong>Hoc</strong></span> <span class='ocrx_word' id='word_1_414' title='bbox 2962 2750 3092 2812; x_wconf 88' lang='lat' dir='ltr'><strong>erit,</strong></span> <span class='ocrx_word' id='word_1_415' title='bbox 3118 2751 3515 2819; x_wconf 69' lang='lat' dir='ltr'><strong>respondisset,</strong></span> 
     </span>
    </p>
   </div>
   <div class='ocr_carea' id='block_1_58' title="bbox 1937 2833 2585 2905">
    <p class='ocr_par' dir='ltr' id='par_1_58' title="bbox 1937 2833 2585 2905">
     <span class='ocr_line' id='line_1_58' title="bbox 1937 2833 2585 2905; baseline -0.002 -17"><span class='ocrx_word' id='word_1_416' title='bbox 1937 2833 2047 2902; x_wconf 84' lang='lat' dir='ltr'><strong>jam</strong></span> <span class='ocrx_word' id='word_1_417' title='bbox 2079 2834 2341 2889; x_wconf 82' lang='lat' dir='ltr'><strong>conticuit</strong></span> <span class='ocrx_word' id='word_1_418' title='bbox 2378 2843 2585 2905; x_wconf 88' lang='lat' dir='ltr'><strong>postea.</strong></span> 
     </span>
    </p>
   </div>
   <div class='ocr_carea' id='block_1_59' title="bbox 2015 2996 3514 3087">
    <p class='ocr_par' dir='ltr' id='par_1_59' title="bbox 2015 2996 3514 3087">
     <span class='ocr_line' id='line_1_59' title="bbox 2015 2996 3514 3087; baseline 0.009 -21"><span class='ocrx_word' id='word_1_419' title='bbox 2015 2996 2460 3075; x_wconf 51' lang='lat' dir='ltr'><strong>XXX._Palamas</strong></span> <span class='ocrx_word' id='word_1_420' title='bbox 2491 3022 2669 3069; x_wconf 87' lang='lat' dir='ltr'><strong>tamen</strong></span> <span class='ocrx_word' id='word_1_421' title='bbox 2706 3029 2830 3069; x_wconf 88' lang='lat' dir='ltr'><strong>cum</strong></span> <span class='ocrx_word' id='word_1_422' title='bbox 2889 3016 3081 3087; x_wconf 80' lang='lat' dir='ltr'><strong>dogma</strong></span> <span class='ocrx_word' id='word_1_423' title='bbox 3112 3034 3273 3074; x_wconf 87' lang='lat' dir='ltr'><strong>suum</strong></span> <span class='ocrx_word' id='word_1_424' title='bbox 3296 3024 3472 3079; x_wconf 86' lang='lat' dir='ltr'><strong>multo</strong></span> <span class='ocrx_word' id='word_1_425' title='bbox 3500 3057 3514 3065; x_wconf 90' lang='lat'>-</span> 
     </span>
    </p>
   </div>
   <div class='ocr_carea' id='block_1_60' title="bbox 1944 3106 3519 3184">
    <p class='ocr_par' dir='ltr' id='par_1_60' title="bbox 1944 3106 3519 3184">
     <span class='ocr_line' id='line_1_60' title="bbox 1944 3106 3519 3184; baseline 0.007 -25"><span class='ocrx_word' id='word_1_426' title='bbox 1944 3122 2064 3160; x_wconf 90' lang='lat' dir='ltr'><strong>rum</strong></span> <span class='ocrx_word' id='word_1_427' title='bbox 2100 3106 2331 3161; x_wconf 89' lang='lat' dir='ltr'><strong>deorum</strong></span> <span class='ocrx_word' id='word_1_428' title='bbox 2366 3112 2537 3177; x_wconf 80' lang='lat' dir='ltr'><strong>magis</strong></span> <span class='ocrx_word' id='word_1_429' title='bbox 2554 3108 2879 3164; x_wconf 78' lang='lat' dir='ltr'><strong>conﬁrmare</strong></span> <span class='ocrx_word' id='word_1_430' title='bbox 2901 3111 3060 3181; x_wconf 85' lang='lat'><strong>337</strong></span> <span class='ocrx_word' id='word_1_431' title='bbox 3094 3113 3275 3177; x_wconf 83' lang='lat' dir='ltr'><strong>vellet,</strong></span> <span class='ocrx_word' id='word_1_432' title='bbox 3340 3119 3519 3184; x_wconf 83' lang='lat' dir='ltr'><strong>prola-</strong></span> 
     </span>
    </p>
   </div>
   <div class='ocr_carea' id='block_1_61' title="bbox 271 3193 1839 3290">
    <p class='ocr_par' dir='ltr' id='par_1_61' title="bbox 271 3193 1839 3290">
     <span class='ocr_line' id='line_1_61' title="bbox 271 3193 1839 3290; baseline -0.004 -18"><span class='ocrx_word' id='word_1_433' title='bbox 271 3220 524 3290; x_wconf 77' lang='grc' dir='ltr'><strong>ἐλέγχους</strong></span> <span class='ocrx_word' id='word_1_434' title='bbox 556 3220 796 3281; x_wconf 75' lang='grc' dir='ltr'><strong>ἐκείνους</strong></span> <span class='ocrx_word' id='word_1_435' title='bbox 853 3193 1004 3287; x_wconf 79' lang='grc' dir='ltr'>αὐτῷ</span> <span class='ocrx_word' id='word_1_436' title='bbox 1040 3218 1135 3275; x_wconf 78' lang='grc' dir='ltr'><strong>καὶ</strong></span> <span class='ocrx_word' id='word_1_437' title='bbox 1170 3218 1268 3285; x_wconf 79' lang='grc' dir='ltr'><strong>τὴν</strong></span> <span class='ocrx_word' id='word_1_438' title='bbox 1293 3193 1418 3271; x_wconf 82' lang='grc' dir='ltr'><strong>κατ’</strong></span> <span class='ocrx_word' id='word_1_439' title='bbox 1460 3193 1624 3269; x_wconf 77' lang='grc' dir='ltr'>αὐτοῦ</span> <span class='ocrx_word' id='word_1_440' title='bbox 1662 3215 1839 3284; x_wconf 84' lang='grc' dir='ltr'><strong>χυθεί-</strong></span> 
     </span>
    </p>
   </div>
   <div class='ocr_carea' id='block_1_62' title="bbox 1943 3193 3512 3290">
    <p class='ocr_par' dir='ltr' id='par_1_62' title="bbox 1948 3202 3512 3269">
     <span class='ocr_line' id='line_1_62' title="bbox 1948 3202 3512 3269; baseline 0.008 -16"><span class='ocrx_word' id='word_1_441' title='bbox 1948 3209 2127 3253; x_wconf 88' lang='lat' dir='ltr'><strong>torum</strong></span> <span class='ocrx_word' id='word_1_442' title='bbox 2160 3210 2613 3269; x_wconf 80' lang='lat' dir='ltr'><strong>argumentorum</strong></span> <span class='ocrx_word' id='word_1_443' title='bbox 2670 3202 2892 3257; x_wconf 90' lang='lat' dir='ltr'><strong>illorum</strong></span> <span class='ocrx_word' id='word_1_444' title='bbox 2952 3214 3011 3258; x_wconf 85' lang='lat' dir='ltr'><strong>ct</strong></span> <span class='ocrx_word' id='word_1_445' title='bbox 3039 3207 3411 3265; x_wconf 80' lang='lat' dir='ltr'><strong>cavillationis</strong></span> <span class='ocrx_word' id='word_1_446' title='bbox 3456 3212 3512 3266; x_wconf 92' lang='lat' dir='ltr'><strong>in</strong></span> 
     </span>
    </p>
   </div>
   <div class='ocr_carea' id='block_1_63' title="bbox 271 3304 1842 3381">
    <p class='ocr_par' dir='ltr' id='par_1_63' title="bbox 271 3304 1842 3381">
     <span class='ocr_line' id='line_1_63' title="bbox 271 3304 1842 3381; baseline -0.004 -17"><span class='ocrx_word' id='word_1_447' title='bbox 271 3328 371 3364; x_wconf 83' lang='grc' dir='ltr'><strong>σαν</strong></span> <span class='ocrx_word' id='word_1_448' title='bbox 411 3311 607 3381; x_wconf 83' lang='grc' dir='ltr'><strong>χλεύην</strong></span> <span class='ocrx_word' id='word_1_449' title='bbox 636 3311 721 3379; x_wconf 79' lang='grc' dir='ltr'><strong>ἐφ’</strong></span> <span class='ocrx_word' id='word_1_450' title='bbox 755 3304 834 3373; x_wconf 81' lang='grc' dir='ltr'><strong>οἷς</strong></span> <span class='ocrx_word' id='word_1_451' title='bbox 869 3307 1140 3379; x_wconf 77' lang='grc' dir='ltr'><strong>προύθετο</strong></span> <span class='ocrx_word' id='word_1_452' title='bbox 1179 3310 1315 3361; x_wconf 82' lang='grc' dir='ltr'>πᾶσι</span> <span class='ocrx_word' id='word_1_453' title='bbox 1351 3310 1581 3377; x_wconf 79' lang='grc' dir='ltr'><strong>τάχιστα</strong></span> <span class='ocrx_word' id='word_1_454' title='bbox 1619 3306 1842 3359; x_wconf 73' lang='grc' dir='ltr'>ἐκλαθό-</span> 
     </span>
    </p>
   </div>
   <div class='ocr_carea' id='block_1_64' title="bbox 276 3398 1842 3473">
    <p class='ocr_par' dir='ltr' id='par_1_64' title="bbox 276 3398 1842 3473">
     <span class='ocr_line' id='line_1_64' title="bbox 276 3398 1842 3473; baseline -0.004 -16"><span class='ocrx_word' id='word_1_455' title='bbox 276 3423 436 3468; x_wconf 82' lang='grc' dir='ltr'><strong>μενος</strong></span> <span class='ocrx_word' id='word_1_456' title='bbox 477 3405 563 3458; x_wconf 79' lang='grc' dir='ltr'><strong>διὰ</strong></span> <span class='ocrx_word' id='word_1_457' title='bbox 601 3402 946 3473; x_wconf 81' lang='grc' dir='ltr'><strong>σκληρότητα</strong></span> <span class='ocrx_word' id='word_1_458' title='bbox 1003 3404 1097 3454; x_wconf 74' lang='grc' dir='ltr'>καὶ</span> <span class='ocrx_word' id='word_1_459' title='bbox 1154 3401 1512 3470; x_wconf 81' lang='grc' dir='ltr'>ἀναλγησίαν,</span> <span class='ocrx_word' id='word_1_460' title='bbox 1546 3399 1621 3463; x_wconf 75' lang='grc' dir='ltr'><strong>ὡς</strong></span> <span class='ocrx_word' id='word_1_461' title='bbox 1673 3398 1842 3463; x_wconf 74' lang='grc' dir='ltr'>ἔοικε,</span> 
     </span>
    </p>
   </div>
   <div class='ocr_carea' id='block_1_65' title="bbox 271 3485 1839 3561">
    <p class='ocr_par' dir='ltr' id='par_1_65' title="bbox 271 3485 1839 3561">
     <span class='ocr_line' id='line_1_65' title="bbox 271 3485 1839 3561; baseline -0.003 -18"><span class='ocrx_word' id='word_1_462' title='bbox 271 3492 520 3561; x_wconf 78' lang='grc' dir='ltr'><strong>γνώμης,</strong></span> <span class='ocrx_word' id='word_1_463' title='bbox 580 3491 771 3561; x_wconf 80' lang='grc' dir='ltr'><strong>ἑτέρας</strong></span> <span class='ocrx_word' id='word_1_464' title='bbox 828 3485 989 3550; x_wconf 81' lang='grc' dir='ltr'>αὖθις</span> <span class='ocrx_word' id='word_1_465' title='bbox 1051 3490 1240 3558; x_wconf 78' lang='grc' dir='ltr'>εἰσῆγε</span> <span class='ocrx_word' id='word_1_466' title='bbox 1296 3489 1470 3554; x_wconf 79' lang='grc' dir='ltr'><strong>λόγων</strong></span> <span class='ocrx_word' id='word_1_467' title='bbox 1511 3487 1839 3557; x_wconf 79' lang='grc' dir='ltr'>προφάσεις,</span> 
     </span>
    </p>
   </div>
   <div class='ocr_carea' id='block_1_66' title="bbox 274 3582 1843 3656">
    <p class='ocr_par' dir='ltr' id='par_1_66' title="bbox 274 3582 1843 3656">
     <span class='ocr_line' id='line_1_66' title="bbox 274 3582 1843 3656; baseline -0.002 -18"><span class='ocrx_word' id='word_1_468' title='bbox 274 3584 802 3656; x_wconf 72' lang='grc' dir='ltr'><strong>παραθαρρύνοντας</strong></span> <span class='ocrx_word' id='word_1_469' title='bbox 832 3583 973 3654; x_wconf 75' lang='grc' dir='ltr'><strong>ἔχων</strong></span> <span class='ocrx_word' id='word_1_470' title='bbox 1005 3585 1193 3646; x_wconf 83' lang='grc' dir='ltr'><strong>ὁποῖος</strong></span> <span class='ocrx_word' id='word_1_471' title='bbox 1221 3582 1384 3645; x_wconf 80' lang='grc' dir='ltr'>αὐτὸς</span> <span class='ocrx_word' id='word_1_472' title='bbox 1417 3582 1696 3644; x_wconf 72' lang='grc' dir='ltr'>θιασώτας</span> <span class='ocrx_word' id='word_1_473' title='bbox 1726 3582 1843 3635; x_wconf 77' lang='grc' dir='ltr'><strong>ἐκεῖ</strong></span> 
     </span>
    </p>
   </div>
   <div class='ocr_carea' id='block_1_67' title="bbox 270 3676 1839 3748">
    <p class='ocr_par' dir='ltr' id='par_1_67' title="bbox 270 3676 1839 3748">
     <span class='ocr_line' id='line_1_67' title="bbox 270 3676 1839 3748; baseline -0.002 -17"><span class='ocrx_word' id='word_1_474' title='bbox 270 3681 339 3731; x_wconf 73' lang='grc' dir='ltr'><strong>τὰ</strong></span> <span class='ocrx_word' id='word_1_475' title='bbox 374 3678 852 3748; x_wconf 75' lang='grc' dir='ltr'><strong>προστυγχάνοντα</strong></span> <span class='ocrx_word' id='word_1_476' title='bbox 893 3677 1075 3744; x_wconf 76' lang='grc' dir='ltr'><strong>λέγειν</strong></span> <span class='ocrx_word' id='word_1_477' title='bbox 1105 3678 1212 3740; x_wconf 74' lang='grc' dir='ltr'>ἀεὶ,</span> <span class='ocrx_word' id='word_1_478' title='bbox 1247 3676 1322 3747; x_wconf 81' lang='grc' dir='ltr'><strong>μὴ</strong></span> <span class='ocrx_word' id='word_1_479' title='bbox 1370 3681 1655 3746; x_wconf 79' lang='grc' dir='ltr'><strong>σιωπήσας</strong></span> <span class='ocrx_word' id='word_1_480' title='bbox 1712 3677 1839 3748; x_wconf 78' lang='grc' dir='ltr'><strong>δόξῃ</strong></span> 
     </span>
    </p>
   </div>
   <div class='ocr_carea' id='block_1_68' title="bbox 272 3766 1842 3839">
    <p class='ocr_par' dir='ltr' id='par_1_68' title="bbox 272 3766 1842 3839">
     <span class='ocr_line' id='line_1_68' title="bbox 272 3766 1842 3839; baseline -0.002 -15"><span class='ocrx_word' id='word_1_481' title='bbox 272 3771 527 3824; x_wconf 78' lang='grc' dir='ltr'>νικᾶσθαι</span> <span class='ocrx_word' id='word_1_482' title='bbox 552 3772 663 3830; x_wconf 85' lang='grc' dir='ltr'><strong>τοῖς</strong></span> <span class='ocrx_word' id='word_1_483' title='bbox 699 3768 995 3833; x_wconf 81' lang='grc' dir='ltr'><strong>πλείστοις,</strong></span> <span class='ocrx_word' id='word_1_484' title='bbox 1018 3766 1066 3821; x_wconf 81' lang='grc' dir='ltr'><strong>οἶ</strong></span> <span class='ocrx_word' id='word_1_485' title='bbox 1096 3768 1156 3820; x_wconf 75' lang='grc' dir='ltr'><strong>τὸ</strong></span> <span class='ocrx_word' id='word_1_486' title='bbox 1188 3769 1344 3838; x_wconf 81' lang='grc' dir='ltr'><strong>νικᾷν</strong></span> <span class='ocrx_word' id='word_1_487' title='bbox 1381 3768 1516 3839; x_wconf 81' lang='grc' dir='ltr'><strong>μόνῃ</strong></span> <span class='ocrx_word' id='word_1_488' title='bbox 1546 3767 1610 3837; x_wconf 82' lang='grc' dir='ltr'><strong>δὴ</strong></span> <span class='ocrx_word' id='word_1_489' title='bbox 1649 3770 1717 3838; x_wconf 81' lang='grc' dir='ltr'><strong>τῇ</strong></span> <span class='ocrx_word' id='word_1_490' title='bbox 1742 3785 1842 3821; x_wconf 82' lang='grc' dir='ltr'><strong>πο-</strong></span> 
     </span>
    </p>
   </div>
   <div class='ocr_carea' id='block_1_69' title="bbox 271 3857 1840 3931">
    <p class='ocr_par' dir='ltr' id='par_1_69' title="bbox 271 3857 1840 3931">
     <span class='ocr_line' id='line_1_69' title="bbox 271 3857 1840 3931; baseline -0.002 -19"><span class='ocrx_word' id='word_1_491' title='bbox 271 3860 495 3930; x_wconf 78' lang='grc' dir='ltr'><strong>λυλογίᾳ</strong></span> <span class='ocrx_word' id='word_1_492' title='bbox 526 3857 998 3931; x_wconf 78' lang='grc' dir='ltr'><strong>παραμετροῦσιν.</strong></span> <span class='ocrx_word' id='word_1_493' title='bbox 1035 3858 1255 3928; x_wconf 77' lang='grc' dir='ltr'><strong>’ἰταμὸν</strong></span> <span class='ocrx_word' id='word_1_494' title='bbox 1282 3857 1393 3929; x_wconf 73' lang='grc' dir='ltr'><strong>γὰρ</strong></span> <span class='ocrx_word' id='word_1_495' title='bbox 1424 3860 1456 3928; x_wconf 87' lang='grc' dir='ltr'><strong>ή</strong></span> <span class='ocrx_word' id='word_1_496' title='bbox 1496 3857 1713 3926; x_wconf 79' lang='grc' dir='ltr'>ἀμαθία</span> <span class='ocrx_word' id='word_1_497' title='bbox 1742 3858 1840 3910; x_wconf 78' lang='grc' dir='ltr'><strong>καὶ</strong></span> 
     </span>
    </p>
   </div>
   <div class='ocr_carea' id='block_1_70' title="bbox 273 3949 1840 4022">
    <p class='ocr_par' dir='ltr' id='par_1_70' title="bbox 273 3949 1840 4022">
     <span class='ocr_line' id='line_1_70' title="bbox 273 3949 1840 4022; baseline -0.001 -17"><span class='ocrx_word' id='word_1_498' title='bbox 273 3953 478 4022; x_wconf 54' lang='grc' dir='ltr'><strong>σφόδρα</strong></span> <span class='ocrx_word' id='word_1_499' title='bbox 500 3967 556 4004; x_wconf 87' lang='grc' dir='ltr'><strong>τι</strong></span> <span class='ocrx_word' id='word_1_500' title='bbox 583 3950 815 4013; x_wconf 79' lang='grc' dir='ltr'><strong>ἀναιδὲς,</strong></span> <span class='ocrx_word' id='word_1_501' title='bbox 848 3951 943 4002; x_wconf 75' lang='grc' dir='ltr'>καὶ</span> <span class='ocrx_word' id='word_1_502' title='bbox 973 3949 1119 4019; x_wconf 87' lang='grc' dir='ltr'><strong>φιλεί</strong></span> <span class='ocrx_word' id='word_1_503' title='bbox 1145 3966 1209 4018; x_wconf 86' lang='grc' dir='ltr'><strong>γε</strong></span> <span class='ocrx_word' id='word_1_504' title='bbox 1236 3950 1313 4012; x_wconf 82' lang='grc' dir='ltr'><strong>ὡς</strong></span> <span class='ocrx_word' id='word_1_505' title='bbox 1350 3949 1419 4002; x_wconf 79' lang='grc' dir='ltr'><strong>τὰ</strong></span> <span class='ocrx_word' id='word_1_506' title='bbox 1447 3949 1616 4003; x_wconf 76' lang='grc' dir='ltr'><strong>πολλὰ</strong></span> <span class='ocrx_word' id='word_1_507' title='bbox 1638 3950 1700 4003; x_wconf 75' lang='grc' dir='ltr'><strong>τὸ</strong></span> <span class='ocrx_word' id='word_1_508' title='bbox 1740 3950 1840 4018; x_wconf 79' lang='grc' dir='ltr'><strong>τῆς</strong></span> 
     </span>
    </p>
   </div>
   <div class='ocr_carea' id='block_1_71' title="bbox 274 4039 1843 4117">
    <p class='ocr_par' dir='ltr' id='par_1_71' title="bbox 274 4039 1843 4117">
     <span class='ocr_line' id='line_1_71' title="bbox 274 4039 1843 4117; baseline -0.001 -21"><span class='ocrx_word' id='word_1_509' title='bbox 274 4043 562 4115; x_wconf 85' lang='grc' dir='ltr'>μαθήσεως</span> <span class='ocrx_word' id='word_1_510' title='bbox 587 4040 797 4105; x_wconf 67' lang='grc' dir='ltr'><strong>ἐλλιπὲς</strong></span> <span class='ocrx_word' id='word_1_511' title='bbox 825 4039 1063 4117; x_wconf 71' lang='grc' dir='ltr'>θράσους</span> <span class='ocrx_word' id='word_1_512' title='bbox 1090 4039 1391 4104; x_wconf 74' lang='grc' dir='ltr'>ἀνασώζειν</span> <span class='ocrx_word' id='word_1_513' title='bbox 1417 4040 1722 4112; x_wconf 72' lang='grc' dir='ltr'><strong>πλεονεξίᾳ,</strong></span> <span class='ocrx_word' id='word_1_514' title='bbox 1740 4041 1843 4095; x_wconf 76' lang='grc' dir='ltr'><strong>καὶ</strong></span> 
     </span>
    </p>
   </div>
   <div class='ocr_carea' id='block_1_72' title="bbox 274 4133 1844 4205">
    <p class='ocr_par' dir='ltr' id='par_1_72' title="bbox 274 4133 1844 4205">
     <span class='ocr_line' id='line_1_72' title="bbox 274 4133 1844 4205; baseline -0.001 -17"><span class='ocrx_word' id='word_1_515' title='bbox 274 4133 493 4204; x_wconf 78' lang='grc' dir='ltr'><strong>μάλισθ’</strong></span> <span class='ocrx_word' id='word_1_516' title='bbox 518 4134 647 4186; x_wconf 86' lang='grc' dir='ltr'>ὅταν</span> <span class='ocrx_word' id='word_1_517' title='bbox 681 4133 954 4203; x_wconf 79' lang='grc' dir='ltr'><strong>ἀμαθέσιν</strong></span> <span class='ocrx_word' id='word_1_518' title='bbox 980 4134 1279 4204; x_wconf 78' lang='grc' dir='ltr'><strong>ἀκροαταῖς</strong></span> <span class='ocrx_word' id='word_1_519' title='bbox 1305 4134 1631 4205; x_wconf 81' lang='grc' dir='ltr'><strong>ἐντυγχάνῃ.</strong></span> <span class='ocrx_word' id='word_1_520' title='bbox 1663 4136 1761 4187; x_wconf 78' lang='grc' dir='ltr'><strong>Ἂν</strong></span> <span class='ocrx_word' id='word_1_521' title='bbox 1785 4133 1844 4187; x_wconf 74' lang='grc' dir='ltr'><strong>δὲ</strong></span> 
     </span>
    </p>
   </div>
   <div class='ocr_carea' id='block_1_73' title="bbox 271 4223 1844 4295">
    <p class='ocr_par' dir='ltr' id='par_1_73' title="bbox 271 4223 1844 4295">
     <span class='ocr_line' id='line_1_73' title="bbox 271 4223 1844 4295; baseline 0.001 -19"><span class='ocrx_word' id='word_1_522' title='bbox 271 4225 369 4278; x_wconf 71' lang='grc' dir='ltr'><strong>καὶ</strong></span> <span class='ocrx_word' id='word_1_523' title='bbox 400 4226 626 4293; x_wconf 67' lang='grc' dir='ltr'><strong>ἰταμοὺς</strong></span> <span class='ocrx_word' id='word_1_524' title='bbox 672 4226 877 4293; x_wconf 83' lang='grc' dir='ltr'>ὁμοίως</span> <span class='ocrx_word' id='word_1_525' title='bbox 911 4223 1227 4295; x_wconf 73' lang='grc' dir='ltr'><strong>ἐξεπίτηδες</strong></span> <span class='ocrx_word' id='word_1_526' title='bbox 1259 4225 1432 4286; x_wconf 75' lang='grc' dir='ltr'>ἐνίους</span> <span class='ocrx_word' id='word_1_527' title='bbox 1473 4224 1571 4294; x_wconf 67' lang='grc' dir='ltr'><strong>ἔχῃ</strong></span> <span class='ocrx_word' id='word_1_528' title='bbox 1607 4223 1844 4277; x_wconf 84' lang='grc' dir='ltr'><strong>σπουδα-</strong></span> 
     </span>
    </p>
   </div>
   <div class='ocr_carea' id='block_1_74' title="bbox 274 4311 1844 4382">
    <p class='ocr_par' dir='ltr' id='par_1_74' title="bbox 274 4311 1844 4382">
     <span class='ocr_line' id='line_1_74' title="bbox 274 4311 1844 4382; baseline 0.001 -19"><span class='ocrx_word' id='word_1_529' title='bbox 274 4311 428 4373; x_wconf 81' lang='grc' dir='ltr'><strong>στὰς,</strong></span> <span class='ocrx_word' id='word_1_530' title='bbox 458 4311 693 4379; x_wconf 67' lang='grc' dir='ltr'><strong>ἀσήμοις</strong></span> <span class='ocrx_word' id='word_1_531' title='bbox 727 4311 1157 4381; x_wconf 82' lang='grc' dir='ltr'><strong>ὲπικροτοῦντας</strong></span> <span class='ocrx_word' id='word_1_532' title='bbox 1203 4313 1476 4381; x_wconf 82' lang='grc' dir='ltr'>κραυγαῖς</span> <span class='ocrx_word' id='word_1_533' title='bbox 1506 4313 1598 4364; x_wconf 78' lang='grc' dir='ltr'><strong>καὶ</strong></span> <span class='ocrx_word' id='word_1_534' title='bbox 1637 4313 1704 4382; x_wconf 79' lang='grc' dir='ltr'><strong>τῇ</strong></span> <span class='ocrx_word' id='word_1_535' title='bbox 1743 4316 1844 4382; x_wconf 77' lang='grc' dir='ltr'><strong>τῆς</strong></span> 
     </span>
    </p>
   </div>
   <div class='ocr_carea' id='block_1_75' title="bbox 272 4402 1844 4474">
    <p class='ocr_par' dir='ltr' id='par_1_75' title="bbox 272 4402 1844 4474">
     <span class='ocr_line' id='line_1_75' title="bbox 272 4402 1844 4474; baseline 0.001 -19"><span class='ocrx_word' id='word_1_536' title='bbox 272 4404 444 4471; x_wconf 80' lang='grc' dir='ltr'>ἀκοῆς</span> <span class='ocrx_word' id='word_1_537' title='bbox 477 4402 988 4471; x_wconf 77' lang='grc' dir='ltr'><strong>ἀντιπαταγοῦντας</strong></span> <span class='ocrx_word' id='word_1_538' title='bbox 1027 4402 1312 4474; x_wconf 69' lang='grc' dir='ltr'>ἐλευθερίᾳ</span> <span class='ocrx_word' id='word_1_539' title='bbox 1364 4409 1457 4455; x_wconf 66' lang='grc' dir='ltr'><strong>καὶ¹</strong></span> <span class='ocrx_word' id='word_1_540' title='bbox 1509 4404 1844 4473; x_wconf 78' lang='grc' dir='ltr'><strong>συγχέοντας</strong></span> 
     </span>
    </p>
   </div>
   <div class='ocr_carea' id='block_1_76' title="bbox 1943 3290 3515 3367">
    <p class='ocr_par' dir='ltr' id='par_1_76' title="bbox 1943 3290 3515 3367">
     <span class='ocr_line' id='line_1_76' title="bbox 1943 3290 3515 3367; baseline 0.01 -24"><span class='ocrx_word' id='word_1_541' title='bbox 1943 3306 2068 3364; x_wconf 83' lang='lat' dir='ltr'><strong>eum</strong></span> <span class='ocrx_word' id='word_1_542' title='bbox 2125 3290 2311 3346; x_wconf 67' lang='lat' dir='ltr'><strong>otiosae</strong></span> <span class='ocrx_word' id='word_1_543' title='bbox 2352 3301 2580 3360; x_wconf 87' lang='lat' dir='ltr'><strong>propter</strong></span> <span class='ocrx_word' id='word_1_544' title='bbox 2616 3309 2678 3346; x_wconf 88' lang='lat' dir='ltr'><strong>ea</strong></span> <span class='ocrx_word' id='word_1_545' title='bbox 2725 3309 2846 3361; x_wconf 70' lang='lat' dir='ltr'><strong>quze</strong></span> <span class='ocrx_word' id='word_1_546' title='bbox 2891 3295 3154 3351; x_wconf 89' lang='lat' dir='ltr'><strong>omnibus</strong></span> <span class='ocrx_word' id='word_1_547' title='bbox 3208 3314 3444 3367; x_wconf 85' lang='lat' dir='ltr'><strong>preposu</strong></span> <span class='ocrx_word' id='word_1_548' title='bbox 3474 3317 3515 3359; x_wconf 89' lang='lat' dir='ltr'><strong>t.</strong></span> 
     </span>
    </p>
   </div>
   <div class='ocr_carea' id='block_1_77' title="bbox 1945 3384 3521 3462">
    <p class='ocr_par' dir='ltr' id='par_1_77' title="bbox 1945 3384 3521 3462">
     <span class='ocr_line' id='line_1_77' title="bbox 1945 3384 3521 3462; baseline 0.009 -27"><span class='ocrx_word' id='word_1_549' title='bbox 1945 3384 2150 3438; x_wconf 85' lang='lat' dir='ltr'><strong>oblitus</strong></span> <span class='ocrx_word' id='word_1_550' title='bbox 2176 3384 2485 3449; x_wconf 79' lang='lat' dir='ltr'><strong>celerrime,</strong></span> <span class='ocrx_word' id='word_1_551' title='bbox 2525 3397 2748 3456; x_wconf 89' lang='lat' dir='ltr'><strong>propter</strong></span> <span class='ocrx_word' id='word_1_552' title='bbox 2775 3387 3009 3458; x_wconf 77' lang='lat' dir='ltr'><strong>rigorem</strong></span> <span class='ocrx_word' id='word_1_553' title='bbox 3037 3398 3092 3444; x_wconf 92' lang='lat' dir='ltr'><strong>ct</strong></span> <span class='ocrx_word' id='word_1_554' title='bbox 3143 3399 3421 3462; x_wconf 86' lang='lat' dir='ltr'><strong>torporem</strong></span> <span class='ocrx_word' id='word_1_555' title='bbox 3459 3407 3521 3449; x_wconf 85' lang='lat' dir='ltr'><strong>ut</strong></span> 
     </span>
    </p>
   </div>
   <div class='ocr_carea' id='block_1_78' title="bbox 1944 3476 3519 3542">
    <p class='ocr_par' dir='ltr' id='par_1_78' title="bbox 1944 3476 3519 3542">
     <span class='ocr_line' id='line_1_78' title="bbox 1944 3476 3519 3542; baseline 0.008 -13"><span class='ocrx_word' id='word_1_556' title='bbox 1944 3476 2168 3531; x_wconf 82' lang='lat' dir='ltr'><strong>videtur</strong></span> <span class='ocrx_word' id='word_1_557' title='bbox 2199 3477 2390 3541; x_wconf 90' lang='lat' dir='ltr'><strong>animi,</strong></span> <span class='ocrx_word' id='word_1_558' title='bbox 2425 3479 2563 3533; x_wconf 89' lang='lat' dir='ltr'><strong>alias</strong></span> <span class='ocrx_word' id='word_1_559' title='bbox 2628 3495 2821 3535; x_wconf 89' lang='lat' dir='ltr'><strong>rursus</strong></span> <span class='ocrx_word' id='word_1_560' title='bbox 2888 3480 3271 3539; x_wconf 81' lang='lat' dir='ltr'><strong>introducebat</strong></span> <span class='ocrx_word' id='word_1_561' title='bbox 3309 3502 3519 3542; x_wconf 87' lang='lat' dir='ltr'><strong>sermo-</strong></span> 
     </span>
    </p>
   </div>
   <div class='ocr_carea' id='block_1_79' title="bbox 1942 3570 3519 3650">
    <p class='ocr_par' dir='ltr' id='par_1_79' title="bbox 1942 3570 3519 3650">
     <span class='ocr_line' id='line_1_79' title="bbox 1942 3570 3519 3650; baseline 0.008 -29"><span class='ocrx_word' id='word_1_562' title='bbox 1942 3584 2076 3623; x_wconf 88' lang='lat' dir='ltr'><strong>num</strong></span> <span class='ocrx_word' id='word_1_563' title='bbox 2104 3570 2343 3639; x_wconf 86' lang='lat' dir='ltr'><strong>species,</strong></span> <span class='ocrx_word' id='word_1_564' title='bbox 2387 3587 2513 3625; x_wconf 89' lang='lat' dir='ltr'><strong>cum</strong></span> <span class='ocrx_word' id='word_1_565' title='bbox 2549 3572 2778 3627; x_wconf 86' lang='lat' dir='ltr'><strong>haberet</strong></span> <span class='ocrx_word' id='word_1_566' title='bbox 2847 3575 3141 3631; x_wconf 85' lang='lat' dir='ltr'><strong>incitantes</strong></span> <span class='ocrx_word' id='word_1_567' title='bbox 3178 3578 3275 3642; x_wconf 91' lang='lat' dir='ltr'><strong>ibi,</strong></span> <span class='ocrx_word' id='word_1_568' title='bbox 3334 3582 3519 3650; x_wconf 82' lang='lat' dir='ltr'><strong>qualis</strong></span> 
     </span>
    </p>
   </div>
   <div class='ocr_carea' id='block_1_80' title="bbox 1942 3662 3517 3742">
    <p class='ocr_par' dir='ltr' id='par_1_80' title="bbox 1942 3662 3517 3742">
     <span class='ocr_line' id='line_1_80' title="bbox 1942 3662 3517 3742; baseline 0.009 -25"><span class='ocrx_word' id='word_1_569' title='bbox 1942 3662 2060 3732; x_wconf 89' lang='lat' dir='ltr'><strong>ipse</strong></span> <span class='ocrx_word' id='word_1_570' title='bbox 2088 3673 2229 3730; x_wconf 89' lang='lat' dir='ltr'><strong>erat,</strong></span> <span class='ocrx_word' id='word_1_571' title='bbox 2259 3665 2443 3720; x_wconf 88' lang='lat' dir='ltr'><strong>socios</strong></span> <span class='ocrx_word' id='word_1_572' title='bbox 2466 3664 2531 3720; x_wconf 91' lang='lat' dir='ltr'><strong>ad</strong></span> <span class='ocrx_word' id='word_1_573' title='bbox 2565 3669 2749 3720; x_wconf 86' lang='lat' dir='ltr'><strong>omnia</strong></span> <span class='ocrx_word' id='word_1_574' title='bbox 2772 3682 2993 3738; x_wconf 78' lang='lat' dir='ltr'><strong>semper</strong></span> <span class='ocrx_word' id='word_1_575' title='bbox 3021 3670 3250 3727; x_wconf 76' lang='lat' dir='ltr'><strong>dicenda</strong></span> <span class='ocrx_word' id='word_1_576' title='bbox 3274 3683 3517 3742; x_wconf 83' lang='lat' dir='ltr'><strong>paratos.</strong></span> 
     </span>
    </p>
   </div>
   <div class='ocr_carea' id='block_1_81' title="bbox 1944 3757 3520 3833">
    <p class='ocr_par' dir='ltr' id='par_1_81' title="bbox 1944 3757 3520 3833">
     <span class='ocr_line' id='line_1_81' title="bbox 1944 3757 3520 3833; baseline 0.007 -23"><span class='ocrx_word' id='word_1_577' title='bbox 1944 3771 2015 3811; x_wconf 88' lang='lat' dir='ltr'><strong>ne</strong></span> <span class='ocrx_word' id='word_1_578' title='bbox 2045 3757 2090 3810; x_wconf 91' lang='lat' dir='ltr'><strong>si</strong></span> <span class='ocrx_word' id='word_1_579' title='bbox 2119 3766 2326 3811; x_wconf 83' lang='lat' dir='ltr'><strong>taceret</strong></span> <span class='ocrx_word' id='word_1_580' title='bbox 2354 3757 2635 3826; x_wconf 84' lang='lat' dir='ltr'><strong>plerisque</strong></span> <span class='ocrx_word' id='word_1_581' title='bbox 2674 3760 2816 3813; x_wconf 77' lang='lat' dir='ltr'><strong>vinci</strong></span> <span class='ocrx_word' id='word_1_582' title='bbox 2860 3761 3164 3826; x_wconf 85' lang='lat' dir='ltr'><strong>videretur,</strong></span> <span class='ocrx_word' id='word_1_583' title='bbox 3217 3766 3310 3833; x_wconf 88' lang='lat' dir='ltr'><strong>qui</strong></span> <span class='ocrx_word' id='word_1_584' title='bbox 3350 3767 3520 3821; x_wconf 81' lang='lat' dir='ltr'><strong>victo—</strong></span> 
     </span>
    </p>
   </div>
   <div class='ocr_carea' id='block_1_82' title="bbox 1951 3850 3514 3920">
    <p class='ocr_par' dir='ltr' id='par_1_82' title="bbox 1951 3850 3514 3920">
     <span class='ocr_line' id='line_1_82' title="bbox 1951 3850 3514 3920; baseline 0.005 -17"><span class='ocrx_word' id='word_1_585' title='bbox 1951 3850 2092 3904; x_wconf 86' lang='lat' dir='ltr'><strong>riam</strong></span> <span class='ocrx_word' id='word_1_586' title='bbox 2168 3850 2506 3920; x_wconf 86' lang='lat' dir='ltr'><strong>loquacitate</strong></span> <span class='ocrx_word' id='word_1_587' title='bbox 2549 3851 2665 3905; x_wconf 91' lang='lat' dir='ltr'><strong>sola</strong></span> <span class='ocrx_word' id='word_1_588' title='bbox 2714 3851 3042 3908; x_wconf 87' lang='lat' dir='ltr'><strong>metiuntur.</strong></span> <span class='ocrx_word' id='word_1_589' title='bbox 3127 3855 3320 3910; x_wconf 85' lang='lat' dir='ltr'><strong>Audax</strong></span> <span class='ocrx_word' id='word_1_590' title='bbox 3368 3858 3514 3911; x_wconf 83' lang='lat' dir='ltr'><strong>enim</strong></span> 
     </span>
    </p>
   </div>
   <div class='ocr_carea' id='block_1_83' title="bbox 1940 3941 3520 4017">
    <p class='ocr_par' dir='ltr' id='par_1_83' title="bbox 1940 3941 3520 4017">
     <span class='ocr_line' id='line_1_83' title="bbox 1940 3941 3520 4017; baseline 0.006 -21"><span class='ocrx_word' id='word_1_591' title='bbox 1940 3941 2254 4012; x_wconf 73' lang='lat' dir='ltr'><strong>ignorantia</strong></span> <span class='ocrx_word' id='word_1_592' title='bbox 2314 3949 2401 3996; x_wconf 90' lang='lat' dir='ltr'><strong>est</strong></span> <span class='ocrx_word' id='word_1_593' title='bbox 2469 3949 2527 3997; x_wconf 90' lang='lat' dir='ltr'><strong>et</strong></span> <span class='ocrx_word' id='word_1_594' title='bbox 2566 3941 2812 4011; x_wconf 85' lang='lat' dir='ltr'><strong>profecto</strong></span> <span class='ocrx_word' id='word_1_595' title='bbox 2877 3944 3039 3999; x_wconf 77' lang='lat' dir='ltr'><strong>valde</strong></span> <span class='ocrx_word' id='word_1_596' title='bbox 3098 3945 3427 4017; x_wconf 86' lang='lat' dir='ltr'><strong>impudens:</strong></span> <span class='ocrx_word' id='word_1_597' title='bbox 3462 3959 3520 4005; x_wconf 90' lang='lat' dir='ltr'><strong>et</strong></span> 
     </span>
    </p>
   </div>
   <div class='ocr_carea' id='block_1_84' title="bbox 1945 4032 3519 4113">
    <p class='ocr_par' dir='ltr' id='par_1_84' title="bbox 1945 4032 3519 4113">
     <span class='ocr_line' id='line_1_84' title="bbox 1945 4032 3519 4113; baseline 0.005 -26"><span class='ocrx_word' id='word_1_598' title='bbox 1945 4041 2097 4088; x_wconf 87' lang='lat' dir='ltr'><strong>amat</strong></span> <span class='ocrx_word' id='word_1_599' title='bbox 2159 4032 2484 4103; x_wconf 73' lang='lat' dir='ltr'><strong>piemmque</strong></span> <span class='ocrx_word' id='word_1_600' title='bbox 2544 4033 2877 4104; x_wconf 79' lang='lat' dir='ltr'><strong>cognitionis</strong></span> <span class='ocrx_word' id='word_1_601' title='bbox 2941 4036 3181 4113; x_wconf 79' lang='lat' dir='ltr'><strong>inopiam</strong></span> <span class='ocrx_word' id='word_1_602' title='bbox 3227 4042 3519 4096; x_wconf 78' lang='lat' dir='ltr'><strong>restituere</strong></span> 
     </span>
    </p>
   </div>
   <div class='ocr_carea' id='block_1_85' title="bbox 1944 4127 3518 4189">
    <p class='ocr_par' dir='ltr' id='par_1_85' title="bbox 1944 4127 3518 4189">
     <span class='ocr_line' id='line_1_85' title="bbox 1944 4127 3518 4189; baseline 0.005 -8"><span class='ocrx_word' id='word_1_603' title='bbox 1944 4127 2189 4181; x_wconf 84' lang='lat' dir='ltr'><strong>audaciae</strong></span> <span class='ocrx_word' id='word_1_604' title='bbox 2216 4127 2555 4189; x_wconf 81' lang='lat' dir='ltr'><strong>accessione,</strong></span> <span class='ocrx_word' id='word_1_605' title='bbox 2604 4136 2660 4182; x_wconf 89' lang='lat' dir='ltr'><strong>et</strong></span> <span class='ocrx_word' id='word_1_606' title='bbox 2694 4127 2931 4181; x_wconf 82' lang='lat' dir='ltr'><strong>maxime</strong></span> <span class='ocrx_word' id='word_1_607' title='bbox 2971 4143 3096 4184; x_wconf 92' lang='lat' dir='ltr'><strong>cum</strong></span> <span class='ocrx_word' id='word_1_608' title='bbox 3131 4130 3185 4184; x_wconf 91' lang='lat' dir='ltr'><strong>in</strong></span> <span class='ocrx_word' id='word_1_609' title='bbox 3239 4132 3518 4189; x_wconf 86' lang='lat' dir='ltr'><strong>auditores</strong></span> 
     </span>
    </p>
   </div>
   <div class='ocr_carea' id='block_1_86' title="bbox 1945 4217 3519 4292">
    <p class='ocr_par' dir='ltr' id='par_1_86' title="bbox 1945 4217 3519 4292">
     <span class='ocr_line' id='line_1_86' title="bbox 1945 4217 3519 4292; baseline 0.006 -19"><span class='ocrx_word' id='word_1_610' title='bbox 1945 4219 2196 4274; x_wconf 86' lang='lat' dir='ltr'><strong>indoctos</strong></span> <span class='ocrx_word' id='word_1_611' title='bbox 2228 4218 2443 4273; x_wconf 83' lang='lat' dir='ltr'><strong>incidit.</strong></span> <span class='ocrx_word' id='word_1_612' title='bbox 2472 4217 2611 4274; x_wconf 91' lang='lat' dir='ltr'><strong>Cum</strong></span> <span class='ocrx_word' id='word_1_613' title='bbox 2645 4227 2830 4274; x_wconf 89' lang='lat' dir='ltr'><strong>autem</strong></span> <span class='ocrx_word' id='word_1_614' title='bbox 2866 4219 3031 4274; x_wconf 88' lang='lat' dir='ltr'><strong>etiam</strong></span> <span class='ocrx_word' id='word_1_615' title='bbox 3085 4236 3241 4292; x_wconf 63' lang='lat' dir='ltr'><strong>aeque</strong></span> <span class='ocrx_word' id='word_1_616' title='bbox 3278 4224 3519 4281; x_wconf 87' lang='lat' dir='ltr'><strong>audaces</strong></span> 
     </span>
    </p>
   </div>
   <div class='ocr_carea' id='block_1_87' title="bbox 1946 4309 3520 4381">
    <p class='ocr_par' dir='ltr' id='par_1_87' title="bbox 1946 4309 3520 4381">
     <span class='ocr_line' id='line_1_87' title="bbox 1946 4309 3520 4381; baseline 0.004 -16"><span class='ocrx_word' id='word_1_617' title='bbox 1946 4310 2153 4365; x_wconf 86' lang='lat' dir='ltr'><strong>aﬂatim</strong></span> <span class='ocrx_word' id='word_1_618' title='bbox 2180 4309 2475 4364; x_wconf 88' lang='lat' dir='ltr'><strong>nonnullos</strong></span> <span class='ocrx_word' id='word_1_619' title='bbox 2502 4309 2669 4364; x_wconf 88' lang='lat' dir='ltr'><strong>habet</strong></span> <span class='ocrx_word' id='word_1_620' title='bbox 2718 4310 2977 4376; x_wconf 88' lang='lat' dir='ltr'><strong>asseclas,</strong></span> <span class='ocrx_word' id='word_1_621' title='bbox 3021 4314 3114 4381; x_wconf 89' lang='lat' dir='ltr'><strong>qui</strong></span> <span class='ocrx_word' id='word_1_622' title='bbox 3180 4313 3520 4372; x_wconf 86' lang='lat' dir='ltr'><strong>clamoribus</strong></span> 
     </span>
    </p>
   </div>
   <div class='ocr_carea' id='block_1_88' title="bbox 1945 4400 3516 4470">
    <p class='ocr_par' dir='ltr' id='par_1_88' title="bbox 1945 4400 3516 4470">
     <span class='ocr_line' id='line_1_88' title="bbox 1945 4400 3516 4470; baseline 0.004 -14"><span class='ocrx_word' id='word_1_623' title='bbox 1945 4410 2175 4470; x_wconf 89' lang='lat' dir='ltr'><strong>crepent</strong></span> <span class='ocrx_word' id='word_1_624' title='bbox 2200 4400 2535 4456; x_wconf 87' lang='lat' dir='ltr'><strong>indistinctis</strong></span> <span class='ocrx_word' id='word_1_625' title='bbox 2557 4411 2616 4456; x_wconf 85' lang='lat' dir='ltr'><strong>et</strong></span> <span class='ocrx_word' id='word_1_626' title='bbox 2646 4410 2841 4457; x_wconf 84' lang='lat' dir='ltr'><strong>contra</strong></span> <span class='ocrx_word' id='word_1_627' title='bbox 2889 4405 3150 4461; x_wconf 84' lang='lat' dir='ltr'><strong>narrandi</strong></span> <span class='ocrx_word' id='word_1_628' title='bbox 3203 4406 3516 4463; x_wconf 88' lang='lat' dir='ltr'><strong>libertatem</strong></span> 
     </span>
    </p>
   </div>
   <div class='ocr_carea' id='block_1_89' title="bbox 272 4493 1839 4571">
    <p class='ocr_par' dir='ltr' id='par_1_89' title="bbox 272 4493 1839 4565">
     <span class='ocr_line' id='line_1_89' title="bbox 272 4493 1839 4565; baseline 0.002 -19"><span class='ocrx_word' id='word_1_629' title='bbox 272 4495 334 4546; x_wconf 79' lang='grc' dir='ltr'><strong>τὸ</strong></span> <span class='ocrx_word' id='word_1_630' title='bbox 382 4495 481 4563; x_wconf 78' lang='grc' dir='ltr'><strong>τῆς</strong></span> <span class='ocrx_word' id='word_1_631' title='bbox 507 4495 767 4563; x_wconf 76' lang='grc' dir='ltr'>ἀληθείας</span> <span class='ocrx_word' id='word_1_632' title='bbox 800 4495 1109 4565; x_wconf 81' lang='grc' dir='ltr'>κριτήριον,</span> <span class='ocrx_word' id='word_1_633' title='bbox 1152 4494 1258 4547; x_wconf 76' lang='grc' dir='ltr'><strong>ποῦ</strong></span> <span class='ocrx_word' id='word_1_634' title='bbox 1311 4495 1413 4548; x_wconf 77' lang='grc' dir='ltr'><strong>οὐκ</strong></span> <span class='ocrx_word' id='word_1_635' title='bbox 1458 4493 1526 4547; x_wconf 85' lang='grc' dir='ltr'><strong>ἂν</strong></span> <span class='ocrx_word' id='word_1_636' title='bbox 1571 4497 1631 4547; x_wconf 80' lang='grc' dir='ltr'><strong>τὸ</strong></span> <span class='ocrx_word' id='word_1_637' title='bbox 1667 4495 1839 4549; x_wconf 74' lang='grc' dir='ltr'>δεινὸν</span> 
     </span>
    </p>
   </div>
   <div class='ocr_carea' id='block_1_90' title="bbox 1943 4493 3518 4571">
    <p class='ocr_par' dir='ltr' id='par_1_90' title="bbox 1945 4493 3518 4569">
     <span class='ocr_line' id='line_1_90' title="bbox 1945 4493 3518 4569; baseline 0.005 -21"><span class='ocrx_word' id='word_1_638' title='bbox 1945 4493 2188 4548; x_wconf 83' lang='lat' dir='ltr'><strong>fremant</strong></span> <span class='ocrx_word' id='word_1_639' title='bbox 2216 4503 2272 4549; x_wconf 87' lang='lat' dir='ltr'><strong>et</strong></span> <span class='ocrx_word' id='word_1_640' title='bbox 2294 4493 2545 4549; x_wconf 82' lang='lat' dir='ltr'><strong>veritatis</strong></span> <span class='ocrx_word' id='word_1_641' title='bbox 2573 4509 2826 4550; x_wconf 84' lang='lat' dir='ltr'><strong>normam</strong></span> <span class='ocrx_word' id='word_1_642' title='bbox 2861 4496 3222 4559; x_wconf 82' lang='lat' dir='ltr'><strong>confundant.</strong></span> <span class='ocrx_word' id='word_1_643' title='bbox 3263 4514 3373 4569; x_wconf 87' lang='lat' dir='ltr'><strong>quo</strong></span> <span class='ocrx_word' id='word_1_644' title='bbox 3409 4517 3518 4556; x_wconf 90' lang='lat' dir='ltr'><strong>non</strong></span> 
     </span>
    </p>
   </div>
   <div class='ocr_carea' id='block_1_91' title="bbox 275 4585 1841 4656">
    <p class='ocr_par' dir='ltr' id='par_1_91' title="bbox 275 4585 1841 4656">
     <span class='ocr_line' id='line_1_91' title="bbox 275 4585 1841 4656; baseline 0.001 -17"><span class='ocrx_word' id='word_1_645' title='bbox 275 4586 565 4648; x_wconf 81' lang='grc' dir='ltr'>αὐθαδείας</span> <span class='ocrx_word' id='word_1_646' title='bbox 620 4587 899 4656; x_wconf 73' lang='grc' dir='ltr'><strong>προὸαίης</strong></span> <span class='ocrx_word' id='word_1_647' title='bbox 936 4587 1030 4640; x_wconf 83' lang='grc' dir='ltr'><strong>Διὸ</strong></span> <span class='ocrx_word' id='word_1_648' title='bbox 1067 4591 1162 4640; x_wconf 73' lang='grc' dir='ltr'><strong>καὶ</strong></span> <span class='ocrx_word' id='word_1_649' title='bbox 1227 4585 1433 4656; x_wconf 79' lang='grc' dir='ltr'><strong>βιόλίον</strong></span> <span class='ocrx_word' id='word_1_650' title='bbox 1478 4588 1574 4640; x_wconf 77' lang='grc' dir='ltr'><strong>ἐπὶ</strong></span> <span class='ocrx_word' id='word_1_651' title='bbox 1628 4589 1841 4650; x_wconf 82' lang='grc' dir='ltr'><strong>τούτοις</strong></span> 
     </span>
    </p>
   </div>
   <div class='ocr_carea' id='block_1_92' title="bbox 274 4676 1843 4753">
    <p class='ocr_par' dir='ltr' id='par_1_92' title="bbox 274 4676 1843 4753">
     <span class='ocr_line' id='line_1_92' title="bbox 274 4676 1843 4753; baseline 0 -24"><span class='ocrx_word' id='word_1_652' title='bbox 274 4678 526 4747; x_wconf 75' lang='grc' dir='ltr'><strong>ἀνεῳγὼς</strong></span> <span class='ocrx_word' id='word_1_653' title='bbox 558 4679 586 4730; x_wconf 83' lang='grc' dir='ltr'>ὁ</span> <span class='ocrx_word' id='word_1_654' title='bbox 626 4678 893 4748; x_wconf 71' lang='grc' dir='ltr'><strong>Παλαμᾶς</strong></span> <span class='ocrx_word' id='word_1_655' title='bbox 923 4679 1261 4746; x_wconf 83' lang='grc' dir='ltr'>ἀνεγίνωσκε</span> <span class='ocrx_word' id='word_1_656' title='bbox 1300 4676 1465 4753; x_wconf 76' lang='grc' dir='ltr'><strong>ρᾖιν</strong></span> <span class='ocrx_word' id='word_1_657' title='bbox 1488 4678 1626 4753; x_wconf 63' lang='grc' dir='ltr'><strong>Δἄλλο</strong></span> <span class='ocrx_word' id='word_1_658' title='bbox 1652 4680 1843 4746; x_wconf 74' lang='grc' dir='ltr'><strong>λέγου-</strong></span> 
     </span>
    </p>
   </div>
   <div class='ocr_carea' id='block_1_93' title="bbox 278 4750 1843 4836">
    <p class='ocr_par' dir='ltr' id='par_1_93' title="bbox 278 4750 1843 4836">
     <span class='ocr_line' id='line_1_93' title="bbox 278 4750 1843 4836; baseline 0.002 -19"><span class='ocrx_word' id='word_1_659' title='bbox 278 4781 374 4818; x_wconf 84' lang='grc' dir='ltr'>σαν</span> <span class='ocrx_word' id='word_1_660' title='bbox 392 4761 536 4817; x_wconf 79' lang='grc' dir='ltr'><strong>εἶναι</strong></span> <span class='ocrx_word' id='word_1_661' title='bbox 559 4764 651 4817; x_wconf 78' lang='grc' dir='ltr'><strong>τὸν</strong></span> <span class='ocrx_word' id='word_1_662' title='bbox 677 4765 1009 4836; x_wconf 72' lang='grc' dir='ltr'>ἐνεργοῦντα</span> <span class='ocrx_word' id='word_1_663' title='bbox 1060 4767 1155 4818; x_wconf 77' lang='grc' dir='ltr'>καὶ</span> <span class='ocrx_word' id='word_1_664' title='bbox 1201 4750 1429 4819; x_wconf 52' lang='lat' dir='ltr'><strong>ancus</strong></span> <span class='ocrx_word' id='word_1_665' title='bbox 1484 4750 1843 4836; x_wconf 63' lang='grc' dir='ltr'><strong>ἓνεργητικὺν</strong></span> 
     </span>
    </p>
   </div>
   <div class='ocr_carea' id='block_1_94' title="bbox 277 4850 1842 4925">
    <p class='ocr_par' dir='ltr' id='par_1_94' title="bbox 277 4850 1842 4925">
     <span class='ocr_line' id='line_1_94' title="bbox 277 4850 1842 4925; baseline 0.001 -21"><span class='ocrx_word' id='word_1_666' title='bbox 277 4854 370 4905; x_wconf 72' lang='grc' dir='ltr'><strong>καὶ</strong></span> <span class='ocrx_word' id='word_1_667' title='bbox 403 4852 533 4906; x_wconf 75' lang='grc' dir='ltr'><strong>ἄλλο</strong></span> <span class='ocrx_word' id='word_1_668' title='bbox 558 4854 667 4922; x_wconf 85' lang='grc' dir='ltr'><strong>τὴν</strong></span> <span class='ocrx_word' id='word_1_669' title='bbox 691 4855 978 4925; x_wconf 75' lang='grc' dir='ltr'>ἐνέργειαν</span> <span class='ocrx_word' id='word_1_670' title='bbox 1004 4854 1099 4905; x_wconf 80' lang='grc' dir='ltr'><strong>καὶ</strong></span> <span class='ocrx_word' id='word_1_671' title='bbox 1131 4853 1261 4908; x_wconf 80' lang='grc' dir='ltr'><strong>ἄλλο</strong></span> <span class='ocrx_word' id='word_1_672' title='bbox 1290 4855 1351 4905; x_wconf 83' lang='grc' dir='ltr'><strong>τὺ</strong></span> <span class='ocrx_word' id='word_1_673' title='bbox 1374 4852 1678 4923; x_wconf 73' lang='grc' dir='ltr'>ἐνέργημα.</span> <span class='ocrx_word' id='word_1_674' title='bbox 1709 4850 1842 4907; x_wconf 82' lang='grc' dir='ltr'><strong>Εἶτα</strong></span> 
     </span>
    </p>
   </div>
   <div class='ocr_carea' id='block_1_95' title="bbox 277 4943 1842 5016">
    <p class='ocr_par' dir='ltr' id='par_1_95' title="bbox 277 4943 1842 5016">
     <span class='ocr_line' id='line_1_95' title="bbox 277 4943 1842 5016; baseline 0.001 -20"><span class='ocrx_word' id='word_1_675' title='bbox 277 4945 589 5016; x_wconf 75' lang='grc' dir='ltr'><strong>ἡρμήνευεν</strong></span> <span class='ocrx_word' id='word_1_676' title='bbox 647 4944 754 4999; x_wconf 82' lang='grc' dir='ltr'><strong>ἀπὸ</strong></span> <span class='ocrx_word' id='word_1_677' title='bbox 794 4944 1042 5014; x_wconf 84' lang='grc' dir='ltr'><strong>γλώττης</strong></span> <span class='ocrx_word' id='word_1_678' title='bbox 1106 4943 1293 5008; x_wconf 75' lang='grc' dir='ltr'>αὐτὸς,</span> <span class='ocrx_word' id='word_1_679' title='bbox 1356 4944 1690 5015; x_wconf 68' lang='grc' dir='ltr'><strong>ἐνεργοῦντα</strong></span> <span class='ocrx_word' id='word_1_680' title='bbox 1744 4946 1842 5014; x_wconf 82' lang='grc' dir='ltr'><strong>μὲν</strong></span> 
     </span>
    </p>
   </div>
   <div class='ocr_carea' id='block_1_96' title="bbox 272 5034 1842 5108">
    <p class='ocr_par' dir='ltr' id='par_1_96' title="bbox 272 5034 1842 5108">
     <span class='ocr_line' id='line_1_96' title="bbox 272 5034 1842 5108; baseline 0.001 -19"><span class='ocrx_word' id='word_1_681' title='bbox 272 5034 412 5091; x_wconf 81' lang='grc' dir='ltr'><strong>εἶναι</strong></span> <span class='ocrx_word' id='word_1_682' title='bbox 434 5036 526 5091; x_wconf 81' lang='grc' dir='ltr'><strong>τὸν</strong></span> <span class='ocrx_word' id='word_1_683' title='bbox 555 5037 710 5103; x_wconf 75' lang='grc' dir='ltr'>Θεὸν,</span> <span class='ocrx_word' id='word_1_684' title='bbox 744 5039 1102 5107; x_wconf 74' lang='grc' dir='ltr'><strong>ἐνεργητικὸν</strong></span> <span class='ocrx_word' id='word_1_685' title='bbox 1125 5036 1304 5108; x_wconf 80' lang='grc' dir='ltr'><strong>δὲτὴν</strong></span> <span class='ocrx_word' id='word_1_686' title='bbox 1337 5035 1526 5105; x_wconf 88' lang='grc' dir='ltr'>φύσιν,</span> <span class='ocrx_word' id='word_1_687' title='bbox 1561 5037 1842 5107; x_wconf 73' lang='grc' dir='ltr'><strong>ἐνέργειαν</strong></span> 
     </span>
    </p>
   </div>
   <div class='ocr_carea' id='block_1_97' title="bbox 271 5128 1841 5200">
    <p class='ocr_par' dir='ltr' id='par_1_97' title="bbox 271 5128 1841 5200">
     <span class='ocr_line' id='line_1_97' title="bbox 271 5128 1841 5200; baseline 0 -18"><span class='ocrx_word' id='word_1_688' title='bbox 271 5130 327 5182; x_wconf 80' lang='grc' dir='ltr'><strong>δὲ</strong></span> <span class='ocrx_word' id='word_1_689' title='bbox 360 5130 459 5197; x_wconf 80' lang='grc' dir='ltr'><strong>τὴν</strong></span> <span class='ocrx_word' id='word_1_690' title='bbox 488 5130 745 5183; x_wconf 81' lang='grc' dir='ltr'><strong>ἄκτιστον</strong></span> <span class='ocrx_word' id='word_1_691' title='bbox 786 5129 954 5182; x_wconf 81' lang='grc' dir='ltr'>αὐτοῦ</span> <span class='ocrx_word' id='word_1_692' title='bbox 1008 5128 1262 5199; x_wconf 81' lang='grc' dir='ltr'>θεότητα,</span> <span class='ocrx_word' id='word_1_693' title='bbox 1311 5129 1480 5200; x_wconf 79' lang='grc' dir='ltr'><strong>ἄλλην</strong></span> <span class='ocrx_word' id='word_1_694' title='bbox 1528 5129 1696 5184; x_wconf 76' lang='grc' dir='ltr'><strong>οὖσαν</strong></span> <span class='ocrx_word' id='word_1_695' title='bbox 1747 5129 1841 5183; x_wconf 85' lang='grc' dir='ltr'><strong>τοῦ</strong></span> 
     </span>
    </p>
   </div>
   <div class='ocr_carea' id='block_1_98' title="bbox 271 5219 1843 5292">
    <p class='ocr_par' dir='ltr' id='par_1_98' title="bbox 271 5219 1843 5292">
     <span class='ocr_line' id='line_1_98' title="bbox 271 5219 1843 5292; baseline 0 -19"><span class='ocrx_word' id='word_1_696' title='bbox 271 5221 622 5289; x_wconf 68' lang='grc' dir='ltr'><strong>ἔνεργοῦντός</strong></span> <span class='ocrx_word' id='word_1_697' title='bbox 647 5220 829 5273; x_wconf 74' lang='grc' dir='ltr'>τε³καὶ</span> <span class='ocrx_word' id='word_1_698' title='bbox 852 5219 1134 5281; x_wconf 82' lang='grc' dir='ltr'><strong>κινοῦντος</strong></span> <span class='ocrx_word' id='word_1_699' title='bbox 1157 5222 1353 5292; x_wconf 83' lang='grc' dir='ltr'>αὐτὴν,</span> <span class='ocrx_word' id='word_1_700' title='bbox 1383 5221 1582 5291; x_wconf 78' lang='grc' dir='ltr'><strong>ὲνέργη</strong></span> <span class='ocrx_word' id='word_1_701' title='bbox 1594 5238 1671 5291; x_wconf 84' lang='grc' dir='ltr'><strong>μα</strong></span> <span class='ocrx_word' id='word_1_702' title='bbox 1697 5221 1755 5276; x_wconf 73' lang='grc' dir='ltr'><strong>δὲ</strong></span> <span class='ocrx_word' id='word_1_703' title='bbox 1782 5220 1843 5273; x_wconf 81' lang='grc' dir='ltr'><strong>τὸ</strong></span> 
     </span>
    </p>
   </div>
   <div class='ocr_carea' id='block_1_99' title="bbox 268 5308 1843 5385">
    <p class='ocr_par' dir='ltr' id='par_1_99' title="bbox 268 5308 1843 5385">
     <span class='ocr_line' id='line_1_99' title="bbox 268 5308 1843 5385; baseline 0 -19"><span class='ocrx_word' id='word_1_704' title='bbox 268 5313 659 5381; x_wconf 76' lang='grc' dir='ltr'><strong>ἀποτέλεσμα·</strong></span> <span class='ocrx_word' id='word_1_705' title='bbox 713 5308 854 5366; x_wconf 79' lang='grc' dir='ltr'>εἶναι</span> <span class='ocrx_word' id='word_1_706' title='bbox 910 5311 955 5366; x_wconf 84' lang='grc' dir='ltr'><strong>δ’</strong></span> <span class='ocrx_word' id='word_1_707' title='bbox 1021 5313 1308 5382; x_wconf 72' lang='grc' dir='ltr'><strong>ἐνέργειαν</strong></span> <span class='ocrx_word' id='word_1_708' title='bbox 1354 5318 1452 5366; x_wconf 74' lang='grc' dir='ltr'>καὶ</span> <span class='ocrx_word' id='word_1_709' title='bbox 1486 5315 1734 5385; x_wconf 77' lang='grc' dir='ltr'><strong>ἐνεργεῖν</strong></span> <span class='ocrx_word' id='word_1_710' title='bbox 1781 5313 1843 5367; x_wconf 83' lang='grc' dir='ltr'><strong>τὺ</strong></span> 
     </span>
    </p>
   </div>
   <div class='ocr_carea' id='block_1_100' title="bbox 268 5403 1843 5475">
    <p class='ocr_par' dir='ltr' id='par_1_100' title="bbox 268 5403 1843 5475">
     <span class='ocr_line' id='line_1_100' title="bbox 268 5403 1843 5475; baseline 0.003 -20"><span class='ocrx_word' id='word_1_711' title='bbox 268 5404 422 5459; x_wconf 68' lang='grc' dir='ltr'>αὐτὸ.</span> <span class='ocrx_word' id='word_1_712' title='bbox 456 5406 567 5457; x_wconf 78' lang='grc' dir='ltr'><strong>Καὶ</strong></span> <span class='ocrx_word' id='word_1_713' title='bbox 584 5406 675 5456; x_wconf 75' lang='grc' dir='ltr'><strong>ἐπὶ</strong></span> <span class='ocrx_word' id='word_1_714' title='bbox 713 5404 925 5467; x_wconf 81' lang='grc' dir='ltr'><strong>τούτοις</strong></span> <span class='ocrx_word' id='word_1_715' title='bbox 959 5403 1150 5474; x_wconf 68' lang='grc' dir='ltr'><strong>ἠρώτα</strong></span> <span class='ocrx_word' id='word_1_716' title='bbox 1185 5405 1239 5456; x_wconf 89' lang='grc' dir='ltr'><strong>τί</strong></span> <span class='ocrx_word' id='word_1_717' title='bbox 1286 5405 1353 5458; x_wconf 81' lang='grc' dir='ltr'>ἂν</span> <span class='ocrx_word' id='word_1_718' title='bbox 1385 5406 1472 5475; x_wconf 76' lang='grc' dir='ltr'><strong>εἴη</strong></span> <span class='ocrx_word' id='word_1_719' title='bbox 1508 5407 1568 5458; x_wconf 81' lang='grc' dir='ltr'><strong>τὸ</strong></span> <span class='ocrx_word' id='word_1_720' title='bbox 1595 5408 1843 5475; x_wconf 70' lang='grc' dir='ltr'><strong>ἐνεργεῖν</strong></span> 
     </span>
    </p>
   </div>
   <div class='ocr_carea' id='block_1_101' title="bbox 266 5491 1841 5567">
    <p class='ocr_par' dir='ltr' id='par_1_101' title="bbox 266 5491 1841 5567">
     <span class='ocr_line' id='line_1_101' title="bbox 266 5491 1841 5567; baseline 0.001 -18"><span class='ocrx_word' id='word_1_721' title='bbox 266 5496 514 5561; x_wconf 81' lang='grc' dir='ltr'>οίεσθαι;</span> <span class='ocrx_word' id='word_1_722' title='bbox 546 5491 617 5547; x_wconf 83' lang='grc' dir='ltr'>Ἥ</span> <span class='ocrx_word' id='word_1_723' title='bbox 653 5497 713 5548; x_wconf 89' lang='grc' dir='ltr'><strong>οὐ</strong></span> <span class='ocrx_word' id='word_1_724' title='bbox 754 5496 950 5548; x_wconf 77' lang='grc' dir='ltr'><strong>ταυτὸν</strong></span> <span class='ocrx_word' id='word_1_725' title='bbox 999 5496 1077 5565; x_wconf 82' lang='grc' dir='ltr'><strong>τῷ</strong></span> <span class='ocrx_word' id='word_1_726' title='bbox 1135 5495 1529 5566; x_wconf 76' lang='grc' dir='ltr'><strong>δημιουργεῖνς</strong></span> <span class='ocrx_word' id='word_1_727' title='bbox 1560 5493 1690 5567; x_wconf 75' lang='lat' dir='ltr'><strong>&#39;Ap&#39;</strong></span> <span class='ocrx_word' id='word_1_728' title='bbox 1746 5496 1841 5551; x_wconf 79' lang='grc' dir='ltr'>οὖν</span> 
     </span>
    </p>
   </div>
   <div class='ocr_carea' id='block_1_102' title="bbox 267 5586 1838 5657">
    <p class='ocr_par' dir='ltr' id='par_1_102' title="bbox 267 5586 1838 5657">
     <span class='ocr_line' id='line_1_102' title="bbox 267 5586 1838 5657; baseline -0.001 -15"><span class='ocrx_word' id='word_1_729' title='bbox 267 5590 490 5642; x_wconf 67' lang='grc' dir='ltr'><strong>κτιστὸν</strong></span> <span class='ocrx_word' id='word_1_730' title='bbox 543 5586 790 5655; x_wconf 74' lang='grc' dir='ltr'><strong>εἴποιμεν</strong></span> <span class='ocrx_word' id='word_1_731' title='bbox 826 5589 891 5641; x_wconf 85' lang='grc' dir='ltr'><strong>ἂν</strong></span> <span class='ocrx_word' id='word_1_732' title='bbox 920 5588 981 5639; x_wconf 86' lang='grc' dir='ltr'><strong>τὸ</strong></span> <span class='ocrx_word' id='word_1_733' title='bbox 1006 5587 1345 5657; x_wconf 83' lang='grc' dir='ltr'><strong>δημουργεῖν</strong></span> <span class='ocrx_word' id='word_1_734' title='bbox 1378 5589 1471 5640; x_wconf 69' lang='grc' dir='ltr'><strong>ἐπὶ</strong></span> <span class='ocrx_word' id='word_1_735' title='bbox 1519 5588 1614 5641; x_wconf 80' lang='grc' dir='ltr'><strong>τοῦ</strong></span> <span class='ocrx_word' id='word_1_736' title='bbox 1665 5587 1838 5656; x_wconf 87' lang='grc' dir='ltr'><strong>Θεοῦ;</strong></span> 
     </span>
    </p>
   </div>
   <div class='ocr_carea' id='block_1_103' title="bbox 271 5678 1843 5752">
    <p class='ocr_par' dir='ltr' id='par_1_103' title="bbox 271 5678 1843 5752">
     <span class='ocr_line' id='line_1_103' title="bbox 271 5678 1843 5752; baseline 0 -18"><span class='ocrx_word' id='word_1_737' title='bbox 271 5684 491 5750; x_wconf 83' lang='grc' dir='ltr'><strong>’Λπαγε</strong></span> <span class='ocrx_word' id='word_1_738' title='bbox 520 5683 620 5752; x_wconf 83' lang='grc' dir='ltr'><strong>τῆς</strong></span> <span class='ocrx_word' id='word_1_739' title='bbox 654 5681 895 5748; x_wconf 83' lang='grc' dir='ltr'><strong>ἀλογίας.</strong></span> <span class='ocrx_word' id='word_1_740' title='bbox 926 5678 1040 5734; x_wconf 76' lang='grc' dir='ltr'><strong>Εἶθ’</strong></span> <span class='ocrx_word' id='word_1_741' title='bbox 1063 5682 1188 5748; x_wconf 75' lang='grc' dir='ltr'><strong>ἑξῆς</strong></span> <span class='ocrx_word' id='word_1_742' title='bbox 1201 5681 1336 5734; x_wconf 81' lang='grc' dir='ltr'><strong>ἄλλα</strong></span> <span class='ocrx_word' id='word_1_743' title='bbox 1357 5681 1444 5735; x_wconf 72' lang='grc' dir='ltr'><strong>ἐπ’</strong></span> <span class='ocrx_word' id='word_1_744' title='bbox 1474 5682 1654 5745; x_wconf 78' lang='grc' dir='ltr'><strong>ἄλλοις</strong></span> <span class='ocrx_word' id='word_1_745' title='bbox 1677 5699 1843 5751; x_wconf 79' lang='grc' dir='ltr'><strong>προσ-</strong></span> 
     </span>
    </p>
   </div>
   <div class='ocr_carea' id='block_1_104' title="bbox 282 5772 1839 5842">
    <p class='ocr_par' dir='ltr' id='par_1_104' title="bbox 282 5772 1839 5842">
     <span class='ocr_line' id='line_1_104' title="bbox 282 5772 1839 5842; baseline -0.002 -12"><span class='ocrx_word' id='word_1_746' title='bbox 282 5775 479 5839; x_wconf 60' lang='lat' dir='ltr'><strong>etiam,</strong></span> <span class='ocrx_word' id='word_1_747' title='bbox 501 5774 713 5834; x_wconf 76' lang='grc' dir='ltr'><strong>δεικνὺς</strong></span> <span class='ocrx_word' id='word_1_748' title='bbox 740 5772 801 5824; x_wconf 80' lang='grc' dir='ltr'><strong>τὸ</strong></span> <span class='ocrx_word' id='word_1_749' title='bbox 829 5773 1188 5842; x_wconf 79' lang='grc' dir='ltr'><strong>δημιουργεῖν</strong></span> <span class='ocrx_word' id='word_1_750' title='bbox 1217 5772 1346 5825; x_wconf 85' lang='grc' dir='ltr'><strong>ἄλλο</strong></span> <span class='ocrx_word' id='word_1_751' title='bbox 1374 5789 1435 5825; x_wconf 87' lang='grc' dir='ltr'><strong>τε</strong></span> <span class='ocrx_word' id='word_1_752' title='bbox 1464 5775 1558 5827; x_wconf 69' lang='grc' dir='ltr'><strong>καὶ</strong></span> <span class='ocrx_word' id='word_1_753' title='bbox 1581 5774 1839 5842; x_wconf 80' lang='grc' dir='ltr'><strong>διάφορον</strong></span> 
     </span>
    </p>
   </div>
   <div class='ocr_carea' id='block_1_105' title="bbox 610 5865 1334 5926">
    <p class='ocr_par' dir='ltr' id='par_1_105' title="bbox 610 5865 1334 5926">
     <span class='ocr_line' id='line_1_105' title="bbox 610 5865 1334 5926; baseline 0 0"><span class='ocrx_word' id='word_1_754' title='bbox 610 5869 875 5926; x_wconf 53' lang='lat' dir='ltr'><strong>Pyrum&quot;</strong></span> <span class='ocrx_word' id='word_1_755' title='bbox 922 5869 1037 5926; x_wconf 69' lang='lat' dir='ltr'><strong>(in.</strong></span> <span class='ocrx_word' id='word_1_756' title='bbox 1065 5865 1334 5926; x_wconf 73' lang='lat' dir='ltr'><strong>CXLIX.</strong></span> 
     </span>
    </p>
   </div>
   <div class='ocr_carea' id='block_1_106' title="bbox 1945 4581 3518 4656">
    <p class='ocr_par' dir='ltr' id='par_1_106' title="bbox 1945 4581 3518 4656">
     <span class='ocr_line' id='line_1_106' title="bbox 1945 4581 3518 4656; baseline 0.006 -20"><span class='ocrx_word' id='word_1_757' title='bbox 1945 4581 2333 4652; x_wconf 83' lang='lat' dir='ltr'><strong>progrediatur</strong></span> <span class='ocrx_word' id='word_1_758' title='bbox 2390 4583 2664 4652; x_wconf 73' lang='lat' dir='ltr'><strong>superbiae</strong></span> <span class='ocrx_word' id='word_1_759' title='bbox 2724 4585 3070 4654; x_wconf 83' lang='lat' dir='ltr'><strong>periculum?</strong></span> <span class='ocrx_word' id='word_1_760' title='bbox 3126 4586 3298 4656; x_wconf 84' lang='lat' dir='ltr'><strong>Igitur</strong></span> <span class='ocrx_word' id='word_1_761' title='bbox 3351 4589 3518 4644; x_wconf 89' lang='lat' dir='ltr'><strong>etiam</strong></span> 
     </span>
    </p>
   </div>
   <div class='ocr_carea' id='block_1_107' title="bbox 1944 4670 3521 4741">
    <p class='ocr_par' dir='ltr' id='par_1_107' title="bbox 1944 4670 3521 4741">
     <span class='ocr_line' id='line_1_107' title="bbox 1944 4670 3521 4741; baseline 0.006 -18"><span class='ocrx_word' id='word_1_762' title='bbox 1944 4670 2149 4726; x_wconf 87' lang='lat' dir='ltr'><strong>librum</strong></span> <span class='ocrx_word' id='word_1_763' title='bbox 2201 4679 2469 4741; x_wconf 83' lang='lat' dir='ltr'><strong>praeterea</strong></span> <span class='ocrx_word' id='word_1_764' title='bbox 2520 4672 2813 4728; x_wconf 89' lang='lat' dir='ltr'><strong>revolvens</strong></span> <span class='ocrx_word' id='word_1_765' title='bbox 2833 4674 3083 4730; x_wconf 81' lang='lat' dir='ltr'><strong>Palamas</strong></span> <span class='ocrx_word' id='word_1_766' title='bbox 3131 4677 3398 4733; x_wconf 87' lang='lat' dir='ltr'><strong>recitabat</strong></span> <span class='ocrx_word' id='word_1_767' title='bbox 3437 4679 3521 4733; x_wconf 85' lang='lat' dir='ltr'><strong>di-</strong></span> 
     </span>
    </p>
   </div>
   <div class='ocr_carea' id='block_1_108' title="bbox 1943 4762 3522 4835">
    <p class='ocr_par' dir='ltr' id='par_1_108' title="bbox 1943 4762 3522 4835">
     <span class='ocr_line' id='line_1_108' title="bbox 1943 4762 3522 4835; baseline 0.005 -17"><span class='ocrx_word' id='word_1_768' title='bbox 1943 4772 2116 4828; x_wconf 86' lang='lat' dir='ltr'><strong>ctum,</strong></span> <span class='ocrx_word' id='word_1_769' title='bbox 2157 4762 2305 4833; x_wconf 91' lang='lat' dir='ltr'><strong>quod</strong></span> <span class='ocrx_word' id='word_1_770' title='bbox 2344 4762 2442 4827; x_wconf 90' lang='lat' dir='ltr'><strong>ait,</strong></span> <span class='ocrx_word' id='word_1_771' title='bbox 2475 4762 2624 4818; x_wconf 87' lang='lat' dir='ltr'><strong>aliud</strong></span> <span class='ocrx_word' id='word_1_772' title='bbox 2650 4779 2775 4820; x_wconf 88' lang='lat' dir='ltr'><strong>esse</strong></span> <span class='ocrx_word' id='word_1_773' title='bbox 2818 4765 3168 4835; x_wconf 79' lang='lat' dir='ltr'><strong>eﬂicientem,</strong></span> <span class='ocrx_word' id='word_1_774' title='bbox 3225 4769 3374 4824; x_wconf 87' lang='lat' dir='ltr'><strong>aliud</strong></span> <span class='ocrx_word' id='word_1_775' title='bbox 3406 4769 3522 4825; x_wconf 75' lang='lat' dir='ltr'><strong>eili-</strong></span> 
     </span>
    </p>
   </div>
   <div class='ocr_carea' id='block_1_109' title="bbox 1952 4854 3518 4920">
    <p class='ocr_par' dir='ltr' id='par_1_109' title="bbox 1952 4854 3518 4920">
     <span class='ocr_line' id='line_1_109' title="bbox 1952 4854 3518 4920; baseline 0.004 -12"><span class='ocrx_word' id='word_1_776' title='bbox 1952 4869 2075 4918; x_wconf 76' lang='lat' dir='ltr'><strong>cax,</strong></span> <span class='ocrx_word' id='word_1_777' title='bbox 2132 4864 2190 4908; x_wconf 86' lang='lat' dir='ltr'><strong>et</strong></span> <span class='ocrx_word' id='word_1_778' title='bbox 2235 4854 2386 4908; x_wconf 88' lang='lat' dir='ltr'><strong>aliud</strong></span> <span class='ocrx_word' id='word_1_779' title='bbox 2448 4854 2816 4920; x_wconf 74' lang='lat' dir='ltr'><strong>eﬂicientiam,</strong></span> <span class='ocrx_word' id='word_1_780' title='bbox 2858 4858 3008 4911; x_wconf 88' lang='lat' dir='ltr'><strong>aliud</strong></span> <span class='ocrx_word' id='word_1_781' title='bbox 3041 4859 3319 4914; x_wconf 62' lang='lat' dir='ltr'><strong>eﬂ‘ectum.</strong></span> <span class='ocrx_word' id='word_1_782' title='bbox 3378 4861 3518 4915; x_wconf 89' lang='lat' dir='ltr'><strong>Tum</strong></span> 
     </span>
    </p>
   </div>
   <div class='ocr_carea' id='block_1_110' title="bbox 1946 4946 3520 5017">
    <p class='ocr_par' dir='ltr' id='par_1_110' title="bbox 1946 4946 3520 5017">
     <span class='ocr_line' id='line_1_110' title="bbox 1946 4946 3520 5017; baseline 0.005 -17"><span class='ocrx_word' id='word_1_783' title='bbox 1946 4947 2064 5017; x_wconf 85' lang='lat' dir='ltr'><strong>ipse</strong></span> <span class='ocrx_word' id='word_1_784' title='bbox 2088 4962 2154 5001; x_wconf 84' lang='lat' dir='ltr'><strong>ex</strong></span> <span class='ocrx_word' id='word_1_785' title='bbox 2194 4953 2445 5015; x_wconf 88' lang='lat' dir='ltr'><strong>tempore</strong></span> <span class='ocrx_word' id='word_1_786' title='bbox 2501 4946 2988 5017; x_wconf 87' lang='lat' dir='ltr'><strong>interpretabatur.</strong></span> <span class='ocrx_word' id='word_1_787' title='bbox 3016 4949 3355 5006; x_wconf 70' lang='lat' dir='ltr'><strong>.ellicientem</strong></span> <span class='ocrx_word' id='word_1_788' title='bbox 3397 4969 3520 5008; x_wconf 87' lang='lat' dir='ltr'><strong>esse</strong></span> 
     </span>
    </p>
   </div>
   <div class='ocr_carea' id='block_1_111' title="bbox 1949 5036 3519 5103">
    <p class='ocr_par' dir='ltr' id='par_1_111' title="bbox 1949 5036 3519 5103">
     <span class='ocr_line' id='line_1_111' title="bbox 1949 5036 3519 5103; baseline 0.004 -10"><span class='ocrx_word' id='word_1_789' title='bbox 1949 5040 2145 5103; x_wconf 84' lang='lat' dir='ltr'><strong>Deum,</strong></span> <span class='ocrx_word' id='word_1_790' title='bbox 2188 5036 2383 5092; x_wconf 80' lang='lat' dir='ltr'><strong>etlicax</strong></span> <span class='ocrx_word' id='word_1_791' title='bbox 2439 5040 3118 5096; x_wconf 79' lang='lat' dir='ltr'><strong>naturamzemcientiam</strong></span> <span class='ocrx_word' id='word_1_792' title='bbox 3171 5044 3519 5102; x_wconf 84' lang='lat' dir='ltr'><strong>divinitatem</strong></span> 
     </span>
    </p>
   </div>
   <div class='ocr_carea' id='block_1_112' title="bbox 1947 5129 3520 5203">
    <p class='ocr_par' dir='ltr' id='par_1_112' title="bbox 1947 5129 3520 5203">
     <span class='ocr_line' id='line_1_112' title="bbox 1947 5129 3520 5203; baseline 0.005 -19"><span class='ocrx_word' id='word_1_793' title='bbox 1947 5130 2072 5200; x_wconf 89' lang='lat' dir='ltr'><strong>ejus</strong></span> <span class='ocrx_word' id='word_1_794' title='bbox 2096 5129 2399 5182; x_wconf 83' lang='lat' dir='ltr'><strong>increatam</strong></span> <span class='ocrx_word' id='word_1_795' title='bbox 2424 5144 2547 5198; x_wconf 76' lang='lat' dir='ltr'><strong>quae</strong></span> <span class='ocrx_word' id='word_1_796' title='bbox 2570 5130 2677 5184; x_wconf 88' lang='lat' dir='ltr'><strong>alia</strong></span> <span class='ocrx_word' id='word_1_797' title='bbox 2704 5140 2852 5185; x_wconf 88' lang='lat' dir='ltr'><strong>esset</strong></span> <span class='ocrx_word' id='word_1_798' title='bbox 2899 5141 3065 5203; x_wconf 85' lang='lat' dir='ltr'><strong>atque</strong></span> <span class='ocrx_word' id='word_1_799' title='bbox 3097 5132 3350 5193; x_wconf 80' lang='lat' dir='ltr'><strong>eﬂiciens</strong></span> <span class='ocrx_word' id='word_1_800' title='bbox 3369 5152 3520 5192; x_wconf 89' lang='lat' dir='ltr'><strong>eam-</strong></span> 
     </span>
    </p>
   </div>
   <div class='ocr_carea' id='block_1_113' title="bbox 1944 5220 3525 5293">
    <p class='ocr_par' dir='ltr' id='par_1_113' title="bbox 1944 5220 3525 5293">
     <span class='ocr_line' id='line_1_113' title="bbox 1944 5220 3525 5293; baseline 0.006 -18"><span class='ocrx_word' id='word_1_801' title='bbox 1944 5235 2053 5290; x_wconf 89' lang='lat' dir='ltr'><strong>que</strong></span> <span class='ocrx_word' id='word_1_802' title='bbox 2078 5233 2326 5286; x_wconf 89' lang='lat' dir='ltr'><strong>moveus,</strong></span> <span class='ocrx_word' id='word_1_803' title='bbox 2367 5220 2627 5276; x_wconf 79' lang='lat' dir='ltr'><strong>eﬂ‘ectum</strong></span> <span class='ocrx_word' id='word_1_804' title='bbox 2654 5235 2777 5276; x_wconf 86' lang='lat' dir='ltr'><strong>esse</strong></span> <span class='ocrx_word' id='word_1_805' title='bbox 2817 5222 3228 5293; x_wconf 79' lang='lat' dir='ltr'><strong>perfectionem.</strong></span> <span class='ocrx_word' id='word_1_806' title='bbox 3261 5227 3391 5282; x_wconf 81' lang='lat' dir='ltr'><strong>Esse</strong></span> <span class='ocrx_word' id='word_1_807' title='bbox 3422 5244 3525 5284; x_wconf 75' lang='lat' dir='ltr'><strong>au-</strong></span> 
     </span>
    </p>
   </div>
   <div class='ocr_carea' id='block_1_114' title="bbox 1948 5312 3521 5386">
    <p class='ocr_par' dir='ltr' id='par_1_114' title="bbox 1948 5312 3521 5386">
     <span class='ocr_line' id='line_1_114' title="bbox 1948 5312 3521 5386; baseline 0.006 -22"><span class='ocrx_word' id='word_1_808' title='bbox 1948 5320 2056 5367; x_wconf 89' lang='lat' dir='ltr'><strong>tem</strong></span> <span class='ocrx_word' id='word_1_809' title='bbox 2113 5312 2467 5367; x_wconf 79' lang='lat' dir='ltr'><strong>efﬁcientiam</strong></span> <span class='ocrx_word' id='word_1_810' title='bbox 2494 5322 2552 5367; x_wconf 90' lang='lat' dir='ltr'><strong>et</strong></span> <span class='ocrx_word' id='word_1_811' title='bbox 2601 5312 2818 5369; x_wconf 71' lang='lat' dir='ltr'><strong>efﬁcere</strong></span> <span class='ocrx_word' id='word_1_812' title='bbox 2881 5331 3053 5371; x_wconf 89' lang='lat' dir='ltr'><strong>unum</strong></span> <span class='ocrx_word' id='word_1_813' title='bbox 3118 5317 3375 5386; x_wconf 87' lang='lat' dir='ltr'><strong>idemque</strong></span> <span class='ocrx_word' id='word_1_814' title='bbox 3415 5329 3521 5373; x_wconf 83' lang='lat' dir='ltr'><strong>:et</strong></span> 
     </span>
    </p>
   </div>
   <div class='ocr_carea' id='block_1_115' title="bbox 1944 5405 3519 5477">
    <p class='ocr_par' dir='ltr' id='par_1_115' title="bbox 1944 5405 3519 5477">
     <span class='ocr_line' id='line_1_115' title="bbox 1944 5405 3519 5477; baseline 0.005 -20"><span class='ocrx_word' id='word_1_815' title='bbox 1944 5413 2207 5474; x_wconf 56' lang='lat' dir='ltr'><strong>praeterea</strong></span> <span class='ocrx_word' id='word_1_816' title='bbox 2236 5405 2539 5473; x_wconf 68' lang='lat' dir='ltr'><strong>quaerebat,</strong></span> <span class='ocrx_word' id='word_1_817' title='bbox 2575 5406 2706 5477; x_wconf 87' lang='lat' dir='ltr'><strong>quid</strong></span> <span class='ocrx_word' id='word_1_818' title='bbox 2735 5421 2883 5461; x_wconf 87' lang='lat' dir='ltr'><strong>esset</strong></span> <span class='ocrx_word' id='word_1_819' title='bbox 2913 5411 3222 5477; x_wconf 84' lang='lat' dir='ltr'><strong>putandum</strong></span> <span class='ocrx_word' id='word_1_820' title='bbox 3270 5408 3519 5471; x_wconf 70' lang='lat' dir='ltr'><strong>efﬁcere.</strong></span> 
     </span>
    </p>
   </div>
   <div class='ocr_carea' id='block_1_116' title="bbox 1944 5497 3519 5569">
    <p class='ocr_par' dir='ltr' id='par_1_116' title="bbox 1944 5497 3519 5569">
     <span class='ocr_line' id='line_1_116' title="bbox 1944 5497 3519 5569; baseline 0.004 -18"><span class='ocrx_word' id='word_1_821' title='bbox 1944 5498 2110 5569; x_wconf 74' lang='lat'><strong>338</strong></span> <span class='ocrx_word' id='word_1_822' title='bbox 2163 5513 2231 5552; x_wconf 91' lang='lat' dir='ltr'><strong>an</strong></span> <span class='ocrx_word' id='word_1_823' title='bbox 2290 5514 2400 5553; x_wconf 90' lang='lat' dir='ltr'><strong>non</strong></span> <span class='ocrx_word' id='word_1_824' title='bbox 2461 5497 2605 5554; x_wconf 88' lang='lat' dir='ltr'><strong>idem</strong></span> <span class='ocrx_word' id='word_1_825' title='bbox 2640 5515 2782 5555; x_wconf 80' lang='lat' dir='ltr'><strong>cum</strong></span> <span class='ocrx_word' id='word_1_826' title='bbox 2854 5501 3314 5557; x_wconf 86' lang='lat' dir='ltr'><strong>creando?Tum</strong></span> <span class='ocrx_word' id='word_1_827' title='bbox 3387 5517 3519 5558; x_wconf 87' lang='lat' dir='ltr'><strong>sane</strong></span> 
     </span>
    </p>
   </div>
   <div class='ocr_carea' id='block_1_117' title="bbox 1944 5589 3521 5663">
    <p class='ocr_par' dir='ltr' id='par_1_117' title="bbox 1944 5589 3521 5663">
     <span class='ocr_line' id='line_1_117' title="bbox 1944 5589 3521 5663; baseline 0.003 -20"><span class='ocrx_word' id='word_1_828' title='bbox 1944 5600 2188 5645; x_wconf 87' lang='lat' dir='ltr'><strong>creatum</strong></span> <span class='ocrx_word' id='word_1_829' title='bbox 2222 5589 2534 5645; x_wconf 90' lang='lat' dir='ltr'><strong>diceremus</strong></span> <span class='ocrx_word' id='word_1_830' title='bbox 2562 5606 2753 5647; x_wconf 86' lang='lat' dir='ltr'><strong>creare</strong></span> <span class='ocrx_word' id='word_1_831' title='bbox 2809 5592 2865 5647; x_wconf 92' lang='lat' dir='ltr'><strong>in</strong></span> <span class='ocrx_word' id='word_1_832' title='bbox 2911 5593 3024 5647; x_wconf 92' lang='lat' dir='ltr'><strong>Deo</strong></span> <span class='ocrx_word' id='word_1_833' title='bbox 3054 5610 3067 5646; x_wconf 90' lang='lat'><strong>:</strong></span> <span class='ocrx_word' id='word_1_834' title='bbox 3096 5608 3267 5663; x_wconf 79' lang='lat' dir='ltr'><strong>apage</strong></span> <span class='ocrx_word' id='word_1_835' title='bbox 3326 5595 3521 5648; x_wconf 81' lang='lat' dir='ltr'><strong>stulti-</strong></span> 
     </span>
    </p>
   </div>
   <div class='ocr_carea' id='block_1_118' title="bbox 1946 5682 3524 5755">
    <p class='ocr_par' dir='ltr' id='par_1_118' title="bbox 1946 5682 3524 5755">
     <span class='ocr_line' id='line_1_118' title="bbox 1946 5682 3524 5755; baseline 0.003 -18"><span class='ocrx_word' id='word_1_836' title='bbox 1946 5684 2074 5738; x_wconf 86' lang='lat' dir='ltr'><strong>tiam</strong></span> <span class='ocrx_word' id='word_1_837' title='bbox 2110 5683 2270 5738; x_wconf 88' lang='lat' dir='ltr'><strong>istam</strong></span> <span class='ocrx_word' id='word_1_838' title='bbox 2297 5684 2310 5736; x_wconf 85' lang='grc' dir='ltr'><strong>ι</strong></span> <span class='ocrx_word' id='word_1_839' title='bbox 2340 5682 2459 5738; x_wconf 85' lang='lat' dir='ltr'><strong>Alia</strong></span> <span class='ocrx_word' id='word_1_840' title='bbox 2494 5684 2756 5755; x_wconf 88' lang='lat' dir='ltr'><strong>deinceps</strong></span> <span class='ocrx_word' id='word_1_841' title='bbox 2795 5685 2918 5739; x_wconf 88' lang='lat' dir='ltr'><strong>aliis</strong></span> <span class='ocrx_word' id='word_1_842' title='bbox 2975 5685 3237 5750; x_wconf 86' lang='lat' dir='ltr'><strong>addebat,</strong></span> <span class='ocrx_word' id='word_1_843' title='bbox 3292 5685 3524 5742; x_wconf 69' lang='lat' dir='ltr'><strong>demon.</strong></span> 
     </span>
    </p>
   </div>
   <div class='ocr_carea' id='block_1_119' title="bbox 1954 5776 3521 5837">
    <p class='ocr_par' dir='ltr' id='par_1_119' title="bbox 1954 5776 3521 5837">
     <span class='ocr_line' id='line_1_119' title="bbox 1954 5776 3521 5837; baseline 0.003 -5"><span class='ocrx_word' id='word_1_844' title='bbox 1954 5788 2136 5832; x_wconf 84' lang='lat' dir='ltr'><strong>strans</strong></span> <span class='ocrx_word' id='word_1_845' title='bbox 2170 5789 2359 5829; x_wconf 86' lang='lat' dir='ltr'><strong>creare</strong></span> <span class='ocrx_word' id='word_1_846' title='bbox 2386 5776 2537 5831; x_wconf 90' lang='lat' dir='ltr'><strong>aliud</strong></span> <span class='ocrx_word' id='word_1_847' title='bbox 2573 5792 2693 5833; x_wconf 86' lang='lat' dir='ltr'><strong>esse</strong></span> <span class='ocrx_word' id='word_1_848' title='bbox 2736 5787 2793 5832; x_wconf 93' lang='lat' dir='ltr'><strong>et</strong></span> <span class='ocrx_word' id='word_1_849' title='bbox 2818 5776 3097 5833; x_wconf 89' lang='lat' dir='ltr'><strong>diversum</strong></span> <span class='ocrx_word' id='word_1_850' title='bbox 3164 5779 3232 5833; x_wconf 90' lang='lat' dir='ltr'><strong>ab</strong></span> <span class='ocrx_word' id='word_1_851' title='bbox 3281 5782 3521 5837; x_wconf 84' lang='lat' dir='ltr'><strong>essentia</strong></span> 
     </span>
    </p>
   </div>
   <div class='ocr_carea' id='block_1_120' title="bbox 3060 5872 3134 5929">
    <p class='ocr_par' dir='ltr' id='par_1_120' title="bbox 3060 5872 3134 5929">
     <span class='ocr_line' id='line_1_120' title="bbox 3060 5872 3134 5929; baseline 0.027 -2"><span class='ocrx_word' id='word_1_852' title='bbox 3060 5872 3134 5929; x_wconf 91' lang='grc'><strong>10</strong></span> 
     </span>
    </p>
   </div>
  </div>
