4034 6470
469 365 581 430 299

1673 347 2097 411 NICEPIIORI
2140 342 2534 406 GREGORJ!

3602 340 3705 403 3’30

474 495 525 537 ιιι
554 486 862 536 int-reatum
900 489 999 547 per
1029 488 1111 541 se,
1138 473 1414 542 simulque
1460 470 1630 525 multa
1697 469 1917 523 locutus
1942 478 2046 529 est,

2185 466 2247 533 ἧς
2282 463 2468 523 οὐσίας
2512 459 2607 531 καὶ
2638 458 2898 512 ἄκτιστον
2929 457 3054 511 καθ’
3094 457 3244 510 αὑτό.
3285 456 3391 509 Καὶ
3427 455 3544 525 ἅμα
3593 458 3712 510 ἐπο-

478 571 716 641 plttrima
745 577 1044 620 conserens
1073 562 1320 633 ejusdem
1358 567 1567 613 naturae
1597 566 1654 611 et
1682 556 1898 609 ordinis
1921 570 2044 608 cum

481 662 757 732 pt-«oribus
813 658 919 712 illis
954 665 1012 710 et
1044 654 1240 709 mediis
1273 651 1543 707 conviciis
1570 650 1712 720 ejus,
1748 664 1817 703 ne
1849 650 1952 703 alia
1994 649 2046 701 in

477 756 642 808 aliam
667 759 871 805 mutata
905 761 1123 816 semper
1149 754 1205 799 et
1225 744 1327 798 sibi
1363 757 1678 812 repugnans
1711 750 1857 797 esset
1910 738 2053 795 Cha-

480 850 617 901 lanaa
647 859 798 898 novae
830 841 998 895 turris
1023 838 1284 892 :rdificata
1315 844 1371 890 et
1421 850 1765 906 quaecunque
1797 833 1864 887 ad
1923 848 2054 902 pur-

482 940 756 1010 gationem
790 936 914 1006 igne
941 932 1177 1003 egebant
1224 929 1580 985 Sodomitico.
1635 925 1739 982 Sed
1782 925 2052 995 Gregoras

482 1030 758 1100 plerisque
788 1022 1168 1096 praetermissis
1218 1021 1334 1076 haec
1363 1021 1414 1075 ei
1470 1019 1609 1074 dixit
1643 1034 1657 1072 :
1690 1017 1746 1072 Si
1772 1017 1921 1071 aliud
1969 1026 2054 1072 est

484 1136 672 1177 creare
703 1128 760 1174 et
799 1117 1136 1179 increatum,
1170 1111 1474 1169 secundum
1506 1120 1579 1173 te,
1641 1122 1860 1176 semper
1888 1107 2055 1177 igitur

486 1221 624 1275 erat,
655 1216 712 1263 et
746 1204 1064 1260 necessario
1087 1204 1197 1274 jam
1227 1200 1453 1265 accidit,
1489 1207 1550 1253 ut
1583 1197 1696 1252 sint
1732 1196 1895 1250 simul
1926 1210 2052 1248 cum

486 1301 750 1355 Creatore
776 1297 1111 1365 sempiterna
1166 1309 1288 1363 qua:
1310 1292 1504 1346 effecta
1545 1299 1693 1355 sunt;
1728 1305 1851 1342 cum
1884 1289 2053 1353 enim,

488 1391 791 1447 secundum
852 1397 925 1448 te,
956 1400 1177 1455 semper
1238 1391 1384 1437 esset
1443 1380 1671 1435 Creatnr
1730 1387 1787 1432 et
1842 1392 2060 1446 semper

489 1492 723 1547 crearet,
756 1494 975 1549 semper
1008 1478 1175 1547 igitur
1226 1484 1343 1529 erat
1371 1473 1537 1527 etiam
1600 1469 1839 1524 mundus
1892 1467 2058 1522 simul

488 1590 614 1629 cum
649 1571 908 1628 Creatore
947 1586 963 1628 :
1004 1569 1055 1622 id
1088 1567 1235 1637 quod
1287 1566 1533 1634 ineptum
1564 1570 1651 1617 est
1699 1571 1757 1616 et
1807 1559 2058 1630 impium.

488 1663 792 1721 Providere
822 1662 970 1717 enim
1000 1660 1169 1715 semel
1210 1656 1412 1712 creatis
1433 1655 1580 1709 Deus
1610 1652 1818 1707 dicitur
1861 1659 1915 1705 et
1946 1664 2064 1705 ser-

492 1773 620 1812 vare
707 1754 1013 1811 secundum
1092 1765 1259 1821 quam
1346 1748 1487 1803 facta
1571 1756 1703 1803 sunt
1771 1745 2060 1811 rationem,

2154 556 2440 624 λυλόγησε,
2482 554 2707 606 πλεῖστα
2736 552 2999 622 συνείρων
3039 552 3261 620 ὁμοφυᾶ
3291 553 3385 603 καὶ
3432 552 3714 622 ὁμόστοιχα

2153 651 2266 711 τοῖς
2303 647 2589 717 προτέροις
2609 644 2838 706 ἐκείνοις
2878 646 2972 696 καὶ
3009 644 3196 712 μέσοις
3230 642 3579 712 βλασφήμοις
3623 647 3715 696 αὐ·
3805 701 3813 707 ,

2152 742 2273 803 τοῦ,
2317 740 2404 792 ἴνα
2435 738 2500 811 μ’.
2534 736 2738 822 155.ν.]
2791 737 2865 807 μὴ
2900 735 3334 804 ἁλλοπρόσαλλός
3378 751 3459 798 τις
3547 736 3635 789 καὶ
3663 736 3720 788 ἀὲ

2157 831 2447 900 σύμφωνος
2484 830 2663 898 ἐαυτῷ
2694 830 2721 880 ὁ
2750 828 2851 895 τῆς
2881 827 3007 888 νέας
3050 827 3307 896 Χαλάνης
3338 826 3554 897 πύργος
3583 829 3720 879 οἰκο-

2157 924 2518 994 δομούμενος,
2549 920 2646 974 καὶ
2676 921 2774 974 ὅσα
2824 919 2918 973 τοῦ
2947 919 3300 988 Σοδομιτικοῦ
3354 921 3529 989 πυρις
3560 919 3719 970 ἐδεῖτο

2156 1018 2290 1085 πρδς
2355 1014 2643 1083 κάἓαρσιν.
2688 1012 2830 1064 Ἀλλ’
2874 1012 2904 1064 ό
2956 1011 3245 1081 Γρηγορᾶς
3301 1009 3442 1079 πρὸς
3471 1010 3633 1062 αὐτὸν
3659 1009 3721 1061 τὰ.

2157 1109 2332 1159 πλείω
2364 1106 2559 1173 παρεὶς
2587 1103 2772 1157 ἐκεῖνὰ
2802 1118 2989 1173 φησιν·
3025 1100 3085 1154 El
3117 1102 3246 1156 ἄλλο
3280 1104 3342 1153 τὸ
3378 1100 3720 1170 δημιουργεῖν

2161 1202 2256 1254 καὶ
2310 1200 2569 1253 ἄκτιστον
2618 1197 2761 1250 κατὰ
2803 1195 2883 1259 σὲ,
2916 1195 3003 1248 ἀεὶ
3039 1196 3146 1264 ἄρα
3191 1189 3282 1263 ἦν,
3318 1194 3411 1246 καὶ
3446 1191 3721 1261 συμϐαίνει

2158 1291 2347 1345 λοιπὸν
2380 1290 2439 1353 ἐξ
2471 1291 2720 1356 ἀνάγκης
2742 1281 2878 1339 εἶναι
2906 1284 2987 1354 τῷ
3019 1283 3341 1353 δημιουργῷ
3387 1282 3627 1337 συναῖδια
3658 1283 3722 1335 τὰ

2161 1382 2653 1452 δημιουργήματαο
2688 1379 2774 1430 ἀεὶ
2803 1378 2910 1447 γὰρ
2947 1376 3102 1437 ὄντος
3137 1375 3234 1428 τοῦ
3277 1372 3615 1444 δημιουργοῦ
3637 1376 3724 1426 καῖ

2163 1476 2251 1528 ἀεὶ
2279 1471 2725 1543 ὃημουργοῦντος
2763 1471 2905 1523 κατὰ
2934 1469 3015 1532 σέ,
3049 1468 3137 1521 ἀεὶ
3160 1468 3269 1538 ἄρα
3306 1462 3379 1537 ἦν
3425 1467 3516 1520 καὶ
3553 1468 3581 1519 ό
3641 1467 3726 1519 κό-

2167 1563 2455 1634 σμοςόμοῦ
2477 1564 2554 1633 τῷ
2584 1559 2923 1633 δημιουργῷ.
2947 1560 3127 1628 Ὅπερ
3156 1561 3358 1613 ἄτοπον
3391 1557 3486 1611 καὶ
3520 1558 3724 1620 ἀσεϐές.

2165 1656 2517 1727 Προνοεῖσοαι
2552 1655 2649 1724 μὲν
2678 1653 2787 1723 γὰρ
2817 1652 2924 1705 τῶν
2966 1649 3117 1715 ἅπαξ
3154 1648 3668 1720 δημιουργηθέντων
3698 1648 3725 1702 ὁ

2166 1748 2296 1811 Θεὸς
2332 1747 2570 1815 λέγεται,
2605 1748 2698 1800 καὶ.
2731 1746 3024 1814 συντηρεῖν
3052 1744 3178 1797 καθ’
3213 1743 3273 1796 ὃν
3301 1743 3558 1811 γεγόνασι
3580 1741 3729 1809 λόγον

492 1864 673 1918 neque
701 1862 831 1901 vero
857 1859 1082 1907 creare;
1123 1855 1248 1896 cum
1280 1856 1390 1893 non
1422 1839 1705 1907 indigeant
1735 1836 2060 1890 accessione

2180 1809 2326 1902 ιὺτα,
2369 1809 2725 1908 δημιουργεῖν
2774 1809 2925 1900 δὀθ,
2970 1834 3045 1905 μὴ
3094 1809 3392 1905 δεομένων
3419 1834 3728 1903 προσθήκης

490 1954 681 2011 opera,
709 1950 827 2006 qua!
852 1934 1037 1988 omnia
1069 1932 1160 1987 die
1203 1931 1436 1999 septimo
1492 1928 1672 1981 ﬁnivit
1703 1945 1716 1981 :
1752 1925 2061 1995 praesertim

490 2048 613 2087 cum
640 2026 993 2084 efﬁcientiam
1018 2034 1073 2079 et
1100 2023 1319 2077 efﬁcere
1351 2021 1493 2075 idem
1524 2033 1649 2074 esse
1692 2028 1747 2073 et
1781 2018 1899 2085 ipse
1927 2030 2066 2071 eon-

491 2124 688 2187 cedas;
720 2118 1017 2175 efﬁcientia
1047 2127 1229 2170 autem
1280 2121 1366 2167 est
1397 2112 1570 2166 motio
1626 2109 1832 2165 eﬁ‘ecta
1892 2108 2067 2176 magis

492 2230 658 2284 quam
690 2210 960 2266 efﬁciens.
998 2206 1056 2263 Si
1106 2207 1251 2260 enim
1293 2202 1711 2262 esteilicieutia,
1736 2203 1812 2255 ait
1838 2214 2069 2270 magnus

495 2307 549 2362 in
584 2303 857 2373 theologia
883 2298 1209 2369 Gregorius,
1233 2295 1510 2349 efﬁcietur
1570 2292 1855 2355 videlicet,
1886 2304 2064 2358 neque

495 2413 627 2453 Vero
655 2394 861 2450 efﬁciet
890 2408 904 2444 :
931 2400 988 2445 et
1028 2389 1359 2455 simulatque
1389 2384 1555 2455 339
1584 2382 1781 2438 eﬁ‘ecta
1830 2390 1914 2437 est
1970 2381 2070 2435 de-

497 2492 663 2545 sinet.
690 2487 863 2541 Desiit
895 2485 1081 2553 itaque
1109 2483 1169 2533 τδ
1194 2494 1382 2534 creare
1423 2478 1627 2533 etelum
1667 2474 1817 2530 aliud
1853 2483 1909 2529 et
1959 2482 2072 2528 ter-

501 2596 617 2636 ram
649 2580 811 2634 aliam
842 2586 899 2631 et
950 2574 1121 2629 solem
1157 2582 1214 2627 et
1283 2571 1463 2625 sidera
1526 2577 1584 2624 et
1640 2568 1769 2622 talia
1822 2565 2069 2636 quidem,

501 2684 666 2742 atque
696 2669 741 2724 si
767 2668 947 2732 desiit,
982 2665 1145 2719 etiam
1175 2664 1390 2717 initium
1419 2661 1613 2715 habuit
1641 2657 1888 2721 omnino.
1916 2654 2073 2721 Quod

2166 1930 2242 1986 ὧν
2266 1932 2611 1987 κατέπαυσεν
2661 1931 2838 2000 ἔργων
2868 1930 3128 1984 ἁπάντων
3165 1931 3230 1997 τῇ
3291 1927 3498 1996 ἐϐδόμῃ
3536 1926 3727 1995 ἡμέρᾳ.

2171 2023 2377 2084 Ἄλλως
2398 2039 2457 2074 τε
2490 2021 2584 2075 καὶ
2615 2021 2803 2088 ἐπειδὴ
2839 2022 3086 2089 ἐνεργεῖν
3132 2018 3339 2072 ταυτὸν
3358 2020 3454 2071 καὶ
3479 2018 3637 2080 αὐτὸς
3662 2011 3733 2068 εί-

2167 2126 2258 2162 ναι
2279 2109 2584 2177 ὁμολογεῖς,
2609 2095 2723 2160 ἐστι
2750 2105 2795 2159 δ’
2812 2109 2845 2175 ἡ
2872 2107 3121 2174 ἐνέργεια
3138 2108 3353 2175 κίνησις
3376 2102 3729 2176 ἐνεργουμένη

2171 2201 2375 2271 μᾶλλον
2401 2200 2435 2269 ἦ
2468 2199 2771 2268 ἐνεργοῦσα
2802 2201 2871 2267 (εί
2912 2200 3023 2267 γὰρ
3049 2197 3301 2267 ἐνέργειά
3339 2201 3483 2261 ἐστι,
3516 2196 3675 2266 φησὶν
3708 2195 3734 2247 ὁ

2172 2294 2348 2363 μέγας
2380 2294 2437 2345 ἐν
2476 2292 2728 2362 θεολογίᾳ
2755 2290 3530 2361 Γρηγόριος,ἐνεργηοήσεται
3560 2287 3736 2357 δηλον-

2170 2386 2277 2448 ότι,
2314 2386 2410 2439 καὶ
2454 2389 2555 2439 οζκ
2598 2386 2910 2454 ἐνεργήσει,
2971 2383 3069 2436 καὶ
3108 2382 3245 2451 όμοῦ
3275 2381 3355 2451 τῷ
3385 2380 3734 2451 ἑνεργηθῆναι

2183 2476 2479 2545 παύσεται)
2505 2515 2521 2536 ,
2582 2477 2863 2528 πέπαυται
2903 2475 3013 2545 ἄρα
3064 2473 3125 2526 τὸ
3180 2473 3540 2542 δημιουργεῖν
3579 2471 3738 2540 οὐρα-

2173 2567 2267 2619 νὸν
2310 2564 2468 2617 ἄλλον
2520 2566 2616 2618 καὶ
2657 2570 2763 2632 γῆν
2814 2563 2981 2633 ἄλλην
3034 2564 3130 2616 καὶ
3182 2561 3334 2631 ἥλιον
3389 2561 3738 2629 καὶνάστέρας

2173 2661 2271 2712 καὶ
2323 2658 2393 2710 τά
2441 2674 2503 2724 γε
2552 2658 2821 2709 τοιαῦτα·
2865 2656 2960 2709 καὶ
3024 2655 3434 2718 εί.πέπαυται,
3502 2655 3594 2707 καὶ
3641 2652 3733 2722 ἡρ-

502 2739 686 2818 autem
723 2760 915 2829 incipit
944 2770 999 2813 et
1034 2756 1237 2812 desinit
1266 2754 1545 2825 quomodo
1576 2752 1720 2807 idem
1743 2765 1865 2805 esse
1900 2756 2075 2817 potest

2180 2751 2304 2817 ξατο
2352 2752 2589 2812 πάντως.
2625 2747 2698 2801 Τὸ
2746 2746 2791 2800 δ’
2843 2746 3146 2815 ἀρχόμενον
3178 2746 3272 2798 καὶ
3320 2745 3626 2812 παυόμενον
3665 2739 3738 2811 τῷ

502 2874 628 2912 cntu
656 2871 745 2919 eo,
777 2852 925 2924 quod
975 2865 1154 2920 neque
1190 2848 1384 2915 incipit
1438 2860 1620 2913 neque
1672 2841 1921 2897 desinit?
1966 2855 2075 2893 non

2180 2846 2318 2914 μήτε
2363 2843 2652 2911 ἀρχομένῳ
2698 2840 2836 2909 μήτε
2888 2838 3183 2908 παυομένῳ
3236 2838 3354 2899 πῶς
3398 2839 3463 2890 ἄν
3511 2837 3595 2905 εῖη
3620 2852 3741 2888 ταυ-

504 2953 672 3021 igitur
699 2961 889 3002 creare
918 2944 1315 3013 Scutpiternum
1346 2949 1430 2993 est
1462 2936 1622 2991 simul
1674 2950 1799 2989 eum
1836 2935 1965 2988 Deo.
2008 2931 2075 2987 Ut

2180 2937 2311 2999 τ6ν;
2347 2935 2460 2985 Οὐκ
2509 2933 2617 3002 ἄρα
2659 2931 2718 2983 τὸ
2762 2931 3120 3000 δημιουργεῖν
3179 2929 3458 2981 συναῖδιον
3500 2929 3576 2996 τῷ
3610 2925 3738 2993 Θεῷ.

506 3020 652 3093 enim
676 3037 818 3107 ignis
843 3045 1034 3089 natura
1070 3041 1153 3087 est
1183 3029 1413 3083 facultas
1447 3026 1667 3090 urendi,
1688 3034 1748 3079 ut
1772 3025 1867 3078 Dei
1901 3022 2075 3076 facul-

2183 3028 2403 3096 ’Ὠσπερ
2438 3026 2545 3094 γὰρ
2577 3022 2672 3075 τοῦ
2718 3023 2888 3090 πυρὸς
2939 3020 3103 3089 φύσις
3138 3022 3238 3090 μέν
3271 3021 3395 3072 ἐστι
3434 3021 3495 3073 τὸ
3540 3034 3743 3073 καυστι-

509 3141 592 3184 tas
614 3126 861 3189 creandi,
889 3122 1182 3180 efﬁcientia
1219 3130 1401 3173 autem
1431 3126 1715 3179 esturere,
1735 3116 1880 3185 quod
1912 3114 2075 3168 etiam

2181 3117 2278 3170 κδν
2329 3116 2404 3179 ὡς
2454 3113 2547 3167 τοῦ
2600 3111 2735 3166 Θεοῦ
2768 3112 2827 3165 τὸ
2856 3111 3273 3182 δημιουργικὸν,
3305 3110 3561 3180 ἐνέργεια
3603 3105 3739 3161 δὲτὸ

515 3229 789 3290 praesente
818 3231 907 3281 eo,
943 3215 1091 3285 quod
1149 3213 1231 3267 uri
1293 3219 1492 3282 potest,
1561 3207 1785 3263 efﬁcere
1836 3206 2074 3269 videtur,

2181 3209 2382 3272 καίειν,
2412 3207 2440 3260 ὃ
2469 3206 2563 3259 καὶ
2593 3204 2861 3275 παρόντος
2896 3203 2996 3273 μὲν
3034 3202 3129 3256 τοῦ
3162 3200 3416 3256 καίεσθαι
3450 3199 3737 3269 δυναμένου

513 3315 741 3369 absente
770 3321 953 3367 autem
999 3310 1091 3365 illo
1130 3308 1296 3362 etiam
1355 3304 1502 3358 ustio
1560 3302 1740 3364 abest,
1803 3300 1878 3354 ita
1908 3300 2075 3353 etiam

2180 3302 2328 3354 δοκεῖ
2363 3299 2628 3367 ἐνεργεῖν,
2688 3294 2922 3357 ἀπόντος
2970 3295 3021 3355 ,δ’
3066 3295 3281 3347 ἐκείνου
3331 3294 3427 3347 καὶ
3470 3293 3532 3345 τὸ
3577 3290 3741 3345 καίειν
3806 3305 3808 3309 '

509 3409 565 3463 itt
598 3415 822 3461 creante
874 3404 1022 3457 dicat
1069 3399 1315 3469 aliquis:
1353 3396 1409 3451 Si
1451 3395 1606 3449 adest
1671 3392 1817 3463 quod
1880 3393 2080 3447 debeat

508 3498 685 3551 creari
722 3497 906 3550 locum
943 3493 1176 3546 fortasse
1232 3489 1447 3542 obtinet
1491 3486 1657 3539 etiam
1731 3499 1923 3538 creare
1956 3502 1970 3548 ;
2032 3483 2078 3537 si
2116 3540 2121 3549 κ

509 3590 646 3645 illud
677 3589 855 3652 deest,
884 3584 1049 3641 desiit
1074 3583 1238 3637 etiam
1299 3594 1510 3633 creare.
1568 3575 1777 3632 Deinde
1828 3575 2078 3630 efﬁcien-

513 3686 644 3737 tiam
685 3685 827 3735 ltanc
855 3692 977 3747 quae
1004 3684 1085 3730 est
1128 3675 1181 3727 in
1215 3671 1417 3725 creatis
1481 3668 1803 3738 compositis
1855 3679 2081 3719 necesse

510 3784 597 3827 est
629 3771 875 3839 cogitare
904 3775 964 3821 ut
1014 3764 1318 3818 motionem
1345 3761 1624 3822 effectam,
1659 3768 1724 3812 ut
1755 3757 1978 3811 divinus
2002 3757 2083 3811 ait

511 3866 758 3922 Joannes
809 3859 1200 3918 Damascenus,
1248 3869 1370 3923 qua:
1429 3862 1509 3905 est
1543 3851 1709 3905 etiam
1753 3850 1946 3904 relatio
1985 3862 2083 3923 ex-

513 3968 689 4011 trema
720 3953 1088 4023 conjungens,
1121 3961 1299 4017 neque
1328 3946 1447 4000 sine
1475 3943 1660 3998 relatis
1691 3941 1917 4011 cogitari
1992 3918 2087 4009 po-

514 4061 638 4105 test.
675 4048 930 4101 Extrema
987 4052 1168 4097 autem
1215 4040 1341 4094 dico
1396 4038 1616 4092 efﬁcere
1664 4047 1719 4091 et
1770 4034 2028 4090 eﬁ‘ectuut
2068 4049 2082 4085 :

516 4141 688 4194 motio
722 4147 911 4191 autem
942 4141 1026 4189 est
1057 4133 1111 4187 in
1147 4144 1394 4199 tempore
1431 4138 1488 4183 et
1525 4128 1725 4197 prioris
1790 4133 1848 4179 et
1899 4132 2088 4193 poste-

516 4232 679 4284 rioris
709 4227 997 4299 prarseutia
1028 4223 1469 4282 administratur,
1525 4218 1732 4271 ﬁnibus
1770 4222 2083 4284 temporum

516 4333 573 4375 et
602 4326 842 4374 locorum
881 4316 1059 4382 subjic
1082 4328 1183 4367 eus
1245 4310 1557 4365 libertatem
1591 4324 1605 4360 :
1636 4320 1803 4376 quam
1860 4303 2087 4372 quidem

517 4414 632 4467 Deo
658 4407 988 4471 attribuere,
1026 4404 1272 4457 omnium
1303 4408 1389 4453 est
1412 4397 1842 4467 ineptissimum.
1867 4392 2089 4463 Cogita-

2186 3387 2419 3441 ᾰπεστιν
2440 3402 2453 3416 ·
2486 3383 2629 3438 οὕτω
2662 3383 2804 3436 κάπὶ
2857 3381 2951 3435 τοῦ
2992 3380 3456 3452 δημιουργοῦντος
3501 3381 3632 3448 φαίη
3667 3391 3742 3438 τις

2184 3480 2271 3543 ἂν,
2304 3477 2573 3546 παρόντος
2612 3474 2710 3544 μὲν
2733 3472 2829 3527 τοῦ
2870 3472 3327 3543 δημιουργεῖσθαι
3362 3472 3614 3540 δεομένου
3642 3469 3742 3538 χὼ-

2186 3590 2285 3642 ραν
2313 3574 2442 3633 ἴσως
2475 3569 2589 3638 ἐχει
2614 3568 2709 3621 καὶ
2730 3567 2791 3620 τὸ
2815 3566 3193 3636 δημιουργεῖν,
3220 3564 3438 3618 ἐκείνου
3463 3564 3508 3618 δ’
3530 3559 3742 3619 ἀπόντος

2183 3666 2461 3718 πέπαυται
2508 3663 2603 3715 καὶ
2647 3660 2711 3713 τὸ
2757 3659 3137 3729 δημιουργεῖν.
3174 3657 3410 3711 Ἔπειτα
3459 3655 3558 3726 τὴν
3597 3653 3739 3721 ἐνέρ-

2183 3774 2339 3826 γειαν
2372 3755 2582 3824 ταύτην
2611 3755 2668 3806 ἐν
2702 3754 2815 3815 τοῖς
2845 3749 3123 3812 συνθέτοις
3162 3749 3439 3818 κτίσμασι
3482 3746 3587 3819 χρὴ
3614 3745 3742 3799 νοεῖν

2186 3849 2403 3916 κίνησιν
2446 3846 2613 3899 οὖσαν
2660 3843 3084 3913 ἐνεργουμένην,
3113 3842 3189 3903 ὡς
3231 3844 3258 3894 ό
3293 3841 3437 3905 θεῖος
3465 3844 3530 3895 ἐκ
3567 3842 3744 3905 Δαμα-

2189 3938 2322 3991 σκοῦ
2359 3954 2526 4005 φησιν
2580 3934 2855 4001 Ἰωάννης.
2904 3932 3067 3993 Ἥτις
3113 3932 3207 3983 καὶ
3254 3931 3445 3996 σχέσις
3480 3927 3592 3980 ἐστὶ
3632 3938 3748 3975 συν·

2189 4030 2380 4099 θετικὴ
2414 4030 2523 4082 τῶν
2561 4027 2768 4096 ἄκρων,
2818 4025 2918 4077 καὶ
2954 4023 3082 4077 ἄνευ
3127 4022 3236 4075 τῶν
3264 4021 3477 4090 σκεπὸν
3524 4014 3748 4070 νοεῖσθαι

2193 4123 2271 4192 μὴ
2303 4122 2584 4188 δυναμένη
2605 4134 2621 4151 ⁸
2664 4120 2812 4186 ἄκρα
2848 4115 2903 4167 δέ
2944 4130 3089 4184 φημι
3117 4113 3179 4165 τό
3210 4128 3268 4165 τε
3304 4108 3562 4180 ἐνεργοῦν
3585 4101 3748 4160 καὶτὸ

2190 4189 2607 4279 ἐνεργούμενον.
2646 4206 2711 4258 Ἥ
2749 4204 2806 4256 δέ
2855 4205 3071 4271 κίνησις
3109 4203 3167 4253 ἐν
3212 4200 3394 4268 χρόνῳ
3428 4201 3487 4251 τέ
3517 4199 3631 4249 ἐστι
3662 4189 3749 4244 καὶ

2191 4308 2256 4374 τῇ
2295 4300 2390 4356 τοῦ
2427 4301 2691 4370 προτέρου
2728 4298 2823 4350 καὶ⁸
2862 4296 3094 4364 ὑστέρου
3140 4293 3419 4363 παρουσίᾳ
3463 4288 3746 4346 διοικεῖται,

2193 4399 2340 4468 ὅροις
2370 4393 2614 4454 τοπικοῖς
2660 4388 2797 4457 όμοῦ
2846 4388 2942 4442 καὶ
2992 4387 3271 4458 χρονικοῖς
3315 4382 3628 4437 δουλώσασα
3660 4374 3750 4443 τὴν

521 4517 631 4557 lum
661 4503 949 4570 enituerat
977 4498 1181 4551 factum
1216 4494 1272 4547 in
1306 4493 1435 4557 Deo,
1498 4494 1612 4558 ipsa
1669 4487 1957 4540 voluntate
2019 4486 2075 4536 att

2197 4485 2532 4556 ἐλευθερίαν.
2569 4482 2786 4551 Ταύτην
2820 4480 2867 4533 δ’
2900 4478 3213 4534 ἀνατιθέναι
3249 4475 3373 4544 Θεῷ
3416 4474 3525 4527 τῶν
3546 4471 3751 4523 πάντων
3780 4506 3791 4514 .

520 4596 884 4651 constitutum
918 4590 1083 4645 ﬁnem
1116 4596 1438 4641 transeunte
1474 4600 1487 4635 :
1516 4579 1817 4634 discrimen
1878 4584 2091 4645 tempo-

522 4686 594 4743 t'is
626 4698 720 4742 aut
755 4685 860 4739 loci
893 4683 968 4738 ibi
1013 4679 1369 4735 introducere
1427 4685 1760 4744 quocunque
1811 4667 1975 4721 modo
1999 4682 2093 4721 co-

520 4784 785 4853 gitatione
819 4775 1056 4847 quadam
1076 4771 1322 4826 omnium
1352 4776 1437 4821 est
1474 4762 1878 4833 ineptissimum
1915 4774 2092 4826 neque

521 4851 682 4946 35,0
721 4870 836 4926 ﬁeri
872 4877 1074 4939 potest.
1112 4883 1129 4915 ι
1168 4862 1417 4931 Impetus
1460 4857 1611 4912 enim
1645 4852 1863 4910 consilii
1894 4851 2090 4916 divini,

519 4979 597 5022 ait
623 4963 919 5035 Gregorius
938 4956 1236 5031 Nysscnus,
1262 4968 1387 5009 cum
1420 4950 1535 5004 vult
1566 4963 1652 5003 res
1692 4948 1750 5001 ﬁt
1772 4955 1861 5014 ,et
1894 4945 2092 4999 volun-

524 5072 607 5112 tas
647 5054 887 5111 essentia
951 5049 1208 5110 afﬁcitur,
1270 5046 1343 5099 ita
1387 5054 1444 5096 ut
1476 5041 1660 5096 statim
1714 5039 1809 5093 ﬁat
1870 5047 2090 5098 natura,

520 5150 780 5203 voluntas
838 5142 1099 5197 nimirum
1162 5136 1448 5206 potestatis
1509 5126 1921 5200 omnipotentis,
1973 5141 2095 5196 qua:

522 5242 892 5313 quodcunque
927 5233 1207 5301 sapienter
1268 5239 1325 5282 et
1367 5225 1660 5278 artiﬁciose
1717 5222 1834 5275 vult
1885 5219 2091 5283 efficit,

524 5311 586 5388 ut
622 5332 878 5384 voluntas
923 5339 1033 5378 non
1059 5331 1243 5375 careat
1298 5318 1625 5373 substantia.
1654 5333 1671 5365 ι
1731 5315 1909 5367 Locus
1942 5311 2092 5366 enim

525 5434 583 5479 ct
614 5423 754 5477 ratio
788 5416 941 5471 nullo
969 5412 1134 5468 modo
1157 5411 1517 5480 conspicitur,
1553 5407 1860 5463 secundum
1912 5404 2092 5474 Cyril-

522 5520 634 5571 ln.n
667 5514 943 5573 divutuut,
973 5504 1323 5560 intercedeus
1355 5502 1501 5556 inter
1529 5510 1834 5554 creatorem
1861 5507 1916 5551 et
1940 5511 2096 5551 crea-

524 5620 639 5662 ttnn
672 5623 687 5659 :
715 5599 1067 5657 efficientiam
1099 5606 1282 5651 autem
1315 5597 1368 5649 in
1401 5596 1510 5649 Deo
1543 5597 1978 5647 demonstratum
2009 5595 2095 5641 est

524 5712 643 5748 esse
675 5693 795 5762 ejus
822 5689 1249 5744 declarationem
1300 5700 1620 5756 magnorum
1672 5693 1726 5736 et
1756 5679 2093 5733 utirabilium

532 5800 763 5851 operum
829 5783 989 5838 nobis
1036 5782 1281 5838 factam:
1325 5782 1439 5835 haec
1500 5786 1682 5832 autem
1744 5781 1872 5830 sttnt
1928 5786 2095 5842 Opera

2199 4581 2348 4635 ἐστὶν
2397 4574 2769 4631 ἀτοπώτατον.
2823 4573 2898 4625 Τὸ
2943 4573 3056 4640 γὰρ
3103 4570 3342 4639 ἐννόημα
3387 4568 3546 4638 ἔργον
3582 4559 3647 4633 ἦν
3666 4559 3753 4611 ἐπὶ

2198 4670 2357 4734 θεοῦ,
2395 4669 2616 4737 ἀμέσως
2654 4663 2751 4717 τοῦ
2796 4662 3143 4733 βουλήματος
3186 4660 3323 4729 πρὸς
3371 4661 3429 4713 τὸ
3458 4655 3597 4711 κατὰ
3626 4649 3753 4720 πρό-

2199 4761 2348 4813 θεσιν
2373 4757 2531 4819 τέλος
2582 4752 3000 4824 μεθισταμένου.
3051 4750 3154 4804 Καὶ
3194 4749 3475 4819 διάστημα
3516 4741 3752 4816 χρονικδν

2197 4853 2232 4924 ἢ
2272 4850 2494 4904 τοπικὸν
2530 4851 2647 4901 ἐκεῖ
2693 4846 3054 4916 παρεισάγειν
3102 4842 3352 4897 ὁπωσοῦν
3382 4839 3613 4915 ,ἐπινοίᾳ
3656 4832 3755 4886 τινὶ

2197 4941 2306 4992 τῶν
2330 4940 2550 4992 πάντων
2588 4935 2735 4988 ἐστὶν
2784 4933 3133 4988 ἀτοπώτατον
3181 4937 3275 4986 καὶ
3326 4933 3610 4986 ἀδύνατον.
3638 4942 3656 4975 ι
3699 4919 3753 4972 ἸΙ

2199 5031 2307 5101 γὰρ
2335 5030 2478 5099 ὁρμὴ
2507 5029 2606 5098 τῆς
2636 5026 2788 5089 θείας
2819 5026 3217 5095 προαιρέσεως,
3253 5042 3272 5073 ι
3300 5025 3465 5093 φησιν
3494 5023 3524 5074 ό
3547 5018 3755 5078 Νύσσης

2199 5122 2523 5193 Γρηγόριος,
2568 5137 2588 5169 ι
2621 5118 2749 5171 ὅταν
2798 5117 2955 5188 ἐθέλῃ
3009 5118 3241 5187 πρᾶγμα
3280 5116 3510 5179 γίνεται,
3556 5111 3645 5163 καὶ
3669 5108 3755 5158 οὺ-

2203 5212 2415 5266 σιοῦται
2467 5212 2529 5263 τὸ
2570 5209 2819 5280 βούλημα
2872 5210 3038 5272 εὐθὺς
3099 5207 3263 5277 φύσις
3317 5197 3618 5275 γινόμενον,
3664 5196 3757 5261 τῆς

2205 5305 2617 5373 παντοδυνάμου
2674 5301 2947 5365 ἐξουσίας,
3008 5302 3143 5369 ὅπερ
3197 5298 3265 5351 ἂν
3327 5295 3506 5365 σοφῶς
3562 5308 3619 5344 τε
3674 5289 3758 5340 καὶ

2201 5394 2468 5467 τεχνικῶς
2528 5393 2796 5464 ἐθελήσῃ,
2850 5391 2925 5460 μὴ
2978 5389 3356 5442 ἀνυπόστατον
3408 5382 3660 5448 ποιούσης
3702 5375 3758 5425 τὸ

2203 5462 2433 5559 θέλημα.
2474 5506 2492 5539 ι
2537 5462 2877 5552 Τόπος-γὰρ
2926 5483 3022 5536 καὶ
3052 5482 3211 5553 λόγος
3255 5480 3375 5533 οὐδε
3399 5495 3422 5540 ς
3464 5475 3524 5546 [ι.
3563 5472 3658 5526 I53
3687 5462 3757 5535 υο]

2203 5585 2415 5652 ὁρᾶται,
2437 5580 2575 5633 κατὰ
2603 5579 2692 5630 τὸν
2718 5578 2855 5629 θεῖον
2878 5576 3168 5645 Κύριλλον,
3196 5575 3400 5645 μεταξὺ
3434 5565 3650 5638 ποιητοῦ
3670 5564 3755 5616 καὶ

2203 5675 2519 5743 κτίσματος.
2558 5670 2837 5738 Ἐνέργεια
2865 5668 2908 5720 δ’
2944 5669 3030 5719 ἐπὶ
3077 5668 3214 5719 Θεοῦ
3255 5667 3525 5718 δέδεικται
3561 5657 3691 5713 εἶναι
3726 5657 3755 5721 ἡ

2203 5766 2311 5819 τῶν
2371 5764 2622 5835 μεγάλων
2686 5762 2778 5814 καὶ
2816 5760 3145 5831 θαυμασίων
3204 5758 3379 5829 ἔργων
3426 5751 3584 5808 αὑτοῦ
3631 5748 3754 5817 πρὸς
