4034 6474
330 426 431 491 301

1302 426 1753 487 BYZAN'I‘INJE
1793 421 2182 483 IIISTURLE
2216 414 2369 481 LIB-
2408 423 2572 481 axx

3475 416 3580 479 302

330 540 479 608 ἡμᾶς
514 538 845 608 φανέρωσις.
883 539 1070 593 Ταῦτα
1110 539 1156 593 δ’
1196 538 1311 594 ἐστι
1362 542 1646 613 ποιήματα
1688 538 1907 603 κτιστὰ,

2017 546 2198 590 creata
2237 553 2249 588 :
2285 551 2461 601 ιιοιιειι»
2498 550 2624 587 vero
2661 532 2771 587 ullo
2827 531 2990 586 modo
3025 528 3101 584 dii
3155 538 3211 584 et
3262 527 3585 585 divinitatea

328 632 422 683 καὶ
451 631 662 700 οὐδαμῆ
703 631 817 684 θεοὶ
850 633 944 685 καὶ
974 632 1229 701 θεότητες
1255 633 1528 689 ἀκτιστοι.
1548 628 1652 689 Ὧν
1681 633 1907 703 οὐδεμία

325 741 413 787 τις
440 723 798 793 προηγήσατο
827 723 1065 794 κίνησις,
1115 725 1184 795 ῆν
1243 725 1524 795 ἐνέργειαν
1575 725 1710 793 σύγε
1766 721 1909 782 εἶναι

330 814 698 879 ἀναπλάττεις
733 813 830 869 νῦν
864 817 958 869 καὶ
1005 815 1239 886 θεότητα
1288 815 1722 886 προσαγορεύεις
1755 816 1911 871 ἀκτι-

331 924 459 960 στον
502 905 599 960 καὶ
654 908 754 976 τῆς
800 905 950 969 θείας
990 905 1181 970 οὐσίας
1226 907 1504 979 διάφορον.
1550 907 1911 977 Ἀνάπλασμα

329 1004 439 1072 ἀρα
474 1001 573 1072 σῆς
607 1000 847 1064 διανοίας
876 1003 909 1070 ὴ
938 1001 1004 1073 σὴ
1041 1001 1230 1070 θεδτης
1265 1002 1434 1064 ἐστὶν,
1470 992 1583 1055 οἷον
1608 1001 1720 1054 οὑδ’
1755 1001 1822 1055 ἂν
1860 1001 1908 1055 οἱ

332 1096 458 1157 τοὺς
487 1094 869 1165 τραγελάφους
896 1093 1225 1158 πλάττοντες
1257 1096 1596 1166 ὲννοήσαιεν.

403 1188 532 1240 AA'.
566 1185 773 1255 Πολλῆς
797 1202 864 1253 γε
915 1187 1024 1256 μὴν
1064 1186 1370 1251 ὲνστάσεως
1420 1186 1532 1240 τῶν
1567 1186 1912 1257 ἑκατέρωθεν

333 1279 652 1350 γενομένης,
687 1279 784 1332 καὶ
825 1279 1003 1348 λόγων
1053 1280 1264 1350 συχνῶν
1317 1279 1664 1334 κενωθέντων
1712 1280 1857 1345 οίους
1885 1285 1913 1335 6

332 1372 430 1442 τῆς
460 1372 632 1442 έριδος
670 1371 825 1442 μίτος
868 1371 1108 1443 ὑφαίνει,
1138 1373 1232 1427 καὶ
1269 1370 1389 1442 ἅμα
1424 1372 1658 1444 θορύϐου
1693 1372 1912 1443 μακροῦ

329 1465 440 1516 τῶν
491 1463 722 1533 ἀμαθῶς
773 1464 1000 1519 ἐκείνων
1049 1465 1510 1535 παρασπιζόντων
1552 1464 1633 1535 τῷ
1674 1465 1914 1539 Παλαμᾷ

331 1556 835 1629 περιϐομϐήσαντος
889 1559 991 1622 τὰς
1055 1559 1215 1629 ἡμῶν
1264 1561 1458 1627 ἀκοάς,
1501 1559 1578 1623 ὡς
1619 1560 1745 1631 μηδ’
1792 1560 1915 1626 ἑξα-

330 1650 591 1704 κούεσθαι
636 1649 900 1704 δύνασθαί
947 1669 1000 1704 τι
1048 1651 1158 1705 τῶν
1210 1651 1547 1723 λεγομένων,
1601 1653 1914 1724 ἀνεχαίτισε

280 1754 288 1761 ‘
328 1744 420 1796 τὸν
449 1744 650 1813 δρόμον
699 1745 728 1796 6
759 1743 1051 1814 Γρηγορᾶς
1084 1742 1313 1798 ἐκείνων
1363 1743 1478 1799 τῶν
1527 1744 1790 1815 ἐλέγχων.
1824 1745 1915 1798 ἵνα

333 1834 408 1904 μή
454 1835 549 1888 καὶ
592 1832 865 1904 πρόφασίς
909 1850 995 1898 τις
1037 1833 1332 1904 ύπονοῆται
1373 1834 1485 1887 τῶν
1531 1833 1628 1888 τοῦ
1676 1835 1914 1904 Παλαμᾶ

330 1927 696 1981 καθίστασθαι
753 1925 1137 1997 βλασφημιῶν.
1201 1927 1580 2007 Παυσαμένων
1634 1928 1745 1999 γὰρ
1798 1927 1910 1982 τῶν

332 2019 574 2090 ἐλέγχων
604 2019 761 2090 φησι,
793 2019 892 2073 καὶ
941 2019 1139 2090 μηκέτι
1183 2018 1247 2073 τὸ
1292 2018 1507 2091 ἀμαθὲς
1553 2019 1910 2091 ἑρεθιζόντων

330 2113 569 2177 ἐκείνου,
596 2111 904 2167 παύσεσθαι
923 2114 1021 2165 καὶ
1053 2112 1115 2166 τὸ
1147 2111 1407 2180 πολέμιον
1437 2111 1599 2176 εὐθὺς
1629 2112 1728 2166 καὶ
1754 2111 1908 2165 ἀντί-

334 2203 503 2258 παλον
529 2203 628 2273 τῆς
660 2204 870 2258 ἐκείνου
904 2202 1225 2275 βλασφήμου
1257 2201 1507 2282 γλώττης
1537 2206 1631 2259 καί⁹
1662 2205 1909 2275 ἀπεραν-

330 2297 602 2365 τολογίας.
642 2315 661 2348 ι
693 2297 930 2368 Ἐχομεν
967 2297 1024 2351 δὲ
1078 2297 1176 2351 καὶ
1227 2298 1327 2367 τὴν
1384 2296 1620 2368 μίμησιν
1660 2299 1741 2362 είς
1778 2296 1910 2360 τοὺς

333 2390 533 2455 θείους,
570 2389 798 2462 ἔφησεν,
829 2390 1071 2453 ἐκείνους
1103 2389 1403 2459 φωστῆρας
1425 2390 1521 2442 καὶ
1547 2389 1909 2454 διδασκάλους

331 2479 429 2546 τῆς
470 2478 800 2547 Ἐκκλησίας
844 2465 1180 2545 ἀνενεγκεῖν,
1233 2478 1356 2531 κατ’
1406 2476 1681 2547 Εὑνομίου
1736 2477 1912 2532 πάλαι

334 2570 687 2640 φερομένους.
733 2569 847 2638 Τῆς
875 2570 985 2640 γὰρ
1027 2571 1237 2624 ἐκείνου
1272 2569 1636 2637 καταγνόντες
1671 2570 1913 2642 ἀναλγη-

333 2663 474 2728 σίας,
528 2661 806 2723 Βασίλειος
845 2662 945 2732 μὲν
997 2664 1026 2716 ὁ
1080 2661 1279 2730 μέγας,
1317 2679 1337 2712 ι
1398 2660 1711 2731 Ἐοίκαμεν,
1750 2663 1909 2733 φησὶ,

330 2755 419 2808 διά
464 2753 567 2826 τὴν
623 2754 824 2824 πολλὴν
874 2755 977 2822 τῆς
1028 2755 1285 2817 ἀσεϐείας
1338 2754 1633 2825 ἐνάργειαν
1684 2755 1908 2822 ἀπορεῖν

332 2845 527 2913 λόγων,
557 2848 653 2900 καὶ
686 2847 787 2900 οὐκ
816 2845 960 2916 ἔχειν
995 2846 1113 2909 πῶς
1137 2849 1239 2918 τῆς
1270 2846 1496 2914 ἀλογίας
1523 2846 1707 2901 αὐτῶν
1735 2848 1910 2902 καθα-

331 2935 564 3005 ψόμεθα,
595 2936 735 2990 ὥστε
780 2954 874 3007 μοι
911 2937 1129 2992 δοκοῦσί
1176 2954 1231 2991 τι
1280 2937 1582 3009 κερδαίνειν
1623 2937 1778 3010 παρὰ
1808 2940 1908 3011 τήν

333 3028 572 3095 ἄγνοιαν.
609 3028 698 3091 Ὠς
725 3030 837 3099 γὰρ
863 3029 932 3083 τὰ
967 3030 1189 3098 μαλακὰ
1216 3032 1311 3085 καὶ
1340 3031 1636 3086 ὑπείκοντα
1662 3031 1774 3087 τῶν
1801 3050 1908 3087 σω-

338 3115 524 3182 μάτων
548 3115 627 3184 τῷ
657 3116 732 3186 μὴ
762 3114 905 3187 ἔχειν
929 3117 1236 3188 ἀντέρεισιν
1261 3119 1361 3173 οὐκ
1385 3117 1501 3172 ἔστι
1530 3120 1786 3189 γενναίαν
1809 3122 1910 3193 τὴν

336 3207 549 3277 πληγὴν
602 3210 868 3277 ἐνεγκεῖν,
922 3210 1098 3273 οὕτως
1157 3210 1278 3264 οὐδὲ
1332 3211 1443 3265 τῶν
1495 3213 1782 3283 προδήλων
1831 3216 1912 3279 είς
1937 3240 1986 3299 c

335 3300 519 3352 ἄνοιαν
540 3300 761 3354 δυνατὸν
792 3301 1000 3372 ἐλέγχῳ
1023 3303 1256 3372 νεανικῷ
1281 3304 1633 3358 καθικέσθαι.
1656 3306 1916 3359 Λείπεται

334 3388 425 3443 οὖν
459 3393 638 3461 σιωπῇ
673 3391 734 3445 τὸ
778 3390 1072 3461 βδελυκτὸν
1103 3394 1286 3447 αὐτῶν
1317 3395 1419 3464 τῆς
1456 3395 1710 3459 ἀσεϐείας
1738 3413 1919 3468 παρα-

333 3483 583 3553 δραμεῖν.
616 3501 636 3536 3
690 3483 990 3556 Γρηγόριος
1026 3485 1071 3539 δ’
1120 3484 1278 3549 αὖθις
1328 3487 1356 3539 6
1414 3484 1735 3551 Νυσσαέων,
1793 3503 1916 3539 κατ’

336 3575 601 3644 Εὑνομίου
622 3574 917 3647 φερόμενος
945 3577 1041 3631 καὶ
1058 3577 1222 3640 αὐτὸς
1243 3578 1337 3631 καὶ
1364 3577 1457 3631 τὸν
1480 3578 1642 3630 αὑτὸν
1667 3577 1917 3649 τάδελφῷ

336 3667 729 3737 σταδιοδρομῶν
755 3667 990 3732 δίαυλον,
1026 3688 1045 3720 ι
1074 3668 1270 3734 Καλῶς
1289 3675 1356 3724 ἂν
1383 3670 1518 3739 ἔχοι,
1546 3669 1702 3738 φησὶ,
1733 3671 1913 3740 σιωπῇ

338 3758 543 3826 μᾶλλον
567 3758 660 3811 τὸν
691 3759 851 3828 λόγον
889 3758 1242 3830 βδελύξασθαι
1288 3763 1382 3814 καὶ
1426 3760 1670 3830 βύσαντα
1700 3760 1769 3813 τὰ
1799 3754 1917 3814 ὦτα

334 3853 525 3917 ςυγεῖν
556 3850 664 3903 ἀπὸ
703 3851 875 3921 ἀκοῆς
913 3853 1180 3921 πονηρᾶς.
1209 3869 1229 3903 ι
1275 3851 1400 3903 Ἐπὶ
1443 3853 1653 3913 τούτοις
1689 3853 1716 3904 ὁ
1761 3851 1919 3921 βασι-

335 3938 459 4000 λεύς
486 3954 545 3990 τε
581 3938 802 4009 ἀνέστη,
836 3939 929 3992 καὶ
959 3941 988 3992 ὁ
1024 3939 1284 4009 σύλλογος
1314 3939 1610 3996 διελέλυτο.
1642 3940 1703 3992 Εἰ
1726 3941 1783 3992 δὲ
1823 3940 1916 3991 καὶ

334 4031 498 4100 ’ἐεερα
535 4031 703 4085 πλείω
736 4032 940 4101 μεταξὺ
977 4031 1283 4102 λαληθέντα
1315 4034 1466 4103 παρά
1520 4034 1615 4086 τοῦ
1655 4034 1916 4102 ιιαλαμᾱὶ,

336 4124 494 4191 σιγῆς
535 4124 851 4195 ὑπάρχοντα
886 4127 984 4179 καὶ
1013 4127 1073 4179 οὑ
1109 4128 1331 4198 μνήμης
1374 4127 1621 4182 οὐδέποτ’
1656 4129 1916 4200 οὐδεμιᾶς

333 4215 486 4281 ἀξια,
517 4218 642 4284 σιγῇ
676 4217 1152 4288 παρεπέμφθησαν
1191 4220 1287 4273 καὶ
1316 4220 1490 4292 ταύτῃ
1534 4223 1600 4291 τῇ
1632 4221 1915 4291 διηγήσει,

336 4304 638 4374 μεμφέσθω
689 4309 906 4377 μηδείς·
957 4310 1187 4380 περιττά
1231 4310 1340 4382 γὰρ
1388 4312 1483 4365 καὶ
1525 4310 1796 4381 ὲπιϐλαϐἧ
1838 4309 1914 4383 ,[ι.

338 4397 440 4451 164
474 4396 547 4470 r.]
578 4399 674 4452 καὶ
720 4401 1159 4473 συμπεφυρμένα
1187 4403 1281 4455 καὶ
1321 4402 1673 4476 βλασφημίας
1710 4421 1917 4460 παντο-

333 4493 513 4563 δαπῆς
569 4496 662 4546 καὶ
714 4497 966 4567 ποικίλης
1019 4497 1322 4568 ἀνάμεστα,
1381 4498 1586 4568 μᾶλλον
1641 4499 1698 4552 δὲ.
1747 4501 1917 4572 χείρω

1986 628 2292 689 .ἰη‹;ι·εοι;υ,
2319 626 2521 694 quibus
2553 625 2704 679 nulla
2753 621 3033 679 antecedit
3072 620 3267 683 motio,
3325 637 3492 690 quam
3524 631 3582 676 tu

2011 722 2237 791 quidem
2306 718 2662 775 efﬁcientiam
2687 732 2808 773 esse
2840 716 2999 788 ﬁngis
3022 731 3173 772 nunc
3203 725 3261 771 ct
3321 714 3587 769 divinita-

2011 820 2121 867 tem
2153 814 2398 881 appellas
2427 810 2724 866 increatam
2743 809 2892 865 etab
2941 807 3186 864 essentia
3253 807 3440 862 divina
3500 806 3589 862 di-

2008 920 2251 963 versam.
2284 901 2459 961 Fietio
2488 904 2658 975 igitur
2714 903 2917 958 mentis
2942 912 3047 957 tua;
3069 910 3153 958 est
3178 901 3440 957 divinitas
3472 912 3588 965 tua,

2011 996 2231 1066 qualem
2269 1012 2336 1051 ne
2364 996 2712 1068 tragelaphos
2764 996 2991 1066 quidem
3051 997 3320 1066 tingentes
3371 1010 3594 1065 excogi-

2014 1096 2133 1144 tare
2166 1087 2405 1158 possint.

2084 1182 2276 1239 XXXI.
2304 1183 2493 1255 Magna
2527 1181 2752 1255 quidem
2794 1181 3143 1253 oppositione
3184 1181 3357 1253 partis
3381 1180 3593 1236 utrius-

2014 1291 2122 1347 que
2158 1274 2298 1329 facta
2328 1284 2386 1329 et
2418 1274 2607 1330 verbis
2660 1273 3007 1344 consumptis
3040 1271 3224 1343 qualia
3252 1271 3594 1342 objurgatio-

2013 1369 2100 1423 nis
2123 1366 2323 1422 Filium
2356 1367 2625 1432 contexit,
2660 1365 2937 1436 simulque
2985 1364 3227 1418 tumultu
3277 1378 3476 1431 magno
3502 1379 3598 1418 ex-

2014 1468 2141 1516 orto
2201 1460 2420 1514 illorum
2474 1457 2699 1514 indocte
2744 1457 3125 1529 adjuvantium
3170 1457 3446 1511 Palamam
3499 1456 3595 1526 qui

2014 1563 2177 1604 aures
2209 1556 2424 1603 nostras
2451 1546 2765 1617 obstrepuit
2795 1545 2871 1601 ita
2900 1554 2962 1602 ut
2985 1561 3164 1616 neque
3192 1545 3443 1600 exaudiri
3469 1559 3598 1614 pos-

2015 1648 2101 1695 set
2132 1638 2439 1710 quidquam
2467 1637 2766 1703 dictorum,
2794 1636 3070 1709 Gregoras
3100 1653 3327 1693 cursum
3359 1637 3590 1693 retinuit

2015 1739 2470 1801 argumentorum
2530 1729 2779 1794 illorum,
2832 1744 2903 1784 ne
2957 1730 3179 1799 species
3236 1729 3597 1785 simularetur

2014 1821 2397 1877 conviciorum
2422 1821 2658 1877 Palamaa
2679 1832 2738 1875 ut
2760 1821 3155 1876 consisterent.
3193 1821 3406 1877 Etenim
3433 1821 3480 1876 si
3505 1813 3599 1875 tle?-

2015 1914 2266 1969 sinerent
2318 1921 2666 1983 argumenta,
2722 1912 2822 1979 ait,
2871 1910 3031 1984 341
3070 1928 3249 1982 neque
3305 1913 3418 1983 jam
3447 1912 3596 1967 Illius

2015 2004 2384 2076 ignorantiam
2414 2006 2745 2072 excitarent,
2790 2003 2908 2059 l‘ore
2940 2013 3000 2058 ut
3044 2003 3211 2059 etiam
3246 2004 3452 2059 bellum
3486 2015 3598 2058 sta-

2017 2100 2114 2155 tim
2144 2109 2200 2155 et
2224 2099 2505 2172 oppositio
2557 2098 2708 2154 illius
2769 2098 2974 2170 linguae
3011 2097 3379 2154 conviciantis
3411 2105 3467 2152 et
3514 2097 3601 2152 lo-

2015 2192 2312 2263 quacitatis
2343 2192 2689 2249 desinerent.
2726 2210 2744 2244 ι
2772 2190 3078 2248 Possumus
3109 2190 3276 2246 etiam
3335 2190 3603 2246 imitatio-

2017 2299 2141 2338 nem
2199 2284 2270 2339 ad
2328 2283 2571 2363 divinos,
2626 2284 2831 2354 inquit,
2890 2293 3263 2353 praeceptores
3299 2293 3356 2338 et
3388 2283 3599 2337 lumina

2016 2377 2276 2435 Ecclesiae
2330 2378 2537 2434 referre
2592 2386 2785 2433 contra
2861 2376 3192 2432 Eunomium
3250 2377 3599 2432 invehentes.

2018 2471 2156 2528 Cum
2188 2471 2335 2526 enim
2364 2471 2513 2527 illius
2540 2470 2940 2542 impudentiam
2977 2480 3398 2540 cognoscerent,
3449 2469 3604 2526 Basi-

2015 2564 2124 2618 lius
2158 2562 2401 2634 Magnus,
2452 2563 2773 2630 «Videmur,
2829 2563 3032 2634 inquit,
3095 2572 3321 2635 propter
3372 2565 3603 2620 multam

2016 2655 2314 2725 impietatis
2346 2655 2797 2727 perspicuitatem
2837 2656 3026 2712 verbis
3056 2672 3250 2712 carere
3282 2670 3466 2727 neque
3500 2657 3603 2712 ha-

2016 2747 2149 2802 bere
2177 2746 2455 2817 quomodo
2505 2747 2778 2803 insaniam
2834 2762 3024 2803 eorum
3066 2759 3378 2820 tangamus.
3434 2751 3510 2806 ita
3543 2758 3607 2806 ut

2029 2836 2272 2892 fructum
2301 2852 2502 2909 capere
2516 2847 2717 2911 praeter
2734 2838 3101 2909 ignorantiam
3130 2839 3266 2896 mihi
3291 2841 3602 2899 videantur.

2016 2928 2091 2986 Ut
2127 2928 2278 2983 enim
2319 2929 2505 2984 mollia
2545 2936 2602 2984 et
2628 2930 2972 2986 remittentia
3025 2946 3284 3001 corpora,
3327 2932 3458 3003 quia
3516 2949 3607 2990 re-

2015 3019 2215 3075 sistere
2245 3036 2354 3076 non
2391 3030 2642 3092 possunt,
2668 3020 2881 3094 justum
2941 3022 3146 3078 vulnus
3206 3024 3463 3094 accipere
3503 3040 3604 3081 ne-

2015 3120 2251 3182 queunt,
2314 3115 2389 3168 ita
2456 3130 2638 3184 neque
2699 3128 2797 3169 eos
2829 3130 3070 3185 quorum
3134 3115 3455 3186 ignorantia
3520 3127 3607 3175 est

2019 3215 2209 3279 aperta
2243 3216 2305 3263 ut
2328 3217 2653 3279 argumento
2681 3208 2894 3278 ingenti
2926 3219 3215 3281 tangamus
3242 3210 3364 3266 fieri
3386 3219 3602 3282 potest;

2020 3301 2361 3370 relinquitur
2391 3299 2582 3370 igitur,
2630 3309 2693 3355 ut
2749 3300 3089 3372 impietatem
3129 3318 3325 3358 eorum
3354 3303 3605 3360 odiosam

2020 3393 2247 3448 silentio
2284 3395 2797 3462 prmtermittamus.
2844 3415 2862 3448 ι
2912 3395 3128 3452 Rursus
3158 3405 3346 3452 autem
3402 3396 3610 3470 (ξι-θεο-

2022 3487 2137 3540 rius
2160 3486 2440 3557 Nyssenus
2464 3489 2515 3541 in
2538 3488 2867 3542 Eunomium
2904 3489 3171 3544 invehens
3201 3496 3258 3544 et
3289 3489 3406 3560 ipse
3429 3489 3607 3546 idem-

2016 3592 2130 3646 que
2160 3593 2285 3632 cum
2317 3578 2490 3634 fratre
2524 3594 2757 3634 currens
2783 3580 3052 3646 stadium,
3109 3599 3128 3634 ι
3162 3580 3466 3637 Honestum
3497 3592 3606 3651 est,

2020 3668 2223 3736 inquit,
2259 3670 2482 3724 silentio
2515 3670 2702 3740 potius
2742 3687 3030 3727 sermones
3063 3672 3250 3728 odisse
3293 3684 3349 3729 et
3376 3657 3609 3731 auribus

2018 3761 2291 3816 obturatis
2321 3763 2662 3818 auditionem
2696 3764 2957 3821 miserata
2985 3764 3228 3836 fugere.»
3262 3767 3344 3822 Ad
3366 3768 3483 3824 haec
3509 3782 3605 3825 rex

2019 3853 2401 3907 assurrexitct
2438 3852 2775 3922 colloquium
2830 3853 3043 3908 finitum
3097 3866 3205 3911 est.
3235 3856 3442 3922 Quodsi
3498 3859 3608 3914 alia

2021 3957 2245 4012 quoque
2277 3943 2432 4012 plura
2465 3952 2727 4017 praeterea
2759 3942 2905 3999 dicta
2933 3960 2961 3998 a
2990 3945 3229 4010 l’alama,
3277 3964 3401 4017 qua:
3429 3949 3604 4003 silen-

2023 4034 2100 4089 tio
2131 4036 2381 4105 subjecta
2441 4050 2622 4105 neque
2678 4036 2788 4090 ulla
2847 4052 3098 4106 unquam
3149 4041 3412 4094 memoria
3440 4041 3606 4112 digna

2019 4136 2169 4189 sunt,
2199 4129 2742 4185 etiamnarratione
2800 4130 2906 4185 hac
2961 4130 3186 4186 silentio
3236 4133 3607 4198 praetermissa

2017 4227 2170 4285 sunt,
2190 4233 2352 4274 nemo
2373 4219 2480 4274 hoc
2505 4220 2914 4290 reprehendat;
2938 4237 3348 4293 supervacanea
3379 4225 3528 4278 enim
3552 4232 3609 4279 et

2019 4312 2184 4368 noxia
2210 4321 2267 4367 et
2293 4310 2458 4386 342
2485 4313 2716 4393 confusa
2771 4324 2903 4370 sunt
2944 4325 3001 4370 et
3041 4316 3278 4370 convicii
3316 4316 3521 4371 diversi
3545 4326 3605 4372 et

2027 4405 2168 4459 varii
2195 4405 2358 4475 plena
2389 4422 2406 4460 :
2440 4405 2556 4460 sive
2584 4406 2769 4475 potius
2793 4406 2983 4478 pejora
3022 4407 3251 4461 omnino
3297 4422 3503 4462 nausea
3536 4423 3609 4462 ne

2019 4494 2305 4550 auditione
2346 4497 2573 4566 quidem
2606 4497 2838 4553 minima
2871 4515 2900 4552 a
2934 4498 3179 4570 Gregura
3216 4498 3379 4569 digna
3414 4498 3607 4556 habita

333 4587 684 4643 παντάπασιν
708 4588 740 4658 ἢ
769 4591 993 4660 ναυτιᾷν
1021 4591 1172 4655 ὄντα,
1201 4590 1310 4644 οὐδ’
1342 4592 1512 4661 ἀκοῆς
1540 4590 1676 4660 γοῦν
1708 4593 1913 4662 μικρᾶς

2018 4600 2167 4642 sunt.
2201 4588 2503 4660 Propterea
2537 4599 2593 4645 et
2618 4590 2736 4660 ipse
2781 4591 3003 4645 silentio
3028 4608 3090 4645 ea
3135 4591 3606 4660 praetermittenda

332 4679 590 4748 ἠξίωνται
628 4680 765 4749 πρὸς
794 4681 891 4734 τοῦ
923 4683 1202 4753 Γρηγορᾶ.
1256 4682 1557 4737 Διὰιτοῦτο
1604 4684 1702 4739 καὶ
1747 4684 1911 4749 αὐτὸς

335 4775 462 4843 σιγῇ
511 4775 908 4845 παραπέμπειν
962 4773 1155 4847 ἔκρινα
1207 4776 1339 4842 δεῖν,
1390 4777 1534 4832 δυοῖν
1587 4778 1775 4846 ἕνεκα,
1822 4777 1911 4837 ἴνα

334 4865 532 4938 δ·,λαδὴ
586 4867 716 4937 μήθ’
763 4869 889 4938 ὅρια
950 4869 1212 4943 Πατέρων
1269 4871 1712 4946 ὑπερϐαίνωμεν,
1772 4874 1912 4945 μήτε

341 4957 711 5029 βλασφημίαις
757 4962 1108 5033 Παλαμικαῖς
1144 4965 1307 5019 ἀκοαὶ
1343 4965 1588 5036 καθαραὶ
1626 4965 1912 5021 καταϐλά-

338 5070 381 5105 π
393 5071 606 5108 εωνται.

407 5146 531 5201 AB’.
568 5142 640 5200 Εὖ
672 5164 757 5216 γε,
807 5142 852 5202 ὧ
882 5150 1052 5217 φίλων
1083 5150 1275 5220 ἄριστε
1312 5148 1652 5219 Ἀγαθόνικε.
1683 5147 1796 5203 Καί
1829 5167 1914 5205 σοι

333 5234 435 5303 τῆς
459 5235 765 5305 διηγήσεως
795 5239 981 5306 μακροὶ
1012 5254 1094 5302 τις
1121 5238 1367 5291 κείσεται
1395 5240 1561 5309 χάρις
1594 5239 1650 5291 ὲν
1676 5240 1788 5301 τοῖς
1810 5239 1914 5309 τῆς

334 5326 476 5395 ἐμῆς
501 5328 731 5397 καρδίας
757 5328 1045 5396 θαλάμοις.
1092 5329 1295 5393 Ἡδέως
1320 5331 1365 5383 δ’
1401 5329 1467 5385 ἂν
1506 5331 1783 5401 πυθοίμην
1816 5331 1912 5385 καὶ

331 5416 455 5485 ἥτις
485 5415 519 5484 ἡ
559 5417 738 5486 ψῆφος
775 5418 867 5469 ἐπὶ
892 5418 1105 5482 τούτοις
1144 5419 1230 5490 εἴη
1262 5419 1360 5473 τοῦ
1411 5436 1473 5473 τε
1505 5420 1772 5491 βασιλέως
1806 5422 1908 5474 αὐ-

329 5502 425 5558 τοῦ
456 5506 551 5560 καὶ
580 5506 698 5577 ἅμα
728 5506 828 5577 τῆς
857 5508 967 5560 τῶν
997 5508 1226 5573 ἐνδόξων
1250 5510 1542 5578 γερουσίας
1572 5510 1811 5581 ἐκείνης.

398 5682 526 5739 Al".
569 5684 711 5741 Ἀλλ’
738 5687 859 5742 οὐδὲ
880 5688 1086 5758 ταύτην
1111 5691 1330 5762 ὀκνήσω
1356 5707 1461 5757 σοι,
1505 5690 1747 5762 βέλτιστε
1784 5692 1912 5745 Θεό-

334 5792 483 5846 τιμε,
515 5778 903 5850 διηγήσασθαι.
933 5782 1261 5851 Κατέγνωκε
1286 5786 1390 5853 μὲν
1411 5784 1519 5837 τῶν
1560 5788 1789 5855 μακρῶν
1812 5785 1908 5839 τοῦ

334 5867 573 5939 Παλαμᾶ
602 5871 694 5924 καὶ
720 5871 983 5928 ποικίλων
1012 5872 1379 5946 βλασφημιῶν
1404 5876 1431 5928 6
1459 5868 1712 5946 βασιλεὺς
1733 5876 1909 5931 ὁπόσα

2025 4695 2149 4736 esse
2180 4683 2399 4748 censui,
2422 4682 2639 4738 duabus
2673 4700 2740 4738 ex
2771 4684 2956 4739 causis
2984 4702 2996 4738 :
3029 4684 3290 4738 nimirum
3358 4698 3429 4737 ne
3468 4682 3610 4737 lines

2029 4773 2253 4828 Patrum
2275 4775 2697 4844 egrederemur,
2722 4791 2865 4831 neve
2891 4776 3164 4831 conviciis
3191 4775 3481 4832 Palamicis
3509 4792 3580 4830 au
3597 4804 3610 4816 -

2036 4879 2132 4922 res
2165 4865 2397 4923 sincerae
2426 4866 2861 4923 ollenderentur.

2099 5137 2320 5196 XXXII.
2372 5139 2595 5206 Optime
2649 5141 2919 5210 profecto,
2993 5158 3025 5196 ο
3056 5144 3357 5199 amicorum
3402 5142 3610 5213 optime

2024 5227 2367 5299 Agathonice
2396 5244 2412 5282 :
2444 5236 2608 5298 atque
2645 5234 2981 5286 narrationis
3038 5234 3196 5287 istius
3250 5246 3445 5301 magna
3505 5231 3606 5284 tibi

2027 5320 2206 5374 aderit
2275 5321 2447 5389 gratia
2508 5320 2564 5374 in
2625 5323 2864 5390 pectoris
2930 5324 3038 5377 mei
3093 5321 3610 5391 spatiis:libenter

2024 5423 2209 5467 autem
2238 5412 2383 5466 scire
2423 5412 2569 5473 volo,
2614 5414 2774 5483 quale
2822 5414 3094 5485 judicium
3156 5416 3229 5467 sit
3270 5414 3373 5467 hac
3432 5413 3489 5468 in
3547 5431 3608 5469 re

2025 5506 2171 5574 regis
2202 5505 2377 5576 ipsius
2408 5506 2685 5577 simulque
2738 5508 2988 5562 virorum
3032 5507 3335 5561 illustrium
3382 5508 3608 5563 concilii

2024 5599 2199 5653 illius.

2097 5689 2340 5745 XXXIII.
2379 5689 2583 5747 Verum
2614 5709 2798 5763 neque
2851 5696 2973 5757 hoc,
3029 5692 3323 5749 Theotimo
3372 5694 3606 5767 optime,

2027 5784 2126 5839 tibi
2161 5798 2420 5838 enarrare
2451 5784 2710 5841 invidebo
2755 5802 2770 5843 :
2799 5786 3071 5859 judicavit
3092 5786 3318 5857 quidem
3351 5804 3446 5844 rex
3475 5803 3611 5843 con-

2025 5883 2109 5929 tra
2167 5890 2362 5946 magna
2410 5877 2647 5932 Palatina
2713 5888 2769 5934 et
2824 5879 2976 5934 varia
3032 5878 3284 5935 convicia
3345 5878 3399 5933 id
3457 5877 3608 5951 quod
