4034 6468
311 417 418 479 305

1279 411 1734 472 ’ΒΥΖΛΝἹῚΝᾹΞ
1780 412 2092 472 lllSTlilil
2128 417 2169 471 ii
2212 415 2340 473 LIB
2406 415 2591 474 XXX.

3491 416 3601 478 306

299 524 447 597 ἦσαν
479 524 529 578 οἳ
564 525 663 578 καὶ
695 521 1044 587 καταρᾶσθαι
1094 523 1355 593 ὲξήγοντο
1388 541 1466 594 μη
1493 526 1559 594 τῇ
1596 523 1712 594 ὥρα
1743 524 1905 592 μόνον

2022 530 2209 584 natus.‘
2235 526 2331 581 sed
2367 526 2530 580 etiam
2566 539 2665 579 eos
2692 524 2786 592 qui
2833 538 2959 577 eum
2993 523 3340 594 peperissent
3381 536 3433 578 et
3466 542 3605 578 erm-

305 621 362 673 ὲν
452 618 755 689 τετύχηκεν
806 616 973 670 αὑτὸν
1031 615 1421 685 γεγεννῆσθαι,
1474 616 1613 669 ἀλλὰ
1665 617 1757 668 καὶ
1786 618 1900 679 τοῖς

306 712 473 765 αὑτὸν
515 711 814 782 γεννήσασι
863 713 958 764 καὶ
983 709 1381 780 θρεψαμένας.
1430 711 1528 763 Ἐκ
1570 711 1681 781 γὰρ
1719 711 1902 782 ῥίζης,

305 805 382 868 ὡς
415 804 614 866 ἔοικεν,
650 803 861 871 ελεγον,
897 805 997 871 τῆς
1025 803 1288 875 πατρῴου
1329 804 1390 856 τὸ
1437 802 1697 857 τοσοῦτον
1751 804 1904 875 αὑτῷ

304 902 408 969 τῆς
431 899 757 961 δυσσεϐείας
794 897 1183 967 ἐγκατέσκηψε
1239 898 1482 966 νόσημα,
1515 898 1772 969 καθάπερ
1819 915 1904 961 τις

308 996 445 1059 ἄλλη
470 993 626 1064 κηλὶς
658 995 780 1054 ταῖς
810 996 999 1060 γοναῖς
1018 992 1114 1044 καὶ
1145 995 1377 1060 τροφαῖς
1409 992 1903 1061 ἐγκεκαλυμμένη·

311 1087 373 1139 οὐ
401 1088 510 1155 γὰρ
540 1085 608 1137 ἂν
639 1088 696 1148 ὲς
727 1084 891 1155 βάθος
916 1084 1061 1137 οὕτω
1087 1085 1279 1149 κακῶν
1311 1089 1573 1139 ἐνέπιπτε
1620 1086 1680 1137 τὸ
1709 1087 1907 1155 γέννη-

316 1197 393 1248 μα
430 1177 524 1231 καὶ
554 1178 818 1249 ἀπορρὼξ
850 1179 1080 1248 ὲρινύων
1112 1179 1279 1247 φάναι
1337 1177 1439 1248 τὴν
1478 1180 1709 1248 γνώμην
1746 1178 1908 1230 καθί-

316 1288 499 1325 στατο.
543 1271 633 1322 Διὸ
666 1269 790 1324 οὗτε
825 1274 1069 1334 ἐκείνους
1104 1270 1322 1334 ἁθώους
1354 1271 1597 1340 ἔφασκον
1623 1271 1776 1339 ἄξιον
1812 1272 1907 1340 μέ-

318 1382 427 1416 νειν
452 1363 552 1431 τῆς
602 1364 929 1434 καταδίκης,
975 1364 1187 1428 αἰτίους
1241 1366 1340 1435 μὲν
1378 1364 1529 1435 αὐτῷ
1581 1364 1682 1432 τῆς
1722 1368 1779 1427 ἐς
1815 1364 1908 1416 τὸν

316 1458 433 1527 βίον
496 1459 826 1527 γενομένους
880 1458 1253 1529 παραγωγῆς,
1289 1457 1501 1522 αἰτίους
1564 1460 1620 1512 δὲ
1658 1458 1751 1511 τοῦ
1810 1461 1909 1526 τῆς

326 1553 660 1619 Ἐκκλησίας
695 1551 763 1604 δι’
796 1554 961 1607 αὐτὸν
1019 1554 1313 1623 χειμῶνος,
1374 1555 1487 1607 οὔτ’
1539 1553 1705 1606 αὐτὸν
1757 1552 1911 1605 οὐδέν

311 1646 656 1715 ἐξαιρεῖσθαι
685 1647 787 1715 τῆς
836 1648 1166 1712 καταδίκης,
1203 1646 1585 1716 μεσιτεύοντος
1638 1630 1772 1709 ἴσως
1816 1645 1910 1698 τοῦ

313 1737 620 1801 ἀϐουλήτου
650 1738 738 1790 διὰ
770 1741 869 1803 τὰς
901 1741 1288 1810 σπερματικὰς
1322 1742 1385 1792 ὲκ
1422 1742 1688 1807 γενέσεως
1737 1740 1912 1808 ἀρχὰς

312 1835 408 1887 καὶ
426 1833 606 1903 βιαίας
623 1833 882 1902 δυνάμεις
899 1834 1001 1903 τῆς
1045 1838 1321 1905 πατρικῆς
1340 1839 1628 1905 πονηρίας,
1654 1833 1912 1898 ζιζανίων

313 1927 472 1995 δίκην
528 1927 912 1998 ἐρανισθείσας
967 1929 1179 1981 ἐκεῖθεν
1225 1932 1320 1983 κού⁸
1352 1928 1906 2000 προκαταϐληθείσας

318 2020 482 2082 εὒθὺς
506 2020 600 2088 ἀφ’
617 2020 801 2084 ἑστίας
827 2022 886 2073 ὲν
904 2024 967 2092 τῇ
998 2021 1282 2077 συστάσει.
1303 2023 1446 2075 ‘AD.’
1476 2023 1761 2092 ἑκατέροις
1780 2021 1912 2074 ἐκά-

315 2132 467 2182 τεροι
496 2115 602 2167 τῶν
631 2112 781 2187 ἀρῶν
834 2116 929 2168 καὶ
952 2117 1235 2188 λοιδοριῶν
1266 2118 1666 2186 κοινωνήσουσί
1698 2134 1776 2176 τε.
1812 2115 1909 2167 καὶ

319 2207 575 2279 ὀστράκῳ
601 2207 662 2280 [ί.
702 2208 804 2263 153
827 2208 900 2281 r.]
937 2210 1254 2264 δουλεύσειν
1294 2212 1643 2280 ἀμφοτέρους
1672 2210 1807 2279 όμοῦ
1832 2208 1911 2278 τῷ

322 2300 472 2370 αὐτῷ
500 2305 888 2372 συμπεσεῖται,
921 2307 1035 2368 τοῖς
1070 2305 1167 2374 μὲν
1189 2304 1264 2368 ώς
1288 2307 1524 2375 πονηρδιν
1553 2303 1848 2371 ὲξενεγκοῦ
1862 2322 1912 2357 σι

323 2392 420 2448 καὶ
453 2393 689 2463 θρέψασι
723 2395 885 2449 τόκον
917 2395 994 2466 τῷ
1028 2396 1149 2468 βίῳ,
1202 2398 1298 2451 καὶ
1328 2398 1429 2451 οὐκ
1460 2402 1541 2460 εἰς
1590 2398 1909 2469 Κιθαιρῶνα

324 2485 417 2536 καὶ
440 2485 738 2555 Χάρυϐδιν,
771 2487 866 2541 καὶ
897 2488 949 2541 εἴ
974 2489 1076 2542 πού
1109 2507 1199 2553 τις
1219 2491 1286 2544 ὲκ
1313 2493 1565 2561 μηχανῆς
1598 2490 1914 2562 καινότερος

324 2574 648 2644 ὲταμιεύετο
703 2578 935 2643 θάνατος
982 2580 1040 2633 ἐν
1075 2580 1383 2650 χαράδραις
1416 2582 1510 2635 καὶ
1539 2580 1749 2652 κύμασι
1811 2585 1913 2652 γῆς

324 2668 420 2718 καὶ
451 2667 744 2740 θαλάττης,
776 2670 1002 2741 ῥίψασιν
1030 2670 1275 2738 ἐκθετον,
1308 2671 1477 2737 εὐθὺς
1522 2674 1766 2744 ἐκραγὲν
1813 2676 1916 2744 τῆς

324 2762 527 2815 ἀτόπου
559 2763 817 2834 γαστρὸς,
853 2765 931 2836 τῷ
963 2765 1020 2819 δὲ
1046 2766 1122 2829 ὡς
1157 2766 1284 2839 μήτ’
1316 2767 1619 2838 ἀϐούλητον
1647 2768 1745 2838 τὴν
1769 2770 1916 2824 ὲκεί-

326 2872 432 2908 νων
475 2856 828 2926 ποιησαμένῳ
860 2856 1083 2919 κακίαν,
1125 2855 1220 2909 an
1262 2855 1424 2923 λόγου
1460 2858 1788 2927 μετασχόντι
1821 2862 1918 2911 καὶ

328 2943 580 3007 παιδείας
612 2944 887 3010 ὁπωσοῦν,
932 2940 1000 3018 ἧς
1075 2949 1321 3014 μετεῖναι
1384 2948 1498 3009 τοῖς
1546 2946 1797 3014 γονεῦσιν
1855 2948 1915 3000 οὐ

330 3034 742 3105 συμπέπτωκε,
805 3038 945 3108 μήτε
996 3038 1168 3109 μηδὲν
1232 3039 1647 3109 ἐπιεικέστερον
1702 3040 1917 3104 οὐδενὸς

327 3127 648 3197 διατεθέντι,
679 3132 732 3183 εί
757 3147 842 3194 τις
876 3131 1280 3203 παραπλησίως
1312 3133 1541 3195 ἐκείνοις
1576 3133 1772 3192 ἐνόσει.
1813 3150 1921 3204 μη-

2009 618 2306 683 trivissent,
2331 616 2820 672 maledicerentur.
2842 618 2880 671 E
2905 616 3089 671 radice
3115 616 3263 669 enim
3293 622 3605 671 netessario

2007 722 2233 781 paterna
2265 710 2529 766 dicebant
2564 712 2614 764 in
2649 726 2776 765 enm
2807 709 3070 764 incidisse
3113 718 3326 763 tantum
3358 709 3604 776 impieta-

2009 805 2079 861 tis
2112 805 2387 868 morbum,
2419 813 2478 857 ut
2516 803 2728 857 macula
2754 803 2859 855 alia
2894 801 3043 857 natis
3080 812 3133 855 et
3170 801 3420 855 educatis
3450 804 3606 855 invo—

2007 894 2145 948 luta.
2182 893 2369 964 Neque
2413 893 2561 947 enim
2612 893 2667 948 in
2703 892 3139 964 profumlitatmn
3178 895 3450 947 malorum
3511 910 3607 945 na-

2010 1000 2125 1042 tum
2159 998 2448 1056 tantopere
2478 985 2752 1041 incideret
2776 1001 2960 1054 neque
2994 987 3066 1038 ita
3101 985 3263 1055 35,5
3299 985 3607 1037 constitur-

2012 1092 2092 1135 ret
2122 1090 2387 1143 mentem,
2413 1079 2771 1135 indiceretur
2800 1078 3066 1133 furiarum
3099 1096 3365 1147 propago.
3398 1082 3607 1143 ριιίιιιι-

2011 1176 2203 1229 olirem
2236 1173 2671 1240 contendebant,
2725 1188 2905 1242 neque
2944 1172 3064 1225 illos
3101 1174 3305 1227 liberos
3352 1188 3473 1224 esse.
3507 1173 3609 1224 de-

2012 1270 2144 1323 bere
2176 1266 2670 1329 eortdetttttalione,
2727 1264 2821 1335 qui
2882 1280 3141 1319 auctores
3197 1266 3426 1318 fuissent
3485 1265 3610 1332 ejus

2011 1364 2134 1415 vitm.
2165 1360 2439 1428 simulque
2478 1360 2823 1427 tempestatis
2855 1373 2951 1427 per
2982 1374 3106 1410 eum
3164 1369 3356 1411 co.:tra
3409 1356 3605 1409 Eri-le-

2012 1457 2149 1509 siam
2184 1464 2415 1515 exortae,
2478 1467 2660 1521 neque
2711 1451 3019 1521 quidquam
3080 1451 3233 1503 illum
3271 1448 3610 1502 condemna-

2015 1554 2164 1601 tione
2201 1550 2470 1608 eximere.
2502 1546 2658 1616 quasi
2691 1545 2905 1600 invitus
2942 1553 3169 1599 coactus
3201 1553 3350 1598 esset
3385 1553 3627 1612 propter

2014 1642 2246 1696 seminis
2281 1644 2390 1695 nati
2423 1640 2687 1711 origines.
2720 1652 2775 1694 et
2817 1648 3084 1709 cogentes
3129 1638 3273 1690 vires
3324 1635 3613 1705 pravitatis

2018 1749 2262 1807 pazerna:
2306 1737 2424 1790 lolii
2486 1737 2665 1791 instar
2690 1721 3039 1803 comparatas
3071 1732 3199 1786 inde
3252 1742 3309 1783 et
3341 1730 3524 1785 statim
3556 1729 3610 1781 in

2019 1829 2131 1894 ipsa
2165 1828 2376 1899 origine
2409 1827 2680 1899 deiectas.
2740 1824 2847 1879 Sed
2908 1836 3139 1891 uterque
3202 1836 3326 1874 eum
3376 1829 3613 1887 utroque

2016 1923 2417 1976 detestationes
2444 1931 2497 1974 et
2538 1920 2786 1973 convicia
2825 1914 3267 1973 communicabit
3301 1921 3356 1965 et
3401 1911 3615 1963 accidet

2014 2025 2073 2068 ut
2107 2023 2342 2085 uterque
2399 2013 2565 2067 simul
2600 2011 2782 2066 eidem
2838 2010 3056 2081 jttdirio
3118 2005 3495 2074 subiiciatur:
3535 2002 3611 2055 illi

2013 2106 2159 2177 quod
2193 2108 2555 2177 propaginem
2590 2120 2816 2175 pravam
2854 2104 2909 2157 in
2946 2102 3115 2156 vitam
3165 2099 3529 2169 protttlis‘se'ul
3562 2104 3616 2147 et

2014 2202 2434 2263 enutrivissent.
2487 2202 2665 2270 neque
2708 2201 2760 2253 in
2798 2198 3108 2253 Citlizcrona
3164 2206 3221 2248 et
3274 2190 3612 2262 Charybdin,
3650 2256 3653 2257 ν

2015 2314 2078 2351 ac
2102 2297 2146 2351 si
2178 2313 2283 2369 qua
2325 2297 2501 2367 magis
2537 2311 2677 2349 nova
2713 2295 2940 2360 inventa
2977 2302 3125 2346 esset
3163 2305 3311 2344 inors
3365 2289 3417 2342 in
3454 2304 3616 2341 vora-

2017 2387 2241 2458 ginibus
2264 2398 2320 2442 et
2353 2386 2610 2443 fluctibus
2655 2394 2817 2440 terra:
2848 2394 2905 2440 et
2965 2384 3137 2438 maris
3166 2385 3350 2435 statim
3380 2379 3616 2449 dejeris-

2018 2491 2144 2535 sent
2176 2480 2309 2535 illud
2360 2498 2392 2537 e
2418 2493 2614 2537 ventre
2656 2481 2849 2549 inepto
2887 2486 3215 2548 proruptum
3251 2494 3264 2529 :
3305 2476 3393 2529 hic
3427 2483 3610 2527 autem

2019 2576 2167 2644 quod
2225 2590 2408 2645 neque
2454 2573 2665 2629 imitus
2732 2573 2953 2627 illorum
2992 2572 3323 2641 pravitatem
3390 2577 3619 2621 secutus

2020 2675 2190 2732 esset,
2225 2682 2351 2722 cum
2378 2667 2615 2722 rationis
2647 2676 2795 2721 esset
2844 2666 3139 2743 particeps
3162 2679 3216 2717 et
3247 2660 3617 2719 educationis.

2022 2776 2143 2828 quin
2175 2758 2499 2829 parentibus
2532 2775 2641 2812 non
2673 2757 3023 2826 οοιιιίεςῐεεμι,
3052 2771 3232 2823 neque
3276 2755 3452 2808 nihilo
3506 2767 3619 2805 mc-

2021 2857 2131 2911 lius
2160 2853 2525 2924 disposuisset
2555 2868 2719 2921 quam
2745 2853 2790 2906 si
2824 2852 2951 2921 quis
2984 2851 3094 2903 illis
3123 2848 3384 2904 similiter
3434 2863 3612 2915 argm-

2023 2960 2187 3013 taret,
2222 2964 2399 3019 neque
2428 2947 2650 3002 silentio
2685 2956 2837 3000 muto
2867 2946 3068 2998 malum
3096 2942 3282 2996 fovere
3317 2942 3615 3001 voluisset,

2023 3041 2119 3097 sed
2159 3041 2333 3095 multo
2364 3038 2752 3095 miserioribus
2773 3049 2829 3094 et
2859 3037 3019 3092 valde
3051 3034 3469 3106 impudentibus
3487 3048 3621 3086 Cuti-

2025 3134 2163 3190 siliis
2197 3134 2497 3199 voluntatis
2527 3132 2894 3203 principatum
2930 3129 3291 3199 prodidisset.
3347 3127 3417 3181 Et
3466 3124 3616 3179 acci-

331 3216 387 3269 δὲ
425 3221 580 3290 κωφῇ
612 3218 742 3287 γοῦν
772 3224 952 3293 σιωπῇ
999 3222 1061 3276 τὸ
1113 3224 1681 3294 κακὸνπεριοάλπειν
1723 3224 1918 3295 βεϐου-

2022 3228 2104 3283 dit
2133 3226 2232 3291 illi,
2261 3243 2384 3281 cum
2421 3226 2576 3279 matis
2607 3226 2779 3279 tnalos
2804 3224 3139 3278 admiscerct
3167 3237 3353 3277 mores
3401 3231 3455 3275 et
3493 3236 3621 3273 sen-

332 3311 576 3383 λημένῳ,
624 3313 760 3367 ἀλλὰ
819 3315 1000 3385 πολλῷ
1030 3316 1109 3388 τῷ
1164 3319 1352 3388 μέτρῳ
1392 3318 1823 3390 μοχθηροτέρως
1853 3320 1918 3390 δή

332 3407 575 3458 τισι⁴καὶ
622 3409 831 3478 σφόδρα
875 3409 1120 3463 ἀναιδέσι
1175 3411 1461 3483 λογισμοῖς
1510 3414 1922 3485 παραδεδωκότι

332 3499 433 3568 τὴν
462 3497 562 3568 τῆς
592 3499 821 3572 γνώμης
872 3502 1201 3573 ἠγεμονίαν.
1252 3504 1362 3558 Καὶ
1398 3508 1593 3568 κακοῖς
1635 3509 1782 3560 κακὰ
1814 3523 1924 3560 πα-

339 3589 629 3660 ρκμίξαντι
683 3590 789 3663 ἤθη
830 3594 925 3646 καὶ
973 3592 1221 3664 δόγματα
1257 3600 1492 3669 μακροῖς
1552 3615 1661 3651 τισι
1695 3597 1927 3668 διαστή-

340 3700 476 3754 μασι
500 3685 602 3755 τήν
626 3702 687 3738 τε
723 3683 986 3757 πατρῴαν
1008 3689 1321 3759 παρελάσαι
1331 3673 1765 3746 ’συνεπεπτώκει
1802 3694 1928 3746 δυσ-

340 3778 583 3845 σέϐειαν,
641 3781 735 3832 καὶ
764 3779 882 3851 ἄμα
905 3780 1109 3853 ψυχαῖς
1158 3764 1446 3847 εὐσεϐείας
1479 3783 1747 3856 ἁπλότητι
1797 3803 1927 3839 συν-

335 3871 658 3940 τραφείσαις
688 3871 994 3942 θανάσιμον
1022 3873 1133 3927 ἀπὸ
1158 3874 1410 3945 γλώττης
1437 3876 1672 3947 κεράσαι
1694 3881 1755 3931 τὸ
1788 3879 1928 3947 φάρ-

342 3978 537 4031 μακον.
574 3961 825 4034 Πατέρας
862 3964 973 4033 γὰρ
1005 3964 1174 4035 μέχρι
1197 3964 1394 4018 τούτου
1414 3966 1583 4035 τιμᾷν
1614 3965 1925 4037 προαιροῖτ⁹

338 4056 403 4107 ἂν
433 4071 518 4119 τις
543 4055 789 4120 εῖκότως,
824 4056 984 4127 μέχρι
1015 4057 1155 4128 πρὸς
1185 4058 1245 4111 τὸ
1274 4057 1505 4121 εὐσεϐὲς
1533 4060 1636 4121 τὰς
1665 4061 1768 4129 τῆς
1793 4077 1924 4130 τρο-

338 4147 447 4216 φῆς
470 4148 561 4199 καὶ
586 4146 836 4211 παιδείας
863 4150 1068 4219 πηγὰς,
1094 4149 1192 4202 καὶ
1219 4151 1322 4204 ὅσα
1346 4152 1460 4213 τοῖς
1488 4151 1781 4221 ἑπομένοις
1808 4154 1926 4205 ἐστι

338 4241 407 4292 δι’
445 4240 684 4309 ἐφέσεως
738 4240 836 4293 καὶ
865 4241 1153 4314 ῥᾳστώνης
1196 4242 1523 4314 λαμϐάνειν,
1564 4246 1667 4317 ὁρᾷ
1705 4247 1930 4317 προϊού-

342 4350 474 4397 σας*
504 4335 731 4387 ἐπειδὰν
765 4334 823 4387 δὲ
855 4335 992 4405 πρὸς
1023 4336 1455 4406 κακοδαιμονίαν
1487 4339 1548 4393 τὸ
1572 4342 1695 4410 ῥέον
1734 4341 1925 4413 ἕρπειν

338 4427 431 4479 τοῦ
461 4426 655 4497 χρόνου
705 4425 854 4499 δόξῃ,
909 4427 1020 4481 τῶν
1078 4428 1221 4483 πάνυ
1252 4447 1305 4482 τι
1336 4430 1738 4502 προσηκόντων
1764 4435 1924 4488 ἁλλο-

340 4518 623 4586 τριοῦσθαι
656 4518 924 4591 νομίζοιτ’
946 4522 1031 4587 ἂν,
1060 4522 1161 4590 τῆς
1190 4521 1288 4575 τοῦ
1321 4523 1517 4594 καιροῦ
1545 4528 1928 4595 περιστάσεως

344 4612 678 4684 βιαζομένης
714 4616 774 4668 τὸ
803 4614 994 4683 φιλοῦν
1037 4615 1137 4684 τῆς
1172 4615 1350 4685 ψυχῆς
1379 4617 1445 4671 ἐκ
1470 4616 1567 4669 τοῦ
1624 4619 1927 4686 συγγενοῦς

326 4707 514 4760 ’κακοῦ
536 4706 673 4777 πρὸς
711 4707 1027 4777 τάλλότριον
1060 4708 1413 4778 μετατιθέναι
1443 4709 1668 4776 ἀγαθόν.
1695 4712 1804 4765 Καὶ
1829 4713 1930 4780 μὲν

340 4801 404 4869 δὴ
441 4799 641 4870 δεῆσαν
681 4797 837 4864 αὖθις
872 4800 1178 4872 ἐληλυθότα
1236 4801 1405 4872 μέρος
1436 4802 1533 4855 καὶ
1567 4804 1731 4859 αὐτόν
1767 4806 1930 4872 γενέ-

343 4891 470 4946 σθαι
500 4890 608 4944 τῶν
633 4892 810 4948 ἄλλων
827 4886 907 4955 οἷς
940 4893 1072 4963 περὶ
1101 4894 1192 4946 τὸν
1220 4892 1448 4965 βασιλέα
1476 4895 1613 4963 τέως
1645 4894 1929 4949 συνέϐαινε

345 4987 563 5058 μείζοσί
607 5005 667 5040 τε
690 4990 808 5041 ’καὶ
840 4987 1032 5058 ἥττοσι
1086 4987 1188 5060 τὴν
1236 4988 1421 5054 ἀξίαν,
1464 4984 1534 5057 ἦν
1597 4989 1784 5060 σχεδὸν
1820 4990 1929 5043 τῶν

339 5079 599 5135 ἁπάντων
643 5081 820 5144 οὐδεὶς
877 5073 922 5150 ᾧ
980 5081 1057 5153 μὴ
1107 5081 1351 5153 λοίδορος
1378 5082 1653 5137 ὥπλισται
1698 5083 1925 5150 γλῶσσα

344 5173 467 5225 κατ’
491 5174 678 5235 αὑτοῦ,
731 5176 832 5237 τὰς
864 5173 1095 5245 ἔναγχος
1145 5175 1497 5246 βλασφημίας
1543 5176 1761 5238 ὲκείνας
1792 5193 1928 5246 προ-

344 5269 655 5337 ϐαλλομένη
697 5269 833 5335 πρὸς
868 5268 1091 5339 ἔλεγχον
1118 5268 1213 5322 νῦν
1244 5267 1336 5323 ὑπ’
1365 5268 1515 5339 αὐτῷ
1548 5270 1796 5340 μάρτυρι
1829 5271 1927 5324 καὶ

345 5363 599 5432 αὖτηκόῳ
628 5362 701 5431 τῷ
728 5362 961 5433 βασιλεῖ.
982 5358 1163 5415 Ἶισαν
1184 5363 1231 5415 δ’
1254 5362 1304 5416 οἳ
1337 5363 1430 5417 καὶ
1461 5364 1622 5433 μέχρι
1654 5364 1761 5432 πρὸ
1789 5363 1927 5415 ἐτιὶιν

345 5456 712 5509 ἑπταιαίδεκα
738 5454 814 5525 (Ι)
839 5456 937 5526 τὴν
957 5458 1180 5527 μνήμην
1204 5455 1601 5525 ἀναπόμπιμον
1624 5455 1928 5522 ἐποιοῦντο,

343 5548 379 5602 ἆ
416 5551 582 5603 παλαι
617 5551 682 5620 δὴ
714 5553 810 5603 καὶ
832 5550 1030 5619 δρᾶσαι
1061 5552 1154 5603 καὶ
1194 5550 1392 5603 παθεῖν
1427 5551 1593 5603 αὑτὸν
1625 5551 1927 5617 ἐξεγένετο,

346 5644 441 5695 καὶ
462 5641 804 5713 ἅναθέμασιν
832 5641 1135 5711 ἐγγράφοις
1182 5643 1276 5694 καὶ
1305 5640 1570 5711 χωρισμῷ
1599 5638 1737 5693 Θεοῦ
1767 5641 1929 5693 καθυι

418 5822 495 5888 (l)
534 5822 615 5877 Αιι
666 5824 1022 5879 δυοκαίδεκαῗ
1083 5842 1207 5880 nam
1261 5828 1505 5896 synodus
1547 5830 1600 5883 in
1652 5831 1928 5885 Palatnam

348 5901 538 5948 coacta
572 5904 649 5950 est
688 5911 830 5952 anno
861 5896 1065 5955 Christi
1105 5898 1273 5967 l5i5;
1306 5899 1420 5955 lucc
1451 5913 1635 5957 autem
1682 5904 1926 5973 disputa-

1961 4586 2007 4643 Β

2030 3322 2230 3377 tentias
2262 3329 2323 3374 ut
2361 3318 2542 3388 longis
2576 3317 2888 3372 iutermllis
2920 3326 3210 3386 paternam
3252 3313 3419 3386 346
3456 3328 3623 3382 supe-

2029 3427 2178 3469 raret
2212 3414 2578 3482 impietatem,
2611 3411 2890 3480 simulque
2922 3410 3125 3464 animis
3156 3422 3211 3462 ιιι
3244 3408 3463 3478 pietatis
3492 3409 3623 3460 sim-

2029 3507 2274 3578 plicitate
2300 3504 2554 3561 educatis
2613 3505 2969 3559 mortiferum
3030 3502 3218 3559 subito
3274 3501 3623 3555 immisceret

2027 3614 2330 3654 venenum.
2361 3597 2553 3651 Patres
2604 3597 2752 3651 enim
2788 3610 2966 3665 nsque
2988 3595 3056 3649 ad
3094 3593 3199 3651 hoc
3242 3594 3427 3651 colere
3469 3603 3623 3648 certe

2030 3692 2187 3745 malit
2210 3690 2468 3760 quisque,
2502 3689 2683 3743 donec
2708 3688 2775 3742 ad
2803 3688 3064 3757 pietatem
3109 3687 3295 3743 victus
3323 3694 3379 3741 et
3416 3685 3624 3741 educa-

2012 3768 2200 3838 tionis
2240 3782 2423 3836 fontes
2476 3791 2533 3836 et
2595 3795 2943 3851 quacunque
2990 3788 3290 3849 sequentes
3320 3778 3625 3846 cupiditate

2029 3882 2087 3929 et
2120 3872 2384 3927 facilitate
2412 3874 2666 3941 accipere
2699 3879 2953 3940 possunt,
2984 3870 3247 3941 progredi
3271 3869 3425 3925 videt
3453 3886 3467 3923 :
3494 3884 3622 3923 cum

2030 3975 2215 4021 autem
2246 3965 2451 4020 ﬂutuen
2495 3964 2767 4033 temporis
2798 3963 2853 4017 in
2887 3962 3260 4018 calamitatem
3296 3962 3404 4016 labi
3436 3962 3623 4015 videa-

2030 4070 2142 4119 tur,
2166 4074 2198 4113 a
2232 4045 2470 4112 maxime
2498 4056 2757 4112 amnibus
2792 4055 3096 4109 abalienari
3168 4069 3228 4107 se
3267 4062 3447 4124 putet,
3494 4069 3621 4108 cum

2030 4152 2303 4224 temporis
2324 4150 2575 4207 conditio
2604 4158 2764 4220 cogat
2792 4148 2964 4203 animi
3016 4161 3262 4201 amorem
3297 4163 3325 4200 a
3386 4155 3623 4215 cognato

2031 4247 2178 4302 malo
2202 4248 2257 4300 in
2290 4245 2500 4300 bonum
2540 4257 2861 4313 quanquam
2894 4240 3137 4297 alienum
3194 4237 3520 4304 transferre,
3565 4248 3623 4292 et

2031 4341 2211 4412 ipsum
2243 4340 2596 4395 accedentem
2631 4338 2752 4394 ﬁeri
2786 4346 2998 4406 partem
3043 4334 3422 4390 deiicientem.
3476 4332 3626 4387 Alio-

2033 4449 2178 4496 rum,
2208 4433 2299 4502 qui
2332 4433 2475 4486 circa
2512 4447 2697 4501 regem
2726 4432 2937 4499 majore
2969 4427 3055 4481 vel
3083 4432 3300 4481 mlnore
3321 4437 3477 4478 erant
3506 4424 3624 4491 dig-

2032 4529 2227 4593 nitate,
2267 4528 2516 4581 omnimn
2564 4527 2681 4580 fere
2716 4538 2881 4578 nemo
2937 4532 3082 4584 erat,
3148 4521 3238 4576 cui
3303 4536 3413 4573 non
3475 4528 3625 4572 esset

2034 4630 2350 4691 Comparata
2384 4620 2570 4689 lingua
2606 4617 2832 4671 mordax
2896 4617 2950 4670 in
2989 4615 3456 4685 vituperationem
3492 4624 3624 4665 tunc

2034 4713 2326 4785 proferens
2357 4713 2478 4782 ipso
2517 4719 2657 4767 teste
2691 4726 2819 4781 rege
2852 4718 2911 4764 et
2943 4716 3217 4778 praasente
3253 4716 3443 4761 coirtra
3495 4719 3622 4758 eum

2031 4807 2284 4861 convicia
2320 4805 2408 4859 illa
2446 4820 2623 4873 nuper
2654 4803 2723 4857 ab
2751 4818 2819 4857 eo
2846 4802 3017 4858 dicta.
3075 4803 3249 4856 Erant
3307 4810 3492 4855 autem
3525 4799 3621 4869 qui

2035 4899 2357 4955 memoriam
2389 4897 2671 4952 reminisci
2688 4896 2951 4967 juberent
2972 4910 3037 4950 ea
3063 4911 3185 4965 quae
3208 4895 3341 4949 olim
3361 4894 3472 4963 jam
3494 4906 3624 4947 ante

2035 4993 2431 5063 septemdecim
2459 5006 2637 5045 annos
2675 4990 2885 5045 fecerat
2934 5001 2992 5044 et
3024 5004 3218 5057 passus
3247 5000 3390 5053 erat,
3437 4988 3624 5042 illotu-

2031 5103 2141 5157 que
2184 5086 2535 5141 anathemate
2585 5083 2956 5154 proscriptum
3011 5090 3068 5137 et
3120 5082 3457 5151 separationi
3526 5080 3621 5134 Dei

2033 5182 2344 5250 subjectum
2385 5194 2510 5233 esse
2551 5193 2581 5230 a
2644 5176 3091 5246 patriarcharum
3152 5186 3209 5229 et
3266 5174 3621 5229 sacerdotum
3676 5222 3687 5229 κ

2032 5273 2428 5343 primariorum
2466 5270 2738 5325 conciliis.
2805 5269 2983 5339 Atque
3018 5279 3078 5322 ut
3135 5269 3378 5323 breviter
3413 5266 3619 5325 dicam,

2035 5380 2266 5437 magnus
2321 5374 2443 5419 erat
2502 5365 2744 5432 impetus
2790 5364 2895 5417 hoc
2948 5363 3037 5416 die
3087 5361 3421 5429 jndieiorum
3483 5374 3621 5411 con-

2034 5461 2144 5517 cilii
2177 5460 2325 5514 illius
2372 5458 2520 5514 beati
2551 5457 2711 5530 347
2748 5456 2893 5527 apud
2951 5470 3135 5525 regem
3182 5453 3617 5507 adolescentem.

2034 5569 2155 5624 qua:
2215 5563 2406 5608 contra
2440 5551 2735 5605 .Palamam
2805 5559 2919 5602 tum
2971 5547 3303 5617 aperirent:
3343 5558 3469 5599 cum
3528 5543 3619 5597 alii

2036 5646 2141 5701 alia
2192 5646 2443 5701 dicerent
2502 5650 2561 5698 et
2620 5642 2713 5696 alii
2769 5641 2895 5694 aliis
2953 5638 3354 5694 aemularentur
3407 5646 3460 5691 et
3526 5634 3621 5689 atii

2031 5834 2118 5957 Si)
2158 5829 2377 5885 videtur
2428 5830 2710 5900 pertinere
2745 5828 2810 5883 ad
2862 5842 3066 5882 annum
3123 5825 3257 5881 l556
3311 5825 3616 5881 ineuntem.

2077 5918 2308 5957 otvtsus.

2077 5918 2308 5959 UlVlNUS.
