4034 6472
476 381 588 456 307
1682 389 2107 452 NlCEPHOlll
2149 396 2533 458 ΟΒΕίῖΟΒίΕ
3591 400 3697 465 .308

479 491 621 553 alios
650 494 918 553 coliviciis
965 499 1265 570 majoribus
1313 476 1664 572 superarent.
1729 505 1897 560 Erant
1943 514 2094 567 au-j

2161 509 2523 579 ποὸεὸλῆσθαι
2555 510 2690 582 πρὸς
2722 510 2831 564 τῶν
2859 512 2980 564 τότε
3007 514 3369 583 πατριαρχῶν
3408 515 3499 569 καὶ
3530 515 3700 586 ἆρχε·-

483 603 635 658 tem,
720 595 815 662 qui
894 608 1021 647 eum
1080 593 1242 647 etiam
1310 595 1649 664 proditorem
1707 598 2048 671 appellarent

2161 600 2396 669 ρατικῶν
2423 601 2680 659 συνόδων.
2729 603 2840 657 Καὶ
2887 603 3161 656 συνελόντι
3219 603 3409 673 φάναι.
3442 606 3604 676 πολλή
3630 627 3700 673 τις

478 693 537 739 et
563 684 708 754 regis
744 684 919 754 ipsius
945 693 1002 739 et
1027 685 1295 750 omnium,
1320 686 1413 755 qui
1463 687 1576 757 regi
1614 686 1805 744 amnes
1864 697 2051 744 essent

2161 689 2220 765 ήν
2253 696 2287 764 ή
2312 694 2633 766 καταδρομὴ
2677 694 2789 749 τῶν
2811 678 3084 765 τήμερον⁵
3108 694 3306 764 ψήφων
3342 695 3441 764 τῆς
3470 697 3704 759 εὐδαίμο-

433 792 442 801 ε
478 789 680 844 genere
710 783 765 827 et
799 776 971 843 gloria
1006 791 1020 828 :
1049 785 1106 830 et
1133 776 1291 846 quasi
1315 777 1420 832 hoc
1439 778 1505 831 ad
1530 793 1589 833 se
1611 779 1914 849 pertineret
1940 796 2048 835 non

2161 800 2243 846 νος
2270 785 2565 855 γερουσίας
2611 784 2829 854 ἐκείνης
2864 785 2957 837 ἐπὶ
3004 783 3099 836 τοῦ
3138 785 3261 837 νέου
3311 783 3594 854 βασιλέως,
3646 787 3705 850 ἃς

479 866 769 930 abstinuit,
804 880 928 919 cum
962 865 1333 936 principatum
1369 870 1659 924 sententia
1693 870 1863 925 semel
1918 873 2051 926 sub-

477 958 700 1026 jecisset
739 956 896 1011 laetis
920 966 976 1012 et
1006 956 1358 1014 sermonibus
1393 961 1605 1030 pravis.
1656 962 1794 1031 quin
1858 978 2053 1018 omnes

486 1052 538 1103 in
574 1050 892 1103 universum
937 1050 1194 1105 violentae
1238 1054 1399 1106 morti
1438 1053 1633 1108 daret:
1682 1068 1862 1124 neque
1903 1055 2053 1108 enim

485 1142 632 1211 quod
653 1142 850 1212 gladiis
873 1142 1072 1197 ferreis
1090 1152 1147 1198 et
1178 1142 1295 1213 ipse.
1318 1144 1642 1199 sicariorum
1671 1146 1837 1200 modo
1868 1154 2054 1215 aperte

485 1249 596 1288 non
636 1250 767 1293 usus
804 1246 970 1303 esset,
998 1236 1283 1291 videretur
1311 1252 1579 1292 summam
1604 1237 2053 1293 criminationum

487 1327 809 1395 gravitatem
851 1329 992 1399 pati:
1017 1328 1113 1384 sed
1147 1328 1293 1399 quod
1319 1331 1613 1385 amicitiam
1642 1330 1909 1386 simulans
1938 1330 2057 1385 sine

491 1417 603 1471 ullo
651 1418 778 1474 dolo
831 1436 960 1475 eum
992 1422 1309 1476 amantibus
1355 1430 1529 1476 totum
1566 1420 1751 1476 dolose
1771 1421 2057 1477 elfudisset

485 1510 686 1566 veneni
738 1520 1033 1579 craterem,
1073 1513 1391 1583 priusquam
1445 1513 1539 1582 qui
1589 1525 1656 1567 eo
1710 1512 2058 1567 afﬁcerentur

487 1600 717 1656 insidias
753 1601 1300 1658 animadvertissent:
1352 1607 1519 1672 atque
1562 1600 1640 1655 illi
1689 1600 1933 1671 quidem,
1964 1602 2056 1672 qui

489 1704 692 1758 genere
752 1698 808 1745 et
858 1691 1029 1759 gloria
1078 1699 1428 1762 praestarent,
1472 1690 1546 1745 ita
1586 1691 1790 1745 invecti
1844 1692 2058 1745 suntin

491 1780 765 1835 Palamam
799 1782 1113 1849 scelestum,
1146 1791 1201 1837 et
1225 1783 1312 1837 his
1363 1782 1587 1853 judiciis
1620 1798 1745 1836 eum
1782 1782 1880 1836 ulti
1908 1790 2057 1837 sunt.

2153 873 2217 944 δὴ
2254 875 2397 928 κατά
2423 873 2515 926 τοῦ
2551 875 2790 944 Παλαμᾶ
2820 873 3122 943 τηνικαῦτα
3144 874 3519 941 ἀπεφήναντο,
3544 872 3706 927 ἄλλων

2153 964 2292 1017 ἄλλα
2317 963 2605 1030 λεγόντων,
2641 966 2736 1016 καὶ
2758 963 2934 1018 ἄλλων
2967 962 3148 1024 ἄλλοις
3182 961 3596 1030 ἁμιλλωμένων,
3621 966 3707 1014 iui.

2155 1054 2331 1110 ἄλλων
2363 1054 2560 1118 ἄλλους
2618 1054 2928 1124 παριόντων
2958 1052 3036 1122 τῷ
3089 1054 3196 1105 τῶν
3236 1052 3516 1122 λοιδοριῶν
3551 1051 3708 1121 ὕπερ-

2156 1147 2434 1202 6άλλοντι.
2462 1143 2645 1200 *Ησαν
2675 1146 2720 1201 δ’
2749 1146 2800 1199 οἳ
2823 1148 2918 1200 καὶ
2943 1145 3209 1216 προδότην
3232 1146 3399 1196 αὐτὸν
3429 1144 3710 1198 ἐπεκάλουν

2157 1235 2322 1292 αὑτοῦ
2344 1235 2406 1308 [Γ.
2434 1234 2633 1307 155υ.]
2664 1236 2923 1306 βασιλέως
2950 1236 3047 1289 καὶ
3067 1237 3181 1289 ὅσοι
3214 1234 3291 1305 τῷ
3316 1235 3526 1305 βασιλεῖ
3556 1250 3713 1302 προσ-ι

2157 1330 2386 1401 ήκοντες
2440 1325 2550 1383 εἷεν
2583 1329 2733 1397 γένει
2761 1330 2855 1382 καὶ
2886 1329 3035 1400 δόξῃο
3066 1330 3163 1382 καὶ
3197 1329 3273 1391 ὡς
3309 1327 3371 1380 τό
3401 1344 3461 1396 γε
3484 1323 3610 1396 ἧκον
3641 1329 3710 1387 εἰς

2159 1424 2322 1477 αὐτὶν
2357 1423 2459 1476 οὐκ
2495 1422 2791 1491 ἀπέσχετο,
2837 1421 2936 1491 τὴν
2994 1419 3296 1491 ἠγεμονίαν
3347 1418 3447 1489 τῆς
3503 1416 3713 1485 γνώμης

2160 1512 2401 1581 ὑπήκοον
2429 1511 2578 1577 ama
2618 1510 2797 1583 ἔργων
2835 1510 2930 1563 καί
2954 1510 3129 1578 λόγων
3157 1507 3295 1574 ὁμοῦ
3339 1506 3587 1577 πονηρῶν
3623 1521 3712 1559 πε-

2160 1604 2407 1677 πραχὼς,
2470 1603 2545 1675 μὴ
2597 1604 2658 1656 οὐ
2706 1602 2915 1664 πάντας
2969 1601 3276 1673 συλλήϐδην
3313 1599 3474 1671 βιαίῳ
3513 1599 3715 1667 θανάτῳ

2159 1693 2366 1748 δοῦναι.
2401 1693 2475 1745 Οὐ
2514 1692 2621 1761 γὰρ
2648 1692 2730 1744 ὅτι
2756 1690 2830 1761 μὴ
2855 1691 3103 1759 σιδηραῖς
3130 1688 3222 1741 καὶ
3259 1688 3416 1751 αὐτὸς
3441 1687 3579 1740 κατά
3600 1686 3715 1747 τοὶς

2162 1786 2518 1856 ἀνδροφόνους
2554 1786 2829 1856 ἐχρήσατο
2882 1784 3107 1854 λόγχαις
3158 1785 3221 1835 ὲκ
3267 1781 3364 1834 τοῦ
3398 1777 3715 1849 προφανοῦς,

493 1872 608 1926 ne:
636 1884 819 1927 autem
851 1874 947 1943 qui
977 1882 1033 1929 et
1060 1875 1176 1944 ipse
1200 1874 1417 1929 silentio
1442 1874 1690 1929 convicia
1717 1874 1843 1929 talia
1866 1884 2057 1929 contra
2088 1889 2094 1944 γ

2162 1874 2505 1942 ὑποϐεϐηκός
2547 1890 2603 1926 τι
2637 1873 2697 1924 τὸ
2739 1872 2905 1942 βάρος
2949 1871 3094 1940 ἔχειν
3127 1869 3253 1939 δόξῃ
3302 1867 3417 1920 τῶν
3449 1866 3718 1939 ἐγκλημά-

492 1963 768 2018 Palamam
811 1966 954 2020 dicta
999 1966 1304 2021 audivisset
1345 1975 1398 2021 et
1434 1961 1623 2021 contra
1665 1981 1790 2021 eum
1824 1964 2063 2035 castiga-

494 2055 702 2109 tionem
755 2071 930 2126 poenae
980 2058 1250 2128 imperare
1302 2059 1588 2122 voluisset,
1624 2068 1807 2113 tamen
1844 2066 2065 2128 propter

499 2144 739 2198 innatam
771 2147 1121 2213 clementiam
1156 2163 1384 2218 parcere
1425 2150 1476 2204 ei
1506 2148 1680 2204 voluit
1712 2158 1766 2203 et
1792 2147 2063 2220 judicium

495 2243 725 2302 propter
754 2250 1040 2291 sermones
1069 2245 1123 2292 et
1155 2237 1294 2292 facta
1325 2238 1473 2293 illius
1498 2239 1706 2294 editum
1737 2238 2062 2309 prolatavit:

494 2334 660 2394 atque
690 2326 792 2381 hac
824 2327 879 2382 in
916 2329 1188 2383 sententia
1218 2330 1544 2398 permansit,
1580 2345 1892 2400 quanquam
1922 2343 2066 2399 azgre

491 2419 760 2473 ferentem
781 2419 950 2491 348
972 2429 1027 2475 et
1052 2432 1368 2490 gravantem
1392 2421 1529 2476 vidit
1548 2423 1858 2477 Palamam:
1886 2436 2063 2491 neque

492 2509 877 2564 eonviciantes
916 2510 1206 2579 prohibuit
1242 2510 1312 2565 ab
1342 2512 1547 2582 impetu
1568 2553 1583 2578 ,
1627 2512 1903 2581 simulque
1933 2528 2062 2582 gan-

493 2599 645 2653 dinm
682 2601 851 2655 animi
881 2602 964 2657 sui
999 2602 1114 2657 risu
1144 2603 1378 2658 obscuro
1413 2603 1552 2658 clam
1589 2603 1834 2673 aperuit:
1877 2611 1930 2655 et
1966 2618 2064 2672 per

497 2693 731 2747 multutn
789 2701 1007 2762 tempus
1054 2694 1338 2761 sustinuit,
1368 2694 1613 2749 convicia
1670 2702 1863 2750 contra
1913 2694 2065 2749 Pala-

493 2795 637 2835 mam
670 2782 815 2838 dicta
850 2783 1086 2843 libenter
1124 2784 1386 2840 audiens:
1414 2795 1579 2856 atque
1623 2787 1725 2840 hoc
1766 2796 1880 2841 erat
1916 2786 2065 2857 judi-

497 2875 643 2928 cium
677 2885 773 2930 aut
824 2876 1020 2947 judicii
1069 2879 1395 2946 prooemium
1444 2888 1498 2932 et
1544 2877 1893 2934 adumbratio
1939 2892 2065 2933 erue

495 2975 671 3035 pturze
697 2967 805 3038 jam
840 2968 894 3023 in
939 2968 1216 3024 Palamam
1263 2969 1740 3025 condemnationis
1784 2971 1993 3040 prolata
2032 2985 2061 3023 a

496 3073 625 3128 rege
676 3071 731 3114 et
775 3059 1081 3115 illustribus
1133 3061 1242 3116 illis
1296 3062 1432 3116 viris
1470 3062 1537 3116 de
1580 3062 1856 3131 colloquio
1886 3077 2064 3133 nuper

2165 1983 2297 2032 των,
2330 1964 2445 2018 ἀλλ’
2480 1966 2562 2018 ὅτι
2604 1964 2789 2032 φιλίαν
2822 1960 3291 2032 σχηματιζόμενος
3334 1959 3453 2011 ὅλον
3502 1956 3717 2025 δολερῶς

2167 2060 2406 2113 ἐκένωσε
2442 2060 2553 2121 τοῖς
2590 2058 2794 2118 ἀδόλως
2848 2052 3061 2123 φιλοῦσι
3116 2051 3209 2104 τὸν
3253 2048 3350 2103 τοῦ
3402 2047 3714 2118 δηλητηρίου

2167 2145 2443 2214 κρατῆρα,
2481 2144 2612 2214 πρὶν
2660 2143 2761 2212 τῆς
2814 2140 3108 2210 ἐπιϐουλῆς
3144 2139 3430 2192 αἰσθέσθαι
3472 2137 3591 2199 τοὺς
3621 2134 3716 2187 πά-

2168 2252 2422 2305 σχοντας.
2476 2236 2586 2288 Καὶ
2634 2235 2683 2288 οἱ
2748 2235 2850 2303 μὲν
2898 2234 3047 2301 γένει
3103 2233 3198 2285 καὶ⁵
3243 2231 3374 2302 δόξῃ
3408 2226 3717 2297 προῦχοντες

2165 2329 2356 2397 ἄνδρες
2383 2329 2580 2382 ἐκεῖνοι
2613 2326 2756 2381 οὕτω
2789 2324 3244 2401 προσηνέχθησαν
3288 2323 3369 2394 τῷ
3405 2320 3582 2393 μιαρῷ
3617 2319 3718 2370 Πα-

2164 2421 2336 2493 λαμᾷ,
2384 2420 2481 2474 καὶ
2509 2419 2717 2484 ταύτας
2757 2420 2951 2489 ἐκείνῳ
2981 2418 3082 2481 τάς
3118 2417 3329 2488 κρίσεις
3374 2417 3661 2469 ἀπέτισανο
3690 2408 3718 2459 ὁ

2164 2513 2221 2565 δὲ
2258 2511 2520 2581 βασιλεὺς
2541 2511 2639 2564 καὶ
2675 2509 2839 2573 αὐτὸς
2871 2511 3000 2580 σιγῇ
3049 2509 3161 2562 τῶν
3189 2507 3333 2581 κατά
3366 2505 3462 2559 τοῦ
3498 2502 3717 2571 Παλαμᾶ

2164 2604 2425 2658 τοιούτων
2447 2601 2727 2673 λοιδοριῶν
2749 2602 3019 2671 αὐτήκοος
3044 2602 3308 2669 γεγονὼς,
3332 2598 3425 2651 καὶ
3451 2594 3718 2667 βουληθεὶς

2169 2702 2266 2771 μέν
2291 2717 2406 2763 πως
2428 2700 2529 2769 τὴν
2554 2701 2654 2768 τῆς
2687 2697 3022 2767 ἐκδικήσεως
3050 2694 3484 2765 προστεταχέναι
3514 2687 3718 2741 κόλασιν

2165 2792 2286 2843 κατ’
2340 2788 2530 2855 αὐτοῦ,
2589 2787 2922 2857 φεισάμενος
2958 2784 3003 2836 δ’
3057 2782 3150 2837 οὖν
3213 2782 3302 2834 διὰ
3361 2781 3459 2848 τὴν
3494 2776 3719 2845 ἔμφυτον

2165 2882 2485 2946 ἐπιείκειαν,
2523 2881 2659 2943 τέως
2702 2880 2803 2949 μὲν
2835 2879 2934 2949 τὴν
2965 2878 3072 2935 ἀπὸ
3104 2875 3353 2945 γλώττης
3383 2872 3481 2925 καὶ
3510 2869 3613 2922 τῶν
3642 2866 3720 2933 ἕρ·

2165 2992 2280 3043 γων
2315 2972 2613 3043 ὑπερέθετο
2651 2971 2852 3042 ψῆφον,
2900 2970 3131 3036 ἐπέμενε
3161 2968 3205 3021 δ’
3236 2965 3333 3019 οὖν
3373 2965 3521 3033 ὅμως
3550 2958 3718 3028 ὑϐριοο

2166 3062 2449 3118 παθοῦντα
2476 3062 2620 3132 δρῶν
2655 3061 2750 3115 καὶ
2799 3060 3099 3131 ἀχθόμενον
3135 3056 3430 3126 Παλαμάν,
3487 3053 3578 3104 καὶ
3605 3046 3718 3100 οὔτε

498 3164 622 3204 cum
656 3150 897 3223 Gregora
934 3155 1210 3209 instituto.

2165 3154 2292 3217 τοὺς
2327 3153 2701 3223 λοιδοροῦντας
2729 3152 2991 3232 ἀνέκοπτε
3023 3149 3123 3218 τῆς
3153 3147 3359 3216 ὁρμῆς,
3383 3146 3478 3198 καὶ
3517 3144 3627 3211 ἃμα
3661 3135 3717 3187 τὸ

492 3245 682 3313 χαῖρον
722 3243 990 3312 ὑπέφαινε
1041 3244 1141 3313 τῆς
1194 3243 1387 3298 ἑαυτοῦ
1438 3243 1618 3314 ψυχῆς
1654 3246 1919 3315 ἀμυδροῖς
1950 3262 2060 3298 τισι
2103 3243 2446 3315 μειδιάμασι,
2498 3244 2594 3297 καὶ
2647 3241 3041 3311 διεκαρτέρησε
3111 3242 3273 3309 μέχρι
3354 3233 3548 3289 πολλοῦ
3589 3246 3719 3290 τινος

492 3337 687 3405 χρόνου
711 3336 979 3390 διακούων
1045 3339 1215 3408 ἡδέως
1281 3339 1391 3393 τῶν
1437 3339 1581 3393 κατὰ
1620 3339 1714 3391 τοῦ
1786 3339 2020 3409 Παλαμᾶ
2071 3337 2377 3408 λοιδοριῶν.
2400 3336 2513 3390 Καὶ
2547 3333 2616 3406 ἦν
2642 3335 2817 3387 ταῦτα
2847 3333 3027 3405 ψῆφος
3053 3333 3088 3401 ἢ
3127 3334 3309 3401 ψήφου
3342 3324 3719 3400 προαναφὼνη’

496 3434 580 3498 σίς
614 3450 697 3497 τις
748 3434 841 3486 καὶ
886 3434 1222 3498 διατύπωσις
1275 3438 1375 3506 τῆς
1434 3435 1738 3506 μελλούσης
1792 3435 1874 3490 ἔτι
1947 3437 2092 3489 κατὰ
2130 3434 2227 3488 τοῦ
2308 3432 2547 3502 Παλαμᾶ
2581 3431 2906 3501 καταδίκης,
2964 3427 3307 3499 ἐξενεχθεῖσα
3356 3426 3492 3496 πρός
3529 3442 3587 3477 τε
3635 3417 3719 3473 τοῦ

495 3530 759 3601 βασιλέως
814 3533 907 3585 καὶ
968 3532 1077 3586 τῶν
1139 3531 1365 3598 ἐνδόξων
1418 3534 1639 3586 ἐκείνων
1677 3532 1882 3603 ἀνδρῶν
1932 3532 2029 3603 τῆς
2068 3532 2296 3601 ἔναγχος
2334 3530 2621 3597 διαλέξεως
2667 3529 2734 3600 ἢν
2770 3528 3068 3599 ἐποιήσατο
3111 3528 3249 3599 πρὸς
3279 3528 3373 3582 τὸν
3418 3528 3457 3580 Γ
3461 3520 3714 3600 ρηγὺρᾶνο

1735 3871 1873 3925 ΤΟΥ
1912 3871 2148 3927 ΑΥΤΟΥ
2185 3872 2528 3927 ΜΟΝΔΧΟΥ

886 3972 1940 4171 ”·ΝΙΚΗ‹Ι›ΟΡΟΥ
2044 4039 2392 4173 ΤΟΥ
2488 4039 3276 4174 ΓΡΗΓΟΡΑ

1825 4251 2000 4304 ΠΕΡΙ
2042 4252 2179 4305 ΤΩΝ
2212 4253 2454 4310 ΑΥΤΩΝ

1194 4392 1563 4483 ΛΟΓΟΣ
1634 4395 2199 4485 ΔΕΥΤΕΡΟΣ
2276 4398 3030 4486 ΔΟΓΜΑΤΙΚΟΣ.

1748 4640 2102 4702 EIUSDEM
2147 4642 2511 4703 MONACHI

1319 4832 2100 4948 NICEPHOBI
2200 4837 2918 4953 GREGOB/E

1932 5073 2013 5115 DE
2057 5072 2293 5116 EISDBM

1144 5226 1542 5322 SEBMO
1615 5228 2227 5319 SECUNDUS
2310 5229 3104 5320 DOGMA'I‘ICUS.

562 5526 785 5599 3491.
803 5523 933 5592 Quae
949 5522 1129 5579 adhuc
1150 5523 1291 5579 dicta
1312 5528 1440 5577 sunt
1455 5535 1486 5574 a
1507 5530 1579 5585 te,
1594 5517 1921 5575 amicissime
1934 5518 2073 5586 Ago-

2248 5517 2326 5573 A'.
2364 5518 2443 5571 Τά
2488 5520 2587 5588 μὲν
2621 5520 2684 5586 δὴ
2734 5518 2895 5589 μέχρι
2934 5520 3026 5572 καὶ
3057 5519 3115 5581 ἐς
3152 5518 3269 5572 τόδε
3313 5534 3393 5570 σοι
3432 5511 3723 5584 εἰρημένα.

496 5621 740 5687 tlieniee,
759 5620 892 5674 satis
920 5618 1147 5671 multum
1169 5625 1225 5670 et
1250 5629 1410 5684 quam
1429 5611 1683 5682 equidem
1706 5610 1951 5665 volebam
1977 5625 2073 5665 eo-

2186 5611 2356 5679 φίλων
2392 5613 2582 5682 ἄριστε
2622 5613 2963 5679 Ἀγαθόνικε,
3001 5610 3198 5680 δαψιλῆ
3226 5626 3315 5677 μοι
3348 5606 3612 5678 παρέσχον
3641 5600 3726 5654 καὶ

496 5730 616 5767 rum
667 5728 787 5781 qua:
827 5709 1180 5772 qun-siverunt
1231 5707 1593 5776 cognitionum
1626 5703 1755 5756 milii
1808 5702 2070 5770 pratstite-

2188 5703 2262 5764 ὡς
2308 5702 2485 5769 ἔγωγε
2548 5703 2847 5769 ἐϐουλόμην
2898 5701 2997 5768 τὴν
3052 5699 3188 5761 τέως
3234 5700 3342 5752 τῶν
3395 5692 3724 5761 ζητουμένων

497 5813 643 5858 runt.
671 5806 847 5868 Quare
880 5804 1047 5870 gratia
1080 5802 1174 5857 tibi
1204 5818 1229 5853 ιι
1263 5801 1389 5854 Deo,
1418 5798 1553 5853 Sunt
1577 5807 1755 5853 autem
1774 5812 1839 5853 ex
1861 5795 2059 5852 ibidem

2189 5798 2425 5859 σύνεσιν,
2465 5797 2554 5848 καί
2596 5798 2750 5864 χάρις
2792 5796 2875 5861 εἴη
2921 5809 3001 5847 σοι
3042 5792 3176 5863 πρὸς
3210 5791 3369 5845 Θεόν·
3407 5787 3724 5840 ἐλλέλειπται
