4034 6494
334 401 442 463 309

1312 406 1755 468 BYZANTleE
1796 407 2184 467 IIlSTORLii
2220 412 2366 469 LIB.
2414 412 2629 475 XXXI.

3484 410 3590 475 310

332 512 378 564 δ’
408 509 500 566 οὖν
543 529 627 568 σοι
658 512 767 568 τῶν
815 514 933 568 ἐκεῖ
981 516 1118 586 πρὸς
1153 517 1247 570 τού
1282 518 1518 586 Παλαμᾶ
1563 520 1908 592 λαληθέντων

2028 538 2045 576 ι
2073 523 2288 577 Palama
2321 522 2484 578 dictis
2517 523 2777 578 nonnulla
2813 523 2909 577 tibi
2932 522 3151 589 relicta;
3180 531 3238 575 ut
3263 514 3589 576 anonnnllis

336 604 476 672 Ξνια,
502 605 580 669 ὡς
608 605 767 659 ὲνίων
793 607 910 659 ἐκεῖ
939 609 1225 678 παρόντων
1250 611 1465 680 ἀκήκοα
1498 612 1697 679 φίλων,
1729 614 1911 682 σαθρὰ

341 699 439 766 μὲν
475 699 572 751 καὶ
620 699 791 752 πλείω
823 700 925 770 τῆς
953 701 1213 764 ἀσεϐείας
1257 702 1356 771 τὴν
1401 704 1646 773 ἀμαθίαν
1695 704 1910 774 ἔχοντα,

339 789 683 844 ἐλλέλειπται
706 792 753 843 δ’
783 786 901 856 οῦν,
930 792 1166 864 ῥηθῆναί
1192 810 1273 847 σοι
1302 793 1420 847 δέον
1448 796 1543 848 καὶ
1577 796 1749 849 ταῦτα
1774 798 1910 866 πρὸς

340 884 405 936 τὸ
430 885 769 954 σαφέστερον
805 884 1028 939 ἀκούειν
1055 887 1363 956 ἐφιεμένων
1396 887 1576 957 ήμῶν.
1620 888 1910 951 ’Λνατεθο-

337 976 545 1029 λῶσθαι
578 976 690 1046 γάρ
721 977 808 1031 ἀεὶ
834 977 902 1030 τὰ
929 979 1028 1047 τῆς
1063 979 1230 1033 αὐτοῦ
1278 980 1605 1044 δυσσεϐείας
1656 984 1814 1050 φασὶ,
1843 987 1908 1054 τῇ

344 1063 563 1132 συνήθει
592 1061 694 1132 τῆς
724 1061 971 1133 γλώττης
999 1064 1177 1136 ἀωρίᾳ
1225 1066 1408 1136 πάσης
1441 1066 1518 1129 ὡς
1568 1071 1911 1138 πορρωτάτω

346 1154 650 1224 βαδίζοντος
682 1155 939 1224 ἀληθείας
964 1158 1061 1209 καὶ
1093 1158 1440 1228 ἐπιστήμης,
1478 1158 1715 1225 μάλιστα
1747 1160 1795 1214 δ’
1820 1156 1915 1214 οὖν

343 1249 401 1299 ἐν
432 1246 663 1313 τούτοις,
691 1248 803 1300 εἴτε
833 1249 921 1302 διὰ
949 1245 1167 1321 δέος-ἦς
1196 1253 1446 1304 πείσεται
1479 1254 1701 1322 μακρᾶς
1722 1254 1915 1322 αἰσχύ-

344 1351 463 1405 νης,
490 1335 600 1389 εἴτε
634 1337 730 1390 καὶ
781 1336 1098 1406 συμπίπτον
1133 1337 1280 1393 οῦτω
1310 1339 1401 1392 διά
1430 1341 1491 1394 τὸ
1537 1343 1636 1411 τῆς
1666 1341 1912 1412 ἐμφύτου

346 1427 649 1499 μοχθηρίας
683 1430 975 1499 ἀλόγιστον
1007 1430 1150 1494 ἔθος.
1209 1433 1319 1485 Καὶ
1366 1433 1453 1486 ἵνα
1488 1433 1556 1486 τά
1588 1434 1818 1488 πλεῖστα
1847 1435 1914 1489 δι’

342 1522 601 1591 ἀκαιρίαν
627 1521 826 1592 παρεὶς
858 1523 1097 1594 μετρίων
1133 1524 1380 1597 μνησθῶ,
1410 1524 1468 1578 ἓν
1499 1525 1599 1593 μὲν
1631 1526 1728 1579 καὶ
1760 1527 1915 1596 πρῶ-

340 1629 435 1665 τον
464 1614 638 1667 έκεῖνο
667 1613 777 1667 τῶν
810 1618 1163 1686 παρειμένων
1215 1618 1371 1687 φασί.
1405 1616 1591 1671 Θέλων
1640 1619 1751 1690 γὰρ
1782 1620 1913 1671 ἐαυ-

339 1705 435 1758 τὸν
460 1707 833 1761 ἀπολύσασθαι
866 1712 964 1778 τῆς
992 1711 1146 1779 αὐτῷ
1189 1712 1326 1780 πρὸς
1357 1714 1450 1763 τοῦ
1493 1712 1752 1784 Γρηγορᾶ
1780 1731 1917 1785 προ-

343 1802 718 1869 ενηνεγμένης
751 1803 1107 1871 κατηγορίας,
1148 1803 1222 1867 ὡς
1256 1807 1323 1858 ὲκ
1354 1805 1572 1859 πολλῶν
1596 1806 1693 1860 καὶ
1727 1806 1914 1876 διαφό-

346 1908 459 1957 ρων
477 1889 749 1963 θεοτήτων
774 1893 874 1948 εἴτ’
898 1894 992 1948 οὖν
1014 1899 1319 1965 ποιοτήτων
1350 1897 1675 1967 συγκεῖσθαι
1696 1897 1915 1966 λέγοντι

340 1981 436 2035 τὸν
467 1982 621 2049 Θεὸν,
653 1984 748 2038 καὶ
779 1985 1042 2056 ἄντικρυς
1086 1988 1479 2059 περιπίπτοντι
1527 1993 1643 2055 τοῖς
1671 1991 1752 2063 τῷ
1785 1992 1916 2065 θείῳ

342 2071 690 2155 Δαμασκηνῷ
738 2073 1079 2145 λεγομένοις,
1127 2078 1209 2130 ὅτι
1249 2078 1309 2132 τὸ
1341 2080 1499 2134 θεῖον
1539 2081 1750 2135 ἁπλοῦν
1793 2083 1915 2134 ἐστι

344 2164 437 2216 καὶ
470 2163 784 2231 ἀσύνθετον,
817 2168 880 2219 τὸ
911 2167 967 2220 δὲ
998 2169 1063 2223 ὲκ
1088 2168 1302 2224 πολλῶν
1336 2174 1431 2224 καὶ
1468 2171 1744 2244 διαφόρων
1785 2189 1915 2240 συγ-

345 2252 599 2323 κείμενον
635 2255 893 2309 σύνθετόν
926 2256 1046 2309 ἐστι
1099 2259 1192 2311 καὶ
1218 2257 1282 2329 [Γ.
1315 2258 1420 2313 165
1442 2256 1520 2332 ν.]
1558 2259 1625 2313 τὰ
1679 2259 1829 2330 ἑξῆς,
1852 2260 1912 2312 οὐ

348 2345 491 2399 κατὰ
519 2348 618 2416 τὴν
649 2346 801 2402 θέσιν
835 2351 1053 2422 ἐκείνης
1083 2350 1184 2420 τῆς
1219 2352 1458 2423 ρήσεως,
1500 2351 1640 2406 ἀλλά
1669 2353 1917 2423 διαφθεί-

351 2456 470 2512 ρας,
504 2439 578 2505 ὡς
608 2440 789 2507 είωθε,
817 2443 987 2496 τοιάδ’
1032 2444 1390 2510 ἀπεκρίνατο.
1429 2446 1546 2499 Πᾶν
1597 2445 1659 2499 τὸ
1696 2445 1918 2514 συγκεί-

349 2549 514 2599 μενον
542 2533 635 2587 καὶ
666 2533 951 2599 ούσιώδεις
980 2535 1250 2606 διαφοράς
1281 2535 1407 2607 ἕχον
1440 2537 1697 2590 σύνθετόν
1742 2537 1914 2590 ἐστιν·

344 2625 377 2675 ό
413 2621 472 2676 δὲ
501 2622 634 2688 Θεὸς
681 2623 806 2678 οὔτε
837 2624 949 2679 τῶν
1000 2625 1378 2697 συγκειμένων
1421 2627 1573 2680 ἐστὶν
1621 2625 1748 2681 οὔτε
1806 2628 1917 2680 τῶν

345 2715 628 2780 οὐσιώδεις
674 2717 942 2788 διαφορὰς
991 2718 1250 2786 ἐχόντων.
1304 2719 1588 2790 Οὐσιώδης
1648 2722 1758 2791 γάρ
1799 2721 1917 2775 ἐστι

348 2808 582 2877 διαφορά
605 2808 727 2862 καθ’
755 2811 821 2879 ἢν
848 2810 1097 2881 διαφέρει
1142 2812 1308 2866 οὐσία
1347 2813 1560 2879 οὐσίας,
1589 2812 1733 2867 ὥστε
1779 2815 1922 2870 κατά

350 2901 612 2956 πλειόνων
635 2903 790 2956 εἰδῶν
820 2903 916 2956 καὶ
948 2902 1146 2957 οὐσιῶν
1180 2904 1321 2957 είσιν
1354 2904 1411 2957 αἱ
1435 2904 1716 2976 διαφοραί.
1766 2905 1922 2962 Ἐπεὶ

347 2994 446 3049 οὖν
477 2996 575 3067 μία
607 2997 702 3050 καὶ
729 2997 943 3068 ἀμερὴς
977 2997 1328 3052 παντάπασιν
1369 2999 1403 3068 ἡ
1438 2997 1532 3052 τοῦ
1572 2997 1710 3053 Θεοῦ
1741 2999 1920 3064 οὐσία,

350 3088 439 3141 διὰ
465 3089 623 3142 τοῦτο
650 3089 915 3161 διαφορὰς
945 3089 1045 3144 οὐκ
1072 3089 1187 3160 ἔχει
1215 3090 1521 3154 οὐσιῶδεις.
1548 3090 1697 3146 Μίαν
1733 3091 1833 3162 μὲν
1859 3092 1924 3162 δὴ

2013 614 2107 683 qui
2136 614 2351 669 ibidem
2375 622 2603 669 aderant
2650 616 2841 669 amicis
2894 615 3105 677 audivi,
3159 615 3343 668 inania
3383 624 3439 667 et
3469 616 3589 680 plus

2015 704 2335 774 ignorantiae
2381 721 2546 774 quam
2622 706 2919 774 impietatis
2986 706 3320 760 attestantia.
3400 705 3593 759 Restat

2017 797 2204 866 igitur,
2247 805 2307 850 ut
2374 797 2489 852 haec
2529 797 2778 867 proferas
2834 798 2991 850 nobis
3051 794 3364 851 accuratius
3401 798 3593 851 audire

2015 887 2385 956 cupientibus.
2468 888 2808 958 Impietatem
2868 891 3017 943 enim
3085 889 3278 942 dicunt
3372 889 3588 941 mistam

2016 991 2236 1047 semper
2257 978 2445 1034 innata
2467 979 2668 1048 linguae
2693 979 3001 1033 insulsitate
3027 995 3147 1046 quae
3167 994 3383 1033 omnem
3415 987 3591 1033 trans-

2018 1070 2059 1124 it
2093 1071 2377 1126 veritatem
2407 1081 2464 1126 et
2517 1072 2826 1134 scientiam,
2861 1073 3158 1141 praesertim
3188 1074 3238 1125 in
3282 1070 3367 1124 his
3403 1071 3591 1134 rebus,
3618 1094 3631 1099 -

2019 1163 2136 1218 sive
2190 1173 2414 1234 propter
2472 1164 2594 1234 ejus
2622 1180 2785 1232 quant
2826 1180 3090 1231 passurus
3119 1172 3204 1217 est
3243 1164 3594 1217 COIlllllttt‘li.B

2019 1262 2253 1319 metum,
2306 1254 2423 1310 sive
2481 1254 2684 1308 accidit
2720 1254 2895 1308 insitze
2937 1254 3223 1322 pravitatis
3258 1251 3590 1306 temeritate.
3668 1314 3689 1325 -

2024 1350 2089 1402 Et
2119 1359 2178 1405 ttt
2208 1349 2462 1419 plurimis
2492 1349 2564 1403 ob
2603 1347 2869 1417 temporis
2912 1347 3417 1402 incommoditatem
3464 1347 3596 1399 reli—

2020 1443 2126 1497 ctis
2159 1456 2336 1512 pauca
2371 1441 2743 1505 tneminerim,
2787 1456 2957 1493 unttm
3002 1448 3055 1494 et
3095 1439 3332 1508 primum
3367 1430 3595 1492 relicio-

2021 1548 2142 1588 rum
2209 1533 2340 1588 illud
2395 1534 2602 1589 lerunt.
2660 1531 2823 1602 350
2880 1530 3097 1587 Etenim
3160 1546 3217 1585 se
3258 1530 3593 1584 liberaturus

2022 1627 2227 1695 probro
2242 1641 2272 1681 a
2295 1625 2534 1696 Gregora
2556 1626 2770 1697 objecta
2787 1626 2930 1695 quod
2957 1625 3145 1678 multis
3163 1623 3406 1679 etivariis
3430 1622 3602 1675 deita—

2025 1718 2171 1773 tibus
2197 1727 2249 1772 et
2268 1717 2624 1787 qualitatibus
2652 1717 2923 1771 contineri
2948 1717 3116 1769 Deum
3145 1714 3372 1769 dixisset
3396 1724 3451 1768 et
3473 1727 3604 1766 con-

2025 1818 2107 1863 tra
2129 1808 2481 1864 incidissetin
2505 1824 2567 1863 ea
2590 1823 2710 1877 qua:
2729 1823 2757 1860 a
2773 1808 2899 1861 divo
2917 1806 3404 1861 Damasceuodicta
3421 1812 3599 1864 erant,

2022 1901 2195 1956 Deum
2217 1916 2339 1957 esse
2368 1901 2599 1970 simplex
2628 1909 2683 1953 et
2717 1900 3142 1968 incompositum
3178 1917 3191 1963 ;
3233 1896 3378 1968 quod
3415 1904 3599 1950 autem

2023 1992 2213 2047 multis
2243 2000 2299 2045 et
2318 1992 2483 2046 variis
2503 1985 2823 2045 continetur
2843 1990 3208 2058 compositum
3238 1996 3356 2054 est;
3389 1986 3599 2054 reliqua

2023 2099 2130 2139 non
2157 2084 2222 2138 ad
2248 2083 2393 2138 illius
2422 2082 2692 2137 orationis
2718 2092 3130 2151 argumentum,
3166 2079 3260 2135 sed
3295 2088 3601 2148 permutata

2022 2178 2097 2233 ita
2115 2184 2175 2232 ut
2193 2175 2594 2247 solet,protulit
2617 2174 2914 2244 :Quidquid
2929 2174 3243 2229 continetur
3263 2181 3318 2227 et
3340 2171 3602 2225 essentia-

2019 2270 2104 2325 les
2120 2269 2418 2323 varietates
2432 2267 2622 2331 habet,
2637 2265 3000 2336 compositum
3026 2266 3283 2319 est.Deus
3299 2271 3478 2317 autem
3496 2276 3605 2315 non

2021 2376 2086 2416 ex
2109 2359 2176 2414 iis
2196 2375 2319 2428 qum
2346 2359 2705 2413 continentur
2722 2364 2819 2411 aut
2846 2353 3172 2411 essentiales
3190 2353 3489 2407 varietates
3514 2353 3608 2405 lia-

2021 2451 2175 2507 bent.
2196 2448 2520 2523 Essentialis
2536 2448 2683 2501 enim
2705 2446 2944 2500 varietas
2963 2452 3071 2510 est,
3090 2459 3196 2514 qua
3217 2443 3398 2498 differt
3417 2455 3578 2496 essen
3593 2471 3609 2480 -

2025 2542 2098 2597 tia
2114 2541 2181 2596 ab
2193 2539 2430 2596 essentia
2453 2538 2527 2593 ita
2548 2549 2606 2592 ut
2626 2539 2810 2607 plures
2827 2536 3014 2591 formm
3030 2544 3086 2591 et
3100 2536 3353 2591 essentia:
3370 2533 3606 2588 eﬂieiatvt

2024 2634 2343 2691 varietates.
2405 2630 2545 2687 Cum
2598 2630 2765 2702 igitur
2819 2646 2928 2685 uua
2985 2639 3042 2685 et
3096 2628 3375 2699 impartita
3408 2626 3478 2680 sit
3516 2626 3605 2678 Dei

2024 2725 2291 2791 essentia,
2343 2733 2639 2795 propterea
2689 2724 2985 2778 varietates
3038 2737 3145 2775 non
3196 2720 3364 2775 habet
3417 2735 3610 2773 essen-

2029 2818 2206 2874 tiales.
2237 2818 2413 2874 Unam
2444 2816 2592 2873 illius
2616 2832 2838 2872 causam
2861 2815 2927 2870 ad
2962 2815 3297 2869 narrationis
3334 2825 3438 2867 tuze
3464 2813 3607 2865 viam

2026 2923 2195 2980 pono,
2251 2908 2477 2961 alteram
2537 2907 2646 2961 divi
2722 2906 3002 2960 Athanasii
3060 2906 3386 2962 orationem,
3441 2915 3606 2972 quam

2030 3001 2149 3056 sine
2189 2998 2361 3054 dubio
2387 2998 2854 3067 religiosissimam
2887 2996 3006 3066 ipse
3042 2996 3098 3050 in
3136 2994 3486 3065 polytheismi
3522 3010 3610 3046 ar-

2032 3099 2354 3163 gumentum
2385 3089 2717 3144 immutavit.
2782 3089 2928 3143 Dixit
2954 3089 3101 3142 enim
3133 3088 3187 3141 in
3220 3088 3436 3157 dialogo
3478 3102 3612 3140 cou—

351 3181 461 3233 τῶν
494 3182 705 3235 ἐκείνου
728 3181 933 3250 ταύτην
964 3181 1270 3254 προτίθημί
1296 3200 1391 3236 σου
1422 3186 1490 3254 τῇ
1518 3185 1773 3256 διηγήσει
1794 3182 1920 3256 πρό-

2034 3193 2115 3238 tra
2152 3182 2382 3238 Arium:
2414 3183 2535 3237 Non
2560 3197 2747 3237 rerum
2786 3191 3097 3236 creatarum
3129 3195 3293 3235 causa
3323 3179 3466 3233 dixit
3495 3178 3613 3233 Sal-

353 3290 519 3341 φασιν
545 3272 766 3343 ἐφεξῆς,
789 3272 1055 3342 δευτέραν
1089 3273 1146 3327 δὲ
1171 3273 1272 3344 τὴν
1308 3273 1637 3328 Ἀθανασίου
1663 3274 1754 3328 τοῦ
1779 3275 1920 3328 θείου

2028 3285 2221 3331 vator:
2275 3274 2501 3330 «Omnia
2549 3290 2671 3346 quae
2699 3275 2861 3330 Pater
2905 3274 3093 3337 habet,
3129 3288 3248 3328 mea
3280 3281 3462 3338 sunt,»
3515 3271 3610 3327 sed

356 3368 539 3435 ῥῆσιν,
573 3366 641 3438 ἢν
677 3366 1082 3436 εὐσεϐεστάτην
1112 3367 1504 3438 ἀναμφιόόλως
1530 3361 1698 3422 οὖσαν
1731 3369 1812 3432 εἰς
1833 3384 1920 3420 πο-

2029 3382 2152 3437 qua:
2176 3365 2368 3421 deitati
2411 3365 2591 3421 Patris
2625 3364 2905 3429 attribuit,
2958 3379 3023 3418 ea
3062 3362 3293 3433 prppria
3328 3363 3468 3416 dixit
3500 3363 3611 3416 Do--

355 3459 572 3523 λυθεϊας
621 3459 783 3522 αὐτὸς
821 3457 1083 3512 ὑπόθεσιν
1113 3460 1492 3530 μετενήνοχεν.
1544 3460 1695 3530 Ἔφη
1731 3461 1842 3529 γὰρ
1872 3459 1920 3510 ὲι

2032 3460 2234 3523 minus,
2267 3459 2420 3514 velut
2448 3456 2887 3527 incorruptibile,
2914 3453 3276 3518 immutabile,
3308 3452 3609 3515 inﬁnitum,

354 3552 422 3619 τῇ
460 3546 596 3618 πρὸς
640 3546 860 3615 ’Δρειον
917 3544 1150 3612 διαλέξει
1204 3544 1280 3609 ὡς
1330 3548 1428 3615 οὐχ
1460 3545 1650 3599 ἕνεκεν
1690 3547 1920 3601 κτιστῶν

2030 3550 2406 3619 omnipotens,
2447 3547 2766 3618 providens,
2790 3553 2847 3600 et
2876 3560 3222 3615 quaecunque
3253 3552 3382 3599 sunt
3410 3542 3610 3606 Patris.

354 3639 696 3710 πραγμάτων
728 3636 833 3706 ἔφη
856 3637 885 3691 ό
905 3638 1118 3708 Σωτὴρ,
1155 3655 1173 3688 ι
1208 3638 1394 3692 Πάντα
1410 3640 1509 3692 ὅσα
1543 3638 1659 3709 ἔχει
1689 3640 1717 3692 ό
1741 3640 1920 3711 Πατὴρ

2031 3640 2222 3696 eadem
2255 3638 2479 3708 pr0pria
2512 3637 2632 3692 Filii
2659 3646 2809 3691 sunt.

355 3736 464 3804 ἐμά
491 3736 661 3788 ἐστιν.
701 3752 722 3786 ι
785 3730 927 3784 Ἀλλ’
995 3731 1099 3784 ὅσα
1166 3731 1341 3800 ἀνῆκε
1367 3735 1434 3800 τῇ
1478 3730 1694 3801 θεότητι
1740 3731 1835 3785 τοῦ
1878 3733 2116 3801 Πατρὸς,
2185 3733 2363 3785 ταῦτα
2400 3731 2508 3785 ἴδια
2570 3731 2675 3801 ἔφη
2715 3731 2743 3782 ό
2798 3729 3023 3800 Κύριος,
3069 3727 3182 3785 οἷον
3216 3730 3278 3783 τὸ
3309 3729 3612 3800 ἄφθαρτον,

354 3830 414 3881 τὸ
450 3829 736 3898 ἄτρεπτον,
769 3826 830 3880 τὸ
893 3821 1301 3897 ἀκατάληπτον,
1364 3826 1426 3879 τὸ
1458 3825 1708 3893 δυνατὸν,
1737 3826 1800 3880 τὸ
1859 3828 2291 3896 προγνωστικόν.
2354 3826 2468 3881 Καὶ
2517 3827 2617 3879 ὅσα
2671 3826 2870 3878 enim
2907 3826 3118 3897 Πατὴρ,
3153 3824 3327 3878 ταῦτα
3366 3826 3473 3878 ἴδια
3519 3821 3613 3876 τοῦ

357 3924 489 3978 Υίοῦ
527 3923 806 3992 τυγχάνει.

426 4109 503 4165 B'.
537 4107 682 4180 Πρὸς
705 4106 838 4177 γοῦν
877 4105 1081 4177 φιλίου,
1146 4104 1396 4177 βέλτιστε
1442 4106 1791 4180 Ἀγαθόνικε,
1846 4106 1925 4179 μὴ

358 4172 603 4272 ζημιοῦν.
628 4172 787 4266 ἀξίου
821 4172 901 4269 με-
916 4199 1007 4252 τὸν
1035 4172 1191 4268 φίλον
1214 4197 1358 4252 οὕτω
1389 4172 1679 4269 βελτίστην
1721 4172 1926 4268 ἀκρόαξ

358 4308 465 4354 σιν,
520 4290 763 4360 σχήματι
797 4289 1024 4343 εὐλαὸεἰ
1075 4290 1138 4343 τὸ
1194 4290 1443 4360 ῥᾴθυμον
1497 4288 1928 4360 ὁπωσδήποτοῦν

360 4380 841 4450 ὑποκοριζόμενος,
869 4379 945 4444 ὡς
974 4380 1077 4434 κάν
1100 4378 1317 4444 πολλοῖς
1338 4379 1555 4444 είώθεις
1572 4381 1746 4433 ἐνίοτε
1771 4380 1926 4450 δρᾷν.

369 4473 511 4541 Ὀρῶ
539 4472 650 4542 γάρ
685 4489 745 4525 σε
776 4473 914 4543 πρὸς
956 4470 1123 4541 ἕτερα
1150 4472 1354 4542 τρόπον
1377 4470 1505 4524 τινὰ
1534 4471 1627 4524 τὸν
1653 4469 1781 4524 νοῦν
1827 4487 1928 4523 πε-

2102 4107 2259 4180 351
2286 4107 2353 4161 ll.
2381 4106 2601 4170 Precor,
2629 4104 2839 4176 optime
2877 4100 3238 4176 Agathonice,
3267 4118 3332 4158 ne
3366 4120 3452 4159 me
3475 4104 3615 4159 οτιιί-

2034 4216 2159 4257 cum
2187 4199 2439 4269 castiges,
2466 4197 2677 4268 optimo
2703 4212 2959 4252 sermone
2988 4211 3090 4266 per
3126 4196 3351 4250 nimiam
3386 4206 3613 4250 cuneta-

2035 4294 2239 4348 tionem
2288 4290 2470 4344 obiter
2541 4297 2750 4343 tantum
2820 4287 3262 4359 perstringenda,
3322 4295 3384 4341 ut
3427 4288 3614 4341 multis

2035 4384 2364 4456 quibusdam
2399 4381 2523 4436 aliis
2555 4382 2734 4436 facere
2763 4380 3039 4435 interdum
3083 4381 3247 4435 soles.
3287 4379 3421 4435 Nam
3454 4380 3614 4434 video

2036 4487 2275 4533 mentem
2321 4486 2466 4529 tuam
2504 4474 2559 4528 in
2591 4474 2876 4528 adversam
2912 4483 3120 4543 partem
3166 4473 3484 4527 distractam
3516 4480 3611 4536 et,

356 4563 708 4636 ρισπὼμενον
735 4566 830 4618 καὶ
855 4565 980 4618 ὅσον
1002 4564 1224 4618 εἰκάσαι
1251 4562 1530 4634 λογισμῶν
1566 4563 1920 4618 πολυπλόκων

2033 4580 2299 4640 quantum
2344 4567 2602 4639 coujicio,
2636 4568 2911 4622 variarum
2947 4567 3165 4637 plenam
3215 4567 3613 4637 cogitationum

359 4675 424 4729 με
434 4660 563 4713 στὸν
594 4659 697 4729 τὴν
727 4658 924 4729 ὀφρύν.

426 4751 505 4806 Γ’.
550 4751 713 4819 Ἐμὸν
742 4753 895 4805 τουτὶ
918 4749 1114 4813 πάθος,
1145 4743 1189 4805 ὦ
1217 4751 1339 4819 φίλε
1368 4750 1622 4819 Θεότιμε,
1650 4753 1747 4803 καὶ
1785 4748 1930 4802 πάνυ

355 4861 418 4911 γε
446 4844 686 4913 ἄχθομαι
720 4842 799 4913 τῷ
827 4843 1236 4913 συμὸεόηκότι’
1262 4843 1329 4914 [ι.
1367 4843 1469 4899 166
1505 4841 1580 4909 r.]
1610 4842 1765 4896 ἔοικα
1819 4842 1931 4912 γάρ

357 4953 472 5000 πως
503 4936 786 5004 ἀγνοοῦντι
817 4936 1081 4999 πολλάκις
1124 4937 1223 4989 καὶ
1247 4929 1359 4989 οἷον
1410 4935 1511 4988 οὐκ
1545 4921 1799 4988 ἒπαῒοντι
1854 4927 1931 4987 ὧν

357 5028 529 5083 ἐνίοτε
571 5026 780 5097 ὁμιλεῖν
824 5045 916 5097 μοι
980 5029 1335 5097 προσγίνεται
1373 5027 1548 5098 λήθης
1594 5026 1929 5098 ἑξορχουμέο

357 5134 453 5186 της
486 5115 562 5178 ὡς
599 5116 668 5168 τὰ
702 5114 878 5167 πολλά
906 5118 1045 5168 κατά
1073 5115 1169 5168 τοῦ
1213 5113 1610 5183 φανταστικοῦ,
1646 5114 1674 5167 ὃ
1721 5116 1814 5168 καὶ
1847 5114 1931 5185 βι-

357 5208 506 5261 ϐλίον
540 5209 707 5278 φασὶν
736 5209 785 5261 oi
821 5208 979 5277 σοφοὶ
1007 5207 1110 5277 τῆς
1136 5205 1338 5277 ψυχῆς.
1370 5207 1460 5259 Διὸ
1491 5208 1588 5259 καὶ
1637 5206 1771 5277 πρὸς
1832 5208 1931 5270 τὰς

360 5300 457 5361 σὰς
497 5298 577 5352 ἔτι
607 5296 896 5364 διεξιόντος
926 5300 1493 5371 παρασκευαζόμενος
1525 5299 1778 5364 πεύσεις,
1807 5302 1933 5354 ἀνε-

356 5388 654 5459 λογιζόμην
677 5407 739 5443 τε
768 5392 862 5444 καὶ
891 5391 1131 5460 συνῆγον
1164 5391 1264 5444 ὅσα
1311 5390 1373 5460 δὴ
1413 5391 1513 5460 τὴν
1576 5392 1801 5460 μνήμην
1849 5390 1932 5443 ἔτι

358 5485 645 5556 περιέρρει
671 5484 878 5553 κύκλῳ,
910 5485 1006 5536 καὶ
1042 5481 1216 5537 ὁπόσα
1243 5483 1451 5553 ταύτης
1496 5478 1563 5536 αὖ
1606 5483 1931 5554 παρερῤυή-

356 5593 445 5629 κει
461 5576 662 5650 ,οπόρρω
683 5578 779 5631 τοῦ
814 5578 1077 5655 βήματος,
1101 5578 1233 5640 ἴσως
1261 5576 1504 5648 μείζοσιν
1537 5577 1718 5638 ἄλλοις
1747 5595 1931 5647 παραο

355 5669 673 5739 χωροῦντα’
715 5672 812 5724 καὶ
854 5670 997 5724 τοῦτ’
1036 5667 1104 5741 ἦν
1128 5673 1155 5724 ὃ
1185 5689 1278 5739 μοι
1319 5670 1417 5739 τὴν
1456 5670 1552 5723 τοῦ
1605 5670 1770 5740 ἤθους
1793 5671 1933 5730 τέως

334 5761 533 5813 ’ἐποίει
560 5761 920 5830 παράλλαξιν.
957 5762 1124 5816 ’Ὅθεν
1162 5767 1255 5815 καὶ
1279 5763 1446 5832 ἄλλης
1497 5763 1556 5830 ἐξ
1588 5762 1750 5817 ἄλλου
1795 5779 1934 5831 φαν-

358 5853 554 5915 τασίας
588 5856 718 5924 ἡμῖν
753 5856 1181 5925 όπωσδηποτοῦν
1210 5856 1596 5928 ἀθροισθείσης
1645 5855 1782 5925 πρὸς
1813 5855 1933 5910 ἕδαο

2032 4661 2292 4715 frontem.

2101 4752 2192 4807 lll.
2234 4752 2347 4806 lloc
2397 4753 2528 4806 mihi
2566 4751 2854 4815 accidisse,
2890 4750 3225 4806 amicissime
3273 4749 3569 4806 Theotime
3598 4793 3613 4815 ,

2032 4846 2262 4901 moleste
2291 4846 2439 4907 fero;
2466 4845 2525 4900 lit
2545 4844 2693 4898 enim
2724 4843 2926 4914 quibus
2954 4843 3222 4897 intersum
3247 4850 3306 4895 ut
3341 4857 3484 4912 saepe
3508 4857 3617 4895 non

2032 4935 2472 4991 animadvertere
2519 4951 2700 5005 neque
2742 4936 2937 4990 audire
2974 4936 3185 5001 videar,
3234 4934 3365 4989 dum
3411 4935 3620 4992 oblivio

2034 5028 2204 5082 multa
2236 5027 2464 5098 depellit
2492 5042 2523 5082 e
2558 5029 2846 5091 memoria,
2874 5043 3035 5097 quam
3071 5027 3239 5081 animi
3272 5029 3472 5081 librum
3501 5028 3623 5095 phi-

2032 5118 2248 5187 losophi
2284 5118 2499 5173 dicunt.
2559 5118 2927 5183 Quamobrem
2980 5118 3047 5172 ad
3100 5119 3433 5188 qumstiones
3485 5133 3621 5187 quas

2033 5210 2353 5281 proferebas
2384 5219 2648 5274 attentus,
2673 5210 3069 5265 concludebam
3106 5211 3250 5279 apud
3287 5224 3374 5262 me
3408 5220 3462 5263 et
3489 5222 3622 5262 eon-

2034 5303 2273 5358 ferebam
2311 5319 2434 5373 qua:
2463 5319 2563 5373 per
2593 5305 2913 5357 memoriam
2947 5305 3190 5373 dispersa
3226 5310 3385 5355 erant
3414 5309 3469 5353 et
3500 5316 3622 5368 qua:

2033 5395 2157 5449 aliis
2185 5395 2329 5450 forte
2356 5403 2412 5448 et
2441 5395 2790 5463 gravioribus
2815 5406 3116 5449 cesserant.
3172 5394 3286 5447 Hoc
3315 5400 3436 5445 erat
3476 5392 3619 5458 quod

2034 5486 2279 5539 animum
2326 5500 2505 5538 meum
2540 5484 3036 5547 mutaveratllnde
3065 5499 3189 5536 cum
3227 5482 3331 5535 alia
3364 5480 3525 5534 nobis
3554 5495 3623 5534 ex

2036 5578 2138 5631 alia
2202 5578 2482 5646 cogitatio,
2552 5587 2611 5630 ut
2676 5579 2834 5640 solet,
2890 5579 2941 5628 in
2996 5584 3234 5639 mentem
3285 5573 3620 5642 pervenerit,

2034 5672 2164 5726 licet
2217 5671 2315 5724 tibi
2369 5672 2640 5740 reliquum
2684 5654 2952 5724 oratiOnis
3011 5677 3352 5720 momentum
3421 5665 3614 5718 videre

2038 5765 2102 5816 ad
2150 5763 2489 5816 voluntatem
2547 5772 2694 5836 tuam
2741 5762 2918 5814 levem
2972 5773 3180 5812 moram
3248 5768 3625 5812 removentcm

2040 5870 2186 5910 nunc
2220 5855 2365 5911 sicut
2396 5864 2578 5921 antea,
2614 5861 2924 5925 promptam
2956 5865 3090 5907 vero
3115 5859 3303 5920 aperte
3355 5849 3625 5918 recipien-
