4034 6472
502 362 604 426 311

1726 364 2147 425 NICEPHORI
2186 368 2569 429 GREGORE
3634 370 3725 436 ἨΞ

504 483 618 531 tem
654 473 1015 531 alacritatem.
1061 475 1306 545 Utraque
1354 475 1407 530 in
1449 476 1796 532 sermonibus
1827 485 1879 532 et
1908 477 2064 533 rebus

2181 499 2279 551 φος
2310 481 2439 553 ἄρτι
2468 481 2722 554 βαλϐῖδος
2755 483 2924 548 φάναι
2976 493 3134 550 ista,
3163 448 3461 551 προσέσται
3514 495 3594 536 σοι
3626 480 3725 533 λοι-

503 567 765 636 gcrendis
793 566 1103 621 necessaria
1147 581 1269 621 cum
1312 565 1407 631 sit,
1442 574 1734 634 utramque
1762 568 1904 637 aptis
1940 580 2075 623 tent-

502 660 734 727 poribus
770 674 1137 713 memoramus
1163 668 1216 711 et.
1248 658 1432 712 habita
1462 659 1675 714 ratione
1711 671 2027 729 reputemus
2059 677 2072 713 :

502 758 713 803 motum
747 759 808 804 ut
857 750 1061 818 quietis
1113 750 1454 818 negationem
1503 760 1559 806 et
1600 753 1882 818 exstasim,
1923 753 2075 821 quie-

505 852 613 894 tem
647 851 829 895 autem
873 851 925 894 ut
964 841 1221 895 motionis
1250 841 1484 908 speciem
1502 849 1557 895 ct
1587 844 2070 911 complementum,

446 990 453 1002 ἱ
502 932 664 1002 352
705 949 1019 1003 quanquam
1050 949 1213 988 omne
1246 935 1391 988 illius
1414 933 1649 989 ell'usum
1671 946 1724 989 ct
1740 935 2072 1005 dissolutum

500 1034 558 1078 ct
586 1041 693 1078 non
731 1025 942 1078 ﬁnitum
976 1025 1360 1081 terminantem
1404 1034 1460 1079 et
1501 1026 1700 1081 finibus
1728 1027 2077 1081 circumscri-

435 1127 441 1135 '
500 1112 741 1168 Lentem.
759 1115 1057 1184 Utrumque
1076 1124 1256 1168 autem
1285 1115 1655 1170 adhibendum
1675 1125 1757 1171 est
1773 1117 2071 1171 secundum

494 1206 789 1274 utriusque
816 1207 1082 1259 rationem
1111 1219 1166 1260 et
1198 1206 1442 1261 modum.
1465 1205 1806 1276 Cognoscere
1829 1207 1995 1277 igitur
2022 1216 2072 1260 te

500 1305 921 1365 epm-tct,quam
956 1297 1126 1350 multa
1161 1297 1427 1367 ejusmodi
1465 1298 1651 1352 relicta
1685 1298 1797 1351 sint
1827 1308 1921 1351 aut
1950 1312 2074 1350 ora-

497 1388 651 1441 tione
692 1402 797 1440 non
834 1387 1130 1456 digna,ant
1175 1403 1296 1457 qua:
1322 1388 1589 1442 comicum
1623 1390 1792 1441 risum
1832 1388 2072 1457 effugere

494 1492 607 1531 non
646 1478 880 1545 possint.
921 1478 1116 1532 Statim
1148 1479 1295 1533 enim
1326 1479 1393 1532 de
1420 1480 1722 1547 quaestione
1751 1481 1925 1548 prima
1953 1494 1983 1533 a
2018 1489 2069 1535 te

495 1566 732 1635 prolata,
762 1565 1035 1635 Gregoras
1067 1568 1255 1636 paucis
1290 1567 1614 1635 quibusdam
1651 1569 1815 1622 dictis
1835 1568 2069 1635 abstitit,

496 1657 839 1726 superﬂuum
872 1658 1149 1712 arbitrans
1192 1657 1429 1712 indm-tis
1455 1660 1682 1713 omnino
1723 1660 2073 1716 sermonibus

496 1764 529 1803 e
586 1748 832 1802 doctrina
888 1748 1216 1817 respondere
1286 1750 1495 1804 conari.
1540 1749 1611 1804 Ut
1660 1750 1829 1816 enim,
1870 1751 2066 1821 inquit,

2179 575 2281 629 πδν
2320 576 2453 647 ὁρᾷν
2481 574 2573 630 τὸν
2606 575 2701 628 τοῦ
2733 574 2892 643 λόγου
2941 573 3143 627 σκοπὸν
3191 572 3333 626 κατὰ
3372 573 3493 641 σὴν,
3524 572 3597 634 ὡς
3655 567 3723 625 oi-

2180 682 2301 734 μαι,
2366 664 2644 735 βούλησιν,
2700 664 2950 734 ῥᾴθυμον
3006 662 3107 732 μὲν
3153 661 3389 731 ὴρεμίαν
3437 663 3722 715 ἀπειπόντα

2177 756 2493 810 παντάπασι
2520 754 2613 810 νῦν
2633 756 2707 818 ὡς
2733 757 2831 809 καὶ
2853 755 3141 825 πρότερον,
3173 754 3388 823 κίνησιν
3416 755 3461 807 δ’
3482 753 3553 808 αὖ
3582 756 3723 808 τούν-

2178 847 2362 901 αντίον
2422 847 2701 918 πρόθυμον
2742 845 3060 917 περιφανῶς
3093 845 3469 914 ἀνθελόμενον.
3516 843 3720 897 Ἐκατέ-

2178 957 2276 1012 ρας
2316 940 2421 1011 γὰρ
2460 941 2757 1009 γινομένης
2816 942 2871 991 ὲν
2927 938 3089 1008 χρείᾳ
3138 939 3248 1000 τοῖς
3304 954 3363 989 τε
3418 937 3593 1003 λόγοις
3640 937 3724 988 καὶ

2177 1033 2525 1103 πράγμασιν,
2593 1030 2871 1101 ἑκατέρων
2917 1029 2993 1092 ὡς
3033 1029 3182 1092 εἰκὸς
3233 1030 3347 1090 τοῖς
3407 1027 3722 1096 προσήκουσι

2177 1126 2391 1195 χρόνοις
2428 1124 2781 1194 μεμνήμεθα,
2814 1123 2908 1175 καὶ
2940 1121 3221 1189 ἀναλόγως
3255 1118 3571 1189 ἀμφοτέρας
3609 1117 3723 1168 ἀνα-

2176 1217 2477 1286 λεγόμεθα,
2537 1218 2754 1283 κίνησιν
2822 1218 2921 1284 μὲν
2949 1215 3042 1269 ἆτε
3083 1212 3322 1283 ἠρεμίας
3368 1207 3634 1279 ἀπόφασίν
3669 1225 3723 1259 τε

2175 1305 2273 1357 καὶ
2304 1304 2562 1356 ἔκστασιν
2598 1298 2788 1365 οὖσαν,
2834 1300 3075 1371 ἠρεμίαν
3105 1298 3150 1351 δ’
3189 1297 3255 1350 αὖ
3288 1290 3724 1367 κινήσευ›ςἐῐδος

2174 1397 2274 1449 καὶ
2303 1393 2671 1463 ἐντελέχειαν,
2694 1392 2988 1463 ὁρίζουσάν
3044 1407 3103 1443 τε
3162 1390 3257 1443 καὶ
3290 1388 3724 1457 περιγράφουσαν

2173 1484 2233 1536 τὸ
2265 1485 2563 1553 κεχυμένον
2593 1482 2804 1553 ἐκείνης
2834 1483 2930 1534 καὶ
2958 1481 3154 1548 ἄφετον
3192 1481 3287 1530 καὶ
3328 1476 3591 1545 ἀόριστον.
3631 1474 3726 1526 Καὶ

2173 1575 2284 1628 δεῖν
2311 1574 2597 1642 ἑκατέροις
2626 1572 2929 1644 κεχρῆσθαι
2966 1571 3107 1625 κατὰ
3143 1570 3233 1622 τὸν
3257 1568 3539 1636 ἑκατέροις
3572 1580 3725 1633 προσ⁶

2175 1662 2380 1731 ήκοντα
2415 1659 2575 1729 λόγον
2606 1662 2701 1716 καὶ
2730 1660 2951 1730 τρόπον.
2996 1657 3293 1711 Γινώσκειν
3324 1649 3417 1708 οὖν
3457 1669 3515 1705 σε
3560 1651 3725 1726 γρεὼν

2175 1752 2249 1814 ὡς
2282 1750 2454 1805 πολλά
2484 1768 2549 1819 γε
2580 1752 2806 1804 τοιαῦτα
2838 1751 3116 1817 παρεῖται,
3157 1746 3296 1817 μήτε
3353 1744 3512 1811 λόγου
3574 1740 3727 1810 μηδε-

495 1840 640 1893 inter
664 1841 845 1893 lumen
864 1850 918 1893 et
940 1840 1216 1903 tenebras,
1237 1840 1308 1893 ita
1334 1855 1512 1909 neque
1531 1841 1673 1894 inter
1696 1843 1999 1895 doctrinam
2017 1852 2064 1896 et

2177 1842 2264 1906 νὸς
2298 1841 2420 1907 ἄξια
2444 1841 2573 1894 ὄντα
2605 1840 2668 1915 [Γ.
2696 1841 2798 1896 166
2823 1839 2879 1913 v]
2911 1841 3045 1911 μήτε
3078 1838 3289 1906 γέλωτα
3312 1835 3535 1902 φεύγειν
3564 1848 3726 1900 κωμι-

495 1931 764 1985 inscitiam
808 1930 917 1985 ulla
947 1932 1201 1986 societas.
1226 1929 1309 1987 Ob
1368 1932 1508 1987 lianc
1538 1934 1701 2001 igitur
1744 1932 1820 1986 rei
1881 1933 2070 1988 confu—

495 2020 709 2074 sionem
773 2036 860 2075 mc
925 2023 1044 2093 ejus
1092 2022 1325 2077 rationis
1355 2031 1736 2092 argumentum
1770 2037 1877 2076 non
1908 2024 2067 2092 plane

494 2112 807 2181 percepisse
839 2113 995 2167 valde
1020 2114 1199 2168 doleo.
1231 2114 1437 2168 Tamen
1462 2129 1528 2168 ex
1560 2114 1627 2168 iis
1649 2130 1769 2183 quae
1801 2114 1981 2170 adhuc
2013 2118 2067 2171 in

494 2201 762 2256 memoria
790 2212 1175 2257 remanserunt
1199 2203 1695 2273 quomodocunque
1720 2215 1911 2273 potero
1941 2204 2067 2258 bre—

491 2289 637 2344 viter
657 2294 946 2358 enarrabo,
976 2309 1083 2348 non
1116 2293 1442 2363 quoineptis
1469 2294 1645 2348 verbis
1682 2294 1912 2348 Palama-
1944 2311 2068 2346 ηςιτ-

494 2382 762 2436 rationem
811 2384 1056 2448 alleram,
1089 2400 1277 2438 verum
1313 2385 1455 2454 quod
1491 2385 1584 2439 tibi
1621 2386 1796 2439 amico
1850 2387 2065 2453 aegritu-

494 2475 681 2531 dinem
722 2476 921 2531 aﬂ'errc
958 2477 1146 2531 nolim.

2175 1935 2272 1989 κὺν
2298 1933 2594 2005 δυνάμενα.
2625 1935 2835 1987 Αὐτίκα
2862 1933 2969 2001 γὰρ
3000 1931 3128 1999 περὶ
3157 1927 3251 1982 τοῦ
3293 1925 3390 1980 νῦν
3430 1941 3511 1977 σοι
3545 1937 3724 1989 προτε-

2176 2026 2363 2089 θέντος
2394 2028 2615 2096 πρώτου
2662 2025 2976 2097 ζητήματος
3014 2024 3041 2075 ὁ
3076 2020 3369 2092 Γρηγορᾶς
3412 2013 3581 2083 μικρά
3615 2029 3726 2063 τινα

2175 2116 2347 2170 είπὼν
2390 2117 2764 2191 ἀπήλλακται,
2825 2113 3078 2185 περιττὸν
3121 2111 3470 2180 ἡγησάμενος
3505 2103 3725 2173 ἀμαθέσι

2177 2209 2502 2263 παντάπασι
2551 2208 2732 2277 λόγοις
2763 2205 3090 2276 ἀποκρίσεις
3113 2203 3233 2254 κατ’
3260 2198 3574 2266 ἐπιστήμην
3593 2194 3727 2246 ἀντι-

2172 2298 2376 2352 διδόναι
2414 2296 2595 2368 ζητεῖν
2616 2313 2629 2329 ·
2666 2296 2802 2367 μηδὲ
2834 2297 2943 2365 γάρ
2973 2289 3113 2349 εἷναί
3146 2307 3282 2362 φησι
3316 2286 3595 2342 κοινωνίαν
3626 2298 3725 2351 μη-

2175 2390 2364 2459 δεμίαν
2391 2391 2579 2461 ὥσπερ
2609 2390 2733 2444 οὕτε
2770 2389 2913 2459 φωτὶ
2964 2387 3099 2457 πρὸς
3157 2385 3370 2446 σκότος,
3412 2378 3582 2438 οὕτως
3628 2372 3722 2426 οὐδ’

2174 2484 2453 2555 ἐπιστήμῃ
2498 2485 2633 2553 πρδς
2664 2482 2926 2552 ἀμαθίαν.
2969 2480 3132 2534 Ὀθεν
3160 2478 3259 2531 καὶ
3281 2475 3372 2529 διά
3407 2471 3506 2542 τὴν
3534 2464 3724 2521 τοιάνδε

494 2572 590 2623 καὶ
623 2571 792 2632 οὕτως
826 2570 1059 2639 ἔχουσαν
1108 2569 1372 2639 σύγχυσιν
1404 2570 1511 2622 οὐδ’
1571 2570 1756 2640 ἔμοιγε
1816 2571 2064 2639 ἀκριϐῶς
2125 2574 2406 2643 εἰληφέναι
2480 2575 2577 2645 τὴν
2610 2576 2717 2628 τῶν
2748 2574 3058 2644 εἰρημένων
3097 2571 3292 2637 ἐκείνῳ
3343 2567 3477 2626 τέως
3507 2558 3725 2615 ἐπἰτού’

491 2675 608 2721 τοις
640 2659 950 2730 κατάληψιν
980 2659 1240 2730 ἐπιμελὲς
1298 2659 1565 2727 ἐγεγόνει.
1634 2661 1738 2729 Σὴν
1800 2660 1844 2712 δ”
1875 2661 2022 2729 ὅμως
2066 2662 2226 2731 χάριν
2258 2665 2368 2732 ἐρῶ
2423 2666 2534 2719 τῶν
2564 2667 2774 2718 ἐκείνου
2812 2664 3042 2734 βραχέα,
3088 2663 3180 2713 καὶ
3218 2660 3320 2711 ὅσα
3355 2659 3410 2719 ἐς
3446 2655 3560 2707 τόδε
3599 2669 3725 2719 παρ-

493 2755 679 2821 έμεινε
706 2755 770 2823 τῇ
798 2753 1009 2823 διανοίᾳ
1068 2770 1170 2823 μου
1224 2751 1647 2822 ὁπωσδηποτοῦν
1686 2754 2061 2822 ἐπιτρέχοντα,
2101 2759 2159 2807 οὐ
2230 2761 2344 2820 τοῖς
2375 2759 2708 2827 παραλόγοις
2743 2757 2923 2825 λόγοις
2983 2753 3077 2807 τοῦ
3114 2751 3356 2820 Παλαμᾶ
3393 2750 3494 2819 τὴν
3521 2745 3725 2812 ἀφήγη-

494 2863 581 2899 σιν
625 2845 1007 2914 χαριζόμενος,
1058 2843 1192 2896 ἀλλὰ
1229 2843 1325 2914 τὴν
1370 2845 1470 2909 σὴν
1524 2843 1708 2910 φιλίαν
1772 2845 1963 2896 λυπεῖν
2004 2845 2063 2897 οὗ
2107 2847 2452 2917 βουλόμενος.

563 2938 654 2995 1V.
700 2938 972 3008 Gri-goras
1018 2938 1087 2994 ad
1123 2954 1221 2994 eos
1255 2938 1350 3009 qui
1396 2924 1623 2995 aderant
1676 2956 1974 2995 conversus
2013 2949 2069 2993 et

491 3029 680 3085 oculos
741 3029 1054 3095 intendens,
1111 3048 1131 3082 ι
1171 3031 1364 3086 Nonne
1423 3031 1612 3095 stulta,
1647 3030 1846 3099 inquit,
1870 3038 1925 3084 et
1952 3044 2067 3084 om-

490 3120 627 3173 nino
665 3119 845 3173 inanis
888 3118 1003 3173 haec
1046 3134 1075 3173 a
1103 3117 1320 3174 Palama
1353 3120 1496 3175 dicta
1536 3118 2061 3188 propositiorquod

2244 2949 2317 2998 A’.
2367 2946 2423 2998 Ὀ
2452 2944 2559 3015 γάρ
2591 2961 2674 2997 τοι
2706 2943 2992 3015 Γρηγορᾶς
3052 2940 3187 3008 πρὸς
3240 2938 3371 2999 τοὺς
3425 2938 3539 2989 ἐκεῖ
3588 2950 3726 2999 τηνι-

2174 3036 2349 3090 καῦτα
2399 3034 2670 3104 παρόντας
2736 3034 3018 3103 στραφεὶς,
3061 3031 3155 3084 καὶ
3206 3028 3419 3091 τούτοις
3464 3022 3723 3095 ἐνερείσας

2170 3130 2300 3193 τοὺς
2333 3127 2670 3198 ὀφθαλμοὺς,
2719 3146 2739 3179 ι
2781 3122 2911 3196 'Ap‘
2941 3126 3040 3177 οὐκ
3072 3121 3302 3191 ἠλίθιος,
3350 3139 3368 3171 ι
3403 3118 3555 3188 φησὶ,
3591 3134 3608 3167 ι
3641 3113 3724 3165 καὶ

492 3225 657 3265 omne
685 3209 832 3280 quod
860 3211 1179 3267 continetur
1211 3220 1264 3265 et
1295 3210 1619 3266 essentiales
1650 3209 1943 3264 varietates
1973 3209 2064 3263 ba-

493 3297 597 3320 ι.-.⁶
635 3316 777 3320 ,για-,η
805 3303 889 3320 _,!.
938 3317 981 3320 μ-
1016 3302 1255 3320 ηνηγσ.
1282 3302 1305 3320 n
1328 3301 1431 3320 n1,,_
1504 3301 1636 3320 --εμ-
1692 3300 1793 3320 Ιμ.Δ
1832 3300 1895 3320 2.-
1939 3300 2061 3320 ,ιε-ξ.

2172 3220 2493 3274 παντάπασι
2523 3216 2855 3288 νηπιώδηςή
2881 3214 3024 3268 οὕτω
3052 3210 3101 3280 γ’
3121 3211 3285 3320 εὑυῗς
3306 3209 3572 3320 εἰρημέῖη
3602 3203 3723 3274 πρό-

493 3297 988 3372 bet',eompositum
1014 3302 1260 3372 353sit
1282 3302 1305 3356 ?
1326 3301 1440 3358 Non
1497 3301 1641 3358 enim
1691 3300 1798 3356 hoc
1831 3300 1902 3354 ita
1930 3300 2069 3354 dixit

489 3393 735 3448 Joannes
781 3399 1177 3459 Damascenus,
1228 3394 1324 3450 sed
1350 3434 1366 3460 ,
1415 3392 1569 3461 Quod
1605 3395 1792 3449 multis
1819 3405 1874 3449 et
1902 3392 2068 3447 variis

492 3486 837 3552 continetur,
877 3490 1243 3558 compositum
1273 3500 1378 3543 est.
1407 3489 1658 3544 Palamas
1683 3498 1861 3563 autem
1886 3489 1957 3542 ob
1988 3487 2069 3541 in-

493 3580 710 3634 scitiam
745 3590 801 3635 et
838 3581 1129 3649 perﬁdzam
1189 3580 1347 3636 ducta
1396 3591 1451 3636 et
1506 3581 1591 3649 pia
1661 3580 1831 3635 sancti
1891 3577 2067 3633 nostri

497 3672 748 3724 oratione
782 3671 975 3725 leviter
998 3671 1400 3741 quodammodo
1442 3684 1646 3729 mutata
1683 3684 1853 3728 totam
1903 3665 2067 3725 simttl

496 3762 830 3840 sententiam
863 3768 1086 3818 evertit.
1133 3764 1320 3834 Neque
1360 3766 1508 3820 enim
1543 3764 1690 3819 aliud
1724 3763 1945 3818 videtur
1982 3761 2065 3816 rli-

491 3867 641 3910 ctum
675 3859 836 3910 abeo
866 3871 1007 3917 esse,
1044 3872 1204 3925 quam
1243 3857 1287 3911 si
1330 3857 1452 3925 quis
1489 3857 1693 3911 dixerit
1733 3871 1952 3910 omnem
1985 3856 2066 3909 ni-

489 3962 617 4001 vem
664 3947 870 4010 albam,
914 3947 1002 4000 cui
1050 3957 1134 4001 cst
1185 3948 1493 4001 essentialis
1535 3946 1763 4010 albedo;
1800 3947 1906 4001 hoc
1948 3961 2067 4001 esse

489 4038 666 4092 multo
701 4038 852 4109 pejus
886 4055 1048 4109 quam
1079 4039 1146 4092 ab
1173 4038 1331 4093 initio
1364 4039 1647 4109 postulari.
1686 4038 1817 4093 Dein
1870 4041 2062 4091 miram

489 4130 641 4184 illam
668 4130 1078 4187 conclusionem
1115 4129 1328 4183 addidit
1357 4145 1369 4180 :
1400 4130 1543 4184 Deus
1579 4142 1757 4197 neque
1782 4141 1851 4182 ex
1885 4127 1951 4180 iis
1980 4134 2066 4180 est

489 4234 616 4290 quae
640 4221 1014 4282 continentur,
1039 4234 1215 4289 neque
1242 4235 1306 4274 ex
1335 4219 1401 4273 iis
1426 4233 1547 4287 qua)
1567 4217 1885 4271 essentiales
1909 4215 2064 4270 dilic-

489 4313 694 4367 rentias
723 4310 945 4367 habent.
977 4311 1094 4369 lam
1113 4311 1256 4364 dicat.
1282 4309 1414 4362 mihi
1444 4308 1715 4378 quispiam
1746 4322 1842 4376 per
1870 4306 2060 4373 Deum,

490 4404 798 4476 cujusmodi
830 4404 902 4459 sit
925 4403 1049 4458 talis
1071 4402 1337 4457 mirabilis
1359 4401 1638 4455 conclusio
1661 4409 1715 4453 et
1735 4415 1766 4454 e
1793 4416 1898 4468 qua
1925 4415 2061 4454 nova

2171 3329 2330 3375 τασις
2357 3312 2498 3381 πρὸς
2533 3309 2629 3363 τοῦ
2657 3307 2898 3376 Παλαμᾶ
2930 3300 3169 3364 τοντουῒ,
3202 3300 3278 3364 ὡς
3338 3301 3447 3354 πᾶν
3489 3299 3547 3350 τὸ
3598 3309 3721 3362 συγ-

2172 3402 2428 3473 κείμενον
2473 3400 2567 3453 καὶ
2633 3395 2915 3458 οὐσιῶδεις
2982 3390 3246 3462 διαφορὰς
3296 3389 3425 3459 ἔχον
3484 3382 3722 3438 σύνθετόν

2172 3496 2321 3547 ἐστιν
2349 3511 2363 3560 ;
2404 3492 2480 3546 Οὐ
2509 3489 2668 3545 τοῦτο
2700 3487 2828 3557 γὰρ,
2870 3486 2981 3539 οὐδ’
3002 3482 3175 3544 οὕτως
3204 3482 3231 3534 ὁ
3252 3479 3400 3541 θεῖος
3443 3479 3507 3531 ὲκ
3551 3477 3723 3541 Δαμα-

2174 3587 2304 3640 σκοῦ
2338 3601 2505 3656 φησιν
2549 3582 2827 3651 Ἰωάννης,
2871 3577 3010 3630 ἀλλὰ
3038 3575 3096 3628 τὸ
3125 3576 3187 3627 ὲκ
3214 3573 3434 3625 πολλῶν
3466 3571 3579 3624 καὶ-
3612 3565 3721 3620 δια·

2173 3681 2351 3749 φόρων
2381 3655 2743 3746 συγκείμενον
2776 3670 3028 3725 σύνθετόν
3057 3671 3225 3720 ἐστιν.
3270 3664 3334 3719 Ὀ
3386 3665 3443 3717 δὲ
3478 3655 3720 3725 Παλαμᾶς

2170 3774 2228 3839 ἐξ
2269 3772 2511 3843 ἀμαθίας
2538 3769 2655 3839 ἅμα
2680 3769 2773 3821 καὶ
2798 3761 3142 3832 κακουργίας
3197 3759 3395 3829 μικρὸν
3425 3749 3721 3815 ὑπαλλάξας

2167 3867 2269 3936 τὴν
2292 3860 2730 3932 ὲπιστημονικὴν
2757 3860 2852 3911 καὶ
2878 3852 3157 3925 θεοπρεπῆ
3203 3853 3367 3923 ῥῆσιν
3422 3846 3515 3902 τοῦ
3552 3843 3720 3936 (ipf-lett.

2166 3929 2298 4023 ὅλην
2349 3929 2511 4019 ὁμοί
2543 3950 2638 4001 καὶ
2676 3946 2775 4016 τὴν
2808 3944 3020 3997 ἔννοιαν
3085 3938 3536 4007 συνδιέφθαρκεν.
3569 3929 3722 4023 Οὐδὲν

2166 4021 2276 4114 γὰρ
2308 4042 2500 4110 ἓτερον
2532 4038 2708 4091 ἔοικεν
2740 4031 2968 4088 εἶναιτὸ
3001 4031 3193 4101 λεχθὲν
3227 4028 3320 4081 ὐπ’
3353 4025 3517 4080 αὑτοῦ
3549 4024 3580 4093 ἢ
3621 4021 3720 4073 ὥσ-

2167 4154 2275 4205 περ
2304 4134 2372 4188 ἄν
2408 4132 2462 4186 εί
2491 4148 2575 4194 τις
2599 4130 2750 4197 λέγοι
2770 4127 2952 4181 πᾶσαν
2982 4126 3141 4195 χιόνα
3168 4118 3721 4205 λευκότηταέχουσαν

2164 4192 2430 4298 οὐσιώδη,
2459 4192 2614 4297 χιόνα
2642 4192 2783 4275 εἶναι
2806 4192 3215 4288 λευκὴν.Τοῦτο
3237 4215 3280 4268 δ’
3301 4211 3441 4266 εἶναι
3459 4192 3505 4276 (ί
3532 4198 3714 4298 167-13]

2165 4323 2260 4376 καὶ
2286 4293 2642 4387 τοῦ-ὲν-άρχῇ
2669 4311 2942 4368 αἰτεῖσθαι
2969 4307 3148 4378 πολλῷ
3177 4308 3350 4377 δήπου
3377 4308 3574 4375 χεῖρον.
3593 4293 3716 4387 Εἶτα

2164 4394 2419 4484 ἐπήγαγε
2450 4410 2509 4464 τὸ
2536 4385 2854 4477 θαυμαστὸν
2906 4404 3083 4457 ἐκεῖνο
3135 4398 3535 4469 συμπέρασμα,
3593 4385 3719 4484 ὼςό

489 4504 549 4550 et
588 4495 793 4549 recenti
826 4494 1009 4548 radice
1041 4504 1157 4546 orta
1183 4532 1196 4546 .
1230 4491 1362 4545 Dein
1396 4493 1628 4546 alienam
1659 4500 1713 4545 et
1744 4490 1883 4544 male
1907 4506 2059 4545 com-

2169 4506 2299 4566 Θεὸς
2329 4500 2455 4556 οὔτε
2489 4499 2600 4553 τῶν
2639 4495 3020 4566 συγκειμένων
3042 4491 3191 4544 ἐστὶν
3235 4487 3358 4541 οὔτε
3388 4487 3490 4539 τῶν
3534 4478 3719 4536 οὖσιώ-

493 4596 735 4656 paratam
774 4585 1004 4639 alteram
1053 4583 1459 4638 conclusionem
1512 4582 1873 4651 comparavit.
1920 4583 2060 4635 (lum

493 4678 641 4733 enim
671 4692 798 4739 una,
832 4676 1030 4744 inquit,
1063 4684 1118 4729 et
1147 4674 1419 4744 impartita
1448 4675 1672 4729 omnino
1704 4674 1798 4728 Dei
1824 4673 2063 4729 essentia

492 4779 599 4832 est,
631 4767 970 4821 differentias
1020 4765 1343 4820 essentialcs
1389 4781 1495 4818 non
1536 4765 1718 4819 habet.
1744 4763 2064 4820 Essentialis

489 4858 636 4911 etiim
667 4857 976 4911 dili‘erentia
1002 4865 1120 4919 est,
1148 4872 1252 4925 qua
1286 4856 1464 4911 ditlcrt
1492 4857 1720 4911 essentia
1769 4857 1838 4910 ab
1877 4871 2060 4910 essen-

491 4951 587 5004 tia.
610 4949 675 5003 Et
699 4948 1066 5012 concluditur,
1105 4951 1287 5018 plures
1320 4949 1524 5003 formas
1552 4960 1607 5002 et
1647 4948 1911 5003 essentias
1945 4946 2062 5000 elli-

492 5057 619 5096 cere
644 5041 955 5096 varietates.
977 5040 1362 5095 Verumtamen
1385 5043 1435 5094 ei
1456 5039 1795 5110 propositum
1825 5040 1943 5099 fuit,
1970 5055 2056 5103 eo,

489 5133 637 5204 quod
671 5132 777 5187 sibi
808 5132 1083 5202 objectum
1113 5145 1253 5193 erat,
1283 5147 1342 5187 se
1377 5132 1615 5186 liberare
1647 5142 1703 5186 et
1738 5132 1959 5184 minime
2000 5132 2053 5184 in

486 5206 550 5280 ea
585 5240 705 5295 qua:
733 5240 762 5278 a
791 5234 979 5280 sancto
1005 5236 1197 5293 negata
1229 5235 1402 5287 erant,
1429 5223 1711 5286 incidisse.
1740 5222 2053 5278 ostendere.

484 5318 658 5387 Negat
694 5318 842 5372 enim
873 5318 1240 5371 Damascenus
1267 5314 1558 5372 dicendum
1605 5329 1745 5376 esse,
1781 5313 2054 5380 composi-

486 5420 602 5463 tum
639 5409 807 5461 Deum
844 5422 964 5463 esse
1004 5418 1058 5462 et
1089 5406 1277 5462 multis
1309 5421 1373 5461 ac
1403 5406 1567 5458 variis
1603 5403 1900 5465 contineri,
1933 5417 2055 5471 quae

484 5506 644 5550 erant
677 5500 1004 5563 increatum,
1038 5511 1325 5562 aeternum,
1349 5495 1720 5564 omnipotens,
1754 5493 2051 5559 infinitum,

484 5602 607 5655 quae
659 5587 821 5659 354
864 5590 1143 5647 Palamita:
1196 5590 1362 5641 multa
1407 5596 1463 5641 et
1494 5586 1645 5638 varia
1697 5586 1936 5639 incrcata
1985 5586 2051 5639 ad

484 5691 652 5731 unam
685 5680 981 5733 incrcatam
1015 5688 1066 5733 ct
1097 5680 1401 5748 simplicem
1431 5677 1725 5732 essentiam
1776 5677 2046 5733 referunt.

486 5765 610 5836 Ipse
646 5769 819 5825 nescit
849 5771 900 5824 in
941 5772 1048 5825 duo
1081 5773 1263 5841 inepta
1294 5788 1352 5828 se
1387 5771 1651 5827 incidere.
1682 5769 1866 5851 Neque
1899 5774 2046 5828 enim

2163 4596 2273 4658 δεις
2301 4593 2570 4663 διαφοράς
2601 4591 2860 4660 ἐχόντων.
2903 4583 3173 4639 Ἐνταῦθα
3224 4581 3437 4648 λεγέτω
3497 4575 3584 4645 μοί
3640 4586 3716 4631 τις

2164 4690 2303 4758 πρὸς
2335 4684 2496 4749 θεοῦ,
2520 4684 2676 4738 ποίου
2706 4682 2987 4752 σχήματος
3033 4679 3062 4731 ὁ
3088 4673 3334 4736 τοιοῦτος
3398 4670 3464 4724 ἂν
3501 4668 3584 4734 εἴη
3634 4676 3716 4758 se:

2165 4774 2413 4846 ρατὼὂης
2447 4770 2834 4840 συλλογισμὸς,
2874 4769 2986 4821 κάκ
3037 4765 3198 4826 ποίας
3240 4749 3715 4846 κςπιινοφανοῦςὲαὶ

2162 4837 2416 4931 νεήλυδος
2444 4860 2601 4932 ῥίζης
2630 4837 2817 4928 ἐξέφυ.
2875 4851 3011 4908 Εἶτα
3066 4854 3315 4924 ἐπήγαγε
3363 4850 3521 4917 ξένην
3570 4837 3714 4932 αὖθις

2163 4928 2257 5003 καί
2299 4928 2681 5002 ἀκατάσκευον
2716 4942 3069 5011 κατασκευὴν
3099 4941 3294 5009 ἑτέρου
3328 4936 3488 5001 δῆθεν
3533 4928 3716 4985 συλλοο-

2162 5039 2385 5109 γισμοῦ.
2442 5039 2597 5091 Ἐπεὶ
2629 5039 2761 5107 γὰρ,
2795 5035 2952 5105 φησὶ,
2986 5034 3086 5103 μία
3136 5034 3231 5085 καὶ
3258 5028 3473 5099 ἀμερὴς
3518 5018 3714 5074 παντά-

2160 5148 2329 5184 πασιν
2360 5132 2394 5199 ἡ
2427 5132 2522 5183 τοῦ
2557 5128 2690 5182 Θεοῦ
2720 5129 2899 5191 οὐσία,
2960 5127 3049 5179 διὰ
3095 5122 3256 5177 τοῦτο
3300 5116 3561 5189 διαφορὰς
3618 5109 3711 5163 οὒκ

2159 5225 2271 5295 ἔχει
2298 5223 2601 5285 οὗτιὼδεις.
2634 5221 2923 5289 Οὑσιώδης
2955 5219 3064 5287 γάρ
3095 5218 3235 5280 ὲστι,
3276 5214 3434 5283 φησὶ,
3490 5202 3711 5272 διαφορᾶ

2159 5316 2285 5371 καθ’
2316 5317 2382 5388 ἣν
2403 5315 2652 5385 διαφέρει
2711 5312 2869 5367 οὐσία
2908 5311 3119 5372 οὐσίας.
3173 5310 3284 5363 Καὶ
3333 5308 3393 5359 τὸ
3436 5299 3709 5373 συμπέρωι⁴

2161 5426 2278 5480 σμα
2300 5410 2384 5462 ὅτι
2415 5409 2557 5463 κατὰ
2583 5407 2848 5461 πλειόνων
2880 5406 2988 5477 ἄρα
3020 5403 3179 5457 εἰδῶν
3209 5402 3305 5455 καὶ
3337 5395 3536 5453 οὐσιῶν
3580 5391 3710 5485 εἰσιν

2159 5503 2215 5556 αἱ
2238 5499 2517 5569 διαφοραί.
2545 5498 2656 5552 Καὶ
2692 5497 2801 5569 μὴν
2824 5498 2885 5551 τὸ
2936 5495 3301 5567 προκείμενον
3349 5485 3417 5559 ἦν
3450 5481 3593 5551 αὐτῷ
3619 5481 3707 5530 τοῦ

2158 5594 2594 5663 ἑπενηνεγμέυου
2664 5593 2856 5645 ἑαυτὸν
2907 5588 3293 5649 ἀπολύσασθαι
3351 5579 3703 5650 ἐγκλήματος,

2158 5685 2253 5738 καὶ
2283 5684 2455 5749 δεῖξαι
2485 5685 2710 5754 μηδαμῆ
2740 5686 2854 5746 τοῖς
2880 5683 2957 5754 τῷ
2979 5682 3121 5752 ἁγίῳ
3152 5678 3548 5762 περιπίπτοντα
3572 5666 3681 5762 dmi

2156 5777 2537 5847 γορευμένοις.
2583 5778 2945 5848 Ἀπαγορευει
2977 5775 3085 5846 γάρ
3143 5776 3169 5827 ὁ
3226 5761 3578 5842 Δαμασκηνὸς
3630 5761 3698 5825 τη
