4034 6462
371 331 477 394 313

1328 333 1777 402 ΒΥΖᾹΝἹἹΝᾸΞ
1819 332 2207 396 HISTORLE
2251 340 2408 400 LIB.
2447 340 2671 400 XXXI.

3514 342 3618 408 314

365 447 552 516 λέγειν
574 446 717 505 εἴναι
743 450 1000 504 σύνθετον
1024 451 1085 505 τὸ
1112 450 1293 515 Θεῖον,
1329 452 1452 522 μηδ’
1484 454 1546 505 ὲκ
1598 450 1810 505 πολλῶν
1838 449 1934 503 καὶ

2051 454 2106 508 ιιι
2142 455 2367 509 verbum
2402 454 2736 525 respondere
2758 455 2996 522 videtur,
3027 456 3120 512 sed
3144 457 3306 511 aliam
3336 457 3623 527 ingressus

370 537 644 608 διαφόρων
704 540 1087 608 συγκείμενον,
1145 539 1182 593 ἃ.
1236 537 1378 611 ἦσαν
1433 543 1496 594 τὸ
1554 542 1830 604 ἀκτιστον,
1875 538 1935 593 τὸ

2051 546 2180 600 riam
2219 547 2382 600 aliam
2413 547 2688 615 sequitur,
2715 562 2818 601 nec
2840 547 2885 602 si
2916 561 3105 602 contra
3128 549 3309 603 dicere
3341 549 3495 613 velit,
3520 567 3623 619 op-

370 630 631 699 ἆναρχον,
669 631 732 684 τὸ
785 631 1203 702 δημιουργικὸν,
1266 633 1327 685 τδ
1357 633 1800 704 ἀπερίγραπτον,
1839 632 1935 686 καὶ

370 722 470 774 ὅσα
492 721 763 790 δήπουθεν
802 725 852 775 οί
879 723 1024 792 ἀμφὶ
1054 724 1146 776 τὸν
1197 724 1460 794 Παλαμᾶν
1506 724 1682 777 πολλὰ
1714 741 1775 777 τε
1837 724 1936 776 καὶ

372 810 608 881 διάφορα
640 812 708 864 τὰ
736 812 968 865 ἄκτιστα
1002 813 1093 865 ἐπὶ
1116 816 1182 884 τῇ
1221 815 1358 885 μόνῃ
1391 815 1630 884 ἀκτίστῳ
1667 814 1759 867 καὶ
1787 814 1935 884 ἁπλῇ

377 904 804 973 συναριθμοῦσιν
858 905 1034 977 οὐσίᾳ..
1074 907 1139 959 Ὀ
1187 906 1245 958 δὲ
1279 907 1500 975 λέληθεν
1555 908 1747 960 ἑαυτὸν
1794 908 1938 960 δυοῖν

375 999 726 1063 περιπίπτων
756 999 998 1062 ἀτόποις.
1054 998 1193 1052 Οὔτε
1240 998 1349 1068 γὰρ
1405 999 1559 1051 οὐδέν
1610 1000 1747 1068 πρὸς
1808 998 1939 1060 ἐπος

377 1091 518 1143 ἔοικε
545 1089 754 1159 λέγειν,
788 1092 905 1143 ἀλλ’
944 1091 1115 1162 ἄλλην
1167 1094 1384 1162 τρέχων
1437 1092 1605 1160 ἀλλην
1640 1093 1703 1165 μ’.
1753 1093 1856 1146 167
1887 1092 1938 1164 v]

376 1182 654 1247 ἐὸἀδισεν,
683 1182 807 1236 οὕτε
862 1186 912 1237 εἰ
950 1184 1262 1251 ἀντιλέγειν
1319 1184 1595 1245 ἐϐούλετο,
1635 1184 1734 1247 τὰς
1772 1184 1940 1253 ὁμόσε

378 1274 759 1344 προσηκούσας
834 1275 1135 1340 ἀντιθέσεις
1189 1277 1520 1346 ἐπήνεγκεν,
1593 1275 1708 1329 ἀλλ’
1754 1278 1942 1344 ὅμοιον

378 1372 519 1422 ποιεῖ
559 1369 748 1441 ῶσπερ
793 1371 861 1423 ἂν
894 1372 943 1423 εί
970 1370 1068 1441 τὴν
1094 1371 1250 1442 ’πρὸς
1298 1370 1372 1423 ’ἐω
1417 1369 1527 1423 τῶν
1556 1386 1619 1422 τε
1664 1369 1942 1424 Ἀἰθιόπων

379 1463 471 1514 καὶ
494 1462 677 1514 Ἰνδῶν
735 1464 912 1515 εἰπεῖν
956 1462 1360 1532 ἀπαιτούμενος
1414 1462 1648 1531 οἴκησιν,
1718 1463 1747 1513 ό
1783 1461 1825 1514 δ’
1879 1464 1944 1514 ὲκ

376 1550 670 1618 διαμέτρου
700 1549 831 1612 τοὺς
868 1549 1164 1618 ἑσπερίους
1210 1551 1476 1620 ἐπειρᾶτο
1505 1551 1779 1604 δεικνύειν
1806 1550 1945 1602 Κελ-

376 1641 652 1704 τοὺς,καὶ
682 1634 946 1693 δ’ὃποιιτά
1005 1640 1286 1711 Βρετανῶν
1346 1642 1735 1710 προσοικοῦσιν
1790 1641 1945 1712 ἔθνη.

380 1732 491 1786 Ποῦ
523 1734 628 1802 γὰρ
667 1732 699 1802 ἦ
730 1733 1023 1794 ἀκόλουθος
1059 1734 1091 1803 ἢ
1125 1736 1401 1798 ἁντὶθετος
1443 1737 1476 1806 ἡ
1526 1735 1682 1798 λύσις
1719 1734 1853 1804 πρὸς
1883 1736 1943 1786 τι

377 1823 664 1894 προτεθὲν,
692 1825 775 1878 ὅτι
800 1825 859 1877 τὸ
893 1827 958 1877 ἐκ
980 1825 1192 1878 πολλῶν
1245 1828 1341 1881 καὶ
1404 1828 1680 1900 διαφόρων
1725 1829 1946 1897 συγκεί-
1975 1809 2017 1865 Β

382 1931 544 1983 μενον
600 1913 853 1967 σύιθετόν
902 1916 1074 1980 ἐστιν,
1108 1917 1174 1987 ἢν
1218 1918 1379 1981 αὐτὸς
1429 1921 1646 1987 ἐπάγει,
1688 1917 1833 1986 λέγω
1880 1918 1946 1990 δὴ

377 2008 477 2074 τὴν
504 2006 894 2061 ἀναπίδεικτον
930 2008 1206 2075 ἀπόδειξιν
1266 2011 1363 2063 καὶ
1408 2011 1508 2081 τὴν
1566 2010 1947 2065 ἀκατάσκευον

380 2098 728 2168 κατασκευὴν
781 2101 876 2152 καὶ
913 2101 1003 2153 τὸν
1069 2101 1465 2172 ἀσυλλόγιστον
1559 2102 1946 2173 συλλογισμὸν,

384 2187 586 2256 μᾶλλον
616 2190 889 2258 δ’ἄμεσόν
938 2209 996 2243 τε
1057 2192 1153 2245 καὶ
1201 2194 1603 2266 διεσπασμένον
1665 2195 1953 2267 συμπέρα-

385 2296 525 2347 σμα;
575 2282 726 2345 Ἐπε)
755 2282 886 2353 γὰρ,
913 2285 1067 2354 φησι,
1107 2286 1205 2354 μία
1236 2286 1332 2338 καὶ
1368 2285 1587 2357 ἀμερὴς
1614 2286 1764 2352 ἡτοῦ
1813 2286 1949 2339 θεοῦ

381 2372 563 2435 ούσία,
587 2375 725 2427 κατὰ
755 2376 1021 2430 πλειόνων
1051 2378 1161 2448 ἄρα
1197 2379 1356 2431 εἰδῶν
1383 2381 1476 2433 καὶ
1501 2381 1703 2435 οὐσιῶν
1731 2382 1873 2433 εἰσιν
1892 2382 1949 2434 αἱ

381 2466 655 2537 διαφοραί.
681 2464 811 2539 'Ap‘
833 2471 894 2524 οὐ
917 2473 1261 2542 Δημοκρίτου
1291 2474 1373 2526 δεῖ
1396 2474 1465 2526 τά
1518 2472 1764 2538 τοιαῦτα,
1803 2475 1948 2526 πάνυ

382 2558 648 2625 γελῶντος
671 2560 770 2631 τὴν
793 2560 889 2614 τοῦ
920 2562 1114 2633 ἀνδρὸς
1169 2565 1432 2632 ἀμαθίαν,
1469 2567 1500 2636 ἢ
1540 2566 1744 2634 μᾶλλον
1778 2566 1952 2636 Ἥρα-

394 2649 605 2702 κλείτου
645 2651 968 2720 θρηνοῦντος
990 2654 1088 2725 τὴν
1108 2656 1275 2708 αὑτοῦ
1318 2673 1381 2723 γε
1411 2658 1707 2724 ἀπόνοιαν;
1741 2657 1952 2709 Τοσαύ-

390 2758 490 2810 της
523 2742 629 2809 γὰρ
655 2744 690 2797 ἃ
718 2743 867 2813 λέγει
899 2747 997 2813 τῆς
1052 2747 1274 2813 ἀλογίας
1339 2749 1520 2817 γέμει,
1574 2749 1648 2811 ὡς
1704 2751 1839 2819 μήτε
1874 2750 1953 2820 τῷ

385 2833 595 2900 λέγοντι
622 2835 858 2900 ξυνιέντι
886 2837 1023 2890 εἶναι
1054 2832 1128 2892 ὧν
1155 2840 1327 2908 λέγει,
1368 2842 1509 2910 μήτε
1546 2844 1658 2904 τοῖς
1687 2842 1950 2896 ἀκούουσι

386 2926 646 2988 ξυνιείσιν
673 2925 747 2980 ῶν
771 2930 1091 2985 ἀκούουσιν.
1124 2931 1243 2985 Ἵνα
1270 2935 1381 3003 γὰρ
1416 2933 1584 2988 τᾶλλα
1613 2937 1740 3005 σιγῇ
1776 2953 1954 3004 παρα-

382 3019 699 3089 δράμωμεν,
733 3020 855 3074 τίνα
906 3026 1196 3078 κοινωνίαν
1253 3025 1492 3078 ἐνταῦθα
1538 3025 1655 3095 ἔχει
1701 3029 1772 3079 τὰ
1826 3027 1954 3082 νόθα

2037 639 2343 708 positiones
2372 639 2440 693 ad
2478 655 2593 693 rem
2641 640 2889 695 eamdem
2926 641 3265 709 pertinentes
3307 640 3488 702 aﬂert,
3525 642 3619 694 scd

2039 732 2218 787 simile
2241 731 2374 787 facit
2404 749 2467 788 ac
2486 734 2530 787 si
2557 733 2620 787 ad
2648 733 2916 789 orientem
2941 732 3264 803 [Ethiopum
3288 744 3342 788 et
3365 734 3620 786 Indorum

2039 839 2292 894 quarens
2318 825 2732 892 habitationem,
2758 826 2873 894 ipse
2893 841 2924 880 e
2949 826 3223 880 contrario
3249 826 3622 880 occidentales

2042 916 2201 972 vellet
2245 918 2537 970 ostendere
2571 915 2751 971 Celtas
2772 925 2823 969 et
2854 930 2976 984 quae
3003 914 3339 970 Britanniam
3368 915 3621 967 incolunt

2040 1017 2251 1077 gentes.
2286 1006 2576 1073 Quomodo
2602 1009 2749 1061 enim
2789 1015 2880 1061 aut
2913 1021 3257 1075 consequens
3285 1011 3373 1060 est
3402 1017 3497 1058 aut
3525 1021 3624 1072 op-

2040 1082 2223 1171 posita’
2251 1101 2456 1156 solutio
2494 1100 2561 1155 ad
2597 1100 2959 1169 propositum,
2982 1102 3125 1168 quod
3157 1100 3346 1153 multis
3371 1107 3427 1153 et
3456 1098 3624 1151 variis

2040 1193 2411 1255 contineatur,
2446 1193 2499 1246 id
2533 1206 2654 1247 esse
2689 1191 3073 1260 compositum,
3098 1190 3242 1260 quod
3278 1189 3395 1258 ipse
3437 1189 3622 1249 εισι-τι,

2042 1284 2166 1338 dico
2190 1284 2721 1354 argumentationem
2748 1282 2896 1353 illam
2926 1281 3046 1336 sine
3074 1262 3421 1350 argumento,
3448 1289 3621 1333 artem

2040 1376 2161 1430 sine
2186 1387 2325 1441 arte,
2351 1375 2729 1430 irrationalem
2761 1373 3263 1433 ratiocinationem,
3296 1371 3415 1426 sine
3439 1370 3624 1424 medio

2043 1476 2100 1522 et
2127 1468 2519 1538 conjunctiooe
2549 1465 2996 1521 conclusionem?
3022 1463 3159 1519 Cum
3189 1464 3335 1515 enim
3369 1477 3476 1515 una
3499 1501 3512 1522 ,
3544 1464 3628 1513 in-

2043 1558 2202 1629 quit,
2236 1569 2292 1614 et
2337 1557 2575 1613 indivisa
2641 1567 2725 1612 est
2766 1558 2864 1613 Dei
2922 1558 3183 1619 essentia,
3227 1556 3414 1625 plures
3460 1554 3627 1623 igitur

2044 1651 2235 1706 forma»
2265 1660 2322 1706 et
2353 1653 2607 1709 essentia:
2650 1651 2894 1706 cilicium
2923 1651 3236 1704 varietates.
3276 1647 3471 1702 Nonne
3499 1645 3626 1699 talia

2047 1744 2207 1813 digna
2228 1742 2534 1804 Democrito
2556 1743 2650 1812 qui
2676 1743 2967 1797 cavillator
2984 1739 3629 1809 bominisignorantiam,

2049 1843 2146 1889 aut
2188 1836 2372 1905 potius
2404 1835 2700 1900 lleraclito,
2737 1834 2829 1904 qui
2857 1835 2976 1905 ejus
3010 1832 3311 1887 amentiam
3342 1828 3631 1900 deplorat?

2047 1926 2199 1982 Adeo
2230 1927 2376 1981 enim
2418 1942 2478 1981 ea
2512 1942 2633 1994 quae
2662 1925 2906 1994 loquitur
2951 1924 3198 1980 stultitiae
3244 1923 3401 1990 plena
3455 1929 3585 1975 sunt
3611 1958 3628 1982 ,

2056 2032 2117 2075 ut
2155 2034 2255 2074 nec
2283 2019 2375 2088 qui
2426 2018 2671 2087 loquitur
2722 2017 2991 2088 intelligat
3039 2032 3160 2085 qua:
3206 2016 3476 2083 loquitur,
3531 2027 3630 2065 nec

2048 2113 2141 2183 qui
2169 2113 2397 2166 audiunt
2430 2112 2739 2181 intelligant
2767 2126 2892 2180 qua:
2918 2111 3162 2164 audiant.
3190 2109 3324 2162 Nam
3352 2115 3411 2160 ut
3430 2115 3626 2161 caetera

2049 2205 2272 2259 silentio
2304 2212 2694 2271 praetereamus
2715 2245 2729 2267 ,
2763 2202 2980 2272 qualem
3031 2198 3474 2270 conjunctionem
3524 2196 3627 2248 lia-

2050 2296 2184 2352 bent
2232 2294 2366 2350 falsa
2399 2304 2454 2349 et
2484 2293 2854 2363 discrepantia
2886 2293 3008 2364 ejus
3045 2289 3484 2360 propositionum
3539 2289 3629 2341 in-

2051 2392 2212 2446 docte
2240 2389 2496 2444 conclusa
2519 2389 2582 2442 ad
2615 2386 2777 2457 355
2793 2383 3202 2456 proposita.viri
3226 2382 3395 2437 sancti
3421 2380 3587 2434 verba
3609 2379 3635 2431 ?

2050 2482 2177 2537 Illas
2213 2481 2357 2534 enim
2392 2479 2729 2550 ηυιεείιυιιιε
2760 2478 2874 2532 bzec
2915 2477 3081 2544 impie
3113 2476 3168 2530 in
3213 2477 3448 2543 propria:
3481 2473 3635 2541 igno-

2055 2574 2244 2627 rantiae
2278 2573 2588 2641 voraginem
2634 2571 2856 2625 seduxit
2890 2570 3324 2636 transvexitque.
3354 2566 3398 2620 Ο
3435 2579 3630 2617 novam

2054 2666 2363 2719 doctrinam
2398 2672 2453 2717 et
2500 2663 2703 2733 ingenii
2736 2661 3131 2716 acrimoniam!
3166 2657 3330 2726 Atqui
3359 2656 3405 2711 si
3438 2665 3631 2709 contra

2053 2759 2225 2813 voluit
2246 2759 2458 2821 dicere,
2473 2755 2612 2810 forte
2633 2754 2922 2824 litigiosius
2948 2752 3193 2821 quidem,
3215 2760 3270 2804 at
3296 2748 3509 2802 doctius
3528 2747 3632 2799 etsi

2054 2868 2164 2906 non
2188 2860 2358 2913 recte,
2379 2847 2609 2902 dixisset
2631 2863 2754 2916 quae
2775 2860 2917 2913 saepe
2950 2843 3201 2897 nonnulli
3233 2840 3494 2909 improbae
3521 2853 3634 2891 sua:

2054 2941 2235 3014 gentis
2261 2941 2315 2994 in
2346 2939 2748 3009 oppositionem
2780 2935 3134 3004 protulerunt
3159 2934 3273 3001 ipsa
3302 2930 3475 2985 sancti
3512 2945 3634 2981 ver-

2057 3034 2143 3095 ba,
2173 3036 2338 3101 (quae,
2377 3032 2421 3085 si
2454 3029 2581 3100 quis
2626 3029 3004 3098 imprudenter
3037 3026 3190 3094 sequi
3225 3024 3392 3086 volet,
3422 3022 3631 3076 utinam

385 3110 544 3162 ταυτὶ
575 3113 671 3163 καὶ
715 3111 949 3183 διάφορα
999 3116 1109 3168 τῶν
1170 3116 1338 3170 αὐτοῦ
1390 3119 1713 3188 προτάσεων
1760 3119 1948 3189 ἀμαθῆ

2057 3123 2199 3177 inter
2213 3136 2334 3177 sese
2358 3135 2602 3191 pugnare
2622 3121 2912 3175 videantur
2929 3116 2966 3188 ί)
2990 3117 3114 3171 dico
3127 3132 3189 3170 ea
3202 3131 3322 3184 qute
3339 3115 3405 3168 de
3422 3112 3632 3167 Christi

386 3204 834 3275 συμπεράσματα
862 3207 1001 3275 πρὸς
1048 3209 1145 3271 τὰς
1189 3209 1552 3279 προτεθείσας
1606 3212 1792 3281 ῥήσεις
1854 3213 1950 3264 ⁶ιοῦ

385 3292 577 3361 ἀγίου;
619 3293 681 3348 'O
706 3295 752 3348 δ’
780 3296 999 3361 ὲκείνας
1028 3299 1362 3371 ζητούμενος
1393 3303 1555 3356 ταυτὶ
1579 3305 1942 3373 συνεπέρανε,

382 3387 904 3457 παραωιδαγωγῶν
941 3391 1038 3443 καὶ⁵
1066 3391 1470 3463 μιθαρμόττων
1496 3394 1713 3459 ἀσεϐῶς
1752 3396 1834 3459 είς
1860 3397 1954 3449 τὸν

382 3473 585 3528 οἰκεῖον
635 3473 731 3544 τῆς
788 3476 1030 3545 ἀμαθίας
1059 3479 1328 3549 κρημνόν.
1385 3479 1562 3534 Βαόαὶ
1603 3482 1704 3551 τῆς
1759 3484 1955 3553 καινῆς

382 3567 695 3638 ἐπιστήμης
720 3567 931 3640 καὶτῆς
957 3587 1020 3638 γε
1045 3569 1154 3626 τῶν
1178 3573 1391 3645 φρενῶν
1422 3574 1749 3647 λεπτότητος
1773 3579 1786 3631 ί
1817 3578 1956 3632 Καί-

382 3675 468 3710 τοι
491 3660 538 3710 εἰ
576 3659 882 3728 ἀντιλέγειν
915 3660 1173 3718 ἐϐούλετο
1208 3665 1487 3739 ἄντικρυς,
1516 3669 1955 3740 φιλονεικότερον

390 3747 490 3815 μὲν
526 3747 675 3813 [σῶς.
712 3749 1146 3822 ἐλλογιμώτερον
1176 3753 1221 3806 δ’
1250 3750 1365 3819 οὖν,
1398 3758 1448 3809 εί
1495 3759 1590 3810 καὶ
1646 3759 1722 3829 μὴ
1750 3760 1950 3829 ὀρθῶς,

386 3835 538 3891 εἶπεν
565 3840 631 3893 ἂν
664 3842 757 3893 καὶ
781 3843 943 3906 αὕτὸς
969 3843 1005 3897 ἃ
1033 3845 1297 3908 πολλάκις
1333 3846 1469 3901 ἔνιοι
1511 3850 1611 3918 τῆς
1643 3849 1708 3922 [ί.
1743 3851 1844 3906 168
1875 3851 1952 3925 r.]

391 3934 666 4004 μοχθηρᾶς
697 3934 862 3989 αὐτοῦ
903 3938 1136 4008 φατρίας
1193 3940 1523 4008 προῦτειναν
1557 3946 1636 4008 εἰς
1676 3945 1955 4000 ἀντίθεσιν

388 4027 613 4096 ῥήματα
638 4026 730 4079 toﬁ
760 4028 919 4094 ἁγίου
947 4030 1116 4084 αὐτοῦ
1144 4032 1288 4087 κατά
1327 4034 1434 4087 τῶν
1470 4035 1637 4089 αὐτοῦ
1696 4035 1954 4109 (δεδόχθω

386 4120 498 4189 γὰρ
522 4119 605 4182 ἂν,
636 4114 717 4181 οἷς
738 4120 1018 4184 ἀσυνέτως
1049 4123 1294 4191 μετιέναι
1337 4124 1541 4185 ἔπεισι,
1593 4126 1764 4182 ταῦτα
1803 4130 1957 4182 ἀντί-

389 4210 534 4263 παλα
574 4206 714 4262 εἶναι
745 4209 996 4279 ἀλλήλοις
1045 4211 1296 4284 ἄλληλα),
1340 4215 1528 4269 ἐκεῖνα
1585 4217 1650 4288 δή
1683 4236 1829 4288 φημι
1886 4220 1954 4273 τά

392 4300 655 4370 περὶτῶν
700 4299 796 4354 τοῦ
838 4301 1075 4372 Χριστοῦ
1128 4303 1222 4357 δύο
1278 4305 1495 4374 φύσεων
1549 4308 1629 4377 τῷ
1680 4311 1820 4383 ἁγίῳ
1867 4311 1956 4365 λε-

388 4397 603 4467 χθέντα.
630 4397 764 4453 Τίνα
789 4399 853 4466 δὴ
881 4397 1094 4464 ταῦτα;
1129 4399 1371 4454 Ἀνωθεν
1403 4402 1512 4474 γάρ
1536 4404 1847 4475 ἀρξάμενος
1861 4407 1957 4461 καὶ

2055 3213 2271 3268 duabus
2302 3211 2512 3265 naturis
2541 3210 2686 3265 dicta
2726 3227 2755 3264 a
2788 3220 2979 3263 sancto
3025 3215 3173 3262 sunt.
3207 3204 3466 3273 Quasnam
3500 3201 3634 3255 illa?

2054 3304 2188 3360 Inde
2214 3304 2284 3359 ab
2317 3304 2477 3359 initio
2509 3303 2812 3373 incipiens,
2829 3300 3082 3355 oratione
3122 3297 3300 3352 doctis
3322 3305 3377 3349 et
3416 3295 3634 3364 γενείου

2054 3395 2133 3452 sis
2176 3392 2747 3465 argumentationibus
2788 3394 3000 3448 intenta
3035 3390 3196 3446 divus
3238 3388 3477 3443 Joannes
3525 3386 3635 3440 Da-

2054 3502 2345 3544 mascenus
2374 3504 2388 3542 :
2424 3505 2441 3538 ι
2475 3486 2806 3541 Naturarum
2825 3485 3081 3549 duarum,
3105 3480 3305 3552 inquit,
3330 3479 3397 3535 ad
3428 3482 3638 3532 verita-

2058 3589 2167 3639 tem
2208 3578 2351 3632 inter
2379 3593 2439 3633 se
2482 3577 2536 3630 in
2570 3591 2734 3631 unam
2780 3574 2904 3630 Filii
2944 3573 3038 3629 Dei
3073 3588 3365 3645 personam
3400 3570 3645 3640 conjuné

2056 3677 2267 3723 etarum
2296 3681 2513 3721 manere
2559 3664 2907 3720 essentialem
2938 3662 3303 3718 dill‘ercntiam
3344 3661 3637 3717 constitui-

2056 3776 2198 3814 mus.
2220 3759 2353 3813 Nam
2374 3767 2618 3814 creatum
2644 3758 2844 3811 mansit
2874 3762 3143 3823 creatum,
3169 3756 3471 3809 increatum
3500 3768 3639 3806 vero

2057 3853 2383 3915 increatum,
2414 3851 2641 3905 mortale
2676 3850 2875 3904 mansit
2895 3848 3143 3914 mortale,
3168 3846 3476 3901 inuuortale
3502 3860 3639 3901 vero

2057 3944 2399 4006 immortale,
2436 3943 2652 3996 [initum
2685 3940 2901 3994 ﬁnitum
2928 3981 2943 4005 ,
2987 3939 3264 3993 infinitum
3312 3937 3636 4003 inﬁnitum,

2059 4035 2274 4090 visibile
2306 4033 2521 4088 visibile
2547 4072 2562 4097 ,
2599 4032 2881 4086 invisibile
2935 4030 3233 4084 invisibile.
3273 4048 3291 4081 ι
3347 4028 3414 4083 Ει
3442 4029 3639 4097 paucis

2059 4128 2382 4198 interjectis,
2408 4144 2426 4176 ‹
2458 4124 2672 4180 Scimus
2695 4126 2865 4187 enim,
2884 4122 3042 4186 dixit,
3061 4123 3205 4192 quod
3256 4129 3318 4175 ut
3377 4136 3484 4174 una
3512 4119 3634 4189 ejus

2058 4208 2314 4290 persona;
2375 4218 2450 4271 ita
2495 4213 2802 4270 essentialis
2855 4213 3018 4267 etiam
3072 4224 3396 4267 naturarum
3453 4210 3632 4264 varie-

2061 4320 2141 4366 tas
2198 4317 2403 4366 manet.
2436 4326 2455 4359 ι
2493 4304 2779 4373 Quomodo
2843 4313 3029 4359 autem
3098 4313 3316 4359 maneat
3394 4303 3640 4357 varietas

2058 4419 2170 4459 non
2202 4400 2552 4457 manentibus
2592 4399 2658 4454 iis
2683 4414 2805 4469 qua:
2851 4397 3171 4453 varietatem
3212 4394 3376 4466 356
3406 4394 3546 4449 inter
3576 4408 3639 4447 se

387 4487 712 4553 ἀποδείξεων
734 4490 1179 4560 ὲπιστημονικῶν
1208 4491 1304 4546 καὶ
1344 4486 1667 4565 θεοπρεπῶν
1707 4499 1798 4552 τὸν
1852 4500 1943 4554 λό-

2051 4494 2288 4551 habent?
2322 4492 2502 4559 Vides,
2543 4501 2601 4546 ut
2629 4491 2789 4547 divus
2812 4491 3052 4545 Joannes
3086 4488 3456 4543 Damascenus
3495 4485 3642 4539 nihil

387 4597 485 4649 γον
522 4580 892 4650 ἐμπεπληκώς
919 4583 947 4635 ό
967 4583 1106 4648 θεῖος
1135 4586 1345 4649 ἐκεῖνος
1367 4590 1731 4662 Δαμασκηνὸς
1771 4595 1956 4652 Ἰωάν-

389 4685 485 4738 νης
519 4668 618 4737 (1),
645 4685 663 4718 ι
701 4665 815 4722 Εἴθ’
839 4669 1169 4738 ἑνωθεισῶν,
1201 4690 1220 4724 ι
1258 4673 1446 4743 φησὶν,
1474 4692 1492 4725 ι
1520 4677 1787 4748 ἀλλήλαις
1814 4687 1954 4738 κατά

389 4759 648 4831 ἀλήθειαν
671 4759 777 4813 τῶν
800 4760 894 4814 δύο
925 4761 1143 4829 φύσεων
1169 4765 1250 4827 εἰς
1317 4766 1450 4834 μίαν
1510 4767 1810 4823 ὑπόστασιν
1858 4773 1955 4826 τοῦ

392 4852 521 4905 Υίοῦ
543 4851 635 4905 τοῦ
673 4852 834 4918 Θεοῦ,
863 4854 1133 4919 σώζεσθαι
1162 4856 1347 4911 αὐτῶν
1399 4858 1499 4930 τὴν
1545 4862 1780 4933 οὺσιὼδη
1837 4864 1955 4919 δια-

388 4942 567 5011 φορὰν
593 4943 911 5011 ὀριζόμεθα.
947 4944 1020 4999 Τὸ
1051 4934 1157 5017 γάρ
1211 4949 1431 5003 κτιστδν
1477 4951 1761 5024 μεμένηκε
1831 4973 1956 5010 κτι-

390 5033 513 5086 στδν
540 5035 634 5087 καὶ
656 5035 717 5087 τὸ
742 5036 998 5089 ἀκτιστον
1027 5036 1309 5104 ὄικτιστον,
1339 5044 1431 5093 καὶ
1460 5041 1520 5095 τὸ
1546 5043 1739 5113 θνητὸν
1764 5045 1956 5115 ἔμεινε

390 5125 584 5192 θνητὸν
615 5130 709 5179 καὶ
738 5129 798 5180 τὸ
837 5128 1112 5182 ἀθάνατον
1138 5129 1435 5196 ἀθάνατον,
1467 5137 1564 5188 καὶ
1597 5137 1658 5189 τὸ
1689 5156 1961 5209 περιγρα-

390 5215 524 5268 πτὸν
549 5219 923 5289 περιγραπτὸν
947 5224 1042 5274 καὶ
1072 5222 1134 5276 τὸ
1187 5224 1604 5295 ἀπερίγραπτον
1650 5232 1958 5303 ἀπερίγρα-

392 5322 550 5372 πτον,
586 5310 680 5361 καὶ
705 5310 767 5362 τὸ
800 5310 996 5379 ὁρατὸν
1033 5313 1230 5383 ὁρατὸν
1261 5317 1356 5367 καὶ
1388 5316 1450 5369 τὸ
1494 5317 1727 5388 ἀόρατον
1789 5322 1958 5392 ἀόρα-

388 5412 502 5451 τον.
542 5416 562 5450 ι
620 5401 731 5453 Καὶ
771 5402 890 5471 μετ’
947 5403 1127 5472 ὀλίγα,
1194 5423 1213 5457 ι
1258 5407 1448 5477 Ἴσμεν
1502 5410 1635 5478 γάρ,
1677 5429 1696 5463 ι
1765 5416 1953 5485 φησὶν,

397 5506 417 5540 ι
441 5487 631 5562 ὥσπερ
661 5493 793 5563 μίαν
819 5496 985 5549 αὐτοῦ
1012 5497 1110 5568 τὴν
1146 5497 1473 5564 ὑπόστασιν,
1525 5500 1670 5556 οὔτω
1707 5506 1800 5556 καὶ
1859 5506 1955 5573 τὴν

390 5579 498 5633 τῶν
543 5583 759 5652 φύσεων
792 5587 1028 5658 ούσιὼδη
1078 5590 1346 5660 διαφορὰν
1393 5592 1687 5658 σώζεσθαι.
1746 5613 1766 5647 ι
1831 5596 1954 5660 Πῶς

2056 4600 2282 4659 prorsus
2326 4584 2545 4656 quidem
2628 4582 2910 4638 contendit
2967 4596 3158 4635 eorum
3215 4594 3336 4649 quae
3368 4592 3516 4632 nunc
3582 4577 3642 4630 in

2057 4694 2185 4733 eum
2218 4672 2607 4731 conferuntur?
2638 4673 2889 4728 Proiecto
2931 4672 3078 4725 enim
3136 4670 3258 4740 ipse
3306 4683 3493 4723 secum
3531 4683 3635 4736 pun

2057 4779 2284 4841 enaret;
2324 4767 2422 4821 sed
2471 4765 2537 4819 iis
2575 4768 2670 4835 qui
2717 4765 2918 4819 talibus
2954 4761 3315 4817 varietatibus
3354 4759 3639 4815 contineri

2057 4861 2301 4916 divinam
2334 4858 2631 4915 essentiam
2664 4857 2857 4914 dicunt
2890 4857 3082 4927 objicit
3114 4867 3171 4910 et
3214 4862 3518 4925 repugnat,
3567 4868 3645 4907 ne

2056 4952 2383 5008 esscntiales
2422 4952 2477 5005 in
2508 4950 2617 5005 Deo
2652 4950 2948 5005 varietates
2977 4965 3097 5004 esse
3132 4952 3340 5011 dicant,
3391 4961 3512 5015 quae
3540 4960 3635 4999 es-

2057 5046 2287 5101 sentiam
2319 5043 2579 5109 eiiiciant,
2609 5052 2668 5096 ut
2701 5042 2759 5094 in
2792 5042 2971 5103 nobis,
2996 5041 3090 5095 sed
3117 5057 3238 5111 qua:
3264 5057 3294 5094 a
3324 5038 3526 5095 creatis
3547 5052 3640 5091 es-

2057 5137 2252 5193 sentiis
2283 5135 2645 5205 distinguant,
2689 5134 2883 5188 Divina
2927 5132 3074 5186 enim
3120 5132 3360 5187 essentia
3385 5170 3401 5193 ,
3432 5145 3541 5184 uua
3581 5137 3643 5183 et

2056 5227 2294 5296 simplex
2323 5267 2339 5292 ,
2375 5226 2556 5280 omnis
2601 5234 2657 5278 et
2688 5224 3018 5279 οιιιιιὶιιιοιιιυ
3052 5224 3333 5276 varietatis
3385 5219 3636 5288 imparti-

2055 5332 2183 5387 ceps
2218 5323 2322 5370 est.
2361 5313 2497 5368 Nam
2527 5314 2760 5367 varietas
2783 5327 2903 5381 qua:
2928 5308 3432 5365 dissimilitudtnem
3468 5303 3637 5359 habet

2057 5420 2253 5462 natura
2276 5405 2496 5469 factam,
2532 5403 2802 5475 pluralem
2834 5404 3017 5458 statim
3055 5414 3345 5455 numerum
3380 5394 3645 5449 involvit-

2055 5499 2158 5558 Ubi
2180 5512 2447 5554 numerus
2466 5507 2523 5554 et
2546 5495 2847 5552 multitudo
2863 5505 2966 5561 est,
2992 5496 3167 5547 unicte
3194 5487 3530 5558 simplicitati
3554 5487 3637 5543 io-

2053 5608 2153 5647 cus
2190 5591 2374 5647 nullus
2410 5588 2736 5647 est.Eodem
2765 5588 2929 5644 modo
2952 5587 3119 5643 etiam
3154 5584 3212 5640 D.
3232 5580 3500 5638 Maximus
3524 5581 3634 5635 im-

460 5765 543 5838 (1)
586 5769 949 5842 Δαμασκηνοῦ
980 5776 1043 5828 ἐκ
1073 5773 1166 5829 τοῦ
1200 5775 1325 5844 περὶ
1374 5771 1479 5825 τῶν
1511 5772 1556 5844 β’
1580 5771 1795 5840 φύσεων
1827 5772 1921 5826 τοῦ
1951 5771 2216 5843 Χριστοῦ.
