4034 6534
425 359 537 426 3ἳὸ

1631 365 2061 430 NlCEPHOIlI
2102 371 2491 435 GllEGORIE

3603 381 3700 445 316

342 556 347 561 φ
424 471 697 542 partitum
727 471 902 528 Deum
932 470 1067 527 dicit
1098 483 1155 529 et
1189 472 1490 529 inﬁnitum.
1520 473 1586 530 Et
1612 475 1745 531 alias
1777 494 1791 531 :
1822 478 2015 535 Omnis

2114 480 2173 534 δὲ
2202 482 2399 553 σωθείη
2424 483 2677 553 διαφορὰ,
2715 482 2788 555 μὴ
2813 485 3140 554 σωζομένων
3157 486 3273 541 τῶν
3299 504 3404 556 την
3435 487 3701 562 διαφορὰν

424 562 666 618 varietas
708 579 830 634 qum
858 579 1045 621 rerum
1081 567 1223 621 inter
1257 583 1315 621 se
1350 568 1777 638 discrepantiam
1809 578 1865 624 et
1899 570 2016 626 dis-

426 654 851 712 similitudinem
877 658 944 713 ad
969 658 1256 728 qualitatis
1280 660 1545 714 rationem
1573 661 1810 731 explicat
1833 677 2013 732 quan-

429 750 649 805 titatem
688 766 871 805 rerum
907 751 1260 805 dissimilium
1297 766 1483 809 secum
1516 752 1749 818 inducit,
1778 754 1895 808 sive
1924 770 2014 809 es-

429 843 738 897 sentiarum
766 842 882 898 sive
915 843 1267 913 qualitatum,
1296 843 1411 899 sive
1439 846 1858 915 proprietmum.
1885 845 2018 914 Qua:

427 934 575 988 enim
621 950 730 989 non
775 936 1002 991 omnino
1042 935 1230 991 eadem
1269 937 1417 992 inter
1460 954 1519 992 se
1569 948 1719 1004 sunt,
1753 955 1919 994 unam
1950 949 2008 995 et

427 1024 676 1079 eamdem
699 1026 952 1081 essentia:
976 1028 1245 1084 rationem
1270 1042 1376 1083 non
1399 1028 1853 1101 admittunt,qu:e
1876 1047 2007 1087 vero

430 1114 577 1169 inter
607 1131 665 1172 se
701 1117 915 1183 eadem,
949 1120 1237 1176 varietatis
1268 1122 1637 1192 imparticipia
1684 1132 1832 1180 sunt.
1868 1123 2006 1180 Nam

2112 573 2347 641 ἑχόντων
2373 574 2510 643 πρὸς
2547 574 2792 644 ἄλληλα;
2849 575 3015 646 Ὁρᾷς
3056 576 3133 640 ὡς
3189 578 3298 630 οὐκ
3353 581 3702 652 ἀπαγορεύει

2122 665 2383 735 Ἰωάννης
2411 666 2440 718 δ
2469 664 2613 729 θεῖος
2639 669 2702 719 ὲκ
2730 665 3027 736 Δαμασκοῦ
3083 668 3196 722 οὐδ’
3218 672 3347 723 ἐκεῖ
3388 671 3520 725 κατ’
3549 673 3699 727 οὐδὲν

2112 756 2173 808 τὸ
2210 754 2474 826 παράπαν
2498 754 2535 809 ἃ
2563 755 2657 810 νῦν
2685 759 2774 809 ἐπὶ
2798 757 2955 811 τοῦδε
3013 759 3337 814 συντίθεται
3361 779 3378 826 ;
3428 757 3466 833 ἦ
3498 762 3608 834 γὰρ
3636 764 3700 819 ἂν

2111 841 2181 917 ἦν
2209 846 2373 912 αὐτὸς
2398 847 2581 916 ἑαυτῳ
2612 849 2947 918 μαχόμενος.
3000 850 3162 903 Ἀλλὰ
3193 853 3316 915 τοῖς
3357 854 3423 905 ὲκ
3447 853 3565 906 τῶν
3589 873 3698 907 τοι-

2113 940 2290 993 ούτων
2313 938 2589 1010 διαφορῶν
2652 940 2972 1005 συγκεῖσθαι
3027 940 3128 1010 τὴν
3166 941 3329 996 θείαν
3391 944 3700 1013 φάσκουσιν

2114 1031 2303 1083 οὐσίαν
2328 1031 2581 1102 ἐπιτιμᾷ,
2608 1032 2702 1085 καὶ
2733 1033 2992 1087 ἀνασοσεῖ
3032 1035 3108 1105 μὴ
3159 1035 3353 1104 λέγειν
3419 1036 3701 1099 οὐσιῶδεις

2113 1120 2381 1190 διαφορὰς
2426 1122 2519 1175 tul
2556 1122 2715 1187 Θεοῦ,
2755 1123 2814 1177 αῖ
2861 1127 2964 1196 τὴν
3007 1126 3198 1181 οὐσίαν
3256 1128 3581 1181 συντιθέναι
3615 1129 3703 1181 λέ-

429 1221 555 1261 cum
590 1209 893 1279 simplicem
922 1220 1082 1266 antea
1102 1211 1238 1266 dixit
1266 1213 1457 1280 Deum,
1488 1213 1617 1268 dein
1644 1214 1878 1285 simplex
1909 1232 2011 1272 va-

2113 1230 2295 1282 γονται
2318 1213 2394 1276 ὡς
2423 1213 2509 1282 ἐφ’
2564 1217 2719 1287 ἡμῖν,
2752 1216 2872 1272 ἁλλ’
2902 1218 2961 1272 αϊ
3009 1220 3438 1274 διαστέλλουσιν
3474 1222 3539 1273 ὲκ
3595 1222 3702 1274 τῶν

431 1298 644 1354 rietatis
672 1315 794 1356 esse
822 1302 1045 1359 omnino
1070 1303 1423 1374 imparticeps
1450 1305 1608 1361 dixit.
1632 1304 1762 1362 Ideo
1788 1307 2014 1363 omnino

2113 1305 2347 1358 κτιστῶν
2387 1306 2607 1362 οὐσιῶν.
2653 1308 2726 1361 Τὸ
2761 1310 2871 1379 γάρ
2897 1311 3014 1380 ’τῆς
3052 1310 3208 1375 θείας
3240 1313 3448 1376 οὐσίας
3493 1314 3698 1366 ἑνιαῖον

427 1388 536 1445 sibi
589 1391 736 1447 idem
787 1392 949 1464 357
1001 1403 1058 1451 et
1113 1397 1336 1451 unicum
1362 1405 1420 1452 et
1472 1407 1758 1461 constans,
1812 1397 2015 1469 quippe

2113 1398 2427 1452 παντάπασι
2468 1399 2567 1453 καὶ
2599 1400 2807 1455 ἁπλοῦν
2838 1400 2902 1474 [ί.
2933 1402 3036 1458 168
3064 1404 3144 1477 υ.]
3178 1406 3373 1475 πάσης
3416 1407 3513 1458 καὶ
3565 1423 3705 1459 παν-

429 1484 755 1551 quantitatis
786 1501 964 1556 genus
994 1503 1101 1542 non
1135 1489 1366 1557 habens,
1398 1504 1528 1560 ergo
1561 1490 1722 1560 plane
1759 1504 1871 1546 non
1914 1506 2015 1545 nu-

2113 1490 2264 1554 τοίας
2294 1490 2475 1561 πάντη
2498 1492 2765 1564 διαφορᾶς
2788 1495 3161 1551 ἀνεπίδεκτον.
3203 1496 3271 1550 Ἦ
3316 1497 3436 1569 γάρ
3468 1498 3705 1567 διαφορὰ

430 1574 696 1631 tnerabile
725 1592 831 1631 nee
861 1577 1203 1635 dissolubile.

2114 1583 2365 1653 φυσικῶς
2391 1585 2666 1655 ἑπομένην
2697 1585 2899 1658 ἔχουσα
2929 1589 3028 1659 τὴν
3084 1589 3418 1660 ἑτερότητα,
3461 1590 3705 1660 πληθυν-

429 1670 582 1722 τικὶν
603 1669 768 1734 εὐθὺς
796 1674 1029 1743 ἀριθμὸν
1055 1675 1402 1744 συνεισάγειο
1428 1676 1564 1729 ὅπου
1620 1675 1668 1731 δ’
1726 1675 1963 1748 ἀριθμὸς
1979 1679 2077 1731 καὶ
2120 1675 2349 1746 πλῆθος,
2393 1678 2631 1751 ἁπλότης
2686 1675 2828 1734 εἶναι
2861 1680 2923 1734 οὐ
2975 1685 3358 1753 συγχωρεῖται
3396 1682 3700 1753 μοναδιγή·

430 1762 689 1834 καθάπερ
714 1769 809 1819 καὶ
833 1768 862 1820 ὁ
896 1766 1038 1830 θεῖος
1065 1768 1322 1839 Μάξιμος
1347 1769 1554 1840 ἀμερές
1583 1785 1719 1840 φησι
1747 1769 1811 1822 τὸ
1837 1769 2014 1832 Θεῖον,
2057 1769 2198 1823 διότι
2232 1770 2332 1823 καὶ
2368 1770 2593 1826 άποσον.
2635 1772 2746 1825 Καὶ
2812 1773 2996 1839 πάλιν,
3045 1775 3224 1839 Πᾶσα,
3258 1778 3427 1846 φησὶ,
3473 1774 3709 1843 διαφορὰ

430 1854 529 1922 τῆς
566 1857 744 1913 ἄλλων
760 1861 897 1929 πρὸς
920 1861 1057 1916 ἄλλα
1089 1864 1234 1917 κατά
1260 1864 1353 1918 τὸν
1382 1864 1478 1917 τοῦ
1507 1864 1625 1927 πῶς
1649 1861 1789 1918 εἶναι
1813 1864 1973 1933 λόγον
1985 1864 2376 1934 ἀνομοιότητός
2404 1881 2465 1918 τε
2492 1870 2584 1920 καὶ
2606 1867 2926 1937 ἑτερότητος
2950 1865 3087 1924 οῦσα
3112 1870 3421 1942 δηλωτικὴ,
3448 1871 3514 1924 τδ
3544 1873 3707 1923 ’ποσὶν

428 1954 536 2005 τιῦν
560 1953 924 2023 διαφερόντων
946 1957 1291 2027 πραγμάτων
1324 1958 1675 2025 συνεισάγειν
1693 1959 1861 2027 ἑαυτῇ
1881 1958 2149 2026 πέφυκεν,
2179 1957 2281 2011 εἶτ’
2303 1959 2506 2013 οὐσιῶν
2529 1960 2643 2012 εἴτε
2699 1961 3003 2030 ποιοτήτων
3026 1962 3124 2015 εἴτ’
3152 1964 3445 2033 ίδιοτήτων
3462 1979 3477 1994 ’
3508 1963 3577 2016 τά
3615 1962 3707 2029 μὲν

429 2046 540 2116 γάρ
575 2046 649 2115 μὴ
681 2045 932 2117 ἀλλήλοις
957 2049 1134 2118 πάντη
1158 2050 1330 2105 ταυτὰ
1362 2051 1458 2105 ἕνα
1493 2050 1587 2105 καὶ
1622 2051 1712 2105 τὸν
1745 2051 1908 2105 αὐτὸν
1936 2051 2030 2104 τοῦ
2049 2048 2189 2106 εἶναι
2218 2052 2473 2124 οὐδαμῶς
2500 2055 2806 2127 ἐπιδέχεται
2829 2056 3012 2126 λόγον,
3046 2057 3114 2111 τὰ
3137 2056 3192 2110 δὲ
3226 2056 3416 2128 πάντη
3453 2055 3707 2126 ἀλλήλοις

426 2143 601 2194 ταντὰ
657 2143 921 2213 διαφορᾶς
978 2146 1331 2202 άνεπίδικτα.
1404 2149 1515 2202 Kal.
1547 2149 1656 2217 γὰρ
1681 2147 1889 2202 ἁπλοῦν
1922 2148 2295 2219 ὡμολογηκὼς
2324 2151 2588 2223 πρότερον
2617 2147 2842 2206 εἶναιτὸ
2868 2152 3043 2216 Θεῖον,
3068 2147 3187 2206 εἶτα
3222 2153 3285 2206 τὸ
3327 2153 3514 2223 πάντη
3549 2154 3710 2220 φησὶν

430 2235 634 2290 ἁπλοῦν
663 2236 927 2309 διαφορᾶς
971 2234 1110 2293 εῖναι
1136 2240 1495 2296 ἀνεπίδεκτον
1516 2259 1530 2275 ’
1560 2243 1693 2297 διότι
1718 2247 1814 2298 καὶ
1841 2245 2020 2313 πάντη
2053 2244 2254 2299 ταυτὸν
2284 2244 2462 2312 ἑαυτῷ
2489 2245 2583 2299 καὶ
2610 2245 2901 2315 μοναδικδν
2922 2247 3018 2299 καὶ
3048 2246 3170 2300 ὅλον
3190 2245 3331 2309 ὅλως
3351 2245 3608 2316 ἄσχετον,
3635 2247 3707 2307 ὡς

427 2332 491 2388 τὸ
518 2333 577 2383 ὲν
620 2330 771 2400 ποσῷ
801 2333 955 2399 γένος
980 2333 1079 2386 οὐκ
1104 2332 1227 2404 ἔχον
1262 2336 1780 2407 κατηγορούμενον,
1810 2336 1908 2392 καὶ
1936 2337 2027 2391 διὰ
2045 2337 2205 2391 τοῦτο
2234 2338 2515 2403 παντελῶς
2553 2338 2655 2392 οὐκ
2693 2339 3104 2409 ἀριθμούμενον
3127 2338 3253 2393 οὐδὲ
3280 2339 3697 2410 διαιρούμενον.

502 2423 831 2486 V.Videsne,
857 2432 917 2477 ut
941 2424 1034 2477 ubi
1060 2424 1365 2495 duplicatio
1394 2435 1715 2480 naturarum
1744 2437 1802 2483 et
1823 2442 2015 2481 nume-

2198 2423 2275 2481 E'.
2322 2426 2488 2498 Ὁρᾷς
2521 2427 2638 2490 πῶς
2666 2427 2805 2481 ὅπου
2832 2426 3028 2499 διπλόη
3068 2427 3291 2497 φύσεων
3317 2428 3416 2481 καὶ
3448 2428 3703 2497 ἀριθμὸς.

431 2529 528 2569 rus
554 2524 660 2578 est,
700 2515 950 2571 varietati
981 2516 1104 2572 loco
1139 2516 1290 2580 dato,
1317 2516 1610 2571 dissolutio
1636 2526 1721 2571 est
1753 2526 1807 2572 et
1843 2516 2021 2587 parti~

432 2609 534 2670 tio,
584 2609 677 2663 ubi
707 2618 887 2664 autem
916 2608 1079 2664 unica
1111 2608 1440 2678 simplicitas
1461 2647 1476 2672 ,
1509 2608 1688 2664 aliena
1719 2619 1775 2663 et
1820 2609 2020 2663 intole-

431 2698 626 2755 rabilis
674 2700 912 2755 varietas
962 2709 1021 2754 ct
1063 2699 1550 2770 partitio‘lltaque
1572 2700 2017 2756 concludendum

430 2804 519 2844 est
542 2790 807 2846 Joannem
837 2791 1240 2846 Damascenum
1271 2791 1499 2845 minime
1535 2806 1719 2846 secum
1749 2807 2015 2862 pugnare,

430 2883 526 2951 qui
562 2881 652 2937 hic
681 2882 829 2939 dicat
859 2881 1188 2948 increatum,
1210 2882 1544 2948 immortale,
1563 2892 1619 2941 et
1642 2884 1854 2953 reliqua
1872 2884 2018 2955 ejus-

431 2974 582 3029 modi
614 2991 721 3030 non
763 2989 886 3030 esse
912 2975 1209 3030 varietates
1234 2975 1580 3042 essentiales,
1622 2974 1737 3030 illic
1769 2991 1901 3030 vero
1931 2991 2017 3031 es-

432 3066 719 3120 se'ntialem
756 3081 1047 3122 remanere
1076 3066 1398 3122 varietatem
1431 3068 1487 3122 in
1512 3067 1745 3123 duarum
1773 3068 1896 3123 Filii
1920 3068 2013 3123 Dei

432 3165 758 3209 naturarum
811 3155 868 3209 in
920 3155 1087 3210 unam
1143 3171 1433 3225 personam
1492 3158 1907 3228 conjunctione,
1958 3166 2015 3213 et

432 3260 658 3300 manere
691 3252 939 3300 creatum
986 3254 1257 3308 creatum,
1306 3246 1615 3300 increatum
1667 3246 2011 3308 increatum,

434 3339 668 3394 mortale
691 3338 942 3404 mortale,
964 3337 1273 3393 immortale
1304 3337 1633 3403 immortale,
1659 3348 1717 3393 et
1738 3337 2012 3408 ejusmodi

434 3429 690 3484 similiter
720 3429 926 3484 omnia.
960 3428 1067 3484 Sed
1103 3443 1228 3483 cum
1272 3428 1499 3498 utrique
1546 3427 1811 3482 doctrina:
1848 3438 2010 3481 suum

434 3522 664 3583 tribuat,
696 3510 942 3590 loquitur
977 3534 1165 3577 secum
1198 3529 1253 3576 et
1282 3534 1409 3575 cum
1444 3521 1678 3574 veritate
1703 3534 2013 3589 congruen-

434 3613 535 3668 tia.
562 3611 667 3666 Sed
697 3611 1004 3668 audiendus
1030 3621 1115 3668 est
1142 3612 1307 3669 etiam
1337 3612 1498 3667 divus
1523 3611 1790 3666 Maximus
1810 3609 1907 3664 ubi
1939 3609 2010 3664 ob

434 3703 582 3759 dicta
606 3705 721 3759 reiu
731 3712 805 3759 tat
827 3704 1124 3770 Palamam,
1154 3705 1358 3776 quippe
1375 3704 1607 3774 simplex
1623 3702 1846 3758 deitatis
1865 3701 2016 3757 aufe—

2120 2518 2239 2572 ὲκεϊ
2267 2518 2358 2572 καὶ
2387 2519 2491 2588 τῆς
2529 2518 2795 2590 διαφορᾶς
2820 2518 3004 2590 χώραν
3036 2518 3273 2594 ἐχούσης
3304 2521 3426 2574 ἔστι
3447 2522 3545 2574 καὶ
3569 2518 3715 2574 διαί-’

2122 2626 2274 2679 ρεσις
2322 2609 2487 2674 εὐθὺς
2518 2610 2618 2663 καὶ
2645 2610 2943 2681 μερισμὸς,
2984 2610 3120 2663 ὅπου
3153 2611 3200 2663 δ’
3247 2611 3508 2682 ἁπλότης
3543 2628 3704 2679 μονα-

2119 2701 2269 2771 δικὴ,
2297 2701 2425 2771 ξένη
2476 2701 2538 2755 τδ
2566 2702 2861 2772 παράπαν,
2896 2703 3013 2755 ἐκεῖ
3039 2701 3133 2756 καὶ
3158 2702 3445 2772 ἀφόρητός
3498 2703 3642 2755 ἐστιν
3671 2702 3702 2768 ὴ

2116 2790 2354 2861 διαφορά
2378 2792 2474 2845 καὶ
2497 2793 2525 2845 ό
2562 2793 2833 2864 μερισμός
2856 2810 2872 2859 ;
2905 2793 3044 2863 ὥστε
3070 2793 3467 2860 συλλογιστέον
3499 2791 3701 2845 καὶτὸν
3808 2861 3811 2864 ἠ

2117 2880 2484 2949 Δαμασκηνὸν
2531 2881 2789 2949 Ἰωάννην
2828 2880 3056 2950 μηδαμῆ
3103 2881 3421 2950 μαχόμενον
3450 2875 3591 2932 εἶναι
3620 2880 3701 2931 δο-

2116 2975 2234 3026 κεῖν
2262 2973 2428 3025 αὐτὸν
2478 2972 2682 3040 ἐαυτῷ,
2716 2971 2794 3024 ὅτ’
2844 2972 2963 3023 ἐκεῖ
3023 2969 3122 3040 μὲν
3152 2971 3308 3039 λέγει
3354 2971 3419 3024 τὸ
3450 2971 3699 3026 ἄκτιστον

2115 3062 2211 3116 καὶ
2247 3060 2520 3115 ἀθάνατον
2555 3061 2651 3113 καὶ
2677 3060 2746 3113 τὰ
2772 3057 3002 3113 τοιαῦτα
3035 3059 3111 3128 μὴ
3140 3054 3283 3113 εἶναι
3310 3060 3583 3129 διαφοράς
3614 3059 3697 3112 οὐ·

2116 3152 2348 3217 σιώδεις,
2375 3151 2612 3205 ἐνταῦθα
2633 3150 2690 3204 δὲ
2723 3150 2821 3222 τὴν
2862 3150 3101 3221 οὐσιώδη
3134 3150 3411 3214 σώζεσθαι
3437 3151 3697 3221 διαφορὰν

2115 3245 2208 3297 ἐπὶ
2238 3244 2337 3314 τῆς
2359 3245 2440 3305 είς
2460 3243 2591 3312 μίαν
2623 3241 2928 3295 ὑπόστασιν
2946 3240 3195 3306 ἑνώσεως
3212 3243 3323 3296 τῶν
3358 3244 3455 3297 δύο
3488 3244 3698 3315 φύσεων

2113 3336 2208 3389 τοῦ
2237 3334 2409 3407 [Μϐθ
2433 3332 2507 3406 r.]
2534 3334 2670 3388 Υίοῦ
2693 3333 2789 3388 τοῦ
2812 3333 2970 3401 Θεοῦ,
2990 3334 3087 3388 καὶ
3112 3336 3299 3406 μένειν
3316 3338 3379 3390 τό
3408 3354 3467 3390 τε
3488 3335 3699 3389 κτιστίιν

2112 3429 2329 3481 κτιστδν
2360 3427 2458 3481 καὶ
2484 3426 2544 3479 τὸ
2578 3427 2837 3481 ᾶκτιστον
2879 3427 3156 3489 ἄκτιστον,
3191 3428 3289 3479 καὶ
3313 3430 3396 3482 ἔτι
3421 3427 3483 3481 τὸ
3511 3426 3696 3497 θνητὸν

2113 3516 2307 3589 θνητὸν
2338 3517 2434 3571 καὶ
2475 3518 2538 3571 τὸ
2596 3517 2871 3570 ἀθάνατον
2927 3517 3217 3580 ἀθάνατον,
3246 3521 3348 3572 καὶ
3392 3520 3463 3571 τά
3497 3513 3695 3571 τοιαῦτ’

2117 3610 2322 3678 ὁμοίως
2353 3610 2574 3663 ἅπαντα
2596 3622 2613 3638 '
2646 3608 2784 3663 ἀλλά
2809 3609 2869 3661 τὸ
2900 3611 3180 3681 προσῆκον
3208 3610 3455 3682 ἑκατέρᾳ
3491 3609 3692 3662 διδόντα

2073 3700 2466 3772 σιδιδασκαλίᾳ,
2527 3701 2797 3771 σύμφωνα
2843 3701 3179 3770 φθέγγεσθαι
3225 3703 3488 3769 καθάπαξ
3521 3702 3693 3769 ἑαυτῷ

434 3806 644 3851 rentem
667 3805 724 3852 et
750 3797 950 3852 multas
989 3797 1288 3852 varietates
1312 3804 1366 3852 et
1388 3794 1823 3866 compositiones
1845 3794 2015 3858 deita-

2121 3794 2217 3847 καὶ
2244 3796 2310 3865 τῇ
2344 3795 2597 3864 ἀληθεία.
2627 3795 2967 3865 Προσεκτέον
2995 3794 3164 3848 δὲκαὶ
3190 3794 3268 3865 τῷ
3305 3796 3440 3867 θείῳ
3465 3793 3693 3860 Μαξίμῳ

434 3890 581 3945 tibus
619 3889 735 3946 suis
762 3901 857 3945 aut
884 3890 1066 3960 potius
1096 3888 1214 3945 deis
1240 3888 1558 3960 deabusque
1583 3888 1940 3944 tribuentem.

2108 3887 2202 3941 τὸν
2225 3886 2494 3956 Παλαμᾶν
2517 3886 2608 3941 διά
2627 3887 2736 3940 τῶν
2760 3888 2881 3958 είρη
2891 3887 3067 3956 μένων
3084 3889 3347 3959 ἄντικρυς
3404 3887 3690 3955 ἐλέγχοντι,

431 3984 495 4063 τό
525 4002 586 4037 τε
632 3983 838 4039 ἁπλοῦν
875 3985 975 4050 τῆς
1006 3984 1137 4053 μιᾶς
1168 3983 1471 4048 ἐξωθοῦντα
1522 3982 1801 4053 θεότητος,
1854 3983 1951 4036 καὶ
1979 3980 2183 4044 πολλάς
2214 3980 2315 4043 τὰς
2349 3979 2615 4050 διαφοράς
2659 3979 2753 4031 καὶ
2784 3979 3064 4041 συνθέσεις
3098 3980 3220 4041 ταῖς
3250 3978 3420 4032 αὐτοῦ
3480 3977 3692 4049 χαριξόο

432 4090 600 4144 μενον
666 4074 908 4146 θεότησι,
981 4074 1182 4145 μᾶλλον
1250 4073 1294 4127 δ’
1336 4076 1516 4127 εἰπεῖν
1548 4072 1702 4137 θεαῖς
1723 4074 1822 4129 καὶ
1848 4074 1994 4140 θεοῖς
2019 4074 2372 4140 οἰκειότερον.
3069 4097 3079 4105 ·

506 4169 593 4223 Vl.
624 4167 731 4222 Sed
767 4168 1081 4237 recipienda
1107 4177 1194 4223 est
1225 4169 1426 4224 oratio.
1474 4166 1633 4234 Quod
1668 4170 1821 4223 enim
1859 4183 2011 4223 com-

312 4305 324 4321 .
431 4263 609 4333 posita
638 4270 826 4316 nostra
856 4260 1075 4325 attinet,
1124 4260 1448 4315 essentiales
1495 4261 1791 4315 varietates
1824 4260 2012 4329 dupli-

428 4369 550 4409 cem
583 4354 861 4408 notionem
891 4352 1156 4409 elliciunt.
1177 4353 1400 4408 Formas
1412 4353 1559 4408 enim
1577 4352 1742 4422 358
1756 4351 2009 4406 animan-

432 4447 573 4501 tium
636 4456 833 4516 sponte
876 4446 1163 4503 formando
1209 4454 1563 4515 componunt
1599 4454 1654 4499 et
1699 4461 1729 4497 a
1776 4437 2030 4500 diversis

425 4541 694 4596 ~essentiis
724 4540 1036 4611 sejungunt;
1066 4540 1259 4606 Quoad
1296 4549 1477 4594 autem
1527 4537 1739 4593 beatam
1774 4536 1921 4592 illam
1953 4546 2012 4593 et

428 4634 654 4688 -tmicam
681 4635 1000 4699 essentiam,
1026 4634 1200 4688 altera
1230 4629 1560 4701 compositio
1582 4630 1692 4701 jam
1721 4645 1751 4685 a
1779 4629 1875 4684 SS.
1909 4629 2010 4685 Pa-

434 4722 618 4777 tribus
665 4723 894 4792 probata
936 4731 1041 4786 est,
1078 4723 1250 4776 altera
1283 4720 1352 4775 ab
1388 4719 1647 4775 omnibus
1681 4721 1880 4775 creatis
1921 4735 2009 4776 es-

424 4814 630 4869 sentiis
659 4813 932 4885 sejunctio
957 4814 1317 4869 vehementer
1332 4809 1589 4881 quadrat.
1608 4810 1744 4866 Nam
1777 4812 2011 4867 duarum

435 4905 561 4960 Filii
601 4905 696 4961 Dei
742 4916 1064 4961 naturarum
1119 4906 1265 4958 inter
1309 4917 1367 4958 se
1404 4903 1462 4956 in
1508 4917 1673 4956 unam
1721 4919 2012 4973 personam

435 4997 859 5068 conjunctarum
890 5012 1114 5053 manere
1150 4995 1228 5050 ait
1249 4994 1593 5051 essentialem
1615 4995 2011 5064 dill‘erentiam,

434 5087 660 5145 deitatis
697 5099 754 5145 et
786 5090 1168 5145 humanitatis.

510 5363 616 5417 νη.
650 5362 791 5428 Quid
837 5362 905 5414 ad
955 5361 1073 5414 iure
1119 5361 1276 5425 dicis,
1311 5362 1640 5418 amicissime
1674 5362 2011 5417 Thcotime?
2086 5404 2089 5405 ν

435 5455 632 5511 Nonne
666 5454 762 5509 tibi
798 5454 1011 5508 videtur
1043 5454 1291 5508 Palamas
1336 5458 1643 5520 evidenter,
1704 5457 1832 5511 licet
1892 5458 2010 5510 ins-

438 5545 877 5610 cius,baccliico
942 5546 1257 5599 insanorum
1316 5562 1467 5602 more
1524 5564 1711 5601 sacras
1765 5547 2014 5615 Scriptu-

438 5654 532 5692 ras
566 5638 719 5689 adire
762 5648 818 5690 et
862 5636 1110 5692 induetas
1145 5639 1529 5693 conclusiones
1577 5639 1867 5709 proferre?
1902 5648 2013 5691 tum

440 5738 776 5798 spontanee.
809 5736 921 5780 tum
967 5744 1073 5783 nnn
1120 5739 1333 5799 sponte,
1385 5747 1531 5784 nunc
1561 5746 1684 5783 cum
1736 5744 2012 5798 quoquam

438 5820 811 5887 consentiens,
837 5836 983 5875 mtnc
1009 5837 1105 5878 nec
1139 5838 1261 5877 cum
1312 5820 1675 5877 familiaribus
1697 5836 1797 5877 nec
1832 5821 2023 5889 impie-

2189 4166 2283 4234 ς’.
2324 4164 2467 4219 Ἀλλ’
2512 4163 2851 4219 ὲπανακτέον
2895 4165 2991 4218 τὴν
3033 4163 3218 4232 λόγον.
3259 4163 3387 4217 Ἐπὶ
3444 4162 3545 4233 μὲν
3586 4158 3688 4228 γὰρ

2116 4261 2228 4313 τῶν
2283 4257 2557 4312 συνθέτων
2589 4258 2747 4329 ἡμῶν
2779 4258 2835 4310 αἱ
2867 4254 3148 4319 οὐσιῶδεις
3190 4255 3454 4326 διαφοραὶ
3504 4251 3689 4315 διπλῆν

2121 4348 2338 4406 ποιοῦσι
2363 4353 2458 4406 καὶ
2497 4349 2597 4421 τὴν
2630 4350 2929 4420 σημασίαν.
2964 4346 3048 4401 Τά
3085 4364 3144 4399 τε
3171 4347 3283 4416 γὰρ
3322 4347 3430 4400 ὑπὸ
3461 4344 3519 4397 τὸ
3551 4340 3685 4407 ζῶον

2118 4443 2236 4514 εἴδη
2267 4443 2619 4496 συντιθέασιν
2661 4437 3055 4505 είδοποιοῦσαι,
3083 4436 3179 4490 καὶ
3211 4439 3348 4506 πρός
3387 4452 3450 4504 γε
3479 4434 3558 4487 ἔτι
3584 4429 3687 4483 τῶν

2118 4534 2432 4605 ἐτεροφυῶν
2482 4531 2888 4585 διαστέλλουσιν
2919 4529 3139 4584 οὐσιῶν.
3187 4529 3315 4582 Ἐπὶ
3359 4529 3415 4581 δὲ
3445 4525 3544 4595 τῆς
3586 4540 3685 4593 μα-

2117 4626 2317 4696 καρίας
2361 4624 2578 4695 ἐκείνης
2609 4623 2705 4676 καὶ
2752 4623 2965 4686 ὲνιαίας
2996 4620 3186 4685 οὐσίας
3216 4620 3447 4691 θάτερον
3480 4615 3599 4687 μὲν,
3624 4610 3683 4663 τὶ

2115 4719 2216 4789 τῆς
2252 4717 2552 4788 συνθήκης,
2586 4716 3040 4786 ἀπηγορευμένον
3075 4715 3188 4776 τοῖς
3227 4711 3396 4776 θείοις
3424 4703 3677 4778 ἐνομίσθη

2116 4809 2388 4881 Πατράσι,
2423 4809 2651 4877 θάτερον
2676 4808 2756 4870 δὲ,
2780 4807 2841 4861 τὸ
2871 4806 2972 4875 τῆς
2999 4807 3061 4858 ὲκ
3087 4804 3279 4859 πασῶν
3311 4804 3418 4857 τῶν
3450 4794 3678 4853 κτιστῶν

2115 4904 2407 4973 διαστολῆς
2470 4901 2693 4964 οὐσιῶν,
2728 4902 2827 4954 καὶ
2881 4899 3090 4970 σφόδρα
3150 4897 3523 4951 συνδέδοκτοιι⁸
3555 4891 3679 4943 ἐνω-

2116 4995 2316 5049 θεισῶν
2359 4998 2469 5064 γάρ
2518 4991 2802 5062 ἀλλήλαις,
2863 4991 3017 5061 φησὶ,
3072 4989 3312 5065 τῶνδύο
3352 4987 3565 5057 φύσεων
3603 4982 3679 5041 εἰς

2044 5133 2088 5185 D
2123 5085 2254 5154 μίαν
2294 5084 2601 5136 ὑπόστασιν
2637 5081 2733 5134 τοῦ
2767 5082 2899 5135 Υἱοῦ
2929 5079 3023 5133 τοῦ
3083 5080 3242 5141 Θεοῦ,
3294 5077 3559 5142 σώζεσθαι
3590 5071 3669 5125 αὑ·

2158 5176 2184 5185 -
2318 5176 2330 5185 ι
2468 5176 2480 5185 ι
2571 5172 2584 5185 ι
2603 5174 2626 5185 Α
2723 5175 2746 5185 μ
2931 5174 2942 5185 ι
3024 5174 3037 5185 ι
3090 5172 3139 5185 ιι.
3319 5172 3342 5185 Α
3391 5171 3401 5185 ρ
3518 5184 3525 5185 ,
3554 5183 3564 5185 _
3591 5162 3669 5185 ---Ἰ

2115 5176 2227 5230 τῶν
2278 5176 2378 5246 τὴν
2431 5172 2662 5245 οὐσιὼδη
2719 5174 2986 5246 διαφοράν
3016 5172 3271 5245 ὁρίζοντα
3318 5171 3565 5239 θεότητος
3589 5162 3679 5218 καὶ

2111 5265 2212 5321 ἀνθ
2221 5266 2556 5335 ρωπότητος.
3444 5248 3450 5253 ’

2182 5356 2262 5412 Z'.
2293 5339 2527 5427 Τι’πρδς
2555 5357 2730 5411 ταῦτα
2763 5358 2891 5430 φὴς,
2920 5352 2964 5410 ὦ
3002 5357 3122 5425 φίλε
3172 5356 3440 5424 Θεότιμε;
3469 5344 3543 5401 Ἦ
3574 5341 3675 5411 γὰρ

2115 5450 2176 5504 οὐ
2202 5449 2487 5518 λεληθέναι
2512 5450 2658 5502 δοκεῖ
2687 5467 2769 5502 σοι
2795 5451 2979 5519 σαφῶς
3006 5450 3197 5501 ἑαυτὸν
3219 5452 3246 5501 ὁ
3273 5443 3527 5512 Παλαμᾶς
3551 5436 3675 5507 β²κ“

2118 5541 2419 5613 χικὼτερον
2487 5541 2631 5592 κατὰ
2684 5543 2808 5604 τοὺς
2850 5542 3231 5609 ,μαινομένους
3296 5538 3492 5608 τρόπον
3552 5526 3666 5583 ταῖς

2121 5634 2295 5697 θείαις
2320 5633 2566 5704 Γραφαῖς
2596 5633 2866 5703 προσιὼν,
2898 5634 2995 5685 καὶ
3036 5630 3397 5703 μεθαρμόζων
3431 5619 3671 5693 ἀμούσως

2124 5725 2220 5779 καὶ
2267 5724 2461 5795 πόρρω
2509 5723 2649 5776 θέων
2697 5724 2947 5795 βαλϐῖδος
2993 5727 3193 5787 εἰπεῖν,
3254 5723 3370 5783 πῶς
3398 5717 3491 5789 μὲν
3519 5706 3669 5764 ἑκὼν.

2127 5815 2242 5879 πῶς
2273 5812 2337 5886 [ί.
2370 5813 2469 5869 169
2492 5812 2542 5884 πρ]
2576 5814 2619 5868 δ’
2647 5817 2742 5885 οὐχ
2786 5819 2946 5887 ἑκὼν,
2991 5817 3083 5872 καὶ
3119 5815 3311 5887 μηδέσι
3362 5796 3669 5879 συμφωνῶνν
