4034 6470
314 358 414 422 317
1274 356 1595 417 BYZANTI
1609 354 1728 414 NIE
1741 396 1755 408 .
1770 351 1919 413 llIS'.

2025 353 2158 412 ΗΕ
2196 355 2346 417 LIB.
2390 355 2611 427 XXXI.
2888 424 2895 427 μ
3478 352 3584 416 318

319 472 461 538 μήτε
502 471 616 531 τοῖς
644 468 871 531 οίκείοις
901 468 999 522 καὶ
1029 466 1416 538 ὁμογνώμοσιν
1467 465 1616 537 αὖτῴ
1642 464 1742 533 τὴν
1766 463 1896 515 δυσ-

2025 462 2127 517 atis
2150 464 2314 520 sociis
2339 481 2444 520 nec
2471 482 2597 519 cum
2619 462 2949 519 adversariis
2972 477 3073 519 nec
3093 477 3218 518 cum
3244 462 3540 530 semetipso
3562 465 3585 517 ‘!

317 562 566 625 ςέὸειαν,
602 563 741 632 μήτε
783 563 894 623 τοῖς
936 559 1263 623 ἀντιθέτοις,
1305 559 1433 630 μήθ’
1480 559 1697 628 ἐαυτῷ;
1730 558 1792 612 Ei
1840 557 1897 610 δὲ

2025 557 2061 613 Si
2104 557 2308 612 morari
2344 558 2623 627 paulisper
2647 557 2804 621 velis,
2837 556 3032 611 audias
3053 571 3173 624 qua:
3206 556 3424 608 interim
3456 555 3591 611 Gre-

317 651 518 723 βούλει.
557 652 754 724 μικρὸν
794 653 1102 722 ἀναμείνας
1130 650 1342 722 ἀκούσῃ
1371 649 1523 704 καὶᾶ
1564 650 1768 721 μεταξὺ
1808 649 1900 702 λέ-

2025 663 2162 718 {oras
2187 649 2256 703 de
2278 648 2517 703 Palamae
2546 649 2781 702 stultitia
2806 646 3083 701 conclusit
3109 653 3167 700 et
3209 646 3462 715 protulit.
3493 646 3589 699 llla

318 759 434 810 γων
480 743 510 796 ὁ
558 741 850 812 Γρηγορᾶς
886 743 1146 813 περὶτῆς
1195 743 1288 797 τοῦ
1328 742 1566 813 Παλαμᾶ
1609 743 1899 806 κακονοίας

2025 741 2248 813 [uidem,
2290 741 2491 811 inquit,
2552 758 2659 795 non
2700 741 3041 811 aggreditur,
3095 753 3298 794 verens
3344 753 3413 793 ne
3459 739 3587 791 inde

321 832 704 901 συνελογίσατό
735 850 796 886 τε
852 834 951 886 καὶ
987 834 1337 905 ἀπεφήνατο.
1373 834 1590 889 Ἐκεῖνα
1621 834 1721 901 μὲν
1765 836 1896 906 γὰρ,

2025 846 2196 891 :ontra
2246 849 2309 891 se
2360 835 2543 891 statim
2600 844 2887 888 moveatur
2936 814 3234 898 accusa’tio,
3287 831 3432 901 quod
3467 831 3585 898 ipse

320 928 510 995 φησιν,
552 926 614 979 οὐ
655 926 966 994 προσίεται,
999 925 1188 993 δεδιὼς
1239 930 1329 981 τὸν
1381 929 1609 983 αὐτόθεν
1651 930 1771 984 κατ’
1801 930 1898 983 αύ-

2026 943 2060 981 n
2093 926 2298 981 deitate
2330 925 2790 995 compositionem
2843 926 3048 993 cogitat
3085 933 3139 977 et
3174 922 3404 991 profert.
3467 922 3593 976 llaec

320 1017 417 1071 τοῦ
475 1018 748 1086 φυόμενον
774 1019 1002 1089 ἔλεγχον
1036 1020 1102 1072 ὲκ
1146 1019 1241 1072 τοῦ
1277 1020 1608 1084 εὐθέος,’ἆτε
1645 1021 1899 1077 σύνθεσιν

2025 1034 2137 1074 rero
2168 1019 2223 1072 in
2271 1018 2609 1073 oblivionem
2645 1026 2842 1085 sponte
2875 1016 3043 1069 mittit
3073 1016 3277 1093 quippe
3318 1014 3384 1068 iis
3422 1030 3590 1096 repu-

320 1108 482 1170 αὐτὸς
511 1109 652 1161 κατὰ
682 1110 787 1178 τῆς
829 1109 979 1173 θείας
1030 1110 1263 1163 ἐπινοῶν
1311 1111 1407 1164 καὶ
1450 1111 1627 1180 λέγων
1671 1114 1894 1177 οὐσίας’

2025 1124 2176 1176 :nans
2200 1118 2254 1166 et
2272 1109 2434 1163 dictis
2465 1119 2521 1164 et
2550 1108 2788 1177 scriptis.
2812 1107 3039 1162 Manere
3073 1106 3217 1160 enim
3246 1115 3472 1161 sanctus
3501 1104 3591 1157 di-

319 1194 493 1249 ταῦτα
522 1197 568 1248 δ’
602 1195 671 1252 αὖ
719 1197 894 1268 λήθης
937 1195 1081 1250 ἑκὼν
1138 1199 1508 1268 παραπέμπει
1546 1200 1747 1269 βυθοῖς,
1798 1200 1895 1254 ἅτε

2025 1204 2075 1259 :it
2115 1201 2387 1257 invisibile
2418 1200 2716 1263 invisibile,
2752 1200 3025 1253 inﬁnitum
3048 1198 3347 1264 inﬁnitum,
3375 1197 3589 1252 increa-

324 1285 415 1337 καὶ
440 1286 626 1349 αὐτοῖς
677 1285 1096 1358 ἐναντιούμενος
1152 1289 1414 1362 ἄντικρυς
1466 1293 1560 1347 καὶ
1596 1292 1771 1360 λέγων
1801 1295 1898 1349 καὶ

2027 1310 2116 1350 um
2149 1294 2409 1350 similiter
2438 1302 2496 1350 et
2526 1291 2906 1356 indeﬁnitum,
2934 1300 2989 1347 et
3017 1292 3087 1345 ita
3121 1305 3343 1345 manere
3397 1300 3591 1361 aperte

322 1377 572 1448 γράφων.
606 1380 1001 1448 Μεμενηκέναι
1026 1382 1133 1451 γὰρ
1163 1383 1191 1436 ὁ
1220 1382 1376 1451 ἅγιος
1417 1382 1523 1452 ἔφη
1565 1386 1627 1436 τὸ
1663 1385 1898 1454 ἀόρατον

2025 1387 2236 1442 luarum
2285 1397 2610 1441 naturarum
2645 1384 2992 1441 essentialem
3022 1381 3188 1453 359
3235 1383 3586 1437 varietatem.

322 1470 559 1539 ἀόρατον
590 1470 685 1522 καὶ
712 1470 774 1523 τὸ
801 1472 1223 1543 ἀπερίγραπτον
1256 1475 1694 1546 ἀπερίγραπτον,
1720 1475 1814 1529 καὶ
1836 1475 1898 1529 τὸ

2029 1483 2098 1538 lle
2122 1496 2252 1537 vero
2276 1480 2464 1535 miscet
2502 1495 2615 1534 non
2644 1479 2947 1542 miscenda,
2977 1491 3210 1546 prorsus
3240 1474 3590 1530 confundens

320 1563 576 1615 ἄκτιστον
609 1562 813 1632 ὁμοίως
854 1567 952 1618 καὶ
994 1565 1055 1617 τὸ
1100 1565 1355 1636 ἄπειρον,
1403 1568 1497 1620 καὶ
1534 1566 1679 1622 οὕτω
1725 1567 1900 1632 σώζε-

2025 1585 2054 1625 ιν
2079 1571 2409 1643 perturbans
2430 1569 2669 1640 maligne
2686 1578 2744 1623 et
2773 1567 3015 1622 indocte.
3042 1564 3233 1634 Neque
3262 1567 3412 1620 enim
3441 1564 3588 1618 invi-

320 1647 447 1701 σθαι
477 1649 668 1718 σαφῶς
702 1649 802 1721 τὴν
835 1651 942 1705 τῶν
972 1651 1066 1706 δύο
1097 1651 1315 1722 φύσεων
1340 1654 1573 1724 ούσιώδη
1596 1656 1894 1727 διαφοράν·

2025 1662 2414 1727 tibile;manere
2433 1659 2708 1715 invisibile
2733 1658 2991 1715 concedit
3009 1656 3316 1713 secundum
3359 1654 3592 1711 inet-cati

317 1746 344 1795 ό
373 1741 431 1795 δὲ
458 1742 679 1809 μιγνύει
701 1742 772 1797 τὰ
799 1744 1031 1814 ἄμικτα,
1063 1744 1277 1817 φύρδην
1309 1747 1484 1813 οὕτως
1524 1749 1772 1818 συγχέων
1802 1750 1898 1829 καὶ

2025 1766 2061 1810 ιι
2092 1753 2361 1810 indetiniti
2413 1763 2667 1809 naturam
2708 1762 2766 1807 et
2801 1751 3211 1821 proprietatem,
3265 1765 3442 1819 neque
3469 1749 3591 1802 inli-

318 1836 695 1906 ἁνακεραννὺς
721 1814 1089 1909 κακοτρόπως
1120 1814 1216 1893 καὶ
1231 1814 1355 1909 ’ἅμα
1367 1840 1493 1903 θῶς.
1525 1814 1665 1894 Οὔτε
1692 1842 1801 1911 γὰρ
1820 1824 1895 1895 ’τὸ

2025 1850 2179 1904 litum
2205 1846 2505 1907 inﬁnitum,
2527 1845 2621 1900 sed
2646 1846 2698 1899 in
2722 1843 2860 1898 ﬁniti
2895 1855 2950 1898 et
2979 1843 3217 1897 visibilis
3256 1814 3447 1895 natura
3480 1842 3598 1895 haec

318 1926 553 1996 ἀόρατον
586 1928 772 1997 μένειν
804 1929 1043 1999 ἀόρατον
1070 1929 1255 1985 δίδωσι
1302 1932 1447 1986 κατὰ
1487 1933 1587 2003 τὴν
1616 1933 1711 1987 τοῦ
1746 1935 1901 1987 ἀκτί-

2025 1951 2191 1995 :ontra
2208 1948 2460 1993 naturam
2491 1938 2694 1993 stultus
2711 1937 2799 1992 ille
2819 1937 3102 1990 consociat
3127 1948 3250 1989 cum
3279 1943 3590 1988 ereatorum

321 2036 451 2073 στου
486 2037 546 2073 τε
587 2021 683 2073 καὶ
733 2022 968 2093 ἀπείρου
1024 2022 1190 2093 φύσιν
1229 2024 1328 2078 καὶ
1380 2025 1641 2096 ἰδιότητα,
1689 2026 1814 2081 οὔτε
1841 2029 1901 2081 τὸ

2025 2042 2224 2088 natura.
2256 2030 2544 2098 Quomodo
2577 2038 2765 2099 posset
2797 2029 3101 2083 increatum
3134 2040 3356 2080 manere
3390 2026 3600 2079 increa-

321 2113 743 2183 ἀπερίγραπτον
786 2114 1205 2187 ἅπερίγραπτον
1226 2133 1242 2147 ο
1289 2117 1405 2171 ἀλλ’
1434 2120 1491 2172 ὲν
1521 2122 1587 2191 τῇ
1616 2120 1712 2175 τοῦ
1743 2139 1903 2192 περι-

2025 2139 2122 2179 .um
2160 2132 2216 2176 et
2267 2120 2489 2175 visibile
2540 2128 2598 2175 et
2642 2117 3006 2189 perceptibile
3056 2117 3339 2185 corporeis
3394 2114 3592 2177 oculis,

320 2206 567 2274 γραπτοῦ
598 2208 694 2261 καὶ
726 2207 923 2276 ὁρατοῦ
949 2209 1110 2278 φύσει
1152 2211 1325 2275 ταῦτα
1349 2212 1498 2283 παρὰ
1536 2213 1699 2280 φύσιν
1722 2215 1750 2267 ὀ
1790 2216 1901 2284 μά-

2025 2213 2152 2284 ιιιοό
2189 2230 2255 2270 ne
2283 2212 2614 2271 mentalibus
2647 2209 2872 2279 quidem
2921 2217 2978 2263 et
3028 2207 3182 2277 puris
3232 2206 3394 2276 plane
3439 2204 3597 2259 cerni

322 2315 472 2363 ταιος
508 2300 866 2367 συνελαύνει,
896 2304 993 2357 καὶ
1020 2303 1142 2372 ἅμα
1165 2306 1231 2375 τῇ
1267 2305 1375 2358 τῶν
1414 2307 1753 2376 κτισμάτων.
1779 2308 1903 2370 Πῶς

2025 2304 2223 2359 )οι‹ξει“2
2254 2304 2405 2359 Hanc
2427 2302 2674 2357 eamdem
2706 2299 3014 2354 doctrinam
3046 2306 3269 2352 secutus
3290 2295 3597 2366 Gregorius

325 2387 433 2459 γὰρ
446 2387 511 2442 ἂν
536 2389 616 2444 ἔτι
645 2389 869 2443 δύναιτο
898 2390 1080 2461 μένειν
1102 2393 1165 2445 τὸ
1193 2393 1453 2449 ἄκτιστον
1474 2395 1733 2449 ᾶκτιστον
1764 2398 1905 2469 ὁρώ-

2025 2397 2291 2468 Nyssenus
2350 2396 2485 2450 dicit
2516 2411 2531 2448 :
2566 2393 2806 2448 Finitum
2836 2392 3165 2445 immensum
3196 2404 3317 2443 esse
3352 2404 3460 2442 non
3500 2401 3600 2456 po-

329 2478 490 2546 μενόν
517 2495 577 2530 τε
601 2479 693 2532 καὶ
718 2482 1199 2550 περιγραφόμενον
1223 2486 1560 2552 σωματικοῖς
1577 2485 1903 2558 ὀφθαλμοῖς,

2025 2501 2135 2548 .est.
2160 2490 2315 2557 Quod
2352 2504 2488 2545 vero
2511 2490 2842 2543 immensum
2877 2501 2987 2540 non
3026 2497 3134 2548 est,
3163 2482 3593 2538 determinatqu

324 2568 386 2620 τί
449 2571 677 2638 νοεροῖς,
740 2570 836 2624 καὶ¹
882 2571 1058 2625 ταῦτα
1101 2573 1562 2645 κεκαθαρμένοις,
1617 2577 1730 2630 οὐδ’
1771 2578 1907 2643 ὅλως

2025 2584 2254 2639 )mniuo.
2281 2580 2688 2636 Determinatus
2711 2578 2878 2647 igitur
2906 2578 2999 2631 ille
3023 2588 3078 2632 et
3117 2591 3149 2629 a
3183 2575 3372 2629 divina
3399 2589 3593 2628 essen-

323 2659 639 2729 δυνάμενον;
656 2663 731 2725 ὡς
748 2663 855 2733 γὰρ
871 2665 904 2735 ἦ
926 2681 986 2716 τε
1005 2667 1283 2739 ἐπιστήμη
1300 2668 1395 2720 καὶ
1411 2669 1439 2721 ό
1453 2668 1624 2740 ταύτῃ
1638 2672 1905 2741 ἑπόμενος

2025 2675 2085 2730 .ia
2125 2674 2380 2729 diversus
2418 2671 2812 2727 Palamitarum
2861 2668 3144 2727 increatus
3199 2666 3343 2721 Deus
3389 2676 3599 2719 aeterno

326 2752 555 2824 Νύσσης
581 2754 888 2825 Γρηγόριος
917 2756 1142 2824 φάσκει,
1175 2758 1238 2811 τὸ
1286 2763 1809 2832 περιγεγραμμένον
1840 2764 1906 2818 ἇ-

2025 2776 2066 2820 tt
2107 2766 2357 2820 increato
2389 2761 2623 2816 Palamte
2670 2769 2940 2827 cognatus
2971 2766 3076 2811 est.
3122 2754 3231 2811 Sua
3261 2756 3409 2809 enim
3445 2754 3595 2807 illum

327 2860 518 2913 πειρον
541 2845 602 2897 ού
625 2845 850 2899 δύναται
877 2843 1054 2900 εἶναι’
1090 2846 1151 2920 [ἶ.
1184 2846 1290 2902 170
1314 2848 1389 2920 r.]
1412 2848 1440 2902 ὃ
1464 2851 1520 2902 δὲ
1553 2852 1629 2923 μὴ
1651 2854 1905 2924 ἄπειρον,

2025 2857 2352 2911 :onvineunt
2382 2853 2606 2922 scripta.
2655 2862 2714 2906 ut
2740 2866 2802 2905 se
2830 2850 3008 2918 ipsum
3040 2848 3293 2902 ostendet
3317 2848 3445 2901 et‘si
3474 2848 3600 2912 quis

330 2937 757 3005 πεπερασμένον
782 2937 1025 3002 πάντως.
1066 2941 1496 3013 Πεπερασμὲνος
1521 2944 1633 3015 ἄρα
1664 2949 1692 2999 ό
1719 2947 1907 3016 διάφο-

2025 2947 2078 3003 Id
2109 2963 2235 3004 eum
2270 2945 2535 3000 accedere
2568 2942 2720 3005 velit,
2760 2955 2954 3020 omnes
2998 2939 3160 3007 plane
3210 2938 3485 2991 increatos
3536 2951 3599 2988 se

332 3045 427 3097 ρος
449 3029 545 3099 τῆς
574 3029 724 3093 θείας
761 3030 950 3096 οὐσίας
994 3032 1320 3104 Παλαμίτης
1356 3035 1616 3102 ἇκτιστος
1643 3039 1777 3101 Θεὸς
1810 3042 1909 3095 καί⁹

2025 3042 2193 3097 Tacere
2226 3053 2389 3109 posse
2418 3036 2702 3106 promens;
2741 3033 2814 3086 ita
2853 3030 3059 3086 venalis
3104 3026 3459 3084 increationis
3503 3042 3596 3080 res

330 3121 576 3213 δμοφυὴς
603 3121 681 3192 τῷ
728 3123 950 3195 ἀνάρχῳ
983 3125 1077 3178 καὶ
1117 3126 1359 3197 ἀκτίστῳ
1389 3130 1600 3197 γίνεται
1636 3132 1893 3205 Παλαμᾷ.

2025 3143 2143 3186 acta
2174 3140 2258 3185 est
2284 3128 2497 3198 abjecto
2524 3126 2654 3180 huic
2682 3123 2914 3187 homini,
2940 3121 3097 3192 quasi
3128 3121 3254 3190 quis
3283 3127 3434 3174 emat
3470 3133 3600 3188 pre-

310 3210 410 3279 ,Ύὰ
434 3213 542 3284 γὰρ
560 3216 748 3268 τούτου
775 3214 964 3269 τοῦτον
987 3217 1198 3288 ἐλέγχει
1226 3220 1555 3290 γράμματα,
1578 3222 1655 3287 ὡς
1677 3224 1897 3296 δειχθή-

2025 3229 2085 3281 ,io
2117 3223 2393 3279 drachma:
2427 3221 2479 3272 in
2512 3218 2650 3273 foro.

330 3326 484 3364 σεται
542 3310 734 3363 ἑαυτόν
763 3327 824 3364 τε
858 3315 953 3365 καὶ
1007 3312 1064 3365 εἰ
1104 3330 1188 3376 τις
1218 3313 1463 3383 βούλοιτό
1526 3317 1578 3370 οἱ
1651 3321 1962 3389 προσιέναι,
1999 3322 2212 3381 πάντας
2270 3315 2442 3384 ἄρδην
2476 3313 2767 3370 ἀκτίστου;
2807 3311 3071 3366 δύνασθαι
3117 3312 3292 3363 ποιεῖν
3324 3304 3602 3377 ίσχυριξό-

334 3418 491 3474 μενος
516 3418 531 3433 ⁸
560 3403 737 3469 οὕτως
768 3403 967 3459 εὔωνον
1005 3407 1324 3463 παντάπασι
1353 3407 1413 3461 τὸ
1445 3408 1546 3480 τῆς
1602 3410 1996 3487 ἀκτιστότητος
2049 3412 2245 3483 γέγονε
2277 3409 2468 3478 χρῆμα
2530 3403 2610 3474 τῷ
2648 3402 2970 3474 καταράτῳ,
2996 3402 3088 3457 καὶ
3118 3397 3229 3457 οἷον
3285 3399 3352 3454 ἂν
3389 3399 3450 3464 ἐξ
3472 3400 3604 3468 ἀγο-

334 3498 432 3571 ρᾶς
457 3513 540 3559 τις
562 3497 783 3566 πρίαιτο
814 3499 1091 3571 δραχμῆς.

403 3592 486 3647 ll'.
520 3592 725 3648 Ἐκεῖνο
755 3593 812 3648 δὲ
844 3596 960 3659 πῶς
992 3598 1057 3652 ἄν
1086 3615 1172 3662 τις
1199 3599 1384 3667 κωφὸν
1415 3600 1791 3673 παραδράμοι,
1822 3603 1907 3667 τὸ,

332 3685 490 3739 Ἐπεὶ
518 3685 617 3755 μία
656 3685 751 3739 καὶ
775 3687 992 3757 ἀμερὴς
1029 3689 1063 3759 ἡ
1098 3687 1194 3742 τοῦ
1235 3689 1373 3743 Θεοῦ
1413 3691 1588 3759 οὐσία,
1614 3693 1716 3749 ,διὰ
1753 3693 1912 3749 τοῦτο

335 3777 596 3846 διαφορὰς
636 3777 735 3830 οὐκ
773 3776 886 3847 ἔχει
925 3779 1224 3846 οὐσιῶδειςς
1259 3781 1458 3853 Ἐχρῆν
1490 3784 1602 3856 γὰρ
1642 3786 1791 3856 αὐτῷ
1835 3786 1911 3857 μὴ

336 3870 656 3941 ἀνατρέπειν
687 3871 813 3933 τοὺς
843 3873 1002 3939 ὅρους
1034 3873 1128 3925 και
1155 3872 1280 3936 τοὺς
1314 3877 1778 3947 ὲπιστημονικοὺς
1811 3894 1912 3931 κα-

335 3961 488 4026 νόνας
522 3962 617 4016 τοῦ
647 3980 708 4016 τε
737 3961 911 4016 αἰτίου
945 3964 1041 4016 καὶ
1073 3965 1344 4028 αίτιατοῦ,
1377 3969 1500 4039 μηδ’
1528 3968 1912 4041 ἀντιστρέφειν

338 4054 567 4124 ἀμαθῶς
596 4055 793 4108 οὑτωσί
817 4071 831 4086 ·
864 4057 957 4108 ἐπὶ
985 4058 1095 4126 γὰρ
1121 4057 1231 4111 τῶν
1268 4057 1414 4112 ἰδίων
1441 4076 1500 4113 τε
1530 4061 1626 4113 καὶ
1657 4062 1789 4115 ἴσων
1817 4061 1915 4114 ἀλ-

337 4145 518 4217 λήλοις
546 4146 613 4198 τὰ
639 4145 737 4216 τῆς
767 4148 1134 4217 ἀντιστροφῆς
1168 4151 1565 4219 συγχωρεῖται,
1599 4149 1673 4214 ὡς
1701 4150 1794 4204 τοῦ
1822 4168 1915 4220 γε·

338 4237 598 4292 λαστικοῦ
630 4238 724 4292 τοῦ
767 4239 1061 4305 ἀνθρώπου
1101 4240 1197 4293 καὶ
1228 4239 1320 4293 τοῦ
1362 4239 1786 4310 χρεμετιστικοῦ
1820 4242 1915 4295 τοῦ

2091 3593 2230 3651 Vlll.
2267 3589 2558 3660 Quomodo
2590 3588 2867 3658 quispiam
2905 3593 3109 3645 temere
3130 3593 3418 3655 praetereat
3445 3585 3606 3645 illud,

2019 3689 2160 3746 Cum
2198 3702 2306 3740 una
2330 3694 2388 3739 et
2415 3682 2695 3753 impartita
2729 3679 2825 3734 Dei
2856 3677 3096 3733 essentia
3117 3687 3223 3741 est,
3259 3677 3384 3732 ideo
3410 3692 3607 3732 essen-

2019 3780 2176 3835 tiales
2204 3775 2545 3833 diﬁcreutias
2571 3788 2681 3828 non
2712 3770 2906 3826 habet?
2942 3769 3243 3840 Oportebat
3283 3769 3449 3839 360
3477 3785 3613 3824 etmr

2018 3887 2130 3926 non
2164 3869 2301 3925 ﬁnes
2332 3866 2602 3923 excedere
2645 3875 2705 3921 et
2743 3862 3015 3921 doctrina:
3066 3862 3285 3932 regulas
3334 3861 3403 3915 de
3439 3876 3607 3916 causa

2018 3972 2075 4018 et
2106 3969 2353 4025 causam,
2380 3974 2560 4029 neque
2590 3969 2698 4013 tam
2722 3957 2945 4012 indocte
2982 3969 3324 4025 oppugnare.
3373 3954 3509 4007 Nam
3550 3953 3605 4005 in

2018 4052 2293 4110 similibus
2336 4061 2392 4105 et
2422 4050 2653 4120 paribus
2684 4046 3104 4117 transpositioui
3138 4048 3292 4103 locus
3324 4052 3430 4109 est,
3455 4044 3619 4097 velut

2020 4146 2263 4203 hominis
2295 4143 2600 4200 cachinnus
2631 4152 2689 4198 et
2717 4139 2847 4209 equi
2874 4138 3299 4201 hinnitus,.nec
3332 4137 3407 4192 ibi
3428 4137 3624 4207 majus.

2021 4248 2078 4295 et
2106 4239 2310 4300 minus,
2367 4242 2461 4290 aut
2488 4235 2727 4304 primum
2763 4241 2819 4286 et
2866 4231 3101 4287 alterum
3151 4229 3357 4284 habent
3400 4228 3615 4282 locum-

338 4333 506 4386 ἵππου
527 4374 543 4399 ,
576 4332 670 4385 καὶ
704 4333 805 4387 οὐκ
836 4331 966 4386 ἔνθα
993 4333 1056 4384 τὸ
1092 4331 1277 4401 μεῖζόν
1314 4349 1367 4385 τε
1404 4333 1499 4386 καὶ
1533 4333 1753 4388 ἔλαττον
1787 4334 1820 4405 ἢ
1855 4335 1917 4387 τὸ

2025 4332 2197 4387 Causa
2225 4329 2372 4384 enim
2396 4337 2480 4383 est
2517 4337 2574 4382 et
2596 4326 2862 4397 primum,
2897 4339 3010 4379 non
3038 4334 3100 4378 ut
3125 4322 3245 4392 ipse
3264 4320 3488 4375 indocte
3519 4319 3609 4373 di—

340 4422 560 4494 πρῶτον
578 4422 674 4476 καὶ
694 4422 944 4493 δεύτερον
969 4424 1274 4496 θεωρεῖται.
1302 4424 1485 4479 Αἴτιον
1507 4426 1617 4497 γὰρ
1639 4426 1918 4481 κάνταῦθα

2025 4424 2122 4488 cit,
2150 4422 2296 4492 quod
2329 4418 2608 4490 impartita
2635 4416 2904 4481 essentia,
2935 4415 3145 4471 idcirco
3175 4413 3473 4468 varietates
3496 4424 3627 4465 non.

339 4488 436 4568 καὶ
466 4513 716 4585 πρῶτον,
746 4488 945 4586 οὑχ-ὡς
975 4488 1205 4584 ἀμαθῶς
1235 4515 1394 4579 αὑτός
1425 4488 1598 4587 φησιξ
1621 4517 1756 4571 διότι
1784 4520 1919 4589 ἁμε-

2025 4488 2190 4570 habet
2206 4488 2548 4580 essentiales,
2580 4510 2676 4567 sed
2715 4507 3142 4575 contrarium,si
3164 4507 3290 4576 quis
3310 4504 3446 4563 illud
3476 4518 3633 4559 εσυ-μ

341 4606 439 4678 Pii;
465 4607 499 4679 ἡ
531 4605 708 4673 οὐσία,
735 4608 823 4661 διὰ
846 4605 1007 4660 τοῦτο
1032 4607 1297 4676 διαφορὰς
1327 4609 1428 4662 οὐκ
1455 4607 1569 4680 ἔχει
1597 4607 1882 4670 οὐσιῶδεις
1903 4626 1918 4641 ο

339 4696 477 4752 ἀλλὰ
501 4697 830 4765 τούναντίον,
859 4698 907 4750 εί
935 4699 1032 4751 καὶ
1060 4697 1220 4752 τοῦτο
1245 4698 1364 4767 δοίη
1391 4714 1477 4762 τις
1502 4697 1761 4765 ἐνταῦθα,
1786 4698 1922 4752 διότι

342 4784 604 4855 διαφορὰς
631 4784 731 4837 οὐκ
756 4784 870 4855 ἔχει
900 4783 1201 4850 οὐσιώδεις,
1230 4785 1322 4838 διὰ
1348 4784 1494 4838 τοῦτ’
1522 4785 1653 4849 ἴσως
1680 4787 1801 4840 ἐστὶ
1827 4786 1925 4839 καὶ

342 4871 577 4943 ἀμερής.
614 4873 807 4927 Καίτοι
848 4874 1016 4944 ἐχρῆν
1052 4871 1334 4927 κάνταῦθα
1369 4873 1636 4944 τεχνικῶς
1678 4874 1923 4927 διελόντα

346 4964 610 5036 πρότερον
652 4967 846 5029 εἰπεῖν,
891 4964 1128 5037 ποτέρας
1173 4963 1282 5019 τῶν
1325 4964 1602 5020 οὐσιωδῶν
1648 4965 1923 5037 διαφορῶν

344 5056 581 5112 ἐνταῦθα
611 5056 899 5127 λαμϐάνει.
927 5056 1041 5119 Τὰς
1076 5058 1174 5126 μὲν
1202 5057 1314 5127 γάρ
1346 5073 1513 5126 φασιν
1543 5053 1684 5111 εἶναι
1712 5057 1837 5112 καθ’
1857 5058 1923 5122 ἃς

346 5150 554 5203 ἄνωθεν
586 5150 736 5203 κάτω
765 5149 835 5201 τὰ
868 5148 998 5218 γένη
1031 5147 1318 5218 διαιρεῖται
1353 5149 1433 5211 είς
1465 5148 1581 5220 εἴδη
1618 5151 1714 5203 καὶ
1748 5149 1923 5204 ταῦτα

346 5245 424 5306 εἰς
446 5241 648 5309 ἄτομα,
674 5240 861 5313 [L170
883 5239 959 5313 υ.]
984 5240 1015 5311 ἦ
1043 5240 1243 5310 μᾶλλον
1265 5242 1439 5295 εἰπεῖν
1460 5242 1529 5295 τὰ
1551 5243 1649 5295 ὅλα
1673 5243 1750 5305 είς
1780 5241 1921 5313 μέρη

349 5335 491 5404 (ὅλον
523 5333 634 5404 γὰρ
670 5334 962 5404 ἑκάτερον,
997 5336 1056 5387 τό
1091 5350 1152 5386 τε
1199 5331 1349 5401 γένος
1389 5332 1485 5386 καὶ
1518 5334 1579 5386 τὸ
1618 5328 1791 5400 εἶδος,
1830 5337 1924 5390 atat

346 5428 447 5479 ὅσα
476 5426 676 5478 οὑτωσὶ
704 5426 842 5497 πρὸς
872 5425 1007 5478 ἄλλα
1037 5424 1371 5495 διαιρεῖται),
1401 5425 1500 5488 τὰς
1529 5424 1585 5477 δὲ
1616 5426 1739 5478 καθ’
1764 5425 1828 5489 ἃς
1855 5427 1924 5480 τὰ

349 5517 690 5588 δ.αιρεθέντα
718 5518 1086 5573 είδοποιεῖται.
1114 5518 1302 5587 Ὅμως
1334 5517 1393 5580 ἐξ
1421 5512 1487 5589 ἧς
1518 5518 1769 5587 ἐπιφέρει
1796 5535 1925 5590 γρα-

350 5609 519 5678 φικῆς
554 5609 889 5680 μαρτυρίας,
919 5608 1078 5678 δῆλον
1105 5610 1250 5670 ὅπως
1281 5608 1411 5659 ποτὲ
1444 5607 1718 5660 καὶτοῦτο
1750 5610 1925 5673 ποιεῖ,

352 5699 434 5752 ὅτι
459 5701 561 5762 τὰς
590 5698 926 5771 διαιρετικὰς
957 5702 1049 5753 καὶ
1079 5699 1285 5754 ἄνωθεν
1312 5701 1375 5752 ἐκ
1406 5699 1511 5751 τῶν
1541 5698 1699 5765 φύσει
1731 5698 1924 5767 προτέ-

356 5808 463 5859 ρων
488 5791 568 5857 είς
592 5791 650 5847 τὸ
677 5794 824 5847 κάτω
858 5791 1215 5864 μεριζομένας
1247 5792 1447 5863 πλῆθος
1474 5790 1746 5862 ὁμολογεῖ,
1774 5793 1920 5845 ἄκων

1928 5914 1955 5930 Ι

2022 4607 2202 4662 cedit:
2237 4604 2385 4675 quod
2415 4602 2714 4659 varietates
2741 4616 2851 4657 non
2877 4600 3044 4656 habet
3085 4598 3435 4661 essentiales,
3480 4609 3639 4665 εει-εο-

2024 4714 2135 4754 non
2169 4695 2455 4766 impartita
2488 4702 2596 4752 est.
2645 4693 2973 4762 Quanquam
3024 4703 3253 4747 necesse
3288 4698 3409 4742 erat
3448 4687 3631 4742 docte'

2022 4789 2457 4858 distinguentem
2488 4786 2646 4856 prius
2673 4785 2881 4848 dicere,
2906 4792 3093 4840 utram
3127 4780 3486 4837 essentialem
3520 4794 3633 4833 νει-ε

2022 4881 2279 4935 rietatetn
2335 4876 2591 4947 recipiat.
2642 4874 2778 4932 Esse
2808 4874 2958 4929 enim
3005 4872 3224 4938 dicunt,
3275 4870 3345 4926 ad
3396 4884 3538 4940 quas
3584 4885 3629 4924 ες

2023 4986 2245 5027 summo
2277 4970 2344 5027 ad
2375 4969 2548 5025 imum
2581 4983 2783 5039 genera
2808 4964 3134 5021 dividuntur
3164 4965 3221 5021 in
3276 4962 3511 5034 species,
3559 4969 3629 5016 et

2022 5064 2108 5118 hae
2155 5065 2207 5117 in
2230 5071 2409 5117 atoma
2442 5071 2535 5115 aut
2551 5059 2735 5130 potius
2761 5068 2876 5114 tcta
2903 5059 2959 5113 in
2982 5066 3191 5128 partes,
3220 5055 3421 5129 (totum
3463 5054 3623 5109 enim

2025 5164 2341 5225 utrumque,
2365 5169 2562 5225 genus,
2592 5151 2897 5222 species,et
2914 5165 3261 5221 quaecunque
3281 5149 3426 5205 inter
3446 5163 3505 5202 se
3528 5146 3621 5200 di-

2023 5244 2310 5313 viduntur)
2358 5256 2481 5298 esse
2531 5253 2739 5308 autem,
2773 5240 2840 5296 ad
2883 5255 3023 5311 quas
3075 5239 3255 5295 divisa
3283 5238 3618 5294 formantur.

2026 5334 2234 5390 Tamen
2259 5350 2327 5389 ex
2356 5333 2657 5404 Scriptura:
2685 5333 3028 5399 testimonio,
3060 5332 3208 5404 quod
3239 5331 3422 5395 affert,
3443 5329 3617 5384 etiam

2026 5427 2132 5483 hoc
2186 5427 2452 5490 declarat,
2486 5426 2799 5481 dividentes
2829 5436 2885 5479 et
2919 5442 3042 5497 quae
3072 5440 3103 5480 a
3147 5439 3364 5479 summo
3396 5423 3615 5492 priores

2027 5524 2224 5571 natura
2243 5524 2373 5571 sunt
2392 5515 2461 5569 ad
2491 5530 2782 5570 numerum
2805 5514 2944 5569 intra
2964 5514 3269 5569 divisarum
3289 5528 3349 5568 se
3370 5527 3610 5582 mquam.

2026 5607 2256 5663 Temere
2309 5617 2365 5663 et
2417 5607 2632 5661 indocte
2672 5605 2992 5676 quidem,at
3044 5607 3119 5659 ita
3145 5603 3294 5661 facit.
3335 5603 3608 5658 Pluralem

2027 5702 2090 5756 D.
2146 5700 2410 5756 Maximus
2442 5700 2518 5752 ait
2550 5714 2671 5753 esse
2722 5699 2892 5752 Deum
2939 5696 3373 5767 unumquodque
3411 5712 3606 5753 eorum

2028 5808 2147 5861 qua:
2179 5801 2305 5847 sunt
2352 5789 2683 5861 przccognito
2712 5796 2913 5844 eventu
2966 5787 3355 5859 multiplicata.
3385 5804 3609 5845 manere
