4034 6534
417 404 527 468 319
1611 414 2029 474 NICEPIIORI
2071 417 2460 477 GliEGORl‘I
3074 442 3087 449 ε
3598 417 3700 481 320

415 514 757 585 impartitum
793 532 961 572 unum
993 528 1054 574 ut
1078 521 1247 575 solem
1276 523 1476 577 multos
1513 524 1697 578 radios
1722 527 1984 579 emitten-

2112 526 2192 578 ιὲν
2220 527 2310 577 καὶ
2344 524 2572 589 ἀμαθῶς
2601 523 2743 576 κατὰ
2775 524 2833 577 τὸ
2863 524 3175 593 αὐτόματον
3205 525 3401 578 εἰπεῖν
3429 565 3445 588 ,
3481 531 3631 581 ποιεῖ
3656 519 3701 581 δ’

416 617 550 671 tem,
585 609 744 680 361
794 620 1114 665 manentem
1157 628 1292 667 vero
1345 615 1399 667 in
1437 615 1666 669 unitate.
1716 615 1988 671 Pluralcm

2112 613 2205 670 νῦν.
2239 617 2614 685 Πληθύνεσθαι
2648 618 2757 686 γὰρ
2786 617 2845 669 τὸ
2876 616 2967 668 τοῦ
2999 616 3147 669 θείου
3178 618 3396 685 φάσκει
3430 617 3702 687 Μαξίμου

415 713 540 753 esse
571 699 739 753 Deum
773 704 1125 772 praecognitis
1155 706 1467 766 eventibus.
1495 707 1599 760 hoc
1624 717 1732 771 est,
1765 717 1990 761 natura-

2112 708 2178 758 τὸν
2210 706 2344 757 Θεὸν
2373 706 2434 757 τὸ
2468 705 2591 758 καθ’
2615 708 2847 760 ἕκαστον
2879 707 2958 768 είς
2991 709 3345 776 παραγωγὴν
3378 707 3496 759 τῶν
3528 707 3701 763 ὅντων

415 789 562 844 libus
596 799 654 845 et
676 797 1196 862 supernaturalihus
1224 798 1537 864 miraculis;
1565 799 1765 854 divisio
1789 810 1845 853 et
1867 815 1993 869 par-

420 879 546 934 titio
607 889 692 934 est
724 883 792 935 ad
842 884 1281 939 similitudinem.
1334 890 1578 941 Assentit
1611 888 1994 945 fraudulentus

416 968 506 1023 ille
535 979 588 1024 et
634 970 697 1025 D.
734 971 1023 1026 Maximum
1077 975 1458 1030 calumniatur.
1491 978 1806 1031 (irationem
1846 979 1992 1033 enim

417 1062 471 1111 in
539 1064 877 1116 contrariam
938 1073 1145 1132 partem
1206 1067 1464 1121 transfert
1513 1071 1885 1136 perturbatam
1939 1079 1995 1123 et

414 1164 688 1212 eversam,
724 1151 791 1203 de
829 1168 939 1220 quo
971 1154 1126 1221 plura
1159 1155 1344 1209 dicere
1378 1166 1433 1210 et
1468 1156 1753 1211 indoctum
1782 1158 1995 1212 exami-

414 1255 547 1293 nare
573 1251 625 1294 ct
665 1241 861 1297 docere
889 1245 1124 1313 iuvaret.
1146 1247 1240 1299 sed
1280 1255 1491 1315 tempus
1526 1250 1635 1317 jam
1668 1259 1851 1315 aptum
1882 1265 1993 1303 non

412 1330 594 1385 video.
631 1333 766 1387 Nam
807 1351 993 1388 rerum
1030 1336 1157 1390 inde
1184 1337 1252 1390 ab
1278 1337 1435 1391 initio
1462 1340 1638 1393 series
1657 1355 1763 1393 non
1788 1341 1994 1408 patitur

411 1438 497 1473 me
533 1424 733 1477 morari
795 1426 885 1478 ubi
920 1429 1398 1495 propterincrtem
1427 1439 1483 1483 et
1512 1429 1804 1498 malignam
1842 1446 1993 1484 men-

413 1523 519 1565 tem
555 1530 662 1568 non
720 1516 878 1572 facile
936 1521 1152 1588 assequi
1185 1521 1300 1574 sani
1349 1521 1647 1591 quidquam
1688 1538 1990 1593 possemus,

410 1618 482 1657 ne
516 1605 840 1663 brevissimo
870 1610 1092 1679 quidem
1120 1622 1392 1681 tempore.

2090 795 2409 864 βουλήματα
2433 798 2553 859 ταῖς
2579 801 2965 865 προνοητικαῖς
2994 797 3242 865 προόδοις
3274 797 3703 851 πολλαπλασια-

2091 886 2340 953 ζόμενον,
2374 887 2554 955 μένειν
2582 886 2626 939 δ’
2649 887 2962 956 ἀμερίστως
2993 887 3090 939 ἕνα
3120 887 3393 956 καθάπερ
3425 888 3523 941 τὸν
3550 889 3704 958 ἥλιον

2097 980 2321 1040 ἀκτῖνας
2354 978 2553 1041 πολλὰς
2589 978 3014 1047 προπέμποντα,
3051 980 3283 1048 μένοντα
3315 978 3365 1030 δ’
3394 981 3453 1031 ὲν
3485 982 3554 1049 τῇ
3591 982 3705 1032 ἑνό-

2101 1086 2222 1138 τητι
2252 1084 2266 1099 ⁶
2300 1072 2360 1122 τὸ
2394 1070 2501 1138 γὰρ
2533 1071 2895 1141 πληθύνεσθαι
2924 1071 3016 1124 τὸν
3046 1072 3141 1124 ἕνα
3170 1071 3310 1123 Θεὸν
3345 1074 3474 1132 ταῖς
3507 1089 3706 1139 προνο-

2099 1159 2318 1225 ητικαῖς
2362 1152 2632 1227 προόδοις,
2676 1159 2924 1211 τουτέστι
2966 1161 3078 1222 τοῖς
3118 1175 3175 1210 τε
3221 1160 3567 1227 ὲγκοσμίοις
3612 1161 3705 1211 καὶ

2100 1248 2497 1317 ὑπερκοσμίοις
2540 1249 2803 1318 θαύμασι,
2847 1250 3173 1313 διαιρεῖσθαι
3215 1250 3317 1301 καὶ
3367 1250 3703 1318 μερίζεσθεί

2097 1340 2245 1391 ἐστιν
2281 1339 2597 1408 ἀναλόγως,
2632 1342 3047 1410 συμμαρτυρεῖν
3082 1342 3379 1394 κάνταῦθά
3419 1342 3473 1392 οἱ
3510 1341 3700 1409 ψευὸὖ-

2110 1449 2268 1500 μενος
2302 1434 2395 1486 καὶ
2438 1435 2793 1501 συκοφαντῶν
2826 1434 2917 1486 τὸν
2956 1433 3230 1486 θειότατον
3263 1434 3566 1501 Μάξιμον.
3611 1433 3707 1491 El;

2100 1523 2207 1591 γὰρ
2234 1522 2420 1592 ἕτερον
2458 1523 2555 1593 τὴν
2603 1524 2760 1594 ῥῆσιν
2807 1525 3106 1594 μεταφέρει
3145 1523 3298 1589 νοῦν,
3332 1524 3707 1594 κακοτρόπως

2102 1615 2395 1683 συγκυκῶν
2443 1618 2537 1670 καὶ
2580 1615 2988 1686 ἀναμοχλεύων.
3041 1617 3174 1685 Περὶ
3229 1612 3304 1688 ἦς
3363 1618 3466 1668 κ’]ιῖ⁵
3531 1615 3705 1667 πλείω

413 1694 596 1764 λέγειν
655 1701 752 1753 καὶ
795 1672 1073 1766 ἐξετάζειν
1122 1672 1540 1760 καὶ-διδάσκειν
1610 1672 1889 1760 κάνταῦθα
1938 1708 2030 1760 τὸν
2068 1672 2254 1775 ἀμαθῆ
2310 1706 2631 1777 βουλόμενος
2667 1672 2843 1774 ἔγωγε
2867 1672 3349 1778 προσήκοντα
3373 1706 3472 1758 τον
3501 1705 3703 1775 καιρδυ

411 1789 511 1860 οὐχ
546 1791 677 1861 ὁρᾶν
713 1792 741 1845 ὃ
792 1810 852 1847 τε
901 1796 1012 1866 γὰρ
1067 1797 1177 1848 τῶν
1229 1796 1405 1849 ἄλλων
1452 1799 1660 1853 ἄνωθεν
1686 1800 1963 1853 ἀνθέλκων
2003 1798 2192 1867 είρμδς
2225 1799 2325 1852 οὐκ
2364 1800 2427 1870 es
2472 1800 2774 1871 διατρίϐειν
2797 1816 2886 1870 με,
2916 1800 3007 1851 καὶ
3042 1801 3159 1865 ἅμα
3187 1798 3331 1867 πρὸς
3369 1797 3614 1866 ἄτεχνόν
3646 1814 3703 1855 τε

413 1885 509 1936 καὶ
543 1883 871 1954 κακότεχνον
896 1886 1075 1957 ψυχὴν
1103 1889 1201 1941 οὐκ
1233 1882 1457 1943 εἰσιέναι
1484 1891 1690 1945 δύναιτ’
1719 1891 1785 1946 ἂν
1826 1891 2023 1961 ῥαδίως
2061 1888 2183 1943 οὔτε
2234 1890 2365 1959 γοῦν
2404 1890 2579 1963 βραχύ
2632 1910 2683 1945 τι
2731 1892 2838 1944 τῶν
2881 1890 3118 1958 εὐλόγων
3162 1888 3336 1958 μέρος
3370 1888 3439 1959 [Γ.
3478 1888 3578 1941 l7l
3631 1882 3700 1953 ικῖ

410 1977 536 2030 οὐτε
574 1977 680 2045 μὴν
709 1979 766 2029 ὲν
796 1978 1121 2050 βραχυτάτῳ
1166 1983 1322 2052 μέρει
1358 1985 1573 2052 χρόνον.

485 2070 579 2125 IX.
636 2072 741 2128 Sed
792 2076 904 2145 jam
965 2076 1033 2130 ad
1098 2077 1386 2146 pristinam
1440 2081 1738 2135 orationem
1802 2079 1995 2134 redea-

2181 2076 2259 2130 Θ’.
2316 2075 2508 2140 Ὅμως
2564 2073 2633 2127 ἵν’
2688 2071 2899 2127 ἐκεῖθεν
2944 2070 3312 2142 ἀναλάίωμεν
3375 2068 3701 2131 ἐπανιόντες

413 2180 558 2219 mus.
594 2164 1019 2222 Elementalium
1043 2172 1413 2227 essentiarum
1469 2188 1809 2241 unaqureqne
1839 2174 1999 2225 unica

413 2265 499 2310 est
528 2266 586 2311 et
618 2258 878 2325 primaria
933 2270 989 2314 et
1040 2260 1342 2330 impartita,
1380 2275 1430 2317 et
1467 2264 1535 2317 ob
1571 2265 1622 2317 id
1673 2264 1848 2333 ipsum
1889 2280 1998 2317 non

415 2348 774 2403 dissolubilis.
812 2350 932 2405 Non
969 2352 1115 2405 enim
1153 2355 1337 2422 specie
1361 2364 1455 2407 aut
1488 2370 1721 2409 numero
1747 2368 2000 2410 consmre

418 2440 587 2493 ullam
620 2439 1011 2505 intelleximus,
1053 2443 1181 2499 ideo
1206 2445 1562 2499 elementales
1588 2446 1868 2501 essentias
1904 2462 2001 2499 vo-

418 2546 631 2585 camus.
668 2532 1000 2589 Essentiales
1036 2544 1217 2589 tamen
1246 2537 1541 2591 varietates
1568 2538 1775 2591 habent
1802 2539 1853 2591 in
1878 2553 2004 2607 pro-

417 2621 556 2691 priis
589 2621 704 2677 suis
727 2623 949 2679 (inibus.
990 2623 1133 2679 Nihil
1162 2626 1309 2680 enim
1343 2642 1533 2681 eorum
1570 2643 1691 2696 quae
1747 2641 1998 2697 separata

418 2720 551 2769 sunt
585 2724 680 2768 aut
714 2714 984 2770 dissoluta
1043 2726 1141 2771 aut
1193 2720 1418 2788 partita,
1474 2720 1799 2775 essentiales
1846 2722 1899 2775 in
1942 2737 2001 2775 se

418 2806 758 2862 differentias
801 2808 986 2875 habet,
1028 2809 1123 2864 sed
1160 2809 1229 2864 ab
1257 2811 1417 2866 initio
1448 2812 1887 2882 progredientem
1922 2830 2005 2867 re-

420 2898 568 2967 cipit
595 2897 974 2954 definitionem
1028 2901 1389 2971 compositam
1423 2918 1490 2957 ex
1533 2918 1735 2972 genere
1765 2912 1819 2957 et
1850 2918 2005 2957 coms

418 2992 754 3059 ponentibus
810 2991 1194 3048 varietatibus.
1248 2993 1583 3048 Delinientes
1612 2994 1761 3048 enim
1824 2995 2005 3049 homi-

420 3096 568 3141 nem.
616 3098 725 3136 non
757 3082 1115 3138 elementales
1143 3092 1197 3138 et
1228 3094 1439 3138 naturas
1489 3087 1766 3155 subjectas
1808 3101 2005 3140 essen-

422 3175 528 3228 tias
554 3177 952 3243 perscrutando
998 3175 1277 3240 dicimus;
1324 3179 1561 3247 exempli
1607 3178 1803 3247 gratia,
1844 3178 2005 3249 362

419 3266 568 3334 quod
600 3266 668 3321 ab
697 3267 935 3323 llomero
958 3268 1168 3322 dictum
1197 3278 1281 3324 est
1308 3287 1322 3323 :
1350 3288 1367 3320 ι
1398 3269 1695 3325 Contortus
1722 3271 2002 3336 humeros,

419 3356 635 3423 fuscus,
666 3357 962 3427 densisque
993 3359 1230 3429 capillis,
1277 3377 1298 3410 ι
1335 3370 1391 3414 et
1422 3359 1467 3415 si
1494 3360 1599 3415 tale
1633 3361 1762 3430 quid
1808 3361 1876 3416 ad
1916 3377 2006 3416 se-

420 3465 550 3520 para
561 3458 640 3505 tas
667 3449 932 3504 duntaxat
953 3451 1220 3506 essentias
1243 3452 1512 3522 pertinet;
1540 3453 1635 3508 sed
1653 3453 1856 3511 animal
1881 3468 2008 3511 esse

422 3542 745 3599 rationabile
777 3554 833 3597 et
855 3543 1495 3615 mortale,intelligentias
1515 3552 1574 3601 et
1607 3545 1853 3601 scientiae
1877 3561 2005 3617 par-

385 3634 394 3641 '
425 3634 627 3703 ticeps.
665 3633 869 3690 Primis
912 3650 942 3690 a
991 3635 1270 3706 principio
1314 3642 1528 3693 natura:
1561 3638 1852 3694 elementis
1876 3654 2002 3693 eum

423 3725 766 3794 explicantes
795 3741 904 3781 non
928 3726 1169 3783 dicimus
1211 3728 1489 3785 hominem
1518 3745 1640 3786 esse
1671 3730 1819 3801 quod
1862 3733 1917 3786 in
1944 3747 2004 3787 se

426 3818 627 3873 habeat
652 3811 938 3882 Platonem
962 3830 1017 3876 et
1059 3820 1369 3890 Socratem,
1392 3824 1490 3879 bas
1514 3824 1608 3880 ille
1639 3824 2006 3881 elementales

424 3919 482 3963 et
504 3910 805 3979 impartitas
827 3913 1115 3980 essentias,
1143 3924 1201 3970 ut
1222 3914 1481 3982 diximus,
1501 3917 1595 3972 sed
1618 3917 1763 3987 quod
1784 3919 1849 3972 ad
1884 3917 2008 3973 ani-

429 4002 658 4056 malium
684 4019 858 4073 genus
889 4013 946 4059 et
970 4007 1280 4060 nominatas
1299 4020 1692 4077 componentes
1716 4009 2010 4067 varietates

424 4095 778 4163 componitur
829 4104 888 4150 et
918 4096 1196 4152 formatur
1221 4108 1278 4153 et
1312 4099 1365 4153 in
1402 4098 1683 4155 definitam
1726 4102 2010 4171 inducitur

424 4191 703 4238 naturam.
727 4184 975 4241 Palamas
1000 4197 1186 4242 autem
1210 4187 1283 4243 ob
1335 4203 1587 4260 magnam
1641 4191 2004 4262 ignorantiam

426 4275 661 4329 adverso
704 4274 950 4341 ﬂumine.
991 4287 1053 4332 ut
1094 4279 1323 4346 dicitur,
1355 4280 1550 4338 ﬂuvios
1596 4284 1676 4337 ire
1711 4286 1883 4355 cogit,
1913 4285 2006 4339 ubi

427 4361 749 4417 dicit:Cum
785 4365 946 4419 unica
968 4373 1025 4420 et
1062 4367 1342 4436 impartita
1381 4371 1452 4425 sit
1492 4372 1582 4426 Dei
1617 4379 1877 4436 eSsentia,
1909 4390 2007 4429 va-

428 4453 663 4508 rietates
712 4470 824 4510 non
859 4455 1024 4511 habet
1072 4461 1418 4517 essentiales.
1452 4463 1518 4517 Et
1547 4465 1710 4519 dein:
1761 4466 2008 4534 (:onjun-

429 4544 542 4599 ctio
593 4553 678 4599 est
734 4546 1041 4615 probabilis
1092 4561 1150 4605 et
1182 4553 1560 4607 exsistentiant
1595 4563 1650 4608 et
1677 4554 2005 4633 positionem

430 4639 846 4708 consequentia;
902 4644 1176 4698 causalem
1223 4642 1504 4711 aflereus,
1562 4647 1704 4717 quod
1757 4648 1871 4702 duo
1917 4650 2008 4704 illa

2109 2166 2267 2231 αὖθις
2320 2168 2414 2222 τὸν
2460 2168 2651 2235 λόγον,
2704 2167 2798 2220 καὶ
2843 2165 2951 2218 τῶν
2985 2164 3206 2237 ἀτόμων
3242 2165 3458 2219 οὐσιῶν
3492 2164 3708 2232 ἑκάστη

2108 2262 2203 2329 μία
2238 2262 2333 2313 καὶ
2378 2259 2572 2329 πρώτη
2607 2259 2701 2312 καὶ
2744 2257 3048 2326 ἀδιαίρετός
3103 2260 3241 2321 ἐστι,
3274 2257 3378 2310 καὶ
3416 2257 3548 2309 κατ’
3577 2255 3709 2309 αὐτό

2104 2370 2163 2420 γε
2198 2352 2357 2405 τοῦτο
2399 2351 2495 2404 καὶ
2529 2351 2764 2421 ἀμερής.
2798 2349 2939 2404 Οὔτε
2987 2352 3097 2420 γὰρ
3145 2349 3278 2403 εῖδει
3317 2348 3451 2402 οὔτε
3486 2345 3708 2418 ἀριθμῷ

2105 2443 2248 2499 εἶναι
2305 2446 2429 2497 καθ’
2464 2443 2635 2514 αὐτὴν
2700 2445 3106 2516 μεμαθήκαμεν
3157 2443 3439 2513 οὐδεμίαν
3491 2440 3703 2494 αὐτῶν·

2102 2537 2192 2591 διὰ
2220 2537 2329 2607 γάρ
2361 2535 2517 2591 τοῦτο
2544 2538 2638 2590 καὶ
2660 2530 2924 2606 ,ἀτόμους
2947 2536 3138 2598 οὐσίας
3169 2535 3363 2603 φαμὲν
3397 2532 3473 2586 τὰ
3505 2530 3706 2585 τοιάδε·

2104 2631 2222 2684 ἀλλ’
2254 2630 2534 2691 οὑσιώδεις
2569 2630 2720 2699 ὅμως
2753 2629 2939 2699 ἔχουσι
2975 2624 3237 2696 διαφοράς
3290 2628 3352 2678 ὲν
3404 2624 3487 2694 τῷ
3515 2625 3705 2690 οἰκείῳ

2103 2722 2236 2792 ὅρῳ.
2268 2721 2405 2774 Οὐδὲ
2443 2721 2552 2789 γὰρ
2578 2721 2733 2775 οὐδὲν
2756 2720 2881 2773 οὔτε
2910 2720 3017 2772 τῶν
3052 2719 3406 2788 ὁριζομένων
3432 2715 3561 2769 οὔτε
3600 2715 3708 2765 τῶν

2105 2813 2551 2885 διαιρουμένωνῆ
2582 2813 2955 2884 μεριζομένων
2979 2813 3067 2880 ὐφ’
3101 2811 3232 2864 αὐτὸ
3267 2812 3373 2872 τὰς
3416 2808 3705 2868 οὐσιώὸεις

2105 2909 2220 2979 ἔχει
2270 2907 2532 2977 διαφορὰς
2557 2944 2572 2970 ,
2611 2904 2726 2958 ἀλλ’
2761 2904 2968 2959 ἄνωθεν
3011 2902 3278 2955 κατιόντα
3334 2902 3567 2970 δέχεται
3618 2897 3707 2948 τὸν

2107 2997 2425 3053 συντιθέντα
2472 2995 2725 3065 ὁρισμὸν,
2770 2996 2836 3047 ὲκ
2887 2992 3080 3062 γένους
3123 2991 3255 3044 ὄντα
3290 2993 3392 3044 καὶ
3432 3006 3700 3043 συστατι-

2105 3092 2222 3145 κῶν
2265 3087 2583 3157 διαφορῶν·
2632 3084 2943 3156 ὁριζόμενοι
2993 3086 3104 3153 γὰρ
3155 3083 3246 3137 τὸν
3301 3082 3609 3153 ἄνθρωπον
3646 3080 3704 3131 οὐ

2105 3184 2205 3247 τὰς
2252 3183 2492 3251 ἀτόμους
2548 3178 2640 3232 καὶ
2682 3178 2844 3247 φύσει
2896 3177 3160 3245 δευτέρας
3208 3175 3407 3238 οὐσίας
3454 3170 3706 3226 κάτωθεν

2109 3273 2494 3343 ἀνιχνεύοντες
2525 3271 2779 3341 λέγομεν,
2813 3271 2949 3339 φέρε
2988 3269 3164 3322 εἰπεῖν
3192 3270 3378 3321 ἐκεῖνο
3409 3266 3478 3335 δὴ
3514 3266 3576 3318 τὸ
3608 3267 3705 3351 gr;
3745 3254 3753 3264 ’

2117 3365 2209 3420 θὶν
2237 3364 2330 3432 ὐφ’
2374 3363 2643 3434 Ὀμήρου,
2677 3382 2694 3413 ι
2728 3362 2900 3432 Γυρος
2926 3362 2982 3414 ὲν
3018 3358 3238 3429 ὤμοισι,
3311 3358 3703 3430 με).ανέχροο’,

2115 3455 2516 3527 οὐλοκάρηνος,
2581 3471 2600 3506 ι
2637 3453 2734 3507 καὶ
2807 3450 2861 3504 ετ
2906 3450 2961 3505 τί
3007 3467 3109 3504 που
3158 3449 3367 3503 τοιονδὶ
3406 3452 3533 3511 ταῖς
3585 3444 3706 3498 καθ’

2104 3549 2326 3604 ἕκαστα
2370 3548 2464 3601 καὶ
2517 3545 2775 3617 μερικατς
2823 3544 3229 3614 συμπέπτωκεν
3273 3543 3540 3604 οὐσίας’
3571 3537 3705 3591 ἀλλὰ

2122 3637 2264 3704 ζῶον
2302 3632 2446 3691 εἷναί
2485 3652 2669 3706 φαμεν
2703 3635 2922 3701 λογικὸν
2944 3632 3165 3704 θνητὸν,
3199 3632 3294 3685 νοῦ
3344 3631 3448 3685 καὶ
3478 3626 3707 3696 ἐπιστή-

2124 3748 2231 3801 μης
2286 3728 2557 3794 δεκτικὸν,
2604 3728 2669 3780 ἐκ
2716 3726 2825 3778 τῶν
2864 3725 3071 3779 ἀνωθεν
3120 3723 3212 3775 καὶ
3247 3722 3418 3790 φύσει
3475 3717 3706 3789 πρώτων

2117 3816 2408 3886 δηλοῦντες
2439 3817 2625 3876 αὐτὸν,
2660 3815 2787 3867 ἐπεὶ
2836 3814 2973 3883 μηδὲ
3027 3811 3209 3881 φαμὲν
3240 3810 3540 3879 ἄνθρωπον
3568 3802 3704 3858 εἶναι
3764 3806 3774 3829 '

2117 3911 2207 3964 δτὰ
2234 3910 2298 3961 τὸ
2328 3908 2474 3978 ἔχειν
2500 3906 2594 3974 ὑφ’
2622 3906 2786 3958 αὐτὸν
2835 3905 3099 3959 Πλάτωνα
3132 3904 3229 3956 καὶ
3261 3903 3574 3974 Σωκράτην
3613 3899 3703 3951 καὶ

2119 4001 2217 4063 τὰς
2243 3999 2529 4062 τοιαύτας,
2567 3995 2643 4059 ὡς
2676 3996 2909 4066 ἔφημεν,
2943 3995 3179 4064 ἀτόμους
3216 3993 3413 4058 οὐσίας
3444 3994 3543 4046 καὶ
3573 3994 3703 4061 ἀμε-

2122 4095 2238 4163 ρεῖς
2256 4132 2270 4153 ,
2300 4089 2417 4144 ἀλλ’
2442 4091 2526 4144 ὅτι
2554 4088 2644 4141 διὰ
2668 4087 2765 4141 τοῦ
2789 4089 2981 4156 γένους
3004 4086 3100 4140 τοῦ
3127 4084 3267 4150 ζώου
3294 4088 3395 4140 καὶ
3420 4084 3531 4137 τῶν
3549 4085 3701 4152 ἐίρη-

2124 4190 2304 4255 μένων
2336 4181 2682 4236 συστατικῶν
2714 4180 2992 4251 διαφορῶν
3027 4179 3382 4233 είδοποιεῖται
3412 4179 3510 4231 καὶ
3541 4191 3700 4242 περι-

2120 4279 2396 4349 γράφεται
2462 4276 2559 4328 καὶ
2617 4275 2699 4336 εἰς
2754 4272 3073 4344 ὡρισμένην
3129 4271 3464 4326 καθίσταται
3518 4270 3697 4338 φύσιν.

2133 4369 2193 4422 '0
2228 4368 2286 4420 δὲ
2327 4366 2599 4436 Παλαμᾶς
2625 4365 2683 4430 ἐξ
2712 4364 2957 4435 ἀμαθίας
3002 4364 3222 4434 μακρᾶς
3262 4359 3379 4417 ἄνω
3414 4359 3696 4430 ποταμῶν.

2121 4461 2182 4512 τὸ
2228 4462 2327 4530 τῆς
2374 4457 2704 4528 παροιμίας,
2744 4459 2944 4527 χωρεῖν
2993 4456 3091 4518 τὰς
3140 4454 3323 4524 πηγὰς
3374 4451 3697 4522 ἀναγκάζει,

2117 4552 2293 4620 λέγων
2319 4551 2393 4613 ὡς
2422 4550 2581 4604 Ἐπεὶ
2619 4549 2718 4619 μία
2749 4550 2847 4602 καὶ
2869 4548 3081 4619 ἀμερὴς
3101 4548 3160 4636 ,ἡ
3213 4546 3310 4601 τοῦ
3343 4545 3484 4601 Θεοῦ
3525 4542 3696 4636 οὐσίαι,

2122 4639 2185 4711 [Γ.
2229 4639 2323 4692 171
2363 4637 2441 4708 v.1
2487 4637 2576 4691 διὰ
2607 4637 2768 4690 τοῦτο
2808 4636 3070 4706 διαφορὰς
3097 4632 3198 4690 οὐκ
3235 4636 3350 4706 ἔχει
3401 4632 3698 4692 οὐσιῶδεις.

431 4731 694 4800 utrinque
725 4733 983 4788 conciliat
1006 4746 1065 4789 et
1099 4751 1318 4790 causam
1354 4752 1545 4791 eorum
1590 4739 1843 4793 involvit.
1890 4739 2004 4794 Haec

2120 4734 2229 4788 Καὶ
2260 4733 2368 4802 μὴν
2397 4731 2482 4797 τὸ,
2509 4730 2663 4783 Ἐπεὶ
2686 4730 2982 4799 σύνδεσμος
3014 4732 3131 4782 ἑστι
3174 4722 3699 4783 κατασκευαστικὸς,

432 4823 578 4877 dicta
629 4824 702 4878 ita
753 4835 985 4895 propter
1029 4828 1305 4883 inscitiam
1348 4829 1566 4882 turbata
1606 4841 1754 4894 sunt,
1804 4840 1863 4883 ut
1894 4830 2015 4886 Cal-

432 4917 633 4971 chante
664 4930 785 4972 vate
809 4916 1105 4981 llotnerico
1134 4936 1276 4990 opus
1297 4921 1392 4976 sit.
1443 4921 1551 4975 Sed
1584 4938 1653 4977 ne
1680 4922 1834 4976 illum
1889 4923 2017 4992 qni-

433 5009 556 5063 dem
602 5020 737 5079 puto
780 5012 1033 5068 obscuris
1058 5014 1144 5069 his
1176 5014 1618 5084 qua‘stionibus,
1666 5015 1712 5069 si
1764 5016 2018 5080 adesset,

431 5101 855 5171 explicationem
895 5104 1091 5160 afferre
1130 5122 1290 5175 posse
1313 5147 1326 5169 ,
1373 5122 1503 5161 cum
1538 5108 1678 5177 ipse,
1709 5114 1770 5161 ut
1796 5107 2019 5176 opinor,

434 5208 558 5261 quae
581 5210 645 5249 ex
679 5210 777 5249 sua
811 5195 985 5265 ipsius
1019 5208 1205 5252 mente
1229 5198 1479 5267 protulit,
1514 5200 1731 5253 solvere
1760 5210 2019 5268 nequeat.

432 5287 563 5352 Qua:
590 5288 737 5341 enim
768 5290 971 5343 causali
1016 5290 1230 5344 ratione
1269 5298 1569 5358 ponuntur,
1603 5306 1666 5345 ea
1728 5291 1893 5345 simili
1928 5306 2020 5344 ra-

436 5380 586 5434 tione
624 5381 952 5447 solvuntur;
990 5399 1109 5452 quae
1136 5399 1267 5447 non,
1294 5398 1357 5438 ca
1392 5399 1500 5438 non
1530 5385 1837 5439 solvuntur.

2122 4825 2216 4880 καὶ
2256 4824 2504 4894 ὓπαρξιν
2556 4823 2653 4876 καὶ
2709 4823 2862 4887 τάξιν
2915 4822 3332 4892 ἀκολουθήσεως
3389 4814 3701 4880 αἰτιατικὴν

2123 4919 2322 4988 δηλῶν,
2358 4918 2457 4972 άτε
2507 4916 2837 4978 συναπτικὸς
2881 4915 2988 4968 τῶν
3018 4914 3363 4987 ἑκατέρωθεν
3389 4916 3574 4983 ἄκρων
3606 4909 3700 4959 ὐπ-

2126 5009 2437 5079 ἁρχων,καὶ
2472 5008 2572 5078 τὴν
2619 5007 2803 5060 αἰτίαν
2826 5005 2967 5074 ἔχων
3006 5007 3208 5061 αὐτῶν.
3253 5006 3444 5076 Τούτῳ
3494 4996 3699 5053 δὀὖτω

2125 5100 2195 5153 δι’
2222 5099 2466 5169 ἀμαθίαν
2492 5099 2897 5152 ἁνατεθό).ωται
2938 5097 3006 5151 τὰ
3036 5098 3301 5167 εἰρημένα
3333 5097 3408 5158 ὡς
3451 5091 3698 5159 Κάλχαν-

2128 5196 2415 5255 τός¹τινος
2475 5191 2688 5245 δεῖσθαι
2746 5192 2994 5261 μάντεως
3052 5190 3384 5260 Ὀμηρικοῦ.
3432 5184 3573 5239 Ἀλλ’
3595 5177 3699 5232 016‘

2131 5289 2342 5340 ἐκεῖνον
2373 5282 2530 5354 οἶμαι
2578 5284 2876 5353 δυνηθῆναι
2908 5282 2973 5336 ἂν
3003 5281 3081 5352 τῷ
3111 5279 3457 5345 ἀνακολούθῳ
3490 5274 3585 5343 τῆς
3615 5269 3688 5320 δέ’

2132 5395 2294 5443 σεως,
2351 5380 2400 5431 εί
2460 5379 2667 5448 παρῆν,
2700 5377 2802 5445 τὴν
2845 5376 3001 5428 λύσιν
3052 5375 3386 5445 παρασχεῖν·
3427 5368 3540 5428 πῶς
3570 5362 3693 5432 γὰρ.

438 5476 474 5530 ἃ
508 5480 631 5548 μηδ’
665 5480 829 5533 αὐτὸν
864 5480 1016 5534 λύειν
1046 5477 1202 5549 οἶμαι
1274 5480 1538 5536 δύνασθαι
1572 5483 1666 5537 τὸν
1734 5482 1793 5547 ἐξ
1835 5482 1975 5546 ἰδίας
2042 5479 2278 5551 γαστρὸς
2327 5476 2689 5571 ἐρευγόμενον
2759 5472 2831 5571 τέ
2888 5470 3104 5571 ’(0.ιάδεί
3162 5471 3230 5523 Ἃ
3292 5469 3399 5539 γὰρ
3461 5456 3695 5571 αἰξίώδα

438 5569 586 5640 λόγῳ
612 5569 879 5635 τίθενται,
914 5571 1089 5625 ταῦτα
1136 5573 1407 5639 δήπουθεν
1449 5575 1545 5629 καί⁵
1590 5575 1733 5646 λόγῳ
1780 5576 1999 5629 λύονται
2038 5572 2250 5643 τοιῷδε,
2282 5569 2318 5624 ἃ.
2347 5568 2403 5622 δὲ
2435 5568 2530 5639 μὴ,
2559 5565 2737 5620 ταῦτα
2781 5564 2849 5634 δὴ
2893 5567 2991 5634 μή.

508 5663 584 5722 Χ.
638 5667 798 5738 363
837 5667 1141 5722 Videndum
1178 5668 1343 5738 igitur
1385 5684 1467 5726 est
1512 5683 1635 5743 post
1668 5673 1897 5742 primaut
1940 5671 2022 5725 in-

446 5758 661 5815 scitiam
689 5777 810 5829 quae
858 5759 929 5815 sit
970 5761 1229 5817 secunda.
1267 5762 1401 5819 Nam
1436 5765 1489 5818 in
1518 5781 1585 5819 eo
1607 5764 1752 5835 quod
1780 5772 1864 5820 est
1891 5779 2021 5819 cau-

2198 5667 2252 5721 l'.
2279 5663 2550 5719 Xxeméov
2590 5657 2687 5717 οὖν
2732 5660 2799 5715 ἂν
2841 5661 2927 5732 εἴη
2962 5659 3055 5712 καὶ
3086 5660 3185 5729 τὴν
3230 5659 3460 5724 ὑστέραν
3490 5647 3686 5711 ταύτην

2130 5757 2368 5827 ἀμαθίαν
2398 5756 2491 5809 ἐπὶ
2516 5756 2582 5826 τῇ
2618 5755 2864 5824 προτέρᾳ
2912 5752 3079 5806 αὐτοῦ
3105 5769 3119 5783 ·
3152 5750 3273 5805 οὐδὲ
3305 5749 3414 5818 γὰρ
3450 5740 3586 5798 οἶδεν
3616 5736 3687 5827 ὡς

454 5865 569 5906 sam
602 5851 762 5908 simul
794 5867 917 5908 cum
966 5864 1193 5911 causato
1231 5869 1354 5911 esse
1404 5855 1581 5913 nescit
1628 5870 1730 5912 nec
1777 5854 1897 5912 sine
1952 5870 2004 5911 ο(

2126 5850 2235 5908 τῶν
2266 5849 2399 5920 πρός
2425 5864 2476 5902 τι
2510 5847 2569 5902 ’ὃν
2601 5847 2661 5901 τὸ
2695 5847 2870 5901 αἴτιον
2915 5845 3034 5917 ἅμα
3083 5844 3201 5898 ἐστὶ
3229 5842 3308 5915 τῷ
3336 5832 3555 5905 αίτιατῷ
3595 5824 3680 5884 καὶ
