4034 6468
254 367 355 432 331

1222 356 1678 418 BYZAN'l‘lN/E
1724 354 2117 415 HISTORIE
2158 356 2310 418 LIB.
2356 354 2576 418 XXXI.

3454 360 3554 408 99’)

3453 390 3555 429 θεέ

256 483 387 535 ἄνευ
438 478 608 533 αὐτοῦ
665 476 907 531 νοεῖσθαι
956 477 1060 530 οὐκ
1109 473 1372 545 ἔχει,ἆτε
1416 488 1679 540 σχετικην
1724 485 1847 522 τινα

1966 458 2129 535 posse
2164 466 2418 536 cogitari,
2460 466 2609 536 quod
2644 467 3015 537 copulativam
3052 480 3109 525 ct
3142 471 3554 539 conjunctivam

256 581 354 629 καὶ
386 572 706 642 ουνδετικὴν
749 570 982 639 δύναμιν
1031 569 1238 639 ταύτην
1291 567 1429 637 πρῖις
1477 564 1689 639 ἄλληλα
1734 562 1845 615 τῶν

258 669 451 736 ἄκρων
500 667 778 736 ἐχόντων’
830 660 941 717 οἷον
993 663 1069 726 ὡς
1120 665 1178 715 ὲν
1225 661 1594 727 ὑποδείγματι
1631 656 1847 727 βραχεῖ,

263 759 550 828 πολλαχῶς
599 755 902 825 λεγομένου
945 753 1041 807 τοῦ
1080 751 1276 813 αἰτίου,
1340 748 1629 817 ποιητικόν
1698 750 1849 797 ἐστιν

259 853 462 913 αἴτιον,
510 848 586 910 ὼς
623 849 651 900 6
695 846 980 916 οἰκοδόμος
1026 844 1122 897 τοῦ
1169 842 1322 895 οἴκου
1351 858 1365 870 ·
1420 839 1659 902 τελικδν,
1701 840 1778 900 ὼς
1817 838 1849 906 ἠ

262 945 446 1015 σκέπη
480 942 548 996 δι’
578 943 644 1013 ἣν
676 944 702 995 6
738 937 889 1004 οἶκος
910 957 924 971 ⁸
954 936 1163 1004 ὑλικὸν,
1207 936 1283 1000 ὡς
1316 935 1459 989 λίθοι
1501 935 1597 988 καὶ
1626 933 1769 1008 ξύλα
1791 931 1852 997 ἐξ

261 1033 341 1090 ὧν
396 1039 424 1089 6
470 1033 620 1097 οἶκος
646 1049 661 1065 ·
698 1033 924 1098 είδικδν,
961 1034 1038 1095 ὡς
1070 1032 1104 1100 η
1136 1029 1548 1098 διατυπουμένη
1583 1026 1680 1080 καὶ
1710 1026 1849 1079 εἰδο-

266 1125 567 1196 ποιουμένη
601 1122 885 1194 μόρφωσις
917 1124 976 1176 ἐν
1012 1122 1093 1192 τῷ
1127 1117 1488 1189 φανταστικῷ
1525 1117 1620 1172 τοῦ
1669 1118 1852 1188 τεχνῖ-

263 1234 393 1270 του·
451 1215 983 1287 παραδειγματικδν,
1014 1214 1093 1277 ὡς
1141 1214 1336 1283 ἔτερος
1388 1207 1535 1276 οἶκος
1593 1211 1734 1281 πρὸς
1789 1210 1850 1263 ὃν

266 1307 487 1380 ἀφορῶν
513 1309 541 1362 6
573 1308 824 1379 τεχνίτης
845 1306 907 1360 τὸ
929 1306 1035 1360 ἀνὰ
1065 1306 1257 1377 χεῖρας
1288 1304 1451 1372 ἔργον
1479 1302 1659 1356 τελεῖ·
1695 1317 1857 1370 φυσι-

268 1404 383 1467 κόν,
406 1401 482 1464 ὡς
521 1402 549 1453 6
575 1399 762 1469 πατὴρ
802 1397 896 1452 τοῦ
928 1396 1074 1452 υίοῦ.
1112 1396 1235 1450 Εἰσὶ
1267 1395 1364 1450 καὶ
1393 1394 1644 1464 ἀλλήλων
1676 1393 1850 1457 αἴτια,

259 1492 338 1556 ὡς
370 1493 471 1561 τῆς
507 1490 724 1556 εὐεξίας
752 1490 815 1543 τὸ
855 1492 1046 1543 πονεῖν
1080 1490 1175 1544 καὶ
1221 1487 1316 1541 τοῦ
1367 1488 1553 1540 πονεῖν
1581 1486 1615 1557 ἡ
1645 1483 1853 1552 εὐεξία.

259 1588 499 1654 Λέγουσι
548 1585 593 1638 δ’
632 1585 765 1639 ἔνιοι
804 1586 915 1638 τῶν
964 1585 1148 1655 σοφῶν
1187 1584 1285 1638 καὶ
1339 1584 1440 1653 τὴν
1490 1580 1664 1653 τύχην
1708 1580 1856 1635 κατὰ

261 1676 619 1746 συμϐεϐηκὸς
652 1678 928 1731 συναίτιον
960 1676 1136 1729 ἐνίοτε
1176 1675 1237 1728 ἐν
1265 1676 1379 1738 τοῖς
1423 1672 1568 1727 κατὰ
1599 1671 1857 1743 προαίρε-

265 1790 353 1826 σιν
412 1772 578 1827 ἕνεκά
629 1789 723 1825 του
787 1769 1120 1841 γινομένοις.
1180 1768 1471 1824 Τοσούτων
1519 1767 1703 1822 τοίνυν
1758 1767 1854 1820 καὶ

266 1861 527 1914 πλειόνων
577 1859 747 1913 ὄντων
786 1860 883 1913 τοῦ
942 1858 1120 1912 αίτίου
1170 1857 1348 1920 εἰδῶν,
1398 1855 1463 1927 Π.
1509 1855 1616 1912 172
1650 1852 1727 1928 r.]
1759 1858 1855 1911 καὶ

266 1953 486 2004 πάντων
533 1949 683 2018 σαςρῆ
711 1948 809 2018 τὴν
856 1946 996 2017 πρὸς
1028 1945 1240 2018 ἄλληλα
1283 1945 1645 2017 κεκτημένων
1684 1944 1852 1999 συνά-

267 2062 450 2114 φειαν,
496 2042 707 2111 λεγέτω
768 2060 861 2113 μοι
919 2042 1212 2113 παρελθὼν
1258 2042 1476 2103 ἐκεῖνος
1520 2041 1629 2096 ὑπὸ
1684 2041 1857 2097 ποίων

265 2136 472 2191 τούτων
509 2135 702 2203 ἀνάγει
765 2134 864 2206 τὴν
926 2137 1039 2190 τῶν
1091 2134 1244 2206 αὐτῷ
1302 2152 1368 2203 γε
1406 2131 1505 2188 νῦν
1549 2135 1856 2205 εἰρημένην

267 2233 474 2303 σχέσιν.
510 2229 695 2302 Τριῶν
742 2228 851 2297 γὰρ
899 2227 1256 2298 τούλάχιστον
1290 2231 1436 2300 ὅρων
1487 2234 1547 2285 ἐν
1580 2232 1696 2292 τοῖς
1731 2230 1858 2283 συλ-

266 2327 547 2394 λογισμοῖς
599 2323 688 2377 tisi
737 2322 1197 2394 λαμϐανομένων,
1228 2322 1329 2391 τὴν
1380 2323 1703 2391 συνδετικὴν
1747 2322 1858 2374 τῶν

266 2417 456 2486 ἄκρων
496 2415 555 2480 ἐξ
607 2413 855 2483 ἀνάγκης
912 2412 1058 2483 ἔχειν
1114 2413 1144 2466 6
1180 2412 1345 2483 μίσος
1401 2413 1587 2467 αἰτίαν
1624 2412 1856 2479 ὀφείλει.

281 2505 425 2559 ’Λλλθ
455 2506 554 2574 οὐχ
576 2503 722 2557 οὕτω
768 2502 867 2557 καὶ
894 2504 961 2573 τῇ
998 2499 1090 2556 τοῦ
1129 2501 1366 2572 Παλαμα
1414 2501 1567 2555 δοκεῖ
1598 2502 1814 2575 ἀμαθία
1841 2517 1857 2534 ο

268 2600 459 2668 ὅμοιον
503 2597 611 2668 γὰρ
648 2594 710 2649 τὸ
748 2593 885 2665 παρ’
915 2592 1085 2648 αὐτοῦ
1125 2592 1423 2665 λεγόμενόν
1477 2594 1626 2650 ἐστιν
1669 2594 1863 2665 ὥσπερ

270 2696 338 2748 ἂν
386 2691 440 2745 εῐ
483 2707 566 2754 τις
610 2688 798 2756 ἔλεγεν
823 2687 928 2752 ὅτι,
969 2685 1207 2757 ἐπείπερ
1254 2687 1288 2757 ἡ
1340 2686 1473 2758 χιὼν
1506 2686 1677 2760 λευκή
1718 2690 1860 2752 ἐστι,

268 2788 359 2840 διὰ
405 2783 565 2837 τοῦτο
609 2783 709 2836 οὐκ
761 2780 913 2833 ἐστιν
959 2776 1325 2848 αίσθητικόν’
1358 2778 1436 2842 ὡς
1490 2779 1601 2849 γὰρ
1628 2778 1863 2833 ἐνταῦθα

274 2880 574 2945 συνάφειαν
623 2873 829 2945 μεταξῦ
888 2872 1154 2942 σχετικὴν
1202 2872 1467 2942 οὐδεμίαν
1513 2873 1544 2942 ἡ
1594 2872 1865 2943 λευκότης

271 2972 385 3042 ἔχει
417 2970 552 3040 πρδς
576 2969 634 3021 τὸ
665 2965 1007 3036 αἰσθητικὸν,
1028 2963 1345 3032 ἀναγκαίως
1380 2964 1759 3035 ἐφελκομένην
1801 2964 1866 3019 τὰ

271 3066 418 3133 ἄκρα
433 3064 565 3127 πρὸς
581 3060 783 3130 ἑαυτὴν
793 3056 1135 3132 (ἃτερογενὶς
1150 3056 1260 3128 γὰρ
1276 3057 1536 3126 ἑκάτερον
1551 3058 1711 3111 ἑκατέ
1720 3062 1861 3127 pou),

1955 559 2064 611 vim
2120 559 2265 613 inter
2314 576 2374 615 se
2408 576 2622 614 summa
2657 560 2751 615 illa
2784 562 3005 617 habent.
3040 565 3325 619 Addamus
3387 565 3556 620 hrcte

1953 652 2292 722 exemplum,
2312 668 2435 705 ctnn
2465 667 2614 721 saepe
2637 667 2801 708 causa
2827 654 3084 719 addatur,
3113 669 3280 709 causa
3306 655 3552 711 ellicicns

1952 753 2058 808 est,
2084 756 2142 798 ut
2162 747 2361 798 domus
2401 744 2765 811 architectus;
2786 745 2934 810 finis.
2958 747 3130 802 tutela
3153 758 3378 819 pr0pter
3395 765 3559 818 quam

1951 844 2099 891 antes
2129 836 2399 892 aedificata
2422 847 2500 891 est
2526 853 2541 902 ;
2577 840 2831 902 materia,
2853 837 3068 907 lapides
3096 847 3151 897 et
3182 840 3325 909 ligna
3357 840 3562 909 quibus

1953 936 2271 992 eutructa;
2327 926 2536 997 ﬁgura,
2587 928 2762 983 forma
2817 928 2871 982 in
2918 930 3150 985 artificis
3197 930 3384 986 animo
3423 946 3561 984 con-

1954 1027 2112 1087 cepta
2145 1027 2200 1072 et
2234 1019 2395 1083 ttcta;
2426 1019 2731 1088 exemplar,
2761 1019 2908 1074 aliud
2935 1021 3231 1076 aedilicium
3278 1022 3345 1077 ad
3400 1022 3562 1087 cujus

1953 1111 2235 1181 exemplar
2253 1111 2448 1166 artifex
2478 1112 2531 1167 id
2555 1113 2702 1181 quod
2732 1113 2784 1166 in
2811 1114 3068 1168 manibus
3095 1113 3263 1170 habet
3296 1114 3505 1184 pt'l‘ﬁt‘ll
3539 1133 3553 1177 ;

1953 1201 2231 1268 naturale,
2259 1211 2319 1257 ut
2344 1213 2502 1274 pater
2529 1203 2647 1257 filii.
2681 1202 2820 1259 Sunt
2854 1204 3001 1259 enitn
3030 1205 3134 1260 sibi
3160 1207 3397 1260 iﬂVit‘t‘m
3434 1222 3565 1259 catt-

1956 1295 2120 1365 salia,
2158 1305 2218 1351 ut
2272 1297 2495 1351 sanitati
2564 1297 2832 1352 insanitas
2882 1309 2938 1352 et
2982 1299 3261 1354 insanitati
3329 1302 3558 1354 sanitas.

1956 1388 2217 1445 Nonnulli
2258 1390 2407 1445 docti
2449 1406 2580 1447 casu
2622 1392 2897 1446 causalcm
2932 1393 3212 1447 interdum
3261 1394 3455 1448 dicunt
3504 1393 3557 1446 in

1957 1484 2126 1540 rebus
2146 1483 2381 1540 consilio
2408 1484 2646 1555 quodam
2680 1485 2757 1541 rei
2776 1486 3013 1557 alicujus
3036 1500 3202 1541 causa
3224 1485 3403 1541 factis.
3421 1485 3560 1543 Cum

1959 1574 2130 1645 igitur
2162 1574 2350 1643 plures
2370 1575 2486 1631 sint
2511 1591 2691 1631 causa
2726 1575 2920 1631 forma:
2948 1593 3070 1646 qua:
3095 1592 3288 1635 omnes
3309 1592 3559 1650 apertam

1961 1665 2108 1720 inter
2149 1682 2208 1722 se
2256 1668 2713 1738 conjunctionem
2752 1668 2997 1734 habent,
3054 1669 3207 1725 dicat
3248 1671 3383 1725 mihi
3426 1672 3515 1726 ille
3543 1713 3555 1731 .

1964 1757 2069 1814 sub
2093 1772 2232 1828 quas
2262 1758 2479 1829 redigat
2511 1758 2789 1814 dictorum
2817 1774 3048 1815 suorum
3099 1763 3392 1817 rationem.
3424 1763 3563 1818 Tres

1960 1848 2109 1903 enim
2163 1847 2229 1902 ad
2290 1849 2580 1903 minimum
2639 1849 2775 1904 fines
2816 1848 2874 1902 in
2932 1848 3391 1905 conclusionibus
3438 1867 3565 1905 cum

1959 1958 2181 2013 semper
2247 1945 2638 2008 admittantur,
2688 1943 3143 2015 conjunctionum
3215 1959 3562 2000 summorum

1958 2022 2182 2089 causam
2214 2034 2425 2090 habere
2452 2036 2674 2090 medius
2705 2035 3025 2091 necessario
3058 2035 3245 2091 debet.
3278 2036 3397 2092 Non
3430 2052 3565 2092 vero

1960 2127 2034 2183 ita
2066 2126 2300 2183 Palatina:
2325 2128 2560 2184 inscitia:
2587 2129 2787 2199 placet.
2818 2125 2978 2197 Nam,
3003 2130 3151 2199 quod
3183 2129 3342 2192 dicit.
3372 2130 3558 2185 simitu.

1958 2235 2044 2279 est
2079 2238 2143 2279 ac
2183 2222 2228 2279 si
2267 2224 2394 2293 quis
2432 2223 2673 2278 dixerit:
2740 2223 2902 2290 Quod
2959 2224 3052 2277 nix
3104 2223 3228 2278 alba
3273 2233 3378 2289 est,
3432 2238 3567 2292 ergo

1963 2332 2075 2371 non
2106 2327 2192 2373 est
2222 2317 2526 2374 sensibilis.
2564 2317 2638 2372 Ut
2675 2318 2825 2372 enim
2871 2317 3073 2372 albcdo
3118 2316 3285 2389 36!.
3324 2315 3564 2387 conjun-

1961 2410 2202 2465 ctionetn
2238 2426 2362 2481 quae
2391 2425 2610 2466 summa
2638 2410 2728 2465 illa
2780 2425 2877 2479 per
2900 2426 2959 2465 se
2988 2410 3056 2465 ad
3108 2424 3338 2466 sensum
3381 2409 3569 2464 trahat

1960 2502 2168 2557 nullam
2194 2502 2382 2566 habet,
2417 2504 2700 2558 diversum
2729 2503 2881 2557 enim
2918 2515 3241 2573 utrumque,
3269 2502 3346 2558 ita
3379 2517 3564 2572 neque

1961 2591 2032 2648 ad
2074 2591 2457 2649 essentialiter
2500 2592 2847 2663 impartitum
2908 2607 3039 2649 esse
3080 2603 3297 2665 spectat
3336 2593 3569 2648 minime

1961 2686 2173 2742 habere
2204 2684 2541 2741 essentiales
2570 2686 2892 2741 varietates.
2929 2685 3066 2741 Dein
3096 2686 3342 2741 divinam
3376 2702 3567 2741 θολοει-

1965 2777 2098 2832 tiam
2141 2777 2372 2835 dtﬂerre
2408 2777 2664 2833 dicentes
2689 2778 2758 2833 ab
2806 2781 3161 2835 naturalibus
3193 2790 3250 2835 et
3293 2794 3568 2849 superna-

1964 2869 2246 2926 turalibus
2277 2870 2541 2926 omnibus
2596 2872 2880 2937 essentiis,
2918 2871 3171 2942 ejusdem
3223 2873 3568 2941 impartitum

1965 2964 2194 3021 minime
2224 2966 2556 3035 premimus.
2590 2965 2940 3035 lmpartitmn
2974 2975 3063 3021 est
3093 2982 3203 3020 non
3256 2965 3567 3021 secundum

1965 3061 2067 3115 has
2096 3060 2152 3115 in
2184 3059 2392 3115 mundo
2444 3059 2806 3115 elementales
2844 3060 3126 3115 essentias
3165 3061 3437 3132 (stultum
3485 3074 3572 3116 est

269 3155 443 3219 οὕτως
489 3153 601 3208 οὐδ’
653 3154 773 3206 ἐκεῖ
830 3152 968 3217 πρὸς
1029 3149 1092 3202 τὸ
1148 3149 1249 3218 τῆς
1307 3149 1501 3213 οὐσίας
1544 3149 1755 3220 ἀμερὲς
1800 3148 1861 3201 τὸ

1969 3153 2073 3207 hoc
2102 3154 2348 3223 cogitare
2379 3163 2475 3207 aut
2509 3151 2756 3222 dicere),
2785 3151 2879 3206 sed
2914 3152 3063 3221 quod
3090 3153 3479 3223 incorporeum
3514 3162 3573 3209 et

272 3244 629 3321 ﬁ2t6'7'313t‘)
683 3243 967 3305 οὐσιῶδεις
1009 3241 1301 3312 διαφοράς.
1342 3238 1579 3293 Ἔπειτα
1620 3243 1713 3292 καὶ
1761 3239 1861 3310 τὴν

274 3342 432 3394 θείαν
460 3338 650 3392 οὐσίαν
673 3333 1297 3409 διαφέρειννφάσκοντες
1319 3333 1430 3386 τῶν
1455 3350 1515 3385 τε
1544 3333 1861 3402 ἐγκοσμίων

276 3434 367 3485 καὶ
403 3424 793 3499 ὐπερκοσμίὼν
852 3423 1045 3479 πασῶν
1091 3423 1315 3488 οὐσιῶν,
1350 3423 1564 3494 οὐδαμῆ
1614 3423 1691 3493 τῷ
1733 3422 1865 3475 ταύ-

272 3539 374 3591 της
426 3521 625 3590 ἁμερεϊ
660 3515 992 3589 ἐνοχλοῦμεν
1014 3530 1030 3544 ·
1078 3511 1288 3583 ταύτης
1316 3514 1426 3584 γὰρ
1462 3512 1524 3566 τὸ
1559 3513 1769 3583 ἀμερὲς
1803 3510 1862 3564 οὐ

273 3613 419 3668 κατὰ
479 3614 577 3674 τὰς
612 3611 671 3663 ἐν
705 3609 898 3679 κόσμῳ
953 3605 1158 3670 ταύτας
1186 3604 1426 3674 ἀτόμους
1478 3605 1627 3658 ἐστὶν
1673 3604 1864 3667 οὐσίας

274 3706 512 3776 (ἠλίθιον
564 3703 674 3776 γὰρ
713 3694 810 3755 καὶ
847 3702 987 3754 νοεῖν
1016 3698 1110 3753 καὶ
1164 3696 1349 3765 λέγειν
1397 3697 1594 3767 τουτὶ),
1637 3696 1757 3750 ἀλλ’
1783 3699 1865 3750 ὅτι

272 3795 571 3867 ασὼματόν
609 3812 669 3849 τε
729 3795 821 3846 καὶ
856 3794 1056 3860 ἅογκον
1115 3792 1209 3845 καὶ
1260 3791 1497 3860 ἄναρχον
1533 3790 1630 3842 καὶ
1674 3789 1868 3859 ἀπερί-

273 3907 519 3961 γρατττον
542 3890 637 3941 καί
663 3885 988 3954 ὐπεροτόσιον
1011 3884 1104 3936 καὶ
1134 3883 1354 3938 πάντων
1378 3883 1582 3951 ἥκιστα
1608 3884 1861 3953 ὁρισμοῖς

274 3983 374 4036 καὶ
402 3983 687 4051 μερισμοῖς
721 3978 994 4047 τεχνικοῖς
1029 3976 1363 4039 ὐποπίπτον,
1410 3971 1550 4043 πλὴν
1590 3974 1639 4025 εί
1675 3972 1749 4043 μὴ
1778 3972 1866 4025 διὰ

272 4074 376 4145 τὴν
420 4072 499 4144 τῷ
553 4071 682 4141 θείῳ
739 4069 1006 4137 Βισιλείῳ
1071 4064 1703 4134 συγκαταὸατικώτερον
1768 4065 1868 4135 μέν

275 4187 402 4223 τινα
449 4166 666 4231 τρόπον,
700 4163 1086 4232 ὲμφιλοσόςρως
1134 4161 1179 4213 δ’
1228 4160 1324 4215 οὖν
1361 4161 1456 4214 καὶ
1483 4162 1606 4213 κατ’
1635 4159 1869 4230 ἐπιστή-

280 4278 392 4329 μην
423 4256 853 4326 ὲξενηνεγμένην
901 4255 1284 4323 ἁποφαντικὴν
1318 4253 1501 4322 ῥῆσιν,
1532 4251 1608 4313 ὡς
1643 4252 1737 4306 ἐπὶ
1771 4252 1869 4319 τῆς

275 4351 461 4422 ἁπλῆς
490 4350 589 4405 καὶ
620 4349 913 4417 ἀσωμάτου
949 4347 1166 4417 φύσεως
1197 4346 1288 4399 τὸν
1331 4345 1496 4398 αὐτὸν
1528 4347 1560 4411 ἡ
1604 4345 1764 4397 οὐσίαι
1801 4346 1864 4415 τῇ

276 4443 529 4514 ἐνεργείᾳ
557 4442 770 4512 δέχεται
803 4440 989 4508 λόγον,
1027 4439 1164 4510 φαίη
1204 4454 1288 4501 τις
1324 4437 1391 4491 ἆν
1437 4438 1759 4509 ὁριζόμενος
1790 4439 1865 4501 ὡς

1969 3246 2336 3302 immateriale
2369 3257 2428 3302 et
2478 3255 2753 3302 aternum
2784 3252 2839 3300 et
2872 3244 3224 3301 indefinitum
3281 3258 3338 3301 et
3373 3260 3572 3316 super-

1928 3360 1935 3373 ν
1967 3341 2337 3398 substantiafe
2365 3350 2423 3395 et
2454 3340 2626 3394 nullis
2677 3338 2907 3394 omnino
2954 3339 3157 3395 finibus
3184 3348 3242 3395 et
3264 3340 3402 3395 artis
3424 3341 3572 3394 divi-

1967 3431 2223 3486 sioninus
2274 3430 2578 3486 obnoxium
2633 3437 2739 3485 est.
2800 3428 2917 3484 Nisi
2962 3444 3190 3500 propter
3241 3428 3574 3499 explicatio-

1967 3540 2094 3579 nem
2123 3523 2187 3577 υ.
2217 3521 2404 3576 Basilii
2441 3523 2510 3578 ad
2543 3523 2954 3593 philosophiam
2973 3532 3029 3577 et
3057 3520 3366 3577 doctrinam
3401 3522 3576 3591 magis

1970 3613 2493 3677 accommodatam,
2551 3612 2608 3667 in
2651 3613 2887 3683 simplici
2936 3623 2993 3668 et
3017 3614 3345 3681 incorporea
3376 3620 3575 3664 natura

1970 3705 2267 3761 essentiam
2298 3704 2552 3761 eamdem
2618 3708 2669 3760 vi
2719 3722 2817 3760 sua
2850 3705 3235 3762 definitionem
3274 3704 3529 3773 accipere
3559 3746 3574 3767 ,

1968 3799 2248 3869 quispiam
2290 3798 2620 3855 deiiniturus
2654 3800 2895 3861 dixerit.
2941 3802 3235 3855 essentiam
3270 3814 3396 3854 esse
3449 3815 3565 3852 rem

1971 3909 2071 3962 per
2111 3909 2170 3947 se
2196 3892 2579 3957 exsistentem,
2605 3908 2716 3946 non
2739 3893 2916 3947 altero
2940 3893 3005 3946 ad
3026 3892 3408 3947 exsistentiam
3438 3905 3579 3959 Opus

1970 3985 2293 4041 habentem.
2335 3984 2449 4039 Soli
2497 3986 2646 4040 enim
2681 3986 2883 4040 divina:
2918 3986 2996 4040 illi
3046 3995 3104 4040 et
3150 3985 3579 4054 simplicissima)

1969 4085 2185 4132 natura:
2222 4076 2385 4130 talem
2415 4090 2538 4132 esse
2568 4076 2946 4132 definitionem
2971 4077 3232 4138 dicimus,
3265 4075 3423 4130 alteri
3455 4092 3578 4129 om-

1970 4169 2124 4222 nium
2179 4176 2492 4221 creatorum
2550 4166 2712 4220 nulli.
2763 4164 3102 4234 Compositaa
3148 4164 3301 4219 enim
3356 4176 3575 4217 omnes.

1971 4260 2148 4317 Omne
2178 4271 2366 4314 autem
2395 4259 2768 4330 compositum
2811 4274 2877 4313 ex
2909 4259 3080 4313 variis
3103 4256 3276 4312 habet
3316 4269 3464 4323 esse,
3495 4254 3580 4309 al-

1973 4361 2155 4409 terum
2183 4353 2362 4407 altero
2394 4351 2626 4421 indiget.
2670 4351 2789 4406 Non
2844 4350 3015 4422 igitur
3052 4365 3162 4406 non
3198 4349 3397 4420 indiges
3446 4357 3581 4404 sunt

1972 4453 2184 4515 partes,
2215 4458 2315 4497 nec
2338 4452 2512 4498 totum
2547 4458 2615 4499 ex
2647 4443 2850 4515 indigis
2884 4444 3275 4513 compositum.
3307 4445 3574 4514 Apertum

279 4536 518 4607 πρόγμά
551 4550 614 4602 γε
644 4531 708 4605 [1⁵.
743 4533 847 4587 172
876 4530 955 4603 υ.]
987 4531 1074 4601 εἴη
1126 4530 1514 4599 αὐθύπαρκτον
1544 4533 1574 4602 η
1601 4532 1763 4585 οὐσία
1799 4531 1861 4602 μ’)

1982 4535 2128 4591 enim
2155 4528 2540 4607 argumentum
2578 4536 2768 4601 habet,
2804 4552 2866 4592 se
2889 4545 3049 4591 antea
3081 4536 3328 4591 omnium
3358 4536 3578 4590 illorntn

277 4627 532 4698 δεόμενον
564 4627 752 4696 ἑτέρου
799 4625 935 4694 πρὶς
986 4620 1269 4676 σύστασιν.
1321 4622 1540 4694 Ἕκείνῃ
1584 4623 1695 4693 γὰρ
1729 4621 1866 4693 μόνῃ

280 4725 348 4792 τῇ
382 4721 503 4790 θείᾳ.
531 4720 626 4772 καλ⁵
656 4717 1011 4787 ἁπλουστάτη
1054 4715 1219 4783 φύσει
1278 4714 1372 4767 τὸν
1425 4712 1666 4768 τοιοῦτον
1700 4732 1870 4783 προσ-

281 4819 437 4884 ήκειν
465 4811 643 4883 φαμὲν
669 4811 918 4881 ὁρισμὸν.
947 4808 1113 4879 ἑτέρᾳ
1144 4807 1190 4859 δ’
1228 4807 1455 4878 οὐῖεμιᾷ
1484 4806 1593 4860 τῶν
1634 4808 1871 4861 κτιστῶν

287 4907 534 4963 ἀπασῶν.
561 4904 818 4958 Σύνθετοι
859 4906 966 4973 γὰρ
1000 4902 1240 4969 ἅπασαι,
1275 4903 1383 4955 πᾶν
1417 4902 1475 4954 δὲ
1502 4900 1758 4954 σύνθετον
1804 4903 1870 4954 ὲκ

280 5000 554 5071 διαφόρων
583 4998 699 5068 ἔχει
733 4997 794 5049 τὸ
825 4991 965 5049 εἶναι
995 5012 1008 5029 ⁸
1033 4989 1108 5050 ὧν
1138 4994 1349 5049 ἕκαστα
1379 4995 1554 5047 δεῖται
1596 4993 1868 5064 ἀλλήλων.

282 5093 397 5147 Οὐκ
443 5091 508 5144 ἂν
541 5088 633 5142 οὖν
676 5088 904 5142 ἀνενδεᾶ
944 5087 1030 5158 εἴη
1064 5085 1190 5140 οὔτε
1231 5088 1302 5139 τὰ
1332 5087 1473 5155 μέρη
1508 5080 1626 5137 οὔθ’
1661 5086 1783 5139 ὅλον
1811 5083 1871 5146 ἐξ

283 5187 477 5237 ἐνδεῶν
525 5180 1049 5253 συμπληρούμενον.
1107 5181 1265 5250 Σκφῆ
1313 5183 1423 5252 γὰρ
1455 5183 1555 5253 τὴν
1586 5182 1873 5248 ἀπόδειξιν

283 5278 395 5348 ἔχει
428 5277 520 5329 τοὸ
552 5274 683 5344 πρὶν
709 5276 805 5345 τῆς
836 5273 1086 5327 ἑκάστων
1144 5274 1371 5328 ἐκείνων
1413 5277 1741 5348 προσθήκης
1783 5276 1873 5328 ἐν-

282 5372 397 5433 δεὲς
440 5366 602 5421 εἶναι.
643 5369 753 5421 Καὶ
776 5360 781 5365 ’
806 5367 924 5435 ἅμα
956 5367 1285 5438 ἀρχόμενον.
1314 5370 1415 5421 οὐκ
1452 5369 1624 5440 ἄρχον
1649 5387 1664 5400 ·
1703 5370 1873 5440 ἡττᾶ-

287 5463 408 5516 σθαι
433 5463 539 5531 γὰρ
575 5463 714 5526 ἀνάγ
738 5478 790 5531 ἠ
821 5456 881 5514 οὗ
914 5458 1086 5513 δεῖται
1111 5462 1171 5514 τὸ
1201 5462 1401 5524 ἐνδεές.
1436 5456 1508 5534 ᾭ
1531 5463 1588 5515 δέ
1611 5480 1665 5516 τι
1701 5464 1870 5535 ἥττη-

285 5573 396 5620 ται,
431 5555 607 5624 τοᾶτῳ
660 5556 751 5607 και
790 5552 1140 5606 δεδούλωται.
1184 5554 1249 5606 Ὀ
1307 5554 1367 5607 δὲ
1415 5553 1631 5619 δοῦλον,
1667 5556 1770 5608 οὐκ
1806 5556 1873 5609 ἂν

288 5649 370 5718 εἴη
402 5647 595 5716 κύριον
618 5644 725 5698 οὐδ’
755 5644 1168 5713 αὐθύπαρκτον.
1197 5645 1315 5709 Οὐκ
1344 5646 1474 5714 ἄρα,
1515 5646 1658 5716 πλὴν
1706 5646 1876 5717 μόνης

293 5743 388 5810 τῆς
447 5738 599 5800 θείας
637 5735 847 5799 οὐσίας,
902 5737 1015 5788 τῶν
1067 5736 1246 5790 ἄλλων
1280 5738 1513 5809 οὐδεμιᾷ
1560 5738 1624 5790 τὸ
1672 5740 1877 5810 κυρίως

298 5832 560 5904 ἁρμόττει
604 5830 1014 5901 αὺθύπαρκτον.
1073 5828 1287 5886 Οὑσιῶν
1336 5832 1446 5904 γὰρ
1479 5833 1878 5904 πεποιωμένων

1977 4629 2315 4685 accessionis
2333 4627 2505 4685 fuisse
2525 4629 2776 4699 indigum
2796 4639 2854 4684 et
2875 4628 3040 4684 simul
3065 4630 3392 4700 inemptum,
3414 4630 3579 4701 365

1981 4737 2093 4776 non
2130 4721 2426 4791 im-ipiens.
2461 4721 2698 4778 Inferius
2750 4723 2900 4777 enim
2951 4737 3072 4778 csse
3117 4737 3346 4778 necesse
3395 4733 3478 4776 est
3526 4721 3581 4776 id

1979 4830 2092 4885 quo
2128 4814 2378 4885 indigum
2413 4813 2645 4885 indiget.
2679 4814 2749 4870 Ut
2790 4814 3025 4869 inferius
3057 4815 3135 4879 lit,
3184 4816 3259 4869 ita
3295 4816 3350 4869 in
3407 4816 3584 4870 servi-

1981 4918 2154 4962 tutem
2192 4907 2362 4961 venit.
2409 4904 2567 4972 Quod
2628 4907 2817 4972 servit,
2848 4923 2958 4962 non
3013 4916 3097 4962 est
3147 4910 3433 4980 proprium
3472 4912 3581 4973 sui,

1981 5015 2084 5054 nec
2118 5013 2219 5069 per
2255 5012 2315 5053 se
2345 4998 2647 5053 exsistens.
2684 4998 2806 5053 Non
2839 4999 3013 5069 igitur
3058 5011 3258 5068 printer
3301 5016 3464 5056 unam
3495 5003 3576 5053 dis

1980 5091 2165 5145 vinam
2192 5091 2516 5157 essentiam,
2567 5091 2803 5147 aliarum
2845 5093 2947 5148 ulli
2976 5103 3061 5149 est
3086 5110 3185 5165 per
3212 5110 3271 5149 se
3314 5095 3582 5150 exsisten-

1983 5182 2083 5236 tia.
2118 5182 2498 5237 Essentiarum
2531 5185 2680 5239 enim
2727 5185 2995 5254 qualitate
3045 5186 3400 5253 praeditat-um
3433 5202 3584 5240 cica-

1987 5284 2164 5329 torem
2201 5289 2327 5329 esse
2384 5273 2559 5328 Deum
2607 5275 2671 5329 Ι).
2706 5254 2977 5331 Maximus
3033 5275 3359 5342 declaravit,
3394 5284 3452 5328 et
3494 5292 3587 5328 na-

1985 5376 2108 5421 tura
2141 5368 2258 5438 ipsa
2291 5366 2455 5423 docet
2482 5367 2939 5439 perceptionibus
2991 5377 3232 5423 mentem
3265 5366 3586 5438 adjuvanti-

1988 5463 2109 5515 bus.
2146 5458 2263 5514 Una
2306 5459 2477 5528 enim,
2504 5460 2704 5529 inquit,
2733 5471 2788 5516 et
2818 5461 3052 5529 simplex
3093 5469 3150 5514 et
3181 5474 3290 5512 non
3330 5458 3585 5529 indigens

1987 5562 2045 5608 et
2088 5552 2388 5608 immobilis
2414 5554 2652 5609 creatrix
2682 5554 2926 5608 universi
2947 5551 3192 5608 essentia
3220 5561 3428 5609 sancta:
3458 5550 3583 5605 Tri-

1992 5645 2208 5699 nitatis.
2248 5645 2440 5700 Omnis
2491 5658 2676 5701 autem
2727 5657 2985 5701 creatura
3030 5645 3339 5713 composita
3380 5653 3471 5701 est
3519 5661 3583 5701 ex

1988 5740 2231 5793 essentia
2265 5749 2320 5794 et
2352 5739 2646 5809 qualitate.
2683 5738 2878 5794 Omnis
2917 5738 3158 5809 qualitas
3195 5750 3281 5793 es:
3332 5741 3585 5795 essentia

1990 5832 2219 5888 omnino
2246 5833 2516 5904 subjecta,
2557 5833 2744 5903 inqua
2773 5833 3021 5888 cernitur
3042 5842 3100 5887 et
3137 5832 3366 5897 dicitur,
3420 5834 3582 5888 mini-
