4034 6538
445 414 551 477 323
1635 406 2055 467 NICEl’l’lOlil
2102 399 2494 467 GBEGORAZ
2672 440 2695 456 .
3652 398 3752 461 324

443 544 531 579 tuo
564 535 660 596 per
688 541 747 582 se
777 526 987 581 habens
1009 512 1414 579 exsistentiam.
1443 520 1572 575 Ideo
1612 521 1735 575 sine
1787 518 2027 588 qualita-

2152 514 2273 570 :Iv1t
2299 514 2533 585 ποιητὴν
2562 512 2656 568 τὸν
2685 513 2819 569 Θεὸν
2850 516 2876 569 6
2901 517 3045 579 θεῖός
3088 534 3147 571 τε
3197 516 3553 587 ἀπεφήνατο
3582 513 3754 579 Μάξι-

446 622 594 675 tibus
619 622 822 689 cuique
856 621 1000 688 aptis
1030 618 1233 671 nullam
1264 617 1393 669 licet
1428 614 1728 668 essentiam
1753 610 2023 674 invenire,

2152 625 2255 672 ιος,
2314 608 2408 659 καὶ
2465 609 2497 676 η
2557 606 2724 677 φύσις
2767 609 2907 679 αὑτὴ
2960 610 3290 674 διδάσκαλος
3328 610 3462 671 ταῖς
3533 608 3750 661 συνέσει

444 726 567 780 (μω
599 710 772 778 possit
804 712 1069 764 exsistere
1100 707 1155 759 in
1186 707 1412 759 mumto.
1447 702 1694 772 Exempli
1722 701 1918 772 gratia,
1979 701 2023 755 si

2152 700 2522 769 ῑιαφερούσαις
2562 700 2853 770 αἰσθήσεσι
2889 701 3129 770 γίνεται.
3157 704 3323 772 Μόνη
3368 702 3516 772 γὰρ,
3560 700 3749 771 φησὶν,

443 806 572 872 quis
599 801 912 863 abstulerit,
946 814 1056 853 non
1093 814 1151 851 re
1182 797 1381 858 dicam,
1442 794 1588 865 quod
1639 795 1758 848 ﬁeri
1808 793 2024 862 nequit,

2152 792 2280 860 ὶπλῆ
2337 795 2427 845 καὶ
2489 792 2746 862 ἀνενδεὴς
2790 796 2886 846 καὶ
2929 795 3203 864 ἄτρεπτος
3258 795 3296 864 ἡ
3358 791 3749 864 δημιουργικὴ

447 907 639 946 verum
672 892 1031 960 cogitatione,
1061 887 1261 958 lapidis
1292 894 1385 939 aut
1434 886 1579 939 nivis
1627 884 1823 939 insitas
1853 883 2030 953 quali—

2152 884 2241 938 :th
2270 885 2407 939 ὅλων
2435 885 2596 938 οὐσία
2636 886 2734 955 τῆς
2763 885 2929 953 ἁγίας
2956 886 3209 956 Τριάδος.
3244 885 3420 939 Πᾶσα
3472 883 3533 937 δὲ
3570 882 3749 947 κτίσις

408 1022 411 1023 ν
452 994 611 1047 tates,
634 985 962 1045 albedinem,
1016 982 1210 1051 Ligus,
1256 980 1565 1040 humorem,
1614 977 1718 1030 tale
1742 974 2025 1045 quiddam,

2152 970 2395 1039 ςὺνθετός
2448 978 2597 1028 ἐστιν
2628 975 2687 1043 ἐξ
2720 976 2912 1042 οὑσίας
2959 977 3057 1031 καὶ
3110 976 3442 1047 ποιότητος.
3476 975 3646 1028 Πᾶσα
3694 973 3751 1027 δέ

446 1081 594 1129 esset
625 1074 874 1127 relictum
928 1070 1153 1125 omnino
1189 1069 1346 1122 nihil.
1395 1066 1543 1121 Nihil
1590 1075 1775 1118 autem
1827 1079 1923 1134 per
1969 1077 2028 1118 se

2152 1067 2367 1135 ποιότης
2419 1066 2789 1137 ὑποκειμένης
2824 1066 3044 1131 πάντως
3089 1068 3283 1131 οὑσίας
3321 1066 3476 1129 ἐστὶ,
3515 1067 3650 1136 περὶ
3684 1065 3752 1137 ἢν

448 1165 726 1233 quomodo
774 1162 1043 1219 exsistat?
1071 1160 1228 1228 Quod
1260 1160 1315 1213 in
1369 1157 1647 1212 similibus
1685 1155 1892 1224 ubique
1938 1169 2031 1209 es-

2152 1158 2234 1209 ιαὶ
2278 1158 2568 1228 θεωρεῖται
2625 1161 2724 1214 καὶ
2779 1159 3023 1228 λέγεται,
3062 1161 3124 1213 τὸ
3175 1159 3305 1214 καθ’
3366 1159 3551 1230 αὑτὴν
3609 1152 3749 1211 εἶναι

447 1256 640 1311 s-mtiis
673 1257 814 1310 idem
844 1256 1118 1310 invenies.
1453 1243 1458 1247 ’

2152 1247 2387 1317 δὺδαμῶς
2418 1250 2637 1320 ἔχουσα.
2667 1252 2760 1306 Διδ
2797 1253 2893 1307 καὶ
2922 1251 3048 1323 δίχα
3081 1254 3402 1322 ποιοτήτων
3460 1251 3752 1320 ἀναλόγων

448 1353 704 1414 ἑκάστοις
779 1353 879 1403 οὒκ
913 1349 1068 1403 ἐστιν
1123 1349 1311 1420 εὑρεῖν
1372 1343 1635 1415 οὐδεμίαν
1696 1343 1891 1396 οὑσίαν
1928 1341 2267 1410 ὑφίστασθαι
2305 1346 2616 1419 δυναμένην
2643 1349 2704 1401 ἐν
2741 1348 2961 1421 κόσμῳ.
2992 1345 3119 1405 Οἷον
3155 1351 3231 1414 ὡς
3264 1350 3366 1405 ἐπὶ
3401 1349 3751 1419 ὑποδείγμαο

447 1461 560 1506 τος,
628 1444 682 1495 εἴ
735 1459 817 1505 τις
861 1438 1075 1510 ἀφέλοι,
1130 1438 1385 1519 ἐνεργείᾳ
1445 1437 1544 1507 μὲν
1596 1437 1698 1489 οὑκ
1747 1436 1813 1489 ἂν
1854 1433 2023 1504 φαίην
2063 1434 2353 1505 (ἀδύνατον
2402 1438 2511 1511 γὰρ
2559 1440 2758 1511 τουτὶ),
2818 1441 3037 1514 ἐπινοίᾳ
3089 1443 3134 1495 δ’
3184 1442 3284 1496 οὖν
3344 1444 3532 1512 ὅμως,
3598 1441 3749 1496 λίθου

448 1535 685 1605 τινος,ἢ
741 1534 943 1604 μᾶλλον
993 1534 1192 1598 εἰπεῖν,
1252 1532 1351 1595 τὰς
1397 1531 1498 1601 τῆς
1564 1527 1744 1599 χιόνος
1807 1525 2086 1595 ἐμφύτους
2140 1527 2459 1597 ποιότητας,
2484 1530 2585 1600 τήν
2625 1548 2683 1584 τε
2717 1529 3028 1604 λευκότητα
3051 1534 3256 1605 δηλαδὴ
3287 1537 3392 1588 καὶ
3422 1534 3750 1606 ψυχρότητα

450 1634 545 1687 καὶ
610 1631 673 1703 [ί.
714 1630 818 1685 175
850 1626 924 1700 r.]
958 1628 1236 1701 ὑγρότητα
1287 1629 1382 1682 καὶ
1411 1625 1465 1679 εί
1494 1644 1545 1680 τι
1578 1624 1844 1691 τοιοῦτον,
1869 1617 2010 1675 εἶναι
2048 1622 2111 1675 τὸ
2148 1610 2471 1694 λειπόμενον
2523 1627 2742 1692 πάντως
2789 1629 2967 1686 οὐδέν.
3005 1631 3070 1685 Ὃ
3099 1630 3145 1684 δ’
3197 1633 3363 1686 οὐδὲν
3423 1633 3556 1686 καθ’
3596 1636 3749 1703 αὐτὸ,

452 1730 573 1793 πῶς
619 1727 1045 1797 αὑθύπκρκτον;
1086 1728 1197 1780 Καὶ
1242 1725 1339 1779 ἐπὶ
1384 1725 1494 1778 τῶν
1547 1723 1719 1777 ὄντων
1766 1722 2024 1792 εὑρήσεις
2066 1720 2327 1775 ἁπάντων
2359 1724 2567 1793 δμοίως
2599 1726 2687 1780 ἀεὶ
2710 1728 2807 1781 καὶ
2842 1728 3035 1782 πασῶν
3068 1730 3275 1783 οὑσιῶν
3304 1733 3523 1792 τουτοϊ.

523 1824 614 1878 XI.
642 1824 804 1878 Potes
824 1823 1011 1890 igitur,
1042 1821 1373 1876 amicissime
1419 1819 1729 1883 Theotime,
1771 1817 1825 1872 in
1860 1816 2046 1886 pani-is

2224 1819 2523 1891 ῘΑ’.”Εχεις
2540 1823 2739 1887 τοίνυν,
2760 1817 2805 1877 ὧ
2822 1823 2940 1892 φίλε
2955 1824 3211 1892 Θεότιμε,
3226 1826 3315 1879 διά
3338 1828 3606 1897 βραχέων
3618 1829 3751 1902 όρᾷν

453 1918 639 1972 \iderc
689 1917 923 1971 Palamae
978 1905 1313 1985 irregulares
1351 1923 1405 1968 ct
1431 1913 1498 1966 ab
1530 1912 1679 1967 omni
1735 1910 1917 1981 regula
1955 1926 2038 1964 re-

2152 1912 2268 1974 τοὺς
2290 1915 2679 1978 ἀκανονίστους
2700 1914 2794 1968 καὶ
2816 1916 3006 1985 πόρρω
3024 1916 3222 1980 παντὸς
3242 1895 3491 1982 κανόνος
3517 1895 3746 1987 κανόνξς

455 2020 631 2065 motas
660 2009 880 2078 regulas
906 2015 962 2062 et
990 2008 1207 2061 inﬁrma
1246 2005 1603 2060 fundamenta
1637 2013 1691 2059 et
1714 2003 1878 2076 366
1904 2018 2042 2056 nor-

455 2116 600 2156 mam
640 2102 793 2171 styli,
818 2109 877 2153 ut
909 2100 981 2153 ita
1012 2098 1215 2175 dicam,
1242 2096 1490 2152 Lesbiaci
1540 2097 1680 2151 male
1715 2094 2040 2158 normalem,

454 2194 845 2250 conclusiones
867 2191 992 2247 dico
1014 2193 1228 2261 ineptas
1255 2206 1391 2260 quas
1418 2198 1644 2260 propter
1681 2188 1954 2243 inscitiam
1977 2201 2042 2239 ex

454 2287 670 2351 abjecto
689 2285 895 2338 insana:
921 2283 1122 2337 mentis
1144 2282 1336 2337 :erario
1359 2282 1450 2335 ille
1464 2280 1760 2351 depromit,
1779 2290 1832 2334 et
1851 2296 2044 2349 quem-

455 2376 753 2431 admodum
779 2374 1011 2429 maculis
1045 2373 1235 2427 multis
1278 2382 1329 2427 et
1366 2374 1550 2444 pravis
1575 2372 1819 2442 implevit
1852 2388 2041 2440 puram

458 2480 515 2524 et
542 2483 729 2523 sanam
785 2466 1124 2535 religionem,
1145 2465 1343 2531 en‘usa,
1366 2477 1424 2520 ut
1466 2465 1726 2535 sapientis
1758 2464 2045 2533 Sophoclis

457 2562 630 2614 verbo
672 2568 816 2617 utar,
854 2558 1035 2625 inepta
1091 2557 1145 2609 iu
1179 2558 1351 2625 ipsam
1414 2558 1615 2625 linaua
1647 2556 1834 2624 Neque
1894 2555 2042 2608 enim

458 2645 696 2699 liberum
754 2645 905 2698 iliato
962 2645 1260 2713 approbrio
1317 2660 1375 2698 se
1425 2645 1733 2699 subducere
1768 2647 1948 2714 potuit
1990 2652 2048 2697 et

460 2752 711 2807 magnam
744 2736 1107 2806 ignorantiam
1143 2737 1248 2791 sibi
1285 2738 1489 2791 sociam
1541 2736 1820 2806 propalam
1863 2751 2047 2789 osum-

458 2829 541 2885 dit
566 2839 623 2883 et
644 2829 910 2899 majorem
942 2828 1215 2883 haereseos
1242 2828 1560 2882 stultitiam.
1582 2828 1880 2897 Propterea
1900 2838 2048 2881 recte

460 2920 616 2976 audit
639 2937 761 2991 quae
788 2935 893 2976 non
923 2922 1061 2987 vult,
1089 2937 1197 2976 non
1227 2932 1375 2976 recte
1404 2922 1698 2976 cnuutiaus
1737 2937 1859 2990 qlia:
1905 2924 2044 2988 vult,

457 3029 569 3067 non
625 3013 785 3066 modo
835 3014 982 3082 quod
1038 3014 1304 3083 profanus
1333 3025 1387 3067 et
1441 3012 1805 3083 irreligiosus,
1852 3027 2045 3068 verum

457 3105 626 3159 etiam
671 3103 818 3173 quod
860 3114 1067 3158 temere
1092 3105 1355 3173 profanus
1379 3113 1435 3156 et
1479 3105 1820 3172 irreligiosus
1864 3111 1948 3157 est
1991 3112 2047 3157 et

458 3205 650 3252 omnes
676 3196 1015 3265 irreligiosos
1035 3195 1199 3249 nimia
1232 3195 1512 3263 impietate
1546 3205 1843 3262 exsuperat
1867 3204 1924 3250 et
1954 3209 2047 3249 ne-

459 3288 685 3343 fandum
730 3287 995 3342 honorem
1024 3287 1383 3342 accuntulatis
1412 3286 1479 3340 ad
1506 3287 1832 3342 immensum
1859 3287 2045 3357 pravis

466 3379 802 3434 facinoribus
830 3378 936 3433 sibi
973 3380 1251 3434 conciliat.
1284 3382 1459 3448 Atque
1490 3379 1557 3432 de
1580 3381 1752 3449 prima
1785 3368 1882 3435 tibi
1917 3397 2046 3450 pro-

466 3478 573 3521 tata
629 3468 935 3536 quaestione
996 3468 1130 3522 satis
1194 3467 1403 3520 dictum
1453 3476 1560 3521 est.
1611 3468 1686 3521 lle
1745 3467 1939 3533 altera,
1979 3468 2041 3522 D.

468 3562 747 3616 Athanasii
781 3560 952 3625 dicto,
978 3562 1051 3614 ita
1086 3560 1370 3629 respondit
1394 3558 1690 3629 Grcgoras,
1715 3570 1774 3613 ut
1799 3560 2049 3614 testimoc

468 3654 575 3707 niis
597 3668 629 3706 e
654 3652 935 3721 Scriptura
957 3652 1296 3722 deproumtis
1314 3668 1424 3705 rem
1453 3655 1705 3721 probaret
1737 3660 1811 3716 et,
1841 3665 1961 3722 quae
1979 3664 2047 3704 cx

466 3746 651 3814 priore
674 3744 978 3814 quaestione
1004 3744 1196 3816 relicta
1230 3753 1408 3806 erant,
1434 3744 1676 3798 adderet.
1710 3743 1830 3798 Scis
1867 3741 2044 3805 'enim,

465 3836 803 3891 amicissime
830 3835 1139 3897 Theotime,
1167 3835 1218 3888 in
1243 3836 1515 3905 colloquio
1533 3837 1598 3889 ad
1616 3835 1807 3888 Arium
1842 3834 2048 3888 dixisse

465 3927 823 3981 Athanasium
852 3948 864 3981 :
892 3926 1012 3981 Non
1039 3936 1343 3980 «:reatarum
1381 3942 1561 3981 rerum
1586 3942 1749 3981 causa
1769 3926 1905 3980 dixit
1927 3924 2049 3980 Sal-

463 4031 647 4074 Valur:
680 4037 696 4069 ι
724 4017 917 4074 Omnia
935 4034 1055 4087 quae
1072 4018 1231 4072 Pater
1248 4017 1409 4072 habet
1433 4033 1551 4072 mea
1578 4028 1725 4082 sunt,
1741 4038 1760 4071 ι
1784 4018 1881 4073 sed
1900 4034 2053 4088 qua:—

465 4126 683 4180 cunque
705 4111 894 4165 deitati
926 4111 1103 4164 Patris
1128 4110 1403 4174 attribuit,
1431 4126 1492 4165 ea
1516 4113 1744 4181 propria
1779 4110 1916 4164 dixit
1945 4110 2051 4164 Do-

468 4203 697 4267 minus;
737 4202 900 4264 ,verbi
944 4201 1140 4271 gratia,
1174 4201 1336 4272 367
1368 4203 1808 4271 incorruptibile,
1851 4203 2049 4256 immu-

467 4293 659 4357 tabile,
687 4293 1264 4361 incomprehensibile,
1310 4294 1679 4363 omnipotens,
1720 4294 2050 4363 providens;

469 4398 814 4453 quascunque
830 4394 961 4438 sunt
981 4383 1160 4445 Pater,
1190 4398 1253 4437 ea
1275 4386 1496 4454 propria
1522 4384 1642 4439 Filii
1670 4392 1820 4439 sunt.
1846 4384 2051 4438 ibidem

460 4475 747 4544 Gregoras
804 4491 1061 4545 magnum
1095 4476 1174 4531 ait
1203 4476 1561 4531 Athanasium
1590 4477 1789 4547 plurali
1816 4476 2051 4532 dictioni

2071 3241 2119 3306 C

2141 2003 2235 2056 τοῦ
2270 2005 2526 2075 Παλαμᾶ,
2558 2007 2775 2070 καὶτὰς
2808 2008 3150 2071 ἀκαθέκτους
3179 2009 3487 2075 καθέτους,
3513 2013 3614 2065 καὶ
3646 2013 3744 2082 τὴν

2144 2095 2522 2169 ἀστάθμητον,
2551 2097 2617 2152 ἵν’
2651 2098 2825 2163 οὕτως
2858 2100 3021 2166 είπω,
3051 2100 3307 2171 στάθμην
3351 2102 3461 2170 τῆς
3502 2104 3742 2167 Λεσϐίας

2144 2189 2455 2260 οἰκοδομῆς,
2499 2192 2627 2254 τοὺς
2663 2190 3094 2263 ἀσυλλογίστως
3122 2192 3267 2261 λέγω
3302 2194 3737 2263 συλλογισμοὺς

2144 2283 2367 2347 ὁποίους
2407 2282 2474 2336 δι’
2506 2284 2751 2354 ἀμαθίαν
2783 2285 3041 2354 πονηρῶν
3072 2287 3264 2355 ἐξεμεῖ
3304 2286 3615 2359 θησαυρῶν
3645 2289 3739 2355 τῆς

2147 2376 2349 2428 ἀτόπου
2375 2378 2615 2448 γαστρὸς
2649 2380 2885 2444 ἐκεῖνος,
2911 2379 3006 2433 καὶ
3037 2380 3188 2442 ὅπως
3233 2380 3485 2449 κηλίδων
3515 2380 3741 2452 μακρῶν

2147 2468 2240 2519 καὶ
2293 2467 2542 2539 ἀκαίρων
2586 2469 2974 2540 ἐμπέπληκεν,
3026 2487 3194 2524 ουσαν
3252 2471 3497 2525 ἀνενδεᾶ
3540 2489 3603 2525 τε
3648 2474 3737 2525 καὶ

2150 2560 2523 2627 ὑγιαίνουσαν,
2556 2563 2655 2631 τὴν
2703 2561 2989 2617 εὐσέϐειαν
3041 2565 3070 2616 6
3119 2563 3508 2635 ταλαίπωρος,
3567 2565 3739 2634 μάτην

2148 2655 2347 2722 ἐκχέας
2387 2655 2528 2708 κατά
2557 2655 2651 2708 τὸν
2692 2654 2858 2724 σοφὸν
2887 2655 3167 2724 Σοφοκλέα
3200 2655 3303 2726 τὴν
3334 2658 3545 2711 ἄτοπον
3571 2656 3739 2724 γλῶτ-

2149 2762 2248 2796 ταν
2278 2746 2445 2798 αὑτοῦ
2497 2747 2619 2799 κατ’
2654 2748 2847 2818 αὐτῆς.
2885 2746 3022 2800 Οὑτε
3062 2748 3170 2818 γὰρ
3211 2748 3518 2817 ἐλεύθερον
3548 2749 3739 2802 έαυτδν

2148 2836 2247 2901 τῆς
2283 2834 2725 2904 ἐπενηνεγμένης
2757 2836 2906 2907 αὑτῷ
2940 2838 3287 2907 κατηγορίας
3323 2840 3567 2909 φυλάξαι
3593 2839 3734 2892 δεδύ-

2150 2941 2332 2992 νηται,
2365 2927 2458 2978 καὶ
2510 2924 2628 2995 ἅμα
2669 2926 2904 2997 φανερὸν
2954 2927 3263 2998 ἐπεπράχει
3297 2929 3477 3001 πολλῇ
3517 2931 3618 3000 μὲν
3648 2947 3736 2982 συ-

2150 3016 2332 3079 ζῶντα
2392 3018 2458 3088 τῇ
2514 3018 2750 3087 ἀμαθίᾳ,
2802 3018 3014 3071 πλείονι
3065 3019 3122 3072 δὲ
3181 3022 3247 3091 τῇ
3305 3023 3410 3093 τῆς
3474 3023 3730 3091 αίρέσεως

2150 3108 2464 3181 κακοδοξίᾳ.
2495 3110 2696 3180 Διόπερ
2727 3109 2919 3164 ἀκούει
2946 3112 3171 3177 δικαίως
3197 3112 3233 3167 ἃ
3273 3114 3353 3185 μὴ
3389 3116 3732 3184 βεϐούληται,

2150 3201 2367 3271 φράσας
2417 3201 2619 3266 ἀδίκως
2648 3203 2750 3258 ὅσα
2783 3202 3140 3274 βεϐούληται,
3173 3205 3235 3257 οὑ
3269 3207 3441 3275 μόνον
3468 3209 3552 3260 ὅτι
3584 3206 3733 3277 βέϐηο
3801 3210 3804 3214 λ

2147 3293 2239 3358 λος
2284 3296 2378 3347 καὶ
2405 3295 2696 3367 δυσσεϐὴς,
2743 3297 2861 3349 ἀλλ’
2907 3297 2989 3350 ὅτι
3013 3314 3076 3366 γε
3113 3300 3210 3351 καὶ
3242 3301 3457 3370 προῖκα
3515 3299 3733 3370 βέϐηλος

2146 3386 2242 3440 καὶ
2294 3386 2586 3464 δυσσεϐᾑς,
2620 3389 2713 3443 καὶ
2742 3390 2953 3453 πάντας
2979 3391 3264 3455 δυσσεϐεῖς
3315 3394 3437 3456 τοῖς
3479 3393 3617 3461 ἄγαν
3640 3392 3727 3462 βε·

2147 3480 2334 3551 ϐήλοις
2411 3480 2621 3547 νικῶν,
2700 3482 2796 3536 καὶ
2877 3483 3173 3553 πρεσϐεῖον
3244 3485 3593 3555 κακόδαιμον
3657 3484 3731 3547 είς

2153 3569 2449 3641 μοχθηρῶν
2504 3570 2850 3641 πραγμάτων
2907 3571 3218 3642 ὑπερϐολὴν
3250 3572 3502 3636 ἐκτιννὺς
3539 3571 3727 3640 ἐαυτῷ.

2149 3664 2260 3715 Καὶ
2304 3665 2433 3729 περὶ
2481 3663 2581 3732 μὲν
2633 3662 2729 3717 τοῦ
2784 3664 3005 3734 πρώτου
3054 3680 3137 3717 σοι
3202 3665 3574 3733 προτεθέντος
3640 3663 3730 3730 ζη-

2147 3756 2394 3823 τήματος
2442 3755 2661 3824 ἀπόχρη
2712 3755 2783 3809 τά
2844 3754 3155 3825 εἰρημένα·
3205 3756 3343 3825 περί
3399 3774 3465 3825 γε
3511 3752 3617 3824 μὴν
3642 3751 3727 3804 τοῦ

2147 3844 2424 3916 δευτέρου,
2452 3847 2548 3916 τῆς
2589 3844 2915 3899 Ἀθανασίου
2944 3846 3089 3915 λέγω
3109 3846 3203 3900 τοῦ
3240 3847 3390 3902 θείου
3425 3846 3492 3920 [ί.
3532 3846 3627 3900 137
3654 3839 3725 3913 υ.]

2152 3935 2383 4005 ρήσεως,
2420 3936 2621 3990 οὑτωσί
2661 3954 2777 4000 πως
2806 3939 3129 4008 ἀπήντησεν
3164 3934 3327 3996 αὖθις
3357 3942 3385 3993 6
3424 3936 3724 4009 Γρηγορᾶἕν

2151 4027 2660 4097 ὲπεξεργαξόμενος
2692 4027 2794 4097 μὲν
2841 4027 2993 4098 αὑτῷ
3022 4028 3113 4082 διὰ
3164 4029 3497 4105 μαρτυριῶν
3531 4042 3726 4096 γραφι-

2152 4120 2281 4185 κῶν,
2312 4119 2425 4188 ἅμα
2453 4118 2497 4171 δ’
2527 4119 2860 4189 ἀναπληρῶν
2881 4119 2977 4171 καὶ
2998 4120 3067 4171 τὰ
3087 4118 3340 4173 ἐνδέοντα
3369 4120 3446 4190 τῷ
3477 4117 3721 4188 προτέρῳ

2152 4210 2451 4279 ζητήματι.
2492 4205 2665 4263 Οἶσθα
2701 4211 2833 4278 γὰρ,
2862 4203 2907 4263 ὦ
2934 4210 3055 4278 φίλε
3091 4210 3353 4280 Θεότιμε,
3397 4213 3457 4264 ἐν
3489 4212 3557 4279 τῇ
3595 4209 3722 4277 πρὸς

2156 4305 2376 4374 Ἀρειον
2400 4301 2635 4366 διαλέξει
2674 4302 2956 4370 φάσκοντα
3002 4300 3326 4354 Ἀθανάσιον
3371 4298 3447 4363 ὡς
3486 4300 3583 4366 οὐχ
3622 4296 3724 4347 ’ἐνε-

2155 4412 2248 4446 κεν
2283 4392 2517 4445 κτιστῶν
2550 4392 2893 4463 πραγμάτων
2917 4390 3023 4462 ἔφη
3045 4393 3073 4444 6
3100 4393 3314 4462 Σωτὴρ,
3350 4411 3369 4444 ί
3414 4392 3595 4444 Πάντα
3627 4386 3721 4438 ὅσα

2157 4484 2272 4558 ἐίει
2302 4501 2323 4536 ι
2361 4485 2569 4554 Πατὴρ,
2601 4485 2710 4552 ἐμά
2734 4486 2908 4549 ἐστιν,
2945 4503 2962 4534 ι
2996 4482 3113 4535 ἀλλ’
3148 4484 3252 4535 ὅσα
3298 4484 3475 4551 ἀνῆκε
3519 4482 3584 4547 τῇ
3615 4477 3724 4529 θεό-

473 4567 591 4631 illa,
617 4583 725 4621 non
757 4574 1066 4621 creatarum
1100 4584 1281 4622 rerum
1305 4584 1497 4633 causa,
1521 4583 1722 4638 negare
1747 4584 1854 4623 non
1880 4570 2046 4624 solum

2168 4594 2280 4647 τητι
2308 4576 2403 4630 τοῦ
2446 4577 2684 4647 Πατρὸς,
2713 4575 2888 4629 ταῦτα
2921 4575 3028 4628 ίδια
3071 4576 3176 4644 ἔφη
3205 4575 3233 4627 6
3273 4575 3498 4645 Κύριος,
3526 4564 3632 4623 οἷον
3664 4565 3719 4617 τὸ

462 4669 654 4714 creata
680 4674 826 4724 esse,
863 4661 959 4715 sed
995 4662 1158 4715 etiam
1201 4677 1290 4717 res
1319 4676 1459 4717 esse.
1497 4660 1554 4715 Si
1591 4675 1723 4715 vero
1768 4661 2046 4731 negationi

471 4751 801 4820 positionem
832 4767 940 4805 non
976 4752 1207 4817 addidit,
1241 4752 1348 4807 hoc
1375 4751 1602 4805 minime
1641 4752 1868 4806 mirum.
1907 4752 2049 4807 Dicit

464 4846 705 4899 enimet
752 4861 982 4914 magnus
1011 4847 1299 4916 theologus
1327 4844 1646 4917 Gregorius,
1701 4861 1822 4899 esse
1873 4846 2045 4901 multa

455 4951 594 5004 .quae
624 4937 705 4991 sic
733 4937 980 5008 negative
1007 4938 1288 5005 dicuntur,
1315 4951 1421 4991 non
1447 4938 1697 5007 positive,
1723 4938 1903 4992 velut:
1926 4936 2046 4992 Non

453 5046 534 5085 .ex
574 5046 826 5085 mensura
861 5031 1000 5085 Deus
1041 5030 1303 5101 Spiritqu
1348 5029 1577 5090 tribuit;
1625 5044 1732 5081 non
1771 5028 1915 5081 enim
1948 5028 2048 5082 tri-

456 5121 592 5179 .huit
624 5123 1006 5190 pauderatmn,
1027 5138 1136 5175 non
1161 5130 1509 5174 mensuratur
1524 5119 1667 5189 apud
1697 5120 1862 5173 Deum
1886 5121 2048 5175 lleus.

468 5217 650 5283 Atque
681 5215 754 5268 ita
792 5214 993 5267 refellit
1025 5224 1213 5281 aperte
1244 5227 1342 5265 eos
1365 5211 1461 5280 qui
1514 5212 1712 5266 multas
1762 5228 1850 5267 res
1889 5223 1944 5268 et
1970 5213 2049 5266 si-

476 5306 586 5359 tnul
631 5306 875 5359 incrcata
904 5313 1101 5373 putant
1146 5304 1257 5355 Deo
1302 5302 1464 5369 digna
1489 5311 1546 5356 et
1590 5303 1759 5356 multa
1802 5306 2046 5359 nomina.

465 5397 592 5452 .Non
625 5399 795 5462 enim,
858 5396 1061 5466 inquit,
1121 5395 1414 5448 multarunt
1452 5411 1636 5449 rerum
1688 5410 1852 5450 causa
1910 5397 2050 5450 dixit

475 5490 722 5545 Salvator
756 5490 845 5544 illa
873 5487 1078 5543 omnia.
1119 5487 1462 5557 [inpossibile
1495 5490 1640 5543 enim
1672 5499 1760 5543 est
1790 5506 1899 5542 non
1928 5503 2049 5544 esse

474 5592 817 5650 creata,qua:
839 5580 1012 5633 multa
1040 5587 1171 5632 sunt
1195 5589 1250 5633 ct
1281 5580 1476 5650 plurali
1500 5596 1729 5635 numero
1759 5582 2045 5635 dicuntur.

462 5670 591 5726 .lJna
619 5680 799 5726 autem
827 5681 912 5725 est
941 5670 1130 5724 divina
1180 5681 1399 5735 natura,
1429 5671 1639 5725 scilicet
1683 5681 1891 5725 sancta:
1923 5670 2043 5725 Tri-

464 5762 683 5818 uitatis.
720 5761 792 5817 Et
818 5776 1009 5827 unum,
1041 5778 1149 5818 non
1207 5764 1380 5817 multa
1432 5764 1576 5832 quod
1619 5779 1761 5831 saepe
1814 5779 1980 5832 supra
2018 5778 2047 5817 a

466 5855 636 5912 ambis
688 5854 1026 5930 argumentis
1056 5871 1087 5911 e
1138 5857 1420 5927 Seriptura
1476 5866 1708 5925 ssitnptts
1757 5858 2047 5925 probatum

2154 4670 2453 4737 ἄφθαρτον,
2482 4668 2544 4721 τὸ
2584 4669 2878 4739 ἄτρεπτον,
2910 4667 2972 4719 τὸ
3020 4666 3433 4738 ἀκατάληπτον,
3467 4666 3527 4716 τὸ
3573 4664 3723 4714 δυνα-

2152 4759 2264 4825 τὸν,
2301 4759 2363 4810 τὸ
2383 4759 2798 4828 προγνωστικὸν
2830 4759 2925 4810 καὶ⁹
2950 4758 3053 4811 ὅσα
3084 4759 3234 4810 ἐστὶν
3258 4758 3286 4810 ὁ
3319 4757 3529 4824 Πατὴρ,
3555 4748 3717 4804 ταῦτα

2155 4846 2261 4900 ῐδια
2299 4847 2392 4899 τοὺ
2449 4846 2577 4900 Υίοῦ
2626 4848 2912 4917 τυγχάνει.
2966 4846 3235 4901 Ἐνταῦθα
3296 4848 3480 4901 τοίνυν
3511 4846 3538 4896 6
3584 4842 3719 4909 Γρηο

2152 4936 2323 5006 γορᾶς
2346 4937 2437 4988 τὸν
2480 4938 2653 5005 μέγαν
2680 4936 2922 5005 ἔφασκεν
2970 4937 3299 4991 Ἀθανάσιον
3331 4936 3421 4990 διὰ
3460 4933 3559 5001 τῆς
3592 4930 3692 4994 πλη

2155 5025 2409 5097 θυντικῆς
2470 5028 2922 5098 ἀπαγορεύσεως,
2966 5030 3067 5098 τῆς
3115 5029 3214 5097 οὑχ
3260 5027 3449 5080 ἕνεκεν
3495 5018 3716 5077 κτιστῶν

2154 5119 2517 5186 πραγμάτων,
2559 5120 2807 5186 ἀναιρεῖν
2869 5118 2943 5188 μὴ
2999 5119 3083 5172 ὅτι
3130 5118 3189 5170 οὑ
3246 5118 3463 5181 κτιστᾶ,
3493 5112 3607 5167 ἀλλ’
3636 5111 3713 5162 ὅτι

2154 5209 2276 5261 οὐδὲ
2309 5212 2633 5279 πράγματα.
2666 5209 2729 5263 Εί
2771 5209 2828 5263 δέ
2879 5210 2957 5280 μὴ
2995 5211 3090 5262 καὶ
3123 5208 3222 5278 τὴν
3254 5209 3406 5261 θέσιν
3440 5208 3502 5275 τῇ
3556 5199 3713 5271 ἀρνή-

2156 5314 2239 5350 σει
2281 5300 2607 5369 ἐπήνεγκεν,
2652 5300 2855 5368 ἥκιστα
2881 5301 3040 5352 τοῦτο
3092 5300 3299 5352 καινόν.
3330 5297 3467 5367 Φησὶ
3486 5297 3590 5362 γὰρ
3629 5290 3710 5340 καὶ

2154 5392 2181 5442 ὁ
2236 5392 2407 5460 μέγας
2462 5393 2519 5443 ὲν
2573 5391 2825 5462 θεολογίᾳ
2860 5391 3162 5461 Γρηγόριος
3220 5387 3566 5444 εἶναιπολλὰ
3611 5380 3711 5433 τῶν

2154 5484 2300 5537 οὑτω
2344 5482 2683 5550 λεγομένων,
2730 5480 3042 5550 ἀρνητικῶς
3094 5481 3216 5548 μὲν,
3251 5480 3312 5532 οὑ
3374 5473 3595 5533 θετικῶς
3621 5468 3706 5519 δέ·

2155 5574 2231 5639 ὡς
2256 5574 2339 5638 τὸ,
2381 5591 2400 5624 ε
2437 5574 2512 5626 Οὐ
2542 5572 2650 5641 γὰρ
2683 5573 2745 5624 ἐκ
2775 5572 2977 5642 μέτρου
3004 5573 3223 5625 δίδωσιν
3255 5574 3280 5624 6
3306 5570 3436 5631 Θεὸς
3466 5565 3522 5619 τὸ
3552 5557 3707 5614 Πνεῦο

2160 5685 2265 5737 μα.
2298 5685 2316 5719 ι
2353 5664 2492 5719 Οὑτε
2543 5666 2653 5734 γὰρ
2707 5663 2928 5717 δίδωσιν
2985 5663 3112 5716 οὔτε
3170 5661 3610 5734 μεμετρημένον
3649 5646 3704 5698 οὐ

2157 5760 2267 5830 γὰρ
2305 5761 2592 5829 μετρεῖται
2640 5761 2792 5829 παρὰ
2835 5758 2973 5810 Θεοῦ
3012 5759 3168 5820 Θεός.
3213 5759 3320 5810 Καὶ
3350 5753 3514 5812 οὑτως
3551 5740 3703 5798 εὐθὺς

2159 5856 2371 5924 ἀναιρεῖ
2405 5853 2697 5925 προφανῶς
2739 5852 2980 5915 ἐκείνους
3022 5853 3070 5904 οἳ
3104 5851 3277 5905 πολλά
3321 5866 3377 5902 τε
3412 5843 3698 5914 ’πράγματα
