4034 6466
313 348 422 411 3ῗὸ

1286 346 1740 410 ΒΥΖΛΝΤῙΝᾸΞ
1780 344 2177 406 ΗῐΒἸὊῐῖΙίΕ
2221 345 2372 402 LIB.
2422 344 2643 403 XXXI.

3490 342 3595 403 396

314 462 407 513 atati.
433 458 549 530 ἅμα
582 460 816 513 ἄκτιστα
865 457 1072 512 οἴονται
1110 458 1181 512 τά
1209 458 1497 528 θεοπρεπῆ
1527 475 1586 511 τε
1616 457 1711 511 καὶ
1749 454 1892 508 κατὰ

2014 465 2101 507 est.
2138 452 2274 507 Dicit
2301 451 2468 530 etiam
2507 449 2826 505 DJoanncs
2861 450 3258 507 Damascenns:
3295 450 3352 505 Si
3386 454 3595 511 multos

310 552 413 621 τὴν
469 552 758 620 προφορὰν
822 548 995 602 πολλὰ
1046 548 1158 601 τῶν
1204 547 1531 617 ὀνομάτων*
1571 547 1685 616 οὐχ
1714 546 1904 599 ἕνεκεν

310 644 443 712 γὰρ,
476 642 638 711 φησὶ,
671 642 1017 712 πραγμάτων
1048 640 1264 693 πολλῶν
1289 641 1397 710 ἔφη
1429 641 1456 693 ὁ
1491 639 1687 709 Σωτὴρ
1721 640 1904 692 ἐκεῖνα

311 737 384 789 τὰ
420 736 620 789 πάντα.
665 733 957 788 ’Δδύνατον
983 736 1092 805 γὰρ
1126 734 1202 804 μὴ
1229 733 1429 787 κτιστά
1468 728 1632 796 εἶναι,
1660 730 1696 787 ἃ
1727 732 1904 784 πολλά

313 830 376 884 τὲ
443 832 560 883 ἔστι
617 828 709 881 καὶ
767 827 1152 896 πληθυντικῶς
1191 827 1432 896 λέγεται.
1463 826 1653 889 Μονὰς
1704 826 1815 895 γάρ
1860 825 1894 895 ἡ

315 917 440 970 θεία
503 916 666 986 φύσις
718 917 898 969 εῐτουν
944 918 977 986 ἡ
1036 917 1165 984 ἁγία
1203 913 1398 988 Τριὰς,
1440 916 1535 969 καὶ
1588 914 1647 968 ἓν
1691 915 1787 967 καὶ
1836 916 1897 966 οὐ

316 1009 512 1071 πολλὰ,
544 1009 619 1072 ὡς
676 1007 942 1072 πολλάκις
979 1010 1115 1079 ἡμῖν
1153 1008 1414 1077 ἀνωτέρω
1462 1005 1552 1062 διά
1602 1006 1902 1077 γραφικῶν

319 1100 702 1172 συνεπεράνθη
770 1101 1012 1168 δείξεων.
1059 1099 1201 1170 Φησὶ
1263 1100 1372 1170 γάρ
1430 1100 1524 1155 καὶ
1568 1102 1596 1154 ό
1649 1100 1794 1165 θεῖος
1841 1101 1905 1153 ὲκ

2004 543 2140 598 deos
2190 528 2610 613 appellaremus,
2642 557 2865 597 necesse
2906 551 3054 597 esset
3084 552 3143 598 ut
3176 546 3413 598 varietas
3447 546 3590 600 inter

2008 636 2212 691 multos
2236 642 2580 690 cerneretur.
2605 632 2661 687 Si
2692 633 2838 687 nulla
2868 632 3014 688 inter
3038 648 3133 688 eos
3157 633 3469 691 dill‘erentia
3489 646 3593 698 est.

2004 744 2151 783 unus
2182 738 2287 789 est,
2318 742 2429 782 non
2461 726 2641 780 multi.
2688 725 2806 780 Non
2849 726 2995 779 enim
3021 724 3307 780 diﬂcrrcnt
3359 726 3502 781 inter
3536 742 3597 781 se

2009 835 2130 892 quae
2162 820 2431 875 dtﬂ'erunt
2461 816 2606 887 apud
2656 815 2717 870 1).
2772 816 3093 884 Maximum,
3129 817 3235 872 nisi
3272 832 3450 873 causa:
3473 820 3600 888 qui-

2010 914 2115 968 bus
2144 914 2255 967 nati
2281 919 2431 974 sunt,
2465 909 2740 965 haberent
2756 909 2921 980 368
2944 910 3287 963 varietatem.
3318 909 3429 964 Nec
3448 912 3598 966 enim

2011 1004 2315 1076 perfectum
2346 1018 2449 1058 nec
2480 1002 2809 1059 immensum
2832 1018 2935 1057 nec
2958 1002 3303 1058 indeﬁnitum
3332 1001 3387 1058 in
3411 1002 3600 1058 multis

2016 1097 2232 1153 servari
2269 1104 2479 1166 potest.

318 1195 614 1268 Δαμασκοῦ
678 1197 958 1268 Ἰωάννης,
1023 1194 1088 1269 [ί.
1128 1196 1234 1253 174
1257 1195 1308 1271 r]
1339 1198 1415 1262 ὡς
1483 1198 1533 1251 εί
1563 1196 1795 1259 πολλοὺς
1857 1192 2093 1265 ἐροῦμεν
2134 1191 2317 1258 θεοὺς,
2373 1191 2593 1262 ἀνάγκη
2626 1191 2907 1272 ,διαφορὰν
2954 1192 3012 1244 ἐν
3056 1192 3168 1255 τοῖς
3212 1188 3429 1253 πολληϊς
3465 1187 3619 1242 θεῶ-⁸

325 1292 557 1361 ρεῖσθαι.
593 1291 656 1343 Ei
696 1289 741 1344 δ’
770 1288 1000 1360 οὐδεμία
1029 1289 1267 1359 διαφορὰ
1301 1291 1360 1342 ἐν
1394 1289 1601 1353 αὐτοῖς,
1675 1281 1757 1350 εἷς
1800 1284 2005 1358 μᾶλλον
2071 1283 2166 1337 καὶ
2202 1282 2265 1335 οὐ
2298 1282 2510 1337 πολλοί.
2577 1282 2653 1336 Οὐ
2716 1282 2828 1350 γὰρ
2879 1280 2946 1334 ἂν
2971 1279 3221 1349 διέφερον
3252 1278 3503 1350 ἀλλήλων
3531 1279 3600 1332 τὰ

319 1388 646 1457 διαφέροντα
702 1387 847 1440 κατὰ
907 1386 1000 1440 τὸν
1054 1385 1200 1440 θεῖον
1259 1385 1541 1455 Μάξιμον,
1603 1385 1651 1437 εί
1706 1382 1782 1453 μὴ
1830 1381 1941 1436 τῶν
1978 1381 2156 1449 λόγων
2207 1373 2292 1443 οἷς
2365 1378 2659 1448 γεγόνασιν
2695 1378 2933 1447 ἐχόντων
2993 1375 3299 1447 διαφοράν·
3333 1374 3459 1430 οὐτε
3489 1378 3601 1448 γὰρ

318 1483 381 1537 τὸ
408 1482 612 1536 τέλειον
667 1481 792 1535 οὐτε
825 1482 888 1536 τὸ
940 1483 1174 1554 ἄπειρον
1205 1481 1330 1536 οὐτε
1371 1482 1432 1537 τὸ
1462 1482 1880 1552 ἀπερίγραπτον
1916 1480 1975 1533 ὲν
2006 1479 2123 1539 τοῖς
2154 1477 2374 1540 πολλοῖς
2419 1475 2793 1545 φυλάττεσθαι
2820 1473 3071 1528 δύναται.

394 1580 493 1632 ΙΒ’.
538 1577 703 1649 Ὁρᾷς
741 1577 882 1642 πῶς,
930 1579 1066 1632 ὅπου
1117 1579 1387 1648 διαφορᾶς
1430 1580 1458 1632 ό
1498 1578 1659 1645 λόγος
1695 1578 1905 1632 ἔννοιαν

319 1670 671 1739 παρεισάγει,
704 1670 900 1724 ἕπεται
927 1674 1028 1742 μὲν
1057 1672 1223 1736 εὐθὺς
1254 1673 1314 1727 τὸ
1347 1672 1577 1740 πλῆθος,
1614 1673 1906 1727 ἐλαύνεται

2049 1554 2054 1559 ’
2084 1572 2205 1627 ΧΠ.
2240 1572 2504 1635 Videsne,
2533 1571 2836 1642 quomodo,
2867 1569 2960 1625 ubi
2994 1586 3161 1626 causa
3191 1568 3476 1625 varietatis
3503 1584 3599 1623 nn-

2016 1665 2222 1719 tionem
2256 1662 2444 1725 infert.
2472 1672 2740 1733 sequatur
2767 1664 2952 1718 statim
2980 1662 3299 1731 multitudo,
3332 1671 3388 1716 et
3411 1662 3599 1731 depel-

320 1763 378 1815 δὲ
410 1763 470 1814 τὸ
505 1762 563 1815 ἓν
605 1762 745 1832 μετὰ
775 1762 871 1816 τοῦ
905 1763 1121 1818 τελείου
1168 1766 1264 1820 καὶ
1311 1765 1547 1836 ἀπείρου
1584 1764 1680 1819 καὶ
1706 1765 1904 1835 ἀπερι-

2014 1754 2159 1811 Iatur
2194 1770 2365 1809 unum
2390 1770 2516 1810 cum
2552 1755 2807 1809 absoluto
2833 1764 2887 1810 et
2916 1755 3189 1809 immenso
3218 1766 3275 1810 et
3304 1754 3519 1810 inllnito
3546 1763 3599 1807 it

321 1854 571 1924 γράπτου
617 1854 713 1907 καὶ
754 1856 855 1908 ὅσα
903 1857 1006 1926 τῆς
1053 1857 1208 1920 θείας
1236 1858 1425 1921 οὐσίας
1456 1858 1588 1924 tam,
1628 1856 1833 1925 μᾶλλον
1860 1857 1907 1909 δ’

323 1945 427 1999 ὅσα
460 1946 672 2015 πέφυκέ
719 1963 778 1999 τε
823 1948 920 2000 καὶ
949 1947 1100 2003 ἐστιν
1133 1950 1168 2017 ἡ
1201 1950 1322 2004 θεία
1349 1950 1508 2004 οὐσία
1536 1968 1550 2017 ;
1582 1949 1740 2004 Ὠσθ⁹
1772 1951 1908 2004 ὅπου
1934 1938 1949 1946 ’

322 2033 387 2088 τὸ
415 2034 624 2103 κυρίως
653 2034 775 2100 ἓν,ὁ
802 2035 938 2099 Θεὸς
958 2036 1186 2107 δηλαδὴ,
1222 2037 1379 2108 χώρα
1417 2039 1529 2100 τοῖς
1559 2038 1779 2103 πολλοῖς
1811 2040 1909 2092 καὶ

322 2126 602 2196 διαφόροις
624 2126 727 2180 οὐκ
758 2127 906 2182 ἐστιν
945 2129 1055 2183 οὐδ’
1088 2131 1426 2202 ἡτισοῦν.οὐ
1452 2130 1563 2201 γὰρ
1596 2131 1747 2186 θέσιν
1780 2133 1903 2187 τινὰ

322 2217 386 2271 τὸ
422 2219 563 2272 θεῖον
596 2220 774 2273 ἐκεῖνο
807 2220 868 2275 ἓν
909 2220 1082 2293 δηλοῖ,
1117 2224 1371 2295 καθάπερ
1426 2223 1487 2278 τὸ
1541 2225 1596 2278 ἐν
1635 2227 1751 2289 τοῖς
1783 2226 1906 2279 κτί-

326 2326 494 2377 σμασι
518 2312 971 2381 καταχρηστικῶς
998 2312 1295 2384 λεγόμενον
1331 2313 1426 2368 καὶ
1460 2315 1517 2367 ὲν
1549 2316 1665 2379 τοῖς
1693 2315 1910 2379 πολλοῖς

325 2403 703 2474 θεωρούμενον
734 2403 815 2462 ἓν.
846 2407 913 2459 Ὃ
949 2407 1044 2460 καὶ
1084 2408 1263 2478 ἀρχὴν
1313 2401 1459 2462 εἷναί
1514 2426 1649 2478 φασι
1703 2409 1908 2472 παντὸς

326 2494 523 2559 ποσοῦ,
558 2497 651 2551 καὶ
684 2496 826 2568 πλὴν
864 2499 1063 2552 οὐσίαν
1088 2501 1189 2569 οὐχ
1219 2499 1559 2569 ὑφίστασθαι
1592 2502 1715 2556 καθ’
1750 2505 1904 2568 αὐτὸ,

324 2588 419 2638 καὶ
460 2584 590 2638 ἄνευ
622 2585 715 2638 τοῦ
747 2586 866 2650 ἐνὸς
890 2587 1082 2641 τούτου
1118 2590 1195 2659 μὴ
1244 2585 1387 2644 εἶναι
1425 2592 1652 2661 πλῆθος.
1695 2594 1760 2647 Ἠ
1800 2594 1911 2664 γάρ

328 2674 634 2744 μετάληψις
657 2675 752 2729 τοῦ
783 2676 904 2738 ἐνὸς
935 2677 1031 2730 καὶ
1064 2678 1126 2731 τὸ
1163 2671 1306 2744 εἶδος
1335 2681 1504 2736 αὐτοῦ
1527 2682 1589 2736 τὸ
1616 2682 1729 2737 τῶν
1778 2685 1911 2738 tto).—

328 2768 437 2819 λῶν
469 2766 726 2837 ὐφίστησι
757 2769 945 2822 ποσόν.
980 2769 1149 2823 Ὅθεν
1181 2770 1280 2823 καὶ
1306 2770 1476 2837 δεκάς
1526 2773 1626 2843 μία
1658 2773 1905 2842 λέγεται,

329 2861 424 2913 καὶ
448 2859 622 2928 χιλιὰς
651 2860 745 2912 καὶ
770 2860 975 2929 μυριὰς
1000 2863 1095 2915 καὶ
1124 2862 1194 2915 τὰ
1225 2861 1309 2917 ἔτι
1341 2864 1549 2920 τούτων
1579 2866 1909 2937 λεπτότερα,

326 2951 527 3016 τετράς
558 2966 616 3003 τε
662 2950 757 3017 μία
798 2955 891 3005 καὶ
938 2953 1142 3017 πεντάς
1173 2957 1270 3008 καὶ
1307 2956 1376 3009 τὰ
1398 2957 1643 3021 τοιαῦτα,
1680 2960 1776 3011 καὶ
1805 2959 1907 3012 ὅσα

329 3043 396 3111 τῇ
424 3038 518 3094 τοῦ
545 3041 716 3106 εἴδους
749 3047 955 3114 μετοχῇ
986 3044 1337 3109 ταυτίζονταί
1368 3065 1428 3101 τε
1458 3049 1557 3104 καὶ
1586 3051 1724 3120 πρὸς
1756 3050 1818 3103 τὸ
1845 3050 1905 3103 ἓν

2012 1863 2135 1918 qua:
2157 1846 2359 1902 divina:
2380 1848 2637 1901 essentia:
2659 1846 2884 1917 propria
2907 1854 3038 1899 sunt
3065 1854 3162 1899 aut
3183 1848 3368 1915 potius
3396 1846 3600 1915 quibus

2010 1949 2140 1993 nata
2163 1946 2250 1993 est
2281 1947 2337 1994 et
2368 1947 2452 1992 est
2487 1938 2670 1992 divina
2704 1939 2947 1992 essentia
2970 1939 2992 1989 ?
3014 1937 3205 2007 Itaque
3236 1938 3329 1993 ubi
3358 1948 3441 1993 est
3471 1954 3598 2008 prn-

2009 2031 2129 2100 prie
2158 2046 2355 2099 unum,
2392 2029 2609 2084 scilicet
2655 2029 2820 2097 Dens,
2850 2029 3040 2084 multis
3090 2037 3147 2084 et
3177 2030 3412 2085 diversis
3443 2032 3600 2086 locus

2005 2122 2197 2188 nullus
2228 2133 2330 2179 est.
2370 2124 2491 2179 Non
2541 2125 2692 2179 enim
2736 2124 3069 2194 positionem
3110 2124 3402 2194 quamdam
3459 2124 3598 2179 divi-

2010 2229 2142 2269 num
2171 2215 2306 2271 illud
2338 2232 2508 2272 unum
2544 2215 2800 2281 involvit,
2835 2216 3301 2287 quemadmodum
3336 2218 3389 2271 in
3439 2233 3599 2272 crea-

2013 2306 2083 2363 tis
2116 2323 2224 2361 non
2250 2307 2473 2378 proprie
2504 2308 2708 2363 dicitur
2742 2318 2797 2362 et
2825 2308 2880 2363 in
2914 2309 3103 2363 multis
3128 2309 3377 2365 cernitur
3398 2324 3596 2372 unum,

2013 2400 2162 2468 quod
2196 2401 2533 2471 principium
2572 2415 2695 2456 esse
2752 2400 2945 2455 dicunt
2994 2402 3176 2455 omnis
3228 2401 3550 2470 quantitatis
3581 2439 3599 2465 ,

2012 2506 2116 2546 nec
2137 2492 2260 2548 sine
2292 2493 2535 2549 essentia
2571 2493 2841 2549 exsistere
2866 2509 2963 2563 per
2992 2509 3074 2558 se,
3097 2509 3200 2549 nec
3220 2493 3341 2549 sine
3363 2492 3468 2548 hoc
3490 2509 3601 2549 uno

2010 2598 2133 2639 esse
2165 2585 2607 2640 multitudinem.
2671 2585 2848 2642 Unius
2900 2585 3049 2640 enim
3107 2584 3502 2657 consequentia
3545 2601 3602 2644 et

2010 2676 2185 2733 forma
2219 2676 2446 2747 subiicit
2480 2678 2779 2733 multarum
2823 2694 3009 2733 rerum
3039 2679 3428 2749 quantitatem,
3455 2682 3599 2733 unde

2014 2781 2124 2821 una
2155 2769 2319 2822 decas
2353 2768 2560 2823 dicitur
2606 2780 2665 2824 et
2719 2769 2920 2829 millias
2953 2779 3012 2823 et
3046 2770 3229 2823 decies
3283 2769 3486 2826 millias
3541 2781 3601 2828 et

2010 2874 2134 2928 qua:
2158 2859 2246 2914 his
2268 2869 2398 2915 sunt
2419 2859 2648 2926 leviora,
2672 2875 2780 2914 una
2808 2859 3125 2930 quaternio,
3145 2861 3340 2928 quinio
3362 2870 3416 2914 et
3439 2860 3599 2915 simi-

2013 2949 2083 3004 lia
2108 2967 2230 3020 quaa
2252 2952 2319 3006 ad
2352 2950 2544 3005 forma:
2574 2951 3057 3020 participationem
3105 2951 3296 3005 eadem
3327 2951 3600 3006 habentur

2014 3054 2070 3099 et
2103 3043 2170 3098 ad
2193 3060 2361 3099 unum
2394 3043 2732 3099 referuntur.
2762 3045 2928 3098 Multa
2951 3046 3098 3100 enim
3128 3046 3399 3115 partibus,
3427 3063 3597 3101 unum

328 3131 715 3202 ἀναφέρονται.
752 3136 864 3188 Καὶ
898 3137 1007 3207 γὰρ
1037 3139 1099 3190 τὸ
1126 3138 1297 3192 πολλὰ
1328 3141 1440 3203 τοῖς
1470 3140 1702 3211 μέρεσιν
1734 3140 1794 3195 ἓν
1827 3143 1906 3213 τῷ

2014 3134 2351 3205 integritate,
2398 3136 2569 3189 multa
2613 3136 3067 3197 circumstantiis,
3100 3152 3268 3190 unum
3323 3136 3596 3208 subjecto,

328 3223 454 3294 ὅλῳ,
487 3226 581 3279 καὶ
625 3228 689 3279 τὸ
724 3226 896 3281 πολλὰ
928 3229 1045 3292 τοῖς
1095 3230 1509 3303 συμϐεϐηκόσιν
1545 3230 1604 3285 ἓν
1658 3233 1738 3305 τῷ
1774 3236 1908 3288 ὐπο-

332 3317 587 3387 κειμένῳ,
622 3318 716 3371 καὶ
746 3318 806 3371 τὸ
835 3318 1009 3373 πολλὰ
1036 3323 1149 3383 τοῖς
1180 3321 1380 3374 εἴδεσιν
1407 3320 1468 3376 ἓν
1498 3322 1576 3394 τῷ
1601 3324 1774 3391 γένει,
1811 3327 1908 3379 καὶ

328 3403 387 3456 τὸ
418 3403 588 3457 πο).λὰ
615 3408 734 3467 ταῖς
780 3402 844 3477 [1⁵.
895 3407 1101 3478 174υ.]
1139 3407 1392 3479 προόδοις
1413 3407 1474 3461 ἓν
1502 3412 1568 3479 τῇ
1604 3410 1766 3481 ἀρχῇ.
1800 3414 1910 3466 Καὶ

330 3496 389 3549 οὐ
424 3498 583 3566 μόνον
614 3498 705 3551 ἐπὶ
730 3499 838 3552 τῶν
866 3499 1260 3569 διωρισμένων,
1292 3500 1429 3555 ἀλλὰ
1458 3503 1554 3554 καὶ
1583 3502 1654 3556 τά
1705 3504 1909 3574 συνεχῆ

331 3587 511 3641 πάντα
570 3588 797 3660 μεγέθη,
848 3591 898 3642 εί
949 3589 1144 3659 φεύγει
1186 3591 1248 3644 τὸ
1284 3590 1362 3655 ἒν,
1402 3593 1483 3653 εἰς
1520 3591 1727 3662 πλῆθος
1765 3592 1910 3647 κατά

330 3676 789 3749 ἀντιπεπόνθησιν
858 3678 1235 3751 θρυπτόμενα,
1288 3682 1384 3734 καὶ
1437 3684 1538 3749 τὴν
1594 3682 1791 3735 οὐσίαν
1844 3686 1910 3755 ἣν

332 3765 476 3840 εἶχεν
517 3766 839 3835 ἀπόλλυσιν,
865 3772 1048 3825 οὐκέτι
1086 3771 1218 3825 ὄντα
1269 3771 1297 3825 ὃ
1339 3766 1430 3843 ἦν.
1467 3772 1607 3827 Καθ’
1637 3774 1763 3827 ὅσον
1794 3775 1905 3846 γάρ

334 3862 394 3912 τὸ
420 3859 478 3912 ἓν
512 3858 827 3925 ἀπόλλυσιν,
858 3861 1118 3913 ἀλλάσσει
1168 3862 1265 3914 καὶ
1299 3861 1360 3914 τὸ
1406 3858 1546 3915 εἶναι
1602 3862 1907 3933 τμηθέντα,

338 3951 426 4006 διὰ
454 3953 514 4007 τὸ
545 3947 684 4007 εἶναι
714 3954 776 4007 τὸ
812 3952 870 4006 ἓν
928 3953 1185 4009 ἁπάντων
1240 3953 1527 4019 στοιχείων
1555 3955 1813 4010 ἐνωτικόν
1849 3972 1909 4008 τε

342 4043 435 4095 καὶ
495 4042 879 4115 συλληπτικὸν,
936 4043 1112 4097 ὁπόσα
1178 4045 1388 4112 γένεσίς
1443 4061 1506 4097 τε
1570 4043 1755 4115 βόσκει
1815 4046 1911 4097 καὶ¹

344 4134 541 4203 φθορά.
578 4136 643 4188 'ﬂ
673 4136 782 4205 7&p
825 4135 1083 4207 ἑτερότης
1104 4135 1371 4207 διαφορὰν
1408 4135 1503 4188 τοῦ
1549 4135 1703 4198 ὄντος
1756 4137 1908 4190 εἰσά-

341 4242 536 4295 γουσα,
562 4227 697 4297 πρὸς
732 4227 940 4281 ἔννοιαν
964 4226 1054 4280 τοῦ
1090 4232 1166 4299 μὴ
1198 4227 1351 4290 ὄντος
1386 4227 1585 4300 ῥᾳδίως
1614 4227 1908 4298 ἐξίστησιν.

342 4320 416 4372 Οὐ
460 4319 569 4388 μὴν
602 4320 662 4371 τὸ
698 4318 857 4372 Θεϊον
885 4318 943 4373 ἓν
969 4320 1143 4372 ἐκεῖνο
1172 4319 1417 4373 τοιοῦτον
1439 4335 1455 4351 ο
1485 4319 1772 4389 ποιητικὸν
1802 4320 1912 4389 γάρ

2014 3228 2185 3284 multa
2218 3228 2434 3293 formis,
2472 3244 2643 3283 unum
2680 3244 2900 3297 genere,
2936 3229 3105 3287 multa
3157 3241 3381 3295 eventu,
3424 3246 3595 3285 unum

2012 3318 2310 3389 principio,
2339 3328 2395 3373 et
2421 3333 2528 3373 non
2560 3319 2723 3375 modo
2752 3317 2809 3374 in
2846 3319 3132 3389 separatis,
3158 3321 3251 3374 sed
3279 3322 3444 3375 etiam
3466 3336 3600 3375 cun-

2012 3422 2114 3467 cta:
2141 3410 2570 3481 magnitudines,
2604 3411 2648 3465 si
2681 3410 2904 3480 fugiunt
2934 3426 3131 3476 unum,
3167 3410 3236 3465 ad
3285 3411 3597 3467 multitudi-

2014 3518 2138 3557 nem
2197 3501 2658 3573 compensatione
2716 3501 2882 3572 369
2920 3502 3130 3557 minuta
3183 3510 3237 3558 ct
3291 3504 3590 3558 essentiam

2012 3609 2175 3664 quam
2225 3592 2502 3647 habebant
2540 3592 2823 3657 amittunt,
2849 3608 2951 3648 nec
2982 3592 3130 3663 quod
3155 3602 3316 3648 erant
3364 3595 3600 3663 amplius

2013 3696 2161 3741 sunt.
2181 3685 2282 3741 Ubi
2314 3685 2464 3740 enim
2488 3700 2656 3740 unum
2681 3686 2965 3752 amittunt,
2993 3685 3067 3740 ita
3097 3687 3455 3757 consequitur
3477 3701 3600 3742 esse

2015 3778 2236 3847 partita,
2273 3787 2499 3848 propter
2527 3792 2651 3833 esse
2680 3793 2875 3844 unum,
2907 3779 3216 3834 concilians
3266 3790 3325 3835 et
3350 3779 3589 3847 comple~

2026 3878 2185 3923 etens
2210 3869 2395 3923 omnia
2422 3869 2694 3924 elementa
2718 3884 3059 3939 quaecunque
3089 3880 3247 3925 ortus
3286 3882 3340 3924 et
3369 3885 3598 3926 occasus

2014 3960 2144 4015 lert.
2183 3960 2501 4017 Diﬂ'erentia
2556 3963 2705 4018 enim
2757 3965 3078 4018 varietatem
3123 3962 3219 4016 τοῦ
3258 3978 3382 4019 esse
3419 3965 3598 4018 invol-

2012 4067 2172 4115 veus,
2205 4052 2273 4107 ad
2311 4053 2405 4105 τοῦ
2438 4068 2552 4108 non
2587 4068 2710 4109 esse
2748 4053 2908 4109 facile
2934 4054 3202 4124 pervenit.
3241 4054 3465 4111 Minime
3509 4055 3598 4110 di-

2014 4140 2201 4196 vinum
2238 4142 2370 4197 illud
2398 4158 2589 4201 unum.
2621 4157 2819 4199 creans
2856 4145 3161 4214 composita
3212 4144 3324 4210 illa,
3364 4144 3597 4215 simplex

2013 4233 2238 4288 omnino
2270 4242 2327 4288 et
2380 4237 2801 4304 supernaturale
2830 4275 2848 4301 ,
2882 4223 2992 4291 non
3035 4236 3197 4292 talem
3261 4235 3594 4306 positionem

2013 4325 2413 4394 expositionem
2446 4325 2707 4394 explicat,
2738 4327 2835 4382 sed
2864 4327 3274 4398 exemptionem
3330 4344 3362 4383 e
3406 4330 3601 4384 multis

339 4408 545 4462 τούτων
600 4408 873 4462 συνθέτων
924 4409 1119 4475 ὄντων,
1180 4408 1392 4462 ἁπλοῦν
1450 4409 1808 4463 παντάπασιν
1852 4408 1908 4462 ὃν

2016 4431 2138 4487 quae
2170 4425 2302 4471 sunt
2323 4417 2610 4474 sensibilia
2646 4428 2704 4474 et
2734 4418 3127 4490 intelligibilia.
3156 4418 3212 4474 Si
3235 4421 3408 4484 enim,
3449 4422 3600 4489 quod

337 4502 513 4559 ἐκεῖνο
556 4502 649 4555 καὶ
695 4502 1093 4573 ὐπερκόσμιον.
1136 4502 1275 4556 Οὐδὲ
1310 4502 1462 4555 θέσιν
1489 4503 1704 4556 τοιάνδε
1732 4503 1908 4573 δηλοῖ,

2023 4508 2246 4579 proprie
2267 4517 2369 4573 est,
2404 4525 2576 4564 unum
2610 4520 2717 4576 est,
2761 4526 2931 4566 unum
2956 4527 3089 4581 ergo
3111 4512 3217 4566 erit
3248 4512 3473 4581 proprie
3498 4527 3599 4567 ex-

337 4594 451 4646 an”
477 4593 640 4665 ἄρσιν
671 4595 735 4646 ὲκ
777 4594 887 4646 τῶν
919 4593 1153 4658 πολλῶν,
1177 4594 1277 4646 ὅσα
1308 4610 1368 4648 τε
1401 4593 1641 4663 αἰσθητὰ
1677 4595 1769 4647 καὶ
1805 4595 1911 4647 ὅσα

338 4686 525 4755 νοητά.
561 4686 623 4738 Εί
657 4687 764 4757 γὰρ
791 4686 850 4737 τὸ
878 4686 1084 4757 κυρίως
1113 4684 1173 4738 ὃν
1204 4685 1286 4750 ἓν,
1310 4683 1463 4738 ἔσται
1498 4686 1608 4753 ἄρα
1639 4685 1731 4738 καὶ
1756 4687 1817 4737 τὸ
1852 4684 1911 4738 ἓν

338 4778 544 4847 κυρίως
571 4774 632 4829 ὃν
661 4780 754 4831 καὶ
811 4776 905 4831 νοῦ
961 4778 1164 4841 παντὸς
1214 4778 1495 4831 ἐπέκεινα.
1529 4776 1637 4830 Τοῦ
1689 4776 1735 4831 δ’
1790 4779 1911 4841 ἐνὸς

335 4873 589 4925 ἐπέκεινα
624 4872 730 4924 τῶν
761 4872 979 4925 πάντων
1012 4872 1183 4926 οὐδέν.
1215 4870 1380 4925 Ὀθεν
1414 4875 1504 4925 καὶ
1533 4870 1702 4925 είκῶν
1731 4872 1760 4924 ό
1787 4871 1911 4935 νοῦς

333 4963 429 5015 τοῦ
487 4962 606 5026 ἑνὸς
661 4963 869 5016 ἐκείνου
906 4965 1148 5031 λέγεται.
1183 4958 1339 5017 Εἶναι
1384 4967 1495 5033 γάρ
1546 4967 1639 5016 καὶ
1670 4963 1761 5017 τὸν
1784 4964 1909 5016 νοῦν

334 5055 452 5122 φῶς
510 5054 716 5108 ἄυπνον
766 5056 860 5107 καὶ
923 5055 1069 5124 ζωὴν
1128 5056 1401 5123 μένουσαν
1434 5056 1527 5108 καὶ
1584 5055 1772 5119 νόησιν
1810 5056 1911 5108 οὐκ

336 5146 664 5217 ἐνεργοῦσαν
691 5147 773 5210 είς
812 5147 872 5199 τὸ
908 5146 1124 5216 μέλλον,
1158 5147 1274 5199 ἀλλ’
1315 5150 1395 5208 εἰς
1438 5149 1505 5200 τά
1539 5148 1789 5217 παρόντα
1822 5149 1910 5200 ἀεὶ

335 5240 431 5291 καὶ
458 5240 718 5302 ὡσαύτως
764 5237 980 5309 ἔχοντα,
1011 5239 1280 5309 σύμφωνά
1302 5256 1363 5293 τε
1401 5239 1533 5295 ὅντα
1567 5240 1784 5303 ἑαυτοῖς
1812 5241 1909 5293 καὶ

333 5329 544 5399 οὐδαμῆ
604 5347 733 5384 ποτε
772 5330 1076 5401 μαχόμενα.
1110 5330 1255 5402 Πρὸς
1304 5331 1370 5402 δὴ
1423 5331 1484 5385 τὸ
1529 5332 1770 5384 τοιοῦτον
1824 5329 1907 5395 ἓν,

332 5426 424 5478 τὸν
453 5427 585 5478 Θεόν
627 5426 846 5497 δηλαδὴ,
886 5425 1042 5479 πάντ’
1076 5428 1259 5480 ὲκεῖνα
1306 5426 1377 5480 τά
1429 5425 1602 5478 πολλὰ
1649 5424 1759 5478 τῶν
1788 5425 1908 5476 ὀνο-

338 5516 523 5585 μάτων
556 5520 696 5569 κατὰ
751 5521 844 5569 τὴν
895 5517 1035 5569 θεῖον
1088 5519 1345 5586 φέρονται
1401 5516 1742 5579 Ἀθανάσιον,
1775 5514 1811 5567 ἆ
1848 5529 1907 5564 τε

338 5609 603 5679 πρότερον
655 5610 710 5660 ὲν
743 5609 922 5672 ἄλλοις
970 5609 1160 5680 εἴρηκε
1219 5609 1420 5678 λόγοις,
1454 5610 1551 5660 καὶ
1602 5606 1639 5660 ἃ.
1691 5606 1805 5669 νῦν,
1842 5605 1905 5657 τὸ

337 5699 615 5769 ἄφθαρτον
678 5700 897 5770 δηλαδὴ,
929 5702 989 5753 τὸ
1060 5702 1352 5771 ἄτρεπτον,
1384 5699 1445 5751 τὸ
1496 5698 1903 5764 ἀκατάληπτον,

338 5792 398 5842 τὸ
430 5787 676 5856 δυνατὸν,
706 5790 781 5843 τδ⁶
817 5789 1246 5860 προγνωστικὸν,
1282 5791 1377 5844 καὶ
1420 5791 1515 5843 ὅσα
1553 5788 1700 5841 ἐστὶν
1734 5790 1762 5841 ὁ
1797 5789 1905 5839 lla-

2020 4600 2221 4654 sistens
2268 4608 2328 4654 et
2387 4600 2526 4654 ultra
2587 4616 2809 4656 omnem
2850 4601 3143 4655 rationem.
3185 4600 3358 4656 Unius
3414 4613 3603 4656 autem

2019 4689 2158 4744 nihil
2189 4690 2327 4745 ultra
2343 4669 2697 4755 ~universum,
2736 4692 2885 4747 unde
2914 4691 3054 4748 ratio
3102 4692 3283 4762 imago
3317 4691 3481 4747 unius
3529 4693 3598 4748 il-

2019 4779 2129 4834 lius
2157 4780 2378 4836 dicitur.
2413 4781 2546 4837 Esse
2600 4782 2749 4836 enim
2805 4784 3074 4838 rationem
3121 4783 3310 4838 lumen
3366 4783 3494 4851 vigil
3543 4794 3605 4839 et

2021 4875 2164 4927 viam
2201 4885 2513 4928 manentem
2541 4881 2599 4928 et
2656 4883 2896 4929 mentem
2925 4890 3035 4931 non
3073 4873 3140 4930 ad
3191 4873 3436 4929 futurum
3466 4877 3602 4930 acti-

2019 4980 2165 5029 vam,
2199 4965 2293 5020 sed
2319 4965 2386 5020 ad
2420 4966 2708 5036 praesentia
2741 4977 2797 5020 et
2837 4981 2957 5035 qua:
2992 4967 3193 5021 similia
3227 4979 3357 5022 sunt
3386 4976 3441 5021 et
3488 4968 3605 5022 sibi

2018 5054 2333 5119 concordia,
2379 5056 2603 5110 minime
2651 5070 2893 5124 unqaam
2940 5059 3326 5126 repugnantia.
3376 5056 3456 5110 Ad
3491 5057 3603 5112 tale

2019 5161 2211 5206 unum,
2243 5145 2452 5200 scilicet
2485 5145 2677 5211 Deum,
2707 5146 2890 5200 nuntia
2927 5147 3017 5200 illa
3040 5147 3265 5202 nomina
3292 5150 3605 5203 secundum

2019 5235 2080 5290 υ.
2123 5237 2485 5292 Athanasium
2523 5238 2796 5303 feruntur,
2832 5254 2955 5309 quae
2987 5248 3146 5294 antea
3189 5240 3240 5291 in
3275 5238 3399 5292 aliis
3441 5237 3609 5295 libris

2018 5329 2322 5397 protulitet
2344 5343 2467 5398 quae
2498 5344 2663 5393 nunc,
2698 5345 2892 5399 nempe
2942 5328 3382 5400 incorruptibile,
3411 5328 3605 5383 imum-

2019 5420 2201 5483 tabile,
2253 5418 2836 5490 incomprehensibilia,
2882 5420 3607 5492 omnipotens,providens,

2016 5525 2356 5580 quaecunque
2376 5510 2538 5565 Pater
2560 5522 2689 5567 sunt
2737 5521 2792 5567 et
2833 5529 2953 5582 qua:
3003 5512 3224 5583 prapria
3262 5513 3426 5566 etiam
3480 5512 3608 5569 Fiiii

2014 5618 2134 5657 esse
2188 5603 2342 5667 dicit,
2381 5604 2425 5658 si
2476 5605 2696 5673 quidem
2750 5607 3022 5661 naturalia
3060 5617 3116 5660 et
3160 5605 3494 5670 essentialia,
3537 5621 3608 5659 ne

2015 5697 2191 5750 dit-am
2231 5696 2409 5766 ipsum
2443 5712 2563 5752 esw
2594 5698 2811 5753 Filium.
2842 5699 3192 5768 Quaecunque
3228 5697 3610 5754 attribuuntur

2015 5787 2160 5842 Patri
2187 5786 2510 5843 naturaliter
2528 5797 2582 5844 et
2601 5791 2990 5858 essentialitcr,
3008 5791 3233 5862 370m
3265 5789 3475 5847 dicitl).
3497 5792 3605 5861 (1y-
