4034 6468
472 377 579 443 ΞΣΞἿ

1640 374 2066 435 NICEPHORI
2110 372 2497 433 GREGORE

473 495 780 557 rillus,ba-.c
826 492 1008 547 omnia
1051 500 1174 546 sunt
1200 491 1253 544 in
1274 491 1435 546 Filio.
1466 490 1608 561 Ergo
1643 490 2033 560 incorruptum

2151 491 2277 557 τήρ.
2313 490 2379 541 Ἀ
2429 489 2520 539 καὶ
2570 487 2676 540 ἴδια
2714 486 2808 539 καὶ
2834 485 2930 539 τοῦ
2965 484 3091 538 1⁸ἰοῦ
3134 502 3299 554 φησιν
3339 477 3506 548 εἶναι,
3541 487 3706 541 είτουν

473 587 837 650 immutabile,
866 583 1437 652 incumprchcnsihile,
1474 598 1690 651 petens,
1726 582 2038 649 providens,

471 694 811 748 quaecunque
836 678 995 730 Pater
1024 676 1303 734 sunt,luec
1329 674 1511 727 omnia
1542 680 1669 725 sunt
1700 671 1845 733 Filii,
1867 674 1947 725 vel
1974 672 2041 724 ad

473 781 712 823 nostram
742 767 1229 822 circumscribe-udi
1266 764 1741 825 consuetudinem,
1775 776 1881 815 non
1911 762 2041 815 t‘alsa

471 871 525 913 ct
558 858 788 913 ascititia
834 858 950 910 Filii
985 858 1222 926 propria.
1254 854 1431 910 Uutmt
1489 853 1634 906 enim
1678 851 1929 919 idemque
1956 850 2042 904 di-

473 956 611 1006 v'nae
629 964 681 1004 et
703 951 936 1020 simplici
967 950 1190 1004 omnino
1208 960 1414 1000 natum
1443 945 1817 1014 intclliguntur
1839 951 1893 998 et
1915 950 2043 997 sunt

471 1053 526 1096 et
554 1045 811 1097 dirutttur
849 1041 1055 1095 omnia.
1080 1040 1428 1108 Quaecunque
1455 1036 1600 1091 cnim
1643 1034 1831 1090 deitati
1887 1034 2043 1088 attri-

473 1137 739 1200 buuntur,
776 1135 978 1203 inquit,
1028 1135 1188 1187 unice
1227 1142 1281 1185 et
1315 1134 1535 1199 proprie
1578 1130 1670 1183 uni
1710 1141 1764 1183 et
1804 1128 2040 1196 simplici

470 1236 524 1282 et
556 1228 679 1289 soli,
707 1228 821 1281 haec
852 1224 1165 1281 communia
1199 1205 1471 1276 naturalia
1503 1221 1684 1276 Patris
1717 1228 1772 1275 et
1822 1218 1946 1273 Filii
1988 1224 2043 1271 et

471 1336 640 1373 unum
691 1320 970 1387 idemque,
1021 1316 1166 1387 quod
1218 1316 1394 1369 dcitas
1434 1331 1539 1368 una
1571 1321 1679 1373 est;
1734 1320 1791 1365 ut
1826 1320 2040 1364 natura.

468 1411 714 1466 Assentit
759 1408 1059 1464 Athanasio
1090 1408 1326 1478 Cyrillus
1363 1412 1416 1459 in
1456 1404 1738 1459 Thesauri:
1774 1403 2041 1473 Spiritum

472 1503 596 1557 Filii
627 1502 910 1570 proprimn
944 1500 1261 1553 nominans.
1304 1497 1455 1563 Vide,
1499 1496 1775 1565 quomodo
1825 1497 1878 1547 in
1912 1507 2044 1563 pro-

470 1593 747 1662 positione
774 1606 898 1644 cum
927 1590 1112 1643 multis
1128 1588 1394 1643 dixisset:
1445 1609 1462 1637 ι
1496 1585 1690 1641 Omnia
1732 1602 1856 1655 qua:
1883 1586 2042 1641 habet

470 1687 658 1743 Pater,
715 1702 734 1733 ι
790 1691 845 1735 et
892 1696 1013 1750 qua:
1063 1679 1322 1734 attribuit
1352 1679 1537 1731 dcitati
1576 1678 1768 1741 Patris,
1804 1675 1929 1730 dein
1986 1677 2042 1729 in

472 1791 642 1828 unum
667 1772 1139 1841 comprehendens
1164 1786 1271 1824 non
1304 1770 1461 1833 dicit,
1494 1789 1510 1821 ι
1555 1770 1904 1837 Quaecunque
1947 1768 2042 1821 Ita-

2148 582 2351 648 φυσικὲι
2373 580 2465 632 καὶ
2485 579 2741 648 οὐσιὼδη,
2760 578 2959 647 μᾶλλον
2980 578 3023 631 δ’
3049 580 3225 632 εἰπεῖν
3245 578 3406 631 αὐτῦν
3433 576 3495 648 [τ.
3520 578 3617 634 175
3637 577 3705 650 r.]

2145 669 2283 726 εῖναι
2350 672 2443 726 τὸν
2504 672 2651 725 ἰ’ίόν.
2686 672 2827 724 Ὅσα
2878 674 2986 739 γὰρ
3045 672 3331 740 προσεῖναι
3388 671 3606 739 λέγεται
3634 671 3706 740 τῷ

2146 765 2320 833 Πατρὶ
2377 764 2622 832 φυσικῶς
2680 779 2740 814 τε
2778 763 2872 814 καὶ
2927 761 3230 829 οὖσιωδῶς,
3279 760 3422 813 κατὰ
3454 759 3547 815 τὸν
3574 761 3709 816 θεῖον

2146 854 2436 924 Κύριλλον,
2500 854 2674 907 ταῦτα
2733 854 2913 907 πάντα
2978 853 3124 906 ἐστὶν
3171 838 3209 907 δ’
3263 852 3415 915 mg.
3475 851 3548 905 T6
3603 852 3704 923 ἄρα

2143 947 2423 1017 ἄφθαρτον
2452 947 2546 999 καὶ
2572 948 2841 1014 ἄτρεπτον
2876 946 2968 998 καὶ
3009 943 3397 1014 ἀκατάληπτον
3437 945 3531 997 καὶ
3564 944 3712 997 δυνα-

2143 1041 2232 1093 τὸν
2262 1040 2357 1091 καὶ
2394 1038 2803 1105 προγνωστικὸν
2832 1036 2929 1090 καὶ
2957 1038 3058 1090 ὅσα
3086 1037 3233 1089 ἐστὶν
3264 1039 3291 1090 6
3314 1035 3709 1107 Πατὴρ,ταῦτα

2144 1132 2302 1185 πάντ’
2334 1131 2481 1184 ἐστὶν
2516 1133 2544 1183 6
2577 1130 2730 1193 Υιός.
2761 1131 2823 1182 El
2870 1129 2978 1195 γὰρ
3008 1129 3099 1183 καὶ
3132 1129 3589 1200 περιφραστικῶς
3622 1129 3710 1181 καὶ

2146 1224 2286 1278 κατὰ
2315 1224 2414 1293 τήν
2458 1241 2521 1291 γε
2572 1224 2847 1292 ἡμετέραν
2899 1222 3111 1290 λέγοιτο
3158 1222 3473 1291 συνήθειαν,
3504 1223 3615 1274 ἀλλ’
3652 1222 3708 1273 οὐ

2144 1315 2272 1370 νόθα
2311 1316 2406 1368 καὶ
2460 1316 2731 1385 ἐπίκτητα
2759 1317 2829 1368 τὰ
2882 1313 2978 1367 τοῦ
3021 1315 3152 1368 Υίοῦ
3193 1315 3335 1367 ἴδια·
3368 1314 3429 1366 ἓν
3471 1316 3579 1382 γὰρ
3623 1316 3712 1367 καὶ

2142 1407 2337 1458 ταυτὸν
2382 1408 2448 1475 τῇ
2493 1405 2615 1477 θεία
2647 1406 2744 1459 καὶ
2793 1406 3150 1475 ἁπλουστάτη
3191 1405 3356 1474 φύσει
3388 1406 3592 1457 νοεῖται
3621 1406 3711 1457 καὶ

2142 1495 2258 1549 ἐστι
2290 1497 2386 1550 καὶ
2417 1497 2637 1565 λέγεται
2671 1497 2872 1551 πάντα.
2902 1497 3045 1550 Ὀσα
3096 1496 3205 1565 γὰρ
3257 1496 3454 1563 ἀνήκει
3489 1496 3556 1565 τῇ
3600 1494 3711 1547 θεόο

2140 1609 2290 1662 τητι,
2329 1594 2515 1663 φησιν,
2554 1591 2752 1655 ἑνικῶς
2802 1591 2898 1646 καὶ
2929 1591 3242 1661 μονοειδῶς,
3277 1593 3344 1662 τῇ
3386 1591 3485 1661 μιᾷ
3518 1589 3709 1660 δηλαδὴ

2144 1684 2239 1736 καὶ
2269 1683 2413 1753 ἁπλῇ
2438 1682 2534 1737 καὶ
2563 1683 2721 1753 μόνῃ,
2752 1682 2928 1736 ταῦτα
2958 1680 3114 1735 κοινὰ
3144 1681 3240 1734 καὶ
3273 1680 3480 1747 φυσικὰ
3510 1679 3711 1747 lla-cpi);

2145 1778 2237 1829 καὶ
2278 1775 2409 1829 Υιοῦ
2445 1777 2538 1829 καὶ
2579 1774 2637 1829 ἓν
2662 1775 2757 1829 καὶ
2804 1774 3024 1836 ταυτὸν,
3055 1773 3180 1826 ἐπεὶ
3221 1773 3316 1825 καὶ
3370 1772 3563 1840 θεότης
3597 1771 3708 1840 μία,

472 1865 567 1918 bct
593 1906 607 1928 ,
662 1883 681 1914 ι
721 1864 840 1924 sed,
876 1882 893 1913 ι
948 1862 1298 1931 Quaecunque
1336 1870 1465 1915 snnt
1520 1860 1702 1915 Pater.
1758 1878 1777 1910 ι
1816 1859 2033 1912 Sublata

2145 1868 2399 1938 καθάπερ
2435 1868 2532 1921 καὶ
2573 1866 2763 1936 φύσις.
2798 1865 3105 1935 Συνηγορτῐ
3134 1865 3189 1917 δὲ
3224 1864 3318 1915 καὶ
3373 1862 3631 1932 Κύριλλος
3659 1864 3711 1915 ἐν

468 1958 617 2012 enim
644 1956 1182 2023 circumscriptione,
1225 1972 1243 2004 ι
1288 1953 1455 2007 habet
1493 1971 1511 2003 ι
1558 1963 1612 2007 et
1667 1971 1685 2004 ι
1744 1952 2040 2005 multarum

468 2057 887 2115 creatarumque
908 2060 1092 2099 rerum
1133 2062 1152 2095 ι
1180 2045 1407 2098 notione
1445 2043 1581 2098 dicit
1618 2058 1748 2109 non,
1773 2040 2044 2109 Quatenu-

348 2202 365 2215 '
468 2154 576 2208 que
604 2147 753 2202 sunt,
783 2151 884 2191 nec
919 2136 1269 2204 Quaecunque
1326 2134 1493 2188 habet
1559 2134 1736 2196 Pater,
1767 2134 1860 2188 sed
1920 2132 2041 2202 qui-

470 2229 575 2284 bus
625 2238 710 2284 est
750 2246 781 2283 a
814 2229 973 2283 nobis
1029 2227 1340 2283 nominatus
1391 2234 1453 2280 ut
1495 2226 1674 2295 dignis
1704 2226 2039 2289 nominibus,

467 2337 593 2376 cum
627 2321 814 2374 divina
867 2320 953 2373 illa
993 2319 1314 2388 simplicitas
1361 2318 1626 2388 pluralem
1676 2317 1902 2373 omnino
1943 2321 2043 2371 tio-

467 2412 675 2465 tionem
710 2425 816 2463 non
847 2411 1106 2477 postulet.
1135 2407 1393 2469 Videsne,
1437 2415 1500 2461 ut
1548 2423 1777 2477 ntagnus
1802 2407 2040 2461 Athana-

467 2498 584 2553 sius
614 2498 994 2555 doctrinaliter
1050 2498 1105 2551 in
1144 2513 1313 2552 unum
1352 2496 1562 2566 redegit
1588 2496 1721 2550 illud
1759 2496 2043 2564 pluraliter

467 2593 712 2646 dictum:
747 2590 1109 2657 Qua-cunque
1136 2587 1305 2642 habet
1336 2585 1518 2650 Pater,
1546 2601 1665 2641 mea
1701 2594 1862 2645 sunt.
1913 2601 2040 2641 cum

470 2690 630 2735 antea
680 2687 934 2745 negasset
971 2679 1040 2732 de
1091 2677 1279 2730 multis
1327 2683 1383 2728 et
1415 2675 1618 2729 creatis
1648 2674 1814 2729 rebus
1858 2672 2042 2729 dicere

465 2773 625 2842 3‘71
687 2771 933 2826 divinam
986 2769 1133 2822 illam
1189 2769 1494 2823 orationem
1549 2780 1671 2821 esse
1720 2767 2038 2836 potandam.

465 2866 600 2920 Nam
625 2865 690 2918 de
716 2878 801 2924 co,
837 2862 980 2931 quod
1010 2862 1322 2931 possidetur
1358 2868 1414 2914 et
1475 2858 1621 2928 quod
1672 2857 1935 2927 possidet,
1970 2857 2040 2912 de

465 2957 656 3011 eodem
693 2965 748 3009 et
770 2956 965 3016 altero,
997 2954 1064 3007 de
1092 2953 1369 3008 similibus
1395 2954 1513 3020 ipse
1559 2949 1887 3008 meministi.
1917 2966 2041 3018 qua:

465 3062 630 3114 supra
662 3045 903 3099 breviter
943 3045 1011 3097 ad
1038 3045 1191 3099 locos
1217 3043 1524 3111 unicuique
1578 3039 1807 3095 idoneos
1853 3041 2042 3111 dispu-

2149 1956 2489 2025 Θησαιιροῖς
2525 1955 2848 2025 ’Δθανασίῳ,
2883 1955 3013 2007 ἴδιον
3030 1952 3161 2007 Υιοῦ
3191 1951 3253 2005 τδ
3276 1952 3502 2023 Πνεῦμα
3523 1951 3707 2020 λέγων,

2143 2051 2286 2118 Ὅρα
2326 2049 2384 2103 δὲ
2444 2048 2543 2102 καὶ
2609 2047 2729 2110 πῶς
2791 2047 2848 2099 ὲν
2908 2049 2973 2116 τῇ
3028 2046 3293 2115 προτάσει
3333 2043 3711 2114 πληθυντικῶς

2140 2138 2309 2192 εἰπὼν
2367 2137 2545 2191 πάντα
2589 2137 2688 2190 ὅσα
2704 2137 2851 2207 ,ἔχει
2881 2139 2908 2188 ὁ
2961 2137 3146 2205 Πατὴρ
3188 2136 3283 2188 καὶ
3309 2137 3413 2188 ὅσα
3443 2134 3610 2204 ἀνῆκε
3638 2136 3701 2203 τῇ

2140 2229 2356 2298 θεότητι
2411 2228 2508 2281 τοῦ
2565 2228 2799 2297 ιῐατρὸς,
2841 2227 3014 2281 ἔπειτ’
3069 2229 3151 2291 εἰς
3197 2227 3255 2280 ἓν
3309 2226 3538 2295 ἀγαγὼν
3569 2242 3712 2280 συνε-

2140 2320 2396 2389 πέρανεν,
2431 2321 2531 2389 οὐχ
2582 2319 2683 2373 ὅσα
2734 2319 2849 2387 ἔχει
2896 2319 2925 2371 6
2966 2318 3176 2389 Πατὴρ,
3210 2316 3329 2372 ἀλλ’
3382 2319 3484 2372 ὅσα
3516 2318 3659 2370 ἐστὶν
3684 2318 3711 2369 6

2142 2412 2349 2481 Πατήρ.
2388 2412 2499 2465 Καὶ
2525 2410 2633 2481 γὰρ
2666 2408 2886 2477 ἀφελὼν
2919 2411 3021 2481 τήν
3052 2426 3111 2463 τε
3143 2411 3237 2464 τοῦ
3269 2409 3424 2480 ἔχειν
3452 2411 3711 2480 περιφρα-

2143 2520 2228 2556 σιν
2258 2506 2354 2557 καὶ
2382 2501 2480 2572 τῆν
2523 2502 2634 2555 τῶν
2679 2502 2893 2558 πολλῶν
2944 2503 3035 2556 καὶ
3085 2503 3328 2557 κτιστῶν
3374 2504 3710 2572 πραγμάτων

2144 2594 2422 2654 ὑπόνοιαν,
2454 2594 2553 2664 οὐχ
2580 2594 2679 2648 ὅσα
2711 2597 2875 2661 εἰσὶν,
2912 2590 3090 2658 εἶπεν,
3123 2595 3237 2649 οὐδ’
3266 2596 3372 2650 ὅσα
3400 2593 3515 2664 ἔχει
3543 2596 3571 2648 6
3602 2594 3708 2647 Πι-

2139 2682 2265 2753 τὴρ,
2297 2682 2411 2735 ἀλλ’
2437 2683 2540 2735 ὅσα
2568 2683 2720 2736 ἐστὶν
2769 2682 3182 2753 ὀνομαζόμενος
3208 2683 3494 2753 θεοπρεπῆ
3516 2679 3709 2753 δηλαδὴ

2141 2775 2272 2843 παρ’
2300 2776 2457 2845 ἡμῶν
2486 2775 2748 2844 ὀνόματα,
2784 2775 2879 2829 an
2932 2776 3028 2829 καὶ
3065 2776 3164 2844 τῆς
3195 2775 3350 2838 θείας
3391 2776 3451 2828 οὐ
3495 2791 3709 2846 προσιε-

2143 2870 2311 2938 μένης
2352 2866 2571 2933 ὲκείνης
2626 2868 2932 2938 ἁπλότητος
2981 2867 3359 2938 πληθυντικήν
3408 2886 3530 2922 τινα
3581 2868 3707 2930 ὅλως

2139 2955 2372 3009 ἔννοιαν.
2423 2955 2595 3027 Ὀρᾷς
2642 2957 2762 3020 πῶς
2795 2959 2822 3009 6
2855 2958 3031 3024 μέγας
3077 2956 3406 3017 Ἀθανάσιος
3441 2955 3562 3009 κατ’
3593 2956 3707 3007 ὲπι-

2144 3047 2355 3115 στήμην
2395 3048 2475 3110 είς
2504 3047 2565 3100 τὸ
2586 3048 2644 3099 ἓν
2676 3049 3008 3116 συνεπέρανε
3040 3047 3104 3101 τὸ
3139 3046 3523 3118 πληθυντικῶς
3560 3048 3702 3115 εἰρη-

3613 370 3706 436 3Ξ8
3800 390 3805 395 ‘

468 3150 578 3194 tuta
612 3148 761 3194 sunt.

2150 3138 2332 3207 μένον,
2365 3158 2383 3190 ι
2427 3139 2609 3193 Πάντα
2639 3140 2741 3193 ὅσα
2771 3140 2883 3209 ἔχει
2909 3142 2938 3194 6
2961 3141 3152 3211 Πατὴρ
3192 3141 3305 3210 ὲμὰ
3331 3145 3471 3205 ἐστι,
3519 3157 3537 3191 ι
3572 3141 3706 3207 ἀπη-

456 3233 747 3302 γορευκὼς
788 3231 1056 3301 πρότερον
1142 3228 1218 3299 μὴ
1270 3230 1399 3298 περὶ
1451 3230 1798 3298 πραγμάτων
1892 3228 2102 3281 πολλῶν
2139 3232 2233 3284 καὶ
2273 3233 2508 3285 κτιστῶν
2544 3232 2753 3287 οἴεσθαι
2801 3234 2982 3302 λέγειν
3014 3233 3230 3306 ἐκείνην
3279 3237 3381 3304 τὴν
3413 3235 3564 3288 Θείαν
3603 3250 3705 3301 φω.

478 3328 582 3394 ρήν.
615 3325 749 3393 Περὶ
786 3325 894 3393 γὰρ
928 3321 1084 3374 ἐκτοῦ
1134 3322 1229 3374 καὶ
1266 3320 1478 3391 ἔχοντος
1534 3322 1629 3374 καὶ
1684 3322 1882 3374 ταυτοῦ
1943 3324 2035 3376 καὶ
2075 3324 2264 3394 ἐτέρου
2308 3326 2402 3378 καί⁵
2442 3325 2552 3378 τῶν
2584 3327 2862 3382 ,τοιούτων
2909 3327 3188 3398 μέμνησαι
3259 3329 3355 3382 καὶ
3429 3330 3589 3392 αὐτὸς
3636 3327 3704 3389 ὡς

466 3415 720 3483 ἀνωτέρω
747 3415 920 3483 βραχὺ
954 3414 1011 3484 [ι.
1049 3414 1151 3467 1Ἰῦ
1176 3411 1252 3485 υ.]
1281 3413 1425 3466 κατὰ
1453 3414 1640 3485 χώραν
1662 3416 1876 3485 ἑκάστῳ
1902 3417 2287 3487 προσήκουσαν
2320 3420 2576 3490 τεχνικὴν
2604 3420 3012 3475 ἀποδέδεικται.

540 3510 673 3563 λιιι.
702 3510 819 3563 Jam
851 3524 1004 3573 vero,
1036 3509 1081 3563 si
1113 3509 1308 3578 placet,
1335 3525 1570 3565 concors
1600 3511 1690 3566 ille
1722 3511 2031 3566 advocetur

471 3604 530 3655 il.
581 3599 853 3663 Basilius,
897 3599 990 3666 qui
1040 3598 1264 3651 nomina
1305 3610 1361 3653 et
1402 3600 1658 3655 notiones
1692 3603 1799 3655 Deo
1837 3602 2030 3670 dignas

466 3692 608 3742 item
647 3691 822 3775 \alet-e
854 3692 997 3744 inter
1023 3703 1081 3744 se
1106 3704 1299 3745 omnes
1325 3690 1498 3758 dicit,
1527 3692 1671 3761 quod
1700 3693 1769 3747 ab
1796 3691 2026 3763 subjecti

464 3782 859 3851 signiﬁcatione
894 3795 1001 3834 non
1023 3781 1359 3850 discrepent.
1383 3782 1734 3854 Quaecunque
1756 3785 1924 3847 enim,
1946 3784 2029 3838 in-

465 3875 621 3941 quit,
651 3873 720 3927 de
755 3872 863 3926 Deo
891 3874 1100 3926 dixeris
1128 3875 1347 3928 nomina
1375 3875 1750 3944 adjudicantia
1778 3884 1834 3933 et
1868 3876 2026 3945 abjuo

473 3965 716 4019 dicantia
740 4005 752 4029 ,
804 3964 1039 4033 positiva
1083 3974 1139 4019 et
1183 3967 1469 4035 negativa,
1519 3982 1642 4035 quae
1673 3977 1796 4037 apta
1829 3979 1884 4022 et
1920 3982 2030 4021 non

460 4068 585 4123 apta
634 4057 910 4110 interdum
954 4071 983 4109 a
1029 4058 1234 4111 sanctis
1280 4057 1562 4123 dicuntur,
1613 4074 1782 4113 unum
1812 4071 1894 4114 est
1926 4076 2027 4129 per

460 4149 642 4201 omnia
673 4147 1060 4215 signiﬁcatum,
1090 4150 1205 4203 sive
1239 4148 1469 4213 bonum,
1498 4149 1613 4203 sive
1636 4150 1869 4220 justum,
1906 4166 2028 4218 qua!

459 4239 866 4309 adjudicantia,
902 4241 1017 4293 sive
1063 4240 1373 4295 immortale
1418 4241 1534 4295 sive
1572 4242 2020 4309 incorruptibile,

460 4346 582 4399 qua:
611 4330 978 4400 abjmlicantia
1006 4331 1291 4385 dicuntur.
1331 4330 1446 4384 lllis
1492 4330 1640 4384 enim
1663 4370 1678 4396 ,
1712 4345 1834 4400 qua:
1868 4330 2027 4384 attri—

460 4422 729 4485 buuntttr,
763 4423 1160 4491 exprimimus,
1189 4423 1277 4477 his
1322 4437 1444 4491 qua:
1489 4436 1601 4475 non
1647 4423 2030 4477 attribuuntur

2210 3515 2308 3568 lF'.
2367 3515 2506 3569 Ἀλλ’
2538 3516 2587 3568 εί
2617 3515 2818 3585 βούλει,
2853 3520 3153 3589 συνήγορος
3185 3521 3322 3590 ἡμῖν
3370 3521 3465 3574 καὶ
3499 3523 3527 3575 6
3571 3521 3702 3582 θεῖος

2138 3607 2426 3676 κεκλήσθω
2476 3608 2786 3673 Βασίλειος,
2830 3611 3041 3678 Πάντα,
3077 3611 3276 3680 λέγων,
3311 3614 3383 3667 τὰ
3431 3612 3699 3682 θεοπρεπῆ

2136 3698 2378 3790 ὁνόμτξτά
2402 3717 2461 3753 τε
2491 3703 2585 3754 καὶ
2610 3703 2861 3771 νοήματα
2883 3705 3163 3776 ὀμοτίμως
3193 3705 3307 3776 ἔχει
3342 3708 3479 3773 πρὸς
3503 3707 3698 3777 ἄλληλα

2134 3790 2212 3861 τῷ
2237 3790 2404 3860 μηδὲν
2435 3792 2587 3862 παρὰ
2613 3796 2714 3864 τὴν
2748 3795 2842 3849 τοῦ
2888 3797 3253 3868 ὑποκειμένου
3289 3800 3580 3869 διαφωνεῖν
3610 3818 3700 3869 σηο

2133 3882 2358 3952 μασίαν.
2398 3884 2539 3938 Ὅσα
2580 3885 2689 3955 γὰρ
2739 3886 2829 3951 ἂν,
2868 3893 3057 3957 φησὶν,
3094 3891 3259 3963 εἴπῃς
3290 3892 3387 3945 ἐπὶ
3418 3893 3554 3960 8εαῦ
3585 3893 3697 3946 όνό-
3778 3895 3792 3908 ’

2133 3991 2301 4043 ματα,
2329 3978 2680 4043 καταφατικὰ
2704 3995 2763 4031 τε
2794 3979 2996 4051 δηλαδὴ
3020 3984 3115 4035 καὶ
3139 3982 3483 4055 ἀποφατικὰ,
3523 3988 3691 4039 είτουν

2130 4066 2545 4138 ἁπαγορευτικὰ
2583 4072 2678 4124 καὶ
2709 4072 3003 4142 ἀρνητικὰ,
3032 4075 3067 4128 ἃ
3112 4076 3176 4147 δὴ
3208 4081 3487 4148 προσόντα
3516 4097 3573 4132 τε
3605 4080 3695 4132 καὶ

2134 4154 2210 4223 μὴ
2255 4156 2525 4223 προσόντα
2579 4158 2798 4227 λέγεται
2854 4162 2991 4233 πρὸς
3027 4165 3137 4219 τῶν
3185 4168 3359 4237 ἁγίων
3387 4170 3558 4223 ἐνίοτε
3602 4169 3695 4223 καὶ

2132 4247 2391 4317 ἀλλαχοῦ,
2423 4248 2482 4302 ἓν
2518 4250 2607 4303 διὰ
2637 4253 2858 4307 πάντων
2888 4257 3007 4308 ἐστι.
3035 4257 3096 4309 τὸ
3129 4263 3562 4332 σημαινόμενον,
3600 4260 3693 4316 εἰτ’

2132 4340 2335 4406 ἀγαθὸν
2363 4342 2459 4393 καὶ
2487 4342 2702 4397 δίκαιον
2735 4349 2829 4399 καὶ
2861 4348 2929 4401 τὰ
2974 4348 3122 4404 οὕτω
3147 4353 3417 4423 λεγόμενα
3449 4373 3693 4425 καταφα-

2137 4428 2280 4494 τικὰ,
2317 4429 2418 4482 εἴτ’
2454 4431 2726 4486 ἀθάνατον
2765 4438 2860 4490 καὶ
2902 4438 3182 4510 ἄφθαρτον
3212 4446 3308 4498 καὶ
3337 4447 3404 4498 τὰ
3433 4446 3573 4499 οὕτω
3609 4447 3693 4497 λε-

457 4513 859 4583 abjudicamus.
883 4514 1105 4583 Itaque,
1139 4523 1197 4567 ut
1228 4512 1535 4567 Eunomius
1560 4511 1729 4579 dicit,
1763 4513 1819 4567 in
1850 4514 2030 4566 nomi-

2137 4519 2340 4588 γόμενα
2395 4522 2687 4592 ἀρνητικά.
2738 4527 2838 4580 Διά
2888 4531 2997 4599 γὰρ
3050 4533 3299 4599 ἐκείνων,
3338 4535 3375 4588 ἂ
3415 4539 3692 4607 προσεῖναι

459 4606 623 4659 nibus
648 4607 712 4659 de
733 4607 844 4660 Deo
868 4606 1032 4661 dictis
1059 4606 1177 4675 ipse
1202 4609 1402 4659 fertur.
1425 4603 1692 4670 Quocirca
1719 4604 2030 4677 ipnomina-

460 4705 547 4749 tus
585 4696 674 4751 ille
711 4698 901 4752 multis
936 4711 965 4750 a
1003 4697 1162 4750 nobis
1195 4696 1518 4750 nominibus
1551 4705 1798 4762 vocatur,
1827 4697 2031 4767 quippe

458 4788 549 4855 qui
591 4789 810 4842 nomine
843 4789 1062 4858 preprie
1106 4787 1411 4856 quadrante
1458 4788 1806 4856 indigeamus
1847 4800 1937 4856 et,
1972 4798 2032 4844 ut

459 4882 708 4950 plurimis
735 4881 1016 4934 nominum
1049 4880 1410 4934 varietatibus
1439 4880 1719 4935 notionem
1746 4882 1840 4938 Dei
1869 4882 2029 4937 nobis

459 4972 679 5024 insitam
706 4971 1047 5038 aperiamus,
1078 4983 1361 5039 cogamur.
1390 4969 1599 5024 Nomen
1636 4970 1781 5025 enim
1825 4972 2028 5029 divina:

458 5072 670 5116 natura:
699 5074 1031 5131 congruens,
1052 5058 1349 5129 Gregorius
1375 5059 1651 5131 Nyssenus
1678 5064 1773 5130 ait,
1800 5080 1908 5118 non
1932 5080 2027 5118 au-

456 5153 715 5209 divimus.
752 5152 1195 5222 Explicationem
1241 5152 1403 5225 hujus
1448 5157 1869 5226 appellationis,
1916 5175 2025 5229 qua

456 5245 950 5315 comprehenditur
978 5244 1346 5314 inti-lligibilis
1379 5245 1433 5302 ἐι
1466 5249 1628 5318 372
1660 5250 1911 5305 invisibis
1932 5267 2027 5305 na-

457 5346 599 5402 tura,
622 5352 730 5390 non
752 5351 977 5407 prorsus
1001 5337 1339 5403 incognitum
1366 5342 1525 5394 nobis
1550 5341 2025 5410 putaitius.5Atque

455 5427 765 5481 divinorum
797 5425 1085 5481 nominum
1123 5429 1419 5484 multitudo
1455 5430 1651 5484 similis
1684 5440 1767 5485 est
1799 5431 1958 5485 lineis
1992 5448 2023 5485 a

455 5515 655 5573 ﬁnitms
672 5518 862 5573 circuli
888 5518 943 5572 in
966 5528 1212 5574 centrum
1237 5533 1382 5576 recta
1406 5524 1882 5593 convergcntibus,
1904 5538 2024 5592 quae

454 5610 640 5665 divisae
667 5613 799 5680 ipsa:
831 5621 982 5665 extra
1006 5653 1019 5677 ,
1052 5624 1300 5667 centrum
1338 5615 1586 5669 dividere
1619 5633 1728 5669 non
1768 5626 2017 5685 possunt.

456 5698 670 5751 Etenim
718 5700 771 5753 in
818 5700 1169 5772 disquircnda
1212 5706 1546 5775 intelligibili
1594 5718 1828 5768 natura,
1875 5720 2015 5774 quo.

453 5787 597 5841 uiam
622 5806 782 5861 supra
808 5810 1062 5848 sensuum
1090 5799 1493 5865 percvptioncm
1520 5799 1691 5867 posita
1718 5808 1819 5862 cst,
1841 5810 2018 5852 mente

2136 4609 2410 4678 λέγονται,
2440 4617 2891 4687 καταφάσκομεν,
2925 4620 3013 4673 διὰ
3050 4621 3107 4675 δὲ
3137 4624 3343 4679 τούτων
3369 4629 3691 4699 ἀπαγορεύοο

2137 4720 2236 4774 μεν
2268 4705 2304 4760 ἃ
2341 4706 2418 4775 μὴ
2448 4706 2767 4777 πρόσεστιν,
2801 4713 2877 4776 ὡς
2916 4714 3079 4778 αὐτὸς
3120 4717 3177 4769 ὲν
3233 4722 3344 4783 τοῖς
3388 4723 3516 4793 περὶ
3561 4721 3687 4774 Θεοῦ

2133 4796 2448 4866 λεγομένοις
2480 4802 2646 4869 φησιν
2673 4802 2899 4872 ὀνόμασι
2922 4808 3043 4859 κατ’
3079 4808 3345 4880 Εὑνομίου
3379 4814 3686 4881 φερόμενος.

2134 4888 2299 4942 Ὅθεν
2324 4890 2353 4943 6
2381 4890 2665 4962 ἀνώνυμος
2706 4894 3059 4967 πολυώνυμος
3086 4902 3218 4969 ἡμῖν
3254 4905 3549 4974 ἀποροῦσιν
3574 4905 3687 4957 όνόο

2133 4992 2304 5044 ματος
2355 4978 2447 5030 τοῦ
2480 4980 2682 5049 κυρίως
2733 4982 3100 5052 ἁρμόττοντος
3152 4990 3386 5057 γίνεται,
3419 4994 3686 5052 πλείσταις

2128 5067 2412 5136 διαφοραῖς
2454 5070 2735 5138 ὀνομάτων
2796 5075 3143 5149 ἁνακαλύψαι
3193 5080 3539 5153 βιαζομένοις
3590 5082 3684 5153 τὴν

2131 5160 2259 5227 περὶ
2288 5158 2382 5211 τοῦ
2428 5162 2571 5214 θείου
2620 5166 2752 5234 ἡμῖν
2788 5171 3149 5241 ὲγγινομένην
3174 5173 3452 5229 ὑπόνοιαν.
3486 5177 3685 5242 Ὅνομα

2128 5252 2234 5320 γὰρ
2287 5256 2649 5322 σημαντικὸν,
2682 5260 2709 5309 ὀ
2761 5260 3061 5316 Νυσσαέων
3110 5266 3314 5334 φάσκει
3368 5266 3680 5338 Γρηγὸριοςο

2126 5343 2225 5411 τῆς
2251 5343 2400 5406 θείας
2434 5346 2647 5412 φύσεως
2674 5350 2774 5403 οὐκ
2814 5354 3127 5426 ἐμάθομενο
3155 5358 3388 5429 δήλωσιν
3425 5361 3479 5413 δὲ
3517 5376 3679 5430 προσ-

2124 5435 2357 5504 ηγορίας
2389 5438 2642 5506 τοιαύτης
2673 5440 2738 5492 δι’
2771 5436 2837 5512 ἧς
2867 5445 3418 5516 ἐμπεριλαμϐάνεται
3454 5453 3487 5520 ἡ
3513 5448 3681 5518 ἄφρα-

2126 5528 2251 5589 στός
2279 5542 2338 5579 τε
2368 5528 2459 5580 καὶ
2489 5531 2718 5599 ἀόρατος
2758 5535 2920 5601 φύσις
2953 5537 2982 5607 ἢ
3024 5540 3123 5592 οὐκ
3153 5537 3290 5594 εἶναι
3331 5543 3552 5596 καθόλου
3584 5554 3683 5607 φα·

2126 5618 2245 5683 μὲν,
2280 5617 2311 5687 ἤ
2346 5622 2562 5681 πάντως
2607 5624 2740 5691 ἡμῖν
2771 5625 3051 5693 ἄγνωστον
3104 5627 3266 5687 εἶναι.
3297 5633 3410 5686 Καὶ
3445 5633 3586 5684 ἔοικε
3620 5628 3679 5680 τὸ

2122 5712 2229 5762 τῶν
2258 5713 2573 5780 θεοπςιεπών
2602 5716 2882 5785 ὀνομάτων
2914 5722 3114 5792 πλῆθος
3149 5729 3266 5789 ταῖς
3298 5728 3361 5779 ἐκ
3381 5725 3487 5777 τῶν
3519 5721 3677 5792 περά-

2124 5818 2227 5851 των
2262 5800 2356 5852 τοῦ
2387 5804 2583 5857 κύκλου
2621 5812 2753 5877 προς
2802 5814 2861 5864 τὸ
2893 5808 3143 5883 κέντρον”’
3173 5818 3565 5888 συναγομέναις
3593 5814 3678 5864 εἶν’

3472 5980 3519 6001 η
