4034 6470
331 398 438 471 ΒΞ]
1292 394 1611 462 ΒΥΖΑΝἸῚ
1626 390 1747 462 ΝίΕ
1791 401 1883 461 HI;

1984 402 2173 463 JRIIE
2209 394 2278 465 LI
2298 401 2359 464 Β-
2404 397 2614 470 XXXI.

332 513 526 578 θείαις,
557 516 843 586 μερισταϊς
875 517 974 586 μὲν
1018 515 1208 578 οὔσαις
1254 515 1478 582 ἔξωθεν,
1505 517 1565 568 τὸ
1594 516 1648 569 δὲ
1682 517 1883 587 κέντρα

2012 517 2080 572 ad
2111 534 2175 573 ea
2200 534 2322 589 qua:
2352 535 2580 575 sensum
2610 522 2827 591 fugiunt
2859 529 2891 593 p
2929 540 2954 578 r
2987 524 3365 595 conjecturam
3404 528 3578 593 perci-

333 606 557 677 μερίσαι
589 607 663 675 μὴ
697 606 1044 678 δυναμέναις,
1077 608 1215 662 ἀλλὰ
1247 607 1474 678 μᾶλλον,
1508 609 1632 662 ὅσον
1659 610 1880 677 ἐφικτὸν

2006 608 2207 678 pienda
2225 619 2456 677 attenta,
2480 612 2572 666 alii
2597 613 2755 668 aliter
2782 615 3166 683 persequimur
3187 615 3240 669 id
3265 615 3413 685 quod
3438 631 3578 684 qua:-

328 697 689 763 ἐνιζομέναις.
736 698 826 753 Ἐν
868 699 976 767 γὰρ
1012 703 1078 770 τῇ
1117 698 1340 771 θεωρίᾳ,
1376 697 1441 771 [ι.
1479 699 1580 754 176
1628 698 1704 771 r.]
1747 701 1881 771 φησὶ

2007 701 2281 768 rimus,et
2307 704 2374 758 ad
2395 705 2667 759 rationem
2695 705 2764 760 de
2791 707 3042 777 subjecto
3070 708 3270 779 cuique
3298 709 3580 772 innatam,

326 787 425 855 τῆς
449 788 646 857 νοερᾶς
677 787 917 857 φύσεως,
950 790 1040 843 διὰ
1068 789 1129 842 τὸ
1170 788 1538 858 ὑπερκεῖσθαι
1576 791 1678 858 τῆς
1711 790 1883 860 αἰσθη-

2003 792 2135 860 quid
2167 802 2222 847 et
2255 794 2416 862 quale
2440 795 2513 849 sit
2545 795 2598 848 id
2629 796 2777 867 quod
2808 798 3193 868 cogitavimus,
3225 799 3579 870 proferimus.

325 880 427 949 τῆς
456 880 626 951 αὐτὴν
670 880 1051 952 καταλήψεως,
1094 881 1473 950 στοχαστικῶς
1506 881 1883 972 τῆςβιανοίας

2004 881 2230 945 Ignarus
2269 893 2452 939 autem
2494 887 2746 942 Palamas
2772 901 3000 959 propter
3025 889 3281 945 absurdae
3301 890 3582 960 opinionis

323 973 663 1044 ὀρεγομένης
712 974 821 1027 τῶν
867 974 1249 1044 ὲκφευγόντων
1300 975 1401 1059 τὴν
1431 974 1708 1043 αἴσθησιν,
1746 977 1883 1031 ἄλλοι

2002 977 2331 1044 pravitatem
2365 980 2647 1049 corruptis
2683 989 3001 1036 sanctorum
3040 983 3224 1039 verbis
3260 983 3356 1038 Dei
3390 984 3579 1038 Eccle—

324 1063 503 1125 ἄλλως
544 1062 846 1131 κινοῦμεοά
883 1081 943 1119 τε
980 1065 1111 1134 περὶ
1142 1066 1201 1117 τὸ
1231 1054 1591 1134 ζητούμενον,
1624 1068 1720 1120 καὶ
1753 1069 1883 1121 κατέ

2000 1064 2135 1118 siam
2180 1066 2562 1135 perturbavit,
2599 1070 2786 1125 nescio
2823 1085 2954 1124 num
3012 1072 3238 1137 invitus,
3300 1061 3577 1144 incognita

326 1156 423 1224 τὴν
461 1156 821 1225 ὲγγινομένην
851 1156 1069 1227 ἑκάστῳ
1099 1157 1229 1225 περὶ
1279 1155 1342 1208 τὺ
1376 1158 1739 1228 ὑποκείμενον
1783 1159 1883 1214 διά-

1999 1157 2219 1213 illorum
2272 1162 2586 1225 sententia,
2649 1178 2719 1217 an
2765 1164 2962 1233 sponte
3006 1165 3397 1235 blasphemans
3430 1165 3576 1220 etin

324 1262 498 1311 νοιαν,
540 1247 690 1308 ὅπως
722 1245 789 1300 ἂν
812 1244 923 1300 οἶόν
950 1264 1009 1300 τε
1042 1263 1099 1320 ῃ,
1124 1247 1183 1300 τὸ
1227 1247 1421 1318 νοηθὲν
1464 1247 1883 1319 ἐξαγγέλλομεν.

1996 1249 2262 1319 subjectis
2308 1261 2364 1306 ct
2419 1253 2588 1308 variis
2655 1253 2824 1309 rebus
2874 1255 3022 1309 varia
3082 1257 3180 1311 illa
3244 1257 3427 1311 omnia
3493 1257 3579 1311 di-

337 1336 397 1389 ⁹0
428 1336 477 1391 δ’
499 1336 715 1409 ἀμαθὴς
744 1338 1011 1409 Παλαμᾶς
1044 1340 1132 1392 διὰ
1171 1338 1401 1409 γνώμης
1438 1341 1644 1394 ἀτόπου
1686 1343 1883 1412 μοχθη-

1997 1341 2120 1396 vina
2192 1345 2414 1399 nomina
2489 1347 2654 1415 impie
2723 1348 3065 1413 sublaturus,
3091 1360 3144 1404 et
3199 1351 3400 1405 multos
3448 1350 3577 1404 inde

326 1428 553 1500 ροτέραν
589 1431 705 1496 ἕξιν
749 1432 900 1504 παρά
951 1433 1156 1500 φαῦλον
1213 1432 1310 1496 τὰς
1343 1432 1454 1486 τῶν
1493 1433 1666 1503 ἀγίων
1704 1435 1883 1505 ῥήσεις

1992 1434 2281 1505 variosque
2329 1436 2601 1492 increatos
2641 1439 3000 1494 nuntiaturus
3041 1441 3175 1495 deos
3218 1451 3274 1494 ct
3319 1442 3570 1495 deitates.

323 1521 712 1591 ποιησάμενος,
745 1522 844 1593 τὴν
896 1524 994 1577 τοῦ
1041 1519 1177 1577 Θεοῦ
1232 1525 1605 1594 συνεκύκησεν
1651 1526 1883 1595 Ἐκκλη-

1992 1525 2109 1579 Non
2145 1526 2292 1581 enim
2321 1529 2538 1583 audisse
2559 1530 2777 1587 videtur
2800 1531 3123 1602 Gregorium
3158 1534 3459 1605 Nysscnum
3486 1533 3568 1587 di-

320 1612 465 1677 σίαν,
524 1614 625 1667 οὐκ
671 1609 772 1667 οἶδ’
819 1616 1103 1683 ὁπότερον,
1159 1616 1260 1669 εἰτ’
1312 1616 1462 1668 ἄκων
1515 1616 1729 1683 ἀγνοῶν
1787 1620 1883 1688 τὴν

1989 1629 2243 1675 centem:
2279 1621 2335 1677 Si
2367 1638 2472 1678 non
2520 1641 2681 1680 uuam
2743 1642 2866 1684 esse
2908 1630 3279 1685 venerabilem
3315 1641 3563 1686 naturam

318 1700 548 1759 ἐκείνων
591 1686 853 1774 διάνοιαν,
907 1707 1010 1761 εἶθ’
1075 1706 1218 1763 ἑκὼν
1280 1709 1625 1779 βλασφημῶν
1678 1714 1770 1764 καὶ
1828 1686 1883 1764 ἐν

1988 1716 2280 1769 crederent
2332 1716 2621 1783 homines,
2661 1720 2758 1775 sed
2803 1721 2858 1776 in
2917 1723 3096 1777 varias
3145 1723 3379 1779 dcitates
3423 1726 3567 1795 cogi-

319 1797 703 1867 ὑποκειμὲνοις
736 1800 829 1852 καὶ
860 1799 1139 1868 διαφόροις
1176 1799 1494 1870 πράγμασι.
1532 1800 1601 1854 τὰ
1649 1800 1883 1875 διάφορα

1991 1807 2197 1861 ratione
2235 1807 2663 1876 distribuerant,
2720 1827 2827 1867 non
2878 1824 3029 1870 esset
3085 1816 3237 1884 quod
3290 1816 3569 1870 notionem

317 1889 428 1943 τῶν
462 1889 674 1943 πολλῶν
712 1890 934 1944 ἐκείνων
969 1891 1292 1960 θεοπρεπῶν
1331 1892 1618 1961 ὀνομάτων
1672 1871 1883 1958 ἀσεϐῶς

1993 1892 2088 1947 Dei
2133 1908 2232 1964 per
2263 1910 2572 1953 creaturam
2607 1901 2969 1971 prodeuntem
3027 1908 3412 1972 constitueret,
3471 1908 3567 1961 sed

318 1981 699 2051 ὲκλαμόἀνων,
745 1983 840 2035 καὶ
878 1980 1082 2045 πολλὰς
1137 1981 1231 2036 καὶ
1285 1981 1579 2053 διαφόρους
1634 1985 1883 2039 ἐντεῦθεν

1991 1986 2265 2042 creditum
2321 1989 2376 2044 in
2437 2003 2689 2048 creatura
2740 1995 2990 2049 divinum
3053 1997 3187 2051 illud
3237 1998 3567 2069 principium

317 2074 610 2134 ἀκτίστους
640 2075 930 2142 κηρύττων
985 2073 1144 2137 θεοὺς
1172 2073 1268 2128 καὶ
1293 2073 1581 2146 θεότητας.
1614 2076 1750 2130 Οὐδὲ
1779 2077 1883 2149 γὰρ

1987 2076 2072 2140 ei,
2108 2077 2203 2147 qui
2249 2079 2317 2134 ad
2360 2073 2621 2137 eamdem'
2661 2087 3133 2147 existimationem
3178 2089 3310 2146 illud
3361 2092 3571 2162 disqui-

314 2168 436 2219 οὐδὶ
492 2168 794 2237 Γρηγορέου
840 2166 936 2219 τοῦ
995 2167 1240 2238 Νύσσης,
1293 2166 1370 2229 ὡς
1427 2166 1594 2231 ἔοικε,
1651 2167 1883 2238 βοῶντος

1990 2164 2202 2222 siturus
2232 2177 2353 2235 est,
2386 2170 2487 2225 fuit
2517 2174 2783 2229 continuo
2811 2186 2865 2232 ct
2898 2177 2953 2232 in
2987 2180 3180 2234 omnia
3228 2180 3393 2253 hujus
3441 2198 3572 2237 con4

317 2259 578 2329 ἀκήκοεν,
602 2261 678 2322 ὡς
704 2260 838 2312 ὅταν
897 2260 972 2329 μὴ
1018 2259 1147 2329 μίαν
1201 2255 1346 2312 εἶναι
1393 2259 1494 2328 τὴν
1544 2269 1883 2331 προσκυνου·

1991 2259 2296 2327 sequentia:
2342 2262 2504 2333 373
2560 2282 2719 2320 error
2772 2270 3153 2337 permanabit,
3215 2288 3338 2328 cum
3396 2279 3571 2343 prima

322 2349 494 2415 μένην
538 2345 703 2414 φύσιν
758 2349 1126 2400 πιστεύσωσιν
1179 2349 1231 2400 οἱ
1288 2346 1589 2417 ἄνθρωποι,
1631 2348 1748 2401 ἀλλ’
1800 2352 1880 2413 είς

1990 2348 2140 2403 fraus
2186 2350 2315 2407 inde
2360 2369 2460 2422 per
2507 2358 2809 2427 prOpinqua
2844 2376 3016 2432 usque
3056 2363 3123 2417 ad
3165 2374 3411 2420 extrema
3442 2383 3570 2436 per-

315 2436 606 2504 διαφόρους
644 2435 906 2507 θεότητας
932 2438 1052 2499 ταῖς
1081 2436 1315 2499 ἐννοίαις
1353 2437 1759 2506 ἀπενεχθῶσιν,
1782 2442 1883 2493 οὐκ

1994 2443 2290 2498 meaverit.
2348 2444 2553 2502 Deinde
2586 2448 2786 2518 inquit,
2814 2466 2883 2508 ne
2926 2454 3060 2516 hoc,
3086 2454 3362 2523 patiamur
3384 2435 3486 2514 nos
3506 2452 3573 2513 ad

313 2527 462 2581 ἔστιν
490 2527 519 2580 ὃ
538 2529 727 2598 στήσει
755 2528 856 2597 τὴν
880 2530 1009 2597 περὶ
1031 2529 1091 2580 τὺ
1115 2528 1271 2581 Θεῖον
1291 2528 1561 2598 ὑπόληψιν
1587 2530 1883 2599 προϊοῦσαν

1994 2545 2179 2586 veram
2237 2534 2500 2592 deitatem
2557 2540 2750 2595 oculos
2777 2552 3101 2600 convertere
3135 2547 3320 2602 edocti
3353 2563 3383 2602 a
3424 2550 3574 2603 Scri-

313 2619 405 2674 διά
446 2620 546 2688 τῆς
594 2618 850 2682 κτίσεωε,
880 2620 1017 2673 ἀλλά
1063 2620 1126 2672 τὸ
1170 2619 1425 2690 νομισθὲν
1475 2622 1532 2673 ὲν
1587 2624 1653 2692 τῇ
1710 2620 1883 2676 κτίσει

1988 2631 2180 2692 plura,
2213 2640 2376 2682 omne
2410 2639 2654 2684 creatum
2684 2642 2838 2688 extra
2869 2633 3113 2690 divinam
3143 2646 3394 2693 naturam
3424 2641 3573 2710 cogi-

316 2708 458 2762 θεῖον
514 2711 737 2781 ἀφορμὴ
787 2712 923 2776 πρὸς
977 2711 1076 2781 τὴν
1132 2710 1257 2781 ἴσην
1310 2710 1578 2782 ὑπόληψιν
1627 2712 1704 2784 τῷ
1765 2713 1883 2782 μετ’

1990 2726 2106 2770 tare
2128 2717 2443 2786 didicimus,
2466 2731 2633 2794 atque
2658 2740 2821 2779 unam
2845 2725 3148 2784 iucreatam
3172 2742 3422 2787 naturam
3442 2734 3573 2790 ado—

314 2803 491 2862 ὲκεῖνο
525 2803 885 2874 θεωρουμένῳ
916 2806 1234 2872 γενήσεται,
1271 2804 1495 2857 κάκεῖνο
1540 2804 1620 2872 τῷ
1658 2805 1883 2876 ὲιρεξῆςδ

1991 2823 2114 2861 rare
2142 2820 2197 2862 et
2227 2812 2497 2866 venerari
2523 2852 2538 2878 ,
2572 2816 2729 2886 cujus
2755 2817 2973 2888 signum
3003 2830 3088 2875 est
3113 2831 3277 2892 atque
3305 2824 3572 2880 indiciunt

317 2896 410 2947 καὶ
454 2894 543 2948 διὰ
594 2897 810 2948 πάντων
859 2896 892 2964 ἠ
949 2896 1050 2964 τῆς
1077 2894 1404 2957 ἀκολουθίας
1447 2895 1652 2964 ταύτης
1703 2894 1882 2965 πλάνη

1989 2914 2167 2969 neque
2198 2902 2845 2983 incipere-exsisteuliam
2878 2926 2980 2966 nec
3010 2913 3286 2971 desinere.

312 2990 741 3061 διενεχοήσεται,
801 2990 905 3058 τῆς
955 2990 1180 3059 πρώτης
1217 2988 1428 3057 ἀπάτης
1496 2989 1619 3080 διάᾼ
1647 2988 1758 3042 τῶν
1825 2992 2252 3061 παρακειμένων
2299 2997 2464 3066 μέχρι
2515 2996 2622 3052 τῶν
2673 3001 2921 3071 ἐσχάτων
2967 3005 3314 3080 διεξιούσης·
3347 3007 3468 3066 εἶτα
3494 3015 3570 3079 ὡς

312 3084 382 3137 ἂν
417 3084 491 3155 μὴ
524 3084 704 3146 τοῦτο,
729 3081 885 3150 φησι,
915 3080 1186 3151 πάθοιμεν
1212 3079 1309 3133 καὶ
1336 3080 1497 3149 ἡμεῖς
1527 3080 1576 3133 οἱ
1603 3077 1666 3152 [Γ.
1697 3080 1798 3136 176
1829 3081 1906 3154 υ.]
1948 3083 2089 3153 πρὸς
2112 3084 2211 3156 τὴν
2253 3086 2519 3158 ἀληθινὴν
2586 3092 2832 3164 Θεότητα
2873 3097 3091 3168 βλέπειν
3121 3077 3274 3173 παρὰ
3303 3106 3402 3176 τῆς
3430 3077 3569 3178 Γρακ-

315 3182 423 3250 φῆς
478 3179 880 3247 διδασκόμενοι,
944 3179 1055 3230 πᾶν
1106 3176 1168 3228 τό
1220 3175 1442 3231 κτιστδν
1481 3176 1587 3241 ἔξω
1628 3176 1731 3247 τῆς
1789 3177 1941 3241 Θείας
1982 3180 2201 3248 φύσεως
2261 3185 2402 3237 νοεῖν
2432 3186 2858 3259 ἐπαιδεύθημεν,
2898 3194 3068 3262 μόνην
3092 3195 3148 3249 δὲ
3177 3200 3276 3268 τὴν
3313 3175 3568 3258 dictis-me

317 3276 478 3345 φύσιν
507 3273 795 3346 λατρεύειν
840 3289 898 3326 τε
931 3272 1029 3328 καὶ
1077 3271 1431 3339 σεϐάζεσθαι,
1470 3266 1540 3345 ἧς
1584 3277 1877 3346 χαρακτήρ
1916 3275 2036 3329 ἐστι
2063 3278 2158 3332 καὶ
2188 3279 2483 3353 γνώρισμα
2508 3284 2570 3339 τὸ
2598 3286 2736 3357 μήτε
2807 3289 3081 3359 ἄρχεσθαι
3142 3266 3243 3346 τοῦῗ
3267 3293 3409 3351 εἷναί
3436 3318 3567 3356 ποτε

320 3375 461 3445 μήτε
488 3373 781 3428 παύεσθαι.

382 3462 481 3520 1Δ’.
528 3465 691 3536 Ὁρᾷς
724 3464 785 3517 τὸ
818 3462 925 3517 τῶν
975 3462 1227 3533 πατρίων
1270 3463 1490 3535 θεσμῶν
1533 3465 1632 3519 καὶ
1664 3465 1882 3537 ῥήσεων

2060 3458 2199 3526 XIV.
2244 3473 2489 3532 Videsne
2519 3482 2770 3533 vetcrhm
2799 3480 3148 3542 decretorum
3178 3486 3567 3562 dictorumque

311 3556 800 3628 ἀναμφισϐήτητόν
821 3571 880 3608 τε
916 3554 1012 3608 καὶ
1036 3554 1495 3610 δυσαντίϐλεπτον
1527 3557 1666 3627 μετὰ
1696 3558 1880 3626 πάσης

308 3647 623 3719 εὐκρινείας
673 3647 794 3718 ἅμα
842 3646 938 3699 καὶ
1001 3646 1379 3717 καθαρότητος
1428 3649 1655 3718 προῖόν;
1691 3649 1881 3722 Μόνην

307 3740 422 3810 γὰρ
453 3739 551 3810 τὴν
583 3739 735 3794 θείαν
778 3739 968 3793 οὐσίαν
1016 3737 1114 3792 καὶ
1167 3739 1332 3808 φύσιν
1365 3739 1653 3810 λατρεύειν
1694 3757 1755 3792 τε
1784 3741 1882 3792 καὶ

309 3832 563 3887 σέϐεσθαι
594 3835 870 3903 παραινεϊο
901 3832 938 3886 ἃ
990 3830 1035 3884 δ’
1083 3832 1314 3887 ἀνούσιά
1355 3849 1414 3885 τε
1462 3835 1555 3886 καὶ
1587 3833 1759 3887 πολλά
1786 3834 1882 3887 καὶ

305 3921 411 3991 τῆς
440 3920 592 3985 θείας
617 3921 833 3988 φύσεως
859 3921 1042 3985 ἐκτὸς,
1065 3921 1272 3976 τούτων
1314 3921 1468 3975 οὐδὲν
1493 3923 1705 3993 οὐδαμῆ
1740 3925 1881 3993 μήτε

308 4014 636 4083 προσκυνεῖν
685 4014 827 4083 μήτε
879 4012 1157 4068 σέϐεσθαι.
1187 4013 1432 4085 Πολέμια
1485 4015 1595 4084 γὰρ
1628 4015 1881 4083 ἀλλήλοις

307 4106 402 4160 καὶ
429 4106 568 4159 πάνυ
598 4107 881 4176 μαχόμενα
904 4105 979 4175 τῷ
1017 4122 1077 4159 τε
1131 4112 1281 4177 μόνῳ
1336 4108 1403 4161 τὰ
1458 4106 1631 4162 πολλὰ
1682 4108 1777 4162 καὶ
1811 4111 1878 4179 τῇ

308 4199 469 4271 οὐσίᾳ
507 4201 576 4253 τὰ
618 4199 864 4253 ἀνούσια.
915 4201 1073 4252 Δυοίν
1107 4202 1215 4271 γὰρ
1246 4202 1463 4268 ἀνάγκη
1520 4202 1881 4271 περιπίπτειν

308 4293 533 4364 θιτέρᾳ,
571 4293 604 4362 ἢ
631 4294 696 4362 τῇ
728 4291 840 4345 τῶν
861 4293 1076 4345 ἀσεϐῶν
1093 4291 1253 4362 ἀθεϊᾳ
1283 4293 1316 4362 ἢ
1348 4291 1445 4345 καὶ
1462 4295 1528 4364 τῇ
1556 4294 1653 4360 τῆς
1695 4292 1884 4364 Ἐλλή-

307 4405 416 4441 νων
460 4385 750 4448 πολυθεῖας
791 4386 1131 4455 ἀσεὸεστέρᾳ
1152 4387 1346 4454 κακία,
1379 4384 1585 4453 μεταξὺ
1614 4385 1882 4455 κειμένην

304 4482 750 4552 παρατρέχοντας
775 4480 874 4551 τὴν
899 4479 1206 4532 εὐσέϐειαν.
1248 4479 1333 4542 Ὠς
1358 4479 1452 4532 uel.
1482 4480 1641 4533 τοῦτο
1679 4478 1882 4532 πολλά-

306 4590 395 4634 κις
429 4574 559 4642 ἡμῖν
588 4572 850 4641 ἀνωτέρω
899 4570 993 4623 καὶ
1044 4569 1284 4642 διαρκῶς
1328 4572 1732 4633 ἀποδέδεικται.
1780 4572 1882 4641 τὴν

309 4666 410 4733 μὲν
436 4665 540 4717 τῶν
568 4664 842 4734 Ἑλλήνων
873 4665 1074 4735 δηλαδὴ
1114 4664 1407 4718 πολυθεῖαν
1440 4664 1650 4735 βραχύν
1698 4682 1757 4718 τε
1787 4669 1881 4719 καὶ

303 4758 406 4810 οὑκ
445 4756 672 4827 ἄπειρον
718 4758 811 4810 τὸν
843 4757 1083 4826 ἀριθμὸν
1128 4755 1539 4827 κεκληρῶσθαι,
1575 4756 1673 4825 τὴν
1703 4755 1761 4809 δὲ
1783 4756 1878 4809 τοῦ

306 4851 546 4920 Παλαμᾶ
571 4819 746 4922 πέρας
774 4819 959 4920 εὑρεῖν
982 4819 1210 4920 ὀὐδαμῆ
1239 4819 1392 4915 ποτε,
1423 4819 1646 4903 οὐκὴιιῖδζ
1680 4851 1876 4902 ὁπότε·
1912 4819 1955 4878 D

308 4960 399 5011 ρον
446 4943 658 5012 εἴποιμι
706 4942 774 4996 ἂν
834 4939 1249 5011 προσηκόντως,
1301 4940 1402 4992 εἴτ’
1456 4940 1546 4992 οὺ’
1586 4938 1877 5009 βούλεσθαι

303 5038 402 5090 εἰτ’
429 5037 491 5090 οὐ
523 5035 807 5090 δύνασθαι·
839 5034 1009 5105 ἄμφω
1042 5033 1150 5104 γὰρ
1178 5033 1317 5103 αὐτῇ
1352 5032 1597 5103 μεγάλην
1614 5033 1725 5102 ἔχει
1767 5031 1877 5103 χὼ-

306 5148 406 5200 ραν
446 5129 563 5198 ἀμα
622 5130 717 5180 καὶ
765 5128 864 5198 οὐχ
899 5126 1041 5196 ἅμα.
1083 5126 1151 5178 "A
1183 5125 1294 5194 γὰρ
1323 5123 1567 5191 ἀμαθοῦς
1609 5123 1743 5194 ὁμοῦ
1784 5125 1878 5178 καὶ

302 5221 648 5291 κακοτρόπου
674 5220 915 5282 διανοίας
949 5220 1206 5291 ἀπορρεῖ,
1239 5217 1447 5270 τούτων
1474 5213 1616 5271 εἶναι
1649 5216 1818 5287 μηδὲν
1844 5216 1875 5269 ὃ

305 5316 382 5385 μὴ
408 5315 612 5377 κακίας
641 5315 838 5376 ἀπόζει
866 5314 1084 5383 μακρᾶς
1120 5313 1227 5385 ἰδίᾳ
1276 5315 1371 5365 καὶ
1408 5314 1586 5383 κοινῇ.

377 5408 483 5460 Καὶ
520 5406 696 5461 ταῦτα
731 5407 829 5475 μὲν
877 5405 1006 5477 τῇδέ
1050 5422 1127 5475 πη
1165 5405 1314 5475 ἔσχε,
1366 5404 1462 5457 καὶ
1489 5404 1682 5459 τοῦτον
1717 5404 1873 5476 εἰρῆε-

302 5497 426 5551 σθαι
477 5498 567 5551 τὸν
617 5498 819 5569 τρόπον
866 5498 1238 5567 συμπέπτωκε
1288 5496 1365 5567 τῷ
1418 5498 1678 5570 Γρηγορᾷ
1740 5500 1872 5567 περὶ

301 5590 408 5641 τῶν
446 5589 592 5642 δυοῖν
630 5589 977 5659 ζητημάτων.

510 5938 782 5993 I’naoc.
816 5938 932 5994 tia.
964 5934 1241 6007 CXLIX,

1986 3562 2432 3630 probabilitatem
2457 3569 2529 3624 ad
2562 3572 2926 3629 reiutandum
2954 3577 3230 3635 diﬂicilem
3263 3597 3387 3638 cum
3416 3590 3563 3640 omni

1983 3655 2373 3724 perspicuitate
2401 3667 2456 3714 et
2478 3662 2812 3718 claritudine
2837 3668 3148 3735 prolatam?
3194 3673 3367 3729 Unam
3416 3681 3564 3732 enim

1983 3745 2226 3801 divinam
2258 3751 2554 3806 essentiam
2587 3762 2644 3808 et
2684 3766 2938 3813 naturam
2971 3760 3203 3819 adorare
3229 3775 3287 3821 et
3312 3772 3565 3825 venerari

1980 3853 2419 3908 commonemur,
2458 3847 2829 3905 iuesscutialia
2896 3861 2955 3906 et
3012 3857 3188 3911 multa
3231 3868 3388 3914 extra
3427 3863 3567 3917 divi-

1984 3947 2109 3985 nam
2141 3942 2399 3989 naturam
2446 3938 2628 4006 posita
2669 3942 2905 3997 minime
2934 3946 3167 4001 adorare
3196 3959 3252 4004 et
3289 3957 3563 4012 venerari.

1985 4022 2104 4076 Sibi
2129 4023 2277 4078 enim
2305 4026 2532 4082 inimica
2562 4041 2615 4083 et
2640 4031 2803 4087 valde
2828 4039 3212 4106 repugnantia,
3247 4043 3339 4097 uni
3373 4047 3563 4114 multa,

1981 4117 2505 4185 essentiaeinessent
2540 4121 2670 4176 alia.
2703 4122 2942 4181 Necesse
2966 4139 3050 4183 est
3077 4133 3224 4186 enim
3272 4142 3331 4187 ut
3355 4135 3566 4192 incida-

1986 4221 2107 4261 mus
2125 4217 2222 4262 aut
2245 4208 2623 4280 in,impiorum
2653 4214 3009 4282 atheismum,
3039 4232 3134 4277 aut
3162 4223 3216 4277 in
3246 4222 3562 4282 Graecorum

1983 4300 2333 4371 polytheismi
2366 4303 2661 4360 nefandam
2721 4309 3096 4367 calamitatem
3119 4354 3134 4379 ,
3167 4327 3566 4386 prmtereuntcs

1988 4393 2313 4462 religionem
2346 4396 2489 4449 intra
2520 4393 2779 4467 pesitam,
2803 4402 2951 4471 quod
2983 4419 3150 4474 supra
3177 4414 3235 4461 et
3262 4423 3407 4480 saepe
3428 4412 3564 4469 alias

1990 4484 2521 4546 demonstravimus.
2546 4492 2755 4563 Nempe
2806 4496 3122 4552 Graecorum
3167 4500 3565 4572 polylheiSmus

1983 4578 2243 4648 exiguum
2270 4619 2284 4642 ,
2329 4597 2439 4636 non
2485 4584 2816 4641 immensum
2861 4604 3157 4646 numerum
3197 4593 3303 4648 sibi
3342 4612 3564 4668 compa-

1984 4671 2163 4737 ravit,
2222 4672 2474 4730 Palamas
2521 4693 2656 4732 vero
2716 4680 2853 4734 lines
2899 4680 3148 4738 invenire
3181 4686 3333 4745 nullo
3362 4689 3562 4756 modo,

1984 4764 2175 4818 nescio
2218 4774 2405 4821 utrum
2448 4770 2590 4824 nolit
2643 4786 2712 4824 an
2763 4785 3024 4842 nequeat.
3062 4776 3371 4849 Utrumque
3413 4785 3562 4837 enim

1987 4851 2105 4907 fieri
2136 4862 2193 4907 et
2224 4866 2404 4925 potest
2441 4870 2498 4913 et
2535 4877 2646 4915 non
2673 4861 2840 4934 374
2871 4875 3069 4933 potest.
3103 4869 3235 4935 Qua:
3267 4886 3451 4928 autem
3492 4890 3561 4930 ex

1986 4944 2177 5016 ignara
2228 4957 2284 5003 et
2330 4951 2567 5023 maligna
2621 4966 2808 5011 mente
2839 4960 3157 5028 proﬂuunt,
3191 4963 3388 5020 horum
3420 4968 3561 5023 nihil

1982 5045 2106 5102 est,
2147 5039 2295 5108 quod
2335 5057 2445 5096 non
2486 5044 2708 5114 publice
2745 5058 2802 5103 et
2838 5050 3097 5118 privatim
3143 5054 3290 5110 oleat
3322 5056 3562 5114 immena

1983 5143 2098 5185 eam
2135 5134 2485 5201 pravitatem.

2056 5396 2182 5456 llaec
2222 5402 2297 5457 ita
2342 5419 2400 5459 se
2448 5394 2758 5475 habebant,
2808 5412 2998 5468 ethoc
3045 5415 3208 5470 modo
3241 5418 3309 5471 de
3339 5419 3559 5477 duabus

1982 5490 2388 5558 quaestionibus
2413 5493 2678 5551 disseruit
2707 5497 3001 5569 Gregorast

2459 5906 2515 5929 ον

2338 5987 2493 6024 ,με
3124 5944 3193 6013 11
