4034 6470
505 430 612 494 335

1721 421 1768 480 N
1784 416 2146 479 lCEPHORI
2190 414 2574 476 GREGORE
3647 414 3739 479 336

499 540 796 596 utilitatem
829 536 941 591 sint
967 529 1315 603 conscripti?
1347 533 1490 602 Ergo
1520 527 1883 584 omittendum
1917 525 2078 580 nobis

2186 524 2608 596 Χρυσορῤήμων
2636 518 2838 576 αὐτίκα
2866 519 3110 591 ποιήσει.
3157 539 3176 571 ι
3214 520 3472 591 Ἐτίμησε
3504 521 3607 592 γάρ
3642 540 3694 576 σε
3716 527 3741 577 6

496 635 747 691 divinum
778 633 1136 701 Evangelium
1163 629 1309 701 quod
1336 629 1650 698 Scripturas
1684 635 1739 678 ut
1771 634 2084 696 perscrute-

495 742 624 782 mur
661 741 762 780 nos
789 723 1165 780 adhortatur?

2191 619 2346 680 Θεὸς,
2389 618 2578 688 φησιν,
2617 617 2717 686 οὐχ
2749 615 2838 668 ἵνα
2872 615 3038 668 αὐτὸν
3089 613 3354 684 ὑϐρίζῃςο
3407 615 3615 683 ὑϐρίζει
3645 617 3742 689 γὰρ

2191 709 2400 762 αύτδνό
2421 709 2520 778 τὴν
2551 708 2740 761 ούσίαν
2767 704 2933 758 αὑτοῦ
2965 703 3742 776 περιεργαζόμενος.ιτούτοις

507 821 710 873 ἐκεῖνοι
739 817 799 868 τὸ
836 814 1032 876 εἰωθὸς
1073 813 1399 878 ἀντεισῆγον
1433 811 1630 862 ἐκεῖνο·
1663 804 1796 862 Εἶτα
1827 803 2108 876 ἐρρῶσθαι
2142 802 2458 872 φράσομεν,
2489 798 2626 867 φησὶ
2648 836 2662 862 ,
2713 797 2810 859 τὰς
2847 795 3164 863 θεολογικὰς
3193 795 3301 848 τῶν
3331 796 3504 864 ἁγίων
3546 796 3744 866 βίϐλους

499 918 576 978 ὡς
625 916 691 969 ἂν
731 915 779 966 εί
847 912 934 966 ἐπ’
964 910 1141 964 οὐδενὶ
1173 909 1432 978 χρησίμῳ
1469 909 1584 970 τοῖς
1646 904 1983 974 πεπονηκόσι
2025 899 2364 970 γραφεῖσας;
2428 897 2656 965 Χαίρειν
2694 895 2740 948 δ’
2790 895 3026 965 ἐάσομεν
3082 896 3143 947 τδρ
3182 893 3324 947 θεῖον
3360 893 3547 963 Εὒιγγ
3574 892 3680 947 λιον
3723 902 3748 954 δ

495 1009 595 1072 τὰς
625 1006 872 1076 -Γραφάς
924 1005 1058 1074 ἡμῖν
1105 1002 1336 1072 ὲρευνᾷν
1385 1001 1674 1070 παραινεῖ;

563 1147 653 1202 Ill.
679 1145 758 1198 Ad
779 1144 892 1198 hazc
911 1142 1181 1211 Gregoras
1195 1140 1272 1195 sic
1291 1139 1404 1194 fere
1437 1135 1720 1206 respondit
1743 1155 1753 1188 :
1778 1134 1884 1189 Vos
1905 1134 2081 1188 harre-

495 1240 728 1295 ticorum
755 1237 901 1291 dicta
933 1234 1066 1289 mihi
1098 1232 1377 1303 profertis.
1413 1230 1475 1284 Ili
1505 1245 1634 1284 vero
1661 1229 1886 1299 quinam
1908 1225 2082 1280 sunt?

493 1346 637 1384 anno
667 1329 864 1382 horum
896 1326 1137 1393 ineptam
1170 1322 1566 1378 scrutationem
1607 1328 1662 1374 et
1688 1319 1963 1373 curiosam
1997 1317 2081 1368 in-

492 1422 759 1476 dustriam
785 1419 958 1488 palam
981 1435 1010 1470 a
1027 1417 1420 1486 Chrysostomo
1439 1411 1774 1480 deprehendi
1795 1422 2078 1476 nunquam

494 1513 830 1569 audivistis?
859 1511 965 1565 Sed
990 1510 1228 1564 audietis
1253 1523 1399 1561 nunc
1445 1508 1610 1560 etiam
1657 1518 1885 1574 prorsus
1919 1500 2080 1553 nobis

496 1605 684 1659 invitis
712 1602 988 1674 quomodo
1010 1601 1102 1654 hic
1128 1600 1512 1654 hereticorum
1537 1595 1915 1666 appos-itiones
1944 1607 2079 1644 con-

498 1698 651 1752 tinno
673 1712 736 1750 ac
770 1705 994 1750 strenue
1025 1692 1311 1747 refellerit.
1359 1688 1652 1753 Proﬁtere,
1689 1685 1887 1755 inquit,
1916 1681 2082 1753 380

498 1787 900 1842 confessionem
921 1795 1092 1850 tuam,
1126 1782 1403 1838 hazrctice.
1431 1783 1568 1835 Cum
1595 1779 1660 1832 ad
1692 1776 2079 1846 baptisterium

2259 1132 2331 1184 I".
2363 1130 2506 1192 Πρὸς
2537 1129 2710 1181 ταῦτα
2745 1129 2773 1181 6
2798 1127 3088 1197 Γρηγορᾶς
3117 1124 3320 1178 οὑτωσί
3360 1141 3479 1186 πως
3523 1125 3753 1194 ἀπήνιη·

2191 1237 2304 1276 σεν·
2337 1220 2643 1290 Αίρετικῶν
2676 1236 2768 1289 μοι
2793 1218 3124 1288 προφέρετε,
3177 1215 3479 1286 ἄνθρωποι,
3519 1215 3752 1285 ῥήματα.

2189 1315 2362 1367 Τίνων
2395 1314 2459 1382 δὴ
2485 1313 2730 1378 τούτων;
2781 1305 2854 1364 ὧν
2905 1311 3005 1379 τὴν
3057 1308 3262 1362 ἄτοπον
3312 1308 3541 1378 ἔρευναν
3580 1325 3635 1360 τε
3665 1308 3751 1360 καὶ

2190 1407 2729 1476 πολυπραγμοσύνην
2756 1405 2994 1475 δημοσίᾳ
3026 1403 3119 1456 τοῦ
3151 1403 3614 1473 Χρυσορρἡονος
3643 1402 3747 1467 ἐξε-

2189 1503 2474 1573 λέγχοντος
2507 1499 2665 1554 οὔπω
2699 1517 2762 1568 γε
2794 1499 3114 1568 ἡκηκόειτε,
3147 1495 3223 1558 ὡς
3254 1495 3454 1548 ἔοικεν.
3511 1493 3751 1546 Ἀκούετε⁶

2191 1597 2284 1650 σθε
2311 1597 2367 1649 δὲ
2401 1596 2515 1663 νῦν,
2553 1595 2648 1648 καὶ
2678 1597 2726 1646 εἰ
2763 1594 2839 1664 μὴ
2868 1593 3011 1646 πάνυ
3044 1608 3097 1644 τι
3127 1588 3375 1659 σφοδρῶς
3424 1606 3486 1656 γε
3516 1588 3600 1659 εἴη
3633 1589 3753 1658 ὑμῖν

2191 1692 2328 1763 πρὸς
2365 1690 2696 1760 βουλήσεως,
2727 1688 2824 1748 τὰς
2859 1685 2968 1737 τῶν
3001 1683 3301 1753 αίρετικῶν
3333 1681 3634 1742 ἀντιθέσεις
3665 1697 3752 1732 συ-

2189 1786 2294 1857 χνά
2323 1802 2381 1837 τε
2409 1785 2519 1837 κάκ
2539 1782 2633 1836 τοῦ
2685 1781 2953 1848 σύνεγγυς
2990 1779 3417 1849 ἀνατρέποντος.
3471 1773 3752 1840 ’Λνάγνωθί

496 1879 797 1946 accessisti,
828 1878 958 1948 quid
991 1877 1271 1932 confessus
1301 1872 1398 1929 es?
1422 1871 1723 1926 llorrendis
1748 1871 1854 1924 illis
1883 1875 2080 1939 myste-

2190 1900 2311 1945 σου,
2372 1881 2507 1950 φησι
2541 1880 2639 1951 (Ι),
2680 1879 2779 1949 τὴν
2809 1877 3126 1948 ὁμολογίαν,
3146 1874 3417 1944 αίρετικέ.
3443 1861 3572 1924 Ὅτε
3598 1884 3752 1938 προσ-

499 1973 599 2029 riis
621 1971 781 2026 ﬁdem
813 1971 1095 2024 habuisti:
1138 1985 1285 2022 nunc
1318 1982 1449 2021 vero
1480 1964 1574 2018 Dei
1603 1963 1897 2018 essentiam
1929 1976 2084 2014 scru-

500 2067 601 2122 tari
637 2062 968 2135 praesumis?
999 2061 1104 2115 Sed
1148 2061 1272 2114 vide
1304 2073 1424 2129 quae
1449 2056 1695 2111 veritatis
1735 2052 2084 2108 adversarius

495 2166 689 2212 contra
744 2155 911 2209 dicat.
950 2153 1135 2219 Quid?
1174 2153 1373 2222 inquit,
1409 2164 1592 2203 nonne
1647 2148 1890 2201 inertem
1923 2144 2082 2198 nobis

499 2260 737 2305 mentem
771 2247 923 2301 dedit
954 2245 1150 2300 Deus?
1179 2244 1371 2299 Nonne
1409 2257 1596 2298 revera
1633 2240 1954 2308 accepimus
2000 2254 2085 2292 ra-

495 2343 664 2395 tionis
689 2339 1016 2394 critcrium?
1045 2338 1188 2407 Ergo
1229 2347 1412 2392 mente
1447 2352 1548 2389 nos
1583 2333 1744 2387 ﬁdem
1771 2339 2085 2401 perscrute-

497 2449 623 2488 mur
647 2442 883 2501 oportet,
914 2445 1091 2500 neque
1123 2429 1298 2499 pietas
1331 2427 1669 2497 inexplorata
1701 2439 1822 2479 esse
1846 2424 2030 2477 debet.
2059 2442 2077 2473 ι

493 2526 698 2580 Contra
757 2524 847 2578 ille
878 2541 893 2578 :
929 2523 1160 2591 Oportet
1209 2529 1418 2582 autem,
1467 2534 1500 2570 ο
1533 2517 1780 2572 veritatis
1837 2514 2081 2581 inimice,

496 2616 820 2674 scrutationi
876 2625 1080 2669 nostra:
1145 2612 1413 2668 terminos
1473 2608 1836 2682 praescribant
1899 2607 2083 2660 divina

495 2717 769 2780 praacepta
810 2715 867 2762 et
896 2721 928 2760 a
963 2707 1074 2761 Deo
1111 2705 1255 2759 datze
1300 2703 1458 2757 nobis
1516 2702 1738 2772 pietatis
1794 2699 1960 2768 leges.
2001 2697 2083 2750 Tu

492 2815 626 2858 vero
668 2797 1028 2854 transiliendo
1074 2796 1130 2849 in
1195 2793 1479 2848 veritatem
1542 2805 1757 2861 peccas.
1805 2789 1911 2842 Sed
1962 2787 2084 2842 vide

497 2909 621 2965 quae
646 2892 751 2946 alia
773 2897 998 2961 insuper
1022 2888 1233 2958 profert
1262 2886 1588 2940 hmreticus:
1611 2885 1729 2938 Non
1749 2882 2082 2947 invenimus,

496 2985 696 3056 inquit,
731 2986 892 3038 ﬁdem
954 2992 1124 3036 tutam
1173 2979 1398 3048 ubique.
1444 2978 1661 3031 Scimus
1709 2975 1856 3030 enim
1906 2973 2082 3027 Adam

495 3081 661 3134 etiam
689 3092 757 3131 ex
780 3078 884 3131 ﬁde
907 3078 1140 3145 lapsum.
1165 3072 1273 3127 Sed
1298 3071 1419 3124 vide
1443 3073 1607 3123 etiam
1627 3067 2084 3138 quaeChrysosto-

498 3187 621 3226 mus
652 3170 720 3224 ad
755 3169 874 3224 haec
899 3166 1232 3236 respondeat
1257 3178 1272 3216 :
1309 3162 1630 3225 Considera,
1660 3161 1862 3229 inquit,
1891 3173 2082 3213 rursus

2186 1974 2350 2046 ἦλθες
2410 1972 2803 2044 βαπτισθῆναι,
2864 1971 2918 2022 τί
2982 1964 3170 2034 etnec;
3227 1952 3340 2020 καὶ
3393 1965 3486 2019 ἐπὶ
3525 1963 3618 2033 μὲν
3649 1960 3747 2012 τῶν

2187 2065 2436 2137 φρικτῶν
2490 2064 2716 2117 ἐκείνων
2757 2062 3079 2134 μυστηρίων
3129 2061 3230 2130 τὴν
3263 2061 3452 2112 πίστιν
3484 2057 3750 2126 προσήγα-

2187 2177 2303 2228 γες,
2339 2158 2434 2212 νῦν
2462 2157 2518 2210 δὲ
2548 2157 2642 2210 τοῦ
2674 2155 2812 2209 Θεοῦ
2870 2153 3364 2224 πολυπραγμονεῖς
3406 2150 3507 2217 τὴν
3537 2145 3747 2205 οὐσίαν;

2198 2249 2342 2302 Ἀλλ’
2363 2249 2467 2318 ὅρα
2497 2247 2549 2300 τί
2577 2248 2742 2302 πάλιν
2768 2248 2795 2299 6
2825 2245 3015 2316 ἐχθρὸς
3046 2243 3326 2311 ἀντιλέγει
3359 2242 3457 2311 τῆς
3485 2238 3747 2308 ἀληθείας·

2186 2343 2276 2410 Μὴ
2300 2341 2408 2409 γὰρ
2442 2340 2648 2411 ἀργοὺς
2681 2341 2814 2410 ἡμῖν
2849 2340 2878 2392 6
2907 2338 3038 2400 Θεδς
3080 2336 3280 2390 δέδωκε
3316 2332 3614 2403 λογισμούς
3639 2348 3651 2391 ς
3681 2329 3748 2397 μὴ

2187 2436 2296 2505 γὰρ
2336 2433 2524 2494 ἀπλῶς
2565 2433 2873 2501 εἰλήφαμεν
2925 2430 3019 2484 τοῦ
3076 2429 3169 2482 νοῦ
3222 2433 3285 2481 τὸ
3320 2427 3605 2498 κριτήριον
3633 2421 3752 2490 ςΔεῐ

2188 2526 2282 2576 καὶ
2310 2524 2596 2593 λογισμοῖς
2631 2524 2860 2594 ἐρευνᾷν
2889 2525 2990 2591 τὴν
3021 2521 3227 2582 πίστιν,
3281 2519 3376 2572 καλ⁸
3407 2518 3485 2588 μὴ
3513 2515 3753 2579 ἀνεξέτα-

2189 2633 2312 2670 στον
2353 2611 2492 2668 εἶναι
2517 2615 2616 2686 τὴν
2642 2615 2946 2668 εὐσέϐειαν.
2984 2613 3145 2667 Ἀλλὰ
3173 2611 3374 2682 χρεὼν,
3402 2611 3586 2680 φησὶν,
3606 2602 3753 2676 ἐχθρὲ

2187 2708 2286 2778 τῆς
2317 2706 2597 2776 ἀληθείας,
2638 2704 2702 2778 [Γ.
2736 2705 2834 2758 157
2859 2702 2938 2776 v.]
2994 2704 3093 2772 τῆς
3124 2703 3429 2768 ἐξετάσεως
3465 2701 3588 2767 ὅρον
3619 2694 3746 2748 εἶναι

2185 2800 2254 2852 τὰ
2285 2799 2406 2851 θεῖα
2445 2799 2602 2867 λόγια
2635 2798 2730 2852 καὶ
2781 2799 2910 2859 τοὺς
2944 2795 3078 2866 παρ’
3123 2794 3289 2847 αὑτοῦ
3326 2794 3582 2854 δοθέντας
3625 2790 3746 2859 ἡμῖν

2185 2894 2285 2963 τῆς
2323 2893 2607 2955 εὐσεϐείας
2630 2893 2880 2953 κανόνας.
2909 2891 2981 2943 Σὺ
3023 2889 3068 2942 δ’
3097 2888 3454 2958 ὑπερϐαίνων
3483 2886 3638 2955 βιάζῃ
3662 2883 3752 2950 τὴν

2186 2987 2471 3056 ἀλήθειαν.
2507 2986 2618 3039 Καὶ
2653 2985 2753 3056 ὅρα
2784 2985 2946 3037 πάλιν
2967 2983 3120 3045 τίνας
3143 2983 3170 3035 6
3195 2980 3476 3052 αίρετικδς
3507 2977 3751 3045 ὑποφέρει

2185 3078 2397 3148 λόγους.
2450 3079 2562 3147 Ούχ
2604 3077 2959 3148 εὑρίσκομεν,
3008 3076 3164 3146 φησὶ,
3197 3075 3295 3142 τὴν
3333 3073 3516 3126 πίστιν
3547 3064 3747 3136 deed/'7}

2188 3171 2463 3241 πανταχῆ.
2516 3171 2861 3240 Εὑρίσκομεν
2913 3170 3020 3238 γὰρ
3058 3171 3148 3222 τὸν
3185 3167 3366 3237 Ἀδὰμ
3416 3166 3524 3220 ἀπὸ
3550 3165 3642 3234 τῆς
3662 3167 3748 3214 πί-

496 3264 724 3335 maligni
747 3235 1013 3317 daemonis
1040 3259 1184 3313 dicta
1217 3257 1401 3312 omnia
1427 3256 1632 3325 ubique
1657 3253 1936 3308 tentantis.
1961 3254 2080 3307 Non

2191 3235 2657 3327 cremgn‘rreadvro.
2687 3235 2831 3332 Ὅρα
2853 3262 2910 3315 δὲ
2926 3235 3035 3315 καὶ
3065 3260 3157 3313 τοῦ
3180 3261 3223 3312 Χ
3233 3235 3407 3331 ρυσοῤ
3416 3260 3643 3328 ρήμονος
3662 3251 3748 3322 τὴν

497 3358 594 3430 qui
621 3359 856 3410 tortunae
886 3351 1115 3406 conﬁdit
1149 3349 1324 3404 ﬁdelis
1355 3357 1463 3414 est,
1498 3348 1594 3402 sed
1624 3347 1716 3417 qui
1765 3346 1872 3401 Deo
1911 3347 2082 3400 conti-

499 3451 583 3506 dit
613 3450 666 3503 in
691 3447 943 3503 veritate.
977 3445 1061 3498 An
1091 3441 1487 3498 demonstrasti
1549 3440 1702 3493 illum
1757 3439 1869 3493 Deo
1909 3438 2083 3493 conﬁ-

497 3556 623 3598 sum
699 3537 1010 3594 interiisse?
1093 3535 1319 3590 Diabolo
1377 3532 1604 3587 conﬁdit
1680 3540 1737 3586 et
1807 3531 2079 3594 interiit;

500 3636 612 3690 Deo
637 3648 743 3688 non
775 3630 1001 3687 conlidit
1021 3638 1075 3684 et
1098 3630 1282 3697 lapsus
1311 3636 1412 3682 est.
1447 3625 1541 3679 His
1574 3625 1738 3693 igitur
1756 3624 1941 3678 verbis
1970 3623 2080 3677 ha:-

503 3729 674 3783 retico
717 3738 779 3778 os
823 3722 1122 3777 obturavit.
1161 3719 1267 3774 Sed
1325 3732 1436 3771 non
1492 3716 1667 3769 solum
1715 3716 1823 3780 hic,
1885 3728 2078 3769 verum

499 3819 666 3875 etiam
698 3815 882 3872 ca’teri
911 3822 1183 3884 quotquot
1215 3811 1280 3864 ad
1319 3811 1466 3864 hunc
1519 3808 1664 3862 diem
1718 3806 1912 3862 eadem
1961 3823 2084 3876 quas

500 3910 744 3968 haeretici
791 3908 881 3964 isti
938 3907 1168 3968 faciunt,
1211 3918 1403 3959 omnes
1461 3899 1654 3956 iisdem
1701 3900 2080 3970 Chrysostomi

499 4002 670 4058 armis
701 4007 1156 4072 prosternuntur.
1583 3976 1594 3986 ’

568 4296 729 4368 331
760 4295 845 4351 ιν.
877 4295 1006 4349 Post
1038 4292 1145 4347 hoc
1189 4294 1355 4344 verba
1385 4291 1710 4360 inceperunt
1736 4287 1957 4358 quidam
1983 4303 2081 4357 pa-

499 4408 623 4448 rare
654 4391 903 4446 insidias.
931 4387 1238 4442 Consuerat
1259 4383 1408 4438 enim
1439 4382 1853 4436 Cantacnzenus
1903 4382 1957 4436 in
1982 4382 2083 4435 hu-

495 4484 740 4558 iusmodi
773 4484 935 4538 rebus
963 4479 1314 4535 insidiatores
1353 4477 1626 4531 instruere
1659 4487 1715 4530 et
1741 4491 1805 4529 ex
1865 4477 2080 4531 occulto

2185 3353 2594 3425 ἀνθυποφοράν.
2628 3352 2824 3417 Βλέπε,
2863 3351 3020 3422 φησι,
3054 3351 3219 3404 πάλιν
3252 3351 3351 3404 τοῦ
3378 3346 3611 3418 πονηροῦ
3641 3343 3747 3397 διί-

2187 3463 2350 3516 μονος
2382 3445 2448 3498 τὰ
2488 3447 2714 3515 ῥήματα
2744 3444 2838 3498 τοῦ
2870 3444 3050 3499 πάντα
3074 3443 3408 3513 τολμῶντος.
3450 3441 3589 3494 Ἀλλ’
3612 3439 3702 3508 οὐχ
3724 3436 3750 3487 6

2187 3535 2461 3589 πιστεύων
2495 3536 2573 3606 τῷ
2604 3537 2824 3606 τυχόντι
2865 3537 3080 3601 πιστὸς,
3138 3535 3254 3588 ἀλλ’
3286 3535 3316 3588 ὁ
3349 3535 3470 3604 Θεῷ
3496 3531 3748 3586 πιστεύων

2186 3629 2426 3698 ἀληθῶς.
2454 3630 2547 3699 Μὴ
2584 3631 2690 3700 γὰρ
2713 3629 2920 3694 ἔδειξας
2952 3629 3034 3684 ὅτι
3089 3629 3210 3699 Θεῷ
3261 3629 3567 3690 πιστεύσας
3612 3623 3754 3680 ἀπώ-

2187 3719 2346 3785 λετο;
2387 3719 2633 3801 Διαϐόλῳ
2673 3719 2972 3782 πιστεύσας
3003 3719 3272 3785 ἀπώλετο,
3300 3719 3424 3788 Θεῷ
3458 3717 3750 3786 ἀπιστήσας

2183 3814 2479 3884 ὠλίσθησε.
2517 3814 2740 3876 Τούτοις
2765 3813 2866 3881 μὲν
2891 3813 2954 3882 δὴ
2985 3807 3078 3864 οὗν
3105 3815 3217 3874 τοῖς
3249 3814 3464 3883 ῥήμασι
3499 3811 3588 3864 τὸν
3610 3810 3748 3876 αίρε·

2185 3907 2334 3960 τικὸν
2385 3905 2719 3976 ἐπεστόμισε
2767 3906 2919 3958 τότε⁸
2961 3905 3037 3976 μὴ
3079 3905 3240 3966 μόνον
3279 3905 3327 3956 δ’
3355 3900 3470 3970 οὖν,
3505 3902 3636 3956 ἀλλὰ
3663 3897 3750 3952 καὶ

2184 4001 2302 4053 ὅσοι
2337 3998 2550 4052 ἐκεῖθεν
2591 3999 2646 4060 ἐς
2676 3997 2793 4050 τόδε
2844 3997 3017 4050 ταυτα
3048 3998 3164 4060 τοῖς
3195 3997 3504 4064 αἱρετικοῖς
3533 3992 3750 4050 ἐκείνοις

2182 4091 2557 4162 προφέρουσιν
2593 4089 2793 4159 ἕτεροι,
2822 4091 2937 4153 τοῖς
2965 4091 3150 4152 αὐτοῖς
3171 4089 3264 4142 τοῦ
3292 4087 3748 4161 Χρυσορρήμονος

2182 4184 2423 4247 ἅπαντες
2453 4183 2636 4254 βέλεσι
2665 4183 3015 4252 πλήττονται.

2253 4298 2328 4349 A'.
2361 4293 2580 4348 Τούτων
2609 4292 2654 4344 δ’
2680 4293 2823 4345 οὕτω
2874 4294 3186 4361 λεγομένων
3218 4292 3460 4363 ἤρξαντό
3484 4308 3625 4351 τινες
3657 4288 3750 4356 τῆς

2181 4386 2468 4458 ἐφεδρείας
2500 4386 2828 4440 ἐπεισιέναι.
2859 4385 3094 4453 Σύνηθες
3125 4386 3232 4454 γὰρ
3263 4386 3418 4441 τουτὶ
3442 4386 3751 4438 Καντακου·

2184 4480 2330 4550 ζηνῷ
2359 4476 2708 4548 προλοχίζειν
2748 4476 3034 4546 ἐφεδρείας
3074 4479 3132 4528 ἐν
3190 4477 3306 4539 τοῖς
3363 4478 3626 4537 τοιούτοις
3661 4472 3750 4524 καὶ

498 4577 892 4633 'l‘elchinorum
915 4572 1102 4642 copias
1122 4569 1464 4639 protrahere,
1491 4567 1591 4638 ipsi
1611 4567 1831 4637 quidem
1859 4568 2074 4620 ﬁrmum

2186 4571 2456 4640 Τελχίνων
2519 4569 2777 4624 τοιούτων
2832 4571 3118 4638 ἐπιφερειν
3149 4569 3209 4634 ἐξ
3269 4570 3508 4639 ἀφανοῦς
3538 4565 3752 4638 στρατό-

498 4667 829 4730 subsidium,
861 4661 1191 4718 adversariis
1216 4674 1348 4713 vero
1395 4667 1660 4712 terrorem
1724 4673 2002 4728 magnum.
2036 4657 2077 4711 E

498 4758 699 4828 quibus
722 4755 813 4824 qui
839 4753 1051 4823 primus
1081 4750 1321 4806 surrexit
1345 4758 1400 4803 et
1440 4749 1530 4802 hic
1571 4748 1793 4817 quidem
1835 4765 1958 4802 cum
1988 4763 2074 4801 re-

500 4849 670 4919 liquis
722 4845 981 4900 omnibus
1034 4842 1268 4896 maxime
1321 4841 1657 4910 conspiravit
1709 4851 1765 4896 et
1826 4840 2074 4906 eamdem

501 4950 739 4996 mentem
771 4936 964 4991 habuit
990 4944 1044 4990 et
1071 4935 1228 4988 valde
1260 4933 1519 4988 omnibus
1545 4933 1779 4988 dilectus
1807 4944 1949 4998 erat,
1984 4948 2076 4986 ar-

499 5033 670 5103 ripuit
699 5044 1004 5084 sermonem
1035 5027 1101 5080 de
1134 5027 1256 5082 luce
1288 5027 1374 5080 illa
1414 5027 1466 5080 in
1499 5034 1682 5079 monte
1711 5025 1986 5088 Thabore,
2019 5033 2076 5078 et

499 5123 846 5181 contumeliis
877 5123 1068 5176 obruit
1119 5119 1468 5174 Theodorum
1507 5120 1599 5188 qui
1636 5133 1732 5186 pro
1766 5118 1988 5172 Christo
2021 5127 2078 5170 et

497 5216 698 5273 divinis
723 5215 978 5269 Ecclesia:
1011 5215 1296 5282 pratccptis
1331 5211 1610 5265 cruciatus
1657 5226 1901 5264 summos
1957 5225 2078 5278 per-

497 5324 691 5381 pessus
721 5319 869 5372 erat;
903 5307 994 5376 qui
1033 5305 1102 5359 ab
1152 5304 1529 5358 lconomachis
1582 5303 1725 5356 inter
1755 5301 1991 5370 plurima
2019 5310 2077 5355 et

494 5401 647 5456 naria
685 5400 912 5453 verbera
950 5398 1097 5450 velut
1147 5411 1320 5466 agnus
1368 5395 1518 5448 humi
1565 5402 1826 5448 extensus
1872 5394 2079 5448 acubus

495 5495 692 5552 ferreis
725 5503 961 5564 punctus
1018 5499 1210 5546 eratet
1269 5491 1544 5544 laceratus
1591 5497 1760 5540 totam
1835 5487 2075 5549 faciem;

499 5603 679 5645 tamen
713 5591 952 5642 animant
995 5602 1104 5639 non
1150 5585 1448 5654 abjecerat,
1497 5583 1672 5636 donec.
1703 5582 1857 5634 exsul
1900 5579 2074 5651 judici

498 5682 818 5748 incorrupto
849 5680 956 5734 Deo
981 5693 1102 5734 eam
1141 5676 1478 5730 tradidisset.
1506 5673 1872 5729 Contumeliis
1893 5683 2073 5727 autem

2186 4663 2347 4727 πεδα,
2382 4661 2532 4732 αὑτῷ
2583 4662 2680 4732 μὲν
2714 4663 3052 4732 συμμαχίαν,
3102 4663 3216 4724 τοῖς
3241 4661 3288 4712 δ’
3322 4663 3624 4722 ἀντιθέτοις
3663 4659 3746 4710 ἕκ-

2187 4754 2384 4822 πληξιν
2405 4771 2417 4783 ο
2445 4749 2519 4806 ὧν
2553 4757 2580 4807 6
2613 4755 2830 4824 πρῶτος
2853 4754 2947 4805 καὶ
2984 4753 3223 4823 μάλιστα
3245 4755 3465 4809 πάντων
3483 4752 3744 4823 όμόψυχός

2182 4864 2242 4899 τε
2278 4847 2372 4899 καὶ
2397 4846 2738 4916 ὁμογνώμων
2773 4848 2866 4900 καὶ
2902 4847 3084 4899 πάντα
3114 4848 3484 4916 στεργόμενος
3520 4847 3745 4914 ἀνελάμ-

2181 4940 2344 4992 ϐανεν
2367 4939 2528 5002 εὐθὺς
2553 4940 2618 4992 τὰ
2634 4939 2726 4992 τοῦ
2752 4941 2808 4991 ἐν
2827 4940 3096 5010 Θαὸωρίῳ
3115 4942 3194 5011 τῷ
3213 4941 3329 5010 ὄρει
3351 4941 3529 5010 φωτὸς
3549 4942 3742 4999 ἐκεῖνα,

2179 5034 2274 5085 καὶ
2303 5032 2564 5103 ἐλοιδόρει
2612 5036 2708 5086 τὸν
2737 5034 2880 5104 ὑπὲρ
2910 5033 3151 5103 Χριστοῦ
3182 5035 3277 5086 καὶ
3333 5035 3442 5089 τῶν
3471 5035 3626 5088 θείων
3653 5035 3745 5101 τῆς

2197 5124 2527 5194 Ἐκκλησίας
2561 5125 2850 5195 δογμάτων
2903 5125 3070 5196 μυρία
3102 5126 3344 5180 παθόντα
3371 5129 3518 5180 δεινά
3544 5127 3739 5180 Θεόδω-

2187 5233 2300 5286 ρον,
2333 5216 2390 5277 ὃς
2418 5219 2556 5284 πρὸς
2592 5217 2698 5268 τῶν
2733 5218 3120 5288 Είκονομάχων
3150 5221 3289 5289 μετὰ
3341 5221 3600 5283 πλείστας
3623 5219 3743 5287 πρό-

2184 5324 2340 5376 τερον
2371 5308 2466 5359 καὶ
2496 5308 2787 5376 διαφόρους
2817 5309 3066 5372 κολάσεις
3125 5313 3378 5383 καθάπερ
3422 5312 3587 5382 ἀμνὸς
3610 5311 3739 5362 κατὰ

2182 5397 2287 5468 γῆς
2323 5399 2570 5460 ἐκταθεὶς
2592 5401 2798 5470 ἀκμαῖς
2845 5401 3080 5472 σιδήρων
3132 5403 3375 5466 ἐστῖζετο
3404 5406 3736 5474 γραφόμενος

2183 5491 2330 5543 ἀπαν
2365 5493 2424 5542 τὸ
2454 5493 2766 5557 πρόσωπον,
2827 5493 2988 5563 ἔμενε
3027 5496 3083 5546 δὲ
3130 5495 3233 5568 τὴν
3269 5496 3446 5566 ψυχὴν
3500 5495 3731 5564 ἀκλινὴς,

2182 5583 2286 5644 ἕως
2320 5583 2396 5645 εἰς
2442 5583 2659 5652 ἑξορὶαν
2713 5587 3036 5655 ἀπενεχθεὶς
3070 5590 3151 5658 τῷ
3186 5591 3464 5661 ἀδεκάστῳ
3519 5590 3737 5643 δέδωκεν

2184 5677 2352 5744 αὐτὴν
2380 5674 2647 5746 ὰθλοθέτῃ
2674 5676 2811 5747 Θεῷ.
2860 5678 3150 5749 Ἐλοιδόρει
3186 5683 3229 5734 δ’
3265 5685 3469 5737 ἐκεῖνον
3505 5683 3584 5736 ὅτι
3618 5680 3739 5749 βοη-

570 5879 648 5952 (ι)
677 5880 781 5933 τοῦ
814 5879 1206 5951 Χρυσοστόμου
1241 5885 1302 5938 ἐκ
1338 5878 1430 5932 τοῦ
1464 5882 1543 5942 είς
1577 5879 1634 5930 τὸ
1668 5880 1829 5949 ρητδν
1860 5879 1939 5940 τδ,
1980 5897 1997 5930 t
2022 5879 2120 5952 'Ev_
2153 5881 2280 5951 ποίᾳ
2314 5880 2530 5952 ἐξουσία
2560 5881 2730 5934 ταῦτα
2764 5887 2978 5949 ποιεῖς;
3013 5905 3031 5938 ι
