4034 6472
323 353 426 418 337

1212 354 1653 415 ΒΥΖΑΝΤΙΝλἘ
1690 348 2072 413 ΗίδΤΟῘὶΙίΕ
2106 355 2247 415 LIB.
2283 354 2526 414 XXXII.

3464 347 3585 413 338‘

327 475 434 528 θῶν
456 473 760 545 όρθοδόξοις
786 474 967 552 βιϐλία
996 475 1140 529 κατά
1168 475 1277 529 τῶν
1304 475 1694 546 Εἱκονομὰχων
1717 476 1894 544 ἀφῆκε

2010 488 2122 526 cum
2156 471 2336 527 ati'ecit
2368 470 2515 541 quod
2554 467 2794 525 fidelium
2851 470 3037 525 socius
3071 469 3274 540 scripta
3322 469 3574 525 ediderat

323 566 402 638 τῷ
432 567 556 639 βίῳ,
598 567 698 637 τὴν
729 569 957 622 ἐκείνων
998 567 1120 621 τότε
1157 568 1512 637 ἐξελέγχοντα
1547 567 1893 629 δυσσέϐειαν,

325 658 422 714 νῦν
448 658 508 713 δὲ
541 657 641 730 τὴν
678 659 1028 730 Παλαμικὴν,
1080 663 1143 714 ἐκ
1170 662 1300 729 μιᾶς
1340 659 1662 731 ἀρξαμένων
1687 661 1895 730 ἀμφοῖν

324 751 680 820 προφάσεως,
734 751 828 805 τοῦ
860 753 919 805 ἐν
951 752 1217 822 Θαϐωρίῳ
1259 753 1405 822 λέγω
1430 754 1507 824 τῷ
1542 754 1660 825 δρει
1696 753 1894 823 φωτὸς,

326 844 405 906 ὡς
447 842 797 914 δειχθήσεται
851 845 1190 916 πλατύτερον
1228 848 1517 913 προϊόντος
1564 845 1658 900 τοῦ
1707 846 1894 913 λόγου.

325 936 437 989 Καὶ
464 937 592 988 ποία
615 935 826 1001 τοῦτον,
854 936 1116 1004 ἔφασκεν,
1144 932 1286 991 οἶδεν
1324 938 1657 1008 Ἐκκλησία;
1702 940 1796 993 καὶ
1816 940 1899 1001 τίς

327 1029 497 1083 αὐτοῦ
528 1045 657 1082 ποτε
715 1030 939 1098 μνήμην
1001 1030 1297 1098 πεποίηται
1334 1031 1444 1082 τῶν
1501 1033 1754 1101 ﬁni-:95»);
1790 1032 1900 1085 Καὶ

328 1120 502 1173 πολλά
530 1119 756 1174 τοιαῦτα
792 1119 1057 1189 συνείρων
1094 1123 1194 1188 τὴν
1235 1120 1343 1174 τῶν
1366 1121 1727 1195 βλασφημιῶν
1763 1125 1900 1195 ἐπή-

332 1228 491 1279 νεγκε
521 1211 813 1283 κορωνίδα,
864 1214 947 1266 ὅτι
1003 1211 1165 1265 πάνθ’
1209 1214 1307 1265 ὅσα
1356 1212 1535 1281 βιϐλία
1562 1216 1899 1286 πεποιῆσθαι

330 1304 545 1373 λέγεται
578 1306 721 1359 κατὰ
768 1304 876 1358 τῶν
903 1306 1289 1376 Είκονομάχων
1318 1305 1469 1377 αὐτῷ
1508 1306 1779 1378 αἱρέσεων
1809 1310 1902 1378 γέ-

335 1413 424 1468 μει
455 1395 708 1469 μακρῶν.
746 1398 857 1453 Καὶ
900 1398 951 1450 εί
1006 1397 1107 1467 μὲν
1137 1397 1319 1469 ἕτεροί
1345 1386 1498 1461 ’τινες
1529 1398 1900 1469 ὑποϐολιμαῖα

330 1489 865 1559 παρεισενέγκαντες
917 1488 978 1542 τὸ
1017 1488 1183 1542 αὐτοῦ
1225 1506 1288 1558 γε
1328 1489 1654 1559 ἐπέγραψαν
1705 1490 1900 1562 ὅνομα,

331 1582 665 1652 ἀνέγκλητος
694 1582 794 1651 μὲν
826 1580 983 1634 ἐσται
1000 1580 1187 1644 αὐτὸς,
1230 1581 1296 1634 τὰ
1326 1580 1384 1633 δέ
1435 1581 1619 1650 βιϐλία
1649 1582 1710 1636 οὐ
1734 1601 1749 1617 ο
1782 1588 1830 1637 εί
1856 1587 1904 1638 δ’

331 1674 499 1730 αὐτοῦ
520 1673 596 1744 τῷ
618 1672 735 1727 ὄντι
771 1672 1007 1742 βεϐαίως
1040 1672 1199 1739 εἰσὶν,
1230 1673 1367 1743 όμοῦ
1392 1677 1505 1739 τοῖς
1541 1675 1769 1746 βιϐλίοις
1793 1678 1904 1748 ἄρα

330 1764 642 1837 ἀπόϐλητος
689 1767 784 1820 καὶ
839 1766 1002 1829 αὐτὸς
1059 1767 1154 1819 καὶ
1197 1769 1312 1829 τοῖς
1370 1768 1556 1833 ἄλλοις
1601 1771 1906 1840 αίρετικοῖς

332 1860 678 1932 ἐναρίθμιος.

406 1956 483 2008 E'.
521 1953 808 2012 Τοσούτων
837 1950 933 2007 οὖν
989 1952 1086 2007 καὶ
1143 1953 1288 2009 οὕτω
1349 1954 1621 2027 μεγέθους
1653 1961 1908 2026 ἀσεϐείας

333 2045 569 2116 ἐχόντων
600 2044 775 2113 λόγων
804 2044 1077 2115 αὐτήκοος
1108 2046 1136 2099 ὀ
1165 2046 1457 2118 Γρηγορᾶς
1500 2049 1743 2118 γεγονὼς
1776 2052 1912 2120 σφό-

334 2139 438 2205 δρα
476 2153 536 2190 τε
576 2135 851 2207 ἐξεπλάγη
906 2139 1004 2192 καὶ
1037 2141 1255 2211 ἀφωνος
1305 2140 1529 2210 ἔμεινεν
1573 2143 1818 2214 ἀχρικαί
1851 2149 1908 2211 ἐς

335 2230 485 2302 ῶρας
509 2229 722 2300 μακρόν
747 2248 798 2283 τι
825 2231 1127 2302 διάστημα.
1155 2234 1388 2290 Ἔπειτα
1417 2238 1593 2309 θυμοῦ
1626 2242 1721 2295 καὶ
1743 2241 1907 2314 ζήλου

338 2324 485 2377 θείου
519 2323 718 2391 μεστὸς
756 2322 996 2393 γεγονὼς
1034 2325 1240 2392 τοιάδε,
1298 2330 1563 2398 στραφεὶς
1622 2332 1759 2403 πρὸς
1817 2335 1909 2387 τὸν

340 2413 817 2487 Καντακουζηνδν,
881 2416 1046 2487 φησί’
1102 2417 1168 2471 Τί
1231 2436 1335 2488 μου
1368 2422 1431 2474 τὸ
1470 2423 1651 2494 γῆρας
1679 2426 1782 2479 οὐκ
1813 2428 1909 2498 ἐᾷς

338 2510 589 2580 ἠρεμεῖν,
626 2508 745 2563 ἀλλ’
775 2510 1153 2575 ἐπιϐουλεύεις
1182 2513 1309 2579 ἀεί;
1339 2514 1406 2568 Τί
1430 2532 1497 2586 με
1527 2519 1651 2582 ταῖς
1683 2523 1804 2585 σαῖς
1824 2522 1911 2575 ἀεὶ

338 2603 582 2672 μερίζων
612 2603 896 2674 αἱρέσεσιν
924 2605 1026 2660 οὐκ
1054 2607 1366 2679 ἐνάρκησας
1388 2610 1502 2664 οὐδ’
1535 2612 1635 2682 ὀψέ
1665 2615 1763 2684 τῆς
1793 2616 1911 2686 ἠλι-

339 2695 465 2758 κίας
493 2694 594 2764 τῆς
634 2695 733 2763 σῆς
766 2696 980 2767 καὶτῆς
1023 2697 1118 2752 νῦν
1150 2698 1546 2774 βαρυδαίμονος
1589 2706 1794 2778 τύχης;
1843 2708 1912 2763 Τί

340 2787 397 2859 μ’
427 2787 604 2841 ἄλλοτ’
635 2788 861 2843 ἀλλοθεν
916 2790 992 2855 ὡς
1026 2792 1091 2845 ἐκ
1124 2792 1337 2865 λόχμης
1363 2796 1459 2850 καὶ
1487 2796 1702 2868 δρυμοῦ
1736 2817 1910 2872 προσ-

336 2879 572 2944 ϐάλλων,
604 2881 665 2934 οὐ
693 2882 898 2953 τολμᾷς
934 2884 1077 2937 κατά
1109 2884 1366 2955 μέτωπον
1397 2887 1660 2962 ἄντικρυς
1698 2893 1790 2946 τὸν
1818 2896 1911 2948 σὺν

339 2971 407 3044 [ί.
443 2972 545 3028 158
577 2973 650 3047 r.]
690 2975 980 3047 ἐπιφέρειν
1015 2977 1277 3047 πόλεμον,
1328 2978 1447 3032 ἀλλ’
1485 2981 1587 3036 οὐκ
1620 2982 1769 3037 ἔστιν
1795 2985 1909 3038 οὐθ’

220 3050 223 3053 ’
335 3060 459 3115 ὅθεν
481 3061 595 3115 οὐθ’
622 3064 711 3118 ὅτε
739 3063 816 3136 μὴ
843 3063 942 3134 τὴν
978 3067 1079 3138 σήν
1106 3082 1198 3136 μοι
1228 3068 1529 3138 προσάγεις
1559 3072 1910 3143 ἀτέκμαρτον

1998 565 2200 634 quibus
2237 563 2721 618 lconomacltorum
2754 561 3004 632 impietas
3034 562 3573 632 deprehendebatur,

2000 671 2149 710 nunc
2170 670 2302 710 vero
2323 656 2487 710 etiam
2514 654 2903 709 Palamitarum
2927 653 3019 723 qui
3034 654 3229 709 eodem
3253 662 3577 723 argumento

2000 761 2059 802 se
2089 746 2433 813 fulciebant;
2467 745 2535 802 de
2587 747 2712 802 luce
2761 754 2951 800 autem
2987 760 3297 801 sermonem
3332 745 3471 800 facio
3522 745 3579 800 in
3668 802 3673 809 ,

2001 847 2186 893 monte
2241 837 2515 904 Thabore,
2560 854 2724 909 quam
2773 838 2913 892 infra
2953 852 3292 908 exponemus
3338 836 3577 907 planius.

2002 928 2135 995 Quae
2162 930 2322 985 vero?
2342 931 2521 1001 inquit
2550 930 2660 997 ille,
2697 930 2943 986 Ecclesia
2986 930 3136 987 hunc
3158 931 3379 999 agnovit
3404 929 3429 983 ἲ
3457 930 3582 999 quis

2004 1022 2323 1076 memoriam
2398 1023 2520 1091 ejus
2596 1023 2951 1078 observavit?
3013 1023 3107 1079 [iis
3181 1021 3408 1093 insuper
3475 1024 3583 1078 alia

2005 1113 2172 1166 multa
2195 1112 2408 1166 addidit
2434 1122 2488 1168 et
2515 1114 2971 1169 contumeliarum
2994 1130 3254 1169 acervum
3283 1114 3585 1184 complevit

2003 1217 2128 1258 cum
2171 1203 2342 1259 libros
2379 1215 2653 1276 quotquot
2703 1208 2927 1261 omnino
2977 1206 3272 1277 conscripti
3305 1207 3583 1263 ferrentur

2004 1306 2196 1351 contra
2247 1297 2657 1365 lconomachos,
2717 1299 2880 1370 382
2950 1299 3116 1356 nimis
3156 1300 3392 1355 refertos
3459 1314 3583 1356 esse

2005 1388 2188 1458 pravis
2216 1389 2571 1459 opinionibus
2594 1390 2825 1459 diceret,
2850 1402 2906 1446 et
2930 1391 3034 1447 nisi
3083 1392 3152 1446 ab
3179 1392 3301 1446 aliis
3349 1391 3581 1463 quibus-

2006 1480 2132 1536 dam
2163 1480 2656 1552 interpolatoribus
2688 1499 2889 1539 nomen
2915 1485 3036 1556 ejus
3072 1484 3397 1555 inscriptum
3437 1497 3586 1541 esset

2005 1573 2181 1640 libris,
2207 1575 2455 1645 ignotum
2484 1575 2621 1630 illud
2649 1592 2968 1632 mansurum
3005 1577 3210 1642 fuisse;
3250 1593 3355 1631 non
3403 1586 3583 1633 tamen

2006 1664 2135 1720 libri
2178 1666 2279 1735 ipsi
2311 1686 2324 1732 ;
2354 1667 2448 1736 qui
2477 1682 2667 1723 revera
2725 1667 2948 1738 quidem
2991 1679 3294 1732 exstarent,
3332 1670 3427 1725 sed
3480 1686 3584 1724 una

2009 1768 2133 1808 cum
2167 1755 2255 1809 his
2288 1772 2489 1812 nomen
2527 1760 2649 1828 ejus
2684 1760 3057 1829 abjiciendum
3083 1774 3202 1816 esse
3233 1770 3289 1816 et
3322 1759 3589 1815 adnume-

2009 1847 2240 1904 randum
2267 1850 2495 1921 reliquis
2521 1851 2819 1908 haereticis.

2075 1939 2142 1995 V.
2177 1939 2309 2006 Quae
2332 1942 2501 1998 verba
2542 1953 2706 1999 tanta:
2756 1945 2914 2015 plena
2967 1944 3267 2016 impietatis
3293 1961 3419 2001 cum
3452 1947 3590 2004 Gre-

2006 2045 2166 2100 goras
2199 2033 2460 2101 audisset,
2500 2037 2860 2092 vehementer
2889 2037 3076 2092 animo
3114 2039 3399 2109 perculsus
3429 2049 3589 2096 estet

2007 2124 2287 2180 obmutuit
2322 2142 2419 2195 per
2444 2127 2665 2199 longum
2692 2128 2846 2186 liora:
2870 2129 3245 2186 intervallum.
3280 2130 3353 2187 At
3385 2130 3587 2186 deinde

2007 2216 2190 2272 animo
2212 2225 2269 2272 et
2291 2217 2477 2286 divina
2530 2220 2955 2290 condignatione
2997 2221 3257 2292 impletus
3304 2222 3477 2278 vertit
3528 2238 3589 2278 se

2007 2307 2063 2360 in
2102 2306 2546 2364 Cantacuzenum
2576 2311 2761 2366 verbis
2798 2311 2990 2368 hisce:
3033 2312 3145 2368 Cur
3173 2327 3281 2368 non
3305 2322 3586 2370 sencclam

2009 2398 2146 2454 mihi
2230 2400 2367 2456 sinis
2452 2402 2858 2472 tranquillam?
2917 2403 3030 2459 Cur
3099 2420 3318 2474 semper
3389 2405 3642 2481 breresi.

2008 2500 2102 2545 tua
2136 2490 2410 2562 inquietas
2432 2508 2519 2550 me
2547 2510 2726 2565 neque
2774 2496 3054 2552 succurris
3097 2497 3233 2552 mihi
3291 2497 3384 2568 qui
3427 2507 3589 2555 aetate

2003 2583 2115 2655 jam
2150 2584 2440 2643 coniectus
2469 2601 2591 2642 sum
2618 2596 2825 2644 etcum
2877 2599 3026 2645 tanta
3066 2606 3212 2647 nunc
3255 2590 3587 2663 ingravescit

2009 2675 2229 2732 miseria
2252 2677 2405 2733 ?Cur
2436 2677 2599 2733 modo
2631 2677 2759 2734 hinc
2787 2679 2953 2737 modo
3005 2679 3154 2735 illinc
3185 2688 3447 2751 tanquam
3499 2681 3587 2736 in-

2009 2768 2167 2823 sidiis
2214 2777 2270 2847 et
2309 2769 2538 2825 latebris
2590 2785 2978 2841 prorumpens,
3014 2771 3151 2827 mibi
3183 2788 3295 2828 non
3355 2773 3587 2828 adversa

2009 2861 2191 2917 fronte
2216 2862 2431 2933 justum
2478 2862 2683 2918 bellum
2720 2865 2939 2925 infers?
2981 2864 3171 2935 Neque
3204 2866 3361 2921 locus
3408 2882 3589 2935 neque

2013 2964 2230 3027 tempus
2260 2964 2345 3011 est
2375 2970 2484 3027 quo
2512 2972 2623 3011 non
2654 2956 3116 3014 insolentissimas
3146 2967 3269 3015 tuas
3325 2960 3588 3016 tentatio-

2012 3064 2110 3105 nes
2130 3049 2186 3104 in
2210 3066 2298 3106 me
2327 3058 2533 3107 vertas.
2557 3050 2670 3106 Cur
2703 3052 2756 3106 in
2784 3052 2972 3109 divina
3020 3054 3273 3123 dogmata
3300 3055 3463 3111 modo
3488 3056 3588 3111 bos

337 3156 567 3224 πεῖραν;
596 3157 661 3209 Τί
691 3157 834 3212 κατά
864 3157 975 3212 τῶν
1007 3158 1169 3212 θείων
1199 3160 1486 3232 δογμάτων
1512 3163 1690 3219 ἄλλοτ’
1713 3142 1904 3233 ἄλλους

2013 3142 2180 3197 modo
2210 3143 2335 3198 illos
2372 3144 2613 3200 exstruis
2642 3143 2904 3216 Olympos
2956 3154 3014 3202 et
3058 3147 3355 3203 Parnassos
3394 3158 3589 3204 contu-

337 3247 574 3315 ἐγείρεις
647 3248 961 3320 Ὀλύμπους
1022 3252 1119 3305 καὶ
1176 3253 1499 3324 Παρνασούς
1556 3258 1904 3332 βλασφημίας

2014 3237 2308 3294 meliarum
2332 3251 2363 3294 a
2395 3245 2448 3295 te
2478 3237 2841 3297 confictarum
2870 3247 2928 3296 et
2971 3254 3096 3296 sero
3156 3251 3339 3299 tamen
3385 3241 3589 3300 frustra

336 3341 684 3410 αὐτομαθοῦς
714 3342 809 3396 καὶ
833 3342 1177 3412 ὀψιμαθοῦςς
1214 3347 1280 3399 Τί
1312 3349 1454 3402 κατὰ
1482 3349 1589 3405 τῶν
1618 3331 1904 3408 θείωνΠα-

2011 3331 2496 3400 excogitatarum?
2547 3333 2679 3402 quid
2735 3332 2795 3388 in
2855 3341 3077 3390 sanctos
3129 3334 3319 3392 Patres
3372 3351 3590 3408 semper

334 3436 512 3505 τέρων
564 3434 847 3506 χαράδρας
910 3437 1232 3508 ἁνορύττεις
1290 3440 1379 3493 ἀεὶ
1441 3444 1765 3515 καινοτέρας
1813 3448 1904 3502 καῖ

2011 3423 2148 3479 facis
2185 3425 2369 3480 foveas
2417 3441 2539 3495 quae
2573 3425 2692 3481 solo
2737 3434 2833 3481 tuo
2862 3427 3095 3484 consilio
3126 3426 3453 3484 fodiuntur?
3476 3427 3595 3485 Cur

338 3526 481 3598 μόνῃ
502 3529 569 3596 τῇ
607 3529 672 3597 σῇ
701 3528 1131 3599 παρευρημένας
1165 3530 1448 3585 αὐτοθελεῖ
1477 3535 1693 3605 ἐπινοίᾳ
1722 3552 1737 3601 ;
1776 3536 1904 3593 Τίνα

2010 3531 2078 3571 ex
2112 3525 2354 3586 tempore
2380 3517 2435 3571 in
2469 3518 2719 3574 divinum
2761 3519 2976 3575 Patrem
3004 3520 3158 3576 illum
3201 3529 3253 3578 et
3289 3532 3591 3611 praecepto-

335 3621 528 3673 τοῦτον
560 3619 619 3684 ἐξ
666 3620 1018 3690 αὐτοσχεδίου
1069 3623 1150 3692 τῷ
1189 3622 1317 3695 θείῳ
1352 3625 1550 3696 ἐκείνῳ
1589 3628 1766 3700 Πατρὶ
1814 3630 1904 3683 καὶ

2010 3624 2126 3663 rem
2153 3609 2645 3678 sapientissimum,
2686 3626 2893 3668 novum
2938 3613 3166 3669 exhibes
3194 3609 3589 3671 ArchilOchum

337 3713 491 3780 σοφῷ
521 3711 827 3783 διδασκάλῳ
855 3714 953 3784 τῆς
989 3715 1319 3786 Ἐκκλησίας
1346 3717 1465 3771 νέον
1488 3699 1734 3785 ὁπλίζεις
1785 3722 1904 3794 Ἀρ-

2010 3699 2098 3753 vel
2125 3700 2308 3769 potius
2333 3700 2648 3756 Archilochi
2676 3702 2892 3758 simiam
2917 3719 2943 3770 ς
2959 3704 3051 3790 qui
3079 3702 3242 3776 383
3264 3705 3598 3776 priusquam

338 3804 619 3877 χίλοχονῆ
666 3808 867 3877 μᾶλλον
934 3807 1251 3880 ’Δρχιλὸχου
1304 3811 1562 3882 πίθηκον,
1596 3813 1656 3877 ὃς
1711 3792 1904 3890 πρὶν-ἢ

2010 3793 2143 3861 quid
2193 3792 2452 3849 didicerit
2485 3795 2604 3850 sine
2633 3793 2823 3851 labore
2855 3797 3115 3868 opinatur
3154 3798 3483 3868 adepturum
3533 3815 3593 3855 se

341 3894 535 3960 μαθεῖν
561 3893 759 3948 ἄπονον
786 3897 960 3949 οῖεται
988 3897 1273 3965 εἰληφέναι
1322 3901 1530 3968 ταμίαν
1582 3883 1779 3971 σοφίας
1808 3883 1904 3976 τὴν

2010 3883 2296 3953 sapientiae
2332 3884 2555 3942 Hesiodi
2587 3888 2858 3969 lauream,
2881 3898 2937 3945 et
2968 3904 3070 3960 pro
3125 3891 3260 3946 solis
3286 3891 3431 3946 votis
3473 3891 3605 3948 suis

349 3983 595 4037 Ἠσιόδου
634 3985 861 4055 δάφνην,
897 3987 995 4040 καὶ
1032 3988 1169 4060 μόνῃ
1210 3988 1429 4061 θελήσει
1456 3991 1517 4045 τὸ
1551 3975 1904 4064 δογματίζειν

2010 3975 2253 4032 delatum
2302 3978 2369 4033 iri
2408 3980 2729 4035 certaminis
2778 3981 3075 4052 dogmatici
3123 3982 3229 4038 sibi
3280 3985 3599 4054 praemium.

336 4073 640 4144 ἀλώσιμονς
677 4076 747 4128 Ἦ
779 4076 877 4130 οὐκ
903 4078 1151 4145 ἀκούεις,
1181 4081 1235 4134 τί
1259 4081 1417 4136 ταῦτ’
1449 4083 1543 4137 ἐπὶ
1567 4084 1662 4139 σοῦ
1691 4087 1754 4140 τὸ
1782 4106 1904 4158 σχε-

2010 4068 2211 4124 Annon
2240 4070 2499 4127 audivisti
2526 4087 2648 4143 quae
2697 4072 2752 4126 in
2785 4082 2836 4128 te
2884 4074 3217 4131 miserabilis
3247 4084 3304 4131 et
3342 4075 3615 4132 furiosus-

337 4161 630 4217 τλιώτατον
666 4162 825 4218 τοῦτο
885 4167 980 4220 καὶ
1012 4168 1259 4239 μεμηνὸς
1319 4172 1612 4244 ἀνδράριον
1675 4177 1904 4249 ἐξηρεύ-

2010 4161 2380 4218 homunculus
2431 4163 2534 4219 iste
2576 4164 2882 4220 evomuerit
2907 4164 2930 4218 ?
2960 4161 3127 4230 Quid,
3178 4180 3287 4220 non
3326 4166 3608 4223 abhorre-u

339 4253 466 4319 ξατο
485 4273 501 4319 ;
533 4251 660 4325 Ἆρ’
692 4258 896 4313 ἀνεκτὰ
947 4260 1343 4324 ταῦτ”ἀκοαῖς
1386 4262 1531 4335 λόγῳ
1563 4267 1659 4322 καὶ
1696 4269 1904 4343 διανοίᾳ

2010 4254 2144 4310 bant
2176 4255 2295 4311 haec
2322 4262 2391 4313 ab
2415 4256 2643 4312 auribus
2669 4265 2726 4312 et
2760 4257 2945 4313 verbis
2976 4259 3083 4314 tuis
3135 4273 3201 4315 ac
3236 4259 3462 4314 mente?
3489 4258 3590 4315 Lo-

336 4348 774 4418 διοικουμέναιςς
810 4350 1048 4420 Φθέγξαι
1068 4370 1121 4407 τι
1147 4354 1286 4426 πρὸς
1315 4355 1527 4425 ταῦτα,
1564 4360 1653 4413 ἵνα
1685 4363 1904 4434 γνῶμεν

2011 4363 2184 4418 quere
2213 4348 2279 4403 ad
2322 4349 2439 4404 hch
2499 4357 2559 4403 ut
2607 4364 3006 4420 cognoscamus
3061 4366 3129 4404 an
3182 4352 3430 4407 eamdem
3476 4352 3590 4408 alas

338 4440 387 4493 εί
415 4441 489 4511 μὴ
517 4440 826 4511 ὁμότροπον
853 4443 1079 4515 τρέφεις
1106 4446 1240 4514 γοῦν
1271 4448 1330 4502 ἐν
1359 4449 1574 4523 τούτοις
1605 4456 1700 4507 καὶ
1743 4456 1904 4520 αὐτὸς

2012 4441 2204 4497 saltem
2223 4442 2279 4496 in
2303 4442 2389 4496 bis
2408 4441 2526 4509 ipse
2544 4442 2947 4499 mentem.Nam
2968 4442 3246 4499 silentium
3264 4452 3416 4501 tuum
3436 4445 3593 4501 mala:

337 4532 395 4585 τὸ
545 4507 770 4603 γνώμης
790 4507 1137 4605 βουλόμενονξ
1183 4537 1251 4590 Ἦ
1288 4538 1399 4608 γὰρ
1434 4510 1521 4609 σὴ]
1552 4507 1733 4615 σιωπὴ
1766 4507 1904 4614 σφαΣ

2016 4531 2368 4586 conscientiae
2422 4532 2799 4602 suspicionem
2834 4540 3020 4587 movet
3043 4541 3099 4587 et
3126 4533 3331 4589 multos
3396 4551 3607 4591 vereor-

337 4624 499 4697 λεροῦ
524 4626 822 4692 συνειδότος
848 4627 1088 4697 ὑποψίαν
1110 4628 1441 4701 ἀνειληφυῖα
1469 4633 1697 4702 πολλὰς,
1727 4631 1904 4705 οἶμαι,

2016 4636 2086 4677 ne
2112 4622 2168 4676 in
2196 4629 2247 4676 te
2273 4622 2671 4678 maledicentia:
2714 4623 2920 4679 ﬂuctus
2948 4625 3172 4679 excitet.
3198 4624 3367 4692 Quid?
3404 4641 3607 4683 nonne-t

337 4721 518 4790 ἐγερεῖ
547 4720 688 4774 κατὰ
724 4720 817 4774 σοῦ
843 4722 941 4784 τάς
974 4722 1101 4792 τῶν
1139 4722 1418 4793 λοιδοριῶν
1467 4728 1792 4797 τρικυμίας.
1825 4723 1904 4784 Ἦ

2017 4714 2195 4785 palam
2248 4713 2353 4770 iste
2407 4715 2582 4786 ipsius
2626 4724 2682 4771 et
2735 4731 2967 4772 suorum
3026 4717 3239 4775 cultum
3289 4718 3603 4780 fanaticum

335 4811 446 4885 γὰρ
473 4812 573 4865 οὐκ
606 4812 766 4886 αὐτὸς
803 4813 998 4867 ἐαυτοῦ
1039 4830 1095 4865 τε
1138 4813 1230 4866 καὶ
1280 4815 1375 4867 τοῦ
1413 4818 1679 4887 σφετέρου
1714 4819 1904 4877 θιάσου

2018 4805 2285 4861 adversus
2342 4821 2446 4859 nos
2509 4814 2741 4861 testatur
2801 4814 2858 4860 et
2898 4805 3245 4876 impietatem
3287 4809 3591 4865 maximam

335 4905 539 4967 παντὸς
581 4905 843 4974 ἄντικρυς
888 4909 1307 4977 καταμαρτυρεῖ
1356 4909 1454 4961 καὶ
1488 4911 1598 4963 τῶν
1636 4911 1908 4966 ἀσεϐειῶν

335 4998 730 5071 ἐπιψηφίζεται
756 4999 853 5070 τὴν
881 5000 1148 5070 μεγίστην
1173 5018 1188 5065 ;
1213 5002 1311 5053 ’ον
1341 5002 1452 5073 γὰρ
1480 5005 1655 5059 πᾶσαι
1679 5006 1909 5078 διαρῤή.

333 5093 432 5165 δην
457 5094 701 5164 ⁹τιμῶσιν
754 5092 995 5147 εὐσεϐῶν
1052 5096 1367 5165 ἐκκλησίαι,
1433 5099 1527 5152 καὶ
1580 5099 1640 5152 ὃν
1670 5099 1908 5170 ὑμνοῦσι

333 5188 692 5260 λογογράφων
735 5188 821 5241 καὶ
855 5188 1212 5257 μουσουργῶν
1247 5191 1410 5245 ὁσίων
1442 5193 1594 5263 χοροὶ
1624 5193 1769 5247 κατά
1798 5197 1908 5250 πᾶ-

335 5293 437 5330 σαν
470 5276 662 5349 χρόνου
714 5275 986 5347 περίοδον,
1038 5278 1133 5329 καὶ
1179 5270 1241 5330 οὗ
1302 5278 1431 5342 τοὺς
1485 5278 1685 5343 ἄθλους
1716 5283 1909 5340 καὶτὰ

336 5369 477 5438 σοφὰ
507 5370 862 5438 παλαίσματα
891 5368 978 5446 δια
1000 5370 1182 5439 πάσης
1216 5370 1422 5440 ὴχῆσαι
1466 5372 1572 5441 γῆς
1601 5372 1909 5443 διαγέγονε,

333 5463 526 5517 τοῦτον
555 5457 709 5527 οὗτος
754 5463 1091 5535 ἰσχυρίζεται
1152 5463 1230 5535 μὴ
1268 5465 1486 5534 εἰδέναι,
1537 5464 1652 5521 ἀλλ’
1678 5470 1759 5530 είς
1797 5470 1906 5524 τόδ’

333 5555 552 5624 ἡλικίας
580 5555 927 5610 παντάπασιν
978 5556 1294 5628 ἀμφότερον
1347 5558 1647 5628 διαμεῖναι,
1692 5562 1787 5616 καὶ
1810 5579 1904 5616 τυο

336 5643 468 5712 φλδς
516 5643 628 5697 τῶν
683 5646 987 5715 γινομένων
1020 5648 1115 5700 καὶ
1167 5647 1353 5716 κωφὸς
1405 5650 1516 5706 τῶν
1567 5651 1903 5720 λεγομένων,

336 5736 521 5804 ὅμοιον
555 5732 840 5805 ὥσπερᾶν
873 5738 920 5790 εί
948 5738 1041 5791 καὶ
1077 5738 1207 5807 περὶ
1238 5739 1333 5793 τοῦ
1369 5741 1718 5810 παγκοσμίου
1748 5741 1904 5796 τοῦδε

335 5828 535 5903 φωτὸς,
592 5827 693 5898 τῆς
760 5828 993 5903 ἡλιακῆς
1049 5833 1268 5904 ἐκείνης
1321 5833 1627 5905 λαμπάδος,
1689 5837 1905 5906 ἀγνοεῖν

2016 4894 2348 4968 proﬁtetur?
2378 4895 2512 4951 Nam
2547 4910 2710 4966 quem
2740 4911 2932 4951 omnes
2965 4897 3109 4952 clara
3139 4911 3276 4954 voce
3321 4900 3589 4956 honorant

2015 4991 2235 5062 piorum
2260 4991 2456 5062 synodi
2498 4998 2556 5045 et
2605 4989 2887 5046 celebrant
2915 4991 3263 5061 scriptorum
3284 5002 3342 5048 et
3371 4995 3613 5064 piorum.

2019 5087 2307 5143 doctorum
2335 5084 2492 5139 chori
2543 5098 2643 5154 per
2682 5098 2846 5139 omne
2877 5092 3116 5155 tempus,
3150 5094 3209 5140 et
3250 5087 3411 5156 cujus
3437 5088 3594 5145 labo-

2019 5196 2108 5236 res
2137 5188 2193 5235 et
2217 5179 2479 5249 praclara
2508 5177 2809 5233 certamina
2837 5193 2937 5247 per
2982 5193 3206 5234 omnem
3248 5189 3455 5236 terram
3503 5182 3610 5237 in-.

2018 5275 2371 5340 crebuerunt,
2403 5272 2551 5326 hunc
2605 5270 2707 5326 iste
2739 5279 3016 5326 asseverat
3037 5286 3096 5327 se
3133 5272 3409 5343 ignorare,
3434 5273 3615 5342 quasi-

2018 5365 2111 5439 qui
2142 5375 2253 5421 tam
2285 5371 2559 5433 provectae
2592 5362 2771 5419 atatis
2800 5363 2972 5420 fuerit
3000 5373 3308 5435 utrumque.
3328 5370 3588 5433 expertus

2015 5440 2295 5526 esset,..ut
2318 5471 2440 5527 qua:
2473 5463 2600 5511 ante
2638 5454 2806 5527 pedes
2834 5463 3001 5513 erant
3051 5470 3228 5512 caecus
3258 5470 3372 5510 non
3422 5454 3589 5516 vidis:

2016 5564 2119 5617 set,
2152 5560 2208 5608 et
2245 5566 2367 5624 quas
2401 5550 2457 5605 in
2491 5565 2587 5607 ore
2616 5550 2905 5617 omnium,‘
2929 5550 3129 5605 surdus
3174 5564 3285 5604 non
3318 5549 3591 5606 audisset.-

2014 5647 2168 5715 Quod
2202 5644 2431 5715 perinde
2466 5652 2551 5699 est
2585 5657 2650 5698 ac
2678 5642 2726 5697 si
2765 5642 2890 5712 quis
2914 5640 2983 5697 de
3016 5641 3148 5697 solis
3173 5640 3298 5697 luce
3327 5657 3455 5713 qua.
3478 5651 3591 5697 ter‘

2014 5756 2203 5797 rarum
2228 5748 2426 5794 cuncta
2454 5737 2850 5793 collustrantur
2870 5736 3084 5790 nescire
3105 5750 3164 5791 se
3196 5722 3431 5792 aﬂirmet
3450 5749 3606 5792 num»

2015 5832 2139 5905 quis
2179 5845 2210 5887 e
2241 5830 2382 5888 vivis
2413 5845 2479 5887 ea
2513 5828 2812 5886 frueretur.
2844 5826 2952 5886 Sed
2998 5843 3029 5887 e
3076 5827 3323 5886 duobus.
3354 5830 3640 5900 alterum...
