4034 6462
309 292 407 359 341

1278 296 1721 359 ΒΥΖΑΝΤΙΝᾸΞ
1748 298 2126 360 HISTORLE
2174 301 2316 362 LIB.
2353 301 2598 364 ΧΧΧὶῐ.

3455 299 3589 361 3&2‘

310 417 408 471 καὶ
429 414 762 485 ἀνθρώποις,
796 418 937 470 κατὰ
958 415 1193 485 Παῦλον,
1221 419 1531 488 γινόμενος.
1549 419 1646 482 Τίς
1673 418 1717 472 δ’
1744 418 1885 472 άπα-

2024 433 2114 484 ιυε,
2145 417 2611 489 quemadmodum
2638 416 2714 472 ait
2743 423 2969 474 sanctus
3005 415 3228 471 Paulus.
3256 414 3389 483 Quis
3410 432 3565 483 vero,

260 572 267 579 _
317 505 651 580 ριθμεῖσθαι,
700 508 870 578 φησὶ,
931 507 1191 580 δυνηθείη
1230 510 1296 564 ἂν
1336 510 1434 571 τὰς
1485 509 1756 579 φυλακὰς,
1819 508 1888 563 τὰ

2024 512 2190 582 nquit,
2214 509 2529 565 describere
2560 508 2736 579 possit
2794 508 2981 578 plagas
3033 506 3320 569 custodiae,
3348 507 3572 562 naufra-

312 597 569 665 ναυάγια,
622 595 717 650 τδ’ν
768 597 951 667 λιμὸν,
1012 598 1113 664 τὰς
1168 600 1406 670 ἡλιακὰς
1437 600 1755 668 ὲκκαύσεις,
1787 600 1888 663 τὰς

312 690 641 760 νυκτερινὰς
678 688 891 760 ψύξεις.
948 692 1046 756 τὰς
1077 692 1398 758 ἐπιϐουλὰς,
1447 692 1547 758 τὰς
1582 691 1890 746 ἐπαναστά-

314 798 454 847 σεις,
487 782 613 847 τοὺς
661 783 784 837 καθ’
836 784 1053 856 ἡμέραν
1085 785 1378 850 θανάτους,
1437 788 1535 849 τὰς
1584 782 1741 847 αὖθις
1800 785 1892 836 ἐπὶ

314 873 551 944 πληγαῖς
580 874 820 946 πληγάς,
843 878 968 940 τοὺς
998 876 1332 947 ῥαϐδισμοῦς
1354 878 1448 930 καὶ
1476 878 1543 930 τὰ
1575 878 1665 930 ἐπὶ
1688 876 1897 948 κόρρης

316 964 641 1035 ῥαπίσματά
680 983 743 1020 τε
778 967 875 1020 καὶ
902 966 1215 1037 στίγματα;
1244 968 1410 1030 Τέλος
1441 969 1518 1035 δὲ,
1551 967 1709 1037 φησὶ,
1745 966 1896 1038 γήρᾳ

316 1056 412 1110 καὶ
444 1056 606 1127 νόσῳ,
640 1057 776 1129 πρὸς
803 1059 862 1112 δὲ
892 1058 990 1111 καλ⁵
1042 1058 1391 1129 κακοπαθείᾳ
1443 1056 1512 1129 τῇ
1550 1061 1615 1112 ὲκ
1649 1059 1898 1130 φρουρᾶς

322 1143 647 1214 πιεζόμενος
706 1148 765 1199 ἑν
829 1149 967 1220 αὐτῇ
1004 1150 1071 1220 τῇ
1107 1151 1326 1222 φρουρᾷ
1359 1150 1482 1221 Θεῷ
1546 1151 1645 1220 τὴν
1700 1148 1897 1203 ἑαυτοῦ

326 1232 502 1306 ψυχὴν
558 1237 948 1309 παρατίθησιν,
1009 1242 1244 1314 ἄμωμον
1300 1243 1401 1313 μὲν
1447 1246 1514 1314 τῇ
1568 1242 1768 1314 πράξει
1808 1243 1900 1295 τὸν

332 1326 463 1396 βίον,
497 1327 799 1383 ἄπταιστον
828 1332 883 1386 δὲ
921 1335 989 1404 τῇ
1035 1334 1295 1404 εὐσεϐείᾳ
1330 1336 1424 1388 τὸν
1458 1335 1616 1403 λόγον
1641 1336 1901 1406 διατηρή‹

331 1434 450 1480 σας,
481 1421 574 1471 καὶ
600 1420 964 1492 ἀνεπίληστον
991 1426 1094 1495 τῆς
1134 1425 1303 1480 αὑτοῦ
1338 1429 1647 1498 μαρτυρίας
1681 1427 1905 1496 μνήμην

331 1509 668 1565 καταλιπών.
700 1511 937 1582 Λέγεται
968 1513 1045 1577 δὲ,
1086 1518 1243 1586 φησὶ,
1278 1520 1375 1571 καί
1400 1536 1522 1572 τινα
1556 1518 1667 1571 τῶν
1711 1519 1906 1588 γερόν-

328 1619 439 1653 των
465 1603 585 1657 κατ’
613 1606 788 1660 ὲκεῖνο
841 1610 1039 1679 καιροῦ
1073 1610 1251 1682 πολλῷ
1280 1612 1383 1681 τῆς
1433 1612 1722 1674 εὗσεδείας
1754 1611 1905 1683 ζήλῳ

329 1697 635 1766 φερόμενον
692 1699 970 1771 ὑπεριδεῖν
1025 1703 1124 1774 μὲν
1172 1705 1268 1759 καὶ
1317 1705 1605 1775 βασιλικῆς
1644 1704 1900 1777 ἀπειλῆς,

329 1790 618 1859 ἀφειδῆσαι
645 1793 704 1846 δὲ
727 1794 823 1847 καὶ
843 1796 1018 1866 αὐτῆς
1040 1800 1140 1867 τῆς
1165 1797 1335 1868 ζωῆς,
1379 1799 1468 1853 ἵνα
1499 1799 1680 1852 πίστει
1705 1796 1780 1867 τῷ
1807 1797 1900 1853 τοῦ

333 1884 612 1953 μακαρίου
645 1887 978 1953 προσπεσὼν
1008 1888 1249 1960 λειψάνῳ
1296 1891 1521 1960 χάριτος
1561 1892 1768 1943 ἐκεῖθεν
1811 1907 1907 1960 με-

330 1973 524 2043 τάσχοι
549 1990 565 2006 ο
597 1977 689 2028 καί
722 1970 803 2041 εἷς
831 1977 942 2032 τῶν
990 1979 1228 2050 ᾀδόντων
1269 1982 1566 2051 γενόμενος
1620 1984 1716 2035 καὶ
1746 1983 1911 2044 αὐτὸς

334 2067 479 2121 κατὰ
502 2069 595 2122 τὸν
623 2070 722 2140 τῆς
751 2071 1024 2142 ἐκδημίας
1058 2075 1270 2129 ἐκείνου
1326 2077 1542 2147 καιρὸν,
1593 2077 1909 2130 ὲϐεϐαιοῦτο

339 2161 479 2226 μετὰ
514 2159 691 2215 ταῦτα
725 2162 800 2227 ώς
838 2164 924 2235 εἴη
956 2165 1080 2219 τότε
1129 2168 1316 2237 φωνῆς
1349 2166 1559 2222 ἄνωθεν
1594 2169 1911 2238 ψαλλόντων

334 2250 556 2323 ἡδίστης
586 2257 682 2309 καὶ
711 2253 1022 2326 θαυμασίας
1065 2257 1305 2325 ἁκούων,
1354 2260 1469 2314 εἴτε
1500 2277 1586 2325 τις
1613 2261 1913 2330 ἀγγελικὴν

337 2347 611 2417 ἐννοήσειε
671 2349 900 2420 ταύτην,
939 2350 1051 2405 εῐτε
1103 2352 1228 2406 τινὰ
1259 2353 1430 2423 ἄλλην
1480 2353 1712 2424 νεύματι
1775 2353 1914 2407 Θεοῦ

336 2438 658 2509 γενομένην.
700 2439 819 2510 Θεῷ
852 2441 1011 2512 δῆλον
1045 2444 1112 2497 ἂν
1145 2445 1253 2515 εἴη.
1289 2447 1383 2499 καὶ
1417 2447 1565 2510 ὅσοις
1590 2446 1657 2499 τὰ
1684 2447 1915 2499 τοιαῦτα

337 2534 526 2605 διορᾷν
559 2534 731 2599 ἄξιον.
764 2536 874 2588 Καὶ
924 2537 1140 2591 κεῖσθαί
1169 2554 1305 2609 φησι
1355 2540 1416 2592 τὸ
1450 2540 1599 2609 ἱερὸν
1623 2540 1719 2593 τοῦ
1748 2541 1910 2609 ἁγίου

341 2627 504 2698 σῶμα
532 2628 809 2697 θαύμασιν
859 2629 1112 2698 ἀφθόνοις
1160 2630 1249 2685 διὰ
1280 2632 1482 2695 παντὸς
1514 2634 1919 2703 σεμνυνόμενον

340 2720 438 2775 καὶ
463 2721 599 2773 πᾶσι
627 2723 737 2784 τοῖς
760 2721 1047 2790 προσιοῦσι
1068 2722 1306 2794 παρέχον
1333 2724 1501 2795 ρὦιν
1524 2724 1725 2796 ψυχῆς,
1748 2726 1918 2796 ρὦιν

345 2813 621 2884 σώματος,
657 2815 752 2869 καὶ
781 2815 970 2880 ἁπλῶς
997 2817 1173 2871 εἰπεῖν
1205 2817 1396 2872 παθῶν
1444 2820 1716 2872 παντοίων
1746 2818 1921 2873 ἀπαλ-

343 2908 520 2978 λαγὴν
560 2908 639 2970 είς
676 2906 835 2972 δόξαν
868 2907 1004 2961 Θεοῦ
1027 2907 1123 2960 τοῦ
1154 2907 1409 2979 Σωτῆρος
1444 2911 1707 2979 Χριστοῦ.
1746 2929 1765 2963 ι
1803 2912 1913 2964 Kal.

345 2999 522 3055 ταῦτα
585 3001 683 3070 μὲν
743 3002 877 3072 περὶ
940 3004 1041 3073 τῆς
1083 3001 1361 3072 Θεοδώρου
1426 3006 1618 3073 σοφίας
1667 3006 1763 3059 καὶ
1809 3005 1920 3059 τῶν

1990 605 2099 677 gia,
2135 604 2600 667 famem,azstum,
2630 608 2898 656 nocturna
2936 599 3280 670 perfrigeria,
3320 599 3571 667 insidias,

1995 699 2283 763 tumultus,
2322 697 2516 751 mortis
2544 696 2597 748 in
2615 694 2735 749 dies
2758 692 3175 759 formidamina,
3193 698 3425 748 verbera
3449 708 3575 746 ver-

1996 789 2223 845 boribus
2254 785 2636 859 superaddita,
2673 785 2978 839 ferularum
3032 784 3241 854 plagas,
3293 783 3579 853 colaphos?

1996 881 2182 951 Itaque
2210 880 2320 944 ille,
2358 878 2557 948 inquit,
2586 877 2747 932 annis
2771 883 2827 930 et
2853 875 3046 930 morbo
3071 875 3359 930 confectus
3375 884 3430 929 et
3454 889 3582 929 cus-

1999 975 2163 1030 todize
2196 972 2353 1027 malis
2383 970 2616 1027 amictus
2657 969 2775 1041 ipsa
2807 968 2862 1024 in
2907 969 3160 1024 custodia
3192 969 3304 1023 Deo
3339 969 3583 1023 animam

1998 1081 2156 1122 suam
2206 1063 2478 1119 tradidit:
2519 1062 2614 1133 qui
2659 1061 2907 1117 moribus
2934 1071 2992 1116 et
3025 1059 3185 1115 factis
3229 1062 3587 1117 innocentem

2000 1158 2190 1222 vitam,
2226 1157 2428 1227 pietate
2475 1163 2722 1210 sanctam
2753 1162 2995 1209 mentem
3038 1154 3295 1224 probavit
3340 1160 3395 1206 et
3447 1167 3584 1205 mar-

2003 1253 2130 1324 tyrii
2176 1247 2261 1305 sui
2306 1248 2671 1305 immortalem
2719 1247 3042 1301 memoriam
3093 1244 3338 1314 reliquit.
3378 1240 3586 1297 Ferunt

2001 1346 2191 1411 etiam,
2224 1342 2424 1414 inquit,
2446 1340 2741 1408 quemdam
2770 1356 2801 1396 e
2834 1338 3167 1410 praesidibus
3208 1337 3300 1392 illo
3332 1344 3584 1404 tempore

2005 1451 2200 1507 magno
2224 1434 2447 1504 pietatis
2469 1433 2669 1487 ardore
2689 1430 3085 1486 inﬂammatum
3113 1427 3461 1497 imperator‘s
3486 1425 3589 1476 mi-

2005 1546 2104 1585 nas
2131 1527 2439 1598 neglexisse
2477 1535 2534 1580 et
2566 1525 2692 1580 vitae
2718 1524 2867 1579 illius
2903 1520 3237 1594 pepercisse,
3270 1519 3343 1571 ita
3370 1528 3429 1572 ut
3460 1531 3584 1571 cum

2008 1622 2115 1677 fide
2151 1621 2262 1675 divi
2299 1619 2448 1673 illius
2489 1616 2754 1685 reliquias
2785 1621 3086 1669 veneratus
3115 1611 3352 1678 indeque
3395 1607 3591 1660 animat

2007 1727 2122 1766 suae
2156 1710 2389 1764 salutem
2454 1715 2651 1761 nactus
2691 1705 2802 1768 sit;
2842 1713 2899 1757 et
2942 1717 3067 1756 cum
3113 1711 3400 1755 cantorum
3449 1711 3592 1749 unus

2010 1806 2187 1860 factus
2224 1810 2376 1857 esset
2420 1809 2667 1869 tempore
2723 1812 2833 1866 quo
2889 1795 2980 1849 ille
3019 1792 3220 1849 absens
3280 1798 3418 1850 erat,
3450 1789 3595 1842 vires

2010 1911 2137 1950 eum
2179 1893 2439 1948 refecisse
2466 1888 2623 1960 quasi
2674 1900 2916 1958 superne
2967 1899 3131 1939 voces
3181 1881 3591 1952 psalmistarum

2010 1985 2369 2043 suavissimas
2406 1993 2462 2036 et
2501 1979 2785 2035 mirabiles
2818 1975 3126 2032 audivisset
3155 1992 3169 2040 ;
3202 1971 3430 2042 perinde
3463 1986 3528 2024 ac
3546 1968 3594 2024 si

2010 2077 2138 2149 quis
2188 2074 2366 2144 angeli
2424 2086 2616 2126 vocem
2666 2069 2751 2123 vel
2815 2068 2979 2122 aliam
3040 2065 3285 2120 divinam
3340 2061 3591 2127 audiret;

2012 2168 2160 2242 quod
2191 2178 2373 2222 tamen
2402 2163 2504 2219 soli
2541 2162 2652 2216 Deo
2686 2168 2741 2216 et
2775 2156 2844 2214 iis
2873 2157 2969 2229 qui
2991 2157 3229 2211 maximo
3251 2154 3359 2209 hoc
3381 2153 3594 2207 honore

2012 2261 2163 2334 digni
2238 2255 2537 2314 exiStimati
2610 2262 2761 2318 sunt,
2817 2247 3106 2320 contingit.
3166 2245 3275 2301 Sed
3343 2255 3599 2299 sanctum

2014 2367 2219 2424 corpus
2244 2349 2378 2406 dicit
2412 2347 2517 2402 viri
2552 2345 2719 2415 hujus
2746 2340 3082 2398 sanctissimi
3122 2337 3406 2393 miraculis
3451 2350 3599 2406 pra:-

2016 2444 2179 2502 claris
2208 2443 2424 2512 insigne
2456 2452 2603 2506 esse,
2634 2446 2691 2491 et
2720 2434 2885 2506 387
2915 2432 3173 2488 omnibus
3201 2431 3293 2499 qui
3329 2429 3603 2483 accedunt

2015 2535 2264 2609 praebere
2282 2533 2516 2589 salutem
2540 2528 2736 2584 anima:
2758 2536 2836 2594 et,
2867 2533 2928 2580 ut
2951 2523 3143 2596 paucis
3166 2524 3366 2585 dicam,
3394 2520 3601 2574 libera-

2018 2629 2224 2684 tionem
2256 2642 2285 2681 a
2309 2625 2468 2680 malis
2497 2622 2759 2678 omnibus
2786 2619 2843 2674 in
2890 2618 3117 2688 gloriam
3149 2616 3244 2669 Dei
3302 2611 3604 2670 Saivatoris

2018 2719 2441 2780 nostriChristi.
2478 2737 2496 2771 ι
2535 2716 2664 2771 llaec
2704 2715 2872 2784 igitur
2902 2713 2970 2767 de
3001 2710 3278 2767 Theodori
3334 2706 3604 2776 sapientia

2018 2824 2076 2873 et
2103 2813 2384 2869 miraculis
2410 2811 2468 2865 S.
2502 2807 2925 2878 Metaphrastes.
2946 2818 3205 2874 tanquam
3242 2802 3342 2856 sub
3366 2802 3604 2864 imagine

2019 2918 2082 2965 ut
2105 2909 2299 2963 dicunt
2323 2913 2379 2959 et
2414 2900 2609 2958 umbra
2643 2902 2710 2956 iis
2740 2900 2836 2970 qui
2867 2907 3053 2953 mente
3088 2897 3232 2966 capti
3290 2904 3417 2949 sunt
3457 2892 3605 2947 veri—

2024 3011 2190 3057 tatem
2246 2986 2678 3053 revelans.ltem
2709 2992 3096 3060 Theophanes,
3151 2999 3412 3056 magnum
3472 2984 3609 3038 illud

348 3092 416 3168 [ί.
438 3092 580 3150 4159
606 3091 679 3165 τ.”Ι
711 3093 1007 3163 θαυμάτων
1034 3095 1062 3147 ό
1094 3093 1238 3158 θεῖος
1266 3095 1488 3161 διέξεισι
1507 3098 1917 3170 Μεταφραστὴς

2024 3092 2206 3146 lumen
2240 3087 2520 3152 Ecclesia,
2549 3084 2642 3156 qui
2686 3099 2782 3154 per
2814 3095 3035 3136 omnem
3073 3079 3187 3133 fere
3215 3086 3425 3131 aetatem
3458 3074 3609 3129 viros

347 3184 501 3248 ὠςὲν
541 3183 695 3255 τύπῳ
732 3186 910 3239 εἰπεῖν
963 3185 1059 3237 καὶ⁹
1111 3184 1356 3248 σκιωδῶς
1390 3203 1506 3250 πως
1534 3203 1633 3256 την
1679 3186 1917 3257 δήλωσιν

346 3279 460 3341 τοῖς
495 3277 571 3348 μὴ
599 3279 858 3332 συνιεῖσιν
885 3276 1321 3346 ἀφοσιώσασθαι.
1366 3278 1436 3331 Ὅ
1478 3295 1543 3346 γε
1570 3278 1675 3348 μὴν
1709 3278 1921 3345 Θεοφά-

349 3386 448 3439 νης
472 3368 502 3421 ό
531 3369 703 3439 μέγας
730 3369 832 3438 τῆς
865 3368 1197 3440 Ἐκκλησίας
1222 3371 1448 3442 φωστὴρ
1480 3375 1575 3425 καὶ
1609 3371 1775 3434 αὐτὸς
1797 3372 1925 3435 τοὺς

350 3460 475 3515 καθ’
510 3460 750 3530 ἑκάστην
778 3460 872 3514 καὶ⁵
902 3462 1334 3532 πᾶσανήμέραν
1370 3462 1465 3516 τοῦ
1494 3463 1690 3534 χρόνου
1724 3462 1928 3528 παντὸς

350 3553 572 3617 πάντως
597 3554 784 3625 σχεδὸν
814 3553 1028 3623 άγίους,
1058 3553 1176 3609 ὅσοι
1207 3554 1344 3623 πρὸς
1373 3555 1541 3608 αὐτοῦ
1595 3554 1716 3625 Θεῷ
1744 3554 1932 3607 καθιε-

356 3643 621 3716 ρωθέντες
654 3646 891 3717 δρόμοις
923 3647 1243 3718 άσκητικοϊς
1273 3649 1409 3718 ὁμοῦ
1437 3649 1532 3702 καὶ
1565 3650 1930 3718 μαρτυρικοῖς

356 3736 710 3807 ἀπήλλαξαν,
786 3738 1009 3807 μέλεσιν
1074 3740 1298 3804 οἰκείοις
1352 3739 1517 3793 αὑτοῦ
1590 3739 1929 3806 σοφωτάτοις

359 3828 607 3898 ὑμνήσας
633 3829 903 3900 λαμπρῶς
932 3847 990 3882 τε
1033 3830 1128 3884 καὶ
1170 3830 1436 3901 διαρκῶς,
1473 3833 1500 3884 ὁ
1529 3829 1795 3899 Θεοδώρῳ
1854 3827 1933 3896 τῷ

359 3922 489 3988 θείῳ
516 3921 706 3992 ἐκείνῳ
759 3921 999 3991 μάρτυρι
1034 3926 1127 3976 καὶ
1186 3923 1335 3993 σοφῷ
1364 3922 1673 3992 διδασκάλῳ
1707 3923 1804 3992 τῆς
1836 3919 1932 3974 τοῦ

359 4015 494 4068 Θεοῦ
561 4014 908 4087 Ἐκκλητίας,
973 4015 1048 4079 ὡς
1095 4017 1333 4088 εἴρηται,
1387 4017 1683 4086 γενόμενος
1715 4015 1935 4070 ἅπαντα

358 4108 585 4178 ἀδελφδς
606 4110 700 4162 καὶ
729 4108 908 4179 ψυχὴν
939 4110 1031 4163 καὶ
1063 4109 1222 4180 σῶμα
1250 4112 1345 4162 καὶ
1375 4110 1604 4182 γνώμην
1648 4111 1746 4165 καὶ
1768 4110 1934 4182 ἄθλη-

361 4219 449 4256 σιν
478 4203 571 4255 καὶ
607 4202 912 4272 συμπαρὼν
942 4204 1037 4256 καὶ
1089 4208 1431 4274 συμπάσχων
1466 4203 1642 4274 αύτῷ,
1668 4204 1793 4256 ἐπεὶ
1819 4205 1933 4265 τοῖς

364 4296 642 4367 μεγίστοις
691 4297 925 4360 ἐκείνοις
974 4297 1187 4350 ἐκείνου
1253 4295 1683 4360 συναπελθόντος
1746 4295 1934 4358 ἄθλοις

364 4390 525 4460 μόνος
543 4390 620 4461 τῷ
651 4389 749 4461 βίῳ
780 4389 1160 4461 περιελείφθη,
1183 4387 1553 4457 ἀπελαθείσης
1579 4389 1683 4458 ῆδη
1716 4388 1812 4441 καὶ
1836 4387 1934 4454 τῆς

2024 3188 2244 3237 sanctos
2264 3185 2532 3249 quotquot
2563 3185 2688 3230 ante
2725 3175 2901 3244 ipsum
2927 3187 2958 3226 a
3010 3172 3119 3225 Deo
3163 3168 3418 3224 honorati
3455 3166 3612 3223 labo-

2028 3287 2118 3329 res
2145 3270 2411 3327 asceticos
2448 3276 2504 3323 et
2548 3266 2808 3336 martyria
2856 3260 3103 3335 perpessi
3161 3267 3338 3325 erant,
3380 3257 3612 3313 canticis

2031 3366 2147 3421 suis
2190 3360 2626 3434 praeclarissimis
2665 3357 2883 3429 egregie
2917 3366 2972 3410 et
3022 3354 3230 3425 optime
3284 3349 3609 3415 celebravit,

2033 3457 2238 3528 quique
2274 3452 2566 3507 Theodoro
2594 3460 2783 3504 sancto
2833 3445 3066 3517 martyri
3096 3454 3153 3500 et
3202 3441 3614 3513 sapientissimo

2035 3548 2237 3605 divinae
2268 3545 2530 3601 Ecclesiae
2585 3540 2905 3613 praeceptori
2953 3548 3212 3609 tanquam
3264 3537 3434 3589 frater
3486 3548 3612 3588 cum

2036 3643 2221 3700 animo
2247 3650 2302 3696 et
2331 3652 2563 3708 corpore
2595 3644 2649 3691 et
2673 3644 2858 3689 mente
2900 3642 2954 3688 et
2986 3630 3313 3686 fortitudine
3344 3628 3397 3680 in
3430 3634 3613 3682 certa-

2037 3735 2187 3790 mine
2239 3732 2433 3787 adcrat
2466 3729 2673 3798 ubique
2713 3735 2769 3781 et
2800 3740 2924 3778 cum
2974 3738 3043 3778 eo
3104 3735 3295 3792 passus
3333 3726 3452 3782 est;
3489 3731 3613 3773 cum

2037 3840 2163 3902 post
2193 3827 2450 3899 martyris
2470 3825 2639 3895 hujus
2677 3830 2910 3877 mortem
2944 3816 3314 3873 tristissimam
3361 3811 3513 3868 solus
3558 3810 3614 3864 in

2040 3924 2147 3979 vita
2173 3921 2398 3976 relictus
2444 3926 2590 3973 esset
2635 3917 2857 3985 jamque
2923 3907 3412 3966 lconomacborum
3462 3905 3618 3957 furor

2041 4016 2433 4076 deferbuisset,
2459 4019 2511 4065 et
2546 4025 2645 4080 pro
2674 4009 2769 4062 Dei
2801 4003 3071 4061 beneficio
3094 4009 3415 4056 sanctorum
3461 3996 3619 4050 labo-

2040 4108 2195 4162 ribus
2248 4105 2543 4175 depressus
2595 4110 2765 4163 esset,
2803 4096 2953 4151 hunc
2992 4107 3213 4163 quoque
3263 4087 3617 4144 Theodorum

2041 4197 2329 4254 exornavit
2358 4193 2589 4250 canticis
2622 4190 2739 4245 suis
2767 4196 2823 4244 et
2853 4185 3059 4242 cecinit
3088 4180 3496 4251 descripsitque
3555 4192 3619 4233 ea

2041 4306 2165 4363 quae
2194 4289 2371 4344 oculis
2400 4287 2516 4357 ipse
2554 4283 2791 4347 viderat,
2845 4279 3163 4351 quibusque
3197 4276 3316 4348 ipse
3367 4274 3619 4331 laborum

2042 4384 2225 4445 socius
2250 4389 2306 4437 et
2345 4391 2552 4447 martyr
2603 4374 2954 4431 interfuerat.

364 4483 745 4555 είκονομαχίας
788 4482 1019 4553 προνοίᾳ
1072 4481 1212 4537 Θεοῦ
1249 4484 1361 4544 τοῖς
1395 4480 1607 4535 τούτων
1641 4479 1849 4555 ἀγῶσιν
1888 4477 2357 4546 ἐπικαμφθέντος,
2398 4472 2599 4541 κοσμεῖ
2627 4469 2721 4523 καὶ
2758 4467 2952 4522 τοῦτον
2989 4468 3103 4529 τοῖς
3139 4462 3342 4517 ἑαυτοῦ
3371 4461 3639 4532 μέλεσιν,.

365 4552 559 4632 ἐκεῖνα
580 4552 852 4648 περιᾴδων
886 4575 1416 4648 καὶάριθμούμενος
1446 4568 1520 4628 ὧν
1555 4552 1833 4645 αὐτόπτης
1862 4567 1930 4643 ἦν
1958 4572 2122 4634 αὐτὸς
2155 4569 2250 4622 καὶ
2272 4564 2555 4621 συναθλῶν
2586 4563 2685 4616 καὶ
2718 4563 2930 4632 μάρτυς
2965 4559 3253 4629 γινόμενος
3283 4554 3619 4619 ἀξιόπιστος.

438 4669 512 4726 Ζ’.
552 4647 725 4725 Ἀλλὰ
746 4671 856 4725 τῶν
899 4647 1082 4724 καλῶν
1135 4668 1277 4725 εἷναί
1334 4687 1425 4741 μοι
1462 4667 1739 4723 κάνταῦθα
1793 4667 1921 4720 δοκε

2117 4661 2232 4719 VII.
2265 4659 2374 4714 Sed
2418 4673 2484 4713 ex
2521 4656 2608 4711 his
2668 4668 2839 4722 pauca
2862 4653 2977 4722 jam
3016 4664 3192 4721 eaque
3245 4647 3619 4719 pulcherrima

366 4763 574 4834 βραχέα
607 4762 741 4831 πρὸς
776 4760 1004 4826 ἔνδειξιν
1024 4760 1352 4828 παραθεῖναι
1382 4758 1459 4830 τῷ
1495 4759 1661 4829 λόγῳ,
1695 4758 1790 4810 καὶ
1828 4757 1939 4810 τῶν

364 4856 442 4927 τῷ
476 4855 616 4924 ἁγίῳ
647 4852 1045 4922 ἐπενεχθεισῶν
1080 4854 1320 4922 τήμερον
1372 4850 1586 4921 ὕϐρεων
1617 4850 1753 4920 πρὸς
1783 4847 1941 4903 τοῦδε

366 4947 467 4999 τοῦ
497 4944 797 5014 δυσμενοῦς
826 4943 1127 5014 ὑπέρτερον
1180 4942 1350 5009 δεῖξαι
1380 4943 1752 4996 παντάπασιν.
1800 4942 1941 5010 Φησὶ

370 5034 480 5105 γὰρ
530 5035 666 5103 πρὸς
720 5034 814 5086 τὸν
847 5035 1095 5101 γενναῖον
1126 5035 1223 5087 καὶ
1254 5032 1398 5087 θεῖον
1427 5035 1634 5087 ἐκεῖνον
1666 5033 1761 5086 καὶ
1802 5034 1943 5085 πάν-

375 5144 538 5198 σοφον
559 5125 732 5196 ἄνδρα
762 5128 789 5179 ὁ
819 5126 1064 5193 γενναῖος
1095 5128 1299 5189 ἐκεῖνος
1329 5129 1424 5179 καὶ
1442 5127 1748 5197 ὁμότροπος
1776 5124 1945 5194 ἀθλη-

371 5219 491 5288 τὴς.
529 5237 547 5269 ι
588 5216 691 5270 Τὸν
710 5215 889 5269 τίτλον
921 5216 1021 5286 τῆς
1055 5216 1153 5287 σῆς
1186 5216 1363 5287 ὅψεως
1406 5217 1582 5273 ἰδόντα
1615 5220 1949 5289 παραχωρεί

372 5311 444 5366 τὰ
490 5308 772 5381 Χερουϐὶμ
820 5309 915 5362 τοῦ
966 5307 1126 5373 ξύλου
1176 5311 1276 5381 τῆς
1336 5310 1482 5377 ζωῆς
1513 5329 1525 5342 ·
1561 5313 1591 5381 ἡ
1625 5311 1683 5363 δὲ
1718 5312 1946 5383 φλογίνη

377 5403 622 5474 ῥομφαία
642 5401 886 5466 εὐλαϐῶς
909 5401 977 5456 τὰ
997 5402 1144 5457 νῶτά
1170 5419 1250 5456 σοι
1290 5403 1495 5466 δίδωσι,
1533 5403 1781 5475 πάνσοφε
1813 5404 1944 5458 Θεό-

375 5497 537 5567 δωρε.
571 5516 590 5549 ι
616 5498 724 5550 Καὶ
762 5497 949 5560 πάλιν,
989 5515 1008 5548 ι
1057 5496 1114 5550 '0
1157 5495 1339 5559 τίτλος
1388 5495 1556 5550 πάλαι
1593 5497 1690 5568 μὲν
1747 5501 1815 5569 τῇ
1857 5516 1946 5551 κο-

382 5589 524 5659 ρυφῇ
552 5586 802 5640 ἐπέκειτο
830 5585 923 5639 τοῦ
957 5584 1225 5655 βασιλέως
1262 5584 1525 5655 Χριστοῦ,
1557 5585 1958 5655 ἔιγγεγριῐιμμεξ-⁴

381 5696 469 5743 νος
501 5677 643 5746 ξυλῳ
667 5675 761 5730 τοῦ
795 5673 1031 5747 σταυροῦ
1057 5690 1070 5705 ⁸
1098 5678 1126 5728 ὁ
1153 5674 1210 5727 δὲ
1238 5673 1328 5738 σὸς
1358 5674 1558 5737 τίτλοςν
1588 5673 1853 5741 πάνσθφεῡ
1877 5677 1945 5746 τῇ

386 5774 455 5845 σῇ
504 5768 835 5824 κεκόλαπται
870 5766 1282 5840 κεχαραγμένος
1325 5764 1446 5835 ὕψει
1479 5764 1888 5837 εὐκλεέστερον.
1924 5783 1944 5817 ι

2048 4770 2195 4811 nunc
2228 4752 2499 4823 proferam
2527 4758 2588 4805 ut
2612 4747 2775 4803 nobis
2798 4746 3131 4800 documento
3153 4741 3265 4797 sint
3292 4747 3348 4794 et
3377 4737 3621 4794 insolen-

2049 4849 2177 4904 tiam
2199 4861 2307 4915 qua
2325 4843 2489 4898 hodie
2517 4842 2572 4896 in
2609 4847 2862 4896 sanetum
2896 4835 3073 4889 virum
3126 4829 3474 4886 adversarius
3518 4827 3623 4883 iste

2047 4941 2296 4995 invectus
2327 4945 2412 4992 est
2459 4933 2786 5004 reprimant.
2823 4932 2915 4987 Sic
2952 4929 3111 4989 enim.
3150 4927 3220 4982 de
3274 4922 3647 4995 magnanimo

2049 5044 2106 5087 et
2133 5036 2326 5088 sancto
2356 5026 2523 5098 388
2547 5035 2603 5081 et
2633 5023 3045 5094 sapientissimo
3067 5020 3187 5075 viro
3218 5018 3314 5072 illo
3348 5017 3506 5071 fortis
3534 5014 3623 5068 hic

2050 5130 2107 5175 et
2139 5120 2433 5175 unanimus
2464 5119 2585 5187 ejus
2607 5116 2859 5171 laborum
2899 5113 3085 5167 socius
3117 5109 3408 5180 loquitur:
3448 5106 3622 5162 «Titu-

2053 5213 2166 5267 lum
2192 5210 2348 5265 faciei
2385 5221 2490 5265 tua:
2519 5208 2835 5263 anteferunt
2875 5204 3163 5260 cherubim
3192 5203 3341 5271 ligno
3376 5200 3524 5262 vitae,
3571 5204 3625 5251 et

2057 5308 2207 5364 ensis
2268 5303 2549 5359 ﬂammeus
2601 5300 2697 5355 tibi
2761 5313 2868 5352 non
2938 5294 3317 5364 destringitur,
3369 5288 3639 5359 praeclare.

2049 5398 2357 5454 Theodore.
2391 5414 2409 5448 ι
2446 5394 2511 5448 Ει
2538 5407 2769 5447 rursus:
2810 5410 2828 5442 ι
2863 5390 3083 5444 Titulus
3109 5386 3243 5440 olim
3266 5397 3431 5452 supra
3461 5387 3623 5448 caput

2031 5496 2170 5546 “erat
2200 5485 2415 5543 Domini
2455 5482 2663 5540 Christi
2699 5479 2999 5549 inscriptus
3042 5477 3193 5545 ligno
3240 5471 3441 5528 crucis.
3475 5468 3625 5523 Tuus

2051 5591 2234 5637 autem
2267 5579 2480 5643 titulus,
2523 5575 2808 5645 przeclane,
2844 5571 3143 5638 inscriptus
3191 5576 3276 5621 est
3322 5562 3482 5617 faciei
3521 5571 3626 5616 tua

2053 5670 2385 5728 clarioribus
2414 5668 2613 5740 typis.i
2643 5668 2853 5722 Rursus
2881 5680 2893 5717 :
2930 5680 2951 5715 ι
2977 5660 3209 5715 Erectus
3240 5659 3291 5712 in
3312 5672 3476 5712 cruce
3497 5655 3628 5710 olim

2050 5763 2303 5820 Christus
2345 5762 2415 5816 in
2449 5761 2621 5816 latere
2656 5768 2960 5825 percussus
2995 5761 3118 5807 est:
3154 5760 3211 5806 tu
3258 5758 3541 5805 extensus—
3575 5746 3649 5801 in.
