4034 6468
483 272 591 333 illi}.

1701 270 2110 334 NICEPHURI
2148 273 2531 337 GREGORIE

3633 278 3726 340 3M

484 368 631 453 ligno
664 388 1072 459 percussiones,
1104 389 1464 461 bicromysta,
1506 391 1724 445 fortiter
1772 406 1964 460 passus
2004 407 2055 445 «ιε

2166 394 2276 446 Καὶ
2306 392 2491 454 πάλιν,
2524 409 2544 444 ε
2596 388 2866 460 ’Υψωθεὶς
2896 389 2988 441 ἐπὶ
3025 386 3260 458 σταυροῦ
3308 387 3481 443 πάλαι
3511 390 3727 461 Χροστδς

477 481 623 539 velut
662 479 782 535 ovis
812 481 1031 537 victima
1057 493 1346 540 mactatus.
1377 502 1397 534 ι
1441 482 1546 539 Sed
1578 484 1712 538 satis
1748 484 1901 539 haec:
1957 499 2062 555 ego

482 574 794 647 huiusmodi
834 575 938 630 alia
973 574 1142 628 multa
1172 582 1228 627 et
1255 574 1413 644 plura
1467 573 1653 629 dicere
1686 591 1933 645 possum,
1962 574 2058 630 sed

478 664 625 730 nolo,
655 681 723 721 ne
755 666 981 720 auribus
1012 664 1148 719 nihil
1196 663 1427 732 amplius
1456 662 1647 718 audire
1712 663 2063 726 cupientibus

475 753 741 809 molestus
767 754 892 809 sim.
919 753 1129 819 Quibus
1186 762 1371 809 autem
1410 752 1527 807 haec
1566 768 1688 822 qua:
1727 752 1859 812 satis
1902 761 2054 817 sunt,

479 857 585 895 non
620 842 919 906 sufﬁciunt,
953 842 1038 896 his
1064 840 1201 897 nihil
1237 842 1464 901 omnino
1499 842 1631 897 satis
1665 850 1769 908 est,
1818 843 1981 899 etiam
2013 844 2057 897 si

477 933 601 1000 quis
632 933 779 1003 quod
810 948 976 1005 supra
1005 935 1153 989 vires
1188 934 1456 993 humanas
1500 944 1585 989 est
1630 935 1870 991 tonitrua
1905 937 2053 991 edat.

476 1026 612 1079 Cum
640 1026 787 1079 enim
815 1025 972 1092 cujus
996 1041 1082 1081 res
1111 1036 1272 1084 tanta!
1307 1026 1676 1096 praedicantur
1720 1043 1818 1097 per
1886 1037 2052 1087 totam

481 1100 777 1170 Ecclesiam
842 1118 894 1170 in
949 1118 1193 1187 singulos
1224 1133 1400 1177 annos
1454 1129 1509 1173 et
1568 1128 1836 1189 tempora,
1890 1134 2054 1189 quem

476 1206 554 1260 sic
582 1217 769 1275 gentes
802 1218 1135 1263 venerantur
1164 1224 1261 1278 per
1287 1224 1438 1264 mare
1467 1221 1523 1264 et
1556 1212 1954 1272 continentem.
1985 1212 2055 1265 ab

473 1297 608 1351 solis
630 1307 752 1352 ortu
792 1312 842 1353 et
882 1300 1289 1369 occasu,cujus
1321 1312 1547 1372 propter
1605 1302 1885 1357 Christum
1952 1318 2056 1372 pro

473 1385 679 1454 pietate
731 1386 952 1444 dolores
993 1389 1282 1445 cherubim
1347 1392 1619 1465 honorant
1659 1390 1831 1462 magis
1891 1406 2054 1462 quam

475 1476 683 1546 lignum
714 1478 863 1544 vitae,
894 1480 981 1533 cui
1019 1481 1167 1536 ensis
1199 1481 1483 1537 ﬂammeus
1518 1495 1624 1537 non
1650 1479 2013 1552 destringitur
2037 1526 2051 1550 ,

477 1585 602 1624 cum
632 1569 781 1625 dicat
822 1571 1164 1628 miserrimus
1201 1574 1304 1629 iste
1333 1589 1393 1629 se
1430 1575 1683 1643 ignorare
1720 1590 1736 1627 :
1775 1590 1897 1644 qua;
1930 1582 2056 1628 tau-

478 1660 625 1726 dem,
646 1676 853 1732 quaeso,
872 1679 961 1718 res
984 1674 1089 1717 tam
1112 1666 1293 1735 gravis
1319 1674 1420 1728 est,
1438 1681 1561 1733 qua:
1580 1666 1914 1720 immobilem
1937 1667 2056 1737 ejus

474 1758 531 1806 et
556 1752 854 1821 pcrdurum
885 1756 1127 1811 animum
1173 1750 1472 1824 percellere
1512 1758 1714 1825 queat?
1743 1755 1924 1825 Quare
1954 1772 2057 1826 ego

477 1857 671 1917 magna
716 1844 949 1914 quadam
981 1855 1035 1899 et
1066 1847 1279 1900 inﬁnita
1317 1845 1485 1917 389
1537 1862 1657 1900 sum
1724 1846 1779 1901 in
1840 1847 2056 1911 consilii

476 1912 682 2005 impia,
711 1950 818 1990 non
854 1950 918 1992 ac
946 1936 993 1992 si
1032 1952 1181 1992 arma
1233 1952 1321 1999 me
1364 1938 1666 1995 deﬁciant:
1710 1954 1836 1999 nam
1890 1939 2054 1994 innu-

475 2040 623 2079 mera
655 2027 789 2081 mihi
814 2026 1128 2098 adiumenta
1160 2040 1288 2089 sunt
1314 2028 1517 2099 quibus
1543 2028 1709 2097 hujus
1736 2029 2057 2099 qua-stionis

471 2115 675 2175 nodum
696 2119 913 2175 solvere
924 2121 1129 2189 possim
1147 2137 1161 2174 :
1182 2121 1275 2175 sed
1292 2121 1437 2188 quod
1453 2135 1577 2179 cum
1594 2122 1749 2176 bona:
1761 2121 2057 2176 voluntatis

472 2208 546 2268 sit
565 2208 714 2279 leges
751 2208 967 2265 Domini
998 2212 1170 2266 nostri
1200 2225 1521 2281 agnoscere,
1542 2213 1630 2271 cui
1659 2212 1889 2268 omnino
1911 2213 2055 2271 bona

471 2303 727 2358 voluntas
753 2302 906 2360 deest
935 2314 989 2359 et
1012 2306 1728 2376 mentisargumentationes
1757 2323 1912 2368 vana:
1945 2308 2055 2363 huc

472 2396 605 2460 illuc
631 2407 921 2467 vagantur,
954 2397 1102 2451 hunc
1133 2398 1223 2453 lex
1250 2399 1399 2453 nulla
1434 2413 1615 2470 neque
1646 2399 1899 2455 doctrina
1947 2400 2054 2455 Do.

473 2486 605 2543 mini
635 2502 874 2557 unquam
900 2488 1156 2544 movebit.
1184 2490 1241 2545 Si
1278 2506 1410 2545 vero
1442 2492 1588 2560 quod
1627 2492 1794 2546 animi
1842 2492 2056 2546 ratione

476 2578 689 2640 prazdili
733 2594 948 2645 sumus,
990 2579 1245 2636 homines
1291 2582 1667 2645 nominamur;
1693 2583 1837 2651 quod
1862 2596 2059 2638 sensus

476 2670 767 2739 habemus,
797 2671 1077 2739 animalia;
1110 2682 1331 2741 propter
1360 2673 1582 2728 vivendi
1617 2675 1909 2741 rationem,
1934 2676 2057 2729 ani-

473 2766 678 2822 mantia
706 2783 720 2821 :
756 2766 847 2823 cui
876 2766 1179 2823 secundum
1203 2768 1401 2821 mentis
1429 2768 1698 2821 rationem
1746 2784 1810 2822 ac
1855 2783 2060 2838 praece-

473 2871 563 2928 pta
593 2858 779 2915 vivere
809 2875 919 2914 non
949 2860 1262 2929 contigerit,
1282 2874 1409 2915 eum
1445 2860 1666 2914 cuinam
1704 2859 1863 2916 classi
1886 2860 2059 2914 adnu-

476 2963 680 3004 merem
709 2964 938 3019 prorsus
964 2950 1172 3005 nescio.
1209 2948 1318 3005 Sed
1353 2949 1584 3019 incipiat
1609 2950 1695 3004 cui
1721 2965 1829 3004 non
1881 2950 2061 3020 impuo

2167 484 2433 554 ἐκεντήθη
2462 485 2562 556 τὴν
2590 484 2832 555 πλευράν
2851 499 2866 514 °
2898 482 2962 538 σὺ
2990 483 3047 537 δέ
3079 482 3253 545 τεθεὶς
3277 484 3334 536 ἐν
3361 483 3504 553 ξύλῳ
3542 500 3727 549 καρτε·

2168 575 2279 645 ρῶς
2310 575 2410 639 τὰς
2444 577 2733 646 κεντήσεις
2763 575 3095 646 ὑπέμεινας,
3143 573 3333 644 ὥσπερ
3367 574 3521 644 κριὲς
3547 575 3728 641 ἐπίση-

2171 682 2292 733 μος,
2338 664 2683 736 ἱερομύστα,
2742 664 3171 736 σφαγιζόμενος.
3218 684 3237 718 ι
3308 663 3456 733 Ἐγὼ
3507 664 3561 717 δὲ
3593 665 3730 732 πάρ.-

2165 756 2338 809 πολλα
2367 757 2548 827 λέγειν
2603 758 2743 828 ἔχων
2793 756 3017 811 τοιαῦτα
3066 758 3163 812 καὶ
3207 758 3378 827 μείζω
3408 757 3634 819 τούτων,
3672 759 3727 809 οὐ

2166 848 2429 919 βούλομαι
2468 853 2582 913 τοῖς
2610 850 2833 903 ἀκούειν
2888 853 3093 919 ἥκιστα
3159 849 3510 921 βουλομένοις
3562 849 3726 902 δοκεῖν

2165 939 2449 1010 ἐπαχθής⁸
2502 936 2587 1004 οἷς
2640 942 2749 1012 γὰρ
2801 942 2862 995 τὸ
2891 942 3100 1011 ἀρκοῦν
3139 942 3240 995 οὐκ
3296 942 3479 1010 ἀρκεῖ,
3528 940 3729 1001 τούτοις

2162 1030 2394 1101 ἀρκέσει
2424 1029 2535 1084 τῶν
2563 1031 2784 1086 πάντων
2816 1031 2995 1098 οὐδὲν,
3043 1031 3154 1084 οὔδ’
3206 1031 3272 1085 ἂν
3302 1032 3357 1083 εί
3404 1046 3488 1091 τις
3512 1030 3728 1098 νικήσας

2160 1123 2261 1189 τὴν
2292 1122 2644 1194 ἀνθρωπίνην
2683 1123 2847 1192 φύσιν
2876 1122 3152 1194 βροντώδη
3199 1123 3528 1191 φθέγγηται.
3562 1122 3726 1174 Ὅπου

2162 1215 2271 1284 γὰρ
2297 1216 2571 1272 τοσούτων
2612 1217 2752 1286 ὑπὲρ
2788 1218 2952 1271 αὖτοῦ
2989 1215 3243 1287 βοώντων
3283 1215 3374 1269 διά
3432 1214 3609 1284 πάσης
3636 1215 3727 1281 τῆς

2158 1309 2490 1379 οἰκουμένης
2521 1309 2625 1363 ἀνά
2680 1311 2787 1362 πᾶν
2839 1309 2962 1372 ἔτος
2991 1310 3087 1361 καὶ
3127 1308 3321 1379 χρόνου
3353 1305 3555 1368 παντὸς
3583 1305 3726 1374 περί-

2157 1399 2298 1461 οδον,
2330 1401 2425 1455 καὶ
2448 1398 2506 1451 ὃν
2528 1398 2726 1452 οὑτωσί
2750 1414 2868 1460 πως
2891 1396 3152 1466 ὑμνοῦσιν
3193 1394 3480 1463 ἄνθρωποι
3511 1392 3607 1463 μὲν
3627 1391 3730 1445 ἀπὸ

2157 1493 2262 1561 γῆς
2297 1490 2391 1543 καὶ
2430 1489 2708 1561 θαλάσσης
2740 1490 2837 1543 καὶ
2893 1489 3077 1558 πάσης
3126 1486 3267 1558 ἑῴας
3316 1486 3413 1538 καὶ
3478 1485 3726 1553 ἑσπερίου

2157 1581 2387 1653 λήξεως,
2423 1583 2517 1634 καὶ
2536 1576 2582 1650 ᾦ
2607 1583 2675 1634 τά
2703 1580 2794 1634 διὰ
2829 1579 3065 1649 Χριστὸν
3094 1580 3234 1649 ὑπὲρ
3264 1576 3557 1649 εὐσεϐείας
3589 1576 3730 1642 στίγ-

2163 1690 2308 1741 ματα
2342 1676 2402 1725 τὸ
2452 1671 2735 1741 Χερουϐὶμ
2768 1668 3019 1724 αἰδεσθέν
3078 1668 3173 1721 τοῦ
3227 1667 3391 1732 ξύλου
3418 1667 3731 1735 παραχωρεῖ

2159 1765 2259 1835 τῆς
2281 1763 2449 1835 ζωῆς,
2500 1764 2596 1816 καὶ
2624 1756 2670 1832 ᾧ
2703 1763 2772 1817 τά
2808 1762 2957 1817 νῶτα
2979 1761 3201 1816 δίδωσιν
3252 1759 3287 1830 ἠ
3324 1759 3554 1829 φλογίνη
3600 1759 3726 1828 ῥομ-

2160 1858 2315 1926 φαία.
2343 1855 2532 1909 τοῦτον
2552 1857 2651 1910 οὐκ
2675 1855 2876 1911 εἰδέναι
2902 1854 3070 1924 φησὶν
3101 1854 3127 1905 ό
3148 1852 3501 1919 ταλαίπωρος
3530 1849 3724 1911 οὑτοσὶ,

2157 1945 2242 2009 τίς
2293 1945 2361 1999 ἀν
2398 1946 2611 2011 γένοιτο
2671 1942 2892 2014 μηχανὴ
2929 1942 3029 2012 τῆς
3071 1941 3362 2011 ἀμηχάνου
3413 1941 3512 1997 καὶ
3531 1936 3727 2003 λιθίνης

2160 2036 2327 2093 αὐτοῦ
2361 2037 2689 2098 καθικέσθαι
2719 2034 2897 2107 ψυχῆς
2933 2035 3254 2104 δυναμένης
3302 2033 3465 2102 Ἐμοὶ
3497 2030 3596 2102 μὲν
3641 2028 3726 2089 οὖν

2160 2130 2331 2199 πολλή
2358 2147 2443 2193 τις
2472 2130 2567 2183 καί
2591 2129 2940 2199 ἀτέκμαρτος
2973 2126 3225 2181 ἐνταυθοῖ
3250 2123 3316 2197 [ί.
3352 2124 3455 2181 159
3477 2123 3553 2196 IL]
3578 2140 3724 2194 περι·-

2158 2220 2636 2292 κέχυταιάπορία,
2677 2222 2778 2292 οὐχ
2817 2220 3001 2274 ὅπλων
3035 2217 3449 2291 ἀντιῤῥητικῶν
3496 2215 3724 2284 ἀπουσίᾳ

2161 2313 2373 2383 (μυρία
2408 2312 2520 2382 γὰρ
2571 2313 2703 2383 ἡμῖν
2756 2312 3074 2382 ἀμυντήρια
3133 2310 3428 2381 πρόκειται
3487 2308 3585 2378 τὴν
3637 2305 3723 2357 τοῦ

2158 2406 2319 2473 λόγου
2371 2405 2674 2465 κατάλυσιν
2718 2402 3212 2475 ὑπισχνούμενα)’
3255 2401 3378 2455 ἀλλ’
3434 2398 3621 2469 ἐπειδὴ
3670 2399 3725 2451 τὸ

2159 2498 2365 2567 γνῶναι
2406 2499 2571 2567 νόμον
2619 2496 2831 2567 Κυρίου
2881 2495 3125 2559 διανοίας
3192 2494 3345 2547 ἐστὶν
3406 2493 3638 2562 ἀγαθῆς,
3686 2482 3727 2555 ᾧ

2160 2593 2382 2655 πάντως
2403 2591 2612 2646 διάνοια
2639 2594 2736 2658 μὶν
2764 2591 2971 2662 ἥκιστα
3001 2590 3298 2659 πρόσεστιν
3322 2587 3529 2658 ἀγαθὴ,
3550 2583 3726 2655 μακρὰ

2160 2684 2207 2736 δ’
2240 2684 2419 2755 ἀωρία
2458 2683 2570 2737 τῶν
2602 2681 2769 2737 αὑτοῦ
2806 2681 3090 2749 λογισμῶν
3144 2681 3529 2751 κατορχεῖται,
3549 2677 3725 2737 τούτου

2160 2771 2329 2845 νόμος
2359 2770 2537 2834 οὐδεὶς
2563 2770 2685 2823 οὐδέ
2719 2770 2942 2824 παιδεία
2973 2770 3181 2840 Κυρίου
3221 2766 3554 2821 καθικέσθαι
3578 2762 3728 2833 δυνή-

2164 2860 2317 2913 σεταί
2353 2876 2510 2916 ποτε.
2547 2859 2611 2913 Εί
2638 2858 2749 2930 γὰρ
2781 2860 2920 2913 κατὰ
2947 2859 3047 2928 μὲν
3075 2857 3174 2928 τὴν
3204 2856 3405 2926 νοεράν
3433 2854 3607 2925 ψυχὴν
3648 2850 3728 2902 λεο

2162 2953 2374 3023 γόμεθα
2406 2952 2707 3023 ἄνθρωποι,
2730 2951 2847 3017 ζῶα
2876 2952 2932 3004 δὲ
2969 2951 3110 3004 κατά
3131 2951 3228 3019 τὴν
3254 2947 3609 3016 αἰσθητικὴν,
3641 2944 3729 2995 καὶ

475 3040 711 3095 densest
736 3040 920 3111 lingua
966 3052 1181 3113 certare
1226 3041 1296 3097 de
1356 3041 1525 3101 rebus
1578 3052 1657 3101 sat
1711 3043 2055 3104 manifestis:

2167 3047 2305 3118 πρός
2344 3064 2409 3115 γε
2441 3047 2623 3112 ζῶντα
2683 3045 2829 3099 κατὰ
2865 3044 2966 3115 τὴν
3022 3043 3357 3114 θρεπτικὴν,
3416 3033 3461 3107 ᾧ
3492 3039 3565 3109 μὴ
3591 3035 3725 3131 κατὰ

473 3131 618 3200 qttod
678 3146 801 3202 ego,
832 3147 1143 3203 quanquam
1205 3133 1498 3189 molestum
1560 3134 1697 3193 mihi
1735 3134 1955 3193 videtur
2002 3144 2055 3190 et

2160 3141 2286 3203 τοὺς
2310 3140 2409 3210 τῆς
2444 3142 2637 3209 νοερᾶς
2666 3137 2847 3209 ψυχῆς
2895 3137 3129 3200 κανόνας
3188 3136 3284 3187 καὶ
3323 3134 3526 3203 νόμους
3554 3127 3723 3195 ἐξεγέ-

477 3223 633 3285 valde
657 3224 944 3296 indignum
976 3228 1095 3283 viro
1125 3229 1347 3299 procaci
1375 3239 1429 3282 et
1458 3228 1683 3284 vecordi
1712 3227 2052 3299 impugnare,

477 3326 658 3397 tamen
705 3333 813 3372 non
871 3333 1071 3374 vanum
1134 3321 1419 3384 existimo,
1471 3336 1649 3391 neque
1707 3331 1860 3377 extra
1919 3322 2056 3377 lines

470 3412 648 3483 iustos
682 3412 1064 3479 constitutum,
1099 3415 1197 3470 sed
1222 3417 1365 3473 intra
1397 3414 1535 3469 ﬁnes
1557 3415 1677 3485 ejus
1715 3416 1863 3489 quod
1892 3415 2056 3470 deco-

474 3517 596 3557 rum
622 3514 725 3558 est.

2159 3250 2280 3287 νετο
2317 3232 2439 3303 ζῇν,
2465 3228 2577 3299 ἐγὼ
2606 3229 2705 3300 μὲν
2732 3228 2834 3283 οὐκ
2855 3229 2920 3282 ἂν
2944 3228 3154 3297 εἴποιμι
3187 3225 3297 3278 τίνι
3328 3224 3517 3279 τοῦτον
3546 3221 3720 3290 κλήρῳ

2161 3321 2611 3393 προσνεμηθῆναι
2647 3319 2846 3390 χρεὼν,
2875 3319 3085 3386 λεγέτω
3117 3317 3162 3371 δ’
3196 3317 3349 3380 ὅστις
3397 3315 3459 3369 ού
3489 3315 3719 3384 ῥᾴθυμον

2156 3419 2272 3488 ἔχει
2303 3418 2555 3485 γλῶτταν
2585 3416 2999 3484 ἀποφαντικοὺς
3039 3415 3165 3484 περὶ
3193 3415 3302 3475 τῶν
3349 3413 3489 3465 πάνυ
3526 3408 3711 3479 προδὴο

2155 3511 2264 3570 λων
2290 3510 2672 3569 ἁποδισκεύειν
2694 3508 2908 3576 λόγους.
2937 3505 3094 3559 ’Ὡστ’
3123 3507 3174 3571 εί
3201 3507 3369 3576 κάμοὶ
3400 3502 3651 3575 φορτικόν
3674 3516 3720 3550 τι

472 3597 621 3653 δ›κεῖ
652 3603 746 3654 καὶ
772 3602 980 3673 σφόδρα
1010 3600 1231 3664 ἀνάξιον
1275 3599 1470 3669 θρασεῖ
1508 3601 1601 3653 καὶ
1661 3600 1854 3669 νωθρῷ
1914 3602 2009 3669 τὴν
2076 3602 2319 3665 διάνοιαν
2359 3604 2662 3672 ἀντιλέγειν
2700 3603 2877 3672 ἀνδρὶ,
2932 3601 3108 3666 οὐδὲν,
3162 3595 3345 3671 οἶμαι,
3398 3599 3582 3659 καινὸν
3621 3593 3721 3649 οὐδ’

474 3694 800 3747 ἐκστατικὸν
828 3694 921 3747 τοῦ
949 3694 1287 3764 καθήκοντος
1316 3691 1402 3760 εἴη
1438 3691 1524 3755 ἂν,
1550 3692 1683 3745 ἀλλὰ
1716 3696 1810 3746 καὶ
1843 3694 2046 3763 σφόδρα
2088 3697 2193 3747 τῶν
2221 3698 2612 3766 προσηκόντων
2634 3696 2776 3767 ὅρων
2814 3692 2985 3754 ἐντός.

547 3782 683 3838 VIII.
718 3786 988 3854 Grcgoras
1046 3794 1231 3840 autem
1280 3800 1402 3838 cum
1456 3784 1571 3838 haec
1613 3785 1843 3839 dixisset
1886 3794 1941 3839 et
1974 3787 2055 3841 sic

476 3878 803 3947 prolusisset
825 3878 1256 3950 quodammodo,
1286 3874 1486 3930 deinde
1520 3876 1711 3945 longas
1741 3878 1827 3931 his
1847 3878 2053 3933 oratio-

474 3986 576 4027 nes
608 3971 821 4029 addidit
850 3970 1266 4041 repreheudens
1298 3984 1435 4023 vana
1465 3977 1522 4023 et
1553 3967 1832 4025 incondita
1859 3969 2054 4026 adver—

474 4063 747 4131 sariorum
779 4064 1058 4135 dogmata.
1094 4061 1241 4117 Misit
1271 4071 1454 4118 autem
1480 4071 1803 4131 argumenta
1825 4078 2052 4133 prorsus

475 4155 814 4213 inviucibilia
851 4155 907 4209 in
937 4170 1164 4224 SCnpum
1191 4163 1453 4224 tanquam
1476 4154 1545 4208 ab
1579 4170 1709 4217 arcu
1741 4155 1883 4213 bene
1915 4170 2043 4209 cur—

482 4255 603 4300 vato
630 4258 686 4300 et
711 4244 915 4311 solido,
948 4259 1200 4314 pugnans
1225 4259 1326 4314 pro
1352 4244 1515 4316 390
1541 4245 1803 4303 Ecclesiae
1834 4255 2050 4303 sancto-

2235 3788 2315 3841 H'.
2362 3788 2422 3841 '0
2457 3790 2555 3857 μὲν
2599 3782 2694 3840 οὖν
2736 3786 3025 3856 Γρηγορᾶς
3060 3782 3284 3845 τοιαῦτα
3317 3780 3492 3837 εἰπὼν
3522 3781 3612 3833 καὶ
3639 3779 3721 3831 οὗ⁴

2160 3882 2296 3935 τωσὶ
2328 3880 2855 3952 προοιμιασάμενος,
2887 3878 3079 3939 ἔπειτα
3110 3880 3361 3948 μακροὺς
3400 3878 3493 3931 ἐπὶ
3523 3875 3722 3935 τούτοις

2156 3972 2402 4042 διεξῆλθε
2447 3972 2663 4041 λόγους,
2712 3971 2952 4042 ἐλέγχων
3005 3971 3107 4040 μὲν
3152 3970 3225 4024 τά
3275 3968 3604 4040 φρυγανώδη
3637 3965 3722 4019 καὶ

2161 4067 2258 4121 νέα
2281 4066 2391 4119 τῶν
2421 4065 2715 4120 ἀντιθέτων
2741 4065 3011 4134 δόγματα,
3036 4062 3132 4118 καὶ
3156 4065 3278 4125 ταῖς
3306 4061 3718 4133 ἀναμφιλέκτοις

2159 4157 2468 4221 ἀποδείξεσι
2520 4156 2730 4227 βάλλων
2778 4157 2921 4212 κατά
2977 4158 3180 4210 σκοπὸν
3214 4154 3290 4219 ὡς
3315 4154 3424 4209 ἀπὸ
3466 4150 3720 4210 εὐκύκλου

2156 4249 2314 4313 τόξου
2346 4248 2445 4303 καὶ
2491 4246 3117 4321 στεῤῥοῦ,-ὑπερμαχῶν
3155 4247 3213 4311 δὲ
3264 4246 3376 4309 ’ὥν
3428 4245 3586 4299 θείων
3631 4241 3722 4311 τῆς

476 4354 596 4392 rum
640 4338 883 4393 virorum
914 4338 1190 4408 dogmatis
1215 4347 1269 4392 et
1294 4354 1395 4409 pro
1421 4338 1629 4393 sanctis
1658 4338 1916 4399 Patribus
1945 4339 2041 4405 qui

2168 4339 2499 4408 Ἐκκλησίας
2553 4339 2869 4408 δογμάτων,
2902 4341 2999 4393 καὶ
3040 4338 3153 4391 ὅσοι
3194 4338 3358 4401 ταυτὶ
3392 4335 3574 4397 καλῶς
3608 4349 3723 4386 συν·

473 4447 538 4483 va
592 4442 1022 4502 composuerant
1071 4442 1127 4486 et
1172 4433 1224 4486 in
1285 4432 1480 4502 primis
1530 4448 1631 4500 pro
1687 4442 1881 4485 sancto
1926 4432 2047 4484 viro

476 4526 793 4589 Theodoro,
835 4525 1026 4594 Grapti
1080 4526 1324 4592 nomine,
1377 4524 1431 4578 in
1480 4539 1643 4593 quem
1696 4523 1863 4577 homo
1927 4539 2053 4593 pro-

479 4631 668 4671 tervus
690 4618 816 4673 .ille-
850 4628 908 4672 et
936 4618 1205 4680 doctrinae
1277 4617 1459 4681 omnis
1495 4616 1734 4670 violator
1784 4617 2052 4672 smvierat.

478 4710 585 4764 Sed
636 4725 761 4765 cum
815 4710 869 4764 in
926 4711 1086 4782 pejus
1118 4710 1262 4764 verti
1300 4708 1750 4777 blasphemorum
1789 4724 2053 4779 arrogan-

481 4805 610 4857 tiam
656 4812 714 4857 et
763 4812 1005 4858 mentem
1060 4803 1279 4856 illorum
1319 4812 1373 4855 et
1420 4800 1766 4859 furibundam
1812 4802 2052 4875 linguam

477 4910 698 4949 onmem
751 4896 1141 4952 verecundiam
1180 4894 1456 4962 deponere
1503 4893 1754 4959 videret,
1805 4898 2051 4951 surrexit

481 4972 708 5057 repente
732 4998 789 5044 et
820 4988 979 5043 abiit.
1048 4986 1237 5041 Maluit
1292 4985 1441 5040 enim
1492 4986 1616 5043 loco
1654 4986 1848 5042 cedere
1889 5005 2052 5058 quam

477 5078 672 5134 audire
705 5095 827 5149 qua:
860 5079 1035 5146 magis
1069 5078 1238 5130 etiam
1277 5076 1591 5144 insolentia,
1618 5088 1674 5132 et
1708 5079 1814 5148 pati
1846 5080 2053 5151 aliquid

477 5172 548 5227 ab
602 5171 672 5225 iis
720 5170 1048 5239 improviso,
1088 5167 1301 5224 retibus
1341 5167 1592 5226 irretitus
1645 5170 1817 5227 instar
1870 5173 2052 5227 avium

454 5265 790 5320 .¢:celestiutn
846 5277 968 5330 qua:
1005 5260 1274 5315 libertatis
1328 5260 1383 5314 in
1419 5276 1547 5316 aere
1577 5272 1630 5317 ct
1660 5280 1691 5317 a
1718 5274 1915 5327 natura
1947 5264 2069 5353 sibi!

481 5361 623 5410 datae
658 5353 846 5409 oblitae
884 5351 937 5402 in
975 5350 1110 5404 retia
1141 5361 1309 5406 ruunt
1339 5353 1661 5409 voluntariae
1690 5362 1745 5408 et
1779 5353 1890 5408 huc
1923 5354 2056 5410 illuc

484 5462 692 5501 temere
723 5443 1019 5499 volitantes
1046 5443 1369 5513 semetipsa:
1397 5445 1654 5502 irrctiunt
1684 5462 1842 5503 caecae
1872 5447 2056 5516 prius-

486 5554 652 5609 quam
688 5534 970 5591 senserint
1006 5544 1064 5588 et
1092 5537 1581 5595 animadverterint
1612 5549 1667 5595 ct
1707 5540 2058 5606 observarint

487 5650 611 5702 quae
644 5632 781 5700 ipsis
810 5629 1161 5684 imminerent
1195 5634 1461 5702 pericula.

2157 4431 2345 4485 έθεντο
2398 4432 2535 4485 θεῖοι
2592 4431 2859 4500 Πατέρες,
2910 4446 3008 4484 και
3064 4427 3301 4501 μάλιστα
3358 4428 3577 4491 πάντων
3632 4420 3718 4477 τοῦ
3785 4468 3795 4483 ,

2157 4523 2303 4576 θείου
2339 4524 2552 4578 ἐκείνου
2582 4522 2799 4594 ἀνδρὸς,
2830 4522 3109 4591 Θεοδώρου
3142 4522 3289 4592 φημὶ
3315 4520 3411 4583 τοῦ
3452 4513 3718 4590 Γραπτοῦ,

2155 4618 2236 4679 εἰς
2257 4616 2316 4668 ὃν
2345 4616 2373 4669 ὁ
2402 4616 2611 4685 θρασὺς
2641 4617 2851 4678 ἐκεῖνος
2878 4615 2974 4667 καὶ⁵
3010 4614 3200 4687 πόρρω
3230 4614 3482 4676 παιδείας
3516 4609 3721 4676 ἀπάσης

2158 4707 2390 4779 βαδίζων
2423 4708 2705 4778 ἐξύϐρισεν
2734 4707 3045 4778 ἄνθρωπος.
3090 4706 3245 4760 Ἐπεὶ
3275 4705 3319 4760 δ’
3348 4706 3440 4759 ἐπὶ
3469 4705 3528 4758 τὸ
3549 4704 3720 4774 χεῖρον

2157 4803 2489 4871 ἐκραγεῖσαν
2540 4801 2640 4870 ἤδη
2690 4800 2791 4871 τὴν
2833 4801 2932 4870 τῆς
2985 4800 3340 4870 βλασφημίας
3393 4795 3531 4851 εἴδεν
3565 4796 3721 4864 ὕπερ-

2157 4893 2341 4963 ὄολὴν,
2383 4893 2477 4946 καὶ⁵
2518 4893 2635 4962 ἅμα
2667 4891 2841 4963 θυμοῦ
2892 4893 2988 4945 καὶ
3036 4889 3337 4960 μανιώδους
3377 4889 3620 4960 γλώττης
3660 4883 3717 4945 ρῦ

2160 4988 2349 5057 πὸρῤω
2377 4986 2437 5040 τὸ
2470 4982 2600 5058 ἦθος
2629 4984 2875 5050 ἐκείνων,
2904 4985 3105 5055 ἀνέστη
3134 5002 3191 5037 τε
3225 4984 3389 5047 εὐθὺς
3417 4983 3510 5037 καὶ
3539 4978 3715 5051 ἀπῄει,

2159 5081 2374 5150 χαίρειν
2412 5080 2629 5149 φράσας
2673 5079 2862 5140 αὐτοῖς
2909 5078 3040 5148 πρὶν
3068 5079 3163 5130 καὶ
3190 5072 3641 5147 παραδολώτερόν
3665 5084 3715 5121 τι

2159 5173 2396 5235 ἀκοῦσαι
2427 5172 2525 5226 καὶ
2558 5173 2753 5226 παθεῖν
2778 5170 2885 5224 ὑπὸ
2916 5170 3069 5238 σφῶν
3108 5169 3260 5239 παρά
3292 5165 3619 5241 προσδοκίαν
3646 5159 3718 5221 ὡς

2159 5269 2215 5318 ἐν
2240 5265 2442 5335 δικτύῳ
2475 5265 2638 5334 μόνος
2670 5264 3098 5332 περικλεισθείς,
3132 5265 3243 5324 τοῖς
3267 5260 3525 5332 αἰθερίοις
3554 5271 3716 5323 παρα-

2159 5356 2405 5424 πλησὶως
2436 5357 2680 5425 πτηνοῖς,
2711 5355 2760 5408 οἳ
2788 5356 2886 5423 τὴν
2916 5355 3158 5424 αἰθέριον
3202 5355 3419 5422 ἐκείνην
3450 5350 3541 5405 καὶ
3569 5362 3715 5415 φυσι-

2161 5451 2257 5517 κῆν
2288 5448 2608 5517 ἐλευθερίαν
2657 5447 2922 5515 ἀφέμενοι
2964 5446 3100 5513 πρὸς
3131 5446 3322 5498 δίκτυα
3358 5443 3453 5495 καὶ
3499 5438 3714 5509 βρόχους

2159 5539 2549 5608 αὐτομολοῦσιν
2605 5539 2905 5599 ἐθελονταὶ,
2970 5537 3165 5606 σχεδίῳ
3217 5538 3311 5589 καὶ
3368 5525 3714 5603 φαντασιώδεὶ

2164 5634 2340 5701 πλάνῃ
2390 5632 2616 5696 ἑαυτοὺς
2667 5632 3086 5703 ἐπιρρίπτοντες
3142 5628 3209 5682 δι’
3263 5628 3558 5695 ἁπλότητα,
3593 5614 3711 5687 πρὶν

489 5691 777 5789 αἰσθέσθαι
803 5736 862 5777 τε
896 5720 990 5775 καὶ
1018 5691 1335 5795 σκέψασθαι,
1368 5728 1463 5782 καὶ
1500 5728 1627 5798 πρὶν
1661 5726 1851 5796 μαθεῖν
1880 5727 1912 5781 ἂ
1937 5691 2043 5799 χρη
2088 5726 2294 5780 παθεῖν.
