4034 6468
405 328 514 392 345

1325 335 1773 396 ΒΥΖΑΝῚῚΝᾸΞ
1815 339 2203 398 ΙΙΙΞῚῸΙΗΕ
2238 339 2388 400 LIB.
2424 340 2672 402 XXXII.

3564 339 3672 403 346

474 441 555 496 8'.
600 441 788 507 Ἐξιών
818 458 880 511 γε
917 443 1024 515 μὴν
1055 443 1270 499 ἐκεῖθεν
1304 449 1635 518 ἐνετύγχανε
1686 457 1837 522 παρὰ
1880 454 1973 522 τήν

2155 453 2248 508 IX.
2276 455 2466 525 Itaque
2499 470 2626 511 enm
2676 454 2926 522 abiisset,
2964 453 3082 525 ipsa
3108 456 3160 510 in
3191 457 3276 511 via
3310 454 3511 525 passim
3543 456 3665 509 sin-

403 532 520 588 ὁδδν
573 534 850 606 σποράδην
901 535 1080 590 ἄλλοτ’
1139 538 1323 602 ἀλλοις
1372 541 1476 610 τῆς
1517 542 1851 612 Παλαμικῆς
1886 562 1992 612 φα·-

402 626 582 696 τρίας,
619 627 713 678 ἐπὶ
756 627 816 679 τὸ
844 627 938 680 τοῦ
982 630 1449 701 Καντακουζηνοῦ
1498 633 1777 701 βαδίζουσι
1824 654 1991 706 φρον-

403 719 709 788 τιστήριον,
736 718 829 772 ὑπ’
864 722 1077 776 ἐκείνου
1127 724 1235 795 πρὸ
1279 726 1390 778 τῶν
1422 727 1668 780 ἐωοινῶν
1709 728 1892 782 αὐτῶν
1920 731 1989 783 δι’

405 811 720 864 ἀποστόλων
780 815 1029 883 κρυφίως
1097 817 1348 886 κληθεῖσι
1421 819 1561 888 πρὸς
1641 819 1989 885 διαλεκτικὴν

409 904 628 959 σύνοδον
685 907 853 962 πάλαι
906 910 1301 980 μελετηθείσαν
1352 913 1494 967 κατά
1554 914 1650 967 τοῦ
1704 916 1984 988 Γρηγορᾶ,

408 998 745 1065 ἐπαγγελίας
803 1004 1193 1073 προειληφόσιν
1242 1007 1452 1061 ἐκεῖθεν
1502 1010 1641 1080 παρ’
1692 1010 1844 1078 αὐτῷ
1886 1014 1987 1080 τὴν

407 1089 624 1158 ἡμέραν
680 1091 899 1162 ἐκείνην
957 1095 1291 1150 διατελέσεῑν
1340 1097 1583 1153 ἅπασαν.
1639 1100 1987 1169 Ἐθαύμαξον

406 1173 500 1231 οὖν
528 1181 726 1233 ἐκεῖνοι
761 1183 914 1252 παρὰ
948 1186 1280 1255 προσδοκίαν
1315 1189 1481 1242 αὑτὸν
1533 1191 1764 1245 ἀπιόντα
1815 1194 1988 1262 ὁρῶν-

405 1282 497 1327 τες
526 1266 732 1336 ἀρτίως
768 1272 861 1322 τὸν
898 1271 1208 1342 Γρηγορᾶν,
1242 1276 1336 1328 τοῦ
1388 1276 1542 1348 ήλίου
1592 1279 1689 1341 τάς
1740 1282 1986 1350 πρωινάς

407 1359 664 1422 ἀνύοντος
702 1360 785 1414 ἔτι
818 1364 1072 1431 πορείας.
1103 1366 1214 1419 Καὶ
1249 1369 1432 1422 τοίνυν
1460 1369 1593 1424 ἔνιοι
1643 1372 1851 1425 τούτων
1880 1390 1983 1425 κα-

405 1451 562 1504 τόπιν
595 1453 901 1523 δραμόντες
943 1455 1176 1524 ἠρώτων
1210 1460 1308 1530 τῆς
1356 1460 1501 1515 οὕτω
1527 1463 1754 1532 ταχείας
1790 1465 1987 1517 ἐπανό-

404 1541 497 1595 δου
527 1543 624 1614 τὴν
658 1545 857 1601 αἰτίαν.
901 1547 1237 1619 Ἀρξαμένου
1288 1552 1336 1605 δ’
1366 1553 1573 1607 ἐκείνου
1621 1554 1747 1608 καθ’
1776 1556 1984 1609 ἕκαστα

404 1634 731 1703 διηγεῖσθαι,
768 1637 908 1709 ἔρως
953 1641 1216 1710 κατέσχεν
1267 1645 1467 1708 αὐτοὺς
1512 1645 1742 1699 ἕπεσθαί
1785 1665 1846 1699 τε
1886 1648 1984 1701 καὶ

403 1726 707 1795 ἀντιλέγειν
730 1730 829 1783 ὅσα
855 1733 1056 1787 εἰδέναι
1085 1735 1268 1801 σφίσιν
1291 1736 1451 1809 ἐπῄει
1476 1738 1543 1807 τῇ
1573 1737 1851 1808 κοινότητι
1880 1738 1981 1807 τῆς

404 1817 641 1889 φατρίας
661 1820 901 1890 ὁμόλογα
926 1826 1019 1877 καί
1047 1826 1361 1897 ὁμόστοιχα.
1415 1829 1572 1882 Ἐπεὶ
1604 1829 1664 1883 δὲ
1698 1829 1790 1883 καὶ
1829 1829 1981 1898 παρά

399 1913 500 1977 τήν
546 1913 724 1966 οὶκίαν
780 1915 881 1985 ήδη
950 1916 1030 1987 τῷ
1095 1917 1351 1989 Γρηγορᾷ
1404 1921 1866 1991 συνεληλύθεσαν,
1902 1922 1979 1974 τὸ

403 2004 627 2075 συνεχὲς
675 2006 894 2075 ἐκείνης
925 2008 1026 2079 τῆς
1069 2007 1363 2077 διαλέξεως
1413 2011 1732 2085 πλατυτέρα
1760 2012 1978 2086 γλώττῃ

399 2095 640 2167 διήνυον,
671 2101 766 2155 καὶ
794 2100 894 2169 τὴν
927 2102 1082 2154 νόσον
1104 2101 1205 2172 τῆς
1235 2101 1552 2166 δυσσεϐείας
1574 2104 1654 2165 είς
1693 2102 1978 2173 προῦπτον

402 2185 617 2255 ἐξῆγον.
655 2191 766 2243 Καὶ
818 2185 887 2261 ἦν
931 2190 1060 2245 ίδεῖν
1100 2191 1200 2261 τῆς
1250 2192 1411 2246 νόσου
1476 2192 1865 2263 χαλεπώτερον
1916 2192 1980 2246 τδ

404 2282 581 2334 νοσεῖν
608 2281 882 2352 ἐφίεσθαι.
922 2285 993 2337 Ἀ
1033 2284 1142 2355 γὰρ
1172 2284 1394 2355 ᾔδεσαν,
1432 2286 1494 2339 ού
1535 2285 1720 2348 καλῶς
1752 2285 1977 2357 ᾔδεσαν,

403 2372 499 2425 καὶ
549 2372 585 2427 ἀ
636 2373 971 2446 προύφερον,
999 2377 1151 2445 ἀπῆν
1206 2377 1391 2432 αὐτῶν
1454 2379 1486 2447 ή
1553 2377 1654 2430 σὺν
1705 2377 1977 2447 εὐκοσμίᾳ

401 2461 651 2530 πρόοδος.
689 2463 812 2515 Τῶν
865 2464 974 2534 γάρ
1025 2465 1248 2534 βιϐλίων
1297 2469 1675 2536 ἀνοιγομένων
1729 2466 1894 2530 εὐθὺς
1940 2464 1993 2539 at

403 2552 573 2606 πάλαι
603 2554 717 2617 τοῖς
748 2554 917 2619 θείοις
943 2558 1219 2627 Πατράσιν
1252 2559 1582 2626 ἐκτέθειται,
1612 2557 1976 2630 ἠναγκασμέ-

401 2662 501 2717 νης
532 2645 727 2717 τέχνης
753 2646 959 2702 δεῖσθαι
994 2647 1093 2718 τὴν
1121 2648 1383 2718 ἀλήθειαν
1425 2651 1523 2705 οὐκ
1550 2649 1629 2705 ἔτι
1659 2654 1785 2723 ἐνῆν
1812 2669 1829 2685 ο
1873 2654 1978 2708 αύ-

399 2739 639 2807 τόματος
687 2738 799 2809 γὰρ
846 2740 911 2792 ἐκ
956 2738 1053 2792 τοῦ
1085 2740 1284 2810 ῥᾴστου
1337 2741 1475 2810 πρὸς
1533 2742 1646 2811 φῶς
1673 2743 1920 2809 ἐϐάδιζεν
1949 2745 1980 2797 ό

402 2828 496 2882 τοῦ
530 2828 758 2899 ψεύδους
801 2830 1042 2901 ἐλεγχος.
1071 2829 1167 2896 Οἷς
1212 2832 1307 2885 οῦν
1351 2833 1657 2902 ἀνέλεγκτα
1685 2834 1978 2903 ψεύδεσθαι

402 2922 639 2991 ἣδιστον,
695 2922 909 2985 τούτοις
947 2920 1010 2989 [ι.
1070 2923 1173 2977 160
1210 2921 1281 2994 r.]
1338 2924 1586 2994 ἀψευδῶς
1653 2925 1977 2999 ἐλέγχεσθαι

403 3012 648 3082 ἕχθιστόν
707 3031 764 3066 τε
831 3014 922 3066 καὶ
990 3014 1281 3082 Ὀλύμπων
1335 3017 1592 3072 ἁπάντων
1649 3018 1974 3089 βαρύτερον.

403 3104 939 3175 Δυσανασχετοῦντες
976 3104 1144 3161 ἐϐόων
1201 3108 1561 3179 παγγλωσσίᾳ
1606 3109 1839 3177 κόρακες
1893 3107 1968 3170 ὣς

403 3199 544 3251 κατὰ
581 3197 860 3268 Πίνδαρον,
886 3197 970 3251 ἵνα
1013 3199 1089 3270 μὴ
1127 3199 1272 3268 λέγω
1302 3201 1461 3268 δίκην
1487 3200 1714 3254 κολοιῶν
1739 3202 1977 3267 ἀσήμοις

402 3289 670 3357 κραυγαῖς
705 3285 1098 3351 παταγούντων
1125 3288 1222 3341 καὶ
1254 3286 1534 3358 ὁμιχλώδη
1562 3288 1685 3341 τινὰ
1715 3289 1808 3341 τὸν
1830 3288 1972 3358 ἀέρα

400 3382 464 3450 τῇ
493 3382 630 3450 ἀκοῇ
666 3382 761 3432 καὶ
796 3380 941 3433 πάνυ
965 3396 1018 3431 τι
1046 3380 1279 3450 δύσηχον
1312 3380 1874 3452 παρασκευαζόντων.
1906 3383 1974 3433 Ἀ

399 3476 579 3527 πάντα
602 3473 727 3543 ,κατ’
756 3471 996 3541 ἐμαυτὸν
1021 3473 1346 3526 ἀνακυκλῶν
1379 3475 1476 3527 καὶ
1512 3474 1812 3528 ἀνελίττων
1838 3472 1972 3541 ἐγὼ,

398 3566 496 3617 καὶ
518 3563 816 3617 διευθύνειν
849 3565 943 3616 καὶ
971 3565 1270 3636 ἀναφέρειν
1293 3565 1498 3619 ἐθέλων
1531 3566 1611 3630 είς
1653 3565 1745 3618 τὸν
1774 3567 1973 3637 εἱρμὸν

2092 547 2251 614 gnlos
2287 547 2436 601 viros
2463 547 2693 603 offendit
2723 563 2752 603 e
2782 548 2987 602 familia
3021 547 3437 620 Palamitarum,
3467 548 3561 615 qui
3595 546 3663 599 ad

2089 637 2456 693 Cantacuzeni
2509 639 2905 694 monasterium
2955 639 3278 710 pergebant,
3315 638 3385 693 ab
3426 638 3520 692 illo
3561 638 3669 704 jam

2091 739 2218 784 ante
2276 729 2512 799 primam
2569 729 2748 785 lucem
2801 746 2899 799 per
2939 745 3223 800 praecones
3252 729 3391 784 clam
3424 728 3671 782 advocati

2088 821 2155 875 ad
2209 821 2484 893 synodum
2548 821 2894 877 dialecticam
2928 838 3051 892 quae
3093 824 3202 893 jam
3253 822 3427 877 multo
3454 830 3582 874 ante
3619 819 3673 872 in

2088 910 2387 981 Gregoram
2420 912 2645 968 decreta
2675 922 2815 968 erat.
2874 913 2940 968 Hi
2967 915 3106 984 jussi
3133 923 3291 969 erant
3321 921 3494 967 totum
3526 912 3669 966 diem

2089 1003 2242 1057 illum
2300 1003 2356 1058 in
2411 1004 2545 1059 cella
2607 1020 2855 1060 manere.
2909 1006 3095 1071 Quare
3152 1012 3489 1075 stupuerunt
3543 1018 3669 1058 cum

2089 1104 2292 1162 praeter
2329 1095 2647 1164 opinionem
2683 1098 2835 1153 abire
2882 1098 3139 1153 viderent
3169 1098 3474 1168 Gregoram
3537 1105 3675 1150 lem-
3728 1134 3732 1139 ρ

2088 1202 2222 1255 pore
2253 1202 2366 1255 quo
2418 1187 2498 1241 sol
2540 1185 2699 1257 391
2735 1190 2943 1256 primas
2995 1190 3149 1244 luces
3195 1188 3491 1258 pandebat.
3550 1188 3671 1242 Jam

2088 1277 2342 1331 nonnulli
2391 1278 2611 1332 obviam
2653 1280 2704 1333 ei
2741 1279 3108 1349 procedentes
3140 1280 3409 1350 rogabant
3438 1295 3538 1334 cur
3563 1288 3670 1333 tam

2086 1377 2312 1437 repente
2341 1367 2592 1424 abiisset.
2649 1369 2749 1425 Hic
2771 1370 2944 1439 igitur
2963 1386 3090 1426 cum
3121 1372 3384 1440 empisset
3412 1385 3673 1425 enarrare

2085 1457 2324 1527 singula,
2354 1458 2699 1514 desiderium
2749 1474 2849 1516 eos
2905 1460 3110 1516 invasit
3153 1462 3370 1532 longius
3400 1460 3671 1530 sequendi

2082 1564 2208 1602 eum
2253 1557 2310 1602 et
2339 1550 2655 1619 opponendi
2688 1566 3035 1622 quaecunque
3068 1553 3344 1607 sociormn
3380 1551 3672 1605 sententiis

2083 1640 2472 1695 convenientia
2502 1650 2557 1694 et
2580 1642 2894 1696 communia
2921 1642 3199 1711 sciebant;
3232 1654 3288 1698 et
3317 1658 3441 1698 cum
3471 1652 3671 1712 praeter

2083 1732 2310 1785 domum
2341 1731 2452 1802 jam
2485 1732 2734 1787 comitati
2780 1744 2964 1789 essent
2995 1733 3320 1804 Gregoram,
3353 1748 3667 1788 sermonem

2083 1823 2204 1894 ejus
2231 1838 2395 1892 supra
2429 1831 2656 1877 modum
2692 1824 2981 1878 mutabant
3025 1835 3081 1880 et
3118 1825 3418 1895 impietatis
3455 1835 3665 1893 pestem

2081 1914 2161 1968 sic
2182 1914 2355 1975 palam
2383 1913 2759 1984 proferebant,
2792 1915 2962 1969 etiam
2988 1915 3136 1985 quod
3160 1924 3312 1985 peste
3345 1916 3501 1985 pejus
3531 1929 3666 1967 con-

2082 2006 2337 2075 spicuum
2365 2014 2488 2060 erat
2520 2006 2572 2060 in
2601 2017 2813 2077 pestem
2853 2007 3025 2078 arripi
3070 2007 3314 2063 libenter
3342 2023 3464 2063 sese
3492 2005 3669 2076 patie-

2081 2096 2305 2150 bantur.
2337 2098 2470 2162 ροσε
2490 2108 2676 2153 autem
2700 2099 2951 2154 sciebant
2979 2115 3091 2154 non
3125 2100 3268 2155 bene
3286 2097 3534 2153 sciebant
3559 2115 3575 2163 ;
3606 2109 3668 2151 et

2080 2202 2201 2256 quae
2232 2188 2543 2243 aﬂ‘erebant
2567 2188 2637 2244 ab
2660 2191 2809 2244 omni
2836 2190 3035 2245 decore
3061 2190 3238 2245 aliena
3273 2200 3450 2245 erant.
3476 2189 3666 2258 Neque

2082 2277 2497 2348 Scripturarum
2528 2294 2653 2349 qua;
2678 2279 2811 2334 olim
2843 2295 2872 2334 a
2899 2281 3107 2335 sanctis
3135 2280 3393 2335 Patribus
3418 2280 3666 2350 exposita

2081 2378 2213 2425 sunt
2240 2370 2448 2425 veritas
2478 2370 2804 2427 defensione
2833 2387 2941 2427 non
2976 2373 3213 2442 amplius
3244 2372 3481 2442 egebat;
3538 2386 3664 2425 nam

2079 2471 2279 2534 sponte
2326 2463 2588 2519 facillime
2638 2465 2695 2518 in
2746 2464 2927 2521 lucem
2966 2466 3173 2535 prodiit
3218 2465 3430 2520 fraudis
3467 2479 3667 2534 oppro-

2081 2555 2288 2611 brium.
2349 2555 2564 2624 Quibus
2596 2557 2884 2613 verissima
2939 2558 2995 2612 in
3044 2557 3291 2613 fraudem
3328 2565 3549 2613 vertere
3575 2558 3668 2629 ju-

2078 2649 2499 2713 cundissimum,
2534 2648 2609 2703 iis
2642 2648 2970 2718 simpliciter
3008 2649 3336 2718 reprehendi
3371 2648 3664 2704 odiosissi-

2078 2755 2228 2796 mum
2261 2748 2318 2794 et
2355 2738 2618 2794 omnibus
2645 2739 2891 2810 Olympis
2923 2738 3209 2793 molestius
3237 2747 3341 2791 est.
3405 2736 3470 2790 lli
3499 2736 3665 2806 igitt‘tr

2078 2830 2320 2885 subirati
2352 2829 2670 2884 clamabant
2719 2839 2781 2884 ut
2809 2828 3033 2884 Pindari
3073 2829 3222 2882 corvi
3260 2829 3661 2897 multilingues,

2077 2937 2147 2978 ne
2184 2922 2363 2976 dicam
2396 2931 2456 2975 ut
2501 2921 2712 2992 graculi
2743 2922 2835 2991 qui
2876 2920 3120 2976 dissonis
3150 2918 3485 2974 clamoribus
3512 2929 3657 2973 stre-

2078 3016 2253 3084 pitum
2308 3012 2482 3069 edunt
2529 3025 2587 3068 et
2627 3027 2791 3068 aures
2838 3012 3198 3068 vehementer
3254 3012 3656 3084 perstringunt.

2078 3106 2258 3174 Quare
2291 3104 2337 3161 si
2360 3113 2559 3160 cuneta
2590 3104 2780 3160 animo
2803 3104 3054 3159 volutare
3087 3112 3143 3158 et
3173 3103 3452 3174 explicare
3481 3112 3541 3158 et
3568 3118 3660 3156 or-

2083 3201 2276 3254 dinare
2310 3207 2365 3252 et
2395 3196 2605 3252 referre
2636 3196 2764 3250 volo
2795 3194 2861 3250 ad
2891 3194 3143 3250 ordinem
3203 3201 3255 3249 et
3291 3193 3658 3264 comprehen-

2084 3293 2215 3347 dere
2243 3293 2296 3344 in
2327 3305 2499 3345 unum
2541 3303 2862 3346 sermonum
2911 3287 3242 3342 deverticula
3290 3295 3349 3342 et
3395 3286 3658 3342 ﬂexiones

2078 3384 2203 3438 illas
2260 3396 2320 3437 et
2378 3380 2680 3437 tentamina
2731 3379 3259 3447 observationesque
3317 3378 3383 3432 ad
3436 3375 3651 3448 singula

2076 3473 2363 3527 institutas
2391 3478 2449 3527 et
2471 3487 2594 3541 qua:
2624 3472 2680 3524 in
2702 3469 3208 3525 concertationibus
3240 3469 3294 3524 in
3320 3467 3655 3523 contrariam

2077 3573 2297 3634 partem
2343 3561 2534 3617 alierri
2587 3562 2767 3618 solent
2816 3570 2872 3615 et
2917 3561 3141 3631 exponi.
3194 3559 3246 3614 id
3301 3559 3466 3630 392
3518 3558 3654 3613 mihi

398 3658 606 3716 ἐκεῖνον
662 3657 757 3711 καὶ
814 3655 1107 3711 συνάπτειν
1168 3658 1245 3719 είς
1296 3656 1355 3709 ἐν
1409 3659 1509 3721 τὰς
1555 3657 1832 3729 ἐκδρομὰς
1880 3657 1973 3709 καὶ

2079 3657 2248 3711 nimis
2278 3654 2500 3710 difficile
2531 3653 2591 3708 fit
2616 3663 2673 3711 et
2701 3653 2907 3723 recipio
2936 3666 3021 3707 me
3050 3652 3107 3707 in
3134 3651 3341 3706 silentii
3395 3651 3572 3705 otium
3599 3657 3656 3704 et

397 3746 737 3817 ἀναστροφὰς
760 3749 979 3813 ἐκείνας
1009 3749 1107 3807 καὶ
1136 3748 1435 3820 ἀναλήψεις
1463 3749 1572 3802 τῶν
1603 3748 1726 3801 καθ’
1762 3748 1973 3802 ἕκαστα

2081 3750 2561 3820 tranquillitatem.

394 3839 840 3913 ἐπιχειρημάτων
901 3860 963 3899 τε
1018 3844 1113 3899 καὶ
1183 3842 1480 3913 ἐργασιῶν,
1515 3843 1609 3895 καί⁵
1653 3843 1942 3897 ὅσαι.κατ’
2014 3842 2267 3897 ἔνστασιν
2304 3844 2586 3913 ύποφοραὶ
2631 3843 2725 3896 καὶ
2778 3841 3160 3912 ἀνθυποφοραὶ
3215 3843 3310 3896 καὶ
3357 3841 3543 3904 λύσεις
3593 3839 3654 3905 ἐξ

394 3934 639 4005 ἀνάγκης
684 3936 910 3990 ἕπονται
950 3936 1208 4003 τουτοισὶ,
1276 3934 1400 3989 λίαν
1449 3935 1688 4007 ἐργῶδες
1736 3935 1846 4005 ὁρῶ
1899 3937 1995 3989 καὶ
2028 3936 2299 4009 ἀναχωρῶ
2328 3940 2464 4007 πρὸς
2533 3937 2874 4006 ἐμαυτὸνηὸ
2902 3937 3000 4006 τῆς
3029 3936 3244 4005 σιωπῆς
3274 3934 3652 4002 ἀσπαζόμενος

394 4028 686 4101 ἄπραγμόν
721 4048 781 4084 τε
814 4031 909 4083 καὶ
940 4030 1322 4099 ἀνεπίφθονον.

466 4130 525 4184 l'.
573 4131 664 4200 Μή
725 4146 820 4200 μοι
876 4127 1107 4182 τοιαῦτα
1151 4125 1276 4195 λέγε
1332 4126 1428 4179 καὶ
1476 4126 1757 4197 πρότεινε,
1795 4126 1968 4195 φίλων

2142 4123 2211 4181 Χ.
2240 4124 2362 4181 Noli
2390 4123 2507 4179 haec
2531 4122 2717 4179 dicere
2746 4124 2880 4178 mibi
2905 4134 2961 4178 et
2986 4123 3305 4188 obtrudere,
3329 4122 3653 4181 ebarissime

394 4224 586 4296 ἄριστε
636 4220 996 4291 Πρωταγόρα.
1041 4219 1187 4273 Μίαν
1232 4217 1344 4290 γάρ
1391 4218 1653 4289 οὐδεμίαν
1698 4218 1969 4289 οὐδετέρῳ

2076 4216 2386 4285 Protagora.
2449 4214 2589 4268 Nam
2645 4214 2830 4269 neutri
2898 4226 3149 4268 nostrum
3212 4215 3321 4268 ulla
3379 4214 3653 4272 ntilitase

392 4318 550 4387 φέρει
597 4316 696 4383 τὴν
745 4314 931 4382 ὄνησιν
978 4310 1048 4369 τὰ
1103 4312 1203 4381 τῆς
1255 4311 1493 4381 σιωπῆς.
1557 4310 1712 4381 Ἐμοί
1754 4326 1815 4362 τε
1859 4312 1968 4380 γὰρ

2076 4305 2300 4361 silentio
2329 4305 2548 4361 evadet.
2587 4303 2719 4358 Mihi
2745 4303 2971 4375 quidem
3010 4304 3357 4360 intolerabile
3385 4306 3650 4359 damnum

390 4405 649 4467 ἐπιεικῶς
697 4404 971 4473 ἀφόρητον
1011 4403 1110 4472 τήν
1161 4402 1368 4471 ζημίαν
1422 4403 1663 4470 κομίζει,
1710 4405 1805 4455 καὶ
1851 4403 1965 4455 ὅσοι

2076 4398 2262 4454 all'eret
2295 4413 2511 4469 unaque
2542 4396 2611 4452 iis
2639 4413 2877 4467 quorum
2912 4412 3076 4453 aures
3105 4414 3289 4453 rerum
3317 4400 3649 4470 optimarum

389 4498 569 4566 λίχνον
607 4495 728 4551 κατ’
749 4467 873 4563 ἐμὲ.
904 4495 1036 4564 περὶ
1065 4467 1143 4547 τὰ
1178 4467 1376 4565 βελτίω
1400 4467 1506 4565 τὴν
1541 4467 1963 4563 ἀκοῆνιέξέθρε-

2076 4490 2304 4546 curiosa:
2334 4499 2486 4544 sunt.
2548 4489 2670 4545 Tibi
2727 4504 2863 4545 vero
2912 4498 3179 4561 quantum
3216 4506 3305 4545 res
3339 4492 3646 4561 perieulum

386 4590 517 4659 ψαν.
548 4591 645 4642 -Σοὶ
672 4589 717 4643 δ’
764 4591 889 4642 ὅσον
916 4589 1131 4643 ἀπειλεῖ
1175 4589 1274 4659 τῆς
1298 4588 1480 4660 ψυχῆς
1510 4587 1570 4642 τὸ
1599 4590 1839 4659 πρᾶγμα
1874 4591 1964 4643 τὸν

388 4683 655 4744 κῖνδυνον,
684 4682 845 4745 αὑτός
877 4680 924 4733 τ’
970 4680 1036 4735 ἀν
1083 4679 1285 4751 εἰδείης
1320 4680 1570 4748 ἐξετάσει
1609 4682 1706 4735 καὶ
1740 4681 1965 4753 βασάνῳ

383 4774 692 4843 τελεωτέρα
718 4773 916 4837 διδοὺς,
952 4774 1048 4826 καὶ
1077 4772 1192 4842 ἅμα
1225 4772 1682 4843 συλλογιζόμενος
1707 4774 1823 4837 πῶς
1859 4773 1962 4841 μὲν

382 4866 493 4921 τῶν
527 4866 824 4921 ἀντιθέτων
878 4866 1155 4934 αίσχυνεῖς
1211 4864 1309 4928 τάς
1376 4864 1626 4931 γλώττας
1675 4865 1837 4931 λέξας
1891 4865 1959 4917 τὰ

384 4948 617 5027 καίρια,
660 4958 776 5019 πῶς
832 4957 890 5013 δὲ
946 4956 1054 5010 τῶν
1111 4957 1402 5027 ἡμετέρων
1460 4957 1795 5028 ἐπιρῤώσεις
1859 4959 1960 5019 τὰς

384 5053 611 5121 φρένας,
647 5048 1019 5117 ἀμφιῤῥεπεῖς
1070 5049 1229 5101 ἐνίων
1273 5049 1490 5120 ἐνιαχοῦ
1546 5048 1839 5117 γινομένας
1888 5047 1958 5100 δι’

380 5138 738 5210 ὀλιγομαθίαν
775 5139 908 5201 ἴσως
933 5152 947 5168 ’
978 5137 1040 5189 ού
1067 5139 1177 5206 γὰρ
1205 5136 1270 5190 ἀν
1296 5155 1426 5190 ποτε
1455 5138 1625 5209 φαίην
1652 5136 1806 5205 κάγὼ
1833 5138 1957 5191 κατ’

383 5230 560 5292 ἐνίους
598 5229 697 5297 τὴν
740 5228 895 5281 νόσον
939 5226 1242 5290 καλοῦντας
1270 5227 1531 5298 ἀγκυρῶν
1559 5229 1805 5297 ὀρφανὴν
1833 5245 1957 5283 τινα

379 5320 582 5389 οἴησιν,
614 5317 856 5387 εὐχερῶς
911 5317 1000 5385 ἐφ’
1052 5316 1293 5384 ἑκάτερά
1335 5315 1838 5388 ταλαντευομένην,
1870 5319 1957 5370 6).-

381 5413 510 5465 κάσι
558 5410 977 5482 παραπλησίως,
1014 5408 1078 5472 ἀς
1110 5407 1448 5479 ταραχώδεις
1479 5409 1717 5478 ἀγκάλαι
1753 5410 1953 5465 θαλάτ-

379 5521 479 5573 της
510 5502 889 5557 ἀπολαϐοῦσαι
936 5503 1128 5564 νυκτὸς
1179 5501 1455 5571 ἀλιμένοις
1485 5503 1681 5564 ἀκταῖς
1713 5503 1808 5555 καὶ
1842 5520 1950 5573 χω-

384 5597 521 5667 ρίοις
573 5595 901 5665 ἐπέρριψαν.
938 5595 1170 5648 Ἔπειτα
1225 5593 1346 5646 οὐδὲ
1395 5594 1655 5664 φορτικός
1704 5610 1788 5656 τις
1837 5593 1949 5660 ἐγώ

385 5704 468 5738 σοι
506 5686 805 5757 φανοῦμαι,
837 5684 1010 5739 πάντα
1040 5685 1162 5738 καθ’
1189 5685 1400 5738 ἕκαστα
1432 5687 1611 5752 λέγειν
1640 5687 1824 5739 ἐκεῖνα
1853 5688 1949 5740 καὶ

385 5780 784 5851 ἀπαράλλακτα
846 5778 1086 5850 τήμερον
1160 5780 1255 5848 τὴν
1320 5778 1625 5849 ἀνάμνησιν
1686 5780 1946 5849 ἐπάγων⁸

2068 4580 2418 4634 minitaretur
2451 4578 2671 4634 videres
2716 4579 2881 4636 facile
2925 4582 2970 4634 si
3007 4596 3122 4635 rem
3159 4582 3404 4651 penitius
3434 4592 3492 4637 et
3532 4598 3649 4639 me-

2067 4670 2176 4725 lius
2225 4669 2537 4739 inquireres
2572 4677 2630 4725 et
2666 4682 2952 4741 reputares
2992 4672 3270 4741 quomodo
3297 4673 3646 4727 adversario-

2066 4779 2190 4818 rum
2223 4764 2469 4833 linguam
2522 4773 2732 4818 mutam
2771 4765 3037 4821 redderes
3082 4766 3424 4836 argumentis
3455 4765 3646 4821 electis

2064 4856 2511 4926 gravioribus,et
2538 4856 2817 4926 quomodo
2852 4858 3068 4914 animos
3102 4867 3323 4913 nostros
3351 4859 3643 4914 conﬁrma-

2065 4957 2227 5004 turus
2262 4963 2417 5003 esses
2470 4964 2596 5003 cum
2659 4951 2912 5005 nonnulli
2955 4950 3068 5021 jam
3126 4950 3366 5006 titubent
3421 4960 3647 5020 prepter

2062 5057 2248 5096 rerum
2284 5041 2689 5112 ignorantiam;
2726 5058 2795 5097 ne
2812 5043 2988 5098 dicam
3011 5051 3070 5098 ut
3101 5044 3354 5099 nonnulli
3389 5046 3640 5101 morbum

2061 5144 2263 5188 vocant
2314 5136 2632 5204 Opinionem
2687 5137 2910 5190 ancoris
2956 5137 3205 5192 orbatam
3249 5146 3306 5191 et
3335 5137 3501 5193 modo
3533 5137 3641 5192 huc

2060 5225 2223 5279 modo
2242 5225 2375 5279 illuc
2401 5224 2759 5280 ﬂuctuantem
2797 5226 2970 5281 instar
2988 5228 3210 5282 navium
3247 5244 3368 5298 qum
3394 5228 3638 5284 remulco

2058 5315 2389 5383 trahuntur;
2447 5332 2587 5387 quas
2645 5319 2815 5374 maris
2865 5320 3073 5375 turbidi
3125 5320 3328 5375 ﬂuctus
3351 5320 3638 5390 abripiunt

2056 5417 2220 5464 noctu
2239 5419 2294 5462 et
2320 5407 2374 5463 in
2403 5409 2819 5478 proximasoras
2848 5420 2903 5465 et
2922 5412 3292 5466 continentem
3312 5409 3629 5482 projiciunt.

2057 5501 2164 5558 Sed
2203 5503 2298 5557 tibi
2323 5518 2391 5558 ne
2419 5503 2688 5560 molestus
2720 5504 2909 5559 videar
2944 5506 3073 5560 nolo
3106 5515 3159 5560 te
3196 5504 3407 5574 singula
3439 5504 3626 5559 omnia

2057 5595 2455 5662 mihinarrare,
2494 5597 2815 5651 continuam
2860 5597 3022 5651 hodie
3065 5612 3247 5651 rermn
3303 5596 3628 5653 memoriam

2056 5688 2524 5744 excitando.Nam
2552 5688 2856 5744 secundum
2887 5688 3196 5755 oraculum,
3231 5688 3458 5745 nimium
3493 5705 3631 5746 nun-

2055 5796 2218 5851 quam
2248 5780 2504 5836 desidero
2534 5791 2587 5836 et
2637 5780 2839 5850 quibus
2886 5796 3108 5852 semper
3140 5781 3409 5838 intersum
3437 5796 3534 5840 eos
3561 5798 3631 5849 ne
