4034 6492
456 336 561 399 347
1644 342 2049 403 NlCEE‘llURt

2107 344 2479 405 ttIhitLOiLE
3600 341 3700 405 348

428 448 661 503 nimium
714 448 1119 517 amplectamur
1180 463 1392 504 moneo.
1457 451 1569 518 Age
1618 452 1808 520 igitur,
1863 453 2013 506 solve

2118 458 2293 525 ἁπλῆς
2321 455 2432 525 γάρ
2467 471 2611 516 τινος
2646 454 2979 523 ἀφηγήσεως
3003 451 3279 522 ἀκροατὴς
3312 450 3412 505 καὶ
3438 450 3698 521 ἀπεριέρ-

436 542 637 609 linguae
668 541 998 604 retinacula,
1041 546 1213 613 passis
1244 546 1380 599 velis
1405 561 1623 600 currum
1664 549 1916 611 institue,
1957 559 2010 602 tu

2122 566 2235 616 γως
2262 548 2518 617 γενέσθαι
2544 547 2786 616 ἐφίεμαι,
2817 548 2958 598 κιτά
2993 544 3050 596 τὸ
3071 546 3128 595 έν
3153 543 3325 597 Πυθοῖ
3363 543 3578 612 λόγιον,
3605 545 3694 598 τοῦ

439 634 531 700 qui
586 648 753 688 aures
804 634 1040 690 oﬂeudis
1101 648 1362 699 attentas,
1420 654 1542 706 quae
1596 639 2016 694 fundamentum

2123 642 2261 709 ἄγαν
2312 640 2475 703 αὑτός
2507 656 2565 692 τε
2605 640 2693 692 ἀεὶ
2743 636 3084 708 φειδόμενος,
3116 635 3211 688 καὶ
3258 629 3342 699 οἷς
3368 634 3459 688 ἀεὶ
3495 635 3703 706 ξύνειμι

440 724 675 778 Solidum
705 726 953 794 praebent
985 743 1050 779 eo
1084 727 1245 796 393
1271 729 1415 794 quod
1450 728 1827 784 narrationem
1855 731 2018 785 vehe-

2130 733 2415 801 φείδεσθαι
2448 732 2754 801 παραινῶν.
2790 729 2932 798 Φέρε
2974 745 3058 782 τοι
3087 729 3184 783 νῦν
3217 730 3282 781 τά
3310 731 3416 799 τῆς
3462 727 3704 798 γλώττης

442 828 656 870 utenter
688 817 1029 871 desiderant.
1094 819 1146 871 id
1180 820 1344 871 etiam
1384 821 1657 889 optimum
1694 822 2026 875 incitamen-

2127 826 2450 897 πρυμνήσια
2510 822 2704 890 λύσας,
2756 823 3079 894 εὐρυτέραις
3138 822 3358 885 ὀθόναις
3416 821 3565 875 δίδου
3614 821 3701 874 τὸν

443 916 557 959 tum
590 919 818 977 apparet
842 910 887 962 si
920 910 1176 964 amicitiae
1212 911 1384 979 gratia
1448 913 1632 980 lingua
1680 928 1803 965 cum
1863 914 2020 967 volu-

2128 918 2318 981 πλοῦν,
2348 918 2542 980 ἀκοαῖς
2589 914 2912 987 χαιρούσαις
2951 913 3214 984 ἐντυχὼν,
3249 913 3499 985 κρηπῖδα
3550 914 3705 983 στερ-

450 1009 599 1068 Ill..th
632 1002 750 1054 vult
793 1000 942 1069 loqui
979 1012 1034 1057 et
1070 1002 1410 1058 narrationis
1440 1004 1548 1056 vim
1586 1018 1857 1057 summam
1891 1022 2021 1060 eou-

2129 1011 2231 1078 ρἁ
2262 1008 2735 1078 ὑποϐαλλομέναις
2769 1005 2863 1060 τὸν
2908 1006 3019 1059 τῶν
3054 1004 3489 1076 λεχθησομένων
3521 1003 3704 1059 πόθον.

445 1094 623 1158 εοξιιιιίο
2129 1102 2196 1153 '0
2222 1102 2286 1170 δὴ
2313 1100 2605 1169 κράτιστον
2631 1100 2975 1170 ὁρμητήριον
3011 1101 3092 1163 είς
3125 1099 3356 1169 ἄγαλμα
3390 1097 3708 1167 φιλοτιμίας

445 1188 662 1258 γλώττῃ
701 1189 798 1240 σύν
850 1205 913 1255 γε
949 1186 1231 1258 προθυμία
1279 1174 1464 1254 λέγειν
1513 1186 1780 1258 ἐθελούσῃ
1819 1205 1877 1241 τε
1933 1191 2027 1241 καὶ
2103 1193 2240 1262 πρὸς
2306 1194 2373 1247 τὰ
2413 1194 2704 1266 ἐρρωμένοι
2748 1194 2849 1264 τῆς
2889 1194 3195 1265 διηγήσεως
3241 1191 3509 1265 ἀφορώσῃ
3553 1191 3708 1245 καθί-

450 1297 665 1331 σταται.
1421 1291 1426 1297 “

518 1374 868 1447 XlJamego
890 1376 982 1445 qui
1009 1393 1176 1445 saepe,
1209 1376 1536 1431 eharissime
1569 1376 1888 1444 Cleodeme,
1923 1379 2033 1432 vim

2208 1382 2311 1436 IA'.
2355 1358 2499 1451 Ἐγὼ
2533 1383 2590 1437 δέ
2638 1399 2697 1436 σε
2730 1383 2828 1453 τῆς
2876 1383 2986 1435 τῶν
3031 1381 3206 1452 λόγων
3257 1380 3577 1450 οἰκονομίας
3624 1384 3713 1436 καὶ

452 1471 530 1523 ιιιί
566 1470 837 1524 sermonis
867 1480 922 1522 et
956 1470 1197 1525 rationes
1228 1470 1550 1525 verissimus
1577 1472 1880 1525 admiratus
1913 1487 2034 1525 sum

2137 1475 2238 1545 τῆς
2267 1475 2379 1528 τῶν
2425 1477 2645 1545 τρόπων
2693 1478 3064 1546 χρηστότητος
3108 1473 3378 1537 πολλάκις
3407 1473 3711 1544 θαυμάσας,

454 1578 607 1614 nunc
648 1562 833 1628 potius
863 1576 1036 1629 quam
1069 1572 1229 1615 antea
1288 1564 1478 1631 paucis
1510 1562 1577 1615 ad
1619 1563 2037 1631 persuasionem

2139 1565 2184 1622 ῶ
2233 1569 2353 1637 φίλε
2399 1567 2706 1639 Κλεόδημε,
2737 1567 2833 1622 νῦν
2867 1567 3068 1637 μᾶλλον
3109 1566 3143 1636 ἢ
3180 1565 3457 1636 πρότερον
3507 1565 3605 1635 τὴν
3638 1565 3713 1626 εἰς

455 1665 549 1704 res
597 1651 695 1704 tibi
732 1666 1025 1719 exponam.
1084 1650 1220 1704 Nolo
1250 1652 1395 1704 enim
1442 1652 1688 1705 dolorem
1734 1652 1913 1705 facere
1949 1653 2039 1706 cui

2142 1658 2319 1729 βραχὺ
2356 1654 2779 1725 συνωθουμένην
2809 1672 2893 1707 σοι
2926 1655 3036 1707 τῶν
3063 1654 3241 1722 λόγων
3271 1653 3489 1722 ἄγαμαι
3523 1652 3709 1706 πειθώ.

458 1742 670 1796 servire
698 1757 783 1796 me
810 1751 1047 1811 oportet.
1085 1742 1362 1796 Proferam
1386 1750 1569 1797 autem
1597 1759 1628 1797 e
1651 1744 1837 1797 multis
1867 1759 2038 1810 pauca

2142 1748 2309 1801 Ταῦτ’
2367 1747 2477 1816 ἀρα
2521 1747 2615 1801 καὶ
2675 1746 2750 1817 μὴ
2780 1747 2973 1798 λυπεῖν
3017 1745 3220 1798 ἐθέλων
3267 1745 3331 1798 δν
3391 1744 3714 1815 θεραπεύειν

456 1842 517 1885 ct
540 1848 661 1902 quae
689 1832 1000 1904 ne_cess::ria
1030 1842 1158 1887 sunt
1188 1835 1310 1888 usui
1340 1844 1395 1886 et
1425 1835 1550 1888 huic
1584 1837 1835 1903 tempori.
1872 1835 2041 1902 quue

2143 1839 2371 1909 εἱλόμην
2400 1839 2481 1902 σὲ,
2514 1840 2626 1911 ἐρῶ
2662 1839 2782 1908 μὲν,
2817 1839 3014 1909 μέτρια
3043 1837 3088 1890 δ’
3125 1837 3189 1890 ἐκ
3220 1835 3459 1901 πολλῶν,
3491 1836 3585 1890 καὶ
3622 1836 3715 1889 ὅσα

459 1923 527 1975 ad
571 1925 863 1978 utilitatem
895 1935 1041 1978 tuam
1080 1926 1221 1979 facio
1266 1935 1321 1978 et
1357 1940 1551 1979 eorum
1586 1927 1680 1989 qui
1716 1940 1820 1978 una
1859 1936 2039 1978 tecum

2143 1932 2421 2000 ἀναγκαῖα
2456 1934 2522 2000 τῇ
2565 1931 2726 2002 χρείᾳ
2753 1931 2853 1984 καὶ
2876 1929 2952 1999 τῷ
2993 1928 3194 2000 καιρῷ,
3223 1931 3326 2000 σῆς
3361 1945 3423 1982 τε
3453 1928 3717 1996 ὠφελείας

460 2016 653 2072 audire
705 2017 819 2072 ha‘c
869 2018 1119 2087 cupiant.
1196 2018 1303 2076 Sed
1345 2019 1391 2072 si
1427 2034 1492 2073 ex
1538 2030 1628 2072 tua
1668 2033 1722 2071 et
1766 2019 2041 2072 sociorum

2142 2024 2307 2077 ἕνεκα
2339 2023 2432 2076 καὶ
2464 2023 2579 2092 ἀμα
2618 2023 2731 2074 τῶν
2785 2037 2868 2074 σοι
2917 2020 3325 2090 παραπλησίως
3379 2018 3718 2090 αἱρουμένων

460 2120 683 2163 tuorum
731 2111 1020 2165 toluutate
1050 2112 1361 2165 oratimtem
1400 2112 1552 2165 omni
1590 2119 1788 2164 ornatu
1824 2109 2045 2164 deuudo

2146 2115 2364 2169 ἀκούειν
2393 2116 2571 2168 ταυτί.
2598 2116 2660 2168 Εί
2697 2115 2754 2168 δὲ
2786 2114 3016 2177 κάλλους
3048 2113 3261 2166 ἐκείνου
3289 2111 3594 2181 γυμνώσας
3626 2110 3719 2181 τὴν

460 2214 519 2256 et
552 2205 857 2273 simplicem
898 2205 1106 2263 reddo:
1148 2220 1262 2274 quo
1293 2220 1426 2259 sane
1454 2204 1710 2274 Gregorte
1745 2204 2046 2258 auctoritas

2146 2205 2348 2274 φράσιν
2378 2203 2578 2266 παντὸς
2604 2202 2695 2256 διά
2734 2219 2795 2255 τε
2832 2202 2890 2255 σὲ
2928 2202 3023 2254 καὶ
3057 2201 3173 2253 ὅσοι
3202 2200 3350 2255 κατά
3381 2200 3468 2266 σὲ,
3497 2200 3720 2252 ἐστενω-

463 2298 775 2351 elevabitur
821 2309 876 2352 et
914 2313 1032 2352 mea
1064 2298 1464 2368 qualiscunque
1503 2306 1590 2350 est
1628 2306 1856 2366 cognata
1900 2296 2042 2350 ratio

2149 2298 2319 2366 μένην
2342 2296 2434 2348 καὶ
2459 2294 2841 2365 ἁπλουστέραν
2872 2292 3138 2363 προθείην
3171 2309 3256 2345 σοι
3279 2290 3385 2363 τὴν
3419 2292 3718 2360 ἀφήγησιν,

464 2396 523 2441 et
551 2387 879 2456 disciplina;
905 2389 1033 2441 hine
1061 2389 1396 2443 concludere
1431 2388 1530 2441 tibi
1563 2387 1718 2447 licet,
1748 2387 1966 2455 qualem
1997 2393 2052 2438 et

2145 2387 2377 2452 ἀναξίως
2425 2387 2525 2457 μὲν
2564 2387 2664 2457 τῆς
2715 2386 2792 2457 τῷ
2843 2385 3104 2458 Γρηγορᾷ
3160 2384 3526 2454 καθηκούσης
3575 2380 3722 2450 δόξης

468 2488 735 2545 quantam
778 2481 975 2533 intimo
1015 2481 1069 2533 in
1103 2482 1286 2533 animo
1319 2494 1443 2532 meo
1493 2478 1791 2531 amicitiam
1841 2492 1972 2545 erga
2001 2489 2052 2532 te

2148 2480 2468 2535 παντάπασι
2521 2479 2685 2551 δρῶν,
2717 2477 2952 2546 ἀναξίως
2983 2479 3029 2531 δ’
3073 2469 3129 2530 ἐῐ
3157 2495 3241 2542 τις
3271 2477 3363 2549 εἴη
3397 2476 3570 2548 κάμοὶ
3600 2474 3721 2531 σόν·

469 2570 729 2625 liabeam.
788 2571 843 2625 Si
899 2587 1031 2624 vero
1063 2572 1308 2626 narratio
1338 2571 1604 2624 voluntati
1634 2587 1742 2624 non
1778 2585 2051 2623 convene-

2149 2590 2348 2645 τροφος
2375 2572 2570 2643 γνώμη
2607 2589 2669 2625 τε
2705 2574 2800 2626 καὶ
2834 2572 3078 2634 παιδεία,
3100 2570 3220 2642 ὥρα
3248 2588 3335 2625 σοι
3364 2571 3571 2625 ἐννοεῖν
3609 2567 3724 2621 τίνα

472 2662 572 2723 rit,
607 2662 717 2715 noli
756 2663 889 2715 mihi
921 2663 1105 2717 irasci.
1140 2663 1271 2717 Nam
1316 2662 1368 2715 in
1409 2663 1492 2717 his
1524 2672 1586 2716 ut
1623 2664 1678 2716 in
1710 2664 1833 2717 aliis
1865 2664 2054 2717 multis

2157 2667 2289 2720 ποτὲ
2320 2666 2413 2718 καλ⁸
2461 2666 2594 2736 ὅσην
2624 2665 2722 2735 τὴν
2756 2663 2855 2734 σὴν
2890 2666 2950 2717 ὲν
2995 2665 3110 2726 τοῖς
3157 2664 3260 2733 τῆς
3308 2663 3454 2732 ἐμῆς
3507 2658 3725 2731 καρδίας

473 2753 793 2807 dominatur
827 2755 1071 2820 fortuna,
1108 2772 1229 2824 quze
1282 2771 1367 2809 res
1402 2756 1546 2810 inter
1588 2771 1647 2810 se
1699 2755 1948 2810 diversas
1997 2766 2054 2810 et

2158 2756 2599 2825 τεθησαύρισμαι
2633 2753 2697 2826 [ί.
2734 2755 2834 2810 160
2856 2755 2934 2826 υ.]
2975 2754 3198 2816 κόλποις
3228 2753 3442 2823 φιλίαν.
3468 2752 3530 2806 Ei
3559 2753 3612 2806 δὲ
3642 2751 3728 2804 καὶ

473 2844 805 2899 dissidentes
838 2856 1017 2911 tenet;
1056 2847 1107 2900 in
1137 2848 1242 2901 illis
1268 2856 1454 2901 autem
1487 2864 1605 2914 qua:
1624 2846 1864 2901 animum
1885 2847 2053 2901 bene-

2164 2847 2239 2919 μὴ
2278 2848 2340 2900 οὐ
2383 2846 2526 2900 κατά
2558 2848 2649 2900 τὸν
2700 2848 2794 2900 σὺν
2822 2845 3086 2916 ἀπαντῴη
3124 2845 3336 2899 σκοπὸν
3387 2847 3416 2898 ὁ
3465 2844 3640 2913 λόγος,
3674 2840 3728 2894 σὺ

475 2937 656 2990 volum
714 2940 867 2992 etin
928 2942 1122 3008 coeptis
1181 2948 1457 2994 maturqu
1526 2941 1805 3007 reddunt,
1871 2939 2053 2994 omnia

2159 2940 2203 2993 δ’
2249 2941 2584 3011 ἀνεμέσητον
2642 2942 2767 3011 ἐμοὶ
2809 2940 2907 3012 τὴν
2958 2940 3217 3011 πρόθεσιν
3262 2938 3370 3010 τῆς
3412 2938 3593 3010 ψυχῆς
3643 2950 3729 2989 σου

483 3041 744 3099 tanquam
782 3035 986 3086 trutina
1045 3043 1194 3087 certa
1246 3045 1301 3086 et
1335 3033 1521 3087 divina
1557 3036 1865 3087 examinata
1901 3044 2050 3088 sunt.

2160 3034 2453 3102 φυλάττειν
2513 3033 2714 3104 χρεών.
2757 3033 2830 3086 Τὸ
2882 3033 2982 3105 μὲν
3030 3034 3139 3103 γὰρ
3190 3033 3294 3086 ὑπὸ
3358 3034 3531 3103 τύχης
3568 3025 3730 3094 ὡςτά

477 3122 647 3177 πολλά
679 3126 1062 3191 τυραννεῖσθαι
1093 3127 1408 3194 συμϐαίνει,
1438 3126 1616 3178 ἄλλοτ’
1664 3126 1798 3179 ἄλλα
1844 3126 2195 3197 κεκτημένης
2244 3127 2342 3180 καὶ
2389 3125 2698 3196 ἀσύμφωνα
2746 3125 2817 3179 τὰ
2868 3127 3093 3195 ἐφόδια·
3163 3128 3225 3179 τὸ
3290 3125 3382 3191 δὲ,
3454 3125 3589 3180 ἀλλά
3647 3118 3733 3177 καὶ

478 3219 636 3272 τοῦτο
690 3218 857 3286 μόνην
906 3218 1001 3289 τὴν
1056 3218 1401 3287 προθεσμίαν
1449 3218 1543 3270 καὶ
1580 3217 1803 3289 πρώτην
1835 3219 2052 3289 κίνησιν
2091 3218 2190 3288 τῆς
2224 3219 2405 3289 ψυχῆς
2440 3218 2515 3281 ὡς
2546 3219 2639 3273 ἐπὶ
2700 3218 3039 3288 πλάστιγγος
3104 3217 3393 3289 ἀῤῥεποῢς
3420 3236 3480 3272 τε
3508 3218 3603 3271 καὶ
3629 3215 3735 3269 θεο-

479 3308 729 3380 πρεποῦς
761 3310 1059 3362 υλαντεόε
1072 3312 1194 3362 σθαι
1229 3310 1389 3372 ἀξιοῖ.

552 3403 717 3474 39ἀ,
739 3401 856 3456 ΧΗ.
893 3403 968 3456 De
1002 3402 1217 3456 czeteris
1257 3402 1424 3473 igitur
1454 3403 1618 3457 rebus
1673 3418 1809 3472 quas
1845 3412 1894 3457 te
1921 3418 2059 3472 opus
2087 3407 2128 3466 C

2234 3404 2337 3460 IB'.
2372 3406 2510 3475 Περὶ
2539 3406 2638 3472 μὲν
2667 3400 2762 3460 οὖν
2789 3405 2903 3458 τῶν
2927 3405 3101 3460 ἄλλων
3134 3406 3234 3459 ὅσα
3263 3424 3349 3460 σοι
3381 3405 3549 3478 ἐχρῆν
3578 3402 3729 3459 ἀκοῦ·

481 3506 604 3551 crat
634 3496 823 3549 audire
848 3497 959 3564 jaan
994 3496 1253 3548 audivisti
1292 3511 1378 3548 me
1428 3505 1745 3548 narrantem
1796 3496 1863 3549 ab
1895 3496 2058 3549 initio

2164 3511 2278 3559 σαι,
2305 3494 2745 3565 διεξεληλυθότος
2784 3493 2918 3565 ἐμοῦ
2961 3512 3026 3563 γε
3078 3499 3329 3563 ἀκὴκοας
3375 3497 3583 3550 ἄνωθεν
3615 3494 3731 3566 ἄχρι

484 3587 768 3654 hucusque
792 3595 1057 3654 quantum
1079 3584 1196 3639 fieri
1235 3585 1431 3653 potuit.
1460 3584 1578 3639 Jam
1610 3586 1654 3638 si
1683 3585 1749 3638 de
1783 3585 2063 3640 miraculis

2165 3583 2258 3637 καὶ
2293 3585 2350 3645 ἐς
2395 3583 2556 3652 δεῦρο
2605 3584 2694 3636 τὸν
2731 3583 2949 3652 έφικτεν
2986 3601 3049 3651 γε
3077 3584 3280 3655 τρόπον
3308 3602 3323 3617 ι
3363 3587 3491 3656 περί
3540 3603 3601 3652 γε
3635 3583 3731 3653 μὴν

486 3680 539 3733 in
573 3678 824 3733 Thabore
858 3689 1042 3732 monte
1077 3678 1262 3730 dicere
1294 3691 1481 3739 coner,
1509 3693 1707 3731 vereor
1741 3693 1808 3731 ne
1846 3679 1895 3730 in
1927 3678 2063 3731 alio-

2164 3678 2273 3730 τῶν
2306 3679 2364 3730 ὲν
2398 3676 2667 3747 Θαὸωρίῳ
2695 3676 2769 3744 τῷ
2791 3676 2908 3745 δρει
2941 3675 3111 3729 πάλαι
3142 3675 3731 3748 θαυματουργηθέντων

486 3786 607 3825 rum
625 3769 961 3841 argumentis
980 3768 1321 3838 proferendis
1339 3768 1517 3823 statim
1538 3777 1661 3822 ante
1683 3782 1863 3838 portas
1885 3768 2063 3837 laquei

2168 3771 2215 3822 εί
2271 3768 2455 3837 λέγειν
2515 3770 2880 3838 ἐπιχειροίην,
2935 3769 3107 3838 πολλή
3168 3769 3260 3837 μοί
3307 3788 3395 3835 τις
3450 3768 3732 3838 ξενοδοχεῖν

492 3865 627 3917 mihi
670 3874 951 3933 ponantur
982 3871 1035 3915 et
1066 3871 1336 3930 quotquot
1379 3873 1507 3916 sunt
1538 3863 1839 3932 impietatis
1874 3863 2068 3930 nequi-

2168 3860 2387 3915 ἀπειλεῖ
2443 3860 2758 3930 δυσχέρεια,
2789 3860 2952 3923 εὐθὺς
3006 3861 3112 3931 πρὸ
3161 3860 3350 3917 πυλῶν
3406 3863 3504 3926 τάς
3551 3857 3735 3927 ἑαυτῆς

494 3957 603 4012 tiae.
645 3955 769 4010 Seio
802 3955 1025 4023 quidem
1056 3954 1357 4007 secundum
1391 3971 1546 4008 veras
1573 3955 1650 4008 rei
1675 3966 1881 4008 natura:
1904 3956 2071 4009 ratio-

2170 3949 2496 4020 ἐφαπλοῦσα
2529 3950 2766 4020 παγίδας
2802 3955 2900 4004 καὶ
2928 3951 3028 4004 ὅσα
3077 3953 3251 4024 δήπου
3292 3954 3365 4006 τά
3409 3953 3513 4024 τῆς
3553 3949 3734 4011 κακίας

493 4065 592 4103 nes
622 4048 830 4102 nullam
864 4045 917 4099 in
946 4061 1002 4098 re
1029 4046 1294 4100 exsistere
1321 4046 1728 4101 dillieuitatem:
1760 4062 1883 4099 nam
1911 4046 2070 4099 facile

2172 4039 2387 4110 ένεδρα.
2427 4040 2537 4109 Οὐχ
2571 4040 2651 4091 ὅτι
2682 4038 2826 4092 κατὰ
2865 4040 2994 4101 τοὺς
3041 4039 3236 4112 ὀρθοὺς
3269 4043 3373 4112 τῆς
3427 4042 3634 4111 φύσεως
3661 4036 3738 4089 λό-

492 4149 579 4193 est
625 4148 944 4194 Sanctorum
980 4138 1312 4190 testimoniis
1348 4152 1469 4204 qua:
1506 4139 1792 4190 veritatem
1834 4134 2070 4187 invinci-

2174 4146 2304 4197 γους
2356 4133 2645 4197 προσεῖναι
2678 4132 2745 4199 τῇ
2791 4129 3049 4183 ὑποθέσει
3099 4132 3411 4201 συμπίπτει
3446 4127 3697 4201 δυσχερές
3721 4140 3733 4156 ·

494 4232 659 4287 bilem
678 4232 965 4284 continent
979 4229 1078 4283 niti
1114 4236 1168 4281 et
1202 4227 1281 4282 sic
1300 4244 1328 4280 e
1350 4227 1760 4281 difﬁcultatibus
1792 4240 1890 4278 nos
1910 4240 2075 4293 expe-

2177 4222 2271 4274 καῖ
2299 4219 2444 4272 πάνυ
2495 4236 2549 4272 τι
2599 4221 2709 4290 γάρ
2748 4223 2865 4274 ἐστι
2910 4222 3093 4294 ῥᾴδιον
3121 4224 3220 4286 τὰς
3263 4224 3375 4278 τῶν
3406 4223 3577 4292 ἀγίων
3619 4219 3738 4290 ἡμῖν

494 4325 631 4379 dire.
667 4322 773 4377 Sed
792 4331 849 4375 ut
874 4322 1223 4375 insidiatores
1238 4320 1457 4389 quidam
1485 4320 1595 4373 duo
1616 4320 1667 4372 in
1695 4318 1777 4370 via
1799 4317 2075 4385 utrimque

2179 4313 2551 4381 προκομίσασι
2613 4313 2949 4382 μαρτυρίας,
3003 4314 3469 4369 δυσαντίϐλεπτον
3524 4311 3737 4383 ἐχούσας

497 4422 771 4485 proruunt
794 4422 1019 4483 repente
1049 4422 1173 4466 ante
1200 4413 1369 4482 pedes
1386 4422 1603 4465 nostros
1621 4422 1675 4463 et
1694 4425 1757 4462 ex
1780 4407 2078 4477 improviso

2178 4402 2433 4473 τάληθὲς,
2464 4402 2814 4473 ἀπαλλάχθαι
2851 4405 3213 4472 πραγμάτων.
3249 4406 3393 4458 Ἀλλ’
3420 4403 3581 4458 οἱονεί
3604 4415 3739 4459 τινες

498 4517 555 4561 et
573 4522 635 4560 ex
669 4506 903 4561 latebris
925 4504 1291 4559 tenebricosis
1313 4511 1370 4557 et
1393 4502 1658 4555 continuo
1682 4509 1882 4553 vexant
1903 4513 2001 4551 nos
2024 4508 2080 4553 et

2180 4496 2412 4560 ἑαυτοὺς
2466 4495 2891 4566 προλοχίσαντες
2935 4498 3070 4567 ἡμῖν
3121 4498 3283 4562 εὐθὺς
3329 4498 3613 4553 όδοστάται
3656 4492 3739 4546 δύο

499 4615 567 4653 ex
599 4598 784 4667 quiete
808 4597 999 4651 volunt
1027 4595 1291 4649 excitare.
1319 4591 1523 4645 Volunt
1550 4591 1696 4644 enim
1717 4590 1989 4643 disserere
2013 4588 2080 4643 de

2184 4590 2328 4653 τινὲς
2377 4590 2486 4660 πρὸ
2525 4590 2704 4643 ποδῶν
2743 4588 3013 4658 έτέρωθέν
3039 4592 3222 4656 ποθεν,
3254 4592 3313 4659 ἐξ
3345 4587 3738 4660 ἀπροσδοκήτου

502 4691 598 4745 Dei
658 4688 894 4744 essentia
944 4695 999 4740 et
1047 4695 1236 4740 natura
1286 4692 1342 4738 et
1388 4682 1734 4750 linesjustos
1768 4680 2074 4745 transilire,

2196 4682 2327 4745 τινὸς
2358 4684 2453 4734 καὶ
2479 4680 2756 4749 ζοφώδους
2782 4682 3086 4752 χαράδρας,
3118 4682 3381 4754 ἐξαίφνης
3427 4676 3741 4750 ὲπιδραμόν-
3776 4681 3789 4729 ξ

503 4799 677 4851 quare
706 4798 806 4835 nos
833 4798 864 4836 a
899 4781 1154 4834 l'atribus
1184 4777 1464 4832 silentium
1499 4784 1689 4829 tenere
1722 4784 1776 4826 et
1801 4788 1829 4825 a
1862 4773 2077 4827 theolo-

2210 4790 2275 4836 :eq
2327 4774 2389 4827 τό
2438 4792 2496 4826 τε
2556 4775 2823 4844 ἀνήνυτον
2864 4775 3167 4829 ἐπισείουσι
3214 4777 3311 4830 καὶ
3359 4777 3421 4829 τὸ
3465 4775 3742 4843 ἄπραγμον
3788 4759 3803 4780 ⁶

503 4876 641 4944 gicis
671 4872 1144 4944 disputationibus
1193 4867 1477 4923 abstinere
1522 4866 1813 4938 iubemur;
1875 4874 1929 4919 et
1960 4882 2081 4934 qua:

2191 4868 2428 4936 ἰσχυρῶς
2472 4868 2729 4934 ἀφαιρεῖν
2781 4866 3231 4933 ἐπαγγέλλονται.
3265 4868 3339 4920 Τό
3390 4884 3451 4920 τε
3493 4865 3599 4931 γὰρ
3626 4858 3743 4926 περὶ

503 4966 740 5020 indoctis
782 4965 1011 5020 auribus
1066 4961 1298 5014 audiunt
1328 4973 1458 5013 sana
1492 4967 1551 5011 ut
1581 4956 1812 5010 ridicula
1851 4955 2074 5020 habent,

2188 4957 2324 5010 Θεοῦ
2353 4958 2533 5024 λέγειν
2564 4957 2757 5018 οὐσίας
2792 4960 2884 5011 καὶ
2913 4957 3151 5026 φύσεως,
3183 4960 3279 5012 καὶ
3321 4960 3446 5029 ὅρια
3478 4956 3642 5010 κινεῖν
3664 4948 3743 5001 διὰ

505 5072 687 5125 neque
732 5058 1032 5127 quidquam
1077 5054 1319 5122 ipsorum
1350 5048 1704 5116 Opinionibus
1751 5048 1946 5101 melius
1982 5048 2083 5101 du-

2189 5050 2348 5103 τοῦτο
2379 5051 2640 5118 [Ιατέρων
2671 5051 2829 5120 σιγῆς
2876 5051 2979 5121 μὲν
3016 5049 3237 5120 ἔχεσθαι
3278 5045 3739 5123 προτρεπομένων,

506 5159 640 5204 cunt
671 5159 727 5201 et
756 5163 824 5205 ex
849 5146 1082 5202 arbitrio
1107 5144 1376 5214 judicium
1406 5144 1615 5196 faciunt
1636 5156 1863 5211 prorsus
1892 5142 2083 5193 insana

2193 5139 2430 5193 ἐνταῦθα
2485 5139 2770 5208 θεολογίας
2822 5139 2868 5192 δ’
2910 5141 3238 5211 ἀπέχεσθαι,
3285 5143 3381 5193 καὶ
3423 5138 3482 5192 τό
3524 5152 3585 5204 γε
3620 5130 3743 5201 πρὸς

505 5250 690 5298 mente
717 5251 772 5295 et
799 5241 1006 5309 lingua.
1040 5237 1171 5303 Qua:
1210 5237 1391 5288 outuia
1432 5236 1562 5288 unhi
1590 5249 1843 5305 magnum
1878 5233 2091 5286 faciunt

2195 5231 2463 5291 ίδιώτιδας
2491 5231 2710 5299 ἐξάγειν
2738 5233 2908 5295 ἀκοὰς
2957 5234 3025 5284 τὰ
3049 5234 3247 5296 τοιάδε,
3278 5232 3490 5300 γέλωτα
3520 5220 3742 5297 ἡγουμέ’

511 5334 819 5403 periculum
842 5369 859 5393 .
910 5344 1024 5385 non
1073 5329 1245 5384 solum
1278 5329 1471 5382 animae
1510 5343 1641 5382 mea:
1667 5327 1822 5397 cujus
1852 5325 2087 5394 pretium

2192 5341 2288 5386 νας
2315 5325 2381 5375 τά
2421 5325 2575 5393 τίμια
2628 5325 2721 5377 καὶ
2773 5324 2941 5393 μηδὲν
2986 5323 3079 5376 τοῦ
3115 5325 3414 5391 κενοδοξεῖν
3460 5321 3742 5386 ὑπέρτερον

511 5402 653 5480 nihil
712 5432 828 5479 toto
885 5420 1093 5476 mundo
1156 5431 1427 5489 exaequat,
1486 5431 1547 5475 ut
1594 5435 1747 5474 sacra
1803 5417 2090 5486 Scriptura

2193 5414 2489 5484 τιθεμένας
2544 5414 2678 5484 μηδὲ
2731 5413 2826 5466 τοῦ
2864 5415 2933 5468 τά
2972 5416 3036 5468 ἐκ
3085 5415 3296 5478 κοιλίας
3343 5412 3533 5481 ἀνέδην
3557 5402 3741 5495 Misi-‘3.

513 5514 671 5581 dicit,
726 5511 822 5566 sed
858 5511 1024 5565 etiam
1081 5512 1345 5564 doctrinae
1399 5522 1601 5565 uostrm
1655 5518 1711 5563 et
1747 5507 1992 5563 cautioni
2034 5507 2088 5565 in

2186 5504 2295 5569 ,καὶ
2345 5504 2630 5572 κριτήριον
2677 5499 2911 5563 αὔθαδες
2955 5503 3229 5555 ποιεῖσθαι
3274 5503 3336 5553 τὸ
3383 5501 3480 5569 τῆς
3513 5489 3744 5595 ἀει-τιθοῧὲ

517 5601 835 5673 huiusmodi
880 5602 1045 5655 rebus
1080 5603 1423 5657 necesstirite.
1459 5603 1723 5655 Neutrum
1753 5598 1897 5651 enim
1931 5596 2091 5665 395

2199 5596 2438 5656 διανοίας
2469 5594 2563 5646 καὶ
2590 5593 2838 5662 γλώττης
2877 5593 3017 5646 πάνυ
3051 5610 3104 5645 τι
3130 5592 3477 5662 ἀταμίευτον,
3508 5580 3670 5638 ταῦτα
3703 5574 3727 5626 δ

514 5694 653 5747 viris
713 5693 805 5762 qui
868 5694 966 5746 tuti
1011 5704 1066 5748 et
1122 5694 1280 5748 otiosi
1334 5693 1518 5747 vivere
1573 5691 1765 5744 volunt
1814 5688 2094 5742 convenit.

2202 5687 2393 5755 ἔμοιγε
2441 5685 2611 5738 πολὺν
2662 5684 3006 5752 ὑπισχνεῖται
3057 5682 3149 5735 τὸν
3180 5681 3446 5744 κίνδυνον,
3480 5674 3552 5747 μὴ
3580 5670 3667 5762 ὅτι.
3684 5674 3742 5728 γε

520 5782 704 5846 Quare
728 5799 1092 5856 nequaquam,
1128 5792 1299 5843 amice
1336 5786 1649 5846 Cleodeme,
1680 5784 1733 5837 in
1768 5780 1953 5836 animo
1984 5781 2097 5834 vol—

2203 5779 2297 5847 τῆἔ
2332 5777 2531 5847 ψυχῆς.
2562 5772 2627 5846 ἧς
2675 5775 2842 5847 μηδὲν
2890 5774 2982 5828 τὸν
3026 5776 3205 5830 πάντα
3261 5773 3462 5846 κόσμον
3512 5756 3741 5819 ἀντάξιον
