  <div class='ocr_page' id='page_1' title='image "/cluster/home/n/w/nwhite01/storage/ocr_20150623/149:no.2/coo.31924054870542/183.png"; bbox 0 0 4034 6486; ppageno 0'>
   <div class='ocr_carea' id='block_1_1' title="bbox 455 349 556 412">
    <p class='ocr_par' dir='ltr' id='par_1_1' title="bbox 455 349 556 412">
     <span class='ocr_line' id='line_1_1' title="bbox 455 349 556 412; baseline 0.01 -1"><span class='ocrx_word' id='word_1_1' title='bbox 455 349 556 412; x_wconf 85' lang='grc'><strong>351</strong></span> 
     </span>
    </p>
   </div>
   <div class='ocr_carea' id='block_1_2' title="bbox 459 461 3699 542">
    <p class='ocr_par' dir='ltr' id='par_1_2' title="bbox 459 461 3699 542">
     <span class='ocr_line' id='line_1_2' title="bbox 459 461 3699 542; baseline -0.007 -6"><span class='ocrx_word' id='word_1_2' title='bbox 459 474 628 541; x_wconf 80' lang='grc' dir='ltr'>γίαις.</span> <span class='ocrx_word' id='word_1_3' title='bbox 683 471 1140 542; x_wconf 78' lang='grc' dir='ltr'>ἀλληλογαμίαις,</span> <span class='ocrx_word' id='word_1_4' title='bbox 1229 474 1324 525; x_wconf 76' lang='grc' dir='ltr'><strong>καὶ</strong></span> <span class='ocrx_word' id='word_1_5' title='bbox 1406 472 1742 536; x_wconf 81' lang='grc' dir='ltr'>ἁπαξαπλῶς</span> <span class='ocrx_word' id='word_1_6' title='bbox 1791 472 1849 524; x_wconf 83' lang='grc' dir='ltr'><strong>ἐν</strong></span> <span class='ocrx_word' id='word_1_7' title='bbox 1903 471 2105 533; x_wconf 85' lang='grc' dir='ltr'><strong>πάσαις</strong></span> <span class='ocrx_word' id='word_1_8' title='bbox 2141 471 2406 531; x_wconf 87' lang='grc' dir='ltr'>ἀσωτίαις</span> <span class='ocrx_word' id='word_1_9' title='bbox 2465 464 2970 537; x_wconf 81' lang='grc' dir='ltr'>ἐγκυλινδούμενοι,</span> <span class='ocrx_word' id='word_1_10' title='bbox 3032 461 3102 515; x_wconf 84' lang='grc' dir='ltr'><strong>τά</strong></span> <span class='ocrx_word' id='word_1_11' title='bbox 3161 461 3389 514; x_wconf 81' lang='grc' dir='ltr'>τοιαῦτα</span> <span class='ocrx_word' id='word_1_12' title='bbox 3444 461 3699 528; x_wconf 85' lang='grc' dir='ltr'>πράττειν</span> 
     </span>
    </p>
   </div>
   <div class='ocr_carea' id='block_1_3' title="bbox 462 553 3699 633">
    <p class='ocr_par' dir='ltr' id='par_1_3' title="bbox 462 553 3699 633">
     <span class='ocr_line' id='line_1_3' title="bbox 462 553 3699 633; baseline -0.002 -17"><span class='ocrx_word' id='word_1_13' title='bbox 462 564 691 627; x_wconf 73' lang='grc' dir='ltr'>ἀπαθῶς</span> <span class='ocrx_word' id='word_1_14' title='bbox 741 565 1147 632; x_wconf 69' lang='grc' dir='ltr'>τερατεύονται,</span> <span class='ocrx_word' id='word_1_15' title='bbox 1228 564 1569 633; x_wconf 75' lang='grc' dir='ltr'><strong>ἀναισθήτως</strong></span> <span class='ocrx_word' id='word_1_16' title='bbox 1631 564 1914 626; x_wconf 75' lang='grc' dir='ltr'><strong>νοσοῦντες</strong></span> <span class='ocrx_word' id='word_1_17' title='bbox 1964 563 2063 630; x_wconf 84' lang='grc' dir='ltr'>τὴν</span> <span class='ocrx_word' id='word_1_18' title='bbox 2104 561 2429 629; x_wconf 85' lang='grc' dir='ltr'>ἐμπάθειαν,</span> <span class='ocrx_word' id='word_1_19' title='bbox 2470 561 2562 616; x_wconf 71' lang='grc' dir='ltr'><strong>καὶ</strong></span> <span class='ocrx_word' id='word_1_20' title='bbox 2617 558 2939 627; x_wconf 82' lang='grc' dir='ltr'><strong>ἀναλγήτως</strong></span> <span class='ocrx_word' id='word_1_21' title='bbox 2987 554 3079 624; x_wconf 79' lang='grc' dir='ltr'><strong>ὑφ’</strong></span> <span class='ocrx_word' id='word_1_22' title='bbox 3146 554 3359 609; x_wconf 79' lang='grc' dir='ltr'><strong>ἑαυτῶν</strong></span> <span class='ocrx_word' id='word_1_23' title='bbox 3405 553 3699 623; x_wconf 82' lang='grc' dir='ltr'>πάσχοντες</span> 
     </span>
    </p>
   </div>
   <div class='ocr_carea' id='block_1_4' title="bbox 1624 340 3697 413">
    <p class='ocr_par' dir='ltr' id='par_1_4' title="bbox 1624 340 3697 413">
     <span class='ocr_line' id='line_1_4' title="bbox 1624 340 3697 413; baseline -0.005 0"><span class='ocrx_word' id='word_1_24' title='bbox 1624 352 2043 413; x_wconf 75' lang='lat' dir='ltr'><strong>NICEPIIORI</strong></span> <span class='ocrx_word' id='word_1_25' title='bbox 2081 349 2459 410; x_wconf 71' lang='lat' dir='ltr'><strong>GREGORA?</strong></span> <span class='ocrx_word' id='word_1_26' title='bbox 3596 340 3697 403; x_wconf 73' lang='lat'><strong>352</strong></span> 
     </span>
    </p>
   </div>
   <div class='ocr_carea' id='block_1_5' title="bbox 463 657 2906 733">
    <p class='ocr_par' dir='ltr' id='par_1_5' title="bbox 463 657 2906 733">
     <span class='ocr_line' id='line_1_5' title="bbox 463 657 2906 733; baseline -0.002 -21"><span class='ocrx_word' id='word_1_27' title='bbox 463 662 559 713; x_wconf 68' lang='grc' dir='ltr'><strong>καὶ</strong></span> <span class='ocrx_word' id='word_1_28' title='bbox 597 662 706 713; x_wconf 87' lang='grc' dir='ltr'><strong>τῶν</strong></span> <span class='ocrx_word' id='word_1_29' title='bbox 751 662 809 713; x_wconf 86' lang='grc' dir='ltr'><strong>ἐν</strong></span> <span class='ocrx_word' id='word_1_30' title='bbox 843 663 1026 726; x_wconf 71' lang='grc' dir='ltr'>αὐτοῖς</span> <span class='ocrx_word' id='word_1_31' title='bbox 1068 662 1363 716; x_wconf 72' lang='grc' dir='ltr'>οἰκούντων</span> <span class='ocrx_word' id='word_1_32' title='bbox 1409 663 1698 733; x_wconf 74' lang='grc' dir='ltr'>δαιμόνων,</span> <span class='ocrx_word' id='word_1_33' title='bbox 1731 661 1920 729; x_wconf 84' lang='grc' dir='ltr'>ὥσπερ</span> <span class='ocrx_word' id='word_1_34' title='bbox 1971 660 2021 710; x_wconf 85' lang='grc' dir='ltr'><strong>οἰ</strong></span> <span class='ocrx_word' id='word_1_35' title='bbox 2060 660 2323 728; x_wconf 76' lang='grc' dir='ltr'><strong>φρενίτιδι</strong></span> <span class='ocrx_word' id='word_1_36' title='bbox 2357 659 2716 729; x_wconf 81' lang='grc' dir='ltr'>κατεχόμενοι</span> <span class='ocrx_word' id='word_1_37' title='bbox 2745 657 2906 724; x_wconf 82' lang='grc' dir='ltr'>νόσῳ.</span> 
     </span>
    </p>
   </div>
   <div class='ocr_carea' id='block_1_6' title="bbox 536 740 2052 822">
    <p class='ocr_par' dir='ltr' id='par_1_6' title="bbox 536 749 2032 822">
     <span class='ocr_line' id='line_1_6' title="bbox 536 749 2032 822; baseline -0.004 -16"><span class='ocrx_word' id='word_1_38' title='bbox 536 750 678 806; x_wconf 80' lang='lat' dir='ltr'><strong>XIII.</strong></span> <span class='ocrx_word' id='word_1_39' title='bbox 736 751 989 807; x_wconf 85' lang='lat' dir='ltr'><strong>Inveniet</strong></span> <span class='ocrx_word' id='word_1_40' title='bbox 1027 762 1212 806; x_wconf 76' lang='lat' dir='ltr'><strong>autem</strong></span> <span class='ocrx_word' id='word_1_41' title='bbox 1236 752 1552 822; x_wconf 81' lang='lat' dir='ltr'><strong>quicunque</strong></span> <span class='ocrx_word' id='word_1_42' title='bbox 1581 753 1873 807; x_wconf 89' lang='lat' dir='ltr'><strong>consulere</strong></span> <span class='ocrx_word' id='word_1_43' title='bbox 1904 749 2032 803; x_wconf 96' lang='lat' dir='ltr'><strong>velit</strong></span> 
     </span>
    </p>
   </div>
   <div class='ocr_carea' id='block_1_7' title="bbox 2155 740 3700 822">
    <p class='ocr_par' dir='ltr' id='par_1_7' title="bbox 2205 740 3700 821">
     <span class='ocr_line' id='line_1_7' title="bbox 2205 740 3700 821; baseline -0.006 -19"><span class='ocrx_word' id='word_1_44' title='bbox 2205 751 2226 802; x_wconf 83' lang='grc' dir='ltr'><strong>Ι</strong></span> <span class='ocrx_word' id='word_1_45' title='bbox 2231 750 2282 802; x_wconf 84' lang='grc' dir='ltr'><strong>Γ¹</strong></span> <span class='ocrx_word' id='word_1_46' title='bbox 2289 791 2304 804; x_wconf 95' lang='grc'><strong>.</strong></span> <span class='ocrx_word' id='word_1_47' title='bbox 2317 750 2388 802; x_wconf 80' lang='grc' dir='ltr'><strong>Εὐ</strong></span> <span class='ocrx_word' id='word_1_48' title='bbox 2398 751 2550 821; x_wconf 86' lang='grc' dir='ltr'>ρήσει</span> <span class='ocrx_word' id='word_1_49' title='bbox 2572 749 2616 801; x_wconf 82' lang='grc' dir='ltr'>δ’</span> <span class='ocrx_word' id='word_1_50' title='bbox 2633 750 2660 802; x_wconf 89' lang='grc' dir='ltr'><strong>ὁ</strong></span> <span class='ocrx_word' id='word_1_51' title='bbox 2679 748 2836 816; x_wconf 84' lang='grc' dir='ltr'>βουλό</span> <span class='ocrx_word' id='word_1_52' title='bbox 2843 765 2907 818; x_wconf 88' lang='grc' dir='ltr'><strong>με</strong></span> <span class='ocrx_word' id='word_1_53' title='bbox 2915 764 3002 811; x_wconf 90' lang='grc' dir='ltr'><strong>νος</strong></span> <span class='ocrx_word' id='word_1_54' title='bbox 3020 747 3149 817; x_wconf 82' lang='grc' dir='ltr'><strong>περί</strong></span> <span class='ocrx_word' id='word_1_55' title='bbox 3160 746 3367 800; x_wconf 87' lang='grc' dir='ltr'>τούτων</span> <span class='ocrx_word' id='word_1_56' title='bbox 3388 743 3492 795; x_wconf 87' lang='grc' dir='ltr'><strong>κάν</strong></span> <span class='ocrx_word' id='word_1_57' title='bbox 3508 740 3585 811; x_wconf 80' lang='grc' dir='ltr'>τῷ</span> <span class='ocrx_word' id='word_1_58' title='bbox 3597 742 3700 814; x_wconf 80' lang='grc' dir='ltr'><strong>ὅρῳ</strong></span> 
     </span>
    </p>
   </div>
   <div class='ocr_carea' id='block_1_8' title="bbox 467 832 2052 914">
    <p class='ocr_par' dir='ltr' id='par_1_8' title="bbox 467 841 2030 914">
     <span class='ocr_line' id='line_1_8' title="bbox 467 841 2030 914; baseline -0.003 -16"><span class='ocrx_word' id='word_1_59' title='bbox 467 844 525 898; x_wconf 91' lang='lat' dir='ltr'><strong>in</strong></span> <span class='ocrx_word' id='word_1_60' title='bbox 573 843 863 912; x_wconf 83' lang='lat' dir='ltr'><strong>disciplina</strong></span> <span class='ocrx_word' id='word_1_61' title='bbox 913 844 982 899; x_wconf 92' lang='lat' dir='ltr'><strong>de</strong></span> <span class='ocrx_word' id='word_1_62' title='bbox 1033 844 1291 914; x_wconf 85' lang='lat' dir='ltr'><strong>practicis</strong></span> <span class='ocrx_word' id='word_1_63' title='bbox 1339 854 1540 899; x_wconf 61' lang='lat' dir='ltr'><strong>sancta:</strong></span> <span class='ocrx_word' id='word_1_64' title='bbox 1582 853 1638 899; x_wconf 88' lang='lat' dir='ltr'><strong>et</strong></span> <span class='ocrx_word' id='word_1_65' title='bbox 1675 841 2030 899; x_wconf 69' lang='lat' dir='ltr'><strong>(ecumcnicre</strong></span> 
     </span>
    </p>
   </div>
   <div class='ocr_carea' id='block_1_9' title="bbox 2155 832 3699 914">
    <p class='ocr_par' dir='ltr' id='par_1_9' title="bbox 2155 832 3699 912">
     <span class='ocr_line' id='line_1_9' title="bbox 2155 832 3699 912; baseline -0.005 -18"><span class='ocrx_word' id='word_1_66' title='bbox 2155 842 2244 896; x_wconf 76' lang='grc' dir='ltr'>τῶν</span> <span class='ocrx_word' id='word_1_67' title='bbox 2280 842 2604 912; x_wconf 89' lang='grc' dir='ltr'>Πρακτικῶν</span> <span class='ocrx_word' id='word_1_68' title='bbox 2633 842 2730 909; x_wconf 83' lang='grc' dir='ltr'>τῆς</span> <span class='ocrx_word' id='word_1_69' title='bbox 2763 842 2926 908; x_wconf 83' lang='grc' dir='ltr'>ἁγίας</span> <span class='ocrx_word' id='word_1_70' title='bbox 2960 840 3053 893; x_wconf 73' lang='grc' dir='ltr'><strong>καὶ</strong></span> <span class='ocrx_word' id='word_1_71' title='bbox 3082 832 3482 907; x_wconf 82' lang='grc' dir='ltr'>οἰκουμενικῆς</span> <span class='ocrx_word' id='word_1_72' title='bbox 3511 834 3699 905; x_wconf 89' lang='grc' dir='ltr'>τρίτης</span> 
     </span>
    </p>
   </div>
   <div class='ocr_carea' id='block_1_10' title="bbox 468 934 2035 1006">
    <p class='ocr_par' dir='ltr' id='par_1_10' title="bbox 468 934 2035 1006">
     <span class='ocr_line' id='line_1_10' title="bbox 468 934 2035 1006; baseline 0 -18"><span class='ocrx_word' id='word_1_73' title='bbox 468 936 645 989; x_wconf 66' lang='lat' dir='ltr'><strong>tertia:</strong></span> <span class='ocrx_word' id='word_1_74' title='bbox 675 936 894 1006; x_wconf 84' lang='lat' dir='ltr'><strong>synodi,</strong></span> <span class='ocrx_word' id='word_1_75' title='bbox 927 937 1092 991; x_wconf 86' lang='lat' dir='ltr'><strong>etiam</strong></span> <span class='ocrx_word' id='word_1_76' title='bbox 1140 939 1406 1005; x_wconf 62' lang='lat' dir='ltr'><strong>septimae,</strong></span> <span class='ocrx_word' id='word_1_77' title='bbox 1442 936 1720 1005; x_wconf 91' lang='lat' dir='ltr'><strong>quomodo</strong></span> <span class='ocrx_word' id='word_1_78' title='bbox 1750 934 2035 989; x_wconf 74' lang='lat' dir='ltr'><strong>dill&#39;ament</strong></span> 
     </span>
    </p>
   </div>
   <div class='ocr_carea' id='block_1_11' title="bbox 467 1026 2035 1098">
    <p class='ocr_par' dir='ltr' id='par_1_11' title="bbox 467 1026 2035 1098">
     <span class='ocr_line' id='line_1_11' title="bbox 467 1026 2035 1098; baseline -0.001 -16"><span class='ocrx_word' id='word_1_79' title='bbox 467 1038 524 1082; x_wconf 88' lang='lat' dir='ltr'><strong>et</strong></span> <span class='ocrx_word' id='word_1_80' title='bbox 555 1028 931 1083; x_wconf 82' lang='lat' dir='ltr'><strong>condemnem</strong></span> <span class='ocrx_word' id='word_1_81' title='bbox 958 1031 1136 1098; x_wconf 86' lang='lat' dir='ltr'><strong>turpia</strong></span> <span class='ocrx_word' id='word_1_82' title='bbox 1186 1030 1382 1084; x_wconf 88' lang='lat' dir='ltr'><strong>horum</strong></span> <span class='ocrx_word' id='word_1_83' title='bbox 1409 1029 1651 1084; x_wconf 79' lang='lat' dir='ltr'><strong>facinora</strong></span> <span class='ocrx_word' id='word_1_84' title='bbox 1674 1038 1729 1082; x_wconf 88' lang='lat' dir='ltr'><strong>et.</strong></span> <span class='ocrx_word' id='word_1_85' title='bbox 1755 1026 2035 1097; x_wconf 88' lang='lat' dir='ltr'><strong>quomodo</strong></span> 
     </span>
    </p>
   </div>
   <div class='ocr_carea' id='block_1_12' title="bbox 468 1117 2039 1190">
    <p class='ocr_par' dir='ltr' id='par_1_12' title="bbox 468 1117 2039 1190">
     <span class='ocr_line' id='line_1_12' title="bbox 468 1117 2039 1190; baseline 0.001 -19"><span class='ocrx_word' id='word_1_86' title='bbox 468 1118 828 1173; x_wconf 83' lang='lat' dir='ltr'><strong>Massalianos</strong></span> <span class='ocrx_word' id='word_1_87' title='bbox 863 1121 999 1176; x_wconf 82' lang='lat' dir='ltr'><strong>istos</strong></span> <span class='ocrx_word' id='word_1_88' title='bbox 1030 1121 1306 1190; x_wconf 86' lang='lat' dir='ltr'><strong>appellent</strong></span> <span class='ocrx_word' id='word_1_89' title='bbox 1332 1129 1390 1174; x_wconf 91' lang='lat' dir='ltr'><strong>et</strong></span> <span class='ocrx_word' id='word_1_90' title='bbox 1416 1120 1818 1174; x_wconf 81' lang='lat' dir='ltr'><strong>Marcionistas.</strong></span> <span class='ocrx_word' id='word_1_91' title='bbox 1870 1117 2039 1173; x_wconf 86' lang='lat' dir='ltr'><strong>Satis-</strong></span> 
     </span>
    </p>
   </div>
   <div class='ocr_carea' id='block_1_13' title="bbox 468 1210 2037 1283">
    <p class='ocr_par' dir='ltr' id='par_1_13' title="bbox 468 1210 2037 1283">
     <span class='ocr_line' id='line_1_13' title="bbox 468 1210 2037 1283; baseline 0.001 -21"><span class='ocrx_word' id='word_1_92' title='bbox 468 1210 670 1267; x_wconf 83' lang='lat' dir='ltr'><strong>facient</strong></span> <span class='ocrx_word' id='word_1_93' title='bbox 694 1223 880 1266; x_wconf 87' lang='lat' dir='ltr'><strong>autem</strong></span> <span class='ocrx_word' id='word_1_94' title='bbox 910 1229 1059 1267; x_wconf 89' lang='lat' dir='ltr'><strong>nunc</strong></span> <span class='ocrx_word' id='word_1_95' title='bbox 1086 1215 1151 1268; x_wconf 89' lang='lat' dir='ltr'><strong>ad</strong></span> <span class='ocrx_word' id='word_1_96' title='bbox 1178 1214 1509 1268; x_wconf 76' lang='lat' dir='ltr'><strong>evidentiam</strong></span> <span class='ocrx_word' id='word_1_97' title='bbox 1542 1214 1648 1268; x_wconf 86' lang='lat' dir='ltr'><strong>alia</strong></span> <span class='ocrx_word' id='word_1_98' title='bbox 1677 1212 1909 1283; x_wconf 86' lang='lat' dir='ltr'><strong>plurima</strong></span> <span class='ocrx_word' id='word_1_99' title='bbox 1955 1220 2037 1264; x_wconf 79' lang='lat' dir='ltr'><strong>te-</strong></span> 
     </span>
    </p>
   </div>
   <div class='ocr_carea' id='block_1_14' title="bbox 466 1300 2039 1371">
    <p class='ocr_par' dir='ltr' id='par_1_14' title="bbox 466 1300 2039 1371">
     <span class='ocr_line' id='line_1_14' title="bbox 466 1300 2039 1371; baseline 0.001 -18"><span class='ocrx_word' id='word_1_100' title='bbox 466 1300 726 1355; x_wconf 72' lang='lat' dir='ltr'><strong>sximonia</strong></span> <span class='ocrx_word' id='word_1_101' title='bbox 768 1302 1047 1357; x_wconf 91' lang='lat' dir='ltr'><strong>luculenta</strong></span> <span class='ocrx_word' id='word_1_102' title='bbox 1099 1313 1155 1358; x_wconf 91' lang='lat' dir='ltr'><strong>et</strong></span> <span class='ocrx_word' id='word_1_103' title='bbox 1202 1320 1311 1371; x_wconf 62' lang='lat' dir='ltr'><strong>prae</strong></span> <span class='ocrx_word' id='word_1_104' title='bbox 1361 1304 1482 1358; x_wconf 89' lang='lat' dir='ltr'><strong>aliis</strong></span> <span class='ocrx_word' id='word_1_105' title='bbox 1528 1302 1784 1357; x_wconf 88' lang='lat' dir='ltr'><strong>omnibus</strong></span> <span class='ocrx_word' id='word_1_106' title='bbox 1825 1316 1945 1369; x_wconf 65' lang='lat' dir='ltr'><strong>quae</strong></span> <span class='ocrx_word' id='word_1_107' title='bbox 1970 1302 2039 1355; x_wconf 88' lang='lat' dir='ltr'><strong>ab</strong></span> 
     </span>
    </p>
   </div>
   <div class='ocr_carea' id='block_1_15' title="bbox 468 1392 2041 1465">
    <p class='ocr_par' dir='ltr' id='par_1_15' title="bbox 468 1392 2041 1465">
     <span class='ocr_line' id='line_1_15' title="bbox 468 1392 2041 1465; baseline 0.001 -20"><span class='ocrx_word' id='word_1_108' title='bbox 468 1392 614 1445; x_wconf 78' lang='lat' dir='ltr'><strong>Atlio</strong></span> <span class='ocrx_word' id='word_1_109' title='bbox 639 1403 825 1448; x_wconf 84' lang='lat' dir='ltr'><strong>monte</strong></span> <span class='ocrx_word' id='word_1_110' title='bbox 854 1394 938 1448; x_wconf 93' lang='lat' dir='ltr'><strong>bis</strong></span> <span class='ocrx_word' id='word_1_111' title='bbox 961 1404 1018 1448; x_wconf 89' lang='lat' dir='ltr'><strong>et</strong></span> <span class='ocrx_word' id='word_1_112' title='bbox 1045 1403 1128 1449; x_wconf 88' lang='lat' dir='ltr'><strong>ter</strong></span> <span class='ocrx_word' id='word_1_113' title='bbox 1150 1406 1207 1449; x_wconf 87' lang='lat' dir='ltr'><strong>et</strong></span> <span class='ocrx_word' id='word_1_114' title='bbox 1233 1397 1432 1465; x_wconf 71' lang='lat' dir='ltr'><strong>saepius</strong></span> <span class='ocrx_word' id='word_1_115' title='bbox 1455 1395 1522 1449; x_wconf 91' lang='lat' dir='ltr'><strong>ad</strong></span> <span class='ocrx_word' id='word_1_116' title='bbox 1550 1409 1650 1448; x_wconf 90' lang='lat' dir='ltr'><strong>nos</strong></span> <span class='ocrx_word' id='word_1_117' title='bbox 1671 1403 2041 1464; x_wconf 87' lang='lat' dir='ltr'><strong>pervenerunt</strong></span> 
     </span>
    </p>
   </div>
   <div class='ocr_carea' id='block_1_16' title="bbox 466 1484 2041 1557">
    <p class='ocr_par' dir='ltr' id='par_1_16' title="bbox 466 1484 2041 1557">
     <span class='ocr_line' id='line_1_16' title="bbox 466 1484 2041 1557; baseline 0.002 -20"><span class='ocrx_word' id='word_1_118' title='bbox 466 1484 722 1553; x_wconf 80' lang='lat' dir='ltr'><strong>evulgata</strong></span> <span class='ocrx_word' id='word_1_119' title='bbox 744 1494 799 1538; x_wconf 86' lang='lat' dir='ltr'><strong>ct</strong></span> <span class='ocrx_word' id='word_1_120' title='bbox 821 1484 992 1540; x_wconf 84' lang='lat' dir='ltr'><strong>libere</strong></span> <span class='ocrx_word' id='word_1_121' title='bbox 1010 1486 1185 1553; x_wconf 80' lang='lat' dir='ltr'><strong>palam</strong></span> <span class='ocrx_word' id='word_1_122' title='bbox 1205 1487 1453 1557; x_wconf 82' lang='lat' dir='ltr'><strong>exposita</strong></span> <span class='ocrx_word' id='word_1_123' title='bbox 1467 1487 1818 1550; x_wconf 88' lang='lat' dir='ltr'><strong>documenta,</strong></span> <span class='ocrx_word' id='word_1_124' title='bbox 1841 1485 2041 1554; x_wconf 78' lang='lat' dir='ltr'><strong>quibus</strong></span> 
     </span>
    </p>
   </div>
   <div class='ocr_carea' id='block_1_17' title="bbox 470 1575 2041 1649">
    <p class='ocr_par' dir='ltr' id='par_1_17' title="bbox 470 1575 2041 1649">
     <span class='ocr_line' id='line_1_17' title="bbox 470 1575 2041 1649; baseline 0.002 -20"><span class='ocrx_word' id='word_1_125' title='bbox 470 1575 694 1630; x_wconf 90' lang='lat' dir='ltr'><strong>illorum</strong></span> <span class='ocrx_word' id='word_1_126' title='bbox 731 1579 944 1647; x_wconf 83' lang='lat' dir='ltr'><strong>singula</strong></span> <span class='ocrx_word' id='word_1_127' title='bbox 991 1578 1194 1649; x_wconf 80' lang='lat' dir='ltr'><strong>ﬂagitia</strong></span> <span class='ocrx_word' id='word_1_128' title='bbox 1242 1578 1577 1633; x_wconf 86' lang='lat' dir='ltr'><strong>indicantur.</strong></span> <span class='ocrx_word' id='word_1_129' title='bbox 1638 1577 1708 1632; x_wconf 86' lang='lat' dir='ltr'><strong>At</strong></span> <span class='ocrx_word' id='word_1_130' title='bbox 1751 1578 1796 1632; x_wconf 88' lang='lat' dir='ltr'><strong>si</strong></span> <span class='ocrx_word' id='word_1_131' title='bbox 1825 1577 2041 1645; x_wconf 83' lang='lat' dir='ltr'><strong>pietatis</strong></span> 
     </span>
    </p>
   </div>
   <div class='ocr_carea' id='block_1_18' title="bbox 470 1668 2042 1738">
    <p class='ocr_par' dir='ltr' id='par_1_18' title="bbox 470 1668 2042 1738">
     <span class='ocr_line' id='line_1_18' title="bbox 470 1668 2042 1738; baseline 0 -18"><span class='ocrx_word' id='word_1_132' title='bbox 470 1678 671 1722; x_wconf 73' lang='lat' dir='ltr'><strong>nostrae</strong></span> <span class='ocrx_word' id='word_1_133' title='bbox 693 1679 747 1723; x_wconf 92' lang='lat' dir='ltr'><strong>et</strong></span> <span class='ocrx_word' id='word_1_134' title='bbox 772 1683 974 1724; x_wconf 76' lang='lat' dir='ltr'><strong>saneta:</strong></span> <span class='ocrx_word' id='word_1_135' title='bbox 996 1670 1262 1725; x_wconf 75' lang='lat' dir='ltr'><strong>doctrinae</strong></span> <span class='ocrx_word' id='word_1_136' title='bbox 1280 1671 1541 1725; x_wconf 86' lang='lat' dir='ltr'><strong>intererat</strong></span> <span class='ocrx_word' id='word_1_137' title='bbox 1564 1668 1869 1738; x_wconf 77' lang='lat' dir='ltr'><strong>intelligere</strong></span> <span class='ocrx_word' id='word_1_138' title='bbox 1903 1683 2042 1736; x_wconf 84' lang='lat' dir='ltr'><strong>quo-</strong></span> 
     </span>
    </p>
   </div>
   <div class='ocr_carea' id='block_1_19' title="bbox 470 1759 2041 1816">
    <p class='ocr_par' dir='ltr' id='par_1_19' title="bbox 470 1759 2041 1816">
     <span class='ocr_line' id='line_1_19' title="bbox 470 1759 2041 1816; baseline 0.002 -6"><span class='ocrx_word' id='word_1_139' title='bbox 470 1760 635 1812; x_wconf 86' lang='lat' dir='ltr'><strong>modo</strong></span> <span class='ocrx_word' id='word_1_140' title='bbox 678 1760 903 1814; x_wconf 82' lang='lat' dir='ltr'><strong>Tltabor</strong></span> <span class='ocrx_word' id='word_1_141' title='bbox 942 1770 999 1814; x_wconf 89' lang='lat' dir='ltr'><strong>et</strong></span> <span class='ocrx_word' id='word_1_142' title='bbox 1047 1760 1282 1815; x_wconf 87' lang='lat' dir='ltr'><strong>Ilertuon</strong></span> <span class='ocrx_word' id='word_1_143' title='bbox 1329 1762 1384 1815; x_wconf 93' lang='lat' dir='ltr'><strong>in</strong></span> <span class='ocrx_word' id='word_1_144' title='bbox 1413 1761 1635 1816; x_wconf 88' lang='lat' dir='ltr'><strong>nomine</strong></span> <span class='ocrx_word' id='word_1_145' title='bbox 1661 1759 1871 1814; x_wconf 75' lang='lat' dir='ltr'><strong>Doiuini</strong></span> <span class='ocrx_word' id='word_1_146' title='bbox 1896 1760 2041 1814; x_wconf 77' lang='lat' dir='ltr'><strong>cele-</strong></span> 
     </span>
    </p>
   </div>
   <div class='ocr_carea' id='block_1_20' title="bbox 468 1853 2041 1921">
    <p class='ocr_par' dir='ltr' id='par_1_20' title="bbox 468 1853 2041 1921">
     <span class='ocr_line' id='line_1_20' title="bbox 468 1853 2041 1921; baseline -0.002 -13"><span class='ocrx_word' id='word_1_147' title='bbox 468 1855 609 1909; x_wconf 87' lang='lat' dir='ltr'><strong>brati</strong></span> <span class='ocrx_word' id='word_1_148' title='bbox 636 1866 842 1921; x_wconf 87' lang='lat' dir='ltr'><strong>essent,</strong></span> <span class='ocrx_word' id='word_1_149' title='bbox 878 1864 935 1910; x_wconf 92' lang='lat' dir='ltr'><strong>et</strong></span> <span class='ocrx_word' id='word_1_150' title='bbox 982 1859 1025 1909; x_wconf 88' lang='lat' dir='ltr'><strong>si</strong></span> <span class='ocrx_word' id='word_1_151' title='bbox 1065 1857 1168 1911; x_wconf 90' lang='lat' dir='ltr'><strong>hac</strong></span> <span class='ocrx_word' id='word_1_152' title='bbox 1202 1856 1270 1911; x_wconf 90' lang='lat' dir='ltr'><strong>de</strong></span> <span class='ocrx_word' id='word_1_153' title='bbox 1305 1870 1364 1909; x_wconf 90' lang='lat' dir='ltr'><strong>rc</strong></span> <span class='ocrx_word' id='word_1_154' title='bbox 1402 1855 1779 1909; x_wconf 89' lang='lat' dir='ltr'><strong>necessarium</strong></span> <span class='ocrx_word' id='word_1_155' title='bbox 1816 1853 2041 1906; x_wconf 87' lang='lat' dir='ltr'><strong>omnino</strong></span> 
     </span>
    </p>
   </div>
   <div class='ocr_carea' id='block_1_21' title="bbox 469 1944 2044 2017">
    <p class='ocr_par' dir='ltr' id='par_1_21' title="bbox 469 1944 2044 2017">
     <span class='ocr_line' id='line_1_21' title="bbox 469 1944 2044 2017; baseline -0.003 -16"><span class='ocrx_word' id='word_1_156' title='bbox 469 1956 588 2003; x_wconf 87' lang='lat' dir='ltr'><strong>erat</strong></span> <span class='ocrx_word' id='word_1_157' title='bbox 610 1964 732 2017; x_wconf 60' lang='lat' dir='ltr'><strong>quae</strong></span> <span class='ocrx_word' id='word_1_158' title='bbox 754 1964 879 2002; x_wconf 92' lang='lat' dir='ltr'><strong>cum</strong></span> <span class='ocrx_word' id='word_1_159' title='bbox 907 1948 1188 2002; x_wconf 86' lang='lat' dir='ltr'><strong>miraculis</strong></span> <span class='ocrx_word' id='word_1_160' title='bbox 1216 1947 1291 2001; x_wconf 90' lang='lat' dir='ltr'><strong>ibi</strong></span> <span class='ocrx_word' id='word_1_161' title='bbox 1312 1945 1476 2001; x_wconf 84' lang='lat' dir='ltr'><strong>editis</strong></span> <span class='ocrx_word' id='word_1_162' title='bbox 1500 1946 1792 2014; x_wconf 88' lang='lat' dir='ltr'><strong>conjuncta</strong></span> <span class='ocrx_word' id='word_1_163' title='bbox 1817 1944 2044 1997; x_wconf 79' lang='lat' dir='ltr'><strong>fuissent</strong></span> 
     </span>
    </p>
   </div>
   <div class='ocr_carea' id='block_1_22' title="bbox 470 2037 2040 2110">
    <p class='ocr_par' dir='ltr' id='par_1_22' title="bbox 470 2037 2040 2110">
     <span class='ocr_line' id='line_1_22' title="bbox 470 2037 2040 2110; baseline -0.004 -15"><span class='ocrx_word' id='word_1_164' title='bbox 470 2041 775 2109; x_wconf 82' lang='lat' dir='ltr'><strong>inquirere,</strong></span> <span class='ocrx_word' id='word_1_165' title='bbox 806 2041 985 2110; x_wconf 86' lang='lat' dir='ltr'><strong>iisque</strong></span> <span class='ocrx_word' id='word_1_166' title='bbox 1007 2040 1423 2094; x_wconf 83' lang='lat' dir='ltr'><strong>venerationem</strong></span> <span class='ocrx_word' id='word_1_167' title='bbox 1448 2053 1716 2092; x_wconf 85' lang='lat' dir='ltr'><strong>summam</strong></span> <span class='ocrx_word' id='word_1_168' title='bbox 1759 2037 2002 2090; x_wconf 90' lang='lat' dir='ltr'><strong>tribuere</strong></span> <span class='ocrx_word' id='word_1_169' title='bbox 2028 2053 2040 2088; x_wconf 92' lang='lat'>:</span> 
     </span>
    </p>
   </div>
   <div class='ocr_carea' id='block_1_23' title="bbox 2139 929 3697 1004">
    <p class='ocr_par' dir='ltr' id='par_1_23' title="bbox 2139 929 3697 1004">
     <span class='ocr_line' id='line_1_23' title="bbox 2139 929 3697 1004; baseline -0.006 -17"><span class='ocrx_word' id='word_1_170' title='bbox 2139 936 2382 1003; x_wconf 82' lang='grc' dir='ltr'>συνόδου,</span> <span class='ocrx_word' id='word_1_171' title='bbox 2412 935 2507 988; x_wconf 70' lang='grc' dir='ltr'>καὶ</span> <span class='ocrx_word' id='word_1_172' title='bbox 2538 935 2738 1004; x_wconf 83' lang='grc' dir='ltr'>ὁμοίως</span> <span class='ocrx_word' id='word_1_173' title='bbox 2772 935 2869 1003; x_wconf 85' lang='grc' dir='ltr'><strong>τῆς</strong></span> <span class='ocrx_word' id='word_1_174' title='bbox 2912 932 3168 1002; x_wconf 78' lang='grc' dir='ltr'>ἑϐδόμης,</span> <span class='ocrx_word' id='word_1_175' title='bbox 3204 930 3355 991; x_wconf 83' lang='grc' dir='ltr'>ὁπως</span> <span class='ocrx_word' id='word_1_176' title='bbox 3403 945 3464 981; x_wconf 88' lang='grc' dir='ltr'><strong>τε</strong></span> <span class='ocrx_word' id='word_1_177' title='bbox 3495 929 3697 994; x_wconf 79' lang='grc' dir='ltr'>ἐκπομο</span> 
     </span>
    </p>
   </div>
   <div class='ocr_carea' id='block_1_24' title="bbox 2141 1018 3699 1097">
    <p class='ocr_par' dir='ltr' id='par_1_24' title="bbox 2141 1018 3699 1097">
     <span class='ocr_line' id='line_1_24' title="bbox 2141 1018 3699 1097; baseline -0.007 -16"><span class='ocrx_word' id='word_1_178' title='bbox 2141 1029 2368 1083; x_wconf 87' lang='grc' dir='ltr'>πεύουσι</span> <span class='ocrx_word' id='word_1_179' title='bbox 2424 1029 2515 1081; x_wconf 81' lang='grc' dir='ltr'><strong>καί</strong></span> <span class='ocrx_word' id='word_1_180' title='bbox 2572 1025 3033 1097; x_wconf 77' lang='grc' dir='ltr'>ἀναθεματίξουσι</span> <span class='ocrx_word' id='word_1_181' title='bbox 3081 1024 3179 1086; x_wconf 76' lang='grc' dir='ltr'>τὰς</span> <span class='ocrx_word' id='word_1_182' title='bbox 3218 1019 3474 1091; x_wconf 79' lang='grc' dir='ltr'>μυσαρὰς</span> <span class='ocrx_word' id='word_1_183' title='bbox 3527 1018 3699 1074; x_wconf 84' lang='grc' dir='ltr'>αὐτῶν</span> 
     </span>
    </p>
   </div>
   <div class='ocr_carea' id='block_1_25' title="bbox 2139 1110 3700 1189">
    <p class='ocr_par' dir='ltr' id='par_1_25' title="bbox 2139 1110 3700 1189">
     <span class='ocr_line' id='line_1_25' title="bbox 2139 1110 3700 1189; baseline -0.008 -16"><span class='ocrx_word' id='word_1_184' title='bbox 2139 1121 2427 1189; x_wconf 92' lang='grc' dir='ltr'>ἐργασίας,</span> <span class='ocrx_word' id='word_1_185' title='bbox 2481 1120 2574 1173; x_wconf 79' lang='grc' dir='ltr'><strong>καί</strong></span> <span class='ocrx_word' id='word_1_186' title='bbox 2610 1120 2759 1181; x_wconf 82' lang='grc' dir='ltr'>ὅπως</span> <span class='ocrx_word' id='word_1_187' title='bbox 2807 1118 2934 1177; x_wconf 76' lang='grc' dir='ltr'>τοὺς</span> <span class='ocrx_word' id='word_1_188' title='bbox 2973 1115 3169 1178; x_wconf 73' lang='grc' dir='ltr'>αὐτοὺς</span> <span class='ocrx_word' id='word_1_189' title='bbox 3212 1110 3605 1172; x_wconf 80' lang='grc' dir='ltr'>Μασαλιανούς</span> <span class='ocrx_word' id='word_1_190' title='bbox 3643 1125 3700 1161; x_wconf 84' lang='grc' dir='ltr'><strong>τε</strong></span> 
     </span>
    </p>
   </div>
   <div class='ocr_carea' id='block_1_26' title="bbox 2140 1200 3703 1279">
    <p class='ocr_par' dir='ltr' id='par_1_26' title="bbox 2140 1200 3703 1279">
     <span class='ocr_line' id='line_1_26' title="bbox 2140 1200 3703 1279; baseline -0.01 -12"><span class='ocrx_word' id='word_1_191' title='bbox 2140 1213 2366 1267; x_wconf 82' lang='grc' dir='ltr'>καλοῦσι</span> <span class='ocrx_word' id='word_1_192' title='bbox 2416 1213 2507 1266; x_wconf 76' lang='grc' dir='ltr'>καὶ</span> <span class='ocrx_word' id='word_1_193' title='bbox 2546 1210 2994 1279; x_wconf 86' lang='grc' dir='ltr'>Μαρκιωνιστάς.</span> <span class='ocrx_word' id='word_1_194' title='bbox 3033 1206 3355 1277; x_wconf 77' lang='grc' dir='ltr'>Ἀρκὲσουσι</span> <span class='ocrx_word' id='word_1_195' title='bbox 3409 1202 3457 1257; x_wconf 80' lang='grc' dir='ltr'>δ’</span> <span class='ocrx_word' id='word_1_196' title='bbox 3489 1202 3568 1254; x_wconf 74' lang='grc' dir='ltr'>ἔτι</span> <span class='ocrx_word' id='word_1_197' title='bbox 3616 1200 3703 1253; x_wconf 76' lang='grc' dir='ltr'><strong>καὶ</strong></span> 
     </span>
    </p>
   </div>
   <div class='ocr_carea' id='block_1_27' title="bbox 2139 1295 3700 1375">
    <p class='ocr_par' dir='ltr' id='par_1_27' title="bbox 2139 1295 3700 1375">
     <span class='ocr_line' id='line_1_27' title="bbox 2139 1295 3700 1375; baseline -0.006 -18"><span class='ocrx_word' id='word_1_198' title='bbox 2139 1305 2234 1361; x_wconf 79' lang='grc' dir='ltr'>νῦν</span> <span class='ocrx_word' id='word_1_199' title='bbox 2264 1306 2319 1363; x_wconf 71' lang='grc' dir='ltr'><strong>ἐς</strong></span> <span class='ocrx_word' id='word_1_200' title='bbox 2348 1304 2581 1375; x_wconf 87' lang='grc' dir='ltr'><strong>δήλωσιν</strong></span> <span class='ocrx_word' id='word_1_201' title='bbox 2607 1303 2742 1357; x_wconf 82' lang='grc' dir='ltr'>ἄλλα</span> <span class='ocrx_word' id='word_1_202' title='bbox 2765 1321 2825 1355; x_wconf 90' lang='grc' dir='ltr'><strong>τε</strong></span> <span class='ocrx_word' id='word_1_203' title='bbox 2847 1302 3073 1354; x_wconf 81' lang='grc' dir='ltr'>πλείστα</span> <span class='ocrx_word' id='word_1_204' title='bbox 3106 1298 3392 1368; x_wconf 86' lang='grc' dir='ltr'>μαρτύρια</span> <span class='ocrx_word' id='word_1_205' title='bbox 3420 1295 3516 1351; x_wconf 74' lang='grc' dir='ltr'><strong>καὶ</strong></span> <span class='ocrx_word' id='word_1_206' title='bbox 3540 1296 3700 1363; x_wconf 79' lang='grc' dir='ltr'>σαφῆ,</span> 
     </span>
    </p>
   </div>
   <div class='ocr_carea' id='block_1_28' title="bbox 2139 1387 3706 1466">
    <p class='ocr_par' dir='ltr' id='par_1_28' title="bbox 2139 1387 3706 1466">
     <span class='ocr_line' id='line_1_28' title="bbox 2139 1387 3706 1466; baseline -0.009 -13"><span class='ocrx_word' id='word_1_207' title='bbox 2139 1400 2234 1453; x_wconf 80' lang='grc' dir='ltr'><strong>καὶ</strong></span> <span class='ocrx_word' id='word_1_208' title='bbox 2258 1397 2366 1466; x_wconf 75' lang='grc' dir='ltr'><strong>πρό</strong></span> <span class='ocrx_word' id='word_1_209' title='bbox 2393 1416 2454 1466; x_wconf 87' lang='grc' dir='ltr'><strong>γε</strong></span> <span class='ocrx_word' id='word_1_210' title='bbox 2489 1399 2707 1452; x_wconf 83' lang='grc' dir='ltr'>πάντων</span> <span class='ocrx_word' id='word_1_211' title='bbox 2737 1397 2785 1449; x_wconf 85' lang='grc' dir='ltr'><strong>οί</strong></span> <span class='ocrx_word' id='word_1_212' title='bbox 2812 1398 2876 1447; x_wconf 83' lang='grc' dir='ltr'><strong>ἐκ</strong></span> <span class='ocrx_word' id='word_1_213' title='bbox 2906 1394 2999 1449; x_wconf 79' lang='grc' dir='ltr'>τοῦ</span> <span class='ocrx_word' id='word_1_214' title='bbox 3028 1393 3179 1447; x_wconf 81' lang='grc' dir='ltr'>Ἀθω</span> <span class='ocrx_word' id='word_1_215' title='bbox 3208 1392 3300 1446; x_wconf 77' lang='grc' dir='ltr'>τοῦ</span> <span class='ocrx_word' id='word_1_216' title='bbox 3323 1391 3487 1462; x_wconf 87' lang='grc' dir='ltr'>ὁρους</span> <span class='ocrx_word' id='word_1_217' title='bbox 3513 1388 3604 1442; x_wconf 80' lang='grc' dir='ltr'>καὶ</span> <span class='ocrx_word' id='word_1_218' title='bbox 3630 1387 3706 1451; x_wconf 79' lang='grc' dir='ltr'>δὶς</span> 
     </span>
    </p>
   </div>
   <div class='ocr_carea' id='block_1_29' title="bbox 2143 1478 3707 1557">
    <p class='ocr_par' dir='ltr' id='par_1_29' title="bbox 2143 1478 3707 1557">
     <span class='ocr_line' id='line_1_29' title="bbox 2143 1478 3707 1557; baseline -0.009 -14"><span class='ocrx_word' id='word_1_219' title='bbox 2143 1491 2239 1543; x_wconf 78' lang='grc' dir='ltr'>καὶ</span> <span class='ocrx_word' id='word_1_220' title='bbox 2272 1489 2391 1557; x_wconf 78' lang='grc' dir='ltr'>τρὶς</span> <span class='ocrx_word' id='word_1_221' title='bbox 2421 1488 2518 1542; x_wconf 74' lang='grc' dir='ltr'>καὶ</span> <span class='ocrx_word' id='word_1_222' title='bbox 2560 1487 2822 1549; x_wconf 86' lang='grc' dir='ltr'>πολλάκις</span> <span class='ocrx_word' id='word_1_223' title='bbox 2854 1484 3175 1556; x_wconf 74' lang='grc' dir='ltr'>ἐληλυθότες</span> <span class='ocrx_word' id='word_1_224' title='bbox 3208 1478 3707 1552; x_wconf 76' lang='grc' dir='ltr'>πεπαρρησιασμέ-</span> 
     </span>
    </p>
   </div>
   <div class='ocr_carea' id='block_1_30' title="bbox 2140 1571 3710 1651">
    <p class='ocr_par' dir='ltr' id='par_1_30' title="bbox 2140 1571 3710 1651">
     <span class='ocr_line' id='line_1_30' title="bbox 2140 1571 3710 1651; baseline -0.008 -16"><span class='ocrx_word' id='word_1_225' title='bbox 2140 1602 2224 1636; x_wconf 88' lang='grc' dir='ltr'><strong>νοι</strong></span> <span class='ocrx_word' id='word_1_226' title='bbox 2266 1583 2364 1637; x_wconf 78' lang='grc' dir='ltr'><strong>καί</strong></span> <span class='ocrx_word' id='word_1_227' title='bbox 2401 1581 2657 1651; x_wconf 78' lang='grc' dir='ltr'>ὕπαιθροι</span> <span class='ocrx_word' id='word_1_228' title='bbox 2688 1581 2864 1649; x_wconf 84' lang='grc' dir='ltr'>τόμοι,</span> <span class='ocrx_word' id='word_1_229' title='bbox 2907 1577 2976 1632; x_wconf 80' lang='grc' dir='ltr'>τὰ</span> <span class='ocrx_word' id='word_1_230' title='bbox 3023 1578 3227 1633; x_wconf 90' lang='grc' dir='ltr'>τούτων</span> <span class='ocrx_word' id='word_1_231' title='bbox 3255 1574 3462 1645; x_wconf 75' lang='grc' dir='ltr'>αἰσχρά</span> <span class='ocrx_word' id='word_1_232' title='bbox 3504 1571 3625 1626; x_wconf 85' lang='grc' dir='ltr'>καθ’</span> <span class='ocrx_word' id='word_1_233' title='bbox 3652 1571 3710 1623; x_wconf 74' lang='grc' dir='ltr'><strong>ἒ-</strong></span> 
     </span>
    </p>
   </div>
   <div class='ocr_carea' id='block_1_31' title="bbox 2143 1662 3703 1742">
    <p class='ocr_par' dir='ltr' id='par_1_31' title="bbox 2143 1662 3703 1742">
     <span class='ocr_line' id='line_1_31' title="bbox 2143 1662 3703 1742; baseline -0.008 -13"><span class='ocrx_word' id='word_1_234' title='bbox 2143 1692 2325 1729; x_wconf 84' lang='grc' dir='ltr'>·καστα</span> <span class='ocrx_word' id='word_1_235' title='bbox 2363 1674 2758 1742; x_wconf 86' lang='grc' dir='ltr'>παριστῶντες.</span> <span class='ocrx_word' id='word_1_236' title='bbox 2792 1671 2936 1726; x_wconf 80' lang='grc' dir='ltr'>Ἀλλ’</span> <span class='ocrx_word' id='word_1_237' title='bbox 2968 1671 3018 1725; x_wconf 85' lang='grc' dir='ltr'><strong>εί</strong></span> <span class='ocrx_word' id='word_1_238' title='bbox 3051 1670 3151 1741; x_wconf 80' lang='grc' dir='ltr'>μὲν</span> <span class='ocrx_word' id='word_1_239' title='bbox 3195 1667 3344 1721; x_wconf 80' lang='grc' dir='ltr'>τοῦτ’</span> <span class='ocrx_word' id='word_1_240' title='bbox 3372 1662 3441 1737; x_wconf 75' lang='grc' dir='ltr'>ἦν</span> <span class='ocrx_word' id='word_1_241' title='bbox 3464 1667 3493 1719; x_wconf 92' lang='grc' dir='ltr'><strong>ὁ</strong></span> <span class='ocrx_word' id='word_1_242' title='bbox 3522 1665 3619 1732; x_wconf 79' lang='grc' dir='ltr'><strong>τῆς</strong></span> <span class='ocrx_word' id='word_1_243' title='bbox 3647 1664 3703 1732; x_wconf 81' lang='grc' dir='ltr'><strong>ἡ·</strong></span> 
     </span>
    </p>
   </div>
   <div class='ocr_carea' id='block_1_32' title="bbox 2149 1754 3711 1833">
    <p class='ocr_par' dir='ltr' id='par_1_32' title="bbox 2149 1754 3711 1833">
     <span class='ocr_line' id='line_1_32' title="bbox 2149 1754 3711 1833; baseline -0.008 -16"><span class='ocrx_word' id='word_1_244' title='bbox 2149 1764 2268 1833; x_wconf 91' lang='grc' dir='ltr'><strong>μῶν</strong></span> <span class='ocrx_word' id='word_1_245' title='bbox 2314 1762 2602 1827; x_wconf 76' lang='grc' dir='ltr'>εὐσεϐείας</span> <span class='ocrx_word' id='word_1_246' title='bbox 2635 1765 2730 1817; x_wconf 71' lang='grc' dir='ltr'><strong>καὶ</strong></span> <span class='ocrx_word' id='word_1_247' title='bbox 2766 1763 3004 1824; x_wconf 88' lang='grc' dir='ltr'>πίστεως</span> <span class='ocrx_word' id='word_1_248' title='bbox 3037 1760 3185 1830; x_wconf 78' lang='grc' dir='ltr'>ὅρος,</span> <span class='ocrx_word' id='word_1_249' title='bbox 3221 1758 3425 1812; x_wconf 74' lang='grc' dir='ltr'>ειδέναι</span> <span class='ocrx_word' id='word_1_250' title='bbox 3455 1755 3573 1818; x_wconf 88' lang='grc' dir='ltr'><strong>πῶς</strong></span> <span class='ocrx_word' id='word_1_251' title='bbox 3607 1754 3711 1806; x_wconf 85' lang='grc' dir='ltr'><strong>Θα-</strong></span> 
     </span>
    </p>
   </div>
   <div class='ocr_carea' id='block_1_33' title="bbox 2145 1847 3709 1925">
    <p class='ocr_par' dir='ltr' id='par_1_33' title="bbox 2145 1847 3709 1925">
     <span class='ocr_line' id='line_1_33' title="bbox 2145 1847 3709 1925; baseline -0.003 -20"><span class='ocrx_word' id='word_1_252' title='bbox 2145 1853 2265 1924; x_wconf 86' lang='grc' dir='ltr'>ϐὼρ</span> <span class='ocrx_word' id='word_1_253' title='bbox 2314 1855 2407 1908; x_wconf 75' lang='grc' dir='ltr'><strong>καὶ</strong></span> <span class='ocrx_word' id='word_1_254' title='bbox 2452 1854 2676 1925; x_wconf 81' lang='grc' dir='ltr'>Ἑρμῶν</span> <span class='ocrx_word' id='word_1_255' title='bbox 2719 1856 2778 1908; x_wconf 79' lang='grc' dir='ltr'><strong>ἐν</strong></span> <span class='ocrx_word' id='word_1_256' title='bbox 2811 1854 2887 1921; x_wconf 84' lang='grc' dir='ltr'><strong>τῷ</strong></span> <span class='ocrx_word' id='word_1_257' title='bbox 2925 1853 3149 1923; x_wconf 84' lang='grc' dir='ltr'>ὀνόματι</span> <span class='ocrx_word' id='word_1_258' title='bbox 3199 1850 3411 1919; x_wconf 80' lang='grc' dir='ltr'>Κυρίου</span> <span class='ocrx_word' id='word_1_259' title='bbox 3456 1847 3709 1917; x_wconf 77' lang='grc' dir='ltr'>ἠγαλλιά-</span> 
     </span>
    </p>
   </div>
   <div class='ocr_carea' id='block_1_34' title="bbox 2148 1937 3712 2013">
    <p class='ocr_par' dir='ltr' id='par_1_34' title="bbox 2148 1937 3712 2013">
     <span class='ocr_line' id='line_1_34' title="bbox 2148 1937 3712 2013; baseline -0.005 -14"><span class='ocrx_word' id='word_1_260' title='bbox 2148 1964 2332 2013; x_wconf 87' lang='grc' dir='ltr'>σαντο,</span> <span class='ocrx_word' id='word_1_261' title='bbox 2366 1947 2461 2001; x_wconf 73' lang='grc' dir='ltr'>καὶ</span> <span class='ocrx_word' id='word_1_262' title='bbox 2500 1949 2580 2010; x_wconf 88' lang='grc' dir='ltr'><strong>εἰς</strong></span> <span class='ocrx_word' id='word_1_263' title='bbox 2608 1945 2755 1999; x_wconf 81' lang='grc' dir='ltr'>τοῦτ’</span> <span class='ocrx_word' id='word_1_264' title='bbox 2799 1945 3046 2012; x_wconf 83' lang='grc' dir='ltr'>ἀνάγκης</span> <span class='ocrx_word' id='word_1_265' title='bbox 3094 1937 3165 2013; x_wconf 79' lang='grc' dir='ltr'>ἦν</span> <span class='ocrx_word' id='word_1_266' title='bbox 3202 1942 3263 1995; x_wconf 78' lang='grc' dir='ltr'><strong>τὸ</strong></span> <span class='ocrx_word' id='word_1_267' title='bbox 3291 1940 3712 2011; x_wconf 82' lang='grc' dir='ltr'>περιιστάμενον</span> 
     </span>
    </p>
   </div>
   <div class='ocr_carea' id='block_1_35' title="bbox 2147 2027 3708 2105">
    <p class='ocr_par' dir='ltr' id='par_1_35' title="bbox 2147 2027 3708 2105">
     <span class='ocr_line' id='line_1_35' title="bbox 2147 2027 3708 2105; baseline -0.006 -16"><span class='ocrx_word' id='word_1_268' title='bbox 2147 2035 2247 2099; x_wconf 82' lang='grc' dir='ltr'>τὰς</span> <span class='ocrx_word' id='word_1_269' title='bbox 2297 2038 2413 2088; x_wconf 80' lang='grc' dir='ltr'>ἐκεῖ</span> <span class='ocrx_word' id='word_1_270' title='bbox 2458 2034 2898 2105; x_wconf 88' lang='grc' dir='ltr'>θαυματοποιίας</span> <span class='ocrx_word' id='word_1_271' title='bbox 2933 2031 3132 2086; x_wconf 66' lang='grc' dir='ltr'>εἰδέναι</span> <span class='ocrx_word' id='word_1_272' title='bbox 3186 2031 3284 2085; x_wconf 72' lang='grc' dir='ltr'><strong>καὶ</strong></span> <span class='ocrx_word' id='word_1_273' title='bbox 3329 2028 3560 2090; x_wconf 84' lang='grc' dir='ltr'>ταύταις</span> <span class='ocrx_word' id='word_1_274' title='bbox 3611 2027 3708 2094; x_wconf 83' lang='grc' dir='ltr'>τῆς</span> 
     </span>
    </p>
   </div>
   <div class='ocr_carea' id='block_1_36' title="bbox 470 2117 2052 2202">
    <p class='ocr_par' dir='ltr' id='par_1_36' title="bbox 470 2127 2045 2202">
     <span class='ocr_line' id='line_1_36' title="bbox 470 2127 2045 2202; baseline -0.005 -16"><span class='ocrx_word' id='word_1_275' title='bbox 470 2134 709 2202; x_wconf 87' lang='lat' dir='ltr'><strong>primum</strong></span> <span class='ocrx_word' id='word_1_276' title='bbox 733 2148 874 2201; x_wconf 84' lang='lat' dir='ltr'><strong>opus</strong></span> <span class='ocrx_word' id='word_1_277' title='bbox 898 2141 1018 2187; x_wconf 89' lang='lat' dir='ltr'><strong>erat</strong></span> <span class='ocrx_word' id='word_1_278' title='bbox 1043 2140 1103 2185; x_wconf 89' lang='lat' dir='ltr'><strong>ut</strong></span> <span class='ocrx_word' id='word_1_279' title='bbox 1141 2147 1170 2185; x_wconf 88' lang='lat' dir='ltr'><strong>a</strong></span> <span class='ocrx_word' id='word_1_280' title='bbox 1199 2131 1333 2185; x_wconf 88' lang='lat' dir='ltr'><strong>viris</strong></span> <span class='ocrx_word' id='word_1_281' title='bbox 1358 2131 1535 2184; x_wconf 89' lang='lat' dir='ltr'><strong>doctis</strong></span> <span class='ocrx_word' id='word_1_282' title='bbox 1573 2145 1695 2199; x_wconf 73' lang='lat' dir='ltr'><strong>qua:</strong></span> <span class='ocrx_word' id='word_1_283' title='bbox 1742 2138 1888 2182; x_wconf 86' lang='lat' dir='ltr'><strong>certa</strong></span> <span class='ocrx_word' id='word_1_284' title='bbox 1935 2127 2045 2182; x_wconf 84' lang='lat' dir='ltr'><strong>sint</strong></span> 
     </span>
    </p>
   </div>
   <div class='ocr_carea' id='block_1_37' title="bbox 2155 2117 3712 2202">
    <p class='ocr_par' dir='ltr' id='par_1_37' title="bbox 2155 2117 3712 2195">
     <span class='ocr_line' id='line_1_37' title="bbox 2155 2117 3712 2195; baseline -0.004 -19"><span class='ocrx_word' id='word_1_285' title='bbox 2155 2126 2577 2195; x_wconf 76' lang='grc' dir='ltr'>προσκυνήσεως</span> <span class='ocrx_word' id='word_1_286' title='bbox 2603 2124 2789 2193; x_wconf 82' lang='grc' dir='ltr'>νέμειν</span> <span class='ocrx_word' id='word_1_287' title='bbox 2811 2123 2871 2176; x_wconf 77' lang='grc' dir='ltr'>τὸ</span> <span class='ocrx_word' id='word_1_288' title='bbox 2899 2121 2963 2194; x_wconf 72' lang='grc' dir='ltr'><strong>[ί.</strong></span> <span class='ocrx_word' id='word_1_289' title='bbox 2993 2121 3085 2177; x_wconf 77' lang='grc'><strong>161</strong></span> <span class='ocrx_word' id='word_1_290' title='bbox 3122 2120 3199 2193; x_wconf 80' lang='grc' dir='ltr'><strong>υ.]</strong></span> <span class='ocrx_word' id='word_1_291' title='bbox 3229 2120 3550 2190; x_wconf 87' lang='grc' dir='ltr'>κράτιστον,</span> <span class='ocrx_word' id='word_1_292' title='bbox 3572 2117 3712 2185; x_wconf 55' lang='grc' dir='ltr'>πρῶ-</span> 
     </span>
    </p>
   </div>
   <div class='ocr_carea' id='block_1_38' title="bbox 470 2211 2052 2298">
    <p class='ocr_par' dir='ltr' id='par_1_38' title="bbox 470 2223 2047 2298">
     <span class='ocr_line' id='line_1_38' title="bbox 470 2223 2047 2298; baseline -0.006 -15"><span class='ocrx_word' id='word_1_293' title='bbox 470 2239 725 2284; x_wconf 89' lang='lat' dir='ltr'><strong>accurate</strong></span> <span class='ocrx_word' id='word_1_294' title='bbox 758 2229 1194 2298; x_wconf 89' lang='lat' dir='ltr'><strong>inquirerentur,</strong></span> <span class='ocrx_word' id='word_1_295' title='bbox 1224 2227 1389 2298; x_wconf 77' lang='lat'><strong>398</strong></span> <span class='ocrx_word' id='word_1_296' title='bbox 1414 2241 1592 2295; x_wconf 90' lang='lat' dir='ltr'><strong>neque</strong></span> <span class='ocrx_word' id='word_1_297' title='bbox 1632 2224 1929 2294; x_wconf 85' lang='lat' dir='ltr'><strong>quidquam</strong></span> <span class='ocrx_word' id='word_1_298' title='bbox 1962 2223 2047 2276; x_wconf 86' lang='lat' dir='ltr'><strong>in-</strong></span> 
     </span>
    </p>
   </div>
   <div class='ocr_carea' id='block_1_39' title="bbox 2155 2211 3712 2298">
    <p class='ocr_par' dir='ltr' id='par_1_39' title="bbox 2155 2211 3712 2286">
     <span class='ocr_line' id='line_1_39' title="bbox 2155 2211 3712 2286; baseline -0.004 -20"><span class='ocrx_word' id='word_1_299' title='bbox 2155 2233 2240 2267; x_wconf 85' lang='grc' dir='ltr'><strong>τον</strong></span> <span class='ocrx_word' id='word_1_300' title='bbox 2270 2215 2369 2286; x_wconf 76' lang='grc' dir='ltr'>μὲν</span> <span class='ocrx_word' id='word_1_301' title='bbox 2401 2215 2580 2280; x_wconf 84' lang='grc' dir='ltr'>σοφῶν</span> <span class='ocrx_word' id='word_1_302' title='bbox 2624 2214 2837 2283; x_wconf 85' lang='grc' dir='ltr'>ἀνδρῶν</span> <span class='ocrx_word' id='word_1_303' title='bbox 2865 2214 3036 2267; x_wconf 83' lang='grc' dir='ltr'>ἐδεῖτο</span> <span class='ocrx_word' id='word_1_304' title='bbox 3076 2213 3213 2281; x_wconf 85' lang='grc' dir='ltr'>πρὸς</span> <span class='ocrx_word' id='word_1_305' title='bbox 3239 2211 3472 2282; x_wconf 76' lang='grc' dir='ltr'>ἔρευναν</span> <span class='ocrx_word' id='word_1_306' title='bbox 3511 2211 3712 2275; x_wconf 85' lang='grc' dir='ltr'>τάσφα-</span> 
     </span>
    </p>
   </div>
   <div class='ocr_carea' id='block_1_40' title="bbox 468 2302 2052 2391">
    <p class='ocr_par' dir='ltr' id='par_1_40' title="bbox 468 2314 2047 2391">
     <span class='ocr_line' id='line_1_40' title="bbox 468 2314 2047 2391; baseline -0.004 -17"><span class='ocrx_word' id='word_1_307' title='bbox 468 2321 671 2391; x_wconf 75' lang='lat' dir='ltr'><strong>iustius</strong></span> <span class='ocrx_word' id='word_1_308' title='bbox 727 2329 840 2374; x_wconf 89' lang='lat' dir='ltr'><strong>erat</strong></span> <span class='ocrx_word' id='word_1_309' title='bbox 899 2334 1061 2390; x_wconf 86' lang='lat' dir='ltr'><strong>quam</strong></span> <span class='ocrx_word' id='word_1_310' title='bbox 1117 2319 1184 2373; x_wconf 87' lang='lat' dir='ltr'><strong>de</strong></span> <span class='ocrx_word' id='word_1_311' title='bbox 1215 2332 1285 2372; x_wconf 91' lang='lat' dir='ltr'><strong>co</strong></span> <span class='ocrx_word' id='word_1_312' title='bbox 1318 2317 1412 2388; x_wconf 91' lang='lat' dir='ltr'><strong>qui</strong></span> <span class='ocrx_word' id='word_1_313' title='bbox 1445 2317 1514 2371; x_wconf 86' lang='lat' dir='ltr'><strong>de</strong></span> <span class='ocrx_word' id='word_1_314' title='bbox 1561 2327 1745 2370; x_wconf 88' lang='lat' dir='ltr'><strong>nostra</strong></span> <span class='ocrx_word' id='word_1_315' title='bbox 1798 2314 2047 2369; x_wconf 87' lang='lat' dir='ltr'><strong>doctrina</strong></span> 
     </span>
    </p>
   </div>
   <div class='ocr_carea' id='block_1_41' title="bbox 2155 2302 3710 2391">
    <p class='ocr_par' dir='ltr' id='par_1_41' title="bbox 2155 2302 3710 2379">
     <span class='ocr_line' id='line_1_41' title="bbox 2155 2302 3710 2379; baseline -0.005 -18"><span class='ocrx_word' id='word_1_316' title='bbox 2155 2309 2271 2371; x_wconf 77' lang='grc' dir='ltr'>λοῦς</span> <span class='ocrx_word' id='word_1_317' title='bbox 2298 2308 2526 2379; x_wconf 85' lang='grc' dir='ltr'>ἀκριϐῆ,</span> <span class='ocrx_word' id='word_1_318' title='bbox 2565 2309 2662 2364; x_wconf 78' lang='grc' dir='ltr'>καὶ</span> <span class='ocrx_word' id='word_1_319' title='bbox 2700 2306 2852 2361; x_wconf 82' lang='grc' dir='ltr'>οὐδὲν</span> <span class='ocrx_word' id='word_1_320' title='bbox 2900 2307 2966 2360; x_wconf 83' lang='grc' dir='ltr'>ἃν</span> <span class='ocrx_word' id='word_1_321' title='bbox 2992 2302 3060 2377; x_wconf 79' lang='grc' dir='ltr'>ἦν</span> <span class='ocrx_word' id='word_1_322' title='bbox 3090 2306 3426 2373; x_wconf 79' lang='grc' dir='ltr'>ἀδικώτερον</span> <span class='ocrx_word' id='word_1_323' title='bbox 3459 2302 3597 2358; x_wconf 88' lang='grc' dir='ltr'><strong>κατά</strong></span> <span class='ocrx_word' id='word_1_324' title='bbox 3624 2303 3710 2355; x_wconf 82' lang='grc' dir='ltr'><strong>τδν</strong></span> 
     </span>
    </p>
   </div>
   <div class='ocr_carea' id='block_1_42' title="bbox 460 2389 2052 2478">
    <p class='ocr_par' dir='ltr' id='par_1_42' title="bbox 460 2389 2049 2478">
     <span class='ocr_line' id='line_1_42' title="bbox 460 2389 2049 2478; baseline -0.004 -17"><span class='ocrx_word' id='word_1_325' title='bbox 460 2389 804 2478; x_wconf 71' lang='lat' dir='ltr'><strong>loquebatur</strong></span> <span class='ocrx_word' id='word_1_326' title='bbox 825 2409 871 2464; x_wconf 89' lang='lat' dir='ltr'><strong>si</strong></span> <span class='ocrx_word' id='word_1_327' title='bbox 902 2424 1095 2464; x_wconf 83' lang='lat' dir='ltr'><strong>revera</strong></span> <span class='ocrx_word' id='word_1_328' title='bbox 1133 2408 1236 2462; x_wconf 90' lang='lat' dir='ltr'><strong>viri</strong></span> <span class='ocrx_word' id='word_1_329' title='bbox 1263 2406 1412 2462; x_wconf 90' lang='lat' dir='ltr'><strong>docti</strong></span> <span class='ocrx_word' id='word_1_330' title='bbox 1453 2406 1748 2475; x_wconf 90' lang='lat' dir='ltr'><strong>plurimum</strong></span> <span class='ocrx_word' id='word_1_331' title='bbox 1796 2404 2049 2457; x_wconf 61' lang='lat' dir='ltr'><strong>valebant</strong></span> 
     </span>
    </p>
   </div>
   <div class='ocr_carea' id='block_1_43' title="bbox 2155 2389 3710 2478">
    <p class='ocr_par' dir='ltr' id='par_1_43' title="bbox 2155 2389 3710 2471">
     <span class='ocr_line' id='line_1_43' title="bbox 2155 2389 3710 2471; baseline -0.006 -16"><span class='ocrx_word' id='word_1_332' title='bbox 2155 2402 2377 2455; x_wconf 79' lang='grc' dir='ltr'>εἰπόντα</span> <span class='ocrx_word' id='word_1_333' title='bbox 2398 2401 2498 2469; x_wconf 86' lang='grc' dir='ltr'>τῆς</span> <span class='ocrx_word' id='word_1_334' title='bbox 2526 2400 2807 2471; x_wconf 79' lang='grc' dir='ltr'>ἡμετέρας</span> <span class='ocrx_word' id='word_1_335' title='bbox 2834 2398 3093 2461; x_wconf 87' lang='grc' dir='ltr'>πίστεως,</span> <span class='ocrx_word' id='word_1_336' title='bbox 3125 2399 3173 2452; x_wconf 83' lang='grc' dir='ltr'><strong>εί</strong></span> <span class='ocrx_word' id='word_1_337' title='bbox 3200 2396 3260 2450; x_wconf 79' lang='grc' dir='ltr'>τὸ</span> <span class='ocrx_word' id='word_1_338' title='bbox 3295 2396 3466 2448; x_wconf 80' lang='grc' dir='ltr'>πλέον</span> <span class='ocrx_word' id='word_1_339' title='bbox 3501 2389 3643 2463; x_wconf 73' lang='grc' dir='ltr'>εἶχον</span> <span class='ocrx_word' id='word_1_340' title='bbox 3665 2392 3710 2445; x_wconf 73' lang='grc' dir='ltr'>οἱ</span> 
     </span>
    </p>
   </div>
   <div class='ocr_carea' id='block_1_44' title="bbox 474 2484 2052 2574">
    <p class='ocr_par' dir='ltr' id='par_1_44' title="bbox 474 2496 2049 2574">
     <span class='ocr_line' id='line_1_44' title="bbox 474 2496 2049 2574; baseline -0.006 -15"><span class='ocrx_word' id='word_1_341' title='bbox 474 2519 789 2574; x_wconf 87' lang='lat' dir='ltr'><strong>quanquam</strong></span> <span class='ocrx_word' id='word_1_342' title='bbox 850 2518 955 2556; x_wconf 90' lang='lat' dir='ltr'><strong>non</strong></span> <span class='ocrx_word' id='word_1_343' title='bbox 1006 2502 1198 2556; x_wconf 86' lang='lat' dir='ltr'><strong>eadem</strong></span> <span class='ocrx_word' id='word_1_344' title='bbox 1250 2499 1481 2555; x_wconf 79' lang='lat' dir='ltr'><strong>facultas</strong></span> <span class='ocrx_word' id='word_1_345' title='bbox 1525 2497 1736 2552; x_wconf 71' lang='lat' dir='ltr'><strong>caeteris</strong></span> <span class='ocrx_word' id='word_1_346' title='bbox 1792 2496 2049 2551; x_wconf 87' lang='lat' dir='ltr'><strong>omnibus</strong></span> 
     </span>
    </p>
   </div>
   <div class='ocr_carea' id='block_1_45' title="bbox 2155 2484 3711 2574">
    <p class='ocr_par' dir='ltr' id='par_1_45' title="bbox 2155 2484 3711 2561">
     <span class='ocr_line' id='line_1_45' title="bbox 2155 2484 3711 2561; baseline -0.006 -16"><span class='ocrx_word' id='word_1_347' title='bbox 2155 2496 2324 2561; x_wconf 74' lang='grc' dir='ltr'>σοφοὶ,</span> <span class='ocrx_word' id='word_1_348' title='bbox 2379 2493 2469 2545; x_wconf 74' lang='grc' dir='ltr'><strong>καὶ</strong></span> <span class='ocrx_word' id='word_1_349' title='bbox 2515 2491 2615 2544; x_wconf 77' lang='grc' dir='ltr'><strong>οὐκ</strong></span> <span class='ocrx_word' id='word_1_350' title='bbox 2653 2490 2744 2546; x_wconf 75' lang='grc' dir='ltr'>ἐπ’</span> <span class='ocrx_word' id='word_1_351' title='bbox 2772 2490 2896 2561; x_wconf 86' lang='grc' dir='ltr'>ῐσης</span> <span class='ocrx_word' id='word_1_352' title='bbox 2934 2488 3027 2543; x_wconf 77' lang='grc' dir='ltr'>τοῦ</span> <span class='ocrx_word' id='word_1_353' title='bbox 3063 2488 3338 2552; x_wconf 82' lang='grc' dir='ltr'>σώζεσθαι</span> <span class='ocrx_word' id='word_1_354' title='bbox 3379 2490 3516 2541; x_wconf 82' lang='grc' dir='ltr'>πᾶσι</span> <span class='ocrx_word' id='word_1_355' title='bbox 3552 2484 3711 2556; x_wconf 68' lang='grc' dir='ltr'>μετῆν</span> 
     </span>
    </p>
   </div>
   <div class='ocr_carea' id='block_1_46' title="bbox 475 2588 2048 2664">
    <p class='ocr_par' dir='ltr' id='par_1_46' title="bbox 475 2588 2048 2664">
     <span class='ocr_line' id='line_1_46' title="bbox 475 2588 2048 2664; baseline -0.005 -15"><span class='ocrx_word' id='word_1_356' title='bbox 475 2596 656 2650; x_wconf 84' lang='lat' dir='ltr'><strong>inerat</strong></span> <span class='ocrx_word' id='word_1_357' title='bbox 687 2597 777 2664; x_wconf 90' lang='lat' dir='ltr'><strong>qui</strong></span> <span class='ocrx_word' id='word_1_358' title='bbox 813 2593 1096 2648; x_wconf 86' lang='lat' dir='ltr'><strong>nobiscum</strong></span> <span class='ocrx_word' id='word_1_359' title='bbox 1121 2593 1327 2647; x_wconf 86' lang='lat' dir='ltr'><strong>faciunt</strong></span> <span class='ocrx_word' id='word_1_360' title='bbox 1361 2590 1717 2659; x_wconf 87' lang='lat' dir='ltr'><strong>eamdemque</strong></span> <span class='ocrx_word' id='word_1_361' title='bbox 1743 2588 2048 2643; x_wconf 86' lang='lat' dir='ltr'><strong>doctrinam</strong></span> 
     </span>
    </p>
   </div>
   <div class='ocr_carea' id='block_1_47' title="bbox 478 2680 2052 2755">
    <p class='ocr_par' dir='ltr' id='par_1_47' title="bbox 478 2680 2052 2755">
     <span class='ocr_line' id='line_1_47' title="bbox 478 2680 2052 2755; baseline -0.005 -14"><span class='ocrx_word' id='word_1_362' title='bbox 478 2687 712 2751; x_wconf 81' lang='lat' dir='ltr'><strong>habent,</strong></span> <span class='ocrx_word' id='word_1_363' title='bbox 752 2700 1021 2755; x_wconf 74' lang='lat' dir='ltr'><strong>quzererc,</strong></span> <span class='ocrx_word' id='word_1_364' title='bbox 1050 2700 1182 2739; x_wconf 90' lang='lat' dir='ltr'><strong>num</strong></span> <span class='ocrx_word' id='word_1_365' title='bbox 1213 2700 1245 2739; x_wconf 91' lang='lat' dir='ltr'><strong>e</strong></span> <span class='ocrx_word' id='word_1_366' title='bbox 1277 2697 1507 2737; x_wconf 87' lang='lat' dir='ltr'><strong>numero</strong></span> <span class='ocrx_word' id='word_1_367' title='bbox 1539 2691 1785 2737; x_wconf 90' lang='lat' dir='ltr'><strong>sutorum</strong></span> <span class='ocrx_word' id='word_1_368' title='bbox 1809 2690 1907 2735; x_wconf 91' lang='lat' dir='ltr'><strong>aut</strong></span> <span class='ocrx_word' id='word_1_369' title='bbox 1945 2680 2052 2734; x_wconf 82' lang='lat' dir='ltr'><strong>fos—</strong></span> 
     </span>
    </p>
   </div>
   <div class='ocr_carea' id='block_1_48' title="bbox 475 2772 2052 2846">
    <p class='ocr_par' dir='ltr' id='par_1_48' title="bbox 475 2772 2052 2846">
     <span class='ocr_line' id='line_1_48' title="bbox 475 2772 2052 2846; baseline -0.006 -10"><span class='ocrx_word' id='word_1_370' title='bbox 475 2795 663 2836; x_wconf 72' lang='lat' dir='ltr'><strong>sorum</strong></span> <span class='ocrx_word' id='word_1_371' title='bbox 698 2786 791 2832; x_wconf 89' lang='lat' dir='ltr'><strong>aut</strong></span> <span class='ocrx_word' id='word_1_372' title='bbox 822 2777 1192 2846; x_wconf 82' lang='lat' dir='ltr'><strong>sophistarum</strong></span> <span class='ocrx_word' id='word_1_373' title='bbox 1223 2784 1391 2831; x_wconf 88' lang='lat' dir='ltr'><strong>esset.</strong></span> <span class='ocrx_word' id='word_1_374' title='bbox 1431 2772 1637 2829; x_wconf 86' lang='lat' dir='ltr'><strong>Deinde</strong></span> <span class='ocrx_word' id='word_1_375' title='bbox 1666 2781 1848 2828; x_wconf 88' lang='lat' dir='ltr'><strong>autem</strong></span> <span class='ocrx_word' id='word_1_376' title='bbox 1878 2775 2052 2828; x_wconf 83' lang='lat' dir='ltr'><strong>fateor</strong></span> 
     </span>
    </p>
   </div>
   <div class='ocr_carea' id='block_1_49' title="bbox 479 2865 2049 2937">
    <p class='ocr_par' dir='ltr' id='par_1_49' title="bbox 479 2865 2049 2937">
     <span class='ocr_line' id='line_1_49' title="bbox 479 2865 2049 2937; baseline -0.006 -10"><span class='ocrx_word' id='word_1_377' title='bbox 479 2874 525 2928; x_wconf 85' lang='lat' dir='ltr'><strong>si</strong></span> <span class='ocrx_word' id='word_1_378' title='bbox 587 2872 737 2927; x_wconf 89' lang='lat' dir='ltr'><strong>nullo</strong></span> <span class='ocrx_word' id='word_1_379' title='bbox 799 2869 962 2924; x_wconf 86' lang='lat' dir='ltr'><strong>modo</strong></span> <span class='ocrx_word' id='word_1_380' title='bbox 1003 2869 1259 2925; x_wconf 76' lang='lat' dir='ltr'><strong>evitabile</strong></span> <span class='ocrx_word' id='word_1_381' title='bbox 1312 2875 1372 2923; x_wconf 89' lang='lat' dir='ltr'><strong>et</strong></span> <span class='ocrx_word' id='word_1_382' title='bbox 1422 2880 1649 2937; x_wconf 84' lang='lat' dir='ltr'><strong>prorsus</strong></span> <span class='ocrx_word' id='word_1_383' title='bbox 1681 2865 2049 2920; x_wconf 89' lang='lat' dir='ltr'><strong>necessarium</strong></span> 
     </span>
    </p>
   </div>
   <div class='ocr_carea' id='block_1_50' title="bbox 476 2955 2052 3030">
    <p class='ocr_par' dir='ltr' id='par_1_50' title="bbox 476 2955 2052 3030">
     <span class='ocr_line' id='line_1_50' title="bbox 476 2955 2052 3030; baseline -0.006 -13"><span class='ocrx_word' id='word_1_384' title='bbox 476 2963 691 3024; x_wconf 86' lang='lat' dir='ltr'><strong>fuisset,</strong></span> <span class='ocrx_word' id='word_1_385' title='bbox 744 2977 833 3016; x_wconf 88' lang='lat' dir='ltr'><strong>me</strong></span> <span class='ocrx_word' id='word_1_386' title='bbox 887 2975 1232 3030; x_wconf 82' lang='lat' dir='ltr'><strong>neqanuam</strong></span> <span class='ocrx_word' id='word_1_387' title='bbox 1310 2958 1383 3014; x_wconf 88' lang='lat' dir='ltr'><strong>ibi</strong></span> <span class='ocrx_word' id='word_1_388' title='bbox 1460 2957 1793 3012; x_wconf 88' lang='lat' dir='ltr'><strong>omissurum</strong></span> <span class='ocrx_word' id='word_1_389' title='bbox 1883 2955 2052 3008; x_wconf 87' lang='lat' dir='ltr'><strong>fuisse</strong></span> 
     </span>
    </p>
   </div>
   <div class='ocr_carea' id='block_1_51' title="bbox 476 3046 2049 3118">
    <p class='ocr_par' dir='ltr' id='par_1_51' title="bbox 476 3046 2049 3118">
     <span class='ocr_line' id='line_1_51' title="bbox 476 3046 2049 3118; baseline -0.005 -11"><span class='ocrx_word' id='word_1_390' title='bbox 476 3056 645 3111; x_wconf 83' lang='lat' dir='ltr'><strong>verba</strong></span> <span class='ocrx_word' id='word_1_391' title='bbox 678 3056 879 3118; x_wconf 86' lang='lat' dir='ltr'><strong>facere,</strong></span> <span class='ocrx_word' id='word_1_392' title='bbox 905 3070 973 3111; x_wconf 87' lang='lat' dir='ltr'><strong>eo</strong></span> <span class='ocrx_word' id='word_1_393' title='bbox 1003 3063 1062 3107; x_wconf 89' lang='lat' dir='ltr'><strong>ut</strong></span> <span class='ocrx_word' id='word_1_394' title='bbox 1092 3067 1340 3107; x_wconf 77' lang='lat' dir='ltr'><strong>caverem</strong></span> <span class='ocrx_word' id='word_1_395' title='bbox 1376 3051 1509 3105; x_wconf 91' lang='lat' dir='ltr'><strong>mibi</strong></span> <span class='ocrx_word' id='word_1_396' title='bbox 1541 3066 1608 3105; x_wconf 91' lang='lat' dir='ltr'><strong>ne</strong></span> <span class='ocrx_word' id='word_1_397' title='bbox 1640 3047 1896 3103; x_wconf 88' lang='lat' dir='ltr'><strong>ludibriis</strong></span> <span class='ocrx_word' id='word_1_398' title='bbox 1916 3046 2049 3100; x_wconf 82' lang='lat' dir='ltr'><strong>mihi</strong></span> 
     </span>
    </p>
   </div>
   <div class='ocr_carea' id='block_1_52' title="bbox 477 3137 2054 3215">
    <p class='ocr_par' dir='ltr' id='par_1_52' title="bbox 477 3137 2054 3215">
     <span class='ocr_line' id='line_1_52' title="bbox 477 3137 2054 3215; baseline -0.006 -14"><span class='ocrx_word' id='word_1_399' title='bbox 477 3149 855 3203; x_wconf 81' lang='lat' dir='ltr'><strong>obtrectarent</strong></span> <span class='ocrx_word' id='word_1_400' title='bbox 877 3160 1093 3215; x_wconf 88' lang='lat' dir='ltr'><strong>unaque</strong></span> <span class='ocrx_word' id='word_1_401' title='bbox 1123 3144 1245 3198; x_wconf 91' lang='lat' dir='ltr'><strong>aliis</strong></span> <span class='ocrx_word' id='word_1_402' title='bbox 1267 3145 1361 3214; x_wconf 88' lang='lat' dir='ltr'><strong>qui</strong></span> <span class='ocrx_word' id='word_1_403' title='bbox 1384 3142 1602 3198; x_wconf 82' lang='lat' dir='ltr'><strong>indocti</strong></span> <span class='ocrx_word' id='word_1_404' title='bbox 1632 3148 1759 3196; x_wconf 85' lang='lat' dir='ltr'><strong>sunt</strong></span> <span class='ocrx_word' id='word_1_405' title='bbox 1789 3155 1859 3193; x_wconf 91' lang='lat' dir='ltr'><strong>ne</strong></span> <span class='ocrx_word' id='word_1_406' title='bbox 1894 3137 2054 3194; x_wconf 87' lang='lat' dir='ltr'><strong>facile</strong></span> 
     </span>
    </p>
   </div>
   <div class='ocr_carea' id='block_1_53' title="bbox 480 3233 2052 3307">
    <p class='ocr_par' dir='ltr' id='par_1_53' title="bbox 480 3233 2052 3307">
     <span class='ocr_line' id='line_1_53' title="bbox 480 3233 2052 3307; baseline -0.006 -12"><span class='ocrx_word' id='word_1_407' title='bbox 480 3257 511 3295; x_wconf 90' lang='lat' dir='ltr'><strong>a</strong></span> <span class='ocrx_word' id='word_1_408' title='bbox 586 3240 835 3295; x_wconf 87' lang='lat' dir='ltr'><strong>scelestis</strong></span> <span class='ocrx_word' id='word_1_409' title='bbox 913 3237 1207 3307; x_wconf 87' lang='lat' dir='ltr'><strong>impietatis</strong></span> <span class='ocrx_word' id='word_1_410' title='bbox 1263 3236 1589 3306; x_wconf 66' lang='lat' dir='ltr'><strong>praesidibus</strong></span> <span class='ocrx_word' id='word_1_411' title='bbox 1642 3233 2052 3301; x_wconf 84' lang='lat' dir='ltr'><strong>deciperentur.</strong></span> 
     </span>
    </p>
   </div>
   <div class='ocr_carea' id='block_1_54' title="bbox 477 3322 2051 3388">
    <p class='ocr_par' dir='ltr' id='par_1_54' title="bbox 477 3322 2051 3388">
     <span class='ocr_line' id='line_1_54' title="bbox 477 3322 2051 3388; baseline -0.009 0"><span class='ocrx_word' id='word_1_412' title='bbox 477 3332 639 3388; x_wconf 85' lang='lat' dir='ltr'><strong>Nunc</strong></span> <span class='ocrx_word' id='word_1_413' title='bbox 679 3346 811 3386; x_wconf 90' lang='lat' dir='ltr'><strong>vero</strong></span> <span class='ocrx_word' id='word_1_414' title='bbox 868 3343 992 3385; x_wconf 87' lang='lat' dir='ltr'><strong>cum</strong></span> <span class='ocrx_word' id='word_1_415' title='bbox 1050 3344 1245 3383; x_wconf 85' lang='lat' dir='ltr'><strong>vanam</strong></span> <span class='ocrx_word' id='word_1_416' title='bbox 1293 3342 1486 3384; x_wconf 86' lang='lat' dir='ltr'><strong>eorum</strong></span> <span class='ocrx_word' id='word_1_417' title='bbox 1532 3322 2051 3380; x_wconf 87' lang='lat' dir='ltr'><strong>demonstrationem</strong></span> 
     </span>
    </p>
   </div>
   <div class='ocr_carea' id='block_1_55' title="bbox 2149 2576 3715 2654">
    <p class='ocr_par' dir='ltr' id='par_1_55' title="bbox 2149 2576 3715 2654">
     <span class='ocr_line' id='line_1_55' title="bbox 2149 2576 3715 2654; baseline -0.004 -17"><span class='ocrx_word' id='word_1_418' title='bbox 2149 2584 2449 2653; x_wconf 81' lang='grc' dir='ltr'>ὁμοφύλοις</span> <span class='ocrx_word' id='word_1_419' title='bbox 2480 2584 2573 2637; x_wconf 77' lang='grc' dir='ltr'><strong>καί</strong></span> <span class='ocrx_word' id='word_1_420' title='bbox 2607 2583 2958 2654; x_wconf 79' lang='grc' dir='ltr'>ὁμογνώμοσι</span> <span class='ocrx_word' id='word_1_421' title='bbox 2992 2583 3090 2650; x_wconf 69' lang='grc' dir='ltr'><strong>τὴν</strong></span> <span class='ocrx_word' id='word_1_422' title='bbox 3130 2580 3444 2643; x_wconf 82' lang='grc' dir='ltr'>εὐσέϐειαν,</span> <span class='ocrx_word' id='word_1_423' title='bbox 3475 2579 3585 2632; x_wconf 83' lang='grc' dir='ltr'>είτε</span> <span class='ocrx_word' id='word_1_424' title='bbox 3612 2576 3715 2630; x_wconf 84' lang='grc' dir='ltr'><strong>τῶν</strong></span> 
     </span>
    </p>
   </div>
   <div class='ocr_carea' id='block_1_56' title="bbox 2152 2670 3714 2745">
    <p class='ocr_par' dir='ltr' id='par_1_56' title="bbox 2152 2670 3714 2745">
     <span class='ocr_line' id='line_1_56' title="bbox 2152 2670 3714 2745; baseline -0.006 -15"><span class='ocrx_word' id='word_1_425' title='bbox 2152 2679 2399 2731; x_wconf 82' lang='grc' dir='ltr'>σκυτέων</span> <span class='ocrx_word' id='word_1_426' title='bbox 2446 2693 2530 2739; x_wconf 86' lang='grc' dir='ltr'><strong>τις</strong></span> <span class='ocrx_word' id='word_1_427' title='bbox 2566 2677 2651 2745; x_wconf 81' lang='grc' dir='ltr'><strong>εἰη</strong></span> <span class='ocrx_word' id='word_1_428' title='bbox 2678 2677 2774 2729; x_wconf 84' lang='grc' dir='ltr'><strong>καί</strong></span> <span class='ocrx_word' id='word_1_429' title='bbox 2806 2674 3130 2729; x_wconf 86' lang='grc' dir='ltr'>σκαπανέων</span> <span class='ocrx_word' id='word_1_430' title='bbox 3161 2675 3255 2727; x_wconf 75' lang='grc' dir='ltr'><strong>καί¹</strong></span> <span class='ocrx_word' id='word_1_431' title='bbox 3301 2672 3361 2723; x_wconf 88' lang='grc' dir='ltr'><strong>εῐ</strong></span> <span class='ocrx_word' id='word_1_432' title='bbox 3382 2689 3466 2734; x_wconf 87' lang='grc' dir='ltr'><strong>τις</strong></span> <span class='ocrx_word' id='word_1_433' title='bbox 3498 2670 3606 2723; x_wconf 91' lang='grc' dir='ltr'><strong>τῶν</strong></span> <span class='ocrx_word' id='word_1_434' title='bbox 3632 2686 3714 2721; x_wconf 73' lang='grc' dir='ltr'>σοι</span> 
     </span>
    </p>
   </div>
   <div class='ocr_carea' id='block_1_57' title="bbox 2152 2762 3715 2839">
    <p class='ocr_par' dir='ltr' id='par_1_57' title="bbox 2152 2762 3715 2839">
     <span class='ocr_line' id='line_1_57' title="bbox 2152 2762 3715 2839; baseline -0.006 -17"><span class='ocrx_word' id='word_1_435' title='bbox 2152 2769 2382 2838; x_wconf 86' lang='grc' dir='ltr'>φιστῶν.</span> <span class='ocrx_word' id='word_1_436' title='bbox 2414 2769 2682 2839; x_wconf 85' lang='grc' dir='ltr'>Δεύτερον</span> <span class='ocrx_word' id='word_1_437' title='bbox 2719 2769 2764 2822; x_wconf 91' lang='grc' dir='ltr'>δ’</span> <span class='ocrx_word' id='word_1_438' title='bbox 2785 2769 2997 2836; x_wconf 72' lang='grc' dir='ltr'>εἴποιμι</span> <span class='ocrx_word' id='word_1_439' title='bbox 3022 2766 3088 2820; x_wconf 83' lang='grc' dir='ltr'>ἂν</span> <span class='ocrx_word' id='word_1_440' title='bbox 3119 2765 3193 2828; x_wconf 81' lang='grc' dir='ltr'>ὡς</span> <span class='ocrx_word' id='word_1_441' title='bbox 3219 2766 3297 2827; x_wconf 78' lang='grc' dir='ltr'>εἰς</span> <span class='ocrx_word' id='word_1_442' title='bbox 3333 2763 3509 2832; x_wconf 85' lang='grc' dir='ltr'>βίαιόν</span> <span class='ocrx_word' id='word_1_443' title='bbox 3536 2780 3588 2815; x_wconf 86' lang='grc' dir='ltr'><strong>τι</strong></span> <span class='ocrx_word' id='word_1_444' title='bbox 3628 2762 3715 2813; x_wconf 71' lang='grc' dir='ltr'>καὶ</span> 
     </span>
    </p>
   </div>
   <div class='ocr_carea' id='block_1_58' title="bbox 2153 2854 3716 2932">
    <p class='ocr_par' dir='ltr' id='par_1_58' title="bbox 2153 2854 3716 2932">
     <span class='ocr_line' id='line_1_58' title="bbox 2153 2854 3716 2932; baseline -0.008 -16"><span class='ocrx_word' id='word_1_445' title='bbox 2153 2862 2561 2932; x_wconf 84' lang='grc' dir='ltr'>ἀναπόδραστον</span> <span class='ocrx_word' id='word_1_446' title='bbox 2592 2860 2652 2914; x_wconf 79' lang='grc' dir='ltr'>τὸ</span> <span class='ocrx_word' id='word_1_447' title='bbox 2688 2861 2785 2929; x_wconf 82' lang='grc' dir='ltr'>τῆς</span> <span class='ocrx_word' id='word_1_448' title='bbox 2817 2859 3063 2929; x_wconf 79' lang='grc' dir='ltr'>ἀνάγκης</span> <span class='ocrx_word' id='word_1_449' title='bbox 3106 2857 3362 2910; x_wconf 86' lang='grc' dir='ltr'>ἐνταυθοῖ</span> <span class='ocrx_word' id='word_1_450' title='bbox 3408 2854 3716 2924; x_wconf 83' lang='grc' dir='ltr'>περιίστατο</span> 
     </span>
    </p>
   </div>
   <div class='ocr_carea' id='block_1_59' title="bbox 2149 2944 3715 3022">
    <p class='ocr_par' dir='ltr' id='par_1_59' title="bbox 2149 2944 3715 3022">
     <span class='ocr_line' id='line_1_59' title="bbox 2149 2944 3715 3022; baseline -0.006 -17"><span class='ocrx_word' id='word_1_451' title='bbox 2149 2954 2436 3020; x_wconf 83' lang='grc' dir='ltr'>τρόπαιον,</span> <span class='ocrx_word' id='word_1_452' title='bbox 2472 2953 2600 3022; x_wconf 76' lang='grc' dir='ltr'>περὶ</span> <span class='ocrx_word' id='word_1_453' title='bbox 2630 2950 2825 3005; x_wconf 72' lang='grc' dir='ltr'>πολλοῦ</span> <span class='ocrx_word' id='word_1_454' title='bbox 2878 2948 3029 3019; x_wconf 81' lang='grc' dir='ltr'>μέντ’</span> <span class='ocrx_word' id='word_1_455' title='bbox 3065 2948 3131 3001; x_wconf 75' lang='grc' dir='ltr'>ἂν</span> <span class='ocrx_word' id='word_1_456' title='bbox 3159 2951 3255 3001; x_wconf 74' lang='grc' dir='ltr'><strong>καὶ</strong></span> <span class='ocrx_word' id='word_1_457' title='bbox 3286 2947 3481 3013; x_wconf 81' lang='grc' dir='ltr'>αὐτὸς,</span> <span class='ocrx_word' id='word_1_458' title='bbox 3526 2944 3715 3015; x_wconf 84' lang='grc' dir='ltr'>μᾶλλον</span> 
     </span>
    </p>
   </div>
   <div class='ocr_carea' id='block_1_60' title="bbox 2151 3038 3715 3112">
    <p class='ocr_par' dir='ltr' id='par_1_60' title="bbox 2151 3038 3715 3112">
     <span class='ocr_line' id='line_1_60' title="bbox 2151 3038 3715 3112; baseline -0.008 -13"><span class='ocrx_word' id='word_1_459' title='bbox 2151 3045 2207 3099; x_wconf 80' lang='grc' dir='ltr'>δὲ</span> <span class='ocrx_word' id='word_1_460' title='bbox 2235 3044 2330 3098; x_wconf 81' lang='grc' dir='ltr'>τοῦ</span> <span class='ocrx_word' id='word_1_461' title='bbox 2374 3044 2574 3107; x_wconf 79' lang='grc' dir='ltr'>παντὸς</span> <span class='ocrx_word' id='word_1_462' title='bbox 2605 3041 2906 3112; x_wconf 82' lang='grc' dir='ltr'>ἐποιούμην</span> <span class='ocrx_word' id='word_1_463' title='bbox 2934 3041 2998 3094; x_wconf 74' lang='grc' dir='ltr'>τὸ</span> <span class='ocrx_word' id='word_1_464' title='bbox 3041 3041 3222 3109; x_wconf 82' lang='grc' dir='ltr'>λέγειν</span> <span class='ocrx_word' id='word_1_465' title='bbox 3251 3038 3516 3103; x_wconf 76' lang='grc' dir='ltr'>ἐνταῦθα,</span> <span class='ocrx_word' id='word_1_466' title='bbox 3559 3038 3715 3104; x_wconf 79' lang='grc' dir='ltr'>ἐμαυ-</span> 
     </span>
    </p>
   </div>
   <div class='ocr_carea' id='block_1_61' title="bbox 2150 3128 3709 3208">
    <p class='ocr_par' dir='ltr' id='par_1_61' title="bbox 2150 3128 3709 3208">
     <span class='ocr_line' id='line_1_61' title="bbox 2150 3128 3709 3208; baseline -0.008 -18"><span class='ocrx_word' id='word_1_467' title='bbox 2150 3139 2249 3192; x_wconf 76' lang='grc' dir='ltr'>τοῦ</span> <span class='ocrx_word' id='word_1_468' title='bbox 2283 3155 2342 3191; x_wconf 86' lang='grc' dir='ltr'><strong>τε</strong></span> <span class='ocrx_word' id='word_1_469' title='bbox 2380 3135 2859 3208; x_wconf 78' lang='grc' dir='ltr'>προμηθούμενος,</span> <span class='ocrx_word' id='word_1_470' title='bbox 2915 3133 2990 3195; x_wconf 83' lang='grc' dir='ltr'>ὡς</span> <span class='ocrx_word' id='word_1_471' title='bbox 3045 3133 3119 3201; x_wconf 83' lang='grc' dir='ltr'>μὴ</span> <span class='ocrx_word' id='word_1_472' title='bbox 3171 3130 3566 3200; x_wconf 82' lang='grc' dir='ltr'>διαϐαλλοίμην</span> <span class='ocrx_word' id='word_1_473' title='bbox 3609 3128 3709 3187; x_wconf 83' lang='grc' dir='ltr'>τοῖς</span> 
     </span>
    </p>
   </div>
   <div class='ocr_carea' id='block_1_62' title="bbox 2155 3217 3709 3299">
    <p class='ocr_par' dir='ltr' id='par_1_62' title="bbox 2155 3217 3709 3299">
     <span class='ocr_line' id='line_1_62' title="bbox 2155 3217 3709 3299; baseline -0.007 -16"><span class='ocrx_word' id='word_1_474' title='bbox 2155 3230 2596 3299; x_wconf 82' lang='grc' dir='ltr'>φιλοσκώμμοσι,</span> <span class='ocrx_word' id='word_1_475' title='bbox 2643 3228 2737 3280; x_wconf 75' lang='grc' dir='ltr'><strong>καὶ</strong></span> <span class='ocrx_word' id='word_1_476' title='bbox 2768 3227 2886 3294; x_wconf 76' lang='grc' dir='ltr'><strong>ἅμα</strong></span> <span class='ocrx_word' id='word_1_477' title='bbox 2926 3226 3035 3278; x_wconf 88' lang='grc' dir='ltr'><strong>τῶν</strong></span> <span class='ocrx_word' id='word_1_478' title='bbox 3080 3223 3483 3293; x_wconf 78' lang='grc' dir='ltr'>ἀφελεστέρων,</span> <span class='ocrx_word' id='word_1_479' title='bbox 3530 3220 3604 3283; x_wconf 86' lang='grc' dir='ltr'><strong>ὡς</strong></span> <span class='ocrx_word' id='word_1_480' title='bbox 3641 3217 3709 3286; x_wconf 80' lang='grc' dir='ltr'>μὴ</span> 
     </span>
    </p>
   </div>
   <div class='ocr_carea' id='block_1_63' title="bbox 2156 3311 3710 3397">
    <p class='ocr_par' dir='ltr' id='par_1_63' title="bbox 2156 3311 3710 3397">
     <span class='ocr_line' id='line_1_63' title="bbox 2156 3311 3710 3397; baseline -0.01 -21"><span class='ocrx_word' id='word_1_481' title='bbox 2156 3323 2353 3397; x_wconf 79' lang='grc' dir='ltr'>ῥᾳδίως</span> <span class='ocrx_word' id='word_1_482' title='bbox 2387 3320 2737 3389; x_wconf 78' lang='grc' dir='ltr'>ἐξαπατῶντο</span> <span class='ocrx_word' id='word_1_483' title='bbox 2767 3319 2902 3388; x_wconf 66' lang='grc' dir='ltr'>πρὸς</span> <span class='ocrx_word' id='word_1_484' title='bbox 2925 3319 3034 3370; x_wconf 90' lang='grc' dir='ltr'><strong>τῶν</strong></span> <span class='ocrx_word' id='word_1_485' title='bbox 3063 3316 3297 3370; x_wconf 82' lang='grc' dir='ltr'>ἀνοσίων</span> <span class='ocrx_word' id='word_1_486' title='bbox 3332 3316 3429 3381; x_wconf 83' lang='grc' dir='ltr'>τῆς</span> <span class='ocrx_word' id='word_1_487' title='bbox 3467 3311 3710 3368; x_wconf 80' lang='grc' dir='ltr'>ἀσεϐείας</span> 
     </span>
    </p>
   </div>
   <div class='ocr_carea' id='block_1_64' title="bbox 479 3399 2052 3499">
    <p class='ocr_par' dir='ltr' id='par_1_64' title="bbox 479 3416 2049 3490">
     <span class='ocr_line' id='line_1_64' title="bbox 479 3416 2049 3490; baseline -0.01 -7"><span class='ocrx_word' id='word_1_488' title='bbox 479 3443 603 3485; x_wconf 86' lang='lat' dir='ltr'><strong>esse</strong></span> <span class='ocrx_word' id='word_1_489' title='bbox 627 3426 787 3482; x_wconf 90' lang='lat' dir='ltr'><strong>nobis</strong></span> <span class='ocrx_word' id='word_1_490' title='bbox 810 3423 945 3481; x_wconf 89' lang='lat' dir='ltr'><strong>satis</strong></span> <span class='ocrx_word' id='word_1_491' title='bbox 957 3424 1194 3490; x_wconf 84' lang='lat' dir='ltr'><strong>eluceat,</strong></span> <span class='ocrx_word' id='word_1_492' title='bbox 1211 3432 1267 3478; x_wconf 91' lang='lat' dir='ltr'><strong>et</strong></span> <span class='ocrx_word' id='word_1_493' title='bbox 1295 3422 1501 3476; x_wconf 85' lang='lat' dir='ltr'><strong>frustra</strong></span> <span class='ocrx_word' id='word_1_494' title='bbox 1518 3434 1615 3474; x_wconf 89' lang='lat' dir='ltr'><strong>eos</strong></span> <span class='ocrx_word' id='word_1_495' title='bbox 1633 3426 1685 3472; x_wconf 91' lang='lat' dir='ltr'><strong>et</strong></span> <span class='ocrx_word' id='word_1_496' title='bbox 1704 3416 1823 3472; x_wconf 89' lang='lat' dir='ltr'><strong>sine</strong></span> <span class='ocrx_word' id='word_1_497' title='bbox 1848 3422 2049 3470; x_wconf 91' lang='lat' dir='ltr'><strong>eventu</strong></span> 
     </span>
    </p>
   </div>
   <div class='ocr_carea' id='block_1_65' title="bbox 2155 3399 3710 3499">
    <p class='ocr_par' dir='ltr' id='par_1_65' title="bbox 2157 3399 3710 3486">
     <span class='ocr_line' id='line_1_65' title="bbox 2157 3399 3710 3486; baseline -0.014 -15"><span class='ocrx_word' id='word_1_498' title='bbox 2157 3418 2457 3486; x_wconf 80' lang='grc' dir='ltr'>προέδρων.</span> <span class='ocrx_word' id='word_1_499' title='bbox 2489 3414 2605 3468; x_wconf 86' lang='grc' dir='ltr'><strong>Νὗν</strong></span> <span class='ocrx_word' id='word_1_500' title='bbox 2638 3413 2683 3466; x_wconf 87' lang='grc' dir='ltr'>δ’</span> <span class='ocrx_word' id='word_1_501' title='bbox 2705 3412 2896 3478; x_wconf 79' lang='grc' dir='ltr'>ἐπειδὴ</span> <span class='ocrx_word' id='word_1_502' title='bbox 2930 3408 3168 3478; x_wconf 85' lang='grc' dir='ltr'>ματαίαν</span> <span class='ocrx_word' id='word_1_503' title='bbox 3190 3407 3456 3472; x_wconf 82' lang='grc' dir='ltr'>ἐπίδειξιν</span> <span class='ocrx_word' id='word_1_504' title='bbox 3488 3399 3624 3458; x_wconf 79' lang='grc' dir='ltr'>εἶναι</span> <span class='ocrx_word' id='word_1_505' title='bbox 3653 3399 3710 3451; x_wconf 61' lang='grc' dir='ltr'><strong>τ’)</strong></span> 
     </span>
    </p>
   </div>
   <div class='ocr_carea' id='block_1_66' title="bbox 479 3512 2048 3578">
    <p class='ocr_par' dir='ltr' id='par_1_66' title="bbox 479 3512 2048 3578">
     <span class='ocr_line' id='line_1_66' title="bbox 479 3512 2048 3578; baseline -0.011 0"><span class='ocrx_word' id='word_1_506' title='bbox 479 3521 911 3578; x_wconf 80' lang='lat' dir='ltr'><strong>concertationis</strong></span> <span class='ocrx_word' id='word_1_507' title='bbox 937 3520 1167 3574; x_wconf 90' lang='lat' dir='ltr'><strong>multum</strong></span> <span class='ocrx_word' id='word_1_508' title='bbox 1191 3518 1368 3571; x_wconf 88' lang='lat' dir='ltr'><strong>lutum</strong></span> <span class='ocrx_word' id='word_1_509' title='bbox 1403 3512 1735 3575; x_wconf 85' lang='lat' dir='ltr'><strong>concitasse,</strong></span> <span class='ocrx_word' id='word_1_510' title='bbox 1760 3518 1963 3575; x_wconf 89' lang='lat' dir='ltr'><strong>tacere,</strong></span> <span class='ocrx_word' id='word_1_511' title='bbox 1989 3514 2048 3562; x_wconf 92' lang='lat' dir='ltr'><strong>ut</strong></span> 
     </span>
    </p>
   </div>
   <div class='ocr_carea' id='block_1_67' title="bbox 478 3598 2043 3680">
    <p class='ocr_par' dir='ltr' id='par_1_67' title="bbox 478 3598 2043 3680">
     <span class='ocr_line' id='line_1_67' title="bbox 478 3598 2043 3680; baseline -0.01 -12"><span class='ocrx_word' id='word_1_512' title='bbox 478 3613 615 3680; x_wconf 81' lang='lat' dir='ltr'><strong>dixi,</strong></span> <span class='ocrx_word' id='word_1_513' title='bbox 650 3611 916 3666; x_wconf 88' lang='lat' dir='ltr'><strong>malebam</strong></span> <span class='ocrx_word' id='word_1_514' title='bbox 944 3623 1107 3679; x_wconf 90' lang='lat' dir='ltr'><strong>quam</strong></span> <span class='ocrx_word' id='word_1_515' title='bbox 1138 3607 1343 3667; x_wconf 89' lang='lat' dir='ltr'><strong>dicere,</strong></span> <span class='ocrx_word' id='word_1_516' title='bbox 1383 3617 1487 3657; x_wconf 89' lang='lat' dir='ltr'><strong>nec</strong></span> <span class='ocrx_word' id='word_1_517' title='bbox 1529 3615 1663 3655; x_wconf 78' lang='lat' dir='ltr'><strong>vero</strong></span> <span class='ocrx_word' id='word_1_518' title='bbox 1688 3614 1754 3653; x_wconf 91' lang='lat' dir='ltr'><strong>ea</strong></span> <span class='ocrx_word' id='word_1_519' title='bbox 1785 3598 1853 3653; x_wconf 90' lang='lat' dir='ltr'><strong>de</strong></span> <span class='ocrx_word' id='word_1_520' title='bbox 1880 3610 2043 3652; x_wconf 84' lang='lat' dir='ltr'><strong>causa</strong></span> 
     </span>
    </p>
   </div>
   <div class='ocr_carea' id='block_1_68' title="bbox 481 3690 2051 3767">
    <p class='ocr_par' dir='ltr' id='par_1_68' title="bbox 481 3690 2051 3767">
     <span class='ocr_line' id='line_1_68' title="bbox 481 3690 2051 3767; baseline -0.011 -7"><span class='ocrx_word' id='word_1_521' title='bbox 481 3721 546 3760; x_wconf 90' lang='lat' dir='ltr'><strong>ac</strong></span> <span class='ocrx_word' id='word_1_522' title='bbox 573 3705 615 3759; x_wconf 91' lang='lat' dir='ltr'><strong>si</strong></span> <span class='ocrx_word' id='word_1_523' title='bbox 650 3703 833 3758; x_wconf 87' lang='lat' dir='ltr'><strong>dicere</strong></span> <span class='ocrx_word' id='word_1_524' title='bbox 859 3699 1085 3755; x_wconf 92' lang='lat' dir='ltr'><strong>omnino</strong></span> <span class='ocrx_word' id='word_1_525' title='bbox 1117 3712 1217 3767; x_wconf 87' lang='lat' dir='ltr'><strong>per</strong></span> <span class='ocrx_word' id='word_1_526' title='bbox 1249 3712 1308 3751; x_wconf 87' lang='lat' dir='ltr'><strong>se</strong></span> <span class='ocrx_word' id='word_1_527' title='bbox 1339 3695 1533 3749; x_wconf 91' lang='lat' dir='ltr'><strong>inutile</strong></span> <span class='ocrx_word' id='word_1_528' title='bbox 1579 3702 1746 3755; x_wconf 84' lang='lat' dir='ltr'><strong>esset,</strong></span> <span class='ocrx_word' id='word_1_529' title='bbox 1776 3690 1871 3746; x_wconf 89' lang='lat' dir='ltr'><strong>sed</strong></span> <span class='ocrx_word' id='word_1_530' title='bbox 1919 3690 2051 3759; x_wconf 87' lang='lat' dir='ltr'><strong>quia</strong></span> 
     </span>
    </p>
   </div>
   <div class='ocr_carea' id='block_1_69' title="bbox 478 3782 2051 3867">
    <p class='ocr_par' dir='ltr' id='par_1_69' title="bbox 478 3782 2051 3867">
     <span class='ocr_line' id='line_1_69' title="bbox 478 3782 2051 3867; baseline -0.011 -14"><span class='ocrx_word' id='word_1_531' title='bbox 478 3797 641 3854; x_wconf 85' lang='lat' dir='ltr'><strong>nobis</strong></span> <span class='ocrx_word' id='word_1_532' title='bbox 665 3797 783 3867; x_wconf 92' lang='lat' dir='ltr'><strong>ipso</strong></span> <span class='ocrx_word' id='word_1_533' title='bbox 806 3810 874 3851; x_wconf 88' lang='lat' dir='ltr'><strong>eo</strong></span> <span class='ocrx_word' id='word_1_534' title='bbox 905 3804 1151 3862; x_wconf 90' lang='lat' dir='ltr'><strong>tempore</strong></span> <span class='ocrx_word' id='word_1_535' title='bbox 1180 3789 1375 3844; x_wconf 89' lang='lat' dir='ltr'><strong>inutile</strong></span> <span class='ocrx_word' id='word_1_536' title='bbox 1409 3787 1524 3842; x_wconf 87' lang='lat' dir='ltr'><strong>fore</strong></span> <span class='ocrx_word' id='word_1_537' title='bbox 1550 3784 1861 3841; x_wconf 87' lang='lat' dir='ltr'><strong>videbatur.</strong></span> <span class='ocrx_word' id='word_1_538' title='bbox 1895 3782 2051 3849; x_wconf 85' lang='lat' dir='ltr'><strong>Quod</strong></span> 
     </span>
    </p>
   </div>
   <div class='ocr_carea' id='block_1_70' title="bbox 480 3873 2054 3959">
    <p class='ocr_par' dir='ltr' id='par_1_70' title="bbox 480 3873 2054 3959">
     <span class='ocr_line' id='line_1_70' title="bbox 480 3873 2054 3959; baseline -0.011 -14"><span class='ocrx_word' id='word_1_539' title='bbox 480 3890 913 3959; x_wconf 86' lang='lat' dir='ltr'><strong>inopportunum</strong></span> <span class='ocrx_word' id='word_1_540' title='bbox 943 3898 1066 3940; x_wconf 88' lang='lat' dir='ltr'><strong>csse</strong></span> <span class='ocrx_word' id='word_1_541' title='bbox 1095 3891 1149 3936; x_wconf 88' lang='lat' dir='ltr'><strong>et</strong></span> <span class='ocrx_word' id='word_1_542' title='bbox 1183 3880 1342 3935; x_wconf 86' lang='lat' dir='ltr'><strong>nobis</strong></span> <span class='ocrx_word' id='word_1_543' title='bbox 1395 3887 1652 3946; x_wconf 90' lang='lat' dir='ltr'><strong>tanquam</strong></span> <span class='ocrx_word' id='word_1_544' title='bbox 1687 3875 1890 3945; x_wconf 86' lang='lat' dir='ltr'><strong>probro</strong></span> <span class='ocrx_word' id='word_1_545' title='bbox 1937 3873 2054 3927; x_wconf 82' lang='lat' dir='ltr'><strong>fore</strong></span> 
     </span>
    </p>
   </div>
   <div class='ocr_carea' id='block_1_71' title="bbox 482 3964 2049 4055">
    <p class='ocr_par' dir='ltr' id='par_1_71' title="bbox 482 3964 2049 4055">
     <span class='ocr_line' id='line_1_71' title="bbox 482 3964 2049 4055; baseline -0.013 -18"><span class='ocrx_word' id='word_1_546' title='bbox 482 3985 661 4055; x_wconf 87' lang='lat' dir='ltr'><strong>ipsum</strong></span> <span class='ocrx_word' id='word_1_547' title='bbox 696 3978 829 4035; x_wconf 89' lang='lat' dir='ltr'><strong>i!lud</strong></span> <span class='ocrx_word' id='word_1_548' title='bbox 865 3988 1083 4045; x_wconf 86' lang='lat' dir='ltr'><strong>tempus</strong></span> <span class='ocrx_word' id='word_1_549' title='bbox 1119 3972 1253 4028; x_wconf 85' lang='lat' dir='ltr'><strong>satis</strong></span> <span class='ocrx_word' id='word_1_550' title='bbox 1275 3969 1552 4025; x_wconf 86' lang='lat' dir='ltr'><strong>monebat.</strong></span> <span class='ocrx_word' id='word_1_551' title='bbox 1576 3968 1651 4022; x_wconf 82' lang='lat' dir='ltr'><strong>De</strong></span> <span class='ocrx_word' id='word_1_552' title='bbox 1677 3967 1879 4036; x_wconf 88' lang='lat' dir='ltr'><strong>quibus</strong></span> <span class='ocrx_word' id='word_1_553' title='bbox 1902 3964 2049 4019; x_wconf 89' lang='lat' dir='ltr'><strong>enim</strong></span> 
     </span>
    </p>
   </div>
   <div class='ocr_carea' id='block_1_72' title="bbox 481 4057 2050 4147">
    <p class='ocr_par' dir='ltr' id='par_1_72' title="bbox 481 4057 2050 4147">
     <span class='ocr_line' id='line_1_72' title="bbox 481 4057 2050 4147; baseline -0.012 -17"><span class='ocrx_word' id='word_1_554' title='bbox 481 4073 841 4147; x_wconf 67' lang='lat' dir='ltr'><strong>quaestionem</strong></span> <span class='ocrx_word' id='word_1_555' title='bbox 877 4076 1193 4140; x_wconf 86' lang='lat' dir='ltr'><strong>proponunt</strong></span> <span class='ocrx_word' id='word_1_556' title='bbox 1222 4079 1333 4119; x_wconf 91' lang='lat' dir='ltr'><strong>non</strong></span> <span class='ocrx_word' id='word_1_557' title='bbox 1378 4060 1780 4122; x_wconf 88' lang='lat' dir='ltr'><strong>necessariam,</strong></span> <span class='ocrx_word' id='word_1_558' title='bbox 1810 4057 1930 4112; x_wconf 72' lang='lat' dir='ltr'><strong>haec</strong></span> <span class='ocrx_word' id='word_1_559' title='bbox 1959 4072 2050 4111; x_wconf 85' lang='lat' dir='ltr'><strong>re-</strong></span> 
     </span>
    </p>
   </div>
   <div class='ocr_carea' id='block_1_73' title="bbox 480 4148 2049 4237">
    <p class='ocr_par' dir='ltr' id='par_1_73' title="bbox 480 4148 2049 4237">
     <span class='ocr_line' id='line_1_73' title="bbox 480 4148 2049 4237; baseline -0.012 -16"><span class='ocrx_word' id='word_1_560' title='bbox 480 4167 831 4237; x_wconf 86' lang='lat' dir='ltr'><strong>sponsionem</strong></span> <span class='ocrx_word' id='word_1_561' title='bbox 853 4151 1221 4216; x_wconf 62' lang='lat' dir='ltr'><strong>u&#39;ecessariatn</strong></span> <span class='ocrx_word' id='word_1_562' title='bbox 1244 4171 1352 4211; x_wconf 90' lang='lat' dir='ltr'><strong>non</strong></span> <span class='ocrx_word' id='word_1_563' title='bbox 1384 4152 1682 4224; x_wconf 85' lang='lat' dir='ltr'><strong>postulant.</strong></span> <span class='ocrx_word' id='word_1_564' title='bbox 1702 4148 1881 4205; x_wconf 80' lang='lat' dir='ltr'><strong>Audio</strong></span> <span class='ocrx_word' id='word_1_565' title='bbox 1901 4149 2049 4205; x_wconf 79' lang='lat' dir='ltr'><strong>enim</strong></span> 
     </span>
    </p>
   </div>
   <div class='ocr_carea' id='block_1_74' title="bbox 485 4243 2058 4328">
    <p class='ocr_par' dir='ltr' id='par_1_74' title="bbox 485 4243 2058 4328">
     <span class='ocr_line' id='line_1_74' title="bbox 485 4243 2058 4328; baseline -0.013 -14"><span class='ocrx_word' id='word_1_566' title='bbox 485 4273 744 4328; x_wconf 80' lang='lat' dir='ltr'><strong>magnum</strong></span> <span class='ocrx_word' id='word_1_567' title='bbox 793 4253 1055 4309; x_wconf 83' lang='lat' dir='ltr'><strong>Basilinm</strong></span> <span class='ocrx_word' id='word_1_568' title='bbox 1099 4247 1319 4318; x_wconf 85' lang='lat' dir='ltr'><strong>quando</strong></span> <span class='ocrx_word' id='word_1_569' title='bbox 1382 4245 1452 4300; x_wconf 87' lang='lat' dir='ltr'><strong>ab</strong></span> <span class='ocrx_word' id='word_1_570' title='bbox 1504 4243 1722 4298; x_wconf 84' lang='lat' dir='ltr'><strong>Arianis</strong></span> <span class='ocrx_word' id='word_1_571' title='bbox 1772 4250 2058 4310; x_wconf 77' lang='lat' dir='ltr'><strong>rogaretur</strong></span> 
     </span>
    </p>
   </div>
   <div class='ocr_carea' id='block_1_75' title="bbox 485 4332 2054 4410">
    <p class='ocr_par' dir='ltr' id='par_1_75' title="bbox 485 4332 2054 4410">
     <span class='ocr_line' id='line_1_75' title="bbox 485 4332 2054 4410; baseline -0.015 0"><span class='ocrx_word' id='word_1_572' title='bbox 485 4364 545 4410; x_wconf 91' lang='lat' dir='ltr'><strong>ut</strong></span> <span class='ocrx_word' id='word_1_573' title='bbox 571 4352 917 4410; x_wconf 88' lang='lat' dir='ltr'><strong>enuntiatum</strong></span> <span class='ocrx_word' id='word_1_574' title='bbox 977 4346 1156 4399; x_wconf 70' lang='lat' dir='ltr'><strong>«Deus</strong></span> <span class='ocrx_word' id='word_1_575' title='bbox 1205 4339 1415 4395; x_wconf 87' lang='lat' dir='ltr'><strong>creavit</strong></span> <span class='ocrx_word' id='word_1_576' title='bbox 1468 4352 1586 4391; x_wconf 65' lang='lat' dir='ltr'><strong>me)</strong></span> <span class='ocrx_word' id='word_1_577' title='bbox 1651 4334 1949 4403; x_wconf 79' lang='lat' dir='ltr'><strong>explicaret</strong></span> <span class='ocrx_word' id='word_1_578' title='bbox 1998 4332 2054 4386; x_wconf 91' lang='lat' dir='ltr'><strong>id</strong></span> 
     </span>
    </p>
   </div>
   <div class='ocr_carea' id='block_1_76' title="bbox 490 4424 2054 4517">
    <p class='ocr_par' dir='ltr' id='par_1_76' title="bbox 490 4424 2054 4517">
     <span class='ocr_line' id='line_1_76' title="bbox 490 4424 2054 4517; baseline -0.017 -15"><span class='ocrx_word' id='word_1_579' title='bbox 490 4445 809 4517; x_wconf 86' lang='lat' dir='ltr'><strong>repudiasse</strong></span> <span class='ocrx_word' id='word_1_580' title='bbox 843 4448 899 4493; x_wconf 87' lang='lat' dir='ltr'><strong>et</strong></span> <span class='ocrx_word' id='word_1_581' title='bbox 927 4434 1131 4491; x_wconf 88' lang='lat' dir='ltr'><strong>silentii</strong></span> <span class='ocrx_word' id='word_1_582' title='bbox 1168 4444 1391 4485; x_wconf 78' lang='lat' dir='ltr'><strong>causam</strong></span> <span class='ocrx_word' id='word_1_583' title='bbox 1417 4442 1538 4481; x_wconf 89' lang='lat' dir='ltr'><strong>eam</strong></span> <span class='ocrx_word' id='word_1_584' title='bbox 1571 4424 1878 4494; x_wconf 87' lang='lat' dir='ltr'><strong>professum</strong></span> <span class='ocrx_word' id='word_1_585' title='bbox 1908 4437 2054 4488; x_wconf 86' lang='lat' dir='ltr'><strong>esse,</strong></span> 
     </span>
    </p>
   </div>
   <div class='ocr_carea' id='block_1_77' title="bbox 486 4515 2061 4611">
    <p class='ocr_par' dir='ltr' id='par_1_77' title="bbox 486 4515 2061 4611">
     <span class='ocr_line' id='line_1_77' title="bbox 486 4515 2061 4611; baseline -0.015 -17"><span class='ocrx_word' id='word_1_586' title='bbox 486 4515 634 4611; x_wconf 82' lang='lat' dir='ltr'><strong>quod</strong></span> <span class='ocrx_word' id='word_1_587' title='bbox 668 4536 819 4592; x_wconf 88' lang='lat' dir='ltr'><strong>nulla</strong></span> <span class='ocrx_word' id='word_1_588' title='bbox 838 4531 941 4586; x_wconf 90' lang='lat' dir='ltr'><strong>sibi</strong></span> <span class='ocrx_word' id='word_1_589' title='bbox 972 4528 1040 4583; x_wconf 89' lang='lat' dir='ltr'><strong>de</strong></span> <span class='ocrx_word' id='word_1_590' title='bbox 1070 4521 1340 4595; x_wconf 87' lang='lat' dir='ltr'><strong>ejusmodi</strong></span> <span class='ocrx_word' id='word_1_591' title='bbox 1365 4519 1637 4574; x_wconf 86' lang='lat' dir='ltr'><strong>sententia</strong></span> <span class='ocrx_word' id='word_1_592' title='bbox 1666 4515 1883 4571; x_wconf 91' lang='lat' dir='ltr'><strong>dicendi</strong></span> <span class='ocrx_word' id='word_1_593' title='bbox 1911 4525 2061 4571; x_wconf 83' lang='lat' dir='ltr'><strong>esset</strong></span> 
     </span>
    </p>
   </div>
   <div class='ocr_carea' id='block_1_78' title="bbox 488 4608 2057 4695">
    <p class='ocr_par' dir='ltr' id='par_1_78' title="bbox 488 4608 2057 4695">
     <span class='ocr_line' id='line_1_78' title="bbox 488 4608 2057 4695; baseline -0.017 -7"><span class='ocrx_word' id='word_1_594' title='bbox 488 4608 809 4691; x_wconf 78' lang='lat' dir='ltr'><strong>necessitas,</strong></span> <span class='ocrx_word' id='word_1_595' title='bbox 834 4620 1138 4695; x_wconf 60' lang='lat' dir='ltr'><strong>praesertim</strong></span> <span class='ocrx_word' id='word_1_596' title='bbox 1158 4631 1282 4671; x_wconf 90' lang='lat' dir='ltr'><strong>cum</strong></span> <span class='ocrx_word' id='word_1_597' title='bbox 1303 4629 1403 4683; x_wconf 88' lang='lat' dir='ltr'><strong>per</strong></span> <span class='ocrx_word' id='word_1_598' title='bbox 1428 4610 1739 4682; x_wconf 86' lang='lat' dir='ltr'><strong>parabolam</strong></span> <span class='ocrx_word' id='word_1_599' title='bbox 1753 4608 2057 4663; x_wconf 87' lang='lat' dir='ltr'><strong>etobscura</strong></span> 
     </span>
    </p>
   </div>
   <div class='ocr_carea' id='block_1_79' title="bbox 489 4699 2061 4782">
    <p class='ocr_par' dir='ltr' id='par_1_79' title="bbox 489 4699 2061 4782">
     <span class='ocr_line' id='line_1_79' title="bbox 489 4699 2061 4782; baseline -0.013 -8"><span class='ocrx_word' id='word_1_600' title='bbox 489 4722 655 4776; x_wconf 76' lang='lat' dir='ltr'><strong>verba</strong></span> <span class='ocrx_word' id='word_1_601' title='bbox 688 4725 744 4773; x_wconf 90' lang='lat' dir='ltr'><strong>et</strong></span> <span class='ocrx_word' id='word_1_602' title='bbox 774 4716 1060 4782; x_wconf 80' lang='lat' dir='ltr'><strong>aenigmata</strong></span> <span class='ocrx_word' id='word_1_603' title='bbox 1093 4707 1302 4777; x_wconf 82' lang='lat' dir='ltr'><strong>prolata</strong></span> <span class='ocrx_word' id='word_1_604' title='bbox 1341 4710 1547 4768; x_wconf 81' lang='lat' dir='ltr'><strong>essent,</strong></span> <span class='ocrx_word' id='word_1_605' title='bbox 1609 4716 1676 4755; x_wconf 90' lang='lat' dir='ltr'><strong>ne</strong></span> <span class='ocrx_word' id='word_1_606' title='bbox 1725 4699 1818 4770; x_wconf 89' lang='lat' dir='ltr'><strong>qui</strong></span> <span class='ocrx_word' id='word_1_607' title='bbox 1844 4700 2061 4755; x_wconf 87' lang='lat' dir='ltr'><strong>audiret</strong></span> 
     </span>
    </p>
   </div>
   <div class='ocr_carea' id='block_1_80' title="bbox 2156 3491 3710 3576">
    <p class='ocr_par' dir='ltr' id='par_1_80' title="bbox 2156 3491 3710 3576">
     <span class='ocr_line' id='line_1_80' title="bbox 2156 3491 3710 3576; baseline -0.014 -15"><span class='ocrx_word' id='word_1_608' title='bbox 2156 3510 2392 3576; x_wconf 74' lang='grc' dir='ltr'>πρᾶγμα</span> <span class='ocrx_word' id='word_1_609' title='bbox 2452 3505 2741 3558; x_wconf 83' lang='grc' dir='ltr'>κατανοεῖν</span> <span class='ocrx_word' id='word_1_610' title='bbox 2791 3503 2923 3570; x_wconf 79' lang='grc' dir='ltr'>ἡμῖν</span> <span class='ocrx_word' id='word_1_611' title='bbox 2982 3499 3374 3568; x_wconf 85' lang='grc' dir='ltr'>παραγίνεται,</span> <span class='ocrx_word' id='word_1_612' title='bbox 3410 3497 3501 3549; x_wconf 75' lang='grc' dir='ltr'>καὶ</span> <span class='ocrx_word' id='word_1_613' title='bbox 3555 3491 3710 3546; x_wconf 76' lang='grc' dir='ltr'>πολὺν</span> 
     </span>
    </p>
   </div>
   <div class='ocr_carea' id='block_1_81' title="bbox 2160 3583 3710 3671">
    <p class='ocr_par' dir='ltr' id='par_1_81' title="bbox 2160 3583 3710 3671">
     <span class='ocr_line' id='line_1_81' title="bbox 2160 3583 3710 3671; baseline -0.014 -18"><span class='ocrx_word' id='word_1_614' title='bbox 2160 3603 2278 3671; x_wconf 80' lang='grc' dir='ltr'>μὲν,</span> <span class='ocrx_word' id='word_1_615' title='bbox 2327 3599 2585 3667; x_wconf 84' lang='grc' dir='ltr'>ἀνόνητον</span> <span class='ocrx_word' id='word_1_616' title='bbox 2614 3597 2668 3649; x_wconf 79' lang='grc' dir='ltr'>δὲ</span> <span class='ocrx_word' id='word_1_617' title='bbox 2699 3596 2795 3648; x_wconf 76' lang='grc' dir='ltr'>καὶ</span> <span class='ocrx_word' id='word_1_618' title='bbox 2840 3593 2962 3661; x_wconf 82' lang='grc' dir='ltr'>εἰκῇ</span> <span class='ocrx_word' id='word_1_619' title='bbox 3009 3592 3101 3644; x_wconf 74' lang='grc' dir='ltr'>τὸν</span> <span class='ocrx_word' id='word_1_620' title='bbox 3130 3590 3231 3658; x_wconf 82' lang='grc' dir='ltr'><strong>τῆς</strong></span> <span class='ocrx_word' id='word_1_621' title='bbox 3267 3589 3447 3657; x_wconf 74' lang='grc' dir='ltr'>ἔριδος</span> <span class='ocrx_word' id='word_1_622' title='bbox 3475 3583 3710 3637; x_wconf 79' lang='grc' dir='ltr'>ἐντεῦθεν</span> 
     </span>
    </p>
   </div>
   <div class='ocr_carea' id='block_1_82' title="bbox 2154 3675 3708 3763">
    <p class='ocr_par' dir='ltr' id='par_1_82' title="bbox 2154 3675 3708 3763">
     <span class='ocr_line' id='line_1_82' title="bbox 2154 3675 3708 3763; baseline -0.015 -16"><span class='ocrx_word' id='word_1_623' title='bbox 2154 3692 2429 3763; x_wconf 67' lang='grc' dir='ltr'>κονιορτὸν</span> <span class='ocrx_word' id='word_1_624' title='bbox 2464 3688 2838 3757; x_wconf 79' lang='grc' dir='ltr'>ἐγειρόμενον,</span> <span class='ocrx_word' id='word_1_625' title='bbox 2886 3683 3067 3754; x_wconf 84' lang='grc' dir='ltr'>σιγᾷν,</span> <span class='ocrx_word' id='word_1_626' title='bbox 3101 3682 3177 3742; x_wconf 84' lang='grc' dir='ltr'><strong>ὡς</strong></span> <span class='ocrx_word' id='word_1_627' title='bbox 3220 3682 3462 3751; x_wconf 80' lang='grc' dir='ltr'>εἴρηται,</span> <span class='ocrx_word' id='word_1_628' title='bbox 3509 3675 3708 3729; x_wconf 75' lang='grc' dir='ltr'>ἐϐουλόι</span> 
     </span>
    </p>
   </div>
   <div class='ocr_carea' id='block_1_83' title="bbox 2160 3768 3712 3861">
    <p class='ocr_par' dir='ltr' id='par_1_83' title="bbox 2160 3768 3712 3861">
     <span class='ocr_line' id='line_1_83' title="bbox 2160 3768 3712 3861; baseline -0.015 -24"><span class='ocrx_word' id='word_1_629' title='bbox 2160 3801 2269 3855; x_wconf 88' lang='grc' dir='ltr'><strong>μην</strong></span> <span class='ocrx_word' id='word_1_630' title='bbox 2301 3783 2366 3836; x_wconf 85' lang='grc' dir='ltr'><strong>ἂν</strong></span> <span class='ocrx_word' id='word_1_631' title='bbox 2398 3778 2655 3850; x_wconf 85' lang='grc' dir='ltr'>μᾶλλονῆ</span> <span class='ocrx_word' id='word_1_632' title='bbox 2690 3777 2895 3861; x_wconf 70' lang='grc' dir='ltr'>λέγειν,</span> <span class='ocrx_word' id='word_1_633' title='bbox 2931 3776 2991 3828; x_wconf 83' lang='grc' dir='ltr'><strong>ού</strong></span> <span class='ocrx_word' id='word_1_634' title='bbox 3035 3775 3098 3827; x_wconf 82' lang='grc' dir='ltr'><strong>τὸ</strong></span> <span class='ocrx_word' id='word_1_635' title='bbox 3140 3773 3324 3840; x_wconf 76' lang='grc' dir='ltr'>λέγειν</span> <span class='ocrx_word' id='word_1_636' title='bbox 3360 3770 3437 3834; x_wconf 85' lang='grc' dir='ltr'>ὡς</span> <span class='ocrx_word' id='word_1_637' title='bbox 3467 3768 3712 3837; x_wconf 87' lang='grc' dir='ltr'>ἀνόνητον</span> 
     </span>
    </p>
   </div>
   <div class='ocr_carea' id='block_1_84' title="bbox 2157 3861 3711 3942">
    <p class='ocr_par' dir='ltr' id='par_1_84' title="bbox 2157 3861 3711 3942">
     <span class='ocr_line' id='line_1_84' title="bbox 2157 3861 3711 3942; baseline -0.01 -12"><span class='ocrx_word' id='word_1_638' title='bbox 2157 3876 2300 3930; x_wconf 87' lang='grc' dir='ltr'><strong>κατά</strong></span> <span class='ocrx_word' id='word_1_639' title='bbox 2348 3879 2512 3942; x_wconf 80' lang='grc' dir='ltr'>φύσιν</span> <span class='ocrx_word' id='word_1_640' title='bbox 2555 3873 2800 3942; x_wconf 78' lang='grc' dir='ltr'>ὑπάρχον</span> <span class='ocrx_word' id='word_1_641' title='bbox 2845 3868 3258 3937; x_wconf 76' lang='grc' dir='ltr'>ἀποσειόμενος,</span> <span class='ocrx_word' id='word_1_642' title='bbox 3314 3865 3431 3920; x_wconf 80' lang='grc' dir='ltr'>ἀλλ’</span> <span class='ocrx_word' id='word_1_643' title='bbox 3469 3864 3542 3925; x_wconf 80' lang='grc' dir='ltr'>ὡς</span> <span class='ocrx_word' id='word_1_644' title='bbox 3588 3861 3711 3929; x_wconf 80' lang='grc' dir='ltr'>ἡμῖν</span> 
     </span>
    </p>
   </div>
   <div class='ocr_carea' id='block_1_85' title="bbox 2157 3951 3715 4039">
    <p class='ocr_par' dir='ltr' id='par_1_85' title="bbox 2157 3951 3715 4039">
     <span class='ocr_line' id='line_1_85' title="bbox 2157 3951 3715 4039; baseline -0.014 -16"><span class='ocrx_word' id='word_1_645' title='bbox 2157 3970 2404 4039; x_wconf 79' lang='grc' dir='ltr'>ὑπάρχον</span> <span class='ocrx_word' id='word_1_646' title='bbox 2446 3968 2704 4035; x_wconf 84' lang='grc' dir='ltr'>ἀνόνητον</span> <span class='ocrx_word' id='word_1_647' title='bbox 2737 3964 2884 4031; x_wconf 82' lang='grc' dir='ltr'>ἀρτι,</span> <span class='ocrx_word' id='word_1_648' title='bbox 2929 3961 3029 4030; x_wconf 74' lang='grc' dir='ltr'><strong>τὴν</strong></span> <span class='ocrx_word' id='word_1_649' title='bbox 3063 3960 3269 4028; x_wconf 84' lang='grc' dir='ltr'>ἀωρίαν</span> <span class='ocrx_word' id='word_1_650' title='bbox 3304 3961 3443 4020; x_wconf 81' lang='grc' dir='ltr'>τέως</span> <span class='ocrx_word' id='word_1_651' title='bbox 3480 3956 3569 4009; x_wconf 84' lang='grc' dir='ltr'>τοῦ</span> <span class='ocrx_word' id='word_1_652' title='bbox 3599 3951 3715 4022; x_wconf 64' lang='grc' dir='ltr'>χρόα</span> 
     </span>
    </p>
   </div>
   <div class='ocr_carea' id='block_1_86' title="bbox 2154 4048 3711 4127">
    <p class='ocr_par' dir='ltr' id='par_1_86' title="bbox 2154 4048 3711 4127">
     <span class='ocr_line' id='line_1_86' title="bbox 2154 4048 3711 4127; baseline -0.013 -12"><span class='ocrx_word' id='word_1_653' title='bbox 2154 4080 2249 4114; x_wconf 88' lang='grc' dir='ltr'><strong>νου</strong></span> <span class='ocrx_word' id='word_1_654' title='bbox 2285 4059 2536 4127; x_wconf 84' lang='grc' dir='ltr'>καθάπερ</span> <span class='ocrx_word' id='word_1_655' title='bbox 2557 4056 2681 4110; x_wconf 75' lang='grc' dir='ltr'>τινὰ</span> <span class='ocrx_word' id='word_1_656' title='bbox 2702 4053 2897 4123; x_wconf 85' lang='grc' dir='ltr'>κηλῖδα</span> <span class='ocrx_word' id='word_1_657' title='bbox 2916 4070 2979 4105; x_wconf 84' lang='grc' dir='ltr'><strong>συ</strong></span> <span class='ocrx_word' id='word_1_658' title='bbox 2988 4052 3385 4121; x_wconf 81' lang='grc' dir='ltr'>μπεπτωκυϊαν</span> <span class='ocrx_word' id='word_1_659' title='bbox 3400 4048 3711 4112; x_wconf 76' lang='grc' dir='ltr'>ὁθενδηποτ-</span> 
     </span>
    </p>
   </div>
   <div class='ocr_carea' id='block_1_87' title="bbox 2158 4134 3714 4219">
    <p class='ocr_par' dir='ltr' id='par_1_87' title="bbox 2158 4134 3714 4219">
     <span class='ocr_line' id='line_1_87' title="bbox 2158 4134 3714 4219; baseline -0.015 -11"><span class='ocrx_word' id='word_1_660' title='bbox 2158 4154 2252 4209; x_wconf 80' lang='grc' dir='ltr'><strong>οὖν</strong></span> <span class='ocrx_word' id='word_1_661' title='bbox 2295 4150 2450 4219; x_wconf 82' lang='grc' dir='ltr'><strong>παρά</strong></span> <span class='ocrx_word' id='word_1_662' title='bbox 2490 4149 2549 4203; x_wconf 79' lang='grc' dir='ltr'><strong>τὸ</strong></span> <span class='ocrx_word' id='word_1_663' title='bbox 2577 4146 2723 4210; x_wconf 80' lang='grc' dir='ltr'>εἰκὸς</span> <span class='ocrx_word' id='word_1_664' title='bbox 2762 4143 3168 4211; x_wconf 80' lang='grc' dir='ltr'>ἀναδεξαμένου</span> <span class='ocrx_word' id='word_1_665' title='bbox 3190 4159 3204 4173; x_wconf 80' lang='lat'><strong>&#39;</strong></span> <span class='ocrx_word' id='word_1_666' title='bbox 3241 4142 3277 4196; x_wconf 77' lang='grc' dir='ltr'>ὁ.</span> <span class='ocrx_word' id='word_1_667' title='bbox 3307 4145 3414 4210; x_wconf 85' lang='grc' dir='ltr'>γὰρ</span> <span class='ocrx_word' id='word_1_668' title='bbox 3442 4134 3714 4206; x_wconf 78' lang='grc' dir='ltr'>ἐνδεχομέ-</span> 
     </span>
    </p>
   </div>
   <div class='ocr_carea' id='block_1_88' title="bbox 2158 4226 3716 4314">
    <p class='ocr_par' dir='ltr' id='par_1_88' title="bbox 2158 4226 3716 4314">
     <span class='ocr_line' id='line_1_88' title="bbox 2158 4226 3716 4314; baseline -0.015 -16"><span class='ocrx_word' id='word_1_669' title='bbox 2158 4264 2257 4314; x_wconf 87' lang='grc' dir='ltr'><strong>νην</strong></span> <span class='ocrx_word' id='word_1_670' title='bbox 2282 4243 2380 4296; x_wconf 84' lang='grc' dir='ltr'><strong>οὐκ</strong></span> <span class='ocrx_word' id='word_1_671' title='bbox 2415 4239 2722 4307; x_wconf 82' lang='grc' dir='ltr'>ἀναγκαίαν</span> <span class='ocrx_word' id='word_1_672' title='bbox 2760 4236 2816 4288; x_wconf 78' lang='grc' dir='ltr'>δὲ</span> <span class='ocrx_word' id='word_1_673' title='bbox 2837 4234 3241 4314; x_wconf 78' lang='grc' dir='ltr'>προϐάλλονται</span> <span class='ocrx_word' id='word_1_674' title='bbox 3274 4233 3525 4302; x_wconf 76' lang='grc' dir='ltr'>ζήτησιν,</span> <span class='ocrx_word' id='word_1_675' title='bbox 3555 4226 3716 4280; x_wconf 78' lang='grc' dir='ltr'>ταῦτα</span> 
     </span>
    </p>
   </div>
   <div class='ocr_carea' id='block_1_89' title="bbox 2161 4308 3718 4395">
    <p class='ocr_par' dir='ltr' id='par_1_89' title="bbox 2161 4308 3718 4395">
     <span class='ocr_line' id='line_1_89' title="bbox 2161 4308 3718 4395; baseline -0.016 -7"><span class='ocrx_word' id='word_1_676' title='bbox 2161 4335 2382 4395; x_wconf 81' lang='grc' dir='ltr'>πάντως</span> <span class='ocrx_word' id='word_1_677' title='bbox 2408 4330 2517 4384; x_wconf 84' lang='grc' dir='ltr'>οὐδ’</span> <span class='ocrx_word' id='word_1_678' title='bbox 2550 4326 2857 4395; x_wconf 85' lang='grc' dir='ltr'>ἀναγκαίαν</span> <span class='ocrx_word' id='word_1_679' title='bbox 2896 4323 3020 4377; x_wconf 83' lang='grc' dir='ltr'>τινὰ</span> <span class='ocrx_word' id='word_1_680' title='bbox 3046 4322 3143 4392; x_wconf 84' lang='grc' dir='ltr'>τὴν</span> <span class='ocrx_word' id='word_1_681' title='bbox 3174 4308 3468 4391; x_wconf 82' lang='grc' dir='ltr'>ἀπόκρισιν</span> <span class='ocrx_word' id='word_1_682' title='bbox 3508 4313 3718 4372; x_wconf 80' lang='grc' dir='ltr'>ἀπαιτεῖ</span> 
     </span>
    </p>
   </div>
   <div class='ocr_carea' id='block_1_90' title="bbox 2163 4405 3715 4495">
    <p class='ocr_par' dir='ltr' id='par_1_90' title="bbox 2163 4405 3715 4495">
     <span class='ocr_line' id='line_1_90' title="bbox 2163 4405 3715 4495; baseline -0.016 -14"><span class='ocrx_word' id='word_1_683' title='bbox 2163 4423 2465 4495; x_wconf 80' lang='grc' dir='ltr'>πανταχοῦ.</span> <span class='ocrx_word' id='word_1_684' title='bbox 2502 4421 2712 4476; x_wconf 80' lang='grc' dir='ltr'>Ἀκούω</span> <span class='ocrx_word' id='word_1_685' title='bbox 2740 4418 2848 4487; x_wconf 84' lang='grc' dir='ltr'><strong>γὰρ</strong></span> <span class='ocrx_word' id='word_1_686' title='bbox 2880 4417 2972 4470; x_wconf 77' lang='grc' dir='ltr'>καὶ</span> <span class='ocrx_word' id='word_1_687' title='bbox 3023 4415 3119 4468; x_wconf 82' lang='grc' dir='ltr'>τοῦ</span> <span class='ocrx_word' id='word_1_688' title='bbox 3161 4414 3405 4484; x_wconf 79' lang='grc' dir='ltr'>μεγάλου</span> <span class='ocrx_word' id='word_1_689' title='bbox 3448 4405 3715 4465; x_wconf 81' lang='grc' dir='ltr'>Βασιλείου</span> 
     </span>
    </p>
   </div>
   <div class='ocr_carea' id='block_1_91' title="bbox 2162 4501 3717 4590">
    <p class='ocr_par' dir='ltr' id='par_1_91' title="bbox 2162 4501 3717 4590">
     <span class='ocr_line' id='line_1_91' title="bbox 2162 4501 3717 4590; baseline -0.014 -17"><span class='ocrx_word' id='word_1_690' title='bbox 2162 4514 2644 4590; x_wconf 77' lang='grc' dir='ltr'>περιφρονοῦντος,</span> <span class='ocrx_word' id='word_1_691' title='bbox 2674 4510 2837 4564; x_wconf 84' lang='grc' dir='ltr'>ὁπότε</span> <span class='ocrx_word' id='word_1_692' title='bbox 2878 4509 3015 4579; x_wconf 80' lang='grc' dir='ltr'>πρὸς</span> <span class='ocrx_word' id='word_1_693' title='bbox 3057 4506 3167 4560; x_wconf 88' lang='grc' dir='ltr'><strong>τῶν</strong></span> <span class='ocrx_word' id='word_1_694' title='bbox 3217 4505 3518 4576; x_wconf 80' lang='grc' dir='ltr'>Ἀρειανῶν</span> <span class='ocrx_word' id='word_1_695' title='bbox 3560 4501 3717 4553; x_wconf 79' lang='grc' dir='ltr'>ἀπαι-</span> 
     </span>
    </p>
   </div>
   <div class='ocr_carea' id='block_1_92' title="bbox 2160 4588 3718 4679">
    <p class='ocr_par' dir='ltr' id='par_1_92' title="bbox 2160 4588 3718 4679">
     <span class='ocr_line' id='line_1_92' title="bbox 2160 4588 3718 4679; baseline -0.019 -13"><span class='ocrx_word' id='word_1_696' title='bbox 2160 4588 2307 4666; x_wconf 74' lang='grc' dir='ltr'>τοίτο</span> <span class='ocrx_word' id='word_1_697' title='bbox 2336 4608 2434 4679; x_wconf 81' lang='grc' dir='ltr'><strong>τὴν</strong></span> <span class='ocrx_word' id='word_1_698' title='bbox 2451 4604 2570 4669; x_wconf 76' lang='grc' dir='ltr'>τοῦ,</span> <span class='ocrx_word' id='word_1_699' title='bbox 2611 4624 2628 4657; x_wconf 82' lang='grc' dir='ltr'><strong>ι</strong></span> <span class='ocrx_word' id='word_1_700' title='bbox 2662 4604 2871 4672; x_wconf 84' lang='grc' dir='ltr'>Κύριος</span> <span class='ocrx_word' id='word_1_701' title='bbox 2900 4601 3084 4654; x_wconf 74' lang='grc' dir='ltr'>ἐκτισὲ</span> <span class='ocrx_word' id='word_1_702' title='bbox 3117 4616 3209 4668; x_wconf 88' lang='grc' dir='ltr'><strong>με,</strong></span> <span class='ocrx_word' id='word_1_703' title='bbox 3251 4617 3270 4650; x_wconf 71' lang='grc' dir='ltr'><strong>ι</strong></span> <span class='ocrx_word' id='word_1_704' title='bbox 3312 4598 3496 4666; x_wconf 82' lang='grc' dir='ltr'>φωνὴν</span> <span class='ocrx_word' id='word_1_705' title='bbox 3520 4588 3718 4679; x_wconf 78' lang='grc' dir='ltr'>ἐξηγεί-</span> 
     </span>
    </p>
   </div>
   <div class='ocr_carea' id='block_1_93' title="bbox 2165 4677 3715 4765">
    <p class='ocr_par' dir='ltr' id='par_1_93' title="bbox 2165 4677 3715 4765">
     <span class='ocr_line' id='line_1_93' title="bbox 2165 4677 3715 4765; baseline -0.017 -9"><span class='ocrx_word' id='word_1_706' title='bbox 2165 4704 2314 4763; x_wconf 82' lang='grc' dir='ltr'>σθαι,</span> <span class='ocrx_word' id='word_1_707' title='bbox 2347 4677 2443 4753; x_wconf 75' lang='grc' dir='ltr'>καὶ</span> <span class='ocrx_word' id='word_1_708' title='bbox 2472 4697 2573 4765; x_wconf 83' lang='grc' dir='ltr'>τῆς</span> <span class='ocrx_word' id='word_1_709' title='bbox 2599 4695 2760 4765; x_wconf 84' lang='grc' dir='ltr'>σιγῆς</span> <span class='ocrx_word' id='word_1_710' title='bbox 2787 4693 2886 4762; x_wconf 77' lang='grc' dir='ltr'>τὴν</span> <span class='ocrx_word' id='word_1_711' title='bbox 2911 4691 3090 4745; x_wconf 78' lang='grc' dir='ltr'>αἰτίαν</span> <span class='ocrx_word' id='word_1_712' title='bbox 3120 4691 3443 4759; x_wconf 77' lang='grc' dir='ltr'>φάσκοντος,</span> <span class='ocrx_word' id='word_1_713' title='bbox 3476 4687 3548 4756; x_wconf 82' lang='grc' dir='ltr'>μὴ</span> <span class='ocrx_word' id='word_1_714' title='bbox 3586 4677 3715 4735; x_wconf 73' lang='grc' dir='ltr'>εἶναι</span> 
     </span>
    </p>
   </div>
   <div class='ocr_carea' id='block_1_94' title="bbox 488 4774 2052 4884">
    <p class='ocr_par' dir='ltr' id='par_1_94' title="bbox 488 4774 2052 4884">
     <span class='ocr_line' id='line_1_94' title="bbox 488 4774 2052 4884; baseline -0.013 -16"><span class='ocrx_word' id='word_1_715' title='bbox 488 4774 654 4884; x_wconf 23' lang='lat'><strong>3799</strong></span> <span class='ocrx_word' id='word_1_716' title='bbox 683 4774 925 4876; x_wconf 67' lang='lat' dir='ltr'><strong>ambigui</strong></span> <span class='ocrx_word' id='word_1_717' title='bbox 957 4774 1215 4873; x_wconf 83' lang='lat' dir='ltr'><strong>quiddam</strong></span> <span class='ocrx_word' id='word_1_718' title='bbox 1242 4794 1376 4853; x_wconf 85' lang='lat' dir='ltr'><strong>inde</strong></span> <span class='ocrx_word' id='word_1_719' title='bbox 1391 4792 2052 4865; x_wconf 68' lang='lat' dir='ltr'><strong>conciperet.SEadenique</strong></span> 
     </span>
    </p>
   </div>
   <div class='ocr_carea' id='block_1_95' title="bbox 2155 4774 3716 4884">
    <p class='ocr_par' dir='ltr' id='par_1_95' title="bbox 2163 4774 3716 4862">
     <span class='ocr_line' id='line_1_95' title="bbox 2163 4774 3716 4862; baseline -0.016 -16"><span class='ocrx_word' id='word_1_720' title='bbox 2163 4791 2364 4862; x_wconf 77' lang='grc' dir='ltr'>δηλαδὴ</span> <span class='ocrx_word' id='word_1_721' title='bbox 2419 4786 2691 4859; x_wconf 80' lang='grc' dir='ltr'>μηδεμίαν</span> <span class='ocrx_word' id='word_1_722' title='bbox 2746 4785 2996 4852; x_wconf 78' lang='grc' dir='ltr'>ἀνάγκην</span> <span class='ocrx_word' id='word_1_723' title='bbox 3053 4782 3183 4851; x_wconf 77' lang='grc' dir='ltr'>περὶ</span> <span class='ocrx_word' id='word_1_724' title='bbox 3245 4778 3500 4847; x_wconf 83' lang='grc' dir='ltr'>τοιαύτης</span> <span class='ocrx_word' id='word_1_725' title='bbox 3551 4774 3716 4840; x_wconf 82' lang='grc' dir='ltr'>λέγειν</span> 
     </span>
    </p>
   </div>
   <div class='ocr_carea' id='block_1_96' title="bbox 491 4887 2062 4971">
    <p class='ocr_par' dir='ltr' id='par_1_96' title="bbox 491 4887 2062 4971">
     <span class='ocr_line' id='line_1_96' title="bbox 491 4887 2062 4971; baseline -0.014 -8"><span class='ocrx_word' id='word_1_726' title='bbox 491 4909 561 4963; x_wconf 91' lang='lat' dir='ltr'><strong>de</strong></span> <span class='ocrx_word' id='word_1_727' title='bbox 589 4920 754 4961; x_wconf 86' lang='lat' dir='ltr'><strong>causa</strong></span> <span class='ocrx_word' id='word_1_728' title='bbox 799 4916 900 4971; x_wconf 79' lang='lat' dir='ltr'><strong>ego</strong></span> <span class='ocrx_word' id='word_1_729' title='bbox 944 4911 1161 4968; x_wconf 87' lang='lat' dir='ltr'><strong>quoque</strong></span> <span class='ocrx_word' id='word_1_730' title='bbox 1217 4905 1397 4951; x_wconf 88' lang='lat' dir='ltr'><strong>tacere</strong></span> <span class='ocrx_word' id='word_1_731' title='bbox 1445 4892 1520 4946; x_wconf 91' lang='lat' dir='ltr'><strong>ibi</strong></span> <span class='ocrx_word' id='word_1_732' title='bbox 1578 4889 1867 4952; x_wconf 89' lang='lat' dir='ltr'><strong>malebam,</strong></span> <span class='ocrx_word' id='word_1_733' title='bbox 1896 4887 2062 4957; x_wconf 89' lang='lat' dir='ltr'><strong>idque</strong></span> 
     </span>
    </p>
   </div>
   <div class='ocr_carea' id='block_1_97' title="bbox 492 4977 2061 5060">
    <p class='ocr_par' dir='ltr' id='par_1_97' title="bbox 492 4977 2061 5060">
     <span class='ocr_line' id='line_1_97' title="bbox 492 4977 2061 5060; baseline -0.013 -9"><span class='ocrx_word' id='word_1_734' title='bbox 492 5012 602 5052; x_wconf 93' lang='lat' dir='ltr'><strong>non</strong></span> <span class='ocrx_word' id='word_1_735' title='bbox 631 4995 805 5048; x_wconf 87' lang='lat' dir='ltr'><strong>solum</strong></span> <span class='ocrx_word' id='word_1_736' title='bbox 834 4999 1057 5060; x_wconf 89' lang='lat' dir='ltr'><strong>propter</strong></span> <span class='ocrx_word' id='word_1_737' title='bbox 1086 5003 1148 5042; x_wconf 90' lang='lat' dir='ltr'><strong>ea</strong></span> <span class='ocrx_word' id='word_1_738' title='bbox 1172 5001 1292 5055; x_wconf 77' lang='lat' dir='ltr'><strong>qua:</strong></span> <span class='ocrx_word' id='word_1_739' title='bbox 1314 4998 1477 5053; x_wconf 86' lang='lat' dir='ltr'><strong>supra</strong></span> <span class='ocrx_word' id='word_1_740' title='bbox 1500 4981 1748 5051; x_wconf 84' lang='lat' dir='ltr'><strong>exposui,</strong></span> <span class='ocrx_word' id='word_1_741' title='bbox 1777 4977 1872 5034; x_wconf 89' lang='lat' dir='ltr'><strong>sed</strong></span> <span class='ocrx_word' id='word_1_742' title='bbox 1895 4979 2061 5033; x_wconf 91' lang='lat' dir='ltr'><strong>etiam</strong></span> 
     </span>
    </p>
   </div>
   <div class='ocr_carea' id='block_1_98' title="bbox 493 5076 2065 5160">
    <p class='ocr_par' dir='ltr' id='par_1_98' title="bbox 493 5076 2065 5160">
     <span class='ocr_line' id='line_1_98' title="bbox 493 5076 2065 5160; baseline -0.013 -17"><span class='ocrx_word' id='word_1_743' title='bbox 493 5098 720 5160; x_wconf 85' lang='lat' dir='ltr'><strong>propter</strong></span> <span class='ocrx_word' id='word_1_744' title='bbox 753 5083 987 5154; x_wconf 86' lang='lat' dir='ltr'><strong>plurima</strong></span> <span class='ocrx_word' id='word_1_745' title='bbox 1025 5081 1151 5136; x_wconf 90' lang='lat' dir='ltr'><strong>alia.</strong></span> <span class='ocrx_word' id='word_1_746' title='bbox 1203 5079 1343 5135; x_wconf 88' lang='lat' dir='ltr'><strong>Sunt</strong></span> <span class='ocrx_word' id='word_1_747' title='bbox 1365 5077 1511 5133; x_wconf 90' lang='lat' dir='ltr'><strong>enitn</strong></span> <span class='ocrx_word' id='word_1_748' title='bbox 1538 5076 1631 5145; x_wconf 91' lang='lat' dir='ltr'><strong>qui</strong></span> <span class='ocrx_word' id='word_1_749' title='bbox 1658 5087 1913 5129; x_wconf 89' lang='lat' dir='ltr'><strong>sermone</strong></span> <span class='ocrx_word' id='word_1_750' title='bbox 1940 5087 2065 5141; x_wconf 83' lang='lat' dir='ltr'><strong>per—</strong></span> 
     </span>
    </p>
   </div>
   <div class='ocr_carea' id='block_1_99' title="bbox 494 5164 2062 5254">
    <p class='ocr_par' dir='ltr' id='par_1_99' title="bbox 494 5164 2062 5254">
     <span class='ocr_line' id='line_1_99' title="bbox 494 5164 2062 5254; baseline -0.014 -16"><span class='ocrx_word' id='word_1_751' title='bbox 494 5185 686 5254; x_wconf 88' lang='lat' dir='ltr'><strong>spicuo</strong></span> <span class='ocrx_word' id='word_1_752' title='bbox 723 5188 970 5246; x_wconf 89' lang='lat' dir='ltr'><strong>utantur,</strong></span> <span class='ocrx_word' id='word_1_753' title='bbox 1024 5178 1113 5232; x_wconf 86' lang='lat' dir='ltr'><strong>alii</strong></span> <span class='ocrx_word' id='word_1_754' title='bbox 1167 5177 1256 5245; x_wconf 86' lang='lat' dir='ltr'><strong>qui</strong></span> <span class='ocrx_word' id='word_1_755' title='bbox 1285 5187 1513 5244; x_wconf 88' lang='lat' dir='ltr'><strong>prorsus</strong></span> <span class='ocrx_word' id='word_1_756' title='bbox 1567 5184 1675 5223; x_wconf 91' lang='lat' dir='ltr'><strong>non</strong></span> <span class='ocrx_word' id='word_1_757' title='bbox 1726 5164 2062 5239; x_wconf 85' lang='lat' dir='ltr'><strong>perspicuo;</strong></span> 
     </span>
    </p>
   </div>
   <div class='ocr_carea' id='block_1_100' title="bbox 494 5260 2062 5347">
    <p class='ocr_par' dir='ltr' id='par_1_100' title="bbox 494 5260 2062 5347">
     <span class='ocr_line' id='line_1_100' title="bbox 494 5260 2062 5347; baseline -0.015 -15"><span class='ocrx_word' id='word_1_758' title='bbox 494 5277 588 5347; x_wconf 87' lang='lat' dir='ltr'><strong>qui</strong></span> <span class='ocrx_word' id='word_1_759' title='bbox 623 5275 726 5330; x_wconf 86' lang='lat' dir='ltr'><strong>etsi</strong></span> <span class='ocrx_word' id='word_1_760' title='bbox 780 5272 1116 5344; x_wconf 78' lang='lat' dir='ltr'><strong>argumentis</strong></span> <span class='ocrx_word' id='word_1_761' title='bbox 1168 5284 1279 5323; x_wconf 90' lang='lat' dir='ltr'><strong>non</strong></span> <span class='ocrx_word' id='word_1_762' title='bbox 1315 5264 1577 5321; x_wconf 84' lang='lat' dir='ltr'><strong>dill‘erunt</strong></span> <span class='ocrx_word' id='word_1_763' title='bbox 1605 5279 1634 5316; x_wconf 92' lang='lat' dir='ltr'><strong>a</strong></span> <span class='ocrx_word' id='word_1_764' title='bbox 1670 5260 1850 5326; x_wconf 85' lang='lat' dir='ltr'><strong>nobis,</strong></span> <span class='ocrx_word' id='word_1_765' title='bbox 1879 5267 2062 5311; x_wconf 87' lang='lat' dir='ltr'><strong>tamen</strong></span> 
     </span>
    </p>
   </div>
   <div class='ocr_carea' id='block_1_101' title="bbox 496 5348 2062 5431">
    <p class='ocr_par' dir='ltr' id='par_1_101' title="bbox 496 5348 2062 5431">
     <span class='ocr_line' id='line_1_101' title="bbox 496 5348 2062 5431; baseline -0.016 -5"><span class='ocrx_word' id='word_1_766' title='bbox 496 5370 682 5426; x_wconf 73' lang='lat' dir='ltr'><strong>verbis</strong></span> <span class='ocrx_word' id='word_1_767' title='bbox 715 5379 770 5423; x_wconf 91' lang='lat' dir='ltr'><strong>et</strong></span> <span class='ocrx_word' id='word_1_768' title='bbox 800 5366 1026 5421; x_wconf 85' lang='lat' dir='ltr'><strong>vocibus</strong></span> <span class='ocrx_word' id='word_1_769' title='bbox 1060 5363 1175 5417; x_wconf 85' lang='lat' dir='ltr'><strong>suis</strong></span> <span class='ocrx_word' id='word_1_770' title='bbox 1206 5355 1585 5431; x_wconf 81' lang='lat' dir='ltr'><strong>peculiaribus</strong></span> <span class='ocrx_word' id='word_1_771' title='bbox 1614 5353 1840 5408; x_wconf 70' lang='lat' dir='ltr'><strong>differre</strong></span> <span class='ocrx_word' id='word_1_772' title='bbox 1865 5348 2062 5403; x_wconf 38' lang='lat' dir='ltr'><strong>viden.</strong></span> 
     </span>
    </p>
   </div>
   <div class='ocr_carea' id='block_1_102' title="bbox 500 5440 2071 5530">
    <p class='ocr_par' dir='ltr' id='par_1_102' title="bbox 500 5440 2071 5530">
     <span class='ocr_line' id='line_1_102' title="bbox 500 5440 2071 5530; baseline -0.017 -12"><span class='ocrx_word' id='word_1_773' title='bbox 500 5474 590 5518; x_wconf 90' lang='lat' dir='ltr'><strong>tur</strong></span> <span class='ocrx_word' id='word_1_774' title='bbox 621 5463 686 5518; x_wconf 91' lang='lat' dir='ltr'><strong>iis</strong></span> <span class='ocrx_word' id='word_1_775' title='bbox 715 5461 807 5530; x_wconf 90' lang='lat' dir='ltr'><strong>qui</strong></span> <span class='ocrx_word' id='word_1_776' title='bbox 835 5457 1041 5514; x_wconf 89' lang='lat' dir='ltr'><strong>indocti</strong></span> <span class='ocrx_word' id='word_1_777' title='bbox 1075 5462 1204 5511; x_wconf 88' lang='lat' dir='ltr'><strong>sunt</strong></span> <span class='ocrx_word' id='word_1_778' title='bbox 1231 5461 1289 5505; x_wconf 92' lang='lat' dir='ltr'><strong>et</strong></span> <span class='ocrx_word' id='word_1_779' title='bbox 1319 5450 1519 5520; x_wconf 84' lang='lat' dir='ltr'><strong>quibus</strong></span> <span class='ocrx_word' id='word_1_780' title='bbox 1545 5459 1729 5502; x_wconf 88' lang='lat' dir='ltr'><strong>sacras</strong></span> <span class='ocrx_word' id='word_1_781' title='bbox 1753 5440 2071 5530; x_wconf 71' lang='lat' dir='ltr'><strong>Scripturas</strong></span> 
     </span>
    </p>
   </div>
   <div class='ocr_carea' id='block_1_103' title="bbox 503 5520 2074 5609">
    <p class='ocr_par' dir='ltr' id='par_1_103' title="bbox 503 5520 2074 5609">
     <span class='ocr_line' id='line_1_103' title="bbox 503 5520 2074 5609; baseline -0.017 -1"><span class='ocrx_word' id='word_1_782' title='bbox 503 5554 558 5609; x_wconf 92' lang='lat' dir='ltr'><strong>in</strong></span> <span class='ocrx_word' id='word_1_783' title='bbox 587 5548 1020 5607; x_wconf 87' lang='lat' dir='ltr'><strong>controversiam</strong></span> <span class='ocrx_word' id='word_1_784' title='bbox 1055 5544 1259 5598; x_wconf 87' lang='lat' dir='ltr'><strong>ducere</strong></span> <span class='ocrx_word' id='word_1_785' title='bbox 1289 5540 1487 5608; x_wconf 79' lang='lat' dir='ltr'><strong>placet.</strong></span> <span class='ocrx_word' id='word_1_786' title='bbox 1552 5535 1670 5588; x_wconf 76' lang='lat' dir='ltr'><strong>Alio</strong></span> <span class='ocrx_word' id='word_1_787' title='bbox 1700 5541 1883 5587; x_wconf 89' lang='lat' dir='ltr'><strong>autem</strong></span> <span class='ocrx_word' id='word_1_788' title='bbox 1912 5520 2074 5582; x_wconf 82' lang='lat' dir='ltr'><strong>modo</strong></span> 
     </span>
    </p>
   </div>
   <div class='ocr_carea' id='block_1_104' title="bbox 505 5622 2076 5711">
    <p class='ocr_par' dir='ltr' id='par_1_104' title="bbox 505 5622 2076 5711">
     <span class='ocr_line' id='line_1_104' title="bbox 505 5622 2076 5711; baseline -0.017 -13"><span class='ocrx_word' id='word_1_789' title='bbox 505 5642 819 5711; x_wconf 82' lang='lat' dir='ltr'><strong>intelligunt</strong></span> <span class='ocrx_word' id='word_1_790' title='bbox 848 5638 944 5708; x_wconf 89' lang='lat' dir='ltr'><strong>qui</strong></span> <span class='ocrx_word' id='word_1_791' title='bbox 979 5637 1035 5691; x_wconf 89' lang='lat' dir='ltr'><strong>in</strong></span> <span class='ocrx_word' id='word_1_792' title='bbox 1069 5628 1384 5704; x_wconf 76' lang='lat' dir='ltr'><strong>huiusmodi</strong></span> <span class='ocrx_word' id='word_1_793' title='bbox 1413 5628 1577 5682; x_wconf 88' lang='lat' dir='ltr'><strong>rebus</strong></span> <span class='ocrx_word' id='word_1_794' title='bbox 1607 5622 1836 5711; x_wconf 80' lang='lat' dir='ltr'><strong>nimium</strong></span> <span class='ocrx_word' id='word_1_795' title='bbox 1860 5634 2076 5688; x_wconf 88' lang='lat' dir='ltr'><strong>semper</strong></span> 
     </span>
    </p>
   </div>
   <div class='ocr_carea' id='block_1_105' title="bbox 506 5704 2077 5802">
    <p class='ocr_par' dir='ltr' id='par_1_105' title="bbox 506 5704 2077 5802">
     <span class='ocr_line' id='line_1_105' title="bbox 506 5704 2077 5802; baseline -0.017 -14"><span class='ocrx_word' id='word_1_796' title='bbox 506 5732 802 5802; x_wconf 76' lang='lat' dir='ltr'><strong>exquirere</strong></span> <span class='ocrx_word' id='word_1_797' title='bbox 857 5738 914 5783; x_wconf 89' lang='lat' dir='ltr'><strong>et</strong></span> <span class='ocrx_word' id='word_1_798' title='bbox 964 5742 1062 5796; x_wconf 85' lang='lat' dir='ltr'><strong>per</strong></span> <span class='ocrx_word' id='word_1_799' title='bbox 1112 5720 1402 5793; x_wconf 78' lang='lat' dir='ltr'><strong>allegorias</strong></span> <span class='ocrx_word' id='word_1_800' title='bbox 1450 5704 1913 5775; x_wconf 51' lang='lat' dir='ltr'><strong>dicere&#39;volunt;</strong></span> <span class='ocrx_word' id='word_1_801' title='bbox 1968 5707 2077 5764; x_wconf 88' lang='lat' dir='ltr'><strong>alio</strong></span> 
     </span>
    </p>
   </div>
   <div class='ocr_carea' id='block_1_106' title="bbox 516 5805 2076 5889">
    <p class='ocr_par' dir='ltr' id='par_1_106' title="bbox 516 5805 2076 5889">
     <span class='ocr_line' id='line_1_106' title="bbox 516 5805 2076 5889; baseline -0.013 -11"><span class='ocrx_word' id='word_1_802' title='bbox 516 5826 680 5877; x_wconf 81' lang='lat' dir='ltr'><strong>modo</strong></span> <span class='ocrx_word' id='word_1_803' title='bbox 705 5822 797 5889; x_wconf 83' lang='lat' dir='ltr'><strong>qui</strong></span> <span class='ocrx_word' id='word_1_804' title='bbox 833 5817 1156 5888; x_wconf 84' lang='lat' dir='ltr'><strong>simpliciter</strong></span> <span class='ocrx_word' id='word_1_805' title='bbox 1185 5810 1535 5883; x_wconf 81' lang='lat' dir='ltr'><strong>interpretari</strong></span> <span class='ocrx_word' id='word_1_806' title='bbox 1563 5814 1617 5863; x_wconf 86' lang='lat' dir='ltr'><strong>et</strong></span> <span class='ocrx_word' id='word_1_807' title='bbox 1651 5805 1926 5863; x_wconf 59' lang='lat' dir='ltr'><strong>illustrare</strong></span> <span class='ocrx_word' id='word_1_808' title='bbox 1958 5809 2076 5858; x_wconf 81' lang='lat' dir='ltr'><strong>stu-</strong></span> 
     </span>
    </p>
   </div>
   <div class='ocr_carea' id='block_1_107' title="bbox 2167 4860 3715 4954">
    <p class='ocr_par' dir='ltr' id='par_1_107' title="bbox 2167 4860 3715 4954">
     <span class='ocr_line' id='line_1_107' title="bbox 2167 4860 3715 4954; baseline -0.017 -17"><span class='ocrx_word' id='word_1_809' title='bbox 2167 4860 2375 4954; x_wconf 81' lang='grc' dir='ltr'>φωνῆς,</span> <span class='ocrx_word' id='word_1_810' title='bbox 2405 4880 2498 4934; x_wconf 71' lang='grc' dir='ltr'>καὶ</span> <span class='ocrx_word' id='word_1_811' title='bbox 2525 4876 2699 4931; x_wconf 76' lang='grc' dir='ltr'>ταῦτα</span> <span class='ocrx_word' id='word_1_812' title='bbox 2723 4875 2809 4929; x_wconf 83' lang='grc' dir='ltr'>διὰ</span> <span class='ocrx_word' id='word_1_813' title='bbox 2834 4872 3162 4945; x_wconf 79' lang='grc' dir='ltr'>παραϐολῶν</span> <span class='ocrx_word' id='word_1_814' title='bbox 3198 4870 3295 4924; x_wconf 69' lang='grc' dir='ltr'><strong>καὶ</strong></span> <span class='ocrx_word' id='word_1_815' title='bbox 3323 4865 3612 4924; x_wconf 86' lang='grc' dir='ltr'>σκοτεινῶν</span> <span class='ocrx_word' id='word_1_816' title='bbox 3636 4860 3715 4912; x_wconf 88' lang='grc' dir='ltr'>λό-</span> 
     </span>
    </p>
   </div>
   <div class='ocr_carea' id='block_1_108' title="bbox 2165 4954 3714 5047">
    <p class='ocr_par' dir='ltr' id='par_1_108' title="bbox 2165 4954 3714 5047">
     <span class='ocr_line' id='line_1_108' title="bbox 2165 4954 3714 5047; baseline -0.015 -17"><span class='ocrx_word' id='word_1_817' title='bbox 2165 4994 2278 5047; x_wconf 87' lang='grc' dir='ltr'><strong>γων</strong></span> <span class='ocrx_word' id='word_1_818' title='bbox 2302 4974 2396 5028; x_wconf 78' lang='grc' dir='ltr'><strong>καί⁵</strong></span> <span class='ocrx_word' id='word_1_819' title='bbox 2419 4970 2761 5039; x_wconf 78' lang='grc' dir='ltr'>αἰνιγμάτων</span> <span class='ocrx_word' id='word_1_820' title='bbox 2807 4964 3304 5036; x_wconf 80' lang='grc' dir='ltr'>προενηνεγμένης,</span> <span class='ocrx_word' id='word_1_821' title='bbox 3329 4963 3403 5024; x_wconf 84' lang='grc' dir='ltr'>ὡς</span> <span class='ocrx_word' id='word_1_822' title='bbox 3432 4956 3597 5030; x_wconf 73' lang='grc' dir='ltr'>μηδὲν</span> <span class='ocrx_word' id='word_1_823' title='bbox 3623 4954 3714 5007; x_wconf 71' lang='lat' dir='ltr'><strong>dv-</strong></span> 
     </span>
    </p>
   </div>
   <div class='ocr_carea' id='block_1_109' title="bbox 2166 5052 3711 5137">
    <p class='ocr_par' dir='ltr' id='par_1_109' title="bbox 2166 5052 3711 5137">
     <span class='ocr_line' id='line_1_109' title="bbox 2166 5052 3711 5137; baseline -0.017 -14"><span class='ocrx_word' id='word_1_824' title='bbox 2166 5067 2581 5137; x_wconf 80' lang='grc' dir='ltr'>αμφισϐήτητον</span> <span class='ocrx_word' id='word_1_825' title='bbox 2606 5059 2750 5115; x_wconf 81' lang='grc' dir='ltr'>εἶναι</span> <span class='ocrx_word' id='word_1_826' title='bbox 2779 5059 2967 5114; x_wconf 85' lang='grc' dir='ltr'>λαϐεῖν</span> <span class='ocrx_word' id='word_1_827' title='bbox 2998 5058 3059 5123; x_wconf 85' lang='grc' dir='ltr'><strong>ἐξ</strong></span> <span class='ocrx_word' id='word_1_828' title='bbox 3108 5056 3284 5124; x_wconf 81' lang='grc' dir='ltr'>αὐτῆς</span> <span class='ocrx_word' id='word_1_829' title='bbox 3318 5056 3408 5108; x_wconf 81' lang='grc' dir='ltr'><strong>τὸν</strong></span> <span class='ocrx_word' id='word_1_830' title='bbox 3440 5052 3711 5137; x_wconf 83' lang='grc' dir='ltr'>ἀκούοντα.</span> 
     </span>
    </p>
   </div>
   <div class='ocr_carea' id='block_1_110' title="bbox 2169 5136 3718 5227">
    <p class='ocr_par' dir='ltr' id='par_1_110' title="bbox 2169 5136 3718 5227">
     <span class='ocr_line' id='line_1_110' title="bbox 2169 5136 3718 5227; baseline -0.017 -13"><span class='ocrx_word' id='word_1_831' title='bbox 2169 5136 2271 5213; x_wconf 85' lang='grc' dir='ltr'>Διά</span> <span class='ocrx_word' id='word_1_832' title='bbox 2294 5158 2427 5227; x_wconf 84' lang='grc' dir='ltr'>γοῦν</span> <span class='ocrx_word' id='word_1_833' title='bbox 2455 5153 2630 5209; x_wconf 85' lang='grc' dir='ltr'>ταῦτα</span> <span class='ocrx_word' id='word_1_834' title='bbox 2672 5149 2830 5219; x_wconf 76' lang='grc' dir='ltr'>κάγὼ</span> <span class='ocrx_word' id='word_1_835' title='bbox 2865 5151 3081 5219; x_wconf 79' lang='grc' dir='ltr'>σιωπᾷν</span> <span class='ocrx_word' id='word_1_836' title='bbox 3124 5147 3426 5216; x_wconf 81' lang='grc' dir='ltr'>ἐϐουλόμην</span> <span class='ocrx_word' id='word_1_837' title='bbox 3455 5140 3612 5200; x_wconf 80' lang='grc' dir='ltr'>αὐτὸς</span> <span class='ocrx_word' id='word_1_838' title='bbox 3637 5136 3718 5187; x_wconf 85' lang='grc' dir='ltr'>ἐν·</span> 
     </span>
    </p>
   </div>
   <div class='ocr_carea' id='block_1_111' title="bbox 2168 5228 3717 5316">
    <p class='ocr_par' dir='ltr' id='par_1_111' title="bbox 2168 5228 3717 5316">
     <span class='ocr_line' id='line_1_111' title="bbox 2168 5228 3717 5316; baseline -0.014 -11"><span class='ocrx_word' id='word_1_839' title='bbox 2168 5251 2382 5305; x_wconf 82' lang='grc' dir='ltr'>ταυθοῖ.</span> <span class='ocrx_word' id='word_1_840' title='bbox 2411 5248 2519 5300; x_wconf 63' lang='grc' dir='ltr'><strong>Καὶ</strong></span> <span class='ocrx_word' id='word_1_841' title='bbox 2553 5245 2627 5316; x_wconf 82' lang='grc' dir='ltr'>μὴ</span> <span class='ocrx_word' id='word_1_842' title='bbox 2661 5245 2822 5314; x_wconf 85' lang='grc' dir='ltr'>μόνον</span> <span class='ocrx_word' id='word_1_843' title='bbox 2847 5242 2914 5294; x_wconf 84' lang='grc' dir='ltr'>δι’</span> <span class='ocrx_word' id='word_1_844' title='bbox 2942 5241 2978 5295; x_wconf 76' lang='grc' dir='ltr'>ἃ</span> <span class='ocrx_word' id='word_1_845' title='bbox 3010 5234 3613 5310; x_wconf 80' lang='grc' dir='ltr'>προαπηριθμησάμην.</span> <span class='ocrx_word' id='word_1_846' title='bbox 3641 5228 3717 5278; x_wconf 83' lang='grc' dir='ltr'>ὅτι</span> 
     </span>
    </p>
   </div>
   <div class='ocr_carea' id='block_1_112' title="bbox 2175 5318 3718 5413">
    <p class='ocr_par' dir='ltr' id='par_1_112' title="bbox 2175 5318 3718 5413">
     <span class='ocr_line' id='line_1_112' title="bbox 2175 5318 3718 5413; baseline -0.016 -17"><span class='ocrx_word' id='word_1_847' title='bbox 2175 5343 2251 5413; x_wconf 78' lang='grc' dir='ltr'>μὴ</span> <span class='ocrx_word' id='word_1_848' title='bbox 2273 5340 2369 5395; x_wconf 77' lang='grc' dir='ltr'><strong>καὶ</strong></span> <span class='ocrx_word' id='word_1_849' title='bbox 2403 5338 2580 5393; x_wconf 78' lang='grc' dir='ltr'>ἄλλων</span> <span class='ocrx_word' id='word_1_850' title='bbox 2606 5337 2779 5406; x_wconf 86' lang='grc' dir='ltr'>δήπου</span> <span class='ocrx_word' id='word_1_851' title='bbox 2806 5334 3076 5386; x_wconf 84' lang='grc' dir='ltr'>πλείστων</span> <span class='ocrx_word' id='word_1_852' title='bbox 3101 5331 3291 5384; x_wconf 72' lang='grc' dir='ltr'>ἕνεκα.</span> <span class='ocrx_word' id='word_1_853' title='bbox 3322 5329 3431 5383; x_wconf 73' lang='grc' dir='ltr'>Καὶ</span> <span class='ocrx_word' id='word_1_854' title='bbox 3465 5324 3569 5392; x_wconf 74' lang='grc' dir='ltr'><strong>γὰρ</strong></span> <span class='ocrx_word' id='word_1_855' title='bbox 3597 5318 3718 5370; x_wconf 76' lang='grc' dir='ltr'>ἔνιοι</span> 
     </span>
    </p>
   </div>
   <div class='ocr_carea' id='block_1_113' title="bbox 2175 5413 3715 5501">
    <p class='ocr_par' dir='ltr' id='par_1_113' title="bbox 2175 5413 3715 5501">
     <span class='ocr_line' id='line_1_113' title="bbox 2175 5413 3715 5501; baseline -0.016 -15"><span class='ocrx_word' id='word_1_856' title='bbox 2175 5432 2275 5501; x_wconf 83' lang='grc' dir='ltr'>μὲν</span> <span class='ocrx_word' id='word_1_857' title='bbox 2307 5426 2578 5498; x_wconf 73' lang='grc' dir='ltr'>σαφηνείᾳ</span> <span class='ocrx_word' id='word_1_858' title='bbox 2621 5422 2890 5493; x_wconf 82' lang='grc' dir='ltr'>γλώττης,</span> <span class='ocrx_word' id='word_1_859' title='bbox 2928 5421 3060 5474; x_wconf 74' lang='grc' dir='ltr'>ἔνιοι</span> <span class='ocrx_word' id='word_1_860' title='bbox 3113 5419 3156 5472; x_wconf 90' lang='grc' dir='ltr'>δ’</span> <span class='ocrx_word' id='word_1_861' title='bbox 3194 5420 3394 5489; x_wconf 79' lang='grc' dir='ltr'>ἥκιστα</span> <span class='ocrx_word' id='word_1_862' title='bbox 3418 5413 3715 5501; x_wconf 52' lang='grc' dir='ltr'>κέχρηνταξ</span> 
     </span>
    </p>
   </div>
   <div class='ocr_carea' id='block_1_114' title="bbox 2174 5487 3717 5590">
    <p class='ocr_par' dir='ltr' id='par_1_114' title="bbox 2174 5487 3717 5590">
     <span class='ocr_line' id='line_1_114' title="bbox 2174 5487 3717 5590; baseline -0.021 -11"><span class='ocrx_word' id='word_1_863' title='bbox 2174 5487 2271 5578; x_wconf 71' lang='grc' dir='ltr'><strong>καὶ</strong></span> <span class='ocrx_word' id='word_1_864' title='bbox 2298 5524 2348 5576; x_wconf 85' lang='grc' dir='ltr'><strong>εἰ</strong></span> <span class='ocrx_word' id='word_1_865' title='bbox 2483 5487 2606 5580; x_wconf 63' lang='lat' dir='ltr'><strong>“cui;</strong></span> <span class='ocrx_word' id='word_1_866' title='bbox 2630 5487 2885 5579; x_wconf 73' lang='grc' dir='ltr'>ἐννοίαις,</span> <span class='ocrx_word' id='word_1_867' title='bbox 2910 5513 3024 5566; x_wconf 85' lang='grc' dir='ltr'>ἀλλ’</span> <span class='ocrx_word' id='word_1_868' title='bbox 3049 5512 3143 5565; x_wconf 79' lang='grc' dir='ltr'><strong>οὖν</strong></span> <span class='ocrx_word' id='word_1_869' title='bbox 3180 5487 3245 5580; x_wconf 64' lang='grc' dir='ltr'>τῇ</span> <span class='ocrx_word' id='word_1_870' title='bbox 3281 5527 3344 5577; x_wconf 88' lang='grc' dir='ltr'><strong>γε</strong></span> <span class='ocrx_word' id='word_1_871' title='bbox 3377 5504 3516 5569; x_wconf 79' lang='grc' dir='ltr'>λέξει</span> <span class='ocrx_word' id='word_1_872' title='bbox 3541 5499 3631 5553; x_wconf 76' lang='grc' dir='ltr'>καὶ</span> <span class='ocrx_word' id='word_1_873' title='bbox 3648 5487 3717 5590; x_wconf 55' lang='lat' dir='ltr'><strong>ﬂ?</strong></span> 
     </span>
    </p>
   </div>
   <div class='ocr_carea' id='block_1_115' title="bbox 2173 5579 3715 5685">
    <p class='ocr_par' dir='ltr' id='par_1_115' title="bbox 2173 5579 3715 5685">
     <span class='ocr_line' id='line_1_115' title="bbox 2173 5579 3715 5685; baseline -0.032 1"><span class='ocrx_word' id='word_1_874' title='bbox 2173 5616 2272 5684; x_wconf 78' lang='grc' dir='ltr'><strong>τῆς</strong></span> <span class='ocrx_word' id='word_1_875' title='bbox 2304 5579 2561 5685; x_wconf 54' lang='grc' dir='ltr'>φρέιέεως</span> <span class='ocrx_word' id='word_1_876' title='bbox 2599 5608 2842 5678; x_wconf 79' lang='grc' dir='ltr'>σχήματι</span> <span class='ocrx_word' id='word_1_877' title='bbox 2874 5599 3493 5675; x_wconf 80' lang='grc' dir='ltr'>διενηνέχθαιδοκοῦσιν</span> <span class='ocrx_word' id='word_1_878' title='bbox 3517 5579 3715 5685; x_wconf 71' lang='grc' dir='ltr'>ἐνιαχοῦ</span> 
     </span>
    </p>
   </div>
   <div class='ocr_carea' id='block_1_116' title="bbox 2174 5672 3716 5772">
    <p class='ocr_par' dir='ltr' id='par_1_116' title="bbox 2174 5672 3716 5772">
     <span class='ocr_line' id='line_1_116' title="bbox 2174 5672 3716 5772; baseline -0.024 -13"><span class='ocrx_word' id='word_1_879' title='bbox 2174 5672 2286 5766; x_wconf 68' lang='grc' dir='ltr'>τοῖς</span> <span class='ocrx_word' id='word_1_880' title='bbox 2311 5672 2743 5772; x_wconf 24' lang='grc' dir='ltr'>ἀμαθῶςντεόιαὶ</span> <span class='ocrx_word' id='word_1_881' title='bbox 2777 5672 3067 5764; x_wconf 74' lang='grc' dir='ltr'>ἐριστικῶς</span> <span class='ocrx_word' id='word_1_882' title='bbox 3092 5672 3222 5753; x_wconf 75' lang='grc' dir='ltr'>ταῖς</span> <span class='ocrx_word' id='word_1_883' title='bbox 3250 5685 3491 5762; x_wconf 79' lang='grc' dir='ltr'>Γραφαίς</span> <span class='ocrx_word' id='word_1_884' title='bbox 3518 5672 3716 5772; x_wconf 47' lang='grc' dir='ltr'>ὁμιλού-</span> 
     </span>
    </p>
   </div>
   <div class='ocr_carea' id='block_1_117' title="bbox 2179 5760 3716 5863">
    <p class='ocr_par' dir='ltr' id='par_1_117' title="bbox 2179 5760 3716 5863">
     <span class='ocr_line' id='line_1_117' title="bbox 2179 5760 3716 5863; baseline -0.014 -13"><span class='ocrx_word' id='word_1_885' title='bbox 2179 5814 2282 5852; x_wconf 88' lang='grc' dir='ltr'>σιν.</span> <span class='ocrx_word' id='word_1_886' title='bbox 2318 5796 2427 5851; x_wconf 69' lang='grc' dir='ltr'><strong>Καὶ</strong></span> <span class='ocrx_word' id='word_1_887' title='bbox 2463 5794 2639 5856; x_wconf 67' lang='grc' dir='ltr'>άλλως</span> <span class='ocrx_word' id='word_1_888' title='bbox 2694 5792 2791 5863; x_wconf 78' lang='grc' dir='ltr'>μὲν</span> <span class='ocrx_word' id='word_1_889' title='bbox 2830 5785 2911 5853; x_wconf 72' lang='grc' dir='ltr'>οἷς</span> <span class='ocrx_word' id='word_1_890' title='bbox 2966 5788 3033 5841; x_wconf 77' lang='grc' dir='ltr'>τὰ</span> <span class='ocrx_word' id='word_1_891' title='bbox 3095 5785 3224 5855; x_wconf 69' lang='grc' dir='ltr'>περὶ</span> <span class='ocrx_word' id='word_1_892' title='bbox 3276 5781 3463 5835; x_wconf 89' lang='grc' dir='ltr'>τούτου</span> <span class='ocrx_word' id='word_1_893' title='bbox 3491 5769 3600 5831; x_wconf 86' lang='grc' dir='ltr'>πῶς</span> <span class='ocrx_word' id='word_1_894' title='bbox 3624 5760 3716 5839; x_wconf 61' lang='grc' dir='ltr'><strong>μὲν</strong></span> 
     </span>
    </p>
   </div>
  </div>
