4034 6464
358 372 466 436 353

1299 371 1742 434 BYZANTlN/E
1781 368 2167 429 IIISTORIJE
2213 368 2362 426 LIB.
2405 369 2650 430 XXXII.

3507 371 3614 436 35’.

359 489 755 561 ἑγκωμιάζειν,
777 491 893 555 πῶς
915 490 960 547 δ’
980 491 1327 560 ἀναγωγικόν
1353 509 1476 545 τινα
1500 490 1682 558 λέγειν
1721 489 1927 559 τρόπον

2047 486 2177 541 dent
2229 486 2343 555 ipsa
2401 496 2609 541 tantum
2643 485 2787 540 nuda
2821 485 3098 557 Evangelii
3142 486 3308 542 verba
3341 487 3457 543 sine
3500 472 3610 543 ulla

359 582 455 634 καὶ
484 582 928 654 ἀλληγοροῦντας
953 584 1210 649 διεξιέναι
1242 585 1478 648 ἔπεισιν,
1514 582 1690 645 ἄλλως
1737 581 1795 636 δὲ
1820 582 1933 642 τοῖς

363 671 551 736 ἁπλῶς
578 674 908 744 ἑρμηνεύειν
940 676 1036 728 καὶ
1070 673 1385 744 ἐξηγεῖσθαι
1415 672 1812 744 προελομένοις
1838 671 1936 741 μό-

362 778 461 828 νας
509 766 681 829 αὐτὰς
739 768 835 821 τοῦ
871 767 1215 836 Εὐαγγελίου
1249 766 1349 826 τὰς
1386 768 1573 837 ῥήσεις
1621 763 1936 833 φιλοτιμίας

363 856 583 927 ἀπάσης
608 858 785 922 ἐκτὸς,
817 859 913 913 καὶ
939 857 1367 920 ἀνακαλύπτειν,
1406 857 1529 908 ὅσον
1560 851 1806 923 ὲφικτδν,
1843 851 1938 903 τὸν

361 948 684 1017 ἐγκείμενον
710 952 832 1014 ταῖς
868 950 1048 1011 λέξεσι
1081 948 1209 1004 νοῦν
1238 947 1505 1020 ἀκριϐῶς,
1534 948 1630 1001 καὶ
1661 946 1825 999 πλέον
1849 946 1940 997 οὐ-

361 1040 451 1093 δὲν
494 1043 810 1112 περαιτέρω
838 1043 1022 1111 ζητεῖν
1045 1056 1060 1070 ·
1106 1040 1284 1103 ἄλλως
1312 1039 1372 1094 δὲ
1401 1041 1515 1103 τοῖς
1546 1038 1642 1093 νῦν
1678 1038 1769 1091 ἐπὶ
1805 1054 1937 1104 συγο

363 1120 519 1204 χύσει
542 1133 640 1203 τῆς
656 1133 940 1198 εὐσεϐείας
964 1136 1277 1203 ὲπιφυεῐσιν
1300 1131 1581 1195 ἀσεϐέσιν,
1609 1130 1660 1184 οἳ
1682 1130 1781 1201 τὴν
1811 1129 1942 1199 μίαν

364 1224 621 1278 ἀκτιστον
649 1227 880 1297 θεότητα
923 1229 1062 1298 πρὸς
1091 1227 1356 1297 ἀπείρους
1409 1226 1505 1278 καὶ
1531 1223 1819 1292 διαφόρους
1852 1222 1941 1274 τέ-

368 1329 585 1382 μνουσι,
616 1317 709 1369 καὶ
735 1316 854 1385 ἅμα
905 1318 1039 1388 όρᾷν
1068 1317 1347 1386 αἰσθητοῖς
1404 1314 1704 1384 ὀφθαλμοῖς
1738 1314 1940 1381 ἐγκαυ-

367 1400 569 1470 χῶνται
593 1402 691 1456 καὶ
717 1404 927 1473 ὁμιλεῖν
955 1405 1014 1469 ἐξ
1046 1406 1189 1458 οῐνου
1220 1405 1318 1459 καὶ
1350 1403 1565 1473 τρυφῆς
1592 1402 1937 1470 Παλαμικῆς.

364 1494 424 1547 ὃν
443 1494 707 1549 ἀδύνατον
739 1496 868 1549 ἰδεῖν
892 1496 1299 1569 μεμαθήκαμεν
1324 1495 1452 1568 μήτ’
1480 1495 1786 1563 ἀνθρώπων
1815 1493 1942 1564 μήτ’

366 1585 613 1654 ἀγγέλων
638 1586 860 1639 οὐδένα·
891 1588 1071 1663 ἄλλως
1100 1588 1145 1640 δ’
1178 1582 1335 1651 αὖθις
1369 1589 1482 1650 τοῖς
1504 1586 1795 1655 ἑπομένοις
1846 1584 1945 1654 βα-

371 1677 593 1741 ναύσοις
623 1679 721 1732 καὶ
750 1678 1195 1749 τριωϐολιμαίοις
1225 1680 1605 1748 γυναικαρίοις
1631 1678 1723 1731 καὶ
1745 1677 1942 1746 ἀνδρα-

369 1769 527 1840 ρίοις.
570 1769 660 1835 Ὠς
714 1766 856 1825 εἶναι
919 1772 1262 1836 πολλαπλοῦς
1314 1773 1410 1826 καὶ
1457 1771 1758 1834 πολυειδεῖς
1811 1771 1941 1832 τοὺς

2040 578 2405 633 aestimatione
2434 588 2490 632 et
2529 579 2781 648 detegere
2813 588 3080 648 quantum
3114 579 3232 633 ﬁeri
3262 580 3433 649 pessit
3460 574 3614 636 neeu-

2052 677 2170 723 rate
2199 683 2323 737 qua:
2355 667 2538 722 verbis
2568 668 2757 723 subest
2791 669 3148 733 sententiam,
3178 684 3358 739 neque
3393 671 3485 739 qui
3536 672 3617 723 ul-

2040 759 2214 814 terius
2249 759 2550 829 quidquam
2580 758 2951 828 indagandum
2983 774 3104 814 esse
3136 770 3354 829 putant.
3401 761 3617 815 Rursus

2038 851 2146 905 alio
2186 852 2347 905 modo
2374 849 2597 905 diﬂ‘erre
2620 851 2878 905 videntur
2909 852 2996 917 iis,
3033 852 3125 923 qui
3154 852 3317 909 hodie
3350 854 3470 924 pios
3502 855 3620 909 ani-

2040 956 2160 996 mos
2197 941 2523 1010 perturbare
2563 940 2786 996 student
2833 942 3040 1011 impiis,
3077 944 3283 1015 quique
3317 961 3478 998 unam
3535 947 3620 1000 in-

2040 1040 2278 1085 creatam
2337 1030 2595 1085 deitatem
2648 1029 2700 1083 in
2738 1029 2984 1084 infinitas
3034 1040 3090 1085 et
3148 1032 3503 1087 multimodas
3534 1034 3619 1085 di-

2041 1123 2324 1187 scindunt,
2360 1121 2634 1191 simulque
2667 1121 2855 1176 videre
2888 1137 3007 1177 eam
3041 1122 3203 1177 claris
3234 1124 3409 1178 oculis
3433 1139 3490 1177 se
3532 1125 3618 1193 ja-

2043 1220 2197 1266 Ctant
2234 1219 2291 1265 et
2313 1213 2640 1280 conjunctes
2669 1227 2727 1266 se
2758 1227 2878 1266 esse
2910 1221 3031 1280 post
3085 1214 3273 1267 vinum
3309 1221 3365 1268 et
3395 1229 3615 1268 eomes-

2044 1303 2315 1356 sationem
2344 1302 2673 1356 Palamicam
2702 1318 2827 1356 cum
2859 1318 2923 1357 ea
2950 1319 3111 1367 quam
3139 1319 3239 1359 nos
3269 1320 3616 1374 nequaquam

2043 1394 2199 1447 cerni
2229 1408 2392 1463 posse
2428 1394 2725 1449 didicimus
2752 1410 2930 1465 neque
2961 1396 3029 1449 ab
3051 1396 3273 1451 homine
3297 1398 3407 1451 ullo
3438 1412 3618 1466 neque

2043 1486 2111 1538 ab
2149 1487 2380 1555 angelis.
2419 1487 2669 1556 Denique
2704 1488 2811 1541 alio
2841 1489 3002 1541 modo
3036 1488 3371 1558 intelligunt,
3401 1504 3522 1557 qua‘
3562 1489 3618 1542 in

2044 1578 2307 1633 comitatu
2376 1594 2599 1649 semper
2646 1587 2735 1633 est
2765 1578 2919 1648 plebs
2952 1595 2983 1635 e
3030 1580 3273 1634 talrernis
3301 1589 3359 1634 et
3392 1580 3620 1648 perditae

2044 1669 2290 1741 vilesque
2365 1670 2627 1725 mulieres
2692 1679 2748 1726 et
2802 1671 3145 1726 homunculi.
3203 1671 3392 1741 Itaque
3443 1671 3501 1725 ﬁt
3560 1679 3621 1725 ut

2048 1762 2380 1832 multiplices
2427 1763 2554 1816 inde
2589 1772 2645 1815 et
2693 1763 2858 1816 varia:
2891 1761 3081 1817 formae
3127 1762 3620 1817 sanctaidoctrina:

368 1837 620 1916 ἐντεῦθεν
663 1863 1073 1929 ἀποϐλύζοντας
1115 1866 1216 1937 τῆς
1247 1865 1544 1936 θρησκείας
1580 1863 1811 1933 ῥύακας,
1847 1863 1943 1916 καὶ

2048 1863 2302 1925 tanquam
2367 1854 2531 1908 rivuli
2594 1852 2907 1923 proﬂuent;
2969 1862 3025 1909 et
3083 1854 3332 1924 profecto
3376 1856 3618 1924 cogitare

370 1954 637 2024 Πρωτέως
649 1957 891 2027 τήμερον
904 1957 1113 2012 δεῖσθαί
1129 1973 1292 2020 τινος,
1307 1955 1520 2009 ἀλλοιοῦ
1528 1955 1650 2008 σθαι
1668 1952 1729 2025 [ί.
1751 1954 1851 2007 162
1868 1951 1942 2025 r.]

373 2048 673 2119 δυναμένου
717 2050 888 2119 συχνὰ
913 2050 1050 2122 πρὸς
1081 2051 1152 2104 τὰ
1182 2050 1415 2120 διάφορα
1460 2048 1572 2102 τῶν
1604 2048 1942 2118 ὁμιλούντων

370 2139 474 2210 ήἸη
497 2142 592 2193 καὶ
620 2139 737 2212 ἅμα
759 2141 857 2204 τὰς
884 2158 946 2195 τε
978 2143 1210 2211 γνώσεις
1235 2142 1330 2196 καὶ
1359 2140 1783 2213 διχοστατούσας
1804 2137 1943 2208 γνώ-

376 2249 502 2301 ρας.

442 2322 538 2379 1Δ’.
569 2325 668 2379 Διά
696 2325 763 2398 δὴ
792 2325 968 2381 ταῦτα
1013 2330 1110 2380 καὶ
1138 2328 1209 2380 τὰ
1256 2324 1488 2380 τοιαῦτα
1525 2323 1750 2396 βαθείας
1786 2323 1946 2392 σιγῆς

375 2414 653 2469 ἀνθεῖλκον
689 2416 891 2488 ἔρωτες
937 2418 1000 2472 τὸ
1042 2421 1140 2487 τῆς
1172 2419 1316 2490 ὲμῆς
1350 2417 1530 2488 ψυχῆς
1569 2414 1943 2485 λογιζόμενον.

377 2507 471 2559 καὶ
502 2506 778 2573 τοιούτους
822 2510 887 2581 δή
918 2527 1071 2573 τινας
1102 2512 1158 2563 ἐν
1202 2510 1433 2579 ἐμαυτῷ
1477 2508 1607 2571 τοὺς
1647 2507 1947 2576 λογισμοὺς

375 2595 639 2667 ἐξήσκουν
671 2599 803 2668 ἐγὼ,
855 2601 1046 2664 δεδιὼς
1103 2603 1179 2672 μὴ
1235 2600 1416 2672 μάτην
1460 2601 1697 2670 ἀορίστῳ
1740 2615 1801 2652 τε
1852 2597 1948 2651 καὶ

372 2688 592 2759 ἀστάτῳ
621 2691 868 2763 στοιχείῳ
897 2692 976 2763 τῷ
998 2693 1120 2764 ἀέρι
1153 2693 1292 2758 δόξω
1319 2692 1816 2759 δανείζειν³λόγους
1849 2692 1948 2744 αὐ-

369 2780 501 2834 τίκα
537 2782 684 2851 μάλα
713 2784 1310 2855 λυθησομέ.νους,Ἐπεῖ¹
1340 2786 1397 2838 δὲ
1426 2785 1765 2854 πανταχόθεν
1796 2784 1947 2853 ἡμᾶς

373 2875 721 2947 περιθέοντες
773 2876 871 2931 νῦν
901 2879 951 2932 οἱ
1002 2878 1104 2948 τῆς
1158 2878 1441 2942 εὐσεϐείας
1493 2878 1795 2947 ἀγωνισταὶ
1849 2877 1947 2931 καὶ

373 2967 581 3038 σφόδρα
611 2969 710 3039 τῆς
733 2969 973 3033 πίστεως
1004 2970 1361 3041 ἀντεχόμενοι
1388 2969 1783 3040 πιθανωτέροις
1811 2987 1948 3041 χρη-

357 3059 602 3127 σάμενοι
636 3060 818 3130 λόγοις
853 3061 1109 3132 ἐκθύμως
1136 3080 1197 3115 τε
1224 3061 1436 3126 ἀξιοῦσι
1472 3065 1567 3115 καὶ
1602 3062 1855 3129 ἀνάγκην
1879 3063 1945 3130 τῇ

2044 1945 2208 2016 400
2254 1945 2419 1999 liceat
2470 1943 2635 1998 hodie
2694 1944 2763 1999 de
2797 1945 2997 1999 Proteo
3041 1944 3136 2015 qui
3176 1945 3369 1998 crebro
3417 1944 3619 1998 mutari

2045 2046 2227 2108 potest
2285 2036 2342 2090 in
2399 2038 2583 2092 varios
2641 2050 2706 2090 ac
2764 2034 3013 2092 diversos
3086 2037 3371 2091 hominum
3435 2051 3620 2090 mores

2043 2144 2344 2199 eorumque
2373 2129 2718 2199 cognitiones
2768 2137 2822 2183 et
2856 2127 3189 2184 dissidentes
3235 2129 3378 2183 inter
3411 2144 3469 2183 se
3497 2143 3621 2182 sen—

2055 2223 2280 2279 tentias.

2115 2326 2259 2384 XIV.
2322 2328 2558 2398 Propter
2587 2327 2706 2382 haec
2759 2337 2815 2382 et
2860 2326 3062 2382 similia
3107 2325 3200 2380 alti
3232 2324 3436 2381 silentii
3467 2342 3622 2381 amor

2047 2420 2291 2475 animum
2344 2434 2526 2473 meum
2559 2418 2856 2475 tenebatet
2887 2418 3021 2473 tales
3048 2416 3167 2472 fere
3200 2420 3344 2486 apud
3382 2432 3468 2472 me
3497 2434 3624 2474 sen-

2049 2510 2248 2566 tentias
2278 2509 2641 2564 conformavi.
2703 2508 2986 2563 Timebam
3028 2507 3176 2563 enim
3228 2523 3296 2563 ne
3326 2517 3533 2564 temere
3567 2509 3624 2564 in

2047 2615 2232 2657 aerem
2259 2600 2591 2654 elementum
2648 2597 2924 2652 infinitum
2979 2608 3036 2652 et
3083 2597 3246 2651 inane
3297 2597 3623 2666 projicerem

2046 2694 2323 2749 orationes
2343 2692 2525 2747 statim
2546 2693 2599 2745 in
2623 2691 2856 2745 nihilum
2878 2691 3143 2744 abituras.
3165 2690 3622 2758 Quandoquidem

2049 2794 2230 2840 autem
2275 2784 2517 2852 undique
2567 2797 2669 2837 nos
2718 2785 3142 2837 circumstantes
3197 2796 3347 2835 nunc
3404 2782 3627 2850 pietatis

2049 2875 2294 2929 vindices
2339 2882 2395 2927 et
2439 2874 2785 2928 tenacissime
2813 2872 2971 2927 [idem
2998 2872 3391 2941 amplectentes
3417 2871 3624 2925 firmio-

2049 2967 2202 3022 ribus
2234 2967 2308 3020 uti
2339 2966 2681 3035 argumentis
2714 2978 2812 3032 par
2854 2978 2978 3018 esse
3007 2970 3203 3031 putant
3233 2970 3288 3017 et
3323 2963 3625 3016 necessita-

2048 3065 2158 3112 tem
2209 3054 2673 3127 argumentationi
2733 3054 3018 3108 adducunt
3073 3053 3318 3123 undique
3365 3053 3622 3107 collatam

373 3150 596 3215 ἀξιώσει
649 3151 919 3218 ἐπάγουσι
958 3152 1312 3222 παντοδαπὴν
1364 3166 1490 3203 τινα
1546 3150 1640 3203 καὶ⁹
1700 3151 1835 3202 πολὺ
1882 3148 1943 3201 τὸ

2047 3159 2104 3205 et
2140 3148 2373 3203 multum
2421 3148 2639 3203 roboris
2704 3146 3001 3201 habentem
3050 3156 3104 3201 et
3152 3156 3277 3201 vota
3304 3147 3622 3201 necessitati

372 3241 630 3312 διάπυρον
666 3244 1036 3313 κεκτημένην,
1066 3244 1163 3297 καὶ
1192 3242 1330 3310 ἀρὰς
1358 3240 1941 3313 προσεπιδαψιλεύουσι

372 3336 439 3406 τῇ
466 3334 679 3408 ἀνάγκη
715 3336 790 3407 μὴ
825 3337 1085 3407 περιιδεῖν
1114 3335 1630 3407 ἀναμοχλευομένην
1674 3335 1774 3404 τὴν
1803 3335 1939 3403 ἁλή-

376 3428 549 3493 θειαν,
579 3428 990 3491 κινδυνεύοντας
1022 3429 1080 3484 δὲ
1110 3429 1239 3492 τοὺς
1285 3427 1538 3491 πολλοὺς,
1573 3427 1698 3487 τοὺς
1736 3428 1833 3495 μὲν
1862 3426 1942 3488 είς

372 3520 445 3573 τὰ
474 3520 678 3591 ἔσχατα
715 3522 817 3591 τῆς
863 3524 1134 3590 κακίστης
1178 3522 1287 3574 τῶν
1314 3518 1682 3574 Μασαλιανῶν
1723 3516 1944 3595 περιπί-

375 3626 532 3665 πτειν
560 3612 850 3682 αἱρέσεως,
878 3614 1005 3676 τούς
1033 3613 1081 3665 δ’
1113 3614 1193 3676 είς
1234 3612 1304 3666 τὰ
1344 3611 1455 3666 τῶν
1494 3610 1845 3665 Ἀκτιστιτῶν
1879 3626 1941 3662 τε

375 3701 471 3755 καὶ
500 3703 1067 3775 ’Λνθρωπομορφιτῶν
1107 3704 1381 3775 βάραθρα,
1415 3706 1542 3766 τοὺς
1574 3702 1618 3756 δ’
1665 3705 1745 3765 εἰς
1781 3702 1943 3755 ἀλλος

376 3797 569 3857 κότους
603 3798 695 3849 καὶ
738 3795 1066 3867 τερατώδεις
1096 3797 1289 3861 ἄλλους
1325 3797 1627 3867 κρημνοὺς,
1670 3795 1762 3848 καὶ
1792 3793 1943 3850 ἄκων

377 3886 642 3958 ὲξὰγομαι
674 3888 855 3957 λέγειν
883 3888 918 3943 ἃ
952 3888 1028 3960 μὴ
1054 3890 1399 3962 προῄρημαι,
1430 3887 1532 3960 τὴν
1565 3887 1660 3941 τοῦ
1696 3885 1942 3958 κρύψαν-

374 3995 467 4043 τος
500 3979 561 4033 τὸ
592 3980 763 4050 δῶρον
797 3981 921 4035 καθ’
955 3981 1143 4051 ἕτερον
1171 3982 1373 4052 τρόπον
1419 3977 1606 4042 δεδιὼς
1640 3980 1941 4046 καταδίκην

374 4067 609 4131 ἐκείνου,
648 4068 745 4123 ἀτε
786 4069 1141 4140 στενοχωρῶν
1169 4070 1264 4123 καὶ
1306 4068 1512 4123 ἀδικῶν
1544 4068 1604 4121 τὸ
1634 4066 1741 4121 τῶν
1768 4067 1942 4136 λόγων

376 4160 612 4230 χρηστὸν
662 4159 724 4214 οὐ
756 4160 906 4232 μάλα
943 4161 1117 4224 ἄκων,
1153 4161 1368 4215 πλείοσι
1387 4158 1678 4231 φαίνεσθαι
1707 4158 1943 4229 χρηστὸν

376 4253 782 4323 ἀφαιρούμενος
827 4253 919 4307 διὰ
981 4254 1079 4322 τῆς
1139 4252 1322 4323 σιγῆς.
1354 4252 1627 4322 Τρέποιτο
1656 4250 1701 4305 δ’
1735 4253 1816 4314 είς
1845 4250 1944 4315 τὰς

374 4340 487 4394 τῶν
513 4343 702 4396 αίτίων
728 4342 975 4413 κεφαλὰς
1005 4343 1078 4397 τά
1113 4344 1212 4414 τῆς
1249 4341 1531 4413 μέμψεως,
1564 4344 1621 4394 ὲν
1661 4341 1724 4395 οὐ
1764 4341 1944 4411 καιρῷ

378 4428 726 4508 βιασαμένων
767 4431 948 4500 λέγειν
992 4431 1061 4484 τὰ
1106 4433 1175 4502 τῇ
1207 4430 1370 4501 φύσει
1416 4429 1514 4499 μὶν
1545 4429 1760 4500 καίρια,
1787 4428 1944 4483 οὐπω

2050 3238 2313 3309 adjiciunt
2339 3237 2761 3309 nenegligainus
2789 3235 3038 3291 veritatis
3061 3235 3352 3292 cernenda;
3377 3236 3622 3291 studium

2050 3340 2106 3384 et
2154 3329 2461 3400 periculum
2509 3344 2539 3382 a
2574 3328 2855 3398 plerisque
2900 3326 3263 3381 defendamus
3310 3341 3378 3381 ne
3432 3327 3526 3381 alii
3567 3327 3624 3382 in

2049 3436 2317 3477 summam
2342 3420 2905 3491 nequitiamjincidant
2925 3417 3354 3474 Masalianorum
3374 3420 3624 3487 haeresis,

2049 3513 2138 3568 alii
2159 3514 2213 3567 in
2234 3513 2419 3568 foveas
2438 3512 2807 3568 Actistitarum
2833 3521 2890 3567 et
2915 3511 3624 3582 Anthmpomorphitarum,

2051 3605 2143 3660 alii
2174 3605 2229 3660 in
2259 3605 2364 3660 alia
2400 3605 2673 3675 pestiferae
2696 3612 2765 3659 et
2792 3614 3120 3659 monstrosae
3170 3603 3396 3659 haeresis
3424 3605 3622 3673 praeci-

2049 3695 2223 3765 pitia,
2268 3694 2330 3749 ﬁt
2381 3704 2442 3750 ut
2489 3694 2577 3749 vel
2634 3693 2842 3749 invitus
2887 3708 3052 3763 cogar
3097 3692 3281 3748 dicere
3312 3709 3433 3763 quae
3464 3703 3626 3749 autca

2050 3786 2183 3841 mihi
2216 3800 2324 3840 non
2356 3786 2638 3857 proposui,
2673 3786 2883 3840 veritus
2913 3785 3021 3839 alio
3045 3786 3206 3839 modo
3232 3799 3449 3855 poenam
3482 3787 3625 3852 ejus,

2049 3877 2144 3947 qui
2180 3875 2383 3931 donum
2423 3876 2643 3941 celavit,
2673 3882 2863 3943 utpote
2896 3881 3184 3929 coarctans
3222 3882 3386 3943 atque
3423 3874 3623 3945 injuria

2049 3965 2291 4021 alliciens
2337 3964 2513 4020 bonas
2567 3964 2810 4018 rationes
2865 3978 2973 4017 non
3038 3962 3263 4028 invitus,
3316 3963 3625 4030 impediens

2049 4058 2269 4114 silentio
2299 4071 2442 4122 meo,
2481 4071 2551 4114 ne
2580 4055 2834 4125 pluribus
2860 4062 3153 4125 appareret
3181 4053 3412 4108 bonum.
3468 4055 3625 4111 Vitu-

2050 4151 2263 4221 perilm
2294 4157 2478 4205 autem
2532 4163 2592 4204 se
2618 4156 2798 4202 vertat
2843 4147 2899 4201 in
2944 4146 3127 4217 capita
3168 4157 3496 4210 auctorum,
3529 4150 3623 4219 qui
3668 4202 3681 4217 κ

2049 4242 2208 4314 ἀοι
2236 4256 2323 4297 me
2363 4246 2662 4311 coegerunt
2686 4239 2868 4294 alieno
2912 4246 3158 4308 tempore
3183 4238 3370 4294 dicere
3402 4256 3466 4294 ea
3504 4255 3625 4309 qua:

2052 4348 2153 4404 per
2198 4346 2257 4388 se
2305 4340 2619 4401 opportuna
2657 4336 2810 4394 sunt,
2861 4329 2957 4385 sed
2998 4329 3244 4384 nondum
3290 4346 3469 4399 neque
3524 4346 3623 4400 pro

2056 4423 2310 4495 prtesenti
2357 4438 2542 4477 rerum
2590 4420 2909 4476 conditione
2940 4436 3116 4490 neque
3147 4436 3249 4491 pro
3280 4422 3624 4476 auditorilus

377 4520 424 4575 δ’
444 4520 569 4576 οὐτε
596 4526 710 4587 τοῖς
738 4522 1112 4593 καθεστηκόσι
1144 4525 1470 4593 πράγμασιν
1508 4523 1641 4577 ὄντα
1675 4522 1799 4576 οὐτε
1831 4525 1943 4585 τοῖς

2053 4526 2380 4586 opportuna.
2413 4514 2547 4568 Nam
2584 4513 2639 4567 in
2670 4512 2986 4567 auditorum
3019 4513 3281 4582 opinione
3311 4514 3621 4567 vincentem

378 4615 636 4669 ἀκούουσι
668 4616 883 4688 καίρια.
925 4616 1014 4668 Ἐν
1043 4617 1151 4686 γάρ
1184 4618 1249 4686 τῇ
1281 4616 1390 4669 τῶν
1415 4615 1723 4669 ἀκουόντων
1747 4613 1946 4686 γνώμῃ

375 4711 474 4779 τὴν
505 4710 744 4764 νικῶσαν
784 4709 929 4780 ἔχειν
961 4710 1308 4779 πεπείσμεθα
1337 4708 1520 4778 ψῆφον
1549 4707 1624 4771 ὡς
1658 4711 1729 4762 τὰ
1776 4708 1947 4762 πολλὰ

376 4806 641 4875 κειμένην
664 4803 762 4875 τὴν
790 4804 898 4857 τῶν
925 4802 1196 4872 λεγόντων
1220 4802 1500 4873 ἀλήθειαν.

449 4894 545 4947 IE’.
571 4894 788 4946 Βέλτιον
823 4892 919 4961 μὲν
948 4891 1040 4945 οὖν
1062 4888 1131 4964 ἦν
1155 4892 1221 4946 ἂν
1250 4895 1307 4945 ὲν
1336 4893 1451 4954 τοῖς
1474 4889 1735 4952 τοιούτοις
1762 4891 1946 4961 σιγᾷν,

377 4986 453 5049 ὡς
484 4985 792 5056 διείληπται
812 5001 825 5014 ’
855 4984 972 5040 ἀλλ’
1006 4987 1095 5038 ὅτε
1134 4985 1200 5056 δὴ
1229 4986 1322 5037 καὶ
1350 4985 1448 5054 τῆς
1482 4985 1640 5054 σιγῆς
1669 4985 1719 5037 οἱ
1766 4985 1950 5055 καιροὶ

376 5084 477 5150 τὴν
506 5078 615 5132 τῶν
666 5079 975 5149 λεγομένων
1027 5077 1434 5147 ξενοδοχοῦντες
1488 5071 1634 5149 ἦσαν
1687 5076 1946 5145 ἀσμένως

381 5174 577 5244 φορὰν,
611 5171 706 5225 καὶ
738 5172 798 5223 οὐ
826 5170 924 5241 τὴν
949 5169 1257 5238 ἀναγκαίαν
1284 5168 1379 5222 τοῦ
1401 5169 1581 5238 λέγειν
1609 5167 1948 5238 προύϐαλλον

382 5265 682 5334 πρόφασιν.
714 5260 893 5313 Ἐστι
927 5259 1025 5328 μὲν
1071 5258 1184 5330 γὰρ
1219 5257 1313 5311 καὶ
1367 5257 1528 5327 σιγῆς
1573 5257 1789 5327 καιρὸς,
1830 5256 1948 5309 ἀλλ’

380 5355 470 5408 ὅτε
512 5352 576 5422 δὴ
613 5351 772 5421 σιγῆς
811 5349 1085 5420 δεομένοις
1131 5348 1431 5418 ἀκροαταῖς
1473 5348 1792 5415 ἐντυγχάνοι
1815 5359 1828 5374 ·
1859 5346 1948 5398 ὅτε

378 5446 424 5499 δ’
454 5444 624 5511 ἀξίοις
658 5443 754 5495 καὶ
783 5443 922 5496 πάνυ
956 5458 1009 5493 τι
1054 5439 1340 5511 χρῄζουσι.
1379 5438 1512 5490 Τότε
1545 5437 1590 5490 δ’
1637 5434 1734 5490 οὖν
1770 5437 1947 5489 καὶτὸ

381 5538 728 5609 ἐνδεχόμενον
778 5539 857 5598 είς
901 5537 1001 5606 τὴν
1043 5533 1138 5588 νοῦ
1181 5531 1486 5600 ἀναγκαίου
1537 5532 1729 5600 μοῖραν
1761 5528 1947 5597 σαφῶς

381 5632 838 5700 ἀποκεκριμένον,
867 5627 1059 5700 λέληθε
1090 5629 1188 5697 τὴν
1219 5624 1312 5679 τοῦ
1342 5624 1690 5693 ἐνδεχομένου
1716 5621 1946 5692 δύναμιν

382 5724 745 5788 ἀπολωλεκὸς,
777 5722 881 5776 ὑπὸ
905 5722 1001 5790 τῆς
1031 5721 1278 5792 ἀνάγκης
1312 5715 1619 5771 καταποθὲν
1645 5713 1720 5777 ώς
1747 5715 1945 5769 εἰπεῖν.

392 5817 689 5873 Ἀθανὰςου
713 5817 821 5886 γὰρ
854 5814 950 5884 τῆς
981 5816 1255 5885 ἡμετέρας
1283 5809 1448 5890 οὔσης
1471 5807 1652 5880 ψυχῆς
1689 5805 1781 5860 καὶ
1812 5807 1947 5862 ἀθα-

2050 4618 2253 4663 sortem
2282 4606 2519 4677 positam
2549 4619 2673 4661 esse
2704 4603 3062 4670 arbitramur,
3090 4605 3162 4658 ita
3194 4618 3250 4658 ut
3282 4619 3424 4674 saepe
3444 4604 3626 4675 jaceat

2050 4698 2353 4754 dicentium
2384 4698 2612 4753 veritas.

2120 4888 2237 4945 XV.
2261 4887 2319 4943 ln
2351 4888 2439 4944 his
2463 4888 2629 4959 igitur
2658 4889 2851 4944 melius
2880 4899 3017 4958 erat,
3043 4899 3103 4946 ut
3142 4905 3513 4958 senseramus,
3549 4891 3624 4946 si-

2050 4982 2280 5037 lentium
2341 4990 2550 5044 tenere,
2612 4983 2832 5051 quando
2877 4983 3089 5040 scilicet
3128 4984 3333 5039 silentii
3376 4994 3620 5054 tempora

2054 5075 2323 5129 dictarunt
2360 5072 2468 5125 vim
2499 5072 2738 5127 libenter
2769 5075 2821 5126 in
2855 5089 2913 5128 se
2946 5075 3277 5143 reciperent,
3322 5092 3499 5145 neque
3539 5077 3625 5131 di-

2051 5166 2209 5221 cendi
2240 5165 2602 5219 necessariam
2632 5180 2851 5220 causam
2902 5167 3295 5223 obtenderent.
3346 5168 3444 5224 Est
3468 5170 3619 5224 enim

2050 5258 2254 5313 silentii
2278 5266 2494 5327 tempus
2515 5267 2911 5327 opportunum.
2954 5260 3046 5314 ubi
3075 5260 3357 5315 auditores
3397 5262 3619 5318 silentio

2050 5360 2241 5420 egeant
2273 5348 2442 5418 hique
2471 5362 2538 5402 eo
2568 5347 2715 5418 digni
2746 5351 2856 5404 sint
2884 5360 2941 5405 et
2965 5350 3124 5406 valde
3148 5352 3199 5406 id
3226 5351 3472 5420 cupiant.
3499 5352 3620 5419 Quo

2052 5449 2209 5511 pacto
2229 5439 2285 5495 id
2315 5438 2461 5509 quod
2492 5439 2701 5494 licitum
2740 5451 2842 5503 est.
2880 5447 2932 5496 in
2964 5441 3307 5497 necessitatis
3329 5443 3436 5496 vim
3460 5444 3620 5513 plane

2051 5535 2354 5606 sejunctam
2385 5533 2603 5596 transit,
2640 5534 2691 5587 vi
2729 5535 2859 5589 liciti
2894 5535 3105 5604 abjeeta
3139 5543 3396 5604 tanquam
3438 5552 3465 5589 a
3526 5552 3620 5590 ne-

2051 5624 2304 5679 cessitate
2333 5622 2610 5677 devorata.
2666 5622 2801 5678 Cum
2863 5625 3006 5679 cnim
3058 5624 3240 5680 anima
3290 5636 3471 5681 nostra
3520 5626 3621 5678 im-

2052 5718 2299 5772 mortalis
2331 5716 2478 5773 sit‘et
2511 5716 2847 5772 immortales
2864 5733 3055 5771 eorum
3085 5734 3205 5788 quae
3231 5727 3468 5788 aguntur
3489 5734 3622 5775 con-

2052 5805 2223 5860 tineat
2252 5804 2626 5872 necessitates,
2657 5805 2749 5859 uni
2806 5822 2931 5863 vero
2971 5806 3163 5862 anima:
3214 5812 3391 5876 ipsum
3449 5819 3625 5864 lutum
