4016 6472
444 413 556 478 359

1644 412 2065 477 NICEPHORI
2103 410 2487 473 GREUORzE

3592 406 3685 476 3C0

449 528 685 585 tatione.
717 523 808 582 Sic
844 523 990 580 enim
1043 525 1190 580 Dcus
1214 524 1453 579 universi
1490 534 1813 596 procreator
1866 524 2024 581 initio

2134 543 2257 580 πειν
2280 525 2311 596 ἦ
2333 522 2608 591 ἁκούειν,ἢ
2633 523 2713 577 ὅτι
2736 522 2882 576 καίει
2913 521 2974 576 τὸ
2997 519 3112 592 πῦρ
3140 521 3234 576 καὶ
3255 520 3461 592 ψυκτδν
3488 523 3520 594 ή
3542 527 3685 594 χιὼν,

451 616 737 674 distribuit
793 624 851 671 et
902 616 1090 687 injecit
1148 625 1357 671 natura:
1413 616 1622 671 semina
1661 617 1764 672 has
1813 616 2026 672 radices

450 708 785 779 primitivas,
816 708 1166 763 fundamenta
1200 707 1506 762 certissima
1543 710 1595 762 in
1634 709 1862 764 scientia
1890 724 2026 779 qua-

451 812 668 867 cunque
725 798 1238 868 comprehcndenda
1268 809 1324 854 et
1372 799 1822 856 demonstranda.
1867 800 2025 856 Unde

452 887 656 943 invicta
690 897 746 944 et
771 888 857 943 vel
894 888 1128 943 maxime
1155 889 1372 944 stabilia
1410 891 1654 946 veritatis
1705 900 2024 963 argumenta

451 987 736 1048 petuntur.
764 977 896 1032 Nam
930 987 1378 1049 argumentorum
1414 979 1607 1035 dicunt
1639 982 1908 1052 principia
1928 997 2025 1053 per

449 1084 509 1123 se
539 1068 741 1124 debere
770 1084 890 1125 esse
915 1069 1063 1135 data,
1105 1079 1159 1123 et
1197 1086 1321 1140 qua
1366 1086 1463 1140 per
1489 1087 1548 1126 se
1579 1072 1740 1127 tidem
1788 1073 2027 1127 habeant

448 1169 505 1215 et
538 1162 760 1214 omnino
784 1160 940 1216 ﬁrma
969 1163 1080 1216 sint
1125 1169 1179 1215 et
1206 1161 1534 1231 quibuscum
1568 1163 1784 1235 singula
1836 1165 2023 1219 omnia

446 1252 794 1307 consentiant
824 1292 839 1316 ,
897 1254 1052 1322 quasi
1101 1269 1225 1308 cum
1277 1254 1364 1309 his
1418 1257 1601 1309 omnia
1656 1256 2023 1321 consentiant;

448 1344 602 1411 quasi
649 1344 861 1399 ratione
913 1343 1254 1416 instigatrice
1305 1346 1541 1416 quadam
1591 1346 1745 1400 firma
1774 1362 1836 1401 ac
1872 1354 2021 1401 certa

449 1431 623 1485 innixi
653 1432 965 1502 philosophi
995 1444 1253 1504 tanquam
1289 1437 1392 1492 sub
1424 1438 1539 1493 sole
1568 1439 1637 1491 ab
1663 1438 1783 1492 luce
1825 1437 1881 1489 in
1930 1451 2022 1490 ar-

446 1523 819 1589 gumentando
868 1524 1188 1592 protrahere
1242 1528 1455 1594 possint
1510 1526 1578 1580 ad
1633 1526 1898 1597 cujusque
1941 1528 2019 1581 rei

447 1626 631 1665 veram
666 1613 1072 1679 necessitatem,
1096 1617 1205 1669 vim
1230 1618 1498 1672 veritatis.

2132 620 2226 672 καὶ
2254 619 2313 671 τὸ
2358 619 2480 688 μέλι
2505 615 2703 685 γλυκύ.
2752 617 2985 670 Αὑτόθεν
3015 615 3123 684 γὰρ
3152 616 3185 685 ἡ
3214 614 3469 683 αἴσθησις
3505 615 3571 669 τὰ
3599 618 3688 685 μὲν

2132 710 2438 782 προσίεται,
2465 709 2535 762 τὰ
2567 709 2611 762 δ’
2640 708 2960 764 ἀποσείεται
3006 708 3129 775 δίχα
3178 707 3323 771 τινος
3375 707 3685 764 ἐπεισάκτου

2129 803 2517 873 γεωμετρικῆς
2564 802 2810 872 ἀνάγκης
2846 800 2941 854 καὶ
2969 799 3097 869 δίχα
3128 798 3542 867 συλ).ογιστικῆς
3567 802 3689 853 ἀπο-

2128 890 2351 956 δείξεως
2387 888 2806 961 οἰασδηποτοῦν,
2845 885 2940 941 τοῦ
2990 883 3328 955 δημιουργοῦ
3383 884 3519 939 Θεοῦ
3568 903 3691 940 παν-

2127 978 2308 1046 σόφως
2347 974 2917 1046 προοικονομήσαντός
2957 990 3018 1026 τε
3062 971 3155 1025 καὶ
3184 971 3582 1043 προῦποθέντος
3627 976 3686 1043 τῇ

2127 1069 2291 1139 φύσει
2315 1068 2708 1138 σπερματικῶς
2742 1067 2943 1120 οὑτωσὶ
2963 1066 3064 1127 τὰς
3090 1066 3349 1126 τοιαύτας
3374 1065 3689 1132 ἀρχεγόνους

2130 1162 2311 1233 ρίζας,
2338 1162 2552 1232 ἑφόδιον
2601 1160 2896 1231 κράτιστον
2925 1161 3044 1222 ταῖς
3078 1161 3533 1228 ὲπιστημονικαῖς
3569 1157 3688 1226 ἑξῆς

2137 1255 2378 1315 ἀπάσαις
2427 1253 2670 1322 μεθόδοις
2731 1254 2825 1304 καὶ
2882 1251 3245 1315 ἀποδείξεσιν,
3277 1250 3335 1314 ἐξ
3371 1243 3445 1302 ὧν
3471 1250 3519 1301 οἰ
3559 1250 3687 1300 ἀκα-

2127 1342 2436 1412 ταμάχητοι
2467 1341 2560 1394 καὶ
2580 1338 3031 1393 ὃυσαντίὸλεπτοι
3059 1337 3294 1405 μάλιστα
3322 1337 3425 1404 τῆς
3445 1334 3688 1404 ἀληθείας

2130 1432 2492 1504 περατοῦνται
2525 1430 2898 1500 συλλογισμοί.
2930 1432 3053 1483 Δεῖν
3078 1429 3186 1499 γὰρ
3222 1424 3369 1481 εἶναι
3396 1428 3494 1488 τὰς
3524 1425 3688 1494 ἀρχὰς

2134 1528 2244 1579 τῶν
2273 1526 2654 1594 συλλογισμῶν
2688 1523 3102 1585 αὐτοδιδάκτους
3142 1522 3238 1574 καὶ
3280 1521 3511 1574 αὐτόθεν
3546 1518 3689 1588 ἐχού-

2129 1635 2229 1680 σας
2259 1618 2319 1671 τὸ
2351 1617 2542 1671 πιστὸν
2571 1617 2663 1669 καί¹
2695 1616 3088 1685 ἀναντίρρητον
3121 1610 3401 1680 πανταχοῦ
3449 1609 3542 1661 καὶ
3572 1608 3692 1669 ὀιζ-

447 1698 606 1771 λογον
636 1705 697 1771 ἐξ
721 1704 976 1759 ἁπάντων
1009 1707 1069 1759 τὸ
1092 1709 1540 1780 συγκεχωρηκὸς,
1569 1708 1646 1772 ὡς
1705 1709 1773 1765 ἂν
1834 1711 1894 1775 ἐξ
1954 1711 2297 1782 ὁρμητηρίου
2331 1711 2554 1782 βεϐαίου
2587 1711 2681 1763 καὶ
2738 1707 3012 1778 ἀσφαλοῦς
3062 1708 3180 1769 ταῖς
3208 1706 3317 1759 τῶν
3366 1704 3543 1772 σοφῶν
3571 1704 3693 1753 ἀπο-

446 1795 750 1857 ὃεικτικαῖς
782 1798 992 1864 φωναῖς
1037 1814 1097 1851 τε
1166 1800 1263 1852 καὶ
1300 1799 1574 1866 γλώτταις
1643 1805 1997 1871 κινουμέναις
2064 1806 2353 1873 ἀγώγιμον
2403 1805 2477 1867 ὡς
2550 1804 2642 1873 ὑφ’
2694 1802 2829 1873 ἡλίῳ
2869 1804 2964 1856 καὶ
2999 1801 3137 1868 eum
3180 1800 3344 1868 μέχρι
3385 1796 3478 1849 τοῦ
3504 1794 3693 1863 προσή-

449 1901 639 1949 κοντος
667 1887 884 1957 ἑκάστῳ
930 1888 1360 1959 συμεράσματος
1398 1892 1459 1945 τὸ
1505 1894 1605 1963 τῆς
1637 1894 1898 1962 ἀληθείας
1940 1893 2024 1966 εἰη
2064 1895 2433 1966 πορευόμενον
2452 1895 2693 1963 ευγενές.

518 1978 606 2033 ill.
669 1978 777 2035 Sed
835 1987 898 2035 ut
955 1982 1220 2052 exemplis
1255 1984 1433 2040 tribus
1486 1986 1576 2042 vel
1627 1997 1864 2056 quatuor
1907 1988 2024 2041 illu-

2208 1991 2280 2044 Ρ.
2318 1990 2426 2043 Kal
2456 1990 2523 2042 ἵν’
2552 1989 2909 2058 ὑποδείγμασι
2935 1987 3083 2058 τρισὶ
3110 1985 3204 2039 καὶ
3235 1983 3463 2052 τέτρασι
3492 1978 3692 2033 διαλευ-

344 2100 359 2107 ~
446 2082 693 2129 strentur
713 2087 836 2142 quae
866 2072 1011 2129 dicta
1037 2081 1190 2140 sunt,
1214 2074 1360 2131 dicat
1383 2093 1529 2132 nunc
1557 2079 1810 2149 magister
1837 2090 2026 2134 noster

447 2179 679 2234 magnus
738 2164 830 2218 ille
891 2165 1147 2221 Ecclesiae
1200 2164 1409 2236 pbarus
1462 2168 1754 2242 Dionysius
1804 2171 1898 2241 qui
1957 2187 2027 2226 ex

447 2258 514 2310 iis
545 2270 667 2323 quae
688 2255 1072 2325 percipiuntur
1094 2258 1349 2314 sensibus
1372 2267 1428 2314 et
1444 2276 1540 2329 per
1564 2276 1624 2316 se
1644 2262 1803 2317 [idem
1825 2262 2032 2316 habent

445 2358 502 2403 et
556 2363 682 2401 cum
723 2347 886 2418 407
943 2349 1202 2405 omnibus
1257 2352 1654 2415 consentiunt,
1704 2364 2029 2424 argumenta

426 2439 606 2493 -nobis
631 2438 856 2507 praebet.
883 2437 987 2503 Qui
1010 2438 1141 2492 dum
1166 2439 1365 2495 docere
1398 2441 1519 2495 vult
1550 2441 1716 2497 Deum
1751 2458 1873 2498 esse
1897 2443 2028 2497 ubi-

448 2547 554 2601 que
582 2531 828 2585 locorum
858 2539 915 2584 et
967 2531 1019 2583 in
1051 2530 1218 2586 rebus
1262 2533 1543 2597 erunibus,
1575 2542 1634 2589 ut
1658 2534 1822 2589 etiam
1862 2534 2029 2589 dece-

447 2623 561 2687 bat,
594 2623 897 2679 rationibus
915 2624 1302 2680 communibus
1325 2634 1380 2680 et
1396 2641 1519 2696 qua:
1541 2626 1798 2683 omnibus
1825 2637 2030 2698 aperta:

446 2726 580 2771 sunt
615 2716 791 2769 utitur
838 2715 922 2797 ad.
962 2715 1288 2772 illustranda
1340 2732 1405 2773 ea
1457 2733 1580 2788 quae
1612 2733 1781 2789 supra
1831 2733 2029 2776 sensus

447 2809 624 2880 posita
654 2816 806 2862 sunt.
841 2825 861 2859 ι
899 2806 1368 2873 Quemadmodum
1390 2809 1559 2874 enim,
1583 2809 1783 2880 inQuit,
1819 2809 1870 2865 in
1898 2826 2031 2867 cen-

446 2908 535 2953 tro
558 2911 752 2953 omnes
780 2896 973 2952 circuli
1002 2896 1140 2952 radii
1170 2897 1226 2951 in
1247 2913 1415 2953 unum
1442 2910 1665 2980 coeunt,
1689 2911 1744 2955 et
1777 2911 2027 2957 centrum

445 3002 641 3043 omnes
680 2986 735 3040 in
759 3000 819 3042 se
869 2986 1055 3042 radios
1084 2986 1209 3042 illos
1252 2988 1578 3060 conjunctos
1634 2999 1784 3045 tenet
1814 2993 2031 3046 ratione

448 3080 679 3135 unitatis
710 3094 821 3134 non
857 3079 1044 3135 minus
1074 3080 1220 3135 inter
1246 3094 1307 3136 se
1348 3096 1511 3152 quam
1558 3082 1625 3137 ad
1678 3098 1847 3137 unum
1883 3085 2031 3138 unde

447 3181 826 3244 provenerunt
855 3171 1215 3243 principium,
1241 3172 1312 3228 ita
1336 3189 1368 3228 e
1395 3174 1506 3228 Deo
1535 3182 1590 3228 et
1618 3173 1672 3228 in
1711 3174 1820 3229 Deo
1847 3176 2029 3230 omnia

447 3267 676 3322 omnino
726 3264 1021 3335 conjuncta
1078 3274 1130 3320 et
1169 3265 1224 3320 in
1278 3266 1491 3321 unitate
1527 3268 1924 3336 comprehensa
1974 3276 2031 3322 et

2132 2081 2359 2151 κανθείη
2419 2082 2485 2133 τὰ
2538 2080 2827 2151 εἰρημένα,
2878 2078 3190 2149 προκείσθω
3246 2076 3344 2128 νῦν
3389 2070 3692 2132 διδάσκαλος

2135 2174 2266 2242 ἡμῖν
2290 2173 2317 2221 ὁ
2356 2174 2529 2241 μέγας
2555 2174 2655 2242 τῆς
2697 2171 3028 2241 Ἐκκλησίας
3060 2166 3288 2238 φωστὴρ
3320 2163 3692 2227 Διονύσιος,εὲκ

2133 2263 2243 2316 τῶν
2280 2265 2348 2333 τῇ
2390 2262 2644 2331 αἰσθήσει
2686 2262 2981 2332 γνωρίμων
3025 2261 3118 2314 καί⁵
3155 2258 3387 2312 αὐτόθεν
3414 2255 3474 2309 τὸ
3518 2253 3691 2306 πιστὸν

2136 2355 2374 2423 ἑχόντων
2401 2354 2495 2406 καὶ
2529 2354 2735 2407 ἅπασιν
2766 2353 3210 2423 ὡμολογημένων
3257 2350 3321 2403 τὺ
3351 2361 3692 2415 συγκεχωρηο

2135 2446 2231 2509 κὸς
2280 2446 2565 2515 παριστῶν
2615 2445 2678 2499 τὸ
2731 2446 3086 2516 ζητούμενον.
3122 2442 3310 2497 Θέλων
3353 2442 3462 2511 γὰρ
3498 2435 3692 2499 διδάξαι

2136 2538 2412 2609 πανταχοῦ
2441 2539 2531 2591 τὸν
2552 2537 2684 2589 Θεὸν
2712 2530 2856 2590 εἶναί
2889 2553 2952 2589 τε
2977 2535 3072 2588 καὶ
3098 2535 3163 2607 μ’.
3193 2534 3296 2588 lli?)
3334 2531 3409 2604 v.1
3441 2534 3571 2585 πᾶσι
3607 2543 3693 2597 με·

2135 2624 2352 2688 θεκτδν,
2378 2624 2452 2688 ὡς
2486 2625 2682 2693 ἐκείνῳ
2727 2624 3013 2695 προσήκει,
3048 2624 3168 2686 ταῖς
3198 2623 3411 2684 κοιναῖς
3445 2619 3538 2671 καὶ
3568 2616 3693 2669 πᾶσι

2138 2716 2430 2789 προδήλοις
2459 2715 2692 2780 ἐννοίαις
2720 2715 2854 2786 πρὸς
2887 2714 2986 2787 τὴν
3010 2714 3119 2770 τῶν
3146 2713 3288 2786 ὑπὲρ
3316 2712 3570 2780 αἴσθησιν
3610 2704 3692 2758 κέ-

2134 2829 2337 2883 χρηται
2376 2810 2630 2882 δήλωσιν.
2687 2828 2707 2862 ι
2740 2811 2954 2881 Ὠσπερ
2983 2808 3092 2880 γὰρ
3139 2811 3197 2863 ὲν
3223 2809 3460 2878 κέντρῳ,
3495 2822 3513 2856 ι
3545 2799 3691 2872 φησὶ,

2141 2917 2161 2950 ι
2216 2900 2388 2952 πᾶσαι
2426 2899 2482 2951 ai
2512 2898 2608 2952 τοῦ
2641 2896 2843 2951 κύκλου
2875 2896 3138 2967 γραμμαὶ
3172 2896 3321 2947 κατά
3351 2894 3479 2964 μίαν
3513 2892 3694 2942 ἕνωσιν

2135 2993 2598 3063 συνυφεστήκασι,
2628 2990 2721 3043 καὶ
2738 2991 2918 3051 πάσας
2943 2988 3056 3058 ἔχει
3078 2987 3141 3039 τὸ
3166 2988 3401 3055 κέντρον
3436 2985 3491 3037 ὲν
3527 2975 3694 3046 ἑαυτῷ

2137 3081 2236 3144 τὰς
2262 3079 2480 3142 εὐθείας
2509 3076 2759 3139 ἑνοειδῶς
2789 3078 3077 3148 ἡνωμένας
3103 3076 3240 3144 πρός
3266 3090 3332 3126 τε
3356 3070 3587 3142 ἀλλήλας
3608 3066 3690 3120 καὶ

2138 3172 2281 3241 πρὸς
2310 3170 2410 3239 τὴν
2459 3171 2589 3239 μίαν
2618 3168 2795 3238 ἀρχὴν
2828 3168 2924 3235 ἀφ’
2969 3161 3038 3238 ἧς
3071 3165 3372 3236 προῆλθον,
3424 3163 3592 3223 οὕτως
3630 3159 3688 3210 ὲκ

2136 3260 2274 3313 Θεοῦ
2305 3249 2399 3314 καὶ
2425 3262 2484 3312 ὲν
2517 3259 2637 3328 Θεῷ
2659 3259 2730 3312 τὰ
2757 3258 2887 3311 ὅντα
2920 3259 3099 3311 πάντα
3130 3258 3575 3328 συνειλημμένως
3602 3249 3688 3303 καὶ

446 3357 680 3412 invicem
716 3356 822 3411 sibi
878 3356 1127 3427 opposita
1158 3365 1308 3412 sunt.
1340 3376 1360 3409 ι
1394 3357 1648 3413 Rursus:
1688 3377 1707 3409 ι
1752 3358 2024 3425 Quemad-

2130 3352 2348 3415 ἐνιαίως
2374 3353 2500 3415 εἰσὶ,
2534 3352 2628 3404 καὶ
2656 3351 2724 3404 τά
2752 3350 3003 3422 ἀλλήλοις
3030 3351 3272 3404 ἐναντία.
3313 3368 3332 3401 ι
3362 3350 3474 3404 Kal
3512 3345 3686 3405 πάλιν,

448 3450 675 3504 modum
708 3464 813 3504 vox
837 3465 944 3504 una
977 3450 1284 3521 eademque
1332 3450 1403 3505 ab
1445 3452 1672 3506 auribus
1722 3452 2024 3506 multarunt

2134 3465 2154 3499 ι
2168 3445 2383 3515 Ὠσπερ
2405 3444 2556 3515 φωνὴ
2580 3444 2679 3514 μία
2697 3443 2792 3497 καὶ
2818 3445 2852 3515 ἡ
2875 3443 3017 3515 αὑτὴ
3034 3444 3171 3514 πρὸς
3197 3442 3411 3495 πολλῶν
3424 3437 3596 3494 ἀκοῶν
3620 3435 3687 3496 ὡς

447 3550 511 3597 ut
540 3557 647 3597 una
678 3541 1006 3612 percipitur,
1050 3541 1125 3595 ita
1164 3541 1303 3596 Deus
1334 3557 1475 3596 unus
1511 3552 1569 3597 et
1602 3543 1922 3598 individuus
1971 3544 2024 3598 in

2133 3539 2235 3608 μία
2269 3541 2585 3608 μετέχεται,
2619 3534 2764 3590 οὕτω
2791 3537 2886 3589 καὶ
2913 3537 2941 3588 ὁ
2965 3535 3101 3597 Θεὸς
3129 3530 3211 3597 εἷς
3240 3533 3320 3588 ὣν
3360 3534 3454 3587 καὶ
3491 3530 3688 3601 ἀμερὴς

449 3635 517 3687 iis
544 3646 666 3702 qua:
716 3647 815 3702 per
860 3647 919 3688 se
947 3632 1124 3687 divisa
1171 3641 1341 3697 sunt,
1376 3642 1437 3687 ut
1486 3632 1809 3688 individuus
1853 3644 1956 3689 est.
2000 3653 2019 3687 ι

448 3724 696 3781 Rursus:
730 3743 748 3777 ι
779 3723 1257 3791 Quemadmodum
1279 3724 1444 3794 sigilli
1475 3727 1641 3781 unius
1673 3726 1825 3795 signa
1868 3727 2026 3795 plura

445 3817 752 3887 respiciunt
784 3817 852 3871 ad
897 3815 1139 3887 sigillum
1196 3818 1551 3889 archetypum
1602 3818 1766 3886 idque
1821 3817 1875 3872 in
1911 3819 2027 3872 sin-

446 3909 590 3978 gulis
614 3908 788 3979 signis
809 3907 1083 3975 expressi,
1120 3915 1295 3962 totum
1321 3918 1549 3979 apparet
1576 3919 1633 3964 et
1657 3908 1821 3973 idem,
1846 3924 2028 3979 neque

446 3999 557 4054 ulla
583 3998 637 4052 in
662 4008 818 4069 parte
848 4007 909 4052 ut
935 3997 1244 4064 dividuum,
1287 4000 1362 4054 ita
1392 4001 1459 4055 ad
1498 4002 1668 4055 Deum
1698 4004 1882 4056 omnia
1941 4017 2028 4057 re-

445 4091 741 4162 spiciunt.)
775 4090 1058 4145 Rursusu
1090 4090 1563 4156 Quemadmodum
1598 4094 1651 4147 in
1682 4096 1863 4148 anima
1889 4109 2023 4149 con-

440 4184 644 4254 junctae
676 4193 808 4237 sunt
867 4183 1012 4238 inter
1045 4198 1102 4238 se
1140 4199 1262 4253 quae
1293 4198 1361 4239 ex
1416 4195 1568 4253 parte
1602 4186 1654 4238 in
1710 4186 1887 4239 lucem
1937 4199 2028 4239 ve-

444 4277 608 4330 niunt
635 4275 803 4329 totius
836 4275 1090 4345 corporis
1123 4276 1433 4338 facultates,
1459 4277 1533 4330 ita
1557 4277 1611 4329 in
1639 4277 1748 4333 Deo
1781 4293 2024 4346 quoque.

446 4366 637 4436 Neque
664 4366 810 4419 enim
845 4365 1146 4420 absurdum
1180 4381 1303 4421 esse
1332 4368 1466 4421 dicit
1501 4383 1569 4421 ex
1598 4367 1847 4421 obscuris
1892 4369 2028 4423 ima-

445 4457 668 4525 ginibus
699 4457 765 4508 ad
800 4455 1045 4510 universi
1069 4455 1401 4525 principium
1432 4458 1731 4525 procedere
1767 4469 1821 4511 et
1849 4460 2026 4515 oculis

443 4547 655 4602 divinis
709 4545 923 4614 singula
962 4561 1192 4615 quaeque
1246 4547 1604 4616 contemplari
1668 4548 1723 4602 in
1781 4550 2026 4606 universi

447 4641 620 4709 prima
639 4653 802 4694 causa
831 4640 1125 4709 conjuncta
1144 4647 1199 4692 et
1219 4639 1271 4692 in
1309 4639 1520 4694 unitate
1548 4642 1967 4709 comprehensa.
1995 4659 2015 4693 ι

2127 3632 2234 3683 ὑπὸ
2255 3632 2364 3682 τῶν
2382 3629 2658 3701 μεριστῶν
2681 3629 2994 3701 ἀμερίστως
3023 3628 3372 3698 μετέχεταω
3386 3627 3492 3680 Καὶ
3513 3622 3683 3682 πάλιν,

2133 3723 2381 3793 «Ὥσπερ
2413 3721 2710 3794 σφραγῖδος
2740 3722 2868 3792 μιᾶς
2890 3718 3261 3790 ὲκτυπώμαται
3284 3717 3457 3773 πολλὰ
3484 3713 3686 3788 μετέχει

2127 3815 2226 3885 τῆς
2256 3816 2566 3885 ἀρχετύπου
2613 3815 2911 3885 σφραγῖδος
2960 3814 3019 3867 ὲν
3048 3813 3264 3882 ἑκάστῳ
3306 3813 3416 3865 τῶν
3444 3812 3681 3864 ἑκτυπω-

2130 3909 2315 3977 μάτων
2340 3908 2470 3979 ὅλης
2499 3911 2591 3961 καὶ
2621 3908 2721 3977 τῆς
2744 3907 2913 3976 αὐτῆς
2949 3903 3119 3975 οὔσης
3143 3908 3239 3960 καὶ
3281 3908 3343 3960 ὲν
3373 3904 3544 3958 οὐδενί
3576 3897 3687 3952 xm‘

2125 4001 2279 4054 οὐδὲν
2309 4002 2493 4073 μέρος,
2525 4000 2670 4054 οὕτω
2703 4001 2799 4053 καὶ
2824 4000 2921 4054 τοῦ
2946 4001 3082 4054 Θεοῦ
3107 4001 3177 4055 τὰ
3209 4003 3389 4056 πάντα
3421 3998 3680 4071 μετέχει.»

2128 4093 2237 4145 Kal
2258 4091 2701 4163 πάλιν,‹“Ὠσπερ
2722 4095 2778 4144 ἐν
2796 4095 2862 4162 τῇ
2884 4093 3030 4164 ψυχῇ
3055 4093 3348 4163 μονοειδῶς
3363 4095 3419 4147 αἰ
3435 4093 3541 4144 τῶν
3555 4084 3686 4141 κατὰ

2129 4184 2293 4254 μέρος
2319 4186 2539 4239 πάντων
2573 4187 2929 4255 προνοητικαί
2973 4186 3066 4239 τοῦ
3093 4186 3215 4238 ὅλου
3251 4187 3501 4256 σώματος
3536 4182 3685 4234 δυνὰ-

2130 4294 2272 4348 μεις,
2300 4276 2445 4330 οὕτω
2471 4279 2576 4332 κάν
2597 4277 2675 4349 τῷ
2697 4278 2836 4349 Θεῷ.
2883 4278 3051 4333 Οὐδὲν
3078 4280 3187 4349 γὰρ
3228 4279 3451 4341 ἄτοπον,
3488 4294 3506 4325 ι
3542 4271 3682 4340 φηκὶι

2132 4384 2152 4418 ε
2186 4368 2245 4432 ἐξ
2296 4366 2559 4438 ἀμυδρῶν
2606 4370 2834 4423 εἰκόνων
2861 4371 2954 4422 ἐπὶ
2992 4370 3058 4422 τὸ
3103 4371 3324 4423 πάντων
3367 4368 3537 4422 αττ-ον
3562 4364 3684 4415 ἀνα-

2095 4460 2330 4527 ,ὃάντας
2365 4460 2761 4530 ὑπερκοσμίοις
2788 4461 3088 4531 ὀφθαλμοῖς
3113 4461 3393 4532 θεωρῆσαι
3427 4461 3599 4513 πάντα
3630 4471 3682 4504 εν

2127 4551 2205 4621 τῷ
2237 4553 2457 4605 πάντων
2487 4552 2647 4624 αἰτίῳ
2675 4551 2963 4622 μονοειδῶς
2989 4554 3084 4605 καὶ
3116 4554 3433 4623 ήνωμένως.
3476 4568 3494 4600 ι

517 4732 606 4788 ιν.
647 4732 862 4798 Quibus
895 4703 1080 4794 dictis,
1107 4730 1326 4795 Videte,
1353 4703 1845 4802 inquitGregoras,
1878 4748 2018 4801 quo-

2202 4736 2254 4784 A'
2309 4730 2495 4785 Ταῦτα
2535 4730 2726 4796 εἰπὼν,
2769 4730 2987 4803 Ὁρᾶτε,
3007 4734 3174 4802 φησιν
3202 4735 3229 4784 ὁ
3253 4730 3509 4802 Γρηγορᾶ
3543 4769 3555 4790 ,
3575 4723 3683 4782 πῶς

446 4826 610 4881 modo
645 4824 802 4881 exiis
824 4840 945 4894 quae
975 4825 1232 4879 sensibus
1257 4823 1423 4896 408
1444 4833 1699 4895 percepta
1732 4839 1798 4879 ac
1828 4836 2017 4894 aperta

442 4927 577 4974 sunt
632 4931 790 4972 mens
846 4916 1140 4971 invisibilis
1205 4917 1432 4986 arripiat
1503 4933 1625 4987 qua:
1689 4917 1843 4970 lirma
1890 4926 2021 4969 sunt

445 5020 504 5064 et
526 5008 592 5063 ad
631 5024 812 5063 rerum
843 5008 1151 5061 divinarum
1191 5019 1248 5062 et
1283 5024 1444 5075 supra
1475 5024 1672 5063 sensus
1717 5011 2015 5077 positarum

441 5101 810 5170 cognitionem
838 5100 994 5152 facile
1019 5099 1304 5164 ascendat,
1333 5111 1389 5153 et
1412 5101 1688 5168 quomodo
1712 5117 1779 5155 ex
1808 5102 1876 5154 iis
1898 5115 2019 5170 quae

442 5206 640 5248 natura
670 5207 767 5245 sua
798 5202 926 5246 sunt
958 5192 1240 5247 individua
1266 5193 1332 5246 ad
1351 5209 1416 5246 ea
1446 5208 1567 5262 quae
1605 5196 1656 5246 in
1694 5205 1877 5261 partes
1902 5192 2017 5246 dis-

360 5312 363 5313 ν
437 5293 588 5338 creta
636 5292 941 5336 cernuntur
984 5282 1304 5344 descendat,
1337 5281 1537 5335 deinde
1597 5295 1786 5335 rursus
1834 5295 1901 5334 ex
1934 5279 2020 5332 his

440 5375 509 5427 ad
543 5373 825 5427 individua
863 5372 1071 5431 redeat,
1124 5387 1304 5440 neque
1356 5379 1536 5424 tamen
1586 5379 1795 5424 naturae
1848 5370 2021 5438 ipsius

446 5465 724 5535 mysteriis
752 5463 979 5518 excedat
1012 5476 1070 5515 et
1124 5462 1288 5517 simul
1325 5462 1564 5515 materiae
1606 5470 1858 5515 naturam
1894 5476 2019 5515 cum

442 5558 619 5611 soleat
647 5555 880 5610 induere
900 5565 957 5609 ct
988 5568 1089 5623 pio
1124 5554 1284 5608 modo
1314 5553 1564 5621 implere,
1588 5553 1815 5607 alternis
1842 5570 1907 5607 ac
1932 5571 2019 5607 re-

440 5647 703 5711 ¢-ouditis,
730 5657 789 5700 ut
813 5640 1030 5712 dicunt,
1055 5645 1569 5715 complicationibus
1593 5656 1651 5701 et
1680 5645 2018 5702 confusioni-

516 5826 592 5898 (l)
623 5827 1063 5903 Παλινρρομειῶν
1094 5831 1230 5889 Cod.

2125 4828 2188 4879 ὲκ
2210 4826 2319 4878 τῶν
2355 4828 2421 4894 τῇ
2462 4824 2715 4895 αἰσθήσει
2760 4826 3055 4897 γνωρίμων
3084 4826 3181 4879 καὶ
3230 4824 3481 4895 φανερῶν
3507 4823 3533 4874 ό
3564 4815 3681 4878 νοῦς

2124 4920 2334 4988 ἀφανὴς
2363 4918 2441 4970 ὢν
2471 4918 2737 4987 ἁρπάζων
2762 4918 2822 4969 τὸ
2851 4918 3091 4987 βέὃαιον,
3116 4919 3315 4989 ῥᾳδίως
3346 4923 3408 4969 ἐκ
3432 4916 3529 4984 τῆς
3555 4910 3682 4978 πρὸς

2124 5012 2223 5081 τὴν
2249 5010 2358 5062 τῶν
2394 5008 2555 5061 θείων
2588 5010 2680 5061 καὶ
2715 5008 2855 5079 ὑπὲρ
2900 5011 3153 5080 αἴσθησιν
3209 5009 3428 5081 εὕρεσιν
3462 4998 3681 5070 ἀνατρέ-

2126 5117 2238 5171 χει,
2265 5106 2377 5153 κάκ
2403 5099 2498 5152 τοῦ
2526 5099 2687 5166 φύσει
2720 5100 2963 5171 ἀμεροῦς
2999 5103 3058 5163 ἐς
3084 5101 3145 5153 τὸ
3183 5103 3439 5171 μεριστὸν
3488 5090 3681 5148 κατιὼν

2124 5193 2351 5264 ἀμερῶς
2375 5192 2530 5253 αὖθις
2564 5194 2701 5261 πρὸς
2722 5192 2784 5245 τὸ
2826 5193 3125 5263 ἀμέριστον
3168 5196 3232 5246 ἐκ
3268 5194 3377 5246 τῶν
3419 5181 3677 5260 μεριστῶν

2123 5286 2491 5356 παλινδρομεί
2521 5286 2623 5357 (Ι),
2660 5287 2798 5356 μήτε
2827 5287 2934 5339 τῶν
2959 5286 3058 5353 τῆς
3103 5286 3301 5338 ἑαυτοῦ
3335 5284 3541 5354 φύσεω,
3574 5272 3674 5333 ἐξι-

2126 5376 2398 5444 στάμενος
2422 5375 2763 5442 μυστηρίων,
2801 5373 2899 5426 καὶ
2924 5373 3041 5441 ἅμα
3072 5375 3172 5437 τὰς
3196 5374 3383 5433 ὑλικὰς
3410 5362 3676 5436 ἐνεργείας

2121 5467 2332 5530 εἰωθὼς
2395 5466 2773 5537 περιτίθεσθαι
2827 5482 2887 5518 τε
2945 5467 3042 5519 καὶ
3079 5463 3437 5536 οἰκονομικῶς
3485 5451 3676 5513 ἐκπλη·

2128 5558 2278 5626 ροῦν,
2314 5560 2635 5627 ἀμοιίίαίαις
2696 5559 2790 5610 καὶ
2840 5556 3152 5627 λεληθυίαις
3195 5558 3362 5626 φάναι
3401 5542 3673 5618 παραπλ⁰’

2121 5650 2244 5714 sui;
2268 5667 2330 5702 τε
2363 5656 2456 5703 καὶ
2496 5650 2795 5720 συμφυῖαις
2847 5651 3102 5719 συνάγων
3162 5653 3299 5723 πρὸς
3346 5642 3550 5703 εαυτὸνν
3582 5627 3669 5685 καὶ

3691 5820 3701 5887 Ξ.
