4016 6468
546 396 649 461 367
1758 390 2181 453 NICEPHORI
2219 389 2602 451 GBEGORIE
3694 397 3784 455 368

457 544 465 549 -
512 513 521 517 ’
557 513 1008 568 demonstramus
1034 528 1200 583 quam
1232 528 1263 569 e
1294 512 1417 567 luce
1445 509 1639 581 quaein
1671 519 1859 565 monte
1914 504 2114 562 'l‘babo

2247 508 2280 577 ἡ
2319 506 2618 576 πρόφασις,
2653 504 2882 560 αὐτόθεν
2915 503 3238 576 αὐτομάτως
3298 505 3521 569 πάντως
3578 506 3789 577 ἑκάτερα

552 606 683 659 olim
724 606 936 660 circum
981 605 1198 660 Domini
1255 618 1465 674 corpus
1506 603 1808 673 apparuit,
1857 598 2021 671 415
2064 598 2114 652 d4

2238 596 2451 665 ἕψεται,
2475 596 2576 665 τῆς
2614 614 2675 653 τε
2718 595 2986 667 μέμψεως
3033 598 3067 666 ἡ
3111 597 3395 666 ἀπόφασις
3462 598 3558 651 καὶ⁵
3599 597 3707 668 ἅμα
3758 601 3787 668 ἡ

554 714 663 768 qua
695 700 866 753 etiam
902 713 1134 769 magnus
1182 697 1276 753 ille
1306 696 1595 767 tbeologns
1625 693 1924 762 Gregorius
1956 690 2091 746 dicit
2116 729 2132 755 ,

551 790 792 845 eluxisse
822 789 876 843 in
906 804 1141 860 corpore
1172 798 1229 845 et
1257 789 1519 855 deitatem
1559 784 2050 843 submanifestasse
2076 789 2135 836 et

554 883 828 937 ret-classe
851 882 1023 937 Deum
1054 882 1108 937 in
1136 897 1306 937 carne
1328 881 1593 935 latentem
1616 896 1630 945 ;
1656 890 1711 933 et
1736 876 1939 933 iterum
1967 888 2131 945 quam

552 973 688 1028 dicit
737 974 917 1029 lucem
951 975 1004 1028 in
1043 983 1228 1029 monte
1262 973 1531 1029 deitatem
1560 969 1740 1026 oculis
1766 967 2131 1025 clarissimam

550 1067 901 1135 prodeuntem,
931 1082 1055 1136 quae
1088 1066 1220 1120 olim
1245 1066 1360 1123 visa
1383 1064 1456 1119 sit
1482 1063 1749 1135 apostolis
1776 1103 1791 1128 ,
1826 1074 1973 1116 nunc
2003 1072 2133 1114 vero

557 1160 623 1212 iis
652 1159 747 1227 qui
780 1152 1056 1214 Palamam
1086 1161 1419 1228 Sequuntur,
1447 1165 1505 1213 et
1540 1164 1666 1211 ante
1696 1155 1799 1209 Iros
1834 1152 1955 1207 aliis
1988 1164 2128 1221 pau-

548 1250 649 1306 cis.
680 1250 862 1317 Quare
893 1250 1083 1306 dicere
1129 1251 1300 1315 licet,
1350 1248 1495 1303 hanc
1549 1244 1886 1303 invisibilem
1920 1257 2044 1298 esse
2071 1240 2130 1295 in

550 1346 681 1412 Deo,
715 1345 861 1400 illam
886 1342 1188 1409 visibilem,
1217 1343 1312 1400 sed
1352 1343 1689 1406 increatam;
1723 1339 1867 1394 hanc
1889 1337 2133 1407 imparti-

548 1424 881 1505 cipabilém,
947 1435 1097 1490 illam
1156 1433 1629 1504 participabilem;
1683 1430 1826 1485 hanc
1874 1428 2130 1497 superio-

551 1546 692 1597 rem,
731 1529 878 1583 illam
939 1528 1279 1583 inferiorem.
1320 1526 1575 1596 Ineptum
1613 1524 1763 1578 enim
1792 1537 1916 1579 esse
1948 1519 2127 1588 dicit,

548 1623 776 1677 credere
811 1620 936 1676 cteli
977 1621 1206 1691 regione
1238 1618 1427 1675 relicta
1485 1614 1660 1673 totum
1699 1615 1834 1670 illud
1875 1612 2125 1672 divinum

549 1716 789 1770 terrenis
834 1714 989 1770 hisce
1024 1712 1350 1769 hominibus
1386 1710 1619 1766 rudibus
1667 1710 1958 1763 rinaximam
2001 1721 2127 1776 par-

551 1821 659 1863 tem
686 1817 744 1887 _ct
789 1807 1031 1862 sordidis
1060 1814 1118 1861 et
1151 1805 1446 1860 maculatis
1477 1806 1767 1857 interesse.
1801 1799 1904 1866 Qui
1934 1798 2084 1853 enim
2107 1836 2124 1865 ,

2237 687 2335 743 τοῦ
2371 688 2829 760 ἀναθεματισμοῦ
2881 689 3256 761 ἀναχώρησις.
3305 690 3383 744 Οὐ
3436 690 3547 759 γὰρ
3592 691 3791 746 ἄλλοθεν

2232 785 2355 859 μάλλ’
2387 786 2420 855 ἢ
2456 786 2520 839 ἐκ
2549 784 2644 843 τοῦ
2666 787 2732 877 ἐτι
2746 784 3018 854 Θαεωρίῳ
3058 784 3227 838 πάλαι
3262 781 3345 853 τῷ
3390 782 3518 849 ὄρει
3576 785 3696 854 περὶ
3738 784 3791 837 τὸ

2235 877 2331 932 τοῦ
2366 877 2577 945 Κυρίου
2612 873 2773 946 σῶμα
2797 876 3095 947 γενομένου
3155 893 3217 930 τε
3247 875 3344 928 καὶ
3401 873 3654 943 φανέντος
3694 893 3792 946 φω-

2234 968 2351 1031 τὸς,
2380 968 2513 1038 περὶ
2546 959 2607 1020 οὗ
2641 965 2734 1019 καὶ
2759 965 2852 1019 τὸν
2876 966 2935 1019 ἐν
2957 963 3215 1035 θεολογίᾳ
3269 964 3449 1033 μέγαν
3512 965 3792 1034 συνηνέχθη

2233 1058 2417 1128 λέγειν
2437 1058 2745 1129 Γρηγόριον
2776 1056 2988 1128 λάμψαι
3031 1058 3099 1127 τῇ
3158 1057 3344 1128 μορφῇ
3402 1054 3502 1109 καὶ
3546 1054 3643 1126 τὴν
3678 1057 3793 1110 ’θεό-

2231 1167 2374 1221 τητα
2404 1149 2753 1222 παραδεῖξαι,
2785 1149 2889 1203 καὶ
2938 1148 3234 1219 γυμνῶσαι
3289 1149 3391 1201 τὸν
3438 1150 3497 1201 ἐν
3546 1150 3611 1219 τῇ
3647 1150 3792 1219 σαρκὶ

2233 1242 2641 1313 κρυπτόμενον.
2674 1243 2787 1296 Καὶ
2818 1242 2981 1295 πάλιν
3005 1257 3022 1274 ο
3043 1240 3109 1313 [ι.
3136 1239 3242 1296 226
3262 1238 3320 1311 b]
3354 1259 3375 1293 ι
3408 1240 3528 1306 Φῶς
3564 1242 3614 1312 in
3634 1256 3793 1310 rupa-

2230 1335 2515 1405 δειχθεῖσα
2536 1334 2730 1406 θεότης
2751 1336 2848 1390 ἐπὶ
2883 1335 2980 1389 τοῦ
3014 1335 3174 1406 ὅρους
3214 1334 3418 1407 μικροῦ
3477 1335 3792 1405 στεῤῥοτέρα

2231 1430 2326 1482 καὶ
2351 1428 2529 1499 ὂψεως
2551 1445 2565 1460 ⁸
2593 1428 2622 1482 ὃ
2655 1429 2777 1482 τότε
2809 1428 2908 1499 μὲν
2942 1427 3163 1498 ἑωράθη
3194 1430 3310 1491 τοῖς
3341 1427 3677 1491 ἀποστόλοις,
3706 1426 3790 1482 νῦν

2228 1520 2287 1574 δὲ
2311 1523 2427 1584 τοῖς
2456 1521 2601 1590 ἀμφὶ
2629 1519 2720 1574 τὸν
2752 1520 3022 1592 Παλαμᾶν
3056 1521 3163 1587 ἀεὶ,
3196 1521 3294 1574 καὶ
3350 1521 3458 1590 πρό
3509 1536 3574 1588 γε
3601 1519 3790 1572 τούτων

2230 1612 2415 1673 ἄλλοις
2451 1612 2554 1666 οὐκ
2587 1612 2820 1683 ὀλίγοις,
2855 1614 2929 1674 ὡς
2962 1612 3166 1677 ἐξεῖναι
3219 1614 3406 1679 λέγειν
3440 1612 3687 1667 ἐντεῦθεν
3738 1611 3790 1665 τὺ

2231 1705 2335 1776 μὲν
2362 1705 2598 1776 ἀόρατον
2628 1705 2723 1760 τοῦ
2769 1705 2930 1771 Θεοῦ,
2962 1706 3025 1759 τὸ
3075 1705 3122 1759 δ’
3152 1706 3353 1777 ὁρατὸν
3406 1706 3527 1776 μὲν,
3556 1706 3788 1760 άκτιστον

2228 1797 2309 1863 δὲ,
2342 1799 2435 1852 καὶ
2464 1799 2525 1850 τὸ
2557 1798 2660 1868 μὲν
2691 1797 3026 1868 ἀμέθικτον,
3060 1797 3121 1851 τὸ
3173 1796 3230 1850 δὲ
3262 1797 3553 1868 μεθεκτὸν,
3606 1797 3694 1852 καὶ
3735 1795 3787 1849 τδ

550 1880 755 1971 inquit,
790 1900 932 1955 Deus
979 1899 1071 1954 ille
1111 1895 1388 1951 nominari
1444 1903 1626 1965 potest
1670 1904 1985 1961 supremus,
2027 1887 2114 1958 qui

2231 1892 2330 1969 μὲν
2360 1891 2781 1961 ὑπερκείμενον,
2807 1890 2869 1944 τὸ
2898 1890 2943 1943 δ’
2967 1889 3286 1959 ὑφειμένον.
3312 1890 3551 1943 ’Ἄτοπον
3583 1889 3684 1960 γὰρ
3706 1888 3786 1941 τδν

546 1992 901 2048 descenderit
933 1991 1062 2046 inde
1095 1999 1153 2045 et
1194 1989 1248 2043 in
1278 1998 1424 2042 terra
1469 1985 1789 2040 hominibus
1819 1984 1997 2052 iisque
2024 1982 2123 2035 ila-

545 2083 764 2155 gitiosis
808 2081 1074 2136 intersit?
1102 2080 1199 2134 Est
1236 2078 1408 2149 igitur
1438 2076 1685 2131 essentia
1716 2075 1837 2144 ejus
1869 2072 2127 2155 superior

541 2152 720 2229 deitas
757 2172 1004 2226 inrreata
1035 2180 1255 2239 semper
1282 2168 1337 2222 in
1379 2166 1701 2222 cmlestibus
1749 2152 2026 2225 thalamis,
2070 2169 2129 2217 et

518 2265 648 2320 .Iiac
698 2263 768 2319 de
819 2277 986 2319 causa
1044 2275 1264 2330 semper
1308 2256 1607 2313 invisibilis
1657 2266 1713 2311 et
1748 2253 2126 2325 imparticipa-

543 2355 671 2412 bilis
695 2395 708 2421 ,
742 2354 839 2409 sed
873 2361 1077 2407 naturze
1123 2350 1287 2420 hujus
1333 2349 1622 2404 inferiores
1657 2348 1822 2401 variae
1869 2343 2126 2400 essentia:

542 2456 674 2505 sunt
704 2444 941 2501 deitates
961 2485 977 2510 ,
1007 2457 1182 2512 eaque
1231 2442 1299 2496 de
1347 2456 1512 2495 causa
1546 2438 1928 2495 inessentiales
1960 2435 2124 2491 simul

540 2537 953 2606 participabiles
996 2545 1048 2591 et
1084 2532 1334 2589 visibiles
1363 2532 1543 2588 nobis.
1579 2549 1598 2582 ι

2221 1985 2480 2056 οὐράνιον
2510 1984 2690 2056 χῶρον
2727 1983 3111 2055 ὰπολιμπάνον
3133 1984 3256 2038 ὅλον
3288 1986 3550 2051 παρεῖναι
3571 1981 3630 2035 τὸ
3649 1982 3786 2034 Θεῖον

2222 2075 2337 2136 τοῖς
2368 2073 2634 2140 ἐπιγείοις
2678 2072 2914 2137 τούτοις,
2945 2068 3067 2126 οὖσι
3124 2073 3399 2144 ῥυπαροῖς
3451 2072 3513 2125 τὸ
3557 2071 3783 2125 πλεῖστον

2225 2166 2403 2218 εἰπεῖν
2430 2166 2525 2219 καὶ
2549 2164 2815 2219 δυσώδεσι
2845 2165 2938 2219 καὶ
2974 2164 3440 2235 μεμυλυσμένοις.
3471 2165 3544 2218 Ἣ
3588 2163 3697 2228 πῶς
3727 2163 3785 2218 ἂν

2227 2251 2451 2322 ὕψιστος
2482 2253 2698 2323 λέγοιτο
2743 2254 2875 2318 Θεὸς
2903 2254 3112 2310 κατιὼν
3145 2255 3363 2309 ἐκεῖθεν
3396 2257 3493 2311 καὶ
3521 2259 3632 2320 τοῖς
3679 2258 3783 2309 ἐπι-

2225 2345 2399 2414 γείοις
2445 2346 2544 2400 καὶ
2596 2347 2939 2418 ἐφαμάρτοις
2990 2347 3432 2423 συνδιατρίϐων;
3478 2350 3620 2403 Ἀλλ’
3655 2343 3782 2402 εἶναι

2225 2439 2327 2508 τὴν
2363 2439 2464 2508 μὲν
2509 2440 2700 2494 οὐσίαν
2732 2438 2903 2494 αὑτοῦ
2928 2434 3351 2512 ὑπερκειμῑνην
3385 2441 3614 2514 θεότητα
3650 2444 3784 2498 άκτι-

2226 2547 2371 2598 στον,
2393 2533 2481 2586 ἀεὶ
2508 2534 2622 2596 τοῖς
2634 2532 2909 2602 οὐρανίοις
2924 2532 3192 2601 θαλάμοις
3221 2534 3681 2606 ἐνδιατρίϐουσαν,
3703 2534 3784 2587 καὶ

534 2631 627 2686 διὰ
657 2629 819 2683 τοῦτο
847 2631 1117 2701 μένουσαν
1138 2628 1373 2698 ἀόρατον
1406 2627 1583 2694 πάντη
1616 2623 1712 2677 καὶ
1760 2623 2071 2692 άμέθεκτον
2100 2635 2115 2651 ⁶
2156 2623 2255 2687 τὰς
2285 2624 2343 2677 δέ
2378 2626 2665 2697 ἐνεργείας
2731 2624 2904 2697 αὐτῆς
2965 2626 3272 2698 ὑφειμένας
3312 2625 3593 2697 θεότητας,
3620 2628 3781 2697 διαφό-

538 2748 665 2801 ρους
692 2728 791 2797 τῆς
822 2726 1031 2790 οὐσίας,
1063 2725 1155 2778 καὶ
1183 2724 1273 2777 διὰ
1300 2721 1445 2775 τοῦτ’
1487 2719 1770 2782 ἁνουσίους
1835 2720 1931 2773 καὶ
1980 2720 2098 2789 ἅμα
2140 2719 2413 2790 μεθεκτὰς
2441 2723 2536 2777 καὶ
2572 2722 2776 2794 ὁρατὰς
2805 2724 2962 2795 ἡμῖν.
3000 2743 3020 2778 ι
3046 2748 3051 2755 ν
3202 2734 3207 2739 ’

605 2824 744 2878 VIII.
766 2822 845 2876 Ad
878 2821 994 2876 hinc
1012 2817 1306 2889 Gregoras,
1333 2838 1351 2868 ι
1379 2815 1686 2881 Quomodo,
1707 2814 1906 2884 inquit,
1930 2802 2129 2868 melius

533 2920 658 2989 quis
695 2915 1058 2972 convincatur
1096 2928 1155 2967 se
1183 2927 1307 2966 cum
1347 2918 1523 2965 semet
1575 2914 1694 2979 ipso
1733 2898 2108 2978 unaqu‘e‘cum

532 3013 737 3067 deitate
774 3008 1053 3080 pugnare?
1087 3016 1148 3061 ut
1176 3005 1423 3075 ejusdem
1453 3003 1700 3072 Gregorii
1740 3001 1810 3056 de
1851 3000 1954 3053 hoc
1990 3014 2112 3052 νιτ-

532 3106 617 3160 bis
644 3112 789 3158 utar.
822 3101 958 3155 Nam
985 3100 1032 3155 si
1078 3100 1223 3168 quis,
1266 3110 1389 3166 qua:
1423 3094 1589 3148 modo
1622 3094 1974 3146 funinunenta
2006 3087 2111 3144 sibi

518 3196 717 3266 posuit
734 3191 901 3265 416
916 3189 1305 3248 comnmnibus
1330 3195 1388 3241 et
1414 3188 1518 3256 piis
1551 3185 1802 3239 Ecclesia:
1826 3180 2113 3254 prmecptis

530 3285 770 3350 inuisus,
800 3285 915 3337 haec
946 3280 1112 3352 paulo
1146 3289 1269 3349 post
1305 3289 1554 3346 tempore
1586 3274 1747 3345 quasi
1791 3272 2114 3343 pteuitentia

526 3385 845 3433 commotus
899 3374 1017 3445 ipse
1060 3371 1288 3427 suffodit
1316 3378 1374 3424 et
1402 3368 1634 3423 aufert':
1670 3381 1853 3421 nonne
1906 3378 2113 3435 praece-

530 3479 749 3540 ptorum
781 3467 1107 3521 violatorem
1159 3479 1219 3520 se
1252 3462 1456 3527 reddit,
1491 3469 1551 3515 ut
1580 3469 1803 3515 sanctus
1834 3457 2115 3528 apostolus

530 3561 701 3624 dicit,
746 3574 967 3628 unaque
1000 3557 1096 3628 qui
1132 3565 1307 3611 semet
1338 3555 1519 3625 ipsum
1549 3564 1605 3608 et
1633 3553 1891 3607 deitatem
1935 3551 2113 3619 impu-

530 3651 701 3725 gnet?
740 3650 1046 3704 Allirmavit
1088 3648 1235 3702 enim
1292 3648 1409 3717 ipse
1458 3647 1511 3701 in
1553 3645 1861 3716 prooemiis,
1908 3642 2114 3698 decens

530 3746 713 3801 lucem
742 3757 907 3797 unam
968 3740 1408 3797 inaccessibilem
1460 3753 1582 3794 esse
1636 3753 1802 3792 unam
1834 3737 1980 3791 illam
2027 3736 2112 3790 in-

420 3823 431 3835 .
527 3848 770 3895 creatam
832 3836 1005 3892 beata:
1035 3833 1325 3889 Trinitatis
1367 3832 1666 3888 essentiam
1716 3840 1775 3885 et
1806 3829 2109 3892 deitatem;

525 3943 583 3989 et
610 3931 741 4002 quia
775 3927 1216 3984 inaccessibilem
1257 3924 1396 3980 dixit
1429 3934 1488 3979 et
1523 3924 1854 3978 invisibilem
1881 3960 1895 3986 ,
1925 3919 2109 3976 decla-

525 4023 670 4077 ravit
705 4021 874 4076 etiam
924 4017 1099 4072 multo
1139 4017 1578 4087 pra:stantiorem
1608 4029 1624 4081 ;
1671 4028 1793 4084 quae
1828 4026 1958 4067 vero
1985 4010 2109 4065 luce

524 4117 631 4179 hac
662 4114 928 4170 inferiora
961 4112 1194 4176 lumina,
1221 4124 1342 4166 esse
1372 4117 1585 4164 creata.
1614 4106 1756 4162 Sunt
1783 4116 1967 4162 autem
1994 4104 2109 4159 haec

525 4188 633 4265 alia
661 4208 957 4263 innumera
992 4213 1050 4258 et
1072 4211 1348 4273 quotquot
1377 4200 1469 4255 ille
1512 4200 1630 4270 ipse
1661 4201 1857 4253 eodem
1886 4195 2107 4251 nomine

532 4299 839 4357 secundum
871 4295 1010 4350 lucis
1049 4297 1103 4348 In
1137 4292 1390 4361 pluribus
1422 4289 1920 4345 manifestationem
1951 4301 2105 4342 com-

512 4400 797 4448 memorat
825 4388 881 4444 in
910 4386 1053 4441 libro
1078 4385 1146 4440 de
1172 4382 1670 4453 haptismale.Quid
1694 4380 1896 4452 igitur?
1923 4392 2106 4434 nonne

534 4495 762 4552 magnus
795 4480 886 4534 hic
940 4485 1241 4548 pra-ceptor
1286 4483 1460 4529 semet
1509 4474 1686 4557 ipsum
1739 4484 1795 4526 et
1844 4471 2103 4526 deitatem

2306 2816 2391 2870 H'.
2433 2816 2579 2888 Πρὸς
2608 2817 2782 2871 ταῦτα
2819 2820 2847 2871 ό
2877 2818 3187 2891 Γρηγορᾶς,
3229 2838 3251 2873 ι
3288 2822 3407 2877 Καὶ
3431 2823 3545 2888 πῶς
3578 2823 3774 2889 dum,»

2219 2910 2409 2981 φησὶν,
2446 2928 2465 2962 ι
2501 2911 2789 2983 ἐλεγχθείη
2845 2912 3049 2985 μᾶλλον
3102 2915 3201 2968 καὶ
3253 2916 3445 2987 ἐαυτῷ
3499 2917 3777 2988 μαχόμενος

2219 3002 2318 3055 καὶ
2347 3004 2413 3074 τῇ
2443 3002 2694 3074 θεότητις
2729 3005 2817 3058 ἵνα
2837 3007 2951 3070 τοῖς
2977 3007 3148 3061 αὐτοῦ
3183 3008 3500 3082 Γρηγορίου
3529 3013 3650 3081 περὶ
3692 3009 3778 3062 αὺ-

2217 3095 2315 3150 τοῦ
2349 3097 2524 3166 λέγων
2551 3101 2872 3170 χρήσωμαι.
2916 3100 2979 3153 Εί
3006 3100 3117 3172 γὰρ
3141 3102 3287 3173 ἅπερ
3339 3104 3504 3168 αὐτὸς
3537 3101 3775 3174 θεμελίων

2221 3190 2467 3260 ὑπέθηκε
2502 3191 2730 3262 τρόπον,
2750 3194 2871 3257 ταῖς
2904 3196 3116 3256 κοιναῖς
3141 3196 3236 3250 καὶ
3264 3190 3519 3252 εὐσεϐέσι
3543 3199 3638 3270 τῆς
3669 3197 3774 3249 Ἐκ-

2220 3277 2449 3348 κλησίας
2477 3280 2715 3345 ἐννοίαις
2769 3282 3063 3353 ἑπόμενος,
3122 3282 3282 3337 ταῦθ’
3314 3284 3506 3355 ὥσπερ
3538 3288 3595 3340 ἐν
3627 3301 3773 3357 μετα-

2221 3371 2371 3441 μέλῳ
2398 3368 2696 3442 γενόμενος
2726 3372 2958 3445 γνώμης
2989 3374 3265 3444 διορύττει
3295 3380 3392 3432 καὶ
3422 3381 3650 3449 ἀναιρεῖ,
3670 3376 3772 3439 πῶς

2215 3458 2278 3511 οὐ
2297 3459 2626 3531 παραϐάτην
2654 3461 2849 3515 ἑαυτὸν
2874 3463 3142 3528 δείκνυσι,
3198 3468 3344 3520 κατὰ
3382 3468 3474 3521 τὸν
3507 3467 3644 3521 θεῖον
3680 3464 3773 3535 φά-

2215 3567 2306 3603 ναι
2369 3552 2692 3622 ἀπόστολον,
2744 3556 2842 3608 καὶ
2903 3555 3022 3626 ἄμα
3076 3558 3259 3628 ἐαυτῷ
3330 3561 3639 3631 μαχόμενον
3691 3556 3771 3612 καὶ

2216 3641 2471 3714 Oed-mn;
2499 3643 2783 3699 Δέδεικται
2811 3646 2920 3717 γὰρ
2970 3647 3135 3712 αὐτὸς
3188 3651 3247 3702 ἐν
3280 3653 3592 3723 προοιμίοις
3646 3649 3772 3704 διδά-

2216 3751 2367 3790 σκων
2398 3738 2546 3808 ημᾶς
2583 3737 2700 3807 φῶς
2732 3737 2792 3792 ἓν
2823 3740 3124 3810 ἀπρόσιτον
3154 3737 3300 3797 εἶναι
3330 3746 3431 3814 τὴν
3456 3747 3618 3816 μόνην
3644 3742 3771 3798 ἐκεί-

2213 3844 2312 3898 νην
2341 3826 2602 3883 ἄκτιστον
2633 3831 2732 3898 τῆς
2760 3834 3042 3903 μακαρίας
3074 3834 3309 3905 τριάδος
3356 3839 3549 3893 οὐσίαν
3581 3856 3637 3893 τε
3688 3838 3769 3891 καὶ

2215 3919 2466 3991 θεότητα.
2508 3921 2832 3994 Ἀπρόσιτον
2861 3922 2906 3977 δ’
2933 3925 3106 3980 εἰπὼν
3155 3930 3247 3983 καὶ.
3297 3931 3532 3999 ἀόρατον
3559 3909 3769 4001 δεδήλω-

2211 4030 2308 4067 κεν
2332 4009 2474 4068 εἶναι
2513 4016 2653 4083 μετὰ
2687 4014 2885 4068 πολλοῦ
2925 4018 3020 4070 τοῦ
3075 4021 3386 4089 κρείττονος
3414 4039 3430 4055 ·
3464 4024 3531 4077 τὰ
3582 4024 3635 4077 δὲ
3664 4022 3767 4093 μετ’

2210 4106 2344 4159 αὐτὸ
2368 4107 2547 4158 πάντα
2574 4107 2728 4175 φῶτα
2763 4109 2981 4163 κτιστά.
3019 4105 3141 4163 Εἶεν
3166 4111 3213 4165 δ’
3247 4112 3318 4167 ἂν
3342 4114 3479 4169 ἄλλα
3504 4133 3560 4169 τε
3590 4113 3765 4186 μυρία,

2210 4202 2306 4255 καὶ
2337 4203 2440 4255 ὅσα
2479 4201 2684 4272 μᾶλλον
2712 4202 2874 4266 αὐτὸς
2897 4203 3000 4275 τὴν
3028 4206 3324 4278 ὁμώνυμον
3347 4208 3533 4280 φωνὴν
3557 4209 3644 4262 τοῦ
3668 4224 3769 4275 φω-

2207 4295 2300 4358 τὸς
2330 4297 2477 4348 κατὰ
2498 4295 2600 4366 τὴν
2622 4286 2704 4359 είς
2751 4295 2925 4349 πλείω
2973 4301 3359 4371 σημαινόμενα
3419 4302 3767 4372 ποιησάμενος

2208 4384 2432 4449 ἔκτασιν
2457 4387 2515 4437 ἐν
2552 4383 2631 4455 τῷ
2659 4385 2791 4456 περὶ
2822 4386 3205 4459 βαπτίσματος
3238 4391 3458 4456 ἐξέθετο
3510 4392 3671 4462 λόγῳ.
3699 4389 3763 4440 Οὐ

2207 4478 2393 4529 τοίνυν
2448 4476 2662 4565 κέαυτῷ,
2706 4476 2771 4548 [ι.
2807 4477 2913 4531 227
2947 4477 3005 4551 α]
3064 4482 3372 4552 μαχόμενος
3427 4485 3521 4536 καὶ
3570 4482 3765 4550 θεότητι

512 4577 848 4644 ‘impugnare
875 4568 1130 4632 videtur?
1163 4567 1364 4637 Apage,
1412 4568 1525 4620 haec
1561 4562 1797 4620 amentis
1838 4563 2102 4644 doctrinae

2218 4562 2457 4636 patvere"
2486 4569 2555 4622 ἂν
2605 4571 2634 4623 ό
2691 4571 2866 4641 μέγας
2914 4565 3073 4636 οὗτος
3126 4575 3495 4644 adiciendos;
3543 4577 3761 4640 Ἄπαγε.

514 4677 580 4722 et
605 4667 805 4732 linguae
834 4672 1057 4734 peccata
1091 4659 1440 4729 in.Spiritum
1479 4658 1727 4712 divinum
1754 4695 1770 4722 ,
1824 4655 2012 4710 dolose
2041 4656 2097 4709 in

523 4760 711 4815 verbis
752 4754 1080 4828 quibusdam
1133 4751 1381 4823 pulchris
1436 4749 1741 4805 recondita.
1791 4748 1925 4802 Nam
1972 4762 2095 4802 cum

523 4854 694 4908 multa
728 4852 817 4905 hic
843 4857 1134 4904 enumeret
1166 4846 1374 4902 lumina
1408 4854 1466 4899 et
1508 4844 1702 4897 horum
1737 4858 1905 4896 unum
1951 4841 2097 4895 dicat

522 4946 657 5000 illud
695 4961 806 5013 quo
857 4942 1120 4997 deitatem
1160 4940 1322 4994 nobis
1378 4953 1486 4990 non
1526 4938 1698 5005 ipsam
1730 4935 2092 5000 Inanil‘cstari,

521 5034 618 5092 sed
661 5047 867 5090 tantum
900 5030 1350 5089 submanifestari
1396 5047 1412 5082 :
1451 5031 1564 5098 ipsa
1611 5028 1728 5082 haec
1762 5027 1856 5080 sub
1888 5043 2098 5095 praepo-

398 5187 406 5193 _
514 5133 650 5189 sitio
685 5128 1052 5183 temeritatem
1085 5134 1308 5179 coercet
1335 5134 1528 5175 eorum
1561 5122 1654 5190 qui
1692 5120 1986 5174 tam'stulte
2016 5119 2096 5170 ui-

526 5224 644 5274 ﬁma
682 5222 888 5275 ludere‘
920 5218 1188 5282 student,
1227 5224 1288 5268 ut
1336 5230 1365 5267 a
1412 5214 1570 5269 nobis
1618 5214 1671 5266 in
1720 5213 1847 5267 aliis
1906 5215 2094 5269 multis

546 5318 730 5368 ‘ictnm
764 5322 871 5377 est,
899 5321 955 5365 et
985 5326 1108 5364 cum
1139 5308 1413 5379 progressi
1446 5308 1656 5362 erimus
1681 5309 1803 5362 loco
1847 5323 1947 5362 suo
1980 5308 2094 5377 pla-

434 5410 437 5413 ’
522 5408 646 5459 sius
681 5413 1011 5473 exponetur.
1041 5401 1292 5457 Breviter
1316 5416 1462 5456 nunc
1492 5402 1637 5456 dicat
1665 5400 2093 5471 Chrysostomus

518 5516 529 5537 τ
560 5508 707 5580 οςιιριη
732 5498 971 5551 Joannes
1006 5514 1019 5549 :
1054 5513 1073 5546 ι
1116 5494 1289 5563 Saepe,
1331 5494 1493 5565 417
1534 5494 1738 5563 inquit,
1773 5493 1978 5547 dictum
2007 5504 2093 5547 est

522 5612 529 5618 ί
596 5592 762 5644 rinam
790 5584 1044 5642 natdram
1080 5604 1185 5642 non
1215 5587 1393 5657 qualis
1422 5600 1612 5640 revera
1645 5586 1714 5639 sit
1742 5584 1906 5639 nobis
1929 5599 2093 5654 aper-

524 5694 531 5699 ’
600 5700 626 5729 ‘l
660 5682 800 5746 ﬁeri,
833 5682 925 5737 sed
956 5681 1136 5751 qualis
1158 5679 1333 5735 oculis
1354 5678 1439 5733 vel
1461 5677 1689 5733 auribus
1707 5685 1919 5731 natura:
1951 5690 2093 5731 mor-

2206 4662 2561 4731 Μαινομένης
2584 4662 2746 4715 ταυτὶ
2773 4663 3012 4728 διανοίας
3064 4669 3161 4719 καὶ
3217 4669 3467 4740 γλώττης
3512 4669 3616 4722 eiul.
3669 4682 3764 4716 πα-

2211 4754 2537 4824 ρευρήματα
2575 4755 2717 4808 κατὰ
2745 4755 2843 4826 τοῦ
2875 4756 3058 4826 ἁγίου,
3089 4759 3248 4831 ἤθεσι
3294 4755 3763 4832 χρηστοτέροιςδο·

2205 4844 2383 4915 λερῶς
2415 4849 2798 4916 κρυπτόμενα.
2862 4850 3040 4904 Πολλὰ
3069 4854 3178 4920 γὰρ
3203 4853 3414 4915 ἐκεῖνος
3466 4848 3763 4920 άπαριθμη-

2205 4935 2440 5004 σάμενος
2473 4936 2731 5005 λέγεσθαι
2771 4938 2949 5006 φῶτα,
2983 4938 3041 4991 ἓν
3061 4941 3170 4993 τῶν
3192 4942 3402 4994 πολλῶν
3437 4938 3589 4994 εἷναί
3628 4936 3760 5002 λέγει

2206 5033 2431 5083 κάκεῖνο
2463 5031 2522 5083 τὸ
2554 5028 2691 5099 φῶς,
2740 5034 2800 5085 ἐν
2836 5028 2880 5101 ᾧ
2934 5034 3011 5106 μὴ
3065 5035 3334 5106 δεδεῖχθαί
3392 5052 3574 5106 φησιν,
3636 5029 3760 5084 ἀλλὰ

2207 5124 2630 5194 παραδεδεῖχθαι
2666 5126 2979 5195 τηνικαῦτα
3006 5128 3106 5198 τὴν
3156 5128 3410 5200 θεότητα,
3468 5130 3565 5197 τῆς
3613 5121 3758 5191 παρὰ

2206 5216 2518 5285 προθέσεως
2544 5218 2878 5290 κολαζούσης
2894 5220 2955 5273 τὸ
2971 5218 3201 5285 αῠθαδες
3216 5223 3321 5275 τῶν
3344 5223 3557 5283 ἀτόπως
3573 5218 3637 5271 τὰ
3649 5216 3758 5268 θεῖα

2206 5306 2540 5376 βωμολοχεῖν
2563 5307 2938 5378 ὡρμημένων,
2960 5309 3036 5372 ὡς
3054 5313 3296 5381 καὶήμίν
3332 5313 3388 5363 ἐν
3412 5308 3587 5371 ἄλλοις
3610 5306 3754 5374 εἴρῃ*

2203 5399 2289 5452 ταί
2324 5415 2377 5451 τε
2403 5400 2494 5452 καὶ
2529 5398 2595 5451 αὖ
2621 5399 2877 5470 προϊοῦσι
2923 5403 3251 5471 τρανότερον
3299 5403 3578 5472 εἰρήσεται
3626 5392 3754 5448 κατὰ

2202 5491 2890 5563 χώραν.ῐ1αρίτωδ“ὄμως
2935 5496 2996 5548 ἐν
3046 5495 3239 5566 βραχεῖ
3281 5500 3309 5549 ὁ
3357 5486 3753 5564 Χρυσορῥήίμων

2202 5585 2336 5655 ἡμῖν
2358 5587 2671 5656 συμμαχῶν
2693 5586 2979 5656 Ἰωάννης,
3005 5587 3255 5659 Εἴρηται,
3275 5590 3446 5655 λέγων
3468 5588 3541 5657 (1)
3573 5580 3752 5636 πολλά-

2202 5695 2288 5741 κις
2322 5676 2394 5740 ὡς
2432 5680 2463 5747 ἡ
2492 5678 2611 5731 θεία
2642 5674 2806 5746 φύσις
2850 5680 2911 5730 οὐ
2946 5680 3193 5746 φαίνεται
3245 5681 3318 5744 ὡς
3353 5678 3516 5743 ἔστιν,
3555 5669 3749 5730 ἀλλ’ὡς

590 5867 666 5935 μ)
698 5865 795 5918 Ἐκ
826 5864 917 5919 τοῦ
947 5865 1036 5931 Εἰς
1063 5864 1123 5920 τὸ
1149 5866 1501 5939 Εὐαγγὲλιον,
1537 5868 1632 5925 καὶ
1659 5867 1802 5933 τίνος
1825 5866 1989 5941 χάριν
2006 5866 2065 5926 ἐν
2095 5868 2161 5939 τῇ
2180 5863 2312 5938 ἁγία
2347 5866 2694 5942 Πεντηκοστῇ
2726 5864 2856 5940 ἦλθε
2884 5869 2946 5924 τὸ
2972 5868 3200 5953 ,Πνεῦμα
3230 5866 3289 5924 τὸ
3314 5865 3483 5934 ἅγιον.

2222 6118 2237 6155 Ι
