4016 6496
296 393 405 454 369

1204 390 1651 452 BYZANTlN/E
1692 389 2078 451 HlSl‘OBl/E
2117 388 2266 450 LIB.
2308 384 2593 448 XXXIII.

3449 389 3557 450 370

294 507 589 576 ἐπιμετρεῖ
603 507 669 575 τῇ
693 502 813 574 ὄψει
841 505 875 575 ἢ
904 507 967 576 τῇ
997 503 1135 575 ἀκοῇ
1160 504 1258 566 τῆς
1285 503 1489 574 θνητῆς
1512 506 1748 574 φύσεως·
1779 507 1875 558 καὶ

1984 504 2113 559 talis
2141 513 2425 576 appareat.
2471 500 2539 555 Et
2578 515 2647 554 ne
2695 498 3087 555 scandalizet-is
3118 502 3262 569 quod
3293 501 3475 575 divina
3498 515 3558 556 et

293 598 385 652 ἵνα
423 598 498 669 μὴ
530 600 612 661 εἰς
659 598 818 668 ὓϐριν
856 596 1098 669 ὲκλάὁης
1143 598 1204 650 τὸ
1237 596 1338 666 τὴν
1378 595 1544 665 ἀγίαν
1576 595 1671 650 καὶ
1700 613 1872 667 προσ-

297 689 537 761 ιιυνητὴν
585 689 752 759 φύσιν
797 689 969 762 πυρὸς
1024 689 1147 759 ὕψει
1213 688 1482 758 φανῆναι,
1527 705 1545 738 ι
1587 686 1871 758 Ὠφθησαν

292 784 428 854 γὰρ,
471 789 607 852 φησὶ
629 824 645 848 ,
675 781 1126 854 διαμεριζόμεναι
1156 776 1400 849 γλῶσσαι
1442 780 1577 832 ὡσεὶ
1625 780 1816 851 πυρὸς,
1845 798 1864 832 ι

290 873 593 945 ἑρμηνεύει
621 874 688 927 τά
714 873 812 927 νέα
843 873 911 926 τά
935 872 1024 926 διά
1059 872 1345 934 Μωῦσέως
1376 870 1553 924 πάλαι
1574 870 1869 940 γενόμενα.

289 970 462 1037 Λέγει
493 971 603 1039 γὰρ
641 968 909 1037 Μωῦσῆς,
948 988 968 1021 t
1015 969 1126 1021 Kal
1182 964 1253 1039 ἦν
1302 966 1364 1020 τὸ
1415 963 1555 1031 εἶδος
1601 967 1696 1020 τοῦ
1735 965 1872 1019 Θεοῦ

304 1062 524 1132 Ἰσραὴλ
553 1064 610 1114 ὲν
638 1061 717 1128 τῷ
742 1060 860 1127 ὄρει
900 1060 1031 1113 Σινᾶ
1054 1059 1129 1123 ὡς
1159 1058 1270 1131 πῦρ
1309 1060 1630 1130 καιόμενον.
1663 1077 1682 1111 ι
1727 1057 1871 1115 Ἀλλ’

292 1155 423 1223 ὅρα,
471 1155 642 1224 φησὶ,
706 1152 803 1205 καὶ
857 1154 960 1221 την
996 1151 1141 1216 λέξιν
1191 1151 1411 1221 ἐκείνην
1472 1151 1873 1221 συμφωνοῦσαν

292 1246 469 1320 ταύτῃ
496 1250 563 1317 τῇ
598 1246 796 1317 νέᾳ·οὐ
828 1246 937 1313 γὰρ
975 1240 1099 1299 εἷπε
1150 1245 1286 1315 πῦρ,
1322 1244 1439 1299 ἀλλ’
1473 1245 1550 1308 ὡς
1585 1246 1719 1316 πῦρ.
1761 1244 1873 1298 Καὶ

256 1355 261 1361 ‘
292 1339 531 1392 ἐνταῦθα
559 1336 824 1409 ὤφθησαν
857 1335 1106 1406 γλῶσσαι
1128 1335 1523 1407 ὡσεὶκπυρόςδ
1554 1337 1667 1390 Καὶ
1697 1334 1874 1391 ταῦτα

293 1431 402 1500 μὲν
461 1432 490 1482 ὁ
550 1430 978 1502 Χρυσορῤήμων
1033 1432 1096 1484 ὲκ
1161 1430 1399 1484 πολλῶνκ
1439 1429 1872 1502 ἀπολεξαμένοις

289 1524 430 1591 ήμῖν
451 1521 610 1589 ὀλίγα
636 1522 913 1590 διέξεισιν·
942 1523 1109 1592 ὁρᾶτε
1140 1522 1196 1576 δὲ
1235 1521 1361 1586 πῶς.
1380 1523 1646 1593 βραχείας
1675 1523 1874 1588 λέξεως

288 1616 587 1685 προσθήκη
617 1615 679 1669 τὸ
722 1614 956 1679 αὔθαδες
1002 1615 1097 1669 καὶ
1131 1615 1408 1687 τολμηρὸν
1447 1615 1750 1686 θεραπεύει
1774 1616 1874 1687 τῆς

246 1766 255 1767 κ
290 1706 529 1771 ἐννοίας,
566 1710 660 1760 καὶ
680 1707 1002 1761 ἀναστέλλει
1033 1707 1093 1761 τὸ
1115 1708 1479 1778 ἀχαλίνωτον,
1506 1709 1560 1762 εἴ
1583 1726 1732 1774 τινες
1759 1705 1875 1765 εἷεν

294 1802 437 1871 ὑπὲρ
469 1801 540 1854 τὰ
570 1801 896 1872 ἐσκαμμένα
951 1801 1130 1873 πηδᾷν
1157 1801 1483 1873 ὡρμημένοι
1531 1802 1600 1857 δι’
1630 1803 1875 1873 ἀμαθίαν

294 1894 326 1963 ἢ
354 1892 657 1947 δυστοπίαν
689 1892 1086 1963 κακοδαίμονος
1143 1893 1392 1965 γνώμης.
1430 1893 1727 1949 Κάνταῦθα
1757 1911 1874 1948 τοι.

290 1980 505 2051 γαροῦν
534 1985 633 2054 τῆς
655 1984 817 2052 παρὰ
839 1984 1150 2056 προθέσεως
1186 1984 1607 2055 προστεθείσης,
1638 1986 1873 2056 μεγίστη

292 2073 487 2140 γέγονε
531 2073 627 2126 καὶ
663 2075 774 2127 τῶν
824 2074 1044 2128 ἀτόπων
1079 2075 1305 2129 ἐννοιῶν
1343 2074 1599 2146 συστολὴ,
1647 2077 1741 2130 καὶ
1783 2076 1876 2131 διὰ

262 2164 394 2234 ’τῆς
433 2163 693 2235 βραχείας
754 2168 989 2237 ταυτησὶ
1047 2166 1370 2240 προσθήκης
1428 2170 1695 2239 μεγίστην
1745 2168 1872 2242 ἔσχε

294 2257 471 2327 ῥοπὴν
506 2261 539 2329 ή
590 2258 694 2328 τῆς
737 2258 974 2329 ἀληθοῦς
1035 2261 1249 2322 ἑννοίας
1308 2260 1536 2327 ἔνδειξις
1584 2262 1723 2331 ὁμοῦ
1776 2264 1874 2315 καὶ

292 2350 568 2416 εὐγένεια,
612 2350 930 2421 περιφανῶς
971 2352 1357 2429 ἀνατρέπουσα
1400 2353 1503 2424 τὴν
1552 2352 1875 2423 πολύγλωσ-

292 2454 392 2493 σον
437 2442 644 2513 ἀωρίαν
686 2437 767 2507 οἷς
806 2444 908 2496 οὐκ
952 2442 1116 2507 αἰδὼς
1157 2444 1224 2498 τὰ
1260 2444 1378 2498 θεῖα
1419 2446 1873 2516 βοσκηματώδεσι

294 2532 565 2601 βεδηλοῦν
589 2534 842 2597 ἐννοίαις.
903 2534 967 2588 El
1021 2534 1079 2588 δέ
1134 2553 1213 2607 τῳ
1265 2535 1404 2607 πρὸς
1446 2536 1756 2608 βουλήσεως
1784 2540 1873 2609 εῐη

295 2622 536 2678 ἐνταῦθα
585 2629 679 2678 καὶ
722 2625 870 2680 τοῦτ’
922 2626 1105 2682 αὐτῶν
1159 2628 1554 2695 ἐπισκώπτειν,
1587 2630 1667 2684 ὅθ’
1706 2632 1873 2703 ὑπερο

293 2719 466 2789 τιμᾷν
497 2718 778 2784 δοκοῦντες
823 2721 1002 2775 ἐκεῖνο
1032 2721 1095 2775 τὸ
1137 2723 1252 2791 φῶς
1303 2723 1635 2794 ἀτιμάζουσι
1668 2725 1872 2795 μᾶλλον

297 2808 438 2879 ὑπὲρ
477 2810 538 2861 τὸ
579 2809 721 2875 δέον,
773 2810 1137 2880 κεραννύντες
1171 2813 1267 2866 καὶ
1302 2814 1709 2885 συμμιγνύντες
1757 2820 1874 2882 τοῖς

296 2904 359 2953 ἐκ
408 2901 706 2973 διαμέτρου
761 2904 927 2957 πᾶσιν
967 2906 1385 2977 ἐναντιώμασιν,
1422 2909 1619 2979 ὁρατὸν
1662 2908 1726 2981 [Γ.
1767 2910 1874 2967 29.7

297 2992 352 3063 ὁ]
385 2992 648 3048 ἀκτιστον
696 2995 950 3064 λέγοντες
999 2999 1094 3052 καὶ
1139 2998 1407 3070 μεθεκτὸν
1440 2994 1739 3073 ἀπρόσιτον
1776 3005 1872 3057 καὶ

296 3076 462 3140 ἇῦλον
498 3087 622 3141 καθ’
660 3089 790 3145 αὐτὸ
853 3093 1113 3161 μεριστὸν
1163 3092 1261 3146 καὶ
1322 3093 1424 3146 ὅσα
1475 3093 1723 3159 τοιαῦτα,
1771 3095 1872 3150 οὐκ

1975 598 2252 654 adoranda
2276 607 2472 652 natura
2496 594 2638 665 ignis
2658 593 2840 665 specie
2862 594 2975 649 visa
3006 595 3099 659 sit;
3122 610 3242 648 nam
3268 615 3284 645 ι
3312 595 3579 665 Ιλίιιειιίοη

1978 705 2035 748 ut
2060 692 2593 763 legimus,dispersze
2626 702 2884 759 tanquam
2910 689 3081 758 igneae
3108 698 3503 759 apparuerunt,
3534 709 3553 741 ι

1973 787 2317 855 explicantur
2365 785 2480 839 haec
2516 783 2652 839 Navi
2708 781 3041 836 Testamenti
3090 782 3254 836 verba
3308 783 3394 836 his
3437 800 3557 851 qme

1976 880 2153 936 Moses
2174 879 2341 934 tradit
2357 896 2402 932 ιι
2427 879 2484 932 Et
2501 876 2789 931 videbatur
2809 875 2983 931 forma
3004 875 3096 929 Dei
3116 877 3278 930 lsrael
3300 876 3351 929 in
3374 887 3555 931 monte

1977 972 2127 1041 Sinai
2166 983 2426 1042 tanquam
2480 971 2622 1041 ignis
2670 969 2926 1038 flagrans.
2974 969 3166 1029 LVide
3207 978 3391 1024 autent
3436 970 3554 1024 haec

1974 1064 2140 1118 verba
2193 1060 2475 1131 quomodo
2533 1075 2661 1116 cum
2716 1059 2869 1114 Novo
2924 1058 3281 1115 Testamento
3316 1074 3551 1114 consen-

1976 1156 2118 1211 tiant
2152 1154 2286 1209 Nam
2318 1169 2429 1208 non
2460 1171 2479 1205 ι
2522 1154 2700 1223 ignem
2735 1172 2754 1204 ι
2790 1152 2879 1206 hic
2919 1151 3076 1215 dicit,
3108 1150 3204 1206 sed
3240 1169 3258 1202 ι
3296 1160 3555 1220 tanquam

1976 1247 2159 1318 ignem
2177 1264 2211 1314 ;,
2248 1266 2266 1299 ι
2312 1248 2554 1316 itemque
2592 1246 2795 1316 lingua:
2841 1244 3175 1300 videbantur
3232 1263 3250 1296 ι
3298 1254 3554 1312 tanquam

1977 1340 2172 1410 igneae.
2214 1357 2233 1392 ι
2267 1337 2394 1394 Haec
2452 1338 2618 1408 igitur
2673 1352 2798 1407 quae
2848 1352 2912 1391 ex
2968 1336 3094 1392 aliis
3150 1336 3335 1392 multis
3380 1352 3556 1407 pauca

1976 1432 2115 1503 elegi
2149 1432 2287 1488 dicit
2323 1431 2773 1502 Chrysostomus.
2800 1430 3084 1487 Videtisne
3114 1445 3246 1499 ergo
3277 1428 3557 1499 quomodo

1976 1524 2145 1580 breve
2176 1526 2340 1589 etiam
2374 1523 2674 1578 verborum
2712 1522 3150 1579 additamentum
3188 1521 3555 1577 temeritatem

1976 1626 2032 1672 et
2056 1615 2340 1672 licentiam
2372 1614 2572 1669 mentis
2597 1614 2848 1681 castiget,
2880 1622 2936 1665 ct
2978 1611 3158 1667 frenet
3183 1611 3555 1675 insolentiam,

1977 1708 2021 1763 si
2061 1709 2197 1762 fines
2240 1691 2472 1777 'quidam
2524 1705 2801 1761 transilire
2835 1713 3063 1775 pr0pter
3103 1703 3468 1773 ignorantiam
3502 1712 3561 1758 et

1976 1814 2201 1870 pravam
2233 1799 2484 1855 certandi
2514 1799 2796 1867 libidinem
2847 1799 3106 1854 studeant
3131 1797 3154 1850 ?
3185 1796 3320 1851 Nam
3347 1796 3560 1866 adjecta

1980 1890 2072 1946 illa
2103 1890 2199 1947 sub
2231 1890 2647 1962 pra'positibne,
2689 1891 3014 1961 gravissima
3065 1898 3184 1943 orta
3222 1898 3310 1943 est
3344 1889 3561 1957 inepto-

1977 1998 2101 2037 rum
2157 1988 2605 2054 argumentorum
2646 1981 2971 2052 publicatio,
3021 1991 3080 2036 et
3128 1981 3293 2034 breve
3343 1978 3559 2033 addita-

1976 2082 2222 2130 mentum
2258 2074 2395 2129 illud
2410 2074 2477 2129 ad
2498 2089 2687 2129 veram
2719 2075 3051 2131 sententiam
3084 2071 3469 2128 declarandam
3498 2079 3557 2124 et

1975 2165 2408 2222 confirmandam
2453 2167 2655 2221 sunnni
2702 2166 2968 2220 momenti
3021 2176 3141 2230 est;
3198 2181 3309 2235 quo
3352 2180 3551 2234 nempe

1977 2253 2273 2310 manifesto
2321 2270 2462 2309 vana
2517 2255 2860 2310 concertatio
2917 2271 3167 2325 repressa
3229 2265 3316 2309 est
3361 2270 3556 2309 eorum

1975 2349 2181 2418 quibus
2204 2363 2319 2409 non
2350 2348 2531 2418 pudor
2554 2357 2640 2403 est
2670 2348 2860 2407 divina
2896 2350 3233 2419 turpissimis
3269 2350 3560 2406 sententiis

1974 2441 2291 2513 profanare.
2321 2440 2429 2495 Sed
2456 2440 2624 2496 liceat
2659 2442 2795 2497 mihi
2819 2443 2985 2497 etiam
3020 2444 3387 2513 perstringere
3409 2443 3559 2512 quod

1975 2532 2055 2589 illi
2092 2532 2469 2593 lucem,illam
2524 2531 2656 2587 dum
2695 2533 2853 2588 nimii
2903 2533 3201 2601 mstiment,
3242 2533 3410 2606 518
3438 2535 3560 2596 plus

1972 2640 2132 2695 aequo
2179 2623 2364 2694 potius
2422 2623 2689 2695 abjiciunt
2723 2663 2740 2689 ,
2801 2640 2926 2679 cum
2998 2624 3341 2681 confundant
3382 2626 3461 2680 sic
3503 2634 3560 2681 et

1975 2718 2369 2771 commiseeant
2394 2730 2519 2771 cum
2553 2715 2624 2770 iis
2660 2732 2782 2786 qua:
2813 2731 3046 2786 prorsus
3073 2717 3251 2771 aliena
3286 2725 3439 2776 sunt,
3468 2716 3555 2770 vi-

1975 2806 2193 2861 sibilem
2238 2804 2489 2859 dicentes
2531 2820 2653 2874 quae
2688 2804 2780 2857 lux
2823 2804 3089 2869 increala,
3119 2802 3555 2872 participabilem

1974 2914 2096 2967 quae
2123 2895 2544 2960 inaccessibilis,
2565 2895 2847 2967 dividuam
2879 2910 3001 2964 qua:
3030 2895 3151 2948 sine
3185 2893 3417 2948 materia
3447 2901 3555 2950 est.

1974 2988 2300 3062 Hujusmodi
2340 2989 2453 3058 jam
2495 2987 2600 3044 alia
2636 2998 2767 3042 sunt
2801 2986 2973 3057 multa
3013 3001 3135 3057 quae
3181 3000 3333 3040 nunc
3373 2994 3550 3042 taceo.

1972 3083 2162 3153 Neque
2206 3081 2460 3137 consulto
2506 3080 2587 3135 illi
2636 3094 3013 3143 succenseam,
3075 3078 3199 3133 imo'
3237 3077 3385 3147 quod
3430 3078 3555 3148 qui-

295 3176 471 3247 ἔγωγε
508 3179 804 3250 διοίσομαι,
839 3181 947 3235 οὐδ’
981 3182 1124 3237 ἑκών
1174 3200 1238 3252 γε
1289 3180 1433 3238 εῐναι
1464 3187 1669 3257 τουτῳῖ
1701 3205 1865 3259 νεμε-

1977 3176 2098 3232 dcm
2123 3175 2191 3230 ad
2222 3191 2307 3230 me
2327 3173 2547 3239 attinet,
2575 3172 2728 3227 illum
2749 3171 2978 3226 omnino
3008 3187 3120 3227 non
3143 3171 3553 3242 reprehenden-

299 3269 447 3341 σῴην
478 3270 564 3324 ἄν.
609 3272 772 3326 Ἀλλὰ
826 3273 921 3326 καὶ
961 3274 1021 3327 τὸ
1064 3276 1388 3347 ἁνεγκλήτῳ
1436 3277 1625 3347 μένειν
1669 3280 1905 3359 παντά-κ

298 3380 432 3416 πασι
462 3363 524 3415 τό
552 3363 605 3432 γ’
627 3365 762 3434 ἐμὸν
807 3366 970 3434 μέρος
1002 3367 1258 3438 ἀσμένως
1290 3368 1440 3439 αὐτῷ
1473 3371 1671 3442 κομιδῇ
1712 3391 1873 3444 χαρι-

304 3449 533 3520 σαίμην·
564 3451 661 3504 καὶ
706 3444 853 3505 οὗτοι
892 3455 994 3522 γὰρ
1029 3454 1064 3508 ἀ
1099 3456 1236 3526 μηδὲ
1283 3460 1397 3520 τοῖς
1441 3459 1740 3530 κτίσμασιν
1774 3463 1877 3517 οὐκ

204 3587 220 3601 ,
300 3539 367 3591 ἄν
418 3556 505 3603 τις
556 3541 773 3612 τολμῴη
837 3544 1200 3615 παρέχεσθαι,
1258 3546 1480 3619 δαίμοσι
1532 3542 1736 3623 δηλαδὴ
1782 3554 1874 3606 καὶ

294 3629 500 3699 ψυχαῖς
549 3634 645 3687 καὶ
701 3635 956 3702 ἀγγέλοις
987 3636 1280 3709 ο(ἀόρατος
1343 3640 1452 3711 γὰρ
1506 3641 1604 3694 καὶ
1669 3642 1876 3699 τούτων

300 3721 621 3794 ἀπάντωνή
657 3726 841 3794 φύσις,
882 3730 933 3781 εί
971 3731 1045 3799 μὴ
1083 3729 1171 3783 διὰ
1204 3732 1494 3803 συμϐόλων
1549 3738 1645 3790 καὶ
1687 3735 1877 3791 τύπων

248 3815 255 3819 ’
302 3815 629 3887 σωματικῶν
687 3818 859 3873 ἐνίοτε
926 3822 1210 3890 φαίνοιντο
1259 3822 1351 3875 τὸν
1400 3825 1654 3887 ἑκάστοις
1707 3844 1879 3897 προσ-

299 3907 504 3972 ήκοντα
548 3908 798 3981 τρόπον),
838 3910 1049 3975 τούτοις
1096 3912 1355 3980 ἀσμένως
1410 3916 1876 3986 συναριθμεῖσθαι

298 3993 401 4055 τάς
431 3995 638 4059 οἰκείας
670 3997 936 4067 θεότητας
971 3998 1275 4053 συνωθοῦσι
1321 4000 1419 4064 τὰς
1448 4002 1737 4068 ὰκτίστους
1779 4005 1876 4060 καὶ

299 4084 651 4156 ἀπροσίτους,
709 4088 807 4142 καὶ
863 4089 1102 4158 μάλιστα
1157 4092 1349 4145 πασῶν
1399 4094 1458 4146 τὸ
1492 4094 1876 4165 διειλημμένον

299 4180 477 4232 έκεῖνο
524 4180 658 4248 φῶς.
718 4174 931 4254 ’Ὠσπερ
1005 4184 1114 4255 γὰρ
1176 4186 1466 4256 ἀνανδρίας
1526 4188 1876 4260 ἑκατέρωθεν

299 4272 522 4341 ἔλεγχον
552 4274 754 4342 ἀμφοῖν
785 4273 955 4344 ἄμφω
1017 4278 1259 4346 κομίζει,
1306 4278 1386 4350 τῷ
1428 4296 1487 4331 τε
1533 4280 1610 4350 μὴ
1665 4281 1875 4337 θέλοντι

302 4365 560 4434 θνήσκειν
587 4368 675 4418 ὅτε
705 4367 808 4434 δεῖ,
840 4369 936 4430 καὶ
974 4369 1051 4441 τῷ
1095 4370 1303 4425 θέλοντι
1354 4374 1518 4426 πάλιν
1547 4375 1637 4428 ὅτε
1666 4375 1743 4447 μὴ
1770 4376 1881 4444 δεῖ,

303 4454 448 4508 οὕτω
484 4458 587 4510 κάν
616 4460 739 4521 ταῖς
772 4459 950 4523 θείαις
985 4462 1178 4529 τιμαῖς
1214 4463 1276 4516 τὸ
1313 4463 1656 4533 ὑπερϐάλλον
1686 4462 1746 4520 οὗ
1796 4467 1873 4539 μὴ

1976 3266 2106 3320 dum
2151 3281 2276 3322 esse
2333 3266 2545 3322 malim.
2598 3264 2707 3321 Sed
2755 3264 2812 3319 hi
2861 3265 3011 3335 quod
3054 3263 3178 3334 quis
3230 3278 3342 3318 non
3396 3263 3556 3319 facile

1975 3357 2246 3413 creaturis
2273 3358 2517 3412 tribuere
2544 3358 2698 3420 velit,
2749 3356 3095 3412 daemonibus
3133 3365 3324 3425 aperte
3348 3363 3406 3410 et
3431 3356 3558 3412 ani-

1975 3451 2082 3505 mis
2113 3460 2167 3505 et
2203 3452 2434 3521 angelis,
2455 3466 2692 3522 quorum
2741 3467 2874 3507 sane
2905 3451 3155 3506 omnium
3191 3461 3386 3504 natura
3416 3449 3559 3504 invi-

1975 3540 2152 3596 sibilis
2177 3550 2283 3608 est,
2318 3551 2521 3611 prtetcr
2550 3541 2697 3612 quod
2724 3541 2991 3614 symbolis
3009 3550 3068 3597 et
3100 3541 3241 3613 typis
3272 3538 3557 3610 corporeis

1975 3634 2256 3690 interdum
2290 3650 2393 3706 pro
2423 3636 2671 3705 ipsorum
2699 3635 2901 3705 singuli
2928 3635 3136 3705 quique
3167 3643 3363 3689 natura
3397 3634 3560 3689 nobis
3630 3644 3637 3707 ξ

1976 3733 2278 3793 apparent,
2312 3724 2856 3795 aunumerantipsas
2902 3725 3136 3780 deitates
3190 3725 3465 3780 increatas
3503 3737 3561 3779 et

1975 3815 2409 3871 inaccessibiles.
2452 3824 2510 3870 et
2559 3832 2673 3887 prae
2705 3817 2828 3873 aliis
2876 3817 3136 3872 omnibus
3186 3818 3364 3873 lucem
3407 3817 3559 3872 illam

1974 3921 2140 3977 quam
2170 3906 2432 3963 diximus.
2474 3906 2947 3974 Quemadmodum
2972 3917 3155 3963 autem
3194 3909 3425 3978 ignaviae
3454 3923 3556 3978 op-

1974 3998 2205 4069 probrio
2239 3999 2438 4071 diguus
2463 4008 2548 4054 est
2581 4010 2834 4070 uterque,
2864 4007 2919 4055 et
2952 4000 3047 4067 qui
3086 4000 3229 4056 mori
3275 4017 3391 4055 non
3438 4001 3559 4056 vult

1974 4104 2099 4144 cum
2131 4090 2316 4154 debet,
2350 4098 2403 4145 et
2429 4091 2524 4161 qui
2559 4090 2677 4146 vult
2710 4106 2836 4146 eum
2870 4106 2980 4145 non
3014 4092 3198 4154 debet.
3227 4092 3303 4146 ita
3332 4106 3556 4167 quoque

1975 4182 2035 4237 in
2068 4181 2271 4236 divinis
2307 4182 2589 4238 attributis
2637 4181 2786 4254 quod
2842 4184 3078 4239 nimium
3125 4193 3209 4240 est
3237 4201 3348 4240 non
3379 4185 3556 4241 hence

1974 4268 2089 4329 rein
2120 4274 2229 4330 fert
2250 4275 2382 4340 Deo,
2409 4291 2535 4330 eum
2567 4291 2790 4347 semper
2819 4277 2866 4332 si
2900 4277 3031 4347 quid
3064 4276 3288 4332 additur
3321 4278 3374 4333 id
3402 4294 3557 4333 arro-

1973 4366 2172 4439 gantiae
2200 4367 2419 4438 culpam
2453 4367 2657 4424 habeat
2685 4377 2744 4424 et
2775 4385 2964 4425 secum
2997 4369 3158 4426 ferat.
3195 4372 3313 4438 Qua
3338 4364 3556 4426 ratione

1975 4476 2085 4516 non
2140 4462 2375 4518 multum
2421 4462 2589 4550 abest
2613 4463 2747 4534 quin
2787 4464 2854 4520 ad
2881 4461 3077 4520 Novati
3115 4465 3300 4520 odium
3339 4464 3562 4520 imitan-

303 4545 593 4616 προσήκει,
641 4549 704 4600 ού
742 4549 910 4620 τιμὴν
955 4552 1184 4621 παρέχει
1241 4552 1628 4623 Θεῷησκοπδν
1658 4555 1870 4627 ὕϐρεως

1977 4554 2107 4607 dum
2138 4553 2549 4623 compellantur,
2572 4539 2672 4626 qui
2707 4571 2831 4610 cum
2860 4555 3118 4611 virtutem
3143 4572 3304 4626 supra
3332 4557 3552 4611 modum
3642 4591 3651 4599 ο

306 4636 610 4707 τηνικαῦτα
667 4640 768 4709 τῆς
822 4640 919 4693 τοῦ
966 4642 1233 4709 εὐλασοῦς
1270 4648 1696 4717 προσποιήσεως
1732 4665 1872 4719 συμ-

308 4731 676 4799 πορευόμενόν
694 4728 768 4785 ’τε
799 4733 898 4786 xal
938 4736 1288 4804 συμπλέοντα
1330 4741 1705 4810 κεκτημένης.
1739 4742 1875 4793 Πολ-

301 4823 410 4887 λοῦ,
454 4823 607 4892 μέντ’
648 4825 715 4879 ἂν
749 4825 961 4897 δεήσειε
1005 4828 1080 4899 μὴ
1130 4830 1224 4883 καὶ
1280 4832 1418 4902 πρὸς
1478 4832 1577 4903 τὴν
1617 4833 1872 4887 Ναυάτου

307 4916 727 4988 μισανθρωπίαν
780 4919 945 4973 ὠθεῖν
994 4921 1096 4992 τὴν
1153 4922 1407 4995 μίμησιν,
1446 4923 1503 4988 ὃς
1543 4926 1641 4996 τὴν
1671 4926 1876 4996 ἀρετὴν

303 5012 356 5069 ἐς
388 5010 449 5061 τὸ
482 5010 825 5080 ὑπερϐάλλον
859 5014 1029 5085 τιμᾷν
1071 5019 1570 5088 προσποιούμενος,
1607 5017 1776 5071 ἔλαθε
1817 5020 1877 5072 τὸ

303 5103 398 5156 τοῦ
432 5105 568 5157 Θεοῦ
610 5106 998 5178 φιλάνθρωπον
1046 5110 1125 5173 si.
1159 5111 1341 5163 αὐτῶν
1393 5111 1681 5183 κρηπίδων
1719 5111 1876 5167 ἄντι-

305 5212 443 5264 κρυς
481 5197 743 5266 ἀναιρῶν,
772 5201 871 5271 τὴν
903 5200 964 5266 ἐξ
992 5202 1270 5273 ἁμαρτίας
1300 5207 1594 5272 μετάνοιαν
1625 5204 1879 5274 οὐδαμῶς

307 5287 694 5357 προσιέμενος,
737 5291 837 5363 καὶ,
873 5293 1247 5361 προσηγορίαν
1280 5293 1571 5358 εὐλαϐείας
1605 5296 1665 5347 ὲν
1696 5295 1879 5367 ἀωρίᾳ

308 5379 632 5446 προφάσεως
666 5378 846 5451 ἑαυτῷ
900 5372 1318 5453 προμνώμενος,
1368 5386 1437 5438 τὰ
1477 5386 1731 5456 χείριστα
1780 5385 1881 5455 τῆς

307 5474 508 5539 κακίας
534 5477 648 5538 τοῖς
677 5475 1076 5547 ἠκολουθηκόσι
1104 5480 1499 5550 προύξένησεν
1528 5479 1674 5533 οὕτω
1701 5480 1883 5550 χείρι-

311 5566 438 5618 στόν
476 5568 593 5619 ἐστι
627 5567 768 5638 ὑπὲρ
816 5568 877 5622 τὸ
928 5569 1048 5624 δέον
1097 5571 1285 5643 ᾅττειν
1348 5576 1441 5625 καὶ
1479 5571 1710 5642 Πατρῶν
1758 5571 1884 5641 ὅρια

310 5659 502 5711 κινεῖν,
548 5658 899 5726 Ἀντιφωνεῖν
947 5662 1059 5734 γὰρ
1106 5664 1322 5733 ἀνάγκη
1355 5665 1467 5727 τοῖς
1506 5661 1740 5731 ἀφανέσι
1772 5664 1882 5715 τῶν

310 5747 544 5815 ὀρέξεων
595 5736 1087 5809 ἐνταῦθα’-πάθεσι
1152 5758 1219 5810 τὰ
1264 5756 1447 5827 χειρὸς
1494 5761 1589 5809 καὶ
1635 5756 1886 5825 γλώττης

314 5838 534 5912 ἐμφανῆ
575 5843 887 5914 κινήματα,
927 5846 1021 5900 καὶ
1066 5849 1357 5921 σφετέροις
1412 5848 1652 5919 σφέτερα
1692 5849 1883 5918 μέρεσι

1320 5996 1349 6017 κ

1975 4646 2250 4700 mstimare
2287 4646 2577 4710 simulans,
2611 4647 2705 4700 Dei
2738 4647 3021 4701 hominum
3053 4663 3294 4701 amorem
3335 4649 3388 4701 in
3421 4647 3558 4713 ipsis

1978 4737 2351 4791 fundamentis
2382 4738 2598 4793 evertit.
2614 4738 2747 4792 Nam
2764 4738 3064 4808 peccatoris
3080 4739 3458 4810 paenitentiam
3481 4742 3562 4795 ni-

1978 4828 2077 4882 hili
2101 4824 2326 4896 habuit;
2358 4838 2414 4884 et
2442 4845 2565 4883 cum
2596 4830 2836 4885 cautioni
2865 4846 2966 4900 pro
2993 4831 3175 4885 inutili
3201 4833 3560 4887 excusatione

1979 4918 2145 4993 419
2198 4928 2346 4974 totus
2400 4920 2742 4987 confideret,
2792 4922 3031 4990 posteris
3085 4921 3288 4992 ll:=gitia
3346 4940 3561 4979 summa

1982 5013 2329 5082 prmparavit.
2382 5012 2565 5079 Quare
2628 5014 2927 5083 pessimum
2987 5025 3073 5070 est
3122 5031 3283 5086 Supra
3337 5018 3561 5071 modum

1979 5103 2255 5158 aastimare
2304 5103 2513 5172 aliquid
2566 5115 2623 5158 et
2656 5101 2881 5159 Patrum
2930 5116 3205 5174 praecepta
3243 5107 3555 5163 immutare.

1982 5196 2068 5250 Fit
2097 5196 2245 5250 enim
2279 5205 2340 5250 ut
2367 5198 2680 5267 discrepent
2717 5198 2786 5252 ab
2830 5198 3064 5254 occultis
3110 5199 3277 5271 animi
3320 5200 3563 5254 motibus

1985 5305 2182 5343 manus
2212 5298 2268 5343 et
2294 5289 2497 5358 lingua:
2529 5298 2712 5346 motus
2743 5290 3051 5361 conspicui,
3086 5299 3143 5346 et
3177 5291 3319 5347 inter
3347 5292 3561 5361 singula

1984 5384 2229 5439 membra
2275 5383 2640 5453 repugnantia
2670 5383 2917 5453 quaedam
2964 5396 3022 5438 et
3052 5383 3325 5438 dissensio
3361 5383 3562 5447 alatur,

1984 5475 2159 5530 donec
2186 5482 2403 5543 tempus
2430 5474 2662 5545 justitize
2704 5483 2855 5530 certa
2885 5475 3091 5530 trutina
3116 5475 3365 5530 adhibita
3400 5491 3563 5547 aper-

1986 5576 2100 5621 tum
2135 5566 2496 5636 opprobrium
2529 5566 2584 5620 in
2628 5566 2809 5621 lucem
2853 5566 2995 5621 ferat
3023 5574 3080 5621 et
3106 5579 3202 5620 eos
3230 5567 3324 5637 qui
3351 5565 3562 5622 honore

1984 5661 2256 5716 fruiturus
2286 5669 2666 5731 sc'spcrarent
2698 5659 2999 5732 ignominia
3043 5667 3260 5716 notatos
3283 5663 3561 5717 ostendat.

1987 5755 2142 5820 Quod
2194 5753 2407 5824 experti
2441 5763 2572 5810 sunt
2602 5754 2694 5825 qui
2727 5747 3112 5808 Aciistitarum
3159 5754 3392 5810 hzercsin
3433 5752 3560 5825 pro?

1991 5847 2259 5903 tulerunt.
2309 5848 2375 5904 lli
2428 5847 2574 5905 enim
2627 5846 2833 5905 ChriSIi
2870 5861 3072 5919 corpus
3122 5849 3454 5907 celebraturi
3482 5851 3559 5905 in-
