4016 6468
342 4425 350 4432 ·
443 4411 721 4468 diversum
740 4454 757 4482 ,

503 257 609 320 375

501 468 678 522 mini?
708 470 813 525 Sed
834 473 988 529 vobis
1009 490 1235 547 propter
1267 483 1537 542 inscitiam
1567 493 1875 549 tacentibus
1905 496 2072 552 inter-

502 567 755 623 pretatur
791 563 905 619 haec
937 579 1161 624 sanctus
1193 570 1434 631 Joannes
1472 576 1638 649 424
1676 581 2065 641 Damascenus.

504 668 521 700 ι
544 649 601 702 in
634 650 887 710 Thabore
918 670 1126 727 monte,
1146 662 1345 734 inquit,
1364 668 1499 723 solis
1525 669 1892 730 iustarlucem
1922 677 2070 732 circa

504 739 711 796 \ultum
737 744 843 800 sibi
880 744 1138 807 Christus
1168 752 1436 823 incendit,
1474 770 1537 814 ut
1569 762 1715 819 sicut
1760 765 1905 821 Deus
1932 769 2069 824 sub-

507 832 888 893 manifestaret
935 839 1226 912 discipulis
1268 847 1494 905 deitatis
1538 868 1651 909 suae
1702 857 2064 927 maiestatem.

496 922 687 993 Itaque
720 927 925 985 factum
957 943 1041 997 ut,
1076 952 1201 992 eum
1230 942 1397 996 etiam
1428 944 1592 1001 Mosis
1621 947 1749 1002 olim
1772 922 1953 1005 vultus
1979 953 2065 1006 ef-

494 1011 726 1083 fulserit,
748 1020 1201 1082 calumoiatorexit
1226 1029 1473 1098 latuerit,
1507 1037 1862 1106 splendorem
1914 1042 2064 1098 hunc

492 1105 746 1161 sensibus
766 1114 1179 1183 perceptibilem
1206 1118 1395 1178 fuisse.
1411 1142 1430 1175 ›
1461 1105 1623 1182 Vides
1651 1127 1819 1198 igitur
1838 1142 1892 1186 et
1917 1131 2062 1188 hunc

494 1192 679 1249 dicere
709 1213 912 1270 corpus
936 1215 992 1259 et
1023 1210 1277 1267 sensibus
1305 1216 1615 1286 subjectum
1649 1192 1706 1274 et
1736 1231 2058 1293 perceptum

491 1283 663 1341 fuisse
686 1288 1057 1353 illuminatum
1080 1300 1286 1359 Christi
1310 1306 1543 1363 vultum.
1564 1309 1681 1366 Non
1709 1313 1856 1367 enim
1885 1315 2062 1388 imago

495 1380 817 1446 mysterium
849 1385 1149 1445 incuruata:
1175 1404 1387 1450 natura:
1409 1410 1568 1467 erat;
1601 1401 1648 1456 si
1675 1419 1808 1460 vero
1835 1421 2057 1476 corpus.

486 1484 619 1536 ergo
653 1478 891 1532 essentia
918 1483 1146 1539 omnino
1191 1498 1395 1544 creata.
1430 1491 1879 1559 lncreatistarum
1911 1501 2058 1555 enim

492 1560 727 1620 haeresis
776 1568 993 1627 Dominl
1052 1592 1273 1634 carnem
1331 1583 1669 1641 existimavit
1728 1588 2054 1645 increatam.

485 1648 643 1708 Unde
696 1655 865 1726 igitur
915 1661 1197 1721 increatus
1243 1671 1508 1738 splendor
1540 1677 1658 1731 .ille
1715 1680 2052 1736 sensualiter

476 2220 588 2259 non
611 2208 1057 2276 visibile,verum
1090 2219 1257 2274 etiam
1289 2234 1529 2280 mentem
1561 2243 1627 2283 ac
1655 2229 1924 2286 rationem
1955 2249 2052 2289 su—

479 2301 812 2365 perans?At
843 2321 971 2362 vero
1001 2309 1132 2378 quid
1167 2313 1391 2369 tandem
1419 2318 1527 2373 erit
1558 2330 1625 2381 ex
1653 2323 1912 2379 omnibus
1955 2326 2051 2379 al-

481 2401 662 2447 terum
698 2396 1015 2467 quoddam,
1051 2401 1158 2457 nisi
1194 2405 1339 2474 quod
1373 2408 1467 2463 lux
1507 2427 1614 2466 una
1651 2412 2052 2474 inaccessibilis

474 2491 559 2536 est
591 2491 647 2537 et
675 2501 780 2540 una
816 2495 1026 2545 tantum
1057 2495 1279 2563 proprie
1310 2497 1495 2554 Deus?
1521 2500 1839 2573 Quanquam
1862 2547 1877 2570 ,
1922 2524 2049 2563 cum

471 2858 781 2915 sequuntur
803 2855 1153 2922 operationes
1173 2869 1224 2913 et
1245 2861 1629 2919 conclusiones
1648 2868 2041 2937 gubernemus,

466 2939 629 2996 nobis
656 2946 1028 3011 .quaarendum
1081 2958 1168 3003 est
1213 2953 1490 3020 quomodo
1525 2971 1588 3010 ea
1633 2972 1755 3026 quae
1797 2976 2044 3018 commu-

467 3032 631 3088 nibus
661 3034 770 3090 illis
800 3051 863 3092 ac
896 3039 1144 3108 probatis
1177 3046 1468 3100 sententiis
1495 3049 1745 3117 opposita
1778 3065 1927 3119 sunt,
1962 3056 2034 3111 li-
2066 3071 2107 3128 ε

465 3133 588 3179 ceat
636 3124 877 3182 dilucide
925 3133 1208 3201 persequi.
1256 3134 1605 3193 Universitas
1649 3142 1799 3198 enim
1848 3162 2035 3204 rerum

463 3231 589 3271 cum
625 3224 686 3272 et
714 3220 785 3275 sit
815 3228 872 3275 et
904 3233 1132 3278 vocetur
1164 3224 1342 3282 deitas
1362 3267 1377 3292 ,
1416 3241 1649 3287 vocatur
1681 3235 1852 3291 etiam
1894 3239 1989 3296 lux
2016 3260 2034 3308 ;

461 3311 630 3382 igitur
658 3313 704 3369 si
737 3315 830 3370 lux
863 3320 969 3371 una
1003 3319 1400 3378 inaccessibilis
1429 3334 1487 3380 et
1517 3329 1857 3398 sempiterna
1888 3334 2034 3393 Deus

434 3410 548 3459 “est
570 3413 627 3459 et
653 3408 877 3476 proprie
900 3425 1073 3465 unum
1099 3421 1156 3467 et
1182 3414 1358 3469 solum
1386 3415 1690 3477 iucreatum
1714 3464 1728 3489 ,
1754 3428 2034 3494 quomodo

457 3505 517 3553 et
551 3498 696 3553 unde
729 3499 952 3556 inventa
990 3513 1079 3559 est
1108 3505 1222 3575 jam
1257 3522 1288 3563 a
1328 3510 1566 3568 Palamae
1602 3512 1810 3573 familia
1849 3519 2030 3577 altera

458 3587 706 3645 increata
732 3590 829 3646 lux
857 3608 887 3648 a
913 3593 1190 3672 Thaboria
1222 3599 1314 3655 illa
1346 3601 1563 3660 diversa
1597 3607 1798 3665 divina:
1831 3626 2027 3668 essen-

462 3680 572 3742 tiae,
639 3695 762 3751 quae
797 3700 863 3739 ex
897 3686 1202 3746 luminibus
1238 3693 1346 3750 illis
1383 3712 1412 3751 a
1447 3698 1713 3771 Gregorio
1749 3703 2029 3776 Theologo

453 3774 700 3832 collectis
731 3780 920 3858 multis
949 3783 1024 3839 sit
1056 3786 1204 3840 una?
1247 3787 1380 3855 Quae
1411 3792 1559 3847 enim
1601 3812 1707 3852 una
1745 3814 1812 3853 ex
1838 3802 2026 3858 multis

451 3873 538 3921 est
572 3881 680 3921 non
718 3851 946 3940 proprie
983 3889 1090 3929 una
1126 3888 1252 3944 est;
1281 3894 1407 3950 qua:
1439 3895 1625 3940 autem
1662 3889 1884 3960 proprie
1915 3909 2024 3949 una

450 3965 554 4024 cst,
586 3972 649 4014 ea
674 3960 840 4015 etiam
875 3965 1231 4036 sempiterna,
1260 3988 1438 4044 neque
1461 3991 1529 4032 ex
1555 3980 1742 4037 multis
1775 3997 1881 4038 una
1904 3999 2026 4042 esse

448 4058 648 4118 potest.
674 4051 958 4118 Quomodo
981 4059 1128 4114 enim
1157 4061 1395 4122 increata
1423 4071 1657 4140 amplius
1683 4089 1806 4130 esse
1853 4080 2027 4146 possit

447 4140 503 4193 in
532 4141 763 4199 aliarum
791 4155 849 4201 et
872 4148 1216 4210 diversarum
1265 4172 1640 4218 creaturarum
1675 4182 1908 4223 numero
1934 4185 2024 4223 re-

443 4226 596 4285 lata?
625 4231 713 4286 An
747 4237 1023 4303 quomodo
1063 4240 1114 4295 id
1155 4246 1302 4314 quod
1342 4263 1452 4304 non
1491 4262 1607 4317 est,
1679 4255 1823 4310 idem
1859 4267 2023 4327 atque

443 4320 727 4376 essentia?
759 4322 816 4379 Si
850 4327 995 4399 enim
1033 4328 1178 4386 idem
1199 4373 1214 4400 ,
1247 4351 1360 4392 non
1396 4338 1713 4408 diversum;
1767 4345 1855 4400 sin
1886 4362 2019 4402 vero

442 4504 673 4561 omnino
711 4522 817 4572 non
848 4496 1281 4587 possunt‘neque
1311 4535 1550 4590 unquam
1582 4524 1635 4578 in
1673 4541 1840 4581 unum
1883 4542 2018 4583 cou-

439 4591 642 4653 ciliari.
676 4595 872 4653 Praeter
904 4599 1020 4656 hac
1080 4605 1312 4661 alterum
1343 4610 1616 4678 quoddam
1648 4627 2020 4682 opposuerunt

442 4700 568 4740 cum
588 4702 685 4755 ‘re
728 4704 837 4745 non
876 4707 1039 4761 posse
1068 4694 1289 4753 liberari
1318 4699 1666 4757 damnatione
1698 4705 1787 4759 illa
1817 4708 1884 4762 ab
1929 4725 2016 4779 sy-

442 4775 590 4851 nodo
624 4787 776 4834 sexta
815 4784 1156 4841 meumeniea
1204 4786 1318 4844 sibi
1375 4790 1521 4845 illata
1561 4794 1846 4852 sentirent.
1894 4798 2016 4854 llaec

442 4868 715 4937 oppositio
738 4870 815 4938 ita
835 4889 894 4928 se
922 4875 1157 4932 habebat
1181 4895 1193 4932 :
1215 4878 1421 4949 Deinde
1436 4897 1537 4936 nec
1565 4899 1817 4955 magnum
1844 4891 2013 4960 capis,

444 4959 724 5035 inquiunt,
744 4963 1064 5045 Dionysium
1098 4968 1191 5024 ubi
1221 4969 1396 5025 didit:
1427 4991 1443 5024 ι
1476 4974 1707 5040 Quando
1732 4959 2017 5039 immorta-

441 5051 658 5109 litatem
692 5053 883 5127 adepti
929 5058 1143 5133 erimus
1187 5070 1245 5139 et
1298 5062 1366 5118 ad
1412 5063 1619 5122 Christi
1669 5071 1902 5131 similem
1956 5083 2013 5129 et

352 5203 379 5217 κ
437 5144 655 5200 beatam
678 5161 866 5217 pacem
889 5148 1326 5220 perqeneriuius,
1352 5164 1568 5226 semper
1594 5174 1718 5214 cum
1748 5163 2004 5232 Domino,

440 5245 503 5290 ut
541 5236 749 5295 dictum
784 5245 891 5301 est,
923 5240 1134 5297 erimus
1171 5249 1733 5317 contemplationibus
1770 5254 2009 5319 visibilis

439 5326 563 5396 ejus
596 5326 1062 5384 manifestatiouis
1094 5332 1350 5402 completi
1374 5378 1389 5401 ,
1426 5352 1549 5414 qum
1589 5356 1689 5397 nos
1719 5346 2009 5414 magniﬁco

436 5417 733 5486 splendore
757 5418 1141 5488 circumdabit,
1165 5424 1309 5511 sicut
1328 5411 1494 5501 ,ωε
1514 5411 1895 5511 άξεεῑρυιοέίιι
1925 5440 2010 5493 di-

436 5511 561 5565 vina
592 5510 684 5566 illa
708 5511 1208 5588 trausﬁguratioue,
1240 5506 1299 5576 et
1327 5506 1631 5594 spiritua'lis'
1666 5528 1813 5585 illius
1841 5532 2006 5588 clari-

401 5767 411 5778 .
505 5695 583 5767 (ι)
614 5665 771 5753 κἀτά
799 5698 906 5755 Ἰω.
935 5703 1123 5775 ὁμιλία
1154 5706 1261 5781 κη’.

1661 285 2087 353 NICEPHORI
2123 295 2509 367 ϐΒΕϐΟΒιΕ

501 380 639 440 lecta
671 383 726 428 et
758 388 1033 449 percepta,
1071 391 1131 437 ut
1160 401 1353 445 omnes
1376 400 1432 445 et
1462 385 1563 448 vos
1590 395 1862 467 imprimis
1899 410 2038 459 testa

501 468 956 490 ..-μηοημμ
1267 483 1279 490 .
1387 485 1444 490 _-

2138 434 2150 463 ι
2180 412 2405 483 σώματα
2440 435 2728 490 ποιοτητσς
2778 424 2871 477 καὶ

3633 322 3726 384 3Ἷ6

2915 424 3222 494 ἀσώματοι,
3252 428 3510 498 αἰσθηταὶ
3547 428 3589 482 δ’
3623 431 3726 491 οὖν.

2174 507 2425 578 καὶπερὶ
2468 511 2534 564 τὰ
2568 515 2633 583 τῇ
2664 516 2916 585 αἰσθήσει
2967 517 3308 586 ὑποκείμενα
3361 520 3593 590 σώματα
3640 525 3727 595 τὴν
3825 588 3835 599 1

2176 596 2474 655 ὑπόστασιν
2503 620 2561 656 τε
2611 606 2707 658 καὶ
2756 606 3020 663 σύστασιν
3067 608 3316 679 ἔχουσαι·
3355 613 3465 665 πᾶν
3494 613 3551 665 δέ
3583 615 3643 667 τὸ
3667 619 3725 686 τῇ

2173 689 2426 758 αἰσθήσει
2469 692 2911 768 ὑποϐαλλόμενον
2957 701 2986 753 ὁ
3018 700 3162 764 θεῖος
3203 700 3404 772 φάσκει
3440 705 3729 774 Χρυσόστο-

2174 797 2275 849 μος
2306 782 2384 854 (1)
2413 787 2539 855 μηδ’
2576 789 2765 844 οὐσίαν
2807 788 2949 849 εἰναι
2980 793 3216 862 ἀγγέλου
3251 795 3518 851 δύνασθαι
3545 799 3727 866 λέγειν,

2122 939 2147 970 0
2170 874 2330 941 ἀλλὰ,
2365 877 2524 946 σῶμα
2573 883 2748 952 πάχος
2778 884 2900 955 ἕχον
2954 886 3051 939 καὶ
3080 888 3244 958 τριχῆ
3270 888 3584 945 διαστατόν.
3619 892 3729 955 Πῶς

2168 967 2261 1022 οὖν
2290 970 2358 1023 ἂν
2389 972 2475 1043 εἴη
2506 973 2698 1042 θεότης
2720 975 2980 1040 ἄκτιστος
3017 972 3195 1033 ἐκεῖνο
3229 979 3288 1033 τὸ
3318 981 3460 1047 φῶς,
3492 983 3730 1053 αἰσθήσει

2174 1061 2620 1131 ὑποϐαλλόμενον
2651 1070 2746 1121 καὶ
2782 1069 3083 1140 δρώμενον,
3122 1072 3197 1134 ὡς
3227 1073 3472 1135 ἅπαντες
3509 1074 3604 1167 μὲν
3644 1074 3730 1128 καὶ

2168 1156 2274 1225 πρό
2310 1172 2376 1225 γε
2422 1158 2641 1213 πᾶιντων
2671 1162 2828 1232 ὑμεῖς
2865 1168 3244 1235 μαρτυρείτε;
3283 1168 3357 1218 ’Ἡ
3391 1156 3623 1222 πάντώὲι
3641 1169 3727 1219 καὶ

2167 1248 2324 1318 ὑμῶν
2373 1252 2708 1306 σιωπώντων
2757 1255 2816 1321 ἐξ
2875 1257 3183 1327 ἀπορίαςὸ
3229 1259 3375 1322 θεῖος
3436 1259 3725 1327 ἐρμηνέὺει

2154 1330 2527 1408 ,Δαμασκηνὸς
2560 1344 2842 1416 Ἰωάννης,
2872 1362 2892 1398 ι
2938 1347 3026 1400 Ἐν
3054 1349 3131 1418 τῷ
3167 1349 3393 1420 Θαϐὼρ,
3424 1350 3598 1417 λέγων
3630 1351 3723 1419 (ἓ),

2162 1429 2238 1498 τῷ
2269 1426 2387 1498 δρει
2419 1432 2735 1503 ἐλάμπρυνε
2778 1438 2877 1503 μὲν
2923 1439 3079 1506 ἡλίου
3129 1440 3289 1511 δίκην
3334 1443 3397 1493 τὸ
3442 1443 3726 1512 πρόσωπον

2161 1517 2356 1571 ἑαυτοῦ
2388 1521 2416 1572 ὁ
2445 1519 2697 1590 Χριστὸς,
2732 1524 2799 1577 ἵν’
2844 1525 2919 1587 ὡς
2954 1526 3090 1590 Θεὸς
3122 1531 3435 1602 παραδείξῃ
3485 1534 3600 1594 τοῖς
3633 1549 3728 1600 μα-

2160 1607 2353 1677 θηταῖς
2390 1610 2487 1677 τὴν
2538 1613 2639 1682 τῆς
2693 1617 2903 1679 οἰκείας
2967 1617 3225 1689 θεότητος
3287 1621 3565 1691 δύναμιν
3620 1623 3728 1677 ἀλλ’

2161 1699 2346 1770 ἐπειδὴ
2382 1701 2480 1754 καὶ
2510 1703 2750 1768 Μωσέως
2779 1708 3100 1778 ἐλάμπρυνε
3141 1712 3317 1766 πάλαι
3345 1714 3409 1766 τὸ
3439 1715 3723 1783 πρόσωπον

2366 1834 2380 1859 ,
2433 1794 2592 1848 ἔλαθε
2640 1797 2736 1850 νῦν
2768 1800 2859 1852 τὸν
2893 1802 3140 1857 διάϐολον
3187 1804 3279 1858 διὰ
3322 1808 3425 1875 τῆς
3456 1807 3722 1877 αἰσθητῶς

2545 1981 2643 2032 καὶ
2673 1982 2926 2052 αἰσθήσει
2954 1984 3261 2054 ὑποϐληθὲν
3293 1989 3393 2040 καὶ
3439 1989 3636 2057 ὀραθὲν
3664 1990 3718 2043 τὸ

2152 2064 2506 2135 λαμπρυνθὲν
2526 2069 2623 2122 τοῦ
2648 2070 2891 2140 Χριστοῦ
2921 2091 3055 2144 φησι
3080 2072 3395 2146 τηνικαῦτα
3413 2080 3732 2150 πρόσωπονμ

2034 2144 2056 2196 3
2150 2156 2226 2209 Οὐ
2257 2158 2369 2227 γὰρ
2400 2162 2677 2228 φαντασία
2704 2164 2765 2216 τδ
2789 2165 2891 2235 τῆς
2926 2144 3196 2237 ἐνσάρκου
3233 2144 3549 2241 μυστήριον
3571 2174 3712 2224 οἰκο-

2148 2248 2346 2317 νομίας
2381 2245 2472 2321 ἦν·
2507 2253 2555 2305 ιί
2595 2254 2653 2308 δὲ
2702 2256 2885 2325 σῶμα,
2922 2259 3017 2311 καὶ
3047 2259 3209 2314 οὐσία
3242 2262 3468 2326 πάντως
3500 2266 3709 2330 κτιστή·

2145 2342 2213 2411 τῇ
2257 2343 2365 2414 γὰρ
2395 2344 2503 2399 τῶν
2529 2345 2889 2403 Ἀκτιστιτῶν
2938 2350 3153 2422 αἰρίσει
3209 2354 3536 2424 περιφανῶς
3569 2356 3711 2427 ἐρρι-

2154 2450 2295 2486 πται
2330 2437 2433 2503 τὴν
2454 2436 2547 2490 τοῦ
2579 2439 2787 2508 Κυρίου
2816 2440 2997 2512 σάρκα
3023 2441 3270 2509 δοξάζειν
3294 2445 3574 2500 ἄκτιστον·
3605 2446 3712 2509 πῶς

2146 2523 2241 2578 οὖν
2275 2525 2597 2597 ἄκτιστοςυή
2627 2531 2905 2602 αἰσθητῶς
2952 2536 3189 2603 φανεῖσα
3232 2553 3547 2607 τηνικαυτα
3578 2539 3711 2607 λαμ-

2140 2882 2217 2944 *Η
2247 2890 2357 2961 γὰρ
2382 2890 2483 2944 οὐκ
2512 2893 2740 2947 ἀκούετε
2772 2894 3086 2966 σαφέστατα
3115 2900 3223 2952 τῶν
3243 2901 3426 2969 ἁγίων
3452 2901 3707 2968 λεγόντων

2140 2980 2202 3033 τὸ
2253 2984 2319 3052 τῇ
2371 2983 2626 3051 αἰσθήσει
2679 2985 2779 3055 μὲν
2841 2987 3283 3057 ὑποϐαλλόμενον
3344 2992 3560 3063 ὁρατὸν,
3608 2988 3704 3044 ὁδ’

2140 3073 2418 3138 ἄκτιστον,
2456 3073 2534 3145 μὴ
2564 3075 2646 3128 ὅτι
2685 3075 2784 3145 οὐχ
2837 3078 3059 3148 ὁρατὸν,
3111 3079 3252 3132 ἀλλὰ
3292 3085 3394 3135 καὶ
3455 3082 3576 3135 νοῦν
3615 3081 3699 3134 κεί

2139 3161 2298 3231 λόγον
2327 3164 2658 3235 ὑπερὸαἶνον
2684 3182 2698 3231 ;
2746 3165 2925 3221 Τοῦτο
2956 3168 3015 3222 δὲ
3042 3168 3096 3222 τί
3129 3169 3196 3224 ἂν
3226 3171 3314 3243 εἴη
3351 3172 3462 3225 τῶν
3493 3173 3697 3226 πάντων

2135 3257 2324 3349 ἐγερον
2355 3258 2445 3329 ἦῶ
2480 3259 2597 3326 φῶς
2641 3260 2703 3313 ἐν
2752 3260 3053 3331 ἁπρόσιτόν
3101 3264 3218 3317 ἐστι
3284 3267 3382 3318 καὶ
3434 3265 3595 3334 μόνον
3640 3261 3695 3314 ἐν

2134 3352 2339 3421 κυρίως
2369 3352 2398 3405 ὁ
2420 3351 2554 3416 Θεὸς
2579 3370 2594 3418 ;
2632 3352 2847 3437 Ὀμωί,
2877 3355 3070 3425 ἐπειδὴ
3103 3356 3295 3410 κανόνι
3326 3373 3386 3410 τε
3416 3357 3512 3409 καὶ
3540 3353 3695 3407 σταθ-

2137 3440 2223 3511 μῷ
2245 3442 2359 3496 ἄνω
2386 3442 2488 3506 τὰς
2515 3444 2702 3508 κοινὰς
2736 3444 2963 3510 ἐκείνας
2991 3447 3088 3501 καὶ
3130 3446 3560 3518 ὡμολογημένας
3590 3447 3693 3506 τοῖς

2132 3531 2300 3586 πᾶσιν
2338 3531 2547 3598 ἐννοίας
2575 3535 3024 3607 προεόαλόμεθα.
3056 3537 3130 3602 ὡς
3153 3537 3220 3593 ἂν
3258 3537 3323 3611 [1⁵.
3350 3540 3456 3595 250
3484 3538 3539 3611 a]
3566 3536 3693 3608 πρὶς

2130 3624 2318 3679 ἐκεῖνα
2342 3623 2631 3693 βλέποντες
2662 3628 2760 3691 τὰς
2806 3627 2936 3698 ἑξῆς
2978 3628 3088 3685 τῶν
3124 3630 3306 3699 λόγων
3332 3630 3689 3698 διευθύνωμεν

2132 3718 2399 3787 ἐργασίας
2433 3720 2530 3772 καὶ
2570 3720 2638 3772 τὰ
2687 3721 3096 3792 ἐπιχειρήματα
3119 3762 3135 3788 ,
3182 3722 3530 3795 ἀναληπτέον
3565 3723 3688 3792 ἡμῖν

2129 3811 2250 3864 ἐστι
2284 3811 2381 3864 καὶ
2435 3811 2699 3887 ζητητέον
2751 3813 2872 3879 πῶς
2915 3815 3137 3869 ἐναντία
3180 3818 3304 3881 ταῖς
3353 3818 3562 3877 κοιναῖς
3602 3814 3688 3866 καί

2128 3903 2589 3975 ὡμολογημέναις
2618 3906 2859 3971 ἐκείναις
2889 3909 3123 3972 ἐννοίαις
3164 3910 3348 3963 ἔνεστι
3385 3904 3688 3978 περιφανῶς

2130 3995 2549 4065 συμπεραίνειν.
2602 3996 2790 4050 Πάντα
2831 3997 2940 4067 γὰρ
2980 3997 3118 4052 οὖσα
3171 4000 3270 4052 καὶ
3319 3993 3686 4067 καλουμένηή

2128 4087 2322 4156 θεότης
2351 4089 2602 4141 καλεῖται
2638 4089 2735 4142 καί
2764 4088 2877 4157 φῶς
2899 4106 2914 4122 ⁸
2957 4092 3007 4143 εἰ
3034 4090 3129 4144 οὖν
3160 4092 3277 4160 φῶς
3307 4093 3366 4145 ἐν
3400 4090 3687 4161 ἀπρόσιτον

2127 4178 2222 4232 καὶ
2251 4180 2533 4250 ἀδιάδοχον
2563 4181 2590 4232 ὁ
2622 4180 2755 4243 Θεὸς
2778 4183 2871 4235 καὶ
2895 4182 3103 4252 κυρίως
3128 4182 3189 4236 ἓν
3221 4184 3320 4238 καὶ
3351 4186 3512 4255 μόνον
3540 4182 3686 4251 ἄκτιέ

2126 4270 2439 4334 στον,·πῶς
2498 4271 2594 4325 καὶ
2648 4270 2814 4324 πόθεν
2869 4272 3101 4342 εὓρηται
3145 4274 3240 4327 νῦν
3283 4280 3350 4346 τῇ
3401 4274 3680 4342 Παλαμικῇ

2053 4385 2099 4444 υ
2128 4360 2339 4431 φατρία
2370 4360 2627 4430 δεύτερον
2658 4359 2915 4415 ἄκτιστον
2964 4362 3080 4430 φῶς
3122 4363 3394 4434 Θαόωρίῳ
3435 4363 3684 4431 διάφορον

816 4433 924 4474 non
957 4420 1141 4507 idem:
1175 4425 1395 4484 misceri
1429 4432 1573 4485 enim
1624 4449 1722 4502 per
1767 4449 2015 4492 naturam

2138 4420 2223 4518 ξῆς
2247 4420 2411 4512 ’θείας
2436 4420 2648 4511 οὐσίας,
2679 4449 2790 4503 τῶν
2837 4449 2914 4521 τῷ
2947 4420 3195 4519 όεολόγῳ
3216 4420 3503 4523 Γρλγγορίῳ
3532 4447 3683 4517 ἀριθ-

2126 4539 2405 4609 μηθὲντων
2440 4541 2668 4593 ἐκείνων
2697 4539 2895 4608 φώτων
2922 4540 3132 4619 πολλῶν
3162 4543 3221 4595 ἐν
3255 4543 3316 4597 ὃν
3342 4560 3358 4609 ;
3395 4544 3423 4596 ὂ
3451 4542 3557 4611 γὰρ
3577 4538 3681 4591 τῶν

2120 4629 2331 4683 πολλῶν
2366 4628 2424 4682 ἓν
2451 4629 2533 4696 ὃν,
2564 4631 2663 4701 οὐχ
2699 4632 2757 4685 ἓν
2786 4636 2993 4705 κυρίως
3017 4652 3033 4667 ο
3071 4635 3099 4689 ὃ
3147 4635 3203 4688 δὲ
3234 4636 3441 4706 κυρίως
3491 4633 3548 4687 ἒν
3591 4630 3682 4683 καὶ

2120 4719 2421 4789 ἀδιαδοχον,
2453 4720 2560 4774 τῶν
2595 4722 2808 4776 πολλῶν
2855 4723 2915 4777 ἓν
2971 4721 3110 4780 εἶναι
3161 4726 3223 4780 οὐ
3274 4727 3515 4781 δύναται.
3562 4721 3678 4783 Πῶς

2118 4809 2226 4876 γὰρ
2254 4805 2322 4862 ἂν
2350 4806 2608 4862 ἄκτιστον
2661 4812 2739 4864 ἔτ’
2775 4807 2916 4866 εἶναι
2955 4813 3203 4882 δύναιτο,
3236 4819 3352 4880 τοῖς
3386 4815 3565 4876 ἄλλοις
3592 4810 3678 4865 καὶ

2118 4899 2397 4968 διαφόροις
2449 4901 2617 4955 αὐτοῦ
2669 4908 2942 4973 ποιήμασι
3004 4907 3547 4978 συναριθμούμενον;
3610 4902 3675 4954 Ἦ

2118 4987 2241 5050 πῶς
2260 4988 2321 5041 τὸ
2351 4989 2601 5044 ἁνούσιον
2631 4994 2695 5063 τῇ
2725 4982 2886 5067 οὐσίᾳ
2917 4999 3118 5050 ταυτόν
3146 5015 3161 5066 ;
3200 4998 3264 5051 Εἰ
3302 5000 3412 5068 γὰρ
3461 4992 3673 5054 ταυτὸν»

2116 5080 2177 5132 οὐ
2200 5080 2484 5159 διάφορον,
2512 5084 2561 5136 εἰ
2591 5083 2649 5138 δὲ
2678 5086 2960 5159 διάφορον,
2994 5089 3055 5141 οὐ
3087 5091 3304 5143 ταυτόνο
3337 5090 3543 5159 ἄμικτα
3575 5085 3674 5153 γὰρ

2116 5171 2278 5243 φύσει
2325 5149 2643 5229 παντάπασι
2693 5177 2892 5243 ταῦτα,
2941 5180 3038 5233 καλ⁸
3087 5180 3207 5233 λίαν
3253 5180 3545 5249 ἀσύμόατα
3586 5173 3673 5227 καὶ

2114 5261 2369 5315 οὐδέποτε
2406 5263 2694 5334 σύμφωνα.
2741 5267 2863 5321 Ἐπὶ
2904 5268 2969 5338 δὴ
3022 5269 3235 5334 τούτοις
3288 5270 3443 5331 αὖθις
3490 5264 3670 5333 ἑτέραν

2114 5351 2428 5422 ἀντεπῆγον
2461 5357 2758 5425 ἀντίθεσιν,
2789 5361 2851 5414 οὐ
2891 5361 3226 5431 δυνηθέντας
3277 5360 3502 5421 ἑαυτοὺς
3543 5358 3672 5410 ἁπο-

2112 5443 2375 5511 νίψασθαι
2407 5447 2500 5507 τὸν
2554 5450 2741 5518 σφίσιν
2793 5453 3232 5523 ἐπενηνεγμὲνον
3266 5452 3372 5507 ὑπὸ
3399 5453 3493 5521 τῆς
3525 5446 3666 5507 θείας

2115 5537 2211 5587 καὶ
2264 5537 2657 5611 οἰκουμενικῆς
2714 5541 2881 5612 ἕκτης
2956 5547 3177 5598 συνόδου
3230 5538 3665 5614 ἀναθεματισρδν

2187 5692 2262 5792 (εὶ)
2296 5724 2392 5777 Ἕκ
2434 5725 2524 5780 τοῦ
2552 5729 2628 5791 εἰς
2660 5727 2756 5800 τὴν
2788 5732 3232 5806 Μεταμόρφωσιν
3259 5739 3438 5806 λόγου.
