4016 6484
436 372 461 427 τῖ
472 373 541 431 ει

1660 373 2081 436 NICEPHORI
2120 360 2504 449 sescena;

3552 349 3570 373 ’
3595 361 3691 424 su

440 489 778 557 tarditatem,
811 506 920 560 qua
949 490 1134 547 divina
1158 504 1268 545 non
1301 487 1464 560 digne
1503 489 1781 559 explicare
1820 488 2010 559 possit,

2118 486 2329 557 ἑώρακε
2356 485 2600 549 πώποτε,
2638 504 2655 536 ι
2687 482 3177 551 εὐαγγελιζόμενος
3202 476 3591 545 ἀποφαίνεται.
3623 473 3692 544 μὴ

438 595 542 635 nec
591 597 714 658 quae
745 599 848 638 nec
885 584 1164 654 quomodo
1185 582 1271 660 .de
1303 582 1501 638 visibili
1533 582 1752 637 Domini
1780 581 2011 637 manife-

436 683 682 729 stattone
703 677 880 730 sancti
911 676 1062 731 varie
1092 676 1521 746 disputaveriut,
1552 691 1656 731 nec
1683 692 1804 746 quae
1834 676 1904 732 de
1928 677 2013 731 in-

435 774 621 818 creata
650 776 707 822 et
737 767 894 822 beata
924 769 1074 823 illius
1097 778 1319 834 natura,
1347 768 1493 823 sicut
1517 771 1811 831 concentui
1844 771 2014 824 musi-

434 870 627 911 corum
694 859 1187 915 instrumentorum
1246 870 1506 930 tanquam
1548 858 1747 915 artifex
1784 863 2013 916 harmo-

438 950 544 1002 niae
576 949 685 1003 vim
714 960 878 1020 atque
903 963 1077 1006 artem
1120 951 1303 1005 alllatu
1339 953 1576 1022 quodam
1614 968 1715 1007 suo
1752 954 2010 1035 inspirat.

435 1037 591 1103 Quod
618 1042 791 1110 capiet
813 1044 937 1110 quis
963 1043 1148 1107 credo,
1175 1043 1430 1111 quamvis
1466 1043 1620 1096 tarda
1651 1053 1704 1097 et
1738 1044 2010 1098 imbecilla

437 1140 642 1195 mente,
667 1147 789 1187 cum
825 1134 1142 1204 Dionysium
1179 1135 1400 1203 planius
1423 1142 1480 1189 et
1505 1134 1621 1188 fuse
1649 1135 1716 1189 de
1742 1136 1826 1189 his
1851 1137 2013 1191 rebus

435 1219 794 1277 disserentem
813 1224 1051 1279 audierit
1077 1243 1093 1279 :
1131 1245 1148 1277 ι
1188 1226 1444 1280 Arbitror
1474 1228 1576 1279 hoc
1608 1228 1772 1282 etiam
1802 1244 2017 1283 sermo-

437 1327 560 1364 nem
589 1314 837 1368 divinum
863 1317 1173 1380 insinuare,
1224 1334 1424 1387 nempe
1475 1321 1892 1389 prophetarum.
1931 1340 2013 1377 .ex

435 1401 626 1458 abdito
651 1407 1243 1476 suprasubstantialem
1281 1409 1433 1462 illum
1469 1411 1523 1463 in
1563 1409 1725 1495 433
1765 1427 2010 1482 conspe~

439 1502 588 1550 ctum
624 1507 875 1553 nostrum
913 1500 1230 1555 humanitus
1254 1501 1686 1556 substantiatum
1713 1504 2009 1573 prodiisse.

434 1589 694 1644 Attamen
731 1592 983 1649 occultus
1011 1593 1174 1646 etiam
1206 1602 1330 1663 post
1361 1593 1858 1649 manifestatiouem
1892 1607 2011 1663 aut,

436 1688 500 1732 ut
525 1679 770 1735 divinius
793 1682 999 1748 dicam,
1039 1684 1093 1738 'rn
1129 1685 1241 1754 ipsa
1276 1686 1744 1742 manifestatione.
1795 1687 2010 1743 Etenim

435 1770 542 1824 hoc
571 1771 703 1827 Jesu
736 1776 1056 1845 mysterium
1089 1775 1370 1832 occultum
1404 1789 1510 1843 est,
1549 1795 1729 1849 neque
1761 1781 1874 1835 ullo
1893 1797 2009 1835 ser-

434 1877 598 1917 mone
646 1865 734 1919 vel
781 1867 1061 1923 intellectu
1120 1884 1494 1938 expressum:
1534 1871 1671 1940 quin
1734 1872 1846 1925 imo
1878 1871 2009 1927 dum

431 1955 717 2024 profertur
754 1973 1054 2026 arcanum,
1101 1972 1158 2016 et
1207 1962 1339 2017 dum
1401 1964 1727 2035 intelligitur
1762 1967 2009 2037 ignotum

431 2060 674 2105 manet.»
736 2052 802 2108 Et
851 2064 973 2119 post
1022 2057 1332 2112 nonnulla:
1379 2078 1396 2109 ι
1429 2059 1574 2123 .Iam,
1604 2070 1665 2115 ut
1693 2065 2009 2117 snnnuatim

427 2139 702 2208 dicamus,
735 2160 806 2200 ne
841 2147 1005 2203 homo
1037 2149 1260 2218 quidem
1284 2160 1425 2214 erat,
1457 2168 1569 2207 non
1599 2155 1745 2223 quod
1780 2171 1887 2209 non
1919 2172 2009 2209 es-

425 2241 519 2289 set
546 2233 739 2301 homo,
786 2239 881 2293 sed
921 2244 1067 2309 quod
1093 2257 1160 2295 ex
1212 2242 1530 2299 hominibus
1558 2254 1722 2301 natus
1759 2247 2011 2303 homines

425 2325 589 2397 longe
619 2332 897 2399 superarit
915 2342 971 2387 et
995 2348 1161 2403 supra
1183 2334 1462 2390 hominem
1488 2353 1619 2394 vere
1645 2338 1811 2393 homo
1834 2341 2012 2395 factus

427 2420 519 2474 sit.
544 2420 822 2493 Caeterum
853 2424 1041 2478 divina
1086 2442 1197 2480 uou
1227 2438 1286 2480 ut
1318 2428 1486 2490 Deus,
1536 2446 1717 2499 neque
1770 2432 2010 2488 humana

425 2520 700 2579 quatenus
725 2513 892 2568 homo
914 2517 1159 2583 gerebat,
1182 2518 1278 2573 sed
1306 2530 1576 2587 quatenus
1599 2522 1740 2576 Deus
1760 2535 1815 2579 et
1846 2525 2010 2579 homo

426 2616 627 2656 novam
668 2606 943 2672 quandam
984 2609 1270 2666 nobiscum
1304 2615 1684 2669 conversando
1743 2616 2005 2671 dei-viri-

425 2693 534 2748 lem
560 2698 937 2777 operationem
968 2701 1321 2758 exhibebat.»
1362 2705 1577 2762 Rursus
1609 2725 1623 2761 :
1656 2709 1742 2763 «In
1778 2711 1883 2764 hoc
1908 2727 2008 2781 ap-

425 2776 589 2854 paret
616 2776 707 2843 eui
744 2790 914 2844 Deum
945 2809 1290 2873 cognoscere
1350 2807 1410 2852 et
1463 2799 1772 2873 intelligere
1829 2804 2010 2858 conti-

425 2877 523 2945 git,
556 2880 700 2946 quod
731 2897 908 2951 neque
941 2871 1197 2955 intelligit
1231 2904 1410 2959 neque
1444 2871 1727 2963 cognoscit
1764 2911 1824 2949 re
1855 2911 2007 2963 vera,

425 2970 632 3037 quippe
697 2973 797 3039 qui
846 2988 1015 3043 supra
1060 2977 1483 3049 intelligentiam
1525 2991 1582 3037 et
1635 2986 2007 3053 cognitionem

418 3056 553 3110 sit.»
595 3059 876 3117 Videtisne
901 3068 1256 3121 concordiam
1308 3070 1710 3142 discipulorum
1748 3075 2009 3144 pietatis?

425 3149 599 3217 Quam
631 3157 780 3209 enim
818 3158 1023 3212 Paulus
1059 3160 1325 3217 visionem
1385 3167 1692 3229 nominavit
1759 3169 1811 3221 in
1842 3169 2010 3239 amig-

430 3256 575 3302 mate
637 3265 735 3319 per
802 3254 1113 3321 speculum,
1164 3255 1218 3309 iu
1274 3256 1464 3312 futuro
1514 3268 1699 3314 autem
1757 3260 1895 3315 facie
1941 3264 2007 3316 ad

434 3342 651 3409 taciem,
683 3355 739 3399 et
764 3344 1045 3403 Joannes:
1080 3349 1325 3405 nondum
1360 3352 1518 3407 nobis
1553 3357 1875 3423 apparuisse
1909 3355 2011 3410 Do-

427 3438 662 3501 minuto,
694 3439 785 3490 sed
819 3440 871 3492 in
900 3441 1085 3495 futuro
1119 3454 1287 3497 carne
1346 3446 1695 3514 corruptibili
1727 3448 1939 3515 abiecta
1979 3465 2006 3501 a

429 3529 586 3584 nobis
633 3542 987 3600 conspectum
1028 3535 1116 3596 iri,
1163 3539 1414 3589 eamdem
1452 3537 1542 3590 ilfe
1591 3543 1656 3591 ad
1723 3540 2007 3597 lanuuinum

427 3638 650 3677 sensum
684 3625 952 3678 occultam
990 3628 1128 3681 dicit
1184 3628 1400 3682 Domini
1447 3632 1745 3683 essentiam
1799 3648 1921 3687 esse
1950 3634 2007 3688 in

428 3714 867 3770 manifestalionc
891 3727 1097 3795 etpost
1141 3720 1665 3787 tuanilestatimtem,
1701 3732 1759 3776 et
1810 3736 2010 3796 myste-

429 3805 571 3857 rium
619 3806 749 3860 illud
789 3807 1041 3877 quamvis
1071 3808 1416 3877 exprimatur
1471 3826 1569 3880 per
1600 3826 1658 3865 se
1707 3822 1892 3868 tamen
1922 3816 2008 3868 in-

429 3901 673 3968 laudum,
693 3914 749 3956 ct
772 3906 1025 3972 quamvis
1045 3906 1341 3975 cogitetur,
1376 3923 1483 3961 non
1518 3919 1699 3963 tamen
1732 3924 1891 3980 posse
1915 3924 2007 3963 co-

426 3997 634 4062 gnosci.
670 3996 835 4068 434
862 3997 1126 4057 «Novam.
1168 4000 1365 4069 inquit,
1393 4004 1687 4071 quanulam
1721 4004 2006 4058 nobiscum

426 4093 805 4142 Conversando
852 4089 1191 4144 dei-virilem
1260 4095 1631 4161 operationem
1684 4094 2004 4159 exhibebat,

427 4190 484 4233 et
510 4197 673 4248 supra
714 4181 1000 4235 hominum
1044 4185 1417 4238 conditionem
1445 4187 1703 4256 gessit‘ca
1731 4201 1854 4256 (pun
1879 4193 2035 4267 ειμιιῆ

429 4274 687 4327 hominis.
719 4275 874 4340 Quod
898 4276 1150 4332 declarat
1184 4288 1237 4333 et
1266 4279 1421 4347 virgo
1446 4295 1569 4347 quae
1605 4294 1768 4348 supra
1799 4289 2010 4332 natura;

422 4367 797 4421 conditionem
832 4371 996 4438 parit,
1033 4378 1115 4424 et‘
1140 4386 1279 4439 aqua
1312 4369 1591 4423 instabilis
1648 4384 1772 4438 qua:
1805 4369 2007 4438 pedum

424 4478 490 4515 ex
528 4462 758 4516 materia
786 4474 842 4517 et
867 4473 1010 4518 terra
1042 4466 1370 4533 gravitatem
1408 4463 1649 4518 sustinet
1680 4479 1858 4533 neque
1911 4480 2004 4519 ce-

424 4555 524 4613 dit.
556 4555 647 4609 si'd
676 4555 734 4608 ~vi
757 4552 1167 4622 supernaturali
1198 4556 1319 4608 sine
1355 4554 1653 4610 dill‘usionc
1688 4556 1998 4611 subsistit},
2037 4568 2083 4625 υ

428 4635 494 4699 l-II.
524 4647 692 4700 alias:
732 4666 753 4697 «
793 4646 849 4701 Si
887 4648 1014 4716 quis
1044 4648 1164 4701 viso
1201 4648 1312 4702 Deo
1339 4648 1596 4716 cogitavit
1628 4648 1680 4702 id
1740 4651 1887 4719 quod
1926 4652 2008 4705 vi-

425 4741 524 4803 dit,
558 4754 902 4808 nequaquam
956 4740 1133 4807 ipsum
1188 4739 1347 4802 vidit,
1380 4741 1473 4793 sed
1506 4741 1713 4812 aliquid
1766 4759 1797 4798 e
1842 4745 2008 4800 rebus

426 4847 546 4898 quas
585 4834 636 4883 iu
670 4846 736 4883 co
767 4833 1042 4883 exsistunt
1071 4838 1598 4901 eteoguoscuntur;
1651 4833 1768 4902 ipse
1821 4845 2008 4889 autem

423 4939 589 4991 supra
625 4933 861 4977 mentem
879 4933 935 4977 et
961 4924 1318 4982 substantiam
1338 4941 1587 4988 mancus.
1624 4929 1750 4995 quia
1781 4929 2007 5001 ognuino

425 5031 532 5067 non
554 5016 903 5081 cognoscitur
923 5031 1099 5085 neque
1115 5017 1329 5071 exsistit
1349 5032 1517 5086 supra
1530 5018 1900 5072 substantiam
1921 5030 2011 5074 est

423 5116 474 5160 et
499 5124 663 5175 supra
699 5118 931 5163 mentem
954 5113 1351 5178 cognoscitur;
1387 5120 1439 5164 et
1478 5112 1564 5165 illa
1607 5111 2009 5180 pet-leuissima

427 5199 480 5255 in
515 5202 709 5252 bonum
760 5209 967 5268 partem
1002 5202 1269 5270 ignoratio
1301 5203 1491 5256 notitia
1522 5212 1605 5257 est
1635 5204 1756 5274 ejus
1802 5206 1894 5274 qui
1926 5215 2012 5261 est

426 5306 589 5360 Stlpra
613 5293 796 5346 omnia
826 5309 944 5362 qua:
977 5294 1032 5347 iu
1069 5295 1434 5365 cognitionem
1464 5295 1720 5350 cadunt.»

494 5385 636 5440 XIII.
678 5387 865 5458 Itaque
896 5387 1130 5456 apostoli
1160 5403 1295 5447 .cum
1344 5389 1398 5444 in
1446 5400 1634 5442 monte
1661 5388 1885 5443 Thabor
1912 5390 1997 5443 Iu—

364 5509 384 5541 \
429 5496 544 5535 rem
583 5481 727 5534 illam
764 5482 1055 5543 vid'sseut,
1092 5496 1192 5533 nec
1223 5480 1488 5534 deitatem
1538 5481 1839 5535 iuereatam
1902 5496 2003 5535 nec

431 5570 600 5626 Deum
634 5573 917 5638 viderunt,
946 5572 1042 5628 sed
1076 5571 1287 5640 aliquid
1346 5587 1539 5624 eorum
1575 5588 1696 5639 qua:
1727 5571 2002 5624 exsistunt

427 5667 482 5720 in
515 5681 582 5721 co
607 5675 663 5720 ct
693 5676 1130 5736 cognoscuntur.
1168 5663 1355 5735 Neque
1384 5679 1447 5719 ea
1479 5678 1611 5733 qua:
1632 5673 1764 5718 sunt
1818 5672 1875 5718 ct
1909 5682 2001 5719 eo-

497 5848 574 5912 (I)
610 5848 706 5901 Ἑκ
739 5850 832 5917 τῆς
867 5852 1002 5917 πρὸς
1029 5849 1189 5905 Γάϊον
1216 5850 1510 5918 extat-21%,;
1542 5852 1746 5920 τρῐτης.

2113 582 2207 634 τοῦ
2239 582 2396 650 ἁγίου
2421 581 2688 650 διχόνοιαν
2713 577 3205 648 καταψηφιζέσθω,
3234 574 3295 646 If.
3328 573 3439 628 255
3473 569 3527 643 α]
3582 572 3692 625 ἀλλ’

2114 675 2309 730 ἑαυτοῦ
2343 673 2548 746 μᾶλλον
2576 673 2895 736 άσθὲνειαν,,
2914 673 2999 727 ὅτι
3031 670 3105 738 μὴ
3139 666 3470 740 θεοπρεπῶς
3493 666 3562 719 τὰ
3580 664 3691 718 θεῖα

2113 764 2347 835 διαιρεῖν
2371 763 2621 834 δύναιτο,
2655 764 2786 833 μήθ’
2812 764 2913 816 ὅσα
2949 760 3079 831 μήθ’
3107 761 3255 821 ὅπως
3288 758 3423 827 περὶ
3447 756 3545 825 τῆς
3573 757 3693 824 ὁρα-

2116 860 2213 926 τῆς
2238 854 2340 910 θεοῦ
2377 857 2585 926 Κυρίου
2619 856 2938 925 θεοφανείας
2982 856 3032 907 oi
3071 854 3216 921 ἀγιοι
3244 849 3527 919 διαφόρως
3561 848 3692 901 ἀπε-

2116 952 2376 1019 φήναντο,
2414 952 2546 1022 μήθ’
2574 952 2676 1004 ὅσα
2710 951 2840 1019 περὶ
2877 950 2974 1017 τῆς
3001 950 3256 1001 ἀκτξστου
3290 962 3354 997 τε
3375 942 3476 997 καὶ
3517 958 3692 1012 μακα-

2118 1043 2237 1112 ρίας
2264 1043 2432 1097 αὐτοῦ
2456 1042 2965 1112 φύσεως,καθάπερ
2988 1043 3044 1093 ὲν
3070 1038 3397 1109 πολυφωνίᾳ
3423 1033 3696 1105 μουσικῶν

2115 1123 2387 1203 ὀργάνων,
2430 1137 2561 1204 μίαν
2598 1134 2691 1187 τοῦ
2742 1134 2988 1204 τεχνίτου
3031 1130 3171 1185 Θεοῦ
3219 1131 3323 1200 τὴν
3379 1128 3698 1198 ἐναρμόνιον

2113 1228 2312 1298 τέχνην
2343 1229 2436 1281 καὶ
2469 1228 2704 1297 δύναμιν
2737 1228 3069 1296 ὲμπνέοντός
3110 1242 3169 1278 τε
3220 1225 3319 1277 κοιλ⁵
3360 1220 3696 1293 ὲνηχοῦντος.

2116 1320 2346 1389 Συνήσει
2375 1319 2443 1385 δ’,
2477 1314 2653 1387 οἶμαι,
2686 1319 2780 1373 καὶ
2819 1320 2868 1371 εἰ
2916 1319 3036 1371 λίαν
3072 1318 3158 1388 εῐη
3185 1315 3403 1387 νωθρὸς
3458 1315 3551 1366 καὶ
3580 1314 3698 1384 εὐήο

2116 1407 2236 1476 θης,
2286 1409 2385 1477 τὴν
2438 1409 2668 1478 γνώμην
2717 1407 2998 1461 Διονυσίου
3051 1402 3448 1475 καθαρώτερόν
3500 1419 3561 1456 τε
3609 1404 3699 1457 καὶ

2114 1500 2392 1571 ἀποτάδην
2446 1501 2661 1554 ἀκούων
2688 1501 2978 1565 διεξιόντος
3004 1500 3165 1552 ταυτί
3199 1498 3278 1568 (I)
3301 1513 3318 1530 '
3357 1516 3376 1549 ι
3418 1496 3530 1550 Καὶ
3552 1494 3703 1549 τοῦτο

2115 1593 2224 1663 γὰρ
2276 1589 2452 1663 οἶμαι,
2501 1598 2657 1665 φησὶ,
2703 1594 2802 1664 τὴν
2870 1593 3155 1661 θεολογίαν
3202 1590 3570 1656 αἰνίττεσθαι,
3607 1588 3703 1659 τὴν

2113 1686 2223 1738 τῶν
2255 1687 2553 1757 προφητῶν
2584 1687 2808 1757 δηλαδὴ,
2841 1687 2902 1740 τὸ
2928 1689 2992 1740 ὲκ
3016 1686 3110 1740 τοῦ
3143 1687 3385 1756 κρυφίου
3415 1684 3509 1737 τὸν
3536 1684 3703 1752 ὑπερ-

2116 1776 2299 1832 ούσιον
2353 1781 2431 1842 είς
2487 1779 2588 1849 τὴν
2623 1779 2749 1833 καθ’
2792 1781 2941 1850 ἡμᾶς
2981 1779 3289 1849 ἐμφάνειαν
3336 1776 3702 1847 ἀνθρωπικῶς

2048 1849 2087 1903 Β
2115 1870 2455 1931 οὐσιωθέντα
2507 1849 2976 1943 προεληλυθέναι·
3029 1873 3265 1945 κρύφιος
3322 1870 3384 1924 δέ
3447 1873 3567 1925 ἐστι
3612 1869 3701 1923 καὶ

2036 3219 2080 3279 C

2063 4979 2078 5007 \

2117 1962 2256 2031 μετὰ
2283 1962 2386 2032 τὴν
2416 1962 2703 2031 ἔκφανσιν,
2737 1964 2770 2036 ἢ
2800 1964 2887 2018 ῐνα
2911 1965 2975 2018 τὸ
3018 1964 3293 2034 θειότερον
3326 1965 3490 2027 εἴπω,
3523 1964 3616 2016 καὶ
3646 1963 3703 2013 ὲν

2110 2056 2179 2124 τῇ
2212 2055 2507 2123 ἑκφάνσεν
2542 2057 2638 2110 καὶ
2678 2056 2838 2112 τοῦτο
2876 2060 2988 2126 γὰρ
3029 2059 3124 2112 τοῦ
3159 2058 3338 2129 Ἰησοῦ
3371 2057 3697 2124 κέκρυπται,

2115 2148 2212 2201 καὶ
2247 2148 2426 2201 οὐδενὶ
2477 2148 2624 2219 λόγῳ
2678 2148 2802 2205 οὔτε
2852 2150 2927 2220 νῷ
2975 2151 3036 2203 τὸ
3090 2149 3214 2204 κατ’
3252 2150 3425 2204 αὐτὸν
3475 2149 3699 2220 term“

2117 2241 2445 2310 μυστήριον,
2479 2242 2617 2323 ἀλλά
2652 2244 2749 2297 καὶ
2797 2243 3094 2315 λεγόμενον
3132 2244 3383 2316 ἄρρητον
3428 2242 3582 2314 μένει
3607 2243 3699 2296 καὶ

2114 2333 2405 2402 νοούμενον
2452 2335 2784 2402 ἄγνωστον.»
2812 2337 2924 2389 Καὶ
2977 2336 3098 2405 μετ’
3146 2337 3335 2405 ὀλίγα,
3374 2355 3394 2389 ι
3432 2337 3547 2391 Καὶ
3570 2336 3694 2404 γὰρ,

2113 2422 2205 2474 ἵνα
2235 2424 2549 2487 συνελόντες
2582 2425 2852 2493 εἴπωμεν,
2891 2427 3014 2479 οὐδὲ
3046 2428 3341 2498 ἄνθρωπος
3373 2424 3466 2498 ἦν,
3502 2428 3599 2495 οὐχ
3624 2427 3695 2488 ὡς

2117 2514 2192 2585 μὴ
2219 2514 2528 2585 ἄνθρωπος,
2562 2517 2678 2570 ἀλλ’
2708 2518 2783 2581 ὼς
2814 2521 2874 2584 ἐξ
2906 2521 3210 2590 ἀνθρώπων
3240 2520 3554 2591 ἀνθρώπιον
3582 2521 3699 2573 ἐπέ·

2113 2624 2269 2660 κεινα
2302 2613 2395 2661 καὶ
2442 2611 2581 2680 ὑπὲρ
2631 2612 2923 2680 ἄνθρωπον
2957 2614 3247 2681 ἄνθρωπος
3286 2614 3508 2683 ἀληθῶς
3539 2630 3695 2681 γεγο⁴

2114 2699 2240 2764 νὼς,
2270 2703 2364 2755 καὶ
2390 2702 2451 2754 τὸ
2483 2702 2668 2757 λοιπον
2694 2706 2753 2757 οὐ
2789 2706 2931 2758 κατά
2957 2706 3091 2759 Θείαν
3132 2708 3198 2760 τὰ
3225 2706 3347 2760 θεῖα
3377 2707 3604 2777 δράσας,
3634 2707 3692 2758 οὐ

2113 2792 2256 2844 κατὰ
2306 2793 2596 2864 ἄνθρωπον
2650 2797 2720 2849 τά
2770 2797 3110 2868 ἀνθρώπινα,
3160 2800 3277 2853 ἀλλ’
3330 2798 3687 2870 ἀνδρωθέντος

2112 2884 2249 2938 Θεοῦ
2303 2888 2502 2957 καινήν
2551 2906 2673 2943 τινα
2717 2891 2818 2960 τὴν
2867 2890 3191 2962 θεανδρικὴν
3233 2893 3520 2963 ἐνέργειαν
3567 2891 3690 2960 ἡμῖν

2115 2979 2602 3050 πεπολιτευμένος.
2640 3000 2659 3034 ι
2696 2984 2807 3035 Καὶ
2854 2984 3039 3049 πάλιν,
3068 3003 3087 3036 ι
3130 2984 3220 3038 Ἐν
3269 2988 3456 3053 τούτῳ
3491 2986 3689 3050 γίνεται

2115 3070 2224 3131 πᾶς
2251 3070 2280 3121 ὁ
2308 3068 2443 3121 Θεὸν
2491 3070 2698 3137 γνῶναι
2730 3071 2825 3124 καὶ
2879 3071 3008 3124 ίδείν
3059 3071 3411 3142 ἀξιούμενος,
3443 3071 3592 3142 αὐτῷ
3621 3070 3691 3139 τῷ

2117 3161 2192 3231 μὴ
2225 3162 2360 3231 όρᾲν
2394 3161 2529 3231 μηδὲ
2555 3162 2851 3231 γινώσκειν
2885 3164 3105 3233 ἀληθῶς
3137 3165 3197 3217 ὲν
3225 3165 3307 3235 τῷ
3342 3167 3485 3237 ὑπὲρ
3514 3168 3691 3235 ὅρασιν

2113 3255 2208 3307 καὶ
2230 3255 2434 3323 γνῶσιν
2461 3255 2772 3324 γινόμενος.
2810 3275 2830 3310 ι
2873 3256 3071 3326 Ὁρᾶτε
3101 3256 3198 3330 τὴν
3240 3258 3571 3329 συμφωνίαν
3592 3254 3689 3313 τῶν

2109 3346 2450 3403 διδασκάλων
2478 3349 2579 3419 τῆς
2607 3349 2893 3412 εὐσεϐείας
2923 3368 2936 3415 ;
2975 3352 3080 3404 Ἦν
3112 3350 3221 3420 γὰρ
3250 3351 3470 3414 Παῦλος
3499 3352 3690 3419 ἔφησεν

2110 3443 2301 3509 ὅρασιν
2332 3443 2390 3493 ἐν
2417 3441 2704 3510 αἰνίγματι
2732 3442 2827 3495 νῦν
2860 3442 2929 3495 δι’
2957 3444 3251 3513 ἐσόπτρου,
3290 3446 3355 3498 ὲν
3385 3445 3443 3498 δὲ
3469 3446 3545 3512 τῷ
3575 3443 3692 3514 μέλ-

2108 3528 2257 3581 λοντι
2314 3529 2608 3599 πρόσωπον
2656 3529 2796 3599 πρὸς
2851 3533 3168 3597 πρόσωπον,
3217 3533 3319 3585 καὶ
3365 3535 3504 3603 ὅπερ
3542 3532 3691 3592 αὖθις

2124 3620 2398 3688 Ἰωάννης,
2430 3619 2585 3675 οὔπω
2620 3622 3048 3692 πεφανερῶσθαι
3077 3625 3169 3677 τὸν
3204 3624 3427 3696 Κύριον.
3455 3627 3604 3695 ἡμῖν,
3630 3622 3686 3695 [Γ.

2109 3714 2216 3768 255
2249 3711 2300 3784 ὸ]
2334 3715 2677 3784 ὀφθήσεσθαι
2732 3714 2777 3766 δ’
2806 3715 2887 3775 εἰς
2919 3718 2980 3766 τὸ
3018 3715 3210 3784 μέλλον
3246 3718 3609 3788 ἀποθεμένοις
3636 3714 3690 3767 τὸ

2108 3806 2209 3874 τῆς
2242 3805 2449 3875 σαρκὸς
2480 3805 2743 3875 φθαρτὸν,
2774 3808 2927 3869 ταῦθ’
2953 3808 3109 3871 οὗτος
3140 3809 3510 3881 ἀνθρωπικῶς
3536 3826 3688 3878 φησιν

2108 3899 2444 3953 οὐσιωθέντα
2489 3902 2582 3953 τὸν
2612 3900 2845 3969 ’Κύριον
2899 3901 3134 3972 κρύφιον
3191 3898 3337 3959 εἶναι
3388 3906 3479 3959 καὶ
3527 3907 3582 3956 εν
3624 3903 3685 3970 τῇ

2108 3988 2369 4056 ὲκφάνσει
2399 3991 2493 4043 καὶ
2517 3990 2660 4060 μετὰ
2688 3992 2786 4062 τὴν
2819 3992 3105 4061 ἑκφανσιν,
3160 3994 3258 4047 καὶ
3291 3996 3354 4048 τὸ
3398 3994 3521 4050 κατ’
3535 3992 3687 4049 αὐτὸν

2113 4083 2416 4153 μυστήριον
2449 4083 2633 4153 μένειν
2672 4083 2971 4155 λεγόμενον
2999 4070 3240 4158 άρῥητον
3277 4090 3375 4142 καὶ
3406 4089 3687 4157 νοούμενον

2109 4174 2408 4244 ἄγνωστον.
2464 4177 2678 4246 Καινὴν
2710 4178 2834 4249 ,γάρ
2870 4186 2991 4233 τινα
3035 4181 3133 4251 τὴν
3186 4181 3512 4253 θεανδρικὴν
3547 4179 3687 4247 ἐνέρ-

2109 4285 2269 4336 γειαν
2319 4272 2450 4339 ἡμῖν
2508 4271 2673 4323 αὐτὸν
2732 4271 3158 4328 πεπολιτεῦσθαί
3208 4293 3365 4345 φησι,
3420 4274 3515 4329 καὶ
3552 4272 3686 4339 ὑπὲρ

2109 4361 2398 4430 ἄνθρωπον
2450 4365 2817 4434 ἐνηργηκέναι
2854 4366 2927 4420 τὰ
2985 4367 3305 4439 ἀνθρώπινα
3334 4387 3349 4400 ·
3402 4371 3494 4423 καὶ
3541 4366 3686 4435 δηλοῖ

2110 4452 2401 4521 παρθένος,
2431 4454 2620 4523 φησιν,
2649 4454 2947 4526 ὑπερφυῶς
2974 4457 3204 4521 κύουσα,
3235 4460 3330 4512 καὶ
3360 4458 3503 4528 ὕδωρ
3526 4457 3685 4510 ἄστα-

2109 4559 2201 4595 τον
2233 4544 2437 4597 ὑλικῶν
2465 4544 2559 4596 καὶ
2592 4545 2809 4614 γεηρῶν
2847 4546 3025 4599 ποδῶν
3062 4546 3258 4616 ἀνέχον
3297 4546 3465 4618 βάρος
3494 4545 3584 4598 καὶ
3613 4538 3683 4612 μὴ

2109 4637 2359 4698 ὑπεῖκον,
2396 4636 2516 4689 ἀλλ’
2549 4638 2826 4707 ὑπερφυεῖ
2858 4628 3089 4708 δυνάμει
3137 4639 3277 4711 πρὸς
3320 4640 3382 4693 τὸ
3408 4638 3683 4707 ἀδιάχυτον

2111 4728 2531 4799 συνιστάμενον.
2551 4748 2570 4781 ι
2604 4729 2713 4784 Καὶ
2742 4731 2929 4797 πάλιν,
2954 4751 2972 4783 ι
3004 4731 3074 4786 Et
3096 4749 3182 4796 τις
3201 4731 3330 4787 ίδὼν
3360 4731 3492 4785 Θεὸν
3532 4726 3685 4793 συνῆτ

2108 4839 2205 4875 κεν
2234 4822 2262 4875 ό
2287 4817 2450 4887 εἶδεν,
2482 4822 2586 4876 οὐκ
2614 4823 2780 4876 αὐτὸν
2824 4824 3097 4894 ἑώρακεν,
3129 4825 3269 4879 ἀλλά
3298 4844 3350 4879 τι
3387 4825 3495 4878 τῶν
3522 4816 3680 4874 αὑτοῦ

2109 4916 2218 4969 τῶν
2245 4915 2415 4969 ὄντων
2459 4917 2555 4968 καὶ
2604 4919 3027 4987 γινωσκομένων
3047 4935 3062 4948 ·
3098 4918 3265 4981 αὐτὸς
3294 4919 3353 4973 δὲ
3396 4916 3532 4984 ὑπὲρ
3556 4909 3678 4965 νοῦν

2109 5012 2207 5065 καὶ
2224 5013 2416 5064 οὐσίαν
2434 5011 2870 5081 ὑπεριδρυμενος
2886 5011 3038 5081 αὐτῷ
3054 5013 3130 5082 τῷ
3162 5014 3390 5067 καθόλου
3425 5012 3497 5081 μὴ
3516 5003 3671 5077 γινὼ-

2112 5104 2340 5159 σκεσθαι
2366 5105 2489 5174 μηδ’
2513 5101 2654 5158 εἶναι
2671 5105 2762 5157 καὶ
2779 5105 2873 5158 ἔστ
2882 5123 2928 5158 ιν
2944 5107 3045 5158 ὑπε
3055 5111 3285 5176 ρουσίως
3303 5109 3392 5160 καὶ
3412 5103 3546 5171 ὑπὲρ
3562 5094 3677 5152 νοῦν

2110 5198 2443 5266 γινώσκεται
2466 5214 2482 5231 ο
2529 5199 2624 5250 καὶ
2667 5200 2697 5267 ἡ
2740 5199 2884 5252 κατὰ
2908 5199 2970 5259 τὸ
2996 5201 3249 5268 κρεῖττον
3284 5195 3549 5262 παντελὴς
3581 5190 3676 5254 ἀγ·

2113 5291 2283 5345 νωσία
2311 5289 2508 5354 γνῶσίς
2537 5291 2653 5342 ἐστι
2675 5288 2767 5342 τοῦ
2792 5290 2931 5361 ὑπὲρ
2954 5291 3133 5344 πάντα
3158 5291 3227 5344 τὰ
3259 5288 3670 5357 γινωσκόμενα.»

2176 5385 2275 5438 ΙΓ”.
2305 5384 2469 5436 Ὥστε
2500 5385 2597 5437 καὶ
2645 5385 2696 5436 οἱ
2728 5384 3016 5437 ἀπόστολοι
3063 5383 3141 5454 τῷ
3184 5385 3244 5437 ἐν
3293 5383 3372 5451 τῷ
3422 5375 3675 5444 Θαῦωρίφ

2110 5475 2332 5545 λάμψειν
2399 5459 2522 5529 Et:
2589 5475 2918 5548 θεασάμενοι
2954 5477 3073 5545 φῶς
3122 5476 3246 5530 οὗτε
3279 5477 3507 5543 θεότητα
3543 5464 3673 5520 εἶδον

2111 5574 2365 5625 ἇκτιστον
2407 5570 2530 5623 οὔτε
2579 5572 2732 5628 Θεὸν.
2771 5571 2906 5625 ἀλλά
2944 5588 2994 5625 τι
3029 5572 3137 5623 τιίν
3167 5571 3338 5624 ὄντων
3394 5568 3484 5621 καὶ
3519 5576 3669 5631 γινω-

2114 5663 2414 5732 σκομέων.
2452 5666 2621 5718 Ὄντα
2640 5665 2696 5718 δὲ
2726 5665 2819 5718 καὶ
2842 5665 3221 5735 γινωσκόμενα
3256 5665 3487 5723 πάντως.
3515 5656 3559 5708 εἶ
3597 5650 3668 5721 μὴ
