4016 6456
1891 202 1925 223 Ι

379 378 483 439 355

1322 360 1770 442 BYZANTIN/E
1810 373 2202 444 HISTORIA!
2226 364 2398 435 'LIB.
2442 372 2731 436 XXXIII.

3540 379 3649 443 356

382 487 574 558 μεθῦοι
616 504 722 553 τις,
757 487 857 541 οὐκ
884 487 990 554 ἔξω
1030 489 1139 544 τῶν
1182 491 1498 561 κτισμάτων
1526 485 1669 545 εῖναι
1696 486 1959 558 λογίσαιτ’

2066 487 2257 555 gnosci
2312 496 2546 557 possunt
2589 486 2839 552 omnino,
2867 485 2973 542 nisi
3006 486 3131 556 quis
3168 486 3340 545 hebes
3365 489 3460 555 sit,
3488 500 3644 548 extra

377 579 445 633 ἄν
478 596 634 644 ποτε,
668 577 827 633 τοῦτο
874 581 974 650 μιν
1023 581 1119 634 καὶ
1167 581 1245 645 ὠς
1278 583 1662 653 πληθυντικῶς
1690 578 1963 649 λεγόμενα

379 672 462 743 (ἓν
490 672 598 742 γὰρ
633 674 662 725 ό
704 671 835 734 Θεὸς
875 675 969 725 καὶ
1014 673 1156 742 ὑπὲρ
1186 675 1253 728 τὰ
1294 674 1466 768 bna),
1497 673 1655 727 τοῦτο
1680 673 1737 727 δὲ
1765 672 1862 724 καὶ
1886 670 1961 734 ὡς

377 765 780 833 γινωσκόμεναο
814 765 844 818 ὃ
878 766 1079 835 μᾶλλον
1117 768 1198 830 εἰς
1234 769 1293 820 τὸ
1325 765 1611 837 χαμῖερπὶς
1644 766 1742 818 καὶ
1767 781 1959 816 ταπει-

379 857 471 912 νὸν
509 858 737 925 κατάγει
771 860 872 928 τὴν
909 860 1136 913 ἔννοιανο
1171 863 1266 913 καὶ
1311 861 1533 929 ἄγγελοι
1569 860 1666 930 μὲν
1698 857 1805 928 γὰρ
1833 857 1965 910 ὄντα

382 949 486 1019 μὲν
516 948 607 1004 καὶ
655 950 932 1021 κτίσματά
982 955 1138 1018 εἰσιν,
1194 954 1256 1006 ού
1301 953 1411 1005 τῶν
1457 955 1878 1022 γινωσκομένων
1915 949 1961 1003 δ’

377 1040 499 1107 οὖν,
535 1042 630 1095 ἆτε
664 1042 1071 1115 ὑπερκειμένης
1117 1047 1304 1108 οὐσίας
1352 1046 1504 1108 ὄντες
1558 1046 1589 1113 ἦ
1633 1043 1755 1099 καθ’
1790 1044 1977 1112 ἡμεῖςν

381 1133 548 1188 Ὠστε
588 1136 683 1188 καὶ
711 1138 760 1207 εἰ
792 1137 850 1188 τὸ
881 1138 996 1204 φῶς
1025 1140 1201 1215 ἐκεῖνο
1242 1140 1352 1192 τῶν
1375 1140 1547 1191 ὄντων
1578 1134 1646 1209 ἦν
1675 1139 1765 1191 καὶ
1799 1154 1962 1204 γινω-

382 1226 668 1296 σκομένων
711 1228 808 1282 καὶ
852 1229 1084 1300 ὁρατῶν,
1138 1232 1240 1283 οὐκ
1288 1232 1420 1284 αὐτὸ
1478 1230 1670 1298 θεότης
1700 1230 1957 1292 ἄκτιστος

377 1316 467 1391 ἦν’
500 1319 693 1389 θεότης
719 1324 829 1391 γὰρ
873 1322 1173 1393 ἀπείρηται
1207 1323 1563 1377 παντάπασιν
1595 1321 1827 1390 ὁρᾶσθαι
1861 1321 1959 1373 καὶ

379 1412 785 1481 ἀπηγόρευται·
822 1412 851 1466 δ
884 1414 992 1484 γὰρ
1042 1414 1182 1484 ὑπὲρ
1215 1415 1343 1467 νοῦν
1387 1414 1486 1466 καὶ
1523 1412 1714 1467 οὐσίαν
1763 1413 1959 1481 ὑπερί-

375 1504 613 1574 δρυται,’
644 1505 762 1570 πῶς
814 1506 1117 1579 ὀφθαλμοῖς
1172 1507 1530 1579 ὑποπεσεῖται
1584 1506 1955 1573 σωματικοίς;

380 1600 452 1650 ἸΙ
487 1598 603 1660 πῶς
642 1597 743 1651 καὶ
789 1598 919 1669 ποίᾳ
947 1598 1161 1669 γλώττῃ
1189 1598 1388 1665 γένοιτ’
1422 1596 1487 1650 ἄν
1520 1614 1645 1649 ποτε
1694 1595 1878 1666 ῥητὸν,
1924 1595 1955 1665 ἦ

380 1692 567 1753 ποίαις
606 1693 794 1756 ἀκοαῖς
824 1691 1110 1752 ἀκουστὴν,
1145 1686 1208 1744 οὗ
1239 1690 1438 1759 γνῶσίς
1471 1692 1620 1743 ἐστιν
1650 1691 1684 1760 ἠ
1714 1690 1853 1742 κατά
1897 1690 1958 1741 τὸ

380 1787 628 1853 κρεῖττον
677 1783 951 1853 παντελὴς
995 1784 1244 1850 ἀγνωσία
1283 1782 1347 1856 [ί.
1380 1785 1487 1839 2⁸54
1537 1782 1593 1855 a]
1625 1784 1721 1836 καὶ
1754 1782 1782 1835 ὃ
1817 1783 1957 1851 ὑπὲρ

2066 589 2352 635 creaturas
2422 594 2544 634 esse
2606 578 2917 649 iudicabit,
2976 581 3182 650 quippe
3254 596 3377 651 qua:
3441 582 3647 652 plurali

2075 686 2313 725 numero
2345 672 2735 740 proferantur;
2763 687 2933 727 unum
2966 672 3114 726 enim
3141 673 3285 727 Deus
3305 681 3360 726 et
3392 689 3555 743 supra
3582 689 3649 729 ea
3734 706 3739 710 -

2056 770 2208 832 ‘quce
2242 773 2400 825 sunt;
2426 763 2544 817 hac
2573 773 2757 816 autem
2781 763 2929 818 sicut
2961 763 3377 833 cognoscibilia,
3422 779 3545 833 quae
3578 765 3649 818 ad

2066 855 2292 924 vulgare
2319 865 2375 909 et
2408 855 2614 909 humile
2646 866 2887 910 mentem
2917 855 3147 909 ducunt.
3195 855 3386 925 Angeli
3426 870 3651 926 quoque

2065 956 2195 1000 sunt
2228 947 2554 1003 essentiales
2589 957 2647 1002 et
2685 958 2977 1012 creatum,
3010 946 3174 1019 435
3202 961 3313 1001 non
3344 955 3528 1001 autem
3551 961 3650 1001 co-

2063 1039 2421 1109 gnoscibiles,
2458 1039 2665 1110 quippe
2712 1042 2807 1110 qui
2860 1041 3158 1095 essentiam
3202 1040 3437 1094 habeant
3485 1038 3651 1092 altio—

2064 1145 2182 1184 rem
2217 1145 2383 1198 quam
2414 1146 2538 1200 quae
2570 1130 2733 1185 nobis
2758 1142 2863 1187 est.
2894 1132 3083 1200 Itaque
3115 1132 3159 1186 si
3208 1131 3302 1186 lux
3342 1131 3432 1186 illa
3460 1146 3528 1185 ex
3563 1145 3652 1185 es-

2064 1223 2396 1277 sentialibns
2424 1232 2480 1278 et
2537 1208 3010 1294 cognoscibilibus
3040 1234 3096 1279 et
3143 1224 3461 1279 visibilibus
3505 1232 3651 1288 erat,

2064 1329 2174 1367 non
2205 1330 2268 1368 ea
2298 1325 2422 1368 erat
2451 1315 2633 1369 deitas
2665 1317 2907 1370 increata
2934 1332 2947 1379 ;
2991 1316 3255 1371 deitatem
3289 1319 3518 1369 omnino
3566 1317 3649 1370 vi-

2074 1405 2240 1459 dendi
2283 1419 2528 1475 petcstas
2562 1416 2619 1461 et
2650 1408 2809 1467 copia
2846 1408 2973 1462 data
3006 1422 3117 1461 non
3152 1417 3258 1461 est.
3309 1408 3466 1473 Quod
3501 1406 3651 1460 enim

2065 1506 2151 1550 est
2174 1512 2339 1566 supra
2375 1508 2614 1552 mentem
2644 1507 2700 1553 et
2722 1498 3017 1553 esscmiam
3046 1501 3210 1553 situm
3243 1507 3346 1560 est,
3371 1498 3652 1568 quomodo

2064 1592 2169 1643 sub
2203 1591 2397 1644 oculos
2424 1591 2587 1645 cadat
2614 1607 2922 1660 corporeos
2950 1631 2964 1656 ,
3009 1593 3091 1646 vel
3123 1591 3403 1661 quomodo
3449 1600 3509 1645 et
3542 1606 3653 1659 qua

2062 1682 2250 1751 lingua
2293 1683 2468 1752 possit
2498 1701 2741 1761 unqua'm
2772 1686 3032 1753 exprimi,
3064 1687 3150 1739 vel
3182 1685 3386 1754 quibus
3420 1686 3652 1739 auribus

2062 1774 2298 1843 percipi,
2336 1774 2497 1843 cujus
2546 1775 2789 1843 agnitio
2829 1785 2909 1828 est
2946 1777 3146 1828 smnmi
3204 1775 3451 1829 numinis
3491 1779 3653 1829 abso-

376 1879 558 1931 πάντα
604 1878 722 1930 ἐστὶ
755 1877 823 1930 τὰ
862 1878 1280 1947 γινωσκόμενας
1338 1879 1432 1930 Ἐκ
1473 1877 1581 1944 γὰρ
1629 1876 1739 1928 τῶν
1799 1893 1959 1940 γινω-

2065 1864 2177 1918 luta
2210 1865 2514 1933 incognitio
2538 1905 2553 1929 ,
2614 1868 2876 1934 quodque
2929 1881 3097 1934 supra
3143 1866 3330 1919 omnia
3364 1868 3655 1935 cognosci-

378 1969 661 2038 σκομένων
697 1968 921 2022 δύναταί
968 1987 1085 2033 πως
1137 1972 1232 2023 καὶ
1286 1971 1355 2023 τὰ
1386 1957 1554 2040 ’ὑπὲρ
1585 1968 1709 2022 νοῦν
1754 1968 1849 2020 καὶ
1881 1968 1961 2019 αῖ-

378 2061 575 2132 σθησιν
610 2062 869 2125 νοεῖσθαι,
906 2063 1074 2132 ἄλλης
1112 2064 1170 2130 ἐξ
1224 2062 1389 2116 ἄλλου
1442 2061 1743 2130 φαντασίας
1776 2059 1959 2113 συλλε-

379 2155 624 2224 γομένης
679 2157 757 2216 εἰς
814 2155 873 2208 ἓν
922 2174 971 2208 τι
1013 2157 1114 2223 τῆς
1144 2155 1404 2224 ἀληθείας
1457 2154 1708 2223 ἴνδαλμα.
1747 2152 1957 2214 Ἀλλως

378 2245 425 2297 δ’
460 2247 558 2299 ούκ
595 2247 661 2300 ἂν
697 2248 911 2318 ,δήπου.
955 2248 1110 2301 Ὥσθ⁹
1161 2247 1502 2317 ὁποτέρωθεν
1556 2246 1622 2301 ἀν
1676 2263 1756 2305 τις
1810 2242 1959 2314 ὁρῴη

381 2323 775 2408 σκεπτόμενος,
813 2339 955 2410 ὑπὲρ
1006 2338 1107 2410 τὴν
1155 2339 1509 2409 ἀνθρωπίνην
1562 2337 1787 2407 εὑρήσει
1819 2338 1958 2390 θεω-

383 2426 508 2499 ρίαν
530 2429 631 2498 τὴν
661 2429 751 2511 δια
797 2429 890 2482 τοῦ
944 2431 1211 2498 φανέντος
1262 2430 1478 2483 ἐκείνου
1535 2428 1717 2497 φωτὸς
1775 2445 1960 2498 παρα-

375 2516 688 2586 δειχθεῖσαν
727 2517 1079 2588 συμϐολικῶς
1105 2534 1164 2570 τε
1186 2519 1284 2571 καὶ
1314 2517 1562 2578 τυπικῶς
1595 2516 1845 2586 θεότητα.
1882 2517 1957 2570 υύ

383 2610 494 2680 γὰρ
532 2611 826 2680 στοχασμῴ
859 2611 957 2663 καὶ
976 2612 1195 2682 εἰκασίᾳ
1221 2611 1331 2664 τινὶ
1352 2612 1637 2680 φάσκομεν
1663 2610 1733 2663 τὰ.
1754 2610 1957 2675 τοιάδε,

378 2703 472 2756 ἵνα
525 2720 667 2765 πως.
695 2703 791 2755 καὶ
830 2704 1190 2774 ἁπιστὼμεθα
1212 2719 1226 2735 ⁶
1259 2703 1376 2756 ἀλλ’
1415 2706 1443 2757 ὁ
1489 2703 1902 2773 Εὑαγγελιστὴς
1931 2703 1960 2753 ὁ

376 2793 478 2864 τὴν
518 2793 667 2846 θείαν
711 2794 928 2865 ἐκείνην
968 2793 1326 2865 διηγούμενος
1376 2794 1832 2864 μεταμόρφωσιν,
1865 2793 1961 2847 αὐ·-

386 2887 478 2950 τδς
513 2887 718 2948 ἐκεῖνός
770 2903 907 2958 φησι
950 2887 1027 2959 μὴ
1061 2888 1259 2941 εἰδέναι
1315 2888 1407 2941 τὸν
1456 2889 1662 2959 Πέτρον
1707 2887 1744 2942 ἆ
1786 2888 1957 2956 λέγει,

366 2973 481 3026 ’ἆτε
530 2974 675 3044 ὑπὲρ
701 2974 799 3045 τὴν
834 2976 1048 3031 ἐκείνου
1098 2975 1301 3043 γνῶσιν
1334 2975 1653 3045 ὑπάρχοντα
1681 2976 1778 3028 καὶ
1820 2975 1960 3027 αὐτὰ

380 3065 451 3117 τὰ
479 3064 579 3132 τῆς
612 3069 931 3134 ὲκφάνσεως
962 3067 1056 3119 τοῦ
1098 3068 1798 3139 μεταμορφουμένουρτέως
1823 3068 1961 3136 Χρι-

381 3155 532 3209 στοῦ.
576 3155 824 3227 Κρύφιον
855 3156 962 3225 γάρ
1001 3173 1140 3226 φησι
1177 3156 1453 3221 Διονύσιος
1491 3156 1657 3211 αὑτὸν
1698 3160 1791 3210 καὶ
1821 3157 1961 3227 μετά

379 3246 480 3315 τὴν
507 3245 765 3315 ἔκφανσιν
810 3241 975 3313 εἶναι,
1010 3247 1043 3315 ἢ
1078 3245 1165 3299 ἶνα
1199 3247 1258 3300 τδ
1303 3246 1575 3317 θειότερον
1606 3246 1773 3311 εἴπω,
1803 3247 1957 3318 φησὶ,

379 3337 478 3390 καὶ
521 3340 579 3390 ἐν
626 3339 692 3407 τῇ
739 3337 1024 3403 ἐκφάνσει·
1058 3337 1155 3390 καὶ
1194 3339 1354 3389 τοῦτο
1384 3338 1493 3405 γὰρ
1525 3336 1618 3390 τοῦ
1648 3336 1826 3407 ἰησοῦ
1870 3338 1961 3390 κέ-

376 3446 626 3500 κρυπται
672 3432 768 3484 καλ⁵
815 3428 1107 3497 λεγόμενον
1146 3428 1388 3500 ἄρρητον
1419 3433 1573 3499 μένει
1601 3430 1698 3481 καὶ
1728 3428 1958 3498 νοούμ-

379 3537 471 3573 νον
502 3520 801 3586 ἄγνωστονο
847 3518 875 3571 ὃ
921 3519 976 3573 δὲ
1013 3515 1113 3571 καὶ
1153 3518 1416 3586 ἀγγέλοις
1469 3517 1622 3588 μένει
1670 3519 1766 3570 καὶ
1807 3515 1959 3569 νοούο

381 3629 545 3682 μενον
595 3615 910 3682 ἄγνωστον,
961 3611 1082 3675 πῶς
1147 3611 1459 3683 ἀνθρώποις
1521 3610 1800 3679 γνωσθείη
1853 3610 1956 3677 ἀνς

382 3707 591 3770 Ἄλλως
645 3724 704 3760 τε
742 3690 891 3760 καὶὸ
936 3704 1048 3757 τῶν
1087 3704 1445 3773 Εὑαγγελίων
1501 3704 1773 3772 ἐξηγητὴς
1807 3701 1957 3773 Χρυ-

381 3803 678 3873 σορῤήμων
723 3802 940 3864 ἀτελεῖς
990 3799 1067 3852 ἐτ’
1117 3797 1258 3853 εἶναι
1305 3799 1427 3850 τότε
1471 3798 1674 3866 φάσκει
1707 3798 1813 3858 καὶι
1832 3797 1957 3859 τοὺς

380 3894 740 3960 ἀποστόλους,
798 3894 895 3946 καί
941 3892 1095 3946 οὔπω
1144 3891 1254 3944 τῶν
1310 3890 1570 3944 τοιούτων
1616 3891 1957 3958 ἐφικνεῖσθαι

386 3985 693 4055 ἰσχύοντας,
724 3985 837 4038 οὐδ’
879 3986 942 4037 ἐκ
976 3984 1084 4037 τῶν
1137 3984 1482 4053 φαινομένων
1522 3981 1558 4036 ἃ
1618 3982 1695 4051 μὴ
1747 3983 1958 4049 πέφυκε

380 4075 665 4145 φαίνεσθαι
702 4076 942 4144 βλέπειν.
985 4074 1198 4144 Ὥσπερ
1231 4073 1323 4127 οὖν
1370 4073 1481 4126 οὐδ’
1509 4074 1568 4126 αἰ
1616 4074 1756 4141 μετὰ
1787 4070 1960 4125 ταῦτα

380 4170 627 4240 ὀφθεῖσαι
665 4169 798 4222 ὡσεὶ
844 4170 1020 4237 πυρὶς
1063 4152 1516 4237 διαμεριζόμ;ναι
1564 4164 1808 4234 γλῶσσαι
1858 4164 1959 4216 ούκ

380 4258 521 4332 ἦσαν
542 4262 779 4315 ἀκτιστα
808 4259 1123 4329 πνεύματα,
1166 4259 1304 4310 ἀλλὰ
1353 4258 1414 4312 τὸ
1448 4257 1518 4311 δι’
1557 4258 1739 4310 αὐτῶν
1780 4273 1959 4325 παρα-

378 4352 727 4422 δεικνύμενον
778 4350 835 4405 ἓν
879 4352 1140 4406 ἄκτιστον
1170 4349 1396 4419 Πνεῦμα
1428 4349 1606 4417 ἅγιον·
1635 4349 1810 4411 οὕτως
1849 4348 1959 4403 οὐδ’

381 4449 557 4502 ἀκεῖνο
605 4446 666 4497 τὸ
710 4444 878 4513 φανὲν
930 4441 1045 4512 φῶς
1077 4445 1137 4496 ὲν
1165 4441 1367 4511 Θλϐὼρ
1402 4443 1658 4495 ἄκτιστον
1704 4437 1792 4512 ἦν,
1844 4439 1959 4493 ἀλλ’

2062 1957 2192 2011 bllia
2221 1965 2307 2012 est
2338 1958 2359 2011 ‘1
2393 1956 2603 2012 Etenim
2638 1973 2705 2011 ex
2736 1957 3203 2025 cegnnscibilibus
3246 1967 3476 2024 possunt
3505 1973 3650 2025 quo-

2067 2049 2369 2104 dammodo
2400 2050 2563 2108 etiam
2597 2064 2660 2104 ea
2690 2066 2814 2118 qua:
2850 2064 3017 2118 supra
3050 2059 3298 2103 mentem
3331 2058 3389 2102 et
3426 2064 3651 2103 sensum

2061 2149 2192 2195 sunt
2223 2142 2478 2211 intelligi,
2498 2141 2605 2195 alia
2625 2158 2693 2196 ex
2716 2142 2821 2195 alia
2844 2141 3176 2210 cogitatione
3200 2140 3364 2195 ducta
3388 2141 3455 2195 ad
3482 2156 3651 2194 unam

2060 2235 2310 2289 veritatis
2340 2234 2658 2304 imaginem.
2678 2232 2790 2288 Nec
2811 2250 2942 2288 vero
2974 2233 3047 2287 de
3072 2234 3500 2303 quibuscunqne
3526 2233 3654 2303 quis

2069 2330 2177 2382 erit
2206 2327 2546 2395 speculatus.
2580 2341 2750 2396 supra
2782 2327 3080 2380 humanam
3114 2326 3652 2395 contemplationem

2063 2419 2308 2475 inveniet
2333 2419 2566 2474 luceilia
2595 2427 2852 2487 tanquam
2885 2418 3136 2486 symbolo
3155 2418 3392 2488 quodam
3425 2427 3483 2470 et
3516 2418 3655 2472 ima-

2062 2508 2189 2578 gitte
2226 2509 2631 2564 manilestatam
2671 2509 2954 2563 deitatem.
2993 2508 3149 2574 Quod
3188 2524 3298 2563 non
3333 2510 3654 2579 conjectura

2063 2601 2301 2673 quadam
2346 2612 2400 2657 et
2430 2600 2920 2657 verisimilitudine
2958 2600 3261 2670 loquimur,
3289 2600 3363 2655 ita
3397 2610 3455 2654 ut
3492 2602 3657 2656 ﬁdem

2061 2702 2308 2748 nostram
2333 2693 2691 2756 amittamus;
2720 2692 2818 2748 sed
2852 2691 3200 2762 Evangelista
3253 2691 3348 2761 qui
3411 2693 3656 2747 divinam

2063 2785 2214 2839 illam
2260 2784 2807 2855 transﬁgurationem
2868 2784 3297 2853 interpretatur,
3345 2784 3463 2853 ipse
3517 2784 3658 2839 dicit

2062 2875 2285 2931 Petrum
2317 2878 2532 2932 nescire
2561 2892 2685 2946 qua:
2713 2877 2883 2945 dicat,
2936 2878 3084 2947 quod
3154 2879 3304 2935 illius
3336 2878 3656 2949 intelligen-

2064 2968 2195 3021 tiam
2226 2967 2503 3023 excedant
2536 2970 2653 3037 ipsa
2689 2969 2783 3024 illa
2812 2985 2934 3039 quae
2963 2969 3019 3023 in
3057 2969 3428 3039 transﬁgurati
3450 2968 3655 3025 Christi

2066 3056 2517 3119 manilestatiune
2557 3058 2783 3113 ﬁebant.
2825 3079 2843 3111 ι
2886 3059 3172 3123 Οοοιιιιυς,
3240 3060 3538 3130 Dionysius
3569 3062 3656 3115 in-

2064 3149 2203 3218 quit,
2236 3149 2398 3227 etiam
2431 3158 2553 3219 post
2579 3151 3080 3206 manifestaiionem
3135 3152 3261 3219 fuit,
3285 3152 3372 3207 vel
3406 3162 3465 3206 ut
3496 3152 3647 3207 divi-

2065 3243 2190 3295 nius
2216 3241 2430 3312 loquar,
2467 3242 2631 3297 etiam
2666 3244 2723 3297 in
2752 3243 3219 3301 manifestatione.
3264 3245 3383 3315 Ipsa
3413 3247 3510 3301 lux
3532 3247 3648 3303 huic

2061 3333 2188 3387 Jcsu
2225 3336 2442 3388 occulta
2478 3342 2586 3400 est,
2618 3343 2676 3391 et
2701 3339 2955 3405 quamvis
2986 3336 3163 3402 dicta,
3190 3346 3370 3392 tamen
3404 3339 3649 3402 intanda,

2061 3425 2312 3493 quamvis
2346 3428 2583 3497 cogitata
2610 3467 2625 3493 ,
2671 3438 2851 3484 tamen
2900 3431 3179 3499 incognita
3211 3452 3223 3485 :
3266 3451 3285 3484 ι
3318 3433 3462 3502 quod
3521 3448 3655 3486 vero

2064 3516 2198 3585 ipsis
2230 3520 2443 3587 angulis
2474 3504 2730 3589 quamvis
2766 3524 3066 3593 cogitatum
3120 3524 3460 3595 incognitum
3487 3524 3655 3596 436

2062 3621 2272 3678 manet,
2310 3614 2587 3681 quomodo
2617 3613 2686 3668 ab
2717 3616 3034 3670 hominibus
3062 3618 3463 3686 cognoscatur?
3504 3619 3655 3672 Alias

2067 3704 2213 3758 Evan
2252 3704 2302 3759 el
2328 3720 2488 3759 orum
2548 3707 2818 3775 interpres
2849 3706 3010 3762 divus
3044 3709 3468 3779 Cbrysnstomus
3515 3709 3654 3764 dix‘t

2064 3798 2309 3850 nondum
2354 3798 2605 3853 initiatos
2657 3800 2823 3854 fuisse
2889 3809 3020 3854 tunc
3047 3802 3352 3870 apostolos,
3408 3807 3644 3857 necdum

2070 3888 2197 3942 talia
2230 3891 2492 3958 consequi
2521 3891 2800 3959 potuisse,
2836 3907 3014 3960 neque
3042 3907 3110 3947 ex
3164 3893 3476 3948 visibilibus
3528 3910 3652 3963 quae

2060 3996 2172 4034 non
2211 3982 2350 4035 facta
2381 3991 2568 4037 essent
2600 3982 2847 4037 visibilia
2892 3984 3122 4039 vidisse.
3175 3984 3652 4051 Quemadmodum

2064 4073 2231 4145 igitur
2264 4090 2367 4129 nec
2407 4084 2598 4144 postea
2631 4075 2832 4144 linguae
2862 4084 3122 4145 tanquam
3154 4077 3327 4147 igneae
3347 4077 3650 4147 dispartita:

2061 4177 2221 4221 erant
2241 4165 2468 4221 inereati
2488 4152 2847 4236 spiritus,sed
2874 4169 2979 4222 illis
2998 4168 3377 4224 manifestatus
3399 4182 3481 4225 05!.
3508 4186 3649 4224 unus

2064 4261 2343 4317 increatus
2356 4260 2595 4331 Spiritus
2610 4274 2859 4327 sanctus,
2897 4262 2968 4317 ita
2995 4277 3095 4317 nec
3112 4263 3204 4317 lux
3224 4278 3344 4332 qua:
3362 4263 3651 4346 inll‘liabor

2065 4356 2318 4425 apparuit
2360 4355 2603 4409 increata
2651 4362 2789 4419 erat,
2836 4353 2932 4409 sed
2979 4369 3079 4424 per
3128 4370 3246 4408 eam
3303 4357 3648 4411 Inanit'eStzita

2064 4459 2150 4503 est
2180 4448 2379 4502 deitas.
2400 4447 2556 4503 Unde
2590 4448 2808 4503 tandem
2846 4448 2985 4501 dicit
3013 4446 3284 4507 l’alamica
3320 4447 3411 4503 illa
3443 4449 3647 4502 familia

383 4544 416 4610 ἡ
462 4539 530 4593 δι’
571 4539 786 4590 ἐκείνου
862 4536 1295 4606 παραδειχθεῖσα
1351 4536 1565 4603 θεότης.
1637 4534 1811 4587 Πόθεν
1862 4531 1957 4586 οὖν

2065 4549 2125 4593 ut
2154 4539 2423 4594 visibilem
2454 4539 2715 4595 deitatem
2771 4540 3071 4595 increatam
3130 4550 3188 4595 et
3240 4539 3644 4595 inessentialem

379 4630 582 4701 ὁρατὴν
612 4620 1015 4695 εἷ·ιαι’θεότητα
1057 4628 1313 4680 ἄκτιστον
1357 4630 1453 4679 καὶ
1500 4627 1750 4680 ἁνούσιον
1782 4628 1814 4696 ὴ
1850 4627 1960 4679 Πα-

378 4722 588 4793 λιμικὴ
622 4721 874 4789 μαθοῦσα
907 4718 1111 4788 φατρία
1141 4721 1315 4769 ἐκεῖνο
1350 4717 1410 4769 τὺ
1439 4717 1554 4785 φῶς
1595 4717 1958 4786 ἰσχυρίζεται,

384 4814 622 4885 μιγνῦσά
657 4829 716 4865 τε
742 4813 810 4865 τὰ
858 4813 1069 4877 ἄμικτα
1130 4811 1229 4861 καὶ
1288 4810 1490 4879 δικτύῳ
1548 4810 1803 4880 θηρεύειν
1840 4811 1971 4869 ἐπει-⁴

379 4906 640 4977 χεεροῦσα
674 4903 765 4955 τὸν
798 4903 1003 4971 ἄνεμον
1034 4917 1048 4965 ;
1088 4900 1296 4959 Ἀλλω,
1333 4917 1391 4951 τε
1425 4902 1519 4953 καὶ
1549 4902 1599 4952 εἰ
1637 4900 1697 4953 τὸ
1734 4900 1959 4967 ἡλιακὸν

380 5001 492 5067 φῶς
530 4998 687 5049 οὐσία
720 4995 836 5046 ἐστὶ
865 4993 927 5065 [Γ.
958 4993 1065 5046 254
1099 4992 1153 5063 ἰν]
1202 4992 1344 5044 κατὰ
1382 5009 1438 5043 τε
1469 4991 1560 5043 τὸν
1596 4990 1958 5061 Δαμασκηνὸν

389 5093 645 5159 Ἰωάννην
683 5092 778 5141 καὶ
819 5088 933 5139 ὅσοι
982 5086 1105 5139 κατ’
1137 5087 1454 5156 ἐπιστήμην
1496 5088 1628 5155 περὶ
1671 5074 1834 5138 αὐτοῦ
1873 5086 1962 5138 λέ-

379 5200 589 5250 γουσιν,
629 5183 808 5234 ἐκεῖνο
843 5179 890 5231 δ’
921 5174 989 5246 ἦν
1037 5179 1132 5232 καὶ
1169 5178 1263 5231 τοῦ
1301 5178 1532 5248 ἡλιακοῦ
1574 5179 1750 5247 φωτὸς
1785 5179 1959 5248 ὑπέρ-

379 5277 539 5344 τερὸν
570 5291 628 5327 τε
663 5276 758 5325 καὶ
785 5273 1007 5341 τιμιὼτε
1021 5290 1139 5343 ρον,
1175 5272 1293 5333 πῶς
1335 5273 1431 5323 καὶ
1462 5273 1625 5324 πόθεν
1656 5272 1909 5325 ἁνούσιον
1939 5288 1955 5339 ;

382 5369 501 5429 Πῶς
534 5368 592 5421 δὲ
623 5368 719 5421 καί
752 5366 949 5437 ὁρατὸν
1009 5367 1038 5419 ὃ
1086 5366 1207 5421 καθ’
1245 5366 1378 5419 αὐτὸ
1429 5368 1718 5432 ἀνούσιον;
1755 5369 1814 5419 Εἰ
1849 5367 1958 5438 γὰρ

380 5460 628 5513 modum)
659 5459 779 5530 μὲν*
809 5460 1004 5529 ὁρατὸν
1034 5460 1111 5525 δὲ,
1144 5460 1345 5531 χρῶμα
1373 5460 1439 5514 ἂν
1473 5458 1601 5522 ἴσως
1636 5462 1740 5528 εἴη·
1780 5462 1876 5515 καὶ
1908 5463 1957 5515 εἰ

375 5552 596 5621 χρῶμα,
646 5550 991 5622 συμϐεϐηκὸς
1041 5553 1260 5615 πάιτως
1292 5568 1304 5581 ·
1338 5552 1436 5604 καὶ
1492 5554 1539 5605 εἰ
1586 5552 1957 5623 συμϐεϐηκὸς,

380 5645 494 5704 πῶς
525 5644 693 5708 Θεόςς
730 5645 804 5696 Τὸ
835 5643 943 5713 γὰρ
991 5644 1339 5714 συμϐεϐηκὸς
1370 5645 1429 5697 εὖ
1469 5645 1631 5715 μόνον
1686 5646 1747 5699 οὐ
1796 5646 1954 5713 Θεὸς,

380 5735 497 5790 ἀλλ’
533 5736 655 5788 οὐδὲ
705 5736 783 5789 ὗν.
818 5736 981 5789 Ὥστε
1013 5738 1041 5790 ὁ
1072 5735 1147 5805 τῷ
1195 5736 1270 5807 μὴ
1313 5737 1427 5789 ὄντι
1478 5738 1763 5807 λατρεύων
1796 5738 1954 5794 ἔλαθε

380 5826 476 5879 καὶ
532 5826 689 5891 ἄθεος
722 5828 785 5882 ὲκ
847 5828 1114 5884 πολυθέου
1163 5829 1473 5900 γινόμενος.
1531 5831 1642 5886 Καὶ
1698 5833 1951 5899 εἰκότως.

2063 4647 2185 4688 esse
2227 4632 2405 4686 lucem
2442 4633 2589 4685 illam
2618 4634 2972 4687 contenderit
2994 4641 3051 4687 et
3078 4632 3387 4687 commistis
3418 4632 3563 4687 inter
3584 4649 3644 4687 se

2064 4740 2175 4777 non
2211 4714 2533 4789 miscendis,
2568 4726 2725 4794 quasi
2765 4735 2991 4780 ventum
3044 4726 3258 4780 retibus
3293 4739 3488 4794 capere
3522 4736 3644 4779 stu-

2064 4815 2248 4870 duerit
2272 4818 2294 4868 ?
2317 4818 2494 4885 Atque
2514 4820 2679 4871 etiam
2711 4818 2755 4870 si
2781 4818 2868 4871 lux
2904 4818 3036 4872 solis
3062 4820 3301 4873 essentia
3332 4818 3425 4881 sit,
3448 4812 3646 4872 secun-

2064 4909 2194 4962 dum
2223 4908 2494 4962 Joannem
2524 4911 2923 4965 Damasccnum
2945 4925 3156 4981 eOSque
3175 4912 3266 4981 qui
3293 4910 3641 4980 disciplinam

2066 5003 2232 5073 hujus
2269 5013 2512 5067 tranunt,
2548 5004 2637 5058 illa
2672 5020 2802 5059 vero
2836 5004 2969 5060 solis
3010 5007 3137 5060 luce
3189 5006 3539 5075 praestantior
3592 5018 3648 5060 ct

2063 5096 2336 5163 superior,
2370 5093 2648 5167 quomudn'
2678 5104 2734 5150 et
2772 5096 2918 5151 unde
2938 5086 3652 5163 incssentialis?Qumnodo

2066 5188 2300 5242 visibilis
2320 5205 2441 5258 qua:
2486 5205 2586 5259 per
2607 5205 2665 5244 se
2698 5190 3105 5246 inessentialis?
3126 5191 3179 5245 Si
3215 5191 3359 5244 enim
3390 5192 3647 5261 ,iIICbStfll-

2065 5278 2210 5333 tialis
2237 5289 2293 5334 et
2331 5280 2581 5346 visibilis,
2619 5280 2758 5337 [orte
2788 5281 3107 5351 superﬁcies
3139 5282 3266 5345 erit,
3290 5290 3344 5334 ct
3366 5283 3409 5334 si
3445 5296 3613 5350 super

2066 5370 2241 5431 ﬁcics,
2269 5372 2526 5427 accidens
2563 5371 2793 5426 omnino
2827 5382 2943 5428 est:
2977 5374 3024 5427 si
3045 5372 3323 5435 accidens,
3357 5370 3642 5438 quomodo

2065 5464 2248 5519 Deus?
2277 5463 2553 5519 Accidens
2596 5481 2704 5519 nun
2755 5467 2920 5520 modo
2983 5481 3089 5519 non
3128 5463 3292 5526 Deus,
3346 5477 3536 5515 verum
3573 5479 3641 5517 ne

2065 5572 2164 5612 eas
2194 5556 2444 5627 quidem.
2486 5557 2566 5612 ita
2591 5570 2652 5614 ut
2683 5559 2777 5628 qui
2805 5565 3103 5614 veneratur
3142 5558 3193 5610 id
3238 5554 3386 5624 quod
3419 5566 3642 5611 nonest

2066 5648 2279 5703 nesciat
2322 5664 2384 5704 se
2415 5651 2637 5705 atheum
2670 5666 2737 5705 ex
2772 5650 3032 5735 polythep
3064 5647 3266 5703 factum
3296 5664 3312 5702 :
3343 5662 3447 5702 nec
3492 5649 3643 5705 enim

2043 5741 2208 5821 'miro
2238 5741 2400 5796 modo
2434 5757 2520 5807 est
2575 5743 2882 5799 atheismus
2916 5742 3280 5813 polytheismo
3322 5740 3643 5812 adjunctus,

2064 5834 2501 5893 sicutvirtutum
2534 5838 2903 5896 mediocritati
2955 5852 3078 5907 qua:
3109 5836 3203 5893 .ad
3261 5836 3639 5915 intemperan-

2520 5980 2526 6011 i
