4016 6470
273 439 378 510 393

1217 436 1665 503 ΒΥΖΑΝΊῚΝᾹΞ
1700 436 2090 525 HISTORle
2130 434 2276 501 LIB.
2316 434 2578 500 XXXIV.

3442 441 3550 498 394

270 564 362 620 τὸν
392 561 538 618 θεῖον
574 562 753 615 εἰπεῖν
788 559 1063 614 Διονύσιον
1103 559 1205 628 (Ι),
1240 558 1296 610 αἱ
1330 558 1597 627 μυστικαὶ
1624 555 1736 608 τῶν
1771 556 1849 608 λο·

1965 568 2129 623 quam
2173 553 2381 609 lumine
2420 550 2805 622 explendescit
2843 557 2898 605 et
2930 547 3147 603 viviﬁca
3179 547 3549 605 illustrationc

269 656 404 726 γίων
431 653 760 725 παραδόσεις
791 655 882 707 καὶ
908 652 983 717 ὡς
1007 651 1123 721 φῶς
1149 650 1557 705 ἀναπλάττουσι
1584 651 1678 702 καὶ
1709 648 1855 719 ζωὴν

268 746 663 803 ἀποκαλοῦσιν.

340 843 418 896 Ε⁹.
439 841 568 895 Ὂτι
602 844 699 912 μὲν
737 836 830 895 οὖν
865 840 953 894 διὰ
996 838 1286 906 συμϐόλων
1318 837 1413 890 καὶ
1441 838 1631 889 τύπων
1664 850 1856 903 σωμα-

266 936 435 1003 τικῶν
462 936 524 989 ού
558 936 719 1004 μόνον
752 935 781 986 6
815 933 950 995 Θεὸς
974 932 1159 1001 ὁμιλεῖ
1187 933 1302 994 τοῖς
1329 928 1663 1000 ἀνθρώποις,
1718 927 1855 981 ἀλλὰ

269 1031 367 1083 καὶ
398 1030 443 1081 οί
480 1028 698 1098 ἄγγελοι
728 1028 935 1097 κτίσμα
966 1028 1141 1089 ὄντες,
1170 1025 1392 1096 εἴρηταί
1414 1036 1476 1076 τε
1501 1022 1594 1076 καὶ
1627 1022 1722 1074 νῦν
1753 1022 1856 1074 πά-

268 1121 356 1177 λιν
385 1124 471 1177 διὰ
492 1123 744 1195 βραχέων
783 1121 1040 1193 ἐροῦμεν,
1076 1121 1219 1192 Φησὶ
1247 1122 1357 1190 γὰρ
1386 1121 1414 1172 6
1458 1117 1636 1188 μέγας
1691 1116 1855 1178 εὐθὺς

268 1218 547 1280 Διονύσιος
583 1215 659 1280 ὠς
686 1216 785 1270 καὶ
829 1216 927 1278 τὰς
964 1214 1110 1277 θείας
1156 1214 1380 1283 ὁράσεις
1405 1212 1455 1265 oi
1496 1210 1702 1265 κλεινοὶ
1740 1210 1853 1261 Πα-

269 1311 425 1382 τέρες
443 1309 604 1381 ήμῶν
626 1308 888 1380 ὲμυοῦντο
914 1307 1001 1385 διὰ
1036 1308 1217 1378 μέσων
1246 1305 1353 1359 τῶν
1387 1305 1656 1373 οὐρανίων
1688 1304 1852 1357 δυνά-

278 1422 440 1483 μεων.
474 1402 715 1481 Καὶέιὴν
746 1404 898 1473 ἱερὰν
926 1402 1018 1454 τοῦ
1052 1401 1223 1470 νόμου
1253 1400 1624 1468 θεσμοθεσίαν
1656 1399 1720 1451 δι’
1748 1402 1851 1466 ἀγ-

270 1499 443 1567 γέλων
470 1499 551 1561 είς
583 1499 731 1567 ἡμᾶς
763 1494 1054 1566 προελθεῖν
1099 1493 1347 1547 διδάσκει
1381 1491 1571 1560 σαφῶς
1609 1493 1641 1561 ἡ
1674 1492 1853 1543 θεολοσ

268 1591 362 1659 γία
393 1588 468 1651 ὡς
494 1589 591 1657 τῆς
613 1587 963 1656 θεωνυμικῆς
988 1586 1194 1652 τάξεως
1218 1586 1395 1637 ἐκεῖνο
1425 1584 1849 1653 νομοθετούσης,

265 1681 331 1735 τὸ
360 1682 448 1735 διὰ
482 1680 592 1733 τῶν
637 1680 874 1748 πρώτων
909 1677 974 1752 [Γ.
1014 1678 1120 1734 257
1151 1675 1216 1749 ιι]
1251 1680 1313 1731 τὰ
1350 1676 1582 1745 δεύτερα
1616 1674 1754 1742 πρὸς
1796 1673 1853 1726 τὸ

266 1773 410 1826 θεῖον
433 1771 758 1840 ἀνάγεσθαι.
808 1771 920 1823 Καὶ
977 1771 1043 1839 τῇ
1103 1766 1370 1838 Παρθένῳ
1398 1766 1456 1819 δὲ
1482 1766 1542 1818 τὸ
1575 1764 1719 1817 θετον
1753 1781 1853 1833 μυ·

266 1866 489 1935 στήριον
518 1862 747 1929 ἄγγελος
796 1857 865 1931 ἦν
895 1862 1130 1931 κομίσας
1177 1858 1510 1928 ἀνθρωπίνῳ
1535 1856 1693 1927 τύπῳ
1754 1858 1848 1908 καὶ

267 1960 534 2026 σχήματι.
568 1957 681 2009 Καὶ
728 1956 841 2017 τοῖς
872 1955 1129 2022 ποιμέσιν
1161 1951 1393 2021 ἄγγελος
1446 1951 1656 2022 Κυρίου
1704 1950 1847 2019 τότε,

266 2048 457 2115 φησὶν,
477 2048 707 2113 ἐπέστη,
726 2045 823 2099 καὶ
842 2044 968 2111 δόξα
995 2045 1203 2113 Κυρίου
1230 2044 1608 2112 περιέλαμψεν
1628 2043 1847 2105 αὐτούς.

266 2141 383 2195 Καὶ
410 2140 499 2192 τὸν
530 2138 594 2191 δι’
619 2139 867 2207 ἀγγέλων
910 2136 1243 2204 λαλούμενον
1279 2136 1436 2204 λόγον
1470 2140 1726 2203 γίνεσθαι
1760 2136 1851 2205 βέ-

264 2231 421 2284 6αιον
450 2231 722 2301 ἀκούομεν
743 2247 756 2260 ·
792 2231 892 2292 τὰς
919 2231 1032 2300 γάρ
1061 2229 1262 2291 άΰλους
1312 2228 1608 2299 ἱεραρχίας
1639 2228 1852 2290 ὑλαίοσς

266 2322 515 2392 σχήμασι
565 2320 661 2374 καὶ
693 2323 1069 2391 μορφωτικαῖς
1123 2318 1410 2372 συνθέσεσι
1463 2318 1852 2372 διαποικίλασα

266 2414 655 2485 παραδέδωκεν
702 2417 735 2482 ἠ
770 2414 1047 2466 Διονυσίου
1081 2412 1178 2465 τοῦ
1208 2412 1355 2465 θείου
1393 2410 1604 2481 βίϐλος·
1648 2410 1709 2464 ού
1742 2413 1851 2480 γὰρ

263 2508 509 2573 δυνατὸν,
549 2509 705 2577 φησὶ,
738 2506 816 2578 τῷ
866 2505 989 2559 καθ’
1016 2507 1164 2575 ἡμᾶς
1220 2505 1298 2576 νῷ
1348 2505 1485 2576 πρὸς
1544 2503 1643 2574 τὴν
1685 2505 1851 2559 ἄῦ).ον

265 2599 484 2669 ἐκείνην
510 2601 847 2677 ἀναταθῆναι
872 2600 982 2653 τῶν
1034 2600 1306 2670 οὐρανίων
1343 2598 1641 2668 ἱεραρχιῶν
1674 2598 1852 2668 μίμη-

267 2687 356 2742 σίν
385 2706 445 2742 τε
474 2690 567 2741 καὶ
600 2687 856 2756 θεωρίαν,
890 2689 939 2740 εί
971 2687 1048 2758 μὴ
1074 2690 1141 2756 τῇ
1171 2687 1298 2740 κατ’
1343 2688 1506 2739 αὑτὸν
1539 2689 1702 2758 ὑλαία
1736 2706 1852 2759 χει-

266 2781 521 2852 ραγωγίᾳ
548 2782 832 2850 χρήσαιτο.
861 2779 1229 2849 Λειτουργικὰ
1263 2777 1373 2849 γὰρ
1399 2778 1449 2830 ot
1473 2779 1717 2846 ἄγγελοι,
1751 2800 1852 2851 φη-

267 2874 375 2938 σὶν,
408 2873 514 2924 είσὶ
543 2871 854 2940 πνεύματα,
890 2871 1029 2941 πρὸς
1055 2870 1335 2924 διακονίαν
1377 2872 1847 2940 ἀποστελλόμενα.

265 2967 378 3019 Καὶ
407 2965 486 3035 τῷ
518 2965 737 3035 Χριστῷ
766 2966 821 3018 δὲ
853 2964 1078 3032 ἄγγελοι
1109 2964 1416 3034 διηκόνουν,
1445 2965 1610 3035 φησὶν
1640 2968 1672 3034 ἡ
1706 2966 1851 3037 Γρα-

265 3061 362 3132 cpi}.
401 3061 509 3113 Καὶ
538 3060 808 3129 ἀγγέλους
839 3054 998 3123 αὖθις
1036 3057 1310 3128 ἐνισχύειν
1351 3058 1501 3129 αύτῷ
1527 3059 1747 3128 λέγεται
1775 3059 1850 3121 ὡς

262 3152 557 3223 ἀνθρώπῳ.
590 3155 699 3205 Καὶ
732 3153 917 3218 πάλιν,
954 3170 973 3203 ι
996 3150 1306 3222 Ἡδυνάμην
1334 3150 1553 3215 πλείους
1585 3151 1850 3222 ἥδώδεκα

261 3244 536 3313 λεγεῶνας
562 3241 919 3312 παραστῆσαι
941 3241 1214 3310 ἀγγέλων,
1253 3257 1272 3291 ι
1307 3239 1494 3310 φησίν.
1536 3241 1645 3294 Καὶ
1676 3240 1849 3295 πολλὰ
1879 3273 1922 3330 c

261 3333 488 3390 τοιαῦτα
509 3332 891 3403 σωματοειδῶς
921 3334 1196 3403 εἰρημένα
1229 3335 1360 3404 περὶ
1387 3332 1498 3386 τῶν
1539 3335 1847 3405 ἀσωμάτων

259 3426 546 3494 δυνάμεων
599 3425 932 3496 σωματικῶς
968 3426 1312 3496 φαινομένων
1351 3428 1473 3488 ταῖς
1523 3426 1696 3490 θείαις
1752 3429 1847 3480 καὶ

183 3514 195 3521 ’
265 3520 438 3591 ίεραίς
466 3519 764 3589 ἐμφέρεται
796 3517 1002 3589 βίδλοις
1037 3519 1390 3588 οίκονομικόν
1425 3537 1546 3572 τινα
1602 3506 1807 3589 τρόπον
1831 3536 1846 3551 ·

261 3613 442 3682 ἅσπερ
470 3614 563 3667 καὶ
598 3612 951 3684 μορφωτικὰς
982 3611 1270 3681 δυνάμεων
1304 3612 1521 3675 εἰκόνας
1546 3612 1702 3665 καλεῖ
1728 3614 1848 3665 Διοο

261 3706 466 3772 νύσιος,
500 3704 1002 3775 ἀνθρωπομόρφους
1030 3705 1370 3774 ἀναγράφων
1407 3705 1499 3759 καὶ
1540 3705 1843 3777 θηριομόρ-

260 3812 413 3863 φους,
444 3794 676 3847 λεόντων
708 3794 854 3863 φημὶ
887 3794 982 3847 καὶ
1019 3792 1160 3864 βοῶν
1198 3794 1297 3847 καὶ
1332 3793 1518 3847 ἵππων
1552 3797 1646 3849 καὶ
1668 3795 1845 3849 ἀετιῑιν

262 3888 482 3958 μορφὰς
527 3888 713 3945 αὐτοῖς
749 3886 1072 3957 περιτιθείς.
1129 3885 1237 3938 Ἐὦ
1288 3886 1468 3953 λέγειν
1500 3887 1599 3949 τὰς
1625 3887 1732 3940 τῶν
1767 3888 1847 3941 λί-

258 3981 370 4034 θων
399 3981 861 4051 πολυχρωμάτους
896 3979 1041 4043 ίδέας
1092 3980 1189 4032 καὶ
1219 3980 1391 4033 τᾶλλα
1424 3980 1629 4047 πάντα,
1664 3981 1843 4045 ζώνας

257 4076 359 4128 καὶ
380 4075 610 4143 τροχοὺς
639 4074 737 4126 καὶ
772 4073 1004 4143 ράὀδους
1031 4072 1177 4140 λέγω
1213 4074 1307 4126 καὶ
1362 4073 1642 4139 πελέκεις,
1674 4075 1741 4127 δι’
1765 4071 1841 4129 ὧν

257 4169 541 4238 εὑρίσκειν
589 4167 735 4238 ἡμᾶς
766 4169 1028 4236 παραινεῖ
1063 4167 1165 4236 τὴν
1194 4166 1305 4220 τῶν
1333 4168 1584 4222 τυπικῶν
1613 4169 1843 4222 εἰκόνων

259 4260 656 4329 ἀνακάθαρσιν,
683 4258 876 4313 ὁποίαν
900 4260 996 4312 καὶ
1016 4261 1147 4328 ὅσην
1164 4259 1327 4323 αὐτὸς
1346 4260 1672 4330 ἑρμηνεύων
1696 4260 1843 4313 ἐκτί-

259 4354 412 4419 θησι.
443 4351 552 4420 Τῆς
580 4351 672 4405 οῦν
709 4352 930 4422 Γραφῆς
972 4350 1259 4420 λεγούσης,
1303 4369 1321 4399 σ
1358 4351 1637 4427 Μακάριοι
1666 4353 1716 4404 οἰ
1745 4370 1843 4404 και

260 4443 505 4515 θαροὶτῇ
546 4444 764 4514 καρδίᾳ,
794 4444 877 4496 ὅτι
910 4444 1063 4496 αὐτοὶ
1092 4444 1185 4496 τὸν
1220 4443 1352 4496 Θεὸν
1372 4443 1616 4511 ὀψονται,
1660 4463 1679 4496 ι
1742 4446 1841 4514 τὴν

260 4540 402 4589 κατὰ
435 4536 673 4589 διάνοιαν
703 4535 825 4605 ὄψιν
879 4538 906 4588 6
940 4534 1079 4598 θεῖος
1108 4535 1390 4604 ἐξηγεῖται
1422 4537 1835 4607 Χρυσόστομος.

1958 656 2279 701 exornatur.

2032 834 2097 892 V.
2126 834 2180 890 Si
2213 835 2379 903 igitur
2403 834 2507 888 sub
2525 833 2788 905 symbolis
2817 843 2871 886 et
2897 832 3089 887 formis
3124 829 3405 902 corporeis
3433 846 3547 887 non

1953 929 2134 983 solum
2169 928 2316 983 Deus
2349 927 2572 982 locutus
2629 936 2729 980 est.
2771 941 2898 981 cum
2949 926 3288 991 hominibus,
3346 940 3543 980 verum

1956 1019 2123 1077 etiam
2154 1019 2335 1091 angeli
2358 1018 2552 1080 creati.
2583 1028 2643 1073 ut
2672 1021 2782 1091 jam
2809 1019 3067 1083 diximus,
3099 1028 3154 1074 et
3177 1034 3326 1074 nunc
3354 1018 3544 1089 paucis

1959 1110 2161 1167 iterum
2223 1112 2501 1175 dicemus.
2574 1112 2720 1166 Dicit
2765 1113 2911 1165 cnim
2970 1128 3201 1182 magnus
3257 1111 3549 1183 Dionysius

1959 1206 2148 1260 Patres
2182 1204 2428 1261 illustres
2461 1204 2859 1271 contemplatos
2891 1219 3011 1259 esse
3068 1202 3238 1259 Deum
3283 1219 3381 1273 per
3427 1220 3543 1257 me-

1958 1297 2078 1352 dias
2092 1298 2360 1354 caelorum
2381 1298 2695 1357 virtutes,et
2712 1311 2919 1350 sacram
2937 1295 3074 1365 legis
3090 1295 3545 1351 constitutionem

1957 1406 2055 1459 per
2080 1388 2301 1460 angelos
2334 1391 2399 1444 ad
2426 1405 2526 1444 nos
2545 1388 2762 1444 venisse
2785 1396 2973 1457 aperte
2994 1387 3155 1443 docet
3178 1387 3447 1455 theologia
3488 1397 3547 1443 et

1957 1483 2141 1538 divina
2167 1482 2253 1537 lex
2273 1483 2430 1554 jubet
2459 1498 2525 1536 ex
2549 1480 2839 1552 principiis
2867 1482 3261 1551 consequentia
3281 1481 3346 1536 ad
3369 1482 3545 1536 Deum

1956 1576 2175 1632 referri.
2206 1576 2416 1646 Virgini
2442 1591 2666 1646 quoque
2698 1575 2949 1631 divinum
2981 1577 3303 1647 mysterium
3362 1576 3551 1631 attulit

1957 1670 2185 1740 angelus
2217 1670 2320 1725 sub
2349 1670 2591 1725 humana
2621 1669 2794 1725 forma
2821 1679 2877 1725 et
2904 1672 3110 1739 specie,
3149 1680 3203 1723 et
3229 1670 3550 1739 pastoribus

1959 1764 2185 1833 angelus
2221 1764 2461 1831 Domini,
2490 1761 2689 1833 inquit,
2746 1763 2944 1826 astitit,
2979 1773 3034 1817 et
3093 1763 3266 1832 gloria
3330 1762 3550 1817 Domini

1957 1856 2338 1912 circumdabat
2359 1872 2481 1922 eos,
2508 1865 2565 1911 et
2603 1858 2832 1912 verbum
2858 1873 2954 1926 per
2979 1857 3200 1927 angelos
3229 1856 3547 1910 nuntiatum

1960 1964 2081 2003 esse
2109 1965 2206 2018 pro
2238 1960 2393 2004 certo
2424 1948 2760 2005 audivimus.
2810 1948 2945 2004 Nam
2989 1964 3175 2003 sacras
3206 1947 3402 2001 hierar.
3423 1932 3547 2001 hias

1962 2041 2319 2110 incorporeas
2376 2042 2661 2111 corporeis
2734 2040 3070 2109 imaginibus
3124 2051 3178 2094 et
3240 2039 3543 2093 formarum

1962 2130 2358 2200 compositione
2408 2130 2672 2186 variatam
2712 2129 2938 2185 tradidit
2970 2131 3146 2185 sancti
3203 2129 3448 2201 Dionysii
3474 2129 3546 2183 li-

1962 2225 2082 2280 ber.
2139 2224 2255 2279 Non
2279 2227 2425 2279 enim
2455 2241 2613 2296 posse
2666 2225 2847 2294 inquit
2878 2241 2977 2294 per
3035 2233 3276 2279 nostram
3306 2233 3545 2278 mentem

1962 2318 2027 2372 ad
2066 2317 2467 2386 incorporalem
2504 2318 2809 2372 cmlestium
2878 2318 3309 2372 hierarcbiarum
3363 2317 3550 2371 imita-

1961 2410 2166 2463 tionem
2203 2415 2260 2462 et
2295 2408 2816 2477 contemplationem
2844 2409 3155 2477 pervenire,
3209 2409 3317 2463 nisi
3350 2425 3549 2480 corpo-

1963 2501 2059 2555 rali
2087 2500 2295 2554 auxilio
2318 2499 2590 2555 adhibito.
2618 2498 2935 2555 Servientes
2981 2501 3128 2555 enim
3181 2501 3400 2565 animat,
3463 2504 3549 2557 ine

1961 2593 2104 2662 quit,
2131 2601 2263 2648 sunt
2295 2593 2473 2664 angeli
2512 2597 2578 2647 ad
2615 2590 2983 2647 ministerium
3011 2594 3207 2661 missae,
3246 2602 3300 2649 et
3326 2593 3549 2649 Christo

1961 2686 2188 2756 angelos
2217 2671 2456 2741 Servisse
2482 2686 2773 2755 Scriptura
2806 2684 2995 2741 refert.
3041 2686 3211 2741 Porro
3266 2689 3444 2757 angeli
3475 2690 3546 2744 il-

1960 2780 2067 2835 lius
2100 2788 2159 2833 ut
2214 2780 2456 2835 hominis
2514 2781 2756 2834 animum
2809 2779 3165 2836 confirmasse
3221 2782 3541 2840 traduntur.

1958 2872 2123 2945 M5
2144 2873 2356 2929 Rursus
2381 2873 2582 2943 legitur
2615 2890 2628 2924 :
2658 2873 2908 2927 tPossem
2936 2874 3071 2927 mihi
3100 2874 3219 2943 plus
3251 2875 3544 2931 duodecim

1959 2965 2204 3036 legiones
2229 2965 2549 3037 angelorum
2595 2980 2898 3020 arcessere.
2927 2984 2945 3017 ι
2973 2965 3037 3020 Ει
3070 2967 3237 3021 multa
3273 2969 3546 3038 ejusmodi

1959 3058 2324 3128 corporaliter
2352 3059 2497 3115 dicta
2530 3058 2599 3113 de
2635 3058 2937 3113 virtutibus
3000 3061 3348 3130 incm'poreis
3412 3077 3536 3131 quae

1960 3148 2321 3218 corporaliter
2353 3159 2619 3219 apparent
2644 3147 2848 3203 divinis
2872 3158 2931 3203 et
2969 3149 3144 3203 sacris
3199 3149 3355 3205 libris
3392 3151 3548 3205 utili-

1961 3253 2127 3299 tatem
2157 3243 2451 3314 quamdam
2486 3241 2758 3296 tribuunt.
2789 3241 2939 3308 Quas
2971 3240 3239 3295 virtutum
3276 3240 3547 3312 imagines

1960 3344 2119 3391 vocat
2148 3334 2443 3406 Dionysius
2503 3333 2792 3389 hominum
2847 3341 2905 3386 et
2955 3331 3257 3387 bestiarum
3316 3335 3545 3391 formas.

1958 3427 2377 3485 Leenumenim
2419 3436 2474 3484 et
2497 3430 2663 3484 boum
2717 3439 2774 3485 et
2818 3443 3090 3499 equorum
3142 3437 3198 3483 et
3233 3429 3545 3499 aquilarum

1957 3520 2150 3576 formis
2186 3535 2280 3575 eas
2307 3521 2635 3577 circumdat.
2700 3520 2908 3577 Omitto
2946 3521 3190 3592 lapidum
3221 3521 3402 3576 varias
3434 3522 3549 3579 for-

1956 3630 2077 3669 mas
2128 3625 2183 3669 et
2243 3626 2442 3672 caetera
2495 3615 2702 3681 omnia,
2743 3615 2982 3687 cingula.
3033 3618 3306 3681 annnlos,
3339 3619 3544 3688 virgas,

1958 3723 2202 3774 secures,
2233 3709 2435 3779 quibus
2464 3724 2566 3763 nos
2591 3708 2755 3764 docet
2776 3709 3025 3765 invenire
3056 3710 3354 3782 imaginum
3373 3714 3548 3782 expli-

1956 3799 2256 3867 cationem,
2281 3802 2496 3870 qualem
2537 3800 2655 3870 ipse
2686 3801 3105 3870 interpretando
3152 3804 3398 3873 exponit.
3440 3804 3549 3876 Igi-

1959 3903 2045 3947 tur
2077 3892 2224 3961 quod
2250 3892 2305 3946 in
2324 3890 2612 3962 Scriptura
2639 3893 2862 3961 legitur,
2885 3912 2903 3945 ι
2935 3893 3086 3947 Beati
3114 3896 3321 3950 mundo
3353 3901 3541 3962 corde,

1955 3985 2218 4054 quoniam
2257 3986 2361 4055 ipsi
2388 3987 2560 4040 Deum
2592 3985 2889 4049 videbunt,
2915 4005 2933 4037 ι
2971 3986 3040 4040 de
3069 3989 3541 4058 contemplatione

1955 4095 2053 4148 per
2086 4088 2325 4133 mentem
2380 4078 2639 4148 intelligit
2699 4087 2922 4132 sanctus
2973 4077 3421 4149 Chrysostomus.
3477 4082 3544 4137 Et

1956 4172 2111 4236 illud,
2153 4190 2171 4222 ι
2211 4170 2404 4240 Angeli
2437 4185 2629 4224 eorum
2657 4170 2908 4239 quotidie
2935 4170 3124 4224 vident
3150 4170 3344 4226 faciem
3372 4172 3487 4235 Dei.
3515 4193 3533 4226 ι

1954 4260 2199 4314 eamdem
2232 4259 2561 4314 sententiam
2598 4271 2861 4328 priestarc
2890 4260 3045 4316 dicit.
3075 4262 3255 4331 Ipsum
3279 4263 3429 4320 enim
3460 4264 3544 4318 vi-

1954 4355 2081 4408 dere
2108 4368 2209 4408 nec
2232 4353 2482 4407 homines
2513 4362 2746 4422 possunt
2770 4370 2947 4425 neque
2968 4355 3289 4426 angelorum
3315 4356 3542 4413 ordines

1954 4445 2315 4514 contemplari
2344 4460 2470 4500 eum
2495 4446 2722 4502 audent.
2762 4446 2920 4512 Quod
2973 4457 3161 4517 aperte
3215 4449 3350 4504 dicit
3397 4450 3540 4506 Pau-

1956 4535 2072 4588 lus:
2102 4555 2119 4587 (
2149 4536 2487 4606 Apparuitin
2509 4551 3035 4608 carne,conspectus
3062 4548 3147 4594 est
3175 4541 3535 4611 abangclisn

263 4632 371 4681 Καὶ
405 4631 485 4694 τὸ,
532 4646 550 4679 ι
582 4630 644 4681 Οί
674 4629 898 4696 ἄγγελοι
933 4629 989 4681 δὲ
1043 4628 1222 4682 αὐτῶν
1268 4628 1388 4680 καθ’
1424 4629 1635 4699 ἡμέραν
1666 4628 1837 4699 ὁρῶσι

1957 4638 2068 4684 inte
2085 4628 2233 4684 enim
2258 4630 2468 4684 Domini
2499 4628 2929 4685 incarnationem
2964 4646 3066 4686 nec
3093 4633 3161 4687 ab
3184 4633 3391 4702 angelis
3412 4650 3546 4689 cen-

258 4720 320 4772 t?)
352 4722 642 4791 πρόσωπον
674 4721 768 4773 τοῦ
827 4718 965 4773 Θεοῦ
991 4759 1005 4784 ,
1038 4738 1056 4770 ι
1120 4719 1220 4789 τὴν
1252 4718 1445 4790 αὐτὴν,
1504 4721 1690 4789 φησιν,
1724 4719 1839 4789 ἔχει

257 4814 526 4868 διάνοιαν·
578 4814 668 4865 τὸν
703 4814 812 4881 γὰρ
844 4813 1008 4865 αὐτὸν
1071 4808 1384 4882 ἀνθρώποις
1417 4830 1475 4865 τε
1525 4812 1673 4865 ἔστιν
1710 4813 1838 4865 ἰδεῖν

259 4895 540 4971 ἀδύνατον,
573 4910 664 4961 καὶ
691 4904 760 4961 αὖ
789 4906 1053 4978 μηδὲετῶν
1081 4906 1335 4975 ἀγγέλων
1368 4907 1574 4976 τολμᾷν
1592 4907 1839 4959 ἀτενίσαι

256 5000 325 5052 τά
341 5001 621 5068 τάγματα.
658 4999 767 5052 Καὶ
791 5000 950 5069 δῆλον
978 4998 1138 5052 τοῦτο
1189 4998 1374 5068 τίθησι
1408 4998 1623 5061 Παῦλος
1662 4998 1838 5066 λέγων

268 5110 287 5143 ι
325 5091 674 5161 Ἐφλνερώθη
719 5093 778 5145 ἐν
804 5093 989 5162 σαρκὶ,
1023 5090 1179 5161 ὤφθη
1214 5093 1503 5160 ἀγγέλοις’
1537 5111 1555 5144 ι
1599 5093 1705 5162 πρὸ
1732 5093 1839 5161 γὰρ

257 5183 358 5251 τῆς
407 5183 504 5236 τοῦ
552 5185 762 5255 Κυρίου
808 5183 1145 5253 σαρκώσεως
1187 5184 1283 5236 καὶ⁸
1311 5185 1566 5252 ἀγγέλοις
1604 5185 1839 5246 ἀθέατος

254 5272 350 5347 ἦν,
375 5276 449 5337 ὡς
476 5276 572 5328 καὶ
601 5277 628 5328 6
656 5275 797 5338 θεῖος
831 5275 963 5346 ἔφη’
986 5276 1374 5345 Χρυσόστομος
1404 5278 1485 5328 ὅτι
1541 5277 1674 5328 αὐτὸ
1702 5277 1839 5345 ὅπερ

259 5371 410 5423 ἐστὶν
435 5372 463 5423 6
506 5370 658 5437 Θεὸς,
710 5370 772 5423 ού
804 5369 1087 5439 προφῆται
1119 5370 1229 5422 οὐδ’
1278 5370 1501 5437 ἄγγελοι
1534 5368 1695 5434 εἶδον,
1728 5370 1839 5424 οὐδ’

259 5461 613 5532 ἀρχάγγελοι.
672 5462 732 5513 Εἰ
765 5461 871 5531 γὰρ
923 5460 1018 5513 καὶ
1072 5460 1356 5527 ὁμιλοῦσιν
1409 5446 1719 5531 ἀνθρώποις
1776 5464 1841 5514 ἐκ
1880 5460 1891 5471 “

259 5554 557 5623 προσώπου
583 5554 676 5608 τοῦ
720 5553 856 5606 Θεοῦ
907 5554 1002 5606 καὶ
1032 5554 1276 5621 ἄγγελοι,
1312 5553 1428 5607 ἀλλ’
1456 5555 1578 5608 οὐδὲ
1632 5558 1844 5626 προφή-

261 5663 381 5708 ταις
411 5646 578 5717 ἄηθες
603 5649 755 5700 τουτὶ
781 5647 877 5699 καὶ
902 5645 1210 5715 ἀνθρώποις
1248 5642 1369 5698 οὖσι
1390 5660 1406 5676 ’
1438 5649 1567 5699 ποτὲ
1601 5646 1699 5713 μὲν
1732 5648 1842 5717 γὰρ

263 5740 648 5809 προστιθέντες
678 5737 811 5809 φασὶ
841 5740 935 5792 καὶ
970 5732 1159 5804 αὐτοὶ,
1190 5756 1207 5788 ι
1230 5737 1368 5789 Τάδε
1399 5736 1549 5805 λέγει
1576 5734 1834 5805 Κύριος,ι

1951 4720 2337 4799 ερὶιιίίροιθτει,
2366 4733 2423 4778 ut
2453 4723 2618 4778 etiam
2646 4736 2871 4778 sanctus
2907 4722 3334 4795 Chrysostomus
3381 4728 3537 4796 dicit,

1953 4823 2048 4879 Dei
2085 4833 2380 4891 personam
2415 4833 2516 4871 nec
2549 4817 2846 4886 pmphetas
2864 4832 3042 4887 neque
3078 4819 3300 4889 angelos
3336 4822 3537 4877 vidisse

1948 4928 2128 4983 neque
2164 4909 2538 4979 archangelos.
2573 4907 2628 4962 Si
2667 4909 2813 4961 enim
2863 4924 2988 4962 cum
3028 4908 3343 4968 hominibus
3368 4915 3537 4970 etiam

1943 5003 2122 5075 angeli
2151 5001 2208 5056 in
2246 4999 2340 5055 Dei
2389 5014 2626 5070 persona
2658 5009 3078 5065 conversantur,
3110 5017 3213 5057 nec
3253 5005 3539 5075 prophets

1945 5097 2050 5152 hoc
2068 5096 2388 5151 inusitatum
2405 5091 2882 5165 estAaequippe
2899 5092 2991 5163 qui
3010 5093 3262 5151 homines
3278 5096 3539 5153 sintzmo-

1947 5187 2018 5241 do
2036 5187 2185 5239 enim
2207 5183 2439 5245 addunt,
2467 5183 2583 5237 lloc
2602 5182 2823 5238 locutus
2843 5192 2927 5237 est
2961 5179 3125 5247 Deus,
3152 5186 3318 5240 modo
3339 5203 3403 5240 ex
3436 5202 3534 5243 sua

1945 5278 2219 5334 sententia
2241 5276 2567 5345 loquuntur,
2585 5275 2731 5344 quod
2756 5291 2858 5328 nec
2877 5291 3079 5329 novum
3096 5286 3295 5333 estnec
3321 5296 3349 5332 a
3383 5279 3537 5334 Scri-

1945 5380 2119 5442 pturae
2137 5370 2536 5425 consuetudine
2554 5367 2815 5422 alienum.
2835 5368 3047 5422 Etenim
3065 5378 3121 5423 et
3140 5372 3283 5439 regia
3303 5371 3530 5441 imperia

1946 5476 2259 5533 praeconum
2294 5475 2392 5514 ore
2447 5475 2547 5530 per
2592 5459 2759 5514 urbes
2789 5461 3036 5514 nuntiata
3068 5464 3225 5530 quasi
3254 5479 3318 5516 ex
3357 5464 3533 5529 ipsius

1946 5555 2092 5624 regis
2129 5569 2225 5609 ore
2267 5553 2600 5623 accepimus.
2654 5551 2791 5607 Dicit
2839 5561 2896 5608 et
2944 5553 3230 5623 prepheta,
3266 5555 3320 5608 in
3352 5570 3534 5625 quan-

1949 5657 2060 5700 tum
2106 5657 2163 5702 et
2219 5646 2337 5717 ipse
2408 5648 2570 5700 homo
2620 5655 2707 5700 est
2752 5663 2767 5700 :
2806 5664 2824 5697 ι
2872 5646 3013 5699 Audi
3066 5661 3174 5712 me,
3222 5649 3443 5717 popule.
3477 5659 3532 5702 et

1946 5740 2363 5809 loquartecum,
2390 5738 2581 5807 Israel,
2614 5746 2669 5791 et
2698 5738 2851 5791 testis
2879 5738 3107 5807 tibirero
3144 5757 3154 5790 :
3191 5739 3353 5803 Deus,
3390 5734 3531 5793 Deus

336 5906 409 5976 (1)
438 5901 544 5956 Τοῦ
576 5903 732 5968 ἁγίου
760 5902 1035 5953 Διονυσίου
1074 5901 1137 5952 ἐκ
1169 5900 1263 5952 τοῦ
1297 5902 1424 5971 περῖ
1450 5903 1548 5974 τῆς
1583 5901 1835 5971 οὐρανίου
1879 5901 2163 5972 ίεραρχίας
2197 5904 2497 5972 κεφαλαίου
2526 5905 2765 5975 πρώτου.

543 6002 806 6061 ΡΑῑιιοι..
861 6001 975 6061 Gtt.
1024 6000 1110 6061 CX
1126 5996 1278 6056 LIX.

3071 6005 3144 6063 13
