4016 6468
447 400 552 461 εγ,
1668 396 2098 454 NlCEPIiUlil
2147 396 2537 457 GllEtJOli/E
3490 404 3507 411 ’
3612 412 3643 471 3
3681 415 3715 473 ε

463 522 591 565 tuus
624 528 746 580 ego.
788 510 937 563 «Non
975 510 1119 563 enim
1152 510 1284 563 sicut
1312 508 1444 561 alias
1479 506 1654 572 addit,
1691 507 1849 561 «Haec
1881 506 2031 558 locu—

2145 510 2265 560 ποτὲ
2295 507 2340 561 δ’
2373 508 2430 574 ἐξ
2467 512 2676 563 ἑαυτῶν
2730 515 2937 577 ἁπλῶς.
2992 518 3103 573 Καὶ
3164 520 3353 573 καινὸν
3390 522 3543 575 οὐδὲν
3587 526 3714 578 οὐδὲ

450 613 536 656 lus
568 608 649 653 est.
680 598 970 663 Dominus;
999 617 1016 648 ι
1050 612 1148 651 nec
1166 596 1332 651 dicit:
1369 597 1509 648 Deus
1532 593 1646 648 haac
1663 605 1715 649 et
1741 595 1831 648 illa
1853 593 2026 659 dixit;

2145 598 2332 670 πόρρω
2362 598 2650 669 Γραφικῆς
2707 606 3025 673 συνηθείας·
3056 608 3148 661 καὶ
3179 609 3289 680 γὰρ
3324 614 3420 664 καὶ
3465 614 3533 668 τὰ
3560 615 3716 682 βασι-

450 692 676 759 angelus
713 705 841 743 vero
892 705 958 743 ex
996 691 1133 742 rubo
1170 706 1182 740 :
1226 705 1244 738 ι
1285 687 1392 755 Ego
1423 701 1542 740 sum
1578 686 1724 741 Deus
1752 686 2028 739 Abraham

2145 690 2266 741 λικά
2292 692 2691 763 προστάγματα
2720 697 2829 749 τῶν
2861 698 3134 768 δημοσῐων
3169 701 3224 754 ὲν
3250 706 3371 764 ταῖς
3405 705 3590 758 πόλεσι
3620 724 3723 774 κη-

447 793 503 839 et
545 785 686 836 Βιςεις
720 783 863 835 Isaac
894 790 948 833 et
983 781 1124 835 Deus
1146 779 1332 834 Jacob.
1364 796 1381 828 ι
1438 778 1613 849 Supra
1644 782 1790 831 enim
1819 777 2028 833 dictum

2145 781 2323 850 ρύκων
2371 782 2623 852 βοώντων
2678 786 2754 851 ὡς
2784 789 2844 853 ἐξ
2872 791 3041 845 αὐτοῦ
3071 792 3135 863 δή
3177 793 3270 846 τοῦ
3310 794 3597 865 βασιλικοῦ
3630 798 3691 851 λε

454 884 537 928 est
573 892 585 925 ε
636 895 648 923 ε
680 875 917 941 Angelus
949 871 1159 925 Domini
1190 870 1241 925 ei
1273 872 1528 940 apparuit
1564 890 1581 921 ι

2145 872 2350 944 γόμενα
2379 877 2649 943 στόματος
2681 882 2841 950 ἡμεῖς
2866 885 3225 956 ἐκδεχόμεθα.
3265 890 3375 942 Καὶ
3402 892 3430 943 ὁ
3454 891 3554 960 μὲν
3582 910 3724 961 προ-

445 968 644 1035 φήτης,
678 966 965 1034 ἀκηρωπος
997 963 1094 1030 ὢν,
1125 964 1199 1027 ώς
1228 963 1288 1028 ἐξ
1316 963 1511 1017 ἑαυτοῦ
1555 981 1742 1035 φησιν,
1778 983 1796 1015 ι
1827 966 2115 1030 ιἈκουσον,
2159 968 2289 1031 λαός
2354 987 2480 1039 μου,
2512 974 2606 1027 καὶ
2668 975 2886 1046 λαλήσω
2920 996 3001 1034 σοι
3023 996 3037 1011 ο
3088 982 3329 1053 Ἰσραὴλ,
3368 988 3464 1040 καὶ
3489 985 3725 1056 διαμαρ-

442 1058 680 1127 τύρομαί
721 1073 843 1111 σοι’
878 1060 906 1111 ό
936 1057 1067 1121 Θεὸς
1091 1060 1118 1111 ὁ
1146 1058 1277 1121 Θεός
1311 1058 1402 1110 σού
1463 1057 1579 1127 ειμι
1607 1056 1740 1125 ἐγώ.
1770 1075 1788 1108 ι
1846 1058 1925 1111 Οῦ
1984 1058 2094 1128 γὰρ
2138 1062 2485 1132 προσέθηκεν
2543 1067 2619 1131 ώς
2676 1069 2734 1122 ὲν
2789 1069 2993 1138 ἄλλοις,
3050 1091 3071 1127 ι
3104 1074 3241 1128 Τάδε
3277 1076 3425 1145 λέγει
3464 1080 3674 1150 Κύριος
3704 1096 3718 1108 ·

447 1149 511 1222 μ’.
544 1152 646 1205 257
679 1150 730 1222 bl
762 1151 882 1217 ml,
923 1170 940 1203 ι
980 1146 1151 1204 Εἶπεν
1184 1153 1225 1235 -ό
1260 1150 1394 1213 Θεὸς
1422 1151 1490 1203 τὰ
1528 1151 1623 1203 καὶ
1646 1150 1743 1204 τάο
1775 1168 1791 1202 ι
1829 1151 1857 1202 ό
1888 1150 1943 1202 δὲ
1974 1151 2206 1220 ἄγγελος
2235 1156 2299 1207 ὲκ
2339 1156 2436 1223 τῆς
2467 1157 2657 1228 βάτου,
2700 1179 2720 1213 ι
2765 1162 2907 1232 Ἐγώ
2940 1165 3057 1236 εἰμι
3090 1168 3118 1220 ό
3146 1167 3279 1232 Θεὸς
3318 1146 3572 1241 Ἀϐραὰμ
3626 1172 3727 1225 καὶ

443 1247 471 1295 ό
496 1245 626 1307 Θεὸς
660 1244 851 1297 Ἰσαὰκ
879 1245 974 1299 καὶ
998 1247 1026 1299 ὁ
1055 1230 1191 1308 Θεὸς
1213 1245 1411 1299 Ἰακώὸ
1437 1259 1454 1275 ⁸
1491 1265 1509 1297 ι
1543 1246 1880 1317 Προείρηται
1902 1248 2034 1314 γὰρ,
2075 1266 2094 1300 ι
2128 1248 2309 1319 Ὠφθη
2339 1252 2487 1324 αὐτῷ
2520 1255 2751 1325 ἄγγελος
2772 1230 3008 1331 Κῦρίουί
3035 1280 3054 1313 ι

522 1336 607 1392 Vl.
633 1337 690 1390 Si
719 1339 907 1407 igitur,
929 1345 989 1390 ιιι
1016 1352 1141 1392 cum
1173 1349 1365 1394 sancto
1390 1338 1787 1410 Cbrysostomo
1816 1340 2031 1409 loquar,

448 1438 713 1498 quantum
757 1432 989 1483 interest
1029 1431 1174 1484 inter
1206 1446 1408 1485 caecum
1436 1441 1490 1486 et
1543 1433 1822 1487 videntem
1850 1443 2033 1496 ,tanta

449 1530 533 1574 est
565 1521 707 1573 inter
745 1523 967 1591 angelos
994 1532 1048 1577 et
1095 1522 1346 1578 homines
1377 1523 1705 1586 dilferentia,
1760 1524 2035 1594 quomodo

453 1614 693 1677 tandem,
742 1612 784 1665 si
821 1613 998 1681 angeli
1059 1628 1171 1667 non
1217 1623 1449 1684 possunt
1496 1614 1680 1669 videre
1736 1600 2033 1670 essentiam

456 1702 549 1755 Dei
580 1714 672 1755 aut
702 1718 1058 1770 cognoscere,
1130 1703 1386 1760 homines
1426 1714 1707 1775 poterunt,
1740 1706 1832 1776 qui
1861 1722 2031 1777 ange-

462 1796 640 1847 lorum
670 1794 964 1847 essentiam
1002 1810 1111 1848 non
1134 1795 1300 1849 modo
1352 1812 1462 1851 non
1515 1811 1765 1860 cernere,
1820 1796 1915 1852 sed
1964 1812 2033 1851 ne

455 1885 695 1953 cogitare
740 1883 961 1952 quidem
1012 1886 1278 1954 possunt?
1304 1886 1360 1941 Si
1397 1888 1649 1955 enim,nt
1701 1904 1824 1942 cum
1863 1887 2034 1959 Chry-

458 1987 699 2029 sostomo
730 1976 946 2043 loquar,
1014 1978 1254 2033 essentia
1306 1981 1602 2034 essentiam
1633 1980 1883 2034 altiorem
1944 1996 2037 2034 eo-

470 2083 733 2138 gnoscere
756 2085 861 2121 non
888 2079 1085 2137 potest,
1104 2071 1334 2125 multum
1357 2086 1490 2127 sane
1509 2073 1683 2136 abest,
1707 2081 1767 2127 ut
1786 2074 2034 2127 homines

456 2160 771 2227 angelorum
816 2162 1113 2216 essentiam
1159 2162 1399 2231 videant,
1431 2174 1579 2219 tanto
1630 2166 1737 2219 illis
1791 2169 2034 2233 superio—

456 2270 591 2317 rem,
610 2265 815 2323 quanto
838 2256 995 2309 οωοὶε
1023 2256 1292 2313 videntes.
1320 2256 1398 2311 Ne
1419 2260 1672 2313 turbetur
1697 2258 1862 2327 igitur
1880 2274 2035 2313 mens

454 2356 634 2400 Vestra
669 2350 1130 2404 uteommunium
1167 2349 1369 2404 divinae
1410 2350 1670 2405 Ecclesiae
1727 2352 2033 2406 sententia-

456 2454 578 2490 rum
614 2438 1039 2504 obliviscamini,
1067 2455 1188 2502 qum
1206 2440 1272 2495 ad
1306 2440 1590 2496 Hebraicaa
1619 2441 1840 2496 dialecti
1868 2441 2031 2512 447

455 2530 846 2598 proprietatem
884 2531 1031 2587 dicta
1063 2540 1212 2598 sunt,
1256 2534 1437 2603 qualia
1490 2550 1519 2588 a
1581 2536 1739 2589 nobis
1787 2535 1880 2589 illa
1920 2536 2033 2606 jam

456 2620 663 2688 prolata
689 2631 838 2685 sunt,
873 2634 929 2676 et
952 2638 1297 2694 quaecunque
1358 2632 1487 2679 sunt
1516 2625 1739 2693 similia,
1786 2627 1908 2681 (lico
1933 2642 2034 2680 au-

458 2727 563 2769 tem
596 2715 729 2770 illud
775 2731 788 2766 :
831 2735 849 2767 ι
890 2716 1133 2771 Locutus
1189 2730 1274 2773 est
1310 2719 1575 2774 Dominus
1627 2719 1693 2774 ad
1730 2720 1935 2775 Mosem
1966 2722 2034 2777 de

455 2807 595 2861 faeie
620 2807 687 2860 ad
715 2806 932 2872 faciem,
961 2818 1016 2861 ut
1043 2809 1085 2861 si
1116 2808 1241 2878 quis
1280 2823 1403 2863 cum
1436 2811 1613 2864 amico
1644 2809 1714 2864 de
1756 2824 1851 2864 ore
1873 2809 1939 2865 ad
1974 2826 2035 2864 os

453 2900 725 2969 loquitur,
752 2901 805 2952 in
832 2901 1037 2970 specie,
1081 2916 1187 2955 non
1248 2916 1347 2971 per
1386 2901 1701 2971 (enigmata.
1741 2921 1759 2954 ι
1819 2903 1882 2957 Et
1911 2920 2035 2957 rur-

458 3006 593 3046 sus:
637 3011 654 3041 ε
694 2982 1039 3045 Μουσείοιιί
1080 2992 1344 3059 fumabat,
1418 2995 1679 3062 quoniam
1732 2994 1879 3049 Deus
1940 3011 2037 3065 per

459 3085 646 3153 ignem
674 3082 729 3136 in
764 3098 890 3137 eum
916 3084 1304 3139 descendebat.
1343 3103 1362 3136 ι
1395 3084 1464 3139 Ει
1505 3086 1640 3140 alias
1688 3104 1702 3139 :
1753 3105 1772 3139 ι
1812 3086 2040 3158 Species

2214 1346 2307 1410 (Γ.
2342 1346 2403 1400 Et
2461 1349 2553 1403 οῦν
2596 1352 2738 1406 κατὰ
2793 1353 2886 1408 τὸν
2925 1353 3067 1409 θεῖον
3119 1357 3551 1427 Χρυσόστομον,
3596 1360 3726 1414 ὅσον

2140 1438 2345 1505 τυφλοῦ
2378 1442 2469 1494 καὶ
2501 1442 2796 1511 βλέποντος
2827 1447 2890 1500 τὺ
2920 1449 3105 1517 μέσον,
3143 1434 3407 1503 τοσοῦτόῖ
3428 1452 3594 1506 ἐστιν’
3621 1455 3724 1522 ἁγ-

2140 1529 2317 1597 γέλων
2351 1535 2444 1586 καὶ
2474 1535 2779 1605 ἀνθρώπων
2799 1538 2859 1592 τὸ
2880 1539 3165 1611 διάφορον,
3187 1540 3305 1606 πῶς
3334 1542 3445 1596 τῶν
3471 1544 3728 1612 ἀγγέλων

2145 1620 2221 1693 μὴ
2247 1622 2562 1694 δυναμένων
2594 1627 2713 1680 οὔθ’
2744 1630 2880 1701 όρᾷν
2931 1631 3030 1702 τὴν
3079 1632 3270 1686 οὐσίαν
3294 1633 3421 1687 οὗτε
3459 1639 3600 1690 νοεῖν
3627 1637 3724 1690 τοῦ

2141 1713 2299 1783 Θεοῦ,
2329 1718 2413 1786 εῐη
2437 1717 2505 1771 ἂν
2534 1719 2759 1775 δυνατὸν
2788 1721 3100 1794 ἀνθρώποις
3125 1726 3281 1779 τουτὶ
3306 1769 3323 1794 ,
3365 1723 3448 1791 οἷς
3481 1730 3606 1799 μηδ’
3625 1731 3726 1797 ἁγ-

2068 1825 2109 1880 B
2139 1804 2313 1872 γέλων
2333 1801 2521 1861 οὑ’σίαν
2546 1810 2621 1880 μὴ
2645 1812 2727 1864 ὅτι
2760 1813 2836 1885 μὴ
2869 1812 3112 1882 βλέπειν,
3154 1816 3271 1871 ἀλλ’
3310 1817 3434 1871 οὐδὲ
3458 1823 3601 1872 νοεῖν
3630 1821 3725 1872 δυ-

2138 1893 2326 1961 νατόν;
2365 1894 2426 1947 Εί
2483 1897 2590 1968 γὰρ
2620 1900 2761 1953 κατά
2789 1900 2880 1954 τὸν
2921 1903 3083 1957 αὐτὸν
3124 1905 3514 1977 Χρυσόστομον
3563 1911 3724 1962 οὐσία

2137 1983 2327 2040 οὐσίαν
2357 1987 2767 2062 ὑπερκειμένην
2797 1996 2941 2050 νοεῖν
2971 1997 3032 2049 οὐ
3055 1997 3305 2065 δύναται,
3341 2001 3538 2055 πολλοῦ
3572 2004 3722 2069 μέντ’

2139 2077 2206 2130 ἂν
2229 2077 2478 2150 δεήσειεν
2539 2084 2866 2152 ἀνθρώπους
2918 2089 3169 2157 ἀγγέλων
3231 2092 3456 2162 βλέπειν
3506 2096 3721 2160 οὐσίαν,

2139 2170 2545 2243 ὑπερκειμένην
2574 2176 2941 2258 τούτωνδσων
2959 2183 3006 2234 οἱ
3026 2182 3319 2253 βλέποντες
3342 2187 3454 2239 τῶν
3477 2188 3723 2256 τυφλῶν.

2137 2263 2229 2335 Μὴ
2264 2267 2582 2334 ταραττέτω
2609 2270 2790 2324 τοίνυν
2814 2272 2969 2342 ὑμῶν
3006 2274 3107 2345 τὴν
3135 2275 3400 2338 διάνοιαν,
3433 2277 3575 2331 ὥστε
3612 2279 3722 2332 τῶν

2137 2357 2336 2411 κοινῶν
2394 2358 2491 2428 τῆς
2530 2360 2625 2415 τοῦ
2682 2361 2818 2416 Θεοῦ
2857 2364 3192 2436 Ἐκκλησίας
3226 2368 3449 2422 ἐννοιῶν
3498 2372 3723 2440 ἐκλελῆο

2140 2447 2287 2513 σθαι,
2317 2450 2416 2503 ὅσα
2448 2453 2591 2507 κατὰ
2618 2470 2739 2507 τινα
2775 2455 3110 2525 Ξδιοτροπίαν
3136 2458 3240 2529 τῆς
3281 2460 3568 2531 Ἐὅραϊδος
3605 2466 3724 2516 ἐστὶ

2137 2541 2409 2611 λεγόμενα
2460 2543 2743 2599 διαλέκτου
2767 2561 2781 2576 ο
2824 2543 2912 2604 οἷα
2944 2550 3015 2603 τὰ
3046 2551 3137 2620 ὑφ’
3178 2553 3340 2624 ήμῶν
3386 2556 3574 2609 ἐκεῖνα
3624 2555 3722 2608 νῦν

2140 2633 2521 2703 προϐληθέντα
2577 2640 2668 2691 καὶ
2724 2640 2825 2693 ὅσα
2879 2643 3260 2714 παραπλήσια,
3310 2646 3465 2716 λέγω
3520 2648 3586 2719 δὴ
3637 2650 3718 2713 τὸ,

2146 2739 2164 2771 ι
2215 2721 2481 2792 Ἐλάλησε
2530 2725 2736 2795 Κύριος
2768 2726 2906 2794 πρὸς
2951 2731 3158 2802 Μωσῆν
3207 2733 3442 2798 ὲνώπιος
3473 2737 3721 2808 ἑνωπίῳ,

2139 2812 2213 2875 ώς
2237 2813 2290 2866 εί
2319 2831 2404 2876 τις
2451 2814 2676 2887 λαλήσει
2711 2819 2847 2889 πρὸς
2905 2821 3102 2875 ἑαυτοῦ
3141 2824 3316 2893 φίλον,
3349 2828 3526 2900 στόμα
3582 2833 3723 2900 πρὶς

2143 2907 2319 2975 στόμα
2349 2908 2406 2960 ὲν
2434 2909 2565 2961 εῖδει
2616 2912 2709 2963 καὶ
2740 2912 2801 2965 οὐ
2832 2912 2899 2967 δι’
2933 2915 3311 2986 αἰνιγμάτων*
3354 2938 3372 2971 ι
3403 2921 3498 2975 καὶ
3530 2923 3720 2990 πάλιν,

2147 3015 2166 3048 ι
2204 2997 2278 3049 Τὸ
2309 2997 2364 3051 δὲ
2395 2999 2519 3069 ὅρος
2547 3000 2640 3053 τοῦ
2679 3003 2813 3056 Σινᾶ
2842 3006 3172 3071 ἐκαπνίζετο
3200 3009 3286 3062 διὰ
3320 3010 3381 3063 τδ
3410 3014 3726 3085 καταθείη-

2144 3092 2295 3143 κέναι
2323 3092 2407 3143 ἐπ’
2439 3094 2569 3145 αὐτὸ
2599 3094 2689 3147 τὸν
2715 3096 2849 3149 Θεὸν
2883 3099 2940 3153 ἐν
2972 3101 3162 3171 πυρίοι
3201 3104 3295 3156 καὶ
3319 3104 3502 3174 πάλιν,
3540 3108 3645 3161 «Τὸ
3665 3109 3725 3163 δὲ

460 3178 661 3229 divina:
709 3175 897 3245 gloriae
946 3186 1004 3228 ut
1040 3175 1182 3245 ignis
1237 3175 1416 3246 fulgor
1468 3177 1536 3231 de
1592 3178 1798 3232 vertice
1844 3179 2041 3234 montis

2147 3179 2286 3245 εἶδος
2319 3184 2415 3252 τῆς
2438 3184 2595 3256 δόξης
2625 3188 2833 3256 Κυρίου
2864 3189 2940 3254 ώς
2980 3191 3092 3264 πῦρ
3124 3194 3321 3263 φλέγον
3348 3198 3441 3248 ἐπὶ
3474 3200 3724 3273 κορυφῆς

464 3266 730 3320 adversus
777 3263 918 3317 ﬁlios
960 3262 1144 3328 lsrael,
1193 3281 1212 3314 ›
1255 3274 1311 3319 οι
1372 3265 1543 3320 multa
1602 3267 1873 3337 ejusmodi
1921 3283 2041 3338 qua:

460 3366 647 3411 creata
669 3366 817 3418 sunt,
841 3372 965 3417 cum
999 3355 1241 3409 increata
1263 3354 1356 3410 Dei
1376 3360 1616 3411 essentia
1635 3358 1918 3413 conciliari
1940 3359 2045 3413 mi-

465 3450 610 3501 nime
632 3448 785 3509 licet,
804 3447 868 3499 ad
888 3448 1281 3515 discipulorum
1306 3455 1491 3501 autem
1514 3448 1914 3503 institutionem
1932 3464 2043 3504 non

464 3541 680 3604 inutile,
716 3540 828 3594 imo
876 3554 1041 3609 quam
1100 3540 1455 3596 utilissimum
1516 3550 1621 3597 est.
1657 3543 1793 3598 Volo
1841 3559 2040 3599 vocare

464 3629 857 3699 prophetarum
924 3629 1086 3683 verba
1116 3630 1169 3682 in
1221 3630 1405 3700 specie
1460 3629 1558 3685 Dei
1618 3641 1671 3685 et
1722 3633 2043 3702 angelorum

463 3737 589 3776 eum
620 3722 935 3775 hominibus
962 3723 1442 3777 conversationem
1487 3723 1795 3777 sensualem
1826 3736 1878 3777 et
1908 3724 2048 3795 vigi-

462 3815 706 3868 lantibus
746 3814 851 3868 iilis
888 3824 1267 3883 apparentem.
1317 3813 1451 3880 Quae
1483 3815 1707 3885 quidem
1763 3815 2044 3870 Abraham

465 3907 831 3977 contigit,§qui
889 3908 1067 3975 primo
1097 3907 1267 3961 Deum
1317 3922 1427 3961 non
1469 3916 1528 3960 ut
1557 3907 1727 3962 Deum
1756 3908 1913 3974 vidit,
1951 3910 2045 3963 sed

467 4008 525 4051 nt
552 3998 825 4052 hominem
862 3998 916 4050 in
955 3997 1252 4067 lioSpitium
1281 3998 1507 4066 recepit.
1562 3998 1628 4052 Et
1679 3999 1936 4054 laudatus
1966 4011 2047 4054 est

464 4090 536 4145 ob
570 4092 934 4144 reverentiam
970 4104 1074 4158 qua
1115 4105 1241 4143 eum
1280 4090 1511 4158 recepit.
1560 4089 1625 4143 Et
1656 4098 1855 4159 praeter
1922 4107 2044 4162 per-

474 4185 676 4237 multos
695 4183 829 4236 alios
858 4190 1046 4251 postea
1080 4181 1272 4234 Manoe
1301 4195 1359 4235 se
1390 4180 1666 4250 perditum
1706 4182 1869 4249 dixit,
1900 4185 2043 4253 quod

472 4278 640 4328 Deum
673 4274 919 4326 vidisset.
949 4270 1068 4325 Non
1103 4272 1169 4323 ad
1218 4271 1497 4325 hominem
1544 4282 1789 4343 captum,
1834 4274 2037 4344 inquit,

470 4376 594 4433 apta
619 4376 703 4418 est
734 4367 824 4417 Dei
853 4361 1115 4431 cognitio,
1154 4363 1356 4415 nedum
1386 4372 1603 4428 natura,
1640 4366 1736 4419 sed
1772 4381 1869 4435 per
1896 4385 2046 4421 som-

472 4460 688 4510 niorum
717 4456 1026 4524 aenigmata;
1060 4453 1175 4507 haec
1206 4453 1353 4507 enim
1386 4454 1512 4509 luce
1560 4456 1965 4524 quodammodo
1989 4467 2045 4513 et

472 4551 719 4605 claritate
758 4549 1019 4602 destituta
1040 4554 1143 4612 est,
1180 4547 1383 4616 quippe
1413 4562 1533 4617 quae
1587 4547 1748 4601 aliam
1806 4549 1911 4601 alia
1944 4550 2044 4603 im-

474 4644 729 4713 plicatam
762 4639 963 4694 nebula
1013 4640 1374 4693 obscuritatis
1436 4639 1854 4707 explicationem
1912 4658 2047 4708 prte-

476 4739 620 4789 beat.
648 4732 817 4803 448
860 4730 1027 4802 Cujus
1053 4731 1426 4800 rei-permulti
1457 4730 1550 4784 alii
1583 4740 1748 4786 testes
1800 4743 1927 4786 sunt
1965 4734 2049 4786 in-

479 4825 755 4893 tegri,fsed
778 4807 946 4876 etiam
983 4821 1171 4876 Daniel
1196 4833 1251 4877 et
1280 4820 1507 4891 Ioseph,
1533 4821 1739 4890 quibus
1767 4831 2050 4878 nocturna:

474 4919 715 4971 visiones
746 4918 800 4969 in
828 4916 1036 4971 somnis
1061 4930 1248 4970 earum
1283 4931 1466 4969 rerum
1526 4930 1650 4984 quae
1697 4914 1853 4971 factae
1913 4933 2051 4971 non-

472 5011 601 5062 dum
635 5015 813 5074 erant,
838 5023 1023 5062 veram
1054 5007 1537 5077 praeeognitionetn
1590 5007 1929 5076 praebebant.
1969 5009 2043 5063 De

474 5112 710 5169 utroque
733 5100 953 5170 sapiens
980 5100 1074 5156 ille
1120 5100 1408 5168 theologus
1453 5096 1754 5169 Gregorius
1788 5100 2046 5155 dubitans

474 5195 589 5261 ipse
619 5193 922 5263 quidquam
955 5194 1098 5248 scire
1135 5207 1194 5246 se
1222 5202 1408 5260 negat,
1434 5191 1574 5245 seire
1603 5201 1790 5247 autem
1813 5196 2048 5262 prophe-

476 5302 650 5339 tarum
676 5288 879 5351 Deum,
915 5288 1032 5341 sive
1064 5286 1354 5355 phantasia
1414 5293 1498 5338 est
1535 5284 1737 5339 diurna
1788 5286 1903 5340 sive
1946 5303 2046 5341 no-

472 5390 667 5432 cturna
696 5393 827 5433 vera
866 5378 1027 5439 visio,
1056 5379 1170 5431 sive
1219 5375 1452 5429 rationis
1505 5376 1715 5446 eﬂigies
1735 5392 2049 5448 praeeogno-
2084 5380 2093 5381 “

474 5472 680 5525 scentis
699 5471 884 5523 futura
912 5479 1171 5537 tanquam
1198 5468 1510 5537 praesentia.
1558 5469 1833 5522 Caeterum
1884 5484 2050 5523 nemo

478 5561 566 5615 Dei
594 5571 846 5616 naturam
874 5561 1011 5615 vidit
1048 5570 1140 5613 ant
1174 5561 1455 5628 professus
1478 5570 1584 5613 est.
1637 5558 1850 5626 Quibus
1880 5559 2048 5630 igitur

474 5654 673 5706 «Ιίνὶηιξ
707 5652 958 5707 Ecclesiae
1012 5665 1341 5706 communes
1397 5652 1682 5706 sententia:
1714 5666 1839 5705 cum
1866 5651 2047 5722 {ﬁrma

548 5835 625 5903 (ι)
665 5832 761 5885 Ἐκ
787 5831 878 5884 τοῦ
916 5836 1040 5900 περ’.
1070 5829 1349 5899 θεολογίας
1389 5833 1641 5902 δευτέρου
1682 5834 1864 5904 λόγου.

2145 3273 2239 3326 τοῦ
2273 3274 2433 3344 ὅρους
2459 3277 2699 3331 ἐναντίον
2724 3280 2831 3332 τῶν
2857 3282 2988 3334 υἱῶν
3031 3285 3267 3357 Ἰσραήλ.
3298 3306 3319 3339 ι
3353 3289 3464 3342 Καὶ
3497 3291 3725 3347 τοιαῦτα

2150 3365 2339 3434 μυρία,
2384 3366 2560 3419 ὁπόσα
2612 3370 2810 3422 κτιστὰ
2862 3370 2990 3425 ὄντα
3025 3377 3089 3445 τῇ
3142 3375 3241 3444 μὲν
3290 3377 3535 3449 ἀκτίστφ
3565 3382 3726 3454 οῦσίᾳ

2145 3457 2236 3509 τοῦ
2272 3458 2408 3510 Θεοῦ
2438 3459 2658 3512 πάντων
2680 3461 2883 3531 ἥκιστά
2906 3466 3054 3518 ἐστιν
3078 3468 3376 3536 ἁρμόττειν
3399 3470 3564 3537 ὅσιον,
3593 3475 3724 3541 πρός

2144 3567 2209 3618 γε
2243 3550 2349 3619 μὴν
2387 3552 2742 3624 παιδευτικὴν
2772 3554 2882 3607 τῶν
2935 3560 3239 3628 χρωμένων
3285 3562 3605 3632 οἰκονομίαν
3658 3567 3721 3618 οὗ

2149 3641 2295 3711 μάλα
2348 3642 2640 3713 ἀχρήστως
2685 3644 2820 3713 ἔχει,
2854 3648 2943 3700 ναὶ
2981 3649 3090 3718 μὴν
3119 3650 3229 3704 οὐδ’
3261 3651 3336 3715 ὡς
3380 3657 3723 3726 πορρωτάτω

2147 3733 2243 3786 τοῦ
2275 3733 2557 3803 ὠφελίμου
2597 3739 2794 3790 κεῖται.
2830 3739 3031 3793 Καλείν
3056 3741 3100 3794 δ’
3130 3739 3285 3811 οἶμαι
3331 3745 3400 3800 τὰ
3432 3747 3589 3814 λόγια
3615 3749 3724 3802 τῶν

2152 3822 2448 3892 προφητῶν
2506 3826 2563 3874 ὲν
2605 3823 2738 3877 εῖδει
2771 3824 2872 3895 μὲν
2922 3829 3143 3895 ὁμιλίαν
3169 3831 3305 3885 Θεοῦ
3342 3836 3434 3887 καὶ
3476 3836 3725 3907 ἀγγέλων

2148 3915 2285 3984 πρὸς
2318 3915 2643 3985 ἀνθρώπους
2670 3916 2768 3986 τὴν
2801 3918 3064 3989 αἰσθητὴν
3101 3924 3194 3977 καὶ
3226 3926 3592 3997 ἐγρηγορόσιν
3623 3929 3719 3981 αὖ-

2146 4008 2260 4069 τοῖς
2294 4007 2648 4078 φαινομένην,
2683 4007 2874 4072 ὁποίας
2902 4010 2995 4061 καὶ
3046 4010 3296 4083 Ἀϐραὰμ
3329 4015 3559 4083 ἠξίωται
3587 4018 3720 4087 πρό-

2146 4112 2306 4169 τερον
2333 4099 2465 4152 Θεὸν
2516 4101 2613 4169 οὐχ
2658 4100 2732 4163 ώς
2775 4100 2909 4153 Θεὸν
2950 4102 3094 4169 ἰδὼν,
3149 4106 3266 4157 ἀλλ’
3318 4107 3393 4167 ώς
3428 4109 3720 4180 ἄνθρωπον

2149 4190 2385 4259 θρέψας’
2437 4190 2494 4254 ὃς
2534 4192 2629 4243 καὶ
2682 4191 2944 4264 ἐπῃνέθη,
3000 4194 3154 4264 φησὶ,
3208 4196 3492 4263 σεϐασθεὶς
3522 4203 3720 4258 ὁπόσον

2148 4282 2437 4336 κατέλαϐε.
2475 4282 2586 4336 Καὶ
2617 4283 2759 4353 μετὰ
2797 4284 3088 4350 πλείστους
3119 4286 3310 4353 ἄλλους
3347 4287 3575 4359 ὕστερον
3604 4297 3722 4347 Μα-

2147 4374 2286 4427 νωέ·
2321 4374 2379 4437 ὃς
2403 4376 2497 4426 καὶ
2525 4373 2861 4428 ἀπολωλέναι
2905 4377 3054 4442 ὲὸόα,
3086 4378 3221 4431 διότι
3267 4379 3403 4434 Θεὸν
3452 4383 3719 4452 ἑώρακεν,

2148 4466 2224 4528 ὼς
2253 4465 2313 4517 οὐ
2345 4464 2599 4534 χωρητῆς
2646 4465 2956 4536 ἀνθρώποις
2986 4466 3188 4537 οὔσης,
3221 4470 3406 4540 φησὶν,
3439 4474 3558 4525 οὐδὲ
3583 4492 3718 4541 φαν-

2152 4558 2345 4620 τασίας
2377 4556 2545 4621 θείας,
2577 4557 2653 4625 μὴ
2685 4557 2764 4609 ὅτι
2801 4558 3036 4622 φύσεως.
3073 4557 3152 4611 Δι’
3186 4561 3530 4631 αἰνιγμάτων
3563 4565 3606 4617 δ’
3630 4566 3722 4617 οὖν

2145 4647 2243 4718 τὴν
2270 4647 2336 4699 δι’
2382 4647 2711 4716 όνειράτων’
2764 4649 3023 4719 ἀλαμπὴς
3065 4652 3173 4721 γάρ
3203 4667 3288 4716 τις
3338 4652 3502 4725 αὕτη,
3536 4659 3627 4709 καὶ
3658 4660 3717 4710 οὐ

2149 4739 2290 4792 πάνυ
2316 4755 2366 4792 τι
2390 4738 2656 4807 πρόδηλος
2677 4755 2689 4769 ·
2724 4742 2817 4793 καὶ
2865 4742 2973 4812 γὰρ
3003 4740 3071 4794 δι’
3097 4743 3274 4797 ἄλλων
3309 4744 3445 4800 ἄλλα
3474 4752 3720 4817 συμπλέ-

2148 4848 2319 4885 κουσα
2350 4832 2445 4882 καὶ
2476 4830 2924 4899 συγκρύπτουσα,
2978 4835 3131 4902 νέφει
3164 4838 3271 4890 τινὶ
3305 4840 3723 4913 καλυπτομένην

2150 4922 2419 4991 ἀσαφείας
2452 4921 2681 4992 παρέχει
2712 4923 2812 4993 τὴν
2839 4924 3092 4994 δήλωσιν.
3122 4919 3223 4980 Ὧν
3245 4930 3339 4983 καὶ
3364 4931 3605 4986 πλεῖστοι
3625 4937 3722 5004 μὲν

2152 5015 2330 5084 ἕτεροι
2359 5016 2599 5085 κήρυκες
2627 5015 2899 5086 ἀψευδεῖς,
2933 5018 3072 5072 ἀλλὰ
3126 5023 3223 5075 καὶ
3247 5022 3445 5095 Δανιὴλ
3474 5026 3569 5078 καὶ
3611 5028 3723 5080 Ἰω-

2158 5105 2288 5176 σὴφ,
2327 5101 2408 5169 οἷς
2444 5107 2755 5176 νυκτεριναί
2806 5124 2949 5171 τινες
3000 5110 3155 5177 ὄψεις
3185 5111 3507 5169 καθεύδουσι
3556 5117 3723 5186 μήπω

2158 5200 2458 5266 γεγονότων
2491 5198 2668 5268 ἀληθῆ
2701 5203 2962 5270 παρεῖχον
2993 5202 3093 5270 τὴν
3123 5204 3455 5272 πρόγνωσιν.
3492 5207 3626 5276 Περὶ
3652 5203 3723 5260 ὧν

2152 5290 2480 5359 ἀμφοτέρων
2534 5292 2561 5342 ό
2595 5292 2910 5358 σοφώτατος
2943 5292 3166 5363 ἀπορῶν
3218 5295 3480 5363 Θεολόγος
3515 5298 3722 5367 Γρηγό-

2154 5400 2268 5453 ριος
2296 5381 2372 5451 (1)
2403 5381 2564 5445 αὐτὸς
2607 5382 2710 5452 μὲν
2756 5385 3011 5451 ὁμολογεῖ
3043 5386 3116 5457 μή
3164 5387 3398 5453 εἰδέναι,
3427 5388 3628 5443 εἰδέναι
3668 5390 3723 5444 δὲ

2152 5473 2243 5524 τὸν
2262 5473 2370 5525 τῶν
2393 5473 2689 5543 προφητῶν
2717 5472 2870 5537 Θεὸν,
2903 5476 3012 5527 εἴτε
3035 5477 3304 5544 φαντασία
3333 5495 3416 5542 τις
3434 5473 3502 5550 ἦν
3528 5480 3724 5551 ἡμερι-

2154 5569 2240 5635 vi],
2275 5565 2385 5618 εἴτε
2443 5567 2636 5627 νυκτὸς
2670 5565 2905 5635 ἀψευδὴς
2935 5567 3079 5637 ὄψις,
3112 5570 3221 5622 εἴτε
3274 5571 3367 5623 τοῦ
3395 5573 3724 5643 ἡγεμονικοῦ

2154 5657 2398 5722 τύπωσις
2431 5658 2800 5729 συγγινομένη
2835 5662 2947 5724 τοῖς
3000 5661 3288 5731 μέλλουσιν
3336 5664 3411 5729 ὡς
3448 5665 3689 5738 παροῦσι
3712 5676 3724 5689 ‘
