4016 6490
266 476 369 544 3's“!

1214 463 1666 532 BYZAN'l‘tNE
1713 457 2104 523 lliS’l‘ORlAi
2144 437 2292 519 Lm;
2338 458 2611 518 xxxxv.

3473 457 3579 519 3:)8

269 592 414 665 πλὴν
445 590 623 654 οὐδεὶς
655 587 795 643 Θεοῦ
824 586 988 656 φύσιν
1023 581 1154 650 εἶδε,
1188 584 1379 652 φησιν,
1409 581 1440 650 ἧ
1476 578 1864 647 ἐξηγορευςεν.

2000 584 2028 625 ιι
2082 569 2356 625 constanti
2381 580 2564 624 meme
2599 566 2865 638 probam:
2893 574 3043 632 sunt,
3097 566 3163 622 iis
3192 574 3355 622 cLam
3390 571 3578 639 perfa-

266 685 364 752 Οἷς
393 686 576 741 τοίνυν
605 682 673 738 τὰ
693 685 807 738 τῶν
829 681 1028 737 κοινῶν
1058 677 1279 734 ἐννοιῶν
1312 676 1412 744 τῆς
1442 672 1535 725 τοῦ
1567 670 1703 722 Θεοῦ
1744 669 1869 721 Ἐκ-

266 781 502 851 sanciat;
555 776 807 847 πέπηγεν
859 776 1088 830 ἄσειστα
1122 769 1187 844 [Ῐ.
1214 768 1319 824 258
1356 765 1411 836 a]
1464 766 1607 820 κατὰ
1638 763 1868 832 γνώμην

267 871 518 927 ἑστῶσαν
563 867 662 920 καὶ
714 864 1113 936 ἀναμφίὂολον,
1174 861 1386 922 τούτοις
1442 859 1537 911 καὶ.
1572 853 1781 924 σφόδρα
1811 867 1866 904 τι

270 962 460 1033 psam
485 959 720 1030 ἀόρατον
755 957 849 1011 καὶ
873 957 1044 1027 μόνην
1082 953 1342 1009 ἄκτιστον
1371 947 1729 1019 δογματίζειν
1769 943 1865 999 τοῦ

1982 665 2089 720 cile
2118 671 2203 720 est
2246 663 2345 720 Dei
2375 660 2675 718 essentiam
2704 671 2763 716 ut
2816 660 3158 715 invisibilem
3188 669 3246 715 et
3287 662 3464 717 solam
3492 662 3579 718 in-

1982 767 2226 813 creatam
2246 757 2573 827 pervulgare
2603 764 2659 809 et
2687 754 2872 810 animo
2925 763 2984 809 et
3012 753 3197 827 lingua
3227 764 3285 811 et
3316 765 3501 813 mente
3523 766 3581 813 et

1985 865 2153 917 manu
2178 848 2287 905 diu
2306 856 2608 916 noctuque.
2650 846 2783 912 Qua:
2805 844 2991 901 omnia
3013 844 3079 900 ad
3110 860 3362 902 normam
3413 856 3470 903 et
3498 862 3584 903 re-

1978 942 2165 1014 gulam
2189 941 2384 996 deduci
2435 947 2689 1017 possunt.

268 1057 411 1113 Θεοῦ
441 1059 541 1128 τὴν
574 1058 768 1110 οὐσίαν
819 1056 916 1109 καὶ
938 1054 1138 1124 γνώμη
1186 1053 1279 1105 καὶ
1329 1049 1478 1119 ψυχῇ
1540 1046 1639 1102 καὶ
1707 1046 1856 1117 χειρὶ
1914 1043 2134 1115 νύκτωρ
2170 1058 2227 1095 τε
2274 1043 2373 1094 καὶ
2423 1039 2544 1111 μεθ’
2597 1037 2818 1110 ἡμέραν
2854 1037 2963 1103 ἀεὶ,
3018 1038 3114 1092 καὶ
3168 1041 3349 1093 πάντα
3404 1037 3580 1097 ταῦτα

273 1157 414 1228 πρὸς
457 1155 664 1208 κανόνα
693 1155 789 1208 καὶ
822 1153 1072 1222 στάθμην
1107 1150 1333 1219 ἀνάγειν
1369 1150 1509 1202 ἐκεῖ.

351 1253 428 1306 Z'.
465 1251 529 1306 Ei
555 1251 666 1319 γὰρ
718 1251 814 1302 καὶ
843 1249 1054 1314 Μωσῆς
1099 1247 1197 1319 τὴν
1229 1247 1466 1316 ἀόρατον
1502 1244 1696 1298 οὐσίαν
1739 1244 1875 1315 ὁρᾷν

276 1340 504 1395 ἐδύνατο
558 1338 656 1392 τοῦ
704 1338 867 1402 Θεοῦ,
922 1337 1025 1391 οὐκ
1057 1335 1126 1391 ἂν
1160 1337 1354 1409 ἁπάσῃ
1379 1333 1581 1408 γνώμῃ
1618 1334 1715 1387 καὶ
1745 1332 1875 1400 ὅλης

278 1432 454 1504 ψυχῆς
506 1430 794 1503 προθυμίᾳ
826 1430 1004 1487 οὕτως
1034 1428 1156 1499 ᾔτει
1184 1427 1437 1497 δεόμενος
1491 1424 1725 1495 ὕστερον
1780 1424 1877 1476 καὶ

277 1527 471 1593 λέγων,
536 1544 554 1576 ι
592 1524 654 1576 Εἰ
703 1523 920 1593 εὕρηκα
972 1522 1140 1592 χάριν
1198 1518 1450 1573 ἐναντιον
1504 1535 1623 1583 σου,
1674 1517 1875 1587 Κύριε,

276 1614 579 1686 ἐμφάνεσόν
613 1632 705 1686 μοι
742 1615 966 1669 σεαυτὸν
996 1613 1283 1681 γνωστῶς,
1318 1610 1415 1665 ῐδω
1446 1629 1526 1674 σε,
1564 1612 1712 1674 ὅπως
1742 1610 1809 1664 ἂν
1830 1603 1876 1664 ὦ

277 1707 531 1779 εὑρηκὼς
564 1709 724 1777 χάριν
776 1707 1021 1761 ἐναντίον
1062 1721 1183 1760 σου*
1219 1724 1238 1756 ι
1278 1705 1375 1759 καὶ
1405 1704 1594 1758 πάλινο
1638 1721 1657 1755 ι
1689 1703 1875 1770 Δείξόν

281 1817 375 1869 μιι
402 1801 501 1870 τὴν
527 1797 761 1852 σεαυτοῦ
785 1797 967 1863 δόξαν.
1010 1816 1029 1849 ι
1075 1799 1246 1868 Δῆλον
1293 1795 1403 1867 γὰρ
1438 1796 1514 1859 ὡς
1537 1794 1875 1865 σωματικῶς

280 1891 500 1962 βλέπων
529 1889 800 1961 ἐπεθύμει
830 1892 926 1944 καὶ
977 1888 1077 1960 τῆς
1109 1887 1262 1952 θείας
1329 1888 1518 1950 οὐσίας
1551 1887 1874 1961 θεατὴλγε⁶

2052 1237 2168 1292 νιι.
2204 1235 2261 1292 Si
2287 1236 2437 1292 enim
2488 1234 2606 1305 ipse
2631 1233 2812 1288 Moses
2869 1232 3202 1288 invisibilem
3252 1235 3347 1290 Dei
3400 1251 3587 1292 essen-

1982 1332 2113 1386 tiam
2169 1330 2360 1385 videre
2416 1328 2707 1399 potuisset,
2746 1341 2855 1380 non
2921 1335 3031 1381 tota
3078 1336 3263 1381 meme
3326 1336 3381 1384 et
3434 1331 3585 1386 omni

1984 1423 2153 1478 animi
2228 1399 2561 1478 intentione.
2619 1430 2809 1491 postea
2889 1428 3178 1488 rogasset:
3218 1438 3235 1471 ι
3283 1419 3342 1475 Si
3397 1421 3587 1481 inveni

1987 1519 2221 1588 gratiam
2280 1515 2424 1586 apud
2490 1525 2565 1580 te,
2613 1513 2866 1578 Domine,
2935 1513 3162 1568 ostende
3211 1514 3347 1568 mihi
3392 1516 3587 1573 faciem

1991 1618 2142 1662 tuam
2175 1616 2236 1662 ut
2266 1607 2437 1663 sciam
2478 1618 2533 1662 te
2562 1616 2619 1662 et
2663 1608 2941 1665 inveniam
3002 1607 3231 1677 gratiam
3299 1608 3444 1679 apud
3514 1622 3589 1676 te,

1984 1698 2236 1755 Domine.
2283 1717 2302 1750 ι
2344 1699 2413 1754 Ει
2475 1716 2719 1756 rursus:
2758 1720 2776 1754 ι
2833 1701 3077 1760 Ostende
3144 1703 3280 1758 mihi
3354 1704 3589 1775 gloriam

1983 1796 2159 1845 tuam.
2196 1811 2214 1845 ι
2285 1791 2642 1850 Manifestum
2703 1803 2790 1852 est
2847 1795 2995 1853 enim
3050 1796 3415 1868 corporaliter
3461 1813 3589 1854 cum

1982 1881 2233 1947 vidisset,
2266 1893 2487 1954 Optasse
2547 1895 2782 1941 eum'ut
2829 1886 3075 1942 divinam
3132 1890 3430 1944 essentiam
3497 1902 3590 1942 eoo

280 1984 497 2039 νέσθαι.
536 1984 610 2036 Τὸ
646 1983 704 2037 δέ
734 1978 802 2052 ἦν
828 1981 1124 2036 ἀδύνατον·
1161 1980 1580 2053 ἀπερίγραπτος
1609 1980 1702 2032 καὶ
1737 1978 1885 2033 ἀνεί-

2000 1984 2302 2046 gnosceret.
2332 1974 2450 2032 Hoc
2503 1991 2636 2032 vero
2693 1977 2814 2033 ﬁeri
2862 1993 2974 2034 non
2999 1987 3219 2049 poterat
3248 1998 3264 2034 :
3297 1995 3408 2037 non
3438 1979 3590 2034 enim

278 2079 403 2138 δεος
433 2077 460 2128 ό
488 2075 618 2138 Θεός
643 2089 656 2103 ’
695 2093 715 2127 ι
749 2073 823 2127 Τὸ
840 2074 1135 2143 πρίσωπόν
1173 2092 1277 2144 μου
1316 2094 1333 2125 ι
1371 2073 1481 2143 γάρ
1516 2087 1684 2140 φησιν
1725 2090 1741 2120 ι
1781 2070 1883 2123 οὐκ

279 2161 590 2235 ὀφθήσεταί
625 2178 745 2229 σοις
793 2163 974 2225 οὐδεὶς
1017 2163 1146 2231 γὰρ,
1183 2182 1203 2214 ι
1267 2162 1457 2231 φησιν,
1521 2178 1539 2212 ι
1573 2160 1768 2230 ὄψεται
1824 2158 1885 2211 τὸ

281 2257 580 2327 πρόσωπόν
625 2274 753 2328 μου,
803 2256 900 2310 καὶ
930 2255 1181 2328 ζήσεται.
1217 2255 1363 2308 Ἀλλ’
1395 2254 1517 2324 ὕψει
1540 2254 1609 2307 τὰ
1658 2251 1886 2306 όπίσθιά

287 2365 419 2418 μου,
453 2366 473 2399 ι
510 2349 619 2401 εἰτε
655 2348 784 2410 τοὺς
839 2347 1035 2416 λόγους
1083 2345 1192 2400 τῶν
1220 2344 1391 2399 όντων
1420 2344 1618 2412 λέγων,
1654 2343 1751 2397 καὶ
1777 2344 1881 2395 ὅσα

287 2441 392 2512 μὲν
419 2441 621 2494 ἐκεῖνον
655 2440 867 2494 ἐκείνου
892 2439 1252 2510 γνωρίσματα
1292 2438 1436 2491 κατὰ
1459 2438 1548 2491 τὸν
1571 2437 1715 2490 θεῖον
1741 2437 1888 2508 Γρή-

285 2533 494 2605 γόριον,
526 2532 636 2586 εἴτε
666 2533 767 2602 τὴν
791 2533 882 2587 διὰ
910 2534 1116 2605 σαρκὸς
1138 2533 1490 2602 ἐπιφάνειαν,
1520 2531 1621 2601 τὴν
1654 2530 1719 2583 ἐκ
1747 2531 1889 2600 Παρ-

286 2625 449 2678 θένου
477 2623 723 2696 δηλονότι
755 2624 1018 2694 γέννησιν
1043 2641 1058 2656 ο
1098 2625 1230 2694 περὶ
1262 2618 1330 2696 ἧς
1365 2626 1459 2677 καὶ
1482 2624 1512 2676 6
1555 2621 1889 2683 Ἀπόστολὸς

291 2730 483 2784 φησιν,
525 2733 544 2766 ι
594 2712 875 2785 Ἐπεφάνη
931 2715 965 2783 ή
1014 2712 1178 2784 χάρις
1226 2714 1318 2767 τοῦ
1355 2712 1558 2784 Θεοῦή
1614 2713 1890 2783 σωτήριος

292 2807 468 2859 πᾶσιν
512 2805 897 2877 dvenit-note,»
947 2806 1280 2876 ἐπιφάνειαν
1327 2805 1563 2860 ἐνταῦθα
1599 2805 1775 2874 λέγων
1825 2805 1889 2858 οὐ

293 2898 439 2953 κατὰ
465 2899 561 2970 τὴν
596 2899 764 2952 πάλαι
793 2897 905 2952 τῶν
929 2900 1255 2972 προφητῶν,
1288 2898 1424 2952 ἀλλὰ
1450 2899 1549 2968 τὴν
1571 2897 1666 2951 νῦν
1682 2897 1780 2968 τὴν
1804 2898 1893 2950 διὰ

295 2990 553 3061 σώματος
579 2990 816 3060 ἀληθοῦς
840 3007 853 3021 ο
890 2991 1017 3045 τότε
1058 2991 1169 3062 γὰρ
1189 2989 1280 3045 διὰ
1307 2986 1643 3061 σωματικῶν
1672 2990 1892 3059 σχημὰ-

293 3101 408 3139 των
459 3085 552 3138 καὶ
600 3085 852 3139 τοπικῶν
880 3084 1298 3156 φαντασμάτων
1349 3083 1636 3151 ἀναλόγων
1681 3084 1747 3152 τῇ
1783 3080 1892 3133 τῶν

292 3178 553 3250 ὁρώντων
584 3177 815 3249 δυνάμει
842 3179 1146 3249 ἐγίγνοντο.
1178 3177 1278 3232 Διὰ
1307 3177 1419 3250 γὰρ
1451 3176 1615 3231 τοῦτο
1648 3176 1745 3231 καὶ
1776 3176 1894 3229 διά-

296 3272 458 3344 φοροί
489 3290 548 3326 τε
579 3275 636 3327 αἰ
666 3274 893 3343 όράσεις
938 3274 1039 3327 καὶ
1093 3272 1397 3337 πολυειδεῖς
1427 3272 1713 3341 ἐφαίνοντο
1736 3285 1752 3300 ⁸
1798 3271 1895 3323 καὶ

297 3343 432 3436 γὰρ,
471 3384 489 3417 ι
534 3365 698 3435 Ἐγὼ,
732 3384 751 3418 ι
789 3366 982 3438 φησιν,
1038 3385 1056 3418 ι
1085 3366 1310 3436 ὁράσεις
1343 3364 1646 3432 ἐπλήθυνα,
1702 3364 1796 3417 καὶ
1832 3364 1891 3416 ἐν
1913 3343 1961 3407 C

297 3459 459 3529 χερσί
484 3460 781 3529 προφητῶν
809 3460 1129 3531 ῶμοιώθην.
1165 3477 1184 3510 ι
1230 3460 1293 3512 Ei
1322 3458 1430 3528 γὰρ
1459 3459 1654 3528 αὐτὴν,
1686 3459 1714 3510 6
1745 3458 1893 3526 Χρυ-

302 3550 603 3621 σορρήμων
649 3555 841 3622 φησὶν,
899 3552 1089 3622 ἐώρων
1120 3551 1222 3622 τὴν
1268 3549 1365 3606 τοῦ
1396 3549 1539 3603 Θεσῦ
1579 3550 1765 3619 φύσιν,
1792 3549 1896 3602 οὐκ

300 3637 369 3696 ἂν
392 3643 658 3711 διαφόρως
708 3643 977 3698 ἐθεῶντο’
1012 3644 1160 3713 ἁπλῆ
1192 3643 1302 3714 γάρ
1339 3661 1424 3709 τις
1460 3643 1556 3696 καὶ
1581 3643 1897 3713 ἀσχημάτι-

303 3752 429 3800 στος
460 3737 557 3789 καὶ
588 3737 904 3800 ἁσὺνθετος.
937 3732 1072 3791 Εἶτα
1123 3738 1225 3790 οὐκ
1275 3734 1493 3806 ὤφθην,
1535 3736 1650 3789 ἀλλ’
1679 3735 1898 3805 ὡμοιώ-

303 3828 427 3897 θην,
449 3830 615 3899 φησιν
636 3846 648 3859 '
687 3831 746 3884 οὐ
778 3831 887 3901 γὰρ
922 3829 1082 3895 ἄλλος
1116 3833 1144 3883 6
1178 3829 1380 3899 λέγων,
1411 3829 1529 3882 ἀλλ’
1568 3828 1732 3892 αὐτὸς
1767 3829 1897 3898 περὶ

306 3921 505 3975 ἑαυτοῦ
531 3924 681 3974 ἐστιν
707 3925 735 3975 6
767 3923 902 3985 Θεός
925 3937 942 3952 ⁵
977 3924 1009 3991 ἡ
1044 3922 1154 3993 γὰρ
1205 3921 1469 3993 ὁμοίωσις
1494 3922 1784 3991 ποιότητος
1815 3921 1901 3974 ἕν-

302 4010 478 4076 δειξιν
510 4011 623 4083 ἔχει
658 4012 754 4066 καὶ
783 4012 906 4083 οὐχὶ
962 4012 1206 4081 φύσεως,
1261 4013 1546 4082 σχήματος
1594 4009 1742 4080 λέγω
1802 4008 1898 4063 καὶ

298 4109 596 4178 χρώματος
623 4110 719 4162 καὶ
750 4107 850 4160 ὅσα
877 4109 944 4179 τῇ
970 4107 1095 4176 ὄψει
1129 4107 1383 4176 πέφυκεν
1414 4103 1773 4174 ὑποκείμενα,
1803 4103 1901 4156 καὶ

306 4201 412 4253 ὅσα
437 4203 502 4271 τῇ
529 4200 690 4271 ἀκοῇ,
716 4201 860 4269 λέγω
889 4200 954 4271 δὴ
986 4201 1045 4254 τὸ
1069 4200 1168 4271 τῆς
1199 4199 1391 4263 λαλιᾶς
1422 4194 1554 4268 ἦθος
1586 4199 1680 4252 καὶ
1707 4197 1901 4268 βούλη-

317 4310 414 4362 μα.
448 4295 560 4348 Καὶ
593 4296 699 4366 γὰρ
753 4295 849 4348 καὶ
895 4296 922 4348 6
962 4294 1058 4349 τοῦ
1111 4292 1404 4366 ἀνθρώπου
1442 4292 1567 4357 νοῦς
1601 4291 1899 4362 ἀσώματος

318 4387 392 4441 ῶν
418 4388 671 4460 αἰσθήσει
698 4391 795 4460 οὐχ
829 4390 1149 4444 ὑπόκειται·
1184 4388 1301 4443 ἀλλ’
1331 4389 1554 4442 ἐπειδὰν
1600 4388 1681 4450 εἰς
1704 4387 1902 4442 λαλιὰν

315 4481 446 4555 ἔλθῃ
470 4483 567 4536 καὶ
601 4482 791 4550 λόγους
812 4482 1134 4554 ἐνάρθρους,
1167 4480 1476 4553 τηνικαῦτα
1525 4481 1619 4535 καὶ
1645 4481 1900 4549 αἰσθήσει

319 4575 416 4645 μὲν
441 4574 840 4629 ὑποϐάλ).ετ,ριι’
878 4576 975 4628 καὶ
1009 4576 1072 4626 τὸ
1099 4576 1195 4644 τῆς
1231 4574 1442 4637 οἰκείας
1478 4575 1792 4646 βουλήσεως
1824 4568 1902 4627 εἰ·

1989 2069 2165 2125 forma
2194 2080 2292 2125 aut
2322 2070 2557 2142 imagine
2584 2070 2822 2142 quadam
2864 2073 3253 2130 circumscribi
3321 2073 3469 2130 Deus
3491 2089 3590 2144 po.

1991 2169 2119 2216 test.
2161 2182 2178 2214 ι
2217 2161 2412 2217 Facies
2444 2163 2592 2218 enim
2649 2178 2790 2230 mea,
2815 2163 2985 2238 4&9
3008 2166 3171 2234 dixit,
3211 2181 3321 2222 non
3359 2168 3588 2238 conspi-

1989 2254 2218 2310 cietura
2248 2263 2323 2321 te;
2352 2270 2519 2313 nemo
2536 2258 2843 2329 conspiciet
2870 2258 3068 2315 faciem
3096 2271 3372 2328 meam,et
3411 2262 3588 2327 vivet;

1991 2347 2089 2403 sed
2112 2348 2421 2418 conspicias
2455 2357 2667 2420 tergum
2692 2365 2900 2418 meum,
2939 2370 2957 2404 ι
2989 2353 3205 2408 scilicet
3234 2369 3421 2409 rerum
3439 2368 3597 2409 crea-

1995 2448 2174 2495 tarum
2208 2441 2453 2498 rationes
2471 2451 2528 2498 et
2553 2459 2915 2515 quascunque
2939 2444 3035 2502 ille
3064 2445 3367 2517 Gregorius
3399 2448 3593 2518 cogni-

1996 2534 2174 2589 tiones
2197 2534 2524 2599 nominavit,
2554 2535 2672 2591 sive
2704 2536 3010 2594 secundum
3031 2553 3255 2595 carnem
3296 2541 3597 2595 adventum

1996 2623 2183 2688 idest,
2241 2622 2483 2697 Virginis
2529 2634 2775 2695 partum,
2818 2627 2888 2683 de
2932 2643 3044 2698 quo
3071 2630 3375 2701 Apostolus
3417 2631 3595 2686 dicit:

2001 2717 2319 2788 «Apparuit
2372 2718 2548 2789 gratia
2604 2717 2703 2773 Dei
2754 2720 3016 2777 salutaris
3066 2724 3321 2779 omnibus
3360 2724 3597 2780 homini—

1997 2812 2121 2865 hus.
2162 2830 2179 2861 ι
2211 2810 2318 2867 Ubi
2344 2810 2700 2883 epipbaniam
2736 2812 3002 2884 intelligit
3054 2830 3163 2870 non
3199 2817 3487 2887 antiquam
3532 2818 3599 2872 il-

2000 2902 2108 2956 lam
2139 2901 2565 2972 prophetarum,
2593 2902 2688 2959 sed
2718 2920 2842 2975 quae
2892 2904 2999 2961 hoc
3030 2914 3285 2977 tempore
3334 2909 3479 2964 facta
3510 2922 3600 2967 est

1996 3010 2097 3063 per
2120 3011 2309 3049 veram
2343 3010 2592 3051 carnem.
2625 2997 2770 3053 Olim
2804 3000 2958 3056 enim
2987 3002 3274 3073 corporeis
3310 3003 3506 3058 formis
3536 3016 3599 3060 et

1998 3087 2333 3165 imaginibus
2377 3075 2681 3145 secundum
2718 3090 3316 3165 videntium;-captum
3368 3096 3596 3153 ﬁebant.

2001 3177 2116 3233 liae
2156 3160 2555 3236 enim'ratioue
2599 3181 2845 3238 visiones
2890 3183 3123 3240 diversas
3152 3196 3209 3240 et
3240 3187 3402 3242 variae
3431 3204 3603 3258 appa—

2004 3281 2259 3326 ruerunt.
2280 3270 2443 3338 Nam,
2464 3290 2481 3322 ι
2511 3272 2648 3343 Ego,
2669 3275 2869 3345 inquit,
2892 3275 3135 3333 visiones
3158 3278 3379 3350 implevi
3397 3290 3453 3333 et
3472 3270 3603 3351 pro-

1996 3362 2290 3433 phetarum
2316 3366 2582 3422 manilius
2618 3383 2706 3423 me
2736 3369 3065 3425 assimilavi.
3108 3389 3129 3423 ι
3153 3370 3377 3441 εἰςοιιίιη
3423 3374 3600 3443 ipsam

1998 3454 2270 3511 vidissent
2296 3456 2394 3512 Dei
2416 3459 2740 3525 essentiam,
2759 3461 2832 3515 ait
2852 3459 3305 3533 Chrysostomus.
3344 3479 3452 3519 non
3485 3465 3602 3520 dis-

2000 3547 2262 3603 similiter
2290 3551 2654 3621 contemplati
2684 3563 2893 3620 essent,
2943 3554 3151 3625 quippe
3182 3571 3307 3626 qua:
3359 3558 3604 3628 simplex

1999 3642 2093 3707 sit,
2116 3658 2226 3698 non
2251 3642 2510 3709 formata,
2548 3661 2656 3700 non
2688 3648 2994 3719 composita
3014 3648 3289 3721 quaedam.
3326 3652 3599 3707 Praeterea

1998 3748 2109 3788 non
2172 3744 2504 3806 conspectus
2570 3752 2732 3804 sum,
2795 3738 2892 3795 sed
2951 3755 3039 3795 me
3084 3741 3387 3796 assintilavi
3438 3743 3601 3799 dicit.

1999 3826 2116 3882 Nec
2143 3827 2293 3882 enim
2347 3829 2490 3883 alius
2529 3830 2847 3901 quisquam,
2903 3832 3000 3887 sed
3043 3832 3190 3889 Deus
3224 3834 3343 3904 ipse
3373 3835 3444 3890 de
3477 3850 3602 3891 sese

1999 3918 2266 3988 loquitur.
2289 3918 2608 3978 Similitudo
2629 3924 2782 3989 enim
2812 3925 2978 3980 habet
3003 3936 3393 3996 argumentum
3414 3930 3602 3999 quali-

2002 4012 2155 4080 tatis,
2188 4029 2301 4070 non
2323 4024 2557 4083 naturae,
2582 4017 2775 4072 forma:
2795 4018 3009 4073 scilicet
3041 4030 3099 4074 et
3129 4020 3334 4076 coloris
3369 4032 3425 4076 et
3450 4037 3602 4092 quae-

2001 4120 2223 4177 cunque
2269 4108 2450 4165 oculis
2472 4119 2605 4165 sunt
2640 4111 2913 4181 subjecta,
2966 4122 3023 4169 et
3062 4128 3412 4185 quacunque
3452 4117 3603 4171 auri-

2002 4200 2128 4268 bus,
2159 4202 2286 4258 dico
2309 4203 2577 4274 loquendi
2603 4205 3063 4262 consuetudinem
3118 4217 3174 4262 et
3206 4210 3599 4273 ~voluntatem.

2003 4293 2222 4350 Etenim
2256 4295 2500 4353 hominis
2530 4298 2671 4353 ratio
2694 4312 2825 4354 cum
2856 4299 3194 4370 incorporea
3255 4301 3349 4365 sit,
3410 4306 3600 4358 sensui

2006 4400 2117 4441 non
2143 4387 2391 4458 subjecta
2425 4398 2553 4458 est;
2590 4389 2688 4445 sed
2719 4400 3009 4461 postquam
3064 4394 3119 4446 in
3150 4393 3391 4465 linguam
3450 4397 3604 4451 venit

2005 4487 2061 4533 et
2118 4481 2284 4534 verba
2353 4481 2703 4548 articulata,
2763 4492 2881 4538 tum
2956 4487 3215 4542 sensibus
3282 4489 3599 4561 subjicitur.

2005 4571 2173 4644 450
2230 4575 2299 4631 Et
2358 4579 2670 4648 proprietas
2734 4580 3034 4645 voluntatis
3087 4593 3149 4638 et
3220 4585 3455 4642 aﬂ‘ectus
3499 4602 3597 4644 os-

314 4669 399 4731 δος
432 4670 529 4723 καὶ
554 4665 684 4740 ἦθος
715 4668 1051 4756 ἐνδείκνυται
1089 4667 1189 4737 μὲν
1223 4665 1470 4731 σκιωεῶς
1506 4669 1602 4721 καὶ
1653 4683 1893 4734 σωματι-

2010 4666 2288 4735 tenditur,
2348 4678 2409 4724 ut
2456 4670 2531 4724 ita
2569 4671 2773 4737 dicam,
2828 4689 2930 4743 per
2984 4675 3215 4732 umbras
3277 4689 3334 4733 et
3393 4679 3600 4750 ﬁguras

315 4762 427 4824 κῶς
450 4761 653 4842 εἰπεῖν,
675 4758 774 4830 τὴν
803 4759 860 4810 δὲ
915 4758 1079 4827 φύσιν
1134 4758 1479 4824 ἐνδείξασθαι
1513 4759 1720 4829 ἥκιστα
1749 4758 1865 4828 ἔχει
1890 4775 1893 4787 ·

2008 4768 2210 4816 natura
2265 4763 2486 4819 ostendi
2542 4767 2771 4821 minime
2840 4779 3045 4841 potest.
3101 4770 3399 4842 Corporeis
3450 4777 3602 4833 enim

319 4851 656 4920 σωματικοῖς
702 4849 811 4919 γὰρ
850 4846 997 4902 τοῦτ’
1032 4848 1300 4902 ἀδύνατον
1337 4847 1609 4917 ὄμμασιν.
1635 4849 1697 4901 Εἰ
1725 4847 1782 4900 δὲ
1808 4847 1901 4900 νοῦ

319 4943 480 5013 φύσιν
517 4942 643 4996 ἰδεῖν
675 4942 951 5014 αἰσθητῶς
1008 4942 1296 5009 ἀδύνατον,
1340 4941 1459 5005 πῶς
1487 4942 1622 4995 Θεὸν
1649 4941 1776 4995 ἰδεῖν
1805 4941 1902 4993 δυ-

318 5038 520 5102 νατόν;
579 5036 744 5091 Ὅθεν
797 5038 895 5089 καί⁸
952 5036 1152 5105 διπλῆν
1204 5037 1232 5088 ὁ
1289 5035 1423 5097 Θεὸς
1453 5033 1551 5106 τὴν
1594 5032 1703 5087 τῶν
1733 5033 1905 5087 ὄντων

321 5130 609 5203 εἴργασται
634 5128 821 5198 φύσιν,
847 5129 937 5182 διὰ
961 5129 1022 5182 τὸ
1050 5131 1146 5182 καὶ
1171 5128 1274 5200 τὴν
1303 5127 1488 5199 ἀνθρώ
1500 5146 1618 5192 που,
1641 5126 1716 5180 δι’
1746 5125 1805 5179 ὃν
1842 5127 1906 5179 τὰ

321 5224 614 5293 ποιηθέντα
674 5223 997 5292 πεποίηται,
1031 5222 1255 5291 ποίησιν
1303 5219 1445 5273 εἶναι
1504 5220 1725 5289 διπλῆν,
1755 5218 1819 5272 ἐκ
1845 5236 1905 5273 τε

323 5314 514 5387 νοητοῦ
563 5317 659 5368 καὶ
714 5314 986 5386 αἰσθητοῦ
1037 5312 1452 5385 συγκιιμένην⁶
1494 5313 1591 5367 καὶ
1641 5312 1782 5365 εἰσιν
1826 5312 1907 5365 οἰ-

321 5412 485 5473 κείως
507 5410 847 5480 ὑποκείμενα⁵
880 5408 958 5478 τῷ
990 5408 1088 5478 μὲν
1119 5408 1195 5478 νῴ
1223 5408 1508 5493 τὰενοητὰ,
1543 5409 1609 5477 τῇ
1641 5405 1689 5459 δ’
1717 5403 1911 5474 αἰσθή-

324 5519 408 5555 σει
460 5501 530 5555 τὰ
572 5502 873 5572 φαινόμενα
923 5503 1126 5554 πάντα.
1183 5493 1287 5553 Ὧν
1324 5500 1478 5554 οὐδὲν
1508 5497 1720 5569 οὐδαμῆ
1775 5515 1908 5551 ποτε

323 5598 610 5652 ἅκτιστονθ
657 5596 877 5668 εἴρηται
929 5595 992 5669 μ’.
1018 5595 1125 5649 238
1155 5594 1212 5664 ό]
1253 5596 1362 5664 γὰρ
1405 5593 1482 5656 ὡς
1518 5592 1675 5646 οὐδὲν
1702 5593 1810 5646 τῶν
1843 5594 1913 5664 τῇ

323 5689 581 5760 αἰσθήσει
624 5690 1082 5757 ὖποϐαλλομὲνων
1117 5687 1415 5758 ἀσώματον
1438 5701 1450 5717 '
1486 5686 1514 5737 ὃ
1545 5688 1603 5742 δὲ
1648 5687 1723 5757 μὴ
1762 5687 1909 5740 ἀσώ-

324 5798 524 5852 ματυν,
553 5784 671 5845 πῶς
702 5783 990 5845 ἄκτιστονς
1024 5782 1120 5843 Τίς
1142 5783 1252 5850 γὰρ
1274 5779 1445 5842 οὕτως
1465 5779 1693 5851 ἄμοιρος
1720 5782 1913 5841 αἰσθή-

327 5873 465 5934 σεως
496 5890 557 5926 τε
617 5874 714 5926 καὶ
756 5875 845 5926 νοῦ
898 5873 972 5936 ὡς
1008 5873 1271 5941 ἀγγέλων
1307 5878 1397 5924 καὶ
1433 5870 1623 5942 ψυχῶν
1660 5875 1750 5925 καὶ
1803 5876 1911 5924 τέων

326 5967 611 6034 τοιιύτων,
663 5969 970 6037 ὸσωμάτων
1006 5969 1103 6038 μὲν
1129 5970 1300 6021 ὅντων
1335 5966 1572 6022 κτιστῶν
1605 5967 1680 6035 δὲ,
1733 5965 1909 6020 ἔπειθ’

2007 4854 2162 4910 cerni
2185 4857 2362 4910 oculis
2396 4858 2612 4927 nequit.
2677 4859 2774 4915 Sin
2829 4875 2963 4917 vero
2997 4865 3230 4920 rationis
3280 4877 3474 4924 natura
3507 4888 3606 4942 pcr

2010 4960 2232 5002 sensum
2268 4949 2480 5018 percipi
2529 4964 2642 5005 non
2675 4963 2877 5022 potest,
2907 4957 3188 5024 quomodo
3217 4959 3363 5015 licus
3394 4967 3606 5032 poterit

2009 5041 2294 5110 conspici?
2320 5041 2670 5115 Quapropter
2691 5046 2966 5116 duplicem
3002 5051 3143 5106 Deus
3177 5068 3363 5108 rerum
3393 5065 3609 5111 creata—

2012 5147 2134 5186 rum
2158 5131 2297 5187 fecit
2351 5146 2635 5203 naturam,
2683 5139 2851 5194 etiam
2888 5139 3156 5210 hominis,
3219 5147 3380 5217 cujus
3438 5165 3605 5204 causa

2012 5226 2119 5280 illa:
2142 5225 2299 5282 factm
2327 5239 2480 5294 sunt,
2512 5230 2769 5287 formatio
2800 5233 3003 5305 duplex
3029 5248 3115 5292 est
3154 5254 3219 5294 ex
3284 5241 3607 5312 intelligibi-

2012 5317 2159 5373 libus
2185 5327 2241 5374 ct
2267 5322 2628 5378 sensibilibus
2686 5332 3080 5396 compositum,
3112 5340 3168 5386 et
3196 5334 3419 5402 proprie
3472 5334 3606 5390 sub-

2007 5411 2152 5485 jecta
2187 5422 2319 5468 sunt
2349 5416 2552 5470 rationi
2596 5417 3000 5490 intelligibilia,
3033 5425 3224 5480 sensui
3265 5437 3450 5481 autem
3484 5443 3605 5483 om-

2016 5504 2107 5558 nia
2138 5521 2260 5576 qua:
2287 5518 2577 5577 apparent,
2610 5527 2848 5580 quorum
2889 5514 3028 5569 nihil
3089 5531 3331 5585 unquam
3388 5517 3606 5573 increa-

2015 5605 2155 5651 tum.
2212 5597 2333 5654 iam
2382 5602 2496 5656 dixi
2547 5604 2688 5659 nihil
2738 5620 2931 5660 earnm
2992 5624 3175 5662 rerum
3238 5625 3360 5680 qum
3415 5614 3603 5667 sensui

2015 5692 2391 5763 subjiciuntur
2415 5712 2537 5752 esse
2588 5699 2709 5754 sine
2750 5715 3004 5770 corpore;
3058 5683 3206 5772 quod
3247 5715 3431 5759 autem
3490 5724 3603 5763 non

2016 5787 2428 5859 incorporeum,
2458 5794 2736 5862 quomodo
2762 5796 2869 5848 erit
2905 5798 3403 5868 increatum’Quis
3454 5805 3602 5858 enim

2020 5888 2127 5935 tam
2153 5898 2347 5937 sensus
2386 5895 2442 5940 et
2479 5887 2707 5941 rationis
2728 5899 2810 5942 est
2833 5906 3071 5959 expers,
3111 5904 3169 5947 ut
3194 5899 3512 5966 angelorum
3546 5909 3603 5953 ιι

2015 5974 2325 6032 animarum
2390 5988 2444 6033 et
2496 5996 2617 6038 quae
2646 5982 2923 6039 eiusmodi
2979 5986 3303 6057 incorporea
3357 5995 3603 6059 quiue...
