4016 6466
483 383 589 449 339

1708 378 2077 439 NICEPIIOI

2178 378 2553 440 GBEGORE
3629 376 3722 449 Ιιῦἱ)

484 507 579 561 sed
607 512 787 560 creata
808 508 960 566 sunt,
991 511 1335 570 qurecunque
1374 493 1439 550 ad
1467 494 1712 547 calorem
1744 504 1797 545 et
1833 492 2065 544 formam

2178 493 2275 545 ὅσα
2297 494 2549 563 χρώμασι
2586 496 2673 549 κατ
2714 494 2957 564 σχήμασι
2981 492 3075 545 καὶ
3104 489 3405 559 γλυκύτησι
3433 491 3525 544 καὶ
3555 491 3722 561 πικρό·

482 607 534 653 ει
562 596 907 650 dulcedinem
927 591 1427 648 ctamaritudinem
1459 597 1513 641 et
1539 585 1763 640 odorem
1794 585 2070 653 pertinent

482 703 537 745 et
573 690 639 745 ad
668 688 991 749 videndum,
1020 684 1379 747 audiendum,
1424 678 1770 735 sentiendum
1806 678 2066 753 increata,

483 781 834 836 nominanda
870 777 1123 849 judicct?
1154 776 1431 841 Quantum
1488 773 1579 825 ille
1624 771 1952 825 abhorreret
1998 769 2066 823 ab

488 875 701 929 insanis
737 884 790 926 et
821 885 1016 925 sensus
1049 867 1405 938 expertibus?

556 966 894 1036 \'lll.tAtque
913 971 974 1016 ιιι
996 962 1064 1016 iis
1093 976 1214 1031 quae
1245 958 1560 1030 singulatim
1588 967 1853 1029 apparent
1905 954 2071 1009 rebus

485 1059 754 1113 rationem
784 1057 1196 1118 conﬁrmemus,
1213 1060 1520 1108 atramento
1537 1060 1630 1105 aut
1648 1051 1756 1104 alio
1780 1049 1961 1104 colore
1987 1047 2073 1118 pi—

483 1150 799 1207 claalitlerm
836 1159 987 1204 certe
1014 1147 1211 1202 visioni
1236 1147 1493 1217 subjectae
1522 1156 1673 1209 sunt,
1720 1144 1815 1197 sed
1852 1144 1991 1197 inest
2013 1149 2070 1197 et

483 1243 638 1314 quasi
658 1244 789 1296 latet
809 1242 863 1295 in
887 1240 982 1295 illo
1004 1248 1316 1295 atramento
1346 1239 1617 1294 sententia
1655 1237 1922 1306 quaedam,
1949 1251 2071 1303 quae

483 1336 684 1390 visioni
716 1334 935 1388 subdita
971 1347 1095 1387 esse
1146 1330 1298 1386 nullo
1354 1330 1517 1386 modo
1577 1338 1776 1401 potest.
1815 1333 2071 1383 Attamen

480 1428 643 1501 [‘51
674 1427 935 1498 quoniam
976 1425 1143 1479 homo
1174 1440 1239 1478 ex
1271 1425 1452 1478 anima
1486 1432 1541 1479 et
1568 1438 1801 1492 corpore
1829 1429 2065 1488 constat,

480 1531 538 1576 et
575 1535 675 1591 per
707 1519 1050 1589 corporalem
1082 1527 1137 1571 et
1168 1516 1477 1571 sensualem
1513 1514 1776 1568 visionem
1819 1513 2069 1583 apprime

482 1612 724 1682 percipit
781 1611 1031 1681 corporis
1068 1611 1295 1673 formas,
1338 1623 1437 1679 per
1466 1607 1758 1661 mentalem
1791 1615 1847 1659 et
1882 1605 2075 1659 invisi¢

482 1705 653 1759 bilem
679 1704 879 1758 anima:
912 1701 1136 1757 oculum
1191 1698 1499 1753 sententias
1551 1713 1674 1767 qua:
1730 1696 1931 1751 litteris
1959 1695 2113 1750 illis’

487 1798 700 1851 insunt.
732 1796 811 1850 Ae
853 1792 1126 1848 mundum
1158 1792 1342 1857 illum,
1378 1792 1472 1861 qui
1499 1805 1530 1844 e
1573 1789 1714 1844 coelo
1754 1797 1809 1843 et
1840 1798 1984 1842 terra
2013 1796 2070 1841 et

2175 601 2301 652 τησι
2336 587 2430 639 καὶ
2479 589 2679 656 ὀσμαῖς
2720 586 3010 640 ὑπόκειται
3057 586 3152 636 καὶ
3205 584 3341 651 ἀκοῇ
3369 583 3461 635 καὶ
3499 582 3614 650 ὄψει
3645 586 3725 635 καὶ

2176 678 2287 746 ἀφῇ
2332 677 2605 748 κρίνεται,
2636 679 2823 747 λέγειν
2857 677 3123 736 άκτιστας
3151 674 3276 727 τίδ’
3309 674 3553 729 ἀπεοίκοι
3574 674 3728 728 ἂνοῦ-

2171 785 2265 831 τος
2299 770 2410 822 τῶν
2439 772 2785 841 μαινομένων
2818 770 2849 835 ἦ
2895 769 3277 836 άναισθήτων;

2244 948 2329 1002 Η⁹.
2368 948 2476 1002 Καὶ
2508 950 2576 1003 ἵν’
2602 951 2666 1002 ὲκ
2695 948 2806 1003 τῶν
2862 949 2983 1003 καθ’
3010 949 3219 1002 ἕκαστα
3269 954 3603 1019 φαινομένων
3652 952 3732 1002 τὸν

2174 1041 2330 1110 λόγον
2356 1042 2748 1113 γυμνάσωμεν,
2775 1041 2844 1094 τὰ
2871 1042 2957 1095 διὰ
2992 1042 3222 1110 μέλανος
3274 1042 3307 1112 ἢ
3357 1042 3422 1095 δι’
3446 1041 3597 1095 ἄλλον
3647 1042 3727 1094 τοῦ

2173 1135 2465 1205 χρώματος
2487 1135 2789 1205 γράμματα
2821 1135 2931 1188 τῶν
2964 1134 3272 1205 αἰσθήσεων
3308 1135 3406 1205 μὲν
3440 1136 3731 1189 ὑπόκεινται

2173 1227 2393 1290 πάντως
2418 1229 2483 1295 τῇ
2517 1226 2638 1295 ὃψει
2662 1243 2675 1257 ·
2703 1226 2819 1281 ἀλλ’
2859 1227 2973 1295 ἔχει
3004 1226 3101 1279 καὶ
3128 1226 3254 1281 νοῦν
3300 1228 3611 1295 ἐγκείμενον
3652 1232 3734 1282 καὶ

2175 1319 2548 1390 κρυπτόμενον
2565 1322 2621 1372 ὲν
2635 1318 2714 1388 τῷ
2740 1318 2953 1388 μέλανι,
2975 1320 3426 1390 ἀπηγορευμένον
3445 1320 3538 1373 καὶ
3553 1322 3737 1374 ἀδυνά-

2172 1430 2267 1466 του
2293 1414 2645 1466 παντάπασιν
2672 1412 2959 1483 ὄντοςδψει
2992 1412 3184 1467 τοῦτον
3212 1413 3738 1483 ὑποτεθῆναι.’¹ομως
3814 1406 3819 1415 “

2174 1505 2475 1576 ἐπειδήπερ
2514 1508 2541 1558 ὁ
2581 1504 2870 1576 ἄνθρωπος
2908 1506 3133 1570 διπλοῦς
3174 1508 3238 1560 ὲκ
3275 1506 3457 1577 ψυχῆς
3498 1509 3736 1577 συνετέθη

2174 1597 2267 1650 καὶ
2303 1598 2593 1667 σώματος,
2628 1599 2723 1651 καλ⁸
2757 1598 3089 1668 ἀμφοτέρων
3125 1598 3350 1652 ἐκείνων
3383 1600 3594 1661 οἰκείως
3628 1601 3737 1651 ἐπι-

2173 1686 2538 1756 λαμϐάνεται,
2567 1687 2656 1741 διὰ
2686 1688 2786 1758 μὲν
2814 1688 2915 1756 τῆς
2948 1692 3269 1760 σωματικῆς
3301 1689 3397 1743 καὶ
3426 1691 3737 1759 φαινομένης

2173 1781 2350 1848 ὄψεως
2373 1781 2481 1834 τῶν
2506 1781 2594 1835 διὰ
2622 1780 2875 1852 σώματος
2903 1783 3293 1851 χαρακτήρων,
3320 1783 3408 1837 διὰ
3434 1783 3488 1836 δὲ
3514 1763 3601 1834 τοῦ
3629 1800 3735 1835 νοε-

479 1903 830 1960 quiscunque
861 1886 1043 1941 media
1077 1892 1207 1939 sunt
1238 1892 1477 1949 constat,
1508 1881 1769 1936 similiter
1798 1882 1867 1935 ab
1909 1880 2069 1934 initio

2178 1870 2270 1941 ροῦ
2293 1870 2391 1934 καὶ
2417 1871 2658 1940 ἀφανοῦς
2677 1871 2776 1941 τῆς
2800 1871 2977 1942 ψυχῆς
3001 1872 3287 1944 ὀφθαλμοῦ
3311 1875 3420 1927 τῶν
3444 1876 3550 1937 τοῖς
3573 1874 3738 1944 γράμ-

485 1984 737 2038 Ιιοιηὶηεε
758 1979 923 2035 modo
948 1978 1267 2034 universum
1298 1975 1463 2031 modo
1486 1975 1773 2044 partialem
1802 1975 1919 2027 visu
1940 1988 2074 2028 eon-

474 2075 698 2145 cipiunt
724 2072 1031 2127 secundum
1062 2069 1176 2124 vim
1200 2077 1257 2124 et
1291 2076 1544 2122 naturam
1579 2082 1703 2137 quae
1732 2067 1806 2120 rei
1852 2066 2073 2120 unicui-

483 2178 594 2235 que
633 2165 797 2218 iuest.
829 2162 905 2216 Ex
941 2161 1026 2215 liis
1062 2158 1283 2214 duobus
1314 2157 1564 2213 omnium
1594 2154 1821 2211 οιηιιίιιο
1855 2163 2073 2210 constat

484 2257 733 2327 cognitio
756 2298 769 2321 ,
803 2253 1019 2308 scilicet
1055 2250 1297 2307 sensuali
1332 2248 1690 2320 perceptione
1738 2262 1837 2316 per
1881 2245 2072 2299 oculos

477 2357 537 2403 et
556 2347 610 2401 vi
650 2343 856 2399 mentis
878 2382 891 2404 ,
915 2356 1039 2411 quae
1069 2338 1426 2393 invisibiliter
1456 2352 1553 2406 per
1580 2343 1833 2389 naturam
1862 2333 2071 2388 excita-

482 2456 595 2507 tur,
631 2450 859 2511 apparet
907 2447 1092 2493 autem
1134 2451 1232 2507 per
1254 2435 1469 2489 litteras
1502 2446 1557 2486 et
1587 2446 1921 2486 sermonem.
1948 2428 2074 2484 Haec

478 2533 734 2605 quamvis
778 2546 887 2585 una
923 2531 977 2584 in
1014 2527 1216 2583 multas
1254 2524 1607 2581 distribuitur
1644 2526 2029 2594 perceptiones
2055 2561 2071 2589 ,

480 2625 684 2697 quippe
706 2639 827 2694 quas
860 2621 1138 2689 duplicem
1168 2619 1276 2673 vim
1303 2624 1555 2673 exerceat
1580 2633 1593 2681 ;
1622 2614 2073 2685 perceptionibus

481 2720 629 2772 enim
691 2714 1077 2785 corporalibus
1118 2711 1464 2782 corporalem
1501 2724 1599 2778 per
1628 2723 1812 2763 aerem
1872 2722 2069 2760 sonum

480 2805 712 2876 praebet,
743 2802 913 2857 menti
943 2817 1076 2856 vero
1110 2815 1234 2869 qua:
1264 2814 1375 2853 non
1409 2807 1636 2868 apparet
1682 2788 1810 2852 eam
1848 2806 2071 2852 senten-

484 2896 617 2950 tiam
650 2911 771 2964 quae
803 2893 935 2948 huic
976 2900 1191 2946 tantum
1220 2899 1449 2961 apparet
1480 2899 1537 2943 et
1559 2890 1890 2952 ostenditur,
1941 2890 2071 2940 mit-

484 2988 573 3044 tit.
614 2989 804 3056 ltaque
852 3000 1036 3040 rerum
1084 2982 1433 3054 publicarunt
1469 2991 1525 3035 et
1557 2980 1990 3035 domesticarum
2019 2990 2073 3033 et

482 3078 730 3135 omnium
783 3091 910 3146 quae
964 3075 1018 3129 in
1058 3076 1171 3129 vita
1227 3083 1531 3128 nascuntur
1587 3080 1646 3126 et
1696 3081 2069 3135 evanescunt,

481 3172 726 3241 cognitio
760 3184 924 3224 sensu
960 3182 1023 3221 ac
1053 3174 1237 3220 mente
1272 3180 1383 3219 una
1416 3165 1684 3228 sensuali,
1719 3165 1889 3217 altera
1933 3166 2072 3217 iuvi-

483 3239 656 3329 sibili,
689 3259 869 3331 quoad
898 3258 1206 3325 intelligere
1240 3271 1555 3327 possumus,
1585 3256 1785 3310 oritur.
1819 3256 2071 3326 Quapro-
2098 3239 2142 3294 δ

482 3367 609 3426 pter
641 3355 785 3407 Deus
819 3350 1062 3405 Verbum
1094 3363 1225 3403 caro
1268 3347 1447 3403 factus
1499 3347 1700 3402 mansit
1725 3349 1945 3418 quidem
1979 3349 2073 3416 qui

482 3456 606 3503 erat
622 3443 928 3515 Spiritualis
953 3451 1005 3497 et
1023 3451 1217 3512 praeter
1234 3451 1473 3496 mentem
1501 3440 1554 3494 id
1575 3440 1719 3510 quod
1740 3456 1847 3495 non
1871 3440 2079 3494 habue-

485 3548 575 3595 rat
598 3539 810 3607 recepit
837 3546 895 3591 et
940 3536 1122 3591 factus
1166 3546 1250 3591 εει
1285 3536 1488 3607 duplex
1525 3546 1722 3589 natura
1759 3534 2073 3589 incredibili

486 3633 694 3697 modo,
750 3640 810 3685 ut
876 3646 976 3701 per
1048 3629 1310 3683 miracula
1379 3646 1498 3698 quae
1555 3627 1741 3682 sensui
1811 3638 2078 3697 apparent

486 3724 652 3798 452
685 3724 972 3787 deitatem,
1002 3737 1126 3791 quae
1165 3736 1274 3775 non
1307 3718 1625 3791 apparebat,
1663 3720 1968 3773 denudaret
2001 3729 2079 3772 at-

488 3835 598 3888 que
647 3815 999 3881 ostenderet,
1056 3823 1223 3883 atque
1265 3813 1337 3866 ita
1380 3814 1448 3868 ab
1492 3813 1770 3868 miraculis
1798 3828 1919 3883 quae
1959 3827 2080 3867 sen-

487 3912 573 3969 sui
638 3920 900 3979 apparent
960 3918 1206 3977 tempore
1261 3906 1499 3975 erigeret
1567 3916 1623 3960 et
1691 3906 1953 3975 dirigeret
2009 3904 2076 3958 ad

486 4000 832 4071 gpiritualem
861 3998 1014 4053 illam
1061 4012 1126 4052 ac
1166 3996 1382 4053 beatam
1419 3997 1587 4051 vitam
1620 4012 1741 4066 quae
1766 4011 1928 4065 supra
1958 4010 2080 4050 seu-

489 4110 610 4150 sum
652 4103 756 4147 est.
794 4089 1011 4146 Etenim
1062 4104 1131 4144 ex
1162 4089 1543 4158 magnitudine
1578 4099 1633 4143 et
1665 4087 2079 4159 pulchritudine

492 4184 916 4247 miraculorum,
965 4197 1088 4252 quae
1117 4181 1187 4235 ab
1244 4181 1407 4235 initio
1444 4182 1500 4235 in
1538 4180 1811 4235 creaturis
1861 4194 2079 4247 semper

487 4289 779 4351 :tppal‘i‘lll,
823 4294 922 4347 per
975 4276 1281 4347 analogiam
1327 4277 1620 4347 quamdam
1668 4275 1900 4331 Creator
1944 4289 2079 4329 cou-

490 4372 744 4440 spicitur.
774 4370 883 4424 Nec
919 4370 1091 4432 enim.
1123 4378 1183 4425 ut
1233 4378 1460 4424 sanctus
1505 4368 1598 4423 ille
1637 4366 1932 4437 Dionysius
1960 4367 2076 4431 ait,

488 4464 721 4518 omnino
751 4462 1009 4531 cognosci
1042 4459 1389 4533 potestquod
1420 4459 1489 4514 ad
1518 4459 1813 4514 essentiam
1840 4457 2080 4525 pertinet

492 4570 597 4610 nec
635 4554 847 4625 percipi
881 4554 1024 4609 Deus
1051 4595 1066 4620 ,
1119 4551 1215 4608 sed
1261 4551 1333 4605 ob
1366 4550 1509 4605 facta
1562 4565 1659 4604 sua
1714 4548 2078 4604 celebrandus

489 4657 598 4711 εει,
634 4655 979 4716 quapropter
1006 4646 1322 4713 baptismus
1355 4641 1515 4697 nobis
1549 4640 1603 4694 in
1647 4640 1922 4710 duplicem
1954 4655 2079 4710 gra-

493 4741 624 4793 tiam
662 4750 778 4792 erat
802 4779 815 4801 ,
854 4752 952 4807 per
979 4751 1179 4806 aquam
1213 4734 1376 4789 simul
1435 4741 1493 4786 et
1550 4732 1850 4801 Spiritum,
1897 4741 1956 4785 ut
1987 4747 2080 4799 per

494 4847 691 4901 aquam
729 4846 853 4901 quae
885 4828 1071 4884 carnis
1111 4832 1316 4882 nostra:
1347 4824 1537 4880 sordes
1568 4825 1752 4878 eluere
1792 4824 1948 4889 solet,
1982 4825 2081 4878 ad»

492 4923 607 4975 dito
629 4922 821 4975 divino
840 4919 1079 4988 Spiritu,
1102 4914 1453 4970 invisibiliter
1473 4925 1526 4968 et
1553 4914 1954 4968 iusensibiliter
1972 4929 2081 4967 una

493 5027 617 5066 cum
645 5025 877 5079 corpore
893 5009 1114 5063 eluatur
1134 5007 1337 5061 anima.
1358 5004 1437 5059 Ad
1455 5019 1663 5060 sacram
1683 5021 1876 5075 aquam
1897 5014 2081 5059 autem

492 5102 757 5157 accedere
782 5100 1044 5169 Spiritum
1070 5107 1320 5153 sanctum
1339 5114 1437 5168 per
1455 5113 1679 5168 precum
1701 5099 2080 5152 ea-remouiam

497 5193 747 5247 ostendit
775 5193 938 5246 nobis
972 5202 1200 5246 sanctus
1223 5191 1669 5263 Chrysostomus,
1705 5210 1721 5241 ι
1748 5188 1886 5243 Tum
1915 5208 2082 5261 super

492 5287 802 5352 Christum,
827 5284 1139 5355 inquirens,
1170 5285 1421 5340 columba
1447 5284 1816 5354 apparuit,ita
1837 5294 1897 5337 ut
1925 5284 2081 5352 quasi

494 5379 666 5451 digito
681 5378 998 5433 ostenderet
1016 5378 1085 5433 iis
1102 5379 1195 5448 qui
1216 5378 1443 5433 aderant
1466 5386 1521 5432 et
1538 5378 1735 5432 Joanni
1758 5377 1957 5431 Filium
1987 5377 2081 5431 Dei

495 5487 677 5541 neque
695 5470 797 5526 hoc
813 5473 990 5525 solum
1016 5488 1204 5525 verum
1225 5472 1389 5527 etiam
1414 5480 1471 5526 ut
1490 5472 1669 5525 discas
1689 5486 1851 5539 supra
1876 5478 1925 5524 te
1946 5485 2087 5539 quo~

495 5581 604 5635 que
629 5566 719 5633 qui
742 5564 1053 5634 baptizatus
1079 5580 1139 5619 es
1158 5564 1419 5635 Spiritum
1444 5563 2083 5619 de5ceiulere.Nuncau-

495 5666 608 5713 tem
631 5658 874 5713 sensuali
907 5658 1067 5713 nobis
1094 5659 1307 5713 visione
1339 5674 1478 5728 Opus
1507 5674 1614 5711 non
1651 5667 1735 5712 est
1757 5697 1771 5722 ,
1814 5671 1939 5709 cum
1982 5670 2081 5724 pro

499 5750 760 5804 omnibus
784 5749 918 5806 ﬁdes
963 5752 1284 5807 satisfaciat.
1312 5752 1447 5807 Nam
1472 5752 1624 5820 signa
1662 5766 1767 5804 non
1803 5749 2081 5815 ﬁdelibus,

496 5844 593 5899 sed
625 5841 990 5902 inﬁdelibus.»
1031 5845 1314 5903 Visibilem
1352 5845 1511 5916 igitur
1545 5830 1937 5913 theophariiam
1971 5858 2079 5899 non

2179 1980 2344 2032 μασιν
2390 1963 2621 2027 ἐκείνοις
2668 1965 3003 2033 ἐγκειμένων
3053 1965 3366 2034 νοημάτων.
3414 1967 3523 2020 Καὶ
3563 1966 3647 2019 τον
3686 1966 3738 2032 ἐξ

2173 2054 2405 2125 οὐρανοῦ
2430 2055 2487 2109 δὲ
2513 2059 2607 2110 καὶ
2634 2056 2739 2125 γῆς
2767 2057 2862 2109 καὶ
2884 2057 2993 2111 τῶν
3018 2057 3076 2110 ὲν
3106 2060 3257 2129 μέσῳ
3283 2060 3508 2113 πάντων
3535 2059 3737 2128 συγκεί-

2179 2165 2338 2218 μενον
2372 2149 2579 2219 κόσμον
2612 2148 2813 2220 ὁμοίως
2857 2148 2917 2215 ἐξ
2958 2149 3156 2213 αίῶνος
3196 2149 3437 2221 ὁρῶντες
3477 2152 3738 2219 καταλαμ-

2177 2239 2432 2294 ϐάνουσιν
2465 2240 2743 2311 ἄνθρωποι
2780 2239 2899 2304 πῶς
2938 2242 3038 2311 μὲν
3074 2241 3342 2312 καθόλου,
3382 2243 3495 2307 πῶς
3527 2244 3579 2297 δὲ
3614 2246 3738 2298 uati

2177 2333 2375 2403 μέρος,
2404 2333 2549 2387 κατὰ
2577 2333 2674 2405 τὴν
2700 2333 2926 2387 ἐνοῦσαν
2952 2336 3170 2407 ἑκάστῳ
3198 2338 3363 2405 φύσιν
3391 2340 3484 2390 καὶ
3509 2338 3735 2408 δύναμιν.

2178 2426 2302 2480 Κάκ
2329 2428 2439 2480 τῶν
2468 2427 2616 2480 δυοῖν
2644 2427 3015 2501 τούτωνθπᾶσι
3052 2430 3273 2483 πάντων
3302 2433 3339 2502 ὴ
3378 2430 3573 2499 γνῶσις
3608 2431 3739 2483 συνί-

2178 2533 2389 2583 σταται,
2440 2517 2540 2587 τῆς
2587 2536 2648 2572 τε
2699 2519 2767 2572 δι’
2796 2518 2972 2589 ὅψεως
3022 2520 3355 2593 αἱσθητικῆς
3406 2522 3737 2593 καταλήψεως

2176 2611 2272 2663 καὶ
2304 2609 2405 2680 τῆς
2434 2610 2577 2664 κατὰ
2605 2611 2696 2665 τὸν
2726 2611 2853 2666 νοῦν
2882 2613 3165 2682 ἐνεργείας
3185 2654 3201 2679 ,
3237 2616 3462 2684 ἀφανῶς
3496 2617 3590 2686 μὲν
3616 2615 3738 2667 κατὰ

2178 2704 2342 2773 φύσιν
2378 2705 2549 2776 αὐτῆς
2589 2704 2952 2776 κινουμένης,
2990 2707 3441 2778 ἐμφανιζομένης
3482 2710 3525 2762 δ’
3550 2709 3637 2762 οῦν
3664 2708 3739 2760 διὰ

2175 2798 2523 2867 γραμμάτων
2562 2792 2719 2861 αὖθις
2760 2798 2857 2850 καὶ
2900 2799 3111 2862 λαλιᾶς.
3140 2800 3303 2862 ’Ήτις
3349 2803 3444 2854 καὶ
3484 2801 3614 2870 αὐτὴ
3656 2800 3739 2868 μία

2175 2888 2309 2940 οὖσα
2334 2888 2469 2958 πρὸς
2499 2888 2700 2952 πολλὰς
2729 2889 3014 2960 μερίζεται
3042 2892 3238 2957 ἀκοὰς,
3264 2892 3468 2963 διπλῆν
3489 2893 3583 2963 τὴν
3608 2892 3739 2960 ἐνέρ-

2175 2996 2331 3049 γειαν
2356 2981 2541 3051 δρῶσα
2568 2998 2582 3014 ο
2612 2984 2733 3044 ταῖς
2764 2982 2864 3050 μὲν
2888 2982 2996 3054 γὰρ
3026 2984 3219 3048 ἀκοαῖς
3251 2988 3593 3055 σωματικτῖς
3616 3002 3741 3038 τισιν

2175 3070 2363 3135 οὔσαις
2414 3074 2508 3125 τὸν
2556 3073 2869 3143 σωματικὸν
2916 3074 2984 3127 δι’
3019 3077 3182 3145 ἀέρος
3228 3077 3499 3149 ἐνάρθρου
3545 3078 3740 3131 δίδωσιν

2176 3160 2328 3234 ἦχον,
2360 3165 2437 3228 τῷ
2470 3164 2526 3217 δὲ
2562 3165 2635 3237 μὴ
2668 3167 2979 3237 φαινομένῳ
3010 3169 3108 3236 τῆς
3136 3168 3319 3239 ψυχῆς
3350 3170 3520 3241 νοερῷ
3550 3173 3634 3223 τὸν
3662 3173 3742 3238 ἑμ-

2178 3260 2506 3327 φαινὸμενον
2548 3259 2685 3329 αὐτῇ
2735 3261 2830 3312 καὶ
2880 3261 3359 3331 ἐνσημαινόμενον
3405 3266 3743 3333 παραπέμπει

2178 3351 2323 3405 νοῦν.
2361 3355 2471 3407 Καὶ
2508 3351 2686 3415 οὕτως
2726 3355 2757 3423 ἡ
2789 3353 2899 3407 τῶν
2938 3355 3233 3410 πολιτικῶν
3267 3358 3374 3413 καὶ
3411 3357 3742 3427 οἰκονομικῶν

2180 3447 2523 3515 πραγμάτων
2558 3448 2654 3500 καὶ
2685 3448 2795 3502 τῶν
2830 3449 2888 3501 ὲν
2924 3448 3025 3520 βίῳ
3068 3449 3287 3506 πάντων
3328 3453 3623 3523 κατάληψις
3658 3452 3743 3502 ὅσα

2178 3539 2390 3606 γένεσις
2432 3539 2553 3606 ἄγει
2590 3540 2685 3592 καὶ
2728 3539 2939 3610 φθορά,
2974 3531 3045 3595 δι’
3069 3542 3380 3614 αἰσθήσεώς
3412 3562 3470 3598 τε
3507 3545 3595 3597 καὶ
3633 3541 3743 3604 νοῦ,

2178 3628 2279 3697 τῆς
2328 3630 2424 3698 μὲν
2461 3633 2796 3700 φαινομένης
2828 3630 2922 3684 τοῦ
2964 3633 3021 3686 δὲ
3065 3638 3485 3705 κρυπτομένου,
3523 3636 3609 3689 τὸν
3638 3636 3744 3703 ἐφι-

2180 3722 2307 3773 κτὸν
2340 3722 2473 3791 ἡμῖν
2509 3725 2854 3792 περιγίνεται
2889 3726 3113 3796 τρόπον.
3157 3728 3251 3780 Διὰ
3291 3728 3357 3799 δὴ
3394 3729 3562 3780 ταῦτα
3601 3726 3688 3780 καί
3722 3725 3744 3775 ὁ

2180 3813 2314 3877 Θεὸς
2356 3816 2531 3882 Λόγος
2579 3817 2717 3885 σὰρξ
2758 3816 2994 3885 ἐγένετο,
3036 3819 3228 3888 μείνας
3269 3822 3408 3891 ὅπερ
3449 3817 3537 3891 ἦν,
3573 3820 3743 3886 νοητὸς

2181 3908 2274 3959 καὶ
2305 3908 2442 3979 ὑπὲρ
2473 3907 2630 3974 νοῦν,
2664 3910 2990 3980 προσλαὸὼν
3020 3911 3064 3965 δ’
3087 3913 3228 3983 ὅπερ
3259 3915 3360 3967 οὐκ
3388 3909 3455 3985 ἦν
3487 3915 3575 3966 καὶ
3605 3912 3743 3979 γενό-

2184 4016 2346 4069 μενος
2375 4000 2596 4079 διπλοῦς
2624 4001 2723 4073 τὴν
2757 4002 2919 4071 φύσιν
2951 4005 3263 4077 ἀπόρρητον
3294 4008 3526 4077 τρόπον,
3562 4006 3643 4058 ἵνα
3669 4001 3744 4055 διά

2180 4096 2291 4145 τῶν
2318 4096 2384 4163 τῇ
2415 4094 2671 4165 αἰσθήσει
2704 4097 3046 4165 φαινομένων
3076 4098 3372 4166 θαυμάτων
3401 4099 3497 4169 τὴν
3527 4098 3598 4166 μὴ
3632 4111 3745 4162 quis

2181 4182 2416 4253 νομένην
2449 4188 2805 4254 παραγυμνοῖ
2838 4188 2931 4239 καὶ
2962 4189 3342 4260 παραδεικνύῃ
3379 4189 3638 4257 θεότητα,
3667 4183 3747 4236 ml

2181 4274 2357 4337 οὕτως
2386 4276 2495 4330 ἀπὸ
2522 4278 2630 4330 τῶν
2662 4277 2784 4332 κατ’
2810 4280 3069 4351 αἴσθησιν
3101 4282 3447 4351 φαινομένων
3478 4284 3567 4335 καὶ
3598 4293 3748 4348 7.903-

2184 4367 2392 4438 καίρων
2435 4368 2732 4439 Θαυμάτων
2774 4372 2973 4443 ἀνιστᾷ
3016 4373 3114 4444 τὴν
3154 4371 3335 4446 ψυχὴν
3380 4373 3628 4445 ἐμμελῶς
3667 4370 3749 4422 καὶ

2184 4462 2263 4521 εἰς
2294 4461 2391 4530 τὴν
2425 4460 2566 4530 ὑπὲρ
2603 4462 2859 4532 αἴσθησιν
2893 4465 3174 4538 ἀπευθύνῃ
3210 4468 3411 4537 νοητήν
3441 4484 3499 4520 τε
3536 4466 3626 4519 aut
3659 4479 3752 4533 μα·-

2107 4580 2154 4635 D
2186 4554 2386 4622 καρίαν
2417 4553 2636 4623 εκείνην
2669 4555 2834 4625 ζωήν.
2875 4556 2970 4610 Ἐκ
3004 4560 3113 4628 γὰρ
3152 4558 3418 4627 μεγέθους
3453 4559 3542 4611 καὶ
3573 4556 3749 4609 καλλο-

2182 4646 2276 4715 νῆς
2313 4645 2422 4697 τῶν
2454 4645 2512 4712 ἐξ
2551 4646 2727 4715 ἀρχῆς
2766 4650 2824 4700 ἐν
2854 4650 2970 4711 τοῖς
3005 4652 3270 4719 κτίσμασι
3311 4650 3646 4719 φαινομένων
3676 4645 3753 4697 ἀεὶ

2184 4736 2480 4806 θαυμάτων
2510 4738 2790 4806 ἀναλόγως
2821 4740 2849 4792 ὁ
2880 4740 3212 4811 δημιουργὸς
3248 4744 3442 4811 ὁρᾶται
3471 4760 3484 4772 ·
3519 4739 3754 4806 ἀνεννόη-

2183 4848 2273 4884 τον
2298 4833 2406 4902 γὰρ
2426 4871 2441 4895 ,
2470 4832 2499 4883 ό
2525 4831 2665 4896 θεῖός
2696 4850 2826 4903 φησι
2853 4835 3160 4902 Διονύσιος,
3188 4838 3365 4906 πάντη
3396 4838 3534 4890 κατὰ
3559 4834 3651 4904 τὴν
3676 4831 3751 4883 οὐ·

2186 4925 2308 4976 σίαν
2334 4929 2426 4977 καὶ
2456 4926 2844 4995 ἀκατάληπτον
2869 4927 2933 4979 τὸ
2961 4928 3125 4992 θεῖον,
3153 4928 3267 4981 ἀλλ’
3293 4936 3355 4982 εκ
3383 4932 3489 4982 τῶν
3518 4924 3753 4979 altam?»

2185 5016 2484 5085 ὑμνητέον,
2521 5016 2601 5069 διδ
2642 5017 2739 5072 καὶ
2778 5018 2838 5071 τὸ
2881 5023 3026 5072 θεῖον
3068 5022 3201 5089 ἡμῖν
3243 5021 3528 5091 βάπτισμα
3565 5017 3753 5075 διπλοῖς

2185 5105 2305 5161 οὖσι
2348 5109 2572 5163 διπλοῦν
2613 5110 2878 5180 ἐχαρίσθη
2928 5108 2989 5183 [ῐ.
3032 5113 3138 5166 259
3184 5114 3263 5183 aj,
3308 5113 3377 5164 δι’
3404 5112 3589 5174 ὓδατος
3630 5103 3754 5176 όμοῦ

2188 5200 2282 5253 καὶ
2315 5199 2653 5269 Πνεῦματος,
2687 5203 2774 5254 ἵνα
2804 5202 2880 5272 τῷ
2916 5202 3097 5269 ὕδατι,
3127 5206 3251 5266 τοὺς
3286 5206 3581 5273 σαρκικοῦς
3610 5198 3755 5269 ἡμῶν

2186 5294 2273 5347 ἀεὶ
2323 5292 2531 5363 ῥύπους
2575 5293 2861 5363 καθαίρειν
2906 5296 3153 5359 εἰωθότι,
3202 5295 3631 5367 προσγενομένου
3673 5291 3755 5344 καὶ

2187 5385 2279 5438 τοῦ
2315 5385 2463 5439 θείου
2500 5386 2817 5457 Πνεύματος
2848 5389 3098 5460 ἀοράτως
3131 5390 3224 5444 καὶ
3257 5391 3513 5457 ἀφανῶς,
3550 5390 3660 5457 ἅμα
3687 5382 3755 5452 τῷ

2188 5478 2402 5547 σώματι
2444 5479 2884 5549 συγκαθαίρηται
2930 5481 3024 5533 καὶ
3066 5483 3099 5551 ἡ
3140 5482 3288 5552 ψυχὴ
3336 5478 3537 5551 νοερῶς
3574 5470 3629 5530 τε
3669 5474 3755 5527 καὶ

2186 5568 2431 5637 ἀφανῶς.
2470 5568 2596 5621 Ὅτι
2631 5570 2687 5621 δὲ
2724 5572 3205 5639 συμπαραγίνεται
3245 5573 3321 5641 τῷ
3360 5570 3511 5623 ῦὸαῖι
3547 5568 3753 5637 ἁγιαζο-

2192 5662 2339 5734 μένῳ
2366 5663 2474 5713 καὶ
2514 5661 2574 5714 τὸ
2620 5662 2846 5732 Πνεῦμα
2886 5664 2946 5716 τὸ
2991 5664 3149 5733 ἀγιον
3183 5665 3272 5718 διὰ
3313 5665 3412 5734 τῆς
3450 5662 3555 5716 τῶν
3593 5657 3755 5727 εὐχῶν

2187 5751 2530 5822 ἐπικλήσεως
2549 5792 2565 5819 ,
2599 5751 2757 5824 δῆλον
2792 5756 2819 5805 ὁ
2852 5754 2991 5818 θεῖος
3028 5759 3160 5827 ἡμῖν
3193 5758 3430 5810 ποιεῖται
3467 5754 3755 5824 Χρυσόστο-

2192 5860 2323 5915 μος,
2363 5862 2381 5897 ι
2417 5843 2550 5897 Τότε
2588 5844 2713 5915 μὲν,
2751 5862 2770 5897 ι
2808 5845 3016 5916 λέγων,
3055 5868 3073 5901 ι
3112 5852 3201 5903 ἐπὶ
3232 5846 3467 5919 Χριστοῦ
3498 5844 3581 5898 διὰ
3610 5836 3747 5895 tofm
