4016 6458
386 416 497 483 401

1322 417 1774 479 BYZANTINAZ
1814 416 2213 479 HISTORIKE
2256 416 2401 477 LIB.
2445 416 2716 477 ΧΧΧΝ-

3570 418 3591 473 1
3606 417 3685 477 (3‘2,

387 537 563 606 ἐφάνη
602 535 636 605 ἢ
680 534 999 606 περιστερὰ,
1036 532 1125 588 ῐνα
1166 534 1357 605 ὥσπερ
1395 537 1647 609 δακτύλῳ
1680 542 1788 592 τινὶ
1828 538 1976 610 δείξῃ

2101 552 2244 592 lnam
2281 537 2549 591 habemus
2580 545 2635 590 ct
2660 537 2832 592 solum
2855 534 3402 606 translignratimxem
3433 551 3532 590 nec
3565 552 3669 589 nn»

388 632 501 692 τοῖς
532 627 767 699 παροῦσι
801 629 897 682 καὶ
926 628 1002 699 τῷ
1038 629 1263 701 Ἰωάννῃ
1295 629 1387 683 τὸν
1425 632 1549 686 Υἱὺν
1579 632 1674 686 τοῦ
1708 632 1844 686 Θεοῦ
1868 650 1882 665 -
1919 635 1978 686 ού

395 720 553 791 μόνον
579 722 656 784 δὲ,
673 720 789 774 ἀλλ’
813 722 900 775 ἵνα
919 723 1010 774 καὶ
1034 722 1097 776 σὺ
1133 721 1316 796 μάθῃς
1336 724 1419 776 ὅτι
1451 728 1545 778 καὶ
1568 726 1665 778 ἐπὶ
1694 724 1755 778 σὲ
1787 726 1984 797 βαπτι-

397 813 627 884 ζᾶμενον
646 815 706 867 τὸ
730 814 961 885 Πνεῦμα
995 814 1240 886 ἔρχεται.
1259 815 1377 869 Νῦν
1412 816 1459 870 δ’
1482 819 1616 888 ἡμῖν
1639 819 1902 889 αἰσθητῆς
1919 820 1979 873 οὐ

388 908 551 979 χρεία
587 907 799 972 ὅψεως,
835 908 932 977 τῆς
970 909 1210 972 πίστεως
1245 909 1368 963 ἀντὶ
1404 909 1626 963 πάντων
1661 911 1939 981 ἀρκούσης
1964 927 1979 944 ο

390 1005 461 1052 τὰ
503 1003 612 1069 γὰρ
657 1002 857 1068 σημεῖα
898 999 956 1051 οὐ
993 1001 1104 1062 τοῖς
1144 1000 1495 1054 πιστεύουσιν
1528 1000 1665 1055 ἀλλὰ
1698 1005 1807 1065 τοῖς
1853 1001 1985 1056 ἀπί-

395 1110 561 1153 στοιρ.
598 1110 615 1141 ›
660 1091 896 1160 Ὀρατὴν
925 1088 1018 1142 οῦν
1050 1090 1373 1159 θεοφάνειαν
1400 1091 1461 1143 ού
1496 1090 1628 1161 μίαν
1661 1090 1859 1160 ἔχομεν
1889 1094 1985 1144 xal.

397 1190 567 1256 μέθην
600 1184 698 1254 τὴν
737 1184 1165 1259 μεταμόρφωσιν
1198 1182 1378 1252 λέγειν
1403 1225 1417 1249 ,
1453 1182 1566 1235 οὐδ’
1594 1183 1816 1254 ἀριθμῷ
1849 1200 1985 1252 συγ-

390 1272 710 1343 κλειομέίας
737 1292 752 1306 ·
800 1273 918 1326 ἀλλ’
947 1275 1006 1326 ἐν
1048 1275 1194 1336 ὅσοις
1237 1276 1263 1328 6
1308 1274 1442 1337 Θεὸς
1488 1274 1851 1346 ἐμφανίζεται
1896 1274 1986 1329 διὰ

393 1369 686 1436 συμϐόλων
718 1366 963 1438 θαύμασι
999 1368 1305 1438 μεγίστοις,
1342 1369 1522 1431 πάσας
1556 1369 1878 1437 θεοφανεέας
1907 1369 1987 1421 eia

389 1458 565 1521 κζτως
606 1458 670 1512 ἄν
705 1476 790 1519 τις
829 1456 1115 1511 καλέσειεν
1147 1459 1370 1528 όρατάς.
1411 1460 1574 1514 Ἀλλὰ
1617 1462 1711 1514 καὶ
1744 1461 1804 1513 τὸ
1846 1461 1987 1515 θεῖον

391 1548 486 1599 τοῦ
520 1546 759 1616 Χριστοῦ
795 1549 955 1618 σῶμα
986 1549 1312 1617 θεοφάνειαν
1343 1550 1600 1622 Μάξιμος
1628 1551 1832 1622 ὁρατὴν
1864 1553 1985 1605 ἐπι-

393 1643 725 1711 σγμαὶνεται
758 1640 937 1706 λέγειν
964 1642 1056 1694 τὸν
1088 1642 1262 1713 μέγαν
1290 1644 1593 1699 Διονύσιον.
1621 1646 1733 1698 Καὶ
1759 1644 1869 1717 γὰρ
1897 1646 1990 1699 καὶ

392 1737 426 1804 ἡ
458 1734 598 1787 κατὰ
630 1735 813 1802 σάρκα
843 1733 1103 1803 γέννησις
1137 1736 1310 1807 ὁρατὴ
1341 1737 1638 1805 θεοφάνεια
1668 1732 1757 1808 ἦν,
1786 1737 1864 1800 ὡς
1892 1737 1990 1790 καὶ

389 1830 418 1876 ὁ
459 1825 629 1896 μέγας
666 1824 869 1893 φάσκει
904 1825 1210 1896 Γρηγόριος
1232 1863 1248 1889 ,
1282 1826 1483 1879 οὑτωσὶ
1515 1824 1725 1894 λέγων,
1763 1845 1782 1879 ι
1819 1825 1902 1879 Τὰ
1932 1825 1989 1879 δὲ

2088 643 2242 683 mero
2271 642 2499 696 paucas,
2527 626 2623 681 sed
2659 626 2713 680 iu
2751 625 3179 696 quibuscnnquc
3207 624 3366 697 453
3398 625 3542 679 Deus
3570 640 3670 693 ap-

2085 724 2243 787 paret
2293 732 2392 785 per
2448 731 2643 786 magna
2692 716 3071 786 symbolorum
3131 716 3419 776 miracula.
3477 730 3669 769 omnes

2087 807 2454 878 theophanias
2484 807 2684 863 dixerit
2733 808 2862 878 quis
2909 808 3182 864 visibiles.
3214 808 3320 862 Sed
3355 810 3519 861 etiam
3548 823 3673 861 san-

2087 913 2235 959 ctum
2259 901 2467 958 Christi
2501 918 2705 973 corpus
2753 904 3143 974 theophaniam
3178 905 3453 959 visibilem
3486 902 3674 960 dicere

2086 1011 2344 1066 magnum
2377 996 2694 1068 Dionysium
2731 996 2995 1053 Maximus
3012 996 3273 1052 afﬁrmat.
3303 996 3515 1052 Etenim
3552 1013 3679 1066 par-

2087 1097 2179 1146 tus
2224 1104 2321 1159 per
2348 1104 2566 1144 carnem
2614 1089 2850 1145 visibilis
2881 1091 3014 1145 ‘erat
3062 1090 3393 1159 theophania
3419 1129 3435 1155 ,
3474 1099 3531 1143 ut
3557 1104 3679 1156 ma;

2086 1196 2227 1252 gnus
2271 1180 2568 1252 Gregorius
2621 1183 2730 1247 ait,
2761 1182 2998 1237 dicendo
3032 1201 3045 1237 :
3082 1202 3099 1235 ι
3127 1182 3481 1252 Thcophania
3531 1196 3679 1235 nunc

2087 1275 2403 1345 panegyris,
2425 1274 2478 1330 id
2502 1284 2606 1342 est,
2628 1276 2921 1332 nativitas;
2959 1285 3252 1345 utrumque
3274 1275 3419 1329 enim
3448 1275 3674 1336 dicitur,

2092 1367 2427 1436 tbeophania
2457 1382 2488 1422 a
2523 1368 2790 1438 φανῆναι,
2823 1368 2892 1422 ab
2927 1367 3077 1422 nasci
3114 1367 3395 1422 nativitas.
3427 1367 3539 1422 Nec
3573 1366 3681 1420 hoc

2093 1462 2300 1528 solum,
2326 1476 2518 1516 verum
2552 1462 2723 1517 etiam
2763 1444 3060 1518 invisibilis
3098 1459 3441 1531 conspicitur
3476 1468 3552 1523 et,
3583 1458 3679 1527 qui

2091 1552 2313 1608 initium
2350 1567 2463 1607 non
2500 1552 2711 1616 habet,
2747 1552 2967 1609 initium
3023 1552 3191 1622 capit.
3237 1550 3305 1604 Et
3340 1565 3462 1621 quae
3514 1564 3680 1619 porro

2091 1646 2318 1701 duriora
2355 1655 2485 1701 sunt
2511 1662 2676 1715 quam
2710 1644 3146 1700 incarnationem
3170 1642 3679 1698 Duminivisibilem

2097 1737 2495 1808 theophaniam
2532 1737 2834 1808 appellare,
2866 1736 3068 1792 similia
3097 1735 3164 1790 iis
3187 1734 3468 1804 Evangelii
3497 1732 3682 1788 verbis

2095 1847 2217 1900 quae
2248 1848 2259 1884 :
2299 1849 2317 1883 ι
2357 1830 2425 1884 Ει
2462 1827 2704 1885 Verbum
2739 1842 2868 1884 caro
2903 1827 3107 1883 factum
3140 1836 3224 1882 est
3247 1866 3262 1891 ,
3306 1844 3326 1878 ι
3361 1823 3680 1881 ostendunt.

390 1915 486 1970 νῦν
517 1917 791 1984 Θεοφάνια
821 1918 853 1986 ἡ
888 1892 1197 1987 πανηγύρις
1230 1917 1409 1970 εῐτουν
1441 1892 1698 1971 Γενέθλια
1719 1934 1733 1949 ·
1768 1918 1989 1987 λέγεται

2101 1923 2292 1993 Neque
2324 1922 2474 1978 enim
2510 1921 2813 1976 increatam
2850 1920 2923 1976 ob
2972 1919 3116 1976 hanc
3159 1934 3380 1975 causam
3419 1917 3680 1973 deitatem

391 2011 501 2080 γὰρ
538 2010 824 2080 ἀμφότεραι
851 2026 864 2040 ·
894 2011 1065 2080 ὄνομα
1097 2011 1149 2065 δὲ
1177 2010 1254 2082 τῷ
1288 2012 1526 2083 φανῆναι
1561 2013 1657 2083 μὲν
1684 2012 1984 2083 Θεοφάνια.

363 2104 469 2172 ’τῷ
500 2105 556 2155 δὲ
588 2104 885 2171 γεννᾶσθαι
919 2103 1205 2159 Γενέθλια.
1245 2122 1263 2154 ι
1300 2105 1374 2158 Οὐ
1416 2105 1577 2175 μόνον
1609 2104 1688 2170 δὲ,
1721 2105 1861 2158 ἀλλὰ
1894 2107 1987 2160 καὶ

399 2218 417 2245 ε
446 2195 502 2248 ’0
533 2195 815 2264 άόρατος,ι
852 2194 1042 2261 φησὶν,
1078 2214 1095 2247 ι
1130 2197 1346 2267 ὁρᾶται,
1375 2199 1469 2250 καὶ
1499 2197 1526 2250 ὀ
1557 2196 1797 2268 ἄναρχος
1825 2197 1989 2268 ἆρχε-

389 2305 522 2352 ται,
563 2308 580 2338 ι
616 2290 706 2338 καὶ
739 2287 839 2340 ὅσα
873 2288 999 2355 ἑξῆς
1035 2289 1457 2359 φρικωδέστερα
1492 2290 1592 2359 μέν
1624 2291 1732 2343 sict
1763 2290 1858 2343 τοῦ
1888 2291 1989 2361 τὴν

394 2384 671 2450 σάρκωσιν
702 2380 795 2434 τοῦ
833 2382 1040 2452 Κυρίου
1072 2382 1399 2451 θεοφάνειαν
1428 2384 1631 2455 όρατὴν
1664 2383 1993 2454 ὀνομάζειν,

392 2474 631 2542 ὁμόλογα
661 2473 717 2527 δὲ
748 2476 863 2533 τοῖς
897 2474 1275 2543 εύαγγελικοῖς
1308 2476 1520 2547 ῥήμασι
1549 2480 1694 2542 τοῖς,
1736 2495 1754 2528 ι
1797 2477 1855 2530 '0
1888 2477 1992 2531 Λό-

393 2583 491 2634 γος
528 2566 664 2636 σὰρξ
700 2566 952 2633 ἐγένετο,
997 2586 1015 2620 ι
1056 2569 1541 2638 ἀποφαινομένοις.
1575 2570 1649 2622 Ού
1691 2569 1800 2640 μὴν
1833 2570 1993 2626 ἄκτι-

398 2674 523 2711 στον
548 2658 634 2712 διὰ
657 2658 817 2711 τοῦτο
844 2660 1075 2730 θεότητοι
1097 2659 1197 2731 τὴν
1218 2660 1314 2714 τοῦ
1342 2661 1552 2733 Κυρίου
1580 2662 1762 2732 σάρκα
1786 2663 1993 2731 φαμὲν,

397 2749 534 2803 ἀλλὰ
556 2752 619 2820 τῇ
649 2751 1005 2825 προσηκούσῃ
1028 2751 1230 2820 γνώσει
1257 2753 1381 2806 νοῦν
1403 2754 1499 2825 agal.
1523 2751 1774 2820 γλῶτταν
1798 2753 1998 2824 ῥυθμί-

398 2840 582 2905 ζοντες
615 2844 676 2895 ὲκ
706 2843 814 2895 τῶν
844 2844 1059 2912 ὁρατῶν
1091 2845 1425 2914 θεοφανειῶν
1457 2848 1597 2915 πρὸς
1629 2848 1727 2915 τὴν
1757 2847 1867 2899 τῶν
1896 2849 1993 2900 ἀσ-

401 2932 580 3003 ράτων
613 2934 754 2986 κατὰ
785 2934 1013 3005 δύναμιν
1048 2936 1299 3006 ἀγόμεθα
1330 2937 1576 3005 ἔννοιαν,
1608 2939 1701 2992 καὶ
1732 2939 1874 2992 κατὰ
1902 2939 1995 2992 τὸν

400 3023 545 3078 θεῖον
580 3027 751 3079 εἰπεῖν
786 3029 1066 3084 Διονύσιον
1103 3030 1197 3083 ἐπὶ
1229 3031 1326 3101 τὴν
1356 3030 1539 3100 ἁπλῆν
1573 3032 1669 3085 zeal
1703 3032 1997 3104 ἡνωμένην

398 3116 510 3168 τῶν
539 3119 745 3187 νοητῶν
778 3118 1073 3187 θεαμάτων
1104 3123 1367 3192 ἀλήθειαν
1398 3123 1683 3193 ἀναλόγως
1714 3126 1998 3179 ἀνατεινό-

403 3207 565 3277 μεθα.
612 3228 629 3260 ι
674 3209 835 3265 Ἀλλὰ
874 3214 969 3265 καὶ
1007 3215 1034 3267 6
1076 3214 1317 3285 μελῳδὸς
1349 3215 1449 3285 τὴν
1487 3216 1771 3286 σάρκωσιν
1809 3217 2001 3286 ὑμνῶν

401 3300 496 3355 τοῦ
536 3304 779 3372 Κυρίου,-
806 3323 825 3356 ‹
862 3304 1200 3375 Θεοφανειας
1240 3325 1358 3375 σου,
1396 3328 1414 3362 ι
1452 3310 1674 3379 φάσκει,
1713 3327 1731 3360 ι
1767 3310 1997 3381 Χριστὲ.

401 3395 501 3457 τῆς
542 3397 678 3466 πρὸς
720 3399 867 3467 ἡμᾶς
910 3399 1219 3467 συμπαθῶς
1264 3403 1570 3472 γενομένης
1611 3403 1843 3466 Ἡσαΐας
1887 3404 2005 3471 φῶς

410 3486 532 3539 ἰδὼν
571 3489 941 3557 ἐκραύγαζεν.
970 3510 988 3542 ι
1026 3491 1137 3544 Kal
1177 3491 1371 3556 ἁπλῶς
1407 3495 1477 3547 τὰ
1519 3495 1578 3546 ἐν
1619 3496 1753 3549 πᾶσι
1794 3498 2005 3566 καιροῖς

404 3578 672 3648 γεννῖμενα
707 3580 800 3633 καὶ
839 3581 1101 3652 γινόμενα
1138 3583 1399 3653 θαύματα
1437 3585 1648 3640 παλαιά
1680 3603 1741 3640 τε
1778 3588 1875 3641 καὶ
1912 3588 2008 3640 νέα

404 3670 598 3738 ὀραττὶ
641 3671 954 3739 οεοφάνῖιαι
999 3674 1233 3742 λέγοιντ’
1262 3675 1328 3730 ἂν
1368 3678 1466 3730 καὶ
1510 3679 1631 3747 ἱερὰ
1682 3680 2006 3749 παραπετά-

408 3776 610 3829 σματα.
639 3761 880 3830 Δηλώσει
910 3764 965 3817 δὲ
1002 3765 1129 3836 περὶ
1160 3767 1268 3820 τῶν
1297 3766 1558 3821 τοιούτων
1587 3770 1681 3821 καὶ
1711 3771 1737 3821 6
1769 3770 1911 3832 θεῖος
1943 3772 2008 3823 ὲκ

405 3854 703 3922 Δαμασκοῦ
742 3855 1033 3926 Ἰωάννης·
1069 3876 1088 3908 ‹
1131 3857 1310 3923 Ἐπεὶ,
1344 3877 1363 3910 ι
1398 3859 1508 3930 γάρ
1538 3876 1696 3929 φησι,
1732 3876 1749 3910 ι
1782 3859 2007 3925 διπλοῦς

407 3947 436 3997 ὁ
480 3946 763 4016 ἄνθρωπός
801 3949 926 4029 ἐστι.
953 3950 1049 4002 καὶ
1084 3948 1339 4014 σύνθετος
1370 3953 1434 4004 ὲκ
1466 3951 1646 4021 ψυχῆς
1684 3953 1777 4004 καὶ
1815 3952 2005 4023 σῶμα·

409 4052 524 4100 τος,
560 4038 784 4103 διπλοῦς
827 4039 1017 4108 γέγονε
1061 4041 1155 4095 καὶ
1191 4044 1220 4096 6
1261 4043 1497 4112 Χριστὸς
1540 4046 1605 4097 ὲκ
1648 4045 1900 4116 θεότητος
1940 4041 2010 4117 ἧς

411 4128 525 4200 εἶχε
566 4135 657 4185 καὶ
698 4128 767 4205 ἧς
810 4133 1040 4204 ὕστερον
1083 4136 1444 4208 προσειλήφει
1491 4139 1718 4208 σαρκὸς,
1755 4139 1831 4202 ὡς
1867 4133 2010 4192 εἶναι

412 4224 511 4295 τὴν
539 4226 711 4297 αὐτὴν
749 4229 844 4280 καὶ
887 4228 1017 4297 μίαν
1055 4229 1357 4282 ὑπόστασιν
1396 4230 1491 4283 τοῦ
1534 4231 1743 4299 Κυρίου
1785 4230 2010 4301 κτιστὴν

412 4313 509 4365 καὶ
532 4313 811 4379 ἄκτιστον,
838 4317 1041 4387 ὁρατὴν
1067 4319 1161 4372 καὶ
1187 4319 1441 4388 ἀόρατον,
1470 4319 1681 4388 Διπλῆν
1707 4316 1800 4373 οῦν
1824 4320 2008 4374 δίδωσι

413 4409 509 4460 καὶ
538 4409 636 4475 τὴν
669 4408 936 4479 κάθαρσιν
967 4408 1042 4479 τῷ
1078 4410 1253 4483 διπλῷ
1271 4411 1550 4483 ἀνθρώπῳ
1592 4412 1658 4465 δι’
1690 4412 1877 4476 ’ὕδατος
1917 4414 2011 4467 καὶ

415 4500 759 4567 Πνεὺματος.
791 4500 899 4552 Kal.
929 4500 1229 4571 σωματικῷ
1258 4500 1391 4555 εῖδει
1417 4502 1552 4554 ὡσεὶ
1581 4502 1886 4573 περιστερὰ
1916 4521 2014 4557 χα-

413 4593 701 4663 τεφιίτησε
742 4594 804 4646 τὸ
848 4595 1071 4666 Πνεῦμα
1105 4596 1166 4648 τὸ
1203 4596 1362 4664 ἆγιον
1398 4596 1491 4650 ἐπὶ
1528 4596 1620 4649 τὸν
1662 4595 1865 4663 Κύριον
1888 4613 1903 4627 ο
1941 4598 2008 4651 τὰ

416 4686 522 4754 γὰρ
553 4687 721 4755 ὁρατὰ
755 4686 817 4738 σύ
828 4686 1000 4755 μϐολα
1030 4686 1139 4739 τῶν
1169 4686 1474 4757 νοουμένων
1505 4686 1637 4743 είσί.
1673 4688 1781 4739 Kal
1811 4687 2009 4755 διπλῆν

2098 2016 2316 2072 Domini
2348 2031 2573 2072 carnem
2606 2015 2847 2071 dicimus
2874 2053 2892 2079 ,
2933 2014 3030 2070 sed
3082 2013 3150 2068 ad
3202 2022 3387 2083 aptam
3415 2008 3686 2080 cognitio-

2098 2125 2224 2164 nem
2283 2118 2521 2164 mentem
2557 2116 2616 2164 et
2652 2106 2899 2179 ‘inguam
2935 2105 3333 2176 coniungentes
3377 2118 3444 2156 ex
3498 2100 3685 2154 visibio

2096 2203 2246 2256 libus
2278 2201 2634 2271 theophaniis
2668 2198 3145 2255 adinvisibilium
3194 2212 3291 2265 pro
3346 2193 3559 2248 viribus
3589 2207 3686 2243 uo-

2098 2292 2233 2346 stris
2257 2290 2633 2360 cognitionem
2654 2291 2938 2354 ducimur,
2974 2300 3029 2344 et
3065 2302 3124 2343 ut
3140 2296 3363 2343 sanctus
3392 2283 3686 2354 Dionysius

2100 2384 2275 2450 dicit,
2303 2384 2368 2439 ad
2398 2383 2702 2452 simplicem
2730 2391 2783 2437 et
2812 2387 3109 2453 perlectam
3158 2378 3528 2447 Spiritualium
3560 2391 3691 2429 con-

2103 2476 2522 2546 templationum
2573 2474 2858 2528 veritatem
2912 2491 3006 2543 per
3060 2473 3480 2528 similitudinem
3522 2469 3689 2539 erigi.-

2102 2583 2247 2623 mur.
2268 2550 2435 2621 Divus
2469 2579 2627 2636 poeta
2660 2567 3094 2621 incarnationem
3130 2563 3341 2620 Domini
3365 2564 3648 2619 celebrans
3670 2577 3691 2620 :

2111 2681 2129 2715 ι
2166 2662 2550 2732 Theophanis:
2576 2669 2707 2728 tuae,
2741 2659 2987 2723 Christe.
3009 2660 3210 2731 inquit,
3249 2675 3371 2729 qua:
3406 2674 3504 2727 per
3529 2656 3693 2710 mise-

2102 2756 2400 2812 ricordiam
2430 2756 2571 2812 facta
2605 2764 2712 2823 est,
2745 2757 2932 2811 lumen
2963 2771 3088 2810 cum
3135 2754 3365 2808 vidisset
3394 2752 3562 2805 lsaias
3590 2765 3693 2804 ex-

2106 2848 2387 2903 clamavit.
2427 2867 2445 2899 »
2492 2848 2671 2917 Atque
2734 2847 2999 2903 miracula
3033 2847 3304 2916 cujusque
3338 2841 3603 2914 temporis
3634 2849 3693 2895 et

2111 2943 2339 3012 antiqua
2372 2950 2429 2996 et
2463 2956 2603 2996 nova
2640 2950 2905 3011 poterunt
2938 2941 3181 2995 visibiles
3215 2937 3561 3008 theOphanire
3592 2950 3693 2987 no.-

2107 3037 2306 3091 minari
2329 3046 2384 3092 et
2414 3051 2571 3091 sacra
2597 3036 2901 3090 involucra.
2921 3034 3088 3106 454
3105 3034 3238 3098 Quae
3264 3035 3337 3087 ita
3364 3033 3691 3093 interpreta-

2110 3140 2198 3186 tus
2251 3142 2339 3185 est
2390 3138 2613 3186 sanctus
2637 3129 2880 3183 Joannes
2908 3127 3306 3181 Damascenus:
3331 3142 3350 3176 ι
3376 3124 3513 3178 Cum
3541 3120 3692 3175 enim

2108 3224 2279 3278 homo
2319 3224 2665 3293 compositus
2697 3221 2770 3276 sit
2804 3236 2868 3276 ex
2901 3221 3083 3275 anima
3107 3228 3162 3273 et
3208 3232 3462 3286 corpore,
3492 3213 3695 3283 duplex

2110 3317 2214 3371 fuit
2242 3325 2297 3373 et
2329 3317 2586 3372 Christus
2615 3332 2682 3369 ex
2714 3313 2923 3370 deitate
2942 3328 3106 3383 quam
3139 3311 3431 3371 habuerat,
3455 3316 3510 3363 et
3528 3320 3695 3362 carne

2105 3419 2297 3481 postea
2358 3419 2640 3479 assumpta
2702 3425 2810 3463 una
2859 3408 3165 3476 eademque
3208 3403 3422 3460 Domini
3455 3401 3696 3457 essentia

2107 3512 2290 3558 creata
2351 3512 2409 3556 et
2452 3503 2718 3562 increata,
2765 3499 3003 3554 visibilis
3051 3506 3109 3553 et
3173 3495 3468 3551 invisibilis
3526 3501 3633 3548 est.
3671 3512 3687 3543 ι

2109 3595 2392 3665 Duplicem
2438 3594 2609 3662 igitur
2663 3591 2972 3661 baptismus
3012 3588 3288 3644 ministrat
3318 3585 3694 3656 purgationem

2109 3687 2318 3756 duplici
2357 3685 2568 3740 homini
2606 3698 2702 3750 per
2730 3696 2928 3752 aquam
2971 3690 3028 3735 et
3082 3678 3374 3750 Spiritum.
3420 3675 3696 3743 Corporea

2110 3775 2284 3831 iorma
2314 3775 2458 3830 sicut
2496 3773 2748 3828 columba
2781 3770 3068 3826 descendit
3096 3769 3148 3822 in
3183 3767 3474 3822 Dominum
3515 3763 3696 3832 Spiri-

2118 3878 2208 3922 tus
2245 3876 2493 3921 sanctus.
2532 3863 2783 3919 Visibilia
2842 3862 2990 3915 enim
3037 3869 3166 3914 sunt
3223 3857 3468 3926 symbola
3502 3870 3695 3909 eorum

2111 3977 2235 4029 qu:e
2279 3968 2463 4014 mente
2511 3957 2925 4027 concipiuntur.
2963 3954 3032 4008 Et
3083 3952 3287 4021 duplici
3342 3948 3698 4004 veneratione

2111 4053 2287 4107 Deum
2334 4047 2725 4119 prosequimur
2759 4054 2815 4100 et
2853 4045 3039 4099 animo
3068 4052 3125 4098 et
3153 4040 3436 4111 corporeis
3465 4038 3698 4111 vocibus

2113 4151 2401 4203 canentes,
2434 4150 2491 4194 et
2521 4138 2819 4208 dupliciter
2837 4152 2961 4191 cum
2992 4136 3227 4189 Domino
3256 4143 3311 4187 et
3344 4130 3617 4201 mysteriis
3643 4138 3701 4183 et

2114 4234 2360 4305 Spiritus
2391 4232 2565 4303 gratia
2626 4228 3072 4284 reconciliamur.
3123 4225 3260 4281 Cum
3299 4223 3444 4279 enim
3501 4238 3696 4292 panem

2111 4329 2302 4390 edere,
2336 4340 2534 4395 aquam
2575 4331 2632 4379 et
2663 4323 2854 4376 vinum
2908 4322 3101 4375 bibere
3157 4319 3368 4372 soleant
3401 4316 3654 4370 homines
3681 4353 3697 4377 ,

2115 4412 2454 4471 consociavit
2485 4426 2609 4466 cum
2670 4410 2738 4464 iis
2795 4409 2968 4463 rebus
3023 4406 3285 4460 deitatem
3342 4418 3505 4459 suam.
3557 4401 3703 4455 Deus

2116 4520 2321 4575 easque
2351 4501 2593 4558 reddidit
2624 4516 2828 4570 corpus
2855 4509 2910 4555 et
2938 4499 3260 4569 sanguinem
3294 4513 3478 4561 suum,
3507 4494 3584 4549 uti
3608 4509 3705 4563 per

2116 4592 2582 4648 cerisuetudinem
2627 4601 2682 4646 et
2711 4600 2965 4644 naturam
3000 4592 3065 4645 ad
3094 4606 3156 4643 ea
3189 4603 3310 4658 qua:
3341 4602 3504 4656 supra
3538 4597 3701 4639 natu~

2121 4702 2238 4739 ram
2269 4692 2400 4738 sunt
2424 4683 2838 4753 perveniamus.

418 4783 791 4850 προσκύνησιν
861 4783 1023 4852 ἡμεῖς
1086 4780 1165 4853 τῷ
1202 4782 1322 4851 Θεῷ
1363 4783 1740 4852 προσάγομεν,
1777 4782 1855 4852 τῷ
1896 4800 1952 4834 τε
1997 4780 2073 4851 νῷ
2110 4785 2201 4835 καὶ
2242 4780 2306 4852 μ’.
2348 4781 2452 4835 259
2494 4777 2548 4846 b]
2586 4782 2700 4840 τοῖς
2744 4780 3077 4848 σωματικοῖς
3138 4776 3434 4846 ψάλλοντες
3474 4774 3700 4846 χείλεσι.

418 4874 526 4926 Kal
559 4873 763 4939 διπλῶς
792 4876 868 4945 τῷ
901 4876 1090 4948 Κυρίῳ
1122 4876 1425 4948 ἑνούμεθα,
1457 4878 1567 4931 τῶν
1633 4896 1691 4931 τε
1761 4878 2079 4947 μυστηρίων
2122 4878 2445 4947 μετέχοντες
2493 4877 2588 4931 καὶ
2630 4876 2730 4946 τῆς
2767 4874 2861 4927 τοῦ
2908 4874 3227 4944 Πνεύματος
3272 4874 3494 4944 χὰριτος
3519 4888 3534 4905 ο
3582 4872 3707 4926 ἐπεὶ

418 4971 525 5039 γὰρ
554 4969 675 5033 ἔθος
709 4970 1017 5043 ἀνθρώποις
1046 4947 1445 5038 ἐσθίεινᾶρτον
1478 4971 1624 5045 ὕδωρ
1687 4989 1747 5025 τε
1777 4973 1872 5026 καὶ
1899 4970 2041 5025 οἶνον
2086 4973 2285 5036 πίνειν,
2331 4969 2653 5035 συνέζευξεν
2734 4968 2913 5031 αὐτοῖς
2957 4967 3057 5037 τὴν
3103 4966 3269 5021 αὐτοῦ
3316 4964 3567 5034 θεότητα,
3613 4947 3708 5016 καὶ

419 5063 720 5135 πεποίηκεν
750 5065 891 5141 αὐδά
926 5064 1088 5135 σῶμα.
1121 5067 1215 5119 καὶ
1244 5060 1384 5137 αἷμα
1417 5066 1583 5122 αὐτοῦ
1605 5109 1622 5135 ,
1652 5066 1740 5120 ἴνα
1769 5068 1859 5121 διὰ
1888 5067 1999 5122 τῶν
2039 5068 2287 5137 συνήθων
2323 5066 2573 5121 καὶκατὰ
2608 5063 2774 5133 φύσιν
2811 5066 2868 5117 ἐν
2902 5064 3020 5125 τοῖς
3057 5062 3198 5132 ὑπὲρ
3219 5060 3382 5131 φύσιν
3399 5056 3703 5129 γινώμεθα.

492 5161 569 5215 8'.
630 5160 792 5213 Ἀλλὰ
820 5161 913 5214 καὶ
940 5162 968 5213 6
996 5160 1138 5224 θεῖος
1191 5162 1467 5233 Μάξιμος,
1498 5161 1780 5216 Διονύσιον
1833 5163 1995 5234 ἐρμη⁴

2192 5162 2289 5216 IX.
2326 5161 2395 5216 At
2429 5169 2656 5215 sanctus
2705 5157 2979 5213 Maximus
3013 5156 3108 5211 ubi
3140 5155 3481 5226 Dionysium
3535 5155 3708 5209 inter-

427 5256 616 5313 νεὶων.
646 5272 720 5306 πα
732 5254 1129 5325 ραπετάσματα
1148 5255 1329 5321 λέγειν
1355 5255 1490 5325 φησὶ
1516 5254 1795 5308 Διονύσιον
1817 5254 1885 5307 τὰ
1908 5271 1995 5307 σω

2124 5263 2396 5325 pretatur,
2436 5250 2609 5306 refert
2637 5265 2765 5305 eum
2805 5248 3094 5303 involucra
3126 5246 3312 5301 dicere
3344 5243 3708 5300 caeremonias

429 5348 670 5416 ματικῶς
700 5351 755 5400 ὲν
783 5350 847 5419 τῇ
868 5347 1097 5417 λατρεία
1124 5346 1427 5417 τελούμενα
1457 5348 1555 5417 τῆς
1583 5346 1806 5418 χάριτος
1827 5344 1923 5417 ἔθη
1957 5347 1995 5398 ὲι

2126 5361 2248 5412 qum
2292 5344 2348 5399 in
2396 5341 2786 5413 dispensandis
2813 5341 3009 5413 gratiis
3043 5337 3412 5408 corporaliter
3441 5334 3616 5399 ﬁunt,
3650 5334 3708 5390 in

426 5442 490 5510 τῇ
513 5432 1094 5512 Ἑκκλησίᾳ,’τουτέστι
1121 5441 1182 5493 τὸ
1207 5438 1301 5493 τοῦ
1324 5439 1835 5510 βαπτίσματοςηῇ
1854 5440 1995 5508 ἁγίας

2126 5435 2372 5492 Ecclesia
2399 5435 2615 5491 scilicet
2641 5433 2922 5503 baptismi,
2952 5447 3124 5487 sacrae
3157 5428 3588 5493 communionis,
3622 5442 3708 5482 re-

427 5532 710 5595 κοινωνίας
727 5533 821 5586 καὶ
835 5530 943 5585 τῶν
960 5532 1181 5587 λοιπῶν.
1204 5534 1314 5586 Kal
1333 5533 1384 5587 τί
1399 5532 1481 5587 δεῖ
1502 5531 1765 5585 πλειόνων
1782 5530 1995 5585 ἐνταῦθι

2129 5529 2432 5597 liquorum.
2464 5524 2609 5592 Quid
2642 5523 3025 5595 pluribusjam
3055 5520 3241 5578 verbis
3268 5535 3408 5590 opus
3422 5518 3547 5573 est?
3575 5515 3713 5573 Gre-

429 5623 632 5691 λόγων;
678 5624 847 5686 Αὐτὸς
889 5626 997 5695 γὰρ
1036 5627 1063 5678 6
1108 5624 1281 5694 μέγας
1325 5626 1382 5677 ὲν
1423 5624 1673 5696 θεολογίᾳ
1716 5624 1995 5695 Γρηγόριοι

2127 5622 2318 5692 gorius
2349 5619 2496 5676 enim
2532 5618 2626 5675 ille
2686 5617 2740 5672 in
2775 5613 3052 5685 theologia
3083 5626 3315 5683 magnus
3358 5609 3539 5678 ipsum
3574 5604 3712 5661 illud

432 5717 527 5768 καὶ
560 5716 692 5771 αὐτὸ
723 5717 787 5785 δὴ
818 5717 878 5770 τὸ
910 5717 1100 5789 Πάσχα
1130 5716 1227 5769 τοῦ
1267 5716 1476 5787 Κυρίου
1506 5716 1679 5769 τύπον
1707 5714 1911 5785 ἔφησεν
1941 5709 1993 5767 εἶ

2130 5714 2340 5769 Pascha
2378 5713 2595 5768 Domini
2641 5709 2881 5780 speciem
2909 5706 3048 5761 dixit
3097 5719 3241 5766 esse,
3285 5718 3392 5756 non
3433 5698 3713 5770 quomodo

434 5825 556 5872 ναι,
592 5810 667 5880 μὴ
696 5810 777 5863 ὃτι
808 5806 916 5864 τῶν
948 5810 1116 5863 πάλαι
1146 5808 1447 5879 προφητῶν
1478 5808 1663 5862 ἐκεῖνα
1693 5807 1794 5860 ὅσα
1826 5805 1995 5863 τούτω

2128 5819 2378 5862 veterum
2412 5804 2575 5883 455
2617 5799 3214 5874 prephetarumverba
3268 5795 3453 5854 omnia
3487 5795 3576 5850 illa
3614 5794 3718 5848 hu-

434 5900 637 5965 τύπους
674 5896 815 5957 εἶναι
849 5904 944 5959 καὶ
981 5901 1140 5968 σκιὰς
1169 5901 1226 5957 at
1259 5902 1400 5958 θεῖαι
1432 5902 1649 5975 Γραφαὶ
1685 5901 1995 5969 διειλήφασι

2128 5899 2214 5966 ius
2253 5897 2456 5966 ﬁguras
2487 5906 2543 5953 et
2582 5890 3040 5951 adumbrationes
3091 5905 3214 5949 esse
3248 5888 3418 5948 divini
3452 5886 3577 5944 libri
3615 5900 3717 5941 ex-
