  <div class='ocr_page' id='page_1' title='image "/cluster/home/n/w/nwhite01/storage/ocr_20150623/149:no.2/coo.31924054870542/209.png"; bbox 0 0 4016 6502; ppageno 0'>
   <div class='ocr_carea' id='block_1_1' title="bbox 378 368 485 431">
    <p class='ocr_par' dir='ltr' id='par_1_1' title="bbox 378 368 485 431">
     <span class='ocr_line' id='line_1_1' title="bbox 378 368 485 431; baseline 0.019 -2"><span class='ocrx_word' id='word_1_1' title='bbox 378 368 485 431; x_wconf 61' lang='lat' dir='ltr'><strong>M3</strong></span> 
     </span>
    </p>
   </div>
   <div class='ocr_carea' id='block_1_2' title="bbox 1614 369 2465 430">
    <p class='ocr_par' dir='ltr' id='par_1_2' title="bbox 1614 369 2465 430">
     <span class='ocr_line' id='line_1_2' title="bbox 1614 369 2465 430; baseline -0.002 -1"><span class='ocrx_word' id='word_1_2' title='bbox 1614 369 2039 429; x_wconf 79' lang='lat' dir='ltr'><strong>NlCEPlIORI</strong></span> <span class='ocrx_word' id='word_1_3' title='bbox 2079 370 2465 430; x_wconf 67' lang='lat' dir='ltr'><strong>GREGORE</strong></span> 
     </span>
    </p>
   </div>
   <div class='ocr_carea' id='block_1_3' title="bbox 3536 361 3657 425">
    <p class='ocr_par' dir='ltr' id='par_1_3' title="bbox 3536 361 3657 425">
     <span class='ocr_line' id='line_1_3' title="bbox 3536 361 3657 425; baseline 0.008 -1"><span class='ocrx_word' id='word_1_4' title='bbox 3536 361 3657 425; x_wconf 64' lang='grc'><strong>404</strong></span> 
     </span>
    </p>
   </div>
   <div class='ocr_carea' id='block_1_4' title="bbox 376 483 1958 559">
    <p class='ocr_par' dir='ltr' id='par_1_4' title="bbox 376 486 1958 559">
     <span class='ocr_line' id='line_1_4' title="bbox 376 486 1958 559; baseline -0.005 -17"><span class='ocrx_word' id='word_1_5' title='bbox 376 502 702 558; x_wconf 74' lang='lat' dir='ltr'><strong>posuerant.</strong></span> <span class='ocrx_word' id='word_1_6' title='bbox 739 490 1074 559; x_wconf 66' lang='lat' dir='ltr'><strong>«Participes</strong></span> <span class='ocrx_word' id='word_1_7' title='bbox 1096 490 1241 545; x_wconf 84' lang='lat' dir='ltr'><strong>enim</strong></span> <span class='ocrx_word' id='word_1_8' title='bbox 1263 489 1489 549; x_wconf 81' lang='lat' dir='ltr'><strong>erimus,</strong></span> <span class='ocrx_word' id='word_1_9' title='bbox 1512 487 1711 555; x_wconf 86' lang='lat' dir='ltr'><strong>inquit.</strong></span> <span class='ocrx_word' id='word_1_10' title='bbox 1735 486 1958 539; x_wconf 80' lang='lat' dir='ltr'><strong>Pascha-</strong></span> 
     </span>
    </p>
   </div>
   <div class='ocr_carea' id='block_1_5' title="bbox 2064 483 3656 559">
    <p class='ocr_par' dir='ltr' id='par_1_5' title="bbox 2078 483 3656 556">
     <span class='ocr_line' id='line_1_5' title="bbox 2078 483 3656 556; baseline -0.001 -18"><span class='ocrx_word' id='word_1_11' title='bbox 2078 507 2095 538; x_wconf 77' lang='grc' dir='ltr'><strong>ι</strong></span> <span class='ocrx_word' id='word_1_12' title='bbox 2131 486 2595 554; x_wconf 57' lang='grc' dir='ltr'>Μεταληψόμεθα,</span> <span class='ocrx_word' id='word_1_13' title='bbox 2640 505 2655 535; x_wconf 76' lang='grc' dir='ltr'><strong>ι</strong></span> <span class='ocrx_word' id='word_1_14' title='bbox 2692 485 2798 553; x_wconf 86' lang='grc' dir='ltr'><strong>γάρ</strong></span> <span class='ocrx_word' id='word_1_15' title='bbox 2830 502 2985 554; x_wconf 82' lang='grc' dir='ltr'>φησι,</span> <span class='ocrx_word' id='word_1_16' title='bbox 3022 503 3041 536; x_wconf 80' lang='grc' dir='ltr'><strong>ι</strong></span> <span class='ocrx_word' id='word_1_17' title='bbox 3077 484 3170 539; x_wconf 87' lang='grc' dir='ltr'><strong>τοῦ</strong></span> <span class='ocrx_word' id='word_1_18' title='bbox 3200 483 3392 556; x_wconf 74' lang='grc' dir='ltr'>Πάσχα</span> <span class='ocrx_word' id='word_1_19' title='bbox 3420 483 3513 537; x_wconf 85' lang='grc' dir='ltr'><strong>νῦν</strong></span> <span class='ocrx_word' id='word_1_20' title='bbox 3546 483 3656 554; x_wconf 70' lang='grc' dir='ltr'>μὲν</span> 
     </span>
    </p>
   </div>
   <div class='ocr_carea' id='block_1_6' title="bbox 379 577 1953 654">
    <p class='ocr_par' dir='ltr' id='par_1_6' title="bbox 379 577 1953 654">
     <span class='ocr_line' id='line_1_6' title="bbox 379 577 1953 654; baseline -0.003 -20"><span class='ocrx_word' id='word_1_21' title='bbox 379 584 449 636; x_wconf 88' lang='lat' dir='ltr'><strong>tis</strong></span> <span class='ocrx_word' id='word_1_22' title='bbox 496 599 644 638; x_wconf 90' lang='lat' dir='ltr'><strong>nunc</strong></span> <span class='ocrx_word' id='word_1_23' title='bbox 673 582 899 654; x_wconf 83' lang='lat' dir='ltr'><strong>quidem</strong></span> <span class='ocrx_word' id='word_1_24' title='bbox 936 583 1003 636; x_wconf 85' lang='lat' dir='ltr'><strong>ad</strong></span> <span class='ocrx_word' id='word_1_25' title='bbox 1037 581 1292 652; x_wconf 83' lang='lat' dir='ltr'><strong>ﬁguram,</strong></span> <span class='ocrx_word' id='word_1_26' title='bbox 1335 579 1589 649; x_wconf 77' lang='lat' dir='ltr'><strong>quamvis</strong></span> <span class='ocrx_word' id='word_1_27' title='bbox 1636 577 1953 646; x_wconf 87' lang='lat' dir='ltr'><strong>apertioris,</strong></span> 
     </span>
    </p>
   </div>
   <div class='ocr_carea' id='block_1_7' title="bbox 376 667 1958 742">
    <p class='ocr_par' dir='ltr' id='par_1_7' title="bbox 376 667 1958 742">
     <span class='ocr_line' id='line_1_7' title="bbox 376 667 1958 742; baseline -0.009 -7"><span class='ocrx_word' id='word_1_28' title='bbox 376 690 540 735; x_wconf 68' lang='lat' dir='ltr'><strong>(illam</strong></span> <span class='ocrx_word' id='word_1_29' title='bbox 584 674 718 730; x_wconf 90' lang='lat' dir='ltr'><strong>illud</strong></span> <span class='ocrx_word' id='word_1_30' title='bbox 770 674 1059 742; x_wconf 71' lang='lat' dir='ltr'><strong>antiquum</strong></span> <span class='ocrx_word' id='word_1_31' title='bbox 1115 671 1313 726; x_wconf 80' lang='lat' dir='ltr'><strong>fuerat.</strong></span> <span class='ocrx_word' id='word_1_32' title='bbox 1360 668 1567 724; x_wconf 80' lang='lat' dir='ltr'><strong>Pascha</strong></span> <span class='ocrx_word' id='word_1_33' title='bbox 1636 669 1782 722; x_wconf 89' lang='lat' dir='ltr'><strong>enim</strong></span> <span class='ocrx_word' id='word_1_34' title='bbox 1835 667 1958 721; x_wconf 88' lang='lat' dir='ltr'><strong>dico</strong></span> 
     </span>
    </p>
   </div>
   <div class='ocr_carea' id='block_1_8' title="bbox 379 762 1958 836">
    <p class='ocr_par' dir='ltr' id='par_1_8' title="bbox 379 762 1958 836">
     <span class='ocr_line' id='line_1_8' title="bbox 379 762 1958 836; baseline -0.006 -17"><span class='ocrx_word' id='word_1_35' title='bbox 379 766 611 836; x_wconf 73' lang='lat' dir='ltr'><strong>figurant</strong></span> <span class='ocrx_word' id='word_1_36' title='bbox 646 766 831 836; x_wconf 62' lang='lat' dir='ltr'><strong>ﬁgurae</strong></span> <span class='ocrx_word' id='word_1_37' title='bbox 867 766 1035 818; x_wconf 77' lang='lat' dir='ltr'><strong>fuisse</strong></span> <span class='ocrx_word' id='word_1_38' title='bbox 1064 764 1462 821; x_wconf 81' lang='lat' dir='ltr'><strong>ohscuriorem.</strong></span> <span class='ocrx_word' id='word_1_39' title='bbox 1488 762 1650 832; x_wconf 90' lang='lat' dir='ltr'><strong>paulo</strong></span> <span class='ocrx_word' id='word_1_40' title='bbox 1683 769 1806 827; x_wconf 86' lang='lat' dir='ltr'><strong>post</strong></span> <span class='ocrx_word' id='word_1_41' title='bbox 1834 774 1958 828; x_wconf 86' lang='lat' dir='ltr'><strong>per-</strong></span> 
     </span>
    </p>
   </div>
   <div class='ocr_carea' id='block_1_9' title="bbox 378 852 1958 920">
    <p class='ocr_par' dir='ltr' id='par_1_9' title="bbox 378 852 1958 920">
     <span class='ocr_line' id='line_1_9' title="bbox 378 852 1958 920; baseline -0.004 -9"><span class='ocrx_word' id='word_1_42' title='bbox 378 856 662 914; x_wconf 79' lang='lat' dir='ltr'><strong>fectiorem</strong></span> <span class='ocrx_word' id='word_1_43' title='bbox 716 870 771 912; x_wconf 90' lang='lat' dir='ltr'><strong>et</strong></span> <span class='ocrx_word' id='word_1_44' title='bbox 811 859 1193 920; x_wconf 83' lang='lat' dir='ltr'><strong>sinceriorem,</strong></span> <span class='ocrx_word' id='word_1_45' title='bbox 1227 873 1349 911; x_wconf 89' lang='lat' dir='ltr'><strong>cum</strong></span> <span class='ocrx_word' id='word_1_46' title='bbox 1395 870 1598 909; x_wconf 89' lang='lat' dir='ltr'><strong>novum</strong></span> <span class='ocrx_word' id='word_1_47' title='bbox 1645 853 1783 908; x_wconf 91' lang='lat' dir='ltr'><strong>illud</strong></span> <span class='ocrx_word' id='word_1_48' title='bbox 1819 852 1958 907; x_wconf 83' lang='lat' dir='ltr'><strong>bibit</strong></span> 
     </span>
    </p>
   </div>
   <div class='ocr_carea' id='block_1_10' title="bbox 389 941 1957 1016">
    <p class='ocr_par' dir='ltr' id='par_1_10' title="bbox 389 941 1957 1016">
     <span class='ocr_line' id='line_1_10' title="bbox 389 941 1957 1016; baseline -0.006 -12"><span class='ocrx_word' id='word_1_49' title='bbox 389 950 675 1004; x_wconf 82' lang='lat' dir='ltr'><strong>nobiscum</strong></span> <span class='ocrx_word' id='word_1_50' title='bbox 704 948 955 1002; x_wconf 83' lang='lat' dir='ltr'><strong>&#39;Verbum</strong></span> <span class='ocrx_word' id='word_1_51' title='bbox 1010 949 1067 1001; x_wconf 90' lang='lat' dir='ltr'><strong>in</strong></span> <span class='ocrx_word' id='word_1_52' title='bbox 1112 963 1299 1016; x_wconf 73' lang='lat' dir='ltr'><strong>regno,</strong></span> <span class='ocrx_word' id='word_1_53' title='bbox 1356 946 1611 1000; x_wconf 74' lang='lat' dir='ltr'><strong>revelatis</strong></span> <span class='ocrx_word' id='word_1_54' title='bbox 1657 953 1711 998; x_wconf 78' lang='lat' dir='ltr'><strong>ct</strong></span> <span class='ocrx_word' id='word_1_55' title='bbox 1745 941 1957 996; x_wconf 88' lang='lat' dir='ltr'><strong>traditis</strong></span> 
     </span>
    </p>
   </div>
   <div class='ocr_carea' id='block_1_11' title="bbox 378 1031 1956 1104">
    <p class='ocr_par' dir='ltr' id='par_1_11' title="bbox 378 1031 1956 1104">
     <span class='ocr_line' id='line_1_11' title="bbox 378 1031 1956 1104; baseline -0.004 -15"><span class='ocrx_word' id='word_1_56' title='bbox 378 1049 502 1103; x_wconf 64' lang='lat' dir='ltr'><strong>qua!</strong></span> <span class='ocrx_word' id='word_1_57' title='bbox 522 1035 702 1089; x_wconf 88' lang='lat' dir='ltr'><strong>adhuc</strong></span> <span class='ocrx_word' id='word_1_58' title='bbox 731 1035 1088 1089; x_wconf 88' lang='lat' dir='ltr'><strong>mediocriter</strong></span> <span class='ocrx_word' id='word_1_59' title='bbox 1115 1035 1501 1104; x_wconf 68' lang='lat' dir='ltr'><strong>patefeceram</strong></span> <span class='ocrx_word' id='word_1_60' title='bbox 1531 1033 1760 1087; x_wconf 89' lang='lat' dir='ltr'><strong>Tantam</strong></span> <span class='ocrx_word' id='word_1_61' title='bbox 1787 1031 1956 1101; x_wconf 80' lang='lat' dir='ltr'><strong>igitur</strong></span> 
     </span>
    </p>
   </div>
   <div class='ocr_carea' id='block_1_12' title="bbox 378 1124 1959 1197">
    <p class='ocr_par' dir='ltr' id='par_1_12' title="bbox 378 1124 1959 1197">
     <span class='ocr_line' id='line_1_12' title="bbox 378 1124 1959 1197; baseline -0.001 -18"><span class='ocrx_word' id='word_1_62' title='bbox 378 1143 503 1181; x_wconf 82' lang='lat' dir='ltr'><strong>eum</strong></span> <span class='ocrx_word' id='word_1_63' title='bbox 538 1128 750 1197; x_wconf 91' lang='lat' dir='ltr'><strong>copiam</strong></span> <span class='ocrx_word' id='word_1_64' title='bbox 788 1128 1090 1181; x_wconf 82' lang='lat' dir='ltr'><strong>habeamus</strong></span> <span class='ocrx_word' id='word_1_65' title='bbox 1128 1126 1613 1182; x_wconf 86' lang='lat' dir='ltr'><strong>innumerabilium</strong></span> <span class='ocrx_word' id='word_1_66' title='bbox 1645 1124 1869 1180; x_wconf 75' lang='lat' dir='ltr'><strong>testium</strong></span> <span class='ocrx_word' id='word_1_67' title='bbox 1900 1133 1959 1178; x_wconf 88' lang='lat' dir='ltr'><strong>et</strong></span> 
     </span>
    </p>
   </div>
   <div class='ocr_carea' id='block_1_13' title="bbox 379 1214 1959 1288">
    <p class='ocr_par' dir='ltr' id='par_1_13' title="bbox 379 1214 1959 1288">
     <span class='ocr_line' id='line_1_13' title="bbox 379 1214 1959 1288; baseline 0 -21"><span class='ocrx_word' id='word_1_68' title='bbox 379 1226 657 1273; x_wconf 84' lang='lat' dir='ltr'><strong>tantorum</strong></span> <span class='ocrx_word' id='word_1_69' title='bbox 687 1226 907 1287; x_wconf 86' lang='lat' dir='ltr'><strong>tamque</strong></span> <span class='ocrx_word' id='word_1_70' title='bbox 940 1217 1275 1288; x_wconf 90' lang='lat' dir='ltr'><strong>sapientium</strong></span> <span class='ocrx_word' id='word_1_71' title='bbox 1309 1218 1594 1271; x_wconf 87' lang='lat' dir='ltr'><strong>hominum</strong></span> <span class='ocrx_word' id='word_1_72' title='bbox 1631 1225 1687 1271; x_wconf 89' lang='lat' dir='ltr'><strong>et</strong></span> <span class='ocrx_word' id='word_1_73' title='bbox 1713 1214 1959 1285; x_wconf 59' lang='lat' dir='ltr'><strong>discipu-</strong></span> 
     </span>
    </p>
   </div>
   <div class='ocr_carea' id='block_1_14' title="bbox 376 1309 1958 1381">
    <p class='ocr_par' dir='ltr' id='par_1_14' title="bbox 376 1309 1958 1381">
     <span class='ocr_line' id='line_1_14' title="bbox 376 1309 1958 1381; baseline 0.001 -20"><span class='ocrx_word' id='word_1_74' title='bbox 376 1310 553 1363; x_wconf 82' lang='lat' dir='ltr'><strong>lorum</strong></span> <span class='ocrx_word' id='word_1_75' title='bbox 592 1309 793 1364; x_wconf 79' lang='lat' dir='ltr'><strong>divinae</strong></span> <span class='ocrx_word' id='word_1_76' title='bbox 840 1310 1123 1376; x_wconf 63' lang='lat' dir='ltr'><strong>Ecclesiae,</strong></span> <span class='ocrx_word' id='word_1_77' title='bbox 1157 1311 1252 1381; x_wconf 90' lang='lat' dir='ltr'><strong>qui</strong></span> <span class='ocrx_word' id='word_1_78' title='bbox 1307 1324 1499 1365; x_wconf 85' lang='lat' dir='ltr'><strong>omnes</strong></span> <span class='ocrx_word' id='word_1_79' title='bbox 1544 1310 1771 1363; x_wconf 88' lang='lat' dir='ltr'><strong>omnino</strong></span> <span class='ocrx_word' id='word_1_80' title='bbox 1802 1322 1958 1377; x_wconf 63' lang='lat' dir='ltr'><strong>quie-</strong></span> 
     </span>
    </p>
   </div>
   <div class='ocr_carea' id='block_1_15' title="bbox 374 1400 1960 1472">
    <p class='ocr_par' dir='ltr' id='par_1_15' title="bbox 374 1400 1960 1472">
     <span class='ocr_line' id='line_1_15' title="bbox 374 1400 1960 1472; baseline 0.002 -21"><span class='ocrx_word' id='word_1_81' title='bbox 374 1414 597 1469; x_wconf 89' lang='lat' dir='ltr'><strong>cunque</strong></span> <span class='ocrx_word' id='word_1_82' title='bbox 629 1401 815 1456; x_wconf 89' lang='lat' dir='ltr'><strong>divina</strong></span> <span class='ocrx_word' id='word_1_83' title='bbox 848 1403 1123 1457; x_wconf 83' lang='lat' dir='ltr'><strong>mirabilia</strong></span> <span class='ocrx_word' id='word_1_84' title='bbox 1154 1419 1253 1472; x_wconf 88' lang='lat' dir='ltr'><strong>per</strong></span> <span class='ocrx_word' id='word_1_85' title='bbox 1286 1404 1495 1458; x_wconf 86' lang='lat' dir='ltr'><strong>lumina</strong></span> <span class='ocrx_word' id='word_1_86' title='bbox 1522 1402 1676 1466; x_wconf 87' lang='lat' dir='ltr'><strong>liunt,</strong></span> <span class='ocrx_word' id='word_1_87' title='bbox 1712 1400 1960 1455; x_wconf 78' lang='lat' dir='ltr'><strong>visibiles</strong></span> 
     </span>
    </p>
   </div>
   <div class='ocr_carea' id='block_1_16' title="bbox 376 1490 1960 1561">
    <p class='ocr_par' dir='ltr' id='par_1_16' title="bbox 376 1490 1960 1561">
     <span class='ocr_line' id='line_1_16' title="bbox 376 1490 1960 1561; baseline 0.001 -20"><span class='ocrx_word' id='word_1_88' title='bbox 376 1490 855 1546; x_wconf 77' lang='lat' dir='ltr'><strong>nianifestatioues</strong></span> <span class='ocrx_word' id='word_1_89' title='bbox 882 1492 1104 1561; x_wconf 85' lang='lat' dir='ltr'><strong>quidem</strong></span> <span class='ocrx_word' id='word_1_90' title='bbox 1148 1492 1364 1556; x_wconf 88' lang='lat' dir='ltr'><strong>dicunt,</strong></span> <span class='ocrx_word' id='word_1_91' title='bbox 1396 1492 1624 1545; x_wconf 90' lang='lat' dir='ltr'><strong>minime</strong></span> <span class='ocrx_word' id='word_1_92' title='bbox 1654 1500 1837 1545; x_wconf 88' lang='lat' dir='ltr'><strong>autem</strong></span> <span class='ocrx_word' id='word_1_93' title='bbox 1876 1490 1960 1544; x_wconf 86' lang='lat' dir='ltr'><strong>in-</strong></span> 
     </span>
    </p>
   </div>
   <div class='ocr_carea' id='block_1_17' title="bbox 375 1582 1957 1654">
    <p class='ocr_par' dir='ltr' id='par_1_17' title="bbox 375 1582 1957 1654">
     <span class='ocr_line' id='line_1_17' title="bbox 375 1582 1957 1654; baseline 0.002 -23"><span class='ocrx_word' id='word_1_94' title='bbox 375 1588 590 1634; x_wconf 69' lang='lat' dir='ltr'><strong>czeatas</strong></span> <span class='ocrx_word' id='word_1_95' title='bbox 629 1582 885 1649; x_wconf 86' lang='lat' dir='ltr'><strong>deitates,</strong></span> <span class='ocrx_word' id='word_1_96' title='bbox 907 1584 1139 1639; x_wconf 89' lang='lat' dir='ltr'><strong>minime</strong></span> <span class='ocrx_word' id='word_1_97' title='bbox 1154 1599 1369 1654; x_wconf 73' lang='lat' dir='ltr'><strong>aequum</strong></span> <span class='ocrx_word' id='word_1_98' title='bbox 1401 1593 1607 1638; x_wconf 89' lang='lat' dir='ltr'><strong>estnon</strong></span> <span class='ocrx_word' id='word_1_99' title='bbox 1632 1598 1755 1638; x_wconf 89' lang='lat' dir='ltr'><strong>cum</strong></span> <span class='ocrx_word' id='word_1_100' title='bbox 1780 1597 1957 1652; x_wconf 78' lang='lat' dir='ltr'><strong>popu-</strong></span> 
     </span>
    </p>
   </div>
   <div class='ocr_carea' id='block_1_18' title="bbox 374 1671 1947 1733">
    <p class='ocr_par' dir='ltr' id='par_1_18' title="bbox 374 1671 1947 1733">
     <span class='ocr_line' id='line_1_18' title="bbox 374 1671 1947 1733; baseline 0.004 -10"><span class='ocrx_word' id='word_1_101' title='bbox 374 1671 478 1725; x_wconf 87' lang='lat' dir='ltr'><strong>lari</strong></span> <span class='ocrx_word' id='word_1_102' title='bbox 504 1672 874 1732; x_wconf 85' lang='lat' dir='ltr'><strong>indoctiorum</strong></span> <span class='ocrx_word' id='word_1_103' title='bbox 895 1687 949 1733; x_wconf 88' lang='lat' dir='ltr'><strong>et</strong></span> <span class='ocrx_word' id='word_1_104' title='bbox 967 1677 1367 1733; x_wconf 87' lang='lat' dir='ltr'><strong>iueruditorum</strong></span> <span class='ocrx_word' id='word_1_105' title='bbox 1384 1676 1787 1732; x_wconf 77' lang='lat' dir='ltr'><strong>existimatione</strong></span> <span class='ocrx_word' id='word_1_106' title='bbox 1817 1691 1947 1730; x_wconf 92' lang='lat' dir='ltr'><strong>con-</strong></span> 
     </span>
    </p>
   </div>
   <div class='ocr_carea' id='block_1_19' title="bbox 370 1764 1957 1834">
    <p class='ocr_par' dir='ltr' id='par_1_19' title="bbox 370 1764 1957 1834">
     <span class='ocr_line' id='line_1_19' title="bbox 370 1764 1957 1834; baseline -0.003 -12"><span class='ocrx_word' id='word_1_107' title='bbox 370 1764 585 1834; x_wconf 81' lang='lat' dir='ltr'><strong>junctis</strong></span> <span class='ocrx_word' id='word_1_108' title='bbox 618 1765 881 1822; x_wconf 85' lang='lat' dir='ltr'><strong>deitatem</strong></span> <span class='ocrx_word' id='word_1_109' title='bbox 933 1768 1232 1822; x_wconf 83' lang='lat' dir='ltr'><strong>increatam</strong></span> <span class='ocrx_word' id='word_1_110' title='bbox 1266 1767 1495 1822; x_wconf 85' lang='lat' dir='ltr'><strong>subesse</strong></span> <span class='ocrx_word' id='word_1_111' title='bbox 1524 1766 1748 1831; x_wconf 88' lang='lat' dir='ltr'><strong>docere,</strong></span> <span class='ocrx_word' id='word_1_112' title='bbox 1782 1777 1837 1819; x_wconf 91' lang='lat' dir='ltr'><strong>et</strong></span> <span class='ocrx_word' id='word_1_113' title='bbox 1870 1765 1957 1818; x_wconf 90' lang='lat' dir='ltr'><strong>di-</strong></span> 
     </span>
    </p>
   </div>
   <div class='ocr_carea' id='block_1_20' title="bbox 373 1856 1961 1928">
    <p class='ocr_par' dir='ltr' id='par_1_20' title="bbox 373 1856 1961 1928">
     <span class='ocr_line' id='line_1_20' title="bbox 373 1856 1961 1928; baseline -0.004 -11"><span class='ocrx_word' id='word_1_114' title='bbox 373 1880 595 1919; x_wconf 80' lang='lat' dir='ltr'><strong>versum</strong></span> <span class='ocrx_word' id='word_1_115' title='bbox 627 1879 657 1917; x_wconf 91' lang='lat' dir='ltr'><strong>a</strong></span> <span class='ocrx_word' id='word_1_116' title='bbox 692 1862 875 1917; x_wconf 84' lang='lat' dir='ltr'><strong>divina</strong></span> <span class='ocrx_word' id='word_1_117' title='bbox 897 1858 1136 1916; x_wconf 83' lang='lat' dir='ltr'><strong>essentia</strong></span> <span class='ocrx_word' id='word_1_118' title='bbox 1184 1858 1319 1913; x_wconf 85' lang='lat' dir='ltr'><strong>illud</strong></span> <span class='ocrx_word' id='word_1_119' title='bbox 1355 1856 1502 1928; x_wconf 89' lang='lat' dir='ltr'><strong>quod</strong></span> <span class='ocrx_word' id='word_1_120' title='bbox 1531 1857 1659 1910; x_wconf 90' lang='lat' dir='ltr'><strong>olim</strong></span> <span class='ocrx_word' id='word_1_121' title='bbox 1689 1872 1825 1925; x_wconf 88' lang='lat' dir='ltr'><strong>supe</strong></span> <span class='ocrx_word' id='word_1_122' title='bbox 1853 1858 1961 1911; x_wconf 79' lang='lat' dir='ltr'><strong>Do-</strong></span> 
     </span>
    </p>
   </div>
   <div class='ocr_carea' id='block_1_21' title="bbox 378 1950 1966 2020">
    <p class='ocr_par' dir='ltr' id='par_1_21' title="bbox 378 1950 1966 2020">
     <span class='ocr_line' id='line_1_21' title="bbox 378 1950 1966 2020; baseline -0.002 -12"><span class='ocrx_word' id='word_1_123' title='bbox 378 1957 513 2010; x_wconf 87' lang='lat' dir='ltr'><strong>mini</strong></span> <span class='ocrx_word' id='word_1_124' title='bbox 576 1953 768 2009; x_wconf 81' lang='lat' dir='ltr'><strong>faciem</strong></span> <span class='ocrx_word' id='word_1_125' title='bbox 801 1954 854 2007; x_wconf 92' lang='lat' dir='ltr'><strong>in</strong></span> <span class='ocrx_word' id='word_1_126' title='bbox 892 1962 1079 2006; x_wconf 89' lang='lat' dir='ltr'><strong>monte</strong></span> <span class='ocrx_word' id='word_1_127' title='bbox 1112 1950 1336 2006; x_wconf 82' lang='lat' dir='ltr'><strong>Thabor</strong></span> <span class='ocrx_word' id='word_1_128' title='bbox 1382 1950 1637 2020; x_wconf 86' lang='lat' dir='ltr'><strong>apparuit</strong></span> <span class='ocrx_word' id='word_1_129' title='bbox 1676 1951 1883 2016; x_wconf 88' lang='lat' dir='ltr'><strong>lumen,</strong></span> <span class='ocrx_word' id='word_1_130' title='bbox 1910 1961 1966 2005; x_wconf 88' lang='lat' dir='ltr'><strong>et</strong></span> 
     </span>
    </p>
   </div>
   <div class='ocr_carea' id='block_1_22' title="bbox 372 2039 1963 2100">
    <p class='ocr_par' dir='ltr' id='par_1_22' title="bbox 372 2039 1963 2100">
     <span class='ocr_line' id='line_1_22' title="bbox 372 2039 1963 2100; baseline -0.004 -2"><span class='ocrx_word' id='word_1_131' title='bbox 372 2044 685 2100; x_wconf 84' lang='lat' dir='ltr'><strong>consentire</strong></span> <span class='ocrx_word' id='word_1_132' title='bbox 717 2058 839 2099; x_wconf 86' lang='lat' dir='ltr'><strong>cum</strong></span> <span class='ocrx_word' id='word_1_133' title='bbox 873 2041 1213 2097; x_wconf 78' lang='lat' dir='ltr'><strong>Manichaeis</strong></span> <span class='ocrx_word' id='word_1_134' title='bbox 1240 2049 1298 2094; x_wconf 88' lang='lat' dir='ltr'><strong>et</strong></span> <span class='ocrx_word' id='word_1_135' title='bbox 1338 2039 1651 2095; x_wconf 81' lang='lat' dir='ltr'><strong>Masalianis</strong></span> <span class='ocrx_word' id='word_1_136' title='bbox 1685 2039 1759 2095; x_wconf 91' lang='lat' dir='ltr'><strong>ob</strong></span> <span class='ocrx_word' id='word_1_137' title='bbox 1799 2055 1963 2093; x_wconf 90' lang='lat' dir='ltr'><strong>unam</strong></span> 
     </span>
    </p>
   </div>
   <div class='ocr_carea' id='block_1_23' title="bbox 373 2131 1961 2192">
    <p class='ocr_par' dir='ltr' id='par_1_23' title="bbox 373 2131 1961 2192">
     <span class='ocr_line' id='line_1_23' title="bbox 373 2131 1961 2192; baseline -0.004 -1"><span class='ocrx_word' id='word_1_138' title='bbox 373 2136 699 2192; x_wconf 82' lang='lat' dir='ltr'><strong>Palamicam</strong></span> <span class='ocrx_word' id='word_1_139' title='bbox 720 2134 1041 2189; x_wconf 85' lang='lat' dir='ltr'><strong>blanditiem</strong></span> <span class='ocrx_word' id='word_1_140' title='bbox 1060 2133 1282 2189; x_wconf 89' lang='lat' dir='ltr'><strong>stultam</strong></span> <span class='ocrx_word' id='word_1_141' title='bbox 1304 2142 1361 2187; x_wconf 89' lang='lat' dir='ltr'><strong>et</strong></span> <span class='ocrx_word' id='word_1_142' title='bbox 1379 2131 1623 2186; x_wconf 87' lang='lat' dir='ltr'><strong>illicitam</strong></span> <span class='ocrx_word' id='word_1_143' title='bbox 1643 2139 1702 2185; x_wconf 89' lang='lat' dir='ltr'><strong>ut</strong></span> <span class='ocrx_word' id='word_1_144' title='bbox 1718 2131 1852 2185; x_wconf 86' lang='lat' dir='ltr'><strong>nihil</strong></span> <span class='ocrx_word' id='word_1_145' title='bbox 1873 2146 1961 2185; x_wconf 89' lang='lat' dir='ltr'><strong>eo-</strong></span> 
     </span>
    </p>
   </div>
   <div class='ocr_carea' id='block_1_24' title="bbox 374 2223 1959 2299">
    <p class='ocr_par' dir='ltr' id='par_1_24' title="bbox 374 2223 1959 2299">
     <span class='ocr_line' id='line_1_24' title="bbox 374 2223 1959 2299; baseline -0.003 -16"><span class='ocrx_word' id='word_1_146' title='bbox 374 2228 537 2298; x_wconf 87' lang='lat' dir='ltr'><strong>gitari</strong></span> <span class='ocrx_word' id='word_1_147' title='bbox 572 2235 851 2299; x_wconf 83' lang='lat' dir='ltr'><strong>putemus,</strong></span> <span class='ocrx_word' id='word_1_148' title='bbox 874 2226 969 2281; x_wconf 88' lang='lat' dir='ltr'><strong>sed</strong></span> <span class='ocrx_word' id='word_1_149' title='bbox 996 2224 1273 2296; x_wconf 80' lang='lat' dir='ltr'><strong>cogitandi</strong></span> <span class='ocrx_word' id='word_1_150' title='bbox 1293 2225 1520 2279; x_wconf 88' lang='lat' dir='ltr'><strong>omnino</strong></span> <span class='ocrx_word' id='word_1_151' title='bbox 1551 2223 1791 2292; x_wconf 87' lang='lat' dir='ltr'><strong>ineptam</strong></span> <span class='ocrx_word' id='word_1_152' title='bbox 1818 2224 1959 2278; x_wconf 90' lang='lat' dir='ltr'><strong>viam</strong></span> 
     </span>
    </p>
   </div>
   <div class='ocr_carea' id='block_1_25' title="bbox 374 2316 1962 2385">
    <p class='ocr_par' dir='ltr' id='par_1_25' title="bbox 374 2316 1962 2385">
     <span class='ocr_line' id='line_1_25' title="bbox 374 2316 1962 2385; baseline -0.003 -12"><span class='ocrx_word' id='word_1_153' title='bbox 374 2320 471 2375; x_wconf 86' lang='lat' dir='ltr'><strong>uni</strong></span> <span class='ocrx_word' id='word_1_154' title='bbox 502 2321 689 2376; x_wconf 87' lang='lat' dir='ltr'><strong>sensui</strong></span> <span class='ocrx_word' id='word_1_155' title='bbox 716 2328 884 2373; x_wconf 90' lang='lat' dir='ltr'><strong>totam</strong></span> <span class='ocrx_word' id='word_1_156' title='bbox 912 2318 1242 2381; x_wconf 80' lang='lat' dir='ltr'><strong>trilmamus,</strong></span> <span class='ocrx_word' id='word_1_157' title='bbox 1264 2316 1427 2370; x_wconf 87' lang='lat' dir='ltr'><strong>Arius</strong></span> <span class='ocrx_word' id='word_1_158' title='bbox 1455 2316 1545 2370; x_wconf 88' lang='lat' dir='ltr'><strong>ille</strong></span> <span class='ocrx_word' id='word_1_159' title='bbox 1575 2316 1775 2385; x_wconf 92' lang='lat' dir='ltr'><strong>impius</strong></span> <span class='ocrx_word' id='word_1_160' title='bbox 1806 2331 1962 2370; x_wconf 85' lang='lat' dir='ltr'><strong>crea-</strong></span> 
     </span>
    </p>
   </div>
   <div class='ocr_carea' id='block_1_26' title="bbox 378 2408 1960 2482">
    <p class='ocr_par' dir='ltr' id='par_1_26' title="bbox 378 2408 1960 2482">
     <span class='ocr_line' id='line_1_26' title="bbox 378 2408 1960 2482; baseline -0.002 -17"><span class='ocrx_word' id='word_1_161' title='bbox 378 2424 494 2468; x_wconf 85' lang='lat' dir='ltr'><strong>tum</strong></span> <span class='ocrx_word' id='word_1_162' title='bbox 521 2412 912 2482; x_wconf 89' lang='lat' dir='ltr'><strong>blasphemans</strong></span> <span class='ocrx_word' id='word_1_163' title='bbox 940 2410 1246 2465; x_wconf 86' lang='lat' dir='ltr'><strong>nominavit</strong></span> <span class='ocrx_word' id='word_1_164' title='bbox 1270 2408 1471 2463; x_wconf 86' lang='lat' dir='ltr'><strong>Filium</strong></span> <span class='ocrx_word' id='word_1_165' title='bbox 1512 2417 1567 2462; x_wconf 91' lang='lat' dir='ltr'><strong>et</strong></span> <span class='ocrx_word' id='word_1_166' title='bbox 1596 2409 1836 2462; x_wconf 80' lang='lat' dir='ltr'><strong>Verbum</strong></span> <span class='ocrx_word' id='word_1_167' title='bbox 1861 2408 1960 2462; x_wconf 89' lang='lat' dir='ltr'><strong>Dei</strong></span> 
     </span>
    </p>
   </div>
   <div class='ocr_carea' id='block_1_27' title="bbox 374 2500 1961 2573">
    <p class='ocr_par' dir='ltr' id='par_1_27' title="bbox 374 2500 1961 2573">
     <span class='ocr_line' id='line_1_27' title="bbox 374 2500 1961 2573; baseline -0.003 -14"><span class='ocrx_word' id='word_1_168' title='bbox 374 2515 434 2559; x_wconf 91' lang='lat' dir='ltr'><strong>et</strong></span> <span class='ocrx_word' id='word_1_169' title='bbox 471 2504 639 2558; x_wconf 88' lang='lat' dir='ltr'><strong>Deum</strong></span> <span class='ocrx_word' id='word_1_170' title='bbox 688 2502 1037 2573; x_wconf 88' lang='lat' dir='ltr'><strong>suppositum</strong></span> <span class='ocrx_word' id='word_1_171' title='bbox 1078 2517 1093 2556; x_wconf 93' lang='lat'><strong>:</strong></span> <span class='ocrx_word' id='word_1_172' title='bbox 1127 2517 1228 2555; x_wconf 85' lang='lat' dir='ltr'><strong>nec</strong></span> <span class='ocrx_word' id='word_1_173' title='bbox 1262 2500 1486 2570; x_wconf 86' lang='lat' dir='ltr'><strong>quidem</strong></span> <span class='ocrx_word' id='word_1_174' title='bbox 1518 2500 1583 2554; x_wconf 88' lang='lat' dir='ltr'><strong>ad</strong></span> <span class='ocrx_word' id='word_1_175' title='bbox 1613 2507 1822 2553; x_wconf 85' lang='lat' dir='ltr'><strong>tantam</strong></span> <span class='ocrx_word' id='word_1_176' title='bbox 1856 2501 1961 2554; x_wconf 89' lang='lat' dir='ltr'><strong>im-</strong></span> 
     </span>
    </p>
   </div>
   <div class='ocr_carea' id='block_1_28' title="bbox 374 2589 1963 2663">
    <p class='ocr_par' dir='ltr' id='par_1_28' title="bbox 374 2589 1963 2663">
     <span class='ocr_line' id='line_1_28' title="bbox 374 2589 1963 2663; baseline -0.002 -16"><span class='ocrx_word' id='word_1_177' title='bbox 374 2594 698 2663; x_wconf 80' lang='lat' dir='ltr'><strong>pudentiam</strong></span> <span class='ocrx_word' id='word_1_178' title='bbox 747 2592 1070 2663; x_wconf 85' lang='lat' dir='ltr'><strong>pervenitet</strong></span> <span class='ocrx_word' id='word_1_179' title='bbox 1094 2590 1261 2663; x_wconf 63' lang='lat'><strong>456</strong></span> <span class='ocrx_word' id='word_1_180' title='bbox 1290 2590 1559 2659; x_wconf 87' lang='lat' dir='ltr'><strong>puerilem</strong></span> <span class='ocrx_word' id='word_1_181' title='bbox 1594 2589 1866 2646; x_wconf 79' lang='lat' dir='ltr'><strong>inscitiam</strong></span> <span class='ocrx_word' id='word_1_182' title='bbox 1903 2598 1963 2645; x_wconf 91' lang='lat' dir='ltr'><strong>ut</strong></span> 
     </span>
    </p>
   </div>
   <div class='ocr_carea' id='block_1_29' title="bbox 374 2681 1959 2740">
    <p class='ocr_par' dir='ltr' id='par_1_29' title="bbox 374 2681 1959 2740">
     <span class='ocr_line' id='line_1_29' title="bbox 374 2681 1959 2740; baseline -0.001 -3"><span class='ocrx_word' id='word_1_183' title='bbox 374 2685 854 2740; x_wconf 87' lang='lat' dir='ltr'><strong>insubstantialem</strong></span> <span class='ocrx_word' id='word_1_184' title='bbox 918 2683 1191 2739; x_wconf 77' lang='lat' dir='ltr'><strong>visibilem</strong></span> <span class='ocrx_word' id='word_1_185' title='bbox 1280 2681 1583 2737; x_wconf 88' lang='lat' dir='ltr'><strong>nominarit</strong></span> <span class='ocrx_word' id='word_1_186' title='bbox 1676 2681 1959 2735; x_wconf 85' lang='lat' dir='ltr'><strong>deitatem.</strong></span> 
     </span>
    </p>
   </div>
   <div class='ocr_carea' id='block_1_30' title="bbox 372 2770 1962 2847">
    <p class='ocr_par' dir='ltr' id='par_1_30' title="bbox 372 2770 1962 2847">
     <span class='ocr_line' id='line_1_30' title="bbox 372 2770 1962 2847; baseline -0.004 -14"><span class='ocrx_word' id='word_1_187' title='bbox 372 2777 566 2847; x_wconf 69' lang='lat' dir='ltr'><strong>Neque</strong></span> <span class='ocrx_word' id='word_1_188' title='bbox 607 2777 757 2832; x_wconf 88' lang='lat' dir='ltr'><strong>enim</strong></span> <span class='ocrx_word' id='word_1_189' title='bbox 796 2792 918 2831; x_wconf 88' lang='lat' dir='ltr'><strong>esse</strong></span> <span class='ocrx_word' id='word_1_190' title='bbox 947 2775 1015 2830; x_wconf 92' lang='lat' dir='ltr'><strong>ad</strong></span> <span class='ocrx_word' id='word_1_191' title='bbox 1060 2774 1410 2844; x_wconf 81' lang='lat' dir='ltr'><strong>disciplinam</strong></span> <span class='ocrx_word' id='word_1_192' title='bbox 1449 2788 1553 2827; x_wconf 86' lang='lat' dir='ltr'><strong>nec</strong></span> <span class='ocrx_word' id='word_1_193' title='bbox 1585 2770 1828 2827; x_wconf 88' lang='lat' dir='ltr'><strong>divinam</strong></span> <span class='ocrx_word' id='word_1_194' title='bbox 1864 2788 1962 2828; x_wconf 88' lang='lat' dir='ltr'><strong>ne-</strong></span> 
     </span>
    </p>
   </div>
   <div class='ocr_carea' id='block_1_31' title="bbox 373 2864 1958 2940">
    <p class='ocr_par' dir='ltr' id='par_1_31' title="bbox 373 2864 1958 2940">
     <span class='ocr_line' id='line_1_31' title="bbox 373 2864 1958 2940; baseline -0.003 -17"><span class='ocrx_word' id='word_1_195' title='bbox 373 2887 484 2940; x_wconf 82' lang='lat' dir='ltr'><strong>que</strong></span> <span class='ocrx_word' id='word_1_196' title='bbox 512 2871 811 2925; x_wconf 88' lang='lat' dir='ltr'><strong>humanam</strong></span> <span class='ocrx_word' id='word_1_197' title='bbox 843 2884 949 2923; x_wconf 90' lang='lat' dir='ltr'><strong>nec</strong></span> <span class='ocrx_word' id='word_1_198' title='bbox 984 2883 1209 2923; x_wconf 87' lang='lat' dir='ltr'><strong>causam</strong></span> <span class='ocrx_word' id='word_1_199' title='bbox 1247 2881 1371 2921; x_wconf 87' lang='lat' dir='ltr'><strong>esse</strong></span> <span class='ocrx_word' id='word_1_200' title='bbox 1402 2866 1566 2919; x_wconf 91' lang='lat' dir='ltr'><strong>ullam</strong></span> <span class='ocrx_word' id='word_1_201' title='bbox 1611 2880 1713 2920; x_wconf 92' lang='lat' dir='ltr'><strong>cur</strong></span> <span class='ocrx_word' id='word_1_202' title='bbox 1749 2864 1958 2934; x_wconf 90' lang='lat' dir='ltr'><strong>aliquid</strong></span> 
     </span>
    </p>
   </div>
   <div class='ocr_carea' id='block_1_32' title="bbox 376 2955 1958 3032">
    <p class='ocr_par' dir='ltr' id='par_1_32' title="bbox 376 2955 1958 3032">
     <span class='ocr_line' id='line_1_32' title="bbox 376 2955 1958 3032; baseline -0.008 -14"><span class='ocrx_word' id='word_1_203' title='bbox 376 2980 443 3017; x_wconf 82' lang='lat' dir='ltr'><strong>ex</strong></span> <span class='ocrx_word' id='word_1_204' title='bbox 478 2965 544 3018; x_wconf 87' lang='lat' dir='ltr'><strong>iis</strong></span> <span class='ocrx_word' id='word_1_205' title='bbox 578 2980 699 3032; x_wconf 71' lang='lat' dir='ltr'><strong>qua:</strong></span> <span class='ocrx_word' id='word_1_206' title='bbox 735 2971 865 3017; x_wconf 90' lang='lat' dir='ltr'><strong>sunt</strong></span> <span class='ocrx_word' id='word_1_207' title='bbox 914 2958 1345 3016; x_wconf 85' lang='lat' dir='ltr'><strong>insubstantiale</strong></span> <span class='ocrx_word' id='word_1_208' title='bbox 1380 2955 1599 3010; x_wconf 86' lang='lat' dir='ltr'><strong>visibile</strong></span> <span class='ocrx_word' id='word_1_209' title='bbox 1630 2956 1958 3009; x_wconf 83' lang='lat' dir='ltr'><strong>nominaret.</strong></span> 
     </span>
    </p>
   </div>
   <div class='ocr_carea' id='block_1_33' title="bbox 373 3045 1959 3127">
    <p class='ocr_par' dir='ltr' id='par_1_33' title="bbox 373 3045 1959 3127">
     <span class='ocr_line' id='line_1_33' title="bbox 373 3045 1959 3127; baseline -0.006 -18"><span class='ocrx_word' id='word_1_210' title='bbox 373 3056 441 3110; x_wconf 72' lang='lat' dir='ltr'><strong>lit</strong></span> <span class='ocrx_word' id='word_1_211' title='bbox 467 3055 722 3127; x_wconf 85' lang='lat' dir='ltr'><strong>quamvis</strong></span> <span class='ocrx_word' id='word_1_212' title='bbox 754 3055 845 3109; x_wconf 90' lang='lat' dir='ltr'><strong>ille</strong></span> <span class='ocrx_word' id='word_1_213' title='bbox 875 3062 1126 3108; x_wconf 89' lang='lat' dir='ltr'><strong>creatum</strong></span> <span class='ocrx_word' id='word_1_214' title='bbox 1158 3050 1371 3106; x_wconf 88' lang='lat' dir='ltr'><strong>diceret</strong></span> <span class='ocrx_word' id='word_1_215' title='bbox 1421 3050 1595 3103; x_wconf 91' lang='lat' dir='ltr'><strong>Deum</strong></span> <span class='ocrx_word' id='word_1_216' title='bbox 1616 3088 1630 3112; x_wconf 86' lang='lat'><strong>,</strong></span> <span class='ocrx_word' id='word_1_217' title='bbox 1658 3056 1838 3101; x_wconf 89' lang='lat' dir='ltr'><strong>tamen</strong></span> <span class='ocrx_word' id='word_1_218' title='bbox 1873 3045 1959 3100; x_wconf 85' lang='lat' dir='ltr'><strong>vi-</strong></span> 
     </span>
    </p>
   </div>
   <div class='ocr_carea' id='block_1_34' title="bbox 373 3140 1958 3216">
    <p class='ocr_par' dir='ltr' id='par_1_34' title="bbox 373 3140 1958 3216">
     <span class='ocr_line' id='line_1_34' title="bbox 373 3140 1958 3216; baseline -0.008 -13"><span class='ocrx_word' id='word_1_219' title='bbox 373 3150 593 3203; x_wconf 79' lang='lat' dir='ltr'><strong>sibilem</strong></span> <span class='ocrx_word' id='word_1_220' title='bbox 630 3164 739 3203; x_wconf 91' lang='lat' dir='ltr'><strong>non</strong></span> <span class='ocrx_word' id='word_1_221' title='bbox 774 3155 990 3216; x_wconf 86' lang='lat' dir='ltr'><strong>poterat</strong></span> <span class='ocrx_word' id='word_1_222' title='bbox 1016 3144 1242 3198; x_wconf 90' lang='lat' dir='ltr'><strong>addere.</strong></span> <span class='ocrx_word' id='word_1_223' title='bbox 1287 3141 1645 3211; x_wconf 89' lang='lat' dir='ltr'><strong>Superiorem</strong></span> <span class='ocrx_word' id='word_1_224' title='bbox 1676 3140 1829 3193; x_wconf 87' lang='lat' dir='ltr'><strong>enim</strong></span> <span class='ocrx_word' id='word_1_225' title='bbox 1862 3155 1958 3193; x_wconf 90' lang='lat' dir='ltr'><strong>an-</strong></span> 
     </span>
    </p>
   </div>
   <div class='ocr_carea' id='block_1_35' title="bbox 373 3231 1958 3308">
    <p class='ocr_par' dir='ltr' id='par_1_35' title="bbox 373 3231 1958 3308">
     <span class='ocr_line' id='line_1_35' title="bbox 373 3231 1958 3308; baseline -0.006 -12"><span class='ocrx_word' id='word_1_226' title='bbox 373 3241 566 3308; x_wconf 72' lang='lat' dir='ltr'><strong>gelicis</strong></span> <span class='ocrx_word' id='word_1_227' title='bbox 589 3239 849 3296; x_wconf 86' lang='lat' dir='ltr'><strong>essentiis</strong></span> <span class='ocrx_word' id='word_1_228' title='bbox 878 3253 1004 3293; x_wconf 89' lang='lat' dir='ltr'><strong>cum</strong></span> <span class='ocrx_word' id='word_1_229' title='bbox 1025 3236 1383 3299; x_wconf 86' lang='lat' dir='ltr'><strong>declarasset,</strong></span> <span class='ocrx_word' id='word_1_230' title='bbox 1409 3233 1563 3287; x_wconf 90' lang='lat' dir='ltr'><strong>nullo</strong></span> <span class='ocrx_word' id='word_1_231' title='bbox 1595 3242 1747 3287; x_wconf 88' lang='lat' dir='ltr'><strong>certe</strong></span> <span class='ocrx_word' id='word_1_232' title='bbox 1769 3231 1958 3299; x_wconf 87' lang='lat' dir='ltr'><strong>modo,</strong></span> 
     </span>
    </p>
   </div>
   <div class='ocr_carea' id='block_1_36' title="bbox 374 3325 1963 3399">
    <p class='ocr_par' dir='ltr' id='par_1_36' title="bbox 374 3325 1963 3399">
     <span class='ocr_line' id='line_1_36' title="bbox 374 3325 1963 3399; baseline -0.005 -13"><span class='ocrx_word' id='word_1_233' title='bbox 374 3348 501 3386; x_wconf 89' lang='lat' dir='ltr'><strong>cum</strong></span> <span class='ocrx_word' id='word_1_234' title='bbox 537 3331 969 3387; x_wconf 74' lang='lat' dir='ltr'><strong>illazinvisihiles</strong></span> <span class='ocrx_word' id='word_1_235' title='bbox 993 3331 1125 3396; x_wconf 89' lang='lat' dir='ltr'><strong>sint,</strong></span> <span class='ocrx_word' id='word_1_236' title='bbox 1163 3338 1527 3399; x_wconf 89' lang='lat' dir='ltr'><strong>poterateum</strong></span> <span class='ocrx_word' id='word_1_237' title='bbox 1552 3325 1830 3381; x_wconf 89' lang='lat' dir='ltr'><strong>visibilem</strong></span> <span class='ocrx_word' id='word_1_238' title='bbox 1878 3325 1963 3379; x_wconf 91' lang='lat' dir='ltr'><strong>di-</strong></span> 
     </span>
    </p>
   </div>
   <div class='ocr_carea' id='block_1_37' title="bbox 372 3418 1964 3493">
    <p class='ocr_par' dir='ltr' id='par_1_37' title="bbox 372 3418 1964 3493">
     <span class='ocr_line' id='line_1_37' title="bbox 372 3418 1964 3493; baseline -0.004 -17"><span class='ocrx_word' id='word_1_239' title='bbox 372 3440 523 3479; x_wconf 68' lang='lat' dir='ltr'><strong>rere.</strong></span> <span class='ocrx_word' id='word_1_240' title='bbox 548 3425 799 3480; x_wconf 85' lang='lat' dir='ltr'><strong>Palamas</strong></span> <span class='ocrx_word' id='word_1_241' title='bbox 818 3432 1233 3493; x_wconf 70' lang='lat' dir='ltr'><strong>argumentatus</strong></span> <span class='ocrx_word' id='word_1_242' title='bbox 1258 3430 1343 3476; x_wconf 88' lang='lat' dir='ltr'><strong>est</strong></span> <span class='ocrx_word' id='word_1_243' title='bbox 1360 3420 1427 3475; x_wconf 91' lang='lat' dir='ltr'><strong>de</strong></span> <span class='ocrx_word' id='word_1_244' title='bbox 1459 3420 1528 3474; x_wconf 90' lang='lat' dir='ltr'><strong>iis</strong></span> <span class='ocrx_word' id='word_1_245' title='bbox 1558 3434 1680 3488; x_wconf 64' lang='lat' dir='ltr'><strong>quae</strong></span> <span class='ocrx_word' id='word_1_246' title='bbox 1709 3418 1778 3473; x_wconf 89' lang='lat' dir='ltr'><strong>ab</strong></span> <span class='ocrx_word' id='word_1_247' title='bbox 1801 3433 1964 3489; x_wconf 86' lang='lat' dir='ltr'><strong>argu-</strong></span> 
     </span>
    </p>
   </div>
   <div class='ocr_carea' id='block_1_38' title="bbox 374 3509 1959 3578">
    <p class='ocr_par' dir='ltr' id='par_1_38' title="bbox 374 3509 1959 3578">
     <span class='ocr_line' id='line_1_38' title="bbox 374 3509 1959 3578; baseline -0.003 -13"><span class='ocrx_word' id='word_1_248' title='bbox 374 3512 579 3567; x_wconf 86' lang='lat' dir='ltr'><strong>mentis</strong></span> <span class='ocrx_word' id='word_1_249' title='bbox 596 3509 1508 3566; x_wconf 86' lang='lat' dir='ltr'><strong>abhorrenteteructavitobscura</strong></span> <span class='ocrx_word' id='word_1_250' title='bbox 1538 3518 1596 3564; x_wconf 90' lang='lat' dir='ltr'><strong>et</strong></span> <span class='ocrx_word' id='word_1_251' title='bbox 1624 3509 1828 3578; x_wconf 86' lang='lat' dir='ltr'><strong>inepta,</strong></span> <span class='ocrx_word' id='word_1_252' title='bbox 1850 3523 1959 3561; x_wconf 87' lang='lat' dir='ltr'><strong>non</strong></span> 
     </span>
    </p>
   </div>
   <div class='ocr_carea' id='block_1_39' title="bbox 378 3602 1959 3676">
    <p class='ocr_par' dir='ltr' id='par_1_39' title="bbox 378 3602 1959 3676">
     <span class='ocr_line' id='line_1_39' title="bbox 378 3602 1959 3676; baseline -0.002 -19"><span class='ocrx_word' id='word_1_253' title='bbox 378 3608 446 3660; x_wconf 84' lang='lat' dir='ltr'><strong>ad</strong></span> <span class='ocrx_word' id='word_1_254' title='bbox 484 3606 756 3676; x_wconf 87' lang='lat' dir='ltr'><strong>poeticam</strong></span> <span class='ocrx_word' id='word_1_255' title='bbox 780 3604 1078 3676; x_wconf 89' lang='lat' dir='ltr'><strong>quamdam</strong></span> <span class='ocrx_word' id='word_1_256' title='bbox 1108 3602 1529 3669; x_wconf 84' lang='lat' dir='ltr'><strong>licentiam,sed</strong></span> <span class='ocrx_word' id='word_1_257' title='bbox 1555 3603 1622 3658; x_wconf 92' lang='lat' dir='ltr'><strong>ad</strong></span> <span class='ocrx_word' id='word_1_258' title='bbox 1649 3602 1959 3672; x_wconf 89' lang='lat' dir='ltr'><strong>imperitam</strong></span> 
     </span>
    </p>
   </div>
   <div class='ocr_carea' id='block_1_40' title="bbox 376 3680 1956 3765">
    <p class='ocr_par' dir='ltr' id='par_1_40' title="bbox 376 3680 1956 3765">
     <span class='ocr_line' id='line_1_40' title="bbox 376 3680 1956 3765; baseline -0.004 -12"><span class='ocrx_word' id='word_1_259' title='bbox 376 3698 707 3753; x_wconf 73' lang='lat' dir='ltr'><strong>l’alamicam</strong></span> <span class='ocrx_word' id='word_1_260' title='bbox 741 3697 1128 3753; x_wconf 82' lang='lat' dir='ltr'><strong>temeritatem.</strong></span> <span class='ocrx_word' id='word_1_261' title='bbox 1173 3696 1388 3751; x_wconf 84' lang='lat' dir='ltr'><strong>Nemini</strong></span> <span class='ocrx_word' id='word_1_262' title='bbox 1420 3696 1570 3749; x_wconf 90' lang='lat' dir='ltr'><strong>enim</strong></span> <span class='ocrx_word' id='word_1_263' title='bbox 1599 3680 1956 3765; x_wconf 84' lang='lat' dir='ltr'><strong>profanorum</strong></span> 
     </span>
    </p>
   </div>
   <div class='ocr_carea' id='block_1_41' title="bbox 376 3786 1960 3858">
    <p class='ocr_par' dir='ltr' id='par_1_41' title="bbox 376 3786 1960 3858">
     <span class='ocr_line' id='line_1_41' title="bbox 376 3786 1960 3858; baseline -0.003 -17"><span class='ocrx_word' id='word_1_264' title='bbox 376 3794 670 3845; x_wconf 77' lang='lat' dir='ltr'><strong>doctorum</strong></span> <span class='ocrx_word' id='word_1_265' title='bbox 703 3805 944 3858; x_wconf 87' lang='lat' dir='ltr'><strong>unquam</strong></span> <span class='ocrx_word' id='word_1_266' title='bbox 1006 3790 1060 3842; x_wconf 90' lang='lat' dir='ltr'><strong>in</strong></span> <span class='ocrx_word' id='word_1_267' title='bbox 1096 3797 1336 3844; x_wconf 88' lang='lat' dir='ltr'><strong>mentem</strong></span> <span class='ocrx_word' id='word_1_268' title='bbox 1369 3786 1523 3841; x_wconf 87' lang='lat' dir='ltr'><strong>venit</strong></span> <span class='ocrx_word' id='word_1_269' title='bbox 1556 3786 1683 3841; x_wconf 90' lang='lat' dir='ltr'><strong>talis</strong></span> <span class='ocrx_word' id='word_1_270' title='bbox 1712 3794 1960 3840; x_wconf 90' lang='lat' dir='ltr'><strong>ostenta-</strong></span> 
     </span>
    </p>
   </div>
   <div class='ocr_carea' id='block_1_42' title="bbox 378 3877 1958 3953">
    <p class='ocr_par' dir='ltr' id='par_1_42' title="bbox 378 3877 1958 3953">
     <span class='ocr_line' id='line_1_42' title="bbox 378 3877 1958 3953; baseline -0.004 -18"><span class='ocrx_word' id='word_1_271' title='bbox 378 3887 482 3952; x_wconf 79' lang='lat' dir='ltr'><strong>lin,</strong></span> <span class='ocrx_word' id='word_1_272' title='bbox 512 3899 691 3953; x_wconf 86' lang='lat' dir='ltr'><strong>neque</strong></span> <span class='ocrx_word' id='word_1_273' title='bbox 708 3877 852 3952; x_wconf 88' lang='lat' dir='ltr'><strong>apud</strong></span> <span class='ocrx_word' id='word_1_274' title='bbox 884 3882 1252 3936; x_wconf 79' lang='lat' dir='ltr'><strong>Barbarorum</strong></span> <span class='ocrx_word' id='word_1_275' title='bbox 1271 3894 1606 3949; x_wconf 88' lang='lat' dir='ltr'><strong>quemquam</strong></span> <span class='ocrx_word' id='word_1_276' title='bbox 1642 3878 1765 3932; x_wconf 88' lang='lat' dir='ltr'><strong>talis</strong></span> <span class='ocrx_word' id='word_1_277' title='bbox 1796 3893 1958 3948; x_wconf 83' lang='lat' dir='ltr'><strong>argu-</strong></span> 
     </span>
    </p>
   </div>
   <div class='ocr_carea' id='block_1_43' title="bbox 372 3970 1957 4042">
    <p class='ocr_par' dir='ltr' id='par_1_43' title="bbox 372 3970 1957 4042">
     <span class='ocr_line' id='line_1_43' title="bbox 372 3970 1957 4042; baseline -0.003 -13"><span class='ocrx_word' id='word_1_278' title='bbox 372 3975 654 4030; x_wconf 82' lang='lat' dir='ltr'><strong>mentandi</strong></span> <span class='ocrx_word' id='word_1_279' title='bbox 715 3974 1010 4030; x_wconf 90' lang='lat' dir='ltr'><strong>methodus</strong></span> <span class='ocrx_word' id='word_1_280' title='bbox 1050 3973 1274 4028; x_wconf 88' lang='lat' dir='ltr'><strong>inventa</strong></span> <span class='ocrx_word' id='word_1_281' title='bbox 1308 3981 1392 4027; x_wconf 88' lang='lat' dir='ltr'><strong>est</strong></span> <span class='ocrx_word' id='word_1_282' title='bbox 1452 3986 1630 4042; x_wconf 88' lang='lat' dir='ltr'><strong>usque</strong></span> <span class='ocrx_word' id='word_1_283' title='bbox 1688 3970 1755 4025; x_wconf 90' lang='lat' dir='ltr'><strong>ad</strong></span> <span class='ocrx_word' id='word_1_284' title='bbox 1809 3970 1957 4025; x_wconf 87' lang='lat' dir='ltr'><strong>hunc</strong></span> 
     </span>
    </p>
   </div>
   <div class='ocr_carea' id='block_1_44' title="bbox 371 4068 1961 4142">
    <p class='ocr_par' dir='ltr' id='par_1_44' title="bbox 371 4068 1961 4142">
     <span class='ocr_line' id='line_1_44' title="bbox 371 4068 1961 4142; baseline -0.004 -14"><span class='ocrx_word' id='word_1_285' title='bbox 371 4072 746 4128; x_wconf 58' lang='lat' dir='ltr'><strong>dicunllcstat</strong></span> <span class='ocrx_word' id='word_1_286' title='bbox 796 4073 1063 4142; x_wconf 83' lang='lat' dir='ltr'><strong>igitur,ut</strong></span> <span class='ocrx_word' id='word_1_287' title='bbox 1099 4072 1307 4140; x_wconf 86' lang='lat' dir='ltr'><strong>nosqui</strong></span> <span class='ocrx_word' id='word_1_288' title='bbox 1353 4071 1459 4125; x_wconf 88' lang='lat' dir='ltr'><strong>huc</strong></span> <span class='ocrx_word' id='word_1_289' title='bbox 1493 4068 1851 4138; x_wconf 83' lang='lat' dir='ltr'><strong>pervenimus</strong></span> <span class='ocrx_word' id='word_1_290' title='bbox 1890 4068 1961 4122; x_wconf 89' lang='lat' dir='ltr'><strong>si-</strong></span> 
     </span>
    </p>
   </div>
   <div class='ocr_carea' id='block_1_45' title="bbox 375 4161 1959 4219">
    <p class='ocr_par' dir='ltr' id='par_1_45' title="bbox 375 4161 1959 4219">
     <span class='ocr_line' id='line_1_45' title="bbox 375 4161 1959 4219; baseline -0.005 0"><span class='ocrx_word' id='word_1_291' title='bbox 375 4165 391 4219; x_wconf 92' lang='lat' dir='ltr'><strong>l</strong></span> <span class='ocrx_word' id='word_1_292' title='bbox 433 4166 545 4217; x_wconf 86' lang='lat' dir='ltr'><strong>ntio</strong></span> <span class='ocrx_word' id='word_1_293' title='bbox 593 4164 721 4219; x_wconf 61' lang='lat' dir='ltr'><strong>tilia</strong></span> <span class='ocrx_word' id='word_1_294' title='bbox 752 4161 1137 4216; x_wconf 77' lang='lat' dir='ltr'><strong>abominem&#39;ur</strong></span> <span class='ocrx_word' id='word_1_295' title='bbox 1186 4172 1245 4216; x_wconf 91' lang='lat' dir='ltr'><strong>et</strong></span> <span class='ocrx_word' id='word_1_296' title='bbox 1276 4161 1584 4216; x_wconf 86' lang='lat' dir='ltr'><strong>orationem</strong></span> <span class='ocrx_word' id='word_1_297' title='bbox 1615 4169 1959 4214; x_wconf 88' lang='lat' dir='ltr'><strong>transeamus</strong></span> 
     </span>
    </p>
   </div>
   <div class='ocr_carea' id='block_1_46' title="bbox 373 4252 1285 4321">
    <p class='ocr_par' dir='ltr' id='par_1_46' title="bbox 373 4252 1285 4321">
     <span class='ocr_line' id='line_1_46' title="bbox 373 4252 1285 4321; baseline -0.004 -13"><span class='ocrx_word' id='word_1_298' title='bbox 373 4257 623 4308; x_wconf 81' lang='lat' dir='ltr'><strong>insanam</strong></span> <span class='ocrx_word' id='word_1_299' title='bbox 652 4263 707 4307; x_wconf 89' lang='lat' dir='ltr'><strong>et</strong></span> <span class='ocrx_word' id='word_1_300' title='bbox 725 4252 1029 4320; x_wconf 85' lang='lat' dir='ltr'><strong>impietatis</strong></span> <span class='ocrx_word' id='word_1_301' title='bbox 1046 4253 1285 4321; x_wconf 86' lang='lat' dir='ltr'><strong>plenam.</strong></span> 
     </span>
    </p>
   </div>
   <div class='ocr_carea' id='block_1_47' title="bbox 446 4342 1955 4412">
    <p class='ocr_par' dir='ltr' id='par_1_47' title="bbox 446 4342 1955 4412">
     <span class='ocr_line' id='line_1_47' title="bbox 446 4342 1955 4412; baseline -0.001 -13"><span class='ocrx_word' id='word_1_302' title='bbox 446 4345 517 4403; x_wconf 80' lang='grc' dir='ltr'><strong>Χ.</strong></span> <span class='ocrx_word' id='word_1_303' title='bbox 552 4343 755 4398; x_wconf 80' lang='lat' dir='ltr'><strong>Lucem</strong></span> <span class='ocrx_word' id='word_1_304' title='bbox 816 4342 984 4412; x_wconf 79' lang='lat' dir='ltr'><strong>igitur</strong></span> <span class='ocrx_word' id='word_1_305' title='bbox 1035 4357 1200 4397; x_wconf 89' lang='lat' dir='ltr'><strong>uuam</strong></span> <span class='ocrx_word' id='word_1_306' title='bbox 1261 4344 1409 4398; x_wconf 89' lang='lat' dir='ltr'><strong>illam</strong></span> <span class='ocrx_word' id='word_1_307' title='bbox 1477 4344 1778 4398; x_wconf 89' lang='lat' dir='ltr'><strong>increatam</strong></span> <span class='ocrx_word' id='word_1_308' title='bbox 1832 4358 1955 4397; x_wconf 83' lang='lat' dir='ltr'><strong>esse</strong></span> 
     </span>
    </p>
   </div>
   <div class='ocr_carea' id='block_1_48' title="bbox 375 4433 1952 4505">
    <p class='ocr_par' dir='ltr' id='par_1_48' title="bbox 375 4433 1952 4505">
     <span class='ocr_line' id='line_1_48' title="bbox 375 4433 1952 4505; baseline -0.002 -12"><span class='ocrx_word' id='word_1_309' title='bbox 375 4440 592 4493; x_wconf 80' lang='lat' dir='ltr'><strong>beatam</strong></span> <span class='ocrx_word' id='word_1_310' title='bbox 620 4445 675 4492; x_wconf 90' lang='lat' dir='ltr'><strong>et</strong></span> <span class='ocrx_word' id='word_1_311' title='bbox 708 4433 1027 4491; x_wconf 62' lang='lat' dir='ltr'><strong>easterarum</strong></span> <span class='ocrx_word' id='word_1_312' title='bbox 1084 4436 1331 4491; x_wconf 86' lang='lat' dir='ltr'><strong>omnium</strong></span> <span class='ocrx_word' id='word_1_313' title='bbox 1366 4435 1793 4505; x_wconf 86' lang='lat' dir='ltr'><strong>procreatricem</strong></span> <span class='ocrx_word' id='word_1_314' title='bbox 1835 4436 1952 4492; x_wconf 91' lang='lat' dir='ltr'><strong>dei-</strong></span> 
     </span>
    </p>
   </div>
   <div class='ocr_carea' id='block_1_49' title="bbox 2065 575 3658 648">
    <p class='ocr_par' dir='ltr' id='par_1_49' title="bbox 2065 575 3658 648">
     <span class='ocr_line' id='line_1_49' title="bbox 2065 575 3658 648; baseline -0.001 -17"><span class='ocrx_word' id='word_1_315' title='bbox 2065 578 2310 641; x_wconf 78' lang='grc' dir='ltr'><strong>τυπικῶς</strong></span> <span class='ocrx_word' id='word_1_316' title='bbox 2340 578 2443 639; x_wconf 74' lang='grc' dir='ltr'>ἔτι.</span> <span class='ocrx_word' id='word_1_317' title='bbox 2476 577 2565 630; x_wconf 69' lang='grc' dir='ltr'><strong>ναὶ</strong></span> <span class='ocrx_word' id='word_1_318' title='bbox 2596 578 2643 629; x_wconf 78' lang='grc' dir='ltr'><strong>εί</strong></span> <span class='ocrx_word' id='word_1_319' title='bbox 2670 576 2763 629; x_wconf 88' lang='grc' dir='ltr'><strong>τοῦ</strong></span> <span class='ocrx_word' id='word_1_320' title='bbox 2796 575 3027 631; x_wconf 79' lang='grc' dir='ltr'><strong>παλαιοῦ</strong></span> <span class='ocrx_word' id='word_1_321' title='bbox 3055 579 3391 648; x_wconf 78' lang='grc' dir='ltr'>γυμνότερον</span> <span class='ocrx_word' id='word_1_322' title='bbox 3410 592 3426 609; x_wconf 78' lang='grc' dir='ltr'><strong>ο</strong></span> <span class='ocrx_word' id='word_1_323' title='bbox 3454 575 3515 630; x_wconf 76' lang='grc' dir='ltr'>τὸ</span> <span class='ocrx_word' id='word_1_324' title='bbox 3540 578 3658 647; x_wconf 76' lang='grc' dir='ltr'>γὰρ</span> 
     </span>
    </p>
   </div>
   <div class='ocr_carea' id='block_1_50' title="bbox 2063 661 3658 738">
    <p class='ocr_par' dir='ltr' id='par_1_50' title="bbox 2063 661 3658 738">
     <span class='ocr_line' id='line_1_50' title="bbox 2063 661 3658 738; baseline -0.004 -16"><span class='ocrx_word' id='word_1_325' title='bbox 2063 670 2284 738; x_wconf 66' lang='grc' dir='ltr'>νομικδν</span> <span class='ocrx_word' id='word_1_326' title='bbox 2328 668 2538 737; x_wconf 78' lang='grc' dir='ltr'>Πάσχα,</span> <span class='ocrx_word' id='word_1_327' title='bbox 2581 667 2767 736; x_wconf 86' lang='grc' dir='ltr'>τολμῶ</span> <span class='ocrx_word' id='word_1_328' title='bbox 2810 666 2904 719; x_wconf 73' lang='grc' dir='ltr'><strong>καὶ</strong></span> <span class='ocrx_word' id='word_1_329' title='bbox 2945 667 3110 736; x_wconf 83' lang='grc' dir='ltr'>λέγω,</span> <span class='ocrx_word' id='word_1_330' title='bbox 3155 666 3329 719; x_wconf 80' lang='grc' dir='ltr'>τύπου</span> <span class='ocrx_word' id='word_1_331' title='bbox 3372 664 3542 730; x_wconf 85' lang='grc' dir='ltr'>τύπος</span> <span class='ocrx_word' id='word_1_332' title='bbox 3584 661 3658 735; x_wconf 82' lang='grc' dir='ltr'>ἦν</span> 
     </span>
    </p>
   </div>
   <div class='ocr_carea' id='block_1_51' title="bbox 2065 757 3659 831">
    <p class='ocr_par' dir='ltr' id='par_1_51' title="bbox 2065 757 3659 831">
     <span class='ocr_line' id='line_1_51' title="bbox 2065 757 3659 831; baseline -0.003 -16"><span class='ocrx_word' id='word_1_333' title='bbox 2065 762 2435 831; x_wconf 74' lang='grc' dir='ltr'>ἁμυδρὸτερος</span> <span class='ocrx_word' id='word_1_334' title='bbox 2462 777 2474 790; x_wconf 92' lang='grc'><strong>·</strong></span> <span class='ocrx_word' id='word_1_335' title='bbox 2512 760 2693 830; x_wconf 84' lang='grc' dir='ltr'>μικρῷ</span> <span class='ocrx_word' id='word_1_336' title='bbox 2730 759 2772 811; x_wconf 80' lang='grc' dir='ltr'>δ’</span> <span class='ocrx_word' id='word_1_337' title='bbox 2799 759 3025 831; x_wconf 78' lang='grc' dir='ltr'>ὕστερον</span> <span class='ocrx_word' id='word_1_338' title='bbox 3057 757 3388 829; x_wconf 77' lang='grc' dir='ltr'>τελεώτερον</span> <span class='ocrx_word' id='word_1_339' title='bbox 3421 759 3520 812; x_wconf 69' lang='grc' dir='ltr'><strong>καὶ</strong></span> <span class='ocrx_word' id='word_1_340' title='bbox 3549 775 3659 812; x_wconf 83' lang='grc' dir='ltr'>κα-</span> 
     </span>
    </p>
   </div>
   <div class='ocr_carea' id='block_1_52' title="bbox 2065 850 3657 923">
    <p class='ocr_par' dir='ltr' id='par_1_52' title="bbox 2065 850 3657 923">
     <span class='ocr_line' id='line_1_52' title="bbox 2065 850 3657 923; baseline 0.001 -20"><span class='ocrx_word' id='word_1_341' title='bbox 2065 852 2381 922; x_wconf 75' lang='grc' dir='ltr'>θαρώτερον</span> <span class='ocrx_word' id='word_1_342' title='bbox 2401 892 2415 914; x_wconf 84' lang='grc'><strong>,</strong></span> <span class='ocrx_word' id='word_1_343' title='bbox 2447 851 2605 907; x_wconf 77' lang='grc' dir='ltr'>ἡνίκα</span> <span class='ocrx_word' id='word_1_344' title='bbox 2638 853 2703 905; x_wconf 84' lang='grc' dir='ltr'><strong>ἂν</strong></span> <span class='ocrx_word' id='word_1_345' title='bbox 2734 852 2867 903; x_wconf 73' lang='grc' dir='ltr'>αὐτὸ</span> <span class='ocrx_word' id='word_1_346' title='bbox 2899 851 3030 923; x_wconf 81' lang='grc' dir='ltr'>πίνῃ</span> <span class='ocrx_word' id='word_1_347' title='bbox 3061 851 3248 905; x_wconf 70' lang='grc' dir='ltr'>καινὸν</span> <span class='ocrx_word' id='word_1_348' title='bbox 3282 850 3402 920; x_wconf 84' lang='grc' dir='ltr'>μεθ’</span> <span class='ocrx_word' id='word_1_349' title='bbox 3431 850 3591 921; x_wconf 80' lang='grc' dir='ltr'>ἡμῶν</span> <span class='ocrx_word' id='word_1_350' title='bbox 3625 852 3657 905; x_wconf 78' lang='grc' dir='ltr'><strong>ὁ</strong></span> 
     </span>
    </p>
   </div>
   <div class='ocr_carea' id='block_1_53' title="bbox 2063 941 3660 1014">
    <p class='ocr_par' dir='ltr' id='par_1_53' title="bbox 2063 941 3660 1014">
     <span class='ocr_line' id='line_1_53' title="bbox 2063 941 3660 1014; baseline -0.002 -17"><span class='ocrx_word' id='word_1_351' title='bbox 2063 944 2235 1011; x_wconf 74' lang='grc' dir='ltr'>Λόγος</span> <span class='ocrx_word' id='word_1_352' title='bbox 2264 945 2323 996; x_wconf 79' lang='grc' dir='ltr'><strong>ἐν</strong></span> <span class='ocrx_word' id='word_1_353' title='bbox 2352 945 2417 1014; x_wconf 83' lang='grc' dir='ltr'>τῇ</span> <span class='ocrx_word' id='word_1_354' title='bbox 2455 942 2703 1014; x_wconf 67' lang='grc' dir='ltr'>βασιλείᾳ</span> <span class='ocrx_word' id='word_1_355' title='bbox 2732 942 2824 995; x_wconf 81' lang='grc' dir='ltr'><strong>τοῦ</strong></span> <span class='ocrx_word' id='word_1_356' title='bbox 2856 942 3095 1012; x_wconf 72' lang='grc' dir='ltr'>Πατρδς,</span> <span class='ocrx_word' id='word_1_357' title='bbox 3121 941 3528 996; x_wconf 75' lang='grc' dir='ltr'><strong>ἀποκαλύπτων</strong></span> <span class='ocrx_word' id='word_1_358' title='bbox 3557 943 3660 994; x_wconf 73' lang='grc' dir='ltr'><strong>καὶ</strong></span> 
     </span>
    </p>
   </div>
   <div class='ocr_carea' id='block_1_54' title="bbox 2061 1035 3655 1109">
    <p class='ocr_par' dir='ltr' id='par_1_54' title="bbox 2061 1035 3655 1109">
     <span class='ocr_line' id='line_1_54' title="bbox 2061 1035 3655 1109; baseline -0.003 -19"><span class='ocrx_word' id='word_1_359' title='bbox 2061 1037 2329 1091; x_wconf 75' lang='grc' dir='ltr'><strong>διδάσκων</strong></span> <span class='ocrx_word' id='word_1_360' title='bbox 2358 1040 2393 1092; x_wconf 76' lang='grc' dir='ltr'><strong>ἃ</strong></span> <span class='ocrx_word' id='word_1_361' title='bbox 2430 1037 2523 1091; x_wconf 88' lang='grc' dir='ltr'><strong>νῦν</strong></span> <span class='ocrx_word' id='word_1_362' title='bbox 2557 1038 2796 1109; x_wconf 88' lang='grc' dir='ltr'>μετρίως</span> <span class='ocrx_word' id='word_1_363' title='bbox 2830 1036 3140 1108; x_wconf 78' lang='grc' dir='ltr'>παρέδειξε.</span> <span class='ocrx_word' id='word_1_364' title='bbox 3183 1056 3200 1088; x_wconf 80' lang='grc' dir='ltr'><strong>ι</strong></span> <span class='ocrx_word' id='word_1_365' title='bbox 3237 1035 3509 1088; x_wconf 78' lang='grc' dir='ltr'>Τοσοῦτον</span> <span class='ocrx_word' id='word_1_366' title='bbox 3535 1035 3655 1088; x_wconf 78' lang='grc' dir='ltr'>τοί-</span> 
     </span>
    </p>
   </div>
   <div class='ocr_carea' id='block_1_55' title="bbox 2062 1128 3657 1201">
    <p class='ocr_par' dir='ltr' id='par_1_55' title="bbox 2062 1128 3657 1201">
     <span class='ocr_line' id='line_1_55' title="bbox 2062 1128 3657 1201; baseline -0.002 -19"><span class='ocrx_word' id='word_1_367' title='bbox 2062 1148 2157 1183; x_wconf 65' lang='grc' dir='ltr'><strong>νυν</strong></span> <span class='ocrx_word' id='word_1_368' title='bbox 2202 1131 2418 1201; x_wconf 75' lang='grc' dir='ltr'>ἔχοντες</span> <span class='ocrx_word' id='word_1_369' title='bbox 2464 1131 2847 1201; x_wconf 77' lang='grc' dir='ltr'>περικείμενον</span> <span class='ocrx_word' id='word_1_370' title='bbox 2887 1131 3048 1197; x_wconf 73' lang='grc' dir='ltr'>νέφος</span> <span class='ocrx_word' id='word_1_371' title='bbox 3094 1128 3392 1201; x_wconf 83' lang='grc' dir='ltr'>μαρτύρων</span> <span class='ocrx_word' id='word_1_372' title='bbox 3430 1130 3657 1197; x_wconf 73' lang='grc' dir='ltr'>ἀπαραο</span> 
     </span>
    </p>
   </div>
   <div class='ocr_carea' id='block_1_56' title="bbox 2063 1219 3657 1292">
    <p class='ocr_par' dir='ltr' id='par_1_56' title="bbox 2063 1219 3657 1292">
     <span class='ocr_line' id='line_1_56' title="bbox 2063 1219 3657 1292; baseline -0.003 -19"><span class='ocrx_word' id='word_1_373' title='bbox 2063 1223 2326 1291; x_wconf 73' lang='grc' dir='ltr'>γράπτων</span> <span class='ocrx_word' id='word_1_374' title='bbox 2365 1223 2460 1274; x_wconf 70' lang='grc' dir='ltr'><strong>καὶ</strong></span> <span class='ocrx_word' id='word_1_375' title='bbox 2496 1220 2639 1275; x_wconf 73' lang='grc' dir='ltr'>οὕτω</span> <span class='ocrx_word' id='word_1_376' title='bbox 2682 1221 2956 1292; x_wconf 80' lang='grc' dir='ltr'><strong>μεγίστων</strong></span> <span class='ocrx_word' id='word_1_377' title='bbox 2990 1221 3086 1276; x_wconf 72' lang='grc' dir='ltr'>καὶ</span> <span class='ocrx_word' id='word_1_378' title='bbox 3122 1220 3399 1287; x_wconf 78' lang='grc' dir='ltr'>θεοσόφων</span> <span class='ocrx_word' id='word_1_379' title='bbox 3437 1219 3657 1290; x_wconf 86' lang='grc' dir='ltr'>ἀνδρῶν</span> 
     </span>
    </p>
   </div>
   <div class='ocr_carea' id='block_1_57' title="bbox 2062 1312 3661 1384">
    <p class='ocr_par' dir='ltr' id='par_1_57' title="bbox 2062 1312 3661 1384">
     <span class='ocr_line' id='line_1_57' title="bbox 2062 1312 3661 1384; baseline 0 -18"><span class='ocrx_word' id='word_1_380' title='bbox 2062 1316 2156 1367; x_wconf 68' lang='grc' dir='ltr'><strong>καὶ</strong></span> <span class='ocrx_word' id='word_1_381' title='bbox 2191 1314 2527 1368; x_wconf 73' lang='grc' dir='ltr'><strong>διδασκάλων</strong></span> <span class='ocrx_word' id='word_1_382' title='bbox 2557 1315 2653 1383; x_wconf 83' lang='grc' dir='ltr'>τῆς</span> <span class='ocrx_word' id='word_1_383' title='bbox 2684 1314 2778 1367; x_wconf 78' lang='grc' dir='ltr'><strong>τοῦ</strong></span> <span class='ocrx_word' id='word_1_384' title='bbox 2814 1312 2949 1367; x_wconf 84' lang='grc' dir='ltr'>Θεοῦ</span> <span class='ocrx_word' id='word_1_385' title='bbox 2986 1313 3343 1384; x_wconf 80' lang='grc' dir='ltr'>Ἐκκλησίας.</span> <span class='ocrx_word' id='word_1_386' title='bbox 3378 1313 3474 1366; x_wconf 77' lang='grc' dir='ltr'><strong>καὶ</strong></span> <span class='ocrx_word' id='word_1_387' title='bbox 3513 1315 3661 1367; x_wconf 78' lang='grc' dir='ltr'>πάν-</span> 
     </span>
    </p>
   </div>
   <div class='ocr_carea' id='block_1_58' title="bbox 2062 1402 3660 1473">
    <p class='ocr_par' dir='ltr' id='par_1_58' title="bbox 2062 1402 3660 1473">
     <span class='ocr_line' id='line_1_58' title="bbox 2062 1402 3660 1473; baseline -0.001 -16"><span class='ocrx_word' id='word_1_388' title='bbox 2062 1422 2171 1457; x_wconf 85' lang='grc' dir='ltr'><strong>των</strong></span> <span class='ocrx_word' id='word_1_389' title='bbox 2214 1404 2467 1470; x_wconf 75' lang='grc' dir='ltr'>καθάπαξ</span> <span class='ocrx_word' id='word_1_390' title='bbox 2508 1403 2778 1473; x_wconf 78' lang='grc' dir='ltr'>λεγόντων</span> <span class='ocrx_word' id='word_1_391' title='bbox 2819 1403 3016 1457; x_wconf 72' lang='grc' dir='ltr'>ἀπανθ’</span> <span class='ocrx_word' id='word_1_392' title='bbox 3044 1405 3146 1457; x_wconf 79' lang='grc' dir='ltr'>ὅσα</span> <span class='ocrx_word' id='word_1_393' title='bbox 3187 1402 3279 1456; x_wconf 81' lang='grc' dir='ltr'><strong>διὰ</strong></span> <span class='ocrx_word' id='word_1_394' title='bbox 3327 1402 3523 1470; x_wconf 81' lang='grc' dir='ltr'>φώτων</span> <span class='ocrx_word' id='word_1_395' title='bbox 3564 1404 3660 1455; x_wconf 72' lang='grc' dir='ltr'><strong>ἀεὶ</strong></span> 
     </span>
    </p>
   </div>
   <div class='ocr_carea' id='block_1_59' title="bbox 2064 1494 3658 1567">
    <p class='ocr_par' dir='ltr' id='par_1_59' title="bbox 2064 1494 3658 1567">
     <span class='ocr_line' id='line_1_59' title="bbox 2064 1494 3658 1567; baseline -0.001 -18"><span class='ocrx_word' id='word_1_396' title='bbox 2064 1498 2301 1550; x_wconf 72' lang='grc' dir='ltr'>τελεῖται</span> <span class='ocrx_word' id='word_1_397' title='bbox 2332 1498 2452 1552; x_wconf 81' lang='grc' dir='ltr'>θεῖα</span> <span class='ocrx_word' id='word_1_398' title='bbox 2480 1499 2766 1566; x_wconf 79' lang='grc' dir='ltr'><strong>τεράστια,</strong></span> <span class='ocrx_word' id='word_1_399' title='bbox 2798 1496 3118 1563; x_wconf 76' lang='grc' dir='ltr'>θεοφανείας</span> <span class='ocrx_word' id='word_1_400' title='bbox 3150 1496 3247 1566; x_wconf 83' lang='grc' dir='ltr'>μὲν</span> <span class='ocrx_word' id='word_1_401' title='bbox 3274 1494 3501 1567; x_wconf 80' lang='grc' dir='ltr'>ὁρατὰς,</span> <span class='ocrx_word' id='word_1_402' title='bbox 3532 1495 3658 1548; x_wconf 78' lang='grc' dir='ltr'>θεό-</span> 
     </span>
    </p>
   </div>
   <div class='ocr_carea' id='block_1_60' title="bbox 2060 1588 3657 1657">
    <p class='ocr_par' dir='ltr' id='par_1_60' title="bbox 2060 1588 3657 1657">
     <span class='ocr_line' id='line_1_60' title="bbox 2060 1588 3657 1657; baseline 0 -18"><span class='ocrx_word' id='word_1_403' title='bbox 2060 1605 2231 1657; x_wconf 88' lang='grc' dir='ltr'>τητας</span> <span class='ocrx_word' id='word_1_404' title='bbox 2260 1589 2304 1642; x_wconf 72' lang='grc' dir='ltr'>δ’</span> <span class='ocrx_word' id='word_1_405' title='bbox 2328 1590 2649 1652; x_wconf 85' lang='grc' dir='ltr'>ἀκτίστους,</span> <span class='ocrx_word' id='word_1_406' title='bbox 2683 1589 2940 1657; x_wconf 74' lang='grc' dir='ltr'>οὐδαμῶς</span> <span class='ocrx_word' id='word_1_407' title='bbox 2967 1606 3071 1641; x_wconf 89' lang='grc' dir='ltr'><strong>που</strong></span> <span class='ocrx_word' id='word_1_408' title='bbox 3103 1589 3311 1642; x_wconf 81' lang='grc' dir='ltr'>δίκαιον</span> <span class='ocrx_word' id='word_1_409' title='bbox 3341 1588 3436 1641; x_wconf 71' lang='grc' dir='ltr'><strong>καὶ</strong></span> <span class='ocrx_word' id='word_1_410' title='bbox 3466 1588 3618 1656; x_wconf 70' lang='grc' dir='ltr'>ἡμᾶς</span> <span class='ocrx_word' id='word_1_411' title='bbox 3637 1625 3657 1651; x_wconf 82' lang='lat'><strong>,</strong></span> 
     </span>
    </p>
   </div>
   <div class='ocr_carea' id='block_1_61' title="bbox 2061 1680 3658 1752">
    <p class='ocr_par' dir='ltr' id='par_1_61' title="bbox 2061 1680 3658 1752">
     <span class='ocr_line' id='line_1_61' title="bbox 2061 1680 3658 1752; baseline -0.001 -19"><span class='ocrx_word' id='word_1_412' title='bbox 2061 1683 2126 1751; x_wconf 78' lang='grc' dir='ltr'>τῇ</span> <span class='ocrx_word' id='word_1_413' title='bbox 2167 1681 2408 1752; x_wconf 85' lang='grc' dir='ltr'>δημώδει</span> <span class='ocrx_word' id='word_1_414' title='bbox 2442 1681 2551 1735; x_wconf 87' lang='grc' dir='ltr'><strong>τῶν</strong></span> <span class='ocrx_word' id='word_1_415' title='bbox 2586 1681 2817 1752; x_wconf 81' lang='grc' dir='ltr'>ἀμαθῶν</span> <span class='ocrx_word' id='word_1_416' title='bbox 2854 1681 2948 1735; x_wconf 76' lang='grc' dir='ltr'>καὶ</span> <span class='ocrx_word' id='word_1_417' title='bbox 2984 1680 3261 1751; x_wconf 82' lang='grc' dir='ltr'>ἀγοραίων</span> <span class='ocrx_word' id='word_1_418' title='bbox 3298 1681 3658 1750; x_wconf 81' lang='grc' dir='ltr'>συμφερομέ-</span> 
     </span>
    </p>
   </div>
   <div class='ocr_carea' id='block_1_62' title="bbox 2064 1770 3660 1841">
    <p class='ocr_par' dir='ltr' id='par_1_62' title="bbox 2064 1770 3660 1841">
     <span class='ocr_line' id='line_1_62' title="bbox 2064 1770 3660 1841; baseline 0.001 -18"><span class='ocrx_word' id='word_1_419' title='bbox 2064 1788 2191 1834; x_wconf 88' lang='grc' dir='ltr'>νους</span> <span class='ocrx_word' id='word_1_420' title='bbox 2228 1771 2529 1841; x_wconf 74' lang='grc' dir='ltr'>ὑπολήψει,</span> <span class='ocrx_word' id='word_1_421' title='bbox 2561 1772 2796 1839; x_wconf 85' lang='grc' dir='ltr'>θεότητα</span> <span class='ocrx_word' id='word_1_422' title='bbox 2832 1773 3131 1841; x_wconf 83' lang='grc' dir='ltr'>ὑφειμένην</span> <span class='ocrx_word' id='word_1_423' title='bbox 3160 1771 3418 1825; x_wconf 82' lang='grc' dir='ltr'>ἀκτιστον</span> <span class='ocrx_word' id='word_1_424' title='bbox 3445 1770 3660 1840; x_wconf 87' lang='grc' dir='ltr'>δογμα-</span> 
     </span>
    </p>
   </div>
   <div class='ocr_carea' id='block_1_63' title="bbox 2070 1861 3660 1933">
    <p class='ocr_par' dir='ltr' id='par_1_63' title="bbox 2070 1861 3660 1933">
     <span class='ocr_line' id='line_1_63' title="bbox 2070 1861 3660 1933; baseline 0.001 -20"><span class='ocrx_word' id='word_1_425' title='bbox 2070 1861 2241 1926; x_wconf 82' lang='grc' dir='ltr'>τίζειν</span> <span class='ocrx_word' id='word_1_426' title='bbox 2270 1863 2362 1916; x_wconf 69' lang='grc' dir='ltr'><strong>καὶ</strong></span> <span class='ocrx_word' id='word_1_427' title='bbox 2392 1863 2647 1933; x_wconf 84' lang='grc' dir='ltr'>διάφορον</span> <span class='ocrx_word' id='word_1_428' title='bbox 2671 1864 2770 1932; x_wconf 78' lang='grc' dir='ltr'>τῆς</span> <span class='ocrx_word' id='word_1_429' title='bbox 2802 1863 2951 1925; x_wconf 79' lang='grc' dir='ltr'>θείας</span> <span class='ocrx_word' id='word_1_430' title='bbox 2980 1863 3167 1924; x_wconf 71' lang='grc' dir='ltr'>οὐσίας</span> <span class='ocrx_word' id='word_1_431' title='bbox 3199 1862 3254 1914; x_wconf 77' lang='grc' dir='ltr'>τὸ</span> <span class='ocrx_word' id='word_1_432' title='bbox 3283 1861 3456 1915; x_wconf 84' lang='grc' dir='ltr'>πάλαι</span> <span class='ocrx_word' id='word_1_433' title='bbox 3484 1862 3660 1931; x_wconf 82' lang='grc' dir='ltr'>φανὲν</span> 
     </span>
    </p>
   </div>
   <div class='ocr_carea' id='block_1_64' title="bbox 2072 1952 3653 2024">
    <p class='ocr_par' dir='ltr' id='par_1_64' title="bbox 2072 1952 3653 2024">
     <span class='ocr_line' id='line_1_64' title="bbox 2072 1952 3653 2024; baseline 0.001 -20"><span class='ocrx_word' id='word_1_434' title='bbox 2072 1953 2164 2005; x_wconf 72' lang='grc' dir='ltr'><strong>ἐπὶ</strong></span> <span class='ocrx_word' id='word_1_435' title='bbox 2192 1952 2287 2006; x_wconf 88' lang='grc' dir='ltr'><strong>τοῦ</strong></span> <span class='ocrx_word' id='word_1_436' title='bbox 2321 1953 2601 2022; x_wconf 83' lang='grc' dir='ltr'>Κυριακοῦ</span> <span class='ocrx_word' id='word_1_437' title='bbox 2617 1952 2911 2023; x_wconf 81' lang='grc' dir='ltr'>προσώπου</span> <span class='ocrx_word' id='word_1_438' title='bbox 2941 1954 3056 2021; x_wconf 87' lang='grc' dir='ltr'><strong>φῶς</strong></span> <span class='ocrx_word' id='word_1_439' title='bbox 3085 1955 3141 2006; x_wconf 83' lang='grc' dir='ltr'><strong>ἐν</strong></span> <span class='ocrx_word' id='word_1_440' title='bbox 3171 1952 3371 2024; x_wconf 78' lang='grc' dir='ltr'>Θασὼρ</span> <span class='ocrx_word' id='word_1_441' title='bbox 3400 1953 3478 2023; x_wconf 82' lang='grc' dir='ltr'>τῷ</span> <span class='ocrx_word' id='word_1_442' title='bbox 3507 1953 3653 2022; x_wconf 73' lang='grc' dir='ltr'>ὄρει,</span> 
     </span>
    </p>
   </div>
   <div class='ocr_carea' id='block_1_65' title="bbox 2069 2044 3657 2115">
    <p class='ocr_par' dir='ltr' id='par_1_65' title="bbox 2069 2044 3657 2115">
     <span class='ocr_line' id='line_1_65' title="bbox 2069 2044 3657 2115; baseline -0.001 -17"><span class='ocrx_word' id='word_1_443' title='bbox 2069 2045 2164 2098; x_wconf 72' lang='grc' dir='ltr'><strong>καὶ</strong></span> <span class='ocrx_word' id='word_1_444' title='bbox 2188 2044 2462 2115; x_wconf 76' lang='grc' dir='ltr'>ὁμοδοξεῖν</span> <span class='ocrx_word' id='word_1_445' title='bbox 2488 2044 2812 2115; x_wconf 89' lang='grc' dir='ltr'>Μανιχαίοις</span> <span class='ocrx_word' id='word_1_446' title='bbox 2841 2046 2938 2099; x_wconf 71' lang='grc' dir='ltr'><strong>καὶ</strong></span> <span class='ocrx_word' id='word_1_447' title='bbox 2964 2046 3334 2108; x_wconf 84' lang='grc' dir='ltr'>Μασαλιανοῖς</span> <span class='ocrx_word' id='word_1_448' title='bbox 3363 2044 3452 2098; x_wconf 72' lang='grc' dir='ltr'>διὰ</span> <span class='ocrx_word' id='word_1_449' title='bbox 3484 2045 3657 2113; x_wconf 78' lang='grc' dir='ltr'>μόνην</span> 
     </span>
    </p>
   </div>
   <div class='ocr_carea' id='block_1_66' title="bbox 2070 2137 3656 2209">
    <p class='ocr_par' dir='ltr' id='par_1_66' title="bbox 2070 2137 3656 2209">
     <span class='ocr_line' id='line_1_66' title="bbox 2070 2137 3656 2209; baseline -0.001 -19"><span class='ocrx_word' id='word_1_450' title='bbox 2070 2137 2393 2208; x_wconf 82' lang='grc' dir='ltr'>Παλαμικὴν</span> <span class='ocrx_word' id='word_1_451' title='bbox 2422 2137 2719 2209; x_wconf 82' lang='grc' dir='ltr'>ἀρέσκειαν</span> <span class='ocrx_word' id='word_1_452' title='bbox 2754 2138 2944 2207; x_wconf 71' lang='grc' dir='ltr'>μωρὰν</span> <span class='ocrx_word' id='word_1_453' title='bbox 2976 2139 3071 2191; x_wconf 71' lang='grc' dir='ltr'><strong>καὶ</strong></span> <span class='ocrx_word' id='word_1_454' title='bbox 3103 2138 3449 2206; x_wconf 82' lang='grc' dir='ltr'>παράνομον,</span> <span class='ocrx_word' id='word_1_455' title='bbox 3483 2138 3656 2206; x_wconf 75' lang='grc' dir='ltr'>μηδὲν</span> 
     </span>
    </p>
   </div>
   <div class='ocr_carea' id='block_1_67' title="bbox 2070 2227 3657 2300">
    <p class='ocr_par' dir='ltr' id='par_1_67' title="bbox 2070 2227 3657 2300">
     <span class='ocr_line' id='line_1_67' title="bbox 2070 2227 3657 2300; baseline 0.001 -18"><span class='ocrx_word' id='word_1_456' title='bbox 2070 2231 2259 2300; x_wconf 79' lang='grc' dir='ltr'>νοητδν</span> <span class='ocrx_word' id='word_1_457' title='bbox 2287 2230 2632 2300; x_wconf 77' lang='grc' dir='ltr'>ἡγουμένους</span> <span class='ocrx_word' id='word_1_458' title='bbox 2653 2269 2669 2293; x_wconf 82' lang='grc'><strong>,</strong></span> <span class='ocrx_word' id='word_1_459' title='bbox 2696 2230 2835 2283; x_wconf 84' lang='grc' dir='ltr'><strong>ἀλλά</strong></span> <span class='ocrx_word' id='word_1_460' title='bbox 2866 2227 3075 2297; x_wconf 78' lang='grc' dir='ltr'>νοητῶς</span> <span class='ocrx_word' id='word_1_461' title='bbox 3107 2230 3305 2299; x_wconf 84' lang='grc' dir='ltr'>κομιδῆ</span> <span class='ocrx_word' id='word_1_462' title='bbox 3334 2232 3425 2283; x_wconf 86' lang='grc' dir='ltr'><strong>τὸν</strong></span> <span class='ocrx_word' id='word_1_463' title='bbox 3454 2230 3657 2298; x_wconf 77' lang='grc' dir='ltr'>ἄλογον</span> 
     </span>
    </p>
   </div>
   <div class='ocr_carea' id='block_1_68' title="bbox 2070 2321 3657 2392">
    <p class='ocr_par' dir='ltr' id='par_1_68' title="bbox 2070 2321 3657 2392">
     <span class='ocr_line' id='line_1_68' title="bbox 2070 2321 3657 2392; baseline 0.001 -19"><span class='ocrx_word' id='word_1_464' title='bbox 2070 2321 2269 2390; x_wconf 81' lang='grc' dir='ltr'>τρόπον</span> <span class='ocrx_word' id='word_1_465' title='bbox 2300 2325 2363 2391; x_wconf 80' lang='grc' dir='ltr'>τῇ</span> <span class='ocrx_word' id='word_1_466' title='bbox 2399 2321 2647 2389; x_wconf 74' lang='grc' dir='ltr'>αἰσθήσει</span> <span class='ocrx_word' id='word_1_467' title='bbox 2682 2322 2821 2392; x_wconf 65' lang='grc' dir='ltr'>μονῃ</span> <span class='ocrx_word' id='word_1_468' title='bbox 2858 2321 3034 2374; x_wconf 67' lang='grc' dir='ltr'>πάντα</span> <span class='ocrx_word' id='word_1_469' title='bbox 3070 2321 3482 2391; x_wconf 76' lang='grc' dir='ltr'>χαριζομένους.</span> <span class='ocrx_word' id='word_1_470' title='bbox 3513 2322 3657 2375; x_wconf 75' lang='grc' dir='ltr'><strong>Κοιί⁴</strong></span> 
     </span>
    </p>
   </div>
   <div class='ocr_carea' id='block_1_69' title="bbox 2067 2411 3654 2483">
    <p class='ocr_par' dir='ltr' id='par_1_69' title="bbox 2067 2411 3654 2483">
     <span class='ocr_line' id='line_1_69' title="bbox 2067 2411 3654 2483; baseline 0.003 -21"><span class='ocrx_word' id='word_1_471' title='bbox 2067 2428 2150 2465; x_wconf 92' lang='grc' dir='ltr'><strong>τοι</strong></span> <span class='ocrx_word' id='word_1_472' title='bbox 2183 2413 2400 2480; x_wconf 74' lang='grc' dir='ltr'>’Ἄρειος</span> <span class='ocrx_word' id='word_1_473' title='bbox 2445 2414 2652 2473; x_wconf 79' lang='grc' dir='ltr'>ἐκεῖνος</span> <span class='ocrx_word' id='word_1_474' title='bbox 2697 2414 2725 2465; x_wconf 81' lang='grc' dir='ltr'>ὁ</span> <span class='ocrx_word' id='word_1_475' title='bbox 2773 2411 3039 2483; x_wconf 78' lang='grc' dir='ltr'>δυσσεϐὴς</span> <span class='ocrx_word' id='word_1_476' title='bbox 3089 2413 3298 2480; x_wconf 83' lang='grc' dir='ltr'>κτίσμα</span> <span class='ocrx_word' id='word_1_477' title='bbox 3352 2413 3450 2483; x_wconf 76' lang='grc' dir='ltr'><strong>μὲν</strong></span> <span class='ocrx_word' id='word_1_478' title='bbox 3496 2413 3654 2480; x_wconf 78' lang='grc' dir='ltr'>ἔλεγε</span> 
     </span>
    </p>
   </div>
   <div class='ocr_carea' id='block_1_70' title="bbox 2072 2500 3654 2571">
    <p class='ocr_par' dir='ltr' id='par_1_70' title="bbox 2072 2500 3654 2571">
     <span class='ocr_line' id='line_1_70' title="bbox 2072 2500 3654 2571; baseline 0.003 -18"><span class='ocrx_word' id='word_1_479' title='bbox 2072 2500 2410 2571; x_wconf 81' lang='grc' dir='ltr'>βλασφημῶν</span> <span class='ocrx_word' id='word_1_480' title='bbox 2438 2500 2526 2555; x_wconf 79' lang='grc' dir='ltr'><strong>τὸν</strong></span> <span class='ocrx_word' id='word_1_481' title='bbox 2561 2503 2684 2555; x_wconf 76' lang='grc' dir='ltr'>Υίδν</span> <span class='ocrx_word' id='word_1_482' title='bbox 2717 2503 2810 2556; x_wconf 75' lang='grc' dir='ltr'><strong>καὶ</strong></span> <span class='ocrx_word' id='word_1_483' title='bbox 2842 2503 3016 2570; x_wconf 88' lang='grc' dir='ltr'>Λόγον</span> <span class='ocrx_word' id='word_1_484' title='bbox 3046 2501 3141 2557; x_wconf 89' lang='grc' dir='ltr'><strong>τοῦ</strong></span> <span class='ocrx_word' id='word_1_485' title='bbox 3180 2503 3315 2555; x_wconf 87' lang='grc' dir='ltr'>Θεοῦ</span> <span class='ocrx_word' id='word_1_486' title='bbox 3340 2542 3355 2566; x_wconf 85' lang='grc'><strong>,</strong></span> <span class='ocrx_word' id='word_1_487' title='bbox 3389 2504 3483 2557; x_wconf 74' lang='grc' dir='ltr'><strong>καὶ</strong></span> <span class='ocrx_word' id='word_1_488' title='bbox 3518 2504 3654 2559; x_wconf 83' lang='grc' dir='ltr'>Θεὸν</span> 
     </span>
    </p>
   </div>
   <div class='ocr_carea' id='block_1_71' title="bbox 2070 2591 3651 2670">
    <p class='ocr_par' dir='ltr' id='par_1_71' title="bbox 2070 2591 3651 2670">
     <span class='ocr_line' id='line_1_71' title="bbox 2070 2591 3651 2670; baseline 0.001 -21"><span class='ocrx_word' id='word_1_489' title='bbox 2070 2598 2360 2666; x_wconf 85' lang='grc' dir='ltr'>ὑφειμένον</span> <span class='ocrx_word' id='word_1_490' title='bbox 2381 2614 2395 2628; x_wconf 89' lang='grc'><strong>·</strong></span> <span class='ocrx_word' id='word_1_491' title='bbox 2430 2599 2490 2651; x_wconf 82' lang='grc' dir='ltr'><strong>ού</strong></span> <span class='ocrx_word' id='word_1_492' title='bbox 2532 2598 2636 2669; x_wconf 77' lang='grc' dir='ltr'>μὴν</span> <span class='ocrx_word' id='word_1_493' title='bbox 2674 2599 2753 2660; x_wconf 85' lang='grc' dir='ltr'><strong>είς</strong></span> <span class='ocrx_word' id='word_1_494' title='bbox 2788 2597 3059 2668; x_wconf 84' lang='grc' dir='ltr'>τοσαύτην</span> <span class='ocrx_word' id='word_1_495' title='bbox 3092 2591 3228 2670; x_wconf 76' lang='grc' dir='ltr'>ἧκεν</span> <span class='ocrx_word' id='word_1_496' title='bbox 3263 2598 3651 2667; x_wconf 80' lang='grc' dir='ltr'>ἀναισχυντίαν</span> 
     </span>
    </p>
   </div>
   <div class='ocr_carea' id='block_1_72' title="bbox 2064 2686 3653 2760">
    <p class='ocr_par' dir='ltr' id='par_1_72' title="bbox 2064 2686 3653 2760">
     <span class='ocr_line' id='line_1_72' title="bbox 2064 2686 3653 2760; baseline -0.001 -17"><span class='ocrx_word' id='word_1_497' title='bbox 2064 2691 2159 2743; x_wconf 75' lang='grc' dir='ltr'><strong>καὶ</strong></span> <span class='ocrx_word' id='word_1_498' title='bbox 2187 2689 2454 2757; x_wconf 87' lang='grc' dir='ltr'>νηπιῶδες</span> <span class='ocrx_word' id='word_1_499' title='bbox 2480 2689 2751 2759; x_wconf 75' lang='grc' dir='ltr'>ψὲλλιτμα</span> <span class='ocrx_word' id='word_1_500' title='bbox 2777 2686 2918 2741; x_wconf 82' lang='grc' dir='ltr'>ὥστε</span> <span class='ocrx_word' id='word_1_501' title='bbox 2947 2689 3197 2743; x_wconf 87' lang='grc' dir='ltr'>ἀνούσιον</span> <span class='ocrx_word' id='word_1_502' title='bbox 3221 2690 3424 2760; x_wconf 83' lang='grc' dir='ltr'>ὀρατὴν</span> <span class='ocrx_word' id='word_1_503' title='bbox 3451 2690 3653 2759; x_wconf 78' lang='grc' dir='ltr'>ὀνομά-</span> 
     </span>
    </p>
   </div>
   <div class='ocr_carea' id='block_1_73' title="bbox 2068 2775 3650 2853">
    <p class='ocr_par' dir='ltr' id='par_1_73' title="bbox 2068 2775 3650 2853">
     <span class='ocr_line' id='line_1_73' title="bbox 2068 2775 3650 2853; baseline 0.001 -19"><span class='ocrx_word' id='word_1_504' title='bbox 2068 2798 2161 2835; x_wconf 89' lang='grc' dir='ltr'><strong>σαι</strong></span> <span class='ocrx_word' id='word_1_505' title='bbox 2200 2780 2428 2851; x_wconf 83' lang='grc' dir='ltr'>θεότητα</span> <span class='ocrx_word' id='word_1_506' title='bbox 2453 2797 2466 2810; x_wconf 88' lang='grc'><em>’</em></span> <span class='ocrx_word' id='word_1_507' title='bbox 2508 2781 2644 2852; x_wconf 64' lang='grc' dir='ltr'>μηδὲ</span> <span class='ocrx_word' id='word_1_508' title='bbox 2681 2780 2793 2852; x_wconf 74' lang='grc' dir='ltr'>γὰρ</span> <span class='ocrx_word' id='word_1_509' title='bbox 2831 2775 2972 2837; x_wconf 72' lang='grc' dir='ltr'>εῖναι</span> <span class='ocrx_word' id='word_1_510' title='bbox 3009 2781 3132 2834; x_wconf 80' lang='grc' dir='ltr'>κατ’</span> <span class='ocrx_word' id='word_1_511' title='bbox 3155 2783 3474 2851; x_wconf 79' lang='grc' dir='ltr'>ἐπιστήμην</span> <span class='ocrx_word' id='word_1_512' title='bbox 3509 2782 3650 2853; x_wconf 78' lang='grc' dir='ltr'>μήτε</span> 
     </span>
    </p>
   </div>
   <div class='ocr_carea' id='block_1_74' title="bbox 2067 2869 3650 2942">
    <p class='ocr_par' dir='ltr' id='par_1_74' title="bbox 2067 2869 3650 2942">
     <span class='ocr_line' id='line_1_74' title="bbox 2067 2869 3650 2942; baseline -0.001 -17"><span class='ocrx_word' id='word_1_513' title='bbox 2067 2872 2218 2925; x_wconf 87' lang='grc' dir='ltr'>θείαν</span> <span class='ocrx_word' id='word_1_514' title='bbox 2250 2871 2374 2942; x_wconf 85' lang='grc' dir='ltr'>μήτ’</span> <span class='ocrx_word' id='word_1_515' title='bbox 2399 2871 2771 2941; x_wconf 83' lang='grc' dir='ltr'>ἀνθρωπίνην,</span> <span class='ocrx_word' id='word_1_516' title='bbox 2804 2871 2942 2942; x_wconf 82' lang='grc' dir='ltr'>μήτε</span> <span class='ocrx_word' id='word_1_517' title='bbox 2974 2870 3132 2939; x_wconf 84' lang='grc' dir='ltr'>λόγον</span> <span class='ocrx_word' id='word_1_518' title='bbox 3164 2869 3310 2942; x_wconf 79' lang='grc' dir='ltr'>ἔχειν</span> <span class='ocrx_word' id='word_1_519' title='bbox 3337 2871 3529 2924; x_wconf 77' lang='grc' dir='ltr'>οὐδένα</span> <span class='ocrx_word' id='word_1_520' title='bbox 3559 2871 3650 2924; x_wconf 75' lang='grc' dir='ltr'>λέ-</span> 
     </span>
    </p>
   </div>
   <div class='ocr_carea' id='block_1_75' title="bbox 2065 2963 3649 3035">
    <p class='ocr_par' dir='ltr' id='par_1_75' title="bbox 2065 2963 3649 3035">
     <span class='ocr_line' id='line_1_75' title="bbox 2065 2963 3649 3035; baseline 0.001 -17"><span class='ocrx_word' id='word_1_521' title='bbox 2065 2982 2185 3035; x_wconf 88' lang='grc' dir='ltr'>γειν</span> <span class='ocrx_word' id='word_1_522' title='bbox 2220 2982 2273 3018; x_wconf 85' lang='grc' dir='ltr'><strong>τι</strong></span> <span class='ocrx_word' id='word_1_523' title='bbox 2311 2964 2421 3018; x_wconf 88' lang='grc' dir='ltr'><strong>τῶν</strong></span> <span class='ocrx_word' id='word_1_524' title='bbox 2453 2965 2626 3019; x_wconf 75' lang='grc' dir='ltr'>ὄντων</span> <span class='ocrx_word' id='word_1_525' title='bbox 2659 2963 2910 3018; x_wconf 86' lang='grc' dir='ltr'>ἀνούσιον</span> <span class='ocrx_word' id='word_1_526' title='bbox 2946 2966 3163 3035; x_wconf 82' lang='grc' dir='ltr'>ὁρατόν.</span> <span class='ocrx_word' id='word_1_527' title='bbox 3205 2965 3397 3020; x_wconf 82' lang='grc' dir='ltr'>Καίτοι</span> <span class='ocrx_word' id='word_1_528' title='bbox 3441 2966 3649 3029; x_wconf 81' lang='grc' dir='ltr'>ἐκεῖνος</span> 
     </span>
    </p>
   </div>
   <div class='ocr_carea' id='block_1_76' title="bbox 2070 3055 3645 3128">
    <p class='ocr_par' dir='ltr' id='par_1_76' title="bbox 2070 3055 3645 3128">
     <span class='ocr_line' id='line_1_76' title="bbox 2070 3055 3645 3128; baseline -0.002 -17"><span class='ocrx_word' id='word_1_529' title='bbox 2070 3058 2167 3127; x_wconf 81' lang='grc' dir='ltr'><strong>μὲν</strong></span> <span class='ocrx_word' id='word_1_530' title='bbox 2207 3058 2425 3111; x_wconf 81' lang='grc' dir='ltr'>κτιστὸν</span> <span class='ocrx_word' id='word_1_531' title='bbox 2463 3056 2643 3125; x_wconf 86' lang='grc' dir='ltr'>λέγων</span> <span class='ocrx_word' id='word_1_532' title='bbox 2679 3055 2813 3110; x_wconf 74' lang='grc' dir='ltr'>Θεὸν</span> <span class='ocrx_word' id='word_1_533' title='bbox 2851 3057 2999 3125; x_wconf 84' lang='grc' dir='ltr'>ὅμως</span> <span class='ocrx_word' id='word_1_534' title='bbox 3038 3056 3233 3127; x_wconf 79' lang='grc' dir='ltr'>ὁρατὸν</span> <span class='ocrx_word' id='word_1_535' title='bbox 3273 3056 3373 3110; x_wconf 82' lang='grc' dir='ltr'><strong>οὐκ</strong></span> <span class='ocrx_word' id='word_1_536' title='bbox 3414 3057 3645 3128; x_wconf 76' lang='grc' dir='ltr'>ἐδυνήθη</span> 
     </span>
    </p>
   </div>
   <div class='ocr_carea' id='block_1_77' title="bbox 2067 3147 3646 3219">
    <p class='ocr_par' dir='ltr' id='par_1_77' title="bbox 2067 3147 3646 3219">
     <span class='ocr_line' id='line_1_77' title="bbox 2067 3147 3646 3219; baseline -0.001 -18"><span class='ocrx_word' id='word_1_537' title='bbox 2067 3151 2388 3219; x_wconf 76' lang='grc' dir='ltr'>προσειπεῖν</span> <span class='ocrx_word' id='word_1_538' title='bbox 2409 3164 2424 3180; x_wconf 82' lang='grc'><em>’</em></span> <span class='ocrx_word' id='word_1_539' title='bbox 2463 3148 2763 3217; x_wconf 77' lang='grc' dir='ltr'>ὑπέρτερον</span> <span class='ocrx_word' id='word_1_540' title='bbox 2797 3147 2907 3217; x_wconf 81' lang='grc' dir='ltr'><strong>γάρ</strong></span> <span class='ocrx_word' id='word_1_541' title='bbox 2944 3147 3055 3200; x_wconf 88' lang='grc' dir='ltr'><strong>τῶν</strong></span> <span class='ocrx_word' id='word_1_542' title='bbox 3092 3147 3407 3216; x_wconf 83' lang='grc' dir='ltr'>ἀγγελικῶν</span> <span class='ocrx_word' id='word_1_543' title='bbox 3441 3147 3646 3200; x_wconf 79' lang='grc' dir='ltr'>οὐσιῶν</span> 
     </span>
    </p>
   </div>
   <div class='ocr_carea' id='block_1_78' title="bbox 2063 3236 3643 3311">
    <p class='ocr_par' dir='ltr' id='par_1_78' title="bbox 2063 3236 3643 3311">
     <span class='ocr_line' id='line_1_78' title="bbox 2063 3236 3643 3311; baseline -0.003 -18"><span class='ocrx_word' id='word_1_544' title='bbox 2063 3241 2469 3311; x_wconf 65' lang='grc' dir='ltr'>ἀποφηναμένη)</span> <span class='ocrx_word' id='word_1_545' title='bbox 2506 3240 2566 3293; x_wconf 81' lang='grc' dir='ltr'><strong>ού</strong></span> <span class='ocrx_word' id='word_1_546' title='bbox 2608 3240 2757 3310; x_wconf 88' lang='grc' dir='ltr'>μέντ’</span> <span class='ocrx_word' id='word_1_547' title='bbox 2785 3239 2851 3293; x_wconf 83' lang='grc' dir='ltr'><strong>ἂν</strong></span> <span class='ocrx_word' id='word_1_548' title='bbox 2886 3238 3035 3309; x_wconf 74' lang='grc' dir='ltr'>αὐτῷ</span> <span class='ocrx_word' id='word_1_549' title='bbox 3069 3238 3294 3292; x_wconf 76' lang='grc' dir='ltr'>δυνατὸν</span> <span class='ocrx_word' id='word_1_550' title='bbox 3329 3238 3521 3292; x_wconf 73' lang='grc' dir='ltr'>ἔπειτα</span> <span class='ocrx_word' id='word_1_551' title='bbox 3554 3236 3643 3309; x_wconf 79' lang='grc' dir='ltr'>ἦν,</span> 
     </span>
    </p>
   </div>
   <div class='ocr_carea' id='block_1_79' title="bbox 2061 3331 3640 3409">
    <p class='ocr_par' dir='ltr' id='par_1_79' title="bbox 2061 3331 3640 3409">
     <span class='ocr_line' id='line_1_79' title="bbox 2061 3331 3640 3409; baseline 0 -24"><span class='ocrx_word' id='word_1_552' title='bbox 2061 3333 2310 3401; x_wconf 76' lang='grc' dir='ltr'>ἀοράτων</span> <span class='ocrx_word' id='word_1_553' title='bbox 2345 3334 2570 3409; x_wconf 71' lang='grc' dir='ltr'>ἐκείνων</span> <span class='ocrx_word' id='word_1_554' title='bbox 2606 3331 2803 3396; x_wconf 78' lang='grc' dir='ltr'>οὐσῶν,</span> <span class='ocrx_word' id='word_1_555' title='bbox 2839 3333 3037 3403; x_wconf 71' lang='grc' dir='ltr'>ὁρατὸν</span> <span class='ocrx_word' id='word_1_556' title='bbox 3072 3332 3235 3385; x_wconf 81' lang='grc' dir='ltr'>αὐτὸν</span> <span class='ocrx_word' id='word_1_557' title='bbox 3277 3332 3605 3402; x_wconf 76' lang='grc' dir='ltr'>δογματίσαι</span> <span class='ocrx_word' id='word_1_558' title='bbox 3626 3347 3640 3363; x_wconf 89' lang='grc'><strong>·</strong></span> 
     </span>
    </p>
   </div>
   <div class='ocr_carea' id='block_1_80' title="bbox 2067 3423 3643 3493">
    <p class='ocr_par' dir='ltr' id='par_1_80' title="bbox 2067 3423 3643 3493">
     <span class='ocr_line' id='line_1_80' title="bbox 2067 3423 3643 3493; baseline -0.002 -17"><span class='ocrx_word' id='word_1_559' title='bbox 2067 3425 2330 3493; x_wconf 79' lang='grc' dir='ltr'>Παλαμᾶς</span> <span class='ocrx_word' id='word_1_560' title='bbox 2364 3424 2422 3476; x_wconf 80' lang='grc' dir='ltr'>δὲ</span> <span class='ocrx_word' id='word_1_561' title='bbox 2458 3424 2553 3478; x_wconf 78' lang='grc' dir='ltr'>καὶ</span> <span class='ocrx_word' id='word_1_562' title='bbox 2592 3423 3007 3492; x_wconf 81' lang='grc' dir='ltr'>συλλογίσασθαι</span> <span class='ocrx_word' id='word_1_563' title='bbox 3037 3424 3343 3493; x_wconf 77' lang='grc' dir='ltr'>τετόλμηκε</span> <span class='ocrx_word' id='word_1_564' title='bbox 3375 3423 3443 3476; x_wconf 80' lang='grc' dir='ltr'><strong>τά</strong></span> <span class='ocrx_word' id='word_1_565' title='bbox 3481 3423 3643 3476; x_wconf 79' lang='grc' dir='ltr'>ἀσυλ-</span> 
     </span>
    </p>
   </div>
   <div class='ocr_carea' id='block_1_81' title="bbox 2064 3511 3643 3585">
    <p class='ocr_par' dir='ltr' id='par_1_81' title="bbox 2064 3511 3643 3585">
     <span class='ocr_line' id='line_1_81' title="bbox 2064 3511 3643 3585; baseline -0.003 -17"><span class='ocrx_word' id='word_1_566' title='bbox 2064 3517 2310 3582; x_wconf 86' lang='grc' dir='ltr'>λόγιστα,</span> <span class='ocrx_word' id='word_1_567' title='bbox 2355 3515 2448 3567; x_wconf 73' lang='grc' dir='ltr'>καὶ</span> <span class='ocrx_word' id='word_1_568' title='bbox 2488 3514 2818 3585; x_wconf 75' lang='grc' dir='ltr'>ἐξηρεύξατο</span> <span class='ocrx_word' id='word_1_569' title='bbox 2858 3516 2926 3567; x_wconf 80' lang='grc' dir='ltr'><strong>τὰ</strong></span> <span class='ocrx_word' id='word_1_570' title='bbox 2968 3512 3295 3582; x_wconf 77' lang='grc' dir='ltr'>άσύμὸλητά</span> <span class='ocrx_word' id='word_1_571' title='bbox 3333 3531 3391 3566; x_wconf 89' lang='grc' dir='ltr'><strong>τε</strong></span> <span class='ocrx_word' id='word_1_572' title='bbox 3433 3512 3527 3565; x_wconf 65' lang='grc' dir='ltr'><strong>καὶ</strong></span> <span class='ocrx_word' id='word_1_573' title='bbox 3567 3511 3643 3576; x_wconf 83' lang='grc' dir='ltr'><strong>ὡς</strong></span> 
     </span>
    </p>
   </div>
   <div class='ocr_carea' id='block_1_82' title="bbox 2065 3603 3641 3677">
    <p class='ocr_par' dir='ltr' id='par_1_82' title="bbox 2065 3603 3641 3677">
     <span class='ocr_line' id='line_1_82' title="bbox 2065 3603 3641 3677; baseline -0.004 -15"><span class='ocrx_word' id='word_1_574' title='bbox 2065 3609 2269 3662; x_wconf 80' lang='grc' dir='ltr'>ἐπίπαν</span> <span class='ocrx_word' id='word_1_575' title='bbox 2303 3608 2608 3677; x_wconf 79' lang='grc' dir='ltr'>ἀσύμφωνα</span> <span class='ocrx_word' id='word_1_576' title='bbox 2630 3648 2645 3670; x_wconf 94' lang='grc'><strong>,</strong></span> <span class='ocrx_word' id='word_1_577' title='bbox 2675 3607 2733 3660; x_wconf 84' lang='grc' dir='ltr'>οὐ</span> <span class='ocrx_word' id='word_1_578' title='bbox 2766 3608 2909 3661; x_wconf 82' lang='grc' dir='ltr'><strong>κατά</strong></span> <span class='ocrx_word' id='word_1_579' title='bbox 2938 3606 3232 3675; x_wconf 84' lang='grc' dir='ltr'>ποιητικήν</span> <span class='ocrx_word' id='word_1_580' title='bbox 3261 3622 3384 3658; x_wconf 87' lang='grc' dir='ltr'>τινα</span> <span class='ocrx_word' id='word_1_581' title='bbox 3410 3606 3517 3657; x_wconf 89' lang='grc' dir='ltr'><strong>τῶν</strong></span> <span class='ocrx_word' id='word_1_582' title='bbox 3547 3603 3641 3656; x_wconf 82' lang='grc' dir='ltr'>θύ-</span> 
     </span>
    </p>
   </div>
   <div class='ocr_carea' id='block_1_83' title="bbox 2069 3694 3642 3767">
    <p class='ocr_par' dir='ltr' id='par_1_83' title="bbox 2069 3694 3642 3767">
     <span class='ocr_line' id='line_1_83' title="bbox 2069 3694 3642 3767; baseline -0.003 -15"><span class='ocrx_word' id='word_1_583' title='bbox 2069 3698 2234 3767; x_wconf 87' lang='grc' dir='ltr'>ραθεν</span> <span class='ocrx_word' id='word_1_584' title='bbox 2269 3699 2473 3762; x_wconf 77' lang='grc' dir='ltr'>ἄδειαν,</span> <span class='ocrx_word' id='word_1_585' title='bbox 2510 3700 2647 3752; x_wconf 78' lang='grc' dir='ltr'>ἀλλὰ</span> <span class='ocrx_word' id='word_1_586' title='bbox 2685 3698 2825 3751; x_wconf 66' lang='grc' dir='ltr'>κατὰ</span> <span class='ocrx_word' id='word_1_587' title='bbox 2865 3698 3277 3767; x_wconf 83' lang='grc' dir='ltr'>ἀνεπιστήμονα</span> <span class='ocrx_word' id='word_1_588' title='bbox 3319 3694 3642 3766; x_wconf 76' lang='grc' dir='ltr'>Παλαμικὴν</span> 
     </span>
    </p>
   </div>
   <div class='ocr_carea' id='block_1_84' title="bbox 2064 3787 3644 3861">
    <p class='ocr_par' dir='ltr' id='par_1_84' title="bbox 2064 3787 3644 3861">
     <span class='ocr_line' id='line_1_84' title="bbox 2064 3787 3644 3861; baseline -0.003 -18"><span class='ocrx_word' id='word_1_589' title='bbox 2064 3791 2353 3844; x_wconf 78' lang='grc' dir='ltr'>αὐθάδειαν</span> <span class='ocrx_word' id='word_1_590' title='bbox 2379 3808 2392 3821; x_wconf 76' lang='grc' dir='ltr'><strong>ο</strong></span> <span class='ocrx_word' id='word_1_591' title='bbox 2427 3789 2551 3843; x_wconf 69' lang='grc' dir='ltr'>οὔτε</span> <span class='ocrx_word' id='word_1_592' title='bbox 2580 3792 2689 3860; x_wconf 84' lang='grc' dir='ltr'><strong>γὰρ</strong></span> <span class='ocrx_word' id='word_1_593' title='bbox 2719 3791 2894 3844; x_wconf 79' lang='grc' dir='ltr'>οὐδενὶ</span> <span class='ocrx_word' id='word_1_594' title='bbox 2920 3792 3030 3844; x_wconf 88' lang='grc' dir='ltr'><strong>τῶν</strong></span> <span class='ocrx_word' id='word_1_595' title='bbox 3059 3790 3297 3861; x_wconf 83' lang='grc' dir='ltr'>θύραθεν</span> <span class='ocrx_word' id='word_1_596' title='bbox 3325 3789 3507 3858; x_wconf 83' lang='grc' dir='ltr'>σοφῶν</span> <span class='ocrx_word' id='word_1_597' title='bbox 3534 3787 3644 3840; x_wconf 85' lang='grc' dir='ltr'><strong>πώ-</strong></span> 
     </span>
    </p>
   </div>
   <div class='ocr_carea' id='block_1_85' title="bbox 2067 3878 3643 3952">
    <p class='ocr_par' dir='ltr' id='par_1_85' title="bbox 2067 3878 3643 3952">
     <span class='ocr_line' id='line_1_85' title="bbox 2067 3878 3643 3952; baseline -0.003 -16"><span class='ocrx_word' id='word_1_598' title='bbox 2067 3881 2187 3936; x_wconf 86' lang='grc' dir='ltr'>ποτ’</span> <span class='ocrx_word' id='word_1_599' title='bbox 2213 3884 2291 3944; x_wconf 85' lang='grc' dir='ltr'><strong>είς</strong></span> <span class='ocrx_word' id='word_1_600' title='bbox 2322 3880 2446 3935; x_wconf 90' lang='grc' dir='ltr'>νοῦν</span> <span class='ocrx_word' id='word_1_601' title='bbox 2474 3882 2698 3952; x_wconf 86' lang='grc' dir='ltr'>τοιαύτη</span> <span class='ocrx_word' id='word_1_602' title='bbox 2725 3900 2810 3945; x_wconf 90' lang='grc' dir='ltr'><strong>τις</strong></span> <span class='ocrx_word' id='word_1_603' title='bbox 2838 3880 3041 3952; x_wconf 64' lang='grc' dir='ltr'>ἠνέχθη</span> <span class='ocrx_word' id='word_1_604' title='bbox 3070 3881 3351 3951; x_wconf 84' lang='grc' dir='ltr'>τερατεία,</span> <span class='ocrx_word' id='word_1_605' title='bbox 3378 3879 3501 3933; x_wconf 72' lang='grc' dir='ltr'>οὔτε</span> <span class='ocrx_word' id='word_1_606' title='bbox 3536 3878 3643 3950; x_wconf 82' lang='grc' dir='ltr'>μὴν</span> 
     </span>
    </p>
   </div>
   <div class='ocr_carea' id='block_1_86' title="bbox 2066 3970 3641 4042">
    <p class='ocr_par' dir='ltr' id='par_1_86' title="bbox 2066 3970 3641 4042">
     <span class='ocr_line' id='line_1_86' title="bbox 2066 3970 3641 4042; baseline -0.001 -19"><span class='ocrx_word' id='word_1_607' title='bbox 2066 3970 2361 4042; x_wconf 72' lang='grc' dir='ltr'>βαρϐάρων</span> <span class='ocrx_word' id='word_1_608' title='bbox 2396 3971 2598 4041; x_wconf 75' lang='grc' dir='ltr'>ἔψαυσέ</span> <span class='ocrx_word' id='word_1_609' title='bbox 2633 3988 2772 4033; x_wconf 87' lang='grc' dir='ltr'>τινος</span> <span class='ocrx_word' id='word_1_610' title='bbox 2811 3970 3077 4040; x_wconf 83' lang='grc' dir='ltr'>λογισμοῦ</span> <span class='ocrx_word' id='word_1_611' title='bbox 3113 3970 3415 4042; x_wconf 83' lang='grc' dir='ltr'>τηλικαύτη</span> <span class='ocrx_word' id='word_1_612' title='bbox 3462 3970 3641 4040; x_wconf 80' lang='grc' dir='ltr'>μωρία</span> 
     </span>
    </p>
   </div>
   <div class='ocr_carea' id='block_1_87' title="bbox 2076 4065 3644 4139">
    <p class='ocr_par' dir='ltr' id='par_1_87' title="bbox 2076 4065 3644 4139">
     <span class='ocr_line' id='line_1_87' title="bbox 2076 4065 3644 4139; baseline -0.002 -18"><span class='ocrx_word' id='word_1_613' title='bbox 2076 4071 2238 4139; x_wconf 86' lang='grc' dir='ltr'>μέχρι</span> <span class='ocrx_word' id='word_1_614' title='bbox 2306 4069 2403 4121; x_wconf 74' lang='grc' dir='ltr'><strong>καὶ</strong></span> <span class='ocrx_word' id='word_1_615' title='bbox 2461 4071 2723 4139; x_wconf 76' lang='grc' dir='ltr'>τήμερον.</span> <span class='ocrx_word' id='word_1_616' title='bbox 2769 4068 3033 4121; x_wconf 84' lang='grc' dir='ltr'>Λείπεται</span> <span class='ocrx_word' id='word_1_617' title='bbox 3074 4067 3169 4121; x_wconf 77' lang='grc' dir='ltr'><strong>οὖν</strong></span> <span class='ocrx_word' id='word_1_618' title='bbox 3211 4065 3462 4120; x_wconf 74' lang='grc' dir='ltr'>ἐνταυθοῖ</span> <span class='ocrx_word' id='word_1_619' title='bbox 3502 4081 3644 4131; x_wconf 70' lang='grc' dir='ltr'>γενο-</span> 
     </span>
    </p>
   </div>
   <div class='ocr_carea' id='block_1_88' title="bbox 2068 4146 3639 4227">
    <p class='ocr_par' dir='ltr' id='par_1_88' title="bbox 2068 4146 3639 4227">
     <span class='ocr_line' id='line_1_88' title="bbox 2068 4146 3639 4227; baseline 0 -20"><span class='ocrx_word' id='word_1_620' title='bbox 2068 4156 2252 4224; x_wconf 80' lang='grc' dir='ltr'>μένοις</span> <span class='ocrx_word' id='word_1_621' title='bbox 2301 4156 2395 4207; x_wconf 73' lang='grc' dir='ltr'>καὶ</span> <span class='ocrx_word' id='word_1_622' title='bbox 2425 4156 2579 4225; x_wconf 78' lang='grc' dir='ltr'>ἡμῖν,</span> <span class='ocrx_word' id='word_1_623' title='bbox 2609 4159 2788 4226; x_wconf 86' lang='grc' dir='ltr'>σιωπῇ</span> <span class='ocrx_word' id='word_1_624' title='bbox 2839 4146 2905 4208; x_wconf 60' lang='grc' dir='ltr'><strong>τά</strong></span> <span class='ocrx_word' id='word_1_625' title='bbox 2953 4154 3179 4209; x_wconf 79' lang='grc' dir='ltr'>τοιαῦτα</span> <span class='ocrx_word' id='word_1_626' title='bbox 3204 4155 3639 4227; x_wconf 79' lang='grc' dir='ltr'>βδελυξαμένοις,</span> 
     </span>
    </p>
   </div>
   <div class='ocr_carea' id='block_1_89' title="bbox 2066 4246 3639 4319">
    <p class='ocr_par' dir='ltr' id='par_1_89' title="bbox 2066 4246 3639 4319">
     <span class='ocr_line' id='line_1_89' title="bbox 2066 4246 3639 4319; baseline 0.003 -20"><span class='ocrx_word' id='word_1_627' title='bbox 2066 4246 2237 4317; x_wconf 80' lang='grc' dir='ltr'>ἀκοὴν</span> <span class='ocrx_word' id='word_1_628' title='bbox 2264 4246 2641 4316; x_wconf 87' lang='grc' dir='ltr'>παραδραμεῖν</span> <span class='ocrx_word' id='word_1_629' title='bbox 2670 4248 2913 4319; x_wconf 81' lang='grc' dir='ltr'>μανιώδη</span> <span class='ocrx_word' id='word_1_630' title='bbox 2944 4251 3039 4303; x_wconf 75' lang='grc' dir='ltr'><strong>καὶ</strong></span> <span class='ocrx_word' id='word_1_631' title='bbox 3063 4248 3383 4311; x_wconf 76' lang='grc' dir='ltr'>δυσσεϐείας</span> <span class='ocrx_word' id='word_1_632' title='bbox 3412 4250 3639 4319; x_wconf 81' lang='grc' dir='ltr'>μεστήν.</span> 
     </span>
    </p>
   </div>
   <div class='ocr_carea' id='block_1_90' title="bbox 2078 4320 3641 4413">
    <p class='ocr_par' dir='ltr' id='par_1_90' title="bbox 2078 4320 3641 4413">
     <span class='ocr_line' id='line_1_90' title="bbox 2078 4320 3641 4413; baseline 0.003 -23"><span class='ocrx_word' id='word_1_633' title='bbox 2078 4320 2090 4331; x_wconf 40' lang='grc'><strong>⁸</strong></span> <span class='ocrx_word' id='word_1_634' title='bbox 2136 4337 2187 4390; x_wconf 78' lang='grc'><strong>1⁸.</strong></span> <span class='ocrx_word' id='word_1_635' title='bbox 2225 4339 2357 4407; x_wconf 72' lang='grc' dir='ltr'>Περὶ</span> <span class='ocrx_word' id='word_1_636' title='bbox 2391 4337 2489 4407; x_wconf 73' lang='grc' dir='ltr'>μὲν</span> <span class='ocrx_word' id='word_1_637' title='bbox 2516 4338 2607 4391; x_wconf 77' lang='grc' dir='ltr'><strong>οῦν</strong></span> <span class='ocrx_word' id='word_1_638' title='bbox 2636 4338 2729 4391; x_wconf 90' lang='grc' dir='ltr'><strong>τοῦ</strong></span> <span class='ocrx_word' id='word_1_639' title='bbox 2773 4340 2851 4391; x_wconf 80' lang='grc' dir='ltr'>ὅτι</span> <span class='ocrx_word' id='word_1_640' title='bbox 2886 4340 3001 4408; x_wconf 88' lang='grc' dir='ltr'><strong>φῶς</strong></span> <span class='ocrx_word' id='word_1_641' title='bbox 3046 4340 3105 4393; x_wconf 77' lang='grc' dir='ltr'>ἓν</span> <span class='ocrx_word' id='word_1_642' title='bbox 3148 4342 3403 4394; x_wconf 85' lang='grc' dir='ltr'>ἄκτιστόν</span> <span class='ocrx_word' id='word_1_643' title='bbox 3435 4343 3641 4413; x_wconf 78' lang='grc' dir='ltr'>ἐστινὴ</span> 
     </span>
    </p>
   </div>
   <div class='ocr_carea' id='block_1_91' title="bbox 2065 4428 3645 4504">
    <p class='ocr_par' dir='ltr' id='par_1_91' title="bbox 2065 4428 3645 4504">
     <span class='ocr_line' id='line_1_91' title="bbox 2065 4428 3645 4504; baseline 0.006 -26"><span class='ocrx_word' id='word_1_644' title='bbox 2065 4428 2162 4496; x_wconf 88' lang='grc' dir='ltr'><strong>μία</strong></span> <span class='ocrx_word' id='word_1_645' title='bbox 2190 4430 2282 4481; x_wconf 70' lang='grc' dir='ltr'><strong>καὶ</strong></span> <span class='ocrx_word' id='word_1_646' title='bbox 2313 4431 2557 4499; x_wconf 87' lang='grc' dir='ltr'>μακαρία</span> <span class='ocrx_word' id='word_1_647' title='bbox 2585 4431 2680 4483; x_wconf 78' lang='grc' dir='ltr'><strong>καὶ</strong></span> <span class='ocrx_word' id='word_1_648' title='bbox 2706 4433 2966 4502; x_wconf 77' lang='grc' dir='ltr'>ποιητική</span> <span class='ocrx_word' id='word_1_649' title='bbox 2994 4431 3101 4485; x_wconf 90' lang='grc' dir='ltr'><strong>τῶν</strong></span> <span class='ocrx_word' id='word_1_650' title='bbox 3128 4432 3247 4503; x_wconf 86' lang='grc' dir='ltr'>μετ’</span> <span class='ocrx_word' id='word_1_651' title='bbox 3275 4433 3448 4504; x_wconf 81' lang='grc' dir='ltr'>αὐτὴν</span> <span class='ocrx_word' id='word_1_652' title='bbox 3474 4436 3645 4488; x_wconf 82' lang='grc' dir='ltr'>ἁπάν-</span> 
     </span>
    </p>
   </div>
   <div class='ocr_carea' id='block_1_92' title="bbox 377 4514 1958 4597">
    <p class='ocr_par' dir='ltr' id='par_1_92' title="bbox 377 4527 1958 4597">
     <span class='ocr_line' id='line_1_92' title="bbox 377 4527 1958 4597; baseline 0.002 -17"><span class='ocrx_word' id='word_1_653' title='bbox 377 4543 545 4585; x_wconf 83' lang='lat' dir='ltr'><strong>tatem</strong></span> <span class='ocrx_word' id='word_1_654' title='bbox 593 4529 767 4584; x_wconf 88' lang='lat' dir='ltr'><strong>tribus</strong></span> <span class='ocrx_word' id='word_1_655' title='bbox 827 4527 1082 4597; x_wconf 88' lang='lat' dir='ltr'><strong>personis</strong></span> <span class='ocrx_word' id='word_1_656' title='bbox 1147 4536 1489 4582; x_wconf 89' lang='lat' dir='ltr'><strong>constantem</strong></span> <span class='ocrx_word' id='word_1_657' title='bbox 1522 4568 1535 4592; x_wconf 87' lang='lat'><strong>,</strong></span> <span class='ocrx_word' id='word_1_658' title='bbox 1583 4542 1749 4596; x_wconf 89' lang='lat' dir='ltr'><strong>quam</strong></span> <span class='ocrx_word' id='word_1_659' title='bbox 1796 4544 1958 4584; x_wconf 89' lang='lat' dir='ltr'><strong>nemo</strong></span> 
     </span>
    </p>
   </div>
   <div class='ocr_carea' id='block_1_93' title="bbox 2064 4514 3642 4597">
    <p class='ocr_par' dir='ltr' id='par_1_93' title="bbox 2064 4519 3642 4595">
     <span class='ocr_line' id='line_1_93' title="bbox 2064 4519 3642 4595; baseline 0.007 -25"><span class='ocrx_word' id='word_1_660' title='bbox 2064 4537 2170 4571; x_wconf 80' lang='grc' dir='ltr'><strong>των</strong></span> <span class='ocrx_word' id='word_1_661' title='bbox 2204 4519 2395 4589; x_wconf 83' lang='grc' dir='ltr'>θεότης</span> <span class='ocrx_word' id='word_1_662' title='bbox 2429 4523 2459 4590; x_wconf 80' lang='grc' dir='ltr'>ἡ</span> <span class='ocrx_word' id='word_1_663' title='bbox 2519 4523 2972 4592; x_wconf 70' lang='grc' dir='ltr'>τρισυπόστατος,</span> <span class='ocrx_word' id='word_1_664' title='bbox 3034 4524 3102 4595; x_wconf 82' lang='grc' dir='ltr'>ἣν</span> <span class='ocrx_word' id='word_1_665' title='bbox 3135 4524 3310 4588; x_wconf 77' lang='grc' dir='ltr'>οὐδεὶς</span> <span class='ocrx_word' id='word_1_666' title='bbox 3356 4523 3469 4578; x_wconf 74' lang='grc' dir='ltr'>οὔτ’</span> <span class='ocrx_word' id='word_1_667' title='bbox 3504 4525 3642 4581; x_wconf 73' lang='grc' dir='ltr'>εἶδεν</span> 
     </span>
    </p>
   </div>
   <div class='ocr_carea' id='block_1_94' title="bbox 380 4618 1957 4690">
    <p class='ocr_par' dir='ltr' id='par_1_94' title="bbox 380 4618 1957 4690">
     <span class='ocr_line' id='line_1_94' title="bbox 380 4618 1957 4690; baseline -0.002 -17"><span class='ocrx_word' id='word_1_668' title='bbox 380 4622 519 4678; x_wconf 86' lang='lat' dir='ltr'><strong>vidit</strong></span> <span class='ocrx_word' id='word_1_669' title='bbox 572 4636 676 4677; x_wconf 88' lang='lat' dir='ltr'><strong>uec</strong></span> <span class='ocrx_word' id='word_1_670' title='bbox 738 4619 981 4690; x_wconf 87' lang='lat' dir='ltr'><strong>potuerit</strong></span> <span class='ocrx_word' id='word_1_671' title='bbox 1044 4618 1280 4681; x_wconf 88' lang='lat' dir='ltr'><strong>videre;</strong></span> <span class='ocrx_word' id='word_1_672' title='bbox 1320 4630 1517 4673; x_wconf 85' lang='lat' dir='ltr'><strong>caetera</strong></span> <span class='ocrx_word' id='word_1_673' title='bbox 1573 4628 1758 4675; x_wconf 85' lang='lat' dir='ltr'><strong>autem</strong></span> <span class='ocrx_word' id='word_1_674' title='bbox 1819 4632 1957 4687; x_wconf 79' lang='lat' dir='ltr'><strong>pra:-</strong></span> 
     </span>
    </p>
   </div>
   <div class='ocr_carea' id='block_1_95' title="bbox 384 4711 1960 4770">
    <p class='ocr_par' dir='ltr' id='par_1_95' title="bbox 384 4711 1960 4770">
     <span class='ocr_line' id='line_1_95' title="bbox 384 4711 1960 4770; baseline -0.001 -1"><span class='ocrx_word' id='word_1_675' title='bbox 384 4729 467 4769; x_wconf 84' lang='lat' dir='ltr'><strong>tcr</strong></span> <span class='ocrx_word' id='word_1_676' title='bbox 515 4716 661 4769; x_wconf 87' lang='lat' dir='ltr'><strong>illam</strong></span> <span class='ocrx_word' id='word_1_677' title='bbox 722 4729 842 4770; x_wconf 87' lang='lat' dir='ltr'><strong>esse</strong></span> <span class='ocrx_word' id='word_1_678' title='bbox 901 4720 1084 4769; x_wconf 88' lang='lat' dir='ltr'><strong>creata</strong></span> <span class='ocrx_word' id='word_1_679' title='bbox 1142 4723 1197 4767; x_wconf 91' lang='lat' dir='ltr'><strong>et</strong></span> <span class='ocrx_word' id='word_1_680' title='bbox 1262 4711 1534 4767; x_wconf 89' lang='lat' dir='ltr'><strong>visibilem</strong></span> <span class='ocrx_word' id='word_1_681' title='bbox 1606 4726 1729 4768; x_wconf 87' lang='lat' dir='ltr'><strong>esse</strong></span> <span class='ocrx_word' id='word_1_682' title='bbox 1784 4712 1960 4767; x_wconf 81' lang='lat' dir='ltr'><strong>mani-</strong></span> 
     </span>
    </p>
   </div>
   <div class='ocr_carea' id='block_1_96' title="bbox 382 4800 1957 4865">
    <p class='ocr_par' dir='ltr' id='par_1_96' title="bbox 382 4800 1957 4865">
     <span class='ocr_line' id='line_1_96' title="bbox 382 4800 1957 4865; baseline -0.006 -4"><span class='ocrx_word' id='word_1_683' title='bbox 382 4807 731 4861; x_wconf 85' lang='lat' dir='ltr'><strong>l&#39;estationem</strong></span> <span class='ocrx_word' id='word_1_684' title='bbox 793 4803 1070 4859; x_wconf 87' lang='lat' dir='ltr'><strong>nominari</strong></span> <span class='ocrx_word' id='word_1_685' title='bbox 1121 4818 1149 4856; x_wconf 91' lang='lat' dir='ltr'><strong>a</strong></span> <span class='ocrx_word' id='word_1_686' title='bbox 1182 4803 1388 4858; x_wconf 87' lang='lat' dir='ltr'><strong>sanctis</strong></span> <span class='ocrx_word' id='word_1_687' title='bbox 1443 4816 1686 4865; x_wconf 90' lang='lat' dir='ltr'><strong>carnem,</strong></span> <span class='ocrx_word' id='word_1_688' title='bbox 1746 4800 1957 4855; x_wconf 88' lang='lat' dir='ltr'><strong>lucem-</strong></span> 
     </span>
    </p>
   </div>
   <div class='ocr_carea' id='block_1_97' title="bbox 384 4894 1954 4968">
    <p class='ocr_par' dir='ltr' id='par_1_97' title="bbox 384 4894 1954 4968">
     <span class='ocr_line' id='line_1_97' title="bbox 384 4894 1954 4968; baseline -0.004 -15"><span class='ocrx_word' id='word_1_689' title='bbox 384 4916 493 4968; x_wconf 82' lang='lat' dir='ltr'><strong>que</strong></span> <span class='ocrx_word' id='word_1_690' title='bbox 525 4914 646 4968; x_wconf 84' lang='lat' dir='ltr'><strong>quae</strong></span> <span class='ocrx_word' id='word_1_691' title='bbox 697 4897 826 4953; x_wconf 91' lang='lat' dir='ltr'><strong>olim</strong></span> <span class='ocrx_word' id='word_1_692' title='bbox 881 4898 935 4952; x_wconf 90' lang='lat' dir='ltr'><strong>in</strong></span> <span class='ocrx_word' id='word_1_693' title='bbox 988 4905 1176 4952; x_wconf 90' lang='lat' dir='ltr'><strong>monte</strong></span> <span class='ocrx_word' id='word_1_694' title='bbox 1227 4894 1450 4951; x_wconf 89' lang='lat' dir='ltr'><strong>Thabor</strong></span> <span class='ocrx_word' id='word_1_695' title='bbox 1491 4894 1708 4949; x_wconf 88' lang='lat' dir='ltr'><strong>Domini</strong></span> <span class='ocrx_word' id='word_1_696' title='bbox 1757 4894 1954 4949; x_wconf 88' lang='lat' dir='ltr'><strong>faciem</strong></span> 
     </span>
    </p>
   </div>
   <div class='ocr_carea' id='block_1_98' title="bbox 325 4985 1956 5054">
    <p class='ocr_par' dir='ltr' id='par_1_98' title="bbox 325 4985 1956 5054">
     <span class='ocr_line' id='line_1_98' title="bbox 325 4985 1956 5054; baseline -0.003 -9"><span class='ocrx_word' id='word_1_697' title='bbox 325 5002 335 5021; x_wconf 66' lang='grc' dir='ltr'><strong>ί</strong></span> <span class='ocrx_word' id='word_1_698' title='bbox 384 4987 777 5054; x_wconf 85' lang='lat' dir='ltr'><strong>circumdedit,</strong></span> <span class='ocrx_word' id='word_1_699' title='bbox 813 4998 964 5043; x_wconf 89' lang='lat' dir='ltr'><strong>certe</strong></span> <span class='ocrx_word' id='word_1_700' title='bbox 995 5002 1105 5042; x_wconf 89' lang='lat' dir='ltr'><strong>non</strong></span> <span class='ocrx_word' id='word_1_701' title='bbox 1130 4987 1402 5041; x_wconf 85' lang='lat' dir='ltr'><strong>increatas</strong></span> <span class='ocrx_word' id='word_1_702' title='bbox 1435 4986 1691 5049; x_wconf 87' lang='lat' dir='ltr'><strong>deitates,</strong></span> <span class='ocrx_word' id='word_1_703' title='bbox 1726 4994 1782 5040; x_wconf 92' lang='lat' dir='ltr'><strong>et</strong></span> <span class='ocrx_word' id='word_1_704' title='bbox 1813 4985 1956 5040; x_wconf 86' lang='lat' dir='ltr'><strong>indi-</strong></span> 
     </span>
    </p>
   </div>
   <div class='ocr_carea' id='block_1_99' title="bbox 325 5075 1955 5159">
    <p class='ocr_par' dir='ltr' id='par_1_99' title="bbox 325 5075 1955 5159">
     <span class='ocr_line' id='line_1_99' title="bbox 325 5075 1955 5159; baseline -0.004 -25"><span class='ocrx_word' id='word_1_705' title='bbox 325 5146 335 5159; x_wconf 28' lang='lat'><strong>‘</strong></span> <span class='ocrx_word' id='word_1_706' title='bbox 390 5089 569 5134; x_wconf 76' lang='lat' dir='ltr'><strong>catam</strong></span> <span class='ocrx_word' id='word_1_707' title='bbox 629 5078 697 5132; x_wconf 92' lang='lat' dir='ltr'><strong>iis</strong></span> <span class='ocrx_word' id='word_1_708' title='bbox 749 5092 894 5140; x_wconf 85' lang='lat' dir='ltr'><strong>esse,</strong></span> <span class='ocrx_word' id='word_1_709' title='bbox 954 5092 1061 5131; x_wconf 89' lang='lat' dir='ltr'><strong>non</strong></span> <span class='ocrx_word' id='word_1_710' title='bbox 1114 5075 1518 5131; x_wconf 79' lang='lat' dir='ltr'><strong>manifestatam</strong></span> <span class='ocrx_word' id='word_1_711' title='bbox 1550 5075 1768 5130; x_wconf 87' lang='lat' dir='ltr'><strong>unicam</strong></span> <span class='ocrx_word' id='word_1_712' title='bbox 1808 5075 1955 5129; x_wconf 87' lang='lat' dir='ltr'><strong>illam</strong></span> 
     </span>
    </p>
   </div>
   <div class='ocr_carea' id='block_1_100' title="bbox 328 5167 1955 5244">
    <p class='ocr_par' dir='ltr' id='par_1_100' title="bbox 328 5167 1955 5244">
     <span class='ocr_line' id='line_1_100' title="bbox 328 5167 1955 5244; baseline -0.004 -15"><span class='ocrx_word' id='word_1_713' title='bbox 328 5172 340 5197; x_wconf 72' lang='lat'><em>“</em></span> <span class='ocrx_word' id='word_1_714' title='bbox 387 5175 690 5229; x_wconf 84' lang='lat' dir='ltr'><strong>increatam</strong></span> <span class='ocrx_word' id='word_1_715' title='bbox 714 5171 877 5244; x_wconf 67' lang='grc'><strong>457</strong></span> <span class='ocrx_word' id='word_1_716' title='bbox 907 5171 1167 5225; x_wconf 86' lang='lat' dir='ltr'><strong>deitatem</strong></span> <span class='ocrx_word' id='word_1_717' title='bbox 1196 5188 1210 5235; x_wconf 90' lang='lat'>;</span> <span class='ocrx_word' id='word_1_718' title='bbox 1259 5170 1496 5240; x_wconf 87' lang='lat' dir='ltr'><strong>denique</strong></span> <span class='ocrx_word' id='word_1_719' title='bbox 1531 5167 1955 5225; x_wconf 72' lang='lat' dir='ltr'><strong>Maniehteorum</strong></span> 
     </span>
    </p>
   </div>
   <div class='ocr_carea' id='block_1_101' title="bbox 390 5262 1956 5336">
    <p class='ocr_par' dir='ltr' id='par_1_101' title="bbox 390 5262 1956 5336">
     <span class='ocr_line' id='line_1_101' title="bbox 390 5262 1956 5336; baseline -0.006 -14"><span class='ocrx_word' id='word_1_720' title='bbox 390 5277 446 5322; x_wconf 86' lang='lat' dir='ltr'><strong>et</strong></span> <span class='ocrx_word' id='word_1_721' title='bbox 477 5266 902 5321; x_wconf 71' lang='lat' dir='ltr'><strong>Masalianorum</strong></span> <span class='ocrx_word' id='word_1_722' title='bbox 941 5263 1138 5332; x_wconf 85' lang='lat' dir='ltr'><strong>dogma</strong></span> <span class='ocrx_word' id='word_1_723' title='bbox 1171 5262 1275 5316; x_wconf 91' lang='lat' dir='ltr'><strong>hoc</strong></span> <span class='ocrx_word' id='word_1_724' title='bbox 1309 5276 1429 5336; x_wconf 82' lang='lat' dir='ltr'><strong>esse</strong></span> <span class='ocrx_word' id='word_1_725' title='bbox 1458 5303 1473 5328; x_wconf 88' lang='lat'><strong>,</strong></span> <span class='ocrx_word' id='word_1_726' title='bbox 1531 5277 1642 5315; x_wconf 88' lang='lat' dir='ltr'><strong>non</strong></span> <span class='ocrx_word' id='word_1_727' title='bbox 1686 5262 1829 5315; x_wconf 88' lang='lat' dir='ltr'><strong>alius</strong></span> <span class='ocrx_word' id='word_1_728' title='bbox 1857 5276 1956 5315; x_wconf 88' lang='lat' dir='ltr'><strong>cu-</strong></span> 
     </span>
    </p>
   </div>
   <div class='ocr_carea' id='block_1_102' title="bbox 379 5353 1955 5429">
    <p class='ocr_par' dir='ltr' id='par_1_102' title="bbox 379 5353 1955 5429">
     <span class='ocr_line' id='line_1_102' title="bbox 379 5353 1955 5429; baseline -0.003 -17"><span class='ocrx_word' id='word_1_729' title='bbox 379 5358 598 5429; x_wconf 80' lang='lat' dir='ltr'><strong>jusdam</strong></span> <span class='ocrx_word' id='word_1_730' title='bbox 648 5371 867 5421; x_wconf 87' lang='lat' dir='ltr'><strong>eorum,</strong></span> <span class='ocrx_word' id='word_1_731' title='bbox 908 5354 1002 5425; x_wconf 91' lang='lat' dir='ltr'><strong>qui</strong></span> <span class='ocrx_word' id='word_1_732' title='bbox 1049 5353 1333 5421; x_wconf 84' lang='lat' dir='ltr'><strong>superiore</strong></span> <span class='ocrx_word' id='word_1_733' title='bbox 1385 5361 1631 5422; x_wconf 84' lang='lat' dir='ltr'><strong>tempore</strong></span> <span class='ocrx_word' id='word_1_734' title='bbox 1676 5360 1955 5407; x_wconf 89' lang='lat' dir='ltr'><strong>sectarum</strong></span> 
     </span>
    </p>
   </div>
   <div class='ocr_carea' id='block_1_103' title="bbox 383 5444 1956 5511">
    <p class='ocr_par' dir='ltr' id='par_1_103' title="bbox 383 5444 1956 5511">
     <span class='ocr_line' id='line_1_103' title="bbox 383 5444 1956 5511; baseline -0.006 -8"><span class='ocrx_word' id='word_1_735' title='bbox 383 5452 555 5505; x_wconf 84' lang='lat' dir='ltr'><strong>duces</strong></span> <span class='ocrx_word' id='word_1_736' title='bbox 604 5450 833 5503; x_wconf 82' lang='lat' dir='ltr'><strong>fuerunt</strong></span> <span class='ocrx_word' id='word_1_737' title='bbox 860 5485 874 5511; x_wconf 89' lang='lat'><strong>,</strong></span> <span class='ocrx_word' id='word_1_738' title='bbox 913 5446 1184 5501; x_wconf 82' lang='lat' dir='ltr'><strong>visibilem</strong></span> <span class='ocrx_word' id='word_1_739' title='bbox 1239 5445 1452 5499; x_wconf 88' lang='lat' dir='ltr'><strong>scilicet</strong></span> <span class='ocrx_word' id='word_1_740' title='bbox 1485 5459 1607 5499; x_wconf 85' lang='lat' dir='ltr'><strong>esse</strong></span> <span class='ocrx_word' id='word_1_741' title='bbox 1637 5444 1813 5499; x_wconf 87' lang='lat' dir='ltr'><strong>oculis</strong></span> <span class='ocrx_word' id='word_1_742' title='bbox 1855 5445 1956 5498; x_wconf 86' lang='lat' dir='ltr'><strong>hu-</strong></span> 
     </span>
    </p>
   </div>
   <div class='ocr_carea' id='block_1_104' title="bbox 378 5537 1955 5610">
    <p class='ocr_par' dir='ltr' id='par_1_104' title="bbox 378 5537 1955 5610">
     <span class='ocr_line' id='line_1_104' title="bbox 378 5537 1955 5610; baseline -0.004 -15"><span class='ocrx_word' id='word_1_743' title='bbox 378 5543 563 5596; x_wconf 89' lang='lat' dir='ltr'><strong>manis</strong></span> <span class='ocrx_word' id='word_1_744' title='bbox 615 5539 924 5610; x_wconf 85' lang='lat' dir='ltr'><strong>simplicem</strong></span> <span class='ocrx_word' id='word_1_745' title='bbox 979 5546 1036 5593; x_wconf 90' lang='lat' dir='ltr'><strong>et</strong></span> <span class='ocrx_word' id='word_1_746' title='bbox 1093 5538 1397 5593; x_wconf 87' lang='lat' dir='ltr'><strong>increatam</strong></span> <span class='ocrx_word' id='word_1_747' title='bbox 1447 5537 1742 5592; x_wconf 85' lang='lat' dir='ltr'><strong>essentiam</strong></span> <span class='ocrx_word' id='word_1_748' title='bbox 1805 5537 1955 5591; x_wconf 92' lang='lat' dir='ltr'><strong>illam</strong></span> 
     </span>
    </p>
   </div>
   <div class='ocr_carea' id='block_1_105' title="bbox 379 5630 1957 5702">
    <p class='ocr_par' dir='ltr' id='par_1_105' title="bbox 379 5630 1957 5702">
     <span class='ocr_line' id='line_1_105' title="bbox 379 5630 1957 5702; baseline -0.004 -15"><span class='ocrx_word' id='word_1_749' title='bbox 379 5632 627 5688; x_wconf 88' lang='lat' dir='ltr'><strong>divinam</strong></span> <span class='ocrx_word' id='word_1_750' title='bbox 668 5646 832 5702; x_wconf 91' lang='lat' dir='ltr'><strong>quam</strong></span> <span class='ocrx_word' id='word_1_751' title='bbox 867 5646 1045 5700; x_wconf 88' lang='lat' dir='ltr'><strong>neque</strong></span> <span class='ocrx_word' id='word_1_752' title='bbox 1077 5630 1339 5701; x_wconf 80' lang='lat' dir='ltr'><strong>angelicae</strong></span> <span class='ocrx_word' id='word_1_753' title='bbox 1383 5637 1683 5699; x_wconf 84' lang='lat' dir='ltr'><strong>potestates</strong></span> <span class='ocrx_word' id='word_1_754' title='bbox 1726 5642 1957 5682; x_wconf 86' lang='lat' dir='ltr'><strong>cernere</strong></span> 
     </span>
    </p>
   </div>
   <div class='ocr_carea' id='block_1_106' title="bbox 378 5720 1996 5794">
    <p class='ocr_par' dir='ltr' id='par_1_106' title="bbox 378 5720 1996 5794">
     <span class='ocr_line' id='line_1_106' title="bbox 378 5720 1996 5794; baseline -0.003 -17"><span class='ocrx_word' id='word_1_755' title='bbox 378 5731 635 5791; x_wconf 87' lang='lat' dir='ltr'><strong>possunt,</strong></span> <span class='ocrx_word' id='word_1_756' title='bbox 661 5723 773 5794; x_wconf 80' lang='lat' dir='ltr'><strong>jam</strong></span> <span class='ocrx_word' id='word_1_757' title='bbox 826 5723 1053 5792; x_wconf 82' lang='lat' dir='ltr'><strong>exposui</strong></span> <span class='ocrx_word' id='word_1_758' title='bbox 1085 5733 1143 5777; x_wconf 90' lang='lat' dir='ltr'><strong>et</strong></span> <span class='ocrx_word' id='word_1_759' title='bbox 1192 5737 1464 5791; x_wconf 83' lang='lat' dir='ltr'><strong>exponam</strong></span> <span class='ocrx_word' id='word_1_760' title='bbox 1500 5730 1690 5790; x_wconf 89' lang='lat' dir='ltr'><strong>postea</strong></span> <span class='ocrx_word' id='word_1_761' title='bbox 1727 5720 1954 5775; x_wconf 87' lang='lat' dir='ltr'><strong>clarius.</strong></span> <span class='ocrx_word' id='word_1_762' title='bbox 1991 5748 1996 5751; x_wconf 91' lang='lat'><strong>-</strong></span> 
     </span>
    </p>
   </div>
   <div class='ocr_carea' id='block_1_107' title="bbox 379 5814 1952 5889">
    <p class='ocr_par' dir='ltr' id='par_1_107' title="bbox 379 5814 1952 5889">
     <span class='ocr_line' id='line_1_107' title="bbox 379 5814 1952 5889; baseline -0.003 -16"><span class='ocrx_word' id='word_1_763' title='bbox 379 5814 555 5886; x_wconf 83' lang='lat' dir='ltr'><strong>llnjus</strong></span> <span class='ocrx_word' id='word_1_764' title='bbox 586 5816 911 5889; x_wconf 87' lang='lat' dir='ltr'><strong>multiplicis</strong></span> <span class='ocrx_word' id='word_1_765' title='bbox 944 5815 1168 5875; x_wconf 79' lang='lat' dir='ltr'><strong>haeresis</strong></span> <span class='ocrx_word' id='word_1_766' title='bbox 1200 5824 1410 5889; x_wconf 85' lang='lat' dir='ltr'><strong>pestem</strong></span> <span class='ocrx_word' id='word_1_767' title='bbox 1454 5814 1709 5889; x_wconf 82' lang='lat' dir='ltr'><strong>concepit</strong></span> <span class='ocrx_word' id='word_1_768' title='bbox 1736 5824 1787 5869; x_wconf 88' lang='lat' dir='ltr'><strong>et</strong></span> <span class='ocrx_word' id='word_1_769' title='bbox 1826 5826 1952 5884; x_wconf 85' lang='lat' dir='ltr'><strong>pro-</strong></span> 
     </span>
    </p>
   </div>
   <div class='ocr_carea' id='block_1_108' title="bbox 2061 4611 3639 4688">
    <p class='ocr_par' dir='ltr' id='par_1_108' title="bbox 2061 4611 3639 4688">
     <span class='ocr_line' id='line_1_108' title="bbox 2061 4611 3639 4688; baseline 0.005 -22"><span class='ocrx_word' id='word_1_770' title='bbox 2061 4611 2175 4666; x_wconf 78' lang='grc' dir='ltr'>ούτ’</span> <span class='ocrx_word' id='word_1_771' title='bbox 2211 4613 2337 4666; x_wconf 87' lang='grc' dir='ltr'>ἰδεῐν</span> <span class='ocrx_word' id='word_1_772' title='bbox 2369 4612 2614 4680; x_wconf 83' lang='grc' dir='ltr'>δύναται,</span> <span class='ocrx_word' id='word_1_773' title='bbox 2652 4615 2720 4669; x_wconf 90' lang='grc' dir='ltr'><strong>τά</strong></span> <span class='ocrx_word' id='word_1_774' title='bbox 2775 4615 2831 4668; x_wconf 81' lang='grc' dir='ltr'>δὲ</span> <span class='ocrx_word' id='word_1_775' title='bbox 2864 4616 2985 4686; x_wconf 82' lang='grc' dir='ltr'>μετ’</span> <span class='ocrx_word' id='word_1_776' title='bbox 3013 4617 3183 4688; x_wconf 76' lang='grc' dir='ltr'>αὐτὴν</span> <span class='ocrx_word' id='word_1_777' title='bbox 3216 4618 3393 4674; x_wconf 86' lang='grc' dir='ltr'>πάντα</span> <span class='ocrx_word' id='word_1_778' title='bbox 3423 4621 3639 4687; x_wconf 85' lang='grc' dir='ltr'>κτιστὰ,</span> 
     </span>
    </p>
   </div>
   <div class='ocr_carea' id='block_1_109' title="bbox 2061 4705 3639 4781">
    <p class='ocr_par' dir='ltr' id='par_1_109' title="bbox 2061 4705 3639 4781">
     <span class='ocr_line' id='line_1_109' title="bbox 2061 4705 3639 4781; baseline 0.006 -25"><span class='ocrx_word' id='word_1_779' title='bbox 2061 4705 2154 4757; x_wconf 69' lang='grc' dir='ltr'><strong>καὶ</strong></span> <span class='ocrx_word' id='word_1_780' title='bbox 2179 4705 2264 4757; x_wconf 81' lang='grc' dir='ltr'>ὅτι</span> <span class='ocrx_word' id='word_1_781' title='bbox 2300 4706 2474 4776; x_wconf 78' lang='grc' dir='ltr'>ὁρατὴ</span> <span class='ocrx_word' id='word_1_782' title='bbox 2508 4707 2608 4776; x_wconf 78' lang='grc' dir='ltr'>μὲν</span> <span class='ocrx_word' id='word_1_783' title='bbox 2640 4708 2931 4777; x_wconf 83' lang='grc' dir='ltr'>θεοφάνεια</span> <span class='ocrx_word' id='word_1_784' title='bbox 2977 4709 3196 4778; x_wconf 82' lang='grc' dir='ltr'>λέγεται</span> <span class='ocrx_word' id='word_1_785' title='bbox 3234 4713 3348 4774; x_wconf 89' lang='grc' dir='ltr'>τοῖς</span> <span class='ocrx_word' id='word_1_786' title='bbox 3377 4712 3556 4778; x_wconf 86' lang='grc' dir='ltr'>ἁγίοις</span> <span class='ocrx_word' id='word_1_787' title='bbox 3604 4711 3639 4781; x_wconf 78' lang='grc' dir='ltr'><strong>ἧ</strong></span> 
     </span>
    </p>
   </div>
   <div class='ocr_carea' id='block_1_110' title="bbox 2060 4796 3639 4873">
    <p class='ocr_par' dir='ltr' id='par_1_110' title="bbox 2060 4796 3639 4873">
     <span class='ocr_line' id='line_1_110' title="bbox 2060 4796 3639 4873; baseline 0.003 -24"><span class='ocrx_word' id='word_1_788' title='bbox 2060 4814 2117 4849; x_wconf 89' lang='grc' dir='ltr'><strong>τε</strong></span> <span class='ocrx_word' id='word_1_789' title='bbox 2147 4796 2285 4867; x_wconf 75' lang='grc' dir='ltr'>σὰρξ</span> <span class='ocrx_word' id='word_1_790' title='bbox 2311 4796 2405 4850; x_wconf 88' lang='grc' dir='ltr'><strong>τοῦ</strong></span> <span class='ocrx_word' id='word_1_791' title='bbox 2433 4798 2640 4867; x_wconf 83' lang='grc' dir='ltr'>Κυρίου</span> <span class='ocrx_word' id='word_1_792' title='bbox 2671 4799 2767 4852; x_wconf 74' lang='grc' dir='ltr'><strong>καὶ</strong></span> <span class='ocrx_word' id='word_1_793' title='bbox 2797 4797 2860 4871; x_wconf 82' lang='grc'><strong>[1³.</strong></span> <span class='ocrx_word' id='word_1_794' title='bbox 2894 4800 3000 4854; x_wconf 64' lang='grc'><strong>240</strong></span> <span class='ocrx_word' id='word_1_795' title='bbox 3027 4799 3083 4873; x_wconf 89' lang='lat' dir='ltr'><strong>a]</strong></span> <span class='ocrx_word' id='word_1_796' title='bbox 3098 4801 3159 4854; x_wconf 78' lang='grc' dir='ltr'>τὸ</span> <span class='ocrx_word' id='word_1_797' title='bbox 3183 4801 3241 4857; x_wconf 82' lang='grc' dir='ltr'><strong>ἐν</strong></span> <span class='ocrx_word' id='word_1_798' title='bbox 3272 4801 3347 4871; x_wconf 82' lang='grc' dir='ltr'>τῷ</span> <span class='ocrx_word' id='word_1_799' title='bbox 3373 4802 3639 4873; x_wconf 78' lang='grc' dir='ltr'>Θαὸωρίῳ</span> 
     </span>
    </p>
   </div>
   <div class='ocr_carea' id='block_1_111' title="bbox 2061 4890 3640 4964">
    <p class='ocr_par' dir='ltr' id='par_1_111' title="bbox 2061 4890 3640 4964">
     <span class='ocr_line' id='line_1_111' title="bbox 2061 4890 3640 4964; baseline 0.004 -23"><span class='ocrx_word' id='word_1_800' title='bbox 2061 4891 2231 4945; x_wconf 83' lang='grc' dir='ltr'>πάλαι</span> <span class='ocrx_word' id='word_1_801' title='bbox 2254 4891 2331 4961; x_wconf 84' lang='grc' dir='ltr'>τῷ</span> <span class='ocrx_word' id='word_1_802' title='bbox 2364 4890 2482 4959; x_wconf 76' lang='grc' dir='ltr'>ὄρει</span> <span class='ocrx_word' id='word_1_803' title='bbox 2514 4891 2869 4963; x_wconf 73' lang='grc' dir='ltr'>περιλάμψαν</span> <span class='ocrx_word' id='word_1_804' title='bbox 2900 4893 2959 4945; x_wconf 82' lang='grc' dir='ltr'>τὺ</span> <span class='ocrx_word' id='word_1_805' title='bbox 2985 4892 3078 4945; x_wconf 89' lang='grc' dir='ltr'><strong>τοῦ</strong></span> <span class='ocrx_word' id='word_1_806' title='bbox 3109 4895 3319 4964; x_wconf 86' lang='grc' dir='ltr'>Κυρίου</span> <span class='ocrx_word' id='word_1_807' title='bbox 3348 4896 3640 4958; x_wconf 87' lang='grc' dir='ltr'>πρόσωπον</span> 
     </span>
    </p>
   </div>
   <div class='ocr_carea' id='block_1_112' title="bbox 2060 4982 3639 5054">
    <p class='ocr_par' dir='ltr' id='par_1_112' title="bbox 2060 4982 3639 5054">
     <span class='ocr_line' id='line_1_112' title="bbox 2060 4982 3639 5054; baseline 0.004 -20"><span class='ocrx_word' id='word_1_808' title='bbox 2060 4982 2196 5051; x_wconf 78' lang='grc' dir='ltr'>φῶς,</span> <span class='ocrx_word' id='word_1_809' title='bbox 2257 4983 2319 5035; x_wconf 88' lang='grc' dir='ltr'><strong>οὐ</strong></span> <span class='ocrx_word' id='word_1_810' title='bbox 2360 4984 2468 5054; x_wconf 85' lang='grc' dir='ltr'><strong>μὴν</strong></span> <span class='ocrx_word' id='word_1_811' title='bbox 2520 4985 2765 5038; x_wconf 78' lang='grc' dir='ltr'>ἄκτιστοι</span> <span class='ocrx_word' id='word_1_812' title='bbox 2804 4985 3078 5053; x_wconf 75' lang='grc' dir='ltr'>θεότητες,</span> <span class='ocrx_word' id='word_1_813' title='bbox 3128 4987 3223 5040; x_wconf 74' lang='grc' dir='ltr'><strong>καὶ</strong></span> <span class='ocrx_word' id='word_1_814' title='bbox 3257 4989 3340 5040; x_wconf 75' lang='grc' dir='ltr'>ὅτι</span> <span class='ocrx_word' id='word_1_815' title='bbox 3364 4988 3432 5040; x_wconf 87' lang='grc' dir='ltr'>δι’</span> <span class='ocrx_word' id='word_1_816' title='bbox 3461 4990 3639 5042; x_wconf 85' lang='grc' dir='ltr'>αὐτῶν</span> 
     </span>
    </p>
   </div>
   <div class='ocr_carea' id='block_1_113' title="bbox 2061 5072 3637 5149">
    <p class='ocr_par' dir='ltr' id='par_1_113' title="bbox 2061 5072 3637 5149">
     <span class='ocr_line' id='line_1_113' title="bbox 2061 5072 3637 5149; baseline 0.005 -23"><span class='ocrx_word' id='word_1_817' title='bbox 2061 5076 2394 5146; x_wconf 84' lang='grc' dir='ltr'>παρεδείχθη</span> <span class='ocrx_word' id='word_1_818' title='bbox 2424 5076 2545 5145; x_wconf 78' lang='grc' dir='ltr'>μὲν,</span> <span class='ocrx_word' id='word_1_819' title='bbox 2576 5077 2673 5128; x_wconf 81' lang='grc' dir='ltr'><strong>οὐκ</strong></span> <span class='ocrx_word' id='word_1_820' title='bbox 2705 5078 2921 5149; x_wconf 77' lang='grc' dir='ltr'>ἐδείχθη</span> <span class='ocrx_word' id='word_1_821' title='bbox 2959 5077 3004 5129; x_wconf 82' lang='grc' dir='ltr'>δ’</span> <span class='ocrx_word' id='word_1_822' title='bbox 3037 5072 3131 5131; x_wconf 84' lang='grc' dir='ltr'><strong>οῦν</strong></span> <span class='ocrx_word' id='word_1_823' title='bbox 3156 5080 3188 5146; x_wconf 87' lang='grc' dir='ltr'><strong>ή</strong></span> <span class='ocrx_word' id='word_1_824' title='bbox 3222 5079 3358 5148; x_wconf 86' lang='grc' dir='ltr'>μόνη</span> <span class='ocrx_word' id='word_1_825' title='bbox 3387 5079 3637 5144; x_wconf 78' lang='grc' dir='ltr'>ἅκτιστος</span> 
     </span>
    </p>
   </div>
   <div class='ocr_carea' id='block_1_114' title="bbox 2058 5167 3636 5238">
    <p class='ocr_par' dir='ltr' id='par_1_114' title="bbox 2058 5167 3636 5238">
     <span class='ocr_line' id='line_1_114' title="bbox 2058 5167 3636 5238; baseline 0.004 -19"><span class='ocrx_word' id='word_1_826' title='bbox 2058 5168 2241 5232; x_wconf 81' lang='grc' dir='ltr'>ἐκείνη</span> <span class='ocrx_word' id='word_1_827' title='bbox 2277 5167 2492 5237; x_wconf 84' lang='grc' dir='ltr'>θεότης,</span> <span class='ocrx_word' id='word_1_828' title='bbox 2530 5167 2627 5220; x_wconf 72' lang='grc' dir='ltr'>καὶ</span> <span class='ocrx_word' id='word_1_829' title='bbox 2662 5169 2743 5219; x_wconf 85' lang='grc' dir='ltr'>ὅτι</span> <span class='ocrx_word' id='word_1_830' title='bbox 2795 5167 3119 5238; x_wconf 82' lang='grc' dir='ltr'>Μανιχαίων</span> <span class='ocrx_word' id='word_1_831' title='bbox 3143 5170 3237 5222; x_wconf 73' lang='grc' dir='ltr'><strong>καὶ</strong></span> <span class='ocrx_word' id='word_1_832' title='bbox 3270 5171 3636 5225; x_wconf 78' lang='grc' dir='ltr'>Μασαλιανῶν</span> 
     </span>
    </p>
   </div>
   <div class='ocr_carea' id='block_1_115' title="bbox 2057 5258 3635 5333">
    <p class='ocr_par' dir='ltr' id='par_1_115' title="bbox 2057 5258 3635 5333">
     <span class='ocr_line' id='line_1_115' title="bbox 2057 5258 3635 5333; baseline 0.004 -22"><span class='ocrx_word' id='word_1_833' title='bbox 2057 5259 2119 5311; x_wconf 78' lang='grc' dir='ltr'><strong>τὸ</strong></span> <span class='ocrx_word' id='word_1_834' title='bbox 2144 5260 2319 5328; x_wconf 66' lang='grc' dir='ltr'>δίὶγμα</span> <span class='ocrx_word' id='word_1_835' title='bbox 2353 5258 2525 5325; x_wconf 74' lang='grc' dir='ltr'>τουτὶ,</span> <span class='ocrx_word' id='word_1_836' title='bbox 2559 5260 2654 5311; x_wconf 81' lang='grc' dir='ltr'><strong>καὶ</strong></span> <span class='ocrx_word' id='word_1_837' title='bbox 2685 5261 2785 5312; x_wconf 74' lang='grc' dir='ltr'><strong>οὐκ</strong></span> <span class='ocrx_word' id='word_1_838' title='bbox 2816 5260 2982 5314; x_wconf 83' lang='grc' dir='ltr'>ἄλλου</span> <span class='ocrx_word' id='word_1_839' title='bbox 3019 5261 3227 5314; x_wconf 89' lang='grc' dir='ltr'>τούτων</span> <span class='ocrx_word' id='word_1_840' title='bbox 3251 5264 3366 5319; x_wconf 83' lang='grc' dir='ltr'>ὅσοι</span> <span class='ocrx_word' id='word_1_841' title='bbox 3396 5264 3635 5333; x_wconf 78' lang='grc' dir='ltr'>πρεσϐύ-</span> 
     </span>
    </p>
   </div>
   <div class='ocr_carea' id='block_1_116' title="bbox 2057 5351 3639 5424">
    <p class='ocr_par' dir='ltr' id='par_1_116' title="bbox 2057 5351 3639 5424">
     <span class='ocr_line' id='line_1_116' title="bbox 2057 5351 3639 5424; baseline 0.001 -20"><span class='ocrx_word' id='word_1_842' title='bbox 2057 5368 2205 5421; x_wconf 89' lang='grc' dir='ltr'>τεροι</span> <span class='ocrx_word' id='word_1_843' title='bbox 2234 5351 2524 5420; x_wconf 88' lang='grc' dir='ltr'>γεγόνασιν</span> <span class='ocrx_word' id='word_1_844' title='bbox 2551 5352 2819 5421; x_wconf 78' lang='grc' dir='ltr'>αἱρέσεων</span> <span class='ocrx_word' id='word_1_845' title='bbox 2866 5354 3125 5424; x_wconf 75' lang='grc' dir='ltr'>ἀρχηγοὶ,</span> <span class='ocrx_word' id='word_1_846' title='bbox 3158 5356 3362 5424; x_wconf 81' lang='grc' dir='ltr'>ὁρατὴν</span> <span class='ocrx_word' id='word_1_847' title='bbox 3385 5352 3523 5408; x_wconf 77' lang='grc' dir='ltr'>εἶναι</span> <span class='ocrx_word' id='word_1_848' title='bbox 3554 5356 3639 5408; x_wconf 80' lang='grc' dir='ltr'>λέ·-</span> 
     </span>
    </p>
   </div>
   <div class='ocr_carea' id='block_1_117' title="bbox 2058 5444 3636 5515">
    <p class='ocr_par' dir='ltr' id='par_1_117' title="bbox 2058 5444 3636 5515">
     <span class='ocr_line' id='line_1_117' title="bbox 2058 5444 3636 5515; baseline 0.002 -19"><span class='ocrx_word' id='word_1_849' title='bbox 2058 5461 2176 5512; x_wconf 86' lang='grc' dir='ltr'>γειν</span> <span class='ocrx_word' id='word_1_850' title='bbox 2233 5444 2536 5515; x_wconf 85' lang='grc' dir='ltr'>ὀφθαλμοῖς</span> <span class='ocrx_word' id='word_1_851' title='bbox 2589 5445 2954 5514; x_wconf 78' lang='grc' dir='ltr'>ἀνθρωπίνοις</span> <span class='ocrx_word' id='word_1_852' title='bbox 3016 5445 3229 5515; x_wconf 81' lang='grc' dir='ltr'>γυμνὴν</span> <span class='ocrx_word' id='word_1_853' title='bbox 3258 5447 3358 5515; x_wconf 85' lang='grc' dir='ltr'>τὴν</span> <span class='ocrx_word' id='word_1_854' title='bbox 3387 5447 3636 5501; x_wconf 72' lang='grc' dir='ltr'>ἀκτιστον</span> 
     </span>
    </p>
   </div>
   <div class='ocr_carea' id='block_1_118' title="bbox 2060 5536 3636 5615">
    <p class='ocr_par' dir='ltr' id='par_1_118' title="bbox 2060 5536 3636 5615">
     <span class='ocr_line' id='line_1_118' title="bbox 2060 5536 3636 5615; baseline 0.002 -25"><span class='ocrx_word' id='word_1_855' title='bbox 2060 5538 2208 5590; x_wconf 80' lang='grc' dir='ltr'>θείαν</span> <span class='ocrx_word' id='word_1_856' title='bbox 2246 5537 2457 5601; x_wconf 80' lang='grc' dir='ltr'>οὐσίαν,</span> <span class='ocrx_word' id='word_1_857' title='bbox 2502 5536 2570 5608; x_wconf 80' lang='grc' dir='ltr'>ἣν</span> <span class='ocrx_word' id='word_1_858' title='bbox 2621 5537 2716 5591; x_wconf 78' lang='grc' dir='ltr'>καὶ</span> <span class='ocrx_word' id='word_1_859' title='bbox 2765 5538 3089 5615; x_wconf 77' lang='grc' dir='ltr'>ἀγγελικαῖς</span> <span class='ocrx_word' id='word_1_860' title='bbox 3118 5537 3388 5605; x_wconf 80' lang='grc' dir='ltr'>δυνάμεσι</span> <span class='ocrx_word' id='word_1_861' title='bbox 3420 5537 3636 5608; x_wconf 82' lang='grc' dir='ltr'>βλέπειν</span> 
     </span>
    </p>
   </div>
   <div class='ocr_carea' id='block_1_119' title="bbox 2058 5629 3634 5702">
    <p class='ocr_par' dir='ltr' id='par_1_119' title="bbox 2058 5629 3634 5702">
     <span class='ocr_line' id='line_1_119' title="bbox 2058 5629 3634 5702; baseline 0.001 -19"><span class='ocrx_word' id='word_1_862' title='bbox 2058 5629 2344 5694; x_wconf 82' lang='grc' dir='ltr'>ἀδύνατον,</span> <span class='ocrx_word' id='word_1_863' title='bbox 2380 5630 2604 5701; x_wconf 71' lang='grc' dir='ltr'>εἴρηταί,</span> <span class='ocrx_word' id='word_1_864' title='bbox 2638 5648 2697 5683; x_wconf 90' lang='grc' dir='ltr'><strong>τε</strong></span> <span class='ocrx_word' id='word_1_865' title='bbox 2737 5631 2830 5684; x_wconf 76' lang='grc' dir='ltr'><strong>καὶ</strong></span> <span class='ocrx_word' id='word_1_866' title='bbox 2857 5631 3141 5700; x_wconf 77' lang='grc' dir='ltr'>εἰρήσεται</span> <span class='ocrx_word' id='word_1_867' title='bbox 3172 5633 3422 5702; x_wconf 84' lang='grc' dir='ltr'>προϊοῦσι</span> <span class='ocrx_word' id='word_1_868' title='bbox 3466 5633 3634 5701; x_wconf 80' lang='grc' dir='ltr'>σαφέ-</span> 
     </span>
    </p>
   </div>
   <div class='ocr_carea' id='block_1_120' title="bbox 2060 5722 3636 5794">
    <p class='ocr_par' dir='ltr' id='par_1_120' title="bbox 2060 5722 3636 5794">
     <span class='ocr_line' id='line_1_120' title="bbox 2060 5722 3636 5794; baseline 0.003 -23"><span class='ocrx_word' id='word_1_869' title='bbox 2060 5737 2271 5790; x_wconf 82' lang='grc' dir='ltr'>στερον.</span> <span class='ocrx_word' id='word_1_870' title='bbox 2311 5722 2384 5774; x_wconf 90' lang='grc' dir='ltr'>Τὸ</span> <span class='ocrx_word' id='word_1_871' title='bbox 2443 5729 2553 5791; x_wconf 78' lang='grc' dir='ltr'>γὰρ</span> <span class='ocrx_word' id='word_1_872' title='bbox 2609 5725 2708 5793; x_wconf 80' lang='grc' dir='ltr'><strong>τῆς</strong></span> <span class='ocrx_word' id='word_1_873' title='bbox 2739 5723 3086 5776; x_wconf 81' lang='grc' dir='ltr'>πολυπλόκου</span> <span class='ocrx_word' id='word_1_874' title='bbox 3132 5723 3342 5791; x_wconf 83' lang='grc' dir='ltr'>ταύτης</span> <span class='ocrx_word' id='word_1_875' title='bbox 3373 5723 3636 5794; x_wconf 79' lang='grc' dir='ltr'>αἱρέσεως</span> 
     </span>
    </p>
   </div>
   <div class='ocr_carea' id='block_1_121' title="bbox 2060 5810 3634 5884">
    <p class='ocr_par' dir='ltr' id='par_1_121' title="bbox 2060 5810 3634 5884">
     <span class='ocr_line' id='line_1_121' title="bbox 2060 5810 3634 5884; baseline 0.002 -19"><span class='ocrx_word' id='word_1_876' title='bbox 2060 5811 2270 5882; x_wconf 68' lang='grc' dir='ltr'>νόσημα</span> <span class='ocrx_word' id='word_1_877' title='bbox 2311 5810 2505 5881; x_wconf 79' lang='grc' dir='ltr'>Μάνης</span> <span class='ocrx_word' id='word_1_878' title='bbox 2542 5813 2639 5882; x_wconf 80' lang='grc' dir='ltr'>μὲν</span> <span class='ocrx_word' id='word_1_879' title='bbox 2672 5813 2941 5883; x_wconf 78' lang='grc' dir='ltr'>πρότερον</span> <span class='ocrx_word' id='word_1_880' title='bbox 2969 5812 2995 5865; x_wconf 81' lang='grc' dir='ltr'>ὁ</span> <span class='ocrx_word' id='word_1_881' title='bbox 3024 5811 3132 5866; x_wconf 85' lang='grc' dir='ltr'><strong>τῶν</strong></span> <span class='ocrx_word' id='word_1_882' title='bbox 3156 5812 3477 5883; x_wconf 81' lang='grc' dir='ltr'>Μανιχαίων</span> <span class='ocrx_word' id='word_1_883' title='bbox 3503 5811 3634 5884; x_wconf 80' lang='grc' dir='ltr'>πρό·</span> 
     </span>
    </p>
   </div>
  </div>
