4016 6486
372 397 478 461 405

1305 398 1755 460 ΒΥΖ.“ιΝίῚΝ.Ε
1795 400 2184 460 ΙίίὸτῦΒΙιΕ
2226 400 2373 461 ΙΛΞῖ,
2420 402 2692 462 XXXIV.

3548 403 3652 461 ίίίῧ

370 516 531 585 εδρος
562 514 793 581 ὠδίνηεέ
828 532 888 566 τε
920 515 1013 567 καὶ
1039 512 1216 578 ἔτεκε,
1262 516 1605 569 Μασαλιανοὶ
1654 516 1698 568 δ’
1732 516 1955 585 ὲμαιεύ-

2069 516 2278 571 creavit
2336 516 2552 585 primus
2616 514 2840 579 Manes,
2900 513 3328 571 Manichaeorum
3400 517 3650 571 antistes-

371 622 560 668 σαντο,
597 605 629 674 ή
666 602 722 656 δὲ
753 604 861 657 τῶν
894 604 1280 674 Εἰκονομὰχων
1313 606 1392 668 εἰς
1428 607 1705 678 ἀνήμερον
1745 608 1959 677 ἡμέραν

369 699 665 768 ἐξήνεγκεν
693 697 920 768 ὕστερον
949 697 1203 767 τυραννίς
1226 716 1238 729 ·
1295 700 1328 768 ἡ
1361 699 1419 752 δὲ
1448 699 1543 752 νῦν
1574 700 1959 753 ὲπιπολάσασα

371 790 666 861 Παλαμικὴ
698 790 903 861 φατρία
928 789 1020 842 ἐπὶ
1066 791 1274 854 μείζονι
1321 790 1471 863 λύμῃ
1523 794 1621 864 τῆς
1651 792 1958 854 εὐσεϐείας,

372 887 649 957 ουμμάχῳ
703 889 770 958 τῇ
813 884 1218 957 δυναστευούσῃ
1243 886 1381 947 τέως
1412 886 1556 958 χειρὶ
1603 887 1956 956 χρησαμένη,

376 980 571 1051 μέχρις
601 980 700 1049 ἤδη
730 980 825 1034 καλ⁵
855 982 950 1051 τῆς
973 980 1220 1049 αἰθερίας
1276 978 1484 1050 λήξεως
1516 979 1825 1049 αὐξηθῆναι
1859 980 1959 1049 τὴν

373 1076 470 1143 τῆς
503 1074 698 1136 κακίας
730 1073 983 1145 πέπραχε
1016 1075 1214 1143 φλόγα.
1243 1073 1334 1127 Διὸ
1374 1074 1467 1127 καὶ
1498 1073 1840 1145 ἀναληπτέον
1865 1074 1957 1128 τὸν

374 1166 564 1235 εἱρμὸν
590 1168 724 1236 ἡμῖν
776 1166 986 1221 ἐκεῖθεν
1027 1166 1122 1220 τοῦ
1153 1166 1339 1235 λόγου,
1372 1166 1447 1231 ὡς
1478 1166 1546 1221 ἂν
1572 1167 1958 1237 ἐντελέστερον

372 1259 456 1312 έτι
487 1260 581 1312 καὶ
609 1262 639 1328 ή
679 1260 784 1312 τῶν
811 1258 1069 1313 τοιούτων
1099 1260 1379 1331 ἀφήγησις
1423 1259 1649 1330 δέχηται
1684 1259 1775 1313 τὸν
1812 1277 1958 1330 χρω-

377 1351 650 1420 ματισμόν
672 1368 685 1382 ’
742 1350 933 1406 ἔλαθον
990 1350 1100 1424 γὰρ
1146 1352 1258 1420 ἐγὼ
1291 1351 1716 1422 συναπενεχθεὶς
1750 1351 1828 1420 τῷ
1864 1350 1958 1404 τοῦ

372 1439 539 1507 ζήλου
564 1438 825 1509 ῥεύματι.
872 1438 949 1510 μὴ
980 1440 1353 1510 ἀνασχόμενος
1385 1442 1512 1509 σιγῇ
1538 1439 1833 1511 παρελθ;ῖν
1863 1457 1959 1492 συ-

372 1529 827 1599 κοφαντουμένων
858 1530 967 1583 τῶν
1004 1531 1257 1599 μεγάλων
1314 1530 1413 1599 τῆς
1474 1530 1807 1600 Ἐκκλησίας
1868 1529 1961 1604 καὶ

374 1623 533 1675 θείων
563 1624 883 1691 φωστήρων,
918 1622 1225 1693 Γρηγορίου
1278 1639 1337 1675 τε
1393 1622 1487 1675 καὶ
1534 1623 1836 1676 Διονυσίου.
1869 1623 1961 1675 Δ.ὺ

372 1715 468 1767 τὸν
499 1715 627 1786 περὶ
668 1716 860 1769 τούτου
910 1715 1068 1786 λόγον
1104 1716 1451 1786 πλατυτέρας
1482 1716 1741 1785 δεόμενον
1772 1716 1961 1781 ἐξετά-

375 1825 534 1872 σεως,
577 1808 784 1878 βραχέα
838 1811 936 1880 μὲν
966 1811 1193 1880 ἀρτίως,
1225 1812 1320 1864 καὶ
1365 1811 1489 1863 ὅσον
1515 1810 1615 1879 τὴν
1646 1811 1960 1880 προθυμίαν

375 1902 817 1969 ἀφοσιώσασθαι,
845 1904 1125 1975 διεξῆλθον
1154 1923 1168 1936 ο
1225 1907 1292 1959 τὰ
1322 1905 1380 1959 δὲ
1408 1906 1579 1958 πλείω
1616 1909 1729 1965 τοῖς
1754 1907 1964 1976 ἔμπρο-

375 1994 503 2047 σθεν
535 1995 896 2064 ταμιεύεσθαι
957 1998 1149 2067 κρίνας
1186 1998 1398 2054 δίκαιον
1433 2000 1614 2053 ἐκεῖσε
1675 2000 1959 2069 ἐπάνειμι,

373 2085 484 2148 τοῖς
515 2084 851 2147 διδασκάλοις
885 2087 987 2141 κάν
1018 2088 1192 2158 τούτῳ
1220 2090 1547 2161 πειθόμενος
1574 2091 1838 2155 τουτοισὶ,
1861 2092 1961 2155 τὰς

373 2177 518 2229 οὕτω
548 2177 812 2249 βεϐήλους
843 2182 1206 2250 καινοφωνίας
1231 2184 1339 2239 τῶν
1373 2184 1548 2253 λόγων
1580 2184 1672 2238 καὶ
1701 2184 1801 2257 τὴν
1826 2185 1958 2237 πολ-

373 2273 473 2343 λὴν
528 2275 814 2346 φλυαρίαν,
855 2273 936 2337 οἷς
992 2278 1190 2350 σχολὴν
1232 2278 1447 2332 ἔπεισιν
1488 2277 1645 2346 ἄγειν
1673 2318 1689 2341 ,
1733 2276 1961 2331 ἐπιτάτ-

373 2382 527 2419 τουσι
566 2372 914 2451 παραχωρεῖν
948 2388 1004 2422 τε
1053 2372 1147 2424 καὶ
1203 2371 1586 2427 ἀποτίθεσθαι.
1643 2368 1797 2428 Εἶναι
1847 2374 1959 2441 γάρ

376 2472 509 2525 φησι
546 2459 606 2511 τὸ
631 2461 814 2515 κινοῦν
835 2462 1062 2534 ἄσχετόν
1091 2482 1215 2518 τινα
1243 2465 1558 2536 θερμότητα
1592 2468 1762 2537 χωρὶς
1789 2465 1951 2525 λόγου

2067 609 2355 665 Masaliani
2381 607 2784 678 procreandam
2819 618 3125 674 curarunt,
3157 608 3650 663 lconomacltornm

2064 712 2259 773 postea
2288 704 2537 772 tyrannis
2566 703 2618 757 in
2650 703 2828 757 lucem
2862 701 3437 773 protraxit,Palamica
3468 712 3649 756 autem

2064 812 2190 868 qua:
2223 811 2375 851 nunc
2409 804 2602 867 regnat
2654 795 2862 850 familia
2926 797 2991 850 ad
3038 796 3303 864 majorem
3348 795 3649 865 perniciem

2065 889 2354 957 religionis
2383 898 2440 943 et
2479 888 2648 943 sortis
2697 888 2949 943 caelestis
2972 931 2985 953 ,
3039 904 3165 942 cum
3198 887 3415 959 imperii
3446 889 3651 943 auxilio

2066 983 2364 1053 conjuncta
2399 981 2467 1036 ad
2505 981 2656 1037 hunc
2687 997 2863 1051 usque
2886 981 3031 1036 diem
3065 981 3271 1047 effecit,
3314 988 3371 1036 ut
3402 980 3651 1049 impieta-

2067 1074 2141 1131 tis
2181 1074 2438 1130 cumulus
2469 1084 2788 1145 augeretur.
2814 1075 2943 1129 lude
2986 1076 3150 1147 igitur
3181 1074 3544 1144 excipiendus
3564 1084 3649 1128 est

2062 1169 2334 1225 orationis
2357 1183 2577 1234 cursus,
2598 1178 2659 1224 ut
2705 1169 2870 1224 etiam
2913 1170 3108 1223 ltarum
3166 1184 3350 1223 rerum
3404 1168 3649 1222 narratio

2064 1260 2299 1316 formam
2362 1259 2596 1330 recipiat
2657 1260 2832 1314 multo
2900 1260 3309 1329 perfectiorem.
3370 1258 3649 1328 Abreptus

2063 1352 2211 1407 enim
2258 1352 2425 1405 nimia
2482 1351 2653 1405 animi
2700 1351 3049 1406 vehementia
3103 1368 3209 1407 non
3275 1351 3527 1406 commisi
3592 1361 3647 1403 ut

2063 1444 2286 1501 silentio
2318 1446 2655 1513 prmterirem
2712 1460 2908 1514 magna
2950 1444 3041 1500 illa
3069 1460 3133 1500 ac
3173 1444 3361 1499 divina
3395 1443 3651 1498 ECCIPSliP

2063 1537 2297 1601 lumina,
2320 1534 2646 1606 Gregorium
2685 1546 2739 1591 et
2777 1536 3120 1608 Dionysium.
3146 1535 3519 1604 Quamobrem
3551 1535 3653 1588 hu-

2061 1631 2152 1701 jus
2178 1630 2257 1685 rei
2286 1631 2692 1695 narrationem,
2719 1629 2971 1698 quamvis
2992 1629 3187 1683 latiore
3208 1643 3347 1699 opus
3367 1629 3438 1683 sit
3457 1637 3649 1682 tracla~

2067 1725 2239 1790 tione,
2260 1722 2506 1779 breviter
2548 1731 2759 1777 tantum
2789 1730 2847 1777 et
2878 1722 2957 1777 uti
2980 1721 3339 1792 inspirationi
3373 1719 3655 1774 satisface-

2064 1831 2181 1872 rem
2210 1824 2540 1886 persecutus
2589 1829 2710 1870 sum
2742 1857 2756 1881 ,
2792 1824 3002 1869 etcum
3047 1814 3203 1883 plura
3241 1814 3311 1867 ad
3363 1806 3660 1891 posterum

2063 1908 2273 1963 diderri
2312 1922 2532 1978 aequum
2580 1921 2705 1962 esse
2739 1916 2952 1976 putem,
2984 1905 3116 1960 illuc
3142 1905 3327 1969 redeo,
3361 1905 3650 1974 magistros

2064 2004 2142 2058 ita
2175 2009 2403 2057 secutus
2433 2010 2494 2056 ut
2520 1999 2797 2070 ejusmodi
2839 1997 3127 2069 profanam
3172 1998 3470 2052 verborum
3505 1996 3652 2049 inso-

2060 2095 2292 2151 lenti-am
2324 2101 2382 2149 et
2414 2092 2585 2164 458
2623 2090 3018 2161 loquacitatem
3053 2089 3123 2145 iis
3162 2088 3257 2158 qui
3298 2086 3542 2143 studium
3596 2086 3649 2139 iu

2062 2185 2147 2241 eis
2185 2183 2575 2240 collocandum
2613 2190 2811 2252 putent
2843 2180 3142 2237 concedam
3171 2188 3227 2235 et
3280 2166 3647 2233 committam.

2061 2277 2198 2332 Nam
2231 2275 2403 2331 animi
2435 2283 2644 2329 motum
2684 2272 2818 2329 dicit
2846 2275 2965 2329 sine
3007 2274 3219 2327 ratione
3260 2269 3425 2327 nimis
3455 2270 3653 2325 ardere

2064 2385 2170 2425 nec
2199 2367 2487 2424 scientiam
2530 2380 2593 2421 ac
2633 2365 2794 2420 ﬁdem
2826 2365 2959 2420 satis
2996 2363 3328 2435 gubernari;
3362 2378 3471 2418 non
3500 2362 3649 2416 eum

2059 2479 2255 2517 eorum
2285 2476 2408 2517 esse
2436 2461 2687 2516 scientiae
2716 2458 3087 2529 gubernacula
3115 2466 3322 2512 tenere.
3648 2460 3657 2471 ’

376 2552 471 2605 καὶ
495 2552 809 2627 ἐπιστήμης
844 2560 939 2612 καὶ⁵
991 2559 1226 2624 πίστεως
1283 2561 1453 2615 πλοῦν
1505 2561 1921 2634 ἀκυϐέρνητον
1964 2561 2024 2615 τὸ
2081 2561 2188 2633 γὰρ
2239 2559 2342 2629 τῆς
2395 2558 2732 2628 ὲπιστήμηςί
2752 2555 3011 2620 πηδάλιον
3043 2555 3245 2626 ἥκιστα
3300 2554 3445 2624 ἔχειν
3472 2554 3654 2615 αὐτοῖς

376 2650 829 2719 προσγεγένηται.

447 2739 545 2796 [ι’.
590 2743 741 2813 Ἐμοὶ
770 2746 826 2798 δὲ
860 2748 1061 2810 σκοπός
1092 2766 1152 2801 τε
1192 2752 1288 2803 καὶ
1319 2748 1585 2820 πρόθεσις
1621 2744 1690 2821 ἦν
1716 2748 1816 2818 τῆς
1864 2748 1967 2818 ψυ-

376 2830 496 2899 χῆς,
526 2829 592 2883 δι’
621 2833 685 2902 ἣν
716 2834 1039 2905 εἰρήκειμεν
1085 2837 1144 2902 ἐξ
1195 2838 1375 2909 ἀρχῆς
1430 2838 1634 2901 αἰτίαν,
1676 2841 1965 2908 πρόμαχον

377 2923 756 3011 παρασχέσθαι
777 2925 1047 2993 γλῶτταν,
1076 2928 1199 2981 ὅσον
1219 2928 1462 2997 ἐφικτὸν,
1491 2928 1687 2999 ἐκείνῳ
1704 2927 1783 2997 τῷ
1811 2926 1958 2997 σοφῷ

376 3010 640 3081 Θεοδώρῳ
664 3013 757 3065 καὶ
792 3014 1033 3085 μάρτυρι
1065 3016 1165 3084 τῆς
1196 3015 1477 3083 ἀληθείας,
1518 3014 1832 3085 περιφανῶς
1868 3033 1960 3067 συ-

376 3102 797 3173 κοφαντουμένῳ
836 3103 930 3156 νῦν
984 3106 1120 3174 πρὸς
1156 3107 1263 3158 τῶν
1311 3106 1669 3176 Παλαμιτῶν,
1706 3107 1960 3176 καθάπερ

380 3195 515 3263 πρὸς
539 3195 645 3247 τῶν
671 3195 1054 3268 Εἰκονομάχων
1085 3199 1227 3264 τότε,
1265 3194 1345 3261 οἷς
1378 3199 1474 3253 καὶ
1513 3201 1678 3271 μέχρι
1730 3201 1961 3255 θανάτου

378 3289 476 3357 τήν
529 3288 734 3341 οἰκείαν
795 3292 1003 3352 ἐκεῖνος
1066 3292 1403 3362 ἀντέστησεν
1438 3293 1713 3361 ἔνστασιν,
1770 3294 1829 3346 τὸ
1863 3293 1962 3364 μὲν

382 3380 541 3449 σῶμα
579 3380 858 3445 παντοίαις
892 3383 1033 3454 ὑπὲρ
1091 3384 1329 3455 Χριστοῦ
1362 3385 1595 3457 προδοὺς
1650 3388 1961 3452 κολάσεσιν,

379 3474 477 3543 τὴν
506 3474 561 3527 δὲ
594 3475 882 3544 φιλόσοφον
907 3477 1122 3548 ἐκείνην
1152 3479 1244 3532 καὶ
1276 3479 1518 3550 ἔντεχνον
1552 3479 1799 3549 γλῶτταν
1824 3479 1965 3533 κατὰ

379 3564 490 3617 τῶν
524 3566 819 3620 ἀντιθέτων
849 3569 1081 3631 ὁπλίσας
1120 3570 1441 3646 δογμάτων·
1472 3566 1553 3633 οἷς
1603 3572 1760 3639 κάγὼ
1791 3574 1957 3638 τήμε-

384 3675 496 3728 ρον,
552 3661 660 3721 τοῖς
688 3659 800 3713 τῶν
831 3662 1042 3714 ἐκείνου
1083 3661 1260 3729 λόγων
1288 3662 1472 3720 ὅπλοις
1504 3662 1809 3735 θαρῥὴσα-,
1842 3663 1967 3714 πο-

384 3750 611 3820 ίσταμαί
666 3768 724 3803 τε
775 3750 868 3804 καί
918 3753 1338 3823 ἁντιστήσομαι,
1382 3754 1625 3815 καὶτοὺς
1656 3754 1795 3823 ὑπὲρ
1828 3754 1965 3821 ἀλη-

382 3842 533 3907 θείας
570 3844 940 3908 ἀνακαινίζειν
968 3844 1163 3907 ἄθλους
1190 3845 1403 3898 ἐκείνου
1428 3846 1489 3898 τό
1514 3863 1575 3912 γε
1601 3847 1678 3907 είς
1708 3847 1806 3915 ἐμὲ
1831 3841 1965 3916 ἧκον

380 3937 440 3989 οὐ
476 3939 794 4007 κατοκνήσω
821 3939 959 3991 κατὰ
991 3938 1097 3991 τῶν
1121 3938 1217 4007 τὴν
1242 3938 1454 4006 αἵρεσιν
1486 3938 1703 4005 ἐκείνην
1738 3938 1967 3989 ἀνακαι-

380 4029 547 4091 νίζειν
572 4029 895 4098 τολμώντων
921 4032 1182 4100 τήμερον,
1218 4030 1355 4084 ἀλλὰ
1390 4032 1531 4083 κατὰ
1587 4032 1718 4091 τοὺς
1744 4047 1963 4097 προμη-

382 4122 668 4191 Οεττέρους
714 4121 822 4175 τῶν
850 4121 1053 4192 ἰατρῶν
1102 4123 1197 4174 καὶ
1231 4123 1395 4183 αὐτὸς
1426 4122 1675 4185 κολάζειν
1713 4123 1807 4174 καὶ
1833 4122 1965 4175 ἀνα-

381 4214 639 4274 στέλλειν,
684 4214 773 4267 τὺν
832 4214 1055 4282 ἐφικτόν
1104 4231 1169 4282 γε
1230 4214 1453 4286 τρόπον,
1494 4214 1830 4285 πειράσομαι
1867 4215 1964 4282 τῆς

377 4304 488 4358 τῶν
521 4305 815 4359 ἀντιθέτων
842 4305 1071 4376 γνώμης
1113 4308 1203 4359 καὶ
1237 4306 1483 4377 γλώττης
1516 4310 1575 4360 τὸ
1602 4307 1834 4375 ἀσελγὲς
1867 4308 1963 4360 καὶ

380 4395 747 4466 ἀστάθμητον,
812 4395 1062 4464 καθάπερ
1116 4399 1316 4451 ἐκεῖνοι
1369 4398 1471 4469 τῆς
1522 4399 1631 4451 τῶν
1692 4400 1965 4468 σωμάτων

380 4486 591 4551 εὐεξίας
621 4489 746 4549 τοὺς
779 4485 839 4559 [1⁵.
870 4487 974 4541 2ηίο
1005 4486 1056 4559 b]
1088 4488 1444 4558 παρανόμους
1469 4489 1757 4541 ἀνασοϐεῖν
1787 4491 1967 4559 ἐγχει-

2139 2737 2238 2795 XI.
2274 2738 2544 2793 Consulto
2579 2745 2763 2791 autem
2792 2742 2961 2806 atque
2990 2752 3053 2790 ex
3096 2735 3379 2806 preposito
3411 2733 3649 2805 quodam

2064 2835 2140 2907 tab
2172 2831 2333 2887 initio
2364 2831 2611 2886 diximus
2651 2829 2963 2885 disserendi
3013 2840 3190 2885 artem
3223 2838 3487 2899 quantum
3533 2828 3651 2882 ﬁeri

2068 2923 2596 2996 poterat.uibuisse
2634 2920 2882 2992 linguam
2932 2918 3229 2975 Theodoro
3258 2918 3494 2989 sapienti
3552 2919 3652 2980 illi,

2066 3029 2296 3091 propter
2363 3016 2618 3072 veritatis
2680 3013 3058 3069 testimonium
3120 3011 3319 3081 injuria
3396 3019 3652 3064 accusato

2069 3126 2217 3166 nunc
2244 3125 2274 3163 a
2309 3107 2592 3163 Palamitis
2615 3145 2631 3171 ,
2690 3117 2751 3161 ut
2807 3104 3090 3174 quondam
3122 3103 3194 3157 ab
3226 3101 3609 3157 lconomacltis
3635 3142 3650 3168 ,

2069 3204 2273 3270 quibus
2307 3202 2374 3257 ad
2420 3213 2655 3256 mortem
2691 3199 2867 3268 ipsam
2903 3197 3020 3253 suis
3059 3196 3150 3251 ille
3178 3196 3391 3251 viribus
3424 3195 3648 3256 restitit,

2067 3308 2123 3353 et
2159 3311 2393 3365 corpore
2443 3293 2616 3349 variis
2643 3302 2870 3362 propter
2902 3290 3186 3347 Christum
3220 3288 3511 3359 suppliciis
3545 3297 3653 3341 tra-

2065 3391 2182 3445 dito
2227 3387 2725 3459 prudentissimam
2770 3396 2827 3441 et
2882 3385 3261 3441 doctissimam
3304 3383 3547 3453 linguam
3596 3382 3650 3435 in

2066 3484 2344 3553 dogmatis
2383 3483 2528 3538 inter
2551 3496 2673 3536 sese
2696 3479 2936 3535 diversis
2964 3478 3234 3535 excreuit.
3261 3477 3475 3545 Quibus
3498 3478 3653 3545 equi-

2067 3576 2193 3630 dem
2217 3574 2307 3630 his
2342 3574 2494 3628 illius
2512 3570 2990 3642 disputationibus
3033 3580 3283 3626 armatus
3305 3569 3431 3625 forti
3469 3568 3653 3622 animo

2075 3681 2325 3736 repugno
2361 3667 2818 3735 repugnaboque,
2854 3680 2955 3720 nec
2981 3673 3211 3735 propter
3258 3662 3547 3717 veritatem
3587 3661 3655 3715 il-

2070 3762 2185 3816 lius
2211 3760 2519 3816 certamina
2551 3760 2700 3829 quod
2735 3775 2821 3814 me
2849 3760 3049 3813 attinet
3083 3757 3460 3827 redintegrare
3489 3754 3619 3808 dubi
3648 3784 3653 3788 -

2071 3853 2225 3914 tabo,
2256 3852 2351 3905 ubi
2377 3852 2632 3906 ltzcresim
2666 3851 2814 3905 illam
2851 3850 3231 3919 redintegrare
3261 3850 3527 3914 audeant,
3558 3848 3653 3901 sed

2069 3944 2135 3996 ad
2184 3942 2610 4012 prudentiorum
2661 3941 3004 3996 medicorum
3056 3937 3516 3993 consuetudinem
3564 3953 3650 3990 re-

2067 4033 2291 4087 tardare
2325 4042 2381 4087 et
2413 4032 2609 4088 tollere
2631 4042 2900 4101 quantutn
2928 4038 3121 4099 potero
3153 4044 3340 4097 vagam
3378 4036 3434 4083 ct
3471 4028 3653 4082 incer-

2070 4136 2181 4181 tam
2216 4124 2670 4180 adversariorum
2725 4123 3047 4193 opinionem
3097 4131 3156 4177 et
3195 4122 3439 4191 linguam
3491 4135 3655 4175 cona-

2068 4217 2194 4272 bor.
2234 4214 2718 4283 Quemadmodum
2755 4213 2833 4268 illi
2863 4228 3159 4284 corporum
3194 4212 3561 4266 valetudinem
3586 4214 3652 4265 al)

2070 4310 2258 4365 noxiis
2301 4308 2723 4363 discriminibus
2752 4306 3052 4363 defendere
3111 4290 3371 4368 student,
3433 4304 3507 4357 ita
3556 4319 3655 4371 ego

2069 4403 2250 4457 donec
2285 4402 2473 4472 lingua
2505 4416 2627 4456 mea
2660 4416 2786 4455 cum
2815 4398 2925 4454 Deo
2951 4397 3158 4453 valebit
3185 4407 3244 4452 ct
3285 4396 3655 4451 ratiocinandi

2069 4503 2187 4547 arte
2225 4493 2435 4563 pollere
2476 4493 2612 4547 mihi
2664 4506 2763 4562 per
2793 4500 3013 4546 aetatem
3068 4488 3323 4553 videbor,
3379 4504 3447 4543 ne
3492 4488 3651 4541 vivus

382 4581 567 4651 ροῦσιν
595 4580 864 4642 όλίσθους,
917 4581 1023 4641 ἕως
1134 4597 1192 4633 τε
1225 4581 1439 4650 γλῶττα
1471 4582 1712 4651 ἔρρωται
1746 4581 1844 4632 σύν
1898 4597 1961 4649 γε

2073 4585 2241 4657 459
2270 4586 2560 4655 religionis
2595 4585 2756 4656 vigor
2787 4584 3032 4654 undique
3075 4581 3415 4638 accrescenli
3465 4580 3659 4648 impie-

379 4672 498 4741 Θεῷ
533 4674 625 4725 καὶ
656 4672 754 4742 τήν
781 4672 932 4742 ὥραν
964 4672 1236 4725 ἀνθοῦσαν
1258 4673 1489 4726 δίδωσιν·
1516 4672 1643 4742 ἐμοὶ
1673 4673 1850 4726 δοκεῖν
1882 4673 1963 4725 ἔτι

380 4765 679 4832 κεκτῆσθιι
719 4767 845 4828 τοὺς
873 4764 1167 4834 λογισμοὺς
1201 4767 1229 4818 ὁ
1261 4767 1474 4836 χρόνος,
1506 4766 1704 4836 μήπως
1732 4767 1765 4836 ή
1808 4765 1962 4828 ζῶσα

378 4861 476 4927 τῆς
498 4860 556 4909 εὑ
568 4857 778 4920 σεὸείας
802 4857 1051 4927 δύναμις,
1080 4856 1413 4928 πολλαχόθεν
1437 4860 1557 4911 κατ’
1584 4857 1755 4925 αὐτῆς
1782 4857 1966 4928 ἀκμά-

2076 4677 2205 4729 tatis
2235 4686 2390 4745 peste
2415 4675 2602 4739 citius,
2640 4688 2805 4744 quam
2837 4671 2977 4727 forte
3015 4670 3267 4725 nonnulli
3305 4679 3495 4738 putent
3527 4706 3540 4728 ,
3571 4667 3658 4719 in-

2069 4771 2278 4839 justam
2322 4777 2557 4822 mortem
2614 4766 2778 4821 obeat
2808 4763 3274 4836 quemadmodum
3307 4760 3407 4814 ﬂos
3443 4759 3497 4813 in
3527 4773 3657 4827 agro

2068 4869 2167 4916 aut
2192 4860 2247 4913 in
2276 4868 2435 4929 prato
2462 4875 2605 4914 rosa.

379 4947 561 5013 ζοντος
586 4947 681 5000 τοῦ
709 4949 807 5018 τῆς
840 4949 1094 5012 ἀσεϐείας
1123 4948 1413 5019 χειμῶνος,
1455 4949 1825 5019 πρωῖαίτερον
1861 4949 1954 5003 καὶ
1994 4950 2091 5018 τῆς
2123 4952 2281 5005 ἐνίων
2342 4950 2471 5016 ἴσως
2527 4952 2852 5023 ὑπολήψεως
2900 4953 2993 5005 καὶ
3024 4950 3181 5021 δόξης
3216 4949 3306 5002 τὸν
3328 4948 3511 5001 ἄδικον
3546 4962 3654 5015 μα-

380 5041 589 5111 ρασμξιν
612 5042 841 5114 ύποστῇ,
862 5044 1123 5114 ,καθάπερ
1145 5045 1307 5109 ἄνθος
1338 5045 1397 5098 ἐν
1418 5048 1484 5114 ἀγ
1498 5045 1573 5115 pf)
1603 5045 1697 5097 καὶ
1722 5044 1960 5119 ρόδονέν
1985 5044 2231 5120 λειμῶνι.

453 5138 554 5190 ΙΒ’.
578 5138 805 5205 Πρῶτον
828 5138 921 5194 οὖν
948 5139 1265 5207 ἐξεταστέον
1291 5140 1343 5193 τί
1365 5143 1482 5193 ἐστι
1510 5140 1961 5209 μεταμόρφωσις,

388 5234 584 5300 μᾶλλον
640 5232 695 5285 δὲ
734 5233 783 5285 τί
840 5236 956 5287 ἐστι
992 5235 1176 5305 μορφὴ
1206 5240 1295 5287 xxi.
1331 5235 1383 5288 τί
1432 5236 1492 5289 τὸ
1544 5235 1699 5303 γένος
1745 5233 1915 5300 αὐτῆς
1943 5248 1957 5261 ’

383 5323 526 5376 οὕτω
557 5324 667 5395 γὰρ
699 5324 763 5377 ἂν
792 5326 979 5378 καὶτὰ
1010 5327 1281 5397 εἰρημένα
1310 5326 1620 5394 σαφέστερα
1653 5324 1851 5391 γένοιτ’
1876 5323 1961 5378 ἄν.

384 5417 505 5470 Τῶν
533 5418 641 5489 γὰρ
668 5419 972 5488 ὁμωνύμων
995 5416 1127 5473 οὖσα
1157 5422 1188 5491 ἡ
1225 5420 1378 5489 φωνὴ
1404 5421 1499 5472 ἐπὶ
1522 5420 1617 5489 μὲν
1649 5419 1785 5473 Θεοῦ
1816 5418 1963 5484 λεγο-

389 5508 526 5581 μένη
564 5513 757 5565 ταυτὸν
792 5512 1013 5567 δύναται
1048 5518 1112 5586 τῇ
1146 5513 1325 5583 οὐσίᾳ,
1363 5510 1507 5565 καθὰ
1536 5514 1630 5567 καὶ
1658 5515 1770 5575 τοῖς
1801 5510 1969 5569 θείοις

386 5613 486 5682 τῆς

388 5695 776 5768 παραδίδοται,
815 5695 909 5748 ὲπί
939 5712 1004 5766 γε
1045 5698 1153 5768 μὴν
1183 5698 1293 5752 τῶν
1323 5697 1596 5768 αἰσθητῶν
1627 5697 1812 5770 μορφή
1854 5700 1970 5751 ἐστι

388 5793 448 5847 τδ
476 5792 604 5863 περὶ
635 5790 734 5861 τὴν
784 5792 1109 5861 ἐπιφάνειαν
1149 5794 1302 5847 ποιὸν
1345 5793 1603 5862 τύπωμα,
1630 5793 1765 5864 πρὸς
1795 5791 1821 5845 ὃ
1848 5791 1970 5863 βλέ-

563 5606 893 5676 Ἒκκλησίας
948 5610 1238 5680 φωστῆρσι
1293 5610 1715 5680 νενομοθέτηταί
1764 5626 1824 5662 τε
1876 5608 1971 5662 καὶ

2146 5140 2519 5197 Xll.Primnm
2567 5140 2731 5211 igitur
2778 5138 3197 5209 disquirendnnt
3253 5145 3357 5201 est,
3394 5134 3525 5206 quid
3584 5136 3655 5191 sit.

2076 5234 2618 5304 transﬁguratio,aut
2648 5233 2832 5304 potius
2859 5233 2989 5302 quid
3026 5232 3099 5287 sit
3126 5232 3294 5303 ﬁgura
3337 5239 3394 5286 et
3424 5229 3555 5299 quid
3583 5231 3653 5285 sit

2071 5328 2318 5397 ejusdem
2347 5342 2542 5399 genus.
2586 5325 2662 5381 lta
2693 5327 2839 5381 enim
2874 5341 2939 5381 ea
2963 5341 3083 5395 quae
3115 5325 3261 5379 dicta
3296 5333 3426 5378 sunt
3460 5322 3658 5377 melius

2072 5418 2307 5491 intelligi
2338 5427 2589 5489 possunt.
2625 5417 2759 5473 Nam
2788 5433 2886 5472 vox
2917 5426 2976 5472 ut
3006 5433 3127 5488 quae
3160 5416 3301 5471 inter
3328 5415 3536 5470 similes
3562 5415 3650 5479 sit,

2068 5514 2160 5567 ubi
2196 5511 2264 5566 de
2304 5510 2414 5566 Deo
2445 5511 2651 5565 dicitur
2683 5510 2738 5565 id
2774 5509 3111 5580 valet,!quod
3150 5524 3178 5563 a
3215 5508 3357 5563 divis
3387 5507 3653 5563 Ecclesia:

2065 5604 2373 5661 luminibus
2428 5604 2795 5659 constitutum
2833 5612 2888 5658 et
2922 5600 3186 5657 traditum
3223 5600 3505 5670 estquoad
3529 5600 3656 5670 qui-

2068 5698 2191 5753 dem
2211 5695 2489 5752 sensualia
2527 5695 2746 5751 attinet.
2767 5695 2969 5765 Figura
2998 5702 3084 5749 est
3116 5693 3470 5748 adumbratio
3501 5706 3647 5761 quae-

2073 5790 2196 5845 dam
2246 5789 2311 5843 ad
2343 5789 2535 5847 oculos
2565 5796 2840 5858 spectans.
2873 5786 2945 5841 lis
2980 5787 3069 5855 qui
3097 5797 3330 5841 cernunt
3357 5786 3647 5856 pulchrum
