4016 6528
395 414 503 477 407

1616 423 1659 481 Ν
1672 425 2033 486 lCEPIlOlll
2074 430 2120 487 Ο
2136 431 2387 490 llEGOR
2400 432 2461 490 .E

3565 430 3669 491 408

387 530 582 586 dicere
612 533 743 588 licet
770 546 864 591 aut
918 546 1075 608 turpe
1106 540 1156 593 id
1188 543 1335 611 quod
1365 545 1552 600 subest
1579 549 1796 602 animal.
1818 551 1987 603 Acce-

2093 570 2290 615 ποντσ.;
2319 553 2595 624 εὔμορφόν
2625 571 2683 605 τε
2714 553 2895 617 λέγειν
2939 551 3116 603 ἔνεστι
3157 551 3250 603 καὶ
3277 550 3592 621 δύσμορφον
3617 550 3675 604 τὸ

388 628 534 679 deus
561 627 709 681 enim
728 631 880 685 estin
908 632 1159 703 subjecto
1184 652 1305 706 quae
1324 642 1574 694 cernitur
1591 641 1788 707 iorma,
1809 659 1982 712 genus

400 715 568 772 habet
612 722 971 792 qualitatem,
1022 737 1219 794 quarta
1264 734 1567 786 secundum
1623 736 1977 803 partitionem

399 810 580 880 imago
614 811 895 869 invenitur
924 818 1192 888 ejusdem.
1231 821 1461 878 Mutatio
1488 835 1671 881 autent
1706 829 1821 898 ipsa
1853 845 1979 884 cum

400 898 474 952 sit
512 903 821 968 accedens,
864 908 1116 962 cernitur
1159 911 1211 963 in
1250 914 1527 977 essentia,
1571 924 1627 969 et
1666 918 1979 986 quantitate

397 1000 454 1044 et
483 993 759 1060 qualitate
797 998 1119 1054 varietatem
1170 1005 1492 1061 mutationis
1540 1008 1808 1064 efﬁciens.
1864 1010 1982 1065 Mu-

402 1084 669 1140 tationem
694 1098 880 1143 autem
917 1092 1296 1150 incitationem
1333 1099 1630 1166 quamdam
1668 1101 1789 1170 ejus
1822 1117 1977 1165 esse,

396 1178 543 1244 quod
578 1188 706 1234 ante
741 1181 881 1245 fuit,
932 1184 1028 1239 ubi
1075 1189 1321 1243 essentia
1363 1202 1648 1247 remaneat
1680 1193 1976 1249 deﬁniunt.

398 1268 653 1325 Libenter
691 1289 881 1343 quaero
938 1279 1197 1347 equidem
1239 1281 1518 1337 Palamam
1558 1285 1792 1354 ejusque
1831 1299 1981 1340 asse-

399 1361 515 1416 clas
565 1366 699 1433 quid
755 1383 881 1424 esse
939 1372 1185 1441 cogitent
1242 1376 1809 1446 transﬂgurationetn.
1872 1379 1985 1436 Nec

397 1455 545 1535 enim
584 1459 913 1515 vocabulum
945 1462 1103 1531 plane
1157 1466 1428 1533 explicat,
1461 1478 1649 1523 utrum
1685 1471 1756 1524 sit
1797 1471 1985 1528 formae

399 1550 750 1617 variatio,an
787 1559 1138 1624 permutatio.
1158 1558 1323 1636 460
1355 1561 1528 1631 Igitur
1558 1564 1601 1617 si
1632 1565 1758 1629 quis
1791 1581 1985 1621 essen-

400 1640 488 1695 tia:
516 1642 720 1699 divina:
746 1646 987 1712 dixerit,
1021 1641 1446 1707 Manichmorum
1489 1656 1750 1711 morbum
1793 1668 1984 1713 osten-

396 1732 543 1788 derit
584 1735 689 1791 ista
722 1754 849 1794 vox.
869 1740 1007 1806 Quid
1051 1758 1180 1798 vero
1220 1745 1391 1815 magis
1428 1746 1657 1816 impium
1683 1759 1785 1811 est,
1817 1765 1983 1819 quam

397 1829 655 1883 essentia
702 1835 1171 1900 permutationem
1216 1837 1404 1893 dicere
1445 1837 1651 1894 Christi
1699 1841 1755 1895 in
1797 1852 1988 1899 monte

2093 646 2454 715 ὑποκείμενον
2484 646 2625 711 ζῶον
2656 646 2843 716 τυχόνε
2893 644 3255 715 Συμϐεδηκὸς
3298 645 3407 712 γάρ
3439 644 3589 696 ἐστιν
3618 644 3676 696 ὲν

2087 738 2441 808 ὑποκειμένῳ
2494 739 2602 790 τινὶ
2657 734 3035 807 θεωρούμενον
3087 734 3121 803 ἡ
3174 735 3379 804 μορφή.
3439 733 3601 796 Γένος
3631 732 3677 785 δ’

2088 832 2289 901 ἔχουσα
2317 832 2418 901 τὴν
2451 831 2714 902 ποιότητα
2768 831 3027 897 τέταρτον
3070 829 3214 882 κατά
3242 828 3507 897 διαίρεσιν
3533 824 3676 888 εἶδος

2085 927 2405 997 εὑρίσκεται
2457 925 2684 995 ταύτης.
2732 924 2884 976 Ἐπεὶ
2917 923 2973 976 δὲ
3005 924 3102 974 καὶ
3129 924 3162 991 ἡ
3198 920 3433 991 κίνησις,
3464 922 3674 987 συμϐε-

2090 1019 2260 1087 ϐηκὸς
2284 1017 2420 1072 οὐσα
2470 1019 2563 1071 καὶ
2619 1017 2781 1087 αὐτὴ,
2838 1017 3126 1086 θεωρεῖται
3164 1015 3261 1084 μὲν
3301 1015 3395 1066 καὶ
3428 1015 3485 1065 ὲν
3514 1015 3675 1084 οὐδ-ἔα

2086 1113 2181 1165 καὶ
2214 1112 2368 1183 ποσῷ
2422 1112 2517 1165 καὶ
2564 1112 2738 1181 τόπῳ,
2797 1111 3086 1180 θεωρεῖται
3132 1107 3426 1175 δὲμᾶλλον
3476 1107 3579 1158 κάν
3602 1109 3669 1178 τῇ
3738 1160 3749 1168 ,

2087 1204 2338 1273 ποιότητι
2383 1207 2445 1258 τὸ
2494 1203 2772 1265 πολυειδὲς
2796 1202 3139 1270 ἐργαζομένη
3171 1200 3271 1268 τῆς
3305 1198 3670 1261 ἀλλοιὼτεως,

2086 1294 2184 1363 τὴν
2215 1296 2259 1348 δ’
2294 1294 2578 1347 ἀλλοίωσιν
2627 1292 2953 1348 ὲκστατικόν
2990 1308 3042 1343 τι
3072 1288 3210 1343 εἶναι
3262 1288 3357 1341 τοῦ
3407 1289 3676 1356 πρότερον

2088 1388 2241 1450 ὄντος
2267 1387 2542 1453 ὁρίζονται
2566 1386 2664 1454 τῆς
2692 1383 2882 1447 οὐσίας
2909 1383 3179 1451 μενούσης
3200 1397 3215 1412 ·
3238 1382 3409 1453 ἡδέως
3434 1380 3497 1433 ἂν
3527 1380 3678 1448 ἐροί-

2093 1498 2201 1551 μην
2235 1479 2414 1548 ἕγωγε
2450 1479 2717 1547 Παλαμᾶν
2773 1478 2869 1530 καὶ
2912 1476 3039 1540 τοὺς
3090 1474 3229 1544 ἀμφ’
3289 1473 3473 1535 αὐτὴν,
3527 1474 3580 1526 τί
3610 1472 3677 1524 ἂν

2090 1570 2233 1626 εἶναι
2262 1573 2410 1641 νοοίη
2436 1572 2537 1640 τὴν
2592 1572 3041 1640 μεταμόρφωσιν.
3101 1569 3269 1621 Οὐδὲν
3323 1566 3493 1637 γὰρὴ
3528 1565 3675 1629 λέξις

2087 1668 2278 1734 ἕτερον
2330 1666 2553 1728 πάντως
2614 1664 2766 1733 δηλοῖ
2814 1664 2848 1731 ἥ
2896 1664 3114 1733 μορφῆς
3152 1660 3440 1715 ἀλλοίωσίν
3469 1676 3529 1712 τε
3575 1642 3691 1712 καί

2095 1758 2482 1829 μεταποίησιν.
2517 1757 2576 1809 Εἰ
2608 1756 2708 1825 μὲν
2733 1752 2826 1809 οὖν
2847 1755 2946 1823 τῆς
2972 1754 3159 1817 οὐσίας
3185 1752 3334 1821 λέγοι
3367 1751 3469 1821 τῆς
3498 1751 3673 1815 θείας,

2091 1850 2409 1921 Μανιχαίων
2464 1848 2525 1900 τὸ
2560 1847 2778 1917 νόσημα
2819 1843 3009 1909 δείξων
3036 1846 3064 1896 ὁ
3090 1843 3247 1910 λόγος
3282 1842 3539 1913 ἔρχεται·
3574 1843 3671 1894 καὶ

399 1922 626 1979 Thabor
657 1918 1461 1998 transﬁgurationem,alteram
1494 1932 1727 1989 duarum
1755 1934 1988 2006 ineptia-

2093 1946 2143 1997 τί
2179 1910 2638 2012 ἂνῃάσεδέστερον
2673 1910 2881 2011 ein-106
2915 1936 3273 2006 μετουσίωτιν
3300 1910 3550 2002 λέγοντος
3576 1934 3676 2003 τὴν

400 2030 521 2067 rum
586 2017 869 2085 inducere,
903 2031 999 2075 aut
1052 2022 1396 2078 immutabile
1460 2023 1661 2079 divinae
1732 2027 1991 2082 essentia:

398 2106 710 2175 deprimere
756 2111 823 2164 ad
874 2112 1179 2182 subjectum
1229 2124 1284 2168 et
1323 2114 1391 2170 ab
1425 2114 1516 2169 illa
1575 2116 1815 2170 alienum
1845 2158 1861 2183 ,
1895 2127 1991 2174 aut

401 2198 690 2252 inscientia
747 2209 805 2255 et
862 2205 1097 2273 maligna
1154 2215 1338 2261 mente
1405 2208 1458 2260 in
1522 2205 1661 2261 duas
1718 2209 1991 2265 incrcatas

402 2289 644 2346 deitates
674 2293 986 2347 distrahere
1020 2310 1183 2349 unam
1221 2296 1524 2353 increatam
1554 2312 1612 2356 et
1640 2301 1988 2356 individuam

402 2392 460 2436 et
489 2383 820 2452 simplicem,
852 2398 909 2442 et
949 2404 1112 2442 unam
1160 2390 1347 2447 dicere
1388 2393 1685 2457 visibilem,
1732 2395 1988 2450 invisibi-

402 2479 510 2529 lwm
570 2477 796 2532 alteram
821 2519 835 2542 ,
873 2496 1037 2535 unam
1098 2484 1573 2555 participabilem,
1616 2486 1992 2558 imparticipa-

402 2569 568 2623 bilem
603 2573 831 2627 alteram
853 2615 868 2637 ,
903 2590 1064 2630 unam
1093 2576 1399 2646 subjectam
1422 2618 1436 2641 ,
1462 2582 1820 2650 superjectam
1851 2583 1990 2638 alte-

405 2664 568 2716 rant?
619 2666 767 2734 quod
827 2667 998 2737 ipsam
1056 2668 1542 2724 leonomachorum
1602 2672 1834 2728 ha'resin
1899 2690 1991 2728 su-

400 2758 641 2827 peravit,
685 2770 746 2813 ut
785 2760 840 2814 in
865 2762 1201 2831 procedente
1243 2766 1493 2821 oratione
1527 2766 1705 2822 fusius
1741 2769 1980 2823 dicetur.

404 2851 500 2905 Sin
538 2866 761 2907 omnem
801 2855 1031 2910 omnino
1062 2856 1264 2911 dixerit
1302 2858 1649 2913 immutatam
1684 2861 1824 2914 servi
1874 2861 1987 2917 foc-

405 2959 574 3009 mam,
604 2945 1035 3003 utlconomachi
1068 2950 1283 3015 dicunt,
1322 2951 1377 3005 iu
1400 2951 1579 3006 lucem
1612 2953 1894 3008 infandam
1931 2966 1987 3009 et

404 3037 711 3090 increatam
748 3049 803 3091 et
838 3038 1103 3094 deitatem
1141 3042 1377 3095 alienam
1431 3052 1489 3095 ut
1533 3044 1586 3097 in
1635 3046 1992 3098 sermonibus

405 3129 473 3181 de
498 3128 619 3183 luce
639 3129 1125 3186 disserit‘vocibus
1144 3133 1422 3201 humanis,
1444 3150 1601 3191 usam
1634 3151 1758 3190 esse
1795 3137 1977 3191 lucem

407 3220 556 3274 illam
585 3220 909 3290 gloriantem
935 3222 1005 3279 de
1038 3238 1158 3279 sese
1189 3234 1247 3279 et
1290 3244 1307 3276 ι
1346 3226 1465 3281 Non
1498 3236 1711 3283 terrore
1745 3244 1991 3283 commo-

405 3313 612 3378 vearis,
648 3324 830 3368 tecum
862 3315 1009 3369 enim
1041 3331 1219 3379 sum,»
1257 3316 1454 3388 pignus
1473 3317 1670 3373 futurae
1695 3320 1989 3389 lucispi-m-

412 3405 635 3458 hentem
657 3446 673 3471 ,
700 3406 1061 3474 quaerendum
1098 3416 1215 3469 est,
1249 3409 1528 3477 quomodo
1560 3418 1806 3463 creatura
1843 3410 1993 3463 abie—

411 3500 488 3553 rit
525 3498 593 3553 ad
630 3499 936 3554 incrcatum
975 3509 1030 3554 et
1075 3499 1395 3554 inchoatum
1429 3499 1497 3554 ad
1529 3516 1640 3554 non
1672 3500 1991 3554 inchoatum

413 3605 471 3650 et
508 3595 812 3666 temporale
847 3594 913 3648 ad
947 3611 1054 3649 non
1091 3596 1393 3665 temporale
1438 3605 1496 3650 et
1538 3594 1754 3648 ﬁnitum
1799 3596 1865 3648 ad
1910 3598 1994 3648 iu—

409 3690 650 3743 tluitum.
676 3689 811 3743 Nam
846 3689 951 3743 hoc
981 3687 1370 3758 corruptibile,
1411 3696 1471 3741 ut
1503 3687 1671 3742 divus
1696 3687 1992 3757 Apostolus

408 3782 569 3847 dicit,
606 3781 933 3836 induturum
965 3781 1442 3851 incorruptionem
1467 3780 1779 3835 audivimus
1810 3781 1992 3835 credi-

404 3876 705 3942 dimusquc
730 3915 746 3941 ,
774 3885 1020 3929 creatum
1049 3882 1233 3928 autem
1266 3872 1380 3926 ﬁeri
1414 3873 1720 3927 increatum
1753 3873 1837 3927 vel
1868 3890 1993 3929 cor—

409 3983 509 4034 pus
535 3968 926 4037 incorporeum
953 3966 1112 4038 431
1144 3965 1389 4019 nondum
1417 3965 1483 4018 ad
1515 3964 1621 4019 hoc
1650 3980 1825 4034 usque
1854 3975 1993 4019 lem—

406 4078 512 4131 pus
561 4062 670 4117 ulla
724 4062 939 4116 ratione
979 4060 1211 4131 praedita
1257 4069 1514 4114 creatura
1560 4068 1655 4113 aut
1704 4059 1845 4113 dixit
1894 4068 1988 4113 aut

409 4154 617 4209 audivit
656 4168 901 4223 unquam
938 4162 1033 4207 aut
1071 4150 1315 4219 denique
1348 4151 1633 4220 cogitavit.
1669 4152 1864 4221 Neque
1898 4153 1986 4204 in-

408 4251 658 4303 creatu'm
703 4257 760 4301 et
801 4245 1081 4300 inﬁnitum
1132 4244 1245 4298 ulla
1291 4245 1508 4302 ratione
1549 4254 1646 4298 aut
1678 4244 1790 4299 ullo
1823 4243 1991 4298 modo

411 4339 612 4409 recipit
644 4338 1092 4408 qualemcunque
1125 4347 1334 4390 motum
1371 4345 1467 4389 aut
1506 4335 1877 4390 mutationem
1923 4336 1990 4387 ad

410 4431 721 4501 subjectum
747 4470 763 4495 ,
791 4444 902 4483 non
939 4429 1147 4482 habens
1173 4428 1452 4496 quomodo
1482 4435 1729 4481 mutetur
1758 4434 1853 4479 aut
1881 4439 1991 4494 quo

410 4531 723 4579 moveatur.
768 4521 988 4576 Etenim
1034 4520 1267 4574 mutatio
1297 4519 1365 4574 ad
1398 4529 1652 4573 naturam
1701 4516 1902 4572 inﬁniti
1936 4525 1992 4571 et

414 4615 483 4671 ad
520 4625 726 4669 motum
758 4627 866 4667 non
902 4612 1033 4667 facti
1065 4622 1162 4666 aut
1187 4612 1424 4667 variatio
1455 4618 1552 4666 aut
1582 4608 1874 4663 distractio
1906 4625 1993 4663 es-

409 4716 525 4771 set,
553 4705 702 4776 quod
739 4705 854 4757 ﬁeri
885 4718 995 4757 non
1030 4714 1214 4774 potest
1244 4722 1257 4758 :
1293 4703 1476 4756 omnis
1506 4701 1653 4756 enim
1678 4741 1692 4767 ,
1723 4703 1800 4755 ait
1833 4688 1995 4757 divus

412 4799 722 4863 Maximus,
756 4796 980 4866 prepria
1015 4795 1233 4849 ratione
1273 4802 1470 4847 natura
1506 4793 1674 4847 habet
1705 4793 1998 4863 perfectio-

414 4905 545 4946 nem
575 4899 632 4943 et
660 4887 971 4958 spiritualis
1001 4896 1059 4942 et
1093 4884 1436 4955 corporalis,
1466 4884 1585 4940 sive
1612 4885 1846 4955 simplex
1877 4887 1996 4942 sive

410 4983 738 5056 composita.
757 4981 1004 5048 Quorum
1022 4982 1170 5034 enim
1189 4994 1368 5035 causa:
1382 4978 1527 5049 apud
1545 4980 1715 5033 Deum
1730 4996 1853 5034 cum
1875 4996 1996 5036 esse

411 5076 578 5132 etlam
598 5073 941 5146 perfectione
959 5079 1315 5140 receperunt,
1333 5085 1525 5125 eorum
1551 5070 1790 5139 propriis
1810 5070 1994 5126 causis

413 5168 717 5225 declinatio
766 5176 823 5223 et
876 5161 1429 5221 transsubstantiatio
1478 5162 1846 5232 adjectionem
1897 5172 1995 5216 aut

415 5261 785 5317 emissionem
821 5258 890 5314 ad
924 5273 1050 5313 esse
1083 5266 1360 5326 quatenus
1387 5256 1630 5309 essentia
1662 5254 1995 5324 contingunt

413 5371 528 5411 non
557 5354 882 5410 admittunt.
912 5351 1008 5407 Sin
1035 5365 1168 5404 vero
1197 5348 1430 5403 variatio
1452 5347 1704 5417 quaedam
1732 5347 1813 5410 ﬁt,
1840 5355 1992 5403 certe

409 5462 525 5503 non
550 5446 617 5501 ad
645 5456 871 5506 naturae,
893 5443 989 5497 sed
1017 5441 1085 5496 ad
1115 5440 1393 5495 varianda:
1421 5440 1499 5495 rei
1535 5441 1984 5506 mutatationem,

412 5540 560 5593 ratio
586 5537 734 5593 enim
763 5543 972 5590 mutata
996 5535 1285 5587 interitum
1333 5533 1517 5588 statim
1548 5544 1758 5588 natura:
1808 5534 1989 5597 atlert,

418 5627 653 5682 mutatio
681 5639 804 5694 quae
830 5622 1082 5692 sequitur
1108 5621 1355 5676 miriﬁca:
1380 5621 1605 5676 virtutis
1630 5623 1870 5691 speciem
1898 5622 1994 5674 ha-

413 5717 528 5771 bet.
558 5713 794 5784 )Egyptii
841 5713 946 5768 Nili
994 5728 1134 5783 aqua
1191 5725 1474 5784 aspecmm
1515 5721 1571 5766 et
1604 5720 1821 5783 gustum
1860 5712 1991 5766 olim

417 5807 672 5870 mutavit,
694 5817 751 5861 et
789 5807 999 5862 variata
1031 5816 1115 5862 est
1151 5808 1206 5861 in
1235 5806 1519 5876 sanguinis
1552 5806 1793 5861 colorem
1827 5816 1883 5861 et
1914 5805 1993 5861 fa-

420 5899 648 5959 stidium
674 5939 686 5965 ,
714 5900 978 5974 liquidam
1010 5910 1065 5960 et
1089 5901 1308 5957 ﬂuidam
1343 5908 1594 5955 naturam
1625 5898 1850 5955 minime
1882 5898 1994 5954 dis-

2095 2038 2189 2092 ὲπὶ
2216 2037 2309 2090 τοῦ
2336 2034 2623 2105 Θαϐωρίου
2650 2033 2811 2104 ὅρους
2844 2030 3268 2102 μεταμὸρερωσιν
3291 2029 3384 2083 τοῦ
3409 2026 3674 2100 Χριστοῦ,

2094 2129 2186 2180 καὶ
2220 2128 2365 2180 δυοῖν
2389 2125 2496 2177 τῶν
2525 2121 2895 2176 ἀτοπωτάτων
2918 2119 3146 2187 θάτερον
3175 2118 3393 2179 πάντως
3425 2115 3675 2181 εἰσάγον-

2091 2239 2203 2277 τος,
2236 2220 2267 2289 ἢ
2299 2220 2396 2285 τῆς
2428 2217 2578 2273 θείας
2610 2214 2799 2275 οὐσίας
2829 2212 2889 2265 τὸ
2921 2211 3280 2265 ἀναλλοίωτον
3308 2205 3509 2277 δηλαδὴ
3539 2204 3675 2258 καθ-

2091 2310 2375 2378 αιροῦντος
2403 2309 2481 2369 είς
2516 2307 2577 2359 τὸ
2610 2306 2907 2374 ὑφειμένον
2956 2304 3051 2356 καὶ
3097 2301 3352 2370 διάφορον
3377 2298 3601 2368 ταύτης.
3635 2296 3669 2367 ἢ

2093 2401 2429 2471 διαιροῦντος
2457 2401 2515 2465 ὲξ
2546 2397 2792 2468 ἀμαθοῦς
2823 2396 2918 2448 καὶ
2949 2394 3293 2464 κακοτρόπου
3326 2392 3550 2461 γνώμης
3592 2390 3674 2452 εἰς

2091 2495 2183 2546 δύο
2217 2492 2488 2560 θεοτήτων
2553 2487 2825 2542 ἀκτίστων
2881 2485 3299 2554 διχοτομήματα
3356 2484 3457 2552 τὴν
3505 2481 3675 2551 μόνην

2092 2586 2348 2639 ἅκτιστὸν
2383 2600 2443 2635 τε
2478 2583 2571 2635 καὶ
2598 2582 2778 2652 ἀμερῆ
2810 2581 2905 2633 καὶ
2943 2578 3148 2646 ἁπλῆν,
3194 2575 3289 2628 καὶ
3313 2575 3411 2645 τὴν
3446 2573 3543 2642 μὲν
3579 2572 3673 2624 λέ-

2092 2695 2278 2746 γοντος
2310 2675 2513 2747 δρα-τὴν
2538 2674 2636 2744 τὴν
2654 2675 2698 2728 δ’
2730 2673 2982 2742 ἀόρατον,
3011 2669 3107 2722 καὶ
3140 2668 3237 2738 τὴν
3271 2667 3370 2736 μὲν
3406 2662 3673 2734 μεθεκτὴν

2091 2772 2189 2839 τὴν
2228 2770 2271 2823 δ’
2307 2768 2634 2835 ἁμέθεκτον.
2689 2766 2788 2817 καὶ
2844 2763 2943 2834 τὴν
3016 2761 3115 2831 μὲν
3173 2759 3473 2828 ὑφειμένην
3496 2756 3595 2826 τὴν
3627 2756 3671 2808 δ’

2094 2862 2502 2930 ὑπερκειμένην
2534 2880 2546 2925 ;
2580 2861 2608 2912 δ
2637 2859 2730 2912 καὶ
2761 2857 2856 2921 τὴν
2884 2855 2993 2908 τῶν
3024 2852 3411 2920 Είκονομάχων
3432 2848 3671 2919 ὑπερδέ-

2095 2956 2297 3017 6>.ηκεν
2323 2953 2555 3021 αἵρεσιν,
2582 2952 2656 3015 ὡς
2679 2950 2958 3019 εἰρήσεται
2978 2944 3244 3017 χωροῦντι
3267 2943 3346 3013 τῷ
3367 2942 3511 3013 λόγῳ
3539 2941 3676 2994 πλα-

2094 3050 2338 3117 τύτερον.
2373 3046 2434 3098 El
2469 3043 2514 3097 δ’
2549 3033 2606 3109 ἔξ
2641 3042 2778 3115 ὅλων
2813 3042 2942 3117 ὅλην
2994 3036 3434 3106 μεταϐεϐλῆσθαι
3471 3034 3671 3101 φάσκοι

2092 3141 2190 3202 τὴν
2216 3139 2310 3193 τοῦ
2337 3137 2525 3191 δούλου
2565 3135 2806 3207 μορφὴν,
2852 3131 2972 3184 κατ’
2998 3131 3199 3189 αὐτοὺς
3228 3126 3471 3197 ἀκριϐῶς
3498 3126 3674 3178 εἰπεῖν

2097 3236 2221 3295 τοὺς
2253 3229 2677 3299 Εἰκονομάχους,
2736 3228 2828 3279 ἐπὶ
2862 3224 2975 3293 φῶς
3008 3220 3247 3293 (tamen
3296 3237 3351 3273 τε
3390 3219 3485 3272 καὶ
3514 3217 3670 3271 ἄκτι-

2101 3344 2226 3379 στον
2254 3326 2348 3378 καὶ
2386 3323 2617 3392 θεότητα
2653 3321 2836 3390 ξένην,
2878 3317 3022 3371 καθὰ
3050 3317 3154 3368 κάν
3186 3316 3296 3377 τοῖς
3334 3312 3465 3382 περὶ
3495 3313 3675 3377 φωτὸς

2096 3419 2315 3483 διέξεισι
2336 3417 2518 3484 λόγοις
2539 3415 2704 3468 αὐτοῦ
2738 3415 2942 3482 φωναῖς
2971 3409 3343 3478 ἀνθρωπίναις
3368 3405 3669 3476 κεχρῆσθαι

2095 3511 2155 3563 τὸ
2180 3508 2295 3575 φῶς
2327 3510 2522 3570 έκεῖνο,
2569 3505 2928 3577 καυχώμενον
2964 3502 3102 3577 πρὸς
3137 3501 3320 3563 αὐτὸν,
3363 3500 3477 3563 καὶ,
3520 3515 3539 3549 ι
3576 3497 3666 3567 Μὴ

2097 3601 2288 3669 φοϐοῦ,
2332 3618 2350 3651 ι
2382 3599 2899 3670 παρακελευόμενον
2923 3614 2936 3628 ·
2986 3616 3003 3649 ι
3039 3596 3177 3666 μετὰ
3205 3594 3298 3648 σοῦ
3335 3595 3444 3664 γάρ
3476 3594 3613 3663 ειμι,
3643 3611 3662 3644 ι

2093 3693 2188 3746 τοῦ
2229 3692 2514 3763 μέλλοντος
2546 3691 2845 3762 ἀρραϐῶνα
2895 3688 3072 3758 φωτὸς
3131 3687 3530 3757 παρεχόμενον,
3572 3686 3670 3756 ζη-

2092 3785 2286 3856 τητέον
2315 3784 2432 3847 πῶς
2466 3783 2525 3837 τὸ
2585 3782 2807 3836 κτιστδν
2865 3779 3330 3851 μετακεχώρηκεν
3371 3778 3434 3851 [Γ.
3488 3780 3588 3833 2H
3617 3778 3672 3851 α]

2098 3880 2282 3952 ἑαυτῷ
2321 3878 2452 3950 πρὸς
2499 3877 2563 3931 τὸ
2595 3877 2849 3930 ἄκτιστον
2890 3874 2986 3928 καὶ
3042 3873 3101 3926 τὸ
3141 3873 3415 3943 ἠργμένον
3450 3873 3586 3942 πρὸς
3616 3873 3675 3925 τὸ

2093 3972 2331 4042 ἄναρχον
2354 3971 2448 4022 καὶ
2488 3968 2548 4021 τὸ
2579 3965 2830 4038 χρονικδν
2856 3962 2993 4034 πρὸς
3021 3963 3083 4014 τὸ
3116 3962 3367 4032 ἄχρονον,
3403 3965 3498 4015 καὶ
3539 3963 3675 4032 πρὸς

2094 4065 2156 4115 τὸ
2188 4060 2616 4132 πεπερασμένον
2645 4056 2705 4108 τὸ
2733 4056 2983 4124 ἄπειρον.
3008 4053 3133 4106 Ὀτι
3161 4052 3260 4122 μὲν
3281 4052 3389 4123 γὰρ
3410 4052 3471 4104 τὸ
3496 4051 3672 4122 φθαρ-

2093 4155 2185 4207 τὸν
2206 4154 2364 4207 τοῦτο
2378 4152 2522 4206 κατά
2538 4149 2788 4210 τδνξθεῖον
2820 4145 2957 4198 ’Λπό
2970 4144 3677 4217 στολονξὲνδύσεταιξάφθαρ-

2099 4249 2242 4311 σίαν,
2271 4244 2590 4315 ἠκούσαμέν
2619 4261 2679 4297 τε
2730 4244 2821 4296 καὶ
2849 4243 3302 4311 πεπιστεύκαμεν
3327 4259 3340 4273 ³
3370 4242 3430 4294 τὸ
3460 4242 3518 4295 δὲ
3555 4258 3676 4295 κτι-

2094 4338 2221 4391 στδν
2247 4335 2502 4403 γενέσθαι
2534 4336 2792 4391 ἀκτιστον
2843 4336 2876 4405 ἢ
2916 4337 2978 4389 τὸ
3011 4337 3171 4405 σῶμα
3203 4335 3501 4404 ἀσώματον
3525 4332 3676 4386 οὐπω

2095 4432 2153 4493 ἐς
2174 4426 2333 4497 δεῦρο
2361 4424 2488 4480 οὔτε
2548 4445 2604 4480 τι
2661 4427 2770 4480 τῶν
2806 4429 3045 4497 λογικῶν
3098 4426 3254 4491 ζώων
3308 4425 3533 4496 εἴρηκεν
3563 4424 3675 4479 οὐτ’

2100 4523 2340 4591 ἀκήκοεν
2393 4520 2551 4574 οὐδὲν
2606 4520 2845 4590 οὐδαμῆ,
2880 4520 3003 4574 οὔτε
3059 4520 3315 4586 καθάπαξ
3361 4521 3539 4573 εἰπεῖν
3567 4521 3675 4573 τῶν

2023 4623 2073 4683 ι)
2100 4614 2359 4669 ἁπάντων
2375 4612 2693 4681 κτισμάτων
2715 4612 2869 4665 οἰδὲν
2895 4612 3108 4681 οὐδαμῆ
3134 4630 3221 4665 πω
3237 4612 3511 4683 νενόηκεν.
3536 4611 3674 4666 Οὔτε

2240 4704 2349 4757 οὐδ’
2380 4701 2447 4756 αὖ
2476 4705 2536 4754 τὸ
2581 4704 2839 4758 ἄκτιστόν
2892 4721 2951 4755 τε
3010 4706 3104 4757 καὶ
3138 4706 3363 4775 ἄπειρον
3392 4703 3515 4758 οὔτε
3549 4704 3674 4759 κατ’

2098 4800 2287 4851 οὐδένα
2328 4798 2485 4865 λᾶγον
2540 4795 2662 4848 οὐτε
2721 4795 2841 4849 κατ’
2872 4796 3062 4848 οὐδένα
3112 4797 3336 4868 τρόπον.
3365 4798 3676 4868 ἐπιδέχεται

2097 4890 2198 4961 τὴν
2225 4888 2546 4956 οἱανδήποτε
2571 4886 2792 4955 κίνησιν
2816 4887 2909 4939 καὶ
2934 4887 3141 4959 τροπὴν
3169 4891 3249 4952 είς
3275 4891 3335 4943 το
3360 4891 3672 4960 ὑφειμένον,

2097 4984 2198 5033 οὐκ
2238 4980 2361 5049 ἔχον
2391 4978 2504 5032 οὐθ’
2530 4979 2676 5041 ὅπως
2710 4983 3054 5051 τραπήσεται
3084 4980 3199 5033 οὐθ’
3228 4984 3364 5035 ὅπου
3392 4985 3677 5054 κινηθήσε-

2099 5087 2224 5125 ται·
2261 5071 2440 5141 τροπὴ
2470 5071 2577 5141 γὰρ
2612 5068 2707 5123 τοῦ
2740 5076 2883 5124 κατά
2921 5072 3082 5141 φύσιν
3112 5075 3363 5144 ἀπείρου,
3410 5076 3673 5129 κινεῖσθαι

2104 5166 2179 5234 μὴ
2213 5165 2546 5232 πεφυκότος,
2583 5162 2639 5235 [ἦ
2667 5164 2736 5233 τί
2762 5164 3051 5227 ἀλλοίωσις
3075 5164 3165 5219 καὶ
3188 5166 3454 5237 διαίρεσις
3483 5170 3566 5238 εἴη
3590 5170 3671 5236 ἂν,

2099 5257 2239 5327 ὅπερ
2275 5257 2539 5309 ἀδύνατον
2560 5273 2571 5285 ·
2612 5257 2763 5308 πᾶσι
2783 5259 2912 5327 γὰρ,
2940 5257 2968 5309 ὁ
3013 5257 3153 5319 θεῖος
3183 5257 3352 5328 ἔφησε
3400 5261 3673 5330 Μάξιμος,

2100 5348 2262 5416 φύσις
2293 5346 2370 5417 τῷ
2397 5346 2586 5417 οἰκείῳ
2617 5346 2762 5417 λόγῳ
2791 5347 2879 5400 διὰ
2930 5347 3133 5408 παντὸς
3188 5350 3303 5419 ἔχει
3345 5350 3406 5404 τὸ
3442 5354 3671 5418 τέλειον,

2098 5442 2264 5510 νοητή
2295 5458 2352 5492 τε
2388 5443 2484 5495 καὶ
2512 5439 2771 5510 αἰσθητὴ,
2827 5440 2925 5493 εἴτ’
2962 5441 3055 5494 οὖν
3090 5443 3236 5514 ἀπλῆ
3275 5462 3334 5499 τε
3371 5448 3464 5500 καὶ
3492 5445 3677 5501 σύνθε-

2099 5548 2190 5594 τος
2215 5547 2230 5564 .
2266 5526 2340 5585 ὧν
2375 5532 2482 5602 γὰρ
2511 5533 2560 5583 οἱ
2588 5530 2737 5597 λόγοι
2796 5532 2947 5601 παρὰ
2993 5532 3228 5605 τῴ,Θεῷ
3261 5537 3376 5604 ἅμα
3412 5539 3488 5607 τῷ
3536 5536 3675 5594 εἶναι

2099 5624 2162 5676 τὸ
2195 5623 2401 5675 τέλειον
2435 5622 2611 5693 ἔσχον,
2641 5623 2848 5676 τούτων
2882 5626 2913 5693 ἡ
2945 5627 3091 5678 κατὰ
3121 5629 3247 5692 τοὺς
3296 5633 3535 5695 οἰκείους
3584 5635 3674 5688 λό-

2099 5732 2230 5782 γους
2257 5716 2565 5785 παραγωγὴ
2597 5719 2691 5768 καὶ
2724 5717 2989 5779 οὐσὲωσις
3024 5720 3347 5793 προσθήκης
3372 5725 3556 5795 πάσης
3584 5730 3673 5780 καὶ

2103 5807 2392 5875 ἐλλείψεως
2454 5808 2555 5875 τῆς
2595 5808 2731 5878 πρὸς
2762 5809 2821 5861 τὸ
2854 5805 3016 5875 εἶναι,
3050 5807 3193 5884 ᾗπερ
3223 5814 3350 5866 ὄντα
3387 5819 3670 5887 τυγχάνει.

2104 5900 2381 5964 παντελῶς
2410 5900 2559 5957 ἐστιν
2589 5903 2956 5966 ἀνεπίδεκτος.
2989 5905 3045 5958 ΕΞ
3069 5906 3122 5959 δέ
3154 5906 3253 5960 πού
3282 5926 3362 5972 τις
3393 5910 3672 5976 illatua;
