4016 6464
275 420 382 483 υς)

1202 423 1647 484 ΒῩΖΑΝΊῚΝΕ
1694 426 2081 484 ΙΗΞῚὈΗΗΞ
2120 423 2271 483 LIB.
2316 419 2584 481 XXXIV.

3450 413 3558 478 410

275 538 490 608 γένοιτό
546 553 643 605 πη,
700 537 758 589 οὐ
797 538 980 606 μέντοι
1023 540 1150 609 περὶ
1182 544 1271 592 τὸν
1329 540 1430 605 τῆς
1460 541 1697 606 φύσεως,
1725 539 1861 592 ἀλλὰ

1987 537 2288 592 simulavit.
2332 534 2513 605 Atque
2561 531 2899 604 Babylonius
2931 530 3025 585 ille
3065 530 3313 584 caminus
3351 536 3557 584 sanens

278 629 407 699 περὶ
429 626 526 681 τὸν
557 623 650 679 τοῦ
690 626 1077 694 ἀλλοιουμένου
1123 628 1335 694 γίνεται
1371 629 1702 697 πράγματος
1736 629 1865 698 τρό-

276 739 403 775 πον.
473 722 533 775 Ὀ
596 719 695 790 μὲν
752 721 863 787 γὰρ
906 722 1064 787 λόγος
1127 723 1611 793 μεθαρμοζόμενος
1652 722 1862 792 φθορὰν

276 811 479 865 αὐτίκα
507 809 736 881 παρέχει
769 813 835 881 τῇ
866 811 1050 877 φύσει.
1086 813 1114 864 6
1146 812 1202 866 δὲ
1234 811 1436 874 τρόπος
1476 812 1623 865 τοῦθ’
1652 811 1862 880 ὑπομέ-

275 920 383 954 νων
416 901 820 969 θαυματοποιοῦ
852 903 1137 969 δυνάμεως
1175 902 1407 969 ἔνδειξιν
1430 903 1546 974 ἔχει
1573 920 1587 936 ⁸
1615 904 1709 957 τοῦ
1750 906 1861 973 γὰρ

275 995 579 1059 Αἰγυπτίου
612 994 808 1047 Νείλου
853 996 912 1046 τὸ
940 993 1086 1064 ὕδωρ
1115 994 1240 1062 ὄψιν
1275 995 1373 1062 μὲν
1409 996 1507 1047 καὶ
1538 994 1727 1063 γεῦσιν
1753 998 1863 1050 πά-

1971 630 2164 702 pueris
2205 629 2317 684 vim
2362 642 2519 684 suam
2566 626 2953 679 vehementem
2997 622 3348 685 immutavit,
3387 621 3553 692 462

1968 723 2231 794 quoniam
2270 724 2450 776 virtus
2490 734 2601 773 non
2634 717 2796 773 facile
2831 716 3095 771 damnum
3130 715 3379 784 recipere
3425 729 3556 783 pos-

1966 819 2061 872 sit.
2092 814 2414 885 Proprietas
2445 812 2590 867 lucis
2622 822 2678 867 et
2713 811 2859 883 ignis
2903 818 2959 865 et
3013 818 3233 863 naturae
3282 808 3369 860 vis
3413 820 3558 875 prte-

1965 907 2177 962 cellens
2212 915 2420 960 mutata
2456 919 2565 957 non
2597 912 2705 958 est.
2755 902 2892 956 Nam
2939 899 3261 971 Babyloniis
3305 897 3359 952 id
3408 897 3560 966 quod

1966 1000 2273 1055 secundum
2320 1008 2575 1052 naturam
2624 996 2742 1050 urit
2791 994 3080 1058 ostendit,
3127 993 3338 1063 quippe
3389 990 3483 1059 qui
3529 1006 3561 1044 a

275 1086 305 1137 λ
353 1106 369 1138 ι
423 1088 930 1157 μεταμεμόρφωται
984 1087 1080 1140 καὶ
1126 1086 1418 1156 ἠλλοίωται
1452 1088 1591 1157 πρὸς
1630 1091 1866 1157 αἵματος

1987 1102 2155 1146 latura
2180 1091 2247 1145 ad
2277 1090 2585 1145 sensualem
2619 1087 3034 1157 Conceptionem
3063 1083 3193 1140 facti
3221 1091 3407 1138 essent
3434 1096 3561 1152 pro-

278 1181 477 1249 χρῶμα
509 1183 599 1235 καὶ
624 1181 841 1253 ἀηδίαν.
868 1183 967 1253 τήν
996 1198 1057 1251 γε
1093 1181 1200 1251 μὴν
1231 1183 1405 1253 ὑγράν
1429 1200 1489 1235 τε
1507 1186 1602 1237 καὶ
1629 1184 1859 1256 ῥέουσαν

1972 1198 2098 1259 pter
2129 1187 2422 1258 pravitatis
2453 1185 2767 1241 materiam.

277 1272 476 1339 ἥκιστα
534 1272 769 1343 ἤρνηται
825 1275 1023 1344 φύσιψ
1083 1277 1236 1347 καὶὴ
1273 1275 1620 1339 Βαϐυλώνιος
1673 1275 1861 1347 ἐκείνη
1901 1277 2136 1349 κάμινος
2166 1281 2280 1343 τοῖς
2324 1278 2425 1349 μὲν
2454 1278 2627 1340 ὁσίοις
2686 1275 2847 1329 πριιισῆ¹
2885 1275 2986 1346 τὴν
3044 1272 3393 1343 ἀναλωτικὴν
3421 1270 3561 1343 μεθ-

284 1367 552 1434 ήρμθσται
586 1366 837 1436 δύναμιν,
867 1369 966 1422 οὐκ
1017 1371 1248 1443 ἐχούσης
1314 1370 1416 1440 τῆς
1449 1372 1652 1443 ἀρετῆς
1723 1370 1933 1443 φθορὰν
1973 1374 2331 1445 ἀναδέχεσθαι
2366 1376 2542 1447 ῥᾷστα
2567 1374 2665 1426 καὶ
2694 1371 2973 1436 ὁπωσοῦν,
3002 1371 3065 1423 τὸ
3092 1370 3274 1441 μέντοι
3298 1368 3562 1437 φωτεινόν

281 1476 338 1512 τε
376 1462 472 1513 καὶ
510 1462 752 1531 πυρῶδες
794 1458 926 1532 ἦθος
958 1465 1053 1518 καὶ
1088 1469 1148 1517 τὸ
1180 1465 1283 1534 τῆς
1312 1465 1532 1534 φύσεως
1580 1469 1866 1541 ἀνωφερὲς
1904 1468 1966 1522 οὗ
2005 1470 2362 1540 μεθήρμοστο
2386 1487 2400 1500 ·
2457 1470 2573 1531 τοῖς
2611 1469 2721 1537 γὰρ
2776 1464 3141 1528 Βαϐυλωνίοις
3182 1464 3242 1518 τὸ
3277 1462 3419 1517 κατὰ
3457 1462 3563 1531 φύ-

284 1570 370 1605 σιν
395 1551 563 1618 ἔδειξε
612 1554 927 1619 καυστικὸν,
965 1556 1126 1623 φύσει
1176 1556 1449 1620 δεκτικοῖς
1483 1559 1734 1627 γεγονόσι
1769 1559 1858 1613 διὰ
1891 1560 1949 1614 τὸ
1982 1562 2083 1629 τῆς
2118 1559 2321 1624 κακίας
2350 1558 2576 1621 ὑλῶδες.

355 1647 455 1700 ιιν.
489 1648 597 1701 Καὶ
622 1646 709 1700 ἵνα
741 1647 882 1701 κατὰ
912 1649 1064 1719 ῥῆμα
1090 1649 1159 1703 τὰ
1196 1650 1306 1702 τῶν
1346 1652 1740 1721 Είκονομάχων
1782 1653 1866 1717 είς

284 1737 452 1805 μέσον
490 1739 941 1807 προενεγκόντες.
968 1741 1198 1801 καὶτοῖς
1231 1740 1328 1793 τοῦ
1363 1741 1513 1795 Παλα
1525 1744 1603 1811 μᾶ
1630 1743 1866 1813 παρεξε-

2042 1652 2188 1707 Xlll.
2230 1652 2411 1723 Atque
2460 1659 2521 1706 ut
2562 1648 3060 1706 lconomachorum
3112 1649 3279 1704 dictis
3319 1650 3386 1703 ad
3436 1663 3565 1704 ver.

1972 1745 2106 1800 bum
2139 1746 2196 1800 in
2230 1745 2473 1799 medium
2506 1745 2740 1814 prolatis
2774 1751 2832 1797 et
2876 1759 3001 1797 cum
3052 1742 3281 1799 Palama
3331 1756 3563 1811 compa-

277 1834 569 1893 τὲσαντες,
600 1830 864 1899 δείξωμεν
916 1830 991 1893 ὡς
1023 1832 1078 1894 ἐς
1108 1832 1167 1883 τὸ
1222 1831 1370 1884 πάνυ
1406 1849 1461 1884 τι
1512 1833 1743 1904 ἀκριϐὲς
1769 1835 1864 1887 καὶ

1987 1839 2111 1894 ratis
2142 1837 2502 1892 ostendamus
2529 1851 2657 1891 eum
2691 1836 2856 1906 plane
2889 1850 3015 1890 cum
3051 1838 3132 1890 eis
3167 1840 3521 1893 cusensisse
3543 1873 3558 1899 ,

281 1925 469 1985 αὐτοῖς
499 1927 905 1993 συμπεφώνηκε
942 1923 1062 1992 μὲν,
1103 1925 1395 1996 παρήλασε
1423 1929 1471 1981 δ’
1500 1923 1616 1993 οὖν,
1641 1928 1705 1981 τὸ
1739 1928 1871 1999 παρ’

284 2013 482 2068 ἑαυτοῦ
530 2013 967 2085 συγκεκραγὼς,
1005 2011 1326 2081 ὡςέἴωθεν,
1368 2019 1462 2072 ὲπὶ
1492 2021 1562 2072 τὰ
1611 2021 1870 2089 αἴσχιστα

288 2107 438 2176 μάλα
472 2108 776 2176 φιλότιμον,
804 2106 1033 2160 ἀκούετε
1083 2108 1170 2179 δή.
1199 2109 1355 2162 Μετά
1388 2111 1500 2181 γάρ
1536 2111 1736 2172 πολλὰς
1772 2115 1873 2164 κὰ-

285 2203 453 2253 κείνοι
474 2200 570 2263 τὰς
585 2199 750 2263 ἄλλας
779 2200 958 2253 αὐτῶν
978 2200 1340 2272 βλασφημίαις
1356 2205 1449 2256 καὶ
1477 2205 1602 2259 τάδε
1631 2205 1871 2275 βεϐλασ-

286 2294 640 2363 φημήκεσαν.
679 2294 769 2346 Ἐν
835 2294 1147 2366 ἀνθρώποις
1196 2296 1299 2361 ἔτι,
1332 2303 1490 2366 φασὶ,
1530 2298 1795 2368 βιοτεύων
1845 2302 1873 2352 6

286 2388 423 2449 Θεὲς
474 2387 665 2453 Λόγος,
722 2388 834 2446 τοῖς
891 2388 1170 2459 ἐκκρίτοις
1217 2389 1327 2443 τῶν
1358 2390 1554 2443 ἑαυτοῦ
1613 2391 1722 2461 μαθ
1764 2393 1873 2445 τῶν

286 2493 319 2527 τ
339 2477 913 2549 ροαρραϐωνιζόμενος
941 2480 1040 2550 τὴν
1070 2480 1202 2533 θέαν
1233 2481 1335 2551 τῆς
1368 2483 1538 2539 αὐτοῦ
1567 2481 1870 2552 βασιλείας,

292 2569 613 2637 μεταϐαλὼν
644 2571 743 2640 τὴν
771 2571 865 2625 τοῦ
921 2572 1109 2626 δούλου
1168 2576 1390 2645 μορφὴν
1443 2577 1537 2629 ἐπὶ
1568 2577 1663 2630 τοῦ
1687 2579 1873 2649 ὅρους,

290 2663 434 2734 ὑπὲρ
468 2662 565 2731 τὴν
595 2664 940 2733 ἀνθρωπείαν
972 2666 1134 2734 φύσιν
1191 2669 1261 2719 ἐπ
1288 2669 1585 2731 δέδεικται,
1627 2668 1771 2722 ὥστε
1812 2670 1876 2722 τὸ

294 2756 395 2823 μὲν
432 2760 721 2826 πρόσωπον
755 2758 922 2810 αὑτοῦ
952 2759 1317 2829 ἀπήστραψεν
1340 2761 1416 2822 ὡς
1445 2761 1472 2812 ὁ
1504 2760 1680 2831 ἣλιος,
1723 2762 1789 2815 τὰ
1819 2763 1874 2815 δὲ
1922 2764 1939 2771 ”

294 2850 486 2920 ἱμάτια
516 2850 682 2904 αὐτοῦ
708 2850 782 2913 ὡς
816 2850 876 2905 τὲ
910 2852 1045 2919 φῶς.
1080 2851 1144 2923 [Γ.
1179 2853 1279 2907 ‘2“
1325 2852 1381 2925 ὁ]
1421 2851 1483 2906 Ei
1508 2855 1565 2907 δὲ
1597 2855 1717 2907 τότε
1749 2857 1780 2925 ἡ
1819 2857 1876 2907 ἐν

292 2945 460 3015 σαρκὶ
488 2944 653 2998 αὐτοῦ
686 2944 867 3013 μορφὴ
898 2943 1174 3015 τοσαύτης
1218 2944 1379 3015 ἔλαχε
1423 2946 1712 3013 δανάμεως
1741 2948 1879 3018 πρὸς

288 3039 395 3106 τῆς
420 3034 736 3106 ὲνοικούσης
766 3038 822 3087 ἐν
853 3037 1009 3106 ,αὐτῇ
1040 3035 1295 3107 θεότητος
1344 3037 1771 3108 μεταϐληθεῖσα,
1824 3021 1905 3091 τί’

288 3130 402 3201 χρὴ
424 3128 607 3197 λέγειν
641 3129 779 3198 μετά
800 3129 896 3199 τὴν
922 3131 1223 3183 ἀνάστασιν
1258 3132 1351 3181 καὶ
1381 3129 1482 3201 τὴν
1504 3132 1583 3192 εἰς
1611 3132 1880 3203 οὐρανοὺς

1975 1932 2087 1987 imo
2112 1946 2207 1987 eos
2230 1945 2546 2000 superasse,
2572 1928 2898 1995 commistis,
2930 1936 2988 1982 ut
3012 1927 3246 1991 solebat,
3275 1941 3401 1981 cum
3441 1935 3563 1979 tur-

1974 2026 2222 2098 pissimis
2251 2025 2542 2088 honestis,
2574 2024 2686 2095 jam
2719 2023 2963 2078 audiatis
2997 2022 3188 2077 velim.
3240 2019 3369 2075 Post
3411 2020 3559 2074 enim

1974 2120 2177 2174 multas
2255 2118 2334 2171 illi
2413 2116 2787 2185 blasphemias
2845 2115 2947 2169 bas
3011 2127 3233 2183 quoque
3303 2110 3568 2182 profnie-

1977 2220 2106 2265 runt
2128 2228 2140 2264 :
2160 2210 2310 2264 lnter
2330 2209 2610 2272 homines,
2632 2208 2912 2274 inquiunt,
2934 2221 3059 2261 cum
3082 2205 3295 2260 viveret
3314 2203 3566 2259 divinum

1978 2298 2663 2369 Verbum,discipulorum
2695 2297 2889 2352 electis
2919 2296 3449 2365 contemplationem
3483 2310 3570 2349 re-

1975 2391 2065 2461 gni
2096 2390 2190 2445 sui'
2217 2399 2641 2460 antecepturus,
2690 2398 2897 2443 mutata
2931 2388 3073 2443 servi
3101 2388 3274 2443 forma
3301 2389 3354 2440 in
3381 2397 3568 2443 monte

1977 2500 2145 2553 supra
2194 2483 2484 2537 hominum
2537 2490 2797 2537 naturam
2854 2482 3114 2552 apparuit
3170 2482 3246 2536 ita
3288 2490 3348 2534 ιιι
3398 2480 3569 2535 facies

1977 2579 2099 2645 ejus
2120 2578 2590 2632 lucememitterct
2610 2586 2669 2631 ut
2689 2578 2796 2641 sol,
2816 2585 3002 2631 vestes
3028 2586 3213 2631 autem
3230 2576 3349 2639 ejus
3372 2581 3433 2627 ut
3450 2574 3565 2628 lux.

1984 2669 2038 2724 Si
2075 2685 2205 2725 vero
2237 2680 2352 2725 tum
2400 2685 2604 2724 carnea
2631 2670 2755 2738 ejus
2784 2667 2960 2723 forma
2989 2676 3199 2721 tantum
3254 2667 3361 2719 vim
3408 2673 3569 2719 nacta

1982 2772 2124 2824 erat,
2148 2763 2355 2833 quippe
2380 2763 2671 2817 immutata
2696 2763 2751 2815 in
2778 2777 2897 2816 eam
2927 2777 3051 2832 quae
3077 2763 3257 2815 inerat
3279 2759 3570 2822 deitatem,

1981 2856 2115 2925 quid
2149 2871 2290 2925 opus
2325 2864 2412 2909 est
2442 2855 2631 2909 dicere
2660 2855 2727 2909 ad
2761 2853 3231 2909 resurrcCtionem
3266 2861 3319 2904 et
3354 2853 3411 2905 in
3460 2864 3574 2906 cae-

1981 2947 2064 3001 los
2082 2947 2469 3002 ascensionem
2502 2957 2557 3000 et
2587 2947 2655 3000 ad
2687 2946 2976 2999 dexteram
3008 2943 3187 2998 Patris
3220 2944 3526 2998 sessionem
3554 2981 3572 3007 ,

1982 3040 2131 3110 quod
2162 3042 2392 3095 omnino
2425 3040 2607 3094 omnis
2636 3048 2721 3092 est
2752 3039 3042 3092 immutata
3073 3037 3129 3091 in
3160 3036 3352 3090 lucem
3388 3033 3573 3088 infanv

1985 3133 2111 3189 dam
2142 3143 2199 3189 et
2242 3130 2732 3203 inexplicabilem?
2771 3146 2895 3184 nam
2931 3136 3241 3199 permutata
3271 3136 3358 3183 est
3390 3137 3443 3183 et
3473 3127 3579 3181 im-

290 3224 481 3279 ἇνσδον
513 3226 609 3277 καὶ
639 3224 735 3294 τὴν
763 3225 827 3276 ἐκ
855 3224 1049 3288 δεξιῶν
1083 3225 1178 3277 τοῦ
1209 3225 1423 3294 Πατρός
1454 3225 1687 3296 ἵδρυσιν,
1720 3226 1800 3281 ὅτ’
1829 3225 1880 3292 ἐξ

1996 3227 2352 3281 mortalitatis
2387 3226 2564 3296 gloria
2583 3232 2798 3291 ornata,
2846 3234 2903 3278 et
2954 3223 3097 3278 facta
3144 3233 3230 3277 est
3264 3221 3575 3277 increatum

290 3319 432 3370 ὅλων
465 3318 557 3386 ὅλη
596 3316 997 3387 μεταϐέϐληται
1029 3318 1120 3370 ἐπὶ
1153 3317 1268 3385 φῶς
1310 3317 1550 3387 ἄρρητον
1590 3319 1685 3372 καὶ
1715 3318 1881 3372 ἀνεκο

1989 3328 2047 3374 et
2077 3318 2528 3395 incorruptibile.

296 3417 589 3484 διήγητον;
653 3398 1160 3483 μεταμεμόροξςωται
1214 3413 1345 3484 γὰρ,
1398 3415 1491 3467 καὶ
1541 3415 2006 3483 ἀπηθανόιτισται,
2037 3415 2132 3467 καὶ
2164 3396 2638 3483 ἄ’κτιστον”γέγονε
2671 3412 2766 3466 καὶ
2800 3412 3101 3479 ἄφθαρτον.

371 3509 467 3564 1Δ’.
520 3508 821 3575 Ἀκηκὸατε
852 3509 949 3577 τὴν
976 3506 1069 3559 ἐπὶ
1091 3505 1250 3574 κακῷ
1294 3507 1599 3579 συμφωνὴν
1634 3508 1727 3561 τοῦ
1764 3509 1877 3561 Πα-

290 3605 448 3672 λαμᾶ
478 3603 604 3672 περί
640 3619 697 3655 τε
752 3599 847 3653 τοῦ
879 3602 935 3653 ὲν
970 3599 1240 3670 Θαϐωρίῳ
1295 3599 1494 3668 φωτὸς,
1522 3601 1602 3652 ὅτι
1631 3617 1877 3670 μεταμε-

296 3697 585 3766 μόρφωται
644 3694 780 3765 πρὸς
806 3694 868 3746 τὸ
905 3694 1162 3746 ἄκτιστον
1196 3694 1259 3743 ὲκ
1292 3693 1384 3745 τοῦ
1423 3693 1747 3759 κτίσματος,
1784 3693 1878 3745 καὶ⁴

290 3791 378 3841 ὅτι
404 3786 665 3858 ἀρραϐὼν
694 3783 789 3836 τοῦ
820 3783 1109 3854 μέλλοντος
1142 3783 1345 3836 οὑτωσὶ
1374 3782 1556 3852 φωτὸς
1607 3783 1875 3849 ἐγεγόνει.

292 3877 520 3946 Γνοίητε
554 3875 598 3927 δ’
631 3874 696 3928 ἂν
726 3873 1125 3943 ἀκριϐέστερον
1184 3873 1279 3926 καί
1303 3873 1428 3926 ὅσον
1455 3873 1515 3925 τὸ
1543 3875 1643 3941 τῆς
1678 3874 1879 3936 κακίας

290 3968 527 4038 ταυτησὶ
578 3966 830 4036 μέγεθος,
896 3964 1121 4018 ἐπειδὰν
1177 3962 1275 4017 καὶ
1339 3965 1468 4027 τοὺς
1518 3962 1644 4017 κατ’
1710 3963 1882 4033 αὐτῆς

294 4060 554 4132 ἐλέγχους
588 4060 679 4130 ὑφ’
730 4059 886 4129 ἡμῶν
944 4056 1271 4128 ὲκτεθέντςις
1328 4055 1623 4127 ἀκούσητε,
1663 4056 1886 4119 ὁποίους

294 4157 395 4210 καὶ
417 4159 572 4217 ὅσους
606 4156 655 4206 οἱ
684 4153 804 4207 τότε
862 4153 1017 4219 σοφοὶ
1082 4151 1182 4220 τῆς
1210 4150 1306 4203 τοῦ
1350 4150 1489 4203 Θεοῦ
1550 4150 1884 4219 Ἐκκλησίας

294 4249 625 4318 προστάται,
660 4247 840 4315 λόγοις
879 4247 999 4315 ἅμα
1033 4245 1129 4298 καὶ
1170 4244 1352 4315 ἔργοις
1389 4243 1723 4316 ἐρρωμένως
1758 4244 1884 4312 ἐνη-

296 4344 585 4413 θληκότες.
616 4338 1028 4412 συνεγράψαντό
1066 4356 1126 4392 τε
1158 4342 1252 4392 καὶ
1286 4340 1418 4409 ἡμῖν
1445 4340 1560 4402 τοῖς
1598 4338 1715 4405 μετ’
1740 4337 1886 4390 ὲκεί-

298 4456 423 4500 νους
462 4435 597 4490 ἰοῦσι
624 4434 942 4504 συμμαχίας
994 4431 1551 4504 προεμνηστεύσαντο
1581 4437 1883 4506 κρατίστης

298 4532 623 4602 ὑπόμνημα.
650 4526 961 4598 Προῄδεσαν
991 4525 1100 4597 γὰρ
1130 4528 1350 4587 ἐκεῖνοι,
1380 4526 1458 4596 τῷ
1492 4527 1621 4597 θείῳ
1650 4528 1883 4595 φωτιζό-

2058 3507 2223 3579 463
2257 3507 2397 3573 XIV.
2432 3507 2629 3562 Nonne
2684 3506 2918 3561 audistis
2971 3503 3283 3574 improbam
3336 3499 3579 3557 Palama:

1986 3603 2411 3658 consensionem
2442 3602 2510 3656 de
2542 3601 2667 3655 luce
2696 3600 2751 3654 in
2780 3599 3026 3663 Titabor,
3052 3605 3428 3669 permutatam
3457 3611 3578 3650 eam

1984 3711 2108 3750 esse
2154 3697 2204 3749 in
2262 3694 2566 3749 iacreatum
2601 3709 2669 3748 ex
2719 3701 2930 3759 creato,
2956 3702 3011 3747 et
3066 3692 3268 3745 futura:
3306 3690 3444 3746 lucis
3494 3690 3582 3759 pi-

1983 3804 2124 3861 gnus
2150 3788 2347 3842 factam
2374 3789 2399 3841 ?
2452 3786 2799 3856 cognoscetis
2842 3795 3023 3839 autem
3055 3783 3376 3838 accuratius
3410 3784 3582 3853 hujus

1980 3880 2353 3952 improbitatis
2397 3879 2832 3954 magnitudinem
2854 3919 2871 3942 ,
2904 3893 3028 3932 cum
3076 3876 3324 3946 ejusdem
3356 3889 3582 3931 accusa-

1985 3975 2168 4029 tiones
2227 3989 2256 4028 a
2312 3973 2476 4027 nobis
2537 3974 2819 4041 expositas
2890 3968 3212 4031 audieritis,
3279 3968 3473 4037 quales
3521 3973 3579 4020 et

1986 4081 2151 4135 quam
2196 4064 2349 4118 docti
2400 4064 2553 4117 illius
2604 4061 2876 4131 temporis
2916 4060 3200 4114 antistites
3246 4058 3451 4113 divina:
3478 4057 3583 4113 Ec-

1992 4158 2179 4212 clesia:
2228 4167 2286 4211 et
2327 4157 2497 4211 dictis
2538 4166 2595 4210 et
2643 4155 2804 4209 factis
2845 4153 3067 4208 fovtitcr
3111 4160 3423 4223 pugnantes
3452 4165 3583 4203 con-

1992 4250 2321 4319 scripserint
2368 4258 2424 4303 et
2473 4248 2639 4303 nobis
2689 4262 2815 4302 cum
2871 4247 2981 4303 illis
3046 4246 3469 4331 conferenttbps
3508 4244 3578 4299 ad

1993 4342 2366 4397 firmissimam
2413 4340 2694 4413 pugnandi
2741 4341 3068 4395 societatem
3104 4339 3576 4395 commentarium

1992 4437 2332 4506 paraverint.
2352 4433 3012 4504 Praecognoveruntcnim
3040 4432 3117 4487 illi
3148 4432 3339 4487 divino
3367 4431 3579 4502 Spiritu

1993 4529 2288 4585 illuminati
2345 4529 2400 4583 in
2433 4540 2681 4599 tempore
2736 4528 2934 4581 ordine
2991 4525 3386 4583 iconomachiae
3439 4525 3585 4580 hanc

304 4643 459 4698 μενοι
514 4623 814 4694 Πνεύματι,
854 4624 955 4691 τὴν
1010 4622 1066 4675 ὲν
1104 4620 1182 4693 τῷ
1234 4620 1379 4674 τέλει
1406 4621 1515 4674 τῶν
1540 4622 1756 4675 αἰώνων
1784 4620 1880 4690 τῆς

1994 4621 2469 4678 resuscitationem
2514 4636 2679 4691 quam
2762 4619 3009 4675 Palamas
3078 4618 3272 4690 genuit
3313 4617 3571 4687 protulit-

300 4716 689 4789 εἰκονομαχίας
745 4715 1046 4769 ἀναϐίωσιν
1096 4714 1347 4783 ταυτηνὶ,
1378 4714 1444 4783 ἣν
1478 4713 1745 4785 Παλαμᾶς
1789 4715 1889 4785 μὲν

299 4814 532 4882 ὠδίνησέ
566 4828 627 4864 τε
669 4809 765 4863 καὶ
822 4809 1031 4869 ἔτεκεν,
1074 4807 1132 4860 αἱ
1162 4807 1218 4858 δὲ
1248 4805 1555 4877 τηνικαῦτα
1597 4806 1890 4876 ἡγεμονίαι

300 4909 400 4963 καὶ
435 4906 677 4971 ἐξουσίαι
705 4903 796 4957 τοῦ
836 4902 1106 4971 παρόντος
1158 4900 1354 4963 αἰῶνος
1388 4900 1487 4953 καὶ
1540 4901 1767 4963 σκότους
1798 4900 1891 4955 ἐπὶ

302 5001 529 5070 πονήρῳ
557 4998 665 5049 τῶν
719 4995 963 5064 πατρίων
998 4993 1285 5062 δογμάτων
1321 4993 1420 5061 τῆς
1455 4991 1548 5044 τοῦ
1579 4992 1715 5044 Θεοῦ
1769 4993 1890 5046 Ἐκ.

301 5094 533 5164 πλησίας
600 5089 952 5159 ἀνειληφυίας
1010 5085 1200 5146 κακῶς
1258 5083 1623 5157 ὲμαιεύσπιντό
1681 5102 1738 5138 τε
1795 5085 1893 5139 καὶ

302 5184 625 5254 ὲξέθρεψιν.
669 5176 769 5234 Ὦν
811 5174 893 5243 εἷς
956 5176 1291 5250 προϐληθεὶς
1342 5176 1438 5229 ἐπὶ
1491 5176 1586 5229 τοῦ
1620 5176 1891 5247 παρόντος

304 5279 531 5350 ἀρκέσει
559 5276 867 5347 κάμνοντας
896 5273 1040 5342 ἡμᾶς
1061 5270 1401 5341 ἀναρρῶσαι,
1425 5267 1522 5323 καὶ
1543 5269 1659 5339 ἅμα
1688 5267 1892 5330 ἱκανῶς

208 5386 216 5392 ·
303 5376 362 5427 ἐν
396 5372 590 5441 βραχεῖ
657 5366 1013 5438 παραστῆσαι
1067 5365 1130 5417 τὸ
1184 5364 1283 5433 τῆς
1330 5363 1534 5426 κακίας
1589 5360 1892 5431 νεμόμενον

305 5471 476 5525 ἅπαν.
502 5467 666 5538 μέχρι
690 5463 857 5516 πόσου
889 5459 988 5530 μὲν
1015 5458 1247 5519 ἀτοπίας
1269 5457 1523 5525 ἐξώκειλε
1547 5456 1690 5512 τότε.
1727 5454 1891 5527 μέχρι.

306 5561 477 5614 πόσου
507 5558 564 5611 δὲ
590 5556 683 5610 νῦν
712 5557 1055 5626 προήνεγκεν
1092 5551 1345 5623 ηὑξηκὼς
1396 5550 1687 5620 Παλαμᾶξ,
1722 5567 1893 5619 προσ-

304 5651 488 5707 λαϐὼν
521 5650 618 5721 μὶν
647 5649 743 5711 τὰς
776 5646 984 5701 ἐκεῖθεν
1014 5644 1331 5715 εὑρημένας
1369 5644 1546 5713 ῥίζας,
1589 5645 1685 5715 καὶ
1728 5659 1896 5712 προσ..

306 5741 623 5813 ιπενεγκὼν
670 5741 768 5803 τὰς
826 5737 1039 5794 οἴκοθεν
1108 5736 1491 5806 ἐφευρημένας
1541 5736 1893 5806 μιαρωτέρας

311 5841 636 5911 προφάσεις.
671 5835 951 5903 Θεόδωρος
1008 5833 1119 5899 γὰρ
1148 5834 1175 5884 ὁ
1204 5830 1373 5892 πολὺς
1405 5832 1505 5894 μὲν
1549 5829 1648 5898 τὴν
1674 5827 1891 5898 σοφίαν,

310 5931 476 5997 πολὺς
505 5931 563 5985 δὲ
589 5931 684 5985 καὶ
717 5929 814 6000 τὴν
857 5930 1242 6000 ἐμπεφυκυῖαν
1297 5927 1393 5997 ἀρε
1407 5928 1497 5997 τήν
1554 5941 1614 5978 τε
1647 5924 1741 5977 καὶ
1770 5921 1895 5975 σύν-

1992 4730 2139 4786 que,
2174 4714 2408 4785 imperia
2434 4722 2620 4769 autem
2664 4712 2817 4767 illius
2870 4710 3140 4780 temporis
3180 4719 3237 4765 et
3282 4718 3587 4781 potestates

1992 4816 2200 4862 nostrae
2229 4807 2408 4861 astatis
2437 4815 2493 4861 et
2525 4805 2781 4877 caliginis
2806 4804 2873 4860 ad
2906 4805 3216 4874 patriorum
3249 4803 3453 4858 divina:
3474 4802 3585 4857 Ec-

1992 4899 2177 4955 clesiae
2207 4897 2529 4967 dogmatum
2562 4896 2868 4967 perniciem
2904 4907 3159 4965 receptas
3204 4895 3419 4949 nefarie
3460 4908 3588 4949 sus-

1994 4991 2245 5046 tulerunt
2293 4999 2349 5045 et
2398 4990 2778 5044 nutriverunt.
2815 4988 3063 5056 Quorum
3121 5003 3265 5043 unus
3305 4988 3361 5041 in
3404 4987 3584 5041 aciem

1991 5094 2224 5139 vocatus
2259 5086 2364 5137 hoc
2409 5092 2659 5152 tempore
2703 5082 2944 5136 snfliciat
2990 5082 3383 5137 laborantibus
3423 5080 3590 5135 nobis

1995 5175 2317 5230 recreandis
2347 5183 2404 5228 et
2449 5174 2517 5228 ad
2565 5175 2720 5228 brevi
2768 5190 2991 5229 omnem
3036 5174 3434 5245 depascentem
3484 5171 3589 5226 im-

1993 5265 2332 5338 probitatem
2365 5266 2587 5321 abunde
2621 5266 3041 5336 proponendam
3067 5307 3082 5334 ,
3112 5282 3223 5336 quo
3253 5264 3585 5334 ineptiarum

1997 5371 2130 5417 tunc
2162 5359 2456 5414 deﬂexerit
2484 5368 2541 5413 et
2574 5373 2685 5427 quo
2717 5373 2868 5413 nunc
2908 5358 3206 5428 protulerit
3245 5355 3451 5411 auctim
3487 5353 3589 5409 Pa-
3654 5365 3661 5370 '

1992 5453 2169 5507 lamas
2190 5491 2205 5517 ,
2236 5451 2477 5521 receptis
2512 5450 2799 5506 radicibus
2826 5450 2960 5507 inde
2990 5448 3241 5507 inventis
3282 5461 3338 5505 et
3380 5446 3587 5502 additis

1996 5545 2221 5615 proprio
2265 5553 2442 5600 marte
2481 5544 2717 5615 repertis
2761 5545 2999 5614 impuris
3041 5543 3378 5600 rationibus.
3411 5540 3591 5595 Theo-

1995 5643 2168 5696 dorus
2211 5642 2361 5696 enim
2405 5639 2659 5695 doctrina
2700 5639 2977 5695 excellens
3016 5645 3073 5692 et
3113 5637 3315 5691 virtute
3344 5635 3583 5707 genuina

1997 5750 2259 5806 magnum
2284 5735 2340 5789 iu
2362 5733 2805 5791 lconomachicis
2834 5731 3002 5804 464
3029 5730 3436 5788 certaminibus
3469 5736 3591 5783 stu-

1997 5826 2151 5881 dium
2198 5827 2481 5893 ostendit,
2531 5835 2591 5881 ut
2639 5824 2693 5880 in
2745 5824 3039 5897 principiis
3085 5825 3283 5879 borum
3316 5822 3591 5877 librorum

1998 5922 2177 5978 fusius
2227 5934 2258 5976 a
2313 5920 2478 5977 nobis
2551 5919 2762 5976 dictum
2835 5925 2954 5987 cst,
3006 5917 3169 5990 longe
3250 5918 3585 5973 acerrimum
