4016 6476
508 386 625 451 411.

1733 388 2151 449 NICEI’HURI
2191 389 2578 451 GREGORrE

3637 388 3727 449 lli.

506 512 731 571 propter
767 500 1087 571 religionem
1127 502 1371 555 animum
1420 500 1673 556 exhibuit
1715 512 1772 558 et
1828 506 2083 575 tyrannis

2196 522 2323 568 εσιν,
2346 508 2547 577 πολλὴν
2579 507 2676 578 τὴν
2712 505 2949 575 σπουδὴν
3000 504 3057 556 ὲν
3092 505 3201 565 τοῖς
3225 501 3365 554 κατᾶ
3403 501 3506 553 τῶν
3529 500 3724 555 Εἱκονο-

505 596 605 648 illo
640 605 887 663 tempore
935 602 1128 648 contra
1157 607 1350 647 sacras
1376 593 1641 663 imagines
1662 594 1975 649 furentibus
1997 609 2091 663 op-

514 685 741 754 posuit,
789 700 820 739 a
865 685 1067 755 quibus
1112 684 1279 740 facies
1317 686 1439 754 ejus
1480 685 1753 755 descripta
1799 696 1884 742 est
1914 696 1967 741 ct
1998 687 2092 742 de-

510 782 678 846 picta,
699 780 842 835 unde
874 778 1066 849 Grapti
1111 796 1310 834 nomen
1348 781 1508 846 tulit;
1537 797 1662 836 cum
1689 781 1941 851 plurimis
1964 781 2091 835 aliis

513 871 676 925 libris
727 872 816 924 Dei
872 871 1170 925 Eeclesiam
1202 873 1519 933 exornavit,
1546 882 1666 925 tum
1696 874 1777 926 eis
1815 874 2052 926 maxime
2072 912 2090 935 ,

511 977 652 1030 quos
722 971 917 1017 contra
980 963 1374 1018 Iconomaehos
1423 963 1644 1029 edidit;
1690 965 1745 1018 in
1793 964 2084 1019 historiam

509 1053 762 1108 incidens
794 1054 941 1108 illius
975 1054 1129 1125 impii
1172 1056 1438 1120 Eusebii,
1488 1057 1585 1125 qui
1625 1058 1681 1112 in
1727 1057 1831 1111 hac
1879 1073 1937 1111 re
1979 1057 2093 1126 pri-

508 1161 657 1196 mum
705 1144 918 1199 obtinet
971 1146 1189 1208 locum,
1240 1158 1439 1215 praeter
1484 1147 1593 1201 alia
1636 1150 1754 1203 hate
1819 1147 2088 1203 disserit:

509 1237 656 1304 quod
709 1237 889 1292 lucem
941 1238 1222 1294 infandam
1269 1248 1327 1295 et
1371 1242 1819 1312 inexplicabilem
1873 1253 1931 1298 et
1978 1244 2091 1299 Deo

510 1333 695 1394 Verbo
721 1334 1003 1389 det-cutem
1032 1335 1247 1397 attinet,
1271 1335 1553 1392 illudendo
1583 1342 1794 1407 profert
1818 1336 2093 1394 Eusebius

517 1426 660 1479 servi
695 1427 927 1481 formam
960 1436 1327 1496 permutatam
1363 1445 1486 1485 esse
1531 1430 1587 1485 in
1636 1442 1824 1485 monte
1848 1473 1862 1497 ,
1910 1432 2090 1487 lucem

517 1533 679 1586 quam
714 1520 899 1575 nullus
929 1521 1124 1575 oculus
1152 1522 1326 1587 vidit,
1360 1523 1507 1578 nulla
1553 1525 1706 1579 auris
1749 1526 1997 1594 percepit
2037 1535 2093 1580 et

515 1626 637 1679 quae
670 1610 723 1665 in
759 1612 962 1668 nullius
991 1612 1232 1668 hominis
1261 1629 1357 1668 cor
1382 1614 1686 1669 descendit.
1713 1615 1839 1671 [hac
1866 1617 2091 1673 Eusebii

521 1704 853 1769 suntverba,
886 1705 1090 1773 quibus
1134 1716 1298 1761 totam
1358 1722 1513 1762 suam
1544 1708 1776 1762 hazresin
1811 1709 2091 1765 conﬂavit.

517 1794 637 1861 Quo
702 1813 849 1884 τοῖς
911 1798 988 1852 illi
1042 1799 1157 1854 [nec
1220 1800 1470 1854 doctrina
1520 1812 1578 1856 et
1625 1802 1820 1871 dogma
1870 1802 2092 1869 ﬂectat,

516 1902 679 1953 quam
725 1888 959 1942 maxime
990 1888 1182 1956 paucis
1230 1889 1517 1945 videamus
1542 1898 1597 1946 et
1644 1907 1766 1960 quae
1795 1888 2086 1962 qualisque

515 1978 589 2031 sit
618 1979 1043 2045 permutationis
1074 1981 1215 2036 ratio
1248 1982 1557 2051 disquirere
1590 1999 1880 2038 conemur.
1910 1985 2089 2042 Omne

513 2072 657 2137 quod
691 2082 1041 2139 pet-mutatur
1075 2085 1173 2127 aut
1205 2075 1586 2130 essentialiter
1616 2088 1996 2146 permutatur,
2036 2080 2090 2134 id

510 2164 657 2232 quod
688 2176 902 2233 Spectat
932 2168 999 2220 ad
1032 2179 1214 2222 ortum
1247 2178 1305 2223 et
1337 2185 1616 2234 occasum,
1668 2182 1765 2226 aut
1792 2173 2092 2242 particula-

514 2259 673 2321 riter,
704 2274 825 2327 qua:
880 2260 1024 2313 ratio
1057 2262 1259 2331 duplex
1287 2271 1392 2319 est.
1422 2263 1531 2317 Aut
1571 2265 1719 2319 enim
1760 2265 1829 2320 ad
1870 2267 2090 2335 quanti-

515 2357 682 2402 tatem
730 2360 1099 2418 permittatur,
1149 2362 1208 2407 ut
1237 2355 1424 2408 auctio
1454 2364 1509 2409 et
1538 2356 1863 2421 diminutio;
1896 2368 1994 2412 aut
2023 2357 2090 2411 ad

514 2441 876 2509 qualitatem,
906 2459 973 2499 ex
1009 2461 1115 2514 qua
1145 2447 1510 2516 consequitur
1540 2448 1796 2503 variatio.
1832 2450 1888 2504 Si
1925 2451 2094 2521 igitur

512 2534 581 2587 ad
622 2537 939 2603 qualitatem
982 2547 1290 2607 permutata
1333 2549 1452 2606 est,
1491 2540 1729 2595 adducta
1767 2552 1854 2597 est
1886 2543 1953 2597 ad
1988 2560 2084 2599 va-

511 2627 807 2682 riationem
833 2671 847 2694 ,
888 2644 1010 2698 qum
1047 2638 1131 2684 est
1167 2630 1578 2701 transﬁguratio
1614 2634 1952 2689 characteris
1985 2636 2089 2690 ali-

514 2720 671 2787 cujus
698 2730 792 2773 aut
817 2720 869 2774 in
896 2737 953 2774 re
977 2722 1223 2791 subjecta
1253 2722 1485 2776 mutatio
1516 2723 1668 2779 finite
1699 2725 1860 2797 465
1890 2737 1986 2781 aut
2013 2729 2094 2782 in-

518 2812 669 2866 tinite
695 2812 858 2879 facta,
878 2830 1001 2883 qure
1029 2815 1279 2869 ostendit
1308 2816 1523 2870 varium
1553 2826 1609 2871 et
1633 2817 1937 2874 diversum.
1974 2820 2092 2875 Non

513 2903 664 2955 enim
704 2903 851 2957 aliud
898 2905 955 2957 iit
995 2905 1140 2973 quod
1180 2905 1455 2968 variatur,
1496 2908 1703 2978 quippe
1744 2925 1854 2963 non
1897 2926 2096 2966 essen-

514 2997 720 3062 tEaIiter
759 3006 1132 3065 permutatur,
1166 2999 1261 3053 sed
1291 3015 1357 3053 ex
1395 3001 1487 3053 tali
1523 3000 1668 3055 idem
1702 3003 1824 3057 talis
1855 3003 1921 3057 ad
1959 3019 2096 3072 qua-

507 3085 718 3140 litatem
759 3086 836 3140 ﬁt.
871 3086 988 3141 Non
1022 3088 1203 3142 omnis
1247 3089 1475 3142 omnino
1503 3100 1873 3159 permittatur,
1910 3094 2094 3164 subje-

513 3189 664 3230 ctum
701 3179 849 3232 enim
886 3179 1046 3247 plane
1098 3179 1303 3233 mansit
1358 3180 1654 3250 integrum.
1707 3181 1803 3236 Sin
1842 3200 1975 3238 vero
2024 3184 2091 3239 ad

514 3270 914 3337 quantitatem,
953 3270 1267 3324 auctionem
1300 3273 1594 3341 quamdam
1630 3283 1724 3327 aut
1772 3274 2096 3330 diminutio—

514 3375 640 3413 nem
692 3361 937 3429 recepit,
992 3359 1087 3414 sed
1142 3376 1214 3415 ne
1268 3361 1384 3416 ham
1438 3362 1662 3431 quidem
1721 3364 1869 3418 aliud
1927 3382 2091 3435 quam

517 3451 665 3520 quod
701 3451 769 3505 ab
807 3452 966 3505 initio
999 3454 1187 3508 aderat
1219 3453 1464 3508 eiliciunt
1485 3498 1500 3522 ,
1534 3457 1629 3510 sed
1661 3472 1726 3511 ex
1766 3467 1918 3513 tanto
1949 3459 2092 3514 idem

515 3554 728 3598 tantum
761 3544 1066 3597 secundum
1092 3546 1457 3614 quantitatem
1486 3548 1742 3604 efﬁcitur.
1776 3550 1893 3604 Non
1925 3552 2093 3619 igitur

515 3636 621 3690 hac
650 3636 863 3689 ratione
899 3638 1128 3691 omnino
1162 3639 1345 3692 omnis
1376 3638 1548 3694 forma
1584 3652 1951 3710 permutatur.
1987 3644 2095 3697 Re-

516 3736 623 3780 stat
661 3726 826 3797 igitur
858 3735 918 3780 ut
949 3727 1199 3783 dicamus
1232 3728 1300 3783 de
1334 3732 1741 3798 permutatione
1778 3748 1879 3803 per
1913 3750 1995 3805 se,
2037 3735 2090 3789 id

515 3830 635 3889 est,
672 3822 1047 3877 essentialiler
1082 3823 1260 3889 facta,
1309 3839 1416 3894 qua
1459 3840 1688 3881 necesse
1737 3836 1823 3881 est
1863 3843 1930 3881 ex
1969 3837 2093 3882 ortu

512 3915 567 3969 in
605 3930 866 3967 occasum
899 3925 954 3968 et
1001 3931 1065 3969 ex
1099 3931 1223 3970 esse
1272 3914 1324 3969 in
1376 3933 1485 3971 non
1517 3932 1637 3972 esse
1680 3918 1956 3973 transire.'
1986 3918 2093 3974 Sed

518 4007 952 4069 mortalitatem,
1005 4007 1224 4076 inquit,
1273 4007 1531 4076 deposuit
1571 4017 1629 4063 et
1679 4011 2091 4078 corruptionem

508 4100 707 4155 abluit.
737 4099 909 4163 Adde,
930 4101 973 4153 si
1000 4101 1170 4165 lubet,
1192 4103 1246 4154 in
1274 4100 1551 4155 invisibile
1575 4102 1775 4155 mutari
1797 4102 1978 4158 visibil
2006 4112 2095 4157 eet

506 4194 566 4259 ,iu
598 4194 956 4263 intemporale
983 4194 1302 4263 temporale,
1326 4202 1381 4247 et
1404 4202 1649 4247 creatum
1677 4194 1730 4247 in
1752 4193 2087 4262 increatum,

506 4295 569 4341 et
606 4300 728 4353 quae
760 4285 866 4336 alia
899 4282 1173 4352 ejusmodi
1220 4280 1325 4336 sibi
1359 4281 1613 4350 opposita
1647 4290 1794 4336 sunt.
1834 4280 1941 4337 Sed
1983 4301 2093 4340 non

511 4376 906 4430 mortalitatem
971 4375 1172 4445 aliquis
1220 4374 1528 4443 scripserit,
1577 4388 1681 4428 nec
1735 4375 2095 4448 transﬁgura-

510 4471 722 4525 tionem
759 4484 857 4538 per
894 4483 951 4522 se
979 4486 993 4533 ;
1027 4485 1133 4523 non
1165 4468 1313 4522 enim
1340 4470 1461 4520 sine
1497 4481 1732 4535 corpore
1768 4484 1865 4537 per
1895 4487 1954 4525 se
1988 4489 2093 4527 un-

2122 3199 2169 3260 ο

2196 601 2384 668 μάχων
2436 599 2644 665 ἀγῶσιν
2692 598 3108 665 ἐπιδειξάμενος
3146 597 3200 657 ἐς
3231 594 3289 647 τὸ
3334 593 3471 646 πάνυ
3495 610 3544 645 τι
3569 594 3733 653 κράτι-

2194 706 2339 753 στον,
2367 689 2444 753 ὡς
2468 689 2669 752 ἐνταῖς
2707 691 2905 760 ἀρχαῖς
2954 687 3065 739 τῶν
3098 684 3375 756 ἡμετέρων
3400 683 3558 737 τῶνδε
3584 684 3734 751 λόγων

2192 784 2327 852 ἡμῖν
2356 783 2423 836 τὰ
2476 784 2606 851 περὶ
2660 782 2826 836 αι)τοῦ
2875 780 3210 847 πλατύτερον
3269 776 3502 847 εἴρηται,
3544 776 3737 830 πάντων

2195 877 2434 947 μάλιστα
2460 877 2709 930 πλεῖστον
2735 872 3169 941 ἀντεισενεγκὼν
3205 870 3344 940 ὑπὲρ
3375 869 3640 929 εὐσεϐείας
3661 868 3738 922 τὸν

2192 968 2380 1039 ζῆλον,
2419 970 2516 1024 καὶ
2570 969 2903 1038 ἁντιστήσας
2937 969 3051 1029 τοῖς
3112 963 3232 1016 τότε
3287 965 3427 1016 κατὰ
3460 961 3562 1013 τῶν
3599 960 3739 1013 θείων

2192 1063 2417 1116 εἰκόνων
2460 1062 2675 1131 μανεῖσι
2702 1060 3012 1130 τυράννοις,
3045 1056 3135 1125 ὑφ’
3166 1047 3241 1108 ὧν
3273 1055 3365 1107 καὶ
3390 1053 3449 1104 τὸ
3475 1052 3738 1120 πρόσωπον

2193 1154 2507 1224 γέγραπταί
2565 1171 2624 1207 τε
2665 1152 2762 1207 κοιλ⁸
2800 1152 3069 1211 ἕστικται,
3137 1148 3229 1201 καὶ
3297 1145 3396 1216 τὴν
3447 1145 3741 1210 ἐπωνυμίαν

2193 1247 2443 1317 Γραπτὸς
2472 1245 2681 1299 ἐκεῖθεν
2714 1243 2935 1312 κληθεὶς
2960 1240 3334 1310 ἀπηνέγκατο,
3365 1236 3633 1298 πλείσταις
3658 1235 3742 1302 μὲν

2195 1339 2301 1399 καὶ,
2328 1338 2514 1399 ἄλλαις
2544 1338 2716 1406 ἱεραῖς
2747 1334 2911 1388 αὐτοῦ
2946 1333 3152 1403 βίϐλοις
3194 1330 3294 1402 τὴν
3325 1328 3419 1382 τοῦ
3457 1327 3583 1380 Θεοῦ
3635 1326 3744 1377 Ἐκ-

2193 1430 2423 1501 κλησίαν
2454 1428 2797 1498 κεκόσμηκε,
2838 1427 3074 1497 μάλιστα
3112 1424 3155 1477 δ’
3188 1420 3274 1485 αἷς
3317 1422 3458 1476 κατὰ
3482 1419 3584 1472 τῶν
3608 1421 3745 1471 Εἰκο-

2194 1525 2447 1593 νομάχων
2496 1522 2729 1584 ἐξέθετο,
2793 1523 2906 1584 τοῖς
2941 1518 3379 1589 συγγράμμασιν
3423 1512 3742 1581 ἐντυγχάνων

2192 1617 2286 1670 τοῦ
2327 1618 2447 1669 τότε
2500 1617 2568 1669 τὰ
2624 1615 2815 1684 πρῶτα
2882 1614 3141 1683 φέροντος
3197 1614 3255 1661 ὲν
3306 1610 3485 1675 λόγοις
3539 1604 3743 1667 ἀσεϐοῦς

2194 1710 2457 1763 Εὑσεϐίου
2483 1725 2494 1740 ·
2521 1712 2578 1761 ὲν
2614 1702 2701 1771 αἷς
2727 1709 2794 1760 τά
2822 1724 2880 1760 τε
2915 1705 3049 1758 ἄλλα
3084 1705 3176 1757 καὶ
3223 1702 3349 1755 τάδε
3380 1700 3614 1765 διέξεισι.
3647 1699 3744 1748 Κα-

2195 1801 2620 1872 τακομψεύεται,
2676 1800 2860 1869 φησὶν,
2931 1796 3196 1858 Εὐσέϐιος
3250 1796 3341 1847 ἐπὶ
3381 1792 3493 1859 φῶς
3531 1790 3743 1860 ἄῤῥητην

2192 1897 2286 1959 καὶ
2310 1896 2701 1965 ἀνεκδιήγητον
2724 1893 2787 1966 [Γ.
2814 1892 2920 1947 242
2965 1890 3021 1963 a]
3061 1890 3153 1943 καὶ
3184 1887 3262 1956 τῷ
3300 1886 3422 1955 Θεῴ
3454 1885 3602 1954 Λόγῳ
3631 1884 3745 1953 πρέ.

2192 2006 2291 2043 πον
2340 1988 2438 2061 τὴν
2485 1987 2579 2041 τοῦ
2627 1986 2817 2041 δούλου
2856 1981 3301 2052 μεταϐεϐλῆσθαι
3368 1976 3577 2049 μορφὴν
3604 1979 3656 2029 ἐν
3684 1976 3746 2044 τῷ

2190 2082 2333 2152 ὄρει,
2394 2080 2509 2148 φῶς
2571 2082 2709 2149 ὅπερ
2764 2077 3045 2147 ὀφθαλμὸς
3091 2073 3194 2128 οὐκ
3249 2069 3387 2136 εἶδε,
3440 2071 3532 2123 καὶ
3556 2068 3639 2131 οὓς
3663 2068 3747 2120 οὐκ

2191 2171 2418 2239 ἤκουσε,
2450 2172 2542 2223 καὶ
2572 2171 2667 2224 ἐπὶ
2694 2168 2917 2239 καρδίαν
2941 2166 3230 2237 ἀνθρώπου
3261 2168 3366 2219 οὐκ
3398 2164 3583 2234 ὰνέϐη.
3609 2162 3748 2215 Καὶό

2195 2263 2294 2332 μὲν
2320 2263 2583 2316 Εὑσεϐίου
2615 2262 2774 2329 λόγος
2800 2259 3044 2322 τοιοῦτος
3067 2260 3163 2312 καὶ⁸
3202 2256 3378 2320 οὕτως
3414 2256 3572 2325 ἔχων,
3592 2254 3679 2307 καὶ
3701 2251 3750 2303 τὸ

2193 2357 2302 2409 πᾶν
2331 2356 2480 2425 αὐτῷ
2522 2355 2754 2409 ἐνταῦθα
2792 2353 2892 2422 τῆς
2916 2351 3179 2413 ἀσεϐείας
3210 2350 3511 2419 ἐξήρτηται
3531 2364 3546 2380 ο
3569 2348 3679 2400 ὅποι
3709 2345 3751 2397 δ’

2194 2449 2342 2518 αὐτῷ
2370 2451 2527 2520 φέρει
2551 2449 2619 2502 τὰ
2647 2450 2746 2520 τῆς
2783 2448 2982 2517 καινῆς
3017 2445 3230 2513 ταύτης
3293 2441 3635 2502 διδασκαλίας
3669 2440 3750 2493 καὶ

2193 2548 2287 2595 τοῦ
2321 2542 2611 2608 δόγματος,
2650 2541 2727 2604 ὡς
2760 2540 2840 2593 ἕνι
2904 2540 3164 2608 μάλιστα,
3201 2535 3611 2605 συντομώτερον
3646 2547 3752 2583 σκε-

2192 2632 2447 2704 ψώμεθα,
2480 2634 2574 2685 καὶ
2625 2633 2806 2693 ὁποῖος
2838 2631 2900 2702 δὴ
2942 2632 3040 2685 καὶ
3096 2630 3247 2691 ὅστις
3276 2630 3304 2682 ὁ
3336 2628 3438 2696 τῆς
3476 2623 3749 2697 μεταϐολῆς
3824 2654 3835 2661 -

2193 2726 2415 2791 τρόπος,
2456 2722 2861 2791 ἐπισκέψασθαι
2897 2719 3320 2792 πειρασώμεθα.
3370 2719 3486 2772 Πᾶν
3521 2716 3576 2769 τὸ
3608 2730 3749 2783 μετα·

2197 2819 2525 2887 ϐαλλόμενον
2554 2817 2584 2887 ἢ
2614 2816 2733 2868 κατ’
2789 2814 2978 2867 οὐσίαν
3027 2811 3448 2881 μεταϐάλλεται,
3486 2808 3512 2860 ὃ
3549 2806 3608 2875 δὴ
3643 2801 3749 2871 περὶ

2196 2912 2413 2977 γένεσιν
2449 2909 2543 2963 καὶ
2575 2909 2781 2978 φθορὰν
2831 2907 3166 2979 θεωρεῖται·
3208 2904 3240 2972 ἢ
3295 2903 3440 2957 κατά
3476 2919 3527 2954 τι
3557 2900 3656 2951 τῶν
3705 2897 3751 2948 ἐν

2196 3004 2367 3070 αὐτῷ,
2402 3001 2683 3057 καὶτοῦτο
2714 2999 2877 3069 διχῶς
2901 3015 2915 3028 ·
2949 2999 2982 3069 ἢ
3013 2998 3123 3068 γὰρ
3148 2996 3289 3052 κατὰ
3311 2994 3478 3049 ποσὸν
3510 2988 3749 3061 μεταϐάλ-

2196 3099 2366 3160 λεται,
2403 3096 2539 3149 καθδ
2588 3096 2621 3164 ἡ
2670 3092 2900 3161 αὔξησις
2934 3092 3031 3145 καὶ
3066 3093 3099 3161 ἡ
3136 3090 3370 3160 μείωσις
3408 3087 3688 3147 δείκνυται,
3722 3079 3749 3147 ἦ

2200 3188 2342 3239 κατὰ
2369 3185 2431 3235 τὸ
2454 3184 2627 3250 ποιὸν,
2654 3182 2713 3248 ἐξ
2737 3176 2797 3235 οὗ
2828 3183 3157 3251 ἐμφαίνεται
3190 3179 3223 3248 ὴ
3255 3177 3563 3236 ἀλλοίωσις.
3589 3171 3647 3224 Εί
3669 3169 3749 3240 μὲν

2201 3275 2292 3328 οὖν
2339 3274 2481 3328 κατὰ
2532 3275 2592 3326 τὸ
2639 3272 2794 3326 ποιὸν
2851 3269 3280 3340 μεταϐέϐληται,
3353 3266 3627 3335 κεκίνηται
3667 3260 3750 3331 μὲν

2203 3368 2339 3436 πρὸς
2367 3368 2671 3431 ἀλλοίωσιν,
2711 3366 2745 3435 ἡ
2794 3364 2849 3417 δέ
2900 3364 3015 3415 ἐστι
3057 3356 3580 3431 μετασχηματισμὸς
3606 3367 3753 3425 χαρα-

2203 3459 2403 3529 κτῆρός
2429 3475 2573 3521 τινος
2604 3458 2637 3528 ἢ
2667 3456 2816 3511 κατά
2848 3466 2900 3509 τι
2936 3454 3044 3507 τῶν
3073 3450 3167 3505 τοῦ
3208 3451 3568 3521 ὑποκειμένου
3597 3442 3748 3515 πρά(-

2204 3568 2375 3622 ματος
2398 3548 2692 3620 ἐξαλλαγὴ,
2720 3546 3003 3618 χωριστῶς
3034 3545 3066 3615 ἦ
3100 3542 3420 3614 ἁχωρίστως
3447 3536 3748 3608 ἐπισυμϐαί·

2202 3658 2390 3694 νουσα.
2431 3639 2616 3709 "Amp
2643 3638 2855 3690 ἀλλοῖον
2889 3635 2989 3705 μὲν
3015 3637 3110 3687 καὶ¹
3159 3633 3422 3702 διάφορον
3470 3629 3557 3683 τοῦ
3584 3624 3754 3697 προτέ-

2206 3749 2298 3802 ρου
2324 3730 2618 3797 δείκνυσιν,
2651 3729 2711 3782 οὐ
2747 3728 2852 3799 μὴν
2875 3726 2933 3781 δέ
2964 3743 3027 3794 γε
3059 3725 3188 3779 ἄλλο
3236 3742 3291 3777 τι
3312 3725 3372 3776 τὸ
3403 3720 3752 3786 ἀλλοιούμενον

2201 3823 2580 3894 ἀπεργάζεται
2605 3838 2620 3854 ⁸
2651 3823 2711 3874 οὐ
2739 3819 2845 3891 γὰρ
2878 3816 3152 3880 οὐσιωδῶς
3218 3816 3540 3886 μετέϐαλεν,
3573 3810 3679 3865 ἀλλ’
3704 3811 3753 3861 ἐκ

2201 3913 2409 3968 τοιοῦδε
2449 3913 2539 3966 τὸν
2571 3911 2735 3968 αὐτὸν
2763 3910 2967 3965 τοιόνδε
3020 3908 3162 3962 κατὰ
3193 3908 3254 3961 τὸ
3313 3908 3467 3961 ποιὸν
3524 3901 3754 3974 γενέσθαι

2204 4005 2496 4075 πεποίηκε.
2531 4001 2707 4057 Τοῦτο
2736 4001 2780 4054 δ’
2805 4001 2906 4054 οὐκ
2926 4000 3075 4053 ἔστιν
3114 3998 3174 4063 ἐξ
3225 3998 3365 4052 ὅλων
3397 3997 3517 4052 ὅλον
3550 3992 3756 4067 μεταϐεσ

2202 4098 2431 4168 ϐλῆσθαι
2454 4112 2467 4126 ·
2494 4098 2554 4149 τὸ
2585 4096 2693 4164 γὰρ
2722 4094 3083 4164 ὑποκείμενον
3119 4092 3388 4163 ὑπομένει
3426 4091 3638 4149 πάντως
3669 4104 3757 4138 σωο

2201 4189 2449 4259 ζόμενον.
2480 4190 2541 4241 Ei
2562 4188 2618 4241 δὲ
2649 4187 2792 4241 κατὰ
2821 4186 2881 4238 τὸ
2903 4187 3092 4249 ποσὸν,
3128 4184 3360 4255 αὔξησίν
3395 4200 3520 4238 τινα
3548 4183 3580 4253 ἢ
3612 4178 3758 4251 μείω·

2203 4300 2287 4353 σιν
2315 4281 2552 4348 ἐδέξατο.
2597 4277 2740 4334 Ἀλλ’
2783 4278 2904 4332 οὐδὲ
2953 4277 3128 4331 ταῦτα
3182 4277 3313 4333 ἄλλο
3360 4295 3415 4330 τι
3455 4276 3603 4345 παρὰ
3632 4272 3685 4325 τὸ
3708 4269 3756 4333 ἐξ

2201 4375 2376 4447 ἀρχῆς
2427 4373 2676 4444 ὑπάρξαν
2718 4374 2883 4438 ποιεῖ,
2937 4369 3053 4424 ἀλλ’
3099 4372 3165 4425 ὲκ
3224 4369 3447 4424 τοσοῦδε
3496 4369 3584 4422 τὸν
3613 4363 3756 4419 αὐτὸν

2200 4465 2414 4519 τοσόνδε
2437 4465 2578 4518 κατὰ
2600 4465 2659 4517 τὸ
2681 4463 2916 4534 πηλίκον
2942 4462 3198 4530 γενέσθαι
3221 4462 3546 4529 πεποίηκεν.
3567 4453 3757 4513 Οὐκοῦν

510 4577 678 4632 quam
716 4560 999 4631 apparuit.
1024 4560 1144 4614 Non
1177 4560 1327 4613 enim
1361 4559 1560 4613 albedo
1594 4570 1689 4615 aut
1722 4561 1939 4632 nigritia
1970 4564 2090 4619 sine

2198 4558 2318 4611 οὐδὲ
2348 4557 2492 4611 κατὰ
2540 4556 2732 4610 τοῦτον
2760 4556 2853 4610 τὸν
2903 4553 3107 4626 τρόπον
3147 4552 3205 4619 ἐξ
3255 4552 3394 4606 ὅλων
3420 4550 3515 4619 ὅλη
3550 4543 3758 4618 μεταϐέ-

510 4654 795 4721 substrato
850 4650 1210 4706 constabunt.
1260 4649 1457 4703 Forma
1508 4660 1566 4705 et
1614 4650 1787 4707 facies
1839 4668 1986 4721 non,
2036 4663 2095 4708 ut

515 4747 673 4800 hicce
703 4752 896 4814 putat,
944 4742 1000 4795 in
1048 4741 1272 4795 deitatis
1322 4750 1576 4797 naturam
1640 4744 1934 4801 immutata
1986 4757 2091 4801 est.

508 4835 635 4905 rion
667 4850 828 4904 posse
862 4833 968 4887 hoc
1005 4832 1143 4895 ticri,
1174 4833 1286 4902 jam
1321 4843 1480 4888 antea
1522 4836 1729 4892 dictum
1771 4851 1858 4895 est
1890 4850 1945 4894 et
1988 4853 2097 4896 tes—

512 4938 663 4985 tatur
709 4928 913 4982 veritas
948 4926 1061 4995 ipsa
1111 4941 1177 4979 ex
1207 4935 1465 4981 accurata
1520 4931 1846 4986 tractatione
1902 4946 2089 4986 rerum

514 5028 768 5072 naturam
802 5029 857 5071 et
882 5016 1046 5089 466
1067 5017 1385 5088 dogmatum
1408 5021 1699 5075 veritatem
1730 5039 1892 5091 quam
1922 5025 2098 5078 veris-

511 5112 651 5164 sime
677 5120 733 5163 et
752 5109 1084 5165 firmis~ime.
1107 5108 1212 5165 Sed
1243 5111 1664 5183 transﬁguratus
1679 5123 1784 5180 est,
1817 5114 2017 5184 inquit,
2042 5123 2097 5169 et

519 5204 849 5257 immortalis
890 5204 1065 5258 factus
1099 5216 1154 5260 et
1197 5206 1618 5275 incorruptibile
1665 5218 1720 5261 et
1765 5207 2095 5262 increatum.

521 5293 998 5364 Transﬁguratum
1044 5304 1102 5351 et
1151 5298 1463 5353 immortale
1511 5298 1716 5352 factum
1763 5314 1967 5369 corpus
2001 5310 2098 5355 aut

524 5388 754 5452 mansit,
790 5398 887 5443 aut
919 5404 1027 5445 non
1064 5390 1289 5447 mansit.
1328 5389 1384 5445 Si
1422 5390 1662 5456 mansit,
1691 5405 1829 5443 vana
1869 5390 2095 5445 Eusebii

518 5481 698 5535 oratio
738 5480 1173 5549 deprehenditur
1216 5490 1273 5533 et
1308 5480 1516 5535 nullius
1546 5479 1810 5535 momenti
1841 5480 1963 5535 erit.
2001 5481 2095 5535 Sin

514 5588 630 5626 non
664 5573 903 5639 mansit,
936 5587 1047 5627 non
1082 5571 1531 5641 transfiguratum
1565 5580 1651 5626 est
1678 5587 1781 5626 nec
1815 5571 2099 5627 immorta-

512 5664 725 5719 litatem
758 5672 815 5719 et
845 5664 1320 5733 incorruptionem
1353 5667 1566 5733 recepit
1600 5678 1782 5731 neque
1825 5664 2091 5729 habebat,

514 5753 572 5815 in
596 5753 743 5820 quod
776 5754 1286 5824 transﬁguraretur.
1329 5752 1519 5823 Neque
1554 5762 1674 5807 erat
1696 5754 1842 5824 quod
1873 5758 2095 5810 immor-

521 5843 785 5905 talitatem
832 5843 1106 5911 indueret,
1131 5860 1252 5898 cum
1301 5859 1411 5899 non
1443 5844 1512 5899 sit
1552 5846 1705 5901 locus
1727 5886 1741 5912 ,
1770 5846 1820 5900 in
1851 5864 1956 5916 quo
1982 5848 2093 5901 lucc

2202 4652 2396 4722 ϐληται
2446 4652 2479 4720 ὴ
2538 4650 2742 4722 μορφή.
2804 4642 3212 4703 Λείπε.αι⁴οὗν
3246 4645 3430 4714 λέγειν
3460 4643 3582 4698 καθ’
3605 4638 3756 4706 αὐτὴν

2201 4743 2668 4814 μεταϐεϐλῆσθαι,
2692 4759 2757 4794 πε
2768 4744 2820 4812 pl
2851 4741 2949 4810 τὴν
2975 4740 3162 4793 οὐσίαν
3191 4739 3413 4809 δηλαδὴ,
3436 4737 3509 4799 ὠς
3535 4735 3756 4800 ἀνάγκην

2198 4828 2341 4886 εἶναι
2377 4834 2560 4885 πᾶσαν
2600 4832 2665 4884 ὲκ
2699 4831 2968 4899 γενέσεως
3011 4830 3089 4890 εἰς
3132 4827 3342 4897 φθορὰν
3370 4827 3466 4879 καὶ
3502 4823 3590 4875 τοῦ
3620 4821 3754 4876 ὄντος

2197 4929 2277 4991 εἰς
2308 4926 2369 4978 τὸ
2400 4924 2662 4995 μηδαμῶς
2695 4919 2836 4976 εἶναι
2866 4923 3267 4992 κεχωρηκέναι.
3311 4919 3476 4972 Ἀλλὰ
3526 4916 3621 4985 τὴν
3645 4913 3734 4977 θνη

2196 5020 2416 5088 τότητα,
2468 5017 2655 5086 φησιν,
2715 5004 3029 5068 ἀπεδύσατο
3073 5013 3166 5065 καὶ
3198 5013 3297 5082 τὴν
3350 5008 3556 5081 φθορὰν
3590 5001 3757 5058 ἀπενί-

2196 5110 2357 5180 ψατο.
2389 5108 2653 5181 Πρόσθες,
2682 5109 2729 5160 el
2769 5106 2969 5176 βούλει,
3008 5105 3090 5157 ὅτι
3124 5103 3222 5155 καὶ
3257 5104 3335 5165 είς
3367 5101 3427 5154 τὸ
3458 5100 3679 5169 ἀόρατον
3702 5091 3757 5142 τὸ

2196 5200 2392 5271 ὁρατὸν
2428 5200 2640 5272 μέτεισι
2686 5203 2782 5252 καὶ
2817 5199 2896 5261 είς
2951 5198 3014 5249 τὸ
3049 5196 3278 5267 ἄχρονον
3326 5194 3390 5245 τὸ
3421 5190 3528 5243 ὑπὸ
3555 5188 3754 5282 χρόνρυ,

2197 5295 2293 5350 καὶ
2312 5293 2373 5347 τὸ
2401 5293 2614 5346 κτιστδν
2638 5292 2721 5355 είς
2743 5292 2803 5343 τὺ
2829 5291 3108 5355 ἄκτιστον,
3142 5287 3238 5339 καὶ
3262 5287 3363 5338 ὅσα
3386 5282 3520 5337 ἄλλα
3548 5287 3757 5330 τοιαυτα

2197 5386 2518 5439 ἀντίκειται.
2564 5383 2705 5436 Ἀλλ’
2729 5384 2788 5437 ού
2813 5383 2913 5452 τὴν
2950 5381 3257 5451 θνητότητά
3282 5393 3364 5440 τις
3401 5375 3601 5444 γράφει
3645 5362 3757 5418 οὐδὲ

2197 5480 2292 5550 τὴν
2336 5480 2765 5549 μεταμόρφωσιν
2797 5475 2968 5547 αὐτὴν
3000 5475 3125 5528 καθ’
3157 5471 3331 5541 αὑτήν
3354 5486 3370 5501 ·
3414 5468 3476 5521 οὐ
3512 5465 3617 5533 γὰρ
3640 5459 3755 5550 dves

2200 5546 2450 5642 σωματος
2477 5546 2565 5639 ὲφέ
2595 5572 2797 5638 ἑαυτήν
2825 5546 2953 5621 ποτε
3006 5566 3445 5637 θεωρηθησεται,
3477 5556 3596 5610 ἐπεὶ
3636 5546 3754 5621 μηδὲ

2196 5665 2455 5734 λευκότης
2501 5663 2867 5735 ἥμελανότης
2914 5660 3280 5730 ὑποκειμένου
3332 5655 3457 5725 δίχα
3483 5645 3754 5735 ὑποσταῖεν

2197 5754 2279 5807 ἄν.
2319 5729 2422 5815 Ὠςγ
2445 5729 2637 5820 γὰρὀύ
2670 5729 3075 5820 μεταϐέϐληται
3175 5743 3356 5818 μορφὴ
3381 5740 3561 5809 ἐκείνη
3592 5736 3676 5789 καὶ
3699 5729 3751 5780 τὺ

2200 5844 2335 5907 εἶδος
2374 5847 2450 5907 εἰς
2483 5847 2735 5913 θεότητος
2775 5843 2957 5912 φύσιν,
2992 5841 3067 5904 ὡς
3090 5834 3244 5903 οὗτος
3279 5835 3489 5906 νομίζει
3513 5829 3621 5902 (καὶ
3653 5821 3748 5891 γὰρ
