4016 6460
286 356 391 421 413

282 475 568 545 ἀμήχανον
589 477 746 531 τοῦτο
776 480 1031 547 γενέσθαι

277 568 375 620 καὶ
422 571 761 640 μαρτυρεϊή
812 572 1039 643 ἀλήθεια
1085 580 1220 650 αὑτὴ
1282 582 1390 636 κὰκ
1442 585 1549 637 τῶν
1612 587 1857 657 ἀκριῦὦς

277 663 709 733 ἐπεσκεμμένων
739 667 838 739 τὴν
868 669 998 736 ,τῶν
1032 677 1382 744 πραγμάτων
1429 678 1593 746 φύσιν
1626 683 1721 734 καὶ
1746 682 1860 735 τῶν

276 761 569 829 δογμάτων
608 763 766 833 ἡμῶν
795 768 893 839 τὴν
923 768 1184 841 ἀλήθειαν
1240 776 1301 828 τὸ
1338 776 1582 842 ἀπλανὲς
1621 784 1714 834 καὶ
1738 785 1864 836 ἀνε-

276 853 571 924 πίληπτοι.
616 856 774 911 Ἀλλὰ
811 866 1357 935 μεταμεμόρφωται,
1401 872 1558 938 φησὶ,
1593 879 1687 926 καὶ
1720 877 1865 944 ἀπη-

277 945 621 1014 θανάτισται,
664 951 758 1003 καὶ
798 952 1076 1024 ἄφθαρτον
1134 960 1226 1013 καὶ
1286 962 1546 1018 ἄκτιστον
1612 969 1856 1036 γέγονεν.

276 1033 418 1098 Εἶτα
476 1046 911 1111 μεταμορφωθέν
965 1052 1059 1102 καὶ
1089 1052 1536 1111 ἀπαθανατισθὲν
1576 1033 1856 1131 μεμένηκε

279 1130 520 1219 aridam";
555 1133 657 1199 ob;
700 1138 762 1190 Ei
795 1140 894 1207 μὲν
929 1143 1035 1213 γὰρ
1075 1146 1376 1213 μεμένηκε,
1420 1130 1708 1218 μάταιοςῗό
1757 1130 1861 1208 Εὐ-

280 1224 463 1277 σ-6ί;υ
496 1230 686 1294 ὁρᾶται
711 1229 888 1298 λόγος,
917 1236 1012 1287 καὶ
1049 1238 1205 1291 οὐδὲν
1235 1243 1368 1309 ἡμῖν
1399 1245 1635 1314 πρᾶγμα
1665 1245 1820 1300 ἔσται
1841 1265 1858 1282 ο

280 1315 347 1385 [Γ.
380 1316 484 1371 ειε
514 1318 563 1388 b]
589 1320 638 1372 εί
665 1321 721 1373 δὲ
749 1323 810 1377 οὐ
837 1328 1170 1397 μεμένηκεν,
1191 1332 1313 1386 οὐδὲ
1347 1338 1859 1408 μεταμεμόρφωται

276 1407 411 1475 ἄρα,
445 1408 548 1460 305’
570 1410 868 1467 ἀθανασίαν
903 1418 998 1469 καὶ
1044 1421 1356 1491 ἀφθαρσίαν
1387 1407 1697 1481 ἐνδεδυταιν
1723 1430 1861 1483 Οὐδέ

425 1492 568 1562 εἶχεν
617 1500 696 1560 εἰς
743 1498 770 1552 ὃ
801 1509 1396 1578 μεταμαρφωθήσεται,
1438 1515 1559 1567 οὐδὲ
1608 1513 1725 1586 ἦνό
1759 1518 1860 1588 τὴν

280 1585 582 1640 ἀθανασίαν
615 1589 917 1660 ἐνδύσεται,
954 1599 1054 1651 οὐκ
1093 1600 1241 1664 ὄντος
1284 1606 1341 1656 ἐν
1371 1597 1414 1672 ᾧ
1446 1585 1859 1681 ταῦταθεωρηη

279 1675 527 1746 θήσεται.
571 1681 708 1735 Ἀλλ’
730 1684 926 1740 ἄτοπον
952 1696 1044 1742 καὶ
1069 1693 1129 1744 τὸ
1157 1696 1357 1748 ἐννοεῖν
1381 1700 1628 1767 τοιαῦτα,
1652 1675 1855 1771 μᾶλλον

279 1768 324 1821 δ’
352 1770 631 1827 ἀδύνατον.
694 1777 804 1828 Καὶ
869 1780 1053 1848 πάλιν,
1086 1784 1195 1838 ἀπὸ
1239 1787 1334 1840 τοῦ
1394 1792 1534 1844 κατα
1692 1812 1862 1863 μετα-

286 1863 567 1960 μόρφωσιν
590 1871 1215 1960 τρόποιιάποσεμνόνων
1240 1880 1339 1952 τὴν
1370 1882 1622 1955 δουλικὴν
1650 1890 1866 1960 μορφὴν

282 1958 448 2008 πλέον
485 1959 516 2028 ἦ
545 1960 725 2025 καλῶς
754 1957 887 2034 εἶχε,
921 1968 1015 2019 καὶ
1058 1971 1233 2043 ταύτῃ
1270 1977 1447 2044 τιμῶν
1567 1979 1702 2048 μηδέ
1733 1957 1870 2048 Χρι-

282 2048 409 2111 στὸς
432 2050 716 2121 τετίμηκε,
753 2057 846 2108 καὶ
884 2057 987 2126 τῆς
1014 2062 1318 2133 μεταϐολῆς
1355 2066 1608 2119 ἐντεῦθεν
1655 2068 1866 2141 κατάρ-

283 2142 402 2209 ξας,
438 2147 637 2214 προῖὼν
665 2150 758 2201 καὶ
780 2151 949 2222 αὐτὴν
976 2154 1072 2223 τὴν
1101 2156 1317 2226 μορφὴν
1346 2159 1442 2211 καὶ
1470 2160 1527 2210 τὸ
1558 2157 1699 2223 εἶδος
1725 2164 1866 2217 ἀπε-ο

282 2235 583 2290 σκευάςθαι
618 2238 762 2309 λέγει
793 2246 887 2299 καὶ
917 2247 1359 2319 μεταὸεὸὶ-ἦσθαι
1392 2255 1474 2315 εἰς
1513 2256 1763 2323 θεότητα,
1790 2258 1867 2323 ὡς

281 2329 383 2381 καὶ
409 2332 467 2383 ὲν
493 2334 603 2396 τοῖς
637 2336 931 2403 μετέπειτα
965 2339 1198 2409 δηλώσει
1253 2344 1321 2397 τὰ
1353 2346 1485 2414 παρ’
1520 2348 1685 2400 αὐτοῦ
1714 2353 1865 2403 ἐκτι-

280 2421 488 2490 θέμενα
512 2426 961 2498 τηλαυγέστερον,
999 2432 1094 2485 καὶ
1152 2432 1234 2487 ἔτι
1269 2437 1472 2505 μᾶλλον
1513 2441 1657 2493 κατὶι
1688 2443 1860 2510 πρόα-

283 2513 444 2569 6ασιν
465 2518 574 2570 ἀπὸ
600 2520 695 2572 τοῦ
748 2521 848 2593 τὴν
882 2524 1184 2595 θνητότητα
1224 2529 1593 2584 ἀποδεδύσθαι
1629 2534 1725 2585 καὶ
1760 2535 1864 2604 τὴν

282 2605 492 2675 φθορὰν
543 2609 908 2679 ἀπονιψασθαι
961 2616 1057 2666 καὶ
1113 2618 1192 2677 εἰς
1255 2617 1356 2688 τὴν
1388 2618 1483 2672 τοῦ
1536 2620 1673 2673 Θεοῦ
1706 2622 1865 2686 δόξαν

287 2703 741 2766 μετεσκευάσθαι.
804 2706 982 2769 ,Ἀλλά
1010 2708 1071 2760 τὸ
1106 2708 1206 2778 μὲν
1234 2710 1475 2781 φθαρτδν
1516 2712 1674 2767 τοῦτο
1717 2716 1867 2770 ἐνδύ-

284 2794 485 2846 σασθαι
521 2794 630 2848 δεῖν
655 2796 964 2867 ἀφθαρσίαν
1004 2801 1098 2853 καὶ⁵
1138 2802 1198 2855 τὸ
1251 2803 1446 2872 θνητὸν
1481 2805 1785 2860 ἀθανασίαν
1836 2810 1863 2861 ὁ

287 2885 459 2953 μέγας
488 2894 842 2957 μυσταγωγεῖ
880 2891 1231 2956 ’Δπόστολοςη
1264 2894 1325 2948 τὺ
1356 2895 1413 2948 δὲ
1444 2898 1604 2966 σῶμα
1638 2899 1867 2968 ἀσωμα-

281 2979 485 3046 τότητα
514 2981 833 3036 ἐνδύσασθαι
858 2984 889 3056 ἢ
922 2985 980 3037 τὸ
1010 2986 1227 3039 κτιστὸν
1252 2989 1510 3054 γενέσθαι
1543 2991 1802 3045 ἅκτιττον
1830 2994 1860 3061 ἢ

281 3073 347 3124 τὸ
376 3072 753 3143 περίγραπτον
793 3076 872 3138 είς
918 3078 1344 3148 ἁπεριγραψίαν
1386 3082 1863 3153 μετατεθήσεσθαι

1232 373 1679 438 ΒῩΖᾹΝἸῚΝςΕ
1719 380 2112 447 HISTORLE
2158 388 2305 449 LIB.
2346 389 2619 454 XXXIV.

1038 482 1077 552 ᾗ,
1109 485 1210 557 ἤδη
1240 490 1335 542 καὶ
1358 492 1595 559 πρόσθεν
1623 496 1862 565 εἴρηται,

1971 513 2300 570 appareant.
2355 504 2462 561 Sed
2512 508 2757 578 ineptum
2811 521 2895 567 est
2945 515 3193 583 cogitare
3244 519 3554 590 ejusmodi,

3451 398 3554 463 414

1973 595 2083 649 imo
2117 595 2236 650 ﬁeri
2272 600 2488 667 nequit.
2531 603 2596 657 Et
2628 619 2824 658 rursus
2856 623 2869 659 :
2909 607 3014 661 Per
3048 610 3554 682 transﬂgurationis

1975 686 2200 741 modum
2236 691 2495 746 servilem
2534 693 2765 749 formam
2804 699 2978 768 magis
3025 716 3188 769 quam
3220 718 3440 771 aequum
3473 713 3558 757 est

1973 780 2279 846 clarefecit,
2306 800 2481 855 eaque
2514 788 2688 857 gloria
2706 806 2814 858 qua
2844 807 2914 845 ne
2950 790 3202 847 Christus
3230 796 3455 862 quidem
3489 795 3560 848 il-

1975 873 2250 931 lustratus
2283 887 2404 941 est,
2445 878 2516 932 ab
2552 883 2962 951 permutatione
2995 886 3322 951 exordiens,
3357 902 3557 956 proce-

1977 964 2059 1020 dit
2086 975 2139 1019 et
2168 966 2401 1023 formam
2432 979 2489 1025 et
2519 971 2711 1027 faciem
2748 975 2949 1029 mutari
2978 976 3139 1040 dicit.
3169 988 3225 1033 et
3252 979 3586 1047 permutari

1978 1058 2032 1110 in
2071 1057 2335 1115 deitatem
2361 1101 2377 1125 ,
2418 1071 2478 1116 ut
2514 1063 2568 1118 in
2609 1068 2976 1134 sequentibus
3028 1070 3388 1139 explicabunt
3434 1070 3555 1140 pla-

1975 1152 2102 1202 nius
2130 1152 2252 1220 ejus
2278 1153 2717 1213 observationes.
2740 1160 2852 1214 lmo
2883 1176 2981 1231 per
3015 1161 3105 1215 illa
3129 1180 3141 1215 :
3164 1162 3558 1217 mortalitatem

1974 1243 2259 1312 deponere
2302 1254 2357 1299 et
2399 1251 2816 1319 corruptionem
2860 1253 3089 1308 abluere
3116 1261 3173 1307 et
3219 1255 3275 1308 in
3311 1253 3404 1308 Dei
3436 1254 3557 1324 glo-

1972 1334 2110 1388 riam
2149 1339 2376 1394 mutari.
2410 1340 2516 1395 Sed
2555 1344 2920 1415 corruptibile
2948 1345 3054 1400 hoc
3098 1347 3332 1401 induere
3370 1346 3557 1400 ineor-

1975 1430 2296 1497 ruptionem
2327 1440 2383 1487 et
2413 1436 2649 1491 mortale
2681 1438 3158 1495 immortalitatem
3193 1456 3427 1511 magnus
3459 1441 3560 1495 do-

1972 1529 2059 1573 cet
2103 1521 2425 1590 Apostolus.
2470 1524 2687 1598 Corpus
2716 1539 2900 1584 autem
2946 1532 3181 1587 induere
3231 1532 3560 1602 incorporao

1974 1609 2182 1665 litatem
2220 1624 2321 1669 aut
2347 1624 2594 1673 creatum
2625 1618 2742 1674 ﬁeri
2777 1621 3112 1691 increatnm,
3140 1632 3235 1679 aut
3262 1623 3550 1681 deﬁnitum

1970 1705 2026 1756 in
2061 1704 2408 1763 indeﬁnitum
2433 1712 2655 1777 mutari,
2678 1714 2923 1769 nondum
2945 1717 2998 1770 in
3021 1717 3169 1773 hunc
3200 1732 3376 1788 usque
3395 1717 3542 1771 diem

1975 1794 2229 1851 auditum
2257 1807 2363 1854 est.
2401 1799 2508 1856 Sed
2568 1802 2885 1873 recipienda
2936 1816 3020 1860 est
3054 1822 3140 1862 res
3193 1816 3249 1862 et
3300 1822 3558 1876 quaeren-

1974 1887 2104 1941 dum
2155 1890 2288 1960 quid
2325 1892 2398 1948 sit
2436 1894 2552 1949 haec
2584 1895 2699 1949 lux.
2755 1896 2875 1951 Non
2909 1898 3055 1952 enim
3091 1898 3255 1968 467
3304 1898 3469 1967 plane
3497 1912 3558 1951 se

1969 1979 2154 2045 habet,
2178 1982 2324 2050 quod
2379 1984 2652 2053 ingenuus
2677 1987 2766 2041 ille
2794 1987 3061 2053 ostendit;
3090 2004 3158 2042 ne
3185 1989 3409 2059 dignum
3438 1986 3561 2054 qui-

1971 2071 2096 2126 dem
2137 2075 2246 2129 Deo
2295 2074 2478 2130 Verbo
2514 2077 2775 2143 dedisse,
2812 2089 3003 2148 postea
3051 2081 3267 2133 dicetur
3302 2078 3549 2147 planius.

1967 2162 2080 2217 Nos
2120 2166 2342 2234 quidem
2373 2167 2440 2221 ad
2493 2169 2613 2234 ejus
2643 2169 2843 2238 placita
2876 2174 3023 2225 hunc
3065 2184 3379 2224 sermonem
3423 2167 3559 2222 diri~

1969 2273 2186 2327 gamus.
2217 2258 2358 2324 Quid
2391 2261 2562 2331 igitur
2590 2263 2716 2317 est?
2750 2263 2893 2318 Num
2929 2265 3169 2319 essentia
3207 2262 3459 2332 quaedam
3496 2269 3556 2317 et

1970 2352 2280 2406 substantia
2308 2367 2406 2423 per
2437 2369 2495 2408 se
2526 2355 2798 2410 exsistens
2822 2366 2878 2410 et
2908 2372 3018 2410 non
3046 2356 3153 2410 alia
3183 2357 3249 2409 ad
3279 2355 3555 2409 exsisten-

1971 2443 2100 2496 dum
2146 2458 2346 2513 egens,
2381 2454 2475 2499 aut
2506 2447 2744 2515 qualitas
2777 2445 3103 2518 incorporea
3139 2456 3196 2502 et
3221 2446 3554 2502 inessentia-

1969 2534 2071 2599 lis,
2099 2534 2152 2587 in
2185 2535 2292 2589 alio
2322 2537 2621 2590 essentiam
2659 2537 2867 2593 habens
2892 2578 2905 2601 ,
2939 2554 3047 2592 non
3078 2538 3131 2592 in
3165 2553 3223 2593 se
3255 2538 3417 2608 ipsa?
3444 2535 3553 2592 Sed

1969 2625 2016 2678 si
2070 2626 2313 2681 essentia
2361 2636 2480 2691 est,
2528 2637 2684 2683 estne
2728 2630 2976 2699 angelica
3003 2672 3017 2696 ,
3055 2645 3181 2684 eum
3225 2638 3282 2684 et
3318 2628 3551 2699 angelus

1969 2717 2101 2781 lux,
2151 2728 2207 2772 et
2258 2733 2489 2774 summa:
2539 2729 2596 2775 et
2648 2720 2851 2775 inﬁma:
2898 2722 3042 2776 lucis
3095 2721 3400 2791 splendor?
3443 2718 3554 2774 Sed

1969 2820 2140 2859 nemo
2180 2806 2285 2861 hoc
2313 2806 2538 2862 dixerit.
2574 2808 2695 2863 Non
2727 2809 2875 2863 enim
2908 2810 3113 2864 librum
3135 2810 3422 2865 ~1ibrorum
3458 2808 3551 2862 fu—

1970 2899 2157 2967 gerit,
2216 2908 2386 2955 testes
2432 2901 2713 2956 innumeri
2771 2912 2900 2957 sunt
2957 2919 3110 2958 sacra
3171 2902 3371 2971 verba,
3427 2916 3553 2973 quas

1970 2991 2145 3045 Deum
2171 2992 2459 3060 iubentem
2490 3004 2543 3047 et
2575 2994 2781 3049 Mosen]
2811 2995 3034 3049 tradunt
3057 2996 3309 3066 jussum.
3333 2996 3547 3067 jussam

1968 3085 2256 3141 cherubim
2313 3086 2536 3140 illorum
2592 3088 2886 3150 actionem,
2954 3088 3083 3143 licet
3137 3088 3325 3142 divina
3382 3084 3551 3141 verba

281 3161 440 3218 υὸπω
470 3166 741 3236 μέχρικαὶ
771 3169 1011 3238 σήμερον
1036 3169 1326 3240 ἧκουσται.
1366 3172 1509 3226 Ἀλλ’
1528 3175 1863 3229 ἐπανακτέον

1973 3179 2171 3250 rejicit.
2232 3179 2327 3233 Sin
2384 3196 2516 3234 vero
2568 3181 2752 3234 divina
2804 3182 3047 3235 essentia
3105 3189 3227 3246 est,
3272 3178 3555 3251 quomodo

280 3272 380 3309 τον
406 3257 583 3326 λόγον,
615 3258 709 3312 καὶ
737 3259 1003 3331 ζητητέον
1030 3262 1083 3313 τί
1116 3263 1183 3317 ἂν
1214 3263 1299 3335 εἴη
1330 3264 1491 3318 τοῦτο
1530 3267 1591 3319 τὸ
1623 3267 1736 3335 φῶς
1758 3283 1773 3298 '
1800 3269 1861 3321 οὐ

284 3349 395 3419 γάρ
417 3366 503 3402 πω
537 3351 724 3418 σαφῶς
764 3352 791 3404 ὅ
818 3368 872 3403 τι
918 3353 1066 3405 ἐστὶν
1096 3355 1124 3405 ὁ
1162 3355 1427 3422 γεννάδας
1475 3356 1720 3424 ὑπέδειξε
1747 3358 1862 3422 νῦν,

285 3442 374 3495 δτι
401 3441 474 3513 μὴ
508 3444 668 3512 μόνον
693 3442 770 3512 τῷ
818 3443 939 3515 Θεῷ
986 3446 1148 3516 Λόγῳ
1180 3448 1392 3517 πρέπον
1428 3449 1713 3519 προσθεὶς,
1741 3449 1868 3502 ἐσύ-

286 3553 480 3606 στερον
505 3539 650 3607 ἐρεῖν
670 3537 1044 3608 ἐκδηλότερον.
1076 3540 1266 3609 Ὅμως
1300 3541 1439 3609 πρὸς
1466 3543 1534 3595 τὰ
1566 3541 1864 3610 δεδογμένα

286 3630 437 3699 αὐτῷ
455 3631 511 3681 ἐν
536 3629 614 3699 τῷ
643 3628 876 3699 παρόντι
903 3630 997 3682 τὸν
1034 3630 1192 3699 λόγον
1222 3634 1383 3699 ἡμεῖς
1422 3632 1774 3703 ἐξετάζομεν.
1799 3636 1868 3687 Τί

285 3719 380 3777 οὖν
409 3725 595 3787 ἐστιν;
624 3717 773 3791 ’Δρα
794 3724 888 3775 καὶ
914 3722 1079 3777 οὐσία
1103 3740 1187 3786 τις
1217 3727 1312 3779 καὶ
1342 3725 1710 3778 ὲνυπόστατον
1739 3725 1864 3780 καθ’

283 3816 448 3870 ἑαυτὸ
488 3814 732 3884 ὑφεστὼς
756 3817 851 3867 καὶ
885 3815 962 3886 μὴ
991 3814 1250 3885 δεόμενον
1277 3818 1473 3888 ἐτέρου
1507 3819 1642 3889 πρὸς
1678 3817 1864 3890 ὕπαρ-

286 3908 396 3975 ξιν,
421 3908 455 3977 ἢ
497 3905 718 3973 ποιότης
752 3904 1046 3975 ἀσώματος
1076 3906 1172 3958 καὶ
1200 3906 1487 3977 ἁνούσιοςι
1528 3910 1585 3963 ἐν
1617 3910 1764 3981 ἄλλῳ
1804 3912 1865 3964 τδ

285 3996 429 4054 εἶναι
479 4000 701 4070 ἔχουσα,
730 3999 832 4052 οὐκ
863 4000 922 4052 ἐν
953 3999 1127 4069 ἑαυτῇ
1185 3998 1601 4070 θεωρούμενονς
1649 4003 1789 4056 Ἀλλ’
1815 4005 1864 4057 εἰ

290 4093 392 4165 μὲν
419 4093 573 4145 οὐσία
598 4094 737 4157 ἐστὶ,
766 4092 997 4162 πότερον
1022 4090 1316 4163 ἀγγελικὴ,
1355 4092 1477 4144 ἐπεὶ
1507 4094 1603 4146 καὶ
1636 4096 1866 4163 ἄγγελος

286 4185 426 4253 φῶς,
459 4182 670 4234 καὶτοῦ
706 4180 925 4252 πρώτου
974 4181 1068 4235 καὶ
1107 4182 1371 4236 ἀνωτάτω
1419 4185 1597 4252 φωτὸς
1631 4203 1858 4258 μαιρμα-

290 4275 431 4347 ρυγη
456 4277 548 4328 καὶ
586 4273 937 4342 ἁπιόλαμψιςς
982 4273 1125 4326 Ἀλλ’
1154 4274 1255 4325 οὐκ
1282 4273 1348 4326 ἂν
1381 4274 1544 4327 τοῦτο
1581 4276 1726 4328 εἴποι
1749 4294 1764 4308 ο
1802 4277 1862 4329 οὐ

284 4372 396 4441 γὰρ
430 4369 497 4423 ἂν
522 4365 834 4437 εἰκονισμοῦ
865 4367 959 4419 καὶ
988 4369 1211 4437 γραφῆς
1239 4369 1461 4438 γραφήν
1481 4386 1585 4422 που
1617 4370 1862 4439 διέφυγεο

291 4463 566 4534 μάρτυρες
597 4459 1026 4530 ἁπαράγραπτοι
1048 4459 1118 4511 τά
1164 4462 1287 4530 ίερά
1309 4459 1488 4528 λόγια,
1519 4461 1683 4531 ἡνίκα
1728 4463 1862 4514 Θεὺν

287 4562 397 4615 τῶν
433 4559 607 4614 ἄλλων
660 4554 900 4608 διδάσκει
937 4553 1344 4623 προστάττοντα
1385 4555 1480 4605 καὶ
1536 4555 1744 4608 Μωσέα
1773 4556 1863 4609 τὸν

287 4651 758 4726 προσταττόμενον
804 4647 1116 4717 πράττοντα
1152 4645 1265 4699 τῶν
1302 4646 1587 4719 Χερουϐὶμ
1636 4649 1864 4704 ἐκείνων

284 4741 385 4814 τὴν
414 4738 653 4806 ποίησιν.
701 4737 751 4789 ει
790 4736 886 4788 καὶ
925 4727 1082 4797 οὗτος
1105 4735 1200 4796 τὰς
1231 4734 1386 4798 θείας
1415 4738 1600 4804 φωνὰς
1631 4739 1865 4793 ἀπαναί-

283 4851 460 4889 νεται.
509 4829 574 4883 Et
608 4830 665 4882 δὲ
693 4827 815 4883 θεία
844 4829 1004 4883 οὐσία
1065 4830 1204 4894 ἐστὶ,
1238 4830 1356 4893 πῶς
1386 4831 1468 4893 εἰς
1498 4830 1656 4884 τοῦτο
1689 4833 1864 4904 μετῴ-

284 4942 444 5000 χετο;
496 4927 556 4979 Ei
617 4924 717 4994 μὲν
750 4924 808 4975 ἐν
848 4922 958 4993 ἰδίᾳ
1005 4923 1305 4977 ὑποστάσει
1354 4925 1448 4976 καὶ
1485 4925 1610 4979 καθ’
1662 4928 1863 4998 ἑαυτὴν

288 5018 621 5090 μετελθοῦσα
645 5016 1018 5087 θεωρουμένη,
1077 5017 1174 5068 καὶ
1208 5009 1319 5068 οἷον
1352 5016 1483 5069 ἄλλο
1535 5019 1633 5071 καὶ
1663 5021 1865 5073 εἰδικὸν

286 5105 678 5175 ἁποτεμομένη
734 5102 1050 5172 πρόσωπον,
1094 5103 1188 5156 καὶ
1240 5103 1373 5172 πρὸς
1408 5103 1509 5174 τὴν
1557 5106 1653 5161 τοῦ
1686 5109 1862 5176 Λόγου

284 5200 583 5270 διαπρέπον
643 5198 969 5268 ἐμφέρειαν,
1027 5197 1273 5269 μηδεμιᾷ
1305 5196 1416 5251 τῶν
1445 5201 1504 5252 ἐν
1551 5204 1621 5272 τῇ
1673 5200 1866 5271 Τριάδι

283 5295 594 5364 νοουμένων
618 5293 1141 5362 συμπαρυποστᾶσα
1171 5295 1265 5346 καὶ
1293 5297 1633 5364 συμφυείσα.
1664 5298 1867 5363 τετρὰς

285 5388 437 5457 αὐτῷ
464 5388 652 5457 σαφῶς
674 5389 708 5459 ἡ
743 5385 916 5457 Τριάς
941 5388 1393 5452 ἀποτετέλεσται,
1423 5390 1522 5443 καὶ
1553 5391 1747 5460 ὁρᾶται
1790 5392 1866 5453 ὡς

284 5482 572 5550 φιλότιμος
608 5480 737 5549 περὶ
768 5479 868 5549 τὴν
891 5478 1041 5532 θείαν
1068 5480 1259 5534 οὐσίαν
1309 5482 1591 5550 Εὐσέϐιος,
1633 5483 1868 5554 ἀφθονίᾳ

286 5574 642 5627 ὑποστάσεων
668 5571 961 5641 πληθύνων
998 5574 1093 5626 καὶ
1115 5572 1298 5638 αὔξων
1318 5574 1388 5628 τὰ
1417 5576 1742 5647 ἀπλήθυντα
1772 5583 1869 5632 καὶ

285 5666 534 5736 ἀμείσυτα
568 5667 662 5719 καὶ
690 5666 870 5735 πάσης
896 5666 993 5737 τῆς
1022 5667 1274 5721 ὁπωαοῦν
1301 5669 1604 5741 ὑφέσει.)ςῆ
1633 5669 1867 5723 πλεονα-

288 5757 429 5827 opai:
482 5758 832 5812 παντάπασιν
882 5759 1236 5814 ἀνεπίδεκτα.
1302 5761 1365 5815 Ei
1413 5761 1471 5815 δὲ
1532 5764 1611 5826 είς
1641 5762 1739 5833 τὴν
1769 5762 1863 5817 τοῦ

1971 3284 2037 3323 eo
2110 3271 2408 3340 pervenit?
2470 3270 2527 3326 Si
2575 3273 2629 3325 in
2686 3274 2911 3342 propria
2958 3271 3284 3326 exsistentia
3340 3279 3398 3327 et
3456 3284 3556 3341 per

1971 3374 2031 3414 se
2085 3360 2359 3425 cernitur,
2390 3369 2447 3415 et
2512 3361 2657 3416 sicut
2718 3362 2822 3415 alia
2882 3376 3120 3431 qumque
3176 3359 3348 3414 facies
3402 3359 3552 3414 aesti-

1972 3460 2116 3506 mata
2150 3464 2206 3508 et
2236 3453 2306 3507 ad
2339 3454 2574 3507 verbum
2610 3454 3006 3524 explicandum
3043 3461 3167 3523 apta
3189 3491 3205 3516 ,
3240 3466 3364 3506 cum
3403 3449 3554 3504 unua

1970 3544 2263 3600 Trinitatis
2315 3560 2550 3615 persona
2602 3545 2860 3600 eamdem
2913 3543 3279 3599 substantiam
3311 3549 3556 3619 et‘natu-

1968 3651 2085 3689 ram
2113 3636 2305 3699 habet,
2331 3638 2388 3688 et
2411 3635 2756 3704 quaternitas
2788 3634 2924 3688 scite
2949 3634 3018 3687 ab
3043 3647 3111 3686 eo
3140 3630 3389 3684 Trinitas
3413 3628 3555 3681 facta

1968 3737 2073 3781 est.
2123 3727 2399 3796 Apparet,
2432 3724 2714 3796 quomodo
2746 3724 2815 3779 de
2847 3723 3031 3777 divina
3084 3720 3327 3775 essentia
3377 3719 3553 3771 Euse-

1968 3821 2095 3875 bius
2123 3819 2311 3889 gloriae
2339 3818 2576 3887 cupidus
2605 3831 2967 3886 personarum
3010 3813 3261 3883 largitate
3282 3810 3552 3871 cumulet,

1966 3912 2133 3984 4.68
2160 3922 2214 3966 et
2239 3919 2438 3980 augeat
2467 3924 2591 3979 qua:
2621 3909 2808 3979 augeri
2839 3924 2948 3962 non
2981 3907 3112 3961 licet
3142 3920 3247 3959 nec
3275 3901 3474 3966 minui,
3496 3907 3557 3954 et

1967 4020 2090 4074 quae
2120 4004 2331 4058 nullam
2374 4001 2814 4058 contractionem
2868 4008 2966 4054 aut
3012 3999 3397 4068 pleonasmum
3449 3992 3553 4047 ad-

1965 4097 2211 4159 mittunt.
2246 4094 2342 4150 Sin
2375 4108 2506 4148 vero
2549 4093 2603 4147 in
2640 4092 2807 4147 Verbi
2857 4088 3228 4145 substantiam
3268 4085 3553 4141 transfusa

1965 4198 2051 4245 est
2107 4197 2164 4243 et
2231 4185 2803 4249 transsubstantiata,
2861 4199 3027 4253 porro
3095 4178 3547 4234 benevolentiam

1965 4278 2134 4334 Verbi
2165 4275 2490 4330 substantiae
2520 4275 2692 4335 addit,
2746 4290 2869 4342 qua:
2910 4272 3108 4326 eadem
3167 4270 3312 4339 apud
3367 4267 3554 4322 Patris

1966 4370 2269 4427 essentiam
2294 4378 2401 4423 est.
2429 4368 2617 4422 Solum
2649 4368 2937 4422 nativitate
2972 4374 3029 4419 ut
3054 4364 3277 4434 prepria
3302 4359 3555 4433 propriee

1972 4473 2083 4520 tate
2115 4464 2353 4519 diversa.
2384 4461 2537 4515 Talia
2562 4475 2631 4515 ex
2661 4459 2810 4514 illius
2838 4456 3130 4528 principiis
3161 4463 3383 4523 recepta
3416 4459 3549 4506 sunt

1900 4524 1946 4584 υ
1973 4560 2160 4627 inepta
2191 4566 2248 4611 et
2281 4556 2518 4611 absurda
2538 4596 2553 4620 ,
2582 4554 2629 4609 si
2658 4524 3334 4608 lucem-illuminiandam
3361 4558 3553 4599 essen-2

1972 4650 2103 4705 tiam
2134 4663 2255 4704 esse
2284 4656 2463 4717 putat.
2498 4645 2799 4714 Reliquum
2833 4649 2917 4695 est
2948 4652 3198 4709 quaerere
3221 4674 3237 4701 ,
3272 4635 3387 4690 sive
3416 4650 3554 4705 quas

1971 4742 2183 4797 litatem
2232 4741 2373 4793 hanc
2411 4739 2795 4805 incorpoream
2821 4773 2836 4800 ,
2874 4734 2989 4788 sive
3023 4728 3435 4785 inessentialem
3467 4725 3557 4781 di-.

1970 4835 2082 4901 xit,
2115 4832 2248 4902 quid
2282 4830 2559 4885 attineat?
2586 4830 2756 4883 Estne
2787 4825 3052 4896 splendor
3079 4822 3147 4876 ab
3179 4819 3417 4877 essemia
3448 4817 3559 4873 alia

1969 4942 2077 4997 qua
2115 4924 2422 4987 deductus,
2461 4922 2517 4976 in
2552 4936 2716 4991 quem
2751 4918 2931 4972 forma
2979 4916 3071 4969 illa
3114 4914 3402 4968 immutata
3442 4909 3557 4974 esx‘!

1969 5019 2076 5075 Sed
2103 5015 2470 5071 nihilominus
2489 5012 2737 5067 omnium
2764 5010 2957 5064 ultima
2983 5007 3246 5077 superbia
3269 5013 3325 5059 et
3348 5003 3557 5057 absuro.

1967 5112 2112 5166 ditas
2139 5110 2331 5164 divino
2356 5108 2571 5178 corpori
2600 5104 2868 5160 adhibita.
2904 5100 3116 5158 Poterit
3139 5098 3390 5155 essentia:
3422 5112 3552 5151 νει-ε

1972 5209 2104 5263 bum
2142 5202 2483 5259 contumelia
2519 5200 2775 5261 adicere,
2811 5212 2922 5268 quo
2958 5195 3322 5251 induceretur
3355 5190 3553 5246 insub-e

1967 5297 2242 5354 stantiale.
2275 5295 2425 5349 Alias
2454 5309 2565 5347 non
2609 5293 2736 5346 licet
2772 5292 3097 5361 qualitatem
3120 5286 3371 5355 subjecto
3418 5281 3553 5337 SUb'.

1965 5393 2075 5446 lato
2102 5402 2203 5459 per
2228 5386 2361 5456 quid
2392 5388 2461 5442 sit
2489 5383 2884 5446 demonstrari,
2904 5381 3012 5437 etsi
3038 5381 3163 5451 quis
3195 5374 3551 5439 essentialem

1968 5484 2136 5540 dicat.
2164 5481 2298 5547 Quae
2328 5478 2386 5535 in
2415 5479 2673 5534 essentia
2702 5487 2913 5547 partem
2938 5474 3208 5544 recipitur
3231 5489 3246 5537 ;
3276 5479 3337 5526 ut
3358 5481 3549 5524 exem-

1967 5578 2059 5649 plo
2088 5586 2235 5642 utar,
2266 5573 2445 5645 logica
2493 5581 2638 5627 stare
2692 5586 2803 5626 non
2855 5569 3056 5641 poterit
3099 5567 3219 5620 sine
3261 5562 3544 5632 subjecto,

1965 5668 2114 5740 quod
2146 5677 2230 5722 est
2257 5668 2511 5721 animans
2531 5706 2546 5731 ,
2586 5665 2690 5719 nisi
2726 5664 2853 5734 quis
2884 5673 3044 5717 antea
3073 5659 3298 5715 vitalem
3325 5664 3383 5712 et
3414 5670 3547 5710 880-.

1970 5763 2185 5819 sualem
2218 5760 2516 5816 essentiam
2548 5755 2926 5831 proposuerit.

288 5853 460 5921 Λόγου
497 5849 827 5923 συγχυθεῖσα
853 5851 945 5911 καὶ
973 5846 1084 5906 οἷον
1111 5854 1536 5909 συνουσιωθείσα
1580 5855 1854 5925 παρῆλθ.ν
1883 5855 2204 5921 ὑπόστασιν,
2277 5852 2418 5922 μετά
2448 5850 2695 5916 πλείονος
2753 5850 2855 5920 τῆς
2896 5843 3322 5918 εὐγνωμοσύνης
3365 5858 3534 5914 προω
