  <div class='ocr_page' id='page_1' title='image "/cluster/home/n/w/nwhite01/storage/ocr_20150623/149:no.2/coo.31924054870542/215.png"; bbox 0 0 4016 6472; ppageno 0'>
   <div class='ocr_carea' id='block_1_1' title="bbox 490 418 3759 495">
    <p class='ocr_par' dir='ltr' id='par_1_1' title="bbox 490 418 3759 495">
     <span class='ocr_line' id='line_1_1' title="bbox 490 418 3759 495; baseline -0.004 0"><span class='ocrx_word' id='word_1_1' title='bbox 490 433 598 495; x_wconf 66' lang='grc' dir='ltr'>ιιδ</span> <span class='ocrx_word' id='word_1_2' title='bbox 1706 429 2133 492; x_wconf 80' lang='lat' dir='ltr'>NlL‘EPHORl</span> <span class='ocrx_word' id='word_1_3' title='bbox 2177 430 2562 492; x_wconf 64' lang='lat' dir='ltr'>GREGOlL‘E</span> <span class='ocrx_word' id='word_1_4' title='bbox 2972 492 2977 495; x_wconf 89' lang='lat'>_</span> <span class='ocrx_word' id='word_1_5' title='bbox 3660 418 3759 481; x_wconf 68' lang='grc' dir='ltr'>4Ῑ6</span> 
     </span>
    </p>
   </div>
   <div class='ocr_carea' id='block_1_2' title="bbox 489 532 3764 614">
    <p class='ocr_par' dir='ltr' id='par_1_2' title="bbox 489 532 3764 614">
     <span class='ocr_line' id='line_1_2' title="bbox 489 532 3764 614; baseline -0.004 -17"><span class='ocrx_word' id='word_1_6' title='bbox 489 545 671 614; x_wconf 82' lang='grc' dir='ltr'>θήκην</span> <span class='ocrx_word' id='word_1_7' title='bbox 700 546 796 597; x_wconf 74' lang='grc' dir='ltr'>καὶ</span> <span class='ocrx_word' id='word_1_8' title='bbox 830 541 1060 613; x_wconf 78' lang='grc' dir='ltr'>αὐξησιν</span> <span class='ocrx_word' id='word_1_9' title='bbox 1131 544 1196 612; x_wconf 80' lang='grc' dir='ltr'>τῇ</span> <span class='ocrx_word' id='word_1_10' title='bbox 1228 539 1321 594; x_wconf 77' lang='grc' dir='ltr'>τοῦ</span> <span class='ocrx_word' id='word_1_11' title='bbox 1354 541 1530 609; x_wconf 85' lang='grc' dir='ltr'>Λόγου</span> <span class='ocrx_word' id='word_1_12' title='bbox 1562 541 1700 611; x_wconf 79' lang='grc' dir='ltr'>αὐτῇ</span> <span class='ocrx_word' id='word_1_13' title='bbox 1760 542 1982 596; x_wconf 85' lang='grc' dir='ltr'>δίδωσιν</span> <span class='ocrx_word' id='word_1_14' title='bbox 2018 543 2356 597; x_wconf 68' lang='grc' dir='ltr'>ὐποστάσειυ</span> <span class='ocrx_word' id='word_1_15' title='bbox 2386 544 2508 614; x_wconf 82' lang='grc' dir='ltr'>ἥτις</span> <span class='ocrx_word' id='word_1_16' title='bbox 2535 544 2636 597; x_wconf 88' lang='grc' dir='ltr'>οὐκ</span> <span class='ocrx_word' id='word_1_17' title='bbox 2668 545 2800 613; x_wconf 70' lang='grc' dir='ltr'>άλλη</span> <span class='ocrx_word' id='word_1_18' title='bbox 2848 540 2997 613; x_wconf 87' lang='grc' dir='ltr'>παρά</span> <span class='ocrx_word' id='word_1_19' title='bbox 3038 541 3136 611; x_wconf 84' lang='grc' dir='ltr'>τὴν</span> <span class='ocrx_word' id='word_1_20' title='bbox 3178 537 3269 591; x_wconf 80' lang='grc' dir='ltr'>τοῦ</span> <span class='ocrx_word' id='word_1_21' title='bbox 3332 535 3546 607; x_wconf 75' lang='grc' dir='ltr'>Πατρδς</span> <span class='ocrx_word' id='word_1_22' title='bbox 3577 532 3764 585; x_wconf 78' lang='grc' dir='ltr'>οὐσίαν</span> 
     </span>
    </p>
   </div>
   <div class='ocr_carea' id='block_1_3' title="bbox 494 624 3757 707">
    <p class='ocr_par' dir='ltr' id='par_1_3' title="bbox 494 624 3757 707">
     <span class='ocr_line' id='line_1_3' title="bbox 494 624 3757 707; baseline -0.009 -3"><span class='ocrx_word' id='word_1_23' title='bbox 494 638 589 691; x_wconf 53' lang='grc' dir='ltr'>καί·</span> <span class='ocrx_word' id='word_1_24' title='bbox 618 636 780 704; x_wconf 69' lang='grc' dir='ltr'>φύσιν</span> <span class='ocrx_word' id='word_1_25' title='bbox 815 637 952 700; x_wconf 48' lang='grc' dir='ltr'>ἐστὶν</span> <span class='ocrx_word' id='word_1_26' title='bbox 982 632 1059 702; x_wconf 72' lang='grc' dir='ltr'>τῷ</span> <span class='ocrx_word' id='word_1_27' title='bbox 1084 631 1575 703; x_wconf 74' lang='grc' dir='ltr'>χαρακτηριστικῷ</span> <span class='ocrx_word' id='word_1_28' title='bbox 1605 632 1705 702; x_wconf 75' lang='grc' dir='ltr'>τῆς</span> <span class='ocrx_word' id='word_1_29' title='bbox 1747 633 2011 702; x_wconf 76' lang='grc' dir='ltr'>ίδιότητος</span> <span class='ocrx_word' id='word_1_30' title='bbox 2046 634 2209 703; x_wconf 87' lang='grc' dir='ltr'>μόνον</span> <span class='ocrx_word' id='word_1_31' title='bbox 2250 636 2392 689; x_wconf 81' lang='grc' dir='ltr'>κατά</span> <span class='ocrx_word' id='word_1_32' title='bbox 2441 636 2540 707; x_wconf 77' lang='grc' dir='ltr'>τὴν</span> <span class='ocrx_word' id='word_1_33' title='bbox 2572 636 2828 705; x_wconf 78' lang='grc' dir='ltr'>γέννησιν</span> <span class='ocrx_word' id='word_1_34' title='bbox 2878 633 3232 704; x_wconf 78' lang='grc' dir='ltr'>διαφέρουσα.</span> <span class='ocrx_word' id='word_1_35' title='bbox 3273 627 3514 683; x_wconf 76' lang='grc' dir='ltr'>Τοιαῦτα</span> <span class='ocrx_word' id='word_1_36' title='bbox 3549 624 3650 696; x_wconf 78' lang='grc' dir='ltr'>μὲν</span> <span class='ocrx_word' id='word_1_37' title='bbox 3687 624 3757 677; x_wconf 71' lang='grc' dir='ltr'>τά</span> 
     </span>
    </p>
   </div>
   <div class='ocr_carea' id='block_1_4' title="bbox 494 714 3771 801">
    <p class='ocr_par' dir='ltr' id='par_1_4' title="bbox 494 714 3771 801">
     <span class='ocr_line' id='line_1_4' title="bbox 494 714 3771 801; baseline -0 -22"><span class='ocrx_word' id='word_1_38' title='bbox 494 732 559 781; x_wconf 77' lang='grc' dir='ltr'>ἐκ</span> <span class='ocrx_word' id='word_1_39' title='bbox 628 731 737 782; x_wconf 82' lang='grc' dir='ltr'>τῶν</span> <span class='ocrx_word' id='word_1_40' title='bbox 803 730 1016 783; x_wconf 76' lang='grc' dir='ltr'>ἐκείνου</span> <span class='ocrx_word' id='word_1_41' title='bbox 1058 731 1242 800; x_wconf 79' lang='grc' dir='ltr'>ἀρχῶν</span> <span class='ocrx_word' id='word_1_42' title='bbox 1294 730 1644 796; x_wconf 80' lang='grc' dir='ltr'>ἀναφανέντα</span> <span class='ocrx_word' id='word_1_43' title='bbox 1698 730 1907 782; x_wconf 78' lang='grc' dir='ltr'>ἕκτοπα</span> <span class='ocrx_word' id='word_1_44' title='bbox 1948 732 2041 783; x_wconf 71' lang='grc' dir='ltr'>καὶ</span> <span class='ocrx_word' id='word_1_45' title='bbox 2074 732 2384 801; x_wconf 76' lang='grc' dir='ltr'>παράλογα,</span> <span class='ocrx_word' id='word_1_46' title='bbox 2423 732 2560 784; x_wconf 78' lang='grc' dir='ltr'>εἰτὸ</span> <span class='ocrx_word' id='word_1_47' title='bbox 2615 732 2732 800; x_wconf 82' lang='grc' dir='ltr'>φῶς</span> <span class='ocrx_word' id='word_1_48' title='bbox 2781 732 2958 783; x_wconf 76' lang='grc' dir='ltr'>ἐκεῖνο</span> <span class='ocrx_word' id='word_1_49' title='bbox 2985 730 3045 781; x_wconf 73' lang='grc' dir='ltr'>τὸ</span> <span class='ocrx_word' id='word_1_50' title='bbox 3076 729 3320 800; x_wconf 74' lang='grc' dir='ltr'>ἄρρητον</span> <span class='ocrx_word' id='word_1_51' title='bbox 3378 724 3566 778; x_wconf 81' lang='grc' dir='ltr'>οὐσίαν</span> <span class='ocrx_word' id='word_1_52' title='bbox 3629 714 3771 773; x_wconf 71' lang='grc' dir='ltr'>εἶναι</span> 
     </span>
    </p>
   </div>
   <div class='ocr_carea' id='block_1_5' title="bbox 490 810 3772 893">
    <p class='ocr_par' dir='ltr' id='par_1_5' title="bbox 490 810 3772 893">
     <span class='ocr_line' id='line_1_5' title="bbox 490 810 3772 893; baseline -0.002 -23"><span class='ocrx_word' id='word_1_53' title='bbox 490 819 638 887; x_wconf 78' lang='grc' dir='ltr'>λέγοι</span> <span class='ocrx_word' id='word_1_54' title='bbox 665 839 675 850; x_wconf 92' lang='grc'>·</span> <span class='ocrx_word' id='word_1_55' title='bbox 709 819 787 893; x_wconf 70' lang='grc' dir='ltr'>[ί.</span> <span class='ocrx_word' id='word_1_56' title='bbox 820 822 925 875; x_wconf 67' lang='grc'>245</span> <span class='ocrx_word' id='word_1_57' title='bbox 967 821 1024 891; x_wconf 71' lang='grc' dir='ltr'>α]</span> <span class='ocrx_word' id='word_1_58' title='bbox 1063 823 1356 875; x_wconf 78' lang='grc' dir='ltr'>ὑπόλοιπον</span> <span class='ocrx_word' id='word_1_59' title='bbox 1387 822 1431 873; x_wconf 82' lang='grc' dir='ltr'>δ’</span> <span class='ocrx_word' id='word_1_60' title='bbox 1474 817 1567 874; x_wconf 74' lang='grc' dir='ltr'>οὖν</span> <span class='ocrx_word' id='word_1_61' title='bbox 1609 822 1727 873; x_wconf 79' lang='grc' dir='ltr'>ἐστι</span> <span class='ocrx_word' id='word_1_62' title='bbox 1759 821 1968 891; x_wconf 80' lang='grc' dir='ltr'>ζητεῖν,</span> <span class='ocrx_word' id='word_1_63' title='bbox 2002 822 2052 874; x_wconf 85' lang='grc' dir='ltr'>εί</span> <span class='ocrx_word' id='word_1_64' title='bbox 2084 823 2345 893; x_wconf 85' lang='grc' dir='ltr'>ποιότητα</span> <span class='ocrx_word' id='word_1_65' title='bbox 2372 822 2531 876; x_wconf 77' lang='grc' dir='ltr'>τοῦτο</span> <span class='ocrx_word' id='word_1_66' title='bbox 2563 822 2854 891; x_wconf 83' lang='grc' dir='ltr'>ἀσώματον</span> <span class='ocrx_word' id='word_1_67' title='bbox 2889 822 2921 891; x_wconf 84' lang='grc' dir='ltr'>ἢ</span> <span class='ocrx_word' id='word_1_68' title='bbox 2962 820 3211 873; x_wconf 80' lang='grc' dir='ltr'>ἀνούσιον</span> <span class='ocrx_word' id='word_1_69' title='bbox 3266 812 3411 881; x_wconf 75' lang='grc' dir='ltr'>εἷπε,</span> <span class='ocrx_word' id='word_1_70' title='bbox 3444 813 3497 866; x_wconf 85' lang='grc' dir='ltr'>τί</span> <span class='ocrx_word' id='word_1_71' title='bbox 3528 810 3772 877; x_wconf 84' lang='grc' dir='ltr'>συμϐαί-</span> 
     </span>
    </p>
   </div>
   <div class='ocr_carea' id='block_1_6' title="bbox 491 902 3775 984">
    <p class='ocr_par' dir='ltr' id='par_1_6' title="bbox 491 902 3775 984">
     <span class='ocr_line' id='line_1_6' title="bbox 491 902 3775 984; baseline -0.003 -21"><span class='ocrx_word' id='word_1_72' title='bbox 491 927 592 973; x_wconf 84' lang='grc' dir='ltr'>νει,</span> <span class='ocrx_word' id='word_1_73' title='bbox 624 907 736 964; x_wconf 51' lang='grc' dir='ltr'>οἷον</span> <span class='ocrx_word' id='word_1_74' title='bbox 764 913 1071 983; x_wconf 71' lang='grc' dir='ltr'>ἀπόρροιαν</span> <span class='ocrx_word' id='word_1_75' title='bbox 1129 930 1278 972; x_wconf 87' lang='grc' dir='ltr'>τινος</span> <span class='ocrx_word' id='word_1_76' title='bbox 1343 912 1534 974; x_wconf 82' lang='grc' dir='ltr'>οὐσίας</span> <span class='ocrx_word' id='word_1_77' title='bbox 1595 913 1690 963; x_wconf 69' lang='grc' dir='ltr'>καὶ</span> <span class='ocrx_word' id='word_1_78' title='bbox 1746 912 2118 980; x_wconf 82' lang='grc' dir='ltr'>ἀπαύγασμα,</span> <span class='ocrx_word' id='word_1_79' title='bbox 2163 916 2241 976; x_wconf 85' lang='grc' dir='ltr'>είς</span> <span class='ocrx_word' id='word_1_80' title='bbox 2274 914 2340 984; x_wconf 79' lang='grc' dir='ltr'>ἣν</span> <span class='ocrx_word' id='word_1_81' title='bbox 2399 916 2431 984; x_wconf 81' lang='grc' dir='ltr'><strong>ἡ</strong></span> <span class='ocrx_word' id='word_1_82' title='bbox 2478 915 2662 984; x_wconf 80' lang='grc' dir='ltr'>μορφὴ</span> <span class='ocrx_word' id='word_1_83' title='bbox 2711 912 2893 983; x_wconf 79' lang='grc' dir='ltr'>ἐκείνη</span> <span class='ocrx_word' id='word_1_84' title='bbox 2936 911 3361 980; x_wconf 83' lang='grc' dir='ltr'>μεταϐέϐληται.</span> <span class='ocrx_word' id='word_1_85' title='bbox 3419 906 3559 959; x_wconf 76' lang='grc' dir='ltr'>Ἀλλ’</span> <span class='ocrx_word' id='word_1_86' title='bbox 3617 902 3775 957; x_wconf 76' lang='grc' dir='ltr'>οὐδὲν</span> 
     </span>
    </p>
   </div>
   <div class='ocr_carea' id='block_1_7' title="bbox 490 994 3773 1075">
    <p class='ocr_par' dir='ltr' id='par_1_7' title="bbox 490 994 3773 1075">
     <span class='ocr_line' id='line_1_7' title="bbox 490 994 3773 1075; baseline -0.002 -18"><span class='ocrx_word' id='word_1_87' title='bbox 490 1000 654 1072; x_wconf 78' lang='grc' dir='ltr'>ἦττον</span> <span class='ocrx_word' id='word_1_88' title='bbox 723 1006 755 1073; x_wconf 82' lang='grc' dir='ltr'>ἡ</span> <span class='ocrx_word' id='word_1_89' title='bbox 800 1005 991 1056; x_wconf 74' lang='grc' dir='ltr'>πασῶν</span> <span class='ocrx_word' id='word_1_90' title='bbox 1023 1004 1227 1073; x_wconf 79' lang='grc' dir='ltr'>ἐσχάτη</span> <span class='ocrx_word' id='word_1_91' title='bbox 1283 1001 1441 1072; x_wconf 76' lang='grc' dir='ltr'>ὕϐρις</span> <span class='ocrx_word' id='word_1_92' title='bbox 1480 1004 1575 1054; x_wconf 71' lang='grc' dir='ltr'>καὶ</span> <span class='ocrx_word' id='word_1_93' title='bbox 1611 1002 1808 1055; x_wconf 80' lang='grc' dir='ltr'>ἀτοπία</span> <span class='ocrx_word' id='word_1_94' title='bbox 1862 1003 1940 1070; x_wconf 72' lang='grc' dir='ltr'>τῷ</span> <span class='ocrx_word' id='word_1_95' title='bbox 1982 1002 2109 1073; x_wconf 84' lang='grc' dir='ltr'>θείῳ</span> <span class='ocrx_word' id='word_1_96' title='bbox 2149 1002 2607 1075; x_wconf 62' lang='grc' dir='ltr'>προστετρίψετοῐι</span> <span class='ocrx_word' id='word_1_97' title='bbox 2662 1004 2914 1073; x_wconf 74' lang='grc' dir='ltr'>σώματιο</span> <span class='ocrx_word' id='word_1_98' title='bbox 2946 1004 3255 1074; x_wconf 79' lang='grc' dir='ltr'>λωϐήσαιτο</span> <span class='ocrx_word' id='word_1_99' title='bbox 3315 1004 3424 1074; x_wconf 79' lang='grc' dir='ltr'>γάρ</span> <span class='ocrx_word' id='word_1_100' title='bbox 3455 1001 3521 1054; x_wconf 75' lang='grc' dir='ltr'>ἂν</span> <span class='ocrx_word' id='word_1_101' title='bbox 3549 997 3642 1051; x_wconf 65' lang='grc' dir='ltr'>τὸν</span> <span class='ocrx_word' id='word_1_102' title='bbox 3679 994 3773 1046; x_wconf 65' lang='grc' dir='ltr'>τοῦ</span> 
     </span>
    </p>
   </div>
   <div class='ocr_carea' id='block_1_8' title="bbox 492 1090 3776 1168">
    <p class='ocr_par' dir='ltr' id='par_1_8' title="bbox 492 1090 3776 1168">
     <span class='ocr_line' id='line_1_8' title="bbox 492 1090 3776 1168; baseline -0.002 -21"><span class='ocrx_word' id='word_1_103' title='bbox 492 1094 633 1148; x_wconf 84' lang='grc' dir='ltr'>εἶναι</span> <span class='ocrx_word' id='word_1_104' title='bbox 697 1095 890 1163; x_wconf 80' lang='grc' dir='ltr'>λόγον·</span> <span class='ocrx_word' id='word_1_105' title='bbox 928 1096 1214 1167; x_wconf 74' lang='grc' dir='ltr'>καὶταύτῃ</span> <span class='ocrx_word' id='word_1_106' title='bbox 1278 1097 1336 1149; x_wconf 77' lang='grc' dir='ltr'>τὸ</span> <span class='ocrx_word' id='word_1_107' title='bbox 1359 1095 1710 1166; x_wconf 82' lang='grc' dir='ltr'>ἀνύπαρκτον</span> <span class='ocrx_word' id='word_1_108' title='bbox 1733 1096 2143 1165; x_wconf 73' lang='grc' dir='ltr'>είσαχθήσεται,</span> <span class='ocrx_word' id='word_1_109' title='bbox 2186 1099 2364 1162; x_wconf 67' lang='grc' dir='ltr'>ἄλλως</span> <span class='ocrx_word' id='word_1_110' title='bbox 2414 1116 2474 1152; x_wconf 88' lang='grc' dir='ltr'>τε</span> <span class='ocrx_word' id='word_1_111' title='bbox 2543 1100 2667 1152; x_wconf 84' lang='grc' dir='ltr'>οὐδὲ</span> <span class='ocrx_word' id='word_1_112' title='bbox 2723 1099 2840 1152; x_wconf 69' lang='grc' dir='ltr'>ἐνὸν</span> <span class='ocrx_word' id='word_1_113' title='bbox 2910 1099 3177 1168; x_wconf 85' lang='grc' dir='ltr'>ποιότητα</span> <span class='ocrx_word' id='word_1_114' title='bbox 3240 1097 3607 1166; x_wconf 81' lang='grc' dir='ltr'>ὑποκειμένου</span> <span class='ocrx_word' id='word_1_115' title='bbox 3647 1090 3776 1159; x_wconf 77' lang='grc' dir='ltr'>δίχα</span> 
     </span>
    </p>
   </div>
   <div class='ocr_carea' id='block_1_9' title="bbox 492 1188 3763 1263">
    <p class='ocr_par' dir='ltr' id='par_1_9' title="bbox 492 1188 3763 1263">
     <span class='ocr_line' id='line_1_9' title="bbox 492 1188 3763 1263; baseline -0.001 -22"><span class='ocrx_word' id='word_1_116' title='bbox 492 1189 616 1242; x_wconf 79' lang='grc' dir='ltr'>καθ’</span> <span class='ocrx_word' id='word_1_117' title='bbox 639 1190 885 1259; x_wconf 83' lang='grc' dir='ltr'>ἑαυτὴνὸ</span> <span class='ocrx_word' id='word_1_118' title='bbox 910 1206 964 1242; x_wconf 89' lang='grc' dir='ltr'>τι</span> <span class='ocrx_word' id='word_1_119' title='bbox 991 1190 1123 1241; x_wconf 78' lang='grc' dir='ltr'>ποτέ</span> <span class='ocrx_word' id='word_1_120' title='bbox 1148 1191 1266 1241; x_wconf 78' lang='grc' dir='ltr'>ἐστι</span> <span class='ocrx_word' id='word_1_121' title='bbox 1287 1189 1680 1259; x_wconf 78' lang='grc' dir='ltr'>διαδειχθῆυαι,</span> <span class='ocrx_word' id='word_1_122' title='bbox 1709 1188 1811 1241; x_wconf 79' lang='grc' dir='ltr'>κᾶν</span> <span class='ocrx_word' id='word_1_123' title='bbox 1841 1189 1947 1240; x_wconf 84' lang='grc' dir='ltr'>τῶν</span> <span class='ocrx_word' id='word_1_124' title='bbox 1969 1191 2244 1243; x_wconf 71' lang='grc' dir='ltr'>οὐσιωδὼν</span> <span class='ocrx_word' id='word_1_125' title='bbox 2279 1192 2451 1262; x_wconf 66' lang='grc' dir='ltr'>αὐτὴν</span> <span class='ocrx_word' id='word_1_126' title='bbox 2479 1193 2621 1246; x_wconf 83' lang='grc' dir='ltr'>εῖποι</span> <span class='ocrx_word' id='word_1_127' title='bbox 2646 1209 2750 1257; x_wconf 88' lang='grc' dir='ltr'>τις,</span> <span class='ocrx_word' id='word_1_128' title='bbox 2781 1191 2814 1263; x_wconf 86' lang='grc' dir='ltr'>ἥ</span> <span class='ocrx_word' id='word_1_129' title='bbox 2850 1193 2944 1245; x_wconf 73' lang='grc' dir='ltr'>καὶ</span> <span class='ocrx_word' id='word_1_130' title='bbox 2979 1194 3035 1257; x_wconf 82' lang='grc' dir='ltr'>ἐς</span> <span class='ocrx_word' id='word_1_131' title='bbox 3062 1191 3251 1254; x_wconf 84' lang='grc' dir='ltr'>οὐσίας</span> <span class='ocrx_word' id='word_1_132' title='bbox 3278 1190 3443 1259; x_wconf 82' lang='grc' dir='ltr'>μέρος</span> <span class='ocrx_word' id='word_1_133' title='bbox 3470 1188 3763 1256; x_wconf 80' lang='grc' dir='ltr'>ἀνάγεται’</span> 
     </span>
    </p>
   </div>
   <div class='ocr_carea' id='block_1_10' title="bbox 490 1277 3780 1371">
    <p class='ocr_par' dir='ltr' id='par_1_10' title="bbox 490 1277 3780 1371">
     <span class='ocr_line' id='line_1_10' title="bbox 490 1277 3780 1371; baseline 0 -41"><span class='ocrx_word' id='word_1_134' title='bbox 490 1280 564 1342; x_wconf 79' lang='grc' dir='ltr'>ὡς</span> <span class='ocrx_word' id='word_1_135' title='bbox 594 1281 685 1332; x_wconf 72' lang='grc' dir='ltr'>ἐπὶ</span> <span class='ocrx_word' id='word_1_136' title='bbox 712 1280 1160 1350; x_wconf 76' lang='grc' dir='ltr'>παραδείγματος</span> <span class='ocrx_word' id='word_1_137' title='bbox 1192 1281 1390 1345; x_wconf 83' lang='grc' dir='ltr'>εἰπεῖν,</span> <span class='ocrx_word' id='word_1_138' title='bbox 1442 1280 1540 1331; x_wconf 85' lang='grc' dir='ltr'>οὐκ</span> <span class='ocrx_word' id='word_1_139' title='bbox 1574 1279 1637 1331; x_wconf 80' lang='grc' dir='ltr'>ἂν</span> <span class='ocrx_word' id='word_1_140' title='bbox 1682 1280 1740 1330; x_wconf 74' lang='grc' dir='ltr'>τὸ</span> <span class='ocrx_word' id='word_1_141' title='bbox 1770 1279 1988 1346; x_wconf 80' lang='grc' dir='ltr'>λογικόν</span> <span class='ocrx_word' id='word_1_142' title='bbox 2022 1298 2125 1333; x_wconf 88' lang='grc' dir='ltr'>που</span> <span class='ocrx_word' id='word_1_143' title='bbox 2176 1283 2409 1352; x_wconf 83' lang='grc' dir='ltr'>συσταίη</span> <span class='ocrx_word' id='word_1_144' title='bbox 2466 1283 2830 1371; x_wconf 79' lang='grc' dir='ltr'>ὑποκειμένου</span> <span class='ocrx_word' id='word_1_145' title='bbox 2880 1284 3033 1349; x_wconf 79' lang='grc' dir='ltr'>ἄνευ,</span> <span class='ocrx_word' id='word_1_146' title='bbox 3094 1283 3122 1336; x_wconf 80' lang='grc' dir='ltr'><strong>ὃ</strong></span> <span class='ocrx_word' id='word_1_147' title='bbox 3156 1283 3273 1334; x_wconf 81' lang='grc' dir='ltr'>ἐστι</span> <span class='ocrx_word' id='word_1_148' title='bbox 3302 1283 3363 1335; x_wconf 80' lang='grc' dir='ltr'>τὸ</span> <span class='ocrx_word' id='word_1_149' title='bbox 3400 1281 3559 1346; x_wconf 79' lang='grc' dir='ltr'>ζῶον,</span> <span class='ocrx_word' id='word_1_150' title='bbox 3598 1283 3647 1332; x_wconf 77' lang='grc' dir='ltr'>εἰ</span> <span class='ocrx_word' id='word_1_151' title='bbox 3703 1277 3780 1349; x_wconf 79' lang='grc' dir='ltr'>μὴ</span> 
     </span>
    </p>
   </div>
   <div class='ocr_carea' id='block_1_11' title="bbox 491 1375 2076 1445">
    <p class='ocr_par' dir='ltr' id='par_1_11' title="bbox 491 1375 2076 1445">
     <span class='ocr_line' id='line_1_11' title="bbox 491 1375 2076 1445; baseline 0.001 -18"><span class='ocrx_word' id='word_1_152' title='bbox 491 1378 757 1445; x_wconf 69' lang='grc' dir='ltr'>πρότερόν</span> <span class='ocrx_word' id='word_1_153' title='bbox 796 1394 880 1438; x_wconf 79' lang='grc' dir='ltr'>τις</span> <span class='ocrx_word' id='word_1_154' title='bbox 938 1377 1193 1429; x_wconf 76' lang='grc' dir='ltr'>ὐποθοῖτο</span> <span class='ocrx_word' id='word_1_155' title='bbox 1225 1376 1411 1428; x_wconf 87' lang='grc' dir='ltr'>οὐσίαν</span> <span class='ocrx_word' id='word_1_156' title='bbox 1438 1375 1682 1445; x_wconf 66' lang='grc' dir='ltr'>ἔμψυχον</span> <span class='ocrx_word' id='word_1_157' title='bbox 1722 1375 2076 1444; x_wconf 78' lang='grc' dir='ltr'>αἰσθητικήν.</span> 
     </span>
    </p>
   </div>
   <div class='ocr_carea' id='block_1_12' title="bbox 566 1471 2168 1541">
    <p class='ocr_par' dir='ltr' id='par_1_12' title="bbox 566 1471 2168 1541">
     <span class='ocr_line' id='line_1_12' title="bbox 566 1471 2168 1541; baseline 0.001 -18"><span class='ocrx_word' id='word_1_158' title='bbox 566 1471 680 1526; x_wconf 74' lang='lat' dir='ltr'>XV.</span> <span class='ocrx_word' id='word_1_159' title='bbox 740 1472 929 1541; x_wconf 73' lang='lat' dir='ltr'><strong>Itaque</strong></span> <span class='ocrx_word' id='word_1_160' title='bbox 994 1472 1371 1526; x_wconf 78' lang='lat' dir='ltr'><strong>leonomncliis</strong></span> <span class='ocrx_word' id='word_1_161' title='bbox 1454 1472 1753 1527; x_wconf 72' lang='lat' dir='ltr'><strong>Salvaturis</strong></span> <span class='ocrx_word' id='word_1_162' title='bbox 1809 1473 1863 1525; x_wconf 89' lang='lat' dir='ltr'>in</span> <span class='ocrx_word' id='word_1_163' title='bbox 1908 1476 2168 1533; x_wconf 78' lang='lat' dir='ltr'><strong>monleA</strong></span> 
     </span>
    </p>
   </div>
   <div class='ocr_carea' id='block_1_13' title="bbox 496 1563 2091 1634">
    <p class='ocr_par' dir='ltr' id='par_1_13' title="bbox 496 1563 2091 1634">
     <span class='ocr_line' id='line_1_13' title="bbox 496 1563 2091 1634; baseline -0.001 -16"><span class='ocrx_word' id='word_1_164' title='bbox 496 1566 1039 1634; x_wconf 80' lang='lat' dir='ltr'><strong>transﬁgurationem</strong></span> <span class='ocrx_word' id='word_1_165' title='bbox 1073 1580 1181 1617; x_wconf 86' lang='lat' dir='ltr'>nun</span> <span class='ocrx_word' id='word_1_166' title='bbox 1217 1563 1405 1618; x_wconf 75' lang='lat' dir='ltr'><strong>lormze</strong></span> <span class='ocrx_word' id='word_1_167' title='bbox 1438 1564 1795 1618; x_wconf 75' lang='lat' dir='ltr'><strong>variatimiem</strong></span> <span class='ocrx_word' id='word_1_168' title='bbox 1822 1565 1875 1618; x_wconf 90' lang='lat' dir='ltr'>in</span> <span class='ocrx_word' id='word_1_169' title='bbox 1909 1564 2091 1632; x_wconf 82' lang='lat' dir='ltr'><strong>splen-</strong></span> 
     </span>
    </p>
   </div>
   <div class='ocr_carea' id='block_1_14' title="bbox 493 1655 2090 1727">
    <p class='ocr_par' dir='ltr' id='par_1_14' title="bbox 493 1655 2090 1727">
     <span class='ocr_line' id='line_1_14' title="bbox 493 1655 2090 1727; baseline 0.002 -20"><span class='ocrx_word' id='word_1_170' title='bbox 493 1655 762 1709; x_wconf 82' lang='lat' dir='ltr'><strong>didiorem</strong></span> <span class='ocrx_word' id='word_1_171' title='bbox 787 1657 986 1723; x_wconf 85' lang='lat' dir='ltr'><strong>putari,</strong></span> <span class='ocrx_word' id='word_1_172' title='bbox 1006 1657 1095 1710; x_wconf 84' lang='lat' dir='ltr'>sed</span> <span class='ocrx_word' id='word_1_173' title='bbox 1119 1657 1459 1711; x_wconf 63' lang='lat' dir='ltr'><strong>salutiferum</strong></span> <span class='ocrx_word' id='word_1_174' title='bbox 1485 1672 1685 1727; x_wconf 88' lang='lat' dir='ltr'><strong>corpus</strong></span> <span class='ocrx_word' id='word_1_175' title='bbox 1710 1656 1762 1710; x_wconf 91' lang='lat' dir='ltr'>in</span> <span class='ocrx_word' id='word_1_176' title='bbox 1787 1659 2090 1711; x_wconf 86' lang='lat' dir='ltr'><strong>increatum</strong></span> 
     </span>
    </p>
   </div>
   <div class='ocr_carea' id='block_1_15' title="bbox 493 1745 2091 1819">
    <p class='ocr_par' dir='ltr' id='par_1_15' title="bbox 493 1745 2091 1819">
     <span class='ocr_line' id='line_1_15' title="bbox 493 1745 2091 1819; baseline 0.004 -24"><span class='ocrx_word' id='word_1_177' title='bbox 493 1745 661 1815; x_wconf 56' lang='lat'>5,59</span> <span class='ocrx_word' id='word_1_178' title='bbox 715 1758 1085 1816; x_wconf 77' lang='lat' dir='ltr'>permutatum</span> <span class='ocrx_word' id='word_1_179' title='bbox 1138 1764 1259 1803; x_wconf 71' lang='lat' dir='ltr'><strong>esse</strong></span> <span class='ocrx_word' id='word_1_180' title='bbox 1300 1760 1357 1803; x_wconf 90' lang='lat' dir='ltr'>et</span> <span class='ocrx_word' id='word_1_181' title='bbox 1409 1749 1868 1819; x_wconf 88' lang='lat' dir='ltr'><strong>incorruptibile,</strong></span> <span class='ocrx_word' id='word_1_182' title='bbox 1914 1749 2091 1802; x_wconf 83' lang='lat' dir='ltr'>lucem</span> 
     </span>
    </p>
   </div>
   <div class='ocr_carea' id='block_1_16' title="bbox 497 1838 2089 1893">
    <p class='ocr_par' dir='ltr' id='par_1_16' title="bbox 497 1838 2089 1893">
     <span class='ocr_line' id='line_1_16' title="bbox 497 1838 2089 1893; baseline 0.004 -7"><span class='ocrx_word' id='word_1_183' title='bbox 497 1845 682 1889; x_wconf 82' lang='lat' dir='ltr'><strong>autem</strong></span> <span class='ocrx_word' id='word_1_184' title='bbox 716 1846 828 1889; x_wconf 88' lang='lat' dir='ltr'>tum</span> <span class='ocrx_word' id='word_1_185' title='bbox 867 1838 1142 1891; x_wconf 75' lang='lat' dir='ltr'>lucentem</span> <span class='ocrx_word' id='word_1_186' title='bbox 1178 1840 1439 1893; x_wconf 85' lang='lat' dir='ltr'><strong>deitatem</strong></span> <span class='ocrx_word' id='word_1_187' title='bbox 1473 1839 1775 1893; x_wconf 76' lang='lat' dir='ltr'><strong>iucrcatazn</strong></span> <span class='ocrx_word' id='word_1_188' title='bbox 1806 1848 1860 1893; x_wconf 87' lang='lat' dir='ltr'>et</span> <span class='ocrx_word' id='word_1_189' title='bbox 1895 1839 2089 1893; x_wconf 84' lang='lat' dir='ltr'><strong>insub—</strong></span> 
     </span>
    </p>
   </div>
   <div class='ocr_carea' id='block_1_17' title="bbox 495 1928 2092 1997">
    <p class='ocr_par' dir='ltr' id='par_1_17' title="bbox 495 1928 2092 1997">
     <span class='ocr_line' id='line_1_17' title="bbox 495 1928 2092 1997; baseline 0.003 -17"><span class='ocrx_word' id='word_1_190' title='bbox 495 1928 804 1983; x_wconf 76' lang='lat' dir='ltr'><strong>stantialem</strong></span> <span class='ocrx_word' id='word_1_191' title='bbox 853 1946 995 1997; x_wconf 89' lang='lat' dir='ltr'><strong>esse,</strong></span> <span class='ocrx_word' id='word_1_192' title='bbox 1039 1931 1093 1985; x_wconf 93' lang='lat' dir='ltr'>in</span> <span class='ocrx_word' id='word_1_193' title='bbox 1134 1942 1321 1985; x_wconf 90' lang='lat' dir='ltr'><strong>monte</strong></span> <span class='ocrx_word' id='word_1_194' title='bbox 1351 1931 1712 1986; x_wconf 79' lang='lat' dir='ltr'><strong>inercationis</strong></span> <span class='ocrx_word' id='word_1_195' title='bbox 1764 1931 2003 1985; x_wconf 84' lang='lat' dir='ltr'><strong>hominis</strong></span> <span class='ocrx_word' id='word_1_196' title='bbox 2036 1938 2092 1986; x_wconf 91' lang='lat' dir='ltr'>et</span> 
     </span>
    </p>
   </div>
   <div class='ocr_carea' id='block_1_18' title="bbox 496 2021 2090 2095">
    <p class='ocr_par' dir='ltr' id='par_1_18' title="bbox 496 2021 2090 2095">
     <span class='ocr_line' id='line_1_18' title="bbox 496 2021 2090 2095; baseline 0.002 -21"><span class='ocrx_word' id='word_1_197' title='bbox 496 2021 929 2092; x_wconf 86' lang='lat' dir='ltr'><strong>incorruptionis</strong></span> <span class='ocrx_word' id='word_1_198' title='bbox 979 2024 1199 2077; x_wconf 91' lang='lat' dir='ltr'><strong>initium</strong></span> <span class='ocrx_word' id='word_1_199' title='bbox 1247 2025 1450 2078; x_wconf 81' lang='lat' dir='ltr'><strong>factum</strong></span> <span class='ocrx_word' id='word_1_200' title='bbox 1484 2025 1536 2079; x_wconf 90' lang='lat' dir='ltr'>in</span> <span class='ocrx_word' id='word_1_201' title='bbox 1564 2025 1810 2095; x_wconf 84' lang='lat' dir='ltr'><strong>pignoris</strong></span> <span class='ocrx_word' id='word_1_202' title='bbox 1843 2025 2090 2088; x_wconf 88' lang='lat' dir='ltr'><strong>modum,</strong></span> 
     </span>
    </p>
   </div>
   <div class='ocr_carea' id='block_1_19' title="bbox 494 2118 2088 2188">
    <p class='ocr_par' dir='ltr' id='par_1_19' title="bbox 494 2118 2088 2188">
     <span class='ocr_line' id='line_1_19' title="bbox 494 2118 2088 2188; baseline 0.006 -27"><span class='ocrx_word' id='word_1_203' title='bbox 494 2124 620 2182; x_wconf 74' lang='lat' dir='ltr'><strong>post</strong></span> <span class='ocrx_word' id='word_1_204' title='bbox 640 2126 873 2169; x_wconf 76' lang='lat' dir='ltr'><strong>mortem</strong></span> <span class='ocrx_word' id='word_1_205' title='bbox 897 2127 952 2171; x_wconf 92' lang='lat' dir='ltr'>et</span> <span class='ocrx_word' id='word_1_206' title='bbox 977 2118 1033 2170; x_wconf 90' lang='lat' dir='ltr'>in</span> <span class='ocrx_word' id='word_1_207' title='bbox 1051 2119 1224 2172; x_wconf 70' lang='lat' dir='ltr'><strong>cwlos</strong></span> <span class='ocrx_word' id='word_1_208' title='bbox 1241 2119 1679 2187; x_wconf 80' lang='lat' dir='ltr'><strong>assumptioncm</strong></span> <span class='ocrx_word' id='word_1_209' title='bbox 1704 2119 1954 2172; x_wconf 73' lang='lat' dir='ltr'><strong>absolute</strong></span> <span class='ocrx_word' id='word_1_210' title='bbox 1976 2119 2088 2188; x_wconf 90' lang='lat' dir='ltr'>jam</span> 
     </span>
    </p>
   </div>
   <div class='ocr_carea' id='block_1_20' title="bbox 496 2204 2091 2278">
    <p class='ocr_par' dir='ltr' id='par_1_20' title="bbox 496 2204 2091 2278">
     <span class='ocr_line' id='line_1_20' title="bbox 496 2204 2091 2278; baseline 0.006 -23"><span class='ocrx_word' id='word_1_211' title='bbox 496 2204 827 2266; x_wconf 82' lang='lat' dir='ltr'><strong>inercalum.</strong></span> <span class='ocrx_word' id='word_1_212' title='bbox 852 2209 1091 2278; x_wconf 81' lang='lat' dir='ltr'><strong>denique</strong></span> <span class='ocrx_word' id='word_1_213' title='bbox 1124 2210 1343 2264; x_wconf 86' lang='lat' dir='ltr'><strong>initium</strong></span> <span class='ocrx_word' id='word_1_214' title='bbox 1382 2210 1875 2265; x_wconf 85' lang='lat' dir='ltr'><strong>lconomaehorum</strong></span> <span class='ocrx_word' id='word_1_215' title='bbox 1914 2210 2091 2264; x_wconf 73' lang='lat' dir='ltr'><strong>haere-</strong></span> 
     </span>
    </p>
   </div>
   <div class='ocr_carea' id='block_1_21' title="bbox 497 2301 2089 2374">
    <p class='ocr_par' dir='ltr' id='par_1_21' title="bbox 497 2301 2089 2374">
     <span class='ocr_line' id='line_1_21' title="bbox 497 2301 2089 2374; baseline 0.003 -24"><span class='ocrx_word' id='word_1_216' title='bbox 497 2312 624 2352; x_wconf 88' lang='lat' dir='ltr'><strong>seos</strong></span> <span class='ocrx_word' id='word_1_217' title='bbox 655 2301 736 2354; x_wconf 90' lang='lat' dir='ltr'>eis</span> <span class='ocrx_word' id='word_1_218' title='bbox 779 2315 901 2355; x_wconf 85' lang='lat' dir='ltr'><strong>esse</strong></span> <span class='ocrx_word' id='word_1_219' title='bbox 929 2319 995 2357; x_wconf 80' lang='lat' dir='ltr'><strong>ex</strong></span> <span class='ocrx_word' id='word_1_220' title='bbox 1034 2303 1535 2374; x_wconf 80' lang='lat' dir='ltr'><strong>transﬁgurationis</strong></span> <span class='ocrx_word' id='word_1_221' title='bbox 1563 2302 1826 2372; x_wconf 91' lang='lat' dir='ltr'><strong>opinione</strong></span> <span class='ocrx_word' id='word_1_222' title='bbox 1858 2302 2089 2369; x_wconf 80' lang='lat' dir='ltr'><strong>factum,</strong></span> 
     </span>
    </p>
   </div>
   <div class='ocr_carea' id='block_1_22' title="bbox 493 2389 2093 2465">
    <p class='ocr_par' dir='ltr' id='par_1_22' title="bbox 493 2389 2093 2465">
     <span class='ocr_line' id='line_1_22' title="bbox 493 2389 2093 2465; baseline 0.006 -24"><span class='ocrx_word' id='word_1_223' title='bbox 493 2389 606 2458; x_wconf 84' lang='lat' dir='ltr'>jam</span> <span class='ocrx_word' id='word_1_224' title='bbox 643 2408 752 2445; x_wconf 87' lang='lat' dir='ltr'>non</span> <span class='ocrx_word' id='word_1_225' title='bbox 785 2408 889 2451; x_wconf 90' lang='lat' dir='ltr'>me.</span> <span class='ocrx_word' id='word_1_226' title='bbox 921 2394 1015 2447; x_wconf 90' lang='lat' dir='ltr'>sed</span> <span class='ocrx_word' id='word_1_227' title='bbox 1052 2410 1308 2465; x_wconf 81' lang='lat' dir='ltr'><strong>magnum</strong></span> <span class='ocrx_word' id='word_1_228' title='bbox 1340 2395 1557 2449; x_wconf 79' lang='lat' dir='ltr'><strong>Patrem</strong></span> <span class='ocrx_word' id='word_1_229' title='bbox 1586 2404 1640 2449; x_wconf 91' lang='lat' dir='ltr'>et</span> <span class='ocrx_word' id='word_1_230' title='bbox 1671 2394 1873 2449; x_wconf 63' lang='lat' dir='ltr'><strong>divinae</strong></span> <span class='ocrx_word' id='word_1_231' title='bbox 1899 2395 2093 2450; x_wconf 77' lang='lat' dir='ltr'><strong>Eccle-</strong></span> 
     </span>
    </p>
   </div>
   <div class='ocr_carea' id='block_1_23' title="bbox 501 2483 2091 2558">
    <p class='ocr_par' dir='ltr' id='par_1_23' title="bbox 501 2483 2091 2558">
     <span class='ocr_line' id='line_1_23' title="bbox 501 2483 2091 2558; baseline 0.003 -22"><span class='ocrx_word' id='word_1_232' title='bbox 501 2483 597 2536; x_wconf 61' lang='lat' dir='ltr'><strong>sise</strong></span> <span class='ocrx_word' id='word_1_233' title='bbox 623 2495 1017 2553; x_wconf 72' lang='lat' dir='ltr'><strong>praeceptorem</strong></span> <span class='ocrx_word' id='word_1_234' title='bbox 1054 2495 1369 2540; x_wconf 89' lang='lat' dir='ltr'><strong>narrantem</strong></span> <span class='ocrx_word' id='word_1_235' title='bbox 1402 2486 1664 2542; x_wconf 83' lang='lat' dir='ltr'><strong>audistis.</strong></span> <span class='ocrx_word' id='word_1_236' title='bbox 1726 2488 1897 2558; x_wconf 85' lang='lat' dir='ltr'><strong>Cujus</strong></span> <span class='ocrx_word' id='word_1_237' title='bbox 1930 2487 2091 2542; x_wconf 83' lang='lat' dir='ltr'><strong>Iidem</strong></span> 
     </span>
    </p>
   </div>
   <div class='ocr_carea' id='block_1_24' title="bbox 500 2575 2094 2649">
    <p class='ocr_par' dir='ltr' id='par_1_24' title="bbox 500 2575 2094 2649">
     <span class='ocr_line' id='line_1_24' title="bbox 500 2575 2094 2649; baseline 0.003 -21"><span class='ocrx_word' id='word_1_238' title='bbox 500 2590 571 2629; x_wconf 85' lang='lat' dir='ltr'>ne</span> <span class='ocrx_word' id='word_1_239' title='bbox 594 2575 874 2630; x_wconf 82' lang='lat' dir='ltr'><strong>diabolum</strong></span> <span class='ocrx_word' id='word_1_240' title='bbox 900 2578 1125 2647; x_wconf 80' lang='lat' dir='ltr'><strong>quidem</strong></span> <span class='ocrx_word' id='word_1_241' title='bbox 1161 2587 1557 2648; x_wconf 87' lang='lat' dir='ltr'><strong>superaturum</strong></span> <span class='ocrx_word' id='word_1_242' title='bbox 1594 2589 1771 2649; x_wconf 86' lang='lat' dir='ltr'><strong>puto;</strong></span> <span class='ocrx_word' id='word_1_243' title='bbox 1820 2594 1929 2633; x_wconf 90' lang='lat' dir='ltr'>non</span> <span class='ocrx_word' id='word_1_244' title='bbox 1966 2577 2094 2649; x_wconf 87' lang='lat' dir='ltr'><strong>quia</strong></span> 
     </span>
    </p>
   </div>
   <div class='ocr_carea' id='block_1_25' title="bbox 500 2672 2091 2745">
    <p class='ocr_par' dir='ltr' id='par_1_25' title="bbox 500 2672 2091 2745">
     <span class='ocr_line' id='line_1_25' title="bbox 500 2672 2091 2745; baseline 0.006 -24"><span class='ocrx_word' id='word_1_245' title='bbox 500 2672 654 2723; x_wconf 81' lang='grc' dir='ltr'>οηιηί</span> <span class='ocrx_word' id='word_1_246' title='bbox 698 2673 951 2728; x_wconf 80' lang='lat' dir='ltr'><strong>doctrina</strong></span> <span class='ocrx_word' id='word_1_247' title='bbox 993 2675 1223 2743; x_wconf 83' lang='lat' dir='ltr'><strong>profana</strong></span> <span class='ocrx_word' id='word_1_248' title='bbox 1258 2685 1315 2729; x_wconf 91' lang='lat' dir='ltr'>et</span> <span class='ocrx_word' id='word_1_249' title='bbox 1363 2690 1485 2744; x_wconf 64' lang='lat' dir='ltr'><strong>quae</strong></span> <span class='ocrx_word' id='word_1_250' title='bbox 1522 2674 1590 2729; x_wconf 91' lang='lat' dir='ltr'>ad</span> <span class='ocrx_word' id='word_1_251' title='bbox 1630 2674 1957 2745; x_wconf 83' lang='lat' dir='ltr'><strong>religionem</strong></span> <span class='ocrx_word' id='word_1_252' title='bbox 1991 2690 2091 2730; x_wconf 82' lang='lat' dir='ltr'><strong>no-</strong></span> 
     </span>
    </p>
   </div>
   <div class='ocr_carea' id='block_1_26' title="bbox 501 2767 2088 2839">
    <p class='ocr_par' dir='ltr' id='par_1_26' title="bbox 501 2767 2088 2839">
     <span class='ocr_line' id='line_1_26' title="bbox 501 2767 2088 2839; baseline 0.005 -25"><span class='ocrx_word' id='word_1_253' title='bbox 501 2773 670 2816; x_wconf 75' lang='lat' dir='ltr'><strong>t-tram</strong></span> <span class='ocrx_word' id='word_1_254' title='bbox 704 2776 918 2834; x_wconf 84' lang='lat' dir='ltr'><strong>spectat</strong></span> <span class='ocrx_word' id='word_1_255' title='bbox 953 2782 1185 2839; x_wconf 82' lang='lat' dir='ltr'><strong>magnus</strong></span> <span class='ocrx_word' id='word_1_256' title='bbox 1214 2768 1644 2836; x_wconf 72' lang='lat' dir='ltr'><strong>cognominatus</strong></span> <span class='ocrx_word' id='word_1_257' title='bbox 1673 2778 1780 2833; x_wconf 90' lang='lat' dir='ltr'><strong>est,</strong></span> <span class='ocrx_word' id='word_1_258' title='bbox 1818 2768 1911 2821; x_wconf 89' lang='lat' dir='ltr'>sed</span> <span class='ocrx_word' id='word_1_259' title='bbox 1943 2767 2088 2837; x_wconf 91' lang='lat' dir='ltr'><strong>quod</strong></span> 
     </span>
    </p>
   </div>
   <div class='ocr_carea' id='block_1_27' title="bbox 502 2857 2089 2928">
    <p class='ocr_par' dir='ltr' id='par_1_27' title="bbox 502 2857 2089 2928">
     <span class='ocr_line' id='line_1_27' title="bbox 502 2857 2089 2928; baseline 0.004 -21"><span class='ocrx_word' id='word_1_260' title='bbox 502 2873 722 2910; x_wconf 83' lang='lat' dir='ltr'><strong>munem</strong></span> <span class='ocrx_word' id='word_1_261' title='bbox 772 2857 825 2912; x_wconf 89' lang='lat' dir='ltr'>in</span> <span class='ocrx_word' id='word_1_262' title='bbox 862 2859 1030 2914; x_wconf 89' lang='lat' dir='ltr'><strong>Deum</strong></span> <span class='ocrx_word' id='word_1_263' title='bbox 1074 2860 1338 2914; x_wconf 83' lang='lat' dir='ltr'><strong>virtutem</strong></span> <span class='ocrx_word' id='word_1_264' title='bbox 1387 2861 1790 2928; x_wconf 79' lang='lat' dir='ltr'><strong>perfectissime</strong></span> <span class='ocrx_word' id='word_1_265' title='bbox 1826 2861 2089 2925; x_wconf 81' lang='lat' dir='ltr'><strong>excoluit,</strong></span> 
     </span>
    </p>
   </div>
   <div class='ocr_carea' id='block_1_28' title="bbox 501 2946 2093 3022">
    <p class='ocr_par' dir='ltr' id='par_1_28' title="bbox 501 2946 2093 3022">
     <span class='ocr_line' id='line_1_28' title="bbox 501 2946 2093 3022; baseline 0.007 -25"><span class='ocrx_word' id='word_1_266' title='bbox 501 2956 555 2997; x_wconf 90' lang='lat' dir='ltr'>et</span> <span class='ocrx_word' id='word_1_267' title='bbox 596 2946 660 2999; x_wconf 90' lang='lat' dir='ltr'>ad</span> <span class='ocrx_word' id='word_1_268' title='bbox 713 2963 990 3003; x_wconf 90' lang='lat' dir='ltr'><strong>summum</strong></span> <span class='ocrx_word' id='word_1_269' title='bbox 1045 2949 1099 3004; x_wconf 94' lang='lat' dir='ltr'>in</span> <span class='ocrx_word' id='word_1_270' title='bbox 1134 2966 1197 3004; x_wconf 90' lang='lat' dir='ltr'>ea</span> <span class='ocrx_word' id='word_1_271' title='bbox 1243 2950 1525 3022; x_wconf 79' lang='lat' dir='ltr'><strong>fastigium</strong></span> <span class='ocrx_word' id='word_1_272' title='bbox 1581 2952 1855 3021; x_wconf 81' lang='lat' dir='ltr'><strong>pervenit.</strong></span> <span class='ocrx_word' id='word_1_273' title='bbox 1902 2953 1975 3006; x_wconf 89' lang='lat' dir='ltr'>ita</span> <span class='ocrx_word' id='word_1_274' title='bbox 2029 2962 2093 3008; x_wconf 90' lang='lat' dir='ltr'>ut</span> 
     </span>
    </p>
   </div>
   <div class='ocr_carea' id='block_1_29' title="bbox 500 3038 2087 3114">
    <p class='ocr_par' dir='ltr' id='par_1_29' title="bbox 500 3038 2087 3114">
     <span class='ocr_line' id='line_1_29' title="bbox 500 3038 2087 3114; baseline 0.005 -23"><span class='ocrx_word' id='word_1_275' title='bbox 500 3040 688 3092; x_wconf 75' lang='lat' dir='ltr'><strong>Omnia</strong></span> <span class='ocrx_word' id='word_1_276' title='bbox 722 3038 883 3096; x_wconf 82' lang='lat' dir='ltr'><strong>facile</strong></span> <span class='ocrx_word' id='word_1_277' title='bbox 912 3041 1159 3098; x_wconf 88' lang='lat' dir='ltr'><strong>mitteret</strong></span> <span class='ocrx_word' id='word_1_278' title='bbox 1195 3058 1304 3098; x_wconf 92' lang='lat' dir='ltr'>non</span> <span class='ocrx_word' id='word_1_279' title='bbox 1334 3043 1499 3097; x_wconf 90' lang='lat' dir='ltr'><strong>modo</strong></span> <span class='ocrx_word' id='word_1_280' title='bbox 1528 3059 1652 3113; x_wconf 66' lang='lat' dir='ltr'><strong>quae</strong></span> <span class='ocrx_word' id='word_1_281' title='bbox 1677 3057 1833 3098; x_wconf 83' lang='lat' dir='ltr'><strong>extra</strong></span> <span class='ocrx_word' id='word_1_282' title='bbox 1859 3060 2087 3114; x_wconf 87' lang='lat' dir='ltr'><strong>corpus,</strong></span> 
     </span>
    </p>
   </div>
   <div class='ocr_carea' id='block_1_30' title="bbox 501 3132 2092 3204">
    <p class='ocr_par' dir='ltr' id='par_1_30' title="bbox 501 3132 2092 3204">
     <span class='ocr_line' id='line_1_30' title="bbox 501 3132 2092 3204; baseline 0.007 -24"><span class='ocrx_word' id='word_1_283' title='bbox 501 3144 693 3185; x_wconf 62' lang='lat' dir='ltr'><strong>vi-rum</strong></span> <span class='ocrx_word' id='word_1_284' title='bbox 716 3132 881 3186; x_wconf 88' lang='lat' dir='ltr'><strong>etiam</strong></span> <span class='ocrx_word' id='word_1_285' title='bbox 918 3132 1098 3203; x_wconf 89' lang='lat' dir='ltr'><strong>ipsum</strong></span> <span class='ocrx_word' id='word_1_286' title='bbox 1129 3148 1337 3204; x_wconf 87' lang='lat' dir='ltr'><strong>corpus</strong></span> <span class='ocrx_word' id='word_1_287' title='bbox 1366 3150 1556 3189; x_wconf 88' lang='lat' dir='ltr'><strong>amore</strong></span> <span class='ocrx_word' id='word_1_288' title='bbox 1595 3135 1649 3189; x_wconf 90' lang='lat' dir='ltr'>in</span> <span class='ocrx_word' id='word_1_289' title='bbox 1684 3136 1856 3190; x_wconf 92' lang='lat' dir='ltr'><strong>Deum</strong></span> <span class='ocrx_word' id='word_1_290' title='bbox 1891 3136 2092 3191; x_wconf 89' lang='lat' dir='ltr'><strong>ductus</strong></span> 
     </span>
    </p>
   </div>
   <div class='ocr_carea' id='block_1_31' title="bbox 504 3223 2090 3297">
    <p class='ocr_par' dir='ltr' id='par_1_31' title="bbox 504 3223 2090 3297">
     <span class='ocr_line' id='line_1_31' title="bbox 504 3223 2090 3297; baseline 0.006 -22"><span class='ocrx_word' id='word_1_291' title='bbox 504 3223 558 3275; x_wconf 85' lang='lat' dir='ltr'>in</span> <span class='ocrx_word' id='word_1_292' title='bbox 590 3224 831 3292; x_wconf 83' lang='lat' dir='ltr'><strong>pericula</strong></span> <span class='ocrx_word' id='word_1_293' title='bbox 857 3226 928 3281; x_wconf 89' lang='lat' dir='ltr'>ob</span> <span class='ocrx_word' id='word_1_294' title='bbox 970 3226 1296 3297; x_wconf 81' lang='lat' dir='ltr'><strong>religionem</strong></span> <span class='ocrx_word' id='word_1_295' title='bbox 1341 3228 1635 3283; x_wconf 90' lang='lat' dir='ltr'><strong>subeunda</strong></span> <span class='ocrx_word' id='word_1_296' title='bbox 1665 3228 1925 3283; x_wconf 83' lang='lat' dir='ltr'><strong>lubenter</strong></span> <span class='ocrx_word' id='word_1_297' title='bbox 1977 3239 2090 3284; x_wconf 86' lang='lat' dir='ltr'><strong>tra-</strong></span> 
     </span>
    </p>
   </div>
   <div class='ocr_carea' id='block_1_32' title="bbox 504 3315 2099 3390">
    <p class='ocr_par' dir='ltr' id='par_1_32' title="bbox 504 3315 2099 3390">
     <span class='ocr_line' id='line_1_32' title="bbox 504 3315 2099 3390; baseline 0.005 -23"><span class='ocrx_word' id='word_1_298' title='bbox 504 3315 682 3369; x_wconf 87' lang='lat' dir='ltr'><strong>deret.</strong></span> <span class='ocrx_word' id='word_1_299' title='bbox 743 3315 900 3382; x_wconf 88' lang='lat' dir='ltr'><strong>Quod</strong></span> <span class='ocrx_word' id='word_1_300' title='bbox 951 3319 1195 3388; x_wconf 90' lang='lat' dir='ltr'><strong>denique</strong></span> <span class='ocrx_word' id='word_1_301' title='bbox 1247 3318 1597 3388; x_wconf 84' lang='lat' dir='ltr'><strong>impudenter</strong></span> <span class='ocrx_word' id='word_1_302' title='bbox 1652 3335 1841 3373; x_wconf 90' lang='lat' dir='ltr'><strong>eorum</strong></span> <span class='ocrx_word' id='word_1_303' title='bbox 1894 3320 2099 3390; x_wconf 83' lang='lat' dir='ltr'><strong>placita</strong></span> 
     </span>
    </p>
   </div>
   <div class='ocr_carea' id='block_1_33' title="bbox 507 3407 2091 3480">
    <p class='ocr_par' dir='ltr' id='par_1_33' title="bbox 507 3407 2091 3480">
     <span class='ocr_line' id='line_1_33' title="bbox 507 3407 2091 3480; baseline 0.001 -19"><span class='ocrx_word' id='word_1_304' title='bbox 507 3407 788 3474; x_wconf 80' lang='lat' dir='ltr'><strong>refutavit,</strong></span> <span class='ocrx_word' id='word_1_305' title='bbox 828 3417 889 3464; x_wconf 89' lang='lat' dir='ltr'>ut</span> <span class='ocrx_word' id='word_1_306' title='bbox 910 3425 974 3464; x_wconf 85' lang='lat' dir='ltr'><strong>ex</strong></span> <span class='ocrx_word' id='word_1_307' title='bbox 1001 3411 1121 3480; x_wconf 85' lang='lat' dir='ltr'><strong>ejus</strong></span> <span class='ocrx_word' id='word_1_308' title='bbox 1149 3410 1330 3465; x_wconf 89' lang='lat' dir='ltr'><strong>doctis</strong></span> <span class='ocrx_word' id='word_1_309' title='bbox 1358 3420 1413 3465; x_wconf 86' lang='lat' dir='ltr'>et</span> <span class='ocrx_word' id='word_1_310' title='bbox 1442 3410 1614 3466; x_wconf 83' lang='lat' dir='ltr'><strong>ﬁrmis</strong></span> <span class='ocrx_word' id='word_1_311' title='bbox 1651 3412 2091 3480; x_wconf 68' lang='lat' dir='ltr'><strong>argumentatio.</strong></span> 
     </span>
    </p>
   </div>
   <div class='ocr_carea' id='block_1_34' title="bbox 505 3500 2094 3571">
    <p class='ocr_par' dir='ltr' id='par_1_34' title="bbox 505 3500 2094 3571">
     <span class='ocr_line' id='line_1_34' title="bbox 505 3500 2094 3571; baseline 0.002 -18"><span class='ocrx_word' id='word_1_312' title='bbox 505 3500 675 3554; x_wconf 85' lang='lat' dir='ltr'><strong>nibus</strong></span> <span class='ocrx_word' id='word_1_313' title='bbox 700 3502 977 3570; x_wconf 87' lang='lat' dir='ltr'><strong>apparuit,</strong></span> <span class='ocrx_word' id='word_1_314' title='bbox 1010 3518 1114 3557; x_wconf 87' lang='lat' dir='ltr'>nec</span> <span class='ocrx_word' id='word_1_315' title='bbox 1138 3505 1396 3571; x_wconf 82' lang='lat' dir='ltr'><strong>equidem</strong></span> <span class='ocrx_word' id='word_1_316' title='bbox 1431 3502 1673 3557; x_wconf 83' lang='lat' dir='ltr'><strong>fortunis</strong></span> <span class='ocrx_word' id='word_1_317' title='bbox 1724 3519 1845 3571; x_wconf 74' lang='lat' dir='ltr'><strong>qua:</strong></span> <span class='ocrx_word' id='word_1_318' title='bbox 1908 3518 1996 3555; x_wconf 86' lang='lat' dir='ltr'>me</span> <span class='ocrx_word' id='word_1_319' title='bbox 2024 3503 2094 3557; x_wconf 90' lang='lat' dir='ltr'>ab</span> 
     </span>
    </p>
   </div>
   <div class='ocr_carea' id='block_1_35' title="bbox 506 3596 2096 3666">
    <p class='ocr_par' dir='ltr' id='par_1_35' title="bbox 506 3596 2096 3666">
     <span class='ocr_line' id='line_1_35' title="bbox 506 3596 2096 3666; baseline 0.003 -18"><span class='ocrx_word' id='word_1_320' title='bbox 506 3596 700 3649; x_wconf 81' lang='lat' dir='ltr'><strong>amicis</strong></span> <span class='ocrx_word' id='word_1_321' title='bbox 734 3596 1188 3658; x_wconf 82' lang='lat' dir='ltr'><strong>circumstabant,</strong></span> <span class='ocrx_word' id='word_1_322' title='bbox 1241 3596 1557 3658; x_wconf 75' lang='lat' dir='ltr'><strong>retinebar,</strong></span> <span class='ocrx_word' id='word_1_323' title='bbox 1608 3597 1910 3666; x_wconf 84' lang='lat' dir='ltr'><strong>quominus</strong></span> <span class='ocrx_word' id='word_1_324' title='bbox 1944 3597 2096 3653; x_wconf 89' lang='lat' dir='ltr'><strong>illius</strong></span> 
     </span>
    </p>
   </div>
   <div class='ocr_carea' id='block_1_36' title="bbox 508 3684 2095 3762">
    <p class='ocr_par' dir='ltr' id='par_1_36' title="bbox 508 3684 2095 3762">
     <span class='ocr_line' id='line_1_36' title="bbox 508 3684 2095 3762; baseline 0.003 -25"><span class='ocrx_word' id='word_1_325' title='bbox 508 3684 684 3738; x_wconf 62' lang='lat' dir='ltr'><strong>libros</strong></span> <span class='ocrx_word' id='word_1_326' title='bbox 717 3686 897 3762; x_wconf 83' lang='lat' dir='ltr'><strong>abhis</strong></span> <span class='ocrx_word' id='word_1_327' title='bbox 924 3686 1115 3741; x_wconf 76' lang='lat' dir='ltr'><strong>furtim</strong></span> <span class='ocrx_word' id='word_1_328' title='bbox 1144 3687 1397 3742; x_wconf 85' lang='lat' dir='ltr'><strong>sublatos</strong></span> <span class='ocrx_word' id='word_1_329' title='bbox 1426 3686 1731 3757; x_wconf 87' lang='lat' dir='ltr'><strong>permultos</strong></span> <span class='ocrx_word' id='word_1_330' title='bbox 1751 3687 2095 3756; x_wconf 79' lang='lat' dir='ltr'><strong>colligerem,</strong></span> 
     </span>
    </p>
   </div>
   <div class='ocr_carea' id='block_1_37' title="bbox 507 3776 2095 3852">
    <p class='ocr_par' dir='ltr' id='par_1_37' title="bbox 507 3776 2095 3852">
     <span class='ocr_line' id='line_1_37' title="bbox 507 3776 2095 3852; baseline 0.004 -23"><span class='ocrx_word' id='word_1_331' title='bbox 507 3792 575 3830; x_wconf 80' lang='lat' dir='ltr'><strong>ex</strong></span> <span class='ocrx_word' id='word_1_332' title='bbox 610 3779 811 3847; x_wconf 83' lang='lat' dir='ltr'><strong>quibus</strong></span> <span class='ocrx_word' id='word_1_333' title='bbox 839 3778 1009 3834; x_wconf 83' lang='lat' dir='ltr'><strong>multa</strong></span> <span class='ocrx_word' id='word_1_334' title='bbox 1041 3789 1203 3834; x_wconf 88' lang='lat' dir='ltr'><strong>antea</strong></span> <span class='ocrx_word' id='word_1_335' title='bbox 1230 3789 1416 3848; x_wconf 89' lang='lat' dir='ltr'><strong>petere</strong></span> <span class='ocrx_word' id='word_1_336' title='bbox 1454 3776 1619 3852; x_wconf 68' lang='grc'>470</span> <span class='ocrx_word' id='word_1_337' title='bbox 1669 3795 1778 3834; x_wconf 89' lang='lat' dir='ltr'>non</span> <span class='ocrx_word' id='word_1_338' title='bbox 1822 3780 2095 3846; x_wconf 83' lang='lat' dir='ltr'><strong>dubitavi,</strong></span> 
     </span>
    </p>
   </div>
   <div class='ocr_carea' id='block_1_38' title="bbox 511 3871 2086 3941">
    <p class='ocr_par' dir='ltr' id='par_1_38' title="bbox 511 3871 2086 3941">
     <span class='ocr_line' id='line_1_38' title="bbox 511 3871 2086 3941; baseline 0.004 -21"><span class='ocrx_word' id='word_1_339' title='bbox 511 3879 661 3923; x_wconf 86' lang='lat' dir='ltr'><strong>nunc</strong></span> <span class='ocrx_word' id='word_1_340' title='bbox 700 3871 852 3938; x_wconf 79' lang='lat' dir='ltr'><strong>plura</strong></span> <span class='ocrx_word' id='word_1_341' title='bbox 893 3887 1056 3940; x_wconf 91' lang='lat' dir='ltr'><strong>quam</strong></span> <span class='ocrx_word' id='word_1_342' title='bbox 1083 3886 1205 3941; x_wconf 58' lang='lat' dir='ltr'><strong>quae</strong></span> <span class='ocrx_word' id='word_1_343' title='bbox 1243 3886 1274 3925; x_wconf 87' lang='lat' dir='ltr'>a</span> <span class='ocrx_word' id='word_1_344' title='bbox 1304 3871 1466 3926; x_wconf 90' lang='lat' dir='ltr'><strong>nobis</strong></span> <span class='ocrx_word' id='word_1_345' title='bbox 1517 3871 1666 3926; x_wconf 88' lang='lat' dir='ltr'><strong>dicta</strong></span> <span class='ocrx_word' id='word_1_346' title='bbox 1719 3883 1871 3935; x_wconf 89' lang='lat' dir='ltr'><strong>sunt,</strong></span> <span class='ocrx_word' id='word_1_347' title='bbox 1903 3884 1959 3928; x_wconf 90' lang='lat' dir='ltr'>et</span> <span class='ocrx_word' id='word_1_348' title='bbox 1993 3871 2086 3927; x_wconf 81' lang='lat' dir='ltr'><strong>lir-</strong></span> 
     </span>
    </p>
   </div>
   <div class='ocr_carea' id='block_1_39' title="bbox 511 3964 2099 4036">
    <p class='ocr_par' dir='ltr' id='par_1_39' title="bbox 511 3964 2099 4036">
     <span class='ocr_line' id='line_1_39' title="bbox 511 3964 2099 4036; baseline 0.003 -19"><span class='ocrx_word' id='word_1_349' title='bbox 511 3965 683 4017; x_wconf 73' lang='lat' dir='ltr'><strong>m&#39;ora</strong></span> <span class='ocrx_word' id='word_1_350' title='bbox 708 3964 979 4034; x_wconf 76' lang='lat' dir='ltr'><strong>proferam</strong></span> <span class='ocrx_word' id='word_1_351' title='bbox 1008 3973 1065 4018; x_wconf 92' lang='lat' dir='ltr'>ut</span> <span class='ocrx_word' id='word_1_352' title='bbox 1083 3980 1275 4020; x_wconf 87' lang='lat' dir='ltr'><strong>omnes</strong></span> <span class='ocrx_word' id='word_1_353' title='bbox 1301 3964 1519 4035; x_wconf 87' lang='lat' dir='ltr'><strong>planius</strong></span> <span class='ocrx_word' id='word_1_354' title='bbox 1543 3965 2099 4036; x_wconf 83' lang='lat' dir='ltr'><strong>intelligant,quanta</strong></span> 
     </span>
    </p>
   </div>
   <div class='ocr_carea' id='block_1_40' title="bbox 512 4057 2105 4131">
    <p class='ocr_par' dir='ltr' id='par_1_40' title="bbox 512 4057 2105 4131">
     <span class='ocr_line' id='line_1_40' title="bbox 512 4057 2105 4131; baseline 0.001 -20"><span class='ocrx_word' id='word_1_355' title='bbox 512 4057 732 4112; x_wconf 80' lang='lat' dir='ltr'><strong>illorum</strong></span> <span class='ocrx_word' id='word_1_356' title='bbox 758 4058 1003 4131; x_wconf 82' lang='lat' dir='ltr'><strong>irreligio</strong></span> <span class='ocrx_word' id='word_1_357' title='bbox 1016 4058 1085 4112; x_wconf 89' lang='lat' dir='ltr'>sit</span> <span class='ocrx_word' id='word_1_358' title='bbox 1115 4068 1169 4112; x_wconf 91' lang='lat' dir='ltr'>et</span> <span class='ocrx_word' id='word_1_359' title='bbox 1191 4058 1338 4113; x_wconf 91' lang='lat' dir='ltr'><strong>illius</strong></span> <span class='ocrx_word' id='word_1_360' title='bbox 1359 4058 1456 4113; x_wconf 87' lang='lat' dir='ltr'><strong>viri</strong></span> <span class='ocrx_word' id='word_1_361' title='bbox 1475 4074 1636 4129; x_wconf 88' lang='lat' dir='ltr'><strong>quam</strong></span> <span class='ocrx_word' id='word_1_362' title='bbox 1654 4060 1833 4130; x_wconf 88' lang='lat' dir='ltr'><strong>ampla</strong></span> <span class='ocrx_word' id='word_1_363' title='bbox 1851 4058 2105 4115; x_wconf 78' lang='lat' dir='ltr'><strong>doctrina</strong></span> 
     </span>
    </p>
   </div>
   <div class='ocr_carea' id='block_1_41' title="bbox 512 4134 1531 4220">
    <p class='ocr_par' dir='ltr' id='par_1_41' title="bbox 512 4134 1531 4220">
     <span class='ocr_line' id='line_1_41' title="bbox 512 4134 1531 4220; baseline 0.002 -16"><span class='ocrx_word' id='word_1_364' title='bbox 512 4161 569 4204; x_wconf 85' lang='lat' dir='ltr'>et</span> <span class='ocrx_word' id='word_1_365' title='bbox 599 4168 762 4220; x_wconf 86' lang='lat' dir='ltr'><strong>quam</strong></span> <span class='ocrx_word' id='word_1_366' title='bbox 784 4134 911 4206; x_wconf 82' lang='lat' dir='ltr'><strong>acre</strong></span> <span class='ocrx_word' id='word_1_367' title='bbox 946 4149 1226 4220; x_wconf 83' lang='lat' dir='ltr'><strong>religionis</strong></span> <span class='ocrx_word' id='word_1_368' title='bbox 1260 4150 1531 4206; x_wconf 90' lang='lat' dir='ltr'><strong>studium.</strong></span> 
     </span>
    </p>
   </div>
   <div class='ocr_carea' id='block_1_42' title="bbox 2119 2813 2166 2872">
    <p class='ocr_par' dir='ltr' id='par_1_42' title="bbox 2119 2813 2166 2872">
     <span class='ocr_line' id='line_1_42' title="bbox 2119 2813 2166 2872; baseline 0 0"><span class='ocrx_word' id='word_1_369' title='bbox 2119 2813 2166 2872; x_wconf 89' lang='lat' dir='ltr'><strong>B</strong></span> 
     </span>
    </p>
   </div>
   <div class='ocr_carea' id='block_1_43' title="bbox 2269 1472 3783 1545">
    <p class='ocr_par' dir='ltr' id='par_1_43' title="bbox 2269 1472 3783 1545">
     <span class='ocr_line' id='line_1_43' title="bbox 2269 1472 3783 1545; baseline 0 -19"><span class='ocrx_word' id='word_1_370' title='bbox 2269 1475 2370 1527; x_wconf 82' lang='lat' dir='ltr'>IE&#39;.</span> <span class='ocrx_word' id='word_1_371' title='bbox 2397 1475 2519 1529; x_wconf 84' lang='grc' dir='ltr'>Ὀτι</span> <span class='ocrx_word' id='word_1_372' title='bbox 2551 1475 2653 1543; x_wconf 85' lang='grc' dir='ltr'>μὲν</span> <span class='ocrx_word' id='word_1_373' title='bbox 2688 1474 2783 1529; x_wconf 79' lang='grc' dir='ltr'>οὖν</span> <span class='ocrx_word' id='word_1_374' title='bbox 2832 1477 2947 1539; x_wconf 87' lang='grc' dir='ltr'>τοῖς</span> <span class='ocrx_word' id='word_1_375' title='bbox 2982 1473 3378 1545; x_wconf 88' lang='grc' dir='ltr'>Είκονομάχοις</span> <span class='ocrx_word' id='word_1_376' title='bbox 3422 1474 3455 1544; x_wconf 79' lang='grc' dir='ltr'><strong>ἡ</strong></span> <span class='ocrx_word' id='word_1_377' title='bbox 3497 1472 3783 1542; x_wconf 79' lang='grc' dir='ltr'>μεταμόρ-</span> 
     </span>
    </p>
   </div>
   <div class='ocr_carea' id='block_1_44' title="bbox 2195 1564 3784 1637">
    <p class='ocr_par' dir='ltr' id='par_1_44' title="bbox 2195 1564 3784 1637">
     <span class='ocr_line' id='line_1_44' title="bbox 2195 1564 3784 1637; baseline -0.001 -19"><span class='ocrx_word' id='word_1_378' title='bbox 2195 1584 2369 1634; x_wconf 85' lang='grc' dir='ltr'>φωσις</span> <span class='ocrx_word' id='word_1_379' title='bbox 2418 1567 2513 1621; x_wconf 82' lang='grc' dir='ltr'>τοῦ</span> <span class='ocrx_word' id='word_1_380' title='bbox 2551 1568 2803 1637; x_wconf 81' lang='grc' dir='ltr'>Σωτῆρος</span> <span class='ocrx_word' id='word_1_381' title='bbox 2850 1570 2947 1621; x_wconf 65' lang='grc' dir='ltr'>ἐπὶ</span> <span class='ocrx_word' id='word_1_382' title='bbox 2999 1567 3091 1620; x_wconf 82' lang='grc' dir='ltr'>τοῦ</span> <span class='ocrx_word' id='word_1_383' title='bbox 3138 1568 3299 1637; x_wconf 76' lang='grc' dir='ltr'>ὅρους</span> <span class='ocrx_word' id='word_1_384' title='bbox 3330 1564 3390 1619; x_wconf 82' lang='grc' dir='ltr'>οὗ</span> <span class='ocrx_word' id='word_1_385' title='bbox 3435 1568 3654 1635; x_wconf 78' lang='grc' dir='ltr'>μορφῆς</span> <span class='ocrx_word' id='word_1_386' title='bbox 3683 1566 3784 1617; x_wconf 81' lang='grc' dir='ltr'>ἁλ-</span> 
     </span>
    </p>
   </div>
   <div class='ocr_carea' id='block_1_45' title="bbox 2195 1655 3785 1728">
    <p class='ocr_par' dir='ltr' id='par_1_45' title="bbox 2195 1655 3785 1728">
     <span class='ocr_line' id='line_1_45' title="bbox 2195 1655 3785 1728; baseline 0.003 -24"><span class='ocrx_word' id='word_1_387' title='bbox 2195 1655 2413 1719; x_wconf 77' lang='grc' dir='ltr'>λοίωσις</span> <span class='ocrx_word' id='word_1_388' title='bbox 2447 1656 2539 1709; x_wconf 78' lang='grc' dir='ltr'>ἐπὶ</span> <span class='ocrx_word' id='word_1_389' title='bbox 2578 1657 2639 1709; x_wconf 76' lang='grc' dir='ltr'>τὸ</span> <span class='ocrx_word' id='word_1_390' title='bbox 2670 1656 3059 1727; x_wconf 82' lang='grc' dir='ltr'>λαμπρότερον</span> <span class='ocrx_word' id='word_1_391' title='bbox 3090 1655 3381 1728; x_wconf 80' lang='grc' dir='ltr'>ἐνομίσθη,</span> <span class='ocrx_word' id='word_1_392' title='bbox 3416 1655 3554 1709; x_wconf 85' lang='grc' dir='ltr'>ἀλλά</span> <span class='ocrx_word' id='word_1_393' title='bbox 3579 1656 3645 1708; x_wconf 78' lang='grc' dir='ltr'>τὸ</span> <span class='ocrx_word' id='word_1_394' title='bbox 3679 1657 3785 1725; x_wconf 84' lang='grc' dir='ltr'>μὲν</span> 
     </span>
    </p>
   </div>
   <div class='ocr_carea' id='block_1_46' title="bbox 2196 1746 3784 1819">
    <p class='ocr_par' dir='ltr' id='par_1_46' title="bbox 2196 1746 3784 1819">
     <span class='ocr_line' id='line_1_46' title="bbox 2196 1746 3784 1819; baseline 0 -21"><span class='ocrx_word' id='word_1_395' title='bbox 2196 1749 2466 1817; x_wconf 68' lang='grc' dir='ltr'>σωτήριον</span> <span class='ocrx_word' id='word_1_396' title='bbox 2496 1747 2657 1817; x_wconf 86' lang='grc' dir='ltr'>σῶμα</span> <span class='ocrx_word' id='word_1_397' title='bbox 2684 1749 2822 1817; x_wconf 79' lang='grc' dir='ltr'>πρὸς</span> <span class='ocrx_word' id='word_1_398' title='bbox 2842 1748 2903 1801; x_wconf 75' lang='grc' dir='ltr'>τὸ</span> <span class='ocrx_word' id='word_1_399' title='bbox 2933 1749 3190 1802; x_wconf 80' lang='grc' dir='ltr'>ἀκτιστον</span> <span class='ocrx_word' id='word_1_400' title='bbox 3225 1746 3667 1819; x_wconf 85' lang='grc' dir='ltr'>μεταϐεϐλῆσθαι</span> <span class='ocrx_word' id='word_1_401' title='bbox 3684 1747 3784 1800; x_wconf 74' lang='grc' dir='ltr'>καὶ</span> 
     </span>
    </p>
   </div>
   <div class='ocr_carea' id='block_1_47' title="bbox 2194 1839 3787 1910">
    <p class='ocr_par' dir='ltr' id='par_1_47' title="bbox 2194 1839 3787 1910">
     <span class='ocr_line' id='line_1_47' title="bbox 2194 1839 3787 1910; baseline 0.001 -18"><span class='ocrx_word' id='word_1_402' title='bbox 2194 1840 2494 1909; x_wconf 76' lang='grc' dir='ltr'>ἄφθαρτον,</span> <span class='ocrx_word' id='word_1_403' title='bbox 2524 1841 2586 1892; x_wconf 72' lang='grc' dir='ltr'>τὸ</span> <span class='ocrx_word' id='word_1_404' title='bbox 2622 1840 2677 1892; x_wconf 83' lang='grc' dir='ltr'>δὲ</span> <span class='ocrx_word' id='word_1_405' title='bbox 2712 1840 2881 1909; x_wconf 83' lang='grc' dir='ltr'>φανὲν</span> <span class='ocrx_word' id='word_1_406' title='bbox 2906 1841 3215 1909; x_wconf 82' lang='grc' dir='ltr'>τηνικαῦτα</span> <span class='ocrx_word' id='word_1_407' title='bbox 3248 1840 3366 1909; x_wconf 83' lang='grc' dir='ltr'>φῶς</span> <span class='ocrx_word' id='word_1_408' title='bbox 3395 1839 3588 1910; x_wconf 85' lang='grc' dir='ltr'>θεότης</span> <span class='ocrx_word' id='word_1_409' title='bbox 3626 1839 3787 1894; x_wconf 77' lang='grc' dir='ltr'>ἄκτι-</span> 
     </span>
    </p>
   </div>
   <div class='ocr_carea' id='block_1_48' title="bbox 2197 1925 3786 2002">
    <p class='ocr_par' dir='ltr' id='par_1_48' title="bbox 2197 1925 3786 2002">
     <span class='ocr_line' id='line_1_48' title="bbox 2197 1925 3786 2002; baseline 0 -20"><span class='ocrx_word' id='word_1_410' title='bbox 2197 1948 2320 1993; x_wconf 87' lang='grc' dir='ltr'>στος</span> <span class='ocrx_word' id='word_1_411' title='bbox 2360 1933 2451 1983; x_wconf 79' lang='grc' dir='ltr'>καὶ</span> <span class='ocrx_word' id='word_1_412' title='bbox 2481 1932 2733 1995; x_wconf 86' lang='grc' dir='ltr'>ἀνούσιος</span> <span class='ocrx_word' id='word_1_413' title='bbox 2764 1928 2924 1998; x_wconf 76' lang='grc' dir='ltr'>εἶναι,</span> <span class='ocrx_word' id='word_1_414' title='bbox 2954 1932 3074 1985; x_wconf 84' lang='grc' dir='ltr'>τότε</span> <span class='ocrx_word' id='word_1_415' title='bbox 3109 1932 3210 2002; x_wconf 82' lang='grc' dir='ltr'>μὲν</span> <span class='ocrx_word' id='word_1_416' title='bbox 3236 1932 3329 1985; x_wconf 70' lang='grc' dir='ltr'>ἐπὶ</span> <span class='ocrx_word' id='word_1_417' title='bbox 3357 1930 3449 1985; x_wconf 81' lang='grc' dir='ltr'>τοῦ</span> <span class='ocrx_word' id='word_1_418' title='bbox 3476 1932 3637 2001; x_wconf 80' lang='grc' dir='ltr'>ὅρους</span> <span class='ocrx_word' id='word_1_419' title='bbox 3670 1925 3786 1984; x_wconf 74' lang='grc' dir='ltr'>οἷον</span> 
     </span>
    </p>
   </div>
   <div class='ocr_carea' id='block_1_49' title="bbox 2195 2023 3789 2095">
    <p class='ocr_par' dir='ltr' id='par_1_49' title="bbox 2195 2023 3789 2095">
     <span class='ocr_line' id='line_1_49' title="bbox 2195 2023 3789 2095; baseline 0.001 -20"><span class='ocrx_word' id='word_1_420' title='bbox 2195 2024 2370 2093; x_wconf 75' lang='grc' dir='ltr'>ἀρχῆς</span> <span class='ocrx_word' id='word_1_421' title='bbox 2395 2024 2700 2093; x_wconf 80' lang='grc' dir='ltr'>γενομένης</span> <span class='ocrx_word' id='word_1_422' title='bbox 2732 2027 2796 2093; x_wconf 80' lang='grc' dir='ltr'>τῇ</span> <span class='ocrx_word' id='word_1_423' title='bbox 2824 2024 3182 2095; x_wconf 85' lang='grc' dir='ltr'>ἀκτιστότητι</span> <span class='ocrx_word' id='word_1_424' title='bbox 3217 2023 3312 2077; x_wconf 79' lang='grc' dir='ltr'>τοῦ</span> <span class='ocrx_word' id='word_1_425' title='bbox 3349 2023 3643 2093; x_wconf 82' lang='grc' dir='ltr'>ἀνθρώπου</span> <span class='ocrx_word' id='word_1_426' title='bbox 3687 2023 3789 2077; x_wconf 80' lang='grc' dir='ltr'>καὶ</span> 
     </span>
    </p>
   </div>
   <div class='ocr_carea' id='block_1_50' title="bbox 2196 2115 3789 2188">
    <p class='ocr_par' dir='ltr' id='par_1_50' title="bbox 2196 2115 3789 2188">
     <span class='ocr_line' id='line_1_50' title="bbox 2196 2115 3789 2188; baseline 0 -19"><span class='ocrx_word' id='word_1_427' title='bbox 2196 2115 2476 2187; x_wconf 77' lang='grc' dir='ltr'>ἀφθαρσίᾳ</span> <span class='ocrx_word' id='word_1_428' title='bbox 2501 2117 2576 2178; x_wconf 85' lang='grc' dir='ltr'>ὡς</span> <span class='ocrx_word' id='word_1_429' title='bbox 2608 2118 2666 2168; x_wconf 83' lang='grc' dir='ltr'>ἐν</span> <span class='ocrx_word' id='word_1_430' title='bbox 2696 2117 3018 2188; x_wconf 74' lang='grc' dir='ltr'>ἀρραϐῶνος</span> <span class='ocrx_word' id='word_1_431' title='bbox 3054 2117 3262 2187; x_wconf 86' lang='grc' dir='ltr'>τρόπῳ,</span> <span class='ocrx_word' id='word_1_432' title='bbox 3290 2119 3431 2187; x_wconf 85' lang='grc' dir='ltr'>μετά</span> <span class='ocrx_word' id='word_1_433' title='bbox 3456 2117 3512 2170; x_wconf 81' lang='grc' dir='ltr'>δὲ</span> <span class='ocrx_word' id='word_1_434' title='bbox 3548 2117 3789 2170; x_wconf 84' lang='grc' dir='ltr'>θάνατον</span> 
     </span>
    </p>
   </div>
   <div class='ocr_carea' id='block_1_51' title="bbox 2196 2204 3787 2276">
    <p class='ocr_par' dir='ltr' id='par_1_51' title="bbox 2196 2204 3787 2276">
     <span class='ocr_line' id='line_1_51' title="bbox 2196 2204 3787 2276; baseline 0.003 -22"><span class='ocrx_word' id='word_1_435' title='bbox 2196 2204 2290 2255; x_wconf 80' lang='grc' dir='ltr'>καὶ</span> <span class='ocrx_word' id='word_1_436' title='bbox 2326 2204 2459 2273; x_wconf 81' lang='grc' dir='ltr'>πρὸς</span> <span class='ocrx_word' id='word_1_437' title='bbox 2490 2204 2759 2275; x_wconf 78' lang='grc' dir='ltr'>οὐρανοὺς</span> <span class='ocrx_word' id='word_1_438' title='bbox 2808 2206 3083 2258; x_wconf 83' lang='grc' dir='ltr'>ἀνάϐασιν</span> <span class='ocrx_word' id='word_1_439' title='bbox 3141 2206 3344 2267; x_wconf 84' lang='grc' dir='ltr'>τελέως</span> <span class='ocrx_word' id='word_1_440' title='bbox 3371 2205 3479 2276; x_wconf 82' lang='grc' dir='ltr'>ῆδη</span> <span class='ocrx_word' id='word_1_441' title='bbox 3530 2207 3787 2272; x_wconf 86' lang='grc' dir='ltr'>γενέσθαι</span> 
     </span>
    </p>
   </div>
   <div class='ocr_carea' id='block_1_52' title="bbox 2196 2296 3787 2370">
    <p class='ocr_par' dir='ltr' id='par_1_52' title="bbox 2196 2296 3787 2370">
     <span class='ocr_line' id='line_1_52' title="bbox 2196 2296 3787 2370; baseline 0.001 -21"><span class='ocrx_word' id='word_1_442' title='bbox 2196 2298 2291 2349; x_wconf 76' lang='grc' dir='ltr'>καὶ</span> <span class='ocrx_word' id='word_1_443' title='bbox 2324 2296 2487 2362; x_wconf 81' lang='grc' dir='ltr'>φύσει</span> <span class='ocrx_word' id='word_1_444' title='bbox 2518 2297 2797 2364; x_wconf 79' lang='grc' dir='ltr'>ἀκτιστον,</span> <span class='ocrx_word' id='word_1_445' title='bbox 2848 2297 2946 2351; x_wconf 71' lang='grc' dir='ltr'>καὶ</span> <span class='ocrx_word' id='word_1_446' title='bbox 2975 2299 3058 2351; x_wconf 84' lang='grc' dir='ltr'>ὃτι</span> <span class='ocrx_word' id='word_1_447' title='bbox 3091 2299 3235 2370; x_wconf 79' lang='grc' dir='ltr'>ἀρχὴ</span> <span class='ocrx_word' id='word_1_448' title='bbox 3291 2298 3388 2367; x_wconf 87' lang='grc' dir='ltr'>τῆς</span> <span class='ocrx_word' id='word_1_449' title='bbox 3421 2299 3787 2369; x_wconf 84' lang='grc' dir='ltr'>είκονομάχου</span> 
     </span>
    </p>
   </div>
   <div class='ocr_carea' id='block_1_53' title="bbox 2196 2388 3789 2461">
    <p class='ocr_par' dir='ltr' id='par_1_53' title="bbox 2196 2388 3789 2461">
     <span class='ocr_line' id='line_1_53' title="bbox 2196 2388 3789 2461; baseline 0.001 -18"><span class='ocrx_word' id='word_1_450' title='bbox 2196 2392 2464 2461; x_wconf 75' lang='grc' dir='ltr'>αἱρέσεως</span> <span class='ocrx_word' id='word_1_451' title='bbox 2516 2391 2751 2453; x_wconf 83' lang='grc' dir='ltr'>ἐκείνοις</span> <span class='ocrx_word' id='word_1_452' title='bbox 2808 2390 2842 2459; x_wconf 79' lang='grc' dir='ltr'><strong>ἡ</strong></span> <span class='ocrx_word' id='word_1_453' title='bbox 2892 2389 2992 2459; x_wconf 83' lang='grc' dir='ltr'>τῆς</span> <span class='ocrx_word' id='word_1_454' title='bbox 3050 2388 3535 2460; x_wconf 81' lang='grc' dir='ltr'>μεταμορφώσεως</span> <span class='ocrx_word' id='word_1_455' title='bbox 3588 2391 3789 2458; x_wconf 81' lang='grc' dir='ltr'>γέγονε</span> 
     </span>
    </p>
   </div>
   <div class='ocr_carea' id='block_1_54' title="bbox 2197 2480 3789 2553">
    <p class='ocr_par' dir='ltr' id='par_1_54' title="bbox 2197 2480 3789 2553">
     <span class='ocr_line' id='line_1_54' title="bbox 2197 2480 3789 2553; baseline -0.002 -17"><span class='ocrx_word' id='word_1_456' title='bbox 2197 2484 2496 2552; x_wconf 70' lang='grc' dir='ltr'>πρόφασις,</span> <span class='ocrx_word' id='word_1_457' title='bbox 2544 2483 2847 2553; x_wconf 80' lang='grc' dir='ltr'>ἀκηκόατε,</span> <span class='ocrx_word' id='word_1_458' title='bbox 2895 2482 2998 2536; x_wconf 89' lang='grc' dir='ltr'>οὐκ</span> <span class='ocrx_word' id='word_1_459' title='bbox 3048 2481 3265 2536; x_wconf 75' lang='grc' dir='ltr'>οἴκοθεν</span> <span class='ocrx_word' id='word_1_460' title='bbox 3301 2480 3435 2551; x_wconf 77' lang='grc' dir='ltr'>ἐμοῦ</span> <span class='ocrx_word' id='word_1_461' title='bbox 3486 2481 3789 2552; x_wconf 72' lang='grc' dir='ltr'>διηγουμέο</span> 
     </span>
    </p>
   </div>
   <div class='ocr_carea' id='block_1_55' title="bbox 2195 2573 3789 2645">
    <p class='ocr_par' dir='ltr' id='par_1_55' title="bbox 2195 2573 3789 2645">
     <span class='ocr_line' id='line_1_55' title="bbox 2195 2573 3789 2645; baseline -0.003 -15"><span class='ocrx_word' id='word_1_462' title='bbox 2195 2594 2314 2641; x_wconf 89' lang='grc' dir='ltr'>νου,</span> <span class='ocrx_word' id='word_1_463' title='bbox 2347 2575 2485 2627; x_wconf 68' lang='grc' dir='ltr'>ἁ)λά</span> <span class='ocrx_word' id='word_1_464' title='bbox 2514 2574 2609 2627; x_wconf 75' lang='grc' dir='ltr'>τοῦ</span> <span class='ocrx_word' id='word_1_465' title='bbox 2656 2575 2898 2644; x_wconf 79' lang='grc' dir='ltr'>μεγάλου</span> <span class='ocrx_word' id='word_1_466' title='bbox 2936 2575 3152 2645; x_wconf 72' lang='grc' dir='ltr'>[ἰατρὸς</span> <span class='ocrx_word' id='word_1_467' title='bbox 3195 2576 3291 2629; x_wconf 64' lang='grc' dir='ltr'>καλ⁸</span> <span class='ocrx_word' id='word_1_468' title='bbox 3317 2573 3650 2629; x_wconf 77' lang='grc' dir='ltr'>διδασκάλου</span> <span class='ocrx_word' id='word_1_469' title='bbox 3688 2576 3789 2645; x_wconf 82' lang='grc' dir='ltr'>τῆς</span> 
     </span>
    </p>
   </div>
   <div class='ocr_carea' id='block_1_56' title="bbox 2194 2662 3789 2738">
    <p class='ocr_par' dir='ltr' id='par_1_56' title="bbox 2194 2662 3789 2738">
     <span class='ocr_line' id='line_1_56' title="bbox 2194 2662 3789 2738; baseline 0 -17"><span class='ocrx_word' id='word_1_470' title='bbox 2194 2670 2289 2721; x_wconf 76' lang='grc' dir='ltr'>τοῦ</span> <span class='ocrx_word' id='word_1_471' title='bbox 2326 2667 2466 2721; x_wconf 80' lang='grc' dir='ltr'>Θεοῦ</span> <span class='ocrx_word' id='word_1_472' title='bbox 2508 2667 2862 2738; x_wconf 83' lang='grc' dir='ltr'>Ἐκκλησίας,</span> <span class='ocrx_word' id='word_1_473' title='bbox 2892 2662 2953 2722; x_wconf 76' lang='grc' dir='ltr'>οὗ</span> <span class='ocrx_word' id='word_1_474' title='bbox 2995 2667 3055 2721; x_wconf 73' lang='grc' dir='ltr'>τὸ</span> <span class='ocrx_word' id='word_1_475' title='bbox 3089 2667 3410 2734; x_wconf 79' lang='grc' dir='ltr'>ἀξιόπιστον</span> <span class='ocrx_word' id='word_1_476' title='bbox 3461 2668 3588 2738; x_wconf 85' lang='grc' dir='ltr'>μηδ’</span> <span class='ocrx_word' id='word_1_477' title='bbox 3621 2669 3789 2721; x_wconf 67' lang='grc' dir='ltr'>αὐτὸν</span> 
     </span>
    </p>
   </div>
   <div class='ocr_carea' id='block_1_57' title="bbox 2196 2760 3787 2832">
    <p class='ocr_par' dir='ltr' id='par_1_57' title="bbox 2196 2760 3787 2832">
     <span class='ocr_line' id='line_1_57' title="bbox 2196 2760 3787 2832; baseline -0.001 -17"><span class='ocrx_word' id='word_1_478' title='bbox 2196 2760 2351 2830; x_wconf 84' lang='grc' dir='ltr'>οἶμαι</span> <span class='ocrx_word' id='word_1_479' title='bbox 2389 2761 2877 2831; x_wconf 79' lang='grc' dir='ltr'>παραλογίσασθαι</span> <span class='ocrx_word' id='word_1_480' title='bbox 2907 2760 2997 2814; x_wconf 71' lang='grc' dir='ltr'>τὸν</span> <span class='ocrx_word' id='word_1_481' title='bbox 3027 2760 3301 2824; x_wconf 85' lang='grc' dir='ltr'>διάϐολον,</span> <span class='ocrx_word' id='word_1_482' title='bbox 3331 2760 3407 2832; x_wconf 83' lang='grc' dir='ltr'>μὴ</span> <span class='ocrx_word' id='word_1_483' title='bbox 3458 2761 3559 2815; x_wconf 86' lang='grc' dir='ltr'>οὐκ</span> <span class='ocrx_word' id='word_1_484' title='bbox 3611 2760 3787 2831; x_wconf 81' lang='grc' dir='ltr'>ἀληθῆ</span> 
     </span>
    </p>
   </div>
   <div class='ocr_carea' id='block_1_58' title="bbox 2196 2852 3785 2925">
    <p class='ocr_par' dir='ltr' id='par_1_58' title="bbox 2196 2852 3785 2925">
     <span class='ocr_line' id='line_1_58' title="bbox 2196 2852 3785 2925; baseline -0.001 -18"><span class='ocrx_word' id='word_1_485' title='bbox 2196 2855 2401 2923; x_wconf 83' lang='grc' dir='ltr'>λέγειν,</span> <span class='ocrx_word' id='word_1_486' title='bbox 2454 2854 2555 2924; x_wconf 80' lang='grc' dir='ltr'>οὐχ</span> <span class='ocrx_word' id='word_1_487' title='bbox 2583 2855 2663 2907; x_wconf 82' lang='grc' dir='ltr'>ὅτι</span> <span class='ocrx_word' id='word_1_488' title='bbox 2695 2852 2859 2925; x_wconf 76' lang='grc' dir='ltr'>σοφίᾳ.</span> <span class='ocrx_word' id='word_1_489' title='bbox 2912 2854 3061 2924; x_wconf 79' lang='grc' dir='ltr'>πάσῃ</span> <span class='ocrx_word' id='word_1_490' title='bbox 3086 2856 3154 2924; x_wconf 80' lang='grc' dir='ltr'>τῇ</span> <span class='ocrx_word' id='word_1_491' title='bbox 3183 2870 3243 2905; x_wconf 85' lang='grc' dir='ltr'>τε</span> <span class='ocrx_word' id='word_1_492' title='bbox 3291 2852 3528 2923; x_wconf 83' lang='grc' dir='ltr'>θύραθεν</span> <span class='ocrx_word' id='word_1_493' title='bbox 3562 2854 3659 2906; x_wconf 74' lang='grc' dir='ltr'>καὶ</span> <span class='ocrx_word' id='word_1_494' title='bbox 3689 2855 3785 2923; x_wconf 83' lang='grc' dir='ltr'>ὅση</span> 
     </span>
    </p>
   </div>
   <div class='ocr_carea' id='block_1_59' title="bbox 2196 2946 3787 3018">
    <p class='ocr_par' dir='ltr' id='par_1_59' title="bbox 2196 2946 3787 3018">
     <span class='ocr_line' id='line_1_59' title="bbox 2196 2946 3787 3018; baseline -0.002 -16"><span class='ocrx_word' id='word_1_495' title='bbox 2196 2952 2293 3018; x_wconf 86' lang='grc' dir='ltr'>τῆς</span> <span class='ocrx_word' id='word_1_496' title='bbox 2330 2948 2453 3000; x_wconf 78' lang='grc' dir='ltr'>καθ’</span> <span class='ocrx_word' id='word_1_497' title='bbox 2479 2949 2628 3017; x_wconf 78' lang='grc' dir='ltr'>ἡμᾶς</span> <span class='ocrx_word' id='word_1_498' title='bbox 2661 2947 2951 3010; x_wconf 86' lang='grc' dir='ltr'>εὐσεϐείας</span> <span class='ocrx_word' id='word_1_499' title='bbox 2992 2949 3019 3000; x_wconf 89' lang='grc' dir='ltr'>ὁ</span> <span class='ocrx_word' id='word_1_500' title='bbox 3057 2947 3233 3017; x_wconf 83' lang='grc' dir='ltr'>μέγας</span> <span class='ocrx_word' id='word_1_501' title='bbox 3264 2946 3634 3018; x_wconf 80' lang='grc' dir='ltr'>κεκόσμηται,</span> <span class='ocrx_word' id='word_1_502' title='bbox 3672 2946 3787 2999; x_wconf 80' lang='grc' dir='ltr'>ἀλλ’</span> 
     </span>
    </p>
   </div>
   <div class='ocr_carea' id='block_1_60' title="bbox 2194 3037 3789 3109">
    <p class='ocr_par' dir='ltr' id='par_1_60' title="bbox 2194 3037 3789 3109">
     <span class='ocr_line' id='line_1_60' title="bbox 2194 3037 3789 3109; baseline -0.001 -16"><span class='ocrx_word' id='word_1_503' title='bbox 2194 3040 2395 3093; x_wconf 77' lang='grc' dir='ltr'>ὄτικαὶ</span> <span class='ocrx_word' id='word_1_504' title='bbox 2446 3038 2547 3109; x_wconf 83' lang='grc' dir='ltr'>ὅση</span> <span class='ocrx_word' id='word_1_505' title='bbox 2594 3040 2737 3092; x_wconf 86' lang='grc' dir='ltr'>κατά</span> <span class='ocrx_word' id='word_1_506' title='bbox 2770 3038 2907 3091; x_wconf 76' lang='grc' dir='ltr'>Θεὸν</span> <span class='ocrx_word' id='word_1_507' title='bbox 2965 3038 3160 3108; x_wconf 79' lang='grc' dir='ltr'>ἁρετὴ,</span> <span class='ocrx_word' id='word_1_508' title='bbox 3222 3037 3449 3100; x_wconf 73' lang='grc' dir='ltr'>τελείως</span> <span class='ocrx_word' id='word_1_509' title='bbox 3514 3038 3789 3109; x_wconf 83' lang='grc' dir='ltr'>ὲξὴσκησε</span> 
     </span>
    </p>
   </div>
   <div class='ocr_carea' id='block_1_61' title="bbox 2198 3120 3791 3201">
    <p class='ocr_par' dir='ltr' id='par_1_61' title="bbox 2198 3120 3791 3201">
     <span class='ocr_line' id='line_1_61' title="bbox 2198 3120 3791 3201; baseline -0.002 -17"><span class='ocrx_word' id='word_1_510' title='bbox 2198 3120 2382 3185; x_wconf 76' lang='grc' dir='ltr'>πᾶσαν</span> <span class='ocrx_word' id='word_1_511' title='bbox 2419 3132 2515 3184; x_wconf 76' lang='grc' dir='ltr'>καὶ</span> <span class='ocrx_word' id='word_1_512' title='bbox 2564 3130 2699 3201; x_wconf 70' lang='grc' dir='ltr'>πρὸς</span> <span class='ocrx_word' id='word_1_513' title='bbox 2732 3129 2792 3182; x_wconf 82' lang='grc' dir='ltr'>τὸ</span> <span class='ocrx_word' id='word_1_514' title='bbox 2834 3129 3140 3200; x_wconf 82' lang='grc' dir='ltr'>ἀκρότατον</span> <span class='ocrx_word' id='word_1_515' title='bbox 3179 3129 3387 3200; x_wconf 81' lang='grc' dir='ltr'>ταύτης</span> <span class='ocrx_word' id='word_1_516' title='bbox 3433 3129 3685 3197; x_wconf 80' lang='grc' dir='ltr'>ἀφίκετο,</span> <span class='ocrx_word' id='word_1_517' title='bbox 3717 3128 3791 3191; x_wconf 87' lang='grc' dir='ltr'>ὡς</span> 
     </span>
    </p>
   </div>
   <div class='ocr_carea' id='block_1_62' title="bbox 2197 3221 3788 3294">
    <p class='ocr_par' dir='ltr' id='par_1_62' title="bbox 2197 3221 3788 3294">
     <span class='ocr_line' id='line_1_62' title="bbox 2197 3221 3788 3294; baseline -0.001 -19"><span class='ocrx_word' id='word_1_518' title='bbox 2197 3224 2376 3278; x_wconf 87' lang='grc' dir='ltr'>πάντα</span> <span class='ocrx_word' id='word_1_519' title='bbox 2408 3221 2677 3294; x_wconf 80' lang='grc' dir='ltr'>προέσθαι</span> <span class='ocrx_word' id='word_1_520' title='bbox 2702 3222 2931 3294; x_wconf 71' lang='grc' dir='ltr'>ῥᾳδίως,</span> <span class='ocrx_word' id='word_1_521' title='bbox 2960 3223 3038 3293; x_wconf 85' lang='grc' dir='ltr'>μὴ</span> <span class='ocrx_word' id='word_1_522' title='bbox 3068 3223 3149 3275; x_wconf 81' lang='grc' dir='ltr'>ὅτι</span> <span class='ocrx_word' id='word_1_523' title='bbox 3182 3238 3245 3288; x_wconf 87' lang='grc' dir='ltr'>γε</span> <span class='ocrx_word' id='word_1_524' title='bbox 3278 3223 3381 3274; x_wconf 82' lang='grc' dir='ltr'>ὅσα</span> <span class='ocrx_word' id='word_1_525' title='bbox 3409 3221 3503 3275; x_wconf 79' lang='grc' dir='ltr'>τοῦ</span> <span class='ocrx_word' id='word_1_526' title='bbox 3529 3223 3788 3290; x_wconf 84' lang='grc' dir='ltr'>σώματος</span> 
     </span>
    </p>
   </div>
   <div class='ocr_carea' id='block_1_63' title="bbox 2193 3296 3785 3385">
    <p class='ocr_par' dir='ltr' id='par_1_63' title="bbox 2193 3296 3785 3385">
     <span class='ocr_line' id='line_1_63' title="bbox 2193 3296 3785 3385; baseline -0.001 -14"><span class='ocrx_word' id='word_1_527' title='bbox 2193 3318 2281 3385; x_wconf 84' lang='grc' dir='ltr'>εῖη</span> <span class='ocrx_word' id='word_1_528' title='bbox 2340 3317 2519 3381; x_wconf 70' lang='grc' dir='ltr'>ἐκτὸς,</span> <span class='ocrx_word' id='word_1_529' title='bbox 2559 3314 2699 3369; x_wconf 84' lang='grc' dir='ltr'>ἀλλὰ</span> <span class='ocrx_word' id='word_1_530' title='bbox 2742 3316 2837 3369; x_wconf 73' lang='grc' dir='ltr'>καὶ</span> <span class='ocrx_word' id='word_1_531' title='bbox 2867 3316 3000 3368; x_wconf 84' lang='grc' dir='ltr'>αὐτό</span> <span class='ocrx_word' id='word_1_532' title='bbox 3054 3332 3116 3383; x_wconf 88' lang='grc' dir='ltr'>γε</span> <span class='ocrx_word' id='word_1_533' title='bbox 3151 3314 3211 3369; x_wconf 82' lang='grc' dir='ltr'>τὸ</span> <span class='ocrx_word' id='word_1_534' title='bbox 3268 3296 3433 3385; x_wconf 83' lang='grc' dir='ltr'>σῶμα</span> <span class='ocrx_word' id='word_1_535' title='bbox 3481 3316 3581 3385; x_wconf 88' lang='grc' dir='ltr'>τῆς</span> <span class='ocrx_word' id='word_1_536' title='bbox 3634 3313 3785 3378; x_wconf 83' lang='grc' dir='ltr'>θείας</span> 
     </span>
    </p>
   </div>
   <div class='ocr_carea' id='block_1_64' title="bbox 2193 3408 3784 3479">
    <p class='ocr_par' dir='ltr' id='par_1_64' title="bbox 2193 3408 3784 3479">
     <span class='ocr_line' id='line_1_64' title="bbox 2193 3408 3784 3479; baseline -0.001 -16"><span class='ocrx_word' id='word_1_537' title='bbox 2193 3410 2384 3463; x_wconf 71' lang='grc' dir='ltr'>ἕνεκεν</span> <span class='ocrx_word' id='word_1_538' title='bbox 2419 3409 2643 3479; x_wconf 80' lang='grc' dir='ltr'>ἀγάπης</span> <span class='ocrx_word' id='word_1_539' title='bbox 2691 3408 2773 3471; x_wconf 83' lang='grc' dir='ltr'>εἰς</span> <span class='ocrx_word' id='word_1_540' title='bbox 2804 3408 2933 3471; x_wconf 81' lang='grc' dir='ltr'>τοὺς</span> <span class='ocrx_word' id='word_1_541' title='bbox 2963 3408 3106 3477; x_wconf 81' lang='grc' dir='ltr'>ὑπὲρ</span> <span class='ocrx_word' id='word_1_542' title='bbox 3140 3409 3242 3477; x_wconf 82' lang='grc' dir='ltr'>τῆς</span> <span class='ocrx_word' id='word_1_543' title='bbox 3280 3408 3565 3471; x_wconf 86' lang='grc' dir='ltr'>εὐσεϐείας</span> <span class='ocrx_word' id='word_1_544' title='bbox 3600 3409 3784 3463; x_wconf 82' lang='grc' dir='ltr'>κινδύ-</span> 
     </span>
    </p>
   </div>
   <div class='ocr_carea' id='block_1_65' title="bbox 2194 3499 3788 3572">
    <p class='ocr_par' dir='ltr' id='par_1_65' title="bbox 2194 3499 3788 3572">
     <span class='ocr_line' id='line_1_65' title="bbox 2194 3499 3788 3572; baseline 0 -17"><span class='ocrx_word' id='word_1_545' title='bbox 2194 3520 2323 3565; x_wconf 89' lang='grc' dir='ltr'>νους</span> <span class='ocrx_word' id='word_1_546' title='bbox 2353 3502 2651 3572; x_wconf 79' lang='grc' dir='ltr'>προδοῦναι</span> <span class='ocrx_word' id='word_1_547' title='bbox 2688 3499 3011 3570; x_wconf 79' lang='grc' dir='ltr'>προθύμως,</span> <span class='ocrx_word' id='word_1_548' title='bbox 3040 3500 3115 3562; x_wconf 86' lang='grc' dir='ltr'>ὡς</span> <span class='ocrx_word' id='word_1_549' title='bbox 3145 3501 3408 3570; x_wconf 84' lang='grc' dir='ltr'>ἀνωτέρω</span> <span class='ocrx_word' id='word_1_550' title='bbox 3443 3500 3788 3571; x_wconf 82' lang='grc' dir='ltr'>προέφημεν.</span> 
     </span>
    </p>
   </div>
   <div class='ocr_carea' id='block_1_66' title="bbox 2198 3591 3790 3664">
    <p class='ocr_par' dir='ltr' id='par_1_66' title="bbox 2198 3591 3790 3664">
     <span class='ocr_line' id='line_1_66' title="bbox 2198 3591 3790 3664; baseline -0.001 -16"><span class='ocrx_word' id='word_1_551' title='bbox 2198 3596 2325 3648; x_wconf 81' lang='grc' dir='ltr'>Ὀτι</span> <span class='ocrx_word' id='word_1_552' title='bbox 2349 3595 2406 3648; x_wconf 80' lang='grc' dir='ltr'>δὲ</span> <span class='ocrx_word' id='word_1_553' title='bbox 2438 3595 2530 3647; x_wconf 73' lang='grc' dir='ltr'>καὶ</span> <span class='ocrx_word' id='word_1_554' title='bbox 2562 3591 2777 3656; x_wconf 81' lang='grc' dir='ltr'>ἀσεϐῶς</span> <span class='ocrx_word' id='word_1_555' title='bbox 2805 3593 2874 3648; x_wconf 80' lang='grc' dir='ltr'>τὰ</span> <span class='ocrx_word' id='word_1_556' title='bbox 2903 3593 3057 3663; x_wconf 88' lang='grc' dir='ltr'>σφίσι</span> <span class='ocrx_word' id='word_1_557' title='bbox 3087 3593 3418 3664; x_wconf 80' lang='grc' dir='ltr'>νομισθέντα</span> <span class='ocrx_word' id='word_1_558' title='bbox 3448 3594 3790 3664; x_wconf 84' lang='grc' dir='ltr'>νενόμισται,</span> 
     </span>
    </p>
   </div>
   <div class='ocr_carea' id='block_1_67' title="bbox 2196 3678 3793 3759">
    <p class='ocr_par' dir='ltr' id='par_1_67' title="bbox 2196 3678 3793 3759">
     <span class='ocr_line' id='line_1_67' title="bbox 2196 3678 3793 3759; baseline 0 -19"><span class='ocrx_word' id='word_1_559' title='bbox 2196 3687 2357 3757; x_wconf 81' lang='grc' dir='ltr'>δῆλον</span> <span class='ocrx_word' id='word_1_560' title='bbox 2386 3686 2482 3740; x_wconf 78' lang='grc' dir='ltr'>καὶ</span> <span class='ocrx_word' id='word_1_561' title='bbox 2517 3685 2666 3740; x_wconf 83' lang='grc' dir='ltr'>τοῦτ’</span> <span class='ocrx_word' id='word_1_562' title='bbox 2694 3678 2769 3740; x_wconf 78' lang='grc' dir='ltr'>ὲκ</span> <span class='ocrx_word' id='word_1_563' title='bbox 2791 3689 2898 3739; x_wconf 81' lang='grc' dir='ltr'>τῶν</span> <span class='ocrx_word' id='word_1_564' title='bbox 2920 3686 3088 3741; x_wconf 79' lang='grc' dir='ltr'>αὐτοῦ</span> <span class='ocrx_word' id='word_1_565' title='bbox 3116 3686 3300 3755; x_wconf 83' lang='grc' dir='ltr'>σοφῶν</span> <span class='ocrx_word' id='word_1_566' title='bbox 3337 3688 3434 3742; x_wconf 78' lang='grc' dir='ltr'>καὶ</span> <span class='ocrx_word' id='word_1_567' title='bbox 3461 3688 3793 3759; x_wconf 77' lang='grc' dir='ltr'>άναντιρῤή-</span> 
     </span>
    </p>
   </div>
   <div class='ocr_carea' id='block_1_68' title="bbox 2200 3773 3792 3847">
    <p class='ocr_par' dir='ltr' id='par_1_68' title="bbox 2200 3773 3792 3847">
     <span class='ocr_line' id='line_1_68' title="bbox 2200 3773 3792 3847; baseline 0.001 -18"><span class='ocrx_word' id='word_1_568' title='bbox 2200 3793 2310 3829; x_wconf 84' lang='grc' dir='ltr'>των</span> <span class='ocrx_word' id='word_1_569' title='bbox 2336 3774 2563 3843; x_wconf 84' lang='grc' dir='ltr'>γέγονεν</span> <span class='ocrx_word' id='word_1_570' title='bbox 2593 3773 2948 3840; x_wconf 81' lang='grc' dir='ltr'>ἀποδείξεων.</span> <span class='ocrx_word' id='word_1_571' title='bbox 3002 3774 3198 3830; x_wconf 84' lang='grc' dir='ltr'>Καίτοι</span> <span class='ocrx_word' id='word_1_572' title='bbox 3238 3775 3326 3828; x_wconf 76' lang='grc' dir='ltr'>διὰ</span> <span class='ocrx_word' id='word_1_573' title='bbox 3357 3775 3458 3840; x_wconf 83' lang='grc' dir='ltr'>τὰς</span> <span class='ocrx_word' id='word_1_574' title='bbox 3493 3793 3792 3847; x_wconf 84' lang='grc' dir='ltr'>περιεστη-</span> 
     </span>
    </p>
   </div>
   <div class='ocr_carea' id='block_1_69' title="bbox 2204 3865 3793 3939">
    <p class='ocr_par' dir='ltr' id='par_1_69' title="bbox 2204 3865 3793 3939">
     <span class='ocr_line' id='line_1_69' title="bbox 2204 3865 3793 3939; baseline 0 -18"><span class='ocrx_word' id='word_1_575' title='bbox 2204 3867 2369 3931; x_wconf 85' lang='grc' dir='ltr'>κυίας</span> <span class='ocrx_word' id='word_1_576' title='bbox 2398 3867 2544 3936; x_wconf 86' lang='grc' dir='ltr'>κάμὲ</span> <span class='ocrx_word' id='word_1_577' title='bbox 2577 3865 2713 3936; x_wconf 78' lang='grc' dir='ltr'>πρὸς</span> <span class='ocrx_word' id='word_1_578' title='bbox 2745 3867 2855 3919; x_wconf 85' lang='grc' dir='ltr'>τῶν</span> <span class='ocrx_word' id='word_1_579' title='bbox 2877 3866 3128 3921; x_wconf 86' lang='grc' dir='ltr'>διωκτῶν</span> <span class='ocrx_word' id='word_1_580' title='bbox 3162 3869 3454 3939; x_wconf 84' lang='grc' dir='ltr'>συμφορὰς</span> <span class='ocrx_word' id='word_1_581' title='bbox 3487 3869 3601 3921; x_wconf 87' lang='grc' dir='ltr'>οὐδ’</span> <span class='ocrx_word' id='word_1_582' title='bbox 3637 3870 3793 3938; x_wconf 75' lang='grc' dir='ltr'>ἔσχον</span> 
     </span>
    </p>
   </div>
   <div class='ocr_carea' id='block_1_70' title="bbox 2205 3957 3793 4031">
    <p class='ocr_par' dir='ltr' id='par_1_70' title="bbox 2205 3957 3793 4031">
     <span class='ocr_line' id='line_1_70' title="bbox 2205 3957 3793 4031; baseline 0 -17"><span class='ocrx_word' id='word_1_583' title='bbox 2205 3961 2357 4024; x_wconf 82' lang='grc' dir='ltr'>ὅπως</span> <span class='ocrx_word' id='word_1_584' title='bbox 2412 3958 2506 4012; x_wconf 82' lang='grc' dir='ltr'>ὑπ’</span> <span class='ocrx_word' id='word_1_585' title='bbox 2567 3957 2752 4012; x_wconf 82' lang='grc' dir='ltr'>αὐτῶν</span> <span class='ocrx_word' id='word_1_586' title='bbox 2806 3958 3107 4025; x_wconf 85' lang='grc' dir='ltr'>κλαπείσας</span> <span class='ocrx_word' id='word_1_587' title='bbox 3161 3961 3259 4023; x_wconf 82' lang='grc' dir='ltr'>τὰς</span> <span class='ocrx_word' id='word_1_588' title='bbox 3319 3960 3533 4015; x_wconf 72' lang='grc' dir='ltr'>ἐκείνου</span> <span class='ocrx_word' id='word_1_589' title='bbox 3575 3961 3793 4031; x_wconf 84' lang='grc' dir='ltr'>βίϐλους</span> 
     </span>
    </p>
   </div>
   <div class='ocr_carea' id='block_1_71' title="bbox 2210 4045 3791 4123">
    <p class='ocr_par' dir='ltr' id='par_1_71' title="bbox 2210 4045 3791 4123">
     <span class='ocr_line' id='line_1_71' title="bbox 2210 4045 3791 4123; baseline -0.008 -17"><span class='ocrx_word' id='word_1_590' title='bbox 2210 4052 2542 4123; x_wconf 84' lang='grc' dir='ltr'>παμπόλλας</span> <span class='ocrx_word' id='word_1_591' title='bbox 2573 4049 2742 4113; x_wconf 76' lang='grc' dir='ltr'>οὔσας</span> <span class='ocrx_word' id='word_1_592' title='bbox 2772 4050 3103 4123; x_wconf 70' lang='grc' dir='ltr'>ἀνειληφὼς,</span> <span class='ocrx_word' id='word_1_593' title='bbox 3138 4052 3196 4118; x_wconf 76' lang='grc' dir='ltr'>ἐξ</span> <span class='ocrx_word' id='word_1_594' title='bbox 3238 4045 3315 4106; x_wconf 81' lang='grc' dir='ltr'>ὧν</span> <span class='ocrx_word' id='word_1_595' title='bbox 3367 4055 3464 4109; x_wconf 68' lang='grc' dir='ltr'>καὶ</span> <span class='ocrx_word' id='word_1_596' title='bbox 3504 4052 3631 4107; x_wconf 75' lang='grc' dir='ltr'>ὅθεν</span> <span class='ocrx_word' id='word_1_597' title='bbox 3663 4053 3791 4105; x_wconf 81' lang='grc' dir='ltr'>πολ..</span> 
     </span>
    </p>
   </div>
   <div class='ocr_carea' id='block_1_72' title="bbox 2205 4143 3780 4216">
    <p class='ocr_par' dir='ltr' id='par_1_72' title="bbox 2205 4143 3780 4216">
     <span class='ocr_line' id='line_1_72' title="bbox 2205 4143 3780 4216; baseline -0.003 -17"><span class='ocrx_word' id='word_1_598' title='bbox 2205 4145 2365 4208; x_wconf 82' lang='grc' dir='ltr'>λάκις</span> <span class='ocrx_word' id='word_1_599' title='bbox 2401 4143 3109 4216; x_wconf 58' lang='grc' dir='ltr'>ἀναλαμϐάνωνηπρότερον</span> <span class='ocrx_word' id='word_1_600' title='bbox 3153 4144 3448 4215; x_wconf 77' lang='grc' dir='ltr'>ἐθεώρουν,</span> <span class='ocrx_word' id='word_1_601' title='bbox 3493 4144 3780 4215; x_wconf 70' lang='grc' dir='ltr'>προθεῖναι</span> 
     </span>
    </p>
   </div>
   <div class='ocr_carea' id='block_1_73' title="bbox 513 4238 3792 4317">
    <p class='ocr_par' dir='ltr' id='par_1_73' title="bbox 513 4238 3792 4317">
     <span class='ocr_line' id='line_1_73' title="bbox 513 4238 3792 4317; baseline -0.002 -21"><span class='ocrx_word' id='word_1_602' title='bbox 513 4245 609 4297; x_wconf 72' lang='grc' dir='ltr'>νῦν</span> <span class='ocrx_word' id='word_1_603' title='bbox 641 4247 773 4315; x_wconf 77' lang='grc' dir='ltr'>ἡμῖν</span> <span class='ocrx_word' id='word_1_604' title='bbox 820 4248 890 4298; x_wconf 82' lang='grc' dir='ltr'>τά</span> <span class='ocrx_word' id='word_1_605' title='bbox 939 4244 1123 4315; x_wconf 87' lang='grc' dir='ltr'>πολλῷ</span> <span class='ocrx_word' id='word_1_606' title='bbox 1170 4246 1279 4298; x_wconf 85' lang='grc' dir='ltr'>τῶν</span> <span class='ocrx_word' id='word_1_607' title='bbox 1328 4246 1642 4317; x_wconf 75' lang='grc' dir='ltr'>εἰρημένων</span> <span class='ocrx_word' id='word_1_608' title='bbox 1687 4242 1861 4300; x_wconf 85' lang='grc' dir='ltr'>πλείω</span> <span class='ocrx_word' id='word_1_609' title='bbox 1905 4259 1966 4296; x_wconf 83' lang='grc' dir='ltr'>τε</span> <span class='ocrx_word' id='word_1_610' title='bbox 2023 4240 2119 4294; x_wconf 84' lang='grc' dir='ltr'>καὶ</span> <span class='ocrx_word' id='word_1_611' title='bbox 2153 4240 2548 4309; x_wconf 72' lang='grc' dir='ltr'>ἐναργέστερα,</span> <span class='ocrx_word' id='word_1_612' title='bbox 2623 4238 2696 4301; x_wconf 87' lang='grc' dir='ltr'>ὼς</span> <span class='ocrx_word' id='word_1_613' title='bbox 2744 4240 2879 4291; x_wconf 73' lang='grc' dir='ltr'>πᾶσι</span> <span class='ocrx_word' id='word_1_614' title='bbox 2935 4238 3252 4307; x_wconf 84' lang='grc' dir='ltr'>γνωσθῆναι</span> <span class='ocrx_word' id='word_1_615' title='bbox 3313 4241 3648 4310; x_wconf 82' lang='grc' dir='ltr'>τελεώτερον</span> <span class='ocrx_word' id='word_1_616' title='bbox 3692 4238 3792 4308; x_wconf 84' lang='grc' dir='ltr'>τῆς</span> 
     </span>
    </p>
   </div>
   <div class='ocr_carea' id='block_1_74' title="bbox 514 4334 3795 4414">
    <p class='ocr_par' dir='ltr' id='par_1_74' title="bbox 514 4334 3795 4414">
     <span class='ocr_line' id='line_1_74' title="bbox 514 4334 3795 4414; baseline -0.001 -19"><span class='ocrx_word' id='word_1_617' title='bbox 514 4360 575 4396; x_wconf 81' lang='grc' dir='ltr'>τε</span> <span class='ocrx_word' id='word_1_618' title='bbox 617 4340 875 4404; x_wconf 73' lang='grc' dir='ltr'>ἀσεϐείας</span> <span class='ocrx_word' id='word_1_619' title='bbox 927 4343 1153 4395; x_wconf 75' lang='grc' dir='ltr'>ἐκείνων</span> <span class='ocrx_word' id='word_1_620' title='bbox 1187 4343 1248 4395; x_wconf 82' lang='grc' dir='ltr'>τὸ</span> <span class='ocrx_word' id='word_1_621' title='bbox 1279 4341 1513 4414; x_wconf 85' lang='grc' dir='ltr'>μέγεθος</span> <span class='ocrx_word' id='word_1_622' title='bbox 1546 4343 1642 4394; x_wconf 77' lang='grc' dir='ltr'>καὶ</span> <span class='ocrx_word' id='word_1_623' title='bbox 1696 4339 1792 4394; x_wconf 82' lang='grc' dir='ltr'>τοῦ</span> <span class='ocrx_word' id='word_1_624' title='bbox 1826 4337 1977 4392; x_wconf 87' lang='grc' dir='ltr'>θείου</span> <span class='ocrx_word' id='word_1_625' title='bbox 2033 4335 2205 4390; x_wconf 81' lang='grc' dir='ltr'>τοῦδε.</span> <span class='ocrx_word' id='word_1_626' title='bbox 2230 4334 2424 4405; x_wconf 77' lang='grc' dir='ltr'>ἀνδρὸς</span> <span class='ocrx_word' id='word_1_627' title='bbox 2453 4337 2553 4407; x_wconf 86' lang='grc' dir='ltr'>τῆς</span> <span class='ocrx_word' id='word_1_628' title='bbox 2588 4336 2780 4403; x_wconf 76' lang='grc' dir='ltr'>σοφίας</span> <span class='ocrx_word' id='word_1_629' title='bbox 2807 4334 2866 4388; x_wconf 80' lang='grc' dir='ltr'>τὸ</span> <span class='ocrx_word' id='word_1_630' title='bbox 2895 4336 3083 4404; x_wconf 72' lang='grc' dir='ltr'>περιὸν</span> <span class='ocrx_word' id='word_1_631' title='bbox 3113 4336 3317 4389; x_wconf 77' lang='grc' dir='ltr'>καὶτοῦ</span> <span class='ocrx_word' id='word_1_632' title='bbox 3347 4336 3485 4404; x_wconf 80' lang='grc' dir='ltr'>πρὸς</span> <span class='ocrx_word' id='word_1_633' title='bbox 3515 4338 3795 4394; x_wconf 78' lang='grc' dir='ltr'>εὐσέϐειαν</span> 
     </span>
    </p>
   </div>
   <div class='ocr_carea' id='block_1_75' title="bbox 518 4436 1327 4509">
    <p class='ocr_par' dir='ltr' id='par_1_75' title="bbox 518 4436 1327 4509">
     <span class='ocr_line' id='line_1_75' title="bbox 518 4436 1327 4509; baseline 0.006 -22"><span class='ocrx_word' id='word_1_634' title='bbox 518 4437 681 4504; x_wconf 69' lang='grc' dir='ltr'>ζήλου</span> <span class='ocrx_word' id='word_1_635' title='bbox 712 4437 772 4488; x_wconf 81' lang='grc' dir='ltr'>τὸ</span> <span class='ocrx_word' id='word_1_636' title='bbox 805 4436 1011 4507; x_wconf 86' lang='grc' dir='ltr'>σφόδρα</span> <span class='ocrx_word' id='word_1_637' title='bbox 1042 4437 1327 4509; x_wconf 80' lang='grc' dir='ltr'>διάπυρον.</span> 
     </span>
    </p>
   </div>
   <div class='ocr_carea' id='block_1_76' title="bbox 589 4525 2183 4594">
    <p class='ocr_par' dir='ltr' id='par_1_76' title="bbox 589 4525 2183 4594">
     <span class='ocr_line' id='line_1_76' title="bbox 589 4525 2183 4594; baseline 0 -14"><span class='ocrx_word' id='word_1_638' title='bbox 589 4526 724 4581; x_wconf 85' lang='lat' dir='ltr'>XVI.</span> <span class='ocrx_word' id='word_1_639' title='bbox 743 4528 985 4594; x_wconf 88' lang='lat' dir='ltr'><strong>Quorum</strong></span> <span class='ocrx_word' id='word_1_640' title='bbox 1011 4531 1294 4587; x_wconf 83' lang='lat' dir='ltr'><strong>auditores</strong></span> <span class='ocrx_word' id='word_1_641' title='bbox 1321 4529 1447 4586; x_wconf 80' lang='lat' dir='ltr'><strong>laeti</strong></span> <span class='ocrx_word' id='word_1_642' title='bbox 1468 4527 1851 4592; x_wconf 80' lang='lat' dir='ltr'><strong>contradicere</strong></span> <span class='ocrx_word' id='word_1_643' title='bbox 1878 4541 1910 4581; x_wconf 91' lang='lat' dir='ltr'>e</span> <span class='ocrx_word' id='word_1_644' title='bbox 1944 4525 2111 4581; x_wconf 82' lang='lat' dir='ltr'><strong>vesti-</strong></span> <span class='ocrx_word' id='word_1_645' title='bbox 2142 4529 2183 4588; x_wconf 90' lang='lat' dir='ltr'><strong><em>C</em></strong></span> 
     </span>
    </p>
   </div>
   <div class='ocr_carea' id='block_1_77' title="bbox 516 4618 2110 4694">
    <p class='ocr_par' dir='ltr' id='par_1_77' title="bbox 516 4618 2110 4694">
     <span class='ocr_line' id='line_1_77' title="bbox 516 4618 2110 4694; baseline -0.002 -17"><span class='ocrx_word' id='word_1_646' title='bbox 516 4623 612 4694; x_wconf 59' lang='lat' dir='ltr'><strong>gis)</strong></span> <span class='ocrx_word' id='word_1_647' title='bbox 636 4623 773 4677; x_wconf 82' lang='lat' dir='ltr'><strong>nihil</strong></span> <span class='ocrx_word' id='word_1_648' title='bbox 802 4632 1075 4692; x_wconf 83' lang='lat' dir='ltr'><strong>poterant.</strong></span> <span class='ocrx_word' id='word_1_649' title='bbox 1100 4639 1205 4679; x_wconf 90' lang='lat' dir='ltr'>nec</span> <span class='ocrx_word' id='word_1_650' title='bbox 1249 4624 1582 4693; x_wconf 89' lang='lat' dir='ltr'><strong>scriptarum</strong></span> <span class='ocrx_word' id='word_1_651' title='bbox 1618 4621 1729 4676; x_wconf 89' lang='lat' dir='ltr'><strong>illis</strong></span> <span class='ocrx_word' id='word_1_652' title='bbox 1758 4618 2110 4690; x_wconf 89' lang='lat' dir='ltr'><strong>disceptatio-</strong></span> 
     </span>
    </p>
   </div>
   <div class='ocr_carea' id='block_1_78' title="bbox 521 4714 2107 4788">
    <p class='ocr_par' dir='ltr' id='par_1_78' title="bbox 521 4714 2107 4788">
     <span class='ocr_line' id='line_1_78' title="bbox 521 4714 2107 4788; baseline -0.001 -18"><span class='ocrx_word' id='word_1_653' title='bbox 521 4732 653 4770; x_wconf 83' lang='lat' dir='ltr'><strong>nutu</strong></span> <span class='ocrx_word' id='word_1_654' title='bbox 679 4715 834 4785; x_wconf 80' lang='lat' dir='ltr'><strong>copia</strong></span> <span class='ocrx_word' id='word_1_655' title='bbox 853 4727 992 4771; x_wconf 89' lang='lat' dir='ltr'><strong>erat.</strong></span> <span class='ocrx_word' id='word_1_656' title='bbox 1012 4717 1184 4788; x_wconf 83' lang='lat' dir='ltr'><strong>Igitur</strong></span> <span class='ocrx_word' id='word_1_657' title='bbox 1207 4715 1272 4770; x_wconf 92' lang='lat' dir='ltr'>ad</span> <span class='ocrx_word' id='word_1_658' title='bbox 1309 4714 1542 4770; x_wconf 88' lang='lat' dir='ltr'><strong>alterum</strong></span> <span class='ocrx_word' id='word_1_659' title='bbox 1570 4714 1949 4783; x_wconf 74' lang='lat' dir='ltr'><strong>confugientes</strong></span> <span class='ocrx_word' id='word_1_660' title='bbox 2004 4729 2107 4784; x_wconf 57' lang='lat' dir='ltr'><strong>po.</strong></span> 
     </span>
    </p>
   </div>
   <div class='ocr_carea' id='block_1_79' title="bbox 523 4806 2106 4878">
    <p class='ocr_par' dir='ltr' id='par_1_79' title="bbox 523 4806 2106 4878">
     <span class='ocr_line' id='line_1_79' title="bbox 523 4806 2106 4878; baseline -0.001 -15"><span class='ocrx_word' id='word_1_661' title='bbox 523 4820 667 4863; x_wconf 78' lang='lat' dir='ltr'><strong>stum</strong></span> <span class='ocrx_word' id='word_1_662' title='bbox 697 4818 896 4874; x_wconf 87' lang='lat' dir='ltr'><strong>tutum,</strong></span> <span class='ocrx_word' id='word_1_663' title='bbox 919 4820 1176 4878; x_wconf 87' lang='lat' dir='ltr'><strong>tanquam</strong></span> <span class='ocrx_word' id='word_1_664' title='bbox 1197 4821 1465 4864; x_wconf 88' lang='lat' dir='ltr'><strong>canonem</strong></span> <span class='ocrx_word' id='word_1_665' title='bbox 1481 4815 1536 4862; x_wconf 87' lang='lat' dir='ltr'>et</span> <span class='ocrx_word' id='word_1_666' title='bbox 1557 4808 1732 4876; x_wconf 81' lang='lat' dir='ltr'><strong>legem</strong></span> <span class='ocrx_word' id='word_1_667' title='bbox 1762 4806 2106 4878; x_wconf 84' lang='lat' dir='ltr'><strong>illegitimum</strong></span> 
     </span>
    </p>
   </div>
   <div class='ocr_carea' id='block_1_80' title="bbox 522 4898 2108 4972">
    <p class='ocr_par' dir='ltr' id='par_1_80' title="bbox 522 4898 2108 4972">
     <span class='ocr_line' id='line_1_80' title="bbox 522 4898 2108 4972; baseline -0.001 -18"><span class='ocrx_word' id='word_1_668' title='bbox 522 4902 878 4972; x_wconf 79' lang='lat' dir='ltr'><strong>proferebant</strong></span> <span class='ocrx_word' id='word_1_669' title='bbox 931 4901 1187 4956; x_wconf 87' lang='lat' dir='ltr'><strong>volumen</strong></span> <span class='ocrx_word' id='word_1_670' title='bbox 1242 4900 1530 4968; x_wconf 88' lang='lat' dir='ltr'><strong>piraticum</strong></span> <span class='ocrx_word' id='word_1_671' title='bbox 1579 4908 1636 4953; x_wconf 88' lang='lat' dir='ltr'>et</span> <span class='ocrx_word' id='word_1_672' title='bbox 1694 4898 1861 4969; x_wconf 90' lang='lat' dir='ltr'><strong>impia</strong></span> <span class='ocrx_word' id='word_1_673' title='bbox 1916 4914 2108 4954; x_wconf 86' lang='lat' dir='ltr'><strong>sacer-</strong></span> 
     </span>
    </p>
   </div>
   <div class='ocr_carea' id='block_1_81' title="bbox 521 4990 2111 5067">
    <p class='ocr_par' dir='ltr' id='par_1_81' title="bbox 521 4990 2111 5067">
     <span class='ocr_line' id='line_1_81' title="bbox 521 4990 2111 5067; baseline -0.004 -17"><span class='ocrx_word' id='word_1_674' title='bbox 521 4996 714 5050; x_wconf 76' lang='lat' dir='ltr'><strong>douim</strong></span> <span class='ocrx_word' id='word_1_675' title='bbox 747 5003 803 5049; x_wconf 89' lang='lat' dir='ltr'>et</span> <span class='ocrx_word' id='word_1_676' title='bbox 832 4992 1315 5063; x_wconf 82' lang='lat' dir='ltr'><strong>grammaticorum</strong></span> <span class='ocrx_word' id='word_1_677' title='bbox 1369 4991 1437 5046; x_wconf 88' lang='lat' dir='ltr'>de</span> <span class='ocrx_word' id='word_1_678' title='bbox 1480 4990 1698 5046; x_wconf 88' lang='lat' dir='ltr'><strong>Domini</strong></span> <span class='ocrx_word' id='word_1_679' title='bbox 1756 4990 2111 5067; x_wconf 74' lang='lat' dir='ltr'><strong>transﬁgura-</strong></span> 
     </span>
    </p>
   </div>
   <div class='ocr_carea' id='block_1_82' title="bbox 524 5080 2108 5151">
    <p class='ocr_par' dir='ltr' id='par_1_82' title="bbox 524 5080 2108 5151">
     <span class='ocr_line' id='line_1_82' title="bbox 524 5080 2108 5151; baseline -0.001 -14"><span class='ocrx_word' id='word_1_680' title='bbox 524 5084 676 5138; x_wconf 87' lang='lat' dir='ltr'><strong>tione</strong></span> <span class='ocrx_word' id='word_1_681' title='bbox 723 5083 919 5151; x_wconf 88' lang='lat' dir='ltr'><strong>placita</strong></span> <span class='ocrx_word' id='word_1_682' title='bbox 975 5082 1033 5135; x_wconf 91' lang='lat' dir='ltr'>in</span> <span class='ocrx_word' id='word_1_683' title='bbox 1082 5095 1178 5135; x_wconf 89' lang='lat' dir='ltr'>ore</span> <span class='ocrx_word' id='word_1_684' title='bbox 1223 5080 1517 5135; x_wconf 84' lang='lat' dir='ltr'><strong>habebant.</strong></span> <span class='ocrx_word' id='word_1_685' title='bbox 1575 5081 1789 5148; x_wconf 85' lang='lat' dir='ltr'><strong>Quibus</strong></span> <span class='ocrx_word' id='word_1_686' title='bbox 1834 5081 2108 5151; x_wconf 81' lang='lat' dir='ltr'><strong>Gregoras</strong></span> 
     </span>
    </p>
   </div>
   <div class='ocr_carea' id='block_1_83' title="bbox 524 5172 2106 5243">
    <p class='ocr_par' dir='ltr' id='par_1_83' title="bbox 524 5172 2106 5243">
     <span class='ocr_line' id='line_1_83' title="bbox 524 5172 2106 5243; baseline -0.003 -13"><span class='ocrx_word' id='word_1_687' title='bbox 524 5174 856 5243; x_wconf 80' lang='lat' dir='ltr'><strong>respondit:</strong></span> <span class='ocrx_word' id='word_1_688' title='bbox 911 5173 1053 5229; x_wconf 67' lang='lat' dir='ltr'><strong>«Nec</strong></span> <span class='ocrx_word' id='word_1_689' title='bbox 1101 5172 1155 5225; x_wconf 92' lang='lat' dir='ltr'>in</span> <span class='ocrx_word' id='word_1_690' title='bbox 1188 5183 1428 5227; x_wconf 89' lang='lat' dir='ltr'><strong>mentem</strong></span> <span class='ocrx_word' id='word_1_691' title='bbox 1471 5173 1629 5229; x_wconf 85' lang='lat' dir='ltr'><strong>vobis</strong></span> <span class='ocrx_word' id='word_1_692' title='bbox 1685 5174 1836 5228; x_wconf 83' lang='lat' dir='ltr'><strong>venit</strong></span> <span class='ocrx_word' id='word_1_693' title='bbox 1888 5173 2106 5227; x_wconf 87' lang='lat' dir='ltr'><strong>tandem</strong></span> 
     </span>
    </p>
   </div>
   <div class='ocr_carea' id='block_1_84' title="bbox 523 5266 2108 5339">
    <p class='ocr_par' dir='ltr' id='par_1_84' title="bbox 523 5266 2108 5339">
     <span class='ocr_line' id='line_1_84' title="bbox 523 5266 2108 5339; baseline -0.003 -15"><span class='ocrx_word' id='word_1_694' title='bbox 523 5270 819 5339; x_wconf 73' lang='lat' dir='ltr'><strong>aliquando</strong></span> <span class='ocrx_word' id='word_1_695' title='bbox 847 5266 1059 5321; x_wconf 82' lang='lat' dir='ltr'><strong>sentire</strong></span> <span class='ocrx_word' id='word_1_696' title='bbox 1085 5279 1183 5320; x_wconf 92' lang='lat' dir='ltr'>vos</span> <span class='ocrx_word' id='word_1_697' title='bbox 1206 5267 1445 5335; x_wconf 83' lang='lat' dir='ltr'><strong>majores</strong></span> <span class='ocrx_word' id='word_1_698' title='bbox 1480 5268 1664 5337; x_wconf 82' lang='lat' dir='ltr'><strong>plagas</strong></span> <span class='ocrx_word' id='word_1_699' title='bbox 1690 5282 1845 5320; x_wconf 81' lang='lat' dir='ltr'><strong>novae</strong></span> <span class='ocrx_word' id='word_1_700' title='bbox 1873 5266 2108 5321; x_wconf 71' lang='lat' dir='ltr'><strong>Palamaa</strong></span> 
     </span>
    </p>
   </div>
   <div class='ocr_carea' id='block_1_85' title="bbox 525 5355 2105 5424">
    <p class='ocr_par' dir='ltr' id='par_1_85' title="bbox 525 5355 2105 5424">
     <span class='ocr_line' id='line_1_85' title="bbox 525 5355 2105 5424; baseline -0.003 -9"><span class='ocrx_word' id='word_1_701' title='bbox 525 5357 922 5415; x_wconf 79' lang='lat' dir='ltr'><strong>iconomachiae</strong></span> <span class='ocrx_word' id='word_1_702' title='bbox 974 5363 1160 5410; x_wconf 79' lang='lat' dir='ltr'><strong>texere</strong></span> <span class='ocrx_word' id='word_1_703' title='bbox 1203 5355 1286 5410; x_wconf 89' lang='lat' dir='ltr'>eis</span> <span class='ocrx_word' id='word_1_704' title='bbox 1337 5370 1473 5424; x_wconf 83' lang='lat' dir='ltr'><strong>quas</strong></span> <span class='ocrx_word' id='word_1_705' title='bbox 1530 5372 1678 5412; x_wconf 87' lang='lat' dir='ltr'><strong>nunc</strong></span> <span class='ocrx_word' id='word_1_706' title='bbox 1731 5356 2105 5422; x_wconf 85' lang='lat' dir='ltr'><strong>introducitis,</strong></span> 
     </span>
    </p>
   </div>
   <div class='ocr_carea' id='block_1_86' title="bbox 527 5448 2111 5519">
    <p class='ocr_par' dir='ltr' id='par_1_86' title="bbox 527 5448 2111 5519">
     <span class='ocr_line' id='line_1_86' title="bbox 527 5448 2111 5519; baseline -0.003 -13"><span class='ocrx_word' id='word_1_707' title='bbox 527 5462 590 5507; x_wconf 87' lang='lat' dir='ltr'>ut</span> <span class='ocrx_word' id='word_1_708' title='bbox 622 5448 762 5506; x_wconf 82' lang='lat' dir='ltr'><strong>infra</strong></span> <span class='ocrx_word' id='word_1_709' title='bbox 797 5449 1249 5507; x_wconf 88' lang='lat' dir='ltr'><strong>monstrabimus.</strong></span> <span class='ocrx_word' id='word_1_710' title='bbox 1310 5451 1465 5509; x_wconf 90' lang='lat' dir='ltr'><strong>Licet</strong></span> <span class='ocrx_word' id='word_1_711' title='bbox 1488 5450 1635 5505; x_wconf 89' lang='lat' dir='ltr'><strong>enim</strong></span> <span class='ocrx_word' id='word_1_712' title='bbox 1669 5450 1828 5504; x_wconf 90' lang='lat' dir='ltr'><strong>nobis</strong></span> <span class='ocrx_word' id='word_1_713' title='bbox 1860 5464 2111 5519; x_wconf 89' lang='lat' dir='ltr'><strong>perscru-</strong></span> 
     </span>
    </p>
   </div>
   <div class='ocr_carea' id='block_1_87' title="bbox 535 5543 2109 5617">
    <p class='ocr_par' dir='ltr' id='par_1_87' title="bbox 535 5543 2109 5617">
     <span class='ocr_line' id='line_1_87' title="bbox 535 5543 2109 5617; baseline -0.001 -19"><span class='ocrx_word' id='word_1_714' title='bbox 535 5545 784 5601; x_wconf 88' lang='lat' dir='ltr'><strong>tantibus</strong></span> <span class='ocrx_word' id='word_1_715' title='bbox 815 5546 1125 5617; x_wconf 69' lang='lat' dir='ltr'><strong>intelligere</strong></span> <span class='ocrx_word' id='word_1_716' title='bbox 1183 5547 1335 5603; x_wconf 90' lang='lat' dir='ltr'><strong>illum</strong></span> <span class='ocrx_word' id='word_1_717' title='bbox 1369 5545 1568 5601; x_wconf 85' lang='lat' dir='ltr'><strong>similia</strong></span> <span class='ocrx_word' id='word_1_718' title='bbox 1612 5545 1728 5599; x_wconf 90' lang='lat' dir='ltr'><strong>suis</strong></span> <span class='ocrx_word' id='word_1_719' title='bbox 1778 5543 2037 5607; x_wconf 91' lang='lat' dir='ltr'><strong>illudere,</strong></span> <span class='ocrx_word' id='word_1_720' title='bbox 2063 5543 2109 5597; x_wconf 90' lang='lat' dir='ltr'>si</span> 
     </span>
    </p>
   </div>
   <div class='ocr_carea' id='block_1_88' title="bbox 528 5634 2107 5709">
    <p class='ocr_par' dir='ltr' id='par_1_88' title="bbox 528 5634 2107 5709">
     <span class='ocr_line' id='line_1_88' title="bbox 528 5634 2107 5709; baseline -0.002 -18"><span class='ocrx_word' id='word_1_721' title='bbox 528 5637 902 5707; x_wconf 89' lang='lat' dir='ltr'><strong>improbitatis</strong></span> <span class='ocrx_word' id='word_1_722' title='bbox 932 5637 1152 5694; x_wconf 87' lang='lat' dir='ltr'><strong>radices</strong></span> <span class='ocrx_word' id='word_1_723' title='bbox 1190 5647 1248 5694; x_wconf 90' lang='lat' dir='ltr'>et</span> <span class='ocrx_word' id='word_1_724' title='bbox 1283 5641 1514 5709; x_wconf 89' lang='lat' dir='ltr'><strong>primam</strong></span> <span class='ocrx_word' id='word_1_725' title='bbox 1565 5636 1836 5706; x_wconf 82' lang='lat' dir='ltr'><strong>originem</strong></span> <span class='ocrx_word' id='word_1_726' title='bbox 1889 5634 2107 5688; x_wconf 86' lang='lat' dir='ltr'><strong>viderit.</strong></span> 
     </span>
    </p>
   </div>
   <div class='ocr_carea' id='block_1_89' title="bbox 530 5727 2110 5801">
    <p class='ocr_par' dir='ltr' id='par_1_89' title="bbox 530 5727 2110 5801">
     <span class='ocr_line' id='line_1_89' title="bbox 530 5727 2110 5801; baseline -0.002 -20"><span class='ocrx_word' id='word_1_727' title='bbox 530 5727 686 5783; x_wconf 86' lang='lat' dir='ltr'><strong>Licet</strong></span> <span class='ocrx_word' id='word_1_728' title='bbox 717 5745 816 5786; x_wconf 86' lang='lat' dir='ltr'>nec</span> <span class='ocrx_word' id='word_1_729' title='bbox 846 5731 1026 5786; x_wconf 90' lang='lat' dir='ltr'><strong>minus</strong></span> <span class='ocrx_word' id='word_1_730' title='bbox 1051 5731 1302 5801; x_wconf 88' lang='lat' dir='ltr'><strong>intelligi.</strong></span> <span class='ocrx_word' id='word_1_731' title='bbox 1333 5739 1591 5801; x_wconf 87' lang='lat' dir='ltr'><strong>quantam</strong></span> <span class='ocrx_word' id='word_1_732' title='bbox 1618 5730 1707 5783; x_wconf 90' lang='lat' dir='ltr'><strong>ille</strong></span> <span class='ocrx_word' id='word_1_733' title='bbox 1736 5727 2110 5781; x_wconf 85' lang='lat' dir='ltr'><strong>accessionem</strong></span> 
     </span>
    </p>
   </div>
   <div class='ocr_carea' id='block_1_90' title="bbox 529 5816 2110 5893">
    <p class='ocr_par' dir='ltr' id='par_1_90' title="bbox 529 5816 2110 5893">
     <span class='ocr_line' id='line_1_90' title="bbox 529 5816 2110 5893; baseline 0.001 -23"><span class='ocrx_word' id='word_1_734' title='bbox 529 5817 724 5877; x_wconf 79' lang='lat' dir='ltr'><strong>fecerit</strong></span> <span class='ocrx_word' id='word_1_735' title='bbox 751 5821 908 5893; x_wconf 92' lang='lat' dir='ltr'><strong>stirpi</strong></span> <span class='ocrx_word' id='word_1_736' title='bbox 939 5824 1107 5893; x_wconf 87' lang='lat' dir='ltr'><strong>stirpe</strong></span> <span class='ocrx_word' id='word_1_737' title='bbox 1135 5822 1321 5878; x_wconf 85' lang='lat' dir='ltr'><strong>addita</strong></span> <span class='ocrx_word' id='word_1_738' title='bbox 1347 5833 1401 5876; x_wconf 88' lang='lat' dir='ltr'>et</span> <span class='ocrx_word' id='word_1_739' title='bbox 1429 5819 1668 5877; x_wconf 79' lang='lat' dir='ltr'><strong>licentia:</strong></span> <span class='ocrx_word' id='word_1_740' title='bbox 1699 5818 1940 5872; x_wconf 85' lang='lat' dir='ltr'><strong>licentia.</strong></span> <span class='ocrx_word' id='word_1_741' title='bbox 2014 5816 2110 5873; x_wconf 88' lang='lat' dir='ltr'><strong>Sin</strong></span> 
     </span>
    </p>
   </div>
   <div class='ocr_carea' id='block_1_91' title="bbox 531 5911 2112 5989">
    <p class='ocr_par' dir='ltr' id='par_1_91' title="bbox 531 5911 2112 5989">
     <span class='ocr_line' id='line_1_91' title="bbox 531 5911 2112 5989; baseline -0.001 -22"><span class='ocrx_word' id='word_1_742' title='bbox 531 5926 663 5971; x_wconf 82' lang='lat' dir='ltr'><strong>vero</strong></span> <span class='ocrx_word' id='word_1_743' title='bbox 687 5915 893 5988; x_wconf 87' lang='lat' dir='ltr'><strong>aliquid</strong></span> <span class='ocrx_word' id='word_1_744' title='bbox 933 5917 1004 5974; x_wconf 89' lang='lat' dir='ltr'>sit</span> <span class='ocrx_word' id='word_1_745' title='bbox 1036 5917 1103 5973; x_wconf 87' lang='lat' dir='ltr'>ad</span> <span class='ocrx_word' id='word_1_746' title='bbox 1136 5915 1529 5989; x_wconf 83' lang='lat' dir='ltr'><strong>perlectiorem</strong></span> <span class='ocrx_word' id='word_1_747' title='bbox 1568 5911 1983 5984; x_wconf 79' lang='lat' dir='ltr'><strong>perceptionem</strong></span> <span class='ocrx_word' id='word_1_748' title='bbox 2019 5924 2112 5965; x_wconf 87' lang='lat' dir='ltr'><strong>rc-</strong></span> 
     </span>
    </p>
   </div>
   <div class='ocr_carea' id='block_1_92' title="bbox 2289 4520 3796 4597">
    <p class='ocr_par' dir='ltr' id='par_1_92' title="bbox 2289 4520 3796 4597">
     <span class='ocr_line' id='line_1_92' title="bbox 2289 4520 3796 4597; baseline 0.001 -19"><span class='ocrx_word' id='word_1_749' title='bbox 2289 4520 2412 4592; x_wconf 72' lang='grc' dir='ltr'>ις’.</span> <span class='ocrx_word' id='word_1_750' title='bbox 2446 4523 2667 4578; x_wconf 88' lang='grc' dir='ltr'>Τούτων</span> <span class='ocrx_word' id='word_1_751' title='bbox 2697 4524 2898 4577; x_wconf 80' lang='grc' dir='ltr'>ἐκεῖνοι</span> <span class='ocrx_word' id='word_1_752' title='bbox 2929 4525 3065 4587; x_wconf 85' lang='grc' dir='ltr'>τέως</span> <span class='ocrx_word' id='word_1_753' title='bbox 3101 4524 3361 4591; x_wconf 83' lang='grc' dir='ltr'>αὐτήκοοι</span> <span class='ocrx_word' id='word_1_754' title='bbox 3391 4526 3676 4597; x_wconf 78' lang='grc' dir='ltr'>γενόμενοι</span> <span class='ocrx_word' id='word_1_755' title='bbox 3705 4529 3796 4580; x_wconf 86' lang='grc' dir='ltr'>ἀν-</span> 
     </span>
    </p>
   </div>
   <div class='ocr_carea' id='block_1_93' title="bbox 2216 4612 3797 4689">
    <p class='ocr_par' dir='ltr' id='par_1_93' title="bbox 2216 4612 3797 4689">
     <span class='ocr_line' id='line_1_93' title="bbox 2216 4612 3797 4689; baseline 0 -19"><span class='ocrx_word' id='word_1_756' title='bbox 2216 4615 2459 4685; x_wconf 85' lang='grc' dir='ltr'>τιλέγειν</span> <span class='ocrx_word' id='word_1_757' title='bbox 2489 4616 2591 4683; x_wconf 79' lang='grc' dir='ltr'>μὲν</span> <span class='ocrx_word' id='word_1_758' title='bbox 2644 4618 2707 4669; x_wconf 77' lang='grc' dir='ltr'>ἐκ</span> <span class='ocrx_word' id='word_1_759' title='bbox 2742 4616 2863 4681; x_wconf 70' lang='grc' dir='ltr'>ξτοῦ</span> <span class='ocrx_word' id='word_1_760' title='bbox 2895 4617 3082 4680; x_wconf 86' lang='grc' dir='ltr'>εὐθέος</span> <span class='ocrx_word' id='word_1_761' title='bbox 3121 4618 3322 4688; x_wconf 77' lang='grc' dir='ltr'>ἥκιστα</span> <span class='ocrx_word' id='word_1_762' title='bbox 3355 4612 3536 4687; x_wconf 71' lang='grc' dir='ltr'>εἴχονο</span> <span class='ocrx_word' id='word_1_763' title='bbox 3580 4617 3693 4670; x_wconf 83' lang='grc' dir='ltr'>οὐδ’</span> <span class='ocrx_word' id='word_1_764' title='bbox 3733 4613 3797 4689; x_wconf 75' lang='grc' dir='ltr'>ἦν</span> 
     </span>
    </p>
   </div>
   <div class='ocr_carea' id='block_1_94' title="bbox 2212 4708 3798 4781">
    <p class='ocr_par' dir='ltr' id='par_1_94' title="bbox 2212 4708 3798 4781">
     <span class='ocr_line' id='line_1_94' title="bbox 2212 4708 3798 4781; baseline 0.001 -19"><span class='ocrx_word' id='word_1_765' title='bbox 2212 4709 2451 4781; x_wconf 86' lang='grc' dir='ltr'>εὐπορία</span> <span class='ocrx_word' id='word_1_766' title='bbox 2479 4709 2770 4780; x_wconf 83' lang='grc' dir='ltr'>γραφικῶν</span> <span class='ocrx_word' id='word_1_767' title='bbox 2804 4708 3139 4774; x_wconf 79' lang='grc' dir='ltr'>ἀποδείξεων</span> <span class='ocrx_word' id='word_1_768' title='bbox 3162 4711 3339 4778; x_wconf 88' lang='grc' dir='ltr'>σφίσι.</span> <span class='ocrx_word' id='word_1_769' title='bbox 3372 4710 3465 4763; x_wconf 81' lang='grc' dir='ltr'>Διὸ</span> <span class='ocrx_word' id='word_1_770' title='bbox 3495 4712 3592 4766; x_wconf 74' lang='grc' dir='ltr'>καὶ</span> <span class='ocrx_word' id='word_1_771' title='bbox 3616 4712 3677 4775; x_wconf 78' lang='grc' dir='ltr'>ἐς</span> <span class='ocrx_word' id='word_1_772' title='bbox 3709 4714 3798 4767; x_wconf 77' lang='grc' dir='ltr'>τὸν</span> 
     </span>
    </p>
   </div>
   <div class='ocr_carea' id='block_1_95' title="bbox 2212 4800 3802 4872">
    <p class='ocr_par' dir='ltr' id='par_1_95' title="bbox 2212 4800 3802 4872">
     <span class='ocr_line' id='line_1_95' title="bbox 2212 4800 3802 4872; baseline 0.003 -18"><span class='ocrx_word' id='word_1_773' title='bbox 2212 4800 2471 4872; x_wconf 85' lang='grc' dir='ltr'>δεύτερον</span> <span class='ocrx_word' id='word_1_774' title='bbox 2502 4801 2970 4871; x_wconf 76' lang='grc' dir='ltr'>καταπεφεύγασι</span> <span class='ocrx_word' id='word_1_775' title='bbox 3007 4801 3201 4867; x_wconf 81' lang='grc' dir='ltr'>πλοῦν,</span> <span class='ocrx_word' id='word_1_776' title='bbox 3230 4803 3327 4855; x_wconf 80' lang='grc' dir='ltr'>καὶ</span> <span class='ocrx_word' id='word_1_777' title='bbox 3360 4803 3565 4857; x_wconf 87' lang='grc' dir='ltr'>κανόνα</span> <span class='ocrx_word' id='word_1_778' title='bbox 3592 4805 3689 4865; x_wconf 80' lang='grc' dir='ltr'>καὶ</span> <span class='ocrx_word' id='word_1_779' title='bbox 3719 4804 3802 4858; x_wconf 77' lang='grc' dir='ltr'>νόο</span> 
     </span>
    </p>
   </div>
   <div class='ocr_carea' id='block_1_96' title="bbox 2216 4894 3802 4965">
    <p class='ocr_par' dir='ltr' id='par_1_96' title="bbox 2216 4894 3802 4965">
     <span class='ocr_line' id='line_1_96' title="bbox 2216 4894 3802 4965; baseline 0.001 -18"><span class='ocrx_word' id='word_1_780' title='bbox 2216 4912 2319 4964; x_wconf 90' lang='grc' dir='ltr'>μον</span> <span class='ocrx_word' id='word_1_781' title='bbox 2351 4894 2570 4956; x_wconf 82' lang='grc' dir='ltr'>ἑαυτοῖς</span> <span class='ocrx_word' id='word_1_782' title='bbox 2618 4895 2712 4947; x_wconf 83' lang='grc' dir='ltr'>τὸν</span> <span class='ocrx_word' id='word_1_783' title='bbox 2745 4894 3071 4964; x_wconf 81' lang='grc' dir='ltr'>παράνομον</span> <span class='ocrx_word' id='word_1_784' title='bbox 3115 4894 3432 4965; x_wconf 79' lang='grc' dir='ltr'>προῦφερον</span> <span class='ocrx_word' id='word_1_785' title='bbox 3456 4896 3624 4965; x_wconf 87' lang='grc' dir='ltr'>τόμον</span> <span class='ocrx_word' id='word_1_786' title='bbox 3660 4898 3802 4950; x_wconf 63' lang='grc' dir='ltr'>ἐκεῖ-</span> 
     </span>
    </p>
   </div>
   <div class='ocr_carea' id='block_1_97' title="bbox 2213 4975 3803 5058">
    <p class='ocr_par' dir='ltr' id='par_1_97' title="bbox 2213 4975 3803 5058">
     <span class='ocr_line' id='line_1_97' title="bbox 2213 4975 3803 5058; baseline 0.001 -18"><span class='ocrx_word' id='word_1_787' title='bbox 2213 5002 2304 5040; x_wconf 88' lang='grc' dir='ltr'>νον</span> <span class='ocrx_word' id='word_1_788' title='bbox 2332 4986 2424 5039; x_wconf 73' lang='grc' dir='ltr'>τὸν</span> <span class='ocrx_word' id='word_1_789' title='bbox 2453 4975 2769 5058; x_wconf 70' lang='grc' dir='ltr'>λῃστρικὸν,</span> <span class='ocrx_word' id='word_1_790' title='bbox 2817 4988 2909 5039; x_wconf 81' lang='grc' dir='ltr'>καὶ</span> <span class='ocrx_word' id='word_1_791' title='bbox 2943 4986 3012 5040; x_wconf 85' lang='grc' dir='ltr'>τὰ</span> <span class='ocrx_word' id='word_1_792' title='bbox 3049 4987 3178 5057; x_wconf 79' lang='grc' dir='ltr'>περὶ</span> <span class='ocrx_word' id='word_1_793' title='bbox 3218 4988 3318 5049; x_wconf 84' lang='grc' dir='ltr'>τῆς</span> <span class='ocrx_word' id='word_1_794' title='bbox 3345 4987 3438 5040; x_wconf 84' lang='grc' dir='ltr'>τοῦ</span> <span class='ocrx_word' id='word_1_795' title='bbox 3465 4989 3676 5058; x_wconf 79' lang='grc' dir='ltr'>Κυρίου</span> <span class='ocrx_word' id='word_1_796' title='bbox 3710 5006 3803 5057; x_wconf 83' lang='grc' dir='ltr'>με·</span> 
     </span>
    </p>
   </div>
   <div class='ocr_carea' id='block_1_98' title="bbox 2212 5077 3803 5152">
    <p class='ocr_par' dir='ltr' id='par_1_98' title="bbox 2212 5077 3803 5152">
     <span class='ocr_line' id='line_1_98' title="bbox 2212 5077 3803 5152; baseline 0.003 -22"><span class='ocrx_word' id='word_1_797' title='bbox 2212 5077 2628 5148; x_wconf 86' lang='grc' dir='ltr'>ταμορφὼσεως</span> <span class='ocrx_word' id='word_1_798' title='bbox 2686 5081 2806 5133; x_wconf 79' lang='grc' dir='ltr'>ἐκεῖ</span> <span class='ocrx_word' id='word_1_799' title='bbox 2843 5081 2961 5142; x_wconf 85' lang='grc' dir='ltr'>τοῖς</span> <span class='ocrx_word' id='word_1_800' title='bbox 3007 5080 3333 5150; x_wconf 78' lang='grc' dir='ltr'>ἀρχιερεῦσι</span> <span class='ocrx_word' id='word_1_801' title='bbox 3376 5079 3440 5151; x_wconf 67' lang='grc' dir='ltr'>[Γ.</span> <span class='ocrx_word' id='word_1_802' title='bbox 3474 5080 3581 5137; x_wconf 67' lang='grc'>245</span> <span class='ocrx_word' id='word_1_803' title='bbox 3609 5080 3666 5152; x_wconf 87' lang='lat' dir='ltr'><strong>b]</strong></span> <span class='ocrx_word' id='word_1_804' title='bbox 3711 5085 3803 5136; x_wconf 77' lang='grc' dir='ltr'>καὶ</span> 
     </span>
    </p>
   </div>
   <div class='ocr_carea' id='block_1_99' title="bbox 2214 5171 3804 5247">
    <p class='ocr_par' dir='ltr' id='par_1_99' title="bbox 2214 5171 3804 5247">
     <span class='ocr_line' id='line_1_99' title="bbox 2214 5171 3804 5247; baseline -0.001 -19"><span class='ocrx_word' id='word_1_805' title='bbox 2214 5171 2641 5242; x_wconf 84' lang='grc' dir='ltr'>γραμματεῦσιν</span> <span class='ocrx_word' id='word_1_806' title='bbox 2676 5172 2894 5235; x_wconf 86' lang='grc' dir='ltr'>ἀσεϐῶς</span> <span class='ocrx_word' id='word_1_807' title='bbox 2951 5175 3274 5243; x_wconf 62' lang='grc' dir='ltr'>κυρωθέντα</span> <span class='ocrx_word' id='word_1_808' title='bbox 3316 5174 3409 5228; x_wconf 88' lang='grc' dir='ltr'>διὰ</span> <span class='ocrx_word' id='word_1_809' title='bbox 3439 5177 3710 5245; x_wconf 86' lang='grc' dir='ltr'>στόματος</span> <span class='ocrx_word' id='word_1_810' title='bbox 3740 5172 3804 5247; x_wconf 79' lang='grc' dir='ltr'>ἦ-</span> 
     </span>
    </p>
   </div>
   <div class='ocr_carea' id='block_1_100' title="bbox 2214 5260 3804 5336">
    <p class='ocr_par' dir='ltr' id='par_1_100' title="bbox 2214 5260 3804 5336">
     <span class='ocr_line' id='line_1_100' title="bbox 2214 5260 3804 5336; baseline 0.003 -20"><span class='ocrx_word' id='word_1_811' title='bbox 2214 5279 2339 5331; x_wconf 76' lang='grc' dir='ltr'>γον’</span> <span class='ocrx_word' id='word_1_812' title='bbox 2382 5263 2520 5331; x_wconf 82' lang='grc' dir='ltr'>πρὸς</span> <span class='ocrx_word' id='word_1_813' title='bbox 2556 5262 2651 5327; x_wconf 85' lang='grc' dir='ltr'>οὒς</span> <span class='ocrx_word' id='word_1_814' title='bbox 2702 5265 2730 5317; x_wconf 85' lang='grc' dir='ltr'>ὁ</span> <span class='ocrx_word' id='word_1_815' title='bbox 2764 5266 3077 5336; x_wconf 82' lang='grc' dir='ltr'>Γρηγορᾶς,</span> <span class='ocrx_word' id='word_1_816' title='bbox 3121 5284 3140 5317; x_wconf 71' lang='grc' dir='ltr'>ι</span> <span class='ocrx_word' id='word_1_817' title='bbox 3199 5260 3334 5320; x_wconf 77' lang='grc' dir='ltr'>Εἶτα</span> <span class='ocrx_word' id='word_1_818' title='bbox 3364 5267 3492 5320; x_wconf 81' lang='grc' dir='ltr'>οὐδὲ</span> <span class='ocrx_word' id='word_1_819' title='bbox 3541 5269 3667 5331; x_wconf 77' lang='grc' dir='ltr'>νοῦς</span> <span class='ocrx_word' id='word_1_820' title='bbox 3717 5287 3804 5330; x_wconf 86' lang='grc' dir='ltr'>τις</span> 
     </span>
    </p>
   </div>
   <div class='ocr_carea' id='block_1_101' title="bbox 2214 5356 3800 5428">
    <p class='ocr_par' dir='ltr' id='par_1_101' title="bbox 2214 5356 3800 5428">
     <span class='ocr_line' id='line_1_101' title="bbox 2214 5356 3800 5428; baseline 0.003 -19"><span class='ocrx_word' id='word_1_821' title='bbox 2214 5357 2415 5424; x_wconf 73' lang='grc' dir='ltr'>ἔπεισι,</span> <span class='ocrx_word' id='word_1_822' title='bbox 2453 5376 2472 5408; x_wconf 69' lang='grc' dir='ltr'>ι</span> <span class='ocrx_word' id='word_1_823' title='bbox 2536 5357 2724 5427; x_wconf 80' lang='grc' dir='ltr'>φησὶν,</span> <span class='ocrx_word' id='word_1_824' title='bbox 2783 5376 2803 5408; x_wconf 68' lang='grc' dir='ltr'><strong><em>ι</em></strong></span> <span class='ocrx_word' id='word_1_825' title='bbox 2842 5359 2994 5428; x_wconf 85' lang='grc' dir='ltr'>ὑμῖν,</span> <span class='ocrx_word' id='word_1_826' title='bbox 3050 5358 3150 5428; x_wconf 73' lang='grc' dir='ltr'>ὀψὲ</span> <span class='ocrx_word' id='word_1_827' title='bbox 3205 5356 3338 5428; x_wconf 81' lang='grc' dir='ltr'>γοῦν</span> <span class='ocrx_word' id='word_1_828' title='bbox 3386 5359 3677 5414; x_wconf 74' lang='grc' dir='ltr'>αἰσθέσθαι</span> <span class='ocrx_word' id='word_1_829' title='bbox 3725 5360 3800 5422; x_wconf 86' lang='grc' dir='ltr'>ὡς</span> 
     </span>
    </p>
   </div>
   <div class='ocr_carea' id='block_1_102' title="bbox 2219 5448 3804 5521">
    <p class='ocr_par' dir='ltr' id='par_1_102' title="bbox 2219 5448 3804 5521">
     <span class='ocr_line' id='line_1_102' title="bbox 2219 5448 3804 5521; baseline 0.003 -21"><span class='ocrx_word' id='word_1_830' title='bbox 2219 5448 2394 5519; x_wconf 76' lang='grc' dir='ltr'>μείζω</span> <span class='ocrx_word' id='word_1_831' title='bbox 2432 5448 2503 5501; x_wconf 73' lang='grc' dir='ltr'>τά</span> <span class='ocrx_word' id='word_1_832' title='bbox 2529 5448 2726 5502; x_wconf 78' lang='grc' dir='ltr'>δίκτυα</span> <span class='ocrx_word' id='word_1_833' title='bbox 2754 5449 2988 5503; x_wconf 84' lang='grc' dir='ltr'>πλέκετε</span> <span class='ocrx_word' id='word_1_834' title='bbox 3018 5452 3113 5503; x_wconf 88' lang='grc' dir='ltr'>νῦν</span> <span class='ocrx_word' id='word_1_835' title='bbox 3146 5452 3290 5504; x_wconf 86' lang='grc' dir='ltr'>κατὰ</span> <span class='ocrx_word' id='word_1_836' title='bbox 3318 5452 3417 5521; x_wconf 87' lang='grc' dir='ltr'>τῆς</span> <span class='ocrx_word' id='word_1_837' title='bbox 3441 5452 3568 5515; x_wconf 86' lang='grc' dir='ltr'>νέας</span> <span class='ocrx_word' id='word_1_838' title='bbox 3598 5454 3804 5506; x_wconf 87' lang='grc' dir='ltr'>εἰκονο-</span> 
     </span>
    </p>
   </div>
   <div class='ocr_carea' id='block_1_103' title="bbox 2219 5536 3806 5614">
    <p class='ocr_par' dir='ltr' id='par_1_103' title="bbox 2219 5536 3806 5614">
     <span class='ocr_line' id='line_1_103' title="bbox 2219 5536 3806 5614; baseline 0.003 -21"><span class='ocrx_word' id='word_1_839' title='bbox 2219 5542 2425 5611; x_wconf 89' lang='grc' dir='ltr'>μαχίας</span> <span class='ocrx_word' id='word_1_840' title='bbox 2443 5541 2537 5594; x_wconf 77' lang='grc' dir='ltr'>τοῦ</span> <span class='ocrx_word' id='word_1_841' title='bbox 2560 5541 2808 5611; x_wconf 83' lang='grc' dir='ltr'>Παλαμᾶ</span> <span class='ocrx_word' id='word_1_842' title='bbox 2823 5543 2893 5596; x_wconf 84' lang='grc' dir='ltr'>δι’</span> <span class='ocrx_word' id='word_1_843' title='bbox 2909 5536 2986 5597; x_wconf 84' lang='grc' dir='ltr'>ὧν</span> <span class='ocrx_word' id='word_1_844' title='bbox 3002 5544 3255 5609; x_wconf 85' lang='grc' dir='ltr'>είσάγετε</span> <span class='ocrx_word' id='word_1_845' title='bbox 3281 5543 3398 5605; x_wconf 81' lang='grc' dir='ltr'>νῦν,</span> <span class='ocrx_word' id='word_1_846' title='bbox 3422 5544 3497 5608; x_wconf 83' lang='grc' dir='ltr'>ὡς</span> <span class='ocrx_word' id='word_1_847' title='bbox 3518 5546 3806 5614; x_wconf 83' lang='grc' dir='ltr'>δειχθήσε-</span> 
     </span>
    </p>
   </div>
   <div class='ocr_carea' id='block_1_104' title="bbox 2213 5632 3802 5704">
    <p class='ocr_par' dir='ltr' id='par_1_104' title="bbox 2213 5632 3802 5704">
     <span class='ocr_line' id='line_1_104' title="bbox 2213 5632 3802 5704; baseline 0.001 -20"><span class='ocrx_word' id='word_1_848' title='bbox 2213 5632 2562 5696; x_wconf 77' lang='grc' dir='ltr'>ται.Ἕξεστι</span> <span class='ocrx_word' id='word_1_849' title='bbox 2589 5632 2691 5703; x_wconf 80' lang='grc' dir='ltr'>μὲν</span> <span class='ocrx_word' id='word_1_850' title='bbox 2725 5633 2836 5703; x_wconf 80' lang='grc' dir='ltr'>γάρ</span> <span class='ocrx_word' id='word_1_851' title='bbox 2858 5634 2953 5686; x_wconf 76' lang='grc' dir='ltr'>καὶ</span> <span class='ocrx_word' id='word_1_852' title='bbox 2981 5634 3111 5703; x_wconf 78' lang='grc' dir='ltr'>ὑμῖν</span> <span class='ocrx_word' id='word_1_853' title='bbox 3140 5633 3314 5702; x_wconf 85' lang='grc' dir='ltr'>δήπου</span> <span class='ocrx_word' id='word_1_854' title='bbox 3335 5633 3802 5704; x_wconf 77' lang='grc' dir='ltr'>παρεξετάξουσιν</span> 
     </span>
    </p>
   </div>
   <div class='ocr_carea' id='block_1_105' title="bbox 2216 5725 3801 5798">
    <p class='ocr_par' dir='ltr' id='par_1_105' title="bbox 2216 5725 3801 5798">
     <span class='ocr_line' id='line_1_105' title="bbox 2216 5725 3801 5798; baseline 0.002 -20"><span class='ocrx_word' id='word_1_855' title='bbox 2216 5727 2283 5778; x_wconf 79' lang='grc' dir='ltr'>ὲκ</span> <span class='ocrx_word' id='word_1_856' title='bbox 2315 5725 2486 5778; x_wconf 88' lang='grc' dir='ltr'>τῶνδε</span> <span class='ocrx_word' id='word_1_857' title='bbox 2524 5728 2762 5798; x_wconf 87' lang='grc' dir='ltr'>συνορᾷν</span> <span class='ocrx_word' id='word_1_858' title='bbox 2789 5727 2865 5789; x_wconf 86' lang='grc' dir='ltr'>ὡς</span> <span class='ocrx_word' id='word_1_859' title='bbox 2900 5728 2999 5782; x_wconf 76' lang='grc' dir='ltr'>καὶ</span> <span class='ocrx_word' id='word_1_860' title='bbox 3027 5728 3191 5791; x_wconf 74' lang='grc' dir='ltr'>αὐτὸς</span> <span class='ocrx_word' id='word_1_861' title='bbox 3224 5729 3294 5780; x_wconf 87' lang='grc' dir='ltr'>τά</span> <span class='ocrx_word' id='word_1_862' title='bbox 3323 5728 3465 5781; x_wconf 83' lang='grc' dir='ltr'>αὐτὰ</span> <span class='ocrx_word' id='word_1_863' title='bbox 3499 5730 3611 5791; x_wconf 86' lang='grc' dir='ltr'>τοῖς</span> <span class='ocrx_word' id='word_1_864' title='bbox 3636 5727 3801 5781; x_wconf 83' lang='grc' dir='ltr'>αὑτοῦ</span> 
     </span>
    </p>
   </div>
   <div class='ocr_carea' id='block_1_106' title="bbox 2218 5818 3802 5892">
    <p class='ocr_par' dir='ltr' id='par_1_106' title="bbox 2218 5818 3802 5892">
     <span class='ocr_line' id='line_1_106' title="bbox 2218 5818 3802 5892; baseline 0.001 -21"><span class='ocrx_word' id='word_1_865' title='bbox 2218 5818 2560 5889; x_wconf 80' lang='grc' dir='ltr'>βλασφημεῖ,</span> <span class='ocrx_word' id='word_1_866' title='bbox 2599 5822 2653 5876; x_wconf 76' lang='grc' dir='ltr'>εἴ</span> <span class='ocrx_word' id='word_1_867' title='bbox 2673 5837 2728 5874; x_wconf 88' lang='grc' dir='ltr'>τι</span> <span class='ocrx_word' id='word_1_868' title='bbox 2752 5820 2900 5892; x_wconf 83' lang='grc' dir='ltr'>ὁρῴη</span> <span class='ocrx_word' id='word_1_869' title='bbox 2929 5821 3030 5885; x_wconf 84' lang='grc' dir='ltr'>τὰς</span> <span class='ocrx_word' id='word_1_870' title='bbox 3059 5822 3162 5891; x_wconf 83' lang='grc' dir='ltr'>τῆς</span> <span class='ocrx_word' id='word_1_871' title='bbox 3193 5821 3397 5885; x_wconf 84' lang='grc' dir='ltr'>κακίας</span> <span class='ocrx_word' id='word_1_872' title='bbox 3429 5820 3587 5891; x_wconf 78' lang='grc' dir='ltr'>ῥίζας</span> <span class='ocrx_word' id='word_1_873' title='bbox 3631 5820 3802 5884; x_wconf 73' lang='grc' dir='ltr'>αὐτὰς</span> 
     </span>
    </p>
   </div>
   <div class='ocr_carea' id='block_1_107' title="bbox 2219 5908 3797 5987">
    <p class='ocr_par' dir='ltr' id='par_1_107' title="bbox 2219 5908 3797 5987">
     <span class='ocr_line' id='line_1_107' title="bbox 2219 5908 3797 5987; baseline -0.001 -21"><span class='ocrx_word' id='word_1_874' title='bbox 2219 5912 2313 5966; x_wconf 67' lang='grc' dir='ltr'>καὶ</span> <span class='ocrx_word' id='word_1_875' title='bbox 2344 5912 2443 5983; x_wconf 78' lang='grc' dir='ltr'>τὴν</span> <span class='ocrx_word' id='word_1_876' title='bbox 2476 5912 2700 5985; x_wconf 84' lang='grc' dir='ltr'>πρώτην</span> <span class='ocrx_word' id='word_1_877' title='bbox 2735 5913 2975 5987; x_wconf 79' lang='grc' dir='ltr'>βλάστην</span> <span class='ocrx_word' id='word_1_878' title='bbox 3000 5933 3014 5947; x_wconf 91' lang='grc'><strong>·</strong></span> <span class='ocrx_word' id='word_1_879' title='bbox 3048 5916 3228 5981; x_wconf 80' lang='grc' dir='ltr'>ἔξεστι</span> <span class='ocrx_word' id='word_1_880' title='bbox 3254 5914 3299 5968; x_wconf 88' lang='grc' dir='ltr'>δ’</span> <span class='ocrx_word' id='word_1_881' title='bbox 3343 5914 3441 5987; x_wconf 89' lang='grc' dir='ltr'>οὐχ</span> <span class='ocrx_word' id='word_1_882' title='bbox 3471 5908 3635 5987; x_wconf 83' lang='grc' dir='ltr'>ἦττον</span> <span class='ocrx_word' id='word_1_883' title='bbox 3669 5931 3731 5967; x_wconf 90' lang='grc' dir='ltr'>συ</span> <span class='ocrx_word' id='word_1_884' title='bbox 3744 5932 3797 5965; x_wconf 87' lang='grc' dir='ltr'>ν-</span> 
     </span>
    </p>
   </div>
  </div>
