  <div class='ocr_page' id='page_1' title='image "/cluster/home/n/w/nwhite01/storage/ocr_20150623/149:no.2/coo.31924054870542/218.png"; bbox 0 0 4016 6458; ppageno 0'>
   <div class='ocr_carea' id='block_1_1' title="bbox 276 400 379 468">
    <p class='ocr_par' dir='ltr' id='par_1_1' title="bbox 276 400 379 468">
     <span class='ocr_line' id='line_1_1' title="bbox 276 400 379 468; baseline 0.039 -5"><span class='ocrx_word' id='word_1_1' title='bbox 276 400 379 468; x_wconf 65' lang='grc'><strong>421</strong></span> 
     </span>
    </p>
   </div>
   <div class='ocr_carea' id='block_1_2' title="bbox 349 508 1938 586">
    <p class='ocr_par' dir='ltr' id='par_1_2' title="bbox 349 508 1938 586">
     <span class='ocr_line' id='line_1_2' title="bbox 349 508 1938 586; baseline -0.008 -16"><span class='ocrx_word' id='word_1_2' title='bbox 349 518 426 574; x_wconf 89' lang='lat' dir='ltr'><strong>B&#39;.</strong></span> <span class='ocrx_word' id='word_1_3' title='bbox 465 516 609 586; x_wconf 81' lang='grc' dir='ltr'>Πρὸς</span> <span class='ocrx_word' id='word_1_4' title='bbox 639 515 811 570; x_wconf 74' lang='grc' dir='ltr'>ταῦτα</span> <span class='ocrx_word' id='word_1_5' title='bbox 860 515 889 567; x_wconf 86' lang='grc' dir='ltr'>ὁ</span> <span class='ocrx_word' id='word_1_6' title='bbox 925 515 1211 585; x_wconf 76' lang='grc' dir='ltr'>Γρηγορᾶς</span> <span class='ocrx_word' id='word_1_7' title='bbox 1266 515 1628 584; x_wconf 86' lang='grc' dir='ltr'>ἀποκρίνεται</span> <span class='ocrx_word' id='word_1_8' title='bbox 1663 508 1861 563; x_wconf 81' lang='grc' dir='ltr'>οὑτωσί</span> <span class='ocrx_word' id='word_1_9' title='bbox 1892 512 1938 566; x_wconf 83' lang='grc' dir='ltr'><strong>Α</strong></span> 
     </span>
    </p>
   </div>
   <div class='ocr_carea' id='block_1_3' title="bbox 274 602 1860 674">
    <p class='ocr_par' dir='ltr' id='par_1_3' title="bbox 274 602 1860 674">
     <span class='ocr_line' id='line_1_3' title="bbox 274 602 1860 674; baseline -0.008 -10"><span class='ocrx_word' id='word_1_10' title='bbox 274 628 396 673; x_wconf 83' lang='grc' dir='ltr'><strong>πως</strong></span> <span class='ocrx_word' id='word_1_11' title='bbox 414 609 607 663; x_wconf 86' lang='grc' dir='ltr'>είπὼν·</span> <span class='ocrx_word' id='word_1_12' title='bbox 641 609 772 662; x_wconf 78' lang='grc' dir='ltr'>Ἰδοὺ</span> <span class='ocrx_word' id='word_1_13' title='bbox 792 609 886 660; x_wconf 72' lang='grc' dir='ltr'>καὶ</span> <span class='ocrx_word' id='word_1_14' title='bbox 903 607 995 659; x_wconf 76' lang='grc' dir='ltr'><strong>νῦν</strong></span> <span class='ocrx_word' id='word_1_15' title='bbox 1017 609 1043 660; x_wconf 82' lang='grc' dir='ltr'>ὁ</span> <span class='ocrx_word' id='word_1_16' title='bbox 1059 607 1345 673; x_wconf 79' lang='grc' dir='ltr'>ίιαλαμᾶς,</span> <span class='ocrx_word' id='word_1_17' title='bbox 1361 605 1436 666; x_wconf 77' lang='grc' dir='ltr'>ὡς</span> <span class='ocrx_word' id='word_1_18' title='bbox 1453 606 1642 674; x_wconf 75' lang='grc' dir='ltr'>ὁρᾶτε,</span> <span class='ocrx_word' id='word_1_19' title='bbox 1660 602 1860 655; x_wconf 82' lang='grc' dir='ltr'>θέωσιν</span> 
     </span>
    </p>
   </div>
   <div class='ocr_carea' id='block_1_4' title="bbox 276 696 1862 771">
    <p class='ocr_par' dir='ltr' id='par_1_4' title="bbox 276 696 1862 771">
     <span class='ocr_line' id='line_1_4' title="bbox 276 696 1862 771; baseline -0.009 -13"><span class='ocrx_word' id='word_1_20' title='bbox 276 709 374 759; x_wconf 79' lang='grc' dir='ltr'><strong>καὶ</strong></span> <span class='ocrx_word' id='word_1_21' title='bbox 409 703 646 771; x_wconf 84' lang='grc' dir='ltr'>θεότητα</span> <span class='ocrx_word' id='word_1_22' title='bbox 685 701 1055 769; x_wconf 65' lang='grc' dir='ltr'><strong>συμπεραίνει</strong></span> <span class='ocrx_word' id='word_1_23' title='bbox 1089 698 1324 751; x_wconf 82' lang='grc' dir='ltr'>ἐνταῦθα</span> <span class='ocrx_word' id='word_1_24' title='bbox 1376 699 1437 749; x_wconf 81' lang='grc' dir='ltr'><strong>τὸ</strong></span> <span class='ocrx_word' id='word_1_25' title='bbox 1473 696 1589 761; x_wconf 82' lang='grc' dir='ltr'><strong>φῶς</strong></span> <span class='ocrx_word' id='word_1_26' title='bbox 1627 696 1723 762; x_wconf 75' lang='grc' dir='ltr'>τῆς</span> <span class='ocrx_word' id='word_1_27' title='bbox 1760 710 1862 762; x_wconf 83' lang='grc' dir='ltr'>με-</span> 
     </span>
    </p>
   </div>
   <div class='ocr_carea' id='block_1_5' title="bbox 272 787 1862 867">
    <p class='ocr_par' dir='ltr' id='par_1_5' title="bbox 272 787 1862 867">
     <span class='ocr_line' id='line_1_5' title="bbox 272 787 1862 867; baseline -0.009 -17"><span class='ocrx_word' id='word_1_28' title='bbox 272 794 708 867; x_wconf 68' lang='grc' dir='ltr'>ταμορφώσεως,</span> <span class='ocrx_word' id='word_1_29' title='bbox 770 794 865 847; x_wconf 76' lang='grc' dir='ltr'><strong>καὶ</strong></span> <span class='ocrx_word' id='word_1_30' title='bbox 924 792 1069 846; x_wconf 79' lang='grc' dir='ltr'>δυοῖν</span> <span class='ocrx_word' id='word_1_31' title='bbox 1120 790 1374 859; x_wconf 76' lang='grc' dir='ltr'>θάτερον,</span> <span class='ocrx_word' id='word_1_32' title='bbox 1427 790 1459 858; x_wconf 83' lang='grc' dir='ltr'>ἢ</span> <span class='ocrx_word' id='word_1_33' title='bbox 1501 787 1862 857; x_wconf 83' lang='grc' dir='ltr'>μετουσίωσιν</span> 
     </span>
    </p>
   </div>
   <div class='ocr_carea' id='block_1_6' title="bbox 276 880 1867 958">
    <p class='ocr_par' dir='ltr' id='par_1_6' title="bbox 276 880 1867 958">
     <span class='ocr_line' id='line_1_6' title="bbox 276 880 1867 958; baseline -0.008 -16"><span class='ocrx_word' id='word_1_34' title='bbox 276 890 380 958; x_wconf 81' lang='grc' dir='ltr'><strong>τῆς</strong></span> <span class='ocrx_word' id='word_1_35' title='bbox 408 890 499 942; x_wconf 80' lang='grc' dir='ltr'><strong>τοῦ</strong></span> <span class='ocrx_word' id='word_1_36' title='bbox 530 890 711 956; x_wconf 83' lang='grc' dir='ltr'>Λόγου</span> <span class='ocrx_word' id='word_1_37' title='bbox 753 885 1014 955; x_wconf 86' lang='grc' dir='ltr'>θεότητος</span> <span class='ocrx_word' id='word_1_38' title='bbox 1046 886 1140 937; x_wconf 77' lang='grc' dir='ltr'><strong>καὶ</strong></span> <span class='ocrx_word' id='word_1_39' title='bbox 1175 882 1485 954; x_wconf 81' lang='grc' dir='ltr'>μεταϐολὴν</span> <span class='ocrx_word' id='word_1_40' title='bbox 1540 881 1677 950; x_wconf 84' lang='grc' dir='ltr'>πρὸς</span> <span class='ocrx_word' id='word_1_41' title='bbox 1708 880 1867 946; x_wconf 75' lang='grc' dir='ltr'>ὑφει-</span> 
     </span>
    </p>
   </div>
   <div class='ocr_carea' id='block_1_7' title="bbox 279 970 1860 1049">
    <p class='ocr_par' dir='ltr' id='par_1_7' title="bbox 279 970 1860 1049">
     <span class='ocr_line' id='line_1_7' title="bbox 279 970 1860 1049; baseline -0.008 -15"><span class='ocrx_word' id='word_1_42' title='bbox 279 981 443 1049; x_wconf 79' lang='grc' dir='ltr'>μένον</span> <span class='ocrx_word' id='word_1_43' title='bbox 470 981 565 1031; x_wconf 72' lang='grc' dir='ltr'>καὶ</span> <span class='ocrx_word' id='word_1_44' title='bbox 595 977 975 1031; x_wconf 85' lang='grc' dir='ltr'>ἀνυπόστατον</span> <span class='ocrx_word' id='word_1_45' title='bbox 1000 974 1138 1043; x_wconf 80' lang='grc' dir='ltr'>φῶς,</span> <span class='ocrx_word' id='word_1_46' title='bbox 1168 974 1200 1043; x_wconf 79' lang='grc' dir='ltr'>ἢ</span> <span class='ocrx_word' id='word_1_47' title='bbox 1229 973 1332 1043; x_wconf 78' lang='grc' dir='ltr'>τῆς</span> <span class='ocrx_word' id='word_1_48' title='bbox 1369 972 1461 1025; x_wconf 77' lang='grc' dir='ltr'>τοῦ</span> <span class='ocrx_word' id='word_1_49' title='bbox 1490 970 1681 1024; x_wconf 80' lang='grc' dir='ltr'>δούλου</span> <span class='ocrx_word' id='word_1_50' title='bbox 1727 986 1860 1038; x_wconf 85' lang='grc' dir='ltr'>μορ-</span> 
     </span>
    </p>
   </div>
   <div class='ocr_carea' id='block_1_8' title="bbox 275 1062 1860 1143">
    <p class='ocr_par' dir='ltr' id='par_1_8' title="bbox 275 1062 1860 1143">
     <span class='ocr_line' id='line_1_8' title="bbox 275 1062 1860 1143; baseline -0.008 -18"><span class='ocrx_word' id='word_1_51' title='bbox 275 1074 387 1143; x_wconf 76' lang='grc' dir='ltr'><strong>φῆς</strong></span> <span class='ocrx_word' id='word_1_52' title='bbox 429 1071 744 1134; x_wconf 83' lang='grc' dir='ltr'>ἀλλοίωσιν,</span> <span class='ocrx_word' id='word_1_53' title='bbox 778 1069 854 1133; x_wconf 86' lang='grc' dir='ltr'><strong>ῶς</strong></span> <span class='ocrx_word' id='word_1_54' title='bbox 899 1068 1250 1139; x_wconf 75' lang='grc' dir='ltr'><strong>εἰρήκειμεν,</strong></span> <span class='ocrx_word' id='word_1_55' title='bbox 1311 1066 1390 1128; x_wconf 87' lang='grc' dir='ltr'>εἰς</span> <span class='ocrx_word' id='word_1_56' title='bbox 1438 1065 1695 1119; x_wconf 81' lang='grc' dir='ltr'>ἄκτιστον</span> <span class='ocrx_word' id='word_1_57' title='bbox 1743 1062 1860 1131; x_wconf 75' lang='grc' dir='ltr'><strong>φῶς</strong></span> 
     </span>
    </p>
   </div>
   <div class='ocr_carea' id='block_1_9' title="bbox 276 1155 1861 1232">
    <p class='ocr_par' dir='ltr' id='par_1_9' title="bbox 276 1155 1861 1232">
     <span class='ocr_line' id='line_1_9' title="bbox 276 1155 1861 1232; baseline -0.006 -15"><span class='ocrx_word' id='word_1_58' title='bbox 276 1166 370 1217; x_wconf 72' lang='grc' dir='ltr'><strong>καὶ</strong></span> <span class='ocrx_word' id='word_1_59' title='bbox 403 1162 669 1232; x_wconf 77' lang='grc' dir='ltr'>δευτέραν</span> <span class='ocrx_word' id='word_1_60' title='bbox 695 1161 795 1230; x_wconf 75' lang='grc' dir='ltr'><strong>τῆς</strong></span> <span class='ocrx_word' id='word_1_61' title='bbox 824 1161 1054 1230; x_wconf 83' lang='grc' dir='ltr'><strong>πρώτης</strong></span> <span class='ocrx_word' id='word_1_62' title='bbox 1079 1159 1333 1212; x_wconf 80' lang='grc' dir='ltr'>ἀνούσιον</span> <span class='ocrx_word' id='word_1_63' title='bbox 1368 1156 1621 1225; x_wconf 74' lang='grc' dir='ltr'>Θεότητα.</span> <span class='ocrx_word' id='word_1_64' title='bbox 1658 1155 1802 1206; x_wconf 59' lang='lat' dir='ltr'><strong>um:</strong></span> <span class='ocrx_word' id='word_1_65' title='bbox 1833 1156 1861 1207; x_wconf 85' lang='grc' dir='ltr'>ὁ</span> 
     </span>
    </p>
   </div>
   <div class='ocr_carea' id='block_1_10' title="bbox 281 1248 1862 1326">
    <p class='ocr_par' dir='ltr' id='par_1_10' title="bbox 281 1248 1862 1326">
     <span class='ocr_line' id='line_1_10' title="bbox 281 1248 1862 1326; baseline -0.004 -18"><span class='ocrx_word' id='word_1_66' title='bbox 281 1256 379 1326; x_wconf 81' lang='grc' dir='ltr'><strong>μὲν</strong></span> <span class='ocrx_word' id='word_1_67' title='bbox 405 1258 535 1325; x_wconf 77' lang='grc' dir='ltr'>περὶ</span> <span class='ocrx_word' id='word_1_68' title='bbox 584 1256 775 1308; x_wconf 88' lang='grc' dir='ltr'>τούτου</span> <span class='ocrx_word' id='word_1_69' title='bbox 808 1254 968 1322; x_wconf 78' lang='grc' dir='ltr'>λόγος</span> <span class='ocrx_word' id='word_1_70' title='bbox 1017 1252 1195 1323; x_wconf 87' lang='grc' dir='ltr'>βραχύ</span> <span class='ocrx_word' id='word_1_71' title='bbox 1234 1268 1287 1304; x_wconf 88' lang='grc' dir='ltr'><strong>τι</strong></span> <span class='ocrx_word' id='word_1_72' title='bbox 1334 1248 1731 1319; x_wconf 63' lang='grc' dir='ltr'>ἀναϐεϐλήσθω</span> <span class='ocrx_word' id='word_1_73' title='bbox 1771 1265 1862 1318; x_wconf 87' lang='grc' dir='ltr'><strong>μοι</strong></span> 
     </span>
    </p>
   </div>
   <div class='ocr_carea' id='block_1_11' title="bbox 278 1342 1866 1417">
    <p class='ocr_par' dir='ltr' id='par_1_11' title="bbox 278 1342 1866 1417">
     <span class='ocr_line' id='line_1_11' title="bbox 278 1342 1866 1417; baseline -0.006 -14"><span class='ocrx_word' id='word_1_74' title='bbox 278 1350 413 1411; x_wconf 76' lang='grc' dir='ltr'>τὲως</span> <span class='ocrx_word' id='word_1_75' title='bbox 437 1363 452 1379; x_wconf 78' lang='grc'><strong>⁸</strong></span> <span class='ocrx_word' id='word_1_76' title='bbox 489 1351 675 1402; x_wconf 85' lang='grc' dir='ltr'>ἐκεῖνο</span> <span class='ocrx_word' id='word_1_77' title='bbox 717 1348 775 1400; x_wconf 77' lang='grc' dir='ltr'>δέ</span> <span class='ocrx_word' id='word_1_78' title='bbox 823 1365 916 1417; x_wconf 87' lang='grc' dir='ltr'><strong>μοι</strong></span> <span class='ocrx_word' id='word_1_79' title='bbox 970 1345 1283 1415; x_wconf 77' lang='grc' dir='ltr'>θαυμάζειν</span> <span class='ocrx_word' id='word_1_80' title='bbox 1311 1344 1514 1404; x_wconf 80' lang='grc' dir='ltr'>ἔπεισι,</span> <span class='ocrx_word' id='word_1_81' title='bbox 1556 1342 1673 1405; x_wconf 78' lang='grc' dir='ltr'><strong>πῶς</strong></span> <span class='ocrx_word' id='word_1_82' title='bbox 1701 1343 1866 1409; x_wconf 80' lang='grc' dir='ltr'>’ἐτερα</span> 
     </span>
    </p>
   </div>
   <div class='ocr_carea' id='block_1_12' title="bbox 281 1434 1866 1510">
    <p class='ocr_par' dir='ltr' id='par_1_12' title="bbox 281 1434 1866 1510">
     <span class='ocr_line' id='line_1_12' title="bbox 281 1434 1866 1510; baseline -0.006 -17"><span class='ocrx_word' id='word_1_83' title='bbox 281 1442 375 1510; x_wconf 80' lang='grc' dir='ltr'><strong>μὲν</strong></span> <span class='ocrx_word' id='word_1_84' title='bbox 400 1441 455 1492; x_wconf 84' lang='grc' dir='ltr'><strong>ἐν</strong></span> <span class='ocrx_word' id='word_1_85' title='bbox 484 1441 608 1503; x_wconf 88' lang='grc' dir='ltr'>ταῖς</span> <span class='ocrx_word' id='word_1_86' title='bbox 631 1437 738 1492; x_wconf 90' lang='grc' dir='ltr'><strong>τῶν</strong></span> <span class='ocrx_word' id='word_1_87' title='bbox 776 1436 871 1492; x_wconf 77' lang='grc' dir='ltr'>τοῦ</span> <span class='ocrx_word' id='word_1_88' title='bbox 899 1437 1069 1507; x_wconf 88' lang='grc' dir='ltr'>τόμου</span> <span class='ocrx_word' id='word_1_89' title='bbox 1095 1435 1412 1505; x_wconf 72' lang='grc' dir='ltr'>κεφαλαίων</span> <span class='ocrx_word' id='word_1_90' title='bbox 1445 1435 1641 1504; x_wconf 64' lang='grc' dir='ltr'>ἀρχαῖς</span> <span class='ocrx_word' id='word_1_91' title='bbox 1687 1434 1866 1501; x_wconf 83' lang='grc' dir='ltr'>ἐπαγ-</span> 
     </span>
    </p>
   </div>
   <div class='ocr_carea' id='block_1_13' title="bbox 274 1520 1863 1600">
    <p class='ocr_par' dir='ltr' id='par_1_13' title="bbox 274 1520 1863 1600">
     <span class='ocr_line' id='line_1_13' title="bbox 274 1520 1863 1600; baseline -0.003 -16"><span class='ocrx_word' id='word_1_92' title='bbox 274 1531 741 1600; x_wconf 79' lang='grc' dir='ltr'>γέλλεται,ἓτερα</span> <span class='ocrx_word' id='word_1_93' title='bbox 783 1527 833 1582; x_wconf 89' lang='grc' dir='ltr'>δ’</span> <span class='ocrx_word' id='word_1_94' title='bbox 881 1528 1264 1584; x_wconf 82' lang='grc' dir='ltr'>ἀποδεικνύειν</span> <span class='ocrx_word' id='word_1_95' title='bbox 1315 1528 1621 1595; x_wconf 75' lang='grc' dir='ltr'>ἐπείγεται,</span> <span class='ocrx_word' id='word_1_96' title='bbox 1668 1526 1764 1579; x_wconf 70' lang='grc' dir='ltr'><strong>καὶ</strong></span> <span class='ocrx_word' id='word_1_97' title='bbox 1794 1520 1863 1580; x_wconf 78' lang='grc' dir='ltr'>αὖ</span> 
     </span>
    </p>
   </div>
   <div class='ocr_carea' id='block_1_14' title="bbox 274 1618 1866 1692">
    <p class='ocr_par' dir='ltr' id='par_1_14' title="bbox 274 1618 1866 1692">
     <span class='ocr_line' id='line_1_14' title="bbox 274 1618 1866 1692; baseline -0.002 -18"><span class='ocrx_word' id='word_1_98' title='bbox 274 1622 466 1692; x_wconf 81' lang='grc' dir='ltr'>ἑτέραν</span> <span class='ocrx_word' id='word_1_99' title='bbox 489 1620 602 1691; x_wconf 60' lang='grc' dir='ltr'>ἔχει</span> <span class='ocrx_word' id='word_1_100' title='bbox 633 1620 878 1674; x_wconf 75' lang='grc' dir='ltr'>διάνοιαν</span> <span class='ocrx_word' id='word_1_101' title='bbox 899 1618 935 1673; x_wconf 79' lang='grc' dir='ltr'><strong>ἃ.</strong></span> <span class='ocrx_word' id='word_1_102' title='bbox 970 1619 1299 1689; x_wconf 79' lang='grc' dir='ltr'>προκομίζει</span> <span class='ocrx_word' id='word_1_103' title='bbox 1333 1618 1469 1690; x_wconf 68' lang='grc' dir='ltr'>πρὸς</span> <span class='ocrx_word' id='word_1_104' title='bbox 1500 1618 1699 1672; x_wconf 72' lang='grc' dir='ltr'>ἑαυτοῦ</span> <span class='ocrx_word' id='word_1_105' title='bbox 1728 1635 1866 1688; x_wconf 79' lang='grc' dir='ltr'>συμ-</span> 
     </span>
    </p>
   </div>
   <div class='ocr_carea' id='block_1_15' title="bbox 277 1711 1866 1784">
    <p class='ocr_par' dir='ltr' id='par_1_15' title="bbox 277 1711 1866 1784">
     <span class='ocr_line' id='line_1_15' title="bbox 277 1711 1866 1784; baseline -0.001 -19"><span class='ocrx_word' id='word_1_106' title='bbox 277 1715 483 1784; x_wconf 81' lang='grc' dir='ltr'>μαχίαν</span> <span class='ocrx_word' id='word_1_107' title='bbox 510 1713 652 1784; x_wconf 72' lang='grc' dir='ltr'>ῥητά</span> <span class='ocrx_word' id='word_1_108' title='bbox 677 1730 690 1744; x_wconf 94' lang='grc'><strong>·</strong></span> <span class='ocrx_word' id='word_1_109' title='bbox 747 1713 821 1776; x_wconf 85' lang='grc' dir='ltr'>ὡς</span> <span class='ocrx_word' id='word_1_110' title='bbox 856 1712 1107 1780; x_wconf 85' lang='grc' dir='ltr'>γίνεσθαι</span> <span class='ocrx_word' id='word_1_111' title='bbox 1134 1712 1371 1783; x_wconf 79' lang='grc' dir='ltr'>τριπλῆν</span> <span class='ocrx_word' id='word_1_112' title='bbox 1406 1712 1504 1766; x_wconf 77' lang='grc' dir='ltr'><strong>καὶ</strong></span> <span class='ocrx_word' id='word_1_113' title='bbox 1545 1711 1866 1781; x_wconf 84' lang='grc' dir='ltr'>πολλαπλῆν</span> 
     </span>
    </p>
   </div>
   <div class='ocr_carea' id='block_1_16' title="bbox 273 1804 1865 1879">
    <p class='ocr_par' dir='ltr' id='par_1_16' title="bbox 273 1804 1865 1879">
     <span class='ocr_line' id='line_1_16' title="bbox 273 1804 1865 1879; baseline -0.003 -18"><span class='ocrx_word' id='word_1_114' title='bbox 273 1809 373 1879; x_wconf 77' lang='grc' dir='ltr'>τὴν</span> <span class='ocrx_word' id='word_1_115' title='bbox 402 1809 569 1878; x_wconf 79' lang='grc' dir='ltr'>ζάλην</span> <span class='ocrx_word' id='word_1_116' title='bbox 613 1804 697 1871; x_wconf 75' lang='grc' dir='ltr'>οἷς</span> <span class='ocrx_word' id='word_1_117' title='bbox 736 1808 871 1878; x_wconf 72' lang='grc' dir='ltr'>πρὸς</span> <span class='ocrx_word' id='word_1_118' title='bbox 905 1806 1220 1876; x_wconf 80' lang='grc' dir='ltr'>βουλήσεως</span> <span class='ocrx_word' id='word_1_119' title='bbox 1276 1805 1362 1875; x_wconf 74' lang='grc' dir='ltr'>εἴη</span> <span class='ocrx_word' id='word_1_120' title='bbox 1418 1805 1717 1876; x_wconf 73' lang='grc' dir='ltr'>προσέχειν</span> <span class='ocrx_word' id='word_1_121' title='bbox 1773 1804 1865 1856; x_wconf 81' lang='grc' dir='ltr'><strong>τὸν</strong></span> 
     </span>
    </p>
   </div>
   <div class='ocr_carea' id='block_1_17' title="bbox 1240 383 1870 457">
    <p class='ocr_par' dir='ltr' id='par_1_17' title="bbox 1240 389 1870 457">
     <span class='ocr_line' id='line_1_17' title="bbox 1240 389 1870 457; baseline -0.011 -2"><span class='ocrx_word' id='word_1_122' title='bbox 1240 394 1685 457; x_wconf 74' lang='grc' dir='ltr'><strong>ΒΥΖΛΝΤῙΝ.Ε</strong></span> <span class='ocrx_word' id='word_1_123' title='bbox 1724 393 1773 451; x_wconf 88' lang='lat' dir='ltr'><strong>Il</strong></span> <span class='ocrx_word' id='word_1_124' title='bbox 1789 392 1802 448; x_wconf 67' lang='grc' dir='ltr'>ἱ</span> <span class='ocrx_word' id='word_1_125' title='bbox 1817 389 1870 449; x_wconf 79' lang='lat' dir='ltr'><strong>S&#39;</strong></span> 
     </span>
    </p>
   </div>
   <div class='ocr_carea' id='block_1_18' title="bbox 1973 383 3557 457">
    <p class='ocr_par' dir='ltr' id='par_1_18' title="bbox 1973 383 3557 448">
     <span class='ocr_line' id='line_1_18' title="bbox 1973 383 3557 448; baseline -0.002 0"><span class='ocrx_word' id='word_1_126' title='bbox 1973 387 2116 448; x_wconf 50' lang='grc' dir='ltr'><strong>ΗΒΕ</strong></span> <span class='ocrx_word' id='word_1_127' title='bbox 2151 386 2292 448; x_wconf 84' lang='lat' dir='ltr'><strong>LIB.</strong></span> <span class='ocrx_word' id='word_1_128' title='bbox 2345 386 2577 447; x_wconf 73' lang='lat' dir='ltr'><strong>XXXV.</strong></span> <span class='ocrx_word' id='word_1_129' title='bbox 3446 383 3557 445; x_wconf 55' lang='lat'><strong>[£2</strong></span> 
     </span>
    </p>
   </div>
   <div class='ocr_carea' id='block_1_19' title="bbox 2041 500 3564 572">
    <p class='ocr_par' dir='ltr' id='par_1_19' title="bbox 2041 500 3564 572">
     <span class='ocr_line' id='line_1_19' title="bbox 2041 500 3564 572; baseline -0.001 -15"><span class='ocrx_word' id='word_1_130' title='bbox 2041 502 2107 557; x_wconf 89' lang='lat' dir='ltr'><strong>ll.</strong></span> <span class='ocrx_word' id='word_1_131' title='bbox 2144 502 2224 557; x_wconf 86' lang='lat' dir='ltr'><strong>Ad</strong></span> <span class='ocrx_word' id='word_1_132' title='bbox 2283 518 2407 572; x_wconf 71' lang='lat' dir='ltr'><strong>qua:</strong></span> <span class='ocrx_word' id='word_1_133' title='bbox 2464 500 2808 571; x_wconf 84' lang='lat' dir='ltr'><strong>respondens</strong></span> <span class='ocrx_word' id='word_1_134' title='bbox 2840 500 3115 572; x_wconf 81' lang='lat' dir='ltr'><strong>Gregoras</strong></span> <span class='ocrx_word' id='word_1_135' title='bbox 3176 501 3407 555; x_wconf 75' lang='lat' dir='ltr'><strong>inliunc</strong></span> <span class='ocrx_word' id='word_1_136' title='bbox 3451 503 3564 555; x_wconf 77' lang='lat' dir='ltr'><strong>fere</strong></span> 
     </span>
    </p>
   </div>
   <div class='ocr_carea' id='block_1_20' title="bbox 1967 593 3567 661">
    <p class='ocr_par' dir='ltr' id='par_1_20' title="bbox 1967 593 3567 661">
     <span class='ocr_line' id='line_1_20' title="bbox 1967 593 3567 661; baseline -0.003 -12"><span class='ocrx_word' id='word_1_137' title='bbox 1967 599 2188 650; x_wconf 89' lang='lat' dir='ltr'><strong>modum</strong></span> <span class='ocrx_word' id='word_1_138' title='bbox 2217 595 2436 649; x_wconf 89' lang='lat' dir='ltr'><strong>locutus</strong></span> <span class='ocrx_word' id='word_1_139' title='bbox 2461 606 2546 649; x_wconf 84' lang='lat' dir='ltr'><strong>est</strong></span> <span class='ocrx_word' id='word_1_140' title='bbox 2571 614 2582 647; x_wconf 89' lang='lat'>:</span> <span class='ocrx_word' id='word_1_141' title='bbox 2618 595 2760 649; x_wconf 83' lang='lat' dir='ltr'><strong>Ecce</strong></span> <span class='ocrx_word' id='word_1_142' title='bbox 2788 593 3056 656; x_wconf 61' lang='lat' dir='ltr'><strong>Palatinas,</strong></span> <span class='ocrx_word' id='word_1_143' title='bbox 3090 603 3149 647; x_wconf 89' lang='lat' dir='ltr'><strong>ut</strong></span> <span class='ocrx_word' id='word_1_144' title='bbox 3179 594 3402 659; x_wconf 78' lang='lat' dir='ltr'><strong>videtis,</strong></span> <span class='ocrx_word' id='word_1_145' title='bbox 3433 608 3567 661; x_wconf 83' lang='lat' dir='ltr'><strong>apo-</strong></span> 
     </span>
    </p>
   </div>
   <div class='ocr_carea' id='block_1_21' title="bbox 1966 684 3567 753">
    <p class='ocr_par' dir='ltr' id='par_1_21' title="bbox 1966 684 3567 753">
     <span class='ocr_line' id='line_1_21' title="bbox 1966 684 3567 753; baseline -0.004 -11"><span class='ocrx_word' id='word_1_146' title='bbox 1966 688 2186 744; x_wconf 87' lang='lat' dir='ltr'><strong>theosin</strong></span> <span class='ocrx_word' id='word_1_147' title='bbox 2233 699 2287 742; x_wconf 90' lang='lat' dir='ltr'><strong>et</strong></span> <span class='ocrx_word' id='word_1_148' title='bbox 2332 687 2592 741; x_wconf 74' lang='lat' dir='ltr'><strong>deitatem</strong></span> <span class='ocrx_word' id='word_1_149' title='bbox 2639 686 2930 741; x_wconf 75' lang='lat' dir='ltr'><strong>confundit</strong></span> <span class='ocrx_word' id='word_1_150' title='bbox 2970 686 3023 739; x_wconf 90' lang='lat' dir='ltr'><strong>in</strong></span> <span class='ocrx_word' id='word_1_151' title='bbox 3056 686 3178 741; x_wconf 90' lang='lat' dir='ltr'><strong>luce</strong></span> <span class='ocrx_word' id='word_1_152' title='bbox 3208 684 3567 753; x_wconf 76' lang='lat' dir='ltr'><strong>transﬁgura-</strong></span> 
     </span>
    </p>
   </div>
   <div class='ocr_carea' id='block_1_22' title="bbox 1967 779 3566 851">
    <p class='ocr_par' dir='ltr' id='par_1_22' title="bbox 1967 779 3566 851">
     <span class='ocr_line' id='line_1_22' title="bbox 1967 779 3566 851; baseline -0.003 -15"><span class='ocrx_word' id='word_1_153' title='bbox 1967 781 2154 847; x_wconf 90' lang='lat' dir='ltr'><strong>tionis,</strong></span> <span class='ocrx_word' id='word_1_154' title='bbox 2199 791 2365 851; x_wconf 85' lang='lat' dir='ltr'><strong>alque</strong></span> <span class='ocrx_word' id='word_1_155' title='bbox 2418 791 2513 834; x_wconf 85' lang='lat' dir='ltr'><strong>aut</strong></span> <span class='ocrx_word' id='word_1_156' title='bbox 2559 780 2724 835; x_wconf 82' lang='lat' dir='ltr'><strong>Verbi</strong></span> <span class='ocrx_word' id='word_1_157' title='bbox 2784 779 3046 832; x_wconf 79' lang='lat' dir='ltr'><strong>deitatem</strong></span> <span class='ocrx_word' id='word_1_158' title='bbox 3102 789 3466 845; x_wconf 83' lang='lat' dir='ltr'><strong>permutatam</strong></span> <span class='ocrx_word' id='word_1_159' title='bbox 3509 789 3566 832; x_wconf 83' lang='lat' dir='ltr'><strong>et</strong></span> 
     </span>
    </p>
   </div>
   <div class='ocr_carea' id='block_1_23' title="bbox 1964 870 3564 945">
    <p class='ocr_par' dir='ltr' id='par_1_23' title="bbox 1964 870 3564 945">
     <span class='ocr_line' id='line_1_23' title="bbox 1964 870 3564 945; baseline -0.006 -15"><span class='ocrx_word' id='word_1_160' title='bbox 1964 875 2237 945; x_wconf 88' lang='lat' dir='ltr'><strong>dejectam</strong></span> <span class='ocrx_word' id='word_1_161' title='bbox 2274 874 2341 928; x_wconf 90' lang='lat' dir='ltr'><strong>ad</strong></span> <span class='ocrx_word' id='word_1_162' title='bbox 2375 874 2713 928; x_wconf 87' lang='lat' dir='ltr'><strong>snbstratam</strong></span> <span class='ocrx_word' id='word_1_163' title='bbox 2747 882 2801 927; x_wconf 93' lang='lat' dir='ltr'><strong>ct</strong></span> <span class='ocrx_word' id='word_1_164' title='bbox 2834 870 3320 926; x_wconf 88' lang='lat' dir='ltr'><strong>insubstantialem</strong></span> <span class='ocrx_word' id='word_1_165' title='bbox 3355 870 3564 935; x_wconf 86' lang='lat' dir='ltr'><strong>lucem,</strong></span> 
     </span>
    </p>
   </div>
   <div class='ocr_carea' id='block_1_24' title="bbox 1964 964 3560 1031">
    <p class='ocr_par' dir='ltr' id='par_1_24' title="bbox 1964 964 3560 1031">
     <span class='ocr_line' id='line_1_24' title="bbox 1964 964 3560 1031; baseline -0.006 -9"><span class='ocrx_word' id='word_1_166' title='bbox 1964 967 2224 1022; x_wconf 86' lang='lat' dir='ltr'><strong>autservi</strong></span> <span class='ocrx_word' id='word_1_167' title='bbox 2253 967 2579 1031; x_wconf 80' lang='lat' dir='ltr'><strong>lormam,ut</strong></span> <span class='ocrx_word' id='word_1_168' title='bbox 2600 964 2867 1028; x_wconf 81' lang='lat' dir='ltr'><strong>diximus,</strong></span> <span class='ocrx_word' id='word_1_169' title='bbox 2887 964 3155 1019; x_wconf 81' lang='lat' dir='ltr'><strong>variatam</strong></span> <span class='ocrx_word' id='word_1_170' title='bbox 3175 964 3230 1018; x_wconf 89' lang='lat' dir='ltr'><strong>in</strong></span> <span class='ocrx_word' id='word_1_171' title='bbox 3258 965 3560 1017; x_wconf 83' lang='lat' dir='ltr'><strong>increatam</strong></span> 
     </span>
    </p>
   </div>
   <div class='ocr_carea' id='block_1_25' title="bbox 1966 1056 3567 1125">
    <p class='ocr_par' dir='ltr' id='par_1_25' title="bbox 1966 1056 3567 1125">
     <span class='ocr_line' id='line_1_25' title="bbox 1966 1056 3567 1125; baseline -0.004 -11"><span class='ocrx_word' id='word_1_172' title='bbox 1966 1061 2146 1114; x_wconf 85' lang='lat' dir='ltr'>lucem</span> <span class='ocrx_word' id='word_1_173' title='bbox 2166 1069 2223 1114; x_wconf 88' lang='lat' dir='ltr'><strong>et</strong></span> <span class='ocrx_word' id='word_1_174' title='bbox 2240 1060 2468 1114; x_wconf 78' lang='lat' dir='ltr'><strong>alteram</strong></span> <span class='ocrx_word' id='word_1_175' title='bbox 2493 1058 2902 1113; x_wconf 86' lang='lat' dir='ltr'><strong>inessentialcm</strong></span> <span class='ocrx_word' id='word_1_176' title='bbox 2924 1057 3211 1112; x_wconf 74' lang='lat' dir='ltr'><strong>deitatem.</strong></span> <span class='ocrx_word' id='word_1_177' title='bbox 3229 1056 3336 1111; x_wconf 81' lang='lat' dir='ltr'><strong>Sed</strong></span> <span class='ocrx_word' id='word_1_178' title='bbox 3353 1056 3567 1125; x_wconf 81' lang='lat' dir='ltr'><strong>disqui—</strong></span> 
     </span>
    </p>
   </div>
   <div class='ocr_carea' id='block_1_26' title="bbox 1964 1148 3562 1220">
    <p class='ocr_par' dir='ltr' id='par_1_26' title="bbox 1964 1148 3562 1220">
     <span class='ocr_line' id='line_1_26' title="bbox 1964 1148 3562 1220; baseline -0.003 -15"><span class='ocrx_word' id='word_1_179' title='bbox 1964 1151 2166 1206; x_wconf 87' lang='lat' dir='ltr'><strong>sitione</strong></span> <span class='ocrx_word' id='word_1_180' title='bbox 2192 1152 2261 1207; x_wconf 87' lang='lat' dir='ltr'><strong>de</strong></span> <span class='ocrx_word' id='word_1_181' title='bbox 2296 1152 2400 1206; x_wconf 86' lang='lat' dir='ltr'><strong>hoc</strong></span> <span class='ocrx_word' id='word_1_182' title='bbox 2424 1152 2612 1214; x_wconf 88' lang='lat' dir='ltr'><strong>dilata,</strong></span> <span class='ocrx_word' id='word_1_183' title='bbox 2636 1152 2772 1205; x_wconf 87' lang='lat' dir='ltr'><strong>illud</strong></span> <span class='ocrx_word' id='word_1_184' title='bbox 2808 1150 2996 1215; x_wconf 87' lang='lat' dir='ltr'><strong>miror,</strong></span> <span class='ocrx_word' id='word_1_185' title='bbox 3022 1149 3301 1220; x_wconf 86' lang='lat' dir='ltr'><strong>quomodo</strong></span> <span class='ocrx_word' id='word_1_186' title='bbox 3326 1148 3562 1203; x_wconf 87' lang='lat' dir='ltr'><strong>alterum</strong></span> 
     </span>
    </p>
   </div>
   <div class='ocr_carea' id='block_1_27' title="bbox 1964 1242 3565 1316">
    <p class='ocr_par' dir='ltr' id='par_1_27' title="bbox 1964 1242 3565 1316">
     <span class='ocr_line' id='line_1_27' title="bbox 1964 1242 3565 1316; baseline -0.001 -19"><span class='ocrx_word' id='word_1_187' title='bbox 1964 1242 2021 1297; x_wconf 90' lang='lat' dir='ltr'><strong>in</strong></span> <span class='ocrx_word' id='word_1_188' title='bbox 2053 1245 2350 1300; x_wconf 82' lang='lat' dir='ltr'><strong>voluminis</strong></span> <span class='ocrx_word' id='word_1_189' title='bbox 2378 1246 2653 1316; x_wconf 92' lang='lat' dir='ltr'><strong>capitibus</strong></span> <span class='ocrx_word' id='word_1_190' title='bbox 2678 1244 2806 1300; x_wconf 90' lang='lat' dir='ltr'><strong>inde</strong></span> <span class='ocrx_word' id='word_1_191' title='bbox 2838 1244 2905 1299; x_wconf 90' lang='lat' dir='ltr'><strong>ab</strong></span> <span class='ocrx_word' id='word_1_192' title='bbox 2936 1244 3096 1298; x_wconf 89' lang='lat' dir='ltr'><strong>initio</strong></span> <span class='ocrx_word' id='word_1_193' title='bbox 3123 1243 3565 1313; x_wconf 79' lang='lat' dir='ltr'><strong>proﬁteatur,al—</strong></span> 
     </span>
    </p>
   </div>
   <div class='ocr_carea' id='block_1_28' title="bbox 1965 1336 3566 1406">
    <p class='ocr_par' dir='ltr' id='par_1_28' title="bbox 1965 1336 3566 1406">
     <span class='ocr_line' id='line_1_28' title="bbox 1965 1336 3566 1406; baseline -0.001 -16"><span class='ocrx_word' id='word_1_194' title='bbox 1965 1345 2143 1390; x_wconf 88' lang='lat' dir='ltr'><strong>terum</strong></span> <span class='ocrx_word' id='word_1_195' title='bbox 2164 1336 2547 1392; x_wconf 86' lang='lat' dir='ltr'><strong>demonstrare</strong></span> <span class='ocrx_word' id='word_1_196' title='bbox 2607 1349 2860 1393; x_wconf 89' lang='lat' dir='ltr'><strong>conetur.</strong></span> <span class='ocrx_word' id='word_1_197' title='bbox 2891 1337 2957 1391; x_wconf 84' lang='lat' dir='ltr'><strong>Et</strong></span> <span class='ocrx_word' id='word_1_198' title='bbox 3010 1352 3177 1406; x_wconf 89' lang='lat' dir='ltr'><strong>porro</strong></span> <span class='ocrx_word' id='word_1_199' title='bbox 3212 1336 3380 1390; x_wconf 87' lang='lat' dir='ltr'><strong>alium</strong></span> <span class='ocrx_word' id='word_1_200' title='bbox 3439 1351 3566 1391; x_wconf 88' lang='lat' dir='ltr'><strong>sen-</strong></span> 
     </span>
    </p>
   </div>
   <div class='ocr_carea' id='block_1_29' title="bbox 1964 1428 3564 1500">
    <p class='ocr_par' dir='ltr' id='par_1_29' title="bbox 1964 1428 3564 1500">
     <span class='ocr_line' id='line_1_29' title="bbox 1964 1428 3564 1500; baseline 0.002 -21"><span class='ocrx_word' id='word_1_201' title='bbox 1964 1442 2086 1480; x_wconf 92' lang='lat' dir='ltr'><strong>sum</strong></span> <span class='ocrx_word' id='word_1_202' title='bbox 2138 1428 2344 1483; x_wconf 73' lang='lat' dir='ltr'><strong>habent</strong></span> <span class='ocrx_word' id='word_1_203' title='bbox 2377 1430 2489 1496; x_wconf 82' lang='lat' dir='ltr'><strong>illa,</strong></span> <span class='ocrx_word' id='word_1_204' title='bbox 2523 1446 2647 1500; x_wconf 70' lang='lat' dir='ltr'><strong>qua:</strong></span> <span class='ocrx_word' id='word_1_205' title='bbox 2677 1430 2743 1484; x_wconf 92' lang='lat' dir='ltr'><strong>ad</strong></span> <span class='ocrx_word' id='word_1_206' title='bbox 2770 1446 2829 1483; x_wconf 89' lang='lat' dir='ltr'><strong>se</strong></span> <span class='ocrx_word' id='word_1_207' title='bbox 2862 1429 3274 1485; x_wconf 82' lang='lat' dir='ltr'><strong>defendendum</strong></span> <span class='ocrx_word' id='word_1_208' title='bbox 3317 1430 3564 1499; x_wconf 65' lang='lat' dir='ltr'><strong>puemit-</strong></span> 
     </span>
    </p>
   </div>
   <div class='ocr_carea' id='block_1_30' title="bbox 1968 1518 3569 1593">
    <p class='ocr_par' dir='ltr' id='par_1_30' title="bbox 1968 1518 3569 1593">
     <span class='ocr_line' id='line_1_30' title="bbox 1968 1518 3569 1593; baseline 0.002 -23"><span class='ocrx_word' id='word_1_209' title='bbox 1968 1518 2051 1584; x_wconf 88' lang='lat' dir='ltr'><strong>tit,</strong></span> <span class='ocrx_word' id='word_1_210' title='bbox 2091 1519 2259 1585; x_wconf 79' lang='lat' dir='ltr'><strong>dicta,</strong></span> <span class='ocrx_word' id='word_1_211' title='bbox 2305 1521 2382 1576; x_wconf 88' lang='lat' dir='ltr'><strong>ita</strong></span> <span class='ocrx_word' id='word_1_212' title='bbox 2414 1531 2473 1576; x_wconf 89' lang='lat' dir='ltr'><strong>ut</strong></span> <span class='ocrx_word' id='word_1_213' title='bbox 2504 1523 2550 1577; x_wconf 86' lang='lat' dir='ltr'><strong>si</strong></span> <span class='ocrx_word' id='word_1_214' title='bbox 2578 1524 2674 1593; x_wconf 87' lang='lat' dir='ltr'><strong>qui</strong></span> <span class='ocrx_word' id='word_1_215' title='bbox 2705 1523 2905 1587; x_wconf 86' lang='lat' dir='ltr'><strong>velint,</strong></span> <span class='ocrx_word' id='word_1_216' title='bbox 2947 1522 3152 1576; x_wconf 87' lang='lat' dir='ltr'><strong>variam</strong></span> <span class='ocrx_word' id='word_1_217' title='bbox 3195 1538 3261 1576; x_wconf 89' lang='lat' dir='ltr'><strong>ac</strong></span> <span class='ocrx_word' id='word_1_218' title='bbox 3292 1522 3569 1590; x_wconf 85' lang='lat' dir='ltr'><strong>multipli-</strong></span> 
     </span>
    </p>
   </div>
   <div class='ocr_carea' id='block_1_31' title="bbox 1964 1612 3567 1686">
    <p class='ocr_par' dir='ltr' id='par_1_31' title="bbox 1964 1612 3567 1686">
     <span class='ocr_line' id='line_1_31' title="bbox 1964 1612 3567 1686; baseline 0.001 -21"><span class='ocrx_word' id='word_1_219' title='bbox 1964 1626 2084 1666; x_wconf 89' lang='lat' dir='ltr'><strong>cem</strong></span> <span class='ocrx_word' id='word_1_220' title='bbox 2126 1628 2313 1667; x_wconf 89' lang='lat' dir='ltr'><strong>rerum</strong></span> <span class='ocrx_word' id='word_1_221' title='bbox 2361 1613 2750 1669; x_wconf 72' lang='lat' dir='ltr'><strong>coniueionem</strong></span> <span class='ocrx_word' id='word_1_222' title='bbox 2796 1613 2965 1686; x_wconf 69' lang='grc'><strong>476</strong></span> <span class='ocrx_word' id='word_1_223' title='bbox 3010 1612 3460 1667; x_wconf 79' lang='lat' dir='ltr'><strong>animadvertant</strong></span> <span class='ocrx_word' id='word_1_224' title='bbox 3507 1622 3567 1667; x_wconf 90' lang='lat' dir='ltr'><strong>ct</strong></span> 
     </span>
    </p>
   </div>
   <div class='ocr_carea' id='block_1_32' title="bbox 1966 1705 3562 1778">
    <p class='ocr_par' dir='ltr' id='par_1_32' title="bbox 1966 1705 3562 1778">
     <span class='ocr_line' id='line_1_32' title="bbox 1966 1705 3562 1778; baseline 0.002 -20"><span class='ocrx_word' id='word_1_225' title='bbox 1966 1706 2136 1758; x_wconf 87' lang='lat' dir='ltr'><strong>multa</strong></span> <span class='ocrx_word' id='word_1_226' title='bbox 2185 1705 2494 1761; x_wconf 65' lang='lat' dir='ltr'><strong>inscientiae</strong></span> <span class='ocrx_word' id='word_1_227' title='bbox 2540 1709 2661 1778; x_wconf 83' lang='lat' dir='ltr'><strong>ejus</strong></span> <span class='ocrx_word' id='word_1_228' title='bbox 2698 1716 2753 1762; x_wconf 86' lang='lat' dir='ltr'><strong>et</strong></span> <span class='ocrx_word' id='word_1_229' title='bbox 2790 1707 3154 1777; x_wconf 82' lang='lat' dir='ltr'><strong>malignitatis</strong></span> <span class='ocrx_word' id='word_1_230' title='bbox 3204 1706 3562 1762; x_wconf 84' lang='lat' dir='ltr'><strong>documenta.</strong></span> 
     </span>
    </p>
   </div>
   <div class='ocr_carea' id='block_1_33' title="bbox 1966 1796 3567 1871">
    <p class='ocr_par' dir='ltr' id='par_1_33' title="bbox 1966 1796 3567 1871">
     <span class='ocr_line' id='line_1_33' title="bbox 1966 1796 3567 1871; baseline 0 -19"><span class='ocrx_word' id='word_1_231' title='bbox 1966 1796 2173 1852; x_wconf 89' lang='lat' dir='ltr'><strong>Similis</strong></span> <span class='ocrx_word' id='word_1_232' title='bbox 2199 1799 2348 1853; x_wconf 90' lang='lat' dir='ltr'><strong>enim</strong></span> <span class='ocrx_word' id='word_1_233' title='bbox 2381 1800 2430 1853; x_wconf 91' lang='lat' dir='ltr'><strong>ei</strong></span> <span class='ocrx_word' id='word_1_234' title='bbox 2448 1810 2553 1866; x_wconf 88' lang='lat' dir='ltr'><strong>est,</strong></span> <span class='ocrx_word' id='word_1_235' title='bbox 2572 1801 2668 1871; x_wconf 87' lang='lat' dir='ltr'><strong>qui</strong></span> <span class='ocrx_word' id='word_1_236' title='bbox 2698 1800 2990 1871; x_wconf 61' lang='lat' dir='ltr'><strong>aenigmata</strong></span> <span class='ocrx_word' id='word_1_237' title='bbox 3024 1800 3303 1870; x_wconf 87' lang='lat' dir='ltr'><strong>proponit.</strong></span> <span class='ocrx_word' id='word_1_238' title='bbox 3325 1798 3451 1853; x_wconf 87' lang='lat' dir='ltr'><strong>Ideo</strong></span> <span class='ocrx_word' id='word_1_239' title='bbox 3482 1800 3567 1852; x_wconf 86' lang='lat' dir='ltr'><strong>in-</strong></span> 
     </span>
    </p>
   </div>
   <div class='ocr_carea' id='block_1_34' title="bbox 275 1885 1870 1970">
    <p class='ocr_par' dir='ltr' id='par_1_34' title="bbox 275 1895 1859 1970">
     <span class='ocr_line' id='line_1_34' title="bbox 275 1895 1859 1970; baseline -0.003 -19"><span class='ocrx_word' id='word_1_240' title='bbox 275 1897 426 1962; x_wconf 84' lang='grc' dir='ltr'><strong>νοῦν,</strong></span> <span class='ocrx_word' id='word_1_241' title='bbox 454 1899 550 1951; x_wconf 72' lang='grc' dir='ltr'><strong>καὶ</strong></span> <span class='ocrx_word' id='word_1_242' title='bbox 589 1898 706 1970; x_wconf 74' lang='grc' dir='ltr'><strong>ἅμα</strong></span> <span class='ocrx_word' id='word_1_243' title='bbox 733 1897 957 1951; x_wconf 80' lang='grc' dir='ltr'>διπλοῦν</span> <span class='ocrx_word' id='word_1_244' title='bbox 983 1896 1080 1950; x_wconf 76' lang='grc' dir='ltr'><strong>καὶ</strong></span> <span class='ocrx_word' id='word_1_245' title='bbox 1111 1895 1457 1950; x_wconf 81' lang='grc' dir='ltr'>πολλαπλοῦν</span> <span class='ocrx_word' id='word_1_246' title='bbox 1484 1898 1582 1965; x_wconf 73' lang='grc' dir='ltr'>τῆς</span> <span class='ocrx_word' id='word_1_247' title='bbox 1617 1895 1859 1964; x_wconf 75' lang='grc' dir='ltr'>ἀμαθίας</span> 
     </span>
    </p>
   </div>
   <div class='ocr_carea' id='block_1_35' title="bbox 1973 1885 3565 1970">
    <p class='ocr_par' dir='ltr' id='par_1_35' title="bbox 1973 1890 3565 1963">
     <span class='ocr_line' id='line_1_35' title="bbox 1973 1890 3565 1963; baseline 0 -20"><span class='ocrx_word' id='word_1_248' title='bbox 1973 1891 2186 1961; x_wconf 68' lang='lat' dir='ltr'><strong>quirere</strong></span> <span class='ocrx_word' id='word_1_249' title='bbox 2216 1892 2526 1948; x_wconf 77' lang='lat' dir='ltr'><strong>existimavi</strong></span> <span class='ocrx_word' id='word_1_250' title='bbox 2560 1904 2836 1963; x_wconf 87' lang='lat' dir='ltr'><strong>oportere,</strong></span> <span class='ocrx_word' id='word_1_251' title='bbox 2876 1908 3007 1946; x_wconf 89' lang='lat' dir='ltr'><strong>num</strong></span> <span class='ocrx_word' id='word_1_252' title='bbox 3037 1893 3169 1947; x_wconf 73' lang='lat' dir='ltr'><strong>velit</strong></span> <span class='ocrx_word' id='word_1_253' title='bbox 3197 1890 3436 1961; x_wconf 85' lang='lat' dir='ltr'><strong>experiri</strong></span> <span class='ocrx_word' id='word_1_254' title='bbox 3464 1891 3565 1945; x_wconf 86' lang='lat' dir='ltr'><strong>Pa-</strong></span> 
     </span>
    </p>
   </div>
   <div class='ocr_carea' id='block_1_36' title="bbox 277 1987 1862 2059">
    <p class='ocr_par' dir='ltr' id='par_1_36' title="bbox 277 1987 1862 2059">
     <span class='ocr_line' id='line_1_36' title="bbox 277 1987 1862 2059; baseline -0.003 -16"><span class='ocrx_word' id='word_1_255' title='bbox 277 1988 446 2043; x_wconf 81' lang='grc' dir='ltr'>αὐτοῦ</span> <span class='ocrx_word' id='word_1_256' title='bbox 472 1990 567 2042; x_wconf 73' lang='grc' dir='ltr'>καὶ</span> <span class='ocrx_word' id='word_1_257' title='bbox 581 1991 954 2054; x_wconf 68' lang='grc' dir='ltr'>κακοτροπίας</span> <span class='ocrx_word' id='word_1_258' title='bbox 979 1992 1071 2042; x_wconf 74' lang='grc' dir='ltr'><strong>τὸν</strong></span> <span class='ocrx_word' id='word_1_259' title='bbox 1099 1987 1320 2058; x_wconf 68' lang='grc' dir='ltr'>ἔλεγχον</span> <span class='ocrx_word' id='word_1_260' title='bbox 1342 2006 1353 2018; x_wconf 78' lang='grc'><em>’</em></span> <span class='ocrx_word' id='word_1_261' title='bbox 1376 1987 1522 2041; x_wconf 79' lang='grc' dir='ltr'>ἔοικε</span> <span class='ocrx_word' id='word_1_262' title='bbox 1543 1989 1649 2056; x_wconf 84' lang='grc' dir='ltr'>γὰρ</span> <span class='ocrx_word' id='word_1_263' title='bbox 1673 1987 1862 2059; x_wconf 83' lang='grc' dir='ltr'>ῶσπερ</span> 
     </span>
    </p>
   </div>
   <div class='ocr_carea' id='block_1_37' title="bbox 276 2079 1862 2150">
    <p class='ocr_par' dir='ltr' id='par_1_37' title="bbox 276 2079 1862 2150">
     <span class='ocr_line' id='line_1_37' title="bbox 276 2079 1862 2150; baseline 0 -18"><span class='ocrx_word' id='word_1_264' title='bbox 276 2080 575 2150; x_wconf 80' lang='grc' dir='ltr'>αἰνίγματα</span> <span class='ocrx_word' id='word_1_265' title='bbox 600 2079 900 2133; x_wconf 75' lang='grc' dir='ltr'>συντιθέντι</span> <span class='ocrx_word' id='word_1_266' title='bbox 921 2079 1147 2148; x_wconf 80' lang='grc' dir='ltr'>ὁτῳοῦν.</span> <span class='ocrx_word' id='word_1_267' title='bbox 1181 2080 1272 2131; x_wconf 85' lang='grc' dir='ltr'>Διὸ</span> <span class='ocrx_word' id='word_1_268' title='bbox 1297 2079 1395 2132; x_wconf 81' lang='grc' dir='ltr'><strong>καὶ</strong></span> <span class='ocrx_word' id='word_1_269' title='bbox 1420 2082 1640 2132; x_wconf 84' lang='grc' dir='ltr'>σκοπεῖν</span> <span class='ocrx_word' id='word_1_270' title='bbox 1669 2079 1862 2148; x_wconf 80' lang='grc' dir='ltr'>ἔκρινά</span> 
     </span>
    </p>
   </div>
   <div class='ocr_carea' id='block_1_38' title="bbox 277 2172 1862 2242">
    <p class='ocr_par' dir='ltr' id='par_1_38' title="bbox 277 2172 1862 2242">
     <span class='ocr_line' id='line_1_38' title="bbox 277 2172 1862 2242; baseline 0.001 -17"><span class='ocrx_word' id='word_1_271' title='bbox 277 2173 409 2236; x_wconf 83' lang='grc' dir='ltr'>δεῖν,</span> <span class='ocrx_word' id='word_1_272' title='bbox 448 2172 631 2241; x_wconf 80' lang='grc' dir='ltr'>μήπου</span> <span class='ocrx_word' id='word_1_273' title='bbox 691 2173 1101 2241; x_wconf 75' lang='grc' dir='ltr'>ἀποπειρᾶσθαι</span> <span class='ocrx_word' id='word_1_274' title='bbox 1157 2172 1422 2242; x_wconf 76' lang='grc' dir='ltr'>βούληται</span> <span class='ocrx_word' id='word_1_275' title='bbox 1478 2173 1773 2241; x_wconf 73' lang='grc' dir='ltr'>Παλαμᾶς,</span> <span class='ocrx_word' id='word_1_276' title='bbox 1810 2175 1862 2226; x_wconf 86' lang='grc' dir='ltr'><strong>εί</strong></span> 
     </span>
    </p>
   </div>
   <div class='ocr_carea' id='block_1_39' title="bbox 276 2260 1862 2332">
    <p class='ocr_par' dir='ltr' id='par_1_39' title="bbox 276 2260 1862 2332">
     <span class='ocr_line' id='line_1_39' title="bbox 276 2260 1862 2332; baseline -0.002 -17"><span class='ocrx_word' id='word_1_277' title='bbox 276 2261 388 2330; x_wconf 61' lang='grc' dir='ltr'>ἄρα</span> <span class='ocrx_word' id='word_1_278' title='bbox 424 2260 703 2330; x_wconf 65' lang='grc' dir='ltr'>γνώσομαι</span> <span class='ocrx_word' id='word_1_279' title='bbox 750 2261 1231 2332; x_wconf 75' lang='grc' dir='ltr'>χαριεντιξομένου</span> <span class='ocrx_word' id='word_1_280' title='bbox 1283 2260 1448 2313; x_wconf 76' lang='grc' dir='ltr'>αὐτοῦ</span> <span class='ocrx_word' id='word_1_281' title='bbox 1501 2263 1594 2316; x_wconf 71' lang='grc' dir='ltr'><strong>καὶ</strong></span> <span class='ocrx_word' id='word_1_282' title='bbox 1654 2261 1862 2331; x_wconf 70' lang='grc' dir='ltr'>σφόδρα</span> 
     </span>
    </p>
   </div>
   <div class='ocr_carea' id='block_1_40' title="bbox 277 2352 1862 2422">
    <p class='ocr_par' dir='ltr' id='par_1_40' title="bbox 277 2352 1862 2422">
     <span class='ocr_line' id='line_1_40' title="bbox 277 2352 1862 2422; baseline 0 -16"><span class='ocrx_word' id='word_1_283' title='bbox 277 2353 532 2422; x_wconf 81' lang='grc' dir='ltr'>λέγοντος</span> <span class='ocrx_word' id='word_1_284' title='bbox 567 2353 766 2407; x_wconf 79' lang='grc' dir='ltr'>ἑαυτοῦ</span> <span class='ocrx_word' id='word_1_285' title='bbox 795 2354 1059 2408; x_wconf 76' lang='grc' dir='ltr'>τάναντία</span> <span class='ocrx_word' id='word_1_286' title='bbox 1096 2352 1472 2418; x_wconf 86' lang='grc' dir='ltr'>παντάπασιν,</span> <span class='ocrx_word' id='word_1_287' title='bbox 1498 2353 1691 2421; x_wconf 77' lang='grc' dir='ltr'>ὥσπερ</span> <span class='ocrx_word' id='word_1_288' title='bbox 1724 2352 1789 2406; x_wconf 83' lang='grc' dir='ltr'><strong>ἂν</strong></span> <span class='ocrx_word' id='word_1_289' title='bbox 1813 2355 1862 2406; x_wconf 87' lang='grc' dir='ltr'><strong>εί</strong></span> 
     </span>
    </p>
   </div>
   <div class='ocr_carea' id='block_1_41' title="bbox 279 2447 1863 2518">
    <p class='ocr_par' dir='ltr' id='par_1_41' title="bbox 279 2447 1863 2518">
     <span class='ocr_line' id='line_1_41' title="bbox 279 2447 1863 2518; baseline 0 -17"><span class='ocrx_word' id='word_1_290' title='bbox 279 2447 628 2514; x_wconf 68' lang='grc' dir='ltr'>ἀντωμοσία-θ</span> <span class='ocrx_word' id='word_1_291' title='bbox 666 2447 1105 2518; x_wconf 76' lang='grc' dir='ltr'>διαμειψάμενος</span> <span class='ocrx_word' id='word_1_292' title='bbox 1148 2448 1334 2516; x_wconf 70' lang='grc' dir='ltr'>ἔλεγεν</span> <span class='ocrx_word' id='word_1_293' title='bbox 1362 2447 1647 2518; x_wconf 82' lang='grc' dir='ltr'>ἄντικρυς,</span> <span class='ocrx_word' id='word_1_294' title='bbox 1675 2449 1758 2501; x_wconf 83' lang='grc' dir='ltr'>ὅτι</span> <span class='ocrx_word' id='word_1_295' title='bbox 1796 2451 1863 2501; x_wconf 64' lang='grc' dir='ltr'>Ἀ</span> 
     </span>
    </p>
   </div>
   <div class='ocr_carea' id='block_1_42' title="bbox 281 2540 1866 2612">
    <p class='ocr_par' dir='ltr' id='par_1_42' title="bbox 281 2540 1866 2612">
     <span class='ocr_line' id='line_1_42' title="bbox 281 2540 1866 2612; baseline 0.003 -21"><span class='ocrx_word' id='word_1_296' title='bbox 281 2541 553 2608; x_wconf 62' lang='grc' dir='ltr'>προτείνω</span> <span class='ocrx_word' id='word_1_297' title='bbox 588 2543 680 2595; x_wconf 72' lang='grc' dir='ltr'><strong>καὶ</strong></span> <span class='ocrx_word' id='word_1_298' title='bbox 705 2540 974 2612; x_wconf 76' lang='grc' dir='ltr'>βούλομαι</span> <span class='ocrx_word' id='word_1_299' title='bbox 1007 2540 1213 2609; x_wconf 79' lang='grc' dir='ltr'>λέγειν,</span> <span class='ocrx_word' id='word_1_300' title='bbox 1241 2541 1419 2594; x_wconf 86' lang='grc' dir='ltr'>ταῦτα</span> <span class='ocrx_word' id='word_1_301' title='bbox 1450 2542 1587 2605; x_wconf 79' lang='grc' dir='ltr'>δῆτα</span> <span class='ocrx_word' id='word_1_302' title='bbox 1640 2543 1702 2594; x_wconf 87' lang='grc' dir='ltr'><strong>οὐ</strong></span> <span class='ocrx_word' id='word_1_303' title='bbox 1741 2541 1866 2612; x_wconf 82' lang='grc' dir='ltr'>βού-</span> 
     </span>
    </p>
   </div>
   <div class='ocr_carea' id='block_1_43' title="bbox 280 2627 1869 2705">
    <p class='ocr_par' dir='ltr' id='par_1_43' title="bbox 280 2627 1869 2705">
     <span class='ocr_line' id='line_1_43' title="bbox 280 2627 1869 2705; baseline 0.002 -20"><span class='ocrx_word' id='word_1_304' title='bbox 280 2633 450 2703; x_wconf 86' lang='grc' dir='ltr'>λομαι</span> <span class='ocrx_word' id='word_1_305' title='bbox 475 2632 677 2701; x_wconf 78' lang='grc' dir='ltr'>λέγειν,</span> <span class='ocrx_word' id='word_1_306' title='bbox 714 2634 811 2687; x_wconf 76' lang='grc' dir='ltr'><strong>καὶ</strong></span> <span class='ocrx_word' id='word_1_307' title='bbox 840 2627 920 2696; x_wconf 74' lang='grc' dir='ltr'>οἷς</span> <span class='ocrx_word' id='word_1_308' title='bbox 944 2632 1280 2705; x_wconf 73' lang='grc' dir='ltr'>ἀπαγορεύω</span> <span class='ocrx_word' id='word_1_309' title='bbox 1311 2634 1386 2703; x_wconf 81' lang='grc' dir='ltr'><strong>μὴ</strong></span> <span class='ocrx_word' id='word_1_310' title='bbox 1418 2637 1740 2703; x_wconf 82' lang='grc' dir='ltr'>συμφωνεῖν</span> <span class='ocrx_word' id='word_1_311' title='bbox 1770 2652 1869 2688; x_wconf 83' lang='grc' dir='ltr'>κα-</span> 
     </span>
    </p>
   </div>
   <div class='ocr_carea' id='block_1_44' title="bbox 283 2724 1868 2797">
    <p class='ocr_par' dir='ltr' id='par_1_44' title="bbox 283 2724 1868 2797">
     <span class='ocr_line' id='line_1_44' title="bbox 283 2724 1868 2797; baseline 0.001 -18"><span class='ocrx_word' id='word_1_312' title='bbox 283 2724 547 2790; x_wconf 74' lang='grc' dir='ltr'>κοδόξοις,</span> <span class='ocrx_word' id='word_1_313' title='bbox 575 2725 788 2789; x_wconf 75' lang='grc' dir='ltr'>τούτοις</span> <span class='ocrx_word' id='word_1_314' title='bbox 817 2727 882 2779; x_wconf 86' lang='grc' dir='ltr'>ὲκ</span> <span class='ocrx_word' id='word_1_315' title='bbox 907 2724 1002 2780; x_wconf 78' lang='grc' dir='ltr'>τοῦ</span> <span class='ocrx_word' id='word_1_316' title='bbox 1028 2726 1344 2797; x_wconf 78' lang='grc' dir='ltr'>προφανοῦς</span> <span class='ocrx_word' id='word_1_317' title='bbox 1377 2727 1684 2797; x_wconf 86' lang='grc' dir='ltr'>συμφωνῶ,</span> <span class='ocrx_word' id='word_1_318' title='bbox 1716 2729 1868 2797; x_wconf 80' lang='grc' dir='ltr'>παρὰ</span> 
     </span>
    </p>
   </div>
   <div class='ocr_carea' id='block_1_45' title="bbox 283 2817 1868 2889">
    <p class='ocr_par' dir='ltr' id='par_1_45' title="bbox 283 2817 1868 2889">
     <span class='ocr_line' id='line_1_45' title="bbox 283 2817 1868 2889; baseline 0.003 -20"><span class='ocrx_word' id='word_1_319' title='bbox 283 2817 541 2871; x_wconf 78' lang='grc' dir='ltr'>τοσοῦτον</span> <span class='ocrx_word' id='word_1_320' title='bbox 585 2818 767 2874; x_wconf 84' lang='grc' dir='ltr'>αὐτῶν</span> <span class='ocrx_word' id='word_1_321' title='bbox 823 2820 1171 2889; x_wconf 84' lang='grc' dir='ltr'>διιστάμενος</span> <span class='ocrx_word' id='word_1_322' title='bbox 1229 2820 1359 2888; x_wconf 86' lang='grc' dir='ltr'>παρ’</span> <span class='ocrx_word' id='word_1_323' title='bbox 1394 2822 1518 2874; x_wconf 77' lang='grc' dir='ltr'>ὅσον</span> <span class='ocrx_word' id='word_1_324' title='bbox 1565 2821 1762 2876; x_wconf 73' lang='grc' dir='ltr'>αὐτοὺς</span> <span class='ocrx_word' id='word_1_325' title='bbox 1809 2822 1868 2873; x_wconf 82' lang='grc' dir='ltr'><strong>ἐν</strong></span> 
     </span>
    </p>
   </div>
   <div class='ocr_carea' id='block_1_46' title="bbox 287 2907 1867 2979">
    <p class='ocr_par' dir='ltr' id='par_1_46' title="bbox 287 2907 1867 2979">
     <span class='ocr_line' id='line_1_46' title="bbox 287 2907 1867 2979; baseline 0.003 -21"><span class='ocrx_word' id='word_1_326' title='bbox 287 2908 478 2970; x_wconf 79' lang='grc' dir='ltr'>κακοῖς</span> <span class='ocrx_word' id='word_1_327' title='bbox 511 2907 871 2978; x_wconf 64' lang='grc' dir='ltr'>ὑπερϐάλλω·</span> <span class='ocrx_word' id='word_1_328' title='bbox 905 2909 1001 2979; x_wconf 78' lang='grc' dir='ltr'>τῆς</span> <span class='ocrx_word' id='word_1_329' title='bbox 1051 2908 1157 2978; x_wconf 77' lang='grc' dir='ltr'>γὰρ</span> <span class='ocrx_word' id='word_1_330' title='bbox 1190 2909 1391 2972; x_wconf 82' lang='grc' dir='ltr'>κακίας</span> <span class='ocrx_word' id='word_1_331' title='bbox 1428 2911 1519 2961; x_wconf 70' lang='grc' dir='ltr'>ἐπὶ</span> <span class='ocrx_word' id='word_1_332' title='bbox 1555 2910 1617 2962; x_wconf 81' lang='grc' dir='ltr'>τὸ</span> <span class='ocrx_word' id='word_1_333' title='bbox 1660 2910 1867 2977; x_wconf 81' lang='grc' dir='ltr'>φιλότι·</span> 
     </span>
    </p>
   </div>
   <div class='ocr_carea' id='block_1_47' title="bbox 291 3003 1868 3075">
    <p class='ocr_par' dir='ltr' id='par_1_47' title="bbox 291 3003 1868 3075">
     <span class='ocr_line' id='line_1_47' title="bbox 291 3003 1868 3075; baseline 0.004 -23"><span class='ocrx_word' id='word_1_334' title='bbox 291 3017 395 3070; x_wconf 87' lang='grc' dir='ltr'><strong>μον</strong></span> <span class='ocrx_word' id='word_1_335' title='bbox 430 3003 777 3073; x_wconf 77' lang='grc' dir='ltr'>κινουμένης,</span> <span class='ocrx_word' id='word_1_336' title='bbox 803 3003 864 3057; x_wconf 86' lang='grc' dir='ltr'><strong>οὐ</strong></span> <span class='ocrx_word' id='word_1_337' title='bbox 898 3004 1043 3073; x_wconf 80' lang='grc' dir='ltr'>μάλα</span> <span class='ocrx_word' id='word_1_338' title='bbox 1085 3003 1353 3073; x_wconf 80' lang='grc' dir='ltr'>βραχεῖαν</span> <span class='ocrx_word' id='word_1_339' title='bbox 1420 3004 1520 3073; x_wconf 80' lang='grc' dir='ltr'>τὴν</span> <span class='ocrx_word' id='word_1_340' title='bbox 1586 3005 1868 3075; x_wconf 87' lang='grc' dir='ltr'>παρενθή-</span> 
     </span>
    </p>
   </div>
   <div class='ocr_carea' id='block_1_48' title="bbox 1971 1981 3563 2055">
    <p class='ocr_par' dir='ltr' id='par_1_48' title="bbox 1971 1981 3563 2055">
     <span class='ocr_line' id='line_1_48' title="bbox 1971 1981 3563 2055; baseline 0 -20"><span class='ocrx_word' id='word_1_341' title='bbox 1971 1981 2167 2048; x_wconf 79' lang='lat' dir='ltr'><strong>laruas,</strong></span> <span class='ocrx_word' id='word_1_342' title='bbox 2208 2000 2337 2038; x_wconf 88' lang='lat' dir='ltr'><strong>num</strong></span> <span class='ocrx_word' id='word_1_343' title='bbox 2372 1985 2740 2055; x_wconf 79' lang='lat' dir='ltr'><strong>intclligerem</strong></span> <span class='ocrx_word' id='word_1_344' title='bbox 2788 1998 2818 2038; x_wconf 89' lang='lat' dir='ltr'><strong>e</strong></span> <span class='ocrx_word' id='word_1_345' title='bbox 2858 2000 2918 2038; x_wconf 87' lang='lat' dir='ltr'><strong>re</strong></span> <span class='ocrx_word' id='word_1_346' title='bbox 2950 1999 3071 2038; x_wconf 89' lang='lat' dir='ltr'><strong>mea</strong></span> <span class='ocrx_word' id='word_1_347' title='bbox 3105 1999 3165 2038; x_wconf 89' lang='lat' dir='ltr'><strong>se</strong></span> <span class='ocrx_word' id='word_1_348' title='bbox 3198 1984 3350 2052; x_wconf 87' lang='lat' dir='ltr'><strong>loqui</strong></span> <span class='ocrx_word' id='word_1_349' title='bbox 3387 1997 3563 2050; x_wconf 77' lang='lat' dir='ltr'><strong>raque</strong></span> 
     </span>
    </p>
   </div>
   <div class='ocr_carea' id='block_1_49' title="bbox 1972 2074 3564 2145">
    <p class='ocr_par' dir='ltr' id='par_1_49' title="bbox 1972 2074 3564 2145">
     <span class='ocr_line' id='line_1_49' title="bbox 1972 2074 3564 2145; baseline 0.001 -17"><span class='ocrx_word' id='word_1_350' title='bbox 1972 2074 2131 2129; x_wconf 80' lang='lat' dir='ltr'><strong>valde</strong></span> <span class='ocrx_word' id='word_1_351' title='bbox 2161 2078 2461 2139; x_wconf 80' lang='lat' dir='ltr'><strong>contraria,</strong></span> <span class='ocrx_word' id='word_1_352' title='bbox 2497 2086 2557 2130; x_wconf 91' lang='lat' dir='ltr'><strong>ut</strong></span> <span class='ocrx_word' id='word_1_353' title='bbox 2590 2077 2635 2131; x_wconf 89' lang='lat' dir='ltr'><strong>si</strong></span> <span class='ocrx_word' id='word_1_354' title='bbox 2683 2076 2812 2145; x_wconf 88' lang='lat' dir='ltr'><strong>quis</strong></span> <span class='ocrx_word' id='word_1_355' title='bbox 2851 2076 2906 2130; x_wconf 93' lang='lat' dir='ltr'><strong>in</strong></span> <span class='ocrx_word' id='word_1_356' title='bbox 2944 2075 3296 2131; x_wconf 83' lang='lat' dir='ltr'><strong>defendendo</strong></span> <span class='ocrx_word' id='word_1_357' title='bbox 3325 2076 3564 2129; x_wconf 82' lang='lat' dir='ltr'><strong>crimine</strong></span> 
     </span>
    </p>
   </div>
   <div class='ocr_carea' id='block_1_50' title="bbox 1970 2166 3563 2240">
    <p class='ocr_par' dir='ltr' id='par_1_50' title="bbox 1970 2166 3563 2240">
     <span class='ocr_line' id='line_1_50' title="bbox 1970 2166 3563 2240; baseline -0.003 -15"><span class='ocrx_word' id='word_1_358' title='bbox 1970 2170 2288 2233; x_wconf 80' lang='lat' dir='ltr'><strong>exsisteret,</strong></span> <span class='ocrx_word' id='word_1_359' title='bbox 2344 2185 2467 2240; x_wconf 69' lang='lat' dir='ltr'><strong>qua:</strong></span> <span class='ocrx_word' id='word_1_360' title='bbox 2526 2170 2818 2238; x_wconf 84' lang='lat' dir='ltr'><strong>proiiterer</strong></span> <span class='ocrx_word' id='word_1_361' title='bbox 2870 2177 2926 2223; x_wconf 93' lang='lat' dir='ltr'><strong>et</strong></span> <span class='ocrx_word' id='word_1_362' title='bbox 2982 2167 3176 2223; x_wconf 80' lang='lat' dir='ltr'><strong>vellem</strong></span> <span class='ocrx_word' id='word_1_363' title='bbox 3208 2166 3418 2230; x_wconf 87' lang='lat' dir='ltr'><strong>dicere,</strong></span> <span class='ocrx_word' id='word_1_364' title='bbox 3450 2182 3563 2220; x_wconf 91' lang='lat' dir='ltr'><strong>non</strong></span> 
     </span>
    </p>
   </div>
   <div class='ocr_carea' id='block_1_51' title="bbox 1973 2260 3567 2332">
    <p class='ocr_par' dir='ltr' id='par_1_51' title="bbox 1973 2260 3567 2332">
     <span class='ocr_line' id='line_1_51' title="bbox 1973 2260 3567 2332; baseline 0.001 -18"><span class='ocrx_word' id='word_1_365' title='bbox 1973 2278 2061 2316; x_wconf 90' lang='lat' dir='ltr'><strong>me</strong></span> <span class='ocrx_word' id='word_1_366' title='bbox 2124 2263 2263 2316; x_wconf 87' lang='lat' dir='ltr'><strong>velle</strong></span> <span class='ocrx_word' id='word_1_367' title='bbox 2319 2262 2528 2329; x_wconf 90' lang='lat' dir='ltr'><strong>dicere,</strong></span> <span class='ocrx_word' id='word_1_368' title='bbox 2577 2273 2636 2316; x_wconf 88' lang='lat' dir='ltr'><strong>et</strong></span> <span class='ocrx_word' id='word_1_369' title='bbox 2682 2262 3013 2332; x_wconf 85' lang='lat' dir='ltr'><strong>quibuscum</strong></span> <span class='ocrx_word' id='word_1_370' title='bbox 3064 2260 3453 2315; x_wconf 85' lang='lat' dir='ltr'><strong>contenderem</strong></span> <span class='ocrx_word' id='word_1_371' title='bbox 3496 2274 3567 2315; x_wconf 86' lang='lat' dir='ltr'><strong>ne</strong></span> 
     </span>
    </p>
   </div>
   <div class='ocr_carea' id='block_1_52' title="bbox 1972 2352 3567 2435">
    <p class='ocr_par' dir='ltr' id='par_1_52' title="bbox 1972 2352 3567 2435">
     <span class='ocr_line' id='line_1_52' title="bbox 1972 2352 3567 2435; baseline 0 -31"><span class='ocrx_word' id='word_1_372' title='bbox 1972 2353 2345 2407; x_wconf 88' lang='lat' dir='ltr'><strong>consentirem</strong></span> <span class='ocrx_word' id='word_1_373' title='bbox 2401 2352 2695 2422; x_wconf 88' lang='lat' dir='ltr'><strong>improbis,</strong></span> <span class='ocrx_word' id='word_1_374' title='bbox 2748 2368 2874 2406; x_wconf 90' lang='lat' dir='ltr'><strong>cum</strong></span> <span class='ocrx_word' id='word_1_375' title='bbox 2911 2355 2995 2408; x_wconf 91' lang='lat' dir='ltr'><strong>eis</strong></span> <span class='ocrx_word' id='word_1_376' title='bbox 3041 2367 3129 2406; x_wconf 87' lang='lat' dir='ltr'><strong>me</strong></span> <span class='ocrx_word' id='word_1_377' title='bbox 3158 2366 3399 2435; x_wconf 77' lang='lat' dir='ltr'><strong>prorsus</strong></span> <span class='ocrx_word' id='word_1_378' title='bbox 3429 2366 3567 2405; x_wconf 58' lang='lat' dir='ltr'><strong>conn</strong></span> 
     </span>
    </p>
   </div>
   <div class='ocr_carea' id='block_1_53' title="bbox 1973 2445 3639 2516">
    <p class='ocr_par' dir='ltr' id='par_1_53' title="bbox 1973 2445 3639 2516">
     <span class='ocr_line' id='line_1_53' title="bbox 1973 2445 3639 2516; baseline 0.001 -16"><span class='ocrx_word' id='word_1_379' title='bbox 1973 2445 2204 2511; x_wconf 87' lang='lat' dir='ltr'><strong>sentire,</strong></span> <span class='ocrx_word' id='word_1_380' title='bbox 2242 2455 2530 2515; x_wconf 84' lang='lat' dir='ltr'><strong>tantopere</strong></span> <span class='ocrx_word' id='word_1_381' title='bbox 2586 2446 2657 2501; x_wconf 91' lang='lat' dir='ltr'><strong>ab</strong></span> <span class='ocrx_word' id='word_1_382' title='bbox 2711 2447 2823 2501; x_wconf 91' lang='lat' dir='ltr'><strong>illis</strong></span> <span class='ocrx_word' id='word_1_383' title='bbox 2871 2456 3171 2510; x_wconf 91' lang='lat' dir='ltr'><strong>remotum,</strong></span> <span class='ocrx_word' id='word_1_384' title='bbox 3223 2456 3568 2516; x_wconf 86' lang='lat' dir='ltr'><strong>quantopere</strong></span> <span class='ocrx_word' id='word_1_385' title='bbox 3598 2458 3639 2468; x_wconf 70' lang='lat'><strong>“</strong></span> 
     </span>
    </p>
   </div>
   <div class='ocr_carea' id='block_1_54' title="bbox 1972 2539 3568 2612">
    <p class='ocr_par' dir='ltr' id='par_1_54' title="bbox 1972 2539 3568 2612">
     <span class='ocr_line' id='line_1_54' title="bbox 1972 2539 3568 2612; baseline 0 -18"><span class='ocrx_word' id='word_1_386' title='bbox 1972 2555 2068 2594; x_wconf 89' lang='lat' dir='ltr'><strong>eos</strong></span> <span class='ocrx_word' id='word_1_387' title='bbox 2104 2540 2458 2610; x_wconf 85' lang='lat' dir='ltr'><strong>improbitate</strong></span> <span class='ocrx_word' id='word_1_388' title='bbox 2509 2556 2808 2612; x_wconf 83' lang='lat' dir='ltr'><strong>exsupero.</strong></span> <span class='ocrx_word' id='word_1_389' title='bbox 2836 2539 3213 2610; x_wconf 86' lang='lat' dir='ltr'><strong>lmprobitatis</strong></span> <span class='ocrx_word' id='word_1_390' title='bbox 3256 2542 3405 2595; x_wconf 90' lang='lat' dir='ltr'><strong>enim</strong></span> <span class='ocrx_word' id='word_1_391' title='bbox 3444 2556 3568 2611; x_wconf 84' lang='lat' dir='ltr'><strong>quae</strong></span> 
     </span>
    </p>
   </div>
   <div class='ocr_carea' id='block_1_55' title="bbox 1973 2631 3570 2705">
    <p class='ocr_par' dir='ltr' id='par_1_55' title="bbox 1973 2631 3570 2705">
     <span class='ocr_line' id='line_1_55' title="bbox 1973 2631 3570 2705; baseline 0.002 -20"><span class='ocrx_word' id='word_1_392' title='bbox 1973 2631 2040 2685; x_wconf 92' lang='lat' dir='ltr'><strong>ad</strong></span> <span class='ocrx_word' id='word_1_393' title='bbox 2079 2633 2437 2687; x_wconf 79' lang='lat' dir='ltr'><strong>ambitionem</strong></span> <span class='ocrx_word' id='word_1_394' title='bbox 2467 2634 2854 2705; x_wconf 77' lang='lat' dir='ltr'><strong>progreditur,</strong></span> <span class='ocrx_word' id='word_1_395' title='bbox 2888 2649 2996 2688; x_wconf 89' lang='lat' dir='ltr'><strong>non</strong></span> <span class='ocrx_word' id='word_1_396' title='bbox 3054 2633 3223 2688; x_wconf 85' lang='lat' dir='ltr'><strong>breve</strong></span> <span class='ocrx_word' id='word_1_397' title='bbox 3267 2642 3418 2688; x_wconf 82' lang='lat' dir='ltr'><strong>ecrte</strong></span> <span class='ocrx_word' id='word_1_398' title='bbox 3446 2634 3570 2688; x_wconf 89' lang='lat' dir='ltr'><strong>illo-</strong></span> 
     </span>
    </p>
   </div>
   <div class='ocr_carea' id='block_1_56' title="bbox 1984 2726 3567 2795">
    <p class='ocr_par' dir='ltr' id='par_1_56' title="bbox 1984 2726 3567 2795">
     <span class='ocr_line' id='line_1_56' title="bbox 1984 2726 3567 2795; baseline 0.002 -17"><span class='ocrx_word' id='word_1_399' title='bbox 1984 2741 2105 2779; x_wconf 88' lang='lat' dir='ltr'><strong>rum</strong></span> <span class='ocrx_word' id='word_1_400' title='bbox 2188 2726 2550 2795; x_wconf 83' lang='lat' dir='ltr'><strong>blasphemiis</strong></span> <span class='ocrx_word' id='word_1_401' title='bbox 2621 2728 3058 2782; x_wconf 88' lang='lat' dir='ltr'><strong>additamentum</strong></span> <span class='ocrx_word' id='word_1_402' title='bbox 3133 2726 3306 2792; x_wconf 86' lang='lat' dir='ltr'><strong>dedi,</strong></span> <span class='ocrx_word' id='word_1_403' title='bbox 3353 2736 3415 2782; x_wconf 92' lang='lat' dir='ltr'><strong>ut</strong></span> <span class='ocrx_word' id='word_1_404' title='bbox 3471 2727 3567 2782; x_wconf 86' lang='lat' dir='ltr'><strong>tali</strong></span> 
     </span>
    </p>
   </div>
   <div class='ocr_carea' id='block_1_57' title="bbox 1976 2818 3566 2890">
    <p class='ocr_par' dir='ltr' id='par_1_57' title="bbox 1976 2818 3566 2890">
     <span class='ocr_line' id='line_1_57' title="bbox 1976 2818 3566 2890; baseline 0.003 -20"><span class='ocrx_word' id='word_1_405' title='bbox 1976 2818 2138 2871; x_wconf 89' lang='lat' dir='ltr'><strong>modo</strong></span> <span class='ocrx_word' id='word_1_406' title='bbox 2169 2819 2615 2890; x_wconf 20' lang='lat' dir='ltr'><strong>clarum‘nomen</strong></span> <span class='ocrx_word' id='word_1_407' title='bbox 2657 2819 3013 2888; x_wconf 89' lang='lat' dir='ltr'><strong>adipiscerer.</strong></span> <span class='ocrx_word' id='word_1_408' title='bbox 3041 2818 3234 2875; x_wconf 88' lang='lat' dir='ltr'><strong>Claros</strong></span> <span class='ocrx_word' id='word_1_409' title='bbox 3264 2820 3409 2874; x_wconf 87' lang='lat' dir='ltr'><strong>enim</strong></span> <span class='ocrx_word' id='word_1_410' title='bbox 3445 2820 3566 2874; x_wconf 68' lang='lat' dir='ltr'><strong>fieri</strong></span> 
     </span>
    </p>
   </div>
   <div class='ocr_carea' id='block_1_58' title="bbox 1976 2910 3572 2984">
    <p class='ocr_par' dir='ltr' id='par_1_58' title="bbox 1976 2910 3572 2984">
     <span class='ocr_line' id='line_1_58' title="bbox 1976 2910 3572 2984; baseline 0.004 -21"><span class='ocrx_word' id='word_1_411' title='bbox 1976 2925 2087 2964; x_wconf 89' lang='lat' dir='ltr'><strong>non</strong></span> <span class='ocrx_word' id='word_1_412' title='bbox 2109 2922 2255 2965; x_wconf 81' lang='lat' dir='ltr'><strong>recte</strong></span> <span class='ocrx_word' id='word_1_413' title='bbox 2282 2910 2439 2966; x_wconf 80' lang='lat' dir='ltr'><strong>factis</strong></span> <span class='ocrx_word' id='word_1_414' title='bbox 2470 2912 2649 2967; x_wconf 86' lang='lat' dir='ltr'><strong>solum</strong></span> <span class='ocrx_word' id='word_1_415' title='bbox 2679 2912 2895 2979; x_wconf 88' lang='lat' dir='ltr'><strong>audivi,</strong></span> <span class='ocrx_word' id='word_1_416' title='bbox 2930 2927 3122 2966; x_wconf 85' lang='lat' dir='ltr'><strong>verum</strong></span> <span class='ocrx_word' id='word_1_417' title='bbox 3155 2912 3320 2968; x_wconf 88' lang='lat' dir='ltr'><strong>etiam</strong></span> <span class='ocrx_word' id='word_1_418' title='bbox 3355 2929 3418 2968; x_wconf 88' lang='lat' dir='ltr'><strong>ea</strong></span> <span class='ocrx_word' id='word_1_419' title='bbox 3445 2929 3572 2984; x_wconf 63' lang='lat' dir='ltr'><strong>quae</strong></span> 
     </span>
    </p>
   </div>
   <div class='ocr_carea' id='block_1_59' title="bbox 1976 3004 3335 3077">
    <p class='ocr_par' dir='ltr' id='par_1_59' title="bbox 1976 3004 3335 3077">
     <span class='ocr_line' id='line_1_59' title="bbox 1976 3004 3335 3077; baseline 0.001 -18"><span class='ocrx_word' id='word_1_420' title='bbox 1976 3004 2389 3074; x_wconf 84' lang='lat' dir='ltr'><strong>improbitatem</strong></span> <span class='ocrx_word' id='word_1_421' title='bbox 2421 3014 2715 3075; x_wconf 78' lang='lat' dir='ltr'><strong>exsuperat</strong></span> <span class='ocrx_word' id='word_1_422' title='bbox 2744 3006 3104 3060; x_wconf 63' lang='lat' dir='ltr'><strong>scelestarum</strong></span> <span class='ocrx_word' id='word_1_423' title='bbox 3139 3007 3335 3077; x_wconf 78' lang='lat' dir='ltr'><strong>gloria.</strong></span> 
     </span>
    </p>
   </div>
   <div class='ocr_carea' id='block_1_60' title="bbox 284 3094 3573 3174">
    <p class='ocr_par' dir='ltr' id='par_1_60' title="bbox 284 3094 3573 3174">
     <span class='ocr_line' id='line_1_60' title="bbox 284 3094 3573 3174; baseline 0.003 -29"><span class='ocrx_word' id='word_1_424' title='bbox 284 3109 391 3161; x_wconf 84' lang='grc' dir='ltr'><strong>κην</strong></span> <span class='ocrx_word' id='word_1_425' title='bbox 429 3094 519 3146; x_wconf 74' lang='grc' dir='ltr'><strong>ἐπὶ</strong></span> <span class='ocrx_word' id='word_1_426' title='bbox 555 3096 667 3157; x_wconf 86' lang='grc' dir='ltr'>τοῖς</span> <span class='ocrx_word' id='word_1_427' title='bbox 700 3094 925 3149; x_wconf 87' lang='grc' dir='ltr'>ἐκείνων</span> <span class='ocrx_word' id='word_1_428' title='bbox 948 3094 1289 3166; x_wconf 82' lang='grc' dir='ltr'>βλασφήμοις</span> <span class='ocrx_word' id='word_1_429' title='bbox 1320 3095 1677 3167; x_wconf 76' lang='grc' dir='ltr'>ἐνεδειξάμην</span> <span class='ocrx_word' id='word_1_430' title='bbox 1713 3096 1848 3165; x_wconf 83' lang='grc' dir='ltr'>ἐγὼ,</span> <span class='ocrx_word' id='word_1_431' title='bbox 1890 3095 1959 3149; x_wconf 86' lang='grc' dir='ltr'><strong>ἵν’</strong></span> <span class='ocrx_word' id='word_1_432' title='bbox 1989 3097 2191 3149; x_wconf 70' lang='grc' dir='ltr'>οὑτωσὶ</span> <span class='ocrx_word' id='word_1_433' title='bbox 2227 3097 2557 3169; x_wconf 84' lang='grc' dir='ltr'>περιϐόητον</span> <span class='ocrx_word' id='word_1_434' title='bbox 2598 3094 2888 3168; x_wconf 83' lang='grc' dir='ltr'>κτήσωμαι</span> <span class='ocrx_word' id='word_1_435' title='bbox 2935 3098 3175 3171; x_wconf 78' lang='grc' dir='ltr'>τοῦνομα</span> <span class='ocrx_word' id='word_1_436' title='bbox 3197 3116 3211 3131; x_wconf 84' lang='lat'><strong><em>°</em></strong></span> <span class='ocrx_word' id='word_1_437' title='bbox 3244 3104 3416 3154; x_wconf 79' lang='grc' dir='ltr'>ποιεῖν</span> <span class='ocrx_word' id='word_1_438' title='bbox 3458 3104 3573 3174; x_wconf 84' lang='grc' dir='ltr'>γὰρ</span> 
     </span>
    </p>
   </div>
   <div class='ocr_carea' id='block_1_61' title="bbox 322 3187 3315 3265">
    <p class='ocr_par' dir='ltr' id='par_1_61' title="bbox 322 3187 3315 3265">
     <span class='ocr_line' id='line_1_61' title="bbox 322 3187 3315 3265; baseline 0.003 -25"><span class='ocrx_word' id='word_1_439' title='bbox 322 3188 532 3258; x_wconf 72' lang='grc' dir='ltr'>ἥκουσα</span> <span class='ocrx_word' id='word_1_440' title='bbox 593 3188 950 3259; x_wconf 85' lang='grc' dir='ltr'>περιϐοήτους</span> <span class='ocrx_word' id='word_1_441' title='bbox 998 3190 1058 3243; x_wconf 84' lang='grc' dir='ltr'><strong>ού</strong></span> <span class='ocrx_word' id='word_1_442' title='bbox 1129 3187 1310 3253; x_wconf 78' lang='grc' dir='ltr'>δεξιὰς</span> <span class='ocrx_word' id='word_1_443' title='bbox 1347 3189 1578 3261; x_wconf 74' lang='grc' dir='ltr'>πράξεις</span> <span class='ocrx_word' id='word_1_444' title='bbox 1623 3190 1809 3260; x_wconf 83' lang='grc' dir='ltr'>μόνον,</span> <span class='ocrx_word' id='word_1_445' title='bbox 1833 3190 1969 3245; x_wconf 83' lang='grc' dir='ltr'><strong>ἀλλά</strong></span> <span class='ocrx_word' id='word_1_446' title='bbox 2011 3191 2107 3244; x_wconf 77' lang='grc' dir='ltr'>καὶ</span> <span class='ocrx_word' id='word_1_447' title='bbox 2138 3191 2340 3244; x_wconf 83' lang='grc' dir='ltr'>κακίαν</span> <span class='ocrx_word' id='word_1_448' title='bbox 2369 3190 2611 3244; x_wconf 90' lang='grc' dir='ltr'>νικῶσαν</span> <span class='ocrx_word' id='word_1_449' title='bbox 2644 3192 2902 3263; x_wconf 84' lang='grc' dir='ltr'>πονηρῶν</span> <span class='ocrx_word' id='word_1_450' title='bbox 2933 3193 3315 3265; x_wconf 82' lang='grc' dir='ltr'>εὐδοκίμησιν.</span> 
     </span>
    </p>
   </div>
   <div class='ocr_carea' id='block_1_62' title="bbox 360 3283 1937 3358">
    <p class='ocr_par' dir='ltr' id='par_1_62' title="bbox 360 3283 1937 3358">
     <span class='ocr_line' id='line_1_62' title="bbox 360 3283 1937 3358; baseline 0.001 -20"><span class='ocrx_word' id='word_1_451' title='bbox 360 3284 437 3339; x_wconf 70' lang='grc' dir='ltr'><strong>Γν.</strong></span> <span class='ocrx_word' id='word_1_452' title='bbox 470 3283 660 3346; x_wconf 77' lang='grc' dir='ltr'>Οὕτως</span> <span class='ocrx_word' id='word_1_453' title='bbox 687 3284 916 3349; x_wconf 81' lang='grc' dir='ltr'>ἄστατος</span> <span class='ocrx_word' id='word_1_454' title='bbox 948 3286 1044 3339; x_wconf 62' lang='grc' dir='ltr'>καὶ</span> <span class='ocrx_word' id='word_1_455' title='bbox 1074 3286 1332 3349; x_wconf 76' lang='grc' dir='ltr'>ἀϐέϐαιός</span> <span class='ocrx_word' id='word_1_456' title='bbox 1363 3287 1484 3339; x_wconf 84' lang='grc' dir='ltr'>ἐστι</span> <span class='ocrx_word' id='word_1_457' title='bbox 1506 3287 1598 3339; x_wconf 71' lang='grc' dir='ltr'><strong>καὶ</strong></span> <span class='ocrx_word' id='word_1_458' title='bbox 1631 3286 1862 3358; x_wconf 78' lang='grc' dir='ltr'>ἀνέδραο</span> <span class='ocrx_word' id='word_1_459' title='bbox 1891 3289 1937 3352; x_wconf 84' lang='lat' dir='ltr'><strong><em>C</em></strong></span> 
     </span>
    </p>
   </div>
   <div class='ocr_carea' id='block_1_63' title="bbox 287 3376 1864 3449">
    <p class='ocr_par' dir='ltr' id='par_1_63' title="bbox 287 3376 1864 3449">
     <span class='ocr_line' id='line_1_63' title="bbox 287 3376 1864 3449; baseline 0.001 -17"><span class='ocrx_word' id='word_1_460' title='bbox 287 3395 415 3441; x_wconf 72' lang='lat'><strong>0:0;</strong></span> <span class='ocrx_word' id='word_1_461' title='bbox 446 3376 505 3443; x_wconf 80' lang='grc' dir='ltr'><strong>ἐξ</strong></span> <span class='ocrx_word' id='word_1_462' title='bbox 545 3377 813 3448; x_wconf 80' lang='grc' dir='ltr'>ἀμαθίας.</span> <span class='ocrx_word' id='word_1_463' title='bbox 864 3377 940 3438; x_wconf 86' lang='grc' dir='ltr'>ὼς</span> <span class='ocrx_word' id='word_1_464' title='bbox 976 3377 1107 3449; x_wconf 83' lang='grc' dir='ltr'>μήθ’</span> <span class='ocrx_word' id='word_1_465' title='bbox 1150 3377 1187 3432; x_wconf 80' lang='grc' dir='ltr'>ἃ</span> <span class='ocrx_word' id='word_1_466' title='bbox 1223 3381 1334 3433; x_wconf 87' lang='grc' dir='ltr'>νοεῖ</span> <span class='ocrx_word' id='word_1_467' title='bbox 1364 3378 1630 3433; x_wconf 86' lang='grc' dir='ltr'>δύνασθαι</span> <span class='ocrx_word' id='word_1_468' title='bbox 1659 3380 1864 3448; x_wconf 84' lang='grc' dir='ltr'>λέγειν,</span> 
     </span>
    </p>
   </div>
   <div class='ocr_carea' id='block_1_64' title="bbox 290 3468 1868 3543">
    <p class='ocr_par' dir='ltr' id='par_1_64' title="bbox 290 3468 1868 3543">
     <span class='ocr_line' id='line_1_64' title="bbox 290 3468 1868 3543; baseline 0.003 -20"><span class='ocrx_word' id='word_1_469' title='bbox 290 3468 422 3541; x_wconf 80' lang='grc' dir='ltr'>μήθ’</span> <span class='ocrx_word' id='word_1_470' title='bbox 449 3469 484 3524; x_wconf 83' lang='grc' dir='ltr'>ἃ</span> <span class='ocrx_word' id='word_1_471' title='bbox 520 3470 670 3538; x_wconf 85' lang='grc' dir='ltr'>λέγει</span> <span class='ocrx_word' id='word_1_472' title='bbox 729 3468 992 3524; x_wconf 86' lang='grc' dir='ltr'>δύνασθαι</span> <span class='ocrx_word' id='word_1_473' title='bbox 1044 3469 1314 3537; x_wconf 80' lang='grc' dir='ltr'>ξυννοεῖν,</span> <span class='ocrx_word' id='word_1_474' title='bbox 1346 3471 1484 3525; x_wconf 80' lang='grc' dir='ltr'>ἀλλὰ</span> <span class='ocrx_word' id='word_1_475' title='bbox 1523 3473 1620 3527; x_wconf 73' lang='grc' dir='ltr'><strong>καὶ</strong></span> <span class='ocrx_word' id='word_1_476' title='bbox 1648 3470 1732 3538; x_wconf 76' lang='grc' dir='ltr'>οἷς</span> <span class='ocrx_word' id='word_1_477' title='bbox 1767 3474 1868 3543; x_wconf 75' lang='grc' dir='ltr'>μὲν</span> 
     </span>
    </p>
   </div>
   <div class='ocr_carea' id='block_1_65' title="bbox 283 3557 1865 3632">
    <p class='ocr_par' dir='ltr' id='par_1_65' title="bbox 283 3557 1865 3632">
     <span class='ocr_line' id='line_1_65' title="bbox 283 3557 1865 3632; baseline 0.004 -20"><span class='ocrx_word' id='word_1_478' title='bbox 283 3560 537 3612; x_wconf 87' lang='grc' dir='ltr'>κοινωνεῖ</span> <span class='ocrx_word' id='word_1_479' title='bbox 576 3557 1230 3629; x_wconf 82' lang='grc' dir='ltr'>βλασφημοῦσι,τούτους</span> <span class='ocrx_word' id='word_1_480' title='bbox 1266 3564 1444 3617; x_wconf 88' lang='grc' dir='ltr'>δοκεῖν</span> <span class='ocrx_word' id='word_1_481' title='bbox 1483 3563 1865 3632; x_wconf 87' lang='grc' dir='ltr'>ἀποσείεσθαι,</span> 
     </span>
    </p>
   </div>
   <div class='ocr_carea' id='block_1_66' title="bbox 282 3649 1868 3720">
    <p class='ocr_par' dir='ltr' id='par_1_66' title="bbox 282 3649 1868 3720">
     <span class='ocr_line' id='line_1_66' title="bbox 282 3649 1868 3720; baseline 0.003 -16"><span class='ocrx_word' id='word_1_482' title='bbox 282 3650 382 3714; x_wconf 83' lang='grc' dir='ltr'><strong>οὓς</strong></span> <span class='ocrx_word' id='word_1_483' title='bbox 412 3649 457 3703; x_wconf 90' lang='grc' dir='ltr'>δ’</span> <span class='ocrx_word' id='word_1_484' title='bbox 507 3650 852 3716; x_wconf 83' lang='grc' dir='ltr'>ἀποσείεται,</span> <span class='ocrx_word' id='word_1_485' title='bbox 903 3651 1116 3718; x_wconf 85' lang='grc' dir='ltr'>τούτοις</span> <span class='ocrx_word' id='word_1_486' title='bbox 1175 3655 1355 3708; x_wconf 88' lang='grc' dir='ltr'>δοκεῖν</span> <span class='ocrx_word' id='word_1_487' title='bbox 1408 3658 1714 3720; x_wconf 82' lang='grc' dir='ltr'>κοινωνεῖν,</span> <span class='ocrx_word' id='word_1_488' title='bbox 1772 3656 1868 3709; x_wconf 83' lang='grc' dir='ltr'><strong>καὶ</strong></span> 
     </span>
    </p>
   </div>
   <div class='ocr_carea' id='block_1_67' title="bbox 283 3745 1869 3819">
    <p class='ocr_par' dir='ltr' id='par_1_67' title="bbox 283 3745 1869 3819">
     <span class='ocr_line' id='line_1_67' title="bbox 283 3745 1869 3819; baseline 0.002 -19"><span class='ocrx_word' id='word_1_489' title='bbox 283 3745 457 3815; x_wconf 76' lang='grc' dir='ltr'>ἄμφω</span> <span class='ocrx_word' id='word_1_490' title='bbox 488 3746 588 3816; x_wconf 81' lang='grc' dir='ltr'><strong>μὲν</strong></span> <span class='ocrx_word' id='word_1_491' title='bbox 612 3745 899 3818; x_wconf 87' lang='grc' dir='ltr'>λοιδορεῖν,</span> <span class='ocrx_word' id='word_1_492' title='bbox 930 3748 1133 3818; x_wconf 86' lang='grc' dir='ltr'>ἀμφοῖν</span> <span class='ocrx_word' id='word_1_493' title='bbox 1164 3748 1222 3803; x_wconf 79' lang='grc' dir='ltr'>δὲ</span> <span class='ocrx_word' id='word_1_494' title='bbox 1254 3750 1592 3819; x_wconf 83' lang='grc' dir='ltr'>συμφωνεῖν.</span> <span class='ocrx_word' id='word_1_495' title='bbox 1625 3751 1737 3805; x_wconf 79' lang='grc' dir='ltr'>Καὶ</span> <span class='ocrx_word' id='word_1_496' title='bbox 1766 3750 1869 3804; x_wconf 82' lang='grc' dir='ltr'><strong>οὐκ</strong></span> 
     </span>
    </p>
   </div>
   <div class='ocr_carea' id='block_1_68' title="bbox 285 3834 1871 3911">
    <p class='ocr_par' dir='ltr' id='par_1_68' title="bbox 285 3834 1871 3911">
     <span class='ocr_line' id='line_1_68' title="bbox 285 3834 1871 3911; baseline 0.004 -21"><span class='ocrx_word' id='word_1_497' title='bbox 285 3834 387 3891; x_wconf 73' lang='grc' dir='ltr'>οἷδ’</span> <span class='ocrx_word' id='word_1_498' title='bbox 422 3837 683 3911; x_wconf 84' lang='grc' dir='ltr'>ὁπότερον</span> <span class='ocrx_word' id='word_1_499' title='bbox 722 3839 823 3908; x_wconf 86' lang='grc' dir='ltr'><strong>μὲν</strong></span> <span class='ocrx_word' id='word_1_500' title='bbox 868 3838 979 3893; x_wconf 86' lang='grc' dir='ltr'><strong>τῶν</strong></span> <span class='ocrx_word' id='word_1_501' title='bbox 1020 3839 1211 3894; x_wconf 85' lang='grc' dir='ltr'>κακῶν</span> <span class='ocrx_word' id='word_1_502' title='bbox 1260 3841 1585 3895; x_wconf 82' lang='grc' dir='ltr'>ἀποσείεται</span> <span class='ocrx_word' id='word_1_503' title='bbox 1630 3841 1871 3911; x_wconf 85' lang='grc' dir='ltr'>μάλιστα</span> 
     </span>
    </p>
   </div>
   <div class='ocr_carea' id='block_1_69' title="bbox 288 3929 1866 4002">
    <p class='ocr_par' dir='ltr' id='par_1_69' title="bbox 288 3929 1866 4002">
     <span class='ocr_line' id='line_1_69' title="bbox 288 3929 1866 4002; baseline 0.003 -18"><span class='ocrx_word' id='word_1_504' title='bbox 288 3930 533 3994; x_wconf 83' lang='grc' dir='ltr'>πάντων,</span> <span class='ocrx_word' id='word_1_505' title='bbox 565 3930 810 4001; x_wconf 80' lang='grc' dir='ltr'>ὁποτέρῳ</span> <span class='ocrx_word' id='word_1_506' title='bbox 841 3929 888 3983; x_wconf 85' lang='grc' dir='ltr'>δ’</span> <span class='ocrx_word' id='word_1_507' title='bbox 912 3930 979 3985; x_wconf 80' lang='grc' dir='ltr'><strong>αὖ</strong></span> <span class='ocrx_word' id='word_1_508' title='bbox 1016 3932 1305 3986; x_wconf 81' lang='grc' dir='ltr'>σπένδεται</span> <span class='ocrx_word' id='word_1_509' title='bbox 1346 3932 1584 4002; x_wconf 82' lang='grc' dir='ltr'>μάλιστα</span> <span class='ocrx_word' id='word_1_510' title='bbox 1613 3934 1831 3988; x_wconf 87' lang='grc' dir='ltr'>πάντων</span> <span class='ocrx_word' id='word_1_511' title='bbox 1851 3950 1866 3967; x_wconf 87' lang='grc'><strong>·</strong></span> 
     </span>
    </p>
   </div>
   <div class='ocr_carea' id='block_1_70' title="bbox 289 4023 1871 4097">
    <p class='ocr_par' dir='ltr' id='par_1_70' title="bbox 289 4023 1871 4097">
     <span class='ocr_line' id='line_1_70' title="bbox 289 4023 1871 4097; baseline 0.004 -20"><span class='ocrx_word' id='word_1_512' title='bbox 289 4024 471 4077; x_wconf 82' lang='grc' dir='ltr'>πάντα</span> <span class='ocrx_word' id='word_1_513' title='bbox 507 4024 610 4095; x_wconf 81' lang='grc' dir='ltr'>μὲν</span> <span class='ocrx_word' id='word_1_514' title='bbox 639 4023 749 4094; x_wconf 83' lang='grc' dir='ltr'>γὰρ</span> <span class='ocrx_word' id='word_1_515' title='bbox 776 4023 877 4077; x_wconf 82' lang='grc' dir='ltr'>ὅσα</span> <span class='ocrx_word' id='word_1_516' title='bbox 902 4025 951 4077; x_wconf 71' lang='lat' dir='ltr'><strong>oi</strong></span> <span class='ocrx_word' id='word_1_517' title='bbox 983 4024 1226 4097; x_wconf 82' lang='grc' dir='ltr'>λεχθείη,</span> <span class='ocrx_word' id='word_1_518' title='bbox 1254 4027 1430 4096; x_wconf 83' lang='grc' dir='ltr'>μεστὰ</span> <span class='ocrx_word' id='word_1_519' title='bbox 1461 4028 1668 4093; x_wconf 83' lang='grc' dir='ltr'>κακῶν,</span> <span class='ocrx_word' id='word_1_520' title='bbox 1689 4029 1871 4083; x_wconf 82' lang='grc' dir='ltr'>πάντα</span> 
     </span>
    </p>
   </div>
   <div class='ocr_carea' id='block_1_71' title="bbox 284 4110 1872 4185">
    <p class='ocr_par' dir='ltr' id='par_1_71' title="bbox 284 4110 1872 4185">
     <span class='ocr_line' id='line_1_71' title="bbox 284 4110 1872 4185; baseline 0.003 -16"><span class='ocrx_word' id='word_1_521' title='bbox 284 4114 335 4169; x_wconf 86' lang='grc' dir='ltr'>δ’</span> <span class='ocrx_word' id='word_1_522' title='bbox 377 4110 558 4167; x_wconf 81' lang='grc' dir='ltr'>ὃσαόί</span> <span class='ocrx_word' id='word_1_523' title='bbox 600 4115 897 4184; x_wconf 83' lang='grc' dir='ltr'>γνωσθείη,</span> <span class='ocrx_word' id='word_1_524' title='bbox 945 4115 1107 4185; x_wconf 81' lang='grc' dir='ltr'>γέμει</span> <span class='ocrx_word' id='word_1_525' title='bbox 1138 4116 1362 4179; x_wconf 89' lang='grc' dir='ltr'>νυκτός.</span> <span class='ocrx_word' id='word_1_526' title='bbox 1401 4116 1637 4172; x_wconf 82' lang='grc' dir='ltr'>Βεϐαίου</span> <span class='ocrx_word' id='word_1_527' title='bbox 1688 4118 1745 4172; x_wconf 85' lang='grc' dir='ltr'>δὲ</span> <span class='ocrx_word' id='word_1_528' title='bbox 1776 4121 1872 4173; x_wconf 72' lang='grc' dir='ltr'>καὶ</span> 
     </span>
    </p>
   </div>
   <div class='ocr_carea' id='block_1_72' title="bbox 285 4186 1869 4280">
    <p class='ocr_par' dir='ltr' id='par_1_72' title="bbox 285 4186 1869 4280">
     <span class='ocr_line' id='line_1_72' title="bbox 285 4186 1869 4280; baseline 0.003 -21"><span class='ocrx_word' id='word_1_529' title='bbox 285 4204 548 4259; x_wconf 84' lang='grc' dir='ltr'>ἀϐεϐαίου</span> <span class='ocrx_word' id='word_1_530' title='bbox 595 4206 743 4277; x_wconf 77' lang='grc' dir='ltr'>πέρι,</span> <span class='ocrx_word' id='word_1_531' title='bbox 799 4204 924 4258; x_wconf 78' lang='grc' dir='ltr'>οὕτε</span> <span class='ocrx_word' id='word_1_532' title='bbox 964 4206 1194 4277; x_wconf 85' lang='grc' dir='ltr'>θάτερον</span> <span class='ocrx_word' id='word_1_533' title='bbox 1242 4205 1360 4261; x_wconf 76' lang='grc' dir='ltr'>οὔτ’</span> <span class='ocrx_word' id='word_1_534' title='bbox 1414 4186 1705 4280; x_wconf 58' lang='grc' dir='ltr'>οὐδέτερον</span> <span class='ocrx_word' id='word_1_535' title='bbox 1756 4210 1869 4264; x_wconf 77' lang='grc' dir='ltr'>οὔτ’</span> 
     </span>
    </p>
   </div>
   <div class='ocr_carea' id='block_1_73' title="bbox 286 4295 1871 4372">
    <p class='ocr_par' dir='ltr' id='par_1_73' title="bbox 286 4295 1871 4372">
     <span class='ocr_line' id='line_1_73' title="bbox 286 4295 1871 4372; baseline 0.003 -21"><span class='ocrx_word' id='word_1_536' title='bbox 286 4297 599 4369; x_wconf 71' lang='grc' dir='ltr'>ἀμφότερον</span> <span class='ocrx_word' id='word_1_537' title='bbox 635 4296 788 4367; x_wconf 77' lang='grc' dir='ltr'>εὖροι</span> <span class='ocrx_word' id='word_1_538' title='bbox 814 4315 901 4362; x_wconf 90' lang='grc' dir='ltr'><strong>τις</strong></span> <span class='ocrx_word' id='word_1_539' title='bbox 929 4296 994 4351; x_wconf 85' lang='grc' dir='ltr'><strong>ἂν</strong></span> <span class='ocrx_word' id='word_1_540' title='bbox 1025 4299 1361 4369; x_wconf 76' lang='grc' dir='ltr'>ἐρριμμένον</span> <span class='ocrx_word' id='word_1_541' title='bbox 1393 4295 1435 4371; x_wconf 71' lang='grc' dir='ltr'><strong>ἠ’</strong></span> <span class='ocrx_word' id='word_1_542' title='bbox 1463 4300 1871 4372; x_wconf 84' lang='grc' dir='ltr'>ἀνειλημμένον</span> 
     </span>
    </p>
   </div>
   <div class='ocr_carea' id='block_1_74' title="bbox 287 4386 1874 4459">
    <p class='ocr_par' dir='ltr' id='par_1_74' title="bbox 287 4386 1874 4459">
     <span class='ocr_line' id='line_1_74' title="bbox 287 4386 1874 4459; baseline 0.001 -18"><span class='ocrx_word' id='word_1_543' title='bbox 287 4391 345 4452; x_wconf 82' lang='grc' dir='ltr'><strong>ἐς</strong></span> <span class='ocrx_word' id='word_1_544' title='bbox 370 4389 433 4441; x_wconf 82' lang='grc' dir='ltr'>τὸ</span> <span class='ocrx_word' id='word_1_545' title='bbox 462 4386 886 4458; x_wconf 80' lang='grc' dir='ltr'>ὀπωσδηποτοῦν</span> <span class='ocrx_word' id='word_1_546' title='bbox 917 4386 1086 4456; x_wconf 80' lang='grc' dir='ltr'>σαφὲς</span> <span class='ocrx_word' id='word_1_547' title='bbox 1131 4388 1339 4459; x_wconf 88' lang='grc' dir='ltr'>τάνδρί.</span> <span class='ocrx_word' id='word_1_548' title='bbox 1375 4386 1533 4442; x_wconf 75' lang='grc' dir='ltr'>Οὕτω</span> <span class='ocrx_word' id='word_1_549' title='bbox 1584 4392 1719 4459; x_wconf 70' lang='grc' dir='ltr'>πρὸς</span> <span class='ocrx_word' id='word_1_550' title='bbox 1749 4390 1874 4442; x_wconf 55' lang='grc' dir='ltr'>ἀτο.</span> 
     </span>
    </p>
   </div>
   <div class='ocr_carea' id='block_1_75' title="bbox 288 4470 1870 4542">
    <p class='ocr_par' dir='ltr' id='par_1_75' title="bbox 288 4470 1870 4542">
     <span class='ocr_line' id='line_1_75' title="bbox 288 4470 1870 4542; baseline 0.001 -18"><span class='ocrx_word' id='word_1_551' title='bbox 288 4473 391 4525; x_wconf 80' lang='grc' dir='ltr'><strong>πόν</strong></span> <span class='ocrx_word' id='word_1_552' title='bbox 444 4488 498 4524; x_wconf 91' lang='grc' dir='ltr'><strong>τι</strong></span> <span class='ocrx_word' id='word_1_553' title='bbox 538 4472 633 4523; x_wconf 73' lang='grc' dir='ltr'>καὶ</span> <span class='ocrx_word' id='word_1_554' title='bbox 675 4470 978 4541; x_wconf 75' lang='grc' dir='ltr'>τερατῶδες</span> <span class='ocrx_word' id='word_1_555' title='bbox 1029 4474 1057 4524; x_wconf 89' lang='grc' dir='ltr'><strong>ὁ</strong></span> <span class='ocrx_word' id='word_1_556' title='bbox 1097 4472 1361 4540; x_wconf 80' lang='grc' dir='ltr'>γεννάδας</span> <span class='ocrx_word' id='word_1_557' title='bbox 1412 4473 1870 4542; x_wconf 82' lang='grc' dir='ltr'>μεταπέπλασται</span> 
     </span>
    </p>
   </div>
   <div class='ocr_carea' id='block_1_76' title="bbox 287 4563 1869 4637">
    <p class='ocr_par' dir='ltr' id='par_1_76' title="bbox 287 4563 1869 4637">
     <span class='ocr_line' id='line_1_76' title="bbox 287 4563 1869 4637; baseline 0.002 -21"><span class='ocrx_word' id='word_1_558' title='bbox 287 4565 480 4636; x_wconf 73' lang='grc' dir='ltr'>χρῆμα</span> <span class='ocrx_word' id='word_1_559' title='bbox 504 4581 516 4593; x_wconf 91' lang='grc'><strong>·</strong></span> <span class='ocrx_word' id='word_1_560' title='bbox 546 4568 609 4617; x_wconf 77' lang='grc' dir='ltr'><strong>ἐκ</strong></span> <span class='ocrx_word' id='word_1_561' title='bbox 636 4564 736 4633; x_wconf 83' lang='grc' dir='ltr'><strong>μὲν</strong></span> <span class='ocrx_word' id='word_1_562' title='bbox 772 4565 882 4634; x_wconf 83' lang='grc' dir='ltr'>γὰρ</span> <span class='ocrx_word' id='word_1_563' title='bbox 902 4564 996 4617; x_wconf 81' lang='grc' dir='ltr'>τοῦ</span> <span class='ocrx_word' id='word_1_564' title='bbox 1024 4563 1306 4635; x_wconf 81' lang='grc' dir='ltr'>ὁμοδοξεῖν</span> <span class='ocrx_word' id='word_1_565' title='bbox 1335 4568 1448 4628; x_wconf 84' lang='grc' dir='ltr'>τοῖς</span> <span class='ocrx_word' id='word_1_566' title='bbox 1469 4566 1869 4637; x_wconf 84' lang='grc' dir='ltr'>Εἰκονομάχοις</span> 
     </span>
    </p>
   </div>
   <div class='ocr_carea' id='block_1_77' title="bbox 2040 3286 3572 3350">
    <p class='ocr_par' dir='ltr' id='par_1_77' title="bbox 2040 3286 3572 3350">
     <span class='ocr_line' id='line_1_77' title="bbox 2040 3286 3572 3350; baseline 0.007 -10"><span class='ocrx_word' id='word_1_567' title='bbox 2040 3286 2130 3340; x_wconf 80' lang='lat' dir='ltr'><strong>lli.</strong></span> <span class='ocrx_word' id='word_1_568' title='bbox 2160 3287 2313 3341; x_wconf 85' lang='lat' dir='ltr'><strong>Adeo</strong></span> <span class='ocrx_word' id='word_1_569' title='bbox 2339 3287 2485 3341; x_wconf 90' lang='lat' dir='ltr'><strong>enim</strong></span> <span class='ocrx_word' id='word_1_570' title='bbox 2514 3288 2793 3343; x_wconf 87' lang='lat' dir='ltr'><strong>instabilis</strong></span> <span class='ocrx_word' id='word_1_571' title='bbox 2824 3295 2879 3343; x_wconf 90' lang='lat' dir='ltr'><strong>et</strong></span> <span class='ocrx_word' id='word_1_572' title='bbox 2907 3288 3127 3345; x_wconf 87' lang='lat' dir='ltr'><strong>mobilis</strong></span> <span class='ocrx_word' id='word_1_573' title='bbox 3154 3301 3208 3345; x_wconf 89' lang='lat' dir='ltr'><strong>et</strong></span> <span class='ocrx_word' id='word_1_574' title='bbox 3245 3292 3572 3350; x_wconf 86' lang='lat' dir='ltr'><strong>inconstans</strong></span> 
     </span>
    </p>
   </div>
   <div class='ocr_carea' id='block_1_78' title="bbox 1971 3377 3575 3456">
    <p class='ocr_par' dir='ltr' id='par_1_78' title="bbox 1971 3377 3575 3456">
     <span class='ocr_line' id='line_1_78' title="bbox 1971 3377 3575 3456; baseline 0.004 -23"><span class='ocrx_word' id='word_1_575' title='bbox 1971 3393 2071 3448; x_wconf 91' lang='lat' dir='ltr'><strong>per</strong></span> <span class='ocrx_word' id='word_1_576' title='bbox 2096 3377 2460 3447; x_wconf 81' lang='lat' dir='ltr'><strong>ignorantiam</strong></span> <span class='ocrx_word' id='word_1_577' title='bbox 2497 3389 2601 3445; x_wconf 86' lang='lat' dir='ltr'><strong>est,</strong></span> <span class='ocrx_word' id='word_1_578' title='bbox 2622 3386 2681 3434; x_wconf 90' lang='lat' dir='ltr'><strong>ut</strong></span> <span class='ocrx_word' id='word_1_579' title='bbox 2698 3394 2802 3435; x_wconf 89' lang='lat' dir='ltr'><strong>nec</strong></span> <span class='ocrx_word' id='word_1_580' title='bbox 2818 3381 3004 3436; x_wconf 87' lang='lat' dir='ltr'><strong>dicere</strong></span> <span class='ocrx_word' id='word_1_581' title='bbox 3024 3381 3196 3451; x_wconf 88' lang='lat' dir='ltr'><strong>possit</strong></span> <span class='ocrx_word' id='word_1_582' title='bbox 3213 3399 3333 3453; x_wconf 76' lang='lat' dir='ltr'><strong>quae</strong></span> <span class='ocrx_word' id='word_1_583' title='bbox 3365 3386 3575 3456; x_wconf 84' lang='lat' dir='ltr'><strong>cogitat</strong></span> 
     </span>
    </p>
   </div>
   <div class='ocr_carea' id='block_1_79' title="bbox 1972 3469 3570 3548">
    <p class='ocr_par' dir='ltr' id='par_1_79' title="bbox 1972 3469 3570 3548">
     <span class='ocr_line' id='line_1_79' title="bbox 1972 3469 3570 3548; baseline 0.008 -26"><span class='ocrx_word' id='word_1_584' title='bbox 1972 3483 2078 3523; x_wconf 88' lang='lat' dir='ltr'><strong>nec</strong></span> <span class='ocrx_word' id='word_1_585' title='bbox 2126 3469 2371 3540; x_wconf 79' lang='lat' dir='ltr'><strong>cogitare</strong></span> <span class='ocrx_word' id='word_1_586' title='bbox 2420 3486 2542 3540; x_wconf 75' lang='lat' dir='ltr'><strong>quae</strong></span> <span class='ocrx_word' id='word_1_587' title='bbox 2591 3472 2752 3538; x_wconf 86' lang='lat' dir='ltr'><strong>dicit,</strong></span> <span class='ocrx_word' id='word_1_588' title='bbox 2800 3473 2898 3528; x_wconf 88' lang='lat' dir='ltr'><strong>sed</strong></span> <span class='ocrx_word' id='word_1_589' title='bbox 2932 3474 3271 3544; x_wconf 88' lang='lat' dir='ltr'><strong>quibuscum</strong></span> <span class='ocrx_word' id='word_1_590' title='bbox 3306 3476 3570 3548; x_wconf 84' lang='lat' dir='ltr'><strong>blasphe-</strong></span> 
     </span>
    </p>
   </div>
   <div class='ocr_carea' id='block_1_80' title="bbox 1970 3558 3571 3639">
    <p class='ocr_par' dir='ltr' id='par_1_80' title="bbox 1970 3558 3571 3639">
     <span class='ocr_line' id='line_1_80' title="bbox 1970 3558 3571 3639; baseline 0.008 -27"><span class='ocrx_word' id='word_1_591' title='bbox 1970 3558 2109 3614; x_wconf 91' lang='lat' dir='ltr'><strong>mias</strong></span> <span class='ocrx_word' id='word_1_592' title='bbox 2158 3562 2558 3625; x_wconf 88' lang='lat' dir='ltr'><strong>communicat,</strong></span> <span class='ocrx_word' id='word_1_593' title='bbox 2607 3578 2706 3618; x_wconf 88' lang='lat' dir='ltr'><strong>eos</strong></span> <span class='ocrx_word' id='word_1_594' title='bbox 2764 3564 3022 3619; x_wconf 83' lang='lat' dir='ltr'><strong>videatur</strong></span> <span class='ocrx_word' id='word_1_595' title='bbox 3077 3569 3361 3631; x_wconf 87' lang='lat' dir='ltr'><strong>aversari,</strong></span> <span class='ocrx_word' id='word_1_596' title='bbox 3428 3585 3571 3639; x_wconf 90' lang='lat' dir='ltr'><strong>quas</strong></span> 
     </span>
    </p>
   </div>
   <div class='ocr_carea' id='block_1_81' title="bbox 1969 3655 3574 3726">
    <p class='ocr_par' dir='ltr' id='par_1_81' title="bbox 1969 3655 3574 3726">
     <span class='ocr_line' id='line_1_81' title="bbox 1969 3655 3574 3726; baseline 0.009 -21"><span class='ocrx_word' id='word_1_597' title='bbox 1969 3659 2153 3706; x_wconf 71' lang='lat' dir='ltr'><strong>autem</strong></span> <span class='ocrx_word' id='word_1_598' title='bbox 2183 3663 2492 3718; x_wconf 84' lang='lat' dir='ltr'><strong>aversatur,</strong></span> <span class='ocrx_word' id='word_1_599' title='bbox 2522 3666 2649 3710; x_wconf 89' lang='lat' dir='ltr'><strong>cum</strong></span> <span class='ocrx_word' id='word_1_600' title='bbox 2683 3655 2752 3709; x_wconf 85' lang='lat' dir='ltr'><strong>iis</strong></span> <span class='ocrx_word' id='word_1_601' title='bbox 2783 3658 3220 3726; x_wconf 86' lang='lat' dir='ltr'><strong>communicare,</strong></span> <span class='ocrx_word' id='word_1_602' title='bbox 3263 3660 3339 3716; x_wconf 87' lang='lat' dir='ltr'><strong>ita</strong></span> <span class='ocrx_word' id='word_1_603' title='bbox 3366 3670 3426 3717; x_wconf 95' lang='lat' dir='ltr'><strong>ut</strong></span> <span class='ocrx_word' id='word_1_604' title='bbox 3447 3677 3574 3719; x_wconf 86' lang='lat' dir='ltr'><strong>eos-</strong></span> 
     </span>
    </p>
   </div>
   <div class='ocr_carea' id='block_1_82' title="bbox 1973 3744 3573 3827">
    <p class='ocr_par' dir='ltr' id='par_1_82' title="bbox 1973 3744 3573 3827">
     <span class='ocr_line' id='line_1_82' title="bbox 1973 3744 3573 3827; baseline 0.011 -30"><span class='ocrx_word' id='word_1_605' title='bbox 1973 3744 2096 3799; x_wconf 80' lang='lat' dir='ltr'><strong>dem</strong></span> <span class='ocrx_word' id='word_1_606' title='bbox 2131 3755 2186 3801; x_wconf 87' lang='lat' dir='ltr'><strong>et</strong></span> <span class='ocrx_word' id='word_1_607' title='bbox 2224 3748 2592 3803; x_wconf 81' lang='lat' dir='ltr'><strong>calumnietur</strong></span> <span class='ocrx_word' id='word_1_608' title='bbox 2643 3759 2697 3805; x_wconf 91' lang='lat' dir='ltr'><strong>et</strong></span> <span class='ocrx_word' id='word_1_609' title='bbox 2726 3762 3010 3822; x_wconf 87' lang='lat' dir='ltr'><strong>sequatur.</strong></span> <span class='ocrx_word' id='word_1_610' title='bbox 3063 3754 3178 3811; x_wconf 89' lang='lat' dir='ltr'><strong>Nec</strong></span> <span class='ocrx_word' id='word_1_611' title='bbox 3220 3755 3337 3812; x_wconf 89' lang='lat' dir='ltr'><strong>scio</strong></span> <span class='ocrx_word' id='word_1_612' title='bbox 3377 3775 3573 3827; x_wconf 90' lang='lat' dir='ltr'><strong>quem-</strong></span> 
     </span>
    </p>
   </div>
   <div class='ocr_carea' id='block_1_83' title="bbox 1971 3838 3570 3909">
    <p class='ocr_par' dir='ltr' id='par_1_83' title="bbox 1971 3838 3570 3909">
     <span class='ocr_line' id='line_1_83' title="bbox 1971 3838 3570 3909; baseline 0.009 -21"><span class='ocrx_word' id='word_1_613' title='bbox 1971 3850 2100 3889; x_wconf 85' lang='lat' dir='ltr'><strong>nam</strong></span> <span class='ocrx_word' id='word_1_614' title='bbox 2135 3838 2434 3906; x_wconf 87' lang='lat' dir='ltr'><strong>impiorum</strong></span> <span class='ocrx_word' id='word_1_615' title='bbox 2467 3841 2714 3894; x_wconf 90' lang='lat' dir='ltr'><strong>omnium</strong></span> <span class='ocrx_word' id='word_1_616' title='bbox 2739 3844 2977 3898; x_wconf 81' lang='lat' dir='ltr'><strong>maxime</strong></span> <span class='ocrx_word' id='word_1_617' title='bbox 3007 3853 3314 3909; x_wconf 85' lang='lat' dir='ltr'><strong>aversetur,</strong></span> <span class='ocrx_word' id='word_1_618' title='bbox 3344 3846 3570 3902; x_wconf 87' lang='lat' dir='ltr'><strong>cuinam</strong></span> 
     </span>
    </p>
   </div>
   <div class='ocr_carea' id='block_1_84' title="bbox 1969 3927 3570 4000">
    <p class='ocr_par' dir='ltr' id='par_1_84' title="bbox 1969 3927 3570 4000">
     <span class='ocr_line' id='line_1_84' title="bbox 1969 3927 3570 4000; baseline 0.009 -19"><span class='ocrx_word' id='word_1_619' title='bbox 1969 3927 2133 4000; x_wconf 64' lang='lat'><strong>477</strong></span> <span class='ocrx_word' id='word_1_620' title='bbox 2169 3945 2300 3985; x_wconf 90' lang='lat' dir='ltr'><strong>vero</strong></span> <span class='ocrx_word' id='word_1_621' title='bbox 2336 3932 2585 3987; x_wconf 87' lang='lat' dir='ltr'><strong>omnium</strong></span> <span class='ocrx_word' id='word_1_622' title='bbox 2643 3934 2883 3989; x_wconf 83' lang='lat' dir='ltr'><strong>maxime</strong></span> <span class='ocrx_word' id='word_1_623' title='bbox 2914 3935 3119 3991; x_wconf 80' lang='lat' dir='ltr'><strong>faveat.</strong></span> <span class='ocrx_word' id='word_1_624' title='bbox 3178 3937 3369 3993; x_wconf 88' lang='lat' dir='ltr'><strong>Omnia</strong></span> <span class='ocrx_word' id='word_1_625' title='bbox 3416 3941 3570 3995; x_wconf 86' lang='lat' dir='ltr'><strong>enim</strong></span> 
     </span>
    </p>
   </div>
   <div class='ocr_carea' id='block_1_85' title="bbox 1970 4023 3568 4100">
    <p class='ocr_par' dir='ltr' id='par_1_85' title="bbox 1970 4023 3568 4100">
     <span class='ocr_line' id='line_1_85' title="bbox 1970 4023 3568 4100; baseline 0.008 -24"><span class='ocrx_word' id='word_1_626' title='bbox 1970 4035 2037 4077; x_wconf 88' lang='lat' dir='ltr'><strong>ea</strong></span> <span class='ocrx_word' id='word_1_627' title='bbox 2082 4038 2205 4092; x_wconf 66' lang='lat' dir='ltr'><strong>quae</strong></span> <span class='ocrx_word' id='word_1_628' title='bbox 2238 4023 2379 4079; x_wconf 89' lang='lat' dir='ltr'><strong>abeo</strong></span> <span class='ocrx_word' id='word_1_629' title='bbox 2405 4024 2552 4080; x_wconf 87' lang='lat' dir='ltr'><strong>dicta</strong></span> <span class='ocrx_word' id='word_1_630' title='bbox 2574 4039 2724 4092; x_wconf 84' lang='lat' dir='ltr'><strong>sunt,</strong></span> <span class='ocrx_word' id='word_1_631' title='bbox 2757 4029 2918 4097; x_wconf 88' lang='lat' dir='ltr'><strong>plena</strong></span> <span class='ocrx_word' id='word_1_632' title='bbox 2971 4029 3355 4100; x_wconf 78' lang='lat' dir='ltr'><strong>malignitatis,</strong></span> <span class='ocrx_word' id='word_1_633' title='bbox 3383 4035 3568 4090; x_wconf 88' lang='lat' dir='ltr'><strong>omnia</strong></span> 
     </span>
    </p>
   </div>
   <div class='ocr_carea' id='block_1_86' title="bbox 1972 4114 3569 4191">
    <p class='ocr_par' dir='ltr' id='par_1_86' title="bbox 1972 4114 3569 4191">
     <span class='ocr_line' id='line_1_86' title="bbox 1972 4114 3569 4191; baseline 0.009 -24"><span class='ocrx_word' id='word_1_634' title='bbox 1972 4128 2096 4182; x_wconf 68' lang='lat' dir='ltr'><strong>quae</strong></span> <span class='ocrx_word' id='word_1_635' title='bbox 2139 4114 2207 4169; x_wconf 90' lang='lat' dir='ltr'><strong>ab</strong></span> <span class='ocrx_word' id='word_1_636' title='bbox 2243 4130 2309 4170; x_wconf 87' lang='lat' dir='ltr'><strong>eo</strong></span> <span class='ocrx_word' id='word_1_637' title='bbox 2341 4118 2563 4187; x_wconf 84' lang='lat' dir='ltr'><strong>cognita</strong></span> <span class='ocrx_word' id='word_1_638' title='bbox 2611 4128 2763 4183; x_wconf 89' lang='lat' dir='ltr'><strong>sunt,</strong></span> <span class='ocrx_word' id='word_1_639' title='bbox 2813 4130 3027 4177; x_wconf 87' lang='lat' dir='ltr'><strong>scatent</strong></span> <span class='ocrx_word' id='word_1_640' title='bbox 3059 4122 3341 4178; x_wconf 84' lang='lat' dir='ltr'><strong>‘tencbris.</strong></span> <span class='ocrx_word' id='word_1_641' title='bbox 3408 4124 3569 4191; x_wconf 80' lang='lat' dir='ltr'><strong>Quod</strong></span> 
     </span>
    </p>
   </div>
   <div class='ocr_carea' id='block_1_87' title="bbox 1972 4210 3575 4281">
    <p class='ocr_par' dir='ltr' id='par_1_87' title="bbox 1972 4210 3575 4281">
     <span class='ocr_line' id='line_1_87' title="bbox 1972 4210 3575 4281; baseline 0.008 -21"><span class='ocrx_word' id='word_1_642' title='bbox 1972 4221 2104 4261; x_wconf 90' lang='lat' dir='ltr'><strong>vero</strong></span> <span class='ocrx_word' id='word_1_643' title='bbox 2134 4216 2346 4262; x_wconf 88' lang='lat' dir='ltr'><strong>certum</strong></span> <span class='ocrx_word' id='word_1_644' title='bbox 2379 4220 2436 4263; x_wconf 89' lang='lat' dir='ltr'><strong>et</strong></span> <span class='ocrx_word' id='word_1_645' title='bbox 2484 4210 2759 4265; x_wconf 90' lang='lat' dir='ltr'><strong>incertum</strong></span> <span class='ocrx_word' id='word_1_646' title='bbox 2810 4212 3043 4281; x_wconf 88' lang='lat' dir='ltr'><strong>attinet,</strong></span> <span class='ocrx_word' id='word_1_647' title='bbox 3102 4225 3363 4271; x_wconf 81' lang='lat' dir='ltr'><strong>neutrum</strong></span> <span class='ocrx_word' id='word_1_648' title='bbox 3416 4228 3575 4273; x_wconf 81' lang='lat' dir='ltr'><strong>certe</strong></span> 
     </span>
    </p>
   </div>
   <div class='ocr_carea' id='block_1_88' title="bbox 1972 4300 3567 4380">
    <p class='ocr_par' dir='ltr' id='par_1_88' title="bbox 1972 4300 3567 4380">
     <span class='ocr_line' id='line_1_88' title="bbox 1972 4300 3567 4380; baseline 0.007 -27"><span class='ocrx_word' id='word_1_649' title='bbox 1972 4300 2267 4369; x_wconf 88' lang='lat' dir='ltr'><strong>quisquam</strong></span> <span class='ocrx_word' id='word_1_650' title='bbox 2304 4300 2552 4356; x_wconf 83' lang='lat' dir='ltr'><strong>inveniet</strong></span> <span class='ocrx_word' id='word_1_651' title='bbox 2579 4316 2676 4358; x_wconf 91' lang='lat' dir='ltr'><strong>aut</strong></span> <span class='ocrx_word' id='word_1_652' title='bbox 2708 4305 2977 4375; x_wconf 89' lang='lat' dir='ltr'><strong>rejectum</strong></span> <span class='ocrx_word' id='word_1_653' title='bbox 3009 4305 3079 4360; x_wconf 88' lang='lat' dir='ltr'><strong>ab</strong></span> <span class='ocrx_word' id='word_1_654' title='bbox 3110 4322 3177 4361; x_wconf 91' lang='lat' dir='ltr'><strong>eo</strong></span> <span class='ocrx_word' id='word_1_655' title='bbox 3208 4317 3305 4362; x_wconf 91' lang='lat' dir='ltr'><strong>aut</strong></span> <span class='ocrx_word' id='word_1_656' title='bbox 3337 4309 3402 4363; x_wconf 86' lang='lat' dir='ltr'><strong>ad</strong></span> <span class='ocrx_word' id='word_1_657' title='bbox 3437 4325 3567 4380; x_wconf 66' lang='lat' dir='ltr'><strong>per«</strong></span> 
     </span>
    </p>
   </div>
   <div class='ocr_carea' id='block_1_89' title="bbox 1973 4391 3571 4471">
    <p class='ocr_par' dir='ltr' id='par_1_89' title="bbox 1973 4391 3571 4471">
     <span class='ocr_line' id='line_1_89' title="bbox 1973 4391 3571 4471; baseline 0.008 -25"><span class='ocrx_word' id='word_1_658' title='bbox 1973 4391 2325 4461; x_wconf 87' lang='lat' dir='ltr'><strong>spicuitatem</strong></span> <span class='ocrx_word' id='word_1_659' title='bbox 2360 4396 2660 4464; x_wconf 89' lang='lat' dir='ltr'><strong>quamdam</strong></span> <span class='ocrx_word' id='word_1_660' title='bbox 2694 4410 2978 4454; x_wconf 84' lang='lat' dir='ltr'><strong>vocatum.</strong></span> <span class='ocrx_word' id='word_1_661' title='bbox 3047 4400 3235 4471; x_wconf 88' lang='lat' dir='ltr'><strong>Itaque</strong></span> <span class='ocrx_word' id='word_1_662' title='bbox 3272 4419 3474 4457; x_wconf 87' lang='lat' dir='ltr'><strong>novum</strong></span> <span class='ocrx_word' id='word_1_663' title='bbox 3511 4413 3571 4458; x_wconf 88' lang='lat' dir='ltr'><strong>ct</strong></span> 
     </span>
    </p>
   </div>
   <div class='ocr_carea' id='block_1_90' title="bbox 1975 4483 3569 4561">
    <p class='ocr_par' dir='ltr' id='par_1_90' title="bbox 1975 4483 3569 4561">
     <span class='ocr_line' id='line_1_90' title="bbox 1975 4483 3569 4561; baseline 0.009 -25"><span class='ocrx_word' id='word_1_664' title='bbox 1975 4484 2176 4537; x_wconf 88' lang='lat' dir='ltr'><strong>mirum</strong></span> <span class='ocrx_word' id='word_1_665' title='bbox 2207 4483 2262 4537; x_wconf 91' lang='lat' dir='ltr'><strong>in</strong></span> <span class='ocrx_word' id='word_1_666' title='bbox 2290 4483 2515 4539; x_wconf 89' lang='lat' dir='ltr'><strong>modum</strong></span> <span class='ocrx_word' id='word_1_667' title='bbox 2553 4486 2831 4557; x_wconf 77' lang='lat' dir='ltr'><strong>ingenuus</strong></span> <span class='ocrx_word' id='word_1_668' title='bbox 2861 4488 2950 4542; x_wconf 85' lang='lat' dir='ltr'><strong>ille</strong></span> <span class='ocrx_word' id='word_1_669' title='bbox 2981 4505 3094 4543; x_wconf 87' lang='lat' dir='ltr'><strong>rem</strong></span> <span class='ocrx_word' id='word_1_670' title='bbox 3116 4493 3370 4548; x_wconf 80' lang='lat' dir='ltr'><strong>mutavit.</strong></span> <span class='ocrx_word' id='word_1_671' title='bbox 3409 4494 3569 4561; x_wconf 81' lang='lat' dir='ltr'><strong>Quod</strong></span> 
     </span>
    </p>
   </div>
   <div class='ocr_carea' id='block_1_91' title="bbox 1974 4575 3570 4647">
    <p class='ocr_par' dir='ltr' id='par_1_91' title="bbox 1974 4575 3570 4647">
     <span class='ocr_line' id='line_1_91' title="bbox 1974 4575 3570 4647; baseline 0.01 -19"><span class='ocrx_word' id='word_1_672' title='bbox 1974 4575 2124 4630; x_wconf 88' lang='lat' dir='ltr'><strong>enim</strong></span> <span class='ocrx_word' id='word_1_673' title='bbox 2182 4578 2457 4633; x_wconf 87' lang='lat' dir='ltr'><strong>consentit</strong></span> <span class='ocrx_word' id='word_1_674' title='bbox 2508 4594 2634 4633; x_wconf 90' lang='lat' dir='ltr'><strong>cum</strong></span> <span class='ocrx_word' id='word_1_675' title='bbox 2682 4581 3099 4647; x_wconf 87' lang='lat' dir='ltr'><strong>lconomachis,</strong></span> <span class='ocrx_word' id='word_1_676' title='bbox 3148 4587 3429 4643; x_wconf 87' lang='lat' dir='ltr'><strong>consociat</strong></span> <span class='ocrx_word' id='word_1_677' title='bbox 3456 4590 3570 4644; x_wconf 73' lang='lat' dir='ltr'><strong>sibi</strong></span> 
     </span>
    </p>
   </div>
   <div class='ocr_carea' id='block_1_92' title="bbox 289 4642 1870 4747">
    <p class='ocr_par' dir='ltr' id='par_1_92' title="bbox 289 4656 1867 4727">
     <span class='ocr_line' id='line_1_92' title="bbox 289 4656 1867 4727; baseline 0.003 -18"><span class='ocrx_word' id='word_1_678' title='bbox 289 4657 578 4709; x_wconf 76' lang='grc' dir='ltr'>σπένδεται</span> <span class='ocrx_word' id='word_1_679' title='bbox 619 4656 718 4727; x_wconf 87' lang='grc' dir='ltr'>μὲν</span> <span class='ocrx_word' id='word_1_680' title='bbox 762 4658 858 4710; x_wconf 82' lang='grc' dir='ltr'>καὶ</span> <span class='ocrx_word' id='word_1_681' title='bbox 891 4656 1075 4727; x_wconf 87' lang='grc' dir='ltr'>χαίρει</span> <span class='ocrx_word' id='word_1_682' title='bbox 1118 4659 1230 4719; x_wconf 90' lang='grc' dir='ltr'>τοῖς</span> <span class='ocrx_word' id='word_1_683' title='bbox 1258 4656 1422 4722; x_wconf 74' lang='grc' dir='ltr'>αὐτὸς</span> <span class='ocrx_word' id='word_1_684' title='bbox 1463 4658 1686 4722; x_wconf 81' lang='grc' dir='ltr'>αὐτοῖς·</span> <span class='ocrx_word' id='word_1_685' title='bbox 1732 4662 1796 4712; x_wconf 78' lang='grc' dir='ltr'><strong>ἐκ</strong></span> <span class='ocrx_word' id='word_1_686' title='bbox 1821 4660 1867 4714; x_wconf 83' lang='grc' dir='ltr'>δ’</span> 
     </span>
    </p>
   </div>
   <div class='ocr_carea' id='block_1_93' title="bbox 1973 4642 3565 4747">
    <p class='ocr_par' dir='ltr' id='par_1_93' title="bbox 1974 4670 3565 4747">
     <span class='ocr_line' id='line_1_93' title="bbox 1974 4670 3565 4747; baseline 0.008 -26"><span class='ocrx_word' id='word_1_687' title='bbox 1974 4680 2073 4721; x_wconf 91' lang='lat' dir='ltr'><strong>eos</strong></span> <span class='ocrx_word' id='word_1_688' title='bbox 2101 4676 2155 4722; x_wconf 90' lang='lat' dir='ltr'><strong>et</strong></span> <span class='ocrx_word' id='word_1_689' title='bbox 2186 4679 2356 4723; x_wconf 82' lang='lat' dir='ltr'><strong>amat.</strong></span> <span class='ocrx_word' id='word_1_690' title='bbox 2413 4670 2568 4735; x_wconf 81' lang='lat' dir='ltr'><strong>Quod</strong></span> <span class='ocrx_word' id='word_1_691' title='bbox 2618 4687 2749 4728; x_wconf 86' lang='lat' dir='ltr'><strong>vero</strong></span> <span class='ocrx_word' id='word_1_692' title='bbox 2781 4685 3027 4741; x_wconf 85' lang='lat' dir='ltr'><strong>veretur,</strong></span> <span class='ocrx_word' id='word_1_693' title='bbox 3056 4692 3124 4730; x_wconf 91' lang='lat' dir='ltr'><strong>ne</strong></span> <span class='ocrx_word' id='word_1_694' title='bbox 3166 4677 3302 4747; x_wconf 88' lang='lat' dir='ltr'><strong>ipsis</strong></span> <span class='ocrx_word' id='word_1_695' title='bbox 3332 4680 3565 4735; x_wconf 82' lang='lat' dir='ltr'><strong>anathe-</strong></span> 
     </span>
    </p>
   </div>
   <div class='ocr_carea' id='block_1_94' title="bbox 286 4747 1872 4820">
    <p class='ocr_par' dir='ltr' id='par_1_94' title="bbox 286 4747 1872 4820">
     <span class='ocr_line' id='line_1_94' title="bbox 286 4747 1872 4820; baseline 0.002 -18"><span class='ocrx_word' id='word_1_696' title='bbox 286 4747 355 4803; x_wconf 74' lang='grc' dir='ltr'><strong>αὖ</strong></span> <span class='ocrx_word' id='word_1_697' title='bbox 393 4750 486 4801; x_wconf 79' lang='grc' dir='ltr'><strong>τού</strong></span> <span class='ocrx_word' id='word_1_698' title='bbox 522 4749 757 4802; x_wconf 83' lang='grc' dir='ltr'>δ;διὲναι</span> <span class='ocrx_word' id='word_1_699' title='bbox 796 4747 871 4819; x_wconf 82' lang='grc' dir='ltr'>μὴ</span> <span class='ocrx_word' id='word_1_700' title='bbox 899 4749 998 4801; x_wconf 75' lang='grc' dir='ltr'><strong>καὶ</strong></span> <span class='ocrx_word' id='word_1_701' title='bbox 1024 4750 1138 4810; x_wconf 87' lang='grc' dir='ltr'>τοῖς</span> <span class='ocrx_word' id='word_1_702' title='bbox 1167 4748 1352 4811; x_wconf 81' lang='grc' dir='ltr'>αὐτοῖς</span> <span class='ocrx_word' id='word_1_703' title='bbox 1384 4749 1725 4820; x_wconf 84' lang='grc' dir='ltr'>ἀναθέμασιν</span> <span class='ocrx_word' id='word_1_704' title='bbox 1752 4752 1872 4805; x_wconf 77' lang='grc' dir='ltr'>ἐνο-</span> 
     </span>
    </p>
   </div>
   <div class='ocr_carea' id='block_1_95' title="bbox 285 4838 1872 4915">
    <p class='ocr_par' dir='ltr' id='par_1_95' title="bbox 285 4838 1872 4915">
     <span class='ocr_line' id='line_1_95' title="bbox 285 4838 1872 4915; baseline 0.002 -20"><span class='ocrx_word' id='word_1_705' title='bbox 285 4860 384 4914; x_wconf 89' lang='grc' dir='ltr'>χος</span> <span class='ocrx_word' id='word_1_706' title='bbox 406 4843 632 4912; x_wconf 79' lang='grc' dir='ltr'>γένηται</span> <span class='ocrx_word' id='word_1_707' title='bbox 657 4841 788 4907; x_wconf 78' lang='grc' dir='ltr'>ζῶν,</span> <span class='ocrx_word' id='word_1_708' title='bbox 813 4840 1165 4894; x_wconf 83' lang='grc' dir='ltr'>ἐναλλάσσειν</span> <span class='ocrx_word' id='word_1_709' title='bbox 1190 4838 1308 4894; x_wconf 64' lang='grc' dir='ltr'>ἔνια</span> <span class='ocrx_word' id='word_1_710' title='bbox 1333 4839 1503 4894; x_wconf 81' lang='grc' dir='ltr'>ἐνίοτε</span> <span class='ocrx_word' id='word_1_711' title='bbox 1534 4842 1701 4908; x_wconf 85' lang='grc' dir='ltr'>δοκεῖ,</span> <span class='ocrx_word' id='word_1_712' title='bbox 1730 4844 1872 4915; x_wconf 80' lang='grc' dir='ltr'>πλὴν</span> 
     </span>
    </p>
   </div>
   <div class='ocr_carea' id='block_1_96' title="bbox 284 4932 1872 5008">
    <p class='ocr_par' dir='ltr' id='par_1_96' title="bbox 284 4932 1872 5008">
     <span class='ocr_line' id='line_1_96' title="bbox 284 4932 1872 5008; baseline 0.002 -19"><span class='ocrx_word' id='word_1_713' title='bbox 284 4937 391 4989; x_wconf 81' lang='grc' dir='ltr'><strong>οὐκ</strong></span> <span class='ocrx_word' id='word_1_714' title='bbox 424 4934 519 4987; x_wconf 83' lang='grc' dir='ltr'><strong>ἐπὶ</strong></span> <span class='ocrx_word' id='word_1_715' title='bbox 543 4934 605 4986; x_wconf 78' lang='grc' dir='ltr'><strong>τὸ</strong></span> <span class='ocrx_word' id='word_1_716' title='bbox 636 4934 873 5005; x_wconf 81' lang='grc' dir='ltr'>βέλτιον,</span> <span class='ocrx_word' id='word_1_717' title='bbox 905 4932 1024 4987; x_wconf 83' lang='grc' dir='ltr'>ἀλλ’</span> <span class='ocrx_word' id='word_1_718' title='bbox 1059 4934 1154 4987; x_wconf 83' lang='grc' dir='ltr'>ἐπὶ</span> <span class='ocrx_word' id='word_1_719' title='bbox 1190 4932 1251 4986; x_wconf 82' lang='grc' dir='ltr'>τὸ</span> <span class='ocrx_word' id='word_1_720' title='bbox 1288 4933 1436 5003; x_wconf 85' lang='grc' dir='ltr'>μάλα</span> <span class='ocrx_word' id='word_1_721' title='bbox 1479 4936 1544 5003; x_wconf 81' lang='grc' dir='ltr'>γέ</span> <span class='ocrx_word' id='word_1_722' title='bbox 1575 4951 1629 4988; x_wconf 89' lang='grc' dir='ltr'><strong>τι</strong></span> <span class='ocrx_word' id='word_1_723' title='bbox 1662 4937 1872 5008; x_wconf 86' lang='grc' dir='ltr'>σφόδρα</span> 
     </span>
    </p>
   </div>
   <div class='ocr_carea' id='block_1_97' title="bbox 285 5023 1873 5099">
    <p class='ocr_par' dir='ltr' id='par_1_97' title="bbox 285 5023 1873 5099">
     <span class='ocr_line' id='line_1_97' title="bbox 285 5023 1873 5099; baseline 0.001 -20"><span class='ocrx_word' id='word_1_724' title='bbox 285 5026 565 5099; x_wconf 80' lang='grc' dir='ltr'>χείριστον</span> <span class='ocrx_word' id='word_1_725' title='bbox 590 5040 605 5055; x_wconf 91' lang='grc'>·</span> <span class='ocrx_word' id='word_1_726' title='bbox 642 5025 671 5079; x_wconf 80' lang='grc' dir='ltr'>ὂ</span> <span class='ocrx_word' id='word_1_727' title='bbox 721 5024 822 5095; x_wconf 82' lang='grc' dir='ltr'>μὲν</span> <span class='ocrx_word' id='word_1_728' title='bbox 851 5024 961 5094; x_wconf 71' lang='grc' dir='ltr'><strong>γὰρ</strong></span> <span class='ocrx_word' id='word_1_729' title='bbox 986 5025 1190 5076; x_wconf 79' lang='grc' dir='ltr'>ἐκεῖνοι</span> <span class='ocrx_word' id='word_1_730' title='bbox 1227 5023 1360 5094; x_wconf 78' lang='grc' dir='ltr'>περὶ</span> <span class='ocrx_word' id='word_1_731' title='bbox 1385 5024 1480 5077; x_wconf 84' lang='grc' dir='ltr'>τοῦ</span> <span class='ocrx_word' id='word_1_732' title='bbox 1520 5025 1699 5094; x_wconf 77' lang='grc' dir='ltr'>φωτὸς</span> <span class='ocrx_word' id='word_1_733' title='bbox 1726 5027 1873 5081; x_wconf 84' lang='grc' dir='ltr'>ἐκεί-</span> 
     </span>
    </p>
   </div>
   <div class='ocr_carea' id='block_1_98' title="bbox 288 5109 1878 5190">
    <p class='ocr_par' dir='ltr' id='par_1_98' title="bbox 288 5109 1878 5190">
     <span class='ocr_line' id='line_1_98' title="bbox 288 5109 1878 5190; baseline -0.001 -17"><span class='ocrx_word' id='word_1_734' title='bbox 288 5109 518 5190; x_wconf 79' lang='grc' dir='ltr'>νου’τὴν</span> <span class='ocrx_word' id='word_1_735' title='bbox 548 5121 629 5183; x_wconf 87' lang='grc' dir='ltr'><strong>είς</strong></span> <span class='ocrx_word' id='word_1_736' title='bbox 660 5118 919 5172; x_wconf 81' lang='grc' dir='ltr'>ἄκτιστον</span> <span class='ocrx_word' id='word_1_737' title='bbox 949 5116 1011 5190; x_wconf 70' lang='grc' dir='ltr'><strong>[ί.</strong></span> <span class='ocrx_word' id='word_1_738' title='bbox 1043 5117 1152 5172; x_wconf 71' lang='grc'><strong>245</strong></span> <span class='ocrx_word' id='word_1_739' title='bbox 1181 5116 1238 5190; x_wconf 92' lang='lat' dir='ltr'><strong>a]</strong></span> <span class='ocrx_word' id='word_1_740' title='bbox 1288 5117 1594 5189; x_wconf 81' lang='grc' dir='ltr'>μεταϐολὴν</span> <span class='ocrx_word' id='word_1_741' title='bbox 1634 5120 1731 5174; x_wconf 82' lang='grc' dir='ltr'>τοῦ</span> <span class='ocrx_word' id='word_1_742' title='bbox 1775 5122 1878 5174; x_wconf 68' lang='lat' dir='ltr'><strong>ad).</strong></span> 
     </span>
    </p>
   </div>
   <div class='ocr_carea' id='block_1_99' title="bbox 294 5211 1874 5285">
    <p class='ocr_par' dir='ltr' id='par_1_99' title="bbox 294 5211 1874 5285">
     <span class='ocr_line' id='line_1_99' title="bbox 294 5211 1874 5285; baseline 0.002 -19"><span class='ocrx_word' id='word_1_743' title='bbox 294 5231 467 5284; x_wconf 85' lang='grc' dir='ltr'>ματος</span> <span class='ocrx_word' id='word_1_744' title='bbox 497 5211 1055 5283; x_wconf 80' lang='grc' dir='ltr'>βεϐλασφημήκεσαν,</span> <span class='ocrx_word' id='word_1_745' title='bbox 1090 5212 1267 5282; x_wconf 84' lang='grc' dir='ltr'>τούτῳ</span> <span class='ocrx_word' id='word_1_746' title='bbox 1312 5216 1408 5266; x_wconf 72' lang='grc' dir='ltr'><strong>καὶ</strong></span> <span class='ocrx_word' id='word_1_747' title='bbox 1444 5213 1608 5276; x_wconf 80' lang='grc' dir='ltr'>αὐτὸς</span> <span class='ocrx_word' id='word_1_748' title='bbox 1643 5231 1874 5285; x_wconf 86' lang='grc' dir='ltr'>συμφω-</span> 
     </span>
    </p>
   </div>
   <div class='ocr_carea' id='block_1_100' title="bbox 289 5301 1870 5378">
    <p class='ocr_par' dir='ltr' id='par_1_100' title="bbox 289 5301 1870 5378">
     <span class='ocr_line' id='line_1_100' title="bbox 289 5301 1870 5378; baseline 0.001 -18"><span class='ocrx_word' id='word_1_749' title='bbox 289 5311 395 5373; x_wconf 87' lang='grc' dir='ltr'>νεῖ,</span> <span class='ocrx_word' id='word_1_750' title='bbox 424 5306 453 5359; x_wconf 85' lang='grc' dir='ltr'>ὃ</span> <span class='ocrx_word' id='word_1_751' title='bbox 499 5306 542 5358; x_wconf 79' lang='grc' dir='ltr'>δ’</span> <span class='ocrx_word' id='word_1_752' title='bbox 577 5308 777 5359; x_wconf 80' lang='grc' dir='ltr'>ἐκεῖνοι</span> <span class='ocrx_word' id='word_1_753' title='bbox 816 5305 978 5375; x_wconf 86' lang='grc' dir='ltr'>φύσιν</span> <span class='ocrx_word' id='word_1_754' title='bbox 1007 5305 1191 5377; x_wconf 74' lang='grc' dir='ltr'>ἥκιστ’</span> <span class='ocrx_word' id='word_1_755' title='bbox 1223 5307 1369 5375; x_wconf 75' lang='grc' dir='ltr'>ἔχειν</span> <span class='ocrx_word' id='word_1_756' title='bbox 1414 5301 1554 5361; x_wconf 72' lang='grc' dir='ltr'>εἶναι</span> <span class='ocrx_word' id='word_1_757' title='bbox 1584 5308 1870 5378; x_wconf 87' lang='grc' dir='ltr'>ἐνόμισαν,</span> 
     </span>
    </p>
   </div>
   <div class='ocr_carea' id='block_1_101' title="bbox 285 5392 1871 5471">
    <p class='ocr_par' dir='ltr' id='par_1_101' title="bbox 285 5392 1871 5471">
     <span class='ocr_line' id='line_1_101' title="bbox 285 5392 1871 5471; baseline 0.001 -18"><span class='ocrx_word' id='word_1_758' title='bbox 285 5401 449 5455; x_wconf 83' lang='grc' dir='ltr'>τοῦτο</span> <span class='ocrx_word' id='word_1_759' title='bbox 478 5401 535 5453; x_wconf 76' lang='grc' dir='ltr'>δὲ</span> <span class='ocrx_word' id='word_1_760' title='bbox 584 5400 895 5471; x_wconf 79' lang='grc' dir='ltr'>προσέθηκε</span> <span class='ocrx_word' id='word_1_761' title='bbox 947 5400 1226 5470; x_wconf 87' lang='grc' dir='ltr'>τολμήσας</span> <span class='ocrx_word' id='word_1_762' title='bbox 1270 5392 1449 5466; x_wconf 79' lang='grc' dir='ltr'>οὗτος,</span> <span class='ocrx_word' id='word_1_763' title='bbox 1501 5400 1561 5453; x_wconf 84' lang='grc' dir='ltr'>τὸ</span> <span class='ocrx_word' id='word_1_764' title='bbox 1608 5401 1871 5471; x_wconf 69' lang='grc' dir='ltr'>δευτέραν</span> 
     </span>
    </p>
   </div>
   <div class='ocr_carea' id='block_1_102' title="bbox 283 5488 1881 5562">
    <p class='ocr_par' dir='ltr' id='par_1_102' title="bbox 283 5488 1881 5562">
     <span class='ocr_line' id='line_1_102' title="bbox 283 5488 1881 5562; baseline 0.001 -17"><span class='ocrx_word' id='word_1_765' title='bbox 283 5489 493 5562; x_wconf 75' lang='grc' dir='ltr'>δηλαδὴ</span> <span class='ocrx_word' id='word_1_766' title='bbox 522 5491 617 5543; x_wconf 74' lang='grc' dir='ltr'>καὶ</span> <span class='ocrx_word' id='word_1_767' title='bbox 659 5490 964 5560; x_wconf 82' lang='grc' dir='ltr'>ὑφειμένην</span> <span class='ocrx_word' id='word_1_768' title='bbox 1015 5490 1111 5543; x_wconf 77' lang='grc' dir='ltr'><strong>καὶ</strong></span> <span class='ocrx_word' id='word_1_769' title='bbox 1144 5488 1397 5544; x_wconf 89' lang='grc' dir='ltr'>ἀνούσιον</span> <span class='ocrx_word' id='word_1_770' title='bbox 1422 5490 1519 5544; x_wconf 78' lang='grc' dir='ltr'>καὶ</span> <span class='ocrx_word' id='word_1_771' title='bbox 1557 5490 1679 5562; x_wconf 82' lang='grc' dir='ltr'>ἆμα</span> <span class='ocrx_word' id='word_1_772' title='bbox 1711 5492 1881 5547; x_wconf 65' lang='grc' dir='ltr'>ἄκτιι</span> 
     </span>
    </p>
   </div>
   <div class='ocr_carea' id='block_1_103' title="bbox 288 5582 1873 5656">
    <p class='ocr_par' dir='ltr' id='par_1_103' title="bbox 288 5582 1873 5656">
     <span class='ocr_line' id='line_1_103' title="bbox 288 5582 1873 5656; baseline 0.001 -19"><span class='ocrx_word' id='word_1_773' title='bbox 288 5601 416 5637; x_wconf 88' lang='grc' dir='ltr'>στον</span> <span class='ocrx_word' id='word_1_774' title='bbox 451 5582 681 5654; x_wconf 78' lang='grc' dir='ltr'>θεότητα</span> <span class='ocrx_word' id='word_1_775' title='bbox 708 5585 771 5638; x_wconf 78' lang='grc' dir='ltr'><strong>τὸ</strong></span> <span class='ocrx_word' id='word_1_776' title='bbox 804 5583 919 5653; x_wconf 86' lang='grc' dir='ltr'><strong>φῶς</strong></span> <span class='ocrx_word' id='word_1_777' title='bbox 962 5583 1232 5655; x_wconf 84' lang='grc' dir='ltr'>ὑπάρχειν</span> <span class='ocrx_word' id='word_1_778' title='bbox 1280 5584 1477 5638; x_wconf 80' lang='grc' dir='ltr'>ἐκεῖνο.</span> <span class='ocrx_word' id='word_1_779' title='bbox 1513 5585 1669 5639; x_wconf 72' lang='grc' dir='ltr'>Ὠσθ’</span> <span class='ocrx_word' id='word_1_780' title='bbox 1702 5587 1737 5638; x_wconf 81' lang='grc' dir='ltr'><strong>ἀ</strong></span> <span class='ocrx_word' id='word_1_781' title='bbox 1772 5587 1873 5656; x_wconf 87' lang='grc' dir='ltr'>μὲν</span> 
     </span>
    </p>
   </div>
   <div class='ocr_carea' id='block_1_104' title="bbox 288 5676 1875 5746">
    <p class='ocr_par' dir='ltr' id='par_1_104' title="bbox 288 5676 1875 5746">
     <span class='ocr_line' id='line_1_104' title="bbox 288 5676 1875 5746; baseline 0.003 -17"><span class='ocrx_word' id='word_1_782' title='bbox 288 5678 525 5740; x_wconf 81' lang='grc' dir='ltr'>ἐκείνοις</span> <span class='ocrx_word' id='word_1_783' title='bbox 557 5678 861 5746; x_wconf 79' lang='grc' dir='ltr'>συμφωνεῖ,</span> <span class='ocrx_word' id='word_1_784' title='bbox 909 5677 1130 5740; x_wconf 81' lang='grc' dir='ltr'>πάντως</span> <span class='ocrx_word' id='word_1_785' title='bbox 1164 5676 1391 5730; x_wconf 86' lang='grc' dir='ltr'>ἐκείνων</span> <span class='ocrx_word' id='word_1_786' title='bbox 1421 5678 1524 5732; x_wconf 88' lang='grc' dir='ltr'><strong>οὐκ</strong></span> <span class='ocrx_word' id='word_1_787' title='bbox 1575 5678 1875 5734; x_wconf 85' lang='grc' dir='ltr'>ἀπολείπε-</span> 
     </span>
    </p>
   </div>
   <div class='ocr_carea' id='block_1_105' title="bbox 288 5767 1875 5840">
    <p class='ocr_par' dir='ltr' id='par_1_105' title="bbox 288 5767 1875 5840">
     <span class='ocr_line' id='line_1_105' title="bbox 288 5767 1875 5840; baseline 0.003 -19"><span class='ocrx_word' id='word_1_788' title='bbox 288 5785 403 5821; x_wconf 88' lang='grc' dir='ltr'>ται.</span> <span class='ocrx_word' id='word_1_789' title='bbox 442 5770 508 5821; x_wconf 85' lang='lat' dir='ltr'><strong>&quot;A</strong></span> <span class='ocrx_word' id='word_1_790' title='bbox 539 5767 585 5822; x_wconf 79' lang='grc' dir='ltr'>δ’</span> <span class='ocrx_word' id='word_1_791' title='bbox 640 5768 838 5821; x_wconf 81' lang='grc' dir='ltr'>ἐκεῖνοι</span> <span class='ocrx_word' id='word_1_792' title='bbox 873 5768 1040 5839; x_wconf 84' lang='grc' dir='ltr'>μήπω</span> <span class='ocrx_word' id='word_1_793' title='bbox 1084 5767 1252 5837; x_wconf 84' lang='grc' dir='ltr'>φάναι</span> <span class='ocrx_word' id='word_1_794' title='bbox 1287 5768 1720 5840; x_wconf 84' lang='grc' dir='ltr'>τετολμήκεσαν,</span> <span class='ocrx_word' id='word_1_795' title='bbox 1752 5772 1875 5826; x_wconf 84' lang='grc' dir='ltr'>τού-</span> 
     </span>
    </p>
   </div>
   <div class='ocr_carea' id='block_1_106' title="bbox 288 5859 1869 5933">
    <p class='ocr_par' dir='ltr' id='par_1_106' title="bbox 288 5859 1869 5933">
     <span class='ocr_line' id='line_1_106' title="bbox 288 5859 1869 5933; baseline 0.004 -21"><span class='ocrx_word' id='word_1_796' title='bbox 288 5876 402 5923; x_wconf 84' lang='grc' dir='ltr'>τοι;</span> <span class='ocrx_word' id='word_1_797' title='bbox 472 5861 529 5913; x_wconf 87' lang='grc' dir='ltr'>δὲ</span> <span class='ocrx_word' id='word_1_798' title='bbox 578 5860 865 5930; x_wconf 84' lang='grc' dir='ltr'>νενίκηκεν</span> <span class='ocrx_word' id='word_1_799' title='bbox 928 5860 1127 5924; x_wconf 77' lang='grc' dir='ltr'>αὐτοὺς</span> <span class='ocrx_word' id='word_1_800' title='bbox 1178 5859 1352 5917; x_wconf 70' lang='grc' dir='ltr'>εἰπὼν</span> <span class='ocrx_word' id='word_1_801' title='bbox 1412 5862 1595 5927; x_wconf 69' lang='grc' dir='ltr'>αὐτὸς.</span> <span class='ocrx_word' id='word_1_802' title='bbox 1664 5862 1869 5933; x_wconf 72' lang='grc' dir='ltr'>Ἡδέως</span> 
     </span>
    </p>
   </div>
   <div class='ocr_carea' id='block_1_107' title="bbox 1971 4759 3563 4840">
    <p class='ocr_par' dir='ltr' id='par_1_107' title="bbox 1971 4759 3563 4840">
     <span class='ocr_line' id='line_1_107' title="bbox 1971 4759 3563 4840; baseline 0.009 -26"><span class='ocrx_word' id='word_1_803' title='bbox 1971 4759 2136 4815; x_wconf 82' lang='lat' dir='ltr'><strong>matis</strong></span> <span class='ocrx_word' id='word_1_804' title='bbox 2172 4759 2447 4817; x_wconf 84' lang='lat' dir='ltr'><strong>obnoxius</strong></span> <span class='ocrx_word' id='word_1_805' title='bbox 2482 4761 2597 4826; x_wconf 83' lang='lat' dir='ltr'><strong>ﬁat,</strong></span> <span class='ocrx_word' id='word_1_806' title='bbox 2648 4774 2865 4820; x_wconf 90' lang='lat' dir='ltr'><strong>mutare</strong></span> <span class='ocrx_word' id='word_1_807' title='bbox 2896 4782 3296 4839; x_wconf 89' lang='lat' dir='ltr'><strong>nonnunquam</strong></span> <span class='ocrx_word' id='word_1_808' title='bbox 3324 4772 3563 4840; x_wconf 85' lang='lat' dir='ltr'><strong>videtur,</strong></span> 
     </span>
    </p>
   </div>
   <div class='ocr_carea' id='block_1_108' title="bbox 1973 4853 3573 4934">
    <p class='ocr_par' dir='ltr' id='par_1_108' title="bbox 1973 4853 3573 4934">
     <span class='ocr_line' id='line_1_108' title="bbox 1973 4853 3573 4934; baseline 0.009 -27"><span class='ocrx_word' id='word_1_809' title='bbox 1973 4853 2070 4908; x_wconf 84' lang='lat' dir='ltr'><strong>sed</strong></span> <span class='ocrx_word' id='word_1_810' title='bbox 2105 4870 2212 4908; x_wconf 88' lang='lat' dir='ltr'><strong>non</strong></span> <span class='ocrx_word' id='word_1_811' title='bbox 2243 4854 2309 4909; x_wconf 91' lang='lat' dir='ltr'><strong>ad</strong></span> <span class='ocrx_word' id='word_1_812' title='bbox 2341 4855 2656 4921; x_wconf 87' lang='lat' dir='ltr'><strong>meliorem,</strong></span> <span class='ocrx_word' id='word_1_813' title='bbox 2696 4873 2889 4913; x_wconf 89' lang='lat' dir='ltr'><strong>verum</strong></span> <span class='ocrx_word' id='word_1_814' title='bbox 2915 4860 2981 4913; x_wconf 86' lang='lat' dir='ltr'><strong>ad</strong></span> <span class='ocrx_word' id='word_1_815' title='bbox 3007 4862 3235 4916; x_wconf 89' lang='lat' dir='ltr'><strong>omnino</strong></span> <span class='ocrx_word' id='word_1_816' title='bbox 3268 4866 3573 4934; x_wconf 73' lang='lat' dir='ltr'><strong>pessimam</strong></span> 
     </span>
    </p>
   </div>
   <div class='ocr_carea' id='block_1_109' title="bbox 1971 4945 3573 5029">
    <p class='ocr_par' dir='ltr' id='par_1_109' title="bbox 1971 4945 3573 5029">
     <span class='ocr_line' id='line_1_109' title="bbox 1971 4945 3573 5029; baseline 0.01 -29"><span class='ocrx_word' id='word_1_817' title='bbox 1971 4945 2370 5005; x_wconf 88' lang='lat' dir='ltr'><strong>conditionem.</strong></span> <span class='ocrx_word' id='word_1_818' title='bbox 2433 4947 2602 5015; x_wconf 86' lang='lat' dir='ltr'><strong>Quod</strong></span> <span class='ocrx_word' id='word_1_819' title='bbox 2654 4951 2805 5006; x_wconf 89' lang='lat' dir='ltr'><strong>enim</strong></span> <span class='ocrx_word' id='word_1_820' title='bbox 2841 4952 2923 5009; x_wconf 91' lang='lat' dir='ltr'><strong>illi</strong></span> <span class='ocrx_word' id='word_1_821' title='bbox 2979 4953 3047 5009; x_wconf 91' lang='lat' dir='ltr'><strong>de</strong></span> <span class='ocrx_word' id='word_1_822' title='bbox 3098 4955 3223 5011; x_wconf 87' lang='lat' dir='ltr'><strong>luce</strong></span> <span class='ocrx_word' id='word_1_823' title='bbox 3254 4958 3345 5012; x_wconf 75' lang='lat' dir='ltr'><strong>illa</strong></span> <span class='ocrx_word' id='word_1_824' title='bbox 3398 4961 3573 5029; x_wconf 82' lang='lat' dir='ltr'><strong>impie</strong></span> 
     </span>
    </p>
   </div>
   <div class='ocr_carea' id='block_1_110' title="bbox 1971 5037 3561 5121">
    <p class='ocr_par' dir='ltr' id='par_1_110' title="bbox 1971 5037 3561 5121">
     <span class='ocr_line' id='line_1_110' title="bbox 1971 5037 3561 5121; baseline 0.011 -31"><span class='ocrx_word' id='word_1_825' title='bbox 1971 5037 2329 5105; x_wconf 88' lang='lat' dir='ltr'><strong>protulerunt</strong></span> <span class='ocrx_word' id='word_1_826' title='bbox 2353 5039 2412 5094; x_wconf 90' lang='lat' dir='ltr'><strong>in</strong></span> <span class='ocrx_word' id='word_1_827' title='bbox 2438 5042 2746 5097; x_wconf 87' lang='lat' dir='ltr'><strong>increatum</strong></span> <span class='ocrx_word' id='word_1_828' title='bbox 2774 5056 3147 5113; x_wconf 87' lang='lat' dir='ltr'><strong>permutatum</strong></span> <span class='ocrx_word' id='word_1_829' title='bbox 3180 5063 3300 5105; x_wconf 84' lang='lat' dir='ltr'><strong>esse</strong></span> <span class='ocrx_word' id='word_1_830' title='bbox 3336 5067 3561 5121; x_wconf 60' lang='lat' dir='ltr'><strong>corpus,</strong></span> 
     </span>
    </p>
   </div>
   <div class='ocr_carea' id='block_1_111' title="bbox 1978 5128 3564 5205">
    <p class='ocr_par' dir='ltr' id='par_1_111' title="bbox 1978 5128 3564 5205">
     <span class='ocr_line' id='line_1_111' title="bbox 1978 5128 3564 5205; baseline 0.011 -24"><span class='ocrx_word' id='word_1_831' title='bbox 1978 5128 2085 5183; x_wconf 87' lang='lat' dir='ltr'><strong>hoc</strong></span> <span class='ocrx_word' id='word_1_832' title='bbox 2114 5129 2231 5199; x_wconf 86' lang='lat' dir='ltr'><strong>ipse</strong></span> <span class='ocrx_word' id='word_1_833' title='bbox 2256 5134 2563 5201; x_wconf 85' lang='lat' dir='ltr'><strong>consentit;</strong></span> <span class='ocrx_word' id='word_1_834' title='bbox 2600 5138 2746 5205; x_wconf 87' lang='lat' dir='ltr'><strong>quod</strong></span> <span class='ocrx_word' id='word_1_835' title='bbox 2771 5153 2904 5192; x_wconf 89' lang='lat' dir='ltr'><strong>vero</strong></span> <span class='ocrx_word' id='word_1_836' title='bbox 2934 5138 3010 5193; x_wconf 93' lang='lat' dir='ltr'><strong>illi</strong></span> <span class='ocrx_word' id='word_1_837' title='bbox 3056 5149 3308 5196; x_wconf 88' lang='lat' dir='ltr'><strong>naturam</strong></span> <span class='ocrx_word' id='word_1_838' title='bbox 3339 5146 3564 5199; x_wconf 83' lang='lat' dir='ltr'><strong>minime</strong></span> 
     </span>
    </p>
   </div>
   <div class='ocr_carea' id='block_1_112' title="bbox 1977 5223 3563 5298">
    <p class='ocr_par' dir='ltr' id='par_1_112' title="bbox 1977 5223 3563 5298">
     <span class='ocr_line' id='line_1_112' title="bbox 1977 5223 3563 5298; baseline 0.011 -23"><span class='ocrx_word' id='word_1_839' title='bbox 1977 5223 2274 5278; x_wconf 88' lang='lat' dir='ltr'><strong>essentiam</strong></span> <span class='ocrx_word' id='word_1_840' title='bbox 2306 5225 2514 5281; x_wconf 88' lang='lat' dir='ltr'><strong>habere</strong></span> <span class='ocrx_word' id='word_1_841' title='bbox 2548 5240 2816 5298; x_wconf 87' lang='lat' dir='ltr'><strong>putarunt</strong></span> <span class='ocrx_word' id='word_1_842' title='bbox 2838 5271 2851 5293; x_wconf 84' lang='lat'>.</span> <span class='ocrx_word' id='word_1_843' title='bbox 2895 5232 2987 5287; x_wconf 87' lang='lat' dir='ltr'><strong>ille</strong></span> <span class='ocrx_word' id='word_1_844' title='bbox 3018 5237 3123 5287; x_wconf 89' lang='lat' dir='ltr'><strong>hoc</strong></span> <span class='ocrx_word' id='word_1_845' title='bbox 3161 5236 3363 5291; x_wconf 88' lang='lat' dir='ltr'><strong>addere</strong></span> <span class='ocrx_word' id='word_1_846' title='bbox 3397 5254 3563 5292; x_wconf 80' lang='lat' dir='ltr'><strong>conu-</strong></span> 
     </span>
    </p>
   </div>
   <div class='ocr_carea' id='block_1_113' title="bbox 1981 5319 3563 5390">
    <p class='ocr_par' dir='ltr' id='par_1_113' title="bbox 1981 5319 3563 5390">
     <span class='ocr_line' id='line_1_113' title="bbox 1981 5319 3563 5390; baseline 0.01 -22"><span class='ocrx_word' id='word_1_847' title='bbox 1981 5324 2071 5370; x_wconf 92' lang='lat' dir='ltr'><strong>tus</strong></span> <span class='ocrx_word' id='word_1_848' title='bbox 2103 5325 2222 5381; x_wconf 81' lang='lat' dir='ltr'><strong>cst,</strong></span> <span class='ocrx_word' id='word_1_849' title='bbox 2262 5330 2317 5373; x_wconf 91' lang='lat' dir='ltr'><strong>et</strong></span> <span class='ocrx_word' id='word_1_850' title='bbox 2345 5319 2650 5390; x_wconf 72' lang='lat' dir='ltr'><strong>subiectam</strong></span> <span class='ocrx_word' id='word_1_851' title='bbox 2680 5332 2736 5378; x_wconf 88' lang='lat' dir='ltr'><strong>et</strong></span> <span class='ocrx_word' id='word_1_852' title='bbox 2775 5327 3182 5380; x_wconf 74' lang='lat' dir='ltr'><strong>iuessentialem</strong></span> <span class='ocrx_word' id='word_1_853' title='bbox 3207 5338 3263 5381; x_wconf 90' lang='lat' dir='ltr'><strong>et</strong></span> <span class='ocrx_word' id='word_1_854' title='bbox 3286 5331 3448 5382; x_wconf 78' lang='lat' dir='ltr'><strong>simul</strong></span> <span class='ocrx_word' id='word_1_855' title='bbox 3479 5332 3563 5384; x_wconf 86' lang='lat' dir='ltr'><strong>in-</strong></span> 
     </span>
    </p>
   </div>
   <div class='ocr_carea' id='block_1_114' title="bbox 1978 5411 3569 5494">
    <p class='ocr_par' dir='ltr' id='par_1_114' title="bbox 1978 5411 3569 5494">
     <span class='ocr_line' id='line_1_114' title="bbox 1978 5411 3569 5494; baseline 0.011 -33"><span class='ocrx_word' id='word_1_856' title='bbox 1978 5419 2219 5465; x_wconf 86' lang='lat' dir='ltr'><strong>creatam</strong></span> <span class='ocrx_word' id='word_1_857' title='bbox 2259 5411 2520 5469; x_wconf 89' lang='lat' dir='ltr'><strong>deitatem</strong></span> <span class='ocrx_word' id='word_1_858' title='bbox 2548 5431 2669 5470; x_wconf 84' lang='lat' dir='ltr'><strong>esse</strong></span> <span class='ocrx_word' id='word_1_859' title='bbox 2706 5417 2889 5473; x_wconf 89' lang='lat' dir='ltr'><strong>lucem</strong></span> <span class='ocrx_word' id='word_1_860' title='bbox 2922 5420 3094 5484; x_wconf 88' lang='lat' dir='ltr'><strong>illam,</strong></span> <span class='ocrx_word' id='word_1_861' title='bbox 3134 5419 3209 5475; x_wconf 89' lang='lat' dir='ltr'><strong>ita</strong></span> <span class='ocrx_word' id='word_1_862' title='bbox 3253 5431 3313 5475; x_wconf 89' lang='lat' dir='ltr'><strong>ut</strong></span> <span class='ocrx_word' id='word_1_863' title='bbox 3346 5424 3401 5477; x_wconf 89' lang='lat' dir='ltr'><strong>in</strong></span> <span class='ocrx_word' id='word_1_864' title='bbox 3436 5428 3569 5494; x_wconf 81' lang='lat' dir='ltr'><strong>qui-</strong></span> 
     </span>
    </p>
   </div>
   <div class='ocr_carea' id='block_1_115' title="bbox 1978 5499 3567 5583">
    <p class='ocr_par' dir='ltr' id='par_1_115' title="bbox 1978 5499 3567 5583">
     <span class='ocr_line' id='line_1_115' title="bbox 1978 5499 3567 5583; baseline 0.01 -28"><span class='ocrx_word' id='word_1_865' title='bbox 1978 5499 2084 5555; x_wconf 88' lang='lat' dir='ltr'><strong>bus</strong></span> <span class='ocrx_word' id='word_1_866' title='bbox 2112 5503 2277 5559; x_wconf 88' lang='lat' dir='ltr'><strong>rebus</strong></span> <span class='ocrx_word' id='word_1_867' title='bbox 2308 5520 2432 5560; x_wconf 90' lang='lat' dir='ltr'><strong>cum</strong></span> <span class='ocrx_word' id='word_1_868' title='bbox 2468 5507 2578 5563; x_wconf 88' lang='lat' dir='ltr'><strong>illis</strong></span> <span class='ocrx_word' id='word_1_869' title='bbox 2608 5512 2919 5574; x_wconf 89' lang='lat' dir='ltr'><strong>consentit,</strong></span> <span class='ocrx_word' id='word_1_870' title='bbox 2968 5528 3077 5566; x_wconf 89' lang='lat' dir='ltr'><strong>non</strong></span> <span class='ocrx_word' id='word_1_871' title='bbox 3117 5514 3462 5583; x_wconf 84' lang='lat' dir='ltr'><strong>relinquatur</strong></span> <span class='ocrx_word' id='word_1_872' title='bbox 3491 5520 3567 5574; x_wconf 90' lang='lat' dir='ltr'><strong>ab</strong></span> 
     </span>
    </p>
   </div>
   <div class='ocr_carea' id='block_1_116' title="bbox 1976 5593 3560 5680">
    <p class='ocr_par' dir='ltr' id='par_1_116' title="bbox 1976 5593 3560 5680">
     <span class='ocr_line' id='line_1_116' title="bbox 1976 5593 3560 5680; baseline 0.014 -34"><span class='ocrx_word' id='word_1_873' title='bbox 1976 5593 2107 5648; x_wconf 88' lang='lat' dir='ltr'><strong>illis.</strong></span> <span class='ocrx_word' id='word_1_874' title='bbox 2174 5594 2307 5661; x_wconf 72' lang='lat' dir='ltr'><strong>Qua:</strong></span> <span class='ocrx_word' id='word_1_875' title='bbox 2335 5614 2469 5652; x_wconf 86' lang='lat' dir='ltr'><strong>vero</strong></span> <span class='ocrx_word' id='word_1_876' title='bbox 2507 5600 2585 5654; x_wconf 90' lang='lat' dir='ltr'><strong>illi</strong></span> <span class='ocrx_word' id='word_1_877' title='bbox 2632 5603 2878 5657; x_wconf 84' lang='lat' dir='ltr'><strong>nondum</strong></span> <span class='ocrx_word' id='word_1_878' title='bbox 2909 5604 3159 5673; x_wconf 78' lang='lat' dir='ltr'><strong>proferre</strong></span> <span class='ocrx_word' id='word_1_879' title='bbox 3195 5609 3377 5663; x_wconf 88' lang='lat' dir='ltr'><strong>conati</strong></span> <span class='ocrx_word' id='word_1_880' title='bbox 3408 5625 3560 5680; x_wconf 89' lang='lat' dir='ltr'><strong>sunt,</strong></span> 
     </span>
    </p>
   </div>
   <div class='ocr_carea' id='block_1_117' title="bbox 1976 5687 3571 5768">
    <p class='ocr_par' dir='ltr' id='par_1_117' title="bbox 1976 5687 3571 5768">
     <span class='ocr_line' id='line_1_117' title="bbox 1976 5687 3571 5768; baseline 0.013 -28"><span class='ocrx_word' id='word_1_881' title='bbox 1976 5687 2044 5741; x_wconf 92' lang='lat' dir='ltr'><strong>iis</strong></span> <span class='ocrx_word' id='word_1_882' title='bbox 2080 5692 2368 5760; x_wconf 80' lang='lat' dir='ltr'><strong>propalam</strong></span> <span class='ocrx_word' id='word_1_883' title='bbox 2401 5697 2781 5764; x_wconf 88' lang='lat' dir='ltr'><strong>proponcndis</strong></span> <span class='ocrx_word' id='word_1_884' title='bbox 2811 5711 2908 5752; x_wconf 86' lang='lat' dir='ltr'><strong>eos</strong></span> <span class='ocrx_word' id='word_1_885' title='bbox 2942 5698 3057 5768; x_wconf 90' lang='lat' dir='ltr'><strong>ipse</strong></span> <span class='ocrx_word' id='word_1_886' title='bbox 3090 5699 3243 5754; x_wconf 86' lang='lat' dir='ltr'><strong>vicit.</strong></span> <span class='ocrx_word' id='word_1_887' title='bbox 3282 5702 3571 5762; x_wconf 77' lang='lat' dir='ltr'><strong>Lubentcr</strong></span> 
     </span>
    </p>
   </div>
   <div class='ocr_carea' id='block_1_118' title="bbox 1971 5785 3562 5864">
    <p class='ocr_par' dir='ltr' id='par_1_118' title="bbox 1971 5785 3562 5864">
     <span class='ocr_line' id='line_1_118' title="bbox 1971 5785 3562 5864; baseline 0.015 -34"><span class='ocrx_word' id='word_1_888' title='bbox 1971 5794 2100 5832; x_wconf 75' lang='lat' dir='ltr'><strong>cum</strong></span> <span class='ocrx_word' id='word_1_889' title='bbox 2136 5797 2388 5849; x_wconf 66' lang='lat' dir='ltr'><strong>quaerere</strong></span> <span class='ocrx_word' id='word_1_890' title='bbox 2432 5785 2650 5851; x_wconf 78' lang='lat' dir='ltr'><strong>vellem,</strong></span> <span class='ocrx_word' id='word_1_891' title='bbox 2690 5802 2820 5841; x_wconf 89' lang='lat' dir='ltr'><strong>num</strong></span> <span class='ocrx_word' id='word_1_892' title='bbox 2851 5789 2979 5858; x_wconf 89' lang='lat' dir='ltr'><strong>quis</strong></span> <span class='ocrx_word' id='word_1_893' title='bbox 3005 5801 3193 5861; x_wconf 87' lang='lat' dir='ltr'><strong>posset</strong></span> <span class='ocrx_word' id='word_1_894' title='bbox 3231 5793 3562 5864; x_wconf 81' lang='lat' dir='ltr'><strong>inproban-</strong></span> 
     </span>
    </p>
   </div>
   <div class='ocr_carea' id='block_1_119' title="bbox 1974 5872 3562 5947">
    <p class='ocr_par' dir='ltr' id='par_1_119' title="bbox 1974 5872 3562 5947">
     <span class='ocr_line' id='line_1_119' title="bbox 1974 5872 3562 5947; baseline 0.013 -21"><span class='ocrx_word' id='word_1_895' title='bbox 1974 5872 2058 5928; x_wconf 80' lang='lat' dir='ltr'><strong>(iis</strong></span> <span class='ocrx_word' id='word_1_896' title='bbox 2110 5874 2605 5934; x_wconf 76' lang='lat' dir='ltr'><strong>lcozmmacborum</strong></span> <span class='ocrx_word' id='word_1_897' title='bbox 2665 5883 2958 5940; x_wconf 87' lang='lat' dir='ltr'><strong>sententiis</strong></span> <span class='ocrx_word' id='word_1_898' title='bbox 3010 5899 3118 5940; x_wconf 88' lang='lat' dir='ltr'><strong>non</strong></span> <span class='ocrx_word' id='word_1_899' title='bbox 3179 5901 3301 5943; x_wconf 84' lang='lat' dir='ltr'><strong>esse</strong></span> <span class='ocrx_word' id='word_1_900' title='bbox 3369 5889 3562 5947; x_wconf 88' lang='lat' dir='ltr'><strong>lcono—</strong></span> 
     </span>
    </p>
   </div>
  </div>
