4016 6530
422 434 533 500 423

1652 425 2079 491 NlCEPIlORl
2121 418 2513 488 GllEGOl’uE

3602 410 3712 473 424

423 550 678 609 machus.
732 547 924 605 Simile
967 545 1115 602 enim
1149 555 1298 602 esset
1328 560 1394 601 ac
1427 545 1473 601 si
1503 560 1629 616 quis
1658 544 1714 598 in
1737 544 2021 614 publicum

2143 546 2169 596 i’
2201 544 2270 597 ἂν
2301 547 2395 596 καὶ
2440 541 2667 610 ἐρέσθαι
2716 539 3015 610 βουλοίμην
3048 535 3216 590 αὐτὸν
3272 533 3322 587 εί
3367 530 3589 586 δύναιτό
3626 545 3715 590 τις

427 643 692 713 prodiens
752 642 965 696 diceret
1016 637 1354 694 citharoedos
1408 653 1565 704 esse,
1610 653 1722 692 non
1784 652 1906 693 esse
1937 637 2018 691 ci-

428 738 681 799 tharam;
723 733 906 788 sidera
942 732 1164 797 quidem
1192 731 1463 796 coelestia,
1503 745 1614 784 non
1651 730 1851 785 cmlum
1880 746 1895 796 ;
1931 744 2021 784 res

426 828 594 899 478
624 827 843 897 quidem
876 834 1341 893 terrenas,neque
1360 838 1491 878 vero
1521 832 1740 878 terram.
1775 822 1915 887 Quid
1940 822 2024 875 di-

428 923 529 985 cis,
560 917 760 972 sodcs?
791 918 871 972 Ex
923 916 1142 970 duobus
1177 909 1325 970 enim
1381 915 1618 969 alterum
1666 914 2023 984 cogitandum

427 1012 588 1065 nobis
614 1009 837 1063 dedisti.
878 1009 1096 1063 Etenim
1128 1017 1222 1062 aut
1261 1009 1473 1063 insanis
1512 1008 1655 1077 ipse,
1690 1014 1786 1062 aut
1819 1022 2015 1062 omnes

430 1102 671 1157 insanire
696 1110 877 1172 putas.
899 1100 999 1154 Hic
1012 1109 1196 1155 autem
1225 1117 1334 1154 non
1357 1109 1563 1164 noster,
1583 1104 1677 1155 sed
1698 1112 1825 1156 tuus
1850 1101 2019 1156 aﬂ'ec-

429 1206 537 1249 tus.
590 1192 646 1249 Si
681 1194 830 1248 enim
862 1193 1053 1248 ebrius
1090 1192 1345 1262 quenhis
1396 1193 1617 1247 obviam
1658 1202 1883 1248 euntem
1920 1193 2026 1247 du-

430 1287 629 1358 plicem
664 1302 762 1356 pro
787 1301 899 1341 uno
933 1285 1123 1340 videre
1145 1285 1254 1340 sibi
1289 1284 1530 1349 videtur,
1566 1300 1677 1339 non
1702 1294 2027 1355 conspecto-

430 1395 551 1434 rum
600 1379 889 1433 hominum
936 1378 1147 1433 erroris
1179 1377 1413 1432 allectus
1442 1387 1550 1445 est,
1584 1378 1679 1433 sed
1723 1378 1866 1433 male
1897 1392 2015 1432 con»

426 1470 737 1541 spicientis.
801 1469 1095 1539 Sigillatim
1128 1470 1279 1523 enim
1328 1470 1404 1524 illi
1455 1470 1524 1526 ad
1563 1485 2019 1540 unumquemque

429 1564 710 1620 numerati
745 1572 924 1617 erant.
982 1561 1119 1616 Nam
1175 1564 1461 1633 professus
1518 1571 1604 1618 est
1647 1564 2029 1619 demonstrare

444 1655 499 1709 id
531 1652 679 1724 quod
710 1671 739 1708 a
766 1654 1151 1710 sacerdotibus
1202 1654 1310 1710 illis
1366 1670 1454 1709 aco
1483 1654 1682 1711 scribis
1737 1655 2028 1725 qumsitum

430 1760 554 1802 esse
584 1747 746 1801 dixit.
823 1746 1000 1802 Jubeo
1025 1748 1138 1817 jam
1167 1748 1466 1802 sauctosin
1496 1747 1738 1802 medium
1768 1748 2029 1817 proferri,

432 1839 529 1909 qui
586 1839 766 1893 lucem
798 1856 920 1910 quae
975 1840 1026 1894 in
1059 1840 1277 1895 Domini
1316 1839 1806 1911 transﬁguratione
1860 1855 2031 1911 appa-

2122 637 2193 690 τὰ
2242 636 2353 691 τῶν
2406 633 2799 703 Εἱκονομάχων
2854 632 3033 702 τιμῶν
3078 628 3155 701 μὴ
3213 623 3358 681 εἶναι
3408 622 3713 690 Είκονομάο

2124 745 2218 798 χος
2247 743 2259 757 ·
2290 728 2479 796 ὅμοιον
2500 726 2610 795 γὰρ
2648 726 2715 779 ἂν
2743 725 2828 794 εἴη
2871 724 3061 794 ὥσπερ
3101 725 3167 776 ἂν
3196 723 3246 774 εἱ
3278 717 3575 787 παρελθὼν
3609 716 3639 767 δ
3665 731 3720 765 ευ

2123 819 2335 875 τείνετο
2363 837 2446 883 τις
2477 818 2814 888 κιθαρῳδοὺς
2851 816 2954 885 μὲν
2982 813 3143 879 εἶναι,
3177 812 3413 883 κιθάραν
3438 810 3485 863 δ’
3507 808 3593 864 ιῦ.
3620 807 3719 860 κει]⁵

2124 914 2412 986 οὐρανίους
2474 911 2574 982 μὲν
2622 912 2884 981 ἀστέρας,
2926 908 3159 979 οὐρανὸν
3194 905 3239 958 δ’
3282 903 3369 966 οὐ,
3418 907 3513 955 καὶ
3550 901 3723 967 γήϊνα

2130 1008 2230 1079 μὲν
2263 1009 2590 1079 πράγματα,
2622 1007 2727 1074 γῆν
2777 1005 2824 1057 δ’
2877 1001 3106 1072 οὐδαμῆ.
3141 1000 3204 1052 Τί
3257 999 3386 1070 φῂς,
3419 996 3679 1065 ἄνθρωπε
3706 1010 3723 1056 ;

2127 1105 2286 1155 Δυοῖν
2312 1101 2422 1171 γὰρ
2466 1101 2687 1163 πάντως
2712 1099 2854 1151 νοεῖν
2881 1096 3040 1159 δίδως
3068 1095 3203 1165 ἡμῖν
3245 1092 3474 1162 θάτερον
3494 1105 3508 1119 ο
3540 1089 3574 1158 ἢ
3606 1087 3723 1155 γὰρ

2133 1197 2324 1270 μαίνῃ,
2364 1196 2398 1267 ἢ
2453 1196 2666 1257 πάντας
2702 1194 3068 1264 μαινομένους
3101 1185 3242 1242 εἶναι
3291 1187 3505 1255 λογίζῃ.
3542 1181 3725 1236 Τοῦτο

2129 1290 2175 1345 δ’
2207 1292 2309 1362 οὐχ
2374 1290 2551 1361 ἡμῶν,
2591 1289 2729 1343 ἀλλὰ
2765 1287 2860 1342 σοῦ
2894 1304 2959 1357 γε
2999 1288 3060 1339 τὸ
3091 1284 3286 1347 πάθος,
3333 1283 3593 1350 καθάπερ
3628 1278 3717 1349 δή·

2130 1383 2330 1437 πουθεν
2360 1382 2454 1437 καὶ
2482 1384 2530 1435 εί
2564 1381 2782 1452 μεθύων
2820 1397 2907 1440 τις
2945 1379 3122 1434 πάντα
3152 1378 3295 1442 τινὰ,
3346 1377 3455 1445 ὅτῳ
3488 1374 3554 1428 ἂν
3590 1391 3723 1425 συν·

2133 1476 2339 1547 αντῴη,
2371 1473 2596 1529 διπλοῦν
2650 1491 2774 1527 τινα
2803 1474 2922 1527 ἀνθ’
2947 1473 3068 1535 ένδς
3099 1460 3236 1541 ὁρᾷν
3273 1469 3470 1531 ἐδόκει,
3506 1467 3568 1518 οὐ
3610 1466 3722 1518 στῶ*⁸

2131 1567 2430 1637 ὁρωμένων
2463 1567 2527 1617 ἂν
2585 1564 2646 1617 τὸ
2694 1565 2790 1631 τῆς
2828 1563 3049 1627 ἀπάτης
3087 1560 3262 1622 πάθος
3312 1553 3403 1629 ἦν,
3457 1556 3598 1611 ἀλλὰ
3626 1554 3725 1608 τοῦ

2135 1656 2425 1729 σφαλερῶς
2472 1657 2744 1727 δρῶντοςη
2799 1657 3000 1715 πάντες
3041 1655 3148 1723 γὰρ
3201 1652 3268 1706 ἂν
3317 1649 3625 1721 μοναδκῶς
3659 1649 3724 1701 ὗ·

2136 1751 2351 1821 πῆρχον
2386 1749 2788 1821 ἀριθμούμενοι
2847 1747 2967 1801 καθ’
3018 1748 3251 1800 ἕκαστον
3292 1746 3510 1807 ἐκεῖνοι.
3546 1740 3718 1813 Προῦ-

2136 1843 2264 1897 θετο
2310 1844 2409 1913 μὲν
2439 1843 2546 1915 γὰρ
2574 1841 2746 1907 δεῖξαι
2777 1841 2806 1894 ὃ
2831 1844 2944 1903 τοῖς
2968 1838 3319 1909 ἀρχιερεῦσιν
3367 1836 3599 1897 ἐκείνοις
3630 1836 3724 1888 καὶ

432 1929 569 1996 ruit,
606 1930 906 1985 increatam
943 1946 1067 1986 esse
1100 1931 1333 1998 dicant,
1393 1947 1504 1987 non
1560 1930 1856 1987 essentiam
1908 1931 2027 1996 Dei,

2143 1928 2558 2002 γραμματεῦσιν
2593 1928 2754 1988 αὐτὸς
2790 1928 3089 1997 ζητηθῆναί
3123 1943 3257 1995 φησι
3279 1942 3292 1957 ·
3326 1924 3473 1993 λέγω
3497 1924 3561 1995 δὴ
3592 1926 3725 1988 τοῗς

431 2022 533 2078 sed
585 2023 998 2078 inessentialem
1054 2034 1112 2078 et
1155 2023 1676 2087 insubstantialem;
1727 2024 1840 2095 jam
1896 2038 2031 2078 vero

430 2116 587 2184 quasi
619 2116 961 2171 obliviscens
999 2118 1085 2170 sui
1116 2117 1480 2186 quaestionem
1504 2116 1696 2171 multis
1725 2115 2030 2172 dubitatio-

431 2205 596 2262 nibus
650 2207 987 2277 implicatam
1042 2208 1100 2262 et
1154 2208 1303 2263 omni
1347 2207 1667 2278 dogmatum
1706 2209 2034 2264 confusione

432 2302 815 2367 perturbatam
847 2298 1075 2354 silentio
1112 2300 1486 2368 praetermisit,
1511 2299 1580 2355 de
1607 2316 1714 2370 qua
1740 2301 1889 2355 nulla
1915 2309 2036 2355 erat

438 2389 714 2444 dubitatio
745 2399 802 2444 et
834 2400 1025 2444 contra
1057 2406 1222 2460 quam
1266 2406 1447 2460 neque
1482 2392 1599 2461 ipse
1640 2394 1824 2447 omnis
1874 2392 2034 2445 mali:

432 2482 658 2551 gnitatis
688 2475 845 2551 pater
882 2470 1142 2537 diabolus
1185 2483 1491 2554 quidquam
1544 2498 1823 2554 opponere
1873 2498 2036 2538 cona-

435 2580 611 2638 retur,
638 2572 689 2626 ei
710 2572 909 2628 afferre
940 2573 1126 2628 studet
1156 2575 1494 2641 testimonia,
1529 2584 1590 2631 ut
1616 2575 1800 2631 dicere
1827 2574 2034 2643 aliquid

438 2663 771 2733 quibusdam
831 2663 1102 2718 videatur.
1187 2664 1324 2732 Quis
1374 2666 1523 2719 enim
1578 2664 1674 2734 qui
1732 2663 2037 2718 secundum

442 2758 607 2813 fidem
634 2758 824 2812 vivere
851 2773 910 2813 se
940 2758 1255 2827 profitetur,
1283 2758 1423 2813 dixit
1452 2772 1696 2827 unquam
1728 2766 1824 2812 aut
1858 2756 2036 2826 potuit

441 2852 653 2917 dicere,
690 2858 838 2907 stare
863 2851 917 2904 iu
953 2850 1265 2905 substantia
1294 2858 1351 2902 et
1377 2849 1621 2904 essentia
1654 2845 1750 2902 Dei
1793 2855 1850 2902 et
1881 2846 2033 2901 illius

437 2953 689 3000 naturam
726 2952 819 2997 aut
850 2943 1055 2998 vidisse
1084 2951 1183 2996 aut
1208 2942 1518 3012 professum
1568 2955 1717 3005 esse,
1751 2955 1877 2994 cum
1917 2955 2037 2994 om-

441 3053 544 3093 nes
577 3037 683 3092 hoc
711 3037 898 3091 dicere
925 3050 1034 3090 non
1079 3037 1241 3089 modo
1273 3036 1605 3105 prophetas,
1649 3048 1841 3087 verum
1871 3033 2036 3086 etiam

440 3130 642 3201 quibus
714 3128 883 3200 479
944 3129 1115 3181 multo
1182 3127 1611 3196 propinquiores
1664 3135 1827 3182 erant
1902 3141 2040 3194 prae-

441 3234 695 3293 ceptores
749 3222 923 3276 nostri
976 3219 1246 3283 audisset,
1310 3219 1408 3289 qui
1481 3228 1680 3289 praeter
1728 3219 1900 3273 multa
1934 3218 2037 3272 alia

2135 2021 2329 2089 ἁγίους
2383 2020 2733 2087 παραγαγεῖν
2779 2020 2858 2078 είς
2898 2020 3063 2086 μέσον
3094 2015 3145 2069 οἳ
3191 2015 3252 2069 τὸ
3300 2016 3467 2083 φανὲν
3496 2014 3591 2067 ἐπὶ
3624 2015 3724 2083 τῆς

2135 2113 2231 2166 τοῦ
2263 2111 2461 2183 Κυρίου
2497 2110 2980 2179 μεταμορφώσεως
3014 2109 3128 2179 φῶς
3158 2109 3416 2163 ἄκτιστον
3450 2108 3552 2177 μὲν
3577 2105 3723 2160 εἶναί

2138 2223 2329 2277 φασιν,
2363 2206 2464 2258 οὐκ
2508 2207 2698 2258 οὐσίαν
2727 2206 2782 2257 δὲ
2831 2204 2988 2267 Θεοῦ,
3054 2202 3170 2256 ἀλλ’
3222 2203 3472 2255 ἁνοῦσιόν
3499 2218 3560 2254 τε
3628 2198 3727 2253 καὶ

2138 2300 2538 2355 ἀνυπόστατον.
2596 2294 2706 2350 Εἶθ’
2753 2296 2943 2367 ὥσπερ
2999 2294 3365 2363 ἐκλαθόμενος
3409 2293 3573 2354 αὐτὸς
3600 2293 3713 2345 iam

2138 2392 2259 2461 τοῦ,
2284 2392 2345 2447 τὸ
2376 2392 2475 2462 μὲν
2511 2390 2869 2460 ζητούμενον,
2911 2390 3009 2442 καὶ
3040 2386 3083 2455 ᾧ
3111 2387 3284 2456 πολλή
3310 2405 3391 2448 τις
3421 2386 3726 2456 περικέχυ-

2139 2500 2232 2537 ται
2272 2481 2716 2552 ἀμφισϐήτησις,
2752 2479 2844 2532 καὶ
2874 2479 3006 2547 περὶ
3030 2476 3057 2530 δ
3081 2478 3180 2547 τῆς
3206 2477 3335 2545 ὅλης
3369 2477 3477 2529 τῶν
3523 2475 3727 2544 δογμά-

2140 2589 2250 2625 των
2274 2569 2591 2641 συγχύσεως
2622 2571 2655 2639 ἡ
2687 2568 2963 2638 πρόφασις
2985 2567 3207 2636 ἔστηκε,
3233 2565 3392 2619 τοῦτο
3426 2565 3527 2636 μὲν
3556 2565 3727 2631 παρέ-

2138 2667 2317 2739 δραμε
2356 2667 2482 2735 σιγῇ
2509 2680 2525 2695 ·
2576 2662 2707 2734 περὶ
2742 2654 2803 2715 οὐ
2830 2662 2874 2716 δ’
2907 2662 3007 2714 οὐκ
3032 2656 3100 2732 ἦν
3128 2660 3539 2732 ἀμφισϐήτησις
3579 2660 3729 2713 οὐδε.

2145 2760 2266 2831 μία,
2296 2759 2390 2812 καὶ
2424 2750 2469 2826 ᾧ
2504 2755 2616 2810 οὐδ’
2645 2755 2711 2809 ἂν
2737 2756 2895 2817 αὐτὸς
2926 2755 2955 2807 ὁ
2989 2754 3172 2823 πάσης
3202 2753 3402 2816 κακίας
3445 2753 3729 2823 γεννήτωρ

2138 2854 2386 2915 διάϐολος
2431 2849 2762 2918 τολμήσειεν
2802 2848 3105 2915 ἀντειπεῖν,
3159 2848 3339 2918 τούτῳ
3385 2846 3442 2901 δὲ
3475 2846 3730 2915 κομίζειν

2140 2944 2302 3015 δῆθεν
2335 2941 2623 3010 ἐπείγεται
2674 2941 3012 3005 συστατικὰς
3055 2940 3389 3010 μαρτυρίας,
3429 2940 3515 2993 ἵνα
3546 2955 3601 2992 τι
3640 2938 3730 2991 λέ-

2141 3055 2259 3105 γειν
2313 3036 2440 3106 δόξῃ
2494 3034 2627 3089 τισί.
2667 3034 2764 3097 Τίς
2796 3038 2904 3105 γάρ
2938 3035 3057 3087 ποτ’
3113 3034 3357 3097 εὐσεϐῶς
3404 3033 3733 3106 αἱρούμενος

2142 3129 2243 3201 ζῇν
2280 3125 2404 3183 εἶπέ
2434 3144 2567 3180 ποτε
2600 3127 2634 3196 ἢ
2671 3126 2844 3196 λέγει,
2878 3125 2911 3197 ἢ
2944 3125 3151 3178 δύναιτ’
3177 3127 3245 3179 ἄν
3276 3124 3394 3179 ποτ’
3423 3126 3625 3193 εἰπεῖν,
3657 3123 3733 3186 ὡς

2145 3223 2276 3291 ἔστη
2309 3225 2367 3276 ὲν
2397 3221 2748 3292 ὐποστήματι
2795 3220 2889 3273 καὶ
2948 3220 3111 3290 οὐσίᾳ
3136 3218 3298 3287 Θεοῦ,
3333 3220 3593 3272 κάκείνου
3634 3217 3733 3288 τὴν

441 3286 747 3382 loquuntur
780 3312 861 3367 sic
899 3329 914 3366 :
953 3310 1011 3364 Si
1042 3310 1166 3380 quis
1215 3286 1685 3380 cognovit—Deum
1717 3320 1810 3364 aut
1837 3324 2036 3379 cogno-

2147 3286 2314 3387 φύσιν
2354 3315 2387 3385 ἢ
2420 3286 2646 3384 εἶδεν
2678 3313 3036 3383 ἐξηγόρευσε,
3083 3286 3333 3383 βοώντων
3372 3312 3631 3365 ἁπάντων
3673 3286 3736 3365 ά-

443 3406 591 3461 visse
638 3414 888 3473 putatur,
944 3414 1177 3458 eatenus
1227 3403 1522 3473 cognovit,
1576 3414 1852 3473 quatenus
1901 3404 2042 3459 lucis

444 3497 682 3554 similior
705 3496 962 3566 apparuit
982 3512 1147 3566 quam
1178 3495 1327 3550 aliud
1351 3495 1678 3566 quidquam,
1705 3496 1910 3567 quippe
1928 3511 2041 3550 non

446 3589 705 3645 similiter
738 3588 1145 3643 collustratum.
1209 3589 1273 3641 Et
1318 3589 1371 3644 id
1406 3589 1554 3659 quod
1580 3598 1878 3659 exsuperat
1911 3603 2041 3658 per-

448 3679 653 3735 fectum
683 3688 931 3749 putatum
962 3690 1046 3734 est
1082 3694 1192 3735 non
1222 3680 1481 3748 veritate,
1515 3681 1610 3736 sed
1657 3682 1704 3737 si
1734 3696 1858 3737 cum
1898 3682 2039 3736 alte-

448 3770 568 3826 rius
596 3781 948 3842 comparatur
984 3773 1245 3841 potentia.

2147 3406 2329 3460 κούων
2357 3405 2519 3459 ταυτὶ
2552 3404 2627 3474 μὴ
2674 3404 2756 3458 ὅτι
2791 3402 3111 3474 προφητῶν,
3143 3403 3282 3456 ἀλλὰ
3315 3402 3409 3456 καὶ
3439 3398 3524 3464 οἷς
3569 3404 3735 3471 ἐγγυ-

2145 3499 2290 3569 τέρω
2342 3495 2522 3566 πολλῷ
2571 3486 2918 3559 διῶσκάλοις
2972 3495 3132 3565 ήμῶν
3183 3495 3466 3563 γεγονέναι
3522 3495 3736 3564 συμπέ-

2146 3607 2386 3645 πτωιιεν.
2420 3588 2483 3643 Οἳ
2510 3589 2579 3643 τά
2606 3589 2652 3642 τ’
2684 3589 2823 3643 ἄλλα
2846 3588 3143 3658 φάσκουσι,
3174 3590 3270 3640 καὶ
3304 3590 3404 3656 μὲν
3430 3589 3495 3658 δὴ
3537 3590 3631 3642 καὶ
3656 3588 3733 3651 ὡς

2148 3683 2202 3734 εί
2236 3698 2322 3745 τις
2344 3682 2486 3751 ἔγνω
2509 3681 2642 3734 Θεὸν
2671 3681 2705 3751 ἢ
2735 3681 3043 3748 ἐγνωκέναι
3070 3680 3520 3750 μεμαρτύρηται,
3543 3679 3735 3734 τοσοῦ-

2145 3791 2240 3828 τον
2269 3774 2412 3839 ἔγνω
2444 3776 2568 3827 ὅσον
2599 3773 2762 3827 ἄλλου
2816 3772 2893 3842 μὴ
2941 3773 3002 3824 τὸ
3038 3773 3154 3825 ῐσον
3194 3772 3604 3841 ὲλλαμφθέντος
3634 3790 3738 3842 φα-

449 3864 608 3935 νῆναι
664 3865 1154 3936 φωτοειδέστεροςο
1213 3866 1308 3920 καὶ
1358 3866 1419 3919 τὸ
1448 3866 1789 3937 ὑπερϐάλλον
1820 3860 2026 3922 τέλειον
2067 3867 2331 3940 ἐνομίσθη
2370 3868 2433 3922 οὐ
2472 3869 2539 3938 τῇ
2591 3866 2843 3937 ἀληθείᾳ,
2872 3868 2935 3937 τῇ
2983 3866 3040 3920 δὲ
3091 3867 3187 3920 τοῦ
3224 3864 3453 3937 πλησίον
3496 3867 3729 3937 δυνάμει

452 3960 810 4032 παραμετρού
820 3978 1003 4030 μενον.

522 4056 613 4112 ιγ.
657 4056 765 4111 Sed
812 4056 1061 4113 Palamas
1105 4066 1299 4114 contra
1351 4060 1644 4117 veritatem
1695 4072 2041 4135 pugnaturus

447 4163 578 4204 cum
610 4157 805 4203 contra
832 4149 969 4204 nihil
998 4148 1187 4206 dicere
1219 4152 1397 4221 possit
1422 4168 1522 4210 nec
1547 4154 1822 4227 refugium
1855 4155 2040 4224 quod-

451 4257 619 4311 quam
646 4241 872 4307 habeat,
899 4242 968 4300 ad
998 4244 1309 4301 latebrosos
1341 4262 1599 4303 recessus
1626 4250 1814 4303 statim
1846 4248 2040 4304 oculos

451 4335 645 4399 vertit,
676 4335 807 4404 quia
842 4350 954 4389 non
987 4335 1295 4408 intelligere
1324 4347 1506 4409 potest
1537 4355 1596 4395 se
1628 4340 1743 4411 ipsa
1784 4356 1843 4395 re
1866 4341 2044 4395 mani-

462 4424 761 4479 festissime
811 4426 1017 4488 evinci.
1061 4443 1185 4481 cum
1238 4429 1306 4483 iis
1355 4446 1497 4499 quos
1548 4431 1756 4499 injuria
1804 4431 2043 4484 lacessat

455 4517 594 4571 nihil
652 4517 1063 4586 probabilitatis
1107 4535 1390 4590 Opponere
1439 4521 1636 4591 possit.
1691 4520 1847 4587 Quod
1891 4522 2040 4576 enim

2214 4061 2288 4116 A'.
2336 4061 2476 4115 Ἀλλ’
2510 4064 2539 4115 ὁ
2566 4060 2833 4129 Παλαμᾶς
2864 4062 2929 4132 τῇ
2961 4061 3061 4131 μὲν
3101 4061 3332 4133 ἀληθείᾳ
3387 4061 3727 4131 μαχόμενος,

2143 4155 2205 4207 οὐ
2235 4154 2537 4223 δυνάμενος
2564 4153 2611 4206 δ’
2648 4156 2955 4220 ἀντειπεῖν,
2992 4155 3105 4208 οὐδ’
3136 4156 3427 4226 ἀποφυγὴν
3460 4157 3561 4208 οὐκ
3595 4154 3735 4225 ἔχων

2144 4245 2405 4315 οὐδεμίαν
2437 4244 2672 4314 οὐδαμῆ,
2736 4245 2874 4315 πρὸς
2923 4245 3350 4315 λαϐυρινθώδεις
3412 4247 3575 4311 εὐθὺς
3635 4246 3735 4317 δρᾷ

2146 4335 2497 4400 καταδύσεις,
2553 4338 2649 4390 καὶ
2687 4337 2799 4391 οὐδ’
2833 4337 3124 4390 αἰσθέσθαι
3182 4339 3411 4393 δύναται
3473 4341 3558 4393 ὅτι
3586 4337 3732 4393 τοῦτ’

2147 4432 2293 4482 ἐστὶν
2320 4430 2348 4482 δ
2381 4430 2618 4498 μάλιστα
2650 4430 2873 4484 πάντων
2934 4433 3021 4484 ἐπ’
3076 4433 3381 4502 αὐτοφώρῳ
3414 4432 3603 4487 τοῦτον
3631 4452 3733 4487 κιο

2147 4524 2455 4590 ταδικάζει,
2493 4524 2661 4595 μηδὲν
2717 4526 2826 4578 τῶν
2859 4526 3101 4594 εὐλόγων
3161 4526 3356 4596 ἔχοντα
3413 4532 3526 4589 τοῖς
3583 4527 3731 4598 αὐτῷ

457 4611 593 4665 dicit
638 4627 699 4666 ea
732 4628 852 4681 quae
878 4629 1039 4668 nemo
1061 4613 1314 4683 quaasivit
1342 4629 1583 4684 unquam
1621 4623 1811 4684 utpote
1865 4614 2036 4668 mani-

2155 4618 2674 4687 παρανομουμένοις
2709 4617 3060 4686 χαρίζεσθαι.
3116 4617 3190 4671 Τὸ
3241 4619 3350 4689 γὰρ
3405 4619 3589 4683 λέγειν
3638 4620 3733 4686 μὲν

454 4701 617 4764 festa,
652 4711 796 4757 tacet
847 4706 914 4759 de
950 4705 1017 4761 iis
1068 4722 1190 4775 quae
1243 4721 1302 4761 se
1335 4707 1612 4761 dicturum
1653 4706 1935 4776 professus
1960 4715 2042 4760 est

457 4797 613 4851 nullo
643 4806 896 4866 cogente,
921 4798 1100 4852 simile
1132 4798 1235 4853 hoc
1263 4799 1417 4862 facit,
1448 4813 1513 4852 ac
1537 4798 1583 4851 si
1621 4798 1745 4866 quis
1772 4798 2042 4852 accedens

455 4889 751 4960 profitetur
781 4879 840 4943 se
872 4889 1151 4944 dicturum
1185 4891 1239 4944 id
1271 4892 1418 4959 quod
1449 4890 1666 4960 ignorat
1696 4906 1881 4956 nemo,
1907 4891 2042 4960 quid
2102 4888 2105 4895 ’

457 4980 533 5034 sit
574 4979 780 5045 homo;
808 4980 1009 5034 deinde
1037 4996 1160 5035 cum
1197 4982 1382 5036 dicere
1411 4982 1663 5050 cmperit,
1699 4983 1753 5036 id
1789 4984 1934 5052 quod
1972 4984 2044 5038 sit

459 5072 627 5125 homo
660 5073 844 5127 dicere
873 5088 983 5126 non
1020 5083 1221 5143 potest,
1270 5090 1392 5144 quae
1438 5090 1568 5128 vero
1606 5089 1712 5128 non
1743 5076 1949 5129 cadunt
1986 5073 2040 5129 in

460 5165 768 5228 hominem,
817 5165 934 5219 haec
982 5168 1166 5220 omnia
1210 5167 1434 5220 omnino
1471 5181 1595 5220 esse
1627 5174 1811 5236 negat,
1847 5168 2040 5221 bovem

460 5256 677 5310 scilicet
713 5265 768 5310 et
797 5272 997 5324 equum
1035 5265 1086 5310 et
1127 5272 1359 5326 cycnum
1397 5267 1452 5311 et
1486 5259 1766 5313 cornicem
1797 5268 1855 5313 et
1887 5275 2042 5329 quae-

460 5359 684 5414 cunque
713 5345 999 5398 humidam
1037 5345 1089 5396 in
1126 5348 1259 5398 mari
1291 5347 1455 5400 vitam
1490 5358 1676 5417 agunt.
1713 5350 1842 5403 Dein
1875 5352 2042 5405 etiam

463 5434 653 5490 brevia
682 5435 856 5490 sancti
888 5435 1107 5489 Maximi
1137 5438 1300 5490 verba
1335 5439 1515 5505 affert,
1547 5442 1642 5494 sed
1684 5457 1795 5495 non
1830 5442 2041 5512 integra

461 5544 566 5583 nec
595 5528 714 5582 sine
751 5543 816 5581 eo
848 5543 959 5596 quo
988 5537 1072 5582 est
1103 5533 1489 5599 corrumpendi
1522 5533 1706 5587 studio
1753 5534 2040 5603 relinqmt.

463 5617 754 5679 Quomodo
804 5617 950 5670 enim
1002 5619 1166 5674 homo
1221 5620 1477 5675 affectum
1528 5624 1635 5695 jam
1680 5626 2042 5680 inveteratum

463 5707 633 5780 480
662 5716 716 5759 et
760 5708 1155 5780 longinquitate
1214 5715 1474 5783 temporis
1528 5720 1939 5772 corroboratum
1990 5729 2044 5771 et

426 5804 439 5813 “
468 5799 523 5851 in
560 5808 805 5852 naturain
855 5802 1024 5869 ipsam
1071 5806 1416 5858 immutatum
1468 5809 1729 5877 abjiciet?
1773 5810 2042 5865 Distracla

466 5887 615 5941 enim
669 5890 720 5944 in
758 5891 895 5946 duas
931 5906 1112 5964 partes
1166 5899 1378 5970 integra
1425 5902 1756 5971 cogitatione
1811 5913 1866 5957 et
1915 5903 2043 5957 dein

2151 4710 2186 4764 ἃ
2216 4710 2407 4778 μηδεὶς
2445 4711 2682 4780 ἐζήτησε
2741 4713 2964 4764 πώποτε
3021 4711 3265 4782 πρόδηλα
3299 4712 3448 4776 δντα,
3496 4713 3656 4781 σιγᾷν
3688 4708 3735 4764 δ’

2152 4802 2187 4855 ἃ
2215 4800 2487 4869 προῦθετο
2518 4818 2577 4853 τε
2610 4804 2705 4855 καὶ
2730 4796 3103 4872 ἐπηγγείλατο
3150 4804 3330 4872 λέγειν
3386 4803 3549 4866 αὐτὸς
3583 4804 3734 4856 οὐδε-

2153 4895 2244 4957 νὸς
2281 4893 2713 4962 ἀναγκάζοντος,
2780 4897 2969 4966 ὅμοιόν
3016 4898 3166 4949 ἐστιν
3200 4895 3392 4965 ὥσπερ
3439 4896 3505 4948 ἂν
3563 4896 3737 4957 εἴτις

2158 4987 2386 5055 μηδενὸς
2414 4985 2736 5054 ἀγνοοῦντος
2772 4988 3061 5057 παρελθὼν
3111 4987 3483 5057 ἐπηγγέλλετο
3521 4987 3621 5056 μὲν
3652 4988 3740 5037 λέ-

2154 5094 2273 5146 γειν
2306 5079 2356 5130 τί
2397 5080 2513 5130 ἐστι
2571 5081 2881 5150 ἅνθρωπος,
2920 5080 3115 5134 ἔπειτα
3167 5081 3350 5148 λέγειν
3405 5080 3736 5148 ἀρξάμενος,

2155 5168 2182 5219 ὃ
2224 5166 2322 5235 μὲν
2364 5166 2516 5220 ἔστιν
2549 5168 2839 5240 ἄνθρωπος
2868 5171 3044 5222 εἰπεῖν
3103 5170 3203 5223 οὐκ
3238 5167 3410 5239 εἶχεν,
3443 5169 3480 5223 ἃ.
3533 5169 3575 5221 δ’
3638 5170 3736 5221 οὐκ

2154 5253 2310 5307 ἔστιν
2334 5256 2645 5323 ἄνθρωπος,
2701 5258 2881 5310 πάντα
2917 5257 3160 5328 σωρηδὸν
3193 5259 3494 5329 ἀπηρνεῖτο
3547 5257 3623 5327 μὴ
3653 5253 3733 5308 εἴ·

2154 5364 2263 5410 ναι,
2301 5346 2429 5415 βοῦν
2458 5351 2550 5399 καὶ
2582 5348 2749 5400 ἵππον
2777 5348 2976 5420 δηλαδὴ
3016 5351 3108 5402 καὶ
3163 5349 3369 5403 κύκνον
3431 5351 3523 5401 καὶ
3559 5345 3736 5417 κορώ-

2155 5457 2276 5509 νην,
2320 5440 2415 5491 καὶ
2446 5442 2621 5493 ὁπόσα
2660 5443 2749 5492 τὸν
2779 5442 2945 5513 ὑγρὸν
2976 5443 3032 5494 ἐν
3065 5442 3304 5515 θαλάττῃ
3356 5440 3533 5505 διάγει
3596 5440 3731 5509 βίον.

2160 5533 2392 5584 Ἔπειτα
2433 5532 2531 5586 καὶ
2573 5533 2837 5604 βραχείας
2868 5534 3089 5603 κομίζει
3128 5535 3320 5605 ῥήσεις
3342 5533 3603 5602 Μαξίμου
3642 5532 3732 5584 τοῦ

2155 5627 2327 5689 θείου,
2371 5626 2492 5697 μηδ’
2531 5628 2701 5689 αὐτὰς
2729 5627 2997 5690 λελοιπὼς
3027 5628 3263 5692 ἀπαθεῖς
3303 5628 3437 5697 μηδὲ
3467 5632 3564 5694 τῆς
3585 5626 3731 5695 αὐτῷ

2158 5719 2425 5786 συνήθους
2463 5719 2593 5771 ἄνευ
2623 5718 2985 5789 παραφθορᾶς
3010 5735 3024 5750 ⁸
3047 5720 3163 5781 πῶς
3192 5721 3303 5790 γὰρ
3340 5722 3403 5773 ἂν
3427 5723 3455 5772 ὸ
3480 5721 3619 5789 ἀνὴρ
3640 5721 3731 5787 ἁρ-

2154 5810 2347 5879 νηθείη
2385 5811 2554 5871 πάθος
2598 5811 2698 5879 ἤδη
2737 5812 3047 5864 τιαλαιωθὲν
3078 5814 3171 5863 καὶ
3217 5815 3384 5881 μήκει
3422 5813 3482 5881 ιΓ.
3517 5813 3624 5865 2ίὸ
3670 5808 3723 5879 b]

2152 5905 2349 5975 χρὸνον
2392 5904 2694 5971 βεῖαιωθὲν
2728 5907 2821 5958 καὶ
2848 5900 2957 5957 οἷον
2994 5909 3071 5969 εἰς
3107 5906 3268 5975 φύσιν
3326 5908 3505 5976 τούτῳ
3558 5921 3725 5979 μετα-
