4016 6460
266 363 362 424 43⁵7

1237 369 1683 431 ΒΥΖΑΝΤΙΝιΕ
1724 369 2114 433 IIISTORl/E
2157 376 2290 436 LIB
2351 378 2580 438 XXXV.

3431 375 3532 437 433

263 477 526 528 ᾰκτιστον
577 475 745 548 ἄλλην
804 478 1178 534 ἀνυπόστατον
1224 482 1422 549 φάσκει
1474 484 1726 554 θεοτητα,
1789 485 1850 554 τὸ

1958 502 2260 543 secundum
2299 502 2618 546 sanctorum
2663 490 2834 544 libros
2884 490 3093 560 efﬁgies
3123 499 3180 543 et
3225 491 3530 561 symbolum

258 568 566 638 τηνικαῦτα
609 571 940 641 φαινόμενον
990 573 1109 641 φῶς
1159 574 1216 628 ὲν
1260 575 1462 646 Θαϐὼρ
1512 577 1600 630 ἐπ’
1654 576 1844 642 αὑτοῦ,

259 664 353 713 καὶ
385 661 728 733 παράδειξιν,
759 665 821 715 οὐ
864 662 1070 730 δεῖξιν;
1119 665 1272 736 Μηδὲ
1303 667 1415 736 γὰρ
1447 663 1588 720 εἶναι
1621 667 1848 721 δυνατὸν

257 753 529 822 ὁραθῆναι
591 757 705 818 τοῖς
769 757 1040 826 κτίσμασι
1095 759 1158 812 τὸ
1219 759 1480 815 ἃκτιστον
1537 761 1673 831 μηδὲ
1731 762 1849 824 τοῖς

259 848 707 918 πεπερασμένοις
730 849 790 902 τὸ
812 849 1039 922 ἄπειρον
1061 851 1233 920 λέγει.
1257 854 1417 922 Δηλοῖ
1442 854 1486 908 δ’
1519 856 1846 926 ἐναργέστε-

257 958 350 1006 ρον
380 940 461 994 ἔτι
491 939 585 994 καὶ
629 941 657 994 ὀ
701 941 877 1011 μέγας
909 943 1012 1012 τῆς
1049 942 1384 1016 Ἑκκλησίας
1417 946 1575 999 τοῦτο
1615 949 1842 1017 φωστὴρ

260 1033 568 1105 Κύριλλοςο
620 1053 640 1087 ι
697 1035 1022 1106 Πεπρᾶχθαι
1065 1038 1176 1108 γάρ
1225 1055 1407 1107 φαμεν
1451 1039 1551 1109 τὴν
1601 1038 1696 1091 τοῦ
1735 1040 1847 1092 Κυ-

258 1126 400 1193 ρίου,
434 1145 451 1179 ι
484 1126 656 1194 λέγει,
686 1146 706 1180 ι
747 1129 1203 1200 μεταμόρφωσιν,
1231 1130 1294 1184 οὐ
1341 1130 1516 1201 δήπου
1559 1131 1619 1183 τὸ
1654 1131 1846 1201 σχῆμα

251 1219 316 1270 τὸ
374 1218 718 1288 ἀνθρώπινον
773 1221 1142 1283 ἀποϐαλόντος
1194 1219 1290 1274 τοῦ
1354 1221 1644 1289 σώματος,
1705 1219 1846 1273 ἀλλὰ

258 1311 416 1378 δόξης
459 1311 606 1375 τινὸς
654 1312 986 1378 φωτοειδοῦς
1021 1311 1486 1383 περιστελλούσης
1519 1310 1651 1365 αὑτό
1677 1327 1690 1342 ’
1728 1311 1848 1380 μεί-

260 1418 448 1463 ναντος
476 1402 586 1471 γὰρ
612 1400 707 1453 τοῦ
750 1401 1009 1472 σώματος
1041 1402 1136 1455 ἐπὶ
1183 1400 1278 1454 τοῦ
1312 1405 1615 1472 σχήματος,
1655 1401 1749 1454 ἐπὶ
1783 1401 1846 1453 τὸ

256 1493 594 1564 ἐνδοξότερον
643 1495 691 1547 οἱ
728 1495 1085 1566 χαρακτῆρες
1123 1496 1212 1549 διὸ.
1242 1495 1574 1564 φωτοειδοῦς
1609 1496 1842 1566 χρώμα-

254 1598 349 1644 τος
393 1583 813 1654 διεχρὼννυντο.
845 1603 863 1637 ι
901 1585 966 1656 [1³.
1006 1585 1112 1641 249
1139 1585 1197 1657 a]
1231 1587 1293 1640 Εἰ
1321 1582 1418 1640 οῦν
1443 1587 1584 1640 κατεί⁸
1610 1587 1709 1650 τὰς
1735 1587 1845 1639 τῶν

255 1672 431 1742 ἁγίων
467 1678 686 1745 γραφὰς
730 1676 904 1741 τύπος
946 1679 1044 1732 καὶ
1092 1678 1366 1748 σύμϐολον
1422 1679 1684 1731 ἀκτίστου
1729 1676 1846 1730 θεό-

253 1785 420 1836 τητος
469 1764 538 1840 ἦν
581 1771 806 1823 κάκεῖνο
857 1772 920 1824 τὸ
969 1771 1111 1840 φῶς,
1150 1761 1342 1842 ἕτερον
1388 1772 1611 1842 ἐκείνης
1652 1767 1720 1842 ἦν
1747 1773 1845 1825 καὶ

253 1833 360 1913 οῦκ
405 1833 612 1932 ἐκείνη,
649 1864 761 1917 οὐδ’
789 1833 1048 1928 ἄκτιστος
1071 1833 1274 1936 ’θεότης
1315 1865 1496 1920 εῐτουν
1531 1833 1710 1921 οῦ-σία.
1753 1865 1843 1929 Ὠς
1879 1833 1917 1888 Β

252 1953 366 2019 γὰρ
421 1953 481 2006 τὸ
536 1952 726 2024 ἕτερον
766 1956 919 2026 παρὰ.
959 1954 1061 2026 τὴν
1091 1956 1342 2026 δύναμιν
1391 1956 1532 2010 κατὰ
1571 1957 1663 2010 τὸν
1695 1956 1842 2009 Νυσ-

254 2046 397 2098 σαὲα
445 2046 750 2117 Γρηγόριον
807 2047 1037 2111 δύναμις
1089 2049 1190 2101 οὐκ
1239 2049 1408 2115 ἐστιν,
1443 2047 1589 2102 οὕτω
1640 2048 1736 2103 καὶ
1782 2048 1842 2101 τὸ

253 2143 446 2212 ἕτερον
493 2143 646 2214 παρὰ
700 2142 801 2213 τὴν
863 2147 1032 2215 μόνην
1091 2143 1350 2198 ἄκτιστον
1409 2143 1599 2196 οὐσίαν
1649 2141 1844 2214 θεότης

252 2234 510 2298 ἄκτιστος
539 2236 636 2288 οὐκ
676 2233 852 2288 ἐστιν’
893 2237 942 2288 εί
966 2237 1075 2306 γὰρ
1106 2235 1266 2307 ἄλλη,
1299 2236 1392 2290 καὶ
1438 2237 1697 2299 ἄκτιστος
1747 2237 1874 2290 καὶ⁵

253 2319 509 2392 ἁνούσιος
563 2330 656 2382 καὶ
703 2329 1107 2390 ἀνυπόστατος.
1149 2329 1526 2401 ’Ᾱνύπαρκτος
1570 2330 1702 2399 ἄρα,
1745 2331 1844 2384 καὶ

252 2423 318 2471 τὸ
360 2421 526 2485 σέϐας
582 2423 740 2496 ἁθεΐα
797 2425 999 2494 σαφής.
1031 2423 1222 2486 Οὕτως
1276 2425 1342 2477 ὲκ
1398 2425 1500 2494 μὲν
1547 2425 1843 2489 πολυθεῖας

261 2515 586 2584 Παλαμικῆς
620 2519 701 2581 είς
751 2518 942 2571 ἀθεῖαν
973 2518 1306 2588 Παλαμικὴν
1336 2521 1368 2590 ἠ
1400 2519 1657 2583 ἁνούσιος
1702 2517 1844 2589 αῦτη

257 2607 355 2658 καὶ
393 2607 768 2672 ἀνυπόστατος
798 2624 893 2662 νεα
921 2612 1016 2664 τοῦ
1050 2611 1288 2680 Παλαμᾶ
1321 2612 1515 2681 θεότης
1549 2611 1629 2671 είς
1661 2609 1724 2663 τὸ
1750 2611 1844 2664 τοῦ

259 2699 496 2767 Παλαμᾶ
540 2701 819 2772 βάραθρον
867 2704 998 2766 τοὺς
1056 2704 1469 2772 ἁπλουστέρους
1525 2705 1843 2772 ἐφέλκεται.

258 2792 374 2842 Καὶ
415 2791 498 2843 ἵνα
529 2790 872 2864 τελεωίέραν
906 2793 984 2847 ἔτι
1015 2794 1113 2865 τὴν
1153 2795 1283 2865 περὶ
1311 2795 1406 2848 τοῦ
1431 2793 1609 2862 φωτὸς
1632 2793 1845 2847 ἐκείνου

255 2883 612 2937 διδασκαλίαν
642 2885 907 2956 ἐπιγνῷς,
948 2887 1179 2941 ἀκούετε
1227 2886 1322 2942 τοῦ
1372 2887 1848 2960 Χρυσορῤήμονος

257 2973 421 3040 αὖθις
453 2978 724 3032 Ἰωάννου.
778 2979 865 3033 Ἐν
895 2980 1001 3048 γὰρ
1029 2981 1106 3046 τῷ
1138 2982 1278 3034 κατὰ
1316 2980 1417 3052 τὴν
1451 2980 1545 3032 τοῦ
1590 2979 1846 3049 Σωτῆρος

258 3071 536 3139 ἀνάληψιν
578 3071 720 3139 λόγῳ
772 3072 901 3126 τάδε
955 3073 1217 3140 διέξεισι·
1257 3093 1276 3126 ι
1335 3075 1556 3143 Θαῦμα,
1621 3093 1638 3126 ι
1686 3072 1845 3142 φησὶ,

1955 581 2217 636 inrrcatte
2246 581 2474 638 deitatis
2501 592 2623 638 erat
2657 584 2746 638 lux
2779 583 2891 644 illa.
2929 582 3076 637 aliud
3110 582 3386 650 quoddam
3413 592 3531 638 erat

1951 681 2118 742 atque
2153 673 2266 739 illa,
2303 682 2361 729 et
2396 690 2504 729 non
2531 675 2620 730 illa
2649 691 2750 730 nec
2781 675 3022 730 iucrcata
3056 673 3231 729 deitas
3261 716 3273 739 ,
3311 673 3362 727 id
3412 685 3491 729 est
3513 712 3534 742 ,

1951 765 2213 818 essentia.
2242 763 2720 832 Quemadmodum
2771 766 2920 820 enim
2971 764 3206 820 alterum
3253 765 3530 835 quoddam

1950 865 2148 924 prater
2201 859 2498 927 potentiam
2530 859 2835 917 secundum
2867 858 3192 930 Gregorium
3224 860 3528 930 Nyssenum

1953 950 2200 1018 potentia
2236 951 2383 1005 nulla
2419 961 2503 1006 est
2529 990 2544 1015 ,
2591 953 2663 1006 ita
2710 951 2875 1006 etiam
2909 955 3082 1006 altera
3121 963 3318 1022 praeter
3362 968 3527 1006 unam

1951 1040 2254 1096 increatatn
2295 1043 2593 1096 essentiam
2647 1043 2826 1099 deitas
2863 1043 3105 1099 incrcala
3149 1044 3296 1098 nulla
3335 1052 3438 1098 est.
3475 1044 3530 1097 Si
3609 1075 3617 1080 -

1947 1134 2094 1190 enim
2138 1135 2342 1199 altera,
2376 1151 2510 1206 ergo
2556 1136 2801 1190 incrcata
2832 1146 2888 1191 et
2940 1137 3312 1192 inessentialis
3359 1146 3414 1191 et
3450 1138 3534 1190 in-

1949 1226 2328 1282 substanlialis
2356 1236 2411 1282 ct
2435 1228 2743 1298 spiritualis
2761 1238 2818 1284 ct
2840 1229 3120 1283 veneratio
3146 1229 3306 1299 plane
3327 1229 3531 1284 alllt'iS-

1950 1333 2093 1372 mus.
2119 1317 2310 1389 Itaque
2327 1334 2394 1373 ex
2421 1320 2792 1391 polytheismo
2811 1320 3308 1393 Palamicohsﬁin
3323 1320 3533 1374 athcis-

1949 1424 2098 1462 mum
2133 1409 2464 1466 Palamicum
2499 1412 2613 1467 lure
2639 1412 3015 1490 inessentialis
3041 1423 3096 1468 et
3131 1413 3532 1468 insuhstantia-

1946 1499 2014 1554 lis
2033 1515 2169 1554 nova
2184 1500 2413 1556 Palamte
2429 1501 2604 1557 deitas
2623 1503 2677 1557 in
2691 1483 2923 1558 Palatinae
2941 1504 3262 1560 barathrum
3279 1505 3536 1560 credulos

1948 1593 2133 1648 trahit.
2159 1593 2335 1662 Atque
2363 1602 2422 1648 ut
2452 1594 2835 1666 perfectiorem
2881 1597 2946 1651 de
2969 1596 3091 1651 lucc
3118 1596 3206 1650 illa
3228 1593 3532 1650 doctrinam

1947 1685 2221 1751 habeatis,
2241 1685 2426 1740 audite
2451 1685 2634 1741 denuo
2658 1686 2926 1742 Joannem
2957 1687 3438 1760 Chrysostomum.
3473 1685 3529 1738 ln

1947 1779 2201 1834 oratione
2227 1781 2379 1835 enim
2414 1780 2468 1834 in
2499 1779 2806 1836 Salvatoris
2845 1782 3313 1836 resurrectionem
3347 1779 3532 1832 habita

1952 1874 2070 1928 haec
2101 1871 2311 1943 profert
2335 1889 2349 1926 :
2375 1891 2394 1924 ι
2419 1872 2727 1928 Admiratio
2747 1872 2889 1927 inter
2906 1872 3183 1944 aposml'os
3205 1880 3261 1926 et
3289 1869 3500 1940 trepida
3517 1899 3532 1909 -

1953 1967 2031 2022 tio
2051 1974 2106 2021 et
2124 1967 2492 2021 murmuratio
2516 1965 2701 2021 ﬂebat.
2723 1965 2978 2021 Mortales
3001 1963 3150 2020 enint
3177 1973 3370 2018 natura
3393 1962 3532 2027 nati,

1950 2073 2060 2113 non
2091 2057 2361 2128 ejusmodi
2397 2055 2709 2112 visionibus
2759 2056 2968 2112 assueti
3025 2063 3266 2109 mentem
3311 2051 3534 2108 amitte-

1952 2149 2109 2204 bant.
2146 2147 2252 2204 Sed
2295 2149 2445 2206 dicet
2473 2148 2749 2226 quispiam
2801 2157 2930 2203 ante
2965 2146 3242 2218 cognitam
3273 2144 3534 2200 habuisse

1954 2241 2499 2313 transﬁgurationem
2555 2251 2611 2297 et
2643 2241 2868 2296 Petrum
2901 2239 3254 2317 etIJacobum
3285 2247 3342 2293 et
3370 2237 3538 2294 Joan-

1952 2352 2103 2392 nem.
2123 2337 2266 2392 Sane
2287 2335 2657 2407 prceviderant
2678 2334 3036 2390 clariﬁcatum
3057 2333 3345 2389 Dominum
3363 2340 3420 2387 et
3437 2347 3538 2386 nu-

1953 2430 2040 2485 bis
2085 2431 2279 2485 umhra
2335 2427 2738 2485 circumdatum
2791 2427 2894 2492 iri,
2941 2441 3040 2482 nec
3099 2441 3231 2482 vero
3290 2425 3541 2481 sciebant

1953 2524 2153 2578 nubem
2187 2523 2240 2577 in
2285 2537 2469 2577 acrem
2500 2521 2750 2591 illapsam
2787 2519 2841 2573 in
2875 2518 3076 2574 cmlum
3119 2518 3414 2573 Dominum
3443 2532 3544 2572 su-

1954 2615 2319 2672 blevaturam.
2352 2613 2674 2668 Miraculum
2723 2611 2857 2666 illud
2880 2651 2895 2677 ,
2931 2611 3256 2666 miraculum
3288 2609 3418 2664 hoc.
3442 2609 3544 2663 lllo
3615 2595 3620 2600 ’

1954 2704 2221 2760 miraculo
2257 2703 2568 2759 terribilius
2595 2703 2700 2758 hoc
2732 2712 2786 2758 et
2811 2703 3089 2773 superius,
3117 2703 3220 2756 etsi
3247 2702 3412 2756 unius
3445 2699 3540 2755 Dei

1953 2795 2202 2866 potentia
2232 2803 2287 2850 et
2309 2793 2634 2865 mysterium
2667 2793 2908 2848 suberat.
2935 2793 3071 2847 Tum
3105 2793 3282 2848 Moses
3305 2801 3361 2847 et
3389 2792 3545 2848 Elias

1953 2888 2238 2958 conspecti
2267 2897 2401 2942 sunt
2436 2885 2506 2940 ab
2537 2885 2644 2950 eis,
2680 2885 2775 2956 qui
2821 2901 2946 2942 cum
2980 2886 3141 2941 Petro
3177 2893 3340 2940 erant
3367 2885 3536 2940 collo-

1953 2990 2187 3052 quentes
2223 2994 2344 3035 cum
2381 2994 2468 3045 eo,
2491 2993 2640 3032 nunc
2674 2987 2857 3033 autem
2902 2977 3132 3032 thronus
3171 2977 3551 3047 cherubicus,_

1957 3075 2008 3129 id
2047 3083 2133 3129 est
2168 3071 2466 3126 invisibilis
2494 3071 2738 3140 potentia
2768 3071 2914 3125 nube
2939 3070 3200 3124 obvoluta
3234 3069 3409 3140 spissa
3453 3085 3542 3124 ac-

264 3183 284 3214 ι
330 3165 442 3225 τοῖς
475 3163 798 3228 ἀποστόλοις
848 3165 944 3219 καὶ
970 3165 1231 3230 ἔκστασις
1265 3166 1357 3220 καὶ
1390 3166 1555 3238 θροῦς
1605 3167 1844 3234 ἐγένετο.

1958 3167 2120 3223 cessit
2149 3176 2202 3220 et
2249 3164 2538 3220 Dominum
2571 3178 2696 3217 cum
2749 3163 2926 3219 servis
2960 3163 3368 3233 colloquentem
3399 3162 3542 3217 arri-

260 3257 460 3326 Θνητοὶ
498 3257 605 3329 γὰρ
650 3258 751 3329 τὴν
797 3259 959 3328 φύσιν
993 3261 1168 3326 ὄντες,
1203 3261 1298 3314 καὶ
1336 3261 1630 3330 ἀσυνήθεις
1673 3259 1851 3313 τοιού-

257 3363 369 3400 των
409 3346 678 3416 θεωριῶν,
718 3347 1020 3422 ἐξέστησαν
1058 3351 1125 3420 τῇ
1149 3348 1384 3421 διανοίᾳ.
1430 3349 1573 3404 Ἀλλ’
1614 3351 1730 3418 ἐρεῖ
1767 3367 1847 3414 τις

258 3442 343 3492 ὅτι
392 3440 702 3510 προϊδόντες
751 3437 891 3513 ἦσαν
947 3444 1043 3495 καὶ
1082 3445 1182 3514 τὴν
1239 3443 1674 3514 μεταμόρςρωσιν
1718 3445 1744 3499 ὅ
1785 3460 1845 3496 τε

262 3533 470 3600 Πέτρος
513 3534 607 3588 καὶ¹
649 3535 908 3599 Ἰάκωϐος
959 3537 1055 3590 καὶ
1113 3537 1392 3608 Ἰωάννης.
1442 3539 1702 3608 Προεῖδον
1750 3538 1848 3608 μὲν

259 3626 383 3678 ἐκεῖ
445 3627 954 3698 μεταμορφωθέντα
1021 3629 1114 3682 τὸν
1188 3629 1399 3700 Κύριον
1453 3631 1547 3684 καὶ
1615 3631 1850 3700 νεφέλην

1957 3261 2102 3331 puit.
2127 3259 2267 3314 Tum
2299 3258 2498 3313 Petrus
2532 3256 2713 3312 libero
2754 3269 2850 3311 ore
2884 3273 2896 3309 :
2946 3273 2964 3306 ι
3003 3255 3236 3310 Domine
3259 3297 3272 3318 ,
3316 3251 3499 3324 inquit
3525 3290 3555 3319 ,1

1955 3353 2164 3408 bonum
2188 3357 2275 3406 est
2305 3364 2407 3404 nos
2437 3350 2528 3404 hic
2553 3364 2676 3404 esse
2696 3364 2710 3414 ;
2733 3348 2837 3402 tria
2869 3347 3226 3402 tabernacula
3255 3346 3543 3412 faciamus,

1960 3445 2079 3509 tibi,
2100 3443 2256 3508 Mosi,
2279 3443 2439 3509 Elite;
2475 3459 2493 3494 ι
2521 3439 2684 3512 495
2709 3454 2860 3494 nunc
2889 3454 2957 3494 ne
2981 3439 3127 3516 loqui
3148 3438 3368 3509 quidem
3401 3439 3546 3494 ullus

1959 3545 2177 3606 poterat
2200 3533 2627 3604 discipulorum,
2677 3547 2857 3602 neque
2889 3545 2951 3586 os
2977 3529 3230 3600 aperire,
3267 3531 3364 3586 sed
3396 3541 3546 3586 metu

1961 3628 2200 3684 maxime
2234 3625 2473 3697 perculsi
2513 3633 2694 3680 erant.
2742 3641 2761 3676 ι

261 3723 568 3778 σκιάσασαν
616 3724 818 3778 αὐτόν⁸
857 3723 974 3779 ἀλλ’
1017 3726 1117 3779 οὐκ
1165 3722 1308 3780 εἶδον
1357 3727 1456 3800 τὴν
1493 3729 1730 3797 νεφέλην
1795 3729 1874 3790 εἰς
1912 3727 2054 3798 ἀέρα
2107 3725 2486 3795 ἁρπασθεῖσαν
2533 3723 2630 3775 καὶ
2704 3723 2787 3786 είς
2817 3721 3086 3790 οὐρανοὺς
3134 3719 3225 3775 τὸν
3267 3718 3548 3789 Δεσπότην

258 3821 779 3887 ἀναλαμϐάνουσαν.
853 3821 1052 3891 Θαῦμα
1083 3825 1280 3890 ὲκεῖνο,
1343 3823 1532 3894 θαῦμα
1582 3825 1678 3879 καὶ
1712 3823 1910 3876 τοῦτο’
1952 3823 2093 3878 ἀλλὰ
2141 3822 2328 3892 θαῦμα
2378 3819 2661 3889 θαύματος
2695 3818 3096 3890 φοϐερώτερον,
3125 3819 3285 3874 τοῦτο
3332 3819 3544 3872 ἐκείνου

260 3916 619 3985 ὑψηλότερον,
653 3917 755 3970 κᾶν
784 3916 902 3975 ἐνὸς
932 3917 1068 3970 Θεοῦ
1101 3919 1131 3987 ἡ
1164 3917 1398 3986 δύναμις
1426 3920 1521 3972 καὶ
1543 3918 1602 3971 τὸ
1636 3919 1942 3990 μυστήριον
1973 3917 2211 3988 ὑπῆρχε.
2275 3916 2413 3970 Τότε
2479 3914 2689 3982 Μωσῆς
2754 3914 2851 3967 καὶ
2891 3913 3082 3978 Ἠλίας
3139 3912 3405 3983 ὤφθησαν
3431 3917 3547 3977 τοῖς

262 4007 395 4076 περὶ
441 4009 532 4060 τὸν
577 4009 783 4080 Πέτρον
814 4008 938 4078 μετ’
969 4008 1135 4063 αὑτοῦ
1207 4008 1640 4074 συλλαλοῦντεςο
1692 4002 1882 4063 νῦν¹δὲ
1922 4011 2116 4079 θρόνος
2183 4006 2544 4079 Χερουϐικὸς,
2592 4007 2878 4059 τουτέστιν
2920 4006 3154 4076 ἀόρατος
3196 4007 3431 4077 δύναμις
3473 4014 3541 4082 τῇ

261 4100 465 4172 ιε’ρέλῃ
487 4099 893 4172 καλυπτομένη,
929 4103 1128 4171 ἀθρόον
1156 4103 1428 4157 ἐπιστᾶσα
1495 4104 1586 4156 τὸν
1651 4103 1920 4172 δεσπότην
1957 4105 2069 4166 τοῖς
2119 4101 2330 4162 δούλοις
2395 4097 2692 4169 ὁμιλοῦντα
2757 4100 3076 4170 ἀφήρπασε.
3135 4100 3270 4154 Τότε
3337 4102 3546 4174 Πέτρος

265 4191 408 4258 μετὰ
440 4192 754 4262 παρρησίας
799 4193 1159 4263 ἀπεκρίνατ’),
1199 4212 1217 4246 ι
1260 4194 1455 4264 Κύριε,
1498 4193 1664 4247 καλόν
1729 4194 1880 4248 ἐστιν
1921 4195 2072 4264 ἡμᾶς
2128 4186 2230 4246 ὧδε
2262 4186 2406 4245 εἶναι
2430 4206 2443 4220 ’
2481 4189 2804 4263 ποιήσωμεν
2842 4193 2992 4262 τρεῖς
3017 4192 3248 4264 σκηνὰς,
3274 4195 3358 4246 σοὶ
3392 4193 3546 4262 μίαν,

263 4286 363 4338 καὶ
439 4287 630 4339 Μωσεῖ
671 4286 804 4356 μίαν
852 4287 950 4340 καὶ
1000 4287 1131 4356 μίαν
1212 4287 1394 4360 Ἤλίᾳ.
1435 4309 1452 4342 ›
1510 4288 1648 4342 Νυνὶ
1704 4287 1748 4340 δ’
1804 4288 1928 4342 οὐδὲ
1970 4285 2312 4358 φθέγξασθαί
2363 4301 2448 4348 τις
2515 4284 2752 4357 ἐδυνήθη
2813 4283 2924 4339 τῶν
2981 4284 3264 4356 μαθητῶν,
3308 4285 3431 4340 οὐδὲ
3487 4286 3550 4339 τδ

265 4383 445 4450 στόμα
474 4381 757 4447 διανοῖξαι,
788 4383 925 4437 ἀλλὰ
952 4383 1104 4454 φόϐῳ
1136 4385 1381 4455 μεγίστῳ
1405 4384 1858 4452 καταπλαγέντες
1899 4385 2222 4456 ἐξέστησαν.
2241 4402 2259 4436 t

340 4471 444 4529 lA'.
491 4475 759 4546 Ἐνταῦθα
797 4477 894 4530 καὶ
927 4479 976 4530 ει
1018 4478 1290 4549 βασκανίᾳ
1343 4479 1574 4548 κάτοχός
1613 4496 1696 4542 τις
1742 4479 1854 4549 εἴη,

2040 4479 2130 4534 XI.
2173 4478 2270 4538 llic
2311 4479 2412 4536 etsi
2436 4478 2562 4551 quis
2585 4477 2806 4534 invidiae
2830 4477 2902 4534 sit
2937 4476 3193 4534 addictus
3222 4487 3315 4534 aut
3351 4479 3550 4551 plenus

265 4570 366 4622 καὶ
415 4570 464 4622 εί
517 4569 736 4637 μακρᾶς
785 4569 1044 4640 εὐηθείας
1083 4573 1302 4641 μεστὸς,
1359 4573 1568 4634 πάντας
1630 4572 1698 4626 ἂν
1763 4588 1852 4642 μοι

1962 4569 2146 4624 nimiae
2177 4570 2574 4640 simplicitatis,
2604 4585 2798 4626 omnes
2835 4579 3019 4626 tamen
3061 4572 3396 4626 sententiam
3427 4587 3548 4627 eam

266 4663 420 4714 δοκεῖ
471 4660 573 4729 τῆς
631 4657 863 4730 γνώμης
910 4662 1037 4732 ἐμοὶ
1087 4665 1387 4727 κοινωνεῖν,
1447 4662 1859 4734 μεταθεμένους

264 4756 330 4808 τὸ
360 4753 618 4824 ἄγνωμόν
645 4771 704 4807 τε
733 4755 830 4810 καὶ
854 4755 1043 4826 δύσερι
1069 4756 1210 4828 πρός
1245 4775 1310 4823 γε
1346 4758 1407 4812 τὸ
1436 4759 1575 4830 μήτε
1610 4755 1860 4821 πλείονος

270 4847 418 4918 μήτε
464 4845 711 4916 μείζονος
767 4847 897 4918 μήτ’
936 4848 1341 4922 έναργεστέρας
1387 4851 1596 4909 δεῖσθαι
1649 4868 1861 4920 μαρτυ-

270 4943 418 5011 ρίας,
452 4941 670 4995 ὅτιτῶν
709 4939 806 4994 τοῦ
840 4943 1082 5011 Χριστοῦ
1127 4941 1194 5016 [Γ.
1224 4943 1332 5001 249
1357 4945 1386 4998 b
1414 4943 1440 5018 1
1471 4945 1771 5015 θαυμάτων
1802 4944 1861 4998 ἓν

269 5037 366 5088 καὶ
392 5035 453 5086 τὸ
473 5035 530 5086 ἐν
551 5035 824 5106 Θαϐωρίῳ
855 5035 1140 5105 δειχθῆναι
1177 5037 1317 5104 φῶς.
1349 5037 1543 5108 ’Ὅμως
1586 5038 1732 5091 δυοῖν
1778 5039 1864 5091 ὲν·

267 5127 464 5180 ταυθοῖ
494 5127 902 5200 διειλημμένων
946 5128 1204 5199 μεγάλων
1230 5128 1326 5184 τοῦ
1358 5129 1600 5201 Χριστοῦ
1647 5128 1864 5200 θαυμά⁹

267 5241 403 5288 των,
445 5222 478 5294 ἦ
531 5225 623 5276 καὶ
673 5223 821 5275 δυοῖν
852 5222 1022 5294 ἐχρῆν
1069 5221 1310 5290 Παλαμᾶ
1353 5223 1452 5294 τὴν
1495 5223 1863 5294 λατρευτικην

269 5317 572 5385 ἀπονέμειν
610 5316 988 5386 προσκύνησιν
1026 5317 1103 5382 ὡς
1147 5317 1426 5380 ἀκτίστοις
1463 5319 1739 5387 θεότησιν,
1777 5317 1864 5371 ἴνα

274 5405 464 5476 μεῖζον
507 5405 600 5458 καὶ
625 5409 1010 5475 φανερώτερον
1114 5407 1172 5459 τὸ
1203 5407 1510 5476 νεμόμενον
1545 5409 1646 5478 τῆς
1693 5406 1862 5459 αὑτοῦ

272 5500 499 5561 κακίας,
537 5500 570 5568 ἦ
618 5499 856 5570 θατέρῳ,
891 5499 966 5570 τῷ
1002 5499 1214 5568 μείζονι
1261 5500 1465 5572 δηλαδὴ
1517 5502 1612 5554 καὶ
1655 5499 1854 5570 ὑψηλοο

271 5593 437 5660 τέρῳ.
483 5589 543 5644 Εἰ
583 5591 641 5642 δὲ
677 5593 836 5644 τοῦτο
874 5593 1065 5661 μηδεὶς
1117 5593 1348 5664 μηδαμῆ
1395 5611 1483 5647 πω
1524 5594 1864 5664 τετόλμηκεν

273 5683 383 5736 οὐδ’
420 5683 500 5746 είς
532 5682 658 5736 νοῦν
687 5684 972 5756 εἰληφέναι
1003 5686 1266 5755 τρόφιμος
1299 5687 1588 5750 εὐσεϐείας
1622 5689 1714 5740 καὶ
1748 5686 1864 5754 ἅμα

277 5775 529 5836 παιδείας
561 5775 899 5846 εὐσχήμονος
943 5777 1082 5848 ἔχων
1112 5778 1400 5847 ἡλικιῶτιν
1452 5779 1718 5841 διάνοιαν,
1756 5777 1862 5832 ποῦ

278 5871 490 5922 ἐίκαιον
525 5871 636 5934 τοῖς
686 5888 742 5922 τε
800 5871 1189 5944 Εἰκονομόιχοις
1237 5873 1468 5938 ἐκείνοις
1515 5875 1608 5927 καὶ
1656 5873 1770 5944 ἅμα
1798 5875 1864 5943 τῇ

1965 4678 2180 4718 mecum
2219 4661 2731 4718 communicaturus
2762 4669 2916 4730 puto,
2950 4661 3024 4715 ita
3052 4670 3112 4714 ut
3143 4661 3356 4715 sublata
3380 4671 3552 4716 teme-

1963 4755 2129 4816 ritate
2169 4765 2226 4812 et
2264 4755 2442 4827 litigio
2489 4772 2599 4811 non
2657 4755 2894 4826 amplius
2943 4769 3083 4825 Opus
3129 4755 3202 4809 sit
3240 4756 3445 4825 majore
3496 4765 3553 4810 et

1965 4847 2353 4904 manifestiore
2387 4857 2740 4919 argumento,
2783 4861 2896 4918 quo
2948 4847 3094 4902 inter
3125 4847 3335 4903 Christi
3380 4850 3552 4904 mira-

1964 4940 2090 4996 cula
2130 4941 2476 4996 numeranda
2499 4956 2623 4996 esse
2658 4938 2825 4994 etiam
2849 4939 2944 4994 lux
2972 4939 3066 4994 illa
3102 4941 3155 4994 in
3182 4938 3410 4996 Thabor
3454 4941 3554 4997 de—

1965 5042 2332 5088 monstretur.
2380 5033 2644 5089 Attamen
2673 5047 2800 5088 eum
2843 5032 2968 5100 duo
2995 5048 3191 5104 magna
3236 5033 3312 5090 ibi
3341 5034 3550 5092 Christi

1966 5125 2235 5180 miracula
2255 5133 2559 5180 monstrata
2587 5134 2797 5192 essent,
2816 5134 2913 5180 aut
2943 5124 3159 5182 duabus
3187 5140 3412 5183 necesse
3433 5138 3553 5183 erat

1967 5221 2378 5277 venerationem
2401 5218 2666 5273 vindicari
2695 5218 2928 5274 Polalmﬁ
2947 5219 3208 5276 increatis
3232 5219 3549 5287 deitatibus,

1968 5313 2044 5368 ita
2087 5321 2142 5367 ut
2178 5312 2352 5383 major
2401 5321 2456 5366 et
2502 5311 2850 5366 manifestior
2881 5312 3168 5382 pravitatis
3217 5312 3337 5383 ejus
3372 5313 3552 5369 vindi-

1967 5404 2112 5460 catio
2147 5413 2296 5459 esset
2319 5444 2334 5469 ,
2369 5413 2464 5458 aut
2513 5404 2672 5458 alteri
2709 5403 2905 5475 majori
2961 5413 3020 5457 rt
3062 5403 3356 5473 superiori.
3391 5404 3549 5471 Quod

1967 5500 2015 5555 si
2069 5515 2232 5554 nemo
2291 5513 2533 5568 unquam
2607 5506 2841 5552 conatus
2909 5507 2994 5553 est
3062 5497 3117 5552 in
3165 5497 3408 5552 animum
3470 5497 3553 5553 in-

1969 5594 2198 5658 ducere,
2226 5593 2432 5662 quippe
2466 5594 2712 5646 nutritus
2743 5590 3009 5662 religione
3041 5599 3096 5646 et
3128 5590 3395 5662 prmditus
3422 5607 3552 5647 sana

1970 5687 2126 5742 bona:
2151 5685 2438 5740 erudionis
2465 5684 2720 5748 scicntia,
2751 5699 2878 5738 num
2905 5699 3124 5752 acquum
3153 5693 3238 5740 est
3272 5683 3551 5739 Iconotna-

1971 5780 2091 5835 chis
2119 5779 2226 5835 illis
2257 5787 2309 5834 ct
2336 5795 2489 5834 novre
2508 5779 2636 5834 huic
2656 5778 2890 5833 Palama:
2919 5779 3065 5847 genti
3091 5787 3330 5833 mentem
3360 5778 3552 5834 adver-

1972 5883 2111 5939 tcrc,
2142 5869 2236 5940 qui
2267 5879 2321 5924 ct
2352 5870 2534 5927 oninia
2592 5871 2818 5939 impune
2865 5869 3076 5926 audent
3125 5869 3360 5942 pessima
3400 5869 3550 5939 loqui
