  <div class='ocr_page' id='page_1' title='image "/cluster/home/n/w/nwhite01/storage/ocr_20150623/149:no.2/coo.31924054870542/228.png"; bbox 0 0 4016 6514; ppageno 0'>
   <div class='ocr_carea' id='block_1_1' title="bbox 355 368 452 418">
    <p class='ocr_par' dir='ltr' id='par_1_1' title="bbox 355 368 452 418">
     <span class='ocr_line' id='line_1_1' title="bbox 355 368 452 418; baseline -0.021 0"><span class='ocrx_word' id='word_1_1' title='bbox 355 368 452 418; x_wconf 54' lang='lat' dir='ltr'><strong>(Ml</strong></span> 
     </span>
    </p>
   </div>
   <div class='ocr_carea' id='block_1_2' title="bbox 1315 361 2751 431">
    <p class='ocr_par' dir='ltr' id='par_1_2' title="bbox 1315 361 2751 431">
     <span class='ocr_line' id='line_1_2' title="bbox 1315 361 2751 431; baseline 0.008 -13"><span class='ocrx_word' id='word_1_2' title='bbox 1315 361 1764 422; x_wconf 63' lang='lat' dir='ltr'><strong>BYZiNTlNE</strong></span> <span class='ocrx_word' id='word_1_3' title='bbox 1810 365 2193 428; x_wconf 66' lang='lat' dir='ltr'><strong>HISTORHE</strong></span> <span class='ocrx_word' id='word_1_4' title='bbox 2238 372 2384 430; x_wconf 81' lang='lat' dir='ltr'><strong>LIB.</strong></span> <span class='ocrx_word' id='word_1_5' title='bbox 2427 370 2659 431; x_wconf 79' lang='lat' dir='ltr'><strong>XXXV.</strong></span> <span class='ocrx_word' id='word_1_6' title='bbox 2734 378 2751 384; x_wconf 73' lang='grc'><em>’</em></span> 
     </span>
    </p>
   </div>
   <div class='ocr_carea' id='block_1_3' title="bbox 3552 362 3659 431">
    <p class='ocr_par' dir='ltr' id='par_1_3' title="bbox 3552 362 3659 431">
     <span class='ocr_line' id='line_1_3' title="bbox 3552 362 3659 431; baseline -0.047 1"><span class='ocrx_word' id='word_1_7' title='bbox 3552 362 3659 431; x_wconf 67' lang='grc'><strong>442</strong></span> 
     </span>
    </p>
   </div>
   <div class='ocr_carea' id='block_1_4' title="bbox 356 468 1946 550">
    <p class='ocr_par' dir='ltr' id='par_1_4' title="bbox 356 468 1944 537">
     <span class='ocr_line' id='line_1_4' title="bbox 356 468 1944 537; baseline 0.001 -14"><span class='ocrx_word' id='word_1_8' title='bbox 356 472 538 523; x_wconf 77' lang='grc' dir='ltr'>ἐκεῖνο</span> <span class='ocrx_word' id='word_1_9' title='bbox 582 470 643 522; x_wconf 73' lang='grc' dir='ltr'><strong>τὸ</strong></span> <span class='ocrx_word' id='word_1_10' title='bbox 690 468 805 535; x_wconf 80' lang='grc' dir='ltr'><strong>φῶς</strong></span> <span class='ocrx_word' id='word_1_11' title='bbox 851 468 1043 537; x_wconf 69' lang='grc' dir='ltr'>θείτης</span> <span class='ocrx_word' id='word_1_12' title='bbox 1093 470 1351 532; x_wconf 58' lang='lat' dir='ltr'><strong>iuris-:5;</strong></span> <span class='ocrx_word' id='word_1_13' title='bbox 1411 488 1468 522; x_wconf 85' lang='grc' dir='ltr'><strong>τε</strong></span> <span class='ocrx_word' id='word_1_14' title='bbox 1522 471 1616 523; x_wconf 79' lang='grc' dir='ltr'>καὶ</span> <span class='ocrx_word' id='word_1_15' title='bbox 1666 472 1944 537; x_wconf 77' lang='grc' dir='ltr'>ἀνούσιος,</span> 
     </span>
    </p>
   </div>
   <div class='ocr_carea' id='block_1_5' title="bbox 2046 468 3656 550">
    <p class='ocr_par' dir='ltr' id='par_1_5' title="bbox 2051 478 3656 550">
     <span class='ocr_line' id='line_1_5' title="bbox 2051 478 3656 550; baseline 0.005 -19"><span class='ocrx_word' id='word_1_16' title='bbox 2051 479 2293 533; x_wconf 84' lang='lat' dir='ltr'><strong>ostendit</strong></span> <span class='ocrx_word' id='word_1_17' title='bbox 2329 480 2530 545; x_wconf 81' lang='lat' dir='ltr'><strong>lucem,</strong></span> <span class='ocrx_word' id='word_1_18' title='bbox 2561 496 2668 534; x_wconf 84' lang='lat' dir='ltr'><strong>non</strong></span> <span class='ocrx_word' id='word_1_19' title='bbox 2706 495 2967 550; x_wconf 80' lang='lat' dir='ltr'><strong>magnum</strong></span> <span class='ocrx_word' id='word_1_20' title='bbox 3001 478 3333 536; x_wconf 83' lang='lat' dir='ltr'><strong>desiderium</strong></span> <span class='ocrx_word' id='word_1_21' title='bbox 3357 496 3445 536; x_wconf 90' lang='lat' dir='ltr'><strong>res</strong></span> <span class='ocrx_word' id='word_1_22' title='bbox 3487 491 3656 538; x_wconf 82' lang='lat' dir='ltr'><strong>nabe-</strong></span> 
     </span>
    </p>
   </div>
   <div class='ocr_carea' id='block_1_6' title="bbox 354 558 1950 630">
    <p class='ocr_par' dir='ltr' id='par_1_6' title="bbox 354 558 1950 630">
     <span class='ocr_line' id='line_1_6' title="bbox 354 558 1950 630; baseline 0.002 -17"><span class='ocrx_word' id='word_1_23' title='bbox 354 560 470 613; x_wconf 82' lang='grc' dir='ltr'>ἀλλ’</span> <span class='ocrx_word' id='word_1_24' title='bbox 505 559 617 611; x_wconf 78' lang='grc' dir='ltr'>οὐδ’</span> <span class='ocrx_word' id='word_1_25' title='bbox 648 558 941 629; x_wconf 82' lang='grc' dir='ltr'>ἀσώματον</span> <span class='ocrx_word' id='word_1_26' title='bbox 966 579 977 591; x_wconf 69' lang='grc'><strong><em>⁸</em></strong></span> <span class='ocrx_word' id='word_1_27' title='bbox 1027 561 1159 629; x_wconf 76' lang='grc' dir='ltr'>φησὶ</span> <span class='ocrx_word' id='word_1_28' title='bbox 1209 561 1315 629; x_wconf 73' lang='grc' dir='ltr'><strong>γὰρ</strong></span> <span class='ocrx_word' id='word_1_29' title='bbox 1364 562 1553 630; x_wconf 77' lang='grc' dir='ltr'>ὑμνῶν</span> <span class='ocrx_word' id='word_1_30' title='bbox 1597 563 1801 616; x_wconf 68' lang='grc' dir='ltr'>οὑτωσί</span> <span class='ocrx_word' id='word_1_31' title='bbox 1832 580 1950 622; x_wconf 79' lang='grc' dir='ltr'><strong>πως</strong></span> 
     </span>
    </p>
   </div>
   <div class='ocr_carea' id='block_1_7' title="bbox 353 642 1949 720">
    <p class='ocr_par' dir='ltr' id='par_1_7' title="bbox 353 642 1949 720">
     <span class='ocr_line' id='line_1_7' title="bbox 353 642 1949 720; baseline 0.002 -19"><span class='ocrx_word' id='word_1_32' title='bbox 353 642 513 710; x_wconf 72' lang='grc' dir='ltr'>οὗτος</span> <span class='ocrx_word' id='word_1_33' title='bbox 536 649 703 701; x_wconf 78' lang='grc' dir='ltr'>αὑτό·</span> <span class='ocrx_word' id='word_1_34' title='bbox 744 667 761 698; x_wconf 85' lang='grc' dir='ltr'><strong>ι</strong></span> <span class='ocrx_word' id='word_1_35' title='bbox 798 649 859 702; x_wconf 84' lang='grc' dir='ltr'>Εἰ</span> <span class='ocrx_word' id='word_1_36' title='bbox 888 649 986 701; x_wconf 64' lang='grc' dir='ltr'><strong>καὶ</strong></span> <span class='ocrx_word' id='word_1_37' title='bbox 1023 647 1389 719; x_wconf 79' lang='grc' dir='ltr'>σωματικώτε</span> <span class='ocrx_word' id='word_1_38' title='bbox 1402 666 1494 718; x_wconf 81' lang='grc' dir='ltr'><strong>ρσν</strong></span> <span class='ocrx_word' id='word_1_39' title='bbox 1521 651 1548 702; x_wconf 89' lang='lat'><strong>6</strong></span> <span class='ocrx_word' id='word_1_40' title='bbox 1582 649 1773 720; x_wconf 77' lang='grc' dir='ltr'>Σωτὴρ</span> <span class='ocrx_word' id='word_1_41' title='bbox 1803 650 1949 704; x_wconf 79' lang='grc' dir='ltr'>τοῦτ’</span> 
     </span>
    </p>
   </div>
   <div class='ocr_carea' id='block_1_8' title="bbox 355 738 1948 813">
    <p class='ocr_par' dir='ltr' id='par_1_8' title="bbox 355 738 1948 813">
     <span class='ocr_line' id='line_1_8' title="bbox 355 738 1948 813; baseline 0.004 -21"><span class='ocrx_word' id='word_1_42' title='bbox 355 738 568 794; x_wconf 76' lang='grc' dir='ltr'><strong>ἐδείκνυ</strong></span> <span class='ocrx_word' id='word_1_43' title='bbox 622 739 683 791; x_wconf 73' lang='grc' dir='ltr'><strong>τὸ</strong></span> <span class='ocrx_word' id='word_1_44' title='bbox 752 738 893 808; x_wconf 85' lang='grc' dir='ltr'>φῶς,</span> <span class='ocrx_word' id='word_1_45' title='bbox 952 740 1068 792; x_wconf 77' lang='grc' dir='ltr'>ἀλλ’</span> <span class='ocrx_word' id='word_1_46' title='bbox 1115 740 1209 794; x_wconf 85' lang='grc' dir='ltr'><strong>οῦν</strong></span> <span class='ocrx_word' id='word_1_47' title='bbox 1266 740 1472 810; x_wconf 75' lang='grc' dir='ltr'>πολλὴν</span> <span class='ocrx_word' id='word_1_48' title='bbox 1525 742 1834 813; x_wconf 74' lang='grc' dir='ltr'>ἐπιθυμίαν</span> <span class='ocrx_word' id='word_1_49' title='bbox 1884 744 1948 798; x_wconf 80' lang='grc' dir='ltr'>τὸ</span> 
     </span>
    </p>
   </div>
   <div class='ocr_carea' id='block_1_9' title="bbox 356 828 1951 906">
    <p class='ocr_par' dir='ltr' id='par_1_9' title="bbox 356 828 1951 906">
     <span class='ocr_line' id='line_1_9' title="bbox 356 828 1951 906; baseline 0.003 -22"><span class='ocrx_word' id='word_1_50' title='bbox 356 833 595 900; x_wconf 74' lang='grc' dir='ltr'>πρᾶγμα</span> <span class='ocrx_word' id='word_1_51' title='bbox 646 828 781 901; x_wconf 75' lang='grc' dir='ltr'>εἷχε.</span> <span class='ocrx_word' id='word_1_52' title='bbox 826 851 844 883; x_wconf 74' lang='grc' dir='ltr'><strong>ι</strong></span> <span class='ocrx_word' id='word_1_53' title='bbox 900 833 1007 888; x_wconf 71' lang='grc' dir='ltr'><strong>Καὶ</strong></span> <span class='ocrx_word' id='word_1_54' title='bbox 1046 831 1234 897; x_wconf 80' lang='grc' dir='ltr'>πάλιν,</span> <span class='ocrx_word' id='word_1_55' title='bbox 1284 852 1302 884; x_wconf 77' lang='grc' dir='ltr'><strong>ι</strong></span> <span class='ocrx_word' id='word_1_56' title='bbox 1355 835 1414 886; x_wconf 76' lang='lat' dir='ltr'><strong>Ei</strong></span> <span class='ocrx_word' id='word_1_57' title='bbox 1453 834 1498 887; x_wconf 83' lang='grc' dir='ltr'>δ’</span> <span class='ocrx_word' id='word_1_58' title='bbox 1540 835 1791 906; x_wconf 78' lang='grc' dir='ltr'>άμυδράν</span> <span class='ocrx_word' id='word_1_59' title='bbox 1828 855 1951 889; x_wconf 84' lang='grc' dir='ltr'>τινα</span> 
     </span>
    </p>
   </div>
   <div class='ocr_carea' id='block_1_10' title="bbox 356 923 1957 993">
    <p class='ocr_par' dir='ltr' id='par_1_10' title="bbox 356 923 1957 993">
     <span class='ocr_line' id='line_1_10' title="bbox 356 923 1957 993; baseline 0.006 -20"><span class='ocrx_word' id='word_1_60' title='bbox 356 925 467 975; x_wconf 77' lang='grc' dir='ltr'><strong>τῶν</strong></span> <span class='ocrx_word' id='word_1_61' title='bbox 496 924 587 992; x_wconf 77' lang='grc' dir='ltr'>με)</span> <span class='ocrx_word' id='word_1_62' title='bbox 601 924 801 975; x_wconf 80' lang='grc' dir='ltr'>λὸντων</span> <span class='ocrx_word' id='word_1_63' title='bbox 843 926 870 975; x_wconf 90' lang='lat'><strong>6</strong></span> <span class='ocrx_word' id='word_1_64' title='bbox 902 925 1106 993; x_wconf 82' lang='grc' dir='ltr'>Πέτρος</span> <span class='ocrx_word' id='word_1_65' title='bbox 1142 923 1265 976; x_wconf 84' lang='grc' dir='ltr'>ἰδὼν</span> <span class='ocrx_word' id='word_1_66' title='bbox 1309 926 1518 990; x_wconf 72' lang='grc' dir='ltr'>εἰκόνα,</span> <span class='ocrx_word' id='word_1_67' title='bbox 1555 930 1755 981; x_wconf 60' lang='grc' dir='ltr'><em>Καλόν</em></span> <span class='ocrx_word' id='word_1_68' title='bbox 1784 929 1957 983; x_wconf 74' lang='grc' dir='ltr'>ἐστιν</span> 
     </span>
    </p>
   </div>
   <div class='ocr_carea' id='block_1_11' title="bbox 358 1009 1952 1089">
    <p class='ocr_par' dir='ltr' id='par_1_11' title="bbox 358 1009 1952 1089">
     <span class='ocr_line' id='line_1_11' title="bbox 358 1009 1952 1089; baseline 0.004 -22"><span class='ocrx_word' id='word_1_69' title='bbox 358 1013 519 1083; x_wconf 75' lang='grc' dir='ltr'>ἡμᾶς</span> <span class='ocrx_word' id='word_1_70' title='bbox 547 1009 665 1068; x_wconf 72' lang='grc' dir='ltr'>ὦδε</span> <span class='ocrx_word' id='word_1_71' title='bbox 692 1011 869 1077; x_wconf 73' lang='grc' dir='ltr'>εἶναι,</span> <span class='ocrx_word' id='word_1_72' title='bbox 894 1016 1019 1084; x_wconf 81' lang='grc' dir='ltr'>ἔφη.</span> <span class='ocrx_word' id='word_1_73' title='bbox 1050 1016 1103 1068; x_wconf 85' lang='grc' dir='ltr'><strong>τί</strong></span> <span class='ocrx_word' id='word_1_74' title='bbox 1130 1017 1196 1069; x_wconf 79' lang='grc' dir='ltr'>ἄν</span> <span class='ocrx_word' id='word_1_75' title='bbox 1226 1034 1311 1077; x_wconf 82' lang='grc' dir='ltr'><strong>τις</strong></span> <span class='ocrx_word' id='word_1_76' title='bbox 1342 1019 1470 1087; x_wconf 77' lang='grc' dir='ltr'>εἴπῃ</span> <span class='ocrx_word' id='word_1_77' title='bbox 1513 1019 1642 1070; x_wconf 81' lang='grc' dir='ltr'>ὅταν</span> <span class='ocrx_word' id='word_1_78' title='bbox 1680 1019 1819 1089; x_wconf 77' lang='grc' dir='ltr'>αὐτὴ</span> <span class='ocrx_word' id='word_1_79' title='bbox 1844 1021 1952 1074; x_wconf 87' lang='grc' dir='ltr'><strong>τῶν</strong></span> 
     </span>
    </p>
   </div>
   <div class='ocr_carea' id='block_1_12' title="bbox 359 1096 1947 1179">
    <p class='ocr_par' dir='ltr' id='par_1_12' title="bbox 359 1096 1947 1179">
     <span class='ocr_line' id='line_1_12' title="bbox 359 1096 1947 1179; baseline 0.003 -21"><span class='ocrx_word' id='word_1_80' title='bbox 359 1109 708 1175; x_wconf 74' lang='grc' dir='ltr'><strong>πραγμάτων</strong></span> <span class='ocrx_word' id='word_1_81' title='bbox 744 1110 776 1178; x_wconf 78' lang='grc' dir='ltr'><strong>ἡ</strong></span> <span class='ocrx_word' id='word_1_82' title='bbox 807 1107 1037 1177; x_wconf 75' lang='grc' dir='ltr'>ἀλήθεια</span> <span class='ocrx_word' id='word_1_83' title='bbox 1077 1096 1500 1177; x_wconf 74' lang='grc' dir='ltr'>παραγένηταις</span> <span class='ocrx_word' id='word_1_84' title='bbox 1552 1127 1570 1160; x_wconf 72' lang='grc' dir='ltr'><strong>ι</strong></span> <span class='ocrx_word' id='word_1_85' title='bbox 1619 1111 1724 1163; x_wconf 81' lang='grc' dir='ltr'><strong>Καὶ</strong></span> <span class='ocrx_word' id='word_1_86' title='bbox 1759 1111 1947 1179; x_wconf 79' lang='grc' dir='ltr'>πάλιν,</span> 
     </span>
    </p>
   </div>
   <div class='ocr_carea' id='block_1_13' title="bbox 367 1199 1948 1271">
    <p class='ocr_par' dir='ltr' id='par_1_13' title="bbox 367 1199 1948 1271">
     <span class='ocr_line' id='line_1_13' title="bbox 367 1199 1948 1271; baseline 0.004 -21"><span class='ocrx_word' id='word_1_87' title='bbox 367 1218 387 1250; x_wconf 76' lang='grc' dir='ltr'><strong>ι</strong></span> <span class='ocrx_word' id='word_1_88' title='bbox 434 1199 836 1269; x_wconf 78' lang='grc' dir='ltr'>Ἐθεασάμεθα,</span> <span class='ocrx_word' id='word_1_89' title='bbox 880 1219 899 1251; x_wconf 73' lang='grc' dir='ltr'><strong>ι</strong></span> <span class='ocrx_word' id='word_1_90' title='bbox 943 1202 1099 1271; x_wconf 69' lang='grc' dir='ltr'>φησι,</span> <span class='ocrx_word' id='word_1_91' title='bbox 1140 1219 1158 1251; x_wconf 82' lang='grc' dir='ltr'><strong>ι</strong></span> <span class='ocrx_word' id='word_1_92' title='bbox 1194 1202 1296 1271; x_wconf 79' lang='grc' dir='ltr'>τὴν</span> <span class='ocrx_word' id='word_1_93' title='bbox 1330 1200 1491 1265; x_wconf 77' lang='grc' dir='ltr'>δόξαν</span> <span class='ocrx_word' id='word_1_94' title='bbox 1516 1202 1706 1269; x_wconf 76' lang='grc' dir='ltr'>αὐτοῦ,</span> <span class='ocrx_word' id='word_1_95' title='bbox 1750 1204 1851 1257; x_wconf 79' lang='grc' dir='ltr'>οὐκ</span> <span class='ocrx_word' id='word_1_96' title='bbox 1881 1204 1948 1257; x_wconf 83' lang='grc' dir='ltr'>ἂν</span> 
     </span>
    </p>
   </div>
   <div class='ocr_carea' id='block_1_14' title="bbox 360 1290 2011 1368">
    <p class='ocr_par' dir='ltr' id='par_1_14' title="bbox 360 1290 2011 1368">
     <span class='ocr_line' id='line_1_14' title="bbox 360 1290 2011 1368; baseline 0.005 -22"><span class='ocrx_word' id='word_1_97' title='bbox 360 1294 693 1359; x_wconf 64' lang='grc' dir='ltr'>θεασάμενοι</span> <span class='ocrx_word' id='word_1_98' title='bbox 721 1294 873 1367; x_wconf 69' lang='grc' dir='ltr'>είμὴ</span> <span class='ocrx_word' id='word_1_99' title='bbox 933 1295 1021 1349; x_wconf 76' lang='grc' dir='ltr'><strong>διὰ</strong></span> <span class='ocrx_word' id='word_1_100' title='bbox 1068 1294 1162 1347; x_wconf 88' lang='grc' dir='ltr'><strong>τοῦ</strong></span> <span class='ocrx_word' id='word_1_101' title='bbox 1196 1299 1499 1366; x_wconf 77' lang='grc' dir='ltr'>συντρόφου</span> <span class='ocrx_word' id='word_1_102' title='bbox 1554 1290 1835 1366; x_wconf 83' lang='grc' dir='ltr'>’σώματος</span> <span class='ocrx_word' id='word_1_103' title='bbox 1878 1301 2011 1368; x_wconf 82' lang='grc' dir='ltr'>ἡμῖν</span> 
     </span>
    </p>
   </div>
   <div class='ocr_carea' id='block_1_15' title="bbox 363 1387 2019 1460">
    <p class='ocr_par' dir='ltr' id='par_1_15' title="bbox 363 1387 2019 1460">
     <span class='ocr_line' id='line_1_15' title="bbox 363 1387 2019 1460; baseline 0.003 -18"><span class='ocrx_word' id='word_1_104' title='bbox 363 1391 506 1458; x_wconf 88' lang='grc' dir='ltr'>μεθα</span> <span class='ocrx_word' id='word_1_105' title='bbox 529 1390 623 1443; x_wconf 69' lang='grc' dir='ltr'><strong>τὸν</strong></span> <span class='ocrx_word' id='word_1_106' title='bbox 660 1390 921 1460; x_wconf 70' lang='grc' dir='ltr'>Χριστὸν,</span> <span class='ocrx_word' id='word_1_107' title='bbox 944 1388 1041 1458; x_wconf 79' lang='grc' dir='ltr'>οὐχ</span> <span class='ocrx_word' id='word_1_108' title='bbox 1090 1387 1264 1452; x_wconf 74' lang='grc' dir='ltr'>οὕτως</span> <span class='ocrx_word' id='word_1_109' title='bbox 1296 1389 1371 1454; x_wconf 86' lang='grc' dir='ltr'>ὡς</span> <span class='ocrx_word' id='word_1_110' title='bbox 1439 1392 1486 1443; x_wconf 70' lang='lat' dir='ltr'><strong>oi</strong></span> <span class='ocrx_word' id='word_1_111' title='bbox 1517 1392 1810 1446; x_wconf 81' lang='grc' dir='ltr'><strong>ἀπόστολοι</strong></span> <span class='ocrx_word' id='word_1_112' title='bbox 1872 1394 2019 1460; x_wconf 87' lang='grc' dir='ltr'>τότε,</span> 
     </span>
    </p>
   </div>
   <div class='ocr_carea' id='block_1_16' title="bbox 359 1482 567 1535">
    <p class='ocr_par' dir='ltr' id='par_1_16' title="bbox 359 1482 567 1535">
     <span class='ocr_line' id='line_1_16' title="bbox 359 1482 567 1535; baseline 0.014 -3"><span class='ocrx_word' id='word_1_113' title='bbox 359 1482 505 1535; x_wconf 62' lang='grc' dir='ltr'>ἥξει.</span> <span class='ocrx_word' id='word_1_114' title='bbox 547 1502 567 1535; x_wconf 85' lang='grc'>›</span> 
     </span>
    </p>
   </div>
   <div class='ocr_carea' id='block_1_17' title="bbox 384 1519 1948 1646">
    <p class='ocr_par' dir='ltr' id='par_1_17' title="bbox 384 1519 1948 1646">
     <span class='ocr_line' id='line_1_17' title="bbox 384 1519 1948 1646; baseline -0.001 -17"><span class='ocrx_word' id='word_1_115' title='bbox 384 1519 532 1631; x_wconf 66' lang='lat' dir='ltr'><strong>nll&quot;.</strong></span> <span class='ocrx_word' id='word_1_116' title='bbox 567 1575 632 1629; x_wconf 85' lang='grc' dir='ltr'>Εί</span> <span class='ocrx_word' id='word_1_117' title='bbox 666 1568 759 1628; x_wconf 83' lang='grc' dir='ltr'><strong>οῦν</strong></span> <span class='ocrx_word' id='word_1_118' title='bbox 783 1574 1040 1642; x_wconf 71' lang='grc' dir='ltr'>λαμπρὸν</span> <span class='ocrx_word' id='word_1_119' title='bbox 1086 1572 1186 1642; x_wconf 79' lang='grc' dir='ltr'>μὲν</span> <span class='ocrx_word' id='word_1_120' title='bbox 1231 1574 1260 1626; x_wconf 96' lang='lat'><strong>6</strong></span> <span class='ocrx_word' id='word_1_121' title='bbox 1319 1573 1555 1646; x_wconf 76' lang='grc' dir='ltr'>Χριστὸς</span> <span class='ocrx_word' id='word_1_122' title='bbox 1601 1573 1840 1628; x_wconf 76' lang='grc' dir='ltr'>ἐνταῦθα</span> <span class='ocrx_word' id='word_1_123' title='bbox 1882 1574 1948 1628; x_wconf 72' lang='lat'><em>16</em></span> 
     </span>
    </p>
   </div>
   <div class='ocr_carea' id='block_1_18' title="bbox 361 1663 1949 1737">
    <p class='ocr_par' dir='ltr' id='par_1_18' title="bbox 361 1663 1949 1737">
     <span class='ocr_line' id='line_1_18' title="bbox 361 1663 1949 1737; baseline 0 -19"><span class='ocrx_word' id='word_1_124' title='bbox 361 1666 480 1737; x_wconf 77' lang='grc' dir='ltr'><strong>φῶς</strong></span> <span class='ocrx_word' id='word_1_125' title='bbox 525 1669 704 1719; x_wconf 70' lang='grc' dir='ltr'>ικεῖνο</span> <span class='ocrx_word' id='word_1_126' title='bbox 746 1663 976 1734; x_wconf 79' lang='grc' dir='ltr'>δέδειχε,</span> <span class='ocrx_word' id='word_1_127' title='bbox 1016 1664 1405 1736; x_wconf 83' lang='grc' dir='ltr'>λαμπρότερον</span> <span class='ocrx_word' id='word_1_128' title='bbox 1433 1664 1478 1718; x_wconf 88' lang='grc' dir='ltr'>δ’</span> <span class='ocrx_word' id='word_1_129' title='bbox 1510 1665 1606 1719; x_wconf 84' lang='grc' dir='ltr'><strong>οῦν</strong></span> <span class='ocrx_word' id='word_1_130' title='bbox 1638 1668 1695 1729; x_wconf 77' lang='grc' dir='ltr'>ἐς</span> <span class='ocrx_word' id='word_1_131' title='bbox 1724 1666 1786 1718; x_wconf 84' lang='grc' dir='ltr'><strong>τὺ</strong></span> <span class='ocrx_word' id='word_1_132' title='bbox 1820 1665 1949 1737; x_wconf 85' lang='grc' dir='ltr'>μέλ-</span> 
     </span>
    </p>
   </div>
   <div class='ocr_carea' id='block_1_19' title="bbox 361 1757 2022 1862">
    <p class='ocr_par' dir='ltr' id='par_1_19' title="bbox 361 1757 2022 1862">
     <span class='ocr_line' id='line_1_19' title="bbox 361 1757 2022 1862; baseline 0.001 -53"><span class='ocrx_word' id='word_1_133' title='bbox 361 1760 454 1812; x_wconf 84' lang='grc' dir='ltr'><strong>λον</strong></span> <span class='ocrx_word' id='word_1_134' title='bbox 491 1761 605 1823; x_wconf 89' lang='grc' dir='ltr'>τοῖς</span> <span class='ocrx_word' id='word_1_135' title='bbox 633 1758 813 1825; x_wconf 79' lang='grc' dir='ltr'>ἁγίοις</span> <span class='ocrx_word' id='word_1_136' title='bbox 856 1758 1025 1822; x_wconf 81' lang='grc' dir='ltr'>δείξει</span> <span class='ocrx_word' id='word_1_137' title='bbox 1058 1758 1310 1830; x_wconf 75' lang='grc' dir='ltr'><strong>ἀνδράσι,</strong></span> <span class='ocrx_word' id='word_1_138' title='bbox 1350 1758 1674 1813; x_wconf 83' lang='grc' dir='ltr'>πιστευτέον</span> <span class='ocrx_word' id='word_1_139' title='bbox 1723 1757 1944 1830; x_wconf 76' lang='grc' dir='ltr'>ἀνάγκη</span> <span class='ocrx_word' id='word_1_140' title='bbox 1980 1806 2022 1862; x_wconf 66' lang='grc' dir='ltr'><strong>Β</strong></span> 
     </span>
    </p>
   </div>
   <div class='ocr_carea' id='block_1_20' title="bbox 357 1846 1947 1924">
    <p class='ocr_par' dir='ltr' id='par_1_20' title="bbox 357 1846 1947 1924">
     <span class='ocr_line' id='line_1_20' title="bbox 357 1846 1947 1924; baseline -0.001 -21"><span class='ocrx_word' id='word_1_141' title='bbox 357 1850 439 1921; x_wconf 81' lang='grc' dir='ltr'><strong>τῷ</strong></span> <span class='ocrx_word' id='word_1_142' title='bbox 493 1852 921 1924; x_wconf 72' lang='grc' dir='ltr'>Χρυσορρήμονι</span> <span class='ocrx_word' id='word_1_143' title='bbox 991 1852 1457 1919; x_wconf 86' lang='grc' dir='ltr'>σωματικώτερον</span> <span class='ocrx_word' id='word_1_144' title='bbox 1514 1846 1656 1904; x_wconf 80' lang='grc' dir='ltr'>εἶναι</span> <span class='ocrx_word' id='word_1_145' title='bbox 1714 1851 1775 1903; x_wconf 79' lang='grc' dir='ltr'><strong>τὸ</strong></span> <span class='ocrx_word' id='word_1_146' title='bbox 1830 1849 1947 1919; x_wconf 78' lang='grc' dir='ltr'><strong>φῶς</strong></span> 
     </span>
    </p>
   </div>
   <div class='ocr_carea' id='block_1_21' title="bbox 359 1941 1951 2013">
    <p class='ocr_par' dir='ltr' id='par_1_21' title="bbox 359 1941 1951 2013">
     <span class='ocr_line' id='line_1_21' title="bbox 359 1941 1951 2013; baseline -0.003 -15"><span class='ocrx_word' id='word_1_147' title='bbox 359 1946 543 1998; x_wconf 62' lang='grc' dir='ltr'>ἐκεῖνο</span> <span class='ocrx_word' id='word_1_148' title='bbox 592 1945 780 2013; x_wconf 88' lang='grc' dir='ltr'>σαφῶς</span> <span class='ocrx_word' id='word_1_149' title='bbox 829 1941 1216 2009; x_wconf 80' lang='grc' dir='ltr'><strong>παραινοῦντι,</strong></span> <span class='ocrx_word' id='word_1_150' title='bbox 1262 1943 1356 1996; x_wconf 86' lang='grc' dir='ltr'>καὶ</span> <span class='ocrx_word' id='word_1_151' title='bbox 1397 1941 1657 2009; x_wconf 76' lang='grc' dir='ltr'><strong>ἀληθείας</strong></span> <span class='ocrx_word' id='word_1_152' title='bbox 1700 1941 1951 2011; x_wconf 75' lang='grc' dir='ltr'>ἀμυδρὰν</span> 
     </span>
    </p>
   </div>
   <div class='ocr_carea' id='block_1_22' title="bbox 361 2031 1950 2109">
    <p class='ocr_par' dir='ltr' id='par_1_22' title="bbox 361 2031 1950 2109">
     <span class='ocr_line' id='line_1_22' title="bbox 361 2031 1950 2109; baseline -0.004 -15"><span class='ocrx_word' id='word_1_153' title='bbox 361 2041 549 2094; x_wconf 78' lang='grc' dir='ltr'>εἰκόνα</span> <span class='ocrx_word' id='word_1_154' title='bbox 604 2040 701 2094; x_wconf 74' lang='grc' dir='ltr'>καὶ</span> <span class='ocrx_word' id='word_1_155' title='bbox 766 2040 869 2092; x_wconf 85' lang='grc' dir='ltr'>οὐκ</span> <span class='ocrx_word' id='word_1_156' title='bbox 923 2037 1095 2109; x_wconf 77' lang='grc' dir='ltr'>αὐτὴν</span> <span class='ocrx_word' id='word_1_157' title='bbox 1153 2040 1255 2107; x_wconf 76' lang='grc' dir='ltr'>τὴν</span> <span class='ocrx_word' id='word_1_158' title='bbox 1306 2038 1594 2106; x_wconf 75' lang='grc' dir='ltr'>ἀλήθειαν.</span> <span class='ocrx_word' id='word_1_159' title='bbox 1635 2038 1695 2089; x_wconf 77' lang='lat' dir='ltr'><strong>Ei</strong></span> <span class='ocrx_word' id='word_1_160' title='bbox 1744 2036 1789 2088; x_wconf 84' lang='grc' dir='ltr'>δ’</span> <span class='ocrx_word' id='word_1_161' title='bbox 1833 2031 1950 2101; x_wconf 71' lang='grc' dir='ltr'>οὖν,</span> 
     </span>
    </p>
   </div>
   <div class='ocr_carea' id='block_1_23' title="bbox 359 2126 1950 2201">
    <p class='ocr_par' dir='ltr' id='par_1_23' title="bbox 359 2126 1950 2201">
     <span class='ocr_line' id='line_1_23' title="bbox 359 2126 1950 2201; baseline -0.004 -17"><span class='ocrx_word' id='word_1_162' title='bbox 359 2133 398 2184; x_wconf 74' lang='grc' dir='ltr'>ἀ</span> <span class='ocrx_word' id='word_1_163' title='bbox 430 2131 575 2201; x_wconf 77' lang='grc' dir='ltr'>άγκη</span> <span class='ocrx_word' id='word_1_164' title='bbox 613 2129 802 2183; x_wconf 76' lang='grc' dir='ltr'>λοιπὸν</span> <span class='ocrx_word' id='word_1_165' title='bbox 843 2130 939 2182; x_wconf 74' lang='grc' dir='ltr'>καὶ</span> <span class='ocrx_word' id='word_1_166' title='bbox 978 2131 1078 2197; x_wconf 83' lang='grc' dir='ltr'>τὴν</span> <span class='ocrx_word' id='word_1_167' title='bbox 1106 2127 1201 2181; x_wconf 87' lang='grc' dir='ltr'><strong>νῦν</strong></span> <span class='ocrx_word' id='word_1_168' title='bbox 1232 2128 1540 2198; x_wconf 77' lang='grc' dir='ltr'>ὐφειμένην</span> <span class='ocrx_word' id='word_1_169' title='bbox 1569 2128 1665 2182; x_wconf 73' lang='grc' dir='ltr'>καὶ</span> <span class='ocrx_word' id='word_1_170' title='bbox 1696 2126 1950 2181; x_wconf 74' lang='grc' dir='ltr'>ἀνούσιον</span> 
     </span>
    </p>
   </div>
   <div class='ocr_carea' id='block_1_24' title="bbox 360 2218 1949 2294">
    <p class='ocr_par' dir='ltr' id='par_1_24' title="bbox 360 2218 1949 2294">
     <span class='ocr_line' id='line_1_24' title="bbox 360 2218 1949 2294; baseline -0.003 -20"><span class='ocrx_word' id='word_1_171' title='bbox 360 2224 566 2294; x_wconf 77' lang='grc' dir='ltr'>ταύτην</span> <span class='ocrx_word' id='word_1_172' title='bbox 595 2222 692 2275; x_wconf 85' lang='grc' dir='ltr'><strong>τοῦ</strong></span> <span class='ocrx_word' id='word_1_173' title='bbox 724 2222 964 2291; x_wconf 86' lang='grc' dir='ltr'>Παλαμᾶ</span> <span class='ocrx_word' id='word_1_174' title='bbox 994 2220 1227 2289; x_wconf 84' lang='grc' dir='ltr'>θεότητα</span> <span class='ocrx_word' id='word_1_175' title='bbox 1271 2220 1407 2290; x_wconf 74' lang='grc' dir='ltr'>πρὸς</span> <span class='ocrx_word' id='word_1_176' title='bbox 1449 2218 1512 2272; x_wconf 76' lang='grc' dir='ltr'><strong>τὸ</strong></span> <span class='ocrx_word' id='word_1_177' title='bbox 1554 2218 1949 2288; x_wconf 71' lang='grc' dir='ltr'>λαμπρότερόν</span> 
     </span>
    </p>
   </div>
   <div class='ocr_carea' id='block_1_25' title="bbox 359 2310 1948 2386">
    <p class='ocr_par' dir='ltr' id='par_1_25' title="bbox 359 2310 1948 2386">
     <span class='ocr_line' id='line_1_25' title="bbox 359 2310 1948 2386; baseline -0.005 -16"><span class='ocrx_word' id='word_1_178' title='bbox 359 2334 421 2370; x_wconf 79' lang='grc' dir='ltr'><strong>τε</strong></span> <span class='ocrx_word' id='word_1_179' title='bbox 453 2318 546 2372; x_wconf 76' lang='grc' dir='ltr'><strong>καὶ</strong></span> <span class='ocrx_word' id='word_1_180' title='bbox 604 2316 1007 2386; x_wconf 78' lang='grc' dir='ltr'><strong>ὑπερκείμενον</strong></span> <span class='ocrx_word' id='word_1_181' title='bbox 1054 2313 1401 2377; x_wconf 80' lang='grc' dir='ltr'>ἀπαλλάξαι,</span> <span class='ocrx_word' id='word_1_182' title='bbox 1444 2314 1541 2367; x_wconf 78' lang='grc' dir='ltr'>καὶ</span> <span class='ocrx_word' id='word_1_183' title='bbox 1596 2312 1853 2380; x_wconf 83' lang='grc' dir='ltr'>γενέσθαι</span> <span class='ocrx_word' id='word_1_184' title='bbox 1888 2310 1948 2364; x_wconf 72' lang='grc' dir='ltr'>τὸ</span> 
     </span>
    </p>
   </div>
   <div class='ocr_carea' id='block_1_26' title="bbox 366 2398 1949 2475">
    <p class='ocr_par' dir='ltr' id='par_1_26' title="bbox 366 2398 1949 2475">
     <span class='ocr_line' id='line_1_26' title="bbox 366 2398 1949 2475; baseline -0.006 -16"><span class='ocrx_word' id='word_1_185' title='bbox 366 2406 469 2475; x_wconf 74' lang='grc' dir='ltr'>μὲν</span> <span class='ocrx_word' id='word_1_186' title='bbox 521 2404 779 2458; x_wconf 77' lang='grc' dir='ltr'>ἇκτιστον</span> <span class='ocrx_word' id='word_1_187' title='bbox 832 2403 1243 2471; x_wconf 82' lang='grc' dir='ltr'>άκτιστότερον,</span> <span class='ocrx_word' id='word_1_188' title='bbox 1280 2400 1343 2453; x_wconf 83' lang='grc' dir='ltr'>τὸ</span> <span class='ocrx_word' id='word_1_189' title='bbox 1395 2400 1440 2453; x_wconf 79' lang='grc' dir='ltr'>δ’</span> <span class='ocrx_word' id='word_1_190' title='bbox 1488 2398 1741 2455; x_wconf 71' lang='grc' dir='ltr'>ἀνοῦσιον</span> <span class='ocrx_word' id='word_1_191' title='bbox 1786 2400 1949 2451; x_wconf 85' lang='grc' dir='ltr'>ἀνου-</span> 
     </span>
    </p>
   </div>
   <div class='ocr_carea' id='block_1_27' title="bbox 365 2486 1948 2564">
    <p class='ocr_par' dir='ltr' id='par_1_27' title="bbox 365 2486 1948 2564">
     <span class='ocr_line' id='line_1_27' title="bbox 365 2486 1948 2564; baseline -0.003 -16"><span class='ocrx_word' id='word_1_192' title='bbox 365 2492 646 2564; x_wconf 78' lang='grc' dir='ltr'>τιὼτερον,</span> <span class='ocrx_word' id='word_1_193' title='bbox 695 2494 790 2545; x_wconf 74' lang='grc' dir='ltr'>καὶ</span> <span class='ocrx_word' id='word_1_194' title='bbox 841 2493 957 2563; x_wconf 75' lang='grc' dir='ltr'>ἅμα</span> <span class='ocrx_word' id='word_1_195' title='bbox 997 2493 1059 2545; x_wconf 85' lang='grc' dir='ltr'>τὸ</span> <span class='ocrx_word' id='word_1_196' title='bbox 1108 2494 1305 2562; x_wconf 64' lang='grc' dir='ltr'>ὁρατειν</span> <span class='ocrx_word' id='word_1_197' title='bbox 1350 2492 1719 2560; x_wconf 79' lang='grc' dir='ltr'>ὁρατώτερον,</span> <span class='ocrx_word' id='word_1_198' title='bbox 1746 2490 1795 2542; x_wconf 76' lang='grc' dir='ltr'>εἰ</span> <span class='ocrx_word' id='word_1_199' title='bbox 1841 2486 1948 2558; x_wconf 80' lang='grc' dir='ltr'>χρὴ</span> 
     </span>
    </p>
   </div>
   <div class='ocr_carea' id='block_1_28' title="bbox 362 2581 1948 2653">
    <p class='ocr_par' dir='ltr' id='par_1_28' title="bbox 362 2581 1948 2653">
     <span class='ocr_line' id='line_1_28' title="bbox 362 2581 1948 2653; baseline -0.005 -14"><span class='ocrx_word' id='word_1_200' title='bbox 362 2590 459 2639; x_wconf 78' lang='grc' dir='ltr'>καὶ</span> <span class='ocrx_word' id='word_1_201' title='bbox 504 2585 714 2639; x_wconf 82' lang='grc' dir='ltr'>τοιαῦθ’</span> <span class='ocrx_word' id='word_1_202' title='bbox 763 2586 901 2649; x_wconf 84' lang='grc' dir='ltr'>ὅλως</span> <span class='ocrx_word' id='word_1_203' title='bbox 951 2584 1312 2653; x_wconf 74' lang='grc' dir='ltr'>ἐνθυμεῖσθαι</span> <span class='ocrx_word' id='word_1_204' title='bbox 1354 2584 1488 2650; x_wconf 86' lang='grc' dir='ltr'>γοῦν</span> <span class='ocrx_word' id='word_1_205' title='bbox 1522 2582 1557 2652; x_wconf 76' lang='grc' dir='ltr'><strong>ἢ</strong></span> <span class='ocrx_word' id='word_1_206' title='bbox 1598 2584 1691 2633; x_wconf 77' lang='grc' dir='ltr'>καὶ</span> <span class='ocrx_word' id='word_1_207' title='bbox 1731 2581 1948 2651; x_wconf 81' lang='grc' dir='ltr'><strong>γλώττῃ</strong></span> 
     </span>
    </p>
   </div>
   <div class='ocr_carea' id='block_1_29' title="bbox 364 2669 1950 2744">
    <p class='ocr_par' dir='ltr' id='par_1_29' title="bbox 364 2669 1950 2744">
     <span class='ocr_line' id='line_1_29' title="bbox 364 2669 1950 2744; baseline -0.004 -16"><span class='ocrx_word' id='word_1_208' title='bbox 364 2674 666 2744; x_wconf 74' lang='grc' dir='ltr'>προφέρειν</span> <span class='ocrx_word' id='word_1_209' title='bbox 693 2691 706 2704; x_wconf 92' lang='grc'><strong>·</strong></span> <span class='ocrx_word' id='word_1_210' title='bbox 737 2673 1002 2727; x_wconf 80' lang='grc' dir='ltr'>σκεπτέον</span> <span class='ocrx_word' id='word_1_211' title='bbox 1048 2671 1105 2733; x_wconf 85' lang='grc' dir='ltr'>δὲ</span> <span class='ocrx_word' id='word_1_212' title='bbox 1146 2672 1296 2741; x_wconf 81' lang='grc' dir='ltr'>ὅμως</span> <span class='ocrx_word' id='word_1_213' title='bbox 1343 2672 1398 2723; x_wconf 90' lang='grc' dir='ltr'><strong>τί</strong></span> <span class='ocrx_word' id='word_1_214' title='bbox 1451 2671 1517 2724; x_wconf 78' lang='grc' dir='ltr'>ἂν</span> <span class='ocrx_word' id='word_1_215' title='bbox 1573 2670 1660 2739; x_wconf 74' lang='grc' dir='ltr'><strong>εἴη</strong></span> <span class='ocrx_word' id='word_1_216' title='bbox 1708 2670 1863 2721; x_wconf 74' lang='grc' dir='ltr'>τουτὶ</span> <span class='ocrx_word' id='word_1_217' title='bbox 1920 2669 1950 2722; x_wconf 82' lang='grc' dir='ltr'><strong>ὃ</strong></span> 
     </span>
    </p>
   </div>
   <div class='ocr_carea' id='block_1_30' title="bbox 363 2760 1943 2833">
    <p class='ocr_par' dir='ltr' id='par_1_30' title="bbox 363 2760 1943 2833">
     <span class='ocr_line' id='line_1_30' title="bbox 363 2760 1943 2833; baseline -0.006 -15"><span class='ocrx_word' id='word_1_218' title='bbox 363 2764 775 2833; x_wconf 60' lang='grc' dir='ltr'>φανταζόμπτς</span> <span class='ocrx_word' id='word_1_219' title='bbox 833 2762 935 2832; x_wconf 79' lang='grc' dir='ltr'>μὲν</span> <span class='ocrx_word' id='word_1_220' title='bbox 990 2764 1203 2830; x_wconf 83' lang='grc' dir='ltr'>ἀγνοεῖ,</span> <span class='ocrx_word' id='word_1_221' title='bbox 1234 2760 1453 2829; x_wconf 80' lang='grc' dir='ltr'>ἀγνοῶν</span> <span class='ocrx_word' id='word_1_222' title='bbox 1496 2760 1553 2811; x_wconf 87' lang='grc' dir='ltr'>δὲ</span> <span class='ocrx_word' id='word_1_223' title='bbox 1605 2760 1943 2830; x_wconf 80' lang='grc' dir='ltr'><strong>βλασφημεῖ,</strong></span> 
     </span>
    </p>
   </div>
   <div class='ocr_carea' id='block_1_31' title="bbox 367 2850 1947 2926">
    <p class='ocr_par' dir='ltr' id='par_1_31' title="bbox 367 2850 1947 2926">
     <span class='ocr_line' id='line_1_31' title="bbox 367 2850 1947 2926; baseline -0.005 -16"><span class='ocrx_word' id='word_1_224' title='bbox 367 2856 708 2925; x_wconf 76' lang='grc' dir='ltr'>βλασφημῶν</span> <span class='ocrx_word' id='word_1_225' title='bbox 751 2856 797 2908; x_wconf 86' lang='grc' dir='ltr'>δ’</span> <span class='ocrx_word' id='word_1_226' title='bbox 856 2855 1042 2926; x_wconf 81' lang='grc' dir='ltr'>ἀπατᾷ</span> <span class='ocrx_word' id='word_1_227' title='bbox 1107 2855 1237 2917; x_wconf 80' lang='grc' dir='ltr'>τοῦς</span> <span class='ocrx_word' id='word_1_228' title='bbox 1300 2851 1566 2916; x_wconf 79' lang='grc' dir='ltr'>πολλούς’</span> <span class='ocrx_word' id='word_1_229' title='bbox 1604 2850 1787 2922; x_wconf 80' lang='grc' dir='ltr'>πολλῷ</span> <span class='ocrx_word' id='word_1_230' title='bbox 1839 2851 1947 2921; x_wconf 86' lang='grc' dir='ltr'>γὰρ</span> 
     </span>
    </p>
   </div>
   <div class='ocr_carea' id='block_1_32' title="bbox 363 2943 1946 3018">
    <p class='ocr_par' dir='ltr' id='par_1_32' title="bbox 363 2943 1946 3018">
     <span class='ocr_line' id='line_1_32' title="bbox 363 2943 1946 3018; baseline -0.004 -18"><span class='ocrx_word' id='word_1_231' title='bbox 363 2951 498 3018; x_wconf 75' lang='grc' dir='ltr'>ἡμῖν</span> <span class='ocrx_word' id='word_1_232' title='bbox 545 2946 999 3018; x_wconf 75' lang='grc' dir='ltr'>πρεπωδέστερον</span> <span class='ocrx_word' id='word_1_233' title='bbox 1050 2944 1256 2999; x_wconf 85' lang='grc' dir='ltr'>τοιαῦτ’</span> <span class='ocrx_word' id='word_1_234' title='bbox 1301 2946 1532 3014; x_wconf 78' lang='grc' dir='ltr'>ἐρευνᾷν</span> <span class='ocrx_word' id='word_1_235' title='bbox 1576 2943 1946 3014; x_wconf 70' lang='grc' dir='ltr'>ἥΣωκράτην</span> 
     </span>
    </p>
   </div>
   <div class='ocr_carea' id='block_1_33' title="bbox 360 3033 1945 3108">
    <p class='ocr_par' dir='ltr' id='par_1_33' title="bbox 360 3033 1945 3108">
     <span class='ocr_line' id='line_1_33' title="bbox 360 3033 1945 3108; baseline -0.005 -16"><span class='ocrx_word' id='word_1_236' title='bbox 360 3041 572 3092; x_wconf 71' lang='grc' dir='ltr'>ἐκεῖνον</span> <span class='ocrx_word' id='word_1_237' title='bbox 627 3039 721 3091; x_wconf 77' lang='grc' dir='ltr'><strong>τον</strong></span> <span class='ocrx_word' id='word_1_238' title='bbox 775 3037 1183 3108; x_wconf 78' lang='grc' dir='ltr'>Σωφρονίσκου,</span> <span class='ocrx_word' id='word_1_239' title='bbox 1216 3037 1370 3100; x_wconf 79' lang='grc' dir='ltr'>ὅστις</span> <span class='ocrx_word' id='word_1_240' title='bbox 1424 3034 1515 3104; x_wconf 81' lang='grc' dir='ltr'><strong>εἴη</strong></span> <span class='ocrx_word' id='word_1_241' title='bbox 1572 3035 1737 3104; x_wconf 70' lang='grc' dir='ltr'>σοφὸς</span> <span class='ocrx_word' id='word_1_242' title='bbox 1781 3033 1945 3101; x_wconf 57' lang='grc' dir='ltr'><strong>’Λθξ-</strong></span> 
     </span>
    </p>
   </div>
   <div class='ocr_carea' id='block_1_34' title="bbox 364 3128 1945 3202">
    <p class='ocr_par' dir='ltr' id='par_1_34' title="bbox 364 3128 1945 3202">
     <span class='ocr_line' id='line_1_34' title="bbox 364 3128 1945 3202; baseline -0.002 -19"><span class='ocrx_word' id='word_1_243' title='bbox 364 3148 492 3202; x_wconf 78' lang='grc' dir='ltr'>νῃσι</span> <span class='ocrx_word' id='word_1_244' title='bbox 544 3131 749 3199; x_wconf 84' lang='grc' dir='ltr'>μᾶλλον</span> <span class='ocrx_word' id='word_1_245' title='bbox 803 3128 970 3182; x_wconf 83' lang='grc' dir='ltr'>αὐτοῦ</span> <span class='ocrx_word' id='word_1_246' title='bbox 1023 3128 1321 3197; x_wconf 77' lang='grc' dir='ltr'>ζητοῦντα,</span> <span class='ocrx_word' id='word_1_247' title='bbox 1353 3130 1626 3197; x_wconf 81' lang='grc' dir='ltr'>περιιέναι</span> <span class='ocrx_word' id='word_1_248' title='bbox 1680 3128 1945 3190; x_wconf 72' lang='grc' dir='ltr'>δικαστὰς</span> 
     </span>
    </p>
   </div>
   <div class='ocr_carea' id='block_1_35' title="bbox 360 3218 1941 3293">
    <p class='ocr_par' dir='ltr' id='par_1_35' title="bbox 360 3218 1941 3293">
     <span class='ocr_line' id='line_1_35' title="bbox 360 3218 1941 3293; baseline -0.004 -15"><span class='ocrx_word' id='word_1_249' title='bbox 360 3227 453 3278; x_wconf 76' lang='grc' dir='ltr'><strong>καὶ</strong></span> <span class='ocrx_word' id='word_1_250' title='bbox 488 3223 720 3293; x_wconf 70' lang='grc' dir='ltr'>ῥήτορας</span> <span class='ocrx_word' id='word_1_251' title='bbox 744 3223 838 3274; x_wconf 75' lang='grc' dir='ltr'>καὶ</span> <span class='ocrx_word' id='word_1_252' title='bbox 862 3223 1093 3289; x_wconf 74' lang='grc' dir='ltr'>ποιητὰς</span> <span class='ocrx_word' id='word_1_253' title='bbox 1123 3219 1446 3291; x_wconf 83' lang='grc' dir='ltr'>τραγῳδιῶν</span> <span class='ocrx_word' id='word_1_254' title='bbox 1470 3222 1560 3273; x_wconf 76' lang='grc' dir='ltr'><strong>καὶ</strong></span> <span class='ocrx_word' id='word_1_255' title='bbox 1589 3218 1941 3290; x_wconf 74' lang='grc' dir='ltr'>διθυράμϐων</span> 
     </span>
    </p>
   </div>
   <div class='ocr_carea' id='block_1_36' title="bbox 362 3312 1941 3386">
    <p class='ocr_par' dir='ltr' id='par_1_36' title="bbox 362 3312 1941 3386">
     <span class='ocr_line' id='line_1_36' title="bbox 362 3312 1941 3386; baseline -0.003 -17"><span class='ocrx_word' id='word_1_256' title='bbox 362 3317 462 3370; x_wconf 76' lang='grc' dir='ltr'>καὶ</span> <span class='ocrx_word' id='word_1_257' title='bbox 491 3316 625 3386; x_wconf 67' lang='grc' dir='ltr'>πρὸς</span> <span class='ocrx_word' id='word_1_258' title='bbox 658 3316 870 3375; x_wconf 82' lang='grc' dir='ltr'>τούτοις</span> <span class='ocrx_word' id='word_1_259' title='bbox 906 3313 1263 3385; x_wconf 81' lang='grc' dir='ltr'>χειροτέχνας</span> <span class='ocrx_word' id='word_1_260' title='bbox 1294 3312 1699 3378; x_wconf 73' lang='grc' dir='ltr'>παντοδαποὺς,</span> <span class='ocrx_word' id='word_1_261' title='bbox 1727 3312 1802 3376; x_wconf 83' lang='grc' dir='ltr'>ὡς</span> <span class='ocrx_word' id='word_1_262' title='bbox 1848 3314 1941 3365; x_wconf 82' lang='grc' dir='ltr'><strong>ὲν-</strong></span> 
     </span>
    </p>
   </div>
   <div class='ocr_carea' id='block_1_37' title="bbox 359 3403 1937 3476">
    <p class='ocr_par' dir='ltr' id='par_1_37' title="bbox 359 3403 1937 3476">
     <span class='ocr_line' id='line_1_37' title="bbox 359 3403 1937 3476; baseline -0.001 -17"><span class='ocrx_word' id='word_1_263' title='bbox 359 3407 537 3461; x_wconf 79' lang='grc' dir='ltr'>ταῦθα</span> <span class='ocrx_word' id='word_1_264' title='bbox 570 3408 661 3460; x_wconf 75' lang='grc' dir='ltr'><strong>ἐπ’</strong></span> <span class='ocrx_word' id='word_1_265' title='bbox 684 3407 992 3476; x_wconf 82' lang='grc' dir='ltr'>αὐτοφώρῳ</span> <span class='ocrx_word' id='word_1_266' title='bbox 1022 3404 1479 3475; x_wconf 75' lang='grc' dir='ltr'>καταληψόμενον</span> <span class='ocrx_word' id='word_1_267' title='bbox 1512 3403 1613 3474; x_wconf 84' lang='grc' dir='ltr'>τὴν</span> <span class='ocrx_word' id='word_1_268' title='bbox 1654 3403 1937 3475; x_wconf 81' lang='grc' dir='ltr'>ἀλήθειαν.</span> 
     </span>
    </p>
   </div>
   <div class='ocr_carea' id='block_1_38' title="bbox 314 3494 1940 3567">
    <p class='ocr_par' dir='ltr' id='par_1_38' title="bbox 314 3494 1940 3567">
     <span class='ocr_line' id='line_1_38' title="bbox 314 3494 1940 3567; baseline 0.001 -19"><span class='ocrx_word' id='word_1_269' title='bbox 314 3514 315 3517; x_wconf 43' lang='grc' dir='ltr'><strong>η</strong></span> <span class='ocrx_word' id='word_1_270' title='bbox 360 3498 498 3551; x_wconf 62' lang='lat' dir='ltr'><strong>dumi.</strong></span> <span class='ocrx_word' id='word_1_271' title='bbox 541 3497 742 3563; x_wconf 83' lang='grc' dir='ltr'>τοίνυν,</span> <span class='ocrx_word' id='word_1_272' title='bbox 772 3494 855 3561; x_wconf 78' lang='grc' dir='ltr'>οἷς</span> <span class='ocrx_word' id='word_1_273' title='bbox 887 3497 1033 3567; x_wconf 78' lang='grc' dir='ltr'>λόγῳ</span> <span class='ocrx_word' id='word_1_274' title='bbox 1061 3496 1158 3549; x_wconf 78' lang='grc' dir='ltr'>καὶ</span> <span class='ocrx_word' id='word_1_275' title='bbox 1199 3497 1351 3567; x_wconf 77' lang='grc' dir='ltr'>ἔργῳ</span> <span class='ocrx_word' id='word_1_276' title='bbox 1408 3496 1701 3567; x_wconf 74' lang='grc' dir='ltr'>μεθοδικὴν</span> <span class='ocrx_word' id='word_1_277' title='bbox 1740 3498 1940 3566; x_wconf 66' lang='grc' dir='ltr'>ἔμπει-</span> 
     </span>
    </p>
   </div>
   <div class='ocr_carea' id='block_1_39' title="bbox 362 3589 1942 3661">
    <p class='ocr_par' dir='ltr' id='par_1_39' title="bbox 362 3589 1942 3661">
     <span class='ocr_line' id='line_1_39' title="bbox 362 3589 1942 3661; baseline 0.001 -19"><span class='ocrx_word' id='word_1_278' title='bbox 362 3590 487 3660; x_wconf 78' lang='grc' dir='ltr'>ρίαν</span> <span class='ocrx_word' id='word_1_279' title='bbox 513 3592 803 3661; x_wconf 80' lang='grc' dir='ltr'>ἀσκήσεως</span> <span class='ocrx_word' id='word_1_280' title='bbox 833 3592 1048 3655; x_wconf 71' lang='grc' dir='ltr'>ἑαυτοῖς</span> <span class='ocrx_word' id='word_1_281' title='bbox 1070 3590 1367 3644; x_wconf 75' lang='grc' dir='ltr'>δεδωκέναι</span> <span class='ocrx_word' id='word_1_282' title='bbox 1400 3590 1837 3660; x_wconf 78' lang='grc' dir='ltr'>συμπέπτωκεν,</span> <span class='ocrx_word' id='word_1_283' title='bbox 1864 3589 1942 3655; x_wconf 86' lang='grc' dir='ltr'>ὡς</span> 
     </span>
    </p>
   </div>
   <div class='ocr_carea' id='block_1_40' title="bbox 357 3677 1941 3755">
    <p class='ocr_par' dir='ltr' id='par_1_40' title="bbox 357 3677 1941 3755">
     <span class='ocr_line' id='line_1_40' title="bbox 357 3677 1941 3755; baseline 0 -20"><span class='ocrx_word' id='word_1_284' title='bbox 357 3682 503 3753; x_wconf 80' lang='grc' dir='ltr'>ἁρχὴ</span> <span class='ocrx_word' id='word_1_285' title='bbox 535 3683 744 3753; x_wconf 84' lang='grc' dir='ltr'>πλάνης</span> <span class='ocrx_word' id='word_1_286' title='bbox 773 3682 865 3735; x_wconf 90' lang='grc' dir='ltr'><strong>νοῦ</strong></span> <span class='ocrx_word' id='word_1_287' title='bbox 903 3682 1203 3747; x_wconf 69' lang='grc' dir='ltr'>κενοδοξία,</span> <span class='ocrx_word' id='word_1_288' title='bbox 1228 3684 1286 3750; x_wconf 77' lang='grc' dir='ltr'>ἐξ</span> <span class='ocrx_word' id='word_1_289' title='bbox 1314 3677 1382 3755; x_wconf 87' lang='grc' dir='ltr'>ἦς</span> <span class='ocrx_word' id='word_1_290' title='bbox 1409 3682 1730 3753; x_wconf 81' lang='grc' dir='ltr'>κινούμενος</span> <span class='ocrx_word' id='word_1_291' title='bbox 1758 3685 1786 3737; x_wconf 88' lang='grc' dir='ltr'>ὁ</span> <span class='ocrx_word' id='word_1_292' title='bbox 1817 3683 1941 3746; x_wconf 85' lang='grc' dir='ltr'>νοῦς</span> 
     </span>
    </p>
   </div>
   <div class='ocr_carea' id='block_1_41' title="bbox 358 3775 1941 3847">
    <p class='ocr_par' dir='ltr' id='par_1_41' title="bbox 358 3775 1941 3847">
     <span class='ocr_line' id='line_1_41' title="bbox 358 3775 1941 3847; baseline 0 -18"><span class='ocrx_word' id='word_1_293' title='bbox 358 3778 418 3837; x_wconf 67' lang='grc' dir='ltr'>ἐν</span> <span class='ocrx_word' id='word_1_294' title='bbox 446 3777 691 3847; x_wconf 82' lang='grc' dir='ltr'>σχήμασι</span> <span class='ocrx_word' id='word_1_295' title='bbox 722 3776 815 3828; x_wconf 80' lang='grc' dir='ltr'>καὶ</span> <span class='ocrx_word' id='word_1_296' title='bbox 853 3779 1097 3844; x_wconf 78' lang='grc' dir='ltr'>μορφαῖς</span> <span class='ocrx_word' id='word_1_297' title='bbox 1133 3775 1475 3845; x_wconf 80' lang='grc' dir='ltr'>περιγράφει</span> <span class='ocrx_word' id='word_1_298' title='bbox 1510 3776 1572 3829; x_wconf 83' lang='grc' dir='ltr'>τὸ</span> <span class='ocrx_word' id='word_1_299' title='bbox 1621 3776 1764 3828; x_wconf 76' lang='grc' dir='ltr'>θεῖον</span> <span class='ocrx_word' id='word_1_300' title='bbox 1795 3790 1809 3804; x_wconf 90' lang='grc'><strong>·</strong></span> <span class='ocrx_word' id='word_1_301' title='bbox 1845 3777 1941 3829; x_wconf 70' lang='grc' dir='ltr'>καὶ</span> 
     </span>
    </p>
   </div>
   <div class='ocr_carea' id='block_1_42' title="bbox 358 3865 1939 3939">
    <p class='ocr_par' dir='ltr' id='par_1_42' title="bbox 358 3865 1939 3939">
     <span class='ocr_line' id='line_1_42' title="bbox 358 3865 1939 3939; baseline -0.001 -17"><span class='ocrx_word' id='word_1_302' title='bbox 358 3871 542 3936; x_wconf 72' lang='grc' dir='ltr'>πάλιν,</span> <span class='ocrx_word' id='word_1_303' title='bbox 592 3888 609 3920; x_wconf 83' lang='grc' dir='ltr'><strong>ι</strong></span> <span class='ocrx_word' id='word_1_304' title='bbox 665 3869 944 3938; x_wconf 77' lang='grc' dir='ltr'>Μακάριος</span> <span class='ocrx_word' id='word_1_305' title='bbox 975 3869 1002 3920; x_wconf 90' lang='lat'><strong>6</strong></span> <span class='ocrx_word' id='word_1_306' title='bbox 1032 3866 1157 3929; x_wconf 91' lang='grc' dir='ltr'>νοῦς</span> <span class='ocrx_word' id='word_1_307' title='bbox 1206 3866 1263 3930; x_wconf 79' lang='grc' dir='ltr'>ὃς</span> <span class='ocrx_word' id='word_1_308' title='bbox 1317 3869 1458 3922; x_wconf 75' lang='grc' dir='ltr'>κατὰ</span> <span class='ocrx_word' id='word_1_309' title='bbox 1492 3865 1555 3938; x_wconf 78' lang='grc' dir='ltr'>[ῖ.</span> <span class='ocrx_word' id='word_1_310' title='bbox 1590 3867 1696 3922; x_wconf 71' lang='grc'><strong>250</strong></span> <span class='ocrx_word' id='word_1_311' title='bbox 1737 3866 1814 3939; x_wconf 75' lang='lat'><strong>6.]</strong></span> <span class='ocrx_word' id='word_1_312' title='bbox 1847 3866 1939 3920; x_wconf 82' lang='grc' dir='ltr'>τὸν</span> 
     </span>
    </p>
   </div>
   <div class='ocr_carea' id='block_1_43' title="bbox 357 3958 1933 4032">
    <p class='ocr_par' dir='ltr' id='par_1_43' title="bbox 357 3958 1933 4032">
     <span class='ocr_line' id='line_1_43' title="bbox 357 3958 1933 4032; baseline -0.003 -16"><span class='ocrx_word' id='word_1_313' title='bbox 357 3962 552 4032; x_wconf 54' lang='grc' dir='ltr'>καηλν</span> <span class='ocrx_word' id='word_1_314' title='bbox 571 3962 666 4030; x_wconf 80' lang='grc' dir='ltr'>τῆς</span> <span class='ocrx_word' id='word_1_315' title='bbox 692 3959 1002 4032; x_wconf 72' lang='grc' dir='ltr'>προσευχῆς</span> <span class='ocrx_word' id='word_1_316' title='bbox 1033 3959 1250 4013; x_wconf 80' lang='grc' dir='ltr'>τελείαν</span> <span class='ocrx_word' id='word_1_317' title='bbox 1283 3958 1565 4029; x_wconf 80' lang='grc' dir='ltr'>ἀμορφίαν</span> <span class='ocrx_word' id='word_1_318' title='bbox 1591 3960 1880 4029; x_wconf 65' lang='grc' dir='ltr'>ἐκτήσατο.</span> <span class='ocrx_word' id='word_1_319' title='bbox 1914 3978 1933 4011; x_wconf 74' lang='grc' dir='ltr'><strong>ι</strong></span> 
     </span>
    </p>
   </div>
   <div class='ocr_carea' id='block_1_44' title="bbox 359 4049 1935 4121">
    <p class='ocr_par' dir='ltr' id='par_1_44' title="bbox 359 4049 1935 4121">
     <span class='ocr_line' id='line_1_44' title="bbox 359 4049 1935 4121; baseline -0.002 -16"><span class='ocrx_word' id='word_1_320' title='bbox 359 4053 467 4105; x_wconf 75' lang='grc' dir='ltr'><strong>Καὶ</strong></span> <span class='ocrx_word' id='word_1_321' title='bbox 520 4051 702 4112; x_wconf 81' lang='grc' dir='ltr'>πάλιν,</span> <span class='ocrx_word' id='word_1_322' title='bbox 737 4069 754 4103; x_wconf 80' lang='grc' dir='ltr'><strong>ι</strong></span> <span class='ocrx_word' id='word_1_323' title='bbox 792 4050 885 4120; x_wconf 75' lang='grc' dir='ltr'><strong>Μὴ</strong></span> <span class='ocrx_word' id='word_1_324' title='bbox 935 4050 1089 4120; x_wconf 72' lang='grc' dir='ltr'>ζήτει</span> <span class='ocrx_word' id='word_1_325' title='bbox 1132 4049 1416 4114; x_wconf 80' lang='grc' dir='ltr'>παντελῶς</span> <span class='ocrx_word' id='word_1_326' title='bbox 1467 4050 1687 4121; x_wconf 81' lang='grc' dir='ltr'>μορφήν</span> <span class='ocrx_word' id='word_1_327' title='bbox 1735 4067 1862 4115; x_wconf 67' lang='grc' dir='ltr'>τινα</span> <span class='ocrx_word' id='word_1_328' title='bbox 1903 4051 1935 4121; x_wconf 77' lang='grc' dir='ltr'>ἢ</span> 
     </span>
    </p>
   </div>
   <div class='ocr_carea' id='block_1_45' title="bbox 357 4142 1938 4216">
    <p class='ocr_par' dir='ltr' id='par_1_45' title="bbox 357 4142 1938 4216">
     <span class='ocr_line' id='line_1_45' title="bbox 357 4142 1938 4216; baseline 0.003 -21"><span class='ocrx_word' id='word_1_329' title='bbox 357 4144 546 4210; x_wconf 72' lang='grc' dir='ltr'>σχῆμα</span> <span class='ocrx_word' id='word_1_330' title='bbox 597 4142 629 4213; x_wconf 76' lang='grc' dir='ltr'>ἢ</span> <span class='ocrx_word' id='word_1_331' title='bbox 678 4144 877 4214; x_wconf 83' lang='grc' dir='ltr'>χρῶμα</span> <span class='ocrx_word' id='word_1_332' title='bbox 937 4144 1191 4215; x_wconf 76' lang='grc' dir='ltr'>δέχεσθαι</span> <span class='ocrx_word' id='word_1_333' title='bbox 1243 4146 1303 4198; x_wconf 74' lang='grc' dir='ltr'>ἐν</span> <span class='ocrx_word' id='word_1_334' title='bbox 1350 4144 1427 4215; x_wconf 82' lang='grc' dir='ltr'><strong>τῷ</strong></span> <span class='ocrx_word' id='word_1_335' title='bbox 1467 4146 1567 4215; x_wconf 78' lang='grc' dir='ltr'>τῆς</span> <span class='ocrx_word' id='word_1_336' title='bbox 1624 4149 1938 4216; x_wconf 76' lang='grc' dir='ltr'>προσευχῆς</span> 
     </span>
    </p>
   </div>
   <div class='ocr_carea' id='block_1_46' title="bbox 357 4235 1936 4308">
    <p class='ocr_par' dir='ltr' id='par_1_46' title="bbox 357 4235 1936 4308">
     <span class='ocr_line' id='line_1_46' title="bbox 357 4235 1936 4308; baseline 0.001 -20"><span class='ocrx_word' id='word_1_337' title='bbox 357 4235 551 4305; x_wconf 67' lang='grc' dir='ltr'>καιρῷ.</span> <span class='ocrx_word' id='word_1_338' title='bbox 583 4254 603 4287; x_wconf 79' lang='grc' dir='ltr'><strong>ι</strong></span> <span class='ocrx_word' id='word_1_339' title='bbox 655 4235 765 4290; x_wconf 75' lang='grc' dir='ltr'><strong>Καὶ</strong></span> <span class='ocrx_word' id='word_1_340' title='bbox 810 4237 995 4299; x_wconf 79' lang='grc' dir='ltr'>πάλιν,</span> <span class='ocrx_word' id='word_1_341' title='bbox 1034 4256 1053 4288; x_wconf 79' lang='grc' dir='ltr'><strong>ι</strong></span> <span class='ocrx_word' id='word_1_342' title='bbox 1092 4237 1183 4306; x_wconf 82' lang='grc' dir='ltr'><strong>Μὴ</strong></span> <span class='ocrx_word' id='word_1_343' title='bbox 1220 4236 1375 4289; x_wconf 85' lang='grc' dir='ltr'>πόθει</span> <span class='ocrx_word' id='word_1_344' title='bbox 1421 4237 1690 4306; x_wconf 80' lang='grc' dir='ltr'>ἀγγέλους</span> <span class='ocrx_word' id='word_1_345' title='bbox 1736 4237 1869 4291; x_wconf 85' lang='grc' dir='ltr'>ἰδεῖν</span> <span class='ocrx_word' id='word_1_346' title='bbox 1902 4236 1936 4308; x_wconf 78' lang='grc' dir='ltr'>ἢ</span> 
     </span>
    </p>
   </div>
   <div class='ocr_carea' id='block_1_47' title="bbox 353 4328 1937 4401">
    <p class='ocr_par' dir='ltr' id='par_1_47' title="bbox 353 4328 1937 4401">
     <span class='ocr_line' id='line_1_47' title="bbox 353 4328 1937 4401; baseline 0.001 -21"><span class='ocrx_word' id='word_1_347' title='bbox 353 4328 672 4399; x_wconf 76' lang='grc' dir='ltr'>ἰυνάμειςῆ</span> <span class='ocrx_word' id='word_1_348' title='bbox 716 4329 953 4397; x_wconf 85' lang='grc' dir='ltr'>Χριστὸν</span> <span class='ocrx_word' id='word_1_349' title='bbox 980 4329 1282 4401; x_wconf 74' lang='grc' dir='ltr'>αἰσθητῶς,</span> <span class='ocrx_word' id='word_1_350' title='bbox 1312 4330 1401 4384; x_wconf 82' lang='grc' dir='ltr'><strong>ἴνα</strong></span> <span class='ocrx_word' id='word_1_351' title='bbox 1459 4331 1532 4401; x_wconf 79' lang='grc' dir='ltr'>μὴ</span> <span class='ocrx_word' id='word_1_352' title='bbox 1575 4331 1760 4383; x_wconf 79' lang='grc' dir='ltr'>τέλεον</span> <span class='ocrx_word' id='word_1_353' title='bbox 1802 4347 1937 4401; x_wconf 82' lang='grc' dir='ltr'>φρε-</span> 
     </span>
    </p>
   </div>
   <div class='ocr_carea' id='block_1_48' title="bbox 356 4417 1937 4502">
    <p class='ocr_par' dir='ltr' id='par_1_48' title="bbox 356 4417 1937 4502">
     <span class='ocr_line' id='line_1_48' title="bbox 356 4417 1937 4502; baseline 0.004 -35"><span class='ocrx_word' id='word_1_354' title='bbox 356 4417 526 4486; x_wconf 76' lang='grc' dir='ltr'>νήρης</span> <span class='ocrx_word' id='word_1_355' title='bbox 585 4418 738 4490; x_wconf 80' lang='grc' dir='ltr'>γένῃ,</span> <span class='ocrx_word' id='word_1_356' title='bbox 783 4417 946 4471; x_wconf 85' lang='grc' dir='ltr'>λύκον</span> <span class='ocrx_word' id='word_1_357' title='bbox 998 4419 1121 4502; x_wconf 76' lang='grc' dir='ltr'>άντὶ</span> <span class='ocrx_word' id='word_1_358' title='bbox 1175 4422 1439 4490; x_wconf 83' lang='grc' dir='ltr'>ποιμένος</span> <span class='ocrx_word' id='word_1_359' title='bbox 1488 4421 1783 4491; x_wconf 49' lang='grc' dir='ltr'>δεχόμενος</span> <span class='ocrx_word' id='word_1_360' title='bbox 1839 4421 1937 4474; x_wconf 74' lang='grc' dir='ltr'>καὶ</span> 
     </span>
    </p>
   </div>
   <div class='ocr_carea' id='block_1_49' title="bbox 2059 568 3652 644">
    <p class='ocr_par' dir='ltr' id='par_1_49' title="bbox 2059 568 3652 644">
     <span class='ocr_line' id='line_1_49' title="bbox 2059 568 3652 644; baseline 0.004 -23"><span class='ocrx_word' id='word_1_361' title='bbox 2059 568 2173 622; x_wconf 86' lang='lat' dir='ltr'><strong>bat.</strong></span> <span class='ocrx_word' id='word_1_362' title='bbox 2211 588 2229 618; x_wconf 75' lang='grc' dir='ltr'><strong>ι</strong></span> <span class='ocrx_word' id='word_1_363' title='bbox 2263 568 2328 623; x_wconf 80' lang='lat' dir='ltr'><strong>Et</strong></span> <span class='ocrx_word' id='word_1_364' title='bbox 2356 587 2550 625; x_wconf 82' lang='lat' dir='ltr'><strong>rursus</strong></span> <span class='ocrx_word' id='word_1_365' title='bbox 2578 587 2592 624; x_wconf 87' lang='lat'><strong>:</strong></span> <span class='ocrx_word' id='word_1_366' title='bbox 2616 569 2687 626; x_wconf 86' lang='lat' dir='ltr'><strong>&#39;Si</strong></span> <span class='ocrx_word' id='word_1_367' title='bbox 2728 572 3022 625; x_wconf 84' lang='lat' dir='ltr'><strong>obscuram</strong></span> <span class='ocrx_word' id='word_1_368' title='bbox 3095 573 3410 625; x_wconf 79' lang='lat' dir='ltr'><strong>futurorum</strong></span> <span class='ocrx_word' id='word_1_369' title='bbox 3460 574 3652 644; x_wconf 80' lang='lat' dir='ltr'><strong>imagi-</strong></span> 
     </span>
    </p>
   </div>
   <div class='ocr_carea' id='block_1_50' title="bbox 2059 661 3648 732">
    <p class='ocr_par' dir='ltr' id='par_1_50' title="bbox 2059 661 3648 732">
     <span class='ocr_line' id='line_1_50' title="bbox 2059 661 3648 732; baseline 0.003 -18"><span class='ocrx_word' id='word_1_370' title='bbox 2059 676 2183 714; x_wconf 85' lang='lat' dir='ltr'><strong>nem</strong></span> <span class='ocrx_word' id='word_1_371' title='bbox 2219 661 2416 717; x_wconf 87' lang='lat' dir='ltr'><strong>videns</strong></span> <span class='ocrx_word' id='word_1_372' title='bbox 2445 664 2643 726; x_wconf 82' lang='lat' dir='ltr'><strong>Petrus</strong></span> <span class='ocrx_word' id='word_1_373' title='bbox 2677 680 2691 715; x_wconf 89' lang='lat'><strong>:</strong></span> <span class='ocrx_word' id='word_1_374' title='bbox 2759 663 2999 727; x_wconf 86' lang='lat' dir='ltr'><strong>Bonum,</strong></span> <span class='ocrx_word' id='word_1_375' title='bbox 3032 663 3228 732; x_wconf 85' lang='lat' dir='ltr'><strong>inquit,</strong></span> <span class='ocrx_word' id='word_1_376' title='bbox 3260 679 3361 718; x_wconf 90' lang='lat' dir='ltr'><strong>nos</strong></span> <span class='ocrx_word' id='word_1_377' title='bbox 3392 664 3478 717; x_wconf 88' lang='lat' dir='ltr'><strong>hic</strong></span> <span class='ocrx_word' id='word_1_378' title='bbox 3506 680 3648 732; x_wconf 88' lang='lat' dir='ltr'><strong>esse,</strong></span> 
     </span>
    </p>
   </div>
   <div class='ocr_carea' id='block_1_51' title="bbox 2058 751 3653 820">
    <p class='ocr_par' dir='ltr' id='par_1_51' title="bbox 2058 751 3653 820">
     <span class='ocr_line' id='line_1_51' title="bbox 2058 751 3653 820; baseline 0.006 -20"><span class='ocrx_word' id='word_1_379' title='bbox 2058 751 2187 819; x_wconf 82' lang='lat' dir='ltr'><strong>quid</strong></span> <span class='ocrx_word' id='word_1_380' title='bbox 2223 753 2515 820; x_wconf 76' lang='lat' dir='ltr'><strong>quisquam</strong></span> <span class='ocrx_word' id='word_1_381' title='bbox 2551 753 2774 817; x_wconf 77' lang='lat' dir='ltr'><strong>dixerit,</strong></span> <span class='ocrx_word' id='word_1_382' title='bbox 2810 753 2853 807; x_wconf 88' lang='lat' dir='ltr'><strong>si</strong></span> <span class='ocrx_word' id='word_1_383' title='bbox 2895 769 3081 807; x_wconf 86' lang='lat' dir='ltr'><strong>rerum</strong></span> <span class='ocrx_word' id='word_1_384' title='bbox 3131 755 3334 808; x_wconf 82' lang='lat' dir='ltr'><strong>veritas</strong></span> <span class='ocrx_word' id='word_1_385' title='bbox 3367 754 3505 808; x_wconf 81' lang='lat' dir='ltr'><strong>facta</strong></span> <span class='ocrx_word' id='word_1_386' title='bbox 3566 772 3653 810; x_wconf 86' lang='lat' dir='ltr'><strong>es-</strong></span> 
     </span>
    </p>
   </div>
   <div class='ocr_carea' id='block_1_52' title="bbox 2060 842 3648 911">
    <p class='ocr_par' dir='ltr' id='par_1_52' title="bbox 2060 842 3648 911">
     <span class='ocr_line' id='line_1_52' title="bbox 2060 842 3648 911; baseline 0.003 -17"><span class='ocrx_word' id='word_1_387' title='bbox 2060 842 2227 895; x_wconf 65' lang='lat' dir='ltr'><strong>set?»</strong></span> <span class='ocrx_word' id='word_1_388' title='bbox 2265 844 2331 897; x_wconf 90' lang='lat' dir='ltr'><strong>Et</strong></span> <span class='ocrx_word' id='word_1_389' title='bbox 2362 860 2551 896; x_wconf 85' lang='lat' dir='ltr'><strong>rursus</strong></span> <span class='ocrx_word' id='word_1_390' title='bbox 2588 862 2601 895; x_wconf 71' lang='grc' dir='ltr'><em>τ</em></span> <span class='ocrx_word' id='word_1_391' title='bbox 2638 863 2656 895; x_wconf 85' lang='grc' dir='ltr'><strong>ι</strong></span> <span class='ocrx_word' id='word_1_392' title='bbox 2685 845 2936 899; x_wconf 80' lang='lat' dir='ltr'><strong>Vidimus</strong></span> <span class='ocrx_word' id='word_1_393' title='bbox 2970 844 3197 910; x_wconf 73' lang='lat' dir='ltr'><strong>gloriam</strong></span> <span class='ocrx_word' id='word_1_394' title='bbox 3228 847 3370 911; x_wconf 80' lang='lat' dir='ltr'><strong>ejus,</strong></span> <span class='ocrx_word' id='word_1_395' title='bbox 3411 846 3505 900; x_wconf 81' lang='lat' dir='ltr'><strong>sed</strong></span> <span class='ocrx_word' id='word_1_396' title='bbox 3538 862 3648 900; x_wconf 91' lang='lat' dir='ltr'><strong>non</strong></span> 
     </span>
    </p>
   </div>
   <div class='ocr_carea' id='block_1_53' title="bbox 2062 920 3643 1007">
    <p class='ocr_par' dir='ltr' id='par_1_53' title="bbox 2062 920 3643 1007">
     <span class='ocr_line' id='line_1_53' title="bbox 2062 920 3643 1007; baseline 0.001 -20"><span class='ocrx_word' id='word_1_397' title='bbox 2062 934 2168 987; x_wconf 83' lang='lat' dir='ltr'><strong>nisi</strong></span> <span class='ocrx_word' id='word_1_398' title='bbox 2208 950 2320 1003; x_wconf 89' lang='lat' dir='ltr'><strong>-per</strong></span> <span class='ocrx_word' id='word_1_399' title='bbox 2372 920 2687 1005; x_wconf 74' lang='lat' dir='ltr'><strong>adiunctum</strong></span> <span class='ocrx_word' id='word_1_400' title='bbox 2726 952 2929 1005; x_wconf 87' lang='lat' dir='ltr'><strong>corpus</strong></span> <span class='ocrx_word' id='word_1_401' title='bbox 2976 938 3141 998; x_wconf 79' lang='lat' dir='ltr'><strong>nobis</strong></span> <span class='ocrx_word' id='word_1_402' title='bbox 3192 948 3586 1007; x_wconf 71' lang='lat' dir='ltr'><strong>apparentem;</strong></span> <span class='ocrx_word' id='word_1_403' title='bbox 3624 957 3643 990; x_wconf 74' lang='grc' dir='ltr'><strong>ι</strong></span> 
     </span>
    </p>
   </div>
   <div class='ocr_carea' id='block_1_54' title="bbox 2061 1027 3753 1100">
    <p class='ocr_par' dir='ltr' id='par_1_54' title="bbox 2061 1027 3753 1100">
     <span class='ocr_line' id='line_1_54' title="bbox 2061 1027 3753 1100; baseline 0.002 -22"><span class='ocrx_word' id='word_1_404' title='bbox 2061 1035 2117 1079; x_wconf 88' lang='lat' dir='ltr'><strong>et</strong></span> <span class='ocrx_word' id='word_1_405' title='bbox 2146 1043 2381 1080; x_wconf 84' lang='lat' dir='ltr'><strong>rursus:</strong></span> <span class='ocrx_word' id='word_1_406' title='bbox 2428 1046 2445 1079; x_wconf 84' lang='grc' dir='ltr'><strong>ι</strong></span> <span class='ocrx_word' id='word_1_407' title='bbox 2496 1027 2551 1084; x_wconf 88' lang='lat' dir='ltr'><strong>Si</strong></span> <span class='ocrx_word' id='word_1_408' title='bbox 2592 1031 2859 1090; x_wconf 78' lang='lat' dir='ltr'><strong>volemus.</strong></span> <span class='ocrx_word' id='word_1_409' title='bbox 2911 1040 2967 1084; x_wconf 84' lang='lat' dir='ltr'><strong>et</strong></span> <span class='ocrx_word' id='word_1_410' title='bbox 3007 1032 3107 1100; x_wconf 88' lang='lat' dir='ltr'><strong>ipsi</strong></span> <span class='ocrx_word' id='word_1_411' title='bbox 3145 1030 3459 1084; x_wconf 65' lang='lat' dir='ltr'><strong>videbimus</strong></span> <span class='ocrx_word' id='word_1_412' title='bbox 3479 1028 3647 1085; x_wconf 85' lang='lat' dir='ltr'><strong>Cbri-</strong></span> <span class='ocrx_word' id='word_1_413' title='bbox 3746 1029 3753 1035; x_wconf 81' lang='grc'><em>’</em></span> 
     </span>
    </p>
   </div>
   <div class='ocr_carea' id='block_1_55' title="bbox 2060 1120 3644 1189">
    <p class='ocr_par' dir='ltr' id='par_1_55' title="bbox 2060 1120 3644 1189">
     <span class='ocr_line' id='line_1_55' title="bbox 2060 1120 3644 1189; baseline 0.002 -19"><span class='ocrx_word' id='word_1_414' title='bbox 2060 1128 2228 1175; x_wconf 90' lang='lat' dir='ltr'><strong>stum.</strong></span> <span class='ocrx_word' id='word_1_415' title='bbox 2264 1135 2371 1171; x_wconf 89' lang='lat' dir='ltr'><strong>non</strong></span> <span class='ocrx_word' id='word_1_416' title='bbox 2433 1129 2494 1173; x_wconf 91' lang='grc' dir='ltr'><strong>ιιι</strong></span> <span class='ocrx_word' id='word_1_417' title='bbox 2535 1121 2768 1189; x_wconf 73' lang='lat' dir='ltr'><strong>apostoli</strong></span> <span class='ocrx_word' id='word_1_418' title='bbox 2821 1121 2975 1185; x_wconf 89' lang='lat' dir='ltr'><strong>olim,</strong></span> <span class='ocrx_word' id='word_1_419' title='bbox 3031 1121 3131 1175; x_wconf 87' lang='lat' dir='ltr'><strong>sed</strong></span> <span class='ocrx_word' id='word_1_420' title='bbox 3177 1121 3349 1174; x_wconf 90' lang='lat' dir='ltr'><strong>multo</strong></span> <span class='ocrx_word' id='word_1_421' title='bbox 3394 1120 3644 1174; x_wconf 83' lang='lat' dir='ltr'><strong>luculen-</strong></span> 
     </span>
    </p>
   </div>
   <div class='ocr_carea' id='block_1_56' title="bbox 2062 1209 3143 1283">
    <p class='ocr_par' dir='ltr' id='par_1_56' title="bbox 2062 1209 3143 1283">
     <span class='ocr_line' id='line_1_56' title="bbox 2062 1209 3143 1283; baseline 0.006 -23"><span class='ocrx_word' id='word_1_422' title='bbox 2062 1209 2191 1263; x_wconf 85' lang='lat' dir='ltr'><strong>tius.</strong></span> <span class='ocrx_word' id='word_1_423' title='bbox 2229 1210 2347 1267; x_wconf 84' lang='lat' dir='ltr'><strong>Non</strong></span> <span class='ocrx_word' id='word_1_424' title='bbox 2374 1212 2521 1265; x_wconf 90' lang='lat' dir='ltr'><strong>enim</strong></span> <span class='ocrx_word' id='word_1_425' title='bbox 2549 1212 2627 1266; x_wconf 89' lang='lat' dir='ltr'><strong>sic</strong></span> <span class='ocrx_word' id='word_1_426' title='bbox 2663 1224 2847 1283; x_wconf 83' lang='lat' dir='ltr'><strong>postea</strong></span> <span class='ocrx_word' id='word_1_427' title='bbox 2879 1214 3082 1270; x_wconf 89' lang='lat' dir='ltr'><strong>veniet.</strong></span> <span class='ocrx_word' id='word_1_428' title='bbox 3124 1233 3143 1266; x_wconf 70' lang='grc' dir='ltr'><strong>ι</strong></span> 
     </span>
    </p>
   </div>
   <div class='ocr_carea' id='block_1_57' title="bbox 2054 1301 3644 1377">
    <p class='ocr_par' dir='ltr' id='par_1_57' title="bbox 2054 1301 3644 1377">
     <span class='ocr_line' id='line_1_57' title="bbox 2054 1301 3644 1377; baseline 0.001 -22"><span class='ocrx_word' id='word_1_429' title='bbox 2054 1301 2234 1371; x_wconf 78' lang='grc' dir='ltr'>ὤφθη.</span> <span class='ocrx_word' id='word_1_430' title='bbox 2275 1322 2293 1354; x_wconf 83' lang='grc'><strong>›</strong></span> <span class='ocrx_word' id='word_1_431' title='bbox 2333 1304 2435 1356; x_wconf 82' lang='lat' dir='ltr'><strong>Kal</strong></span> <span class='ocrx_word' id='word_1_432' title='bbox 2478 1304 2661 1371; x_wconf 84' lang='grc' dir='ltr'>πάλιν,</span> <span class='ocrx_word' id='word_1_433' title='bbox 2699 1325 2717 1356; x_wconf 80' lang='grc' dir='ltr'><strong>ι</strong></span> <span class='ocrx_word' id='word_1_434' title='bbox 2760 1307 2860 1358; x_wconf 76' lang='lat' dir='ltr'><strong>“Av</strong></span> <span class='ocrx_word' id='word_1_435' title='bbox 2897 1306 3162 1374; x_wconf 82' lang='grc' dir='ltr'>θέλωμεν,</span> <span class='ocrx_word' id='word_1_436' title='bbox 3194 1309 3284 1359; x_wconf 54' lang='grc' dir='ltr'>καὶ</span> <span class='ocrx_word' id='word_1_437' title='bbox 3320 1309 3478 1377; x_wconf 62' lang='grc' dir='ltr'>ἡυεῖς</span> <span class='ocrx_word' id='word_1_438' title='bbox 3515 1307 3644 1375; x_wconf 42' lang='lat'><em>6&#39;66-</em></span> 
     </span>
    </p>
   </div>
   <div class='ocr_carea' id='block_1_58' title="bbox 2059 1395 3640 1475">
    <p class='ocr_par' dir='ltr' id='par_1_58' title="bbox 2059 1395 3640 1475">
     <span class='ocr_line' id='line_1_58' title="bbox 2059 1395 3640 1475; baseline 0.001 -26"><span class='ocrx_word' id='word_1_439' title='bbox 2059 1395 2196 1449; x_wconf 76' lang='grc' dir='ltr'><strong>ἀλλὰ</strong></span> <span class='ocrx_word' id='word_1_440' title='bbox 2244 1396 2429 1469; x_wconf 80' lang='grc' dir='ltr'>πολλῷ</span> <span class='ocrx_word' id='word_1_441' title='bbox 2479 1398 2904 1470; x_wconf 70' lang='grc' dir='ltr'>λαμπρότερονο</span> <span class='ocrx_word' id='word_1_442' title='bbox 2939 1400 3001 1452; x_wconf 80' lang='grc' dir='ltr'>οὐ</span> <span class='ocrx_word' id='word_1_443' title='bbox 3050 1401 3160 1471; x_wconf 74' lang='grc' dir='ltr'><strong>γὰρ</strong></span> <span class='ocrx_word' id='word_1_444' title='bbox 3199 1399 3371 1465; x_wconf 72' lang='grc' dir='ltr'>οὕτως</span> <span class='ocrx_word' id='word_1_445' title='bbox 3413 1400 3640 1475; x_wconf 76' lang='grc' dir='ltr'>ὕστερον</span> 
     </span>
    </p>
   </div>
   <div class='ocr_carea' id='block_1_59' title="bbox 2128 1578 3640 1656">
    <p class='ocr_par' dir='ltr' id='par_1_59' title="bbox 2128 1578 3640 1656">
     <span class='ocr_line' id='line_1_59' title="bbox 2128 1578 3640 1656; baseline 0.003 -24"><span class='ocrx_word' id='word_1_446' title='bbox 2128 1578 2266 1636; x_wconf 83' lang='lat' dir='ltr'><strong>Xlll.</strong></span> <span class='ocrx_word' id='word_1_447' title='bbox 2304 1579 2362 1636; x_wconf 85' lang='lat' dir='ltr'><strong>Si</strong></span> <span class='ocrx_word' id='word_1_448' title='bbox 2402 1581 2567 1652; x_wconf 79' lang='lat' dir='ltr'><strong>igitur</strong></span> <span class='ocrx_word' id='word_1_449' title='bbox 2594 1584 2937 1656; x_wconf 84' lang='lat' dir='ltr'><strong>splendidam</strong></span> <span class='ocrx_word' id='word_1_450' title='bbox 2970 1582 3025 1638; x_wconf 90' lang='lat' dir='ltr'><strong>in</strong></span> <span class='ocrx_word' id='word_1_451' title='bbox 3065 1590 3252 1638; x_wconf 82' lang='lat' dir='ltr'><strong>monte</strong></span> <span class='ocrx_word' id='word_1_452' title='bbox 3282 1582 3459 1637; x_wconf 88' lang='lat' dir='ltr'><strong>lucem</strong></span> <span class='ocrx_word' id='word_1_453' title='bbox 3491 1582 3640 1637; x_wconf 82' lang='lat' dir='ltr'><strong>illam</strong></span> 
     </span>
    </p>
   </div>
   <div class='ocr_carea' id='block_1_60' title="bbox 2051 1673 3642 1750">
    <p class='ocr_par' dir='ltr' id='par_1_60' title="bbox 2051 1673 3642 1750">
     <span class='ocr_line' id='line_1_60' title="bbox 2051 1673 3642 1750; baseline 0.003 -20"><span class='ocrx_word' id='word_1_454' title='bbox 2051 1673 2306 1731; x_wconf 87' lang='lat' dir='ltr'><strong>Christus</strong></span> <span class='ocrx_word' id='word_1_455' title='bbox 2363 1678 2646 1742; x_wconf 86' lang='lat' dir='ltr'><strong>ostendit,</strong></span> <span class='ocrx_word' id='word_1_456' title='bbox 2710 1680 3141 1750; x_wconf 80' lang='lat' dir='ltr'><strong>splendidiorem</strong></span> <span class='ocrx_word' id='word_1_457' title='bbox 3184 1680 3237 1734; x_wconf 92' lang='lat' dir='ltr'><strong>in</strong></span> <span class='ocrx_word' id='word_1_458' title='bbox 3274 1678 3461 1734; x_wconf 83' lang='lat' dir='ltr'><strong>futuro</strong></span> <span class='ocrx_word' id='word_1_459' title='bbox 3517 1695 3642 1734; x_wconf 85' lang='lat' dir='ltr'><strong>san-</strong></span> 
     </span>
    </p>
   </div>
   <div class='ocr_carea' id='block_1_61' title="bbox 2052 1768 3644 1836">
    <p class='ocr_par' dir='ltr' id='par_1_61' title="bbox 2052 1768 3644 1836">
     <span class='ocr_line' id='line_1_61' title="bbox 2052 1768 3644 1836; baseline 0 -13"><span class='ocrx_word' id='word_1_460' title='bbox 2052 1768 2157 1823; x_wconf 87' lang='lat' dir='ltr'><strong>etis</strong></span> <span class='ocrx_word' id='word_1_461' title='bbox 2215 1769 2354 1824; x_wconf 78' lang='lat' dir='ltr'><strong>viris</strong></span> <span class='ocrx_word' id='word_1_462' title='bbox 2418 1771 2713 1836; x_wconf 79' lang='lat' dir='ltr'><strong>ostendet,</strong></span> <span class='ocrx_word' id='word_1_463' title='bbox 2799 1772 3134 1828; x_wconf 86' lang='lat' dir='ltr'><strong>credendum</strong></span> <span class='ocrx_word' id='word_1_464' title='bbox 3194 1772 3504 1826; x_wconf 78' lang='lat' dir='ltr'><strong>necessario</strong></span> <span class='ocrx_word' id='word_1_465' title='bbox 3563 1779 3644 1826; x_wconf 84' lang='lat' dir='ltr'><strong>est</strong></span> 
     </span>
    </p>
   </div>
   <div class='ocr_carea' id='block_1_62' title="bbox 2050 1855 3643 1929">
    <p class='ocr_par' dir='ltr' id='par_1_62' title="bbox 2050 1855 3643 1929">
     <span class='ocr_line' id='line_1_62' title="bbox 2050 1855 3643 1929; baseline 0.002 -18"><span class='ocrx_word' id='word_1_466' title='bbox 2050 1855 2484 1928; x_wconf 75' lang='lat' dir='ltr'><strong>Chrysostomo,</strong></span> <span class='ocrx_word' id='word_1_467' title='bbox 2569 1860 2996 1929; x_wconf 84' lang='lat' dir='ltr'><strong>corporaliorem</strong></span> <span class='ocrx_word' id='word_1_468' title='bbox 3073 1860 3207 1929; x_wconf 62' lang='lat' dir='ltr'><strong>esse:</strong></span> <span class='ocrx_word' id='word_1_469' title='bbox 3255 1860 3432 1916; x_wconf 78' lang='lat' dir='ltr'><strong>lucem</strong></span> <span class='ocrx_word' id='word_1_470' title='bbox 3496 1861 3643 1914; x_wconf 89' lang='lat' dir='ltr'><strong>illam</strong></span> 
     </span>
    </p>
   </div>
   <div class='ocr_carea' id='block_1_63' title="bbox 2052 1948 3632 2016">
    <p class='ocr_par' dir='ltr' id='par_1_63' title="bbox 2052 1948 3632 2016">
     <span class='ocr_line' id='line_1_63' title="bbox 2052 1948 3632 2016; baseline 0.001 -17"><span class='ocrx_word' id='word_1_471' title='bbox 2052 1957 2240 2016; x_wconf 87' lang='lat' dir='ltr'><strong>aperte</strong></span> <span class='ocrx_word' id='word_1_472' title='bbox 2296 1948 2614 2004; x_wconf 82' lang='lat' dir='ltr'><strong>admonenti</strong></span> <span class='ocrx_word' id='word_1_473' title='bbox 2691 1961 2748 2003; x_wconf 92' lang='lat' dir='ltr'><strong>et</strong></span> <span class='ocrx_word' id='word_1_474' title='bbox 2810 1951 3100 2004; x_wconf 80' lang='lat' dir='ltr'><strong>obscuram</strong></span> <span class='ocrx_word' id='word_1_475' title='bbox 3168 1950 3427 2005; x_wconf 81' lang='lat' dir='ltr'><strong>veritatis</strong></span> <span class='ocrx_word' id='word_1_476' title='bbox 3486 1950 3632 2004; x_wconf 85' lang='lat' dir='ltr'><strong>ima-</strong></span> 
     </span>
    </p>
   </div>
   <div class='ocr_carea' id='block_1_64' title="bbox 2052 2037 3641 2108">
    <p class='ocr_par' dir='ltr' id='par_1_64' title="bbox 2052 2037 3641 2108">
     <span class='ocr_line' id='line_1_64' title="bbox 2052 2037 3641 2108; baseline 0 -17"><span class='ocrx_word' id='word_1_477' title='bbox 2052 2037 2253 2107; x_wconf 80' lang='lat' dir='ltr'><strong>ginem,</strong></span> <span class='ocrx_word' id='word_1_478' title='bbox 2281 2053 2389 2091; x_wconf 91' lang='lat' dir='ltr'><strong>non</strong></span> <span class='ocrx_word' id='word_1_479' title='bbox 2422 2039 2593 2108; x_wconf 87' lang='lat' dir='ltr'><strong>ipsam</strong></span> <span class='ocrx_word' id='word_1_480' title='bbox 2615 2049 2800 2093; x_wconf 87' lang='lat' dir='ltr'><strong>autem</strong></span> <span class='ocrx_word' id='word_1_481' title='bbox 2823 2039 3129 2094; x_wconf 85' lang='lat' dir='ltr'><strong>veritatem.</strong></span> <span class='ocrx_word' id='word_1_482' title='bbox 3153 2038 3208 2094; x_wconf 91' lang='lat' dir='ltr'><strong>Si</strong></span> <span class='ocrx_word' id='word_1_483' title='bbox 3240 2040 3355 2094; x_wconf 62' lang='lat' dir='ltr'><strong>haec</strong></span> <span class='ocrx_word' id='word_1_484' title='bbox 3387 2040 3459 2093; x_wconf 91' lang='lat' dir='ltr'><strong>ita</strong></span> <span class='ocrx_word' id='word_1_485' title='bbox 3489 2049 3641 2104; x_wconf 91' lang='lat' dir='ltr'><strong>sunt,</strong></span> 
     </span>
    </p>
   </div>
   <div class='ocr_carea' id='block_1_65' title="bbox 2051 2129 3641 2201">
    <p class='ocr_par' dir='ltr' id='par_1_65' title="bbox 2051 2129 3641 2201">
     <span class='ocr_line' id='line_1_65' title="bbox 2051 2129 3641 2201; baseline -0.002 -18"><span class='ocrx_word' id='word_1_486' title='bbox 2051 2131 2365 2184; x_wconf 85' lang='lat' dir='ltr'><strong>necessario</strong></span> <span class='ocrx_word' id='word_1_487' title='bbox 2390 2132 2553 2184; x_wconf 89' lang='lat' dir='ltr'><strong>etiam</strong></span> <span class='ocrx_word' id='word_1_488' title='bbox 2582 2134 2942 2200; x_wconf 82' lang='lat' dir='ltr'><strong>consequitur</strong></span> <span class='ocrx_word' id='word_1_489' title='bbox 2967 2131 3271 2201; x_wconf 85' lang='lat' dir='ltr'><strong>subjectam</strong></span> <span class='ocrx_word' id='word_1_490' title='bbox 3303 2140 3359 2185; x_wconf 88' lang='lat' dir='ltr'><strong>et</strong></span> <span class='ocrx_word' id='word_1_491' title='bbox 3391 2129 3641 2185; x_wconf 78' lang='lat' dir='ltr'><strong>inessen-</strong></span> 
     </span>
    </p>
   </div>
   <div class='ocr_carea' id='block_1_66' title="bbox 2056 2220 3643 2291">
    <p class='ocr_par' dir='ltr' id='par_1_66' title="bbox 2056 2220 3643 2291">
     <span class='ocr_line' id='line_1_66' title="bbox 2056 2220 3643 2291; baseline -0.001 -15"><span class='ocrx_word' id='word_1_492' title='bbox 2056 2221 2237 2277; x_wconf 88' lang='lat' dir='ltr'><strong>tialem</strong></span> <span class='ocrx_word' id='word_1_493' title='bbox 2263 2221 2407 2277; x_wconf 88' lang='lat' dir='ltr'><strong>bane</strong></span> <span class='ocrx_word' id='word_1_494' title='bbox 2426 2222 2661 2277; x_wconf 77' lang='lat' dir='ltr'><strong>Palamae</strong></span> <span class='ocrx_word' id='word_1_495' title='bbox 2696 2222 2957 2276; x_wconf 84' lang='lat' dir='ltr'><strong>deitatem</strong></span> <span class='ocrx_word' id='word_1_496' title='bbox 3018 2222 3072 2275; x_wconf 91' lang='lat' dir='ltr'><strong>in</strong></span> <span class='ocrx_word' id='word_1_497' title='bbox 3110 2220 3544 2291; x_wconf 80' lang='lat' dir='ltr'><strong>Splendidiorem</strong></span> <span class='ocrx_word' id='word_1_498' title='bbox 3586 2228 3643 2274; x_wconf 85' lang='lat' dir='ltr'><strong>ct</strong></span> 
     </span>
    </p>
   </div>
   <div class='ocr_carea' id='block_1_67' title="bbox 2052 2297 3638 2385">
    <p class='ocr_par' dir='ltr' id='par_1_67' title="bbox 2052 2297 3638 2385">
     <span class='ocr_line' id='line_1_67' title="bbox 2052 2297 3638 2385; baseline -0.002 -16"><span class='ocrx_word' id='word_1_499' title='bbox 2052 2314 2419 2385; x_wconf 85' lang='lat' dir='ltr'><strong>superjeetam</strong></span> <span class='ocrx_word' id='word_1_500' title='bbox 2454 2314 2758 2382; x_wconf 86' lang='lat' dir='ltr'><strong>permutari</strong></span> <span class='ocrx_word' id='word_1_501' title='bbox 2789 2322 2842 2368; x_wconf 92' lang='lat' dir='ltr'><strong>et</strong></span> <span class='ocrx_word' id='word_1_502' title='bbox 2877 2328 2943 2368; x_wconf 84' lang='lat' dir='ltr'><strong>ex</strong></span> <span class='ocrx_word' id='word_1_503' title='bbox 2971 2312 3218 2369; x_wconf 88' lang='lat' dir='ltr'><strong>increato</strong></span> <span class='ocrx_word' id='word_1_504' title='bbox 3268 2312 3384 2366; x_wconf 83' lang='lat' dir='ltr'><strong>ﬁeri</strong></span> <span class='ocrx_word' id='word_1_505' title='bbox 3417 2297 3638 2367; x_wconf 78' lang='lat' dir='ltr'><strong>increa-</strong></span> 
     </span>
    </p>
   </div>
   <div class='ocr_carea' id='block_1_68' title="bbox 2054 2400 3639 2467">
    <p class='ocr_par' dir='ltr' id='par_1_68' title="bbox 2054 2400 3639 2467">
     <span class='ocr_line' id='line_1_68' title="bbox 2054 2400 3639 2467; baseline -0.001 -10"><span class='ocrx_word' id='word_1_506' title='bbox 2054 2405 2181 2467; x_wconf 84' lang='lat' dir='ltr'><strong>tius,</strong></span> <span class='ocrx_word' id='word_1_507' title='bbox 2248 2420 2312 2458; x_wconf 82' lang='lat' dir='ltr'><strong>ex</strong></span> <span class='ocrx_word' id='word_1_508' title='bbox 2341 2403 2678 2458; x_wconf 85' lang='lat' dir='ltr'><strong>inessentiali</strong></span> <span class='ocrx_word' id='word_1_509' title='bbox 2744 2402 3178 2467; x_wconf 87' lang='lat' dir='ltr'><strong>inessentialius,</strong></span> <span class='ocrx_word' id='word_1_510' title='bbox 3226 2410 3281 2454; x_wconf 91' lang='lat' dir='ltr'><strong>et</strong></span> <span class='ocrx_word' id='word_1_511' title='bbox 3315 2416 3379 2454; x_wconf 86' lang='lat' dir='ltr'><strong>ex</strong></span> <span class='ocrx_word' id='word_1_512' title='bbox 3434 2400 3639 2455; x_wconf 83' lang='lat' dir='ltr'><strong>visibiti</strong></span> 
     </span>
    </p>
   </div>
   <div class='ocr_carea' id='block_1_69' title="bbox 2052 2490 3636 2564">
    <p class='ocr_par' dir='ltr' id='par_1_69' title="bbox 2052 2490 3636 2564">
     <span class='ocr_line' id='line_1_69' title="bbox 2052 2490 3636 2564; baseline -0.004 -15"><span class='ocrx_word' id='word_1_513' title='bbox 2052 2493 2343 2558; x_wconf 83' lang='lat' dir='ltr'><strong>visibilius,</strong></span> <span class='ocrx_word' id='word_1_514' title='bbox 2378 2495 2423 2548; x_wconf 88' lang='lat' dir='ltr'><strong>si</strong></span> <span class='ocrx_word' id='word_1_515' title='bbox 2457 2508 2597 2564; x_wconf 84' lang='lat' dir='ltr'><strong>Opus</strong></span> <span class='ocrx_word' id='word_1_516' title='bbox 2644 2501 2729 2546; x_wconf 82' lang='lat' dir='ltr'><strong>est</strong></span> <span class='ocrx_word' id='word_1_517' title='bbox 2762 2493 2891 2546; x_wconf 77' lang='lat' dir='ltr'><strong>talia</strong></span> <span class='ocrx_word' id='word_1_518' title='bbox 2929 2492 3155 2546; x_wconf 86' lang='lat' dir='ltr'><strong>omnino</strong></span> <span class='ocrx_word' id='word_1_519' title='bbox 3196 2490 3502 2562; x_wconf 73' lang='lat' dir='ltr'><strong>dijulicare</strong></span> <span class='ocrx_word' id='word_1_520' title='bbox 3538 2503 3636 2544; x_wconf 86' lang='lat' dir='ltr'><strong>aut</strong></span> 
     </span>
    </p>
   </div>
   <div class='ocr_carea' id='block_1_70' title="bbox 2053 2585 3639 2658">
    <p class='ocr_par' dir='ltr' id='par_1_70' title="bbox 2053 2585 3639 2658">
     <span class='ocr_line' id='line_1_70' title="bbox 2053 2585 3639 2658; baseline 0 -17"><span class='ocrx_word' id='word_1_521' title='bbox 2053 2589 2237 2645; x_wconf 82' lang='lat' dir='ltr'><strong>verbis</strong></span> <span class='ocrx_word' id='word_1_522' title='bbox 2296 2589 2595 2658; x_wconf 69' lang='lat' dir='ltr'><strong>explicare.</strong></span> <span class='ocrx_word' id='word_1_523' title='bbox 2672 2590 2930 2643; x_wconf 86' lang='lat' dir='ltr'><strong>Attamen</strong></span> <span class='ocrx_word' id='word_1_524' title='bbox 2986 2585 3286 2639; x_wconf 86' lang='lat' dir='ltr'><strong>videndum</strong></span> <span class='ocrx_word' id='word_1_525' title='bbox 3335 2599 3503 2654; x_wconf 84' lang='lat' dir='ltr'><strong>porro</strong></span> <span class='ocrx_word' id='word_1_526' title='bbox 3534 2592 3639 2641; x_wconf 82' lang='lat' dir='ltr'><strong>est.</strong></span> 
     </span>
    </p>
   </div>
   <div class='ocr_carea' id='block_1_71' title="bbox 2053 2674 3745 2749">
    <p class='ocr_par' dir='ltr' id='par_1_71' title="bbox 2053 2674 3745 2749">
     <span class='ocr_line' id='line_1_71' title="bbox 2053 2674 3745 2749; baseline -0.005 -16"><span class='ocrx_word' id='word_1_527' title='bbox 2053 2694 2151 2735; x_wconf 90' lang='lat' dir='ltr'><strong>cur</strong></span> <span class='ocrx_word' id='word_1_528' title='bbox 2188 2679 2282 2749; x_wconf 89' lang='lat' dir='ltr'><strong>qui</strong></span> <span class='ocrx_word' id='word_1_529' title='bbox 2309 2680 2461 2749; x_wconf 76' lang='lat' dir='ltr'><strong>litigii</strong></span> <span class='ocrx_word' id='word_1_530' title='bbox 2485 2678 2586 2733; x_wconf 84' lang='lat' dir='ltr'><strong>sibi</strong></span> <span class='ocrx_word' id='word_1_531' title='bbox 2624 2677 2857 2747; x_wconf 80' lang='lat' dir='ltr'><strong>aliquid,</strong></span> <span class='ocrx_word' id='word_1_532' title='bbox 2905 2675 3117 2741; x_wconf 89' lang='lat' dir='ltr'><strong>nescit;</strong></span> <span class='ocrx_word' id='word_1_533' title='bbox 3151 2675 3248 2746; x_wconf 91' lang='lat' dir='ltr'><strong>qui</strong></span> <span class='ocrx_word' id='word_1_534' title='bbox 3282 2675 3481 2736; x_wconf 81' lang='lat' dir='ltr'><strong>nescit,</strong></span> <span class='ocrx_word' id='word_1_535' title='bbox 3515 2674 3642 2728; x_wconf 88' lang='lat' dir='ltr'><strong>illu-</strong></span> <span class='ocrx_word' id='word_1_536' title='bbox 3738 2692 3745 2697; x_wconf 44' lang='grc' dir='ltr'>κ</span> 
     </span>
    </p>
   </div>
   <div class='ocr_carea' id='block_1_72' title="bbox 2053 2763 3639 2839">
    <p class='ocr_par' dir='ltr' id='par_1_72' title="bbox 2053 2763 3639 2839">
     <span class='ocr_line' id='line_1_72' title="bbox 2053 2763 3639 2839; baseline -0.003 -19"><span class='ocrx_word' id='word_1_537' title='bbox 2053 2768 2126 2820; x_wconf 77' lang='lat' dir='ltr'><strong>dit</strong></span> <span class='ocrx_word' id='word_1_538' title='bbox 2155 2785 2170 2833; x_wconf 86' lang='lat'><strong>;</strong></span> <span class='ocrx_word' id='word_1_539' title='bbox 2203 2768 2297 2834; x_wconf 86' lang='lat' dir='ltr'><strong>qui</strong></span> <span class='ocrx_word' id='word_1_540' title='bbox 2330 2768 2533 2833; x_wconf 86' lang='lat' dir='ltr'><strong>illudit,</strong></span> <span class='ocrx_word' id='word_1_541' title='bbox 2567 2769 2769 2839; x_wconf 82' lang='lat' dir='ltr'><strong>multos</strong></span> <span class='ocrx_word' id='word_1_542' title='bbox 2812 2765 3038 2836; x_wconf 85' lang='lat' dir='ltr'><strong>decipit.</strong></span> <span class='ocrx_word' id='word_1_543' title='bbox 3072 2765 3244 2819; x_wconf 82' lang='lat' dir='ltr'><strong>Multo</strong></span> <span class='ocrx_word' id='word_1_544' title='bbox 3281 2763 3426 2819; x_wconf 90' lang='lat' dir='ltr'><strong>enim</strong></span> <span class='ocrx_word' id='word_1_545' title='bbox 3464 2763 3639 2832; x_wconf 80' lang='lat' dir='ltr'><strong>magis</strong></span> 
     </span>
    </p>
   </div>
   <div class='ocr_carea' id='block_1_73' title="bbox 2050 2855 3631 2930">
    <p class='ocr_par' dir='ltr' id='par_1_73' title="bbox 2050 2855 3631 2930">
     <span class='ocr_line' id='line_1_73' title="bbox 2050 2855 3631 2930; baseline -0.002 -18"><span class='ocrx_word' id='word_1_546' title='bbox 2050 2858 2341 2930; x_wconf 46' lang='lat'><strong>$991105</strong></span> <span class='ocrx_word' id='word_1_547' title='bbox 2365 2859 2525 2913; x_wconf 85' lang='lat' dir='ltr'><strong>decet</strong></span> <span class='ocrx_word' id='word_1_548' title='bbox 2551 2858 2677 2912; x_wconf 88' lang='lat' dir='ltr'><strong>talia</strong></span> <span class='ocrx_word' id='word_1_549' title='bbox 2711 2858 3004 2927; x_wconf 82' lang='lat' dir='ltr'><strong>exquirere</strong></span> <span class='ocrx_word' id='word_1_550' title='bbox 3066 2871 3232 2926; x_wconf 87' lang='lat' dir='ltr'><strong>quam</strong></span> <span class='ocrx_word' id='word_1_551' title='bbox 3283 2857 3351 2909; x_wconf 83' lang='lat' dir='ltr'><strong>de</strong></span> <span class='ocrx_word' id='word_1_552' title='bbox 3404 2855 3631 2909; x_wconf 85' lang='lat' dir='ltr'><strong>Socrate</strong></span> 
     </span>
    </p>
   </div>
   <div class='ocr_carea' id='block_1_74' title="bbox 2051 2938 3637 3020">
    <p class='ocr_par' dir='ltr' id='par_1_74' title="bbox 2051 2938 3637 3020">
     <span class='ocr_line' id='line_1_74' title="bbox 2051 2938 3637 3020; baseline -0.004 -14"><span class='ocrx_word' id='word_1_553' title='bbox 2051 2951 2147 3006; x_wconf 87' lang='lat' dir='ltr'><strong>illo</strong></span> <span class='ocrx_word' id='word_1_554' title='bbox 2170 2949 2527 3020; x_wconf 80' lang='lat' dir='ltr'><strong>Sophronisci</strong></span> <span class='ocrx_word' id='word_1_555' title='bbox 2561 2949 2695 3015; x_wconf 81' lang='lat' dir='ltr'><strong>ﬁlio,</strong></span> <span class='ocrx_word' id='word_1_556' title='bbox 2745 2938 2870 3019; x_wconf 86' lang='lat' dir='ltr'><strong>quis</strong></span> <span class='ocrx_word' id='word_1_557' title='bbox 2899 2948 3068 3004; x_wconf 79' lang='lat' dir='ltr'><strong>fuerit</strong></span> <span class='ocrx_word' id='word_1_558' title='bbox 3107 2946 3532 3002; x_wconf 77' lang='lat' dir='ltr'><strong>Atheniensium</strong></span> <span class='ocrx_word' id='word_1_559' title='bbox 3567 2960 3637 3000; x_wconf 89' lang='lat' dir='ltr'><strong>eo</strong></span> 
     </span>
    </p>
   </div>
   <div class='ocr_carea' id='block_1_75' title="bbox 2051 3038 3635 3121">
    <p class='ocr_par' dir='ltr' id='par_1_75' title="bbox 2051 3038 3635 3121">
     <span class='ocr_line' id='line_1_75' title="bbox 2051 3038 3635 3121; baseline -0.004 -23"><span class='ocrx_word' id='word_1_560' title='bbox 2051 3041 2379 3121; x_wconf 80' lang='lat' dir='ltr'><strong>sapientior,</strong></span> <span class='ocrx_word' id='word_1_561' title='bbox 2438 3051 2776 3112; x_wconf 66' lang='lat' dir='ltr'><strong>qurerentem</strong></span> <span class='ocrx_word' id='word_1_562' title='bbox 2836 3040 3152 3095; x_wconf 76' lang='lat' dir='ltr'><strong>discurrere</strong></span> <span class='ocrx_word' id='word_1_563' title='bbox 3187 3039 3254 3094; x_wconf 86' lang='lat' dir='ltr'><strong>ad</strong></span> <span class='ocrx_word' id='word_1_564' title='bbox 3313 3038 3531 3109; x_wconf 79' lang='lat' dir='ltr'><strong>jutliees</strong></span> <span class='ocrx_word' id='word_1_565' title='bbox 3578 3048 3635 3092; x_wconf 87' lang='lat' dir='ltr'><strong>ct</strong></span> 
     </span>
    </p>
   </div>
   <div class='ocr_carea' id='block_1_76' title="bbox 1977 3129 3636 3229">
    <p class='ocr_par' dir='ltr' id='par_1_76' title="bbox 1977 3129 3636 3229">
     <span class='ocr_line' id='line_1_76' title="bbox 1977 3129 3636 3229; baseline -0.005 -39"><span class='ocrx_word' id='word_1_566' title='bbox 1977 3170 2019 3229; x_wconf 66' lang='grc' dir='ltr'>ο</span> <span class='ocrx_word' id='word_1_567' title='bbox 2054 3135 2303 3190; x_wconf 75' lang='lat' dir='ltr'><strong>rhetores</strong></span> <span class='ocrx_word' id='word_1_568' title='bbox 2359 3140 2415 3189; x_wconf 88' lang='lat' dir='ltr'><strong>et</strong></span> <span class='ocrx_word' id='word_1_569' title='bbox 2471 3143 2657 3202; x_wconf 87' lang='lat' dir='ltr'><strong>poetas</strong></span> <span class='ocrx_word' id='word_1_570' title='bbox 2702 3133 2951 3204; x_wconf 74' lang='lat' dir='ltr'><strong>tragicos</strong></span> <span class='ocrx_word' id='word_1_571' title='bbox 3005 3129 3549 3204; x_wconf 88' lang='lat' dir='ltr'><strong>dithyrambieosquc</strong></span> <span class='ocrx_word' id='word_1_572' title='bbox 3579 3138 3636 3183; x_wconf 89' lang='lat' dir='ltr'><strong>et</strong></span> 
     </span>
    </p>
   </div>
   <div class='ocr_carea' id='block_1_77' title="bbox 2052 3220 3635 3298">
    <p class='ocr_par' dir='ltr' id='par_1_77' title="bbox 2052 3220 3635 3298">
     <span class='ocr_line' id='line_1_77' title="bbox 2052 3220 3635 3298; baseline -0.005 -17"><span class='ocrx_word' id='word_1_573' title='bbox 2052 3238 2314 3298; x_wconf 62' lang='lat' dir='ltr'><strong>praeterea</strong></span> <span class='ocrx_word' id='word_1_574' title='bbox 2347 3224 2414 3281; x_wconf 89' lang='lat' dir='ltr'><strong>ad</strong></span> <span class='ocrx_word' id='word_1_575' title='bbox 2443 3224 2625 3279; x_wconf 89' lang='lat' dir='ltr'><strong>varias</strong></span> <span class='ocrx_word' id='word_1_576' title='bbox 2654 3238 2820 3290; x_wconf 89' lang='lat' dir='ltr'><strong>artes,</strong></span> <span class='ocrx_word' id='word_1_577' title='bbox 2847 3235 2909 3280; x_wconf 86' lang='lat' dir='ltr'><strong>ut</strong></span> <span class='ocrx_word' id='word_1_578' title='bbox 2941 3224 3068 3280; x_wconf 75' lang='lat' dir='ltr'><strong>inde</strong></span> <span class='ocrx_word' id='word_1_579' title='bbox 3116 3223 3317 3278; x_wconf 86' lang='lat' dir='ltr'><strong>veritas</strong></span> <span class='ocrx_word' id='word_1_580' title='bbox 3343 3220 3635 3275; x_wconf 84' lang='lat' dir='ltr'><strong>manifeste</strong></span> 
     </span>
    </p>
   </div>
   <div class='ocr_carea' id='block_1_78' title="bbox 2045 3313 3626 3390">
    <p class='ocr_par' dir='ltr' id='par_1_78' title="bbox 2045 3313 3626 3390">
     <span class='ocr_line' id='line_1_78' title="bbox 2045 3313 3626 3390; baseline -0.008 -15"><span class='ocrx_word' id='word_1_581' title='bbox 2045 3319 2514 3390; x_wconf 73' lang='lat' dir='ltr'><strong>deprehendatur.</strong></span> <span class='ocrx_word' id='word_1_582' title='bbox 2567 3317 2762 3373; x_wconf 90' lang='lat' dir='ltr'><strong>Dicunt</strong></span> <span class='ocrx_word' id='word_1_583' title='bbox 2816 3317 2852 3371; x_wconf 91' lang='lat' dir='ltr'><strong>ii</strong></span> <span class='ocrx_word' id='word_1_584' title='bbox 2891 3316 2985 3386; x_wconf 88' lang='lat' dir='ltr'><strong>qui</strong></span> <span class='ocrx_word' id='word_1_585' title='bbox 3036 3314 3222 3369; x_wconf 79' lang='lat' dir='ltr'><strong>verbis</strong></span> <span class='ocrx_word' id='word_1_586' title='bbox 3255 3323 3310 3368; x_wconf 89' lang='lat' dir='ltr'><strong>et</strong></span> <span class='ocrx_word' id='word_1_587' title='bbox 3341 3313 3501 3368; x_wconf 81' lang='lat' dir='ltr'><strong>factis</strong></span> <span class='ocrx_word' id='word_1_588' title='bbox 3535 3327 3626 3365; x_wconf 68' lang='lat' dir='ltr'><strong>ra-</strong></span> 
     </span>
    </p>
   </div>
   <div class='ocr_carea' id='block_1_79' title="bbox 2047 3403 3632 3471">
    <p class='ocr_par' dir='ltr' id='par_1_79' title="bbox 2047 3403 3632 3471">
     <span class='ocr_line' id='line_1_79' title="bbox 2047 3403 3632 3471; baseline -0.007 -4"><span class='ocrx_word' id='word_1_589' title='bbox 2047 3411 2309 3468; x_wconf 87' lang='lat' dir='ltr'><strong>tionalem</strong></span> <span class='ocrx_word' id='word_1_590' title='bbox 2345 3411 2473 3465; x_wconf 69' lang='lat' dir='ltr'><strong>vita:</strong></span> <span class='ocrx_word' id='word_1_591' title='bbox 2511 3411 2654 3465; x_wconf 85' lang='lat' dir='ltr'><strong>viam</strong></span> <span class='ocrx_word' id='word_1_592' title='bbox 2703 3408 2971 3471; x_wconf 87' lang='lat' dir='ltr'><strong>inierunt,</strong></span> <span class='ocrx_word' id='word_1_593' title='bbox 3005 3405 3225 3461; x_wconf 87' lang='lat' dir='ltr'><strong>initiutn</strong></span> <span class='ocrx_word' id='word_1_594' title='bbox 3270 3403 3479 3459; x_wconf 87' lang='lat' dir='ltr'><strong>erroris</strong></span> <span class='ocrx_word' id='word_1_595' title='bbox 3509 3419 3632 3457; x_wconf 73' lang='lat' dir='ltr'><strong>esse</strong></span> 
     </span>
    </p>
   </div>
   <div class='ocr_carea' id='block_1_80' title="bbox 2047 3492 3632 3569">
    <p class='ocr_par' dir='ltr' id='par_1_80' title="bbox 2047 3492 3632 3569">
     <span class='ocr_line' id='line_1_80' title="bbox 2047 3492 3632 3569; baseline -0.01 -11"><span class='ocrx_word' id='word_1_596' title='bbox 2047 3503 2250 3558; x_wconf 86' lang='lat' dir='ltr'><strong>mentis</strong></span> <span class='ocrx_word' id='word_1_597' title='bbox 2305 3503 2700 3569; x_wconf 80' lang='lat' dir='ltr'><strong>arrogantiam,</strong></span> <span class='ocrx_word' id='word_1_598' title='bbox 2729 3515 2835 3567; x_wconf 85' lang='lat' dir='ltr'><strong>qua</strong></span> <span class='ocrx_word' id='word_1_599' title='bbox 2860 3497 3079 3552; x_wconf 91' lang='lat' dir='ltr'><strong>animus</strong></span> <span class='ocrx_word' id='word_1_600' title='bbox 3108 3493 3432 3566; x_wconf 63' lang='lat' dir='ltr'><strong>perducitur</strong></span> <span class='ocrx_word' id='word_1_601' title='bbox 3456 3494 3523 3546; x_wconf 89' lang='lat' dir='ltr'><strong>ad</strong></span> <span class='ocrx_word' id='word_1_602' title='bbox 3547 3492 3632 3543; x_wconf 69' lang='lat' dir='ltr'><strong>tli-</strong></span> 
     </span>
    </p>
   </div>
   <div class='ocr_carea' id='block_1_81' title="bbox 2042 3584 3633 3664">
    <p class='ocr_par' dir='ltr' id='par_1_81' title="bbox 2042 3584 3633 3664">
     <span class='ocr_line' id='line_1_81' title="bbox 2042 3584 3633 3664; baseline -0.008 -14"><span class='ocrx_word' id='word_1_603' title='bbox 2042 3596 2234 3650; x_wconf 86' lang='lat' dir='ltr'><strong>viuum</strong></span> <span class='ocrx_word' id='word_1_604' title='bbox 2267 3595 2460 3649; x_wconf 77' lang='lat' dir='ltr'><strong>formis</strong></span> <span class='ocrx_word' id='word_1_605' title='bbox 2486 3603 2541 3647; x_wconf 89' lang='lat' dir='ltr'><strong>et</strong></span> <span class='ocrx_word' id='word_1_606' title='bbox 2579 3593 2766 3664; x_wconf 72' lang='lat' dir='ltr'><strong>ﬁguris</strong></span> <span class='ocrx_word' id='word_1_607' title='bbox 2796 3587 3389 3646; x_wconf 83' lang='lat' dir='ltr'><strong>circmnscribendum.</strong></span> <span class='ocrx_word' id='word_1_608' title='bbox 3426 3584 3491 3640; x_wconf 68' lang='grc' dir='ltr'>ιεζι</span> <span class='ocrx_word' id='word_1_609' title='bbox 3515 3601 3633 3638; x_wconf 74' lang='grc' dir='ltr'><strong>Γυΐο</strong></span> 
     </span>
    </p>
   </div>
   <div class='ocr_carea' id='block_1_82' title="bbox 2044 3674 3630 3751">
    <p class='ocr_par' dir='ltr' id='par_1_82' title="bbox 2044 3674 3630 3751">
     <span class='ocr_line' id='line_1_82' title="bbox 2044 3674 3630 3751; baseline -0.011 -9"><span class='ocrx_word' id='word_1_610' title='bbox 2044 3701 2141 3742; x_wconf 89' lang='lat' dir='ltr'><strong>sus</strong></span> <span class='ocrx_word' id='word_1_611' title='bbox 2180 3702 2194 3737; x_wconf 88' lang='lat'><strong>:</strong></span> <span class='ocrx_word' id='word_1_612' title='bbox 2253 3703 2273 3738; x_wconf 81' lang='grc' dir='ltr'><strong>ι</strong></span> <span class='ocrx_word' id='word_1_613' title='bbox 2310 3686 2519 3740; x_wconf 67' lang='grc' dir='ltr'>Βειιιιισ</span> <span class='ocrx_word' id='word_1_614' title='bbox 2546 3684 2790 3743; x_wconf 85' lang='lat' dir='ltr'><strong>animus,</strong></span> <span class='ocrx_word' id='word_1_615' title='bbox 2821 3683 2914 3751; x_wconf 90' lang='lat' dir='ltr'><strong>qui</strong></span> <span class='ocrx_word' id='word_1_616' title='bbox 2967 3678 3237 3735; x_wconf 83' lang='lat' dir='ltr'><strong>orationis</strong></span> <span class='ocrx_word' id='word_1_617' title='bbox 3280 3690 3524 3744; x_wconf 78' lang='lat' dir='ltr'><strong>tempore</strong></span> <span class='ocrx_word' id='word_1_618' title='bbox 3559 3674 3630 3727; x_wconf 87' lang='lat' dir='ltr'><strong>ab</strong></span> 
     </span>
    </p>
   </div>
   <div class='ocr_carea' id='block_1_83' title="bbox 2041 3771 3628 3839">
    <p class='ocr_par' dir='ltr' id='par_1_83' title="bbox 2041 3771 3628 3839">
     <span class='ocr_line' id='line_1_83' title="bbox 2041 3771 3628 3839; baseline -0.006 -6"><span class='ocrx_word' id='word_1_619' title='bbox 2041 3779 2192 3835; x_wconf 89' lang='lat' dir='ltr'><strong>omni</strong></span> <span class='ocrx_word' id='word_1_620' title='bbox 2231 3778 2410 3833; x_wconf 84' lang='lat' dir='ltr'><strong>forma</strong></span> <span class='ocrx_word' id='word_1_621' title='bbox 2436 3792 2495 3832; x_wconf 89' lang='lat' dir='ltr'><strong>se</strong></span> <span class='ocrx_word' id='word_1_622' title='bbox 2524 3776 2820 3831; x_wconf 77' lang='lat' dir='ltr'><strong>abstrahit.</strong></span> <span class='ocrx_word' id='word_1_623' title='bbox 2862 3794 2879 3825; x_wconf 76' lang='grc' dir='ltr'><strong>ι</strong></span> <span class='ocrx_word' id='word_1_624' title='bbox 2913 3773 2971 3827; x_wconf 83' lang='lat' dir='ltr'><strong>Et</strong></span> <span class='ocrx_word' id='word_1_625' title='bbox 3007 3789 3199 3828; x_wconf 86' lang='lat' dir='ltr'><strong>rursus</strong></span> <span class='ocrx_word' id='word_1_626' title='bbox 3231 3789 3245 3826; x_wconf 89' lang='lat'><strong>:</strong></span> <span class='ocrx_word' id='word_1_627' title='bbox 3280 3791 3299 3823; x_wconf 83' lang='grc' dir='ltr'><strong>ι</strong></span> <span class='ocrx_word' id='word_1_628' title='bbox 3336 3771 3413 3825; x_wconf 88' lang='lat' dir='ltr'><strong>Ne</strong></span> <span class='ocrx_word' id='word_1_629' title='bbox 3444 3786 3628 3839; x_wconf 63' lang='lat' dir='ltr'><strong>quxre</strong></span> 
     </span>
    </p>
   </div>
   <div class='ocr_carea' id='block_1_84' title="bbox 2041 3864 3628 3937">
    <p class='ocr_par' dir='ltr' id='par_1_84' title="bbox 2041 3864 3628 3937">
     <span class='ocr_line' id='line_1_84' title="bbox 2041 3864 3628 3937; baseline -0.008 -11"><span class='ocrx_word' id='word_1_630' title='bbox 2041 3872 2271 3925; x_wconf 85' lang='lat' dir='ltr'><strong>omnino</strong></span> <span class='ocrx_word' id='word_1_631' title='bbox 2301 3869 2534 3923; x_wconf 81' lang='lat' dir='ltr'><strong>formam</strong></span> <span class='ocrx_word' id='word_1_632' title='bbox 2570 3867 2870 3937; x_wconf 86' lang='lat' dir='ltr'><strong>quamdam</strong></span> <span class='ocrx_word' id='word_1_633' title='bbox 2892 3873 2987 3919; x_wconf 90' lang='lat' dir='ltr'><strong>aut</strong></span> <span class='ocrx_word' id='word_1_634' title='bbox 3020 3864 3268 3935; x_wconf 75' lang='lat' dir='ltr'><strong>ﬁguram.</strong></span> <span class='ocrx_word' id='word_1_635' title='bbox 3302 3871 3396 3914; x_wconf 90' lang='lat' dir='ltr'><strong>aut</strong></span> <span class='ocrx_word' id='word_1_636' title='bbox 3420 3875 3628 3929; x_wconf 86' lang='lat' dir='ltr'><strong>corpus</strong></span> 
     </span>
    </p>
   </div>
   <div class='ocr_carea' id='block_1_85' title="bbox 2041 3949 3623 4026">
    <p class='ocr_par' dir='ltr' id='par_1_85' title="bbox 2041 3949 3623 4026">
     <span class='ocr_line' id='line_1_85' title="bbox 2041 3949 3623 4026; baseline -0.004 -16"><span class='ocrx_word' id='word_1_637' title='bbox 2041 3957 2290 4026; x_wconf 84' lang='lat' dir='ltr'><strong>recipere</strong></span> <span class='ocrx_word' id='word_1_638' title='bbox 2309 3957 2364 4011; x_wconf 90' lang='lat' dir='ltr'><strong>in</strong></span> <span class='ocrx_word' id='word_1_639' title='bbox 2404 3954 2672 4010; x_wconf 86' lang='lat' dir='ltr'><strong>orationis</strong></span> <span class='ocrx_word' id='word_1_640' title='bbox 2737 3963 3005 4023; x_wconf 88' lang='lat' dir='ltr'><strong>tempore.</strong></span> <span class='ocrx_word' id='word_1_641' title='bbox 3048 3971 3067 4003; x_wconf 72' lang='grc' dir='ltr'><strong>ι</strong></span> <span class='ocrx_word' id='word_1_642' title='bbox 3105 3952 3171 4006; x_wconf 83' lang='lat' dir='ltr'><strong>Et</strong></span> <span class='ocrx_word' id='word_1_643' title='bbox 3198 3967 3392 4005; x_wconf 84' lang='lat' dir='ltr'><strong>rursus</strong></span> <span class='ocrx_word' id='word_1_644' title='bbox 3426 3966 3440 4003; x_wconf 89' lang='lat'><strong>:</strong></span> <span class='ocrx_word' id='word_1_645' title='bbox 3483 3969 3500 4001; x_wconf 81' lang='grc' dir='ltr'><strong>ι</strong></span> <span class='ocrx_word' id='word_1_646' title='bbox 3542 3949 3623 4004; x_wconf 87' lang='lat' dir='ltr'><strong>Ne</strong></span> 
     </span>
    </p>
   </div>
   <div class='ocr_carea' id='block_1_86' title="bbox 2039 4040 3624 4119">
    <p class='ocr_par' dir='ltr' id='par_1_86' title="bbox 2039 4040 3624 4119">
     <span class='ocr_line' id='line_1_86' title="bbox 2039 4040 3624 4119; baseline -0.008 -14"><span class='ocrx_word' id='word_1_647' title='bbox 2039 4050 2321 4105; x_wconf 87' lang='lat' dir='ltr'><strong>desideres</strong></span> <span class='ocrx_word' id='word_1_648' title='bbox 2347 4048 2573 4119; x_wconf 79' lang='lat' dir='ltr'><strong>angelos</strong></span> <span class='ocrx_word' id='word_1_649' title='bbox 2602 4047 2814 4111; x_wconf 89' lang='lat' dir='ltr'><strong>videre,</strong></span> <span class='ocrx_word' id='word_1_650' title='bbox 2853 4052 2948 4099; x_wconf 90' lang='lat' dir='ltr'><strong>aut</strong></span> <span class='ocrx_word' id='word_1_651' title='bbox 2981 4053 3308 4114; x_wconf 88' lang='lat' dir='ltr'><strong>potestates,</strong></span> <span class='ocrx_word' id='word_1_652' title='bbox 3342 4050 3440 4096; x_wconf 88' lang='lat' dir='ltr'><strong>aut</strong></span> <span class='ocrx_word' id='word_1_653' title='bbox 3464 4040 3624 4097; x_wconf 89' lang='lat' dir='ltr'><strong>Chri-</strong></span> 
     </span>
    </p>
   </div>
   <div class='ocr_carea' id='block_1_87' title="bbox 2040 4134 3625 4209">
    <p class='ocr_par' dir='ltr' id='par_1_87' title="bbox 2040 4134 3625 4209">
     <span class='ocr_line' id='line_1_87' title="bbox 2040 4134 3625 4209; baseline -0.009 -10"><span class='ocrx_word' id='word_1_654' title='bbox 2040 4151 2183 4201; x_wconf 89' lang='lat' dir='ltr'><strong>stum</strong></span> <span class='ocrx_word' id='word_1_655' title='bbox 2245 4141 2603 4207; x_wconf 83' lang='lat' dir='ltr'><strong>sensibiliter,</strong></span> <span class='ocrx_word' id='word_1_656' title='bbox 2645 4149 2701 4194; x_wconf 92' lang='lat' dir='ltr'><strong>ut</strong></span> <span class='ocrx_word' id='word_1_657' title='bbox 2760 4155 2829 4195; x_wconf 89' lang='lat' dir='ltr'><strong>ne</strong></span> <span class='ocrx_word' id='word_1_658' title='bbox 2869 4140 3029 4209; x_wconf 88' lang='lat' dir='ltr'><strong>plane</strong></span> <span class='ocrx_word' id='word_1_659' title='bbox 3077 4151 3269 4192; x_wconf 87' lang='lat' dir='ltr'><strong>amens</strong></span> <span class='ocrx_word' id='word_1_660' title='bbox 3318 4134 3438 4195; x_wconf 82' lang='lat' dir='ltr'><strong>tias.</strong></span> <span class='ocrx_word' id='word_1_661' title='bbox 3495 4134 3625 4201; x_wconf 87' lang='lat' dir='ltr'><strong>lupo</strong></span> 
     </span>
    </p>
   </div>
   <div class='ocr_carea' id='block_1_88' title="bbox 2041 4225 3628 4306">
    <p class='ocr_par' dir='ltr' id='par_1_88' title="bbox 2041 4225 3628 4306">
     <span class='ocr_line' id='line_1_88' title="bbox 2041 4225 3628 4306; baseline -0.009 -18"><span class='ocrx_word' id='word_1_662' title='bbox 2041 4250 2147 4306; x_wconf 80' lang='lat' dir='ltr'><strong>pro</strong></span> <span class='ocrx_word' id='word_1_663' title='bbox 2164 4245 2385 4306; x_wconf 82' lang='lat' dir='ltr'><strong>pastore</strong></span> <span class='ocrx_word' id='word_1_664' title='bbox 2411 4243 2656 4302; x_wconf 88' lang='lat' dir='ltr'><strong>recepto,</strong></span> <span class='ocrx_word' id='word_1_665' title='bbox 2686 4240 2740 4287; x_wconf 87' lang='lat' dir='ltr'><strong>et</strong></span> <span class='ocrx_word' id='word_1_666' title='bbox 2764 4232 3115 4285; x_wconf 86' lang='lat' dir='ltr'><strong>veneratione</strong></span> <span class='ocrx_word' id='word_1_667' title='bbox 3144 4228 3397 4298; x_wconf 90' lang='lat' dir='ltr'><strong>turpibus</strong></span> <span class='ocrx_word' id='word_1_668' title='bbox 3427 4225 3628 4279; x_wconf 60' lang='lat' dir='ltr'><strong>datiuu-</strong></span> 
     </span>
    </p>
   </div>
   <div class='ocr_carea' id='block_1_89' title="bbox 2039 4316 3618 4399">
    <p class='ocr_par' dir='ltr' id='par_1_89' title="bbox 2039 4316 3618 4399">
     <span class='ocr_line' id='line_1_89' title="bbox 2039 4316 3618 4399; baseline -0.009 -17"><span class='ocrx_word' id='word_1_669' title='bbox 2039 4328 2203 4399; x_wconf 67' lang='lat' dir='ltr'><strong>nibus</strong></span> <span class='ocrx_word' id='word_1_670' title='bbox 2231 4325 2449 4380; x_wconf 86' lang='lat' dir='ltr'><strong>tradita.</strong></span> <span class='ocrx_word' id='word_1_671' title='bbox 2486 4343 2506 4376; x_wconf 75' lang='grc' dir='ltr'><strong>ι</strong></span> <span class='ocrx_word' id='word_1_672' title='bbox 2542 4323 2677 4380; x_wconf 89' lang='lat' dir='ltr'><strong>Nam</strong></span> <span class='ocrx_word' id='word_1_673' title='bbox 2726 4320 2994 4393; x_wconf 84' lang='lat' dir='ltr'><strong>quidquid</strong></span> <span class='ocrx_word' id='word_1_674' title='bbox 3055 4320 3161 4374; x_wconf 91' lang='lat' dir='ltr'><strong>sub</strong></span> <span class='ocrx_word' id='word_1_675' title='bbox 3213 4317 3385 4372; x_wconf 78' lang='lat' dir='ltr'><strong>forma</strong></span> <span class='ocrx_word' id='word_1_676' title='bbox 3444 4316 3618 4371; x_wconf 87' lang='lat' dir='ltr'><strong>menti</strong></span> 
     </span>
    </p>
   </div>
   <div class='ocr_carea' id='block_1_90' title="bbox 2041 4409 3622 4489">
    <p class='ocr_par' dir='ltr' id='par_1_90' title="bbox 2041 4409 3622 4489">
     <span class='ocr_line' id='line_1_90' title="bbox 2041 4409 3622 4489; baseline -0.007 -16"><span class='ocrx_word' id='word_1_677' title='bbox 2041 4426 2270 4489; x_wconf 86' lang='lat' dir='ltr'><strong>apparet</strong></span> <span class='ocrx_word' id='word_1_678' title='bbox 2299 4417 2415 4487; x_wconf 82' lang='lat' dir='ltr'><strong>sive</strong></span> <span class='ocrx_word' id='word_1_679' title='bbox 2447 4428 2507 4471; x_wconf 87' lang='lat' dir='ltr'><strong>ut</strong></span> <span class='ocrx_word' id='word_1_680' title='bbox 2562 4418 2739 4471; x_wconf 90' lang='lat' dir='ltr'><strong>lucem</strong></span> <span class='ocrx_word' id='word_1_681' title='bbox 2776 4415 2893 4469; x_wconf 86' lang='lat' dir='ltr'><strong>sive</strong></span> <span class='ocrx_word' id='word_1_682' title='bbox 2936 4423 3000 4468; x_wconf 86' lang='lat' dir='ltr'><strong>ut.</strong></span> <span class='ocrx_word' id='word_1_683' title='bbox 3028 4413 3207 4483; x_wconf 81' lang='lat' dir='ltr'><strong>ignem</strong></span> <span class='ocrx_word' id='word_1_684' title='bbox 3242 4411 3357 4464; x_wconf 81' lang='lat' dir='ltr'><strong>ﬁeri</strong></span> <span class='ocrx_word' id='word_1_685' title='bbox 3421 4409 3622 4463; x_wconf 84' lang='lat' dir='ltr'><strong>diaboli</strong></span> 
     </span>
    </p>
   </div>
   <div class='ocr_carea' id='block_1_91' title="bbox 359 4502 1946 4584">
    <p class='ocr_par' dir='ltr' id='par_1_91' title="bbox 359 4509 1936 4584">
     <span class='ocr_line' id='line_1_91' title="bbox 359 4509 1936 4584; baseline 0.001 -20"><span class='ocrx_word' id='word_1_686' title='bbox 359 4509 678 4579; x_wconf 79' lang='grc' dir='ltr'>προσκυνῶν</span> <span class='ocrx_word' id='word_1_687' title='bbox 726 4512 840 4574; x_wconf 89' lang='grc' dir='ltr'>τοῖς</span> <span class='ocrx_word' id='word_1_688' title='bbox 882 4511 1128 4580; x_wconf 72' lang='grc' dir='ltr'>αἰσχροῖς</span> <span class='ocrx_word' id='word_1_689' title='bbox 1158 4511 1433 4580; x_wconf 72' lang='grc' dir='ltr'>δαίμοσιν.</span> <span class='ocrx_word' id='word_1_690' title='bbox 1474 4513 1546 4566; x_wconf 86' lang='lat'><strong>&quot;0</strong></span> <span class='ocrx_word' id='word_1_691' title='bbox 1585 4531 1638 4566; x_wconf 91' lang='grc' dir='ltr'><strong>τι</strong></span> <span class='ocrx_word' id='word_1_692' title='bbox 1682 4513 1791 4584; x_wconf 83' lang='grc' dir='ltr'><strong>γὰρ</strong></span> <span class='ocrx_word' id='word_1_693' title='bbox 1826 4514 1936 4569; x_wconf 84' lang='grc' dir='ltr'><strong>πᾶν</strong></span> 
     </span>
    </p>
   </div>
   <div class='ocr_carea' id='block_1_92' title="bbox 2046 4502 3621 4584">
    <p class='ocr_par' dir='ltr' id='par_1_92' title="bbox 2046 4502 3621 4581">
     <span class='ocr_line' id='line_1_92' title="bbox 2046 4502 3621 4581; baseline -0.008 -14"><span class='ocrx_word' id='word_1_694' title='bbox 2046 4510 2405 4581; x_wconf 80' lang='lat' dir='ltr'><strong>malignitate,</strong></span> <span class='ocrx_word' id='word_1_695' title='bbox 2436 4508 2660 4564; x_wconf 82' lang='lat' dir='ltr'><strong>divinus</strong></span> <span class='ocrx_word' id='word_1_696' title='bbox 2684 4506 2890 4562; x_wconf 83' lang='lat' dir='ltr'><strong>Paulus</strong></span> <span class='ocrx_word' id='word_1_697' title='bbox 2918 4506 3205 4575; x_wconf 85' lang='lat' dir='ltr'><strong>sapienter</strong></span> <span class='ocrx_word' id='word_1_698' title='bbox 3228 4504 3390 4557; x_wconf 86' lang='lat' dir='ltr'><strong>docet</strong></span> <span class='ocrx_word' id='word_1_699' title='bbox 3425 4502 3492 4556; x_wconf 90' lang='lat' dir='ltr'><strong>de</strong></span> <span class='ocrx_word' id='word_1_700' title='bbox 3520 4519 3621 4555; x_wconf 87' lang='lat' dir='ltr'><strong>au-</strong></span> 
     </span>
    </p>
   </div>
   <div class='ocr_carea' id='block_1_93' title="bbox 354 4600 1932 4675">
    <p class='ocr_par' dir='ltr' id='par_1_93' title="bbox 354 4600 1932 4675">
     <span class='ocr_line' id='line_1_93' title="bbox 354 4600 1932 4675; baseline 0.004 -25"><span class='ocrx_word' id='word_1_701' title='bbox 354 4600 415 4651; x_wconf 71' lang='grc' dir='ltr'>τὸ</span> <span class='ocrx_word' id='word_1_702' title='bbox 441 4602 499 4651; x_wconf 81' lang='grc' dir='ltr'>ἐν</span> <span class='ocrx_word' id='word_1_703' title='bbox 532 4602 774 4671; x_wconf 82' lang='grc' dir='ltr'>σχήματι</span> <span class='ocrx_word' id='word_1_704' title='bbox 817 4604 1147 4672; x_wconf 73' lang='grc' dir='ltr'>φαινόμενον</span> <span class='ocrx_word' id='word_1_705' title='bbox 1178 4603 1257 4675; x_wconf 82' lang='grc' dir='ltr'>τῷ</span> <span class='ocrx_word' id='word_1_706' title='bbox 1287 4605 1363 4675; x_wconf 82' lang='grc' dir='ltr'>νῷ</span> <span class='ocrx_word' id='word_1_707' title='bbox 1388 4605 1497 4658; x_wconf 78' lang='grc' dir='ltr'>εἴτε</span> <span class='ocrx_word' id='word_1_708' title='bbox 1541 4605 1617 4669; x_wconf 85' lang='grc' dir='ltr'>ὠς</span> <span class='ocrx_word' id='word_1_709' title='bbox 1655 4606 1772 4673; x_wconf 88' lang='grc' dir='ltr'><strong>φῶς</strong></span> <span class='ocrx_word' id='word_1_710' title='bbox 1818 4606 1932 4658; x_wconf 84' lang='grc' dir='ltr'>εῖτε</span> 
     </span>
    </p>
   </div>
   <div class='ocr_carea' id='block_1_94' title="bbox 353 4691 1933 4768">
    <p class='ocr_par' dir='ltr' id='par_1_94' title="bbox 353 4691 1933 4768">
     <span class='ocr_line' id='line_1_94' title="bbox 353 4691 1933 4768; baseline 0.004 -23"><span class='ocrx_word' id='word_1_711' title='bbox 353 4694 429 4756; x_wconf 80' lang='grc' dir='ltr'>ὡς</span> <span class='ocrx_word' id='word_1_712' title='bbox 461 4691 575 4764; x_wconf 87' lang='grc' dir='ltr'><strong>πῦρ</strong></span> <span class='ocrx_word' id='word_1_713' title='bbox 605 4696 670 4748; x_wconf 69' lang='grc' dir='ltr'>ἐκ</span> <span class='ocrx_word' id='word_1_714' title='bbox 712 4695 813 4765; x_wconf 83' lang='grc' dir='ltr'>τῆς</span> <span class='ocrx_word' id='word_1_715' title='bbox 844 4696 940 4749; x_wconf 89' lang='grc' dir='ltr'><strong>τοῦ</strong></span> <span class='ocrx_word' id='word_1_716' title='bbox 984 4697 1182 4767; x_wconf 71' lang='grc' dir='ltr'>ἐχθροῦ</span> <span class='ocrx_word' id='word_1_717' title='bbox 1227 4699 1594 4768; x_wconf 82' lang='grc' dir='ltr'>κακοτεχνίας</span> <span class='ocrx_word' id='word_1_718' title='bbox 1634 4700 1875 4767; x_wconf 83' lang='grc' dir='ltr'>γίνεται,</span> <span class='ocrx_word' id='word_1_719' title='bbox 1904 4700 1933 4750; x_wconf 90' lang='lat'><strong>6</strong></span> 
     </span>
    </p>
   </div>
   <div class='ocr_carea' id='block_1_95' title="bbox 353 4785 1933 4859">
    <p class='ocr_par' dir='ltr' id='par_1_95' title="bbox 353 4785 1933 4859">
     <span class='ocr_line' id='line_1_95' title="bbox 353 4785 1933 4859; baseline 0.004 -22"><span class='ocrx_word' id='word_1_720' title='bbox 353 4785 641 4849; x_wconf 76' lang='grc' dir='ltr'>θεσπέσιος</span> <span class='ocrx_word' id='word_1_721' title='bbox 697 4787 910 4851; x_wconf 83' lang='grc' dir='ltr'>Παῦλος</span> <span class='ocrx_word' id='word_1_722' title='bbox 978 4789 1169 4857; x_wconf 80' lang='grc' dir='ltr'>σαφῶς</span> <span class='ocrx_word' id='word_1_723' title='bbox 1225 4789 1494 4855; x_wconf 77' lang='grc' dir='ltr'>διδάσκει,</span> <span class='ocrx_word' id='word_1_724' title='bbox 1547 4793 1630 4854; x_wconf 81' lang='grc' dir='ltr'><strong>είς</strong></span> <span class='ocrx_word' id='word_1_725' title='bbox 1700 4791 1933 4859; x_wconf 75' lang='grc' dir='ltr'>ἄγγελον</span> 
     </span>
    </p>
   </div>
   <div class='ocr_carea' id='block_1_96' title="bbox 355 4876 1934 4955">
    <p class='ocr_par' dir='ltr' id='par_1_96' title="bbox 355 4876 1934 4955">
     <span class='ocr_line' id='line_1_96' title="bbox 355 4876 1934 4955; baseline 0.005 -27"><span class='ocrx_word' id='word_1_726' title='bbox 355 4876 533 4944; x_wconf 75' lang='grc' dir='ltr'>φωτὸς</span> <span class='ocrx_word' id='word_1_727' title='bbox 561 4878 724 4931; x_wconf 80' lang='grc' dir='ltr'>αὐτὸν</span> <span class='ocrx_word' id='word_1_728' title='bbox 753 4879 930 4948; x_wconf 79' lang='grc' dir='ltr'>λέγων</span> <span class='ocrx_word' id='word_1_729' title='bbox 974 4883 1584 4955; x_wconf 72' lang='grc' dir='ltr'>μετασχηματίζεσθαι.</span> <span class='ocrx_word' id='word_1_730' title='bbox 1617 4885 1691 4937; x_wconf 78' lang='grc' dir='ltr'><strong>Οὐ</strong></span> <span class='ocrx_word' id='word_1_731' title='bbox 1726 4884 1809 4937; x_wconf 85' lang='grc' dir='ltr'><strong>δεῖ</strong></span> <span class='ocrx_word' id='word_1_732' title='bbox 1838 4882 1934 4937; x_wconf 81' lang='grc' dir='ltr'>οὖν</span> 
     </span>
    </p>
   </div>
   <div class='ocr_carea' id='block_1_97' title="bbox 330 4967 1933 5042">
    <p class='ocr_par' dir='ltr' id='par_1_97' title="bbox 330 4967 1933 5042">
     <span class='ocr_line' id='line_1_97' title="bbox 330 4967 1933 5042; baseline 0.003 -23"><span class='ocrx_word' id='word_1_733' title='bbox 330 4968 446 5020; x_wconf 70' lang='grc' dir='ltr'><strong>ιὲπὶ</strong></span> <span class='ocrx_word' id='word_1_734' title='bbox 478 4967 651 5040; x_wconf 62' lang='grc' dir='ltr'>ταύτῃ</span> <span class='ocrx_word' id='word_1_735' title='bbox 684 4971 751 5041; x_wconf 80' lang='grc' dir='ltr'>τῇ</span> <span class='ocrx_word' id='word_1_736' title='bbox 806 4970 985 5024; x_wconf 78' lang='grc' dir='ltr'>ἐλπίδι</span> <span class='ocrx_word' id='word_1_737' title='bbox 1040 4969 1165 5025; x_wconf 71' lang='grc' dir='ltr'>τινὰ</span> <span class='ocrx_word' id='word_1_738' title='bbox 1210 4972 1302 5026; x_wconf 84' lang='grc' dir='ltr'>τὸν</span> <span class='ocrx_word' id='word_1_739' title='bbox 1347 4974 1648 5041; x_wconf 65' lang='grc' dir='ltr'>ἀσκητικὸν</span> <span class='ocrx_word' id='word_1_740' title='bbox 1682 4973 1933 5042; x_wconf 83' lang='grc' dir='ltr'>μετιέναι</span> 
     </span>
    </p>
   </div>
   <div class='ocr_carea' id='block_1_98' title="bbox 353 5058 1934 5136">
    <p class='ocr_par' dir='ltr' id='par_1_98' title="bbox 353 5058 1934 5136">
     <span class='ocr_line' id='line_1_98' title="bbox 353 5058 1934 5136; baseline 0.003 -25"><span class='ocrx_word' id='word_1_741' title='bbox 353 5058 490 5129; x_wconf 76' lang='grc' dir='ltr'>βίον,</span> <span class='ocrx_word' id='word_1_742' title='bbox 523 5060 611 5114; x_wconf 81' lang='grc' dir='ltr'>ἵνα</span> <span class='ocrx_word' id='word_1_743' title='bbox 667 5063 742 5131; x_wconf 79' lang='grc' dir='ltr'>μὴ</span> <span class='ocrx_word' id='word_1_744' title='bbox 781 5062 810 5113; x_wconf 89' lang='lat'><strong>6</strong></span> <span class='ocrx_word' id='word_1_745' title='bbox 847 5064 1091 5127; x_wconf 78' lang='grc' dir='ltr'>Σατανᾶς</span> <span class='ocrx_word' id='word_1_746' title='bbox 1140 5064 1367 5134; x_wconf 76' lang='grc' dir='ltr'>ἑτοίμην</span> <span class='ocrx_word' id='word_1_747' title='bbox 1421 5063 1557 5136; x_wconf 74' lang='grc' dir='ltr'>εὕρῃ</span> <span class='ocrx_word' id='word_1_748' title='bbox 1604 5065 1706 5135; x_wconf 77' lang='grc' dir='ltr'>τὴν</span> <span class='ocrx_word' id='word_1_749' title='bbox 1753 5064 1934 5134; x_wconf 75' lang='grc' dir='ltr'>ψυχὴν</span> 
     </span>
    </p>
   </div>
   <div class='ocr_carea' id='block_1_99' title="bbox 348 5150 1930 5224">
    <p class='ocr_par' dir='ltr' id='par_1_99' title="bbox 348 5150 1930 5224">
     <span class='ocr_line' id='line_1_99' title="bbox 348 5150 1930 5224; baseline 0.004 -22"><span class='ocrx_word' id='word_1_750' title='bbox 348 5150 600 5204; x_wconf 83' lang='grc' dir='ltr'>ἐντεῦθεν</span> <span class='ocrx_word' id='word_1_751' title='bbox 622 5152 703 5215; x_wconf 76' lang='grc' dir='ltr'><strong>είς</strong></span> <span class='ocrx_word' id='word_1_752' title='bbox 727 5154 1008 5224; x_wconf 68' lang='grc' dir='ltr'>ἁρπαγήν.</span> <span class='ocrx_word' id='word_1_753' title='bbox 1044 5174 1064 5207; x_wconf 76' lang='grc' dir='ltr'><strong>ι</strong></span> <span class='ocrx_word' id='word_1_754' title='bbox 1105 5156 1216 5213; x_wconf 82' lang='grc' dir='ltr'><strong>Καὶ</strong></span> <span class='ocrx_word' id='word_1_755' title='bbox 1249 5157 1302 5208; x_wconf 85' lang='grc' dir='ltr'><strong>τί</strong></span> <span class='ocrx_word' id='word_1_756' title='bbox 1341 5158 1423 5209; x_wconf 81' lang='grc' dir='ltr'><strong>δεῖ</strong></span> <span class='ocrx_word' id='word_1_757' title='bbox 1460 5156 1681 5220; x_wconf 82' lang='grc' dir='ltr'>πλείους</span> <span class='ocrx_word' id='word_1_758' title='bbox 1713 5155 1930 5209; x_wconf 76' lang='grc' dir='ltr'>ἐνταῦθ’</span> 
     </span>
    </p>
   </div>
   <div class='ocr_carea' id='block_1_100' title="bbox 347 5242 1926 5316">
    <p class='ocr_par' dir='ltr' id='par_1_100' title="bbox 347 5242 1926 5316">
     <span class='ocr_line' id='line_1_100' title="bbox 347 5242 1926 5316; baseline 0.003 -21"><span class='ocrx_word' id='word_1_759' title='bbox 347 5242 650 5298; x_wconf 83' lang='grc' dir='ltr'>ἀνελίττειν</span> <span class='ocrx_word' id='word_1_760' title='bbox 699 5244 915 5315; x_wconf 82' lang='grc' dir='ltr'>βίϐλους</span> <span class='ocrx_word' id='word_1_761' title='bbox 964 5247 1137 5315; x_wconf 80' lang='grc' dir='ltr'>ἁγίων</span> <span class='ocrx_word' id='word_1_762' title='bbox 1181 5248 1416 5316; x_wconf 83' lang='grc' dir='ltr'>ἀνδρῶν,</span> <span class='ocrx_word' id='word_1_763' title='bbox 1461 5248 1655 5301; x_wconf 76' lang='grc' dir='ltr'>ὁπόσοι</span> <span class='ocrx_word' id='word_1_764' title='bbox 1713 5248 1811 5301; x_wconf 84' lang='grc' dir='ltr'>σύν</span> <span class='ocrx_word' id='word_1_765' title='bbox 1864 5265 1926 5315; x_wconf 84' lang='grc' dir='ltr'><strong>γε</strong></span> 
     </span>
    </p>
   </div>
   <div class='ocr_carea' id='block_1_101' title="bbox 351 5335 1930 5410">
    <p class='ocr_par' dir='ltr' id='par_1_101' title="bbox 351 5335 1930 5410">
     <span class='ocr_line' id='line_1_101' title="bbox 351 5335 1930 5410; baseline 0.003 -24"><span class='ocrx_word' id='word_1_766' title='bbox 351 5335 516 5407; x_wconf 77' lang='grc' dir='ltr'>σοφίᾳ</span> <span class='ocrx_word' id='word_1_767' title='bbox 566 5337 658 5389; x_wconf 72' lang='grc' dir='ltr'>καὶ</span> <span class='ocrx_word' id='word_1_768' title='bbox 693 5336 880 5406; x_wconf 82' lang='grc' dir='ltr'>νόμοις</span> <span class='ocrx_word' id='word_1_769' title='bbox 929 5338 1219 5408; x_wconf 81' lang='grc' dir='ltr'>ἀσκήσεως</span> <span class='ocrx_word' id='word_1_770' title='bbox 1247 5341 1338 5392; x_wconf 68' lang='grc' dir='ltr'><strong>τον</strong></span> <span class='ocrx_word' id='word_1_771' title='bbox 1376 5341 1590 5394; x_wconf 72' lang='grc' dir='ltr'>ἑαυτῶν</span> <span class='ocrx_word' id='word_1_772' title='bbox 1618 5341 1930 5410; x_wconf 73' lang='grc' dir='ltr'>ἐκεκοσμη-</span> 
     </span>
    </p>
   </div>
   <div class='ocr_carea' id='block_1_102' title="bbox 348 5423 1925 5500">
    <p class='ocr_par' dir='ltr' id='par_1_102' title="bbox 348 5423 1925 5500">
     <span class='ocr_line' id='line_1_102' title="bbox 348 5423 1925 5500; baseline 0.004 -20"><span class='ocrx_word' id='word_1_773' title='bbox 348 5445 521 5481; x_wconf 83' lang='grc' dir='ltr'>κεσαν</span> <span class='ocrx_word' id='word_1_774' title='bbox 574 5428 711 5496; x_wconf 86' lang='grc' dir='ltr'>βίον,</span> <span class='ocrx_word' id='word_1_775' title='bbox 760 5423 842 5492; x_wconf 77' lang='grc' dir='ltr'>οἷς</span> <span class='ocrx_word' id='word_1_776' title='bbox 886 5430 1154 5493; x_wconf 76' lang='grc' dir='ltr'>συνέσεως</span> <span class='ocrx_word' id='word_1_777' title='bbox 1215 5430 1471 5500; x_wconf 82' lang='grc' dir='ltr'>μέτεστιν</span> <span class='ocrx_word' id='word_1_778' title='bbox 1525 5434 1755 5499; x_wconf 77' lang='grc' dir='ltr'>ἂπατιν,</span> <span class='ocrx_word' id='word_1_779' title='bbox 1805 5432 1925 5499; x_wconf 80' lang='grc' dir='ltr'>ἐξὸν</span> 
     </span>
    </p>
   </div>
   <div class='ocr_carea' id='block_1_103' title="bbox 345 5520 1923 5595">
    <p class='ocr_par' dir='ltr' id='par_1_103' title="bbox 345 5520 1923 5595">
     <span class='ocr_line' id='line_1_103' title="bbox 345 5520 1923 5595; baseline 0.003 -23"><span class='ocrx_word' id='word_1_780' title='bbox 345 5520 635 5590; x_wconf 84' lang='grc' dir='ltr'>ἀρκεῖσθαι</span> <span class='ocrx_word' id='word_1_781' title='bbox 685 5522 873 5592; x_wconf 80' lang='grc' dir='ltr'>μόνοις</span> <span class='ocrx_word' id='word_1_782' title='bbox 920 5524 1135 5588; x_wconf 63' lang='grc' dir='ltr'>τούτοις</span> <span class='ocrx_word' id='word_1_783' title='bbox 1181 5523 1234 5579; x_wconf 78' lang='grc' dir='ltr'><strong>οῖ</strong></span> <span class='ocrx_word' id='word_1_784' title='bbox 1269 5524 1605 5595; x_wconf 78' lang='grc' dir='ltr'>θεραπευταὶ</span> <span class='ocrx_word' id='word_1_785' title='bbox 1660 5525 1761 5594; x_wconf 77' lang='grc' dir='ltr'>τῆς</span> <span class='ocrx_word' id='word_1_786' title='bbox 1806 5528 1923 5577; x_wconf 79' lang='grc' dir='ltr'>ἑνε-</span> 
     </span>
    </p>
   </div>
   <div class='ocr_carea' id='block_1_104' title="bbox 349 5607 1917 5689">
    <p class='ocr_par' dir='ltr' id='par_1_104' title="bbox 349 5607 1917 5689">
     <span class='ocr_line' id='line_1_104' title="bbox 349 5607 1917 5689; baseline 0.005 -26"><span class='ocrx_word' id='word_1_787' title='bbox 349 5613 563 5684; x_wconf 83' lang='grc' dir='ltr'>στώσης</span> <span class='ocrx_word' id='word_1_788' title='bbox 589 5614 781 5685; x_wconf 86' lang='grc' dir='ltr'>χρείας</span> <span class='ocrx_word' id='word_1_789' title='bbox 831 5617 961 5686; x_wconf 74' lang='grc' dir='ltr'>ἡμῖν</span> <span class='ocrx_word' id='word_1_790' title='bbox 995 5618 1055 5672; x_wconf 79' lang='grc' dir='ltr'>ἐν</span> <span class='ocrx_word' id='word_1_791' title='bbox 1084 5618 1164 5688; x_wconf 84' lang='grc' dir='ltr'>τῷ</span> <span class='ocrx_word' id='word_1_792' title='bbox 1210 5607 1453 5689; x_wconf 76' lang='grc' dir='ltr'>παρόντί</span> <span class='ocrx_word' id='word_1_793' title='bbox 1474 5615 1917 5687; x_wconf 79' lang='grc' dir='ltr'>προὸέόληνται;</span> 
     </span>
    </p>
   </div>
   <div class='ocr_carea' id='block_1_105' title="bbox 2031 4583 3625 4674">
    <p class='ocr_par' dir='ltr' id='par_1_105' title="bbox 2031 4583 3625 4674">
     <span class='ocr_line' id='line_1_105' title="bbox 2031 4583 3625 4674; baseline -0.006 -18"><span class='ocrx_word' id='word_1_794' title='bbox 2031 4603 2153 4674; x_wconf 72' lang='lat' dir='ltr'><strong>gelo</strong></span> <span class='ocrx_word' id='word_1_795' title='bbox 2198 4600 2359 4666; x_wconf 89' lang='lat' dir='ltr'><strong>lucis,</strong></span> <span class='ocrx_word' id='word_1_796' title='bbox 2395 4616 2556 4670; x_wconf 87' lang='lat' dir='ltr'><strong>quem</strong></span> <span class='ocrx_word' id='word_1_797' title='bbox 2613 4583 3055 4668; x_wconf 78' lang='lat' dir='ltr'><strong>transﬁguratum</strong></span> <span class='ocrx_word' id='word_1_798' title='bbox 3108 4595 3262 4648; x_wconf 85' lang='lat' dir='ltr'><strong>dicit.</strong></span> <span class='ocrx_word' id='word_1_799' title='bbox 3314 4593 3432 4648; x_wconf 76' lang='lat' dir='ltr'><strong>Non</strong></span> <span class='ocrx_word' id='word_1_800' title='bbox 3456 4594 3625 4663; x_wconf 78' lang='lat' dir='ltr'><strong>igitur</strong></span> 
     </span>
    </p>
   </div>
   <div class='ocr_carea' id='block_1_106' title="bbox 2037 4687 3623 4766">
    <p class='ocr_par' dir='ltr' id='par_1_106' title="bbox 2037 4687 3623 4766">
     <span class='ocr_line' id='line_1_106' title="bbox 2037 4687 3623 4766; baseline -0.007 -17"><span class='ocrx_word' id='word_1_801' title='bbox 2037 4711 2177 4766; x_wconf 87' lang='lat' dir='ltr'><strong>opus</strong></span> <span class='ocrx_word' id='word_1_802' title='bbox 2201 4702 2286 4749; x_wconf 85' lang='lat' dir='ltr'><strong>est</strong></span> <span class='ocrx_word' id='word_1_803' title='bbox 2313 4693 2443 4749; x_wconf 87' lang='lat' dir='ltr'><strong>huic</strong></span> <span class='ocrx_word' id='word_1_804' title='bbox 2461 4693 2579 4763; x_wconf 88' lang='lat' dir='ltr'><strong>spei</strong></span> <span class='ocrx_word' id='word_1_805' title='bbox 2604 4691 2897 4746; x_wconf 77' lang='lat' dir='ltr'><strong>aseeticam</strong></span> <span class='ocrx_word' id='word_1_806' title='bbox 2922 4689 3215 4759; x_wconf 86' lang='lat' dir='ltr'><strong>quamdam</strong></span> <span class='ocrx_word' id='word_1_807' title='bbox 3243 4687 3408 4740; x_wconf 88' lang='lat' dir='ltr'><strong>vitam</strong></span> <span class='ocrx_word' id='word_1_808' title='bbox 3430 4701 3623 4754; x_wconf 64' lang='lat' dir='ltr'><strong>sul-er-</strong></span> 
     </span>
    </p>
   </div>
   <div class='ocr_carea' id='block_1_107' title="bbox 2038 4776 3623 4852">
    <p class='ocr_par' dir='ltr' id='par_1_107' title="bbox 2038 4776 3623 4852">
     <span class='ocr_line' id='line_1_107' title="bbox 2038 4776 3623 4852; baseline -0.008 -11"><span class='ocrx_word' id='word_1_809' title='bbox 2038 4797 2281 4851; x_wconf 86' lang='lat' dir='ltr'><strong>struere,</strong></span> <span class='ocrx_word' id='word_1_810' title='bbox 2315 4799 2384 4841; x_wconf 84' lang='lat' dir='ltr'><strong>ne</strong></span> <span class='ocrx_word' id='word_1_811' title='bbox 2415 4783 2650 4840; x_wconf 85' lang='lat' dir='ltr'><strong>Satanas</strong></span> <span class='ocrx_word' id='word_1_812' title='bbox 2689 4792 2933 4852; x_wconf 86' lang='lat' dir='ltr'><strong>paratam</strong></span> <span class='ocrx_word' id='word_1_813' title='bbox 2964 4780 3204 4850; x_wconf 67' lang='lat' dir='ltr'><strong>praedam</strong></span> <span class='ocrx_word' id='word_1_814' title='bbox 3239 4776 3623 4847; x_wconf 69' lang='lat' dir='ltr'><strong>deprehendat</strong></span> 
     </span>
    </p>
   </div>
   <div class='ocr_carea' id='block_1_108' title="bbox 2035 4866 3622 4945">
    <p class='ocr_par' dir='ltr' id='par_1_108' title="bbox 2035 4866 3622 4945">
     <span class='ocr_line' id='line_1_108' title="bbox 2035 4866 3622 4945; baseline -0.006 -16"><span class='ocrx_word' id='word_1_815' title='bbox 2035 4878 2300 4931; x_wconf 80' lang='lat' dir='ltr'><strong>animam.</strong></span> <span class='ocrx_word' id='word_1_816' title='bbox 2335 4874 2515 4945; x_wconf 81' lang='lat' dir='ltr'><strong>Atque</strong></span> <span class='ocrx_word' id='word_1_817' title='bbox 2571 4873 2704 4944; x_wconf 90' lang='lat' dir='ltr'><strong>quid</strong></span> <span class='ocrx_word' id='word_1_818' title='bbox 2764 4886 2992 4927; x_wconf 86' lang='lat' dir='ltr'><strong>necesse</strong></span> <span class='ocrx_word' id='word_1_819' title='bbox 3043 4878 3131 4924; x_wconf 90' lang='lat' dir='ltr'><strong>est</strong></span> <span class='ocrx_word' id='word_1_820' title='bbox 3189 4869 3395 4923; x_wconf 85' lang='lat' dir='ltr'><strong>ibidem</strong></span> <span class='ocrx_word' id='word_1_821' title='bbox 3451 4866 3622 4919; x_wconf 89' lang='lat' dir='ltr'><strong>libros</strong></span> 
     </span>
    </p>
   </div>
   <div class='ocr_carea' id='block_1_109' title="bbox 2033 4957 3621 5032">
    <p class='ocr_par' dir='ltr' id='par_1_109' title="bbox 2033 4957 3621 5032">
     <span class='ocr_line' id='line_1_109' title="bbox 2033 4957 3621 5032; baseline -0.009 -9"><span class='ocrx_word' id='word_1_822' title='bbox 2033 4977 2348 5023; x_wconf 81' lang='lat' dir='ltr'><strong>sanetorum</strong></span> <span class='ocrx_word' id='word_1_823' title='bbox 2382 4966 2629 5019; x_wconf 90' lang='lat' dir='ltr'><strong>virorum</strong></span> <span class='ocrx_word' id='word_1_824' title='bbox 2655 4964 2935 5026; x_wconf 85' lang='lat' dir='ltr'><strong>evolvere,</strong></span> <span class='ocrx_word' id='word_1_825' title='bbox 2967 4960 3064 5032; x_wconf 86' lang='lat' dir='ltr'><strong>qui</strong></span> <span class='ocrx_word' id='word_1_826' title='bbox 3095 4961 3366 5032; x_wconf 71' lang='lat' dir='ltr'><strong>sapientia</strong></span> <span class='ocrx_word' id='word_1_827' title='bbox 3395 4970 3451 5013; x_wconf 89' lang='lat' dir='ltr'><strong>et</strong></span> <span class='ocrx_word' id='word_1_828' title='bbox 3480 4957 3621 5026; x_wconf 80' lang='lat' dir='ltr'><strong>legi-</strong></span> 
     </span>
    </p>
   </div>
   <div class='ocr_carea' id='block_1_110' title="bbox 2038 5048 3624 5129">
    <p class='ocr_par' dir='ltr' id='par_1_110' title="bbox 2038 5048 3624 5129">
     <span class='ocr_line' id='line_1_110' title="bbox 2038 5048 3624 5129; baseline -0.008 -15"><span class='ocrx_word' id='word_1_829' title='bbox 2038 5059 2142 5114; x_wconf 89' lang='lat' dir='ltr'><strong>bus</strong></span> <span class='ocrx_word' id='word_1_830' title='bbox 2175 5059 2336 5129; x_wconf 80' lang='lat'><strong>500</strong></span> <span class='ocrx_word' id='word_1_831' title='bbox 2383 5058 2635 5113; x_wconf 82' lang='lat' dir='ltr'><strong>asceticis</strong></span> <span class='ocrx_word' id='word_1_832' title='bbox 2665 5058 2832 5111; x_wconf 91' lang='lat' dir='ltr'><strong>vitam</strong></span> <span class='ocrx_word' id='word_1_833' title='bbox 2864 5050 3057 5109; x_wconf 88' lang='lat' dir='ltr'><strong>eorum</strong></span> <span class='ocrx_word' id='word_1_834' title='bbox 3106 5059 3469 5115; x_wconf 78' lang='lat' dir='ltr'><strong>exornarunt,</strong></span> <span class='ocrx_word' id='word_1_835' title='bbox 3501 5048 3624 5121; x_wconf 83' lang='lat' dir='ltr'><strong>qni—</strong></span> 
     </span>
    </p>
   </div>
   <div class='ocr_carea' id='block_1_111' title="bbox 2036 5141 3617 5220">
    <p class='ocr_par' dir='ltr' id='par_1_111' title="bbox 2036 5141 3617 5220">
     <span class='ocr_line' id='line_1_111' title="bbox 2036 5141 3617 5220; baseline -0.009 -14"><span class='ocrx_word' id='word_1_836' title='bbox 2036 5152 2141 5206; x_wconf 86' lang='lat' dir='ltr'><strong>bus</strong></span> <span class='ocrx_word' id='word_1_837' title='bbox 2173 5152 2227 5205; x_wconf 92' lang='lat' dir='ltr'><strong>iu</strong></span> <span class='ocrx_word' id='word_1_838' title='bbox 2263 5151 2526 5205; x_wconf 89' lang='lat' dir='ltr'><strong>omnibus</strong></span> <span class='ocrx_word' id='word_1_839' title='bbox 2560 5148 2855 5220; x_wconf 89' lang='lat' dir='ltr'><strong>prudentia</strong></span> <span class='ocrx_word' id='word_1_840' title='bbox 2910 5148 3076 5213; x_wconf 85' lang='lat' dir='ltr'><strong>inest,</strong></span> <span class='ocrx_word' id='word_1_841' title='bbox 3131 5161 3256 5201; x_wconf 89' lang='lat' dir='ltr'><strong>cum</strong></span> <span class='ocrx_word' id='word_1_842' title='bbox 3319 5141 3617 5205; x_wconf 82' lang='lat' dir='ltr'><strong>suﬂiciant,</strong></span> 
     </span>
    </p>
   </div>
   <div class='ocr_carea' id='block_1_112' title="bbox 2035 5234 3618 5315">
    <p class='ocr_par' dir='ltr' id='par_1_112' title="bbox 2035 5234 3618 5315">
     <span class='ocr_line' id='line_1_112' title="bbox 2035 5234 3618 5315; baseline -0.01 -15"><span class='ocrx_word' id='word_1_843' title='bbox 2035 5247 2128 5315; x_wconf 92' lang='lat' dir='ltr'><strong>qui</strong></span> <span class='ocrx_word' id='word_1_844' title='bbox 2174 5245 2432 5315; x_wconf 55' lang='lat' dir='ltr'><strong>preesenti</strong></span> <span class='ocrx_word' id='word_1_845' title='bbox 2484 5242 2801 5299; x_wconf 79' lang='lat' dir='ltr'><strong>necessitati</strong></span> <span class='ocrx_word' id='word_1_846' title='bbox 2828 5241 3078 5297; x_wconf 80' lang='lat' dir='ltr'><strong>serviunt</strong></span> <span class='ocrx_word' id='word_1_847' title='bbox 3106 5238 3129 5293; x_wconf 87' lang='lat'><strong>?</strong></span> <span class='ocrx_word' id='word_1_848' title='bbox 3162 5238 3294 5293; x_wconf 85' lang='lat' dir='ltr'><strong>Nam</strong></span> <span class='ocrx_word' id='word_1_849' title='bbox 3334 5234 3618 5289; x_wconf 82' lang='lat' dir='ltr'><strong>formatio-</strong></span> 
     </span>
    </p>
   </div>
   <div class='ocr_carea' id='block_1_113' title="bbox 2035 5326 3616 5407">
    <p class='ocr_par' dir='ltr' id='par_1_113' title="bbox 2035 5326 3616 5407">
     <span class='ocr_line' id='line_1_113' title="bbox 2035 5326 3616 5407; baseline -0.011 -16"><span class='ocrx_word' id='word_1_850' title='bbox 2035 5354 2134 5393; x_wconf 88' lang='lat' dir='ltr'><strong>nes</strong></span> <span class='ocrx_word' id='word_1_851' title='bbox 2171 5348 2227 5392; x_wconf 90' lang='lat' dir='ltr'><strong>et</strong></span> <span class='ocrx_word' id='word_1_852' title='bbox 2261 5338 2504 5392; x_wconf 89' lang='lat' dir='ltr'><strong>visiones</strong></span> <span class='ocrx_word' id='word_1_853' title='bbox 2549 5351 2669 5407; x_wconf 67' lang='lat' dir='ltr'><strong>qua:</strong></span> <span class='ocrx_word' id='word_1_854' title='bbox 2705 5326 2909 5389; x_wconf 78' lang='lat' dir='ltr'><strong>sanctis</strong></span> <span class='ocrx_word' id='word_1_855' title='bbox 2953 5331 3225 5387; x_wconf 88' lang='lat' dir='ltr'><strong>interdum</strong></span> <span class='ocrx_word' id='word_1_856' title='bbox 3255 5327 3616 5397; x_wconf 85' lang='lat' dir='ltr'><strong>apparebant,</strong></span> 
     </span>
    </p>
   </div>
   <div class='ocr_carea' id='block_1_114' title="bbox 2035 5426 3618 5502">
    <p class='ocr_par' dir='ltr' id='par_1_114' title="bbox 2035 5426 3618 5502">
     <span class='ocr_line' id='line_1_114' title="bbox 2035 5426 3618 5502; baseline -0.01 -17"><span class='ocrx_word' id='word_1_857' title='bbox 2035 5447 2131 5501; x_wconf 91' lang='lat' dir='ltr'><strong>per</strong></span> <span class='ocrx_word' id='word_1_858' title='bbox 2185 5433 2405 5502; x_wconf 75' lang='lat' dir='ltr'><strong>angelos</strong></span> <span class='ocrx_word' id='word_1_859' title='bbox 2467 5429 2639 5484; x_wconf 82' lang='lat' dir='ltr'><strong>factas</strong></span> <span class='ocrx_word' id='word_1_860' title='bbox 2664 5443 2805 5494; x_wconf 88' lang='lat' dir='ltr'><strong>esse,</strong></span> <span class='ocrx_word' id='word_1_861' title='bbox 2836 5427 2968 5480; x_wconf 89' lang='lat' dir='ltr'><strong>satis</strong></span> <span class='ocrx_word' id='word_1_862' title='bbox 2998 5426 3431 5479; x_wconf 83' lang='lat' dir='ltr'><strong>demonstratum</strong></span> <span class='ocrx_word' id='word_1_863' title='bbox 3464 5427 3618 5487; x_wconf 88' lang='lat' dir='ltr'><strong>puto.</strong></span> 
     </span>
    </p>
   </div>
   <div class='ocr_carea' id='block_1_115' title="bbox 2032 5508 3619 5594">
    <p class='ocr_par' dir='ltr' id='par_1_115' title="bbox 2032 5508 3619 5594">
     <span class='ocr_line' id='line_1_115' title="bbox 2032 5508 3619 5594; baseline -0.012 -15"><span class='ocrx_word' id='word_1_864' title='bbox 2032 5525 2152 5579; x_wconf 87' lang='lat' dir='ltr'><strong>Non</strong></span> <span class='ocrx_word' id='word_1_865' title='bbox 2195 5528 2340 5578; x_wconf 88' lang='lat' dir='ltr'><strong>enim</strong></span> <span class='ocrx_word' id='word_1_866' title='bbox 2377 5532 2558 5594; x_wconf 87' lang='lat' dir='ltr'><strong>potest</strong></span> <span class='ocrx_word' id='word_1_867' title='bbox 2610 5522 2923 5578; x_wconf 88' lang='lat' dir='ltr'><strong>immediate</strong></span> <span class='ocrx_word' id='word_1_868' title='bbox 2982 5532 3220 5586; x_wconf 90' lang='lat' dir='ltr'><strong>unquam</strong></span> <span class='ocrx_word' id='word_1_869' title='bbox 3268 5511 3446 5567; x_wconf 89' lang='lat' dir='ltr'><strong>dcitas</strong></span> <span class='ocrx_word' id='word_1_870' title='bbox 3502 5508 3619 5577; x_wconf 85' lang='lat' dir='ltr'><strong>ipsa</strong></span> 
     </span>
    </p>
   </div>
   <div class='ocr_carea' id='block_1_116' title="bbox 2028 5632 2312 5687">
    <p class='ocr_par' dir='ltr' id='par_1_116' title="bbox 2028 5632 2312 5687">
     <span class='ocr_line' id='line_1_116' title="bbox 2028 5632 2312 5687; baseline -0.011 -15"><span class='ocrx_word' id='word_1_871' title='bbox 2028 5632 2312 5687; x_wconf 85' lang='lat' dir='ltr'><strong>apparere.</strong></span> 
     </span>
    </p>
   </div>
   <div class='ocr_carea' id='block_1_117' title="bbox 348 5698 3615 5785">
    <p class='ocr_par' dir='ltr' id='par_1_117' title="bbox 348 5698 3615 5785">
     <span class='ocr_line' id='line_1_117' title="bbox 348 5698 3615 5785; baseline -0.004 -21"><span class='ocrx_word' id='word_1_872' title='bbox 348 5709 472 5763; x_wconf 85' lang='grc' dir='ltr'><strong>Ὅτι</strong></span> <span class='ocrx_word' id='word_1_873' title='bbox 536 5711 638 5781; x_wconf 78' lang='grc' dir='ltr'>μὲν</span> <span class='ocrx_word' id='word_1_874' title='bbox 689 5712 798 5781; x_wconf 85' lang='grc' dir='ltr'>γὰρ</span> <span class='ocrx_word' id='word_1_875' title='bbox 848 5714 904 5766; x_wconf 83' lang='grc' dir='ltr'><strong>αῖ</strong></span> <span class='ocrx_word' id='word_1_876' title='bbox 960 5716 1284 5785; x_wconf 81' lang='grc' dir='ltr'>φαινόμεναι</span> <span class='ocrx_word' id='word_1_877' title='bbox 1338 5717 1451 5780; x_wconf 86' lang='grc' dir='ltr'>τοῖς</span> <span class='ocrx_word' id='word_1_878' title='bbox 1513 5716 1693 5784; x_wconf 82' lang='grc' dir='ltr'>ἁγίοις</span> <span class='ocrx_word' id='word_1_879' title='bbox 1739 5715 1915 5768; x_wconf 79' lang='grc' dir='ltr'>ἐνίοτε</span> <span class='ocrx_word' id='word_1_880' title='bbox 1955 5716 2272 5785; x_wconf 83' lang='grc' dir='ltr'>μορφώσεις</span> <span class='ocrx_word' id='word_1_881' title='bbox 2333 5720 2427 5767; x_wconf 82' lang='grc' dir='ltr'><strong>και</strong></span> <span class='ocrx_word' id='word_1_882' title='bbox 2467 5717 2515 5767; x_wconf 88' lang='grc' dir='ltr'>οἱ</span> <span class='ocrx_word' id='word_1_883' title='bbox 2584 5713 2962 5783; x_wconf 69' lang='grc' dir='ltr'>σχηματισμοὶ</span> <span class='ocrx_word' id='word_1_884' title='bbox 3004 5709 3073 5764; x_wconf 80' lang='grc' dir='ltr'>δι’</span> <span class='ocrx_word' id='word_1_885' title='bbox 3104 5704 3353 5776; x_wconf 81' lang='grc' dir='ltr'>ἀγγέλων</span> <span class='ocrx_word' id='word_1_886' title='bbox 3394 5698 3615 5755; x_wconf 82' lang='grc' dir='ltr'>τελοῦν-</span> 
     </span>
    </p>
   </div>
   <div class='ocr_carea' id='block_1_118' title="bbox 345 5803 1990 5887">
    <p class='ocr_par' dir='ltr' id='par_1_118' title="bbox 345 5803 1990 5887">
     <span class='ocr_line' id='line_1_118' title="bbox 345 5803 1990 5887; baseline 0.005 -30"><span class='ocrx_word' id='word_1_887' title='bbox 345 5821 439 5857; x_wconf 68' lang='lat' dir='ltr'><strong>ut</strong></span> <span class='ocrx_word' id='word_1_888' title='bbox 473 5803 632 5865; x_wconf 83' lang='grc' dir='ltr'>Θεοῦ.</span> <span class='ocrx_word' id='word_1_889' title='bbox 668 5808 809 5860; x_wconf 88' lang='grc' dir='ltr'>πάνυ</span> <span class='ocrx_word' id='word_1_890' title='bbox 838 5809 900 5875; x_wconf 83' lang='grc' dir='ltr'>γέ</span> <span class='ocrx_word' id='word_1_891' title='bbox 954 5826 1005 5861; x_wconf 88' lang='grc' dir='ltr'><strong>τι</strong></span> <span class='ocrx_word' id='word_1_892' title='bbox 1051 5808 1254 5871; x_wconf 85' lang='grc' dir='ltr'>ἱκανῶς</span> <span class='ocrx_word' id='word_1_893' title='bbox 1324 5809 1703 5887; x_wconf 76' lang='grc' dir='ltr'>ἀποδεδεῖχθαι</span> <span class='ocrx_word' id='word_1_894' title='bbox 1766 5808 1990 5883; x_wconf 79' lang='grc' dir='ltr'>οἴομαι’</span> 
     </span>
    </p>
   </div>
   <div class='ocr_carea' id='block_1_119' title="bbox 345 5895 1327 5972">
    <p class='ocr_par' dir='ltr' id='par_1_119' title="bbox 345 5895 1327 5972">
     <span class='ocr_line' id='line_1_119' title="bbox 345 5895 1327 5972; baseline 0.007 -22"><span class='ocrx_word' id='word_1_895' title='bbox 345 5895 596 5970; x_wconf 77' lang='grc' dir='ltr'>θεότητος</span> <span class='ocrx_word' id='word_1_896' title='bbox 626 5898 945 5970; x_wconf 77' lang='grc' dir='ltr'>ἐπιφάνειαν</span> <span class='ocrx_word' id='word_1_897' title='bbox 979 5899 1100 5957; x_wconf 74' lang='grc' dir='ltr'>καθ’</span> <span class='ocrx_word' id='word_1_898' title='bbox 1136 5900 1327 5972; x_wconf 75' lang='grc' dir='ltr'>αὑτήν.</span> 
     </span>
    </p>
   </div>
   <div class='ocr_carea' id='block_1_120' title="bbox 2032 5795 3614 5885">
    <p class='ocr_par' dir='ltr' id='par_1_120' title="bbox 2032 5795 3614 5885">
     <span class='ocr_line' id='line_1_120' title="bbox 2032 5795 3614 5885; baseline -0.009 -18"><span class='ocrx_word' id='word_1_899' title='bbox 2032 5810 2165 5879; x_wconf 61' lang='grc' dir='ltr'>μηδὲ</span> <span class='ocrx_word' id='word_1_900' title='bbox 2204 5809 2311 5879; x_wconf 77' lang='grc' dir='ltr'>γὰρ</span> <span class='ocrx_word' id='word_1_901' title='bbox 2354 5807 2491 5865; x_wconf 74' lang='grc' dir='ltr'>εἶναι</span> <span class='ocrx_word' id='word_1_902' title='bbox 2533 5810 2760 5865; x_wconf 73' lang='grc' dir='ltr'>δυνατὶν</span> <span class='ocrx_word' id='word_1_903' title='bbox 2804 5809 3024 5885; x_wconf 74' lang='grc' dir='ltr'>ἀμέσως</span> <span class='ocrx_word' id='word_1_904' title='bbox 3053 5802 3312 5876; x_wconf 74' lang='grc' dir='ltr'>γενέσθαι</span> <span class='ocrx_word' id='word_1_905' title='bbox 3360 5798 3440 5872; x_wconf 82' lang='grc' dir='ltr'>τῷ</span> <span class='ocrx_word' id='word_1_906' title='bbox 3485 5795 3614 5853; x_wconf 77' lang='grc' dir='ltr'>ποτὲ</span> 
     </span>
    </p>
   </div>
  </div>
