4016 6460
455 322 560 387 M3

1031 687 1381 821 ΤΟΥ
1473 682 2056 829 ΑΥΤΟΥ
2147 681 3152 817 ΝΙΚΗΦΟΡΟΥ

1666 324 2090 387 NllEPIIOllI
2134 325 2342 385 GREG
2362 324 2525 386 311.13.

3621 321 3728 388 414

3253 524 3697 545 ﬁ

1515 924 1823 1042 ΤΟΥ
1940 923 2656 1042 ΓΡΗΓΟΡΑ

1179 1149 1758 1263 ΡΩΜΑΙΚΗΣ
1834 1150 2332 1238 ιΣΤοΡιΑΣ
2405 1148 2777 1273 ΛΟΓΟΣ
2850 1144 3067 1249 Αςν.

804 1510 1522 1642 EJUSDEM
1600 1507 2463 1641 NICEPHORI
2559 1504 3360 1639 GREGORZE

895 1765 1631 1857 BYZANTINJE
1706 1761 2334 1859 HISTORIA?
2409 1761 2768 1853 LIBER
2836 1763 3290 1855 XXXVI.

513 2110 672 2180 501
717 2109 755 2162 l.
791 2107 1069 2178 Incipiens
1103 2105 1390 2161 historiam
1425 2119 1820 2177 proposueram
1858 2105 2026 2184 mihi,
2059 2109 2107 2165 Α

444 2215 504 2260 ιιι
524 2218 705 2256 rerum
734 2200 1075 2271 publicarum
1097 2200 1502 2254 enarrationem
1524 2209 1579 2254 et
1595 2198 2023 2268 explicationem

442 2297 676 2367 posteris
710 2297 1014 2358 traderem;
1044 2294 1138 2347 sed
1176 2293 1643 2362 quemadmodum
1674 2308 1856 2347 sasvus
1889 2309 2026 2345 ven-

442 2395 530 2439 tus
554 2401 584 2437 e
618 2381 1151 2453 septentrionalibus
1204 2381 1466 2449 delapsus
1501 2380 1837 2448 regionibus
1872 2388 2028 2432 aute-

439 2492 604 2543 quam
652 2473 1159 2527 animadvertamus
1220 2481 1278 2526 et
1332 2471 1383 2525 ei
1445 2472 1703 2525 resistere
1758 2486 2026 2524 eouemur

439 2577 666 2637 repente
725 2566 1018 2636 prorupit,
1070 2574 1127 2620 et
1156 2564 1321 2617 animi
1356 2572 1681 2619 c0n~uetam
1720 2563 2027 2633 tranquilli-

441 2668 605 2712 tatem
676 2662 906 2719 turbat,
980 2656 1183 2711 divina:
1244 2655 1506 2710 Ecclesia:
1557 2664 1909 2724 tempestates
1969 2665 2025 2708 et

438 2752 637 2803 lluctus
660 2750 922 2815 atl'erens.
956 2747 1168 2802 Idcirco
1199 2763 1325 2801 cum
1375 2748 1547 2801 semel
1583 2749 1875 2815 cwpissem
1930 2744 2026 2801 de-

436 2841 713 2905 scribere,
751 2814 1097 2909 qumcunque
1156 2839 1454 2909 qualiaque
1498 2853 1565 2893 ex
1594 2814 1855 2892 Ecclesia:
1895 2837 2024 2891 fun-

436 2932 698 2987 damento
725 2933 1007 3003 naufragia
1030 2932 1376 2995 acciderant,
1419 2945 1647 2986 necesse
1678 2939 1800 2985 erat
1854 2931 2019 2985 etiam

434 3036 492 3079 et
517 3026 608 3095 qui
644 3035 701 3080 et
741 3026 1021 3095 quomodo
1052 3035 1106 3080 et
1131 3036 1480 3096 quantopere
1510 3035 1566 3081 et
1599 3042 1709 3096 quo
1745 3027 1931 3081 studio
1966 3027 2019 3080 in

438 3125 827 3186 tcinpeSIatum
859 3102 1078 3172 illarum
1112 3117 1377 3173 ﬂuctibus
1404 3131 1882 3189 perseverassent,
1922 3122 2022 3173 liu-

429 3206 517 3277 jus
552 3206 803 3262 historiae
861 3209 1023 3262 seriei
1081 3208 1321 3262 etinter
1379 3224 1439 3263 se
1484 3209 1842 3280 conjungere,
1897 3225 2018 3279 qum

431 3313 612 3352 causa:
645 3299 899 3363 fuissent,
926 3309 987 3353 ut
1017 3299 1306 3355 docebitur
1333 3340 1348 3365 ,
1383 3303 1741 3368 praemittere.
1813 3302 2017 3356 Eorum

432 3406 556 3459 quae
584 3392 730 3446 inter
764 3406 885 3446 sese
915 3406 1169 3445 connexa
1209 3403 1361 3458 sunt,
1394 3409 1497 3449 nec
1520 3410 1762 3463 unquam
1796 3411 1824 3449 a
1860 3412 2017 3450 com-

435 3483 586 3535 muni
618 3498 869 3537 connexu
909 3483 1165 3554 abrumpi
1207 3494 1463 3554 possunt,
1502 3487 1712 3540 variam
1766 3497 1820 3542 et
1857 3487 2021 3557 502

432 3574 792 3644 multiplicem
830 3574 1112 3630 historiam
1148 3592 1249 3646 pro
1272 3577 1508 3644 simplici
1552 3590 1606 3633 et
1647 3580 1791 3633 nuda
1827 3579 2020 3634 olfeci-

434 3682 578 3720 mus.
614 3666 747 3720 Nam
777 3678 975 3736 prmter
1006 3668 1322 3738 opinionem
1354 3678 1409 3723 ct
1442 3670 1567 3725 inde
1599 3671 1668 3726 ab
1700 3671 1860 3723 initio
1893 3686 2014 3740 pro-

434 3760 676 3827 positum
708 3760 761 3813 in
803 3761 969 3815 rebus
998 3770 1054 3821 et
1085 3762 1322 3831 publicis
1355 3772 1411 3815 et
1442 3762 1838 3817 ecclesiasticis
1876 3763 2029 3818 acci-

432 3851 516 3905 dit
546 3852 704 3906 nobis
731 3851 890 3922 quasi
938 3853 1123 3907 medio
1149 3854 1203 3906 in
1229 3853 1543 3918 itinere,m
1586 3854 1786 3909 multas
1817 3851 2019 3909 excurL

429 3943 615 3998 siones
662 3951 721 3999 et
775 3945 1134 4014 repetitioncs
1216 3960 1545 4001 sermonum
1607 3947 1902 4001 instituere
1962 3955 2019 4001 et

432 4036 765 4091 interserere
818 4046 876 4092 et
931 4038 1181 4093 subsidia
1243 4038 1515 4108 permulta
1578 4038 1905 4109 plerumque
1960 4049 2016 4094 et

430 4125 840 4181 admonitiones
879 4136 933 4181 et
972 4129 1152 4184 varias
1202 4129 1463 4199 ambages
1495 4129 1763 4185 adhibere
1790 4145 2018 4201 cogere-

431 4233 554 4270 mur
607 4216 770 4271 modo
816 4233 885 4273 ex
950 4219 1281 4289 longinquo,
1342 4220 1506 4275 modo
1560 4235 1625 4275 ex
1683 4222 2014 4291 propinquo.

429 4308 598 4376 Igitur
624 4302 748 4362 cum
775 4309 841 4363 ad
868 4309 1029 4364 talem
1058 4310 1443 4366 necessitatem
1498 4312 1875 4381 pervenimus,
1903 4313 2015 4367 dis-

426 4401 761 4453 cernendum
802 4401 970 4454 estin
1024 4402 1187 4457 rebus
1236 4403 1611 4458 diversimode
1646 4404 2014 4473 exponendis.

430 4489 645 4544 Etenim
694 4507 817 4560 qua:
861 4491 930 4545 ab
972 4491 1290 4547 hominibus
1343 4502 1399 4549 et
1452 4495 1640 4549 animo
1689 4505 1747 4549 et
1781 4510 2016 4565 corpore

427 4569 715 4638 utentibus
755 4593 1062 4639 tractantur
1121 4602 1246 4642 cum
1282 4595 1340 4640 et
1377 4600 1572 4642 natura
1603 4597 1659 4641 et
1716 4587 1932 4658 legibus
1958 4598 2017 4643 et

427 4676 675 4730 moribus
706 4676 1035 4746 dirigantur,
1067 4694 1295 4735 necesse
1318 4689 1407 4735 est
1426 4678 1676 4733 diversas
1705 4680 1822 4734 ﬁeri
1846 4680 2012 4748 vitas,

427 4778 652 4837 propter
684 4769 1069 4826 diversitatem
1100 4772 1455 4826 tractantium
1486 4781 1543 4827 et
1570 4772 2010 4859 tractandorum,
2041 4808 2083 4865 ο

424 4874 646 4919 eorum,
705 4856 841 4930 qua!
872 4860 1121 4932 dirigunt
1172 4872 1229 4918 ct
1280 4880 1403 4933 qua:
1457 4862 1794 4934 diriguntur.
1840 4875 1900 4920 ut
1933 4856 2010 4920 di-

422 4961 572 5007 ctum
593 4963 678 5007 est
706 4969 721 5006 :
752 4964 810 5010 et
836 4971 998 5011 verso
1024 4956 1242 5021 ordine,
1274 4952 1396 5025 qusi
1422 4972 1520 5026 per
1547 4957 1728 5028 longa,
1765 4974 1888 5029 qua:
1912 4976 2011 5030 per

426 5045 678 5101 breviora
723 5049 984 5118 temporis
1028 5051 1229 5118 Spatia,
1259 5066 1381 5121 qua:
1421 5052 1690 5106 modicam
1742 5052 2008 5107 vilitatem

426 5148 585 5194 nacta
621 5143 773 5207 sunt,
806 5158 930 5211 qum
962 5143 1028 5196 ad
1083 5144 1348 5211 majorem
1411 5160 1574 5214 quam
1631 5145 1721 5200 illa
1786 5146 2009 5201 redacta

424 5241 596 5298 sunt;
636 5250 761 5303 qua:
786 5249 886 5304 per
912 5216 992 5293 se.
1046 5250 1170 5305 qua:
1208 5251 1317 5289 non
1383 5251 1480 5305 per
1511 5251 1610 5301 se;
1672 5237 1840 5291 modo
1902 5238 2008 5291 sub

427 5336 660 5389 temere,
693 5326 859 5380 modo
892 5327 1198 5396 prudenter
1222 5329 1563 5398 gerentibus,
1602 5338 1733 5398 qua:
1765 5328 2005 5398 denique

428 5432 539 5471 non
577 5418 772 5472 eadem
806 5434 1105 5488 nusquam,
1140 5434 1211 5474 ne
1233 5421 1412 5475 dicam
1462 5421 1679 5475 diversa
1733 5429 1789 5475 et
1823 5419 2009 5488 impli-

426 5515 548 5560 cata
580 5506 813 5576 etplanc
848 5509 1239 5564 dis.~imillima.
1287 5509 1445 5576 Quod
1492 5501 1663 5579 igitur
1699 5525 1824 5563 cum
1867 5509 2007 5564 feci-

431 5613 575 5659 mus,
614 5616 720 5653 non
764 5600 1009 5670 ineptum
1046 5601 1321 5671 quoddam
1353 5603 1536 5656 facere
1564 5615 1742 5670 neque
1777 5601 1877 5670 ipsi
1908 5617 2009 5670 pu-

432 5687 669 5743 tavimus
703 5703 880 5759 neque
910 5690 1070 5763 503
1107 5692 1231 5746 aliis
1272 5693 1372 5747 visi
1408 5708 1600 5745 sumus
1629 5708 1729 5746 uec
1757 5693 1799 5746 si
1822 5700 2006 5761 postea

436 5781 726 5852 faciemus,
786 5786 948 5843 inanc
1011 5787 1285 5857 quoddam
1348 5787 1612 5842 faticmus
1669 5803 1769 5842 nec
1834 5787 2013 5841 facere

2202 2102 2360 2177 [Cod.
2407 2104 2546 2176 Reg.
2592 2102 2759 2177 3075]
2817 2102 2878 2176 [1⁵.
2919 2102 3017 2159 251
3064 2103 3120 2175 a]
3170 2098 3249 2157 A‘.
3282 2104 3440 2173 Ἐμοὶ
3475 2104 3520 2157 δ’
3551 2106 3721 2177 ἀρχο-

2139 2194 2285 2269 μένῳ
2314 2197 2414 2268 τῆς
2448 2198 2692 2268 ἱστορίας
2723 2197 2784 2252 τὸ
2816 2197 3240 2267 σκοπιμώτατον
3269 2191 3341 2265 ἦν
3357 2197 3459 2266 τὴν
3489 2197 3596 2250 τῶν
3617 2199 3716 2267 δη-

2137 2293 2341 2362 μοσίων
2367 2291 2713 2362 πραγμάτων
2754 2292 2869 2355 τοῖς
2910 2290 3082 2344 ἔπειτ’
3102 2289 3411 2362 ἀνθρώποις
3447 2291 3719 2361 γράφοντι

2136 2383 2534 2453 παραπέμπειν
2573 2384 2827 2455 διήγησίν
2854 2400 2913 2435 τε
2965 2384 3056 2435 καὶ
3094 2382 3356 2452 δήλωσινσ
3389 2383 3715 2453 ά>.λ⁹ὁίσπερ

2132 2490 2216 2536 τις
2249 2473 2439 2544 ἄγριος
2466 2474 2667 2543 ἄνεμος
2693 2472 2753 2537 ἐξ
2781 2468 3048 2543 ἀρκτῴων
3074 2474 3445 2544 καταρραγεὶς
3493 2473 3711 2541 πηγῶν,

2133 2567 2263 2636 πρ“ν
2296 2568 2446 2636 ἡμᾶς
2472 2566 2760 2619 αἰσθέσθαι
2791 2566 2887 2620 καὶ
2916 2569 3047 2636 πρὶν
3090 2566 3546 2637 παρεσκευάσθαι
3573 2567 3711 2635 πρὸς

2131 2658 2230 2728 τὴν
2259 2648 2879 2727 ἀπάντησινξέξαίφνης
2903 2657 3244 2725 συνεκύκησέ
3273 2676 3332 2711 τε
3364 2660 3457 2712 καὶ
3485 2659 3711 2712 συνετά.

2134 2749 2263 2820 ραξε
2298 2749 2398 2819 τῆς
2425 2749 2707 2819 ἡμετέρας
2756 2751 2851 2802 καὶ
2895 2751 3163 2820 συνήθους
3204 2749 3422 2820 ἐκείνης
3467 2750 3711 2820 γαλήνης

2128 2840 2420 2911 τοῦδαφος,
2458 2842 2585 2904 τοὺς
2613 2840 2759 2894 κατὰ
2790 2841 2889 2911 τῆς
2922 2841 3017 2894 τοῦ
3052 2841 3189 2894 Θεοῦ
3230 2841 3554 2911 Ἐκκλησίας
3583 2841 3712 2892 ἐπε-

2128 2932 2338 3001 νεγκὼν
2389 2933 2669 3002 χειμῶνας
2715 2936 2810 2986 καὶ
2861 2933 3165 2997 κλύδωνας.
3216 2935 3575 3006 Κάπειδήπερ
3622 2936 3710 2990 διὰ

2128 3025 2243 3077 τάδ’
2287 3025 2589 3089 ἀναγκαῖον
2641 3023 2789 3092 ἅπαξ
2834 3026 3191 3096 προελομένῳ
3240 3026 3500 3093 διεξιέναι
3547 3027 3709 3081 πάνθ’

2127 3114 2338 3182 ὅσαπερ
2393 3112 2461 3165 ἂν
2510 3113 2604 3165 καὶ
2659 3108 2748 3167 οἷά
2777 3130 2841 3181 γε
2885 3117 2970 3186 εῐη
3008 3118 3075 3169 τὰ
3104 3118 3242 3179 τέως
3287 3116 3708 3188 παρεκπεσόντα
3792 3114 3797 3121 ’

2125 3204 2223 3275 τῆς
2257 3203 2728 3273 ἐκκλησιαστικῆς
2759 3205 3074 3268 ὑποθέσεως
3100 3208 3361 3275 ναυάγια,
3390 3210 3483 3262 καὶ
3507 3210 3708 3274 οἵτινες

2127 3291 2239 3348 εῐεν
2271 3296 2365 3348 καὶ
2416 3295 2567 3357 ὅπως
2600 3294 2697 3347 καὶ
2746 3297 2915 3366 μέχρι
2968 3298 3137 3350 πόσου
3170 3299 3266 3352 καὶ
3311 3299 3433 3369 μεθ’
3462 3300 3580 3364 οἵας
3607 3300 3707 3367 τῆς

2128 3388 2443 3459 προθυμίας
2472 3391 2587 3452 τοῖς
2616 3388 2727 3444 τῶν
2757 3390 3046 3460 χειμώνων
3087 3393 3316 3445 ἐκείνων
3337 3393 3705 3464 ἐνεκαρτέρη-

2125 3495 2224 3531 σαν
2249 3479 2461 3548 κύμασι
2500 3462 2772 3550 συνείρειν
2810 3482 2907 3533 καὶ
2930 3482 3287 3550 συνυφαίνειν
3314 3483 3393 3552 τῷ
3423 3484 3523 3553 τῆς
3556 3485 3706 3536 ἱστο-

2129 3570 2248 3639 ρίας
2286 3571 2502 3641 σώματι
2524 3574 2781 3641 ταυτησὶ,
2820 3574 2913 3625 καὶ
2976 3575 3275 3628 συνάπτειν
3332 3575 3620 3643 ἑκατέροις
3649 3577 3705 3628 ἐ-

2123 3663 2336 3732 κάτερα
2390 3662 2487 3736 άτε
2534 3664 2789 3719 συναίτια
2834 3666 3102 3733 γινόμενα
3147 3665 3423 3736 ἀλλήλοις,
3476 3666 3553 3729 ὡς
3593 3666 3705 3720 δει-

2123 3755 2387 3825 χθήσεται
2416 3732 2721 3827 ’προϊοῦσιν
2749 3758 2909 3828 ἡμῖν,
2944 3732 3039 3810 καὶ
3088 3759 3179 3827 ὑφ’
3213 3732 3427 3812 ἐαυτῶν
3447 3759 3699 3829 ἀλλήλοις

2124 3847 2576 3918 συμπλεκόμενα,
2605 3849 2701 3902 καὶ
2726 3848 2942 3919 οὐδαμῆ
2993 3850 3092 3920 τῆς
3124 3851 3258 3920 πρὸς
3308 3851 3521 3920 ἄλληλα
3560 3868 3701 3922 συμ-

2123 3940 2291 4008 φυΐας
2313 3956 2375 3992 τε
2431 3940 2529 3993 καὶ
2561 3939 2924 4010 ἀλληλουχὶας
2953 3942 3355 4013 διασπασθῆναι
3401 3944 3700 4013 δυνάμενα,

2121 4033 2381 4104 πολυειδῆ
2414 4034 2511 4087 καὶ
2537 4031 2736 4106 διπλῆν
2760 4034 2876 4087 ἀνθ’
2903 4034 3082 4103 ἁπλῆς
3114 4037 3206 4089 καὶ
3239 4036 3549 4104 μονοειδοῦς
3580 4038 3699 4090 ἐὶά-

2121 4127 2291 4196 θομεν
2323 4125 2559 4196 δρῶντες
2591 4125 2692 4197 τὴν
2737 4126 2986 4196 ἱστορίαν
3027 4126 3306 4197 δημοσίων
3355 4129 3700 4198 πραγμάτων

2119 4218 2212 4269 καὶ
2252 4216 2373 4286 ἄμα
2423 4214 2922 4287 ἐκκλησιαστικῶν,
2958 4218 3111 4288 παρὰ
3162 4218 3348 4271 πᾶσάν
3377 4236 3436 4272 τε
3468 4220 3699 4290 προσδο-

2119 4309 2246 4361 κίαν
2275 4309 2372 4362 καὶ
2408 4308 2563 4380 παρὰ
2591 4310 2776 4362 πᾶσαν
2808 4307 2909 4379 τὴν
2939 4309 2997 4376 ἐξ
3031 4311 3211 4381 ἀρχῆς
3247 4310 3406 4381 ἡμῶν
3437 4312 3698 4381 πρόθεσιν

2120 4400 2337 4470 συμϐάν
2361 4401 2563 4454 οὑτωσί
2587 4417 2707 4464 πως
2733 4401 2791 4453 ἐν
2823 4401 2964 4472 μέσῃ
2992 4402 3159 4472 φάναι
3183 4404 3403 4475 πορείᾳ,
3434 4403 3511 4467 ὡς
3532 4405 3698 4472 ἀναγ-

2118 4490 2383 4554 κάζεσθαι
2409 4493 2560 4563 ἡμᾶς
2588 4493 2833 4561 συνεχεῖς
2868 4492 2968 4556 τὰς
3001 4495 3273 4564 ἐκδρομὰς
3312 4512 3368 4547 τε
3394 4496 3491 4550 καὶ
3517 4496 3698 4550 ἀνελί-

2118 4583 2231 4649 ξεις
2255 4584 2349 4637 καὶ
2379 4582 2753 4653 ἐπαναλήψεις
2769 4584 2883 4637 τῶν
2904 4584 3081 4653 λόγων
3105 4586 3381 4641 ποιεῖσθαι
3409 4590 3504 4642 καὶ
3525 4590 3693 4659 ἐφαρ-

2121 4675 2344 4744 μόττειν
2374 4675 2471 4729 καὶ¹
2513 4674 2851 4740 συντιθέναι,
2885 4677 2981 4730 καὶ
3013 4680 3399 4749 παραπομπάς
3434 4682 3690 4751 παμπόλ-

2117 4763 2214 4829 λας
2246 4764 2495 4835 πολλαχῆ
2538 4765 2816 4819 ποιεῖσθαι
2850 4766 2945 4819 καὶ
2981 4767 3322 4845 ἀναμνήσεις
3369 4774 3464 4825 καὶ
3504 4776 3688 4845 περιό-

2113 4856 2239 4918 δους
2266 4857 2670 4928 πολυτρόπους,
2701 4858 2797 4911 νῦν
2833 4859 2931 4929 μὲν
2957 4858 3047 4912 διὰ
3080 4860 3301 4930 μακροῦ
3334 4863 3429 4916 τοῦ
3461 4867 3687 4933 μεταξὺ,

2115 4947 2213 5002 νῦν
2238 4948 2286 5001 δ’
2310 4951 2370 5002 ἐκ
2402 4949 2497 5003 τοῦ
2519 4949 2809 5020 σύνεγγυς.
2839 4951 3204 5021 ’Δνεμέσητον
3227 4946 3490 5009 οὖνέἶναιι
3512 4959 3688 5028 χρεὼν

2114 5043 2176 5096 τὸ
2221 5044 2345 5097 καθ’
2383 5046 2535 5117 ἡμᾶς
2572 5046 2653 5108 είς
2701 5046 2852 5099 τοῦτ’
2883 5045 3134 5117 ἀνάγκης
3186 5049 3577 5116 συνελαθέντας
3620 5057 3684 5125 τῇ

2112 5134 2224 5187 τῶν
2270 5136 2329 5202 ἐξ
2360 5137 2613 5206 ἀνάγκης
2644 5137 2824 5191 ἄλλοτ’
2858 5138 3033 5204 άλλως
3072 5141 3306 5211 ἐχόντων
3342 5145 3686 5214 πραγμάτων

2113 5228 2276 5299 φορᾷ.
2316 5229 2458 5283 Ὑπὸ
2480 5230 2591 5301 γὰρ
2621 5229 2770 5284 δυοῖν
2812 5232 3097 5299 ἐναντίοιν,
3132 5232 3332 5304 ψυχαῖς
3357 5236 3558 5308 δηλαδὴ
3594 5243 3685 5295 καὶ

2112 5321 2353 5390 σώμασι,
2398 5324 2704 5393 χρωμένων
2758 5324 3064 5395 ἀνθρώπων
3118 5327 3259 5381 αὐτά
3316 5328 3683 5401 διοικούμενα.

2111 5414 2227 5476 πῶς
2257 5415 2359 5484 μὲν
2390 5415 2495 5467 ὑπὸ
2526 5415 2745 5484 φύσεως
2787 5417 2884 5469 καὶ
2930 5417 3089 5481 αὐτὰ,
3119 5420 3238 5482 πῶς
3285 5421 3329 5473 δ’
3359 5423 3465 5476 ὑπο
3507 5427 3685 5495 νόμων

2112 5509 2207 5559 καὶ
2254 5508 2396 5560 ἐθῶν
2451 5507 2852 5579 ρυθμιζόμενα.
2893 5510 2940 5583 [Γ
2990 5512 3089 5567 251
3130 5512 3183 5585 b]
3232 5514 3443 5587 ἀνάγκη
3494 5518 3682 5588 διαφόο

2117 5618 2243 5669 ρους
2273 5602 2523 5668 γίνεσθαι
2564 5601 2695 5665 τοὺς
2732 5601 2883 5670 βίους
2927 5603 3203 5674 διαφόρων
3245 5606 3420 5663 ὄντων
3466 5611 3575 5664 τῶν
3620 5631 3679 5666 τε

2113 5691 2467 5745 διοικούντων
2499 5694 2594 5747 καὶ
2626 5690 3037 5762 διοικουμένων,
3070 5695 3184 5747 τῶν
3216 5714 3273 5748 τε
3309 5699 3682 5769 ρυομιζόντων

2114 5787 2205 5839 καὶ
2236 5784 2677 5857 ῥυθμιζομένων,
2727 5784 2801 5848 ὡς
2851 5786 3087 5857 εἴρηται,
3127 5790 3217 5841 καὶ
3262 5789 3681 5855 siduitas-Ou
