4016 6516
349 398 460 454 46)

1301 399 1738 462 ΒΥΖΑΝΤιΝΑξ
1782 388 2163 464 ῘΠΒἸὈΠΙΕ
2203 405 2345 467 LIB.
2390 405 2693 465 XXXVII.

3498 403 3611 464 4ἳο

357 507 452 558 καὶ
478 506 548 560 δι’
575 507 715 561 ὅσων
744 509 1112 579 ἁποχρῄσειεν
1165 512 1229 565 ἂν
1269 514 1346 583 τῷ
1376 515 1475 586 τῆς
1509 517 1752 587 ἱστορίας
1782 518 1927 588 λόγῳ

2043 527 2152 584 post
2183 518 2554 572 Palamiticam
2586 515 2819 571 hzercsin
2848 515 3248 584 adperniciem
3286 523 3606 569 sanctorum

350 598 529 664 δεῖξαι
567 600 683 663 πῶς
728 601 826 668 τῆς
859 601 1184 672 Ιιαλαμικῆς
1238 608 1498 676 αἱρέσεως
1520 609 1614 661 ἐπὶ
1644 611 1788 684 λύμῃ
1820 612 1926 665 τῶν

350 688 526 759 ἱερῶν
556 692 656 759 τῆς
698 693 1026 763 Ἐκκλησίας
1053 696 1342 766 δογμάτων
1372 702 1699 770 παραδύσης
1727 703 1929 759 ἅπανθ’

355 782 492 851 ὁμοῦ
524 785 857 854 συγκέχυται
889 788 1217 857 πράγματα,
1260 793 1355 844 ειιαλ⁵
1379 792 1700 863 διέφθαρται
1733 798 1793 851 τ’)
1827 799 1929 865 τῆς

367 875 692 947 Ἐκκλησίας
730 879 957 948 ἀρχαῖον
980 878 1113 953 ἦθος
1148 884 1349 949 ἐκεῖνο,
1382 888 1481 942 καὶ
1519 889 1927 958 ἀνατέτραπται

355 969 449 1020 καὶ
480 966 541 1040 [ί.
572 968 678 1023 265
700 969 758 1042 a]
808 973 1090 1028 ἀπόλωλεν
1120 977 1171 1031 εί
1201 993 1256 1030 τι
1301 979 1503 1050 σεμνόν
1535 999 1595 1034 τε
1626 983 1724 1036 καὶ
1746 982 1929 1055 τίμιον

354 1078 460 1128 της
488 1062 618 1133 ὅλης
642 1058 711 1134 ἦν
740 1066 1043 1132 πολιτείας,
1066 1070 1452 1143 συσταλείσης,
1487 1070 1664 1144 οἶμαι,
1701 1076 1803 1145 τῆς
1834 1077 1929 1129 τοῦ

361 1154 499 1206 θεοῦ
529 1155 712 1220 δεξιᾶς
741 1157 868 1210 ὅσον
899 1159 1186 1215 αἰσθέσθαι
1214 1164 1340 1224 τοὺς
1369 1165 1469 1234 τῆς
1497 1167 1696 1230 κακίας
1726 1170 1934 1238 ταύτης

360 1248 673 1314 προπάτας
723 1250 814 1304 καὶ
866 1252 1187 1322 ἀρχηγοὺς,
1246 1260 1342 1309 καὶ
1394 1263 1535 1328 πρὸς
1595 1261 1931 1330 ἐπιστροφὴν

361 1339 540 1391 ἐλθεῖν
571 1341 703 1411 πρὶν
733 1343 813 1403 εἱς
860 1348 1253 1417 καταστροφὴν
1303 1348 1608 1415 κατελθεῖν,
1637 1352 1932 1417 ἐνδιδόντος

365 1429 502 1482 Θεοῦ
546 1432 642 1485 τοῦ
690 1432 782 1486 διὰ
813 1434 978 1489 Δασὶδ
1024 1439 1421 1508 παραινοῦντος
1456 1442 1532 1511 μὴ
1562 1443 1765 1498 διδόναι
1795 1446 1931 1515 πρὸς

366 1523 529 1575 σάλον
560 1524 650 1576 τὸν
685 1526 838 1588 πόδα,
872 1527 958 1580 ἵνα
986 1529 1063 1600 μὴ
1086 1531 1323 1600 νυστάξῃ
1361 1532 1499 1602 μηδὲ
1534 1534 1758 1607 ύπνώσῃ
1778 1538 1804 1588 ό
1832 1555 1934 1606 φυ-

359 1613 581 1667 λάσσων
632 1616 724 1669 τὸν
780 1618 1020 1689 Ἰσραήλ.
1063 1621 1151 1685 Ὡς
1207 1621 1348 1675 εἶναι
1379 1625 1657 1680 κάνταῦθα
1698 1628 1816 1692 δέος
1857 1631 1934 1701 μὴ

364 1702 543 1770 πολλῷ
573 1704 840 1757 κάκείνων
873 1708 1123 1761 κακίοσιν
1162 1708 1284 1763 οὖσι
1318 1713 1548 1773 καὶτοῖς
1568 1715 1672 1783 τῆς
1701 1716 1934 1785 Ἐκκλη-

364 1789 485 1851 σίας
507 1789 710 1861 ταύτης
738 1795 1023 1864 προέδροις
1056 1798 1090 1866 ἡ
1122 1798 1291 1852 πάλαι
1345 1803 1487 1854 κατά
1517 1802 1627 1854 τῶν
1668 1803 1936 1858 Ἰουδαίων

2030 614 2288 668 Ecclesia!
2317 613 2631 684 dogmatum
2659 618 3025 683 procreatam,
3050 616 3250 664 cuncta
3284 605 3446 660 simul
3476 621 3607 661 con~

2029 706 2247 760 turbata
2296 706 2408 759 sint
2447 706 2700 759 instituta
2730 714 2786 757 et
2821 708 3116 770 corruptus
3153 709 3308 761 vetus
3345 713 3464 757 mos
3501 697 3603 751 Ee-

2027 796 2231 860 clesim,
2279 804 2336 850 et
2399 811 2657 868 perversa
2704 804 2760 850 et
2807 794 2871 848 ad
2925 793 3212 849 interitum
3261 790 3451 847 adacta
3484 805 3606 857 qum

2031 887 2344 941 veneranda
2376 896 2431 940 et
2459 885 2768 944 honoriﬁca
2804 884 2970 938 totius
2995 881 3253 944 civitatis,
3283 878 3606 934 admittente

2031 978 2109 1043 id,
2175 985 2233 1031 ut
2283 993 2383 1049 ego
2421 977 2645 1048 quidem
2700 975 2890 1038 credo,
2935 974 3129 1027 dextra
3181 970 3297 1035 Dei,
3338 976 3605 1038 quantum

2034 1070 2410 1141 intelligerent
2444 1069 2825 1140 perversitatis
2875 1068 3038 1138 hujus
3078 1073 3335 1119 auctores
3368 1070 3423 1115 et
3447 1060 3604 1131 prin-

2032 1163 2190 1231 cipes
2221 1170 2276 1217 et
2303 1161 2458 1231 prius
2498 1169 2558 1214 ut
2595 1161 2661 1215 ad
2694 1158 3112 1214 conversionem
3151 1156 3409 1209 venirent
3442 1162 3611 1221 quam

2041 1253 2109 1307 ad
2146 1252 2333 1308 linem.
2394 1252 2486 1307 Sic
2520 1251 2667 1307 enim
2717 1266 2817 1321 per
2860 1249 3122 1304 Davidem
3155 1248 3297 1303 Deus
3330 1245 3607 1305 hortatur,

2035 1359 2103 1399 ne
2135 1344 2263 1414 quis
2304 1345 2371 1398 ad
2405 1344 2703 1413 malignum
2737 1341 2933 1413 pedem
2966 1347 3164 1404 vertat,
3208 1349 3269 1393 ut
3299 1353 3367 1392 ne
3402 1333 3610 1391 donni-

2046 1436 2190 1490 torio
2222 1435 2402 1504 capite
2452 1449 2706 1489 somnum
2746 1442 2967 1503 caperet
3016 1441 3205 1486 custos
3235 1427 3469 1484 lsmelis.
3530 1426 3610 1479 lta

2039 1534 2097 1581 ut
2132 1527 2238 1581 hoc
2265 1540 2485 1596 quoque
2510 1524 2814 1579 timendum
2846 1523 2936 1586 sit,
2971 1539 3036 1577 ne
3071 1522 3155 1580 lllS
3178 1520 3272 1591 qui
3304 1519 3411 1574 illis
3439 1516 3609 1571 multo

2036 1617 2342 1687 praviores,
2377 1615 2651 1685 praefectis
2697 1614 2958 1670 Ecclesia:
3019 1628 3122 1666 vox
3166 1610 3256 1665 illa
3307 1622 3430 1678 qua:
3479 1604 3619 1659 olim.

2035 1704 2251 1766 Judzros
2282 1708 2688 1767 condemnavit.
2721 1722 2843 1761 cum
2883 1706 2961 1760 ira
2998 1712 3156 1758 sonet
3193 1702 3466 1756 clamans:
3523 1696 3617 1750 «Si

2038 1804 2399 1875 similaginem
2436 1803 2593 1874 531
2628 1801 2762 1855 mihi
2788 1800 3052 1864 nl‘feretis,
3086 1799 3288 1852 frustra
3313 1798 3452 1853 erit;
3485 1791 3613 1844 thus

363 1881 710 1953 ἁποφαντικὴ
743 1887 839 1938 σὺν
871 1886 1030 1957 θυμῷ
1070 1893 1391 1964 κατερράγη
1442 1893 1644 1963 ψῆφος,
1676 1895 1932 1964 λέγουσα,

2043 1895 2469 1963 abominandum
2520 1893 2678 1958 mihi,
2729 1903 2785 1947 et
2829 1894 2873 1946 si
2916 1906 3110 1945 manus
3147 1897 3356 1944 vestras
3387 1893 3612 1955 proten-

367 1991 388 2023 ι
410 1972 536 2026 Ἐὰν
565 1975 911 2047 προαφέρητέ
936 1996 1026 2047 μοι
1061 1982 1359 2049 σεμίδαλιν,
1387 1985 1616 2053 μάταιον
1643 2003 1657 2018 ’
1683 1987 1937 2056 θυμίαμα

362 2063 641 2136 βδέλυγμα
693 2069 783 2138 μοί
815 2071 965 2124 ἐστι’
1015 2076 1112 2127 καὶ
1152 2075 1248 2128 ἐὰν
1280 2078 1557 2147 ὲκτείνητε
1610 2080 1709 2143 τὰς
1748 2078 1936 2152 χεῖρας

364 2156 542 2222 ὑμῶν,
582 2158 913 2230 ἁποστρέψω
955 2162 1085 2224 τοὺς
1125 2162 1440 2232 ὀφθαλμούς
1484 2182 1584 2234 μου
1616 2167 1711 2235 ἀφ’
1749 2168 1934 2236 ὑμῶν·

366 2250 462 2301 xtl
493 2251 589 2302 ἐὰν
642 2252 950 2323 πληθύνητε
999 2256 1100 2323 τὴν
1153 2256 1361 2324 δέησιν,
1409 2259 1509 2310 ούκ
1538 2259 1936 2331 εἱσακούσομαι

2044 1988 2209 2055 dctis,
2239 2003 2341 2055 ego
2370 1991 2560 2042 oculos
2592 2001 2743 2055 meos
2776 2002 2804 2038 a
2837 1984 2993 2040 vobis
3024 1992 3292 2045 avertam,
3323 1989 3378 2034 et
3412 1981 3455 2032 si
3484 1993 3611 2045 pre-

2043 2096 2135 2136 ces
2159 2079 2387 2147 facietis,
2414 2095 2523 2132 non
2549 2076 2835 2132 exaudiam
2872 2090 2988 2129 vos.
3043 2075 3177 2128 Nam
3205 2086 3394 2125 n'anus
3419 2078 3615 2123 vestrae

2041 2172 2306 2243 sanguine
2331 2171 2504 2241 plenre
2535 2180 2716 2227 sunt.»
2759 2169 2865 2236 Qui
2891 2167 3033 2222 enim
3063 2182 3150 2220 res
3175 2173 3343 2234 agunt
3367 2161 3611 2216 easdem.

2043 2267 2111 2318 ab
2145 2266 2233 2319 his
2265 2264 2489 2321 easdem
2518 2263 2679 2318 etiam
2708 2262 2853 2315 Deus
2882 2274 3071 2329 paruas
3104 2257 3263 2327 petit.

365 2342 541 2408 ὑμῶν.
582 2346 648 2399 Αἱ
686 2349 797 2417 γὰρ
865 2351 1048 2419 χεῖρες
1119 2352 1276 2420 ὑμῶν
1335 2352 1568 2421 αἵματος
1619 2353 1870 2426 πλήρεις,
1910 2357 2005 2410 καὶ
2044 2359 2264 2426 ἀφίεται
2298 2359 2327 2411 ό
2357 2354 2507 2421 οἶκος
2533 2357 2685 2426 ὑμῶν
2709 2355 2936 2425 ἔρημος.
2977 2369 2996 2402 ι
3034 2345 3138 2402 ’Ὧν
3167 2351 3274 2418 γὰρ
3318 2348 3413 2409 τὰς
3444 2347 3613 2408 αὐτὰς

363 2434 504 2489 εἶναι
552 2439 837 2508 συμϐαίνει
898 2441 1148 2512 πράξεις.
1193 2444 1403 2507 τούτοις
1443 2445 1661 2515 ἀνάγκη
1702 2449 1799 2500 καὶ
1832 2449 1930 2511 τὰς
1972 2450 2140 2513 αὑτὰς
2163 2450 2375 2504 ἐπιέναι
2409 2448 2594 2502 θεόθεν
2619 2445 2958 2516 εἰσπράξεις.

436 2528 509 2583 B’.
537 2532 789 2586 Διδάσκει
818 2533 877 2586 δὲ
903 2534 997 2587 καὶ
1016 2535 1044 2586 ὁ
1072 2537 1214 2599 θεῖος
1240 2538 1631 2606 Χρυσόστομος
1662 2539 1760 2610 τὴν
1783 2542 1939 2611 εἱρη-

360 2628 537 2696 Δμένην
568 2625 804 2680 ἐνταῦθα
843 2630 1152 2699 ταυτότητα
1174 2646 1188 2660 ·
1223 2633 1318 2684 καὶ
1351 2632 1458 2702 γὰρ
1497 2634 1821 2704 ἑρμηνεύων
1852 2635 1938 2699 τὸ,

371 2733 389 2764 ι
422 2715 674 2783 Καῖάςας
705 2719 996 2787 ἀρχιερεὺς
1015 2715 1084 2791 ἦν
1111 2720 1206 2773 τοῦ
1239 2723 1491 2776 ἐνιαυτοῦ
1520 2724 1792 2789 ὲκείνου,›
1826 2727 1939 2780 Καὶ

363 2808 525 2861 τοῦτο
579 2809 680 2880 τῆς
747 2810 1067 2883 Ἰουδαϊκῆς.
1112 2816 1296 2883 φησὶν,
1351 2817 1572 2884 ἐγένετο
1610 2818 1940 2888 ,πονηρίαςο

364 2900 712 2972 κατῄσχυναν
742 2905 851 2974 γὰρ
884 2905 943 2958 τὸ
974 2906 1076 2977 τῆς
1106 2907 1410 2975 ἱερωσύνης
1439 2907 1659 2978 ἀξίωμα
1690 2909 1939 2979 ὠνητοὺς

365 2998 693 3058 ποιήσαντες
746 2997 1061 3067 ἀρχιερέας.
1122 2998 1476 3070 Ἐμπροσθεν
1527 3001 1584 3054 δὲ
1622 3004 1721 3072 οὐχ
1764 3001 1942 3065 οὕτως

365 3083 456 3155 ἦν,
512 3088 647 3141 ἀλλὰ
689 3090 754 3160 τῇ
806 3091 1031 3162 τελευτῇ
1066 3092 1203 3166 μόνῃ
1260 3094 1556 3146 κατελύετο
1597 3095 1631 3164 ἡ
1666 3093 1938 3164 ἱερωσύνη

364 3177 459 3229 τοῦ
498 3180 818 3248 ἀρχιερέως.
853 3181 987 3234 Τότε
1020 3181 1076 3235 δὲ
1108 3185 1200 3235 καὶ
1227 3180 1427 3248 ζῶντες
1464 3181 1801 3252 παρελύοντο
1836 3180 1942 3250 τῆς

368 3271 555 3338 τιμῆς.
589 3271 757 3325 Οὐδὲν
809 3267 903 3326 οὖν
932 3273 1122 3328 καινὸν
1153 3273 1263 3329 τῶν
1306 3274 1508 3345 ὁμοίων
1555 3273 1786 3337 ἐκείνοις
1811 3274 1944 3327 κάνοι

2110 2542 2173 2596 ll.
2231 2542 2401 2596 Docet
2444 2548 2631 2595 autem
2678 2538 2838 2592 divus
2889 2536 3316 2606 Chrysostomus
3366 2530 3613 2584 canich

2043 2634 2192 2689 illam
2248 2635 2471 2687 allatam
2517 2628 2963 2686 similitudinem.
3027 2627 3395 2695 lnterpretans
3446 2625 3623 2685 enim“

2050 2743 2066 2774 ι
2104 2722 2338 2790 Caiphas
2366 2736 2616 2776 summus
2645 2717 2908 2774 sacerdos
2941 2726 3064 2773 erat
3109 2715 3235 2769 anni
3293 2713 3494 2774 illius”
3565 2713 3614 2765 iit

2043 2815 2179 2869 dicit
2231 2814 2437 2868 factum
2478 2827 2600 2867 esse
2628 2810 2941 2868 Judmorum
2973 2807 3264 2876 pravitate.
3328 2804 3618 2860 Violabaut

2045 2922 2242 2977 nempe
2294 2904 2585 2962 sacerdotii
2635 2901 2956 2973 dignitatem
3035 2913 3162 2955 cum
3224 2898 3472 2952 venalem
3539 2895 3617 2947 fac

2039 3008 2231 3058 cet-ent
2285 2997 2606 3069 dignitatem
2672 2993 3057 3052 sacerdotum:
3129 2999 3291 3050 antea
3354 3004 3485 3043 vero
3547 2989 3617 3040 ita

2042 3109 2102 3150 se
2135 3107 2243 3147 non
2295 3090 2555 3152 habebat,
2601 3089 2697 3144 sed
2742 3087 2861 3143 solo
2904 3085 2961 3140 in
3012 3083 3164 3139 obitu
3224 3082 3436 3139 [initum
3500 3091 3617 3134 erat

2044 3199 2245 3240 munus
2300 3181 2623 3238 sacerdotis.
2673 3197 2691 3230 ι
2722 3177 2876 3233 Tunc
2946 3184 3127 3231 autem
3187 3182 3243 3229 et
3290 3172 3399 3227 vivi
3434 3187 3465 3224 a
3499 3186 3617 3222 nm-

2043 3291 2177 3332 nere
2197 3274 2362 3331 amoti
2396 3282 2578 3329 sunt.»
2641 3271 2793 3328 Nihil
2827 3269 2995 3340 igitur
3028 3268 3322 3336 discrepat,
3354 3265 3398 3320 si
3427 3266 3615 3320 eadem

367 3360 545 3413 ταῦθα
572 3361 762 3415 παθῶν
791 3364 1006 3426 εἰκόνας
1047 3365 1321 3436 ὑπάρχειν
1373 3367 1797 3431 ἐνυποστάτους,
1829 3365 1939 3418 τῶν

2045 3368 2188 3441 apud
2235 3369 2360 3423 illos
2402 3364 2738 3437 perversitas
2787 3370 2847 3417 ut
2878 3362 3058 3432 imago
3081 3358 3374 3415 exhibetur
3400 3365 3618 3410 nostro-

369 3447 468 3501 νῦν
505 3451 860 3521 πατριαρχῶν
879 3452 959 3516 εἱς
989 3451 1088 3523 τὴν
1113 3453 1283 3523 αὐτὴν
1315 3452 1506 3506 ἰόντων
1536 3453 1828 3523 πονηρίαν,
1851 3453 1942 3507 ἴνα

375 3543 451 3610 μὴ
485 3540 626 3610 λέγω
645 3544 744 3612 τὴν
765 3542 935 3613 χείρω
958 3558 975 3575 ·
1036 3544 1390 3617 κατῄσχυναν
1420 3546 1530 3615 γὰρ
1562 3545 1621 3598 τὸ
1653 3547 1750 3614 τῆς
1778 3546 1943 3617 ἱερω-

372 3631 540 3699 σύν-ης
574 3633 670 3685 καὶ⁹
722 3626 868 3688 οὗτοι
926 3634 1128 3704 μᾶλλον
1174 3636 1402 3690 ἐκείνων
1424 3637 1666 3709 ἀξίωμα,
1697 3636 1946 3707 ὠνητοὺς

373 3724 654 3789 ποιοῦντες
704 3727 1004 3797 ἀρχιερεῖς,
1071 3732 1167 3784 καὶ
1219 3729 1528 3799 μειρακίων
1573 3729 1794 3800 ἐφήϐων
1847 3712 1944 3783 καὶ

370 3815 634 3881 ἀγενείων
663 3817 830 3885 ἑσμὸν
876 3818 1082 3888 ἱερέας,
1116 3817 1240 3873 οὔτε
1280 3838 1368 3873 πω
1402 3820 1752 3884 συλλαϐίζειν
1784 3822 1944 3875 δυνα-

374 3907 553 3973 μένων
603 3907 726 3960 οὐδὲ
766 3908 833 3961 τὰ
887 3909 1080 3979 πρῶτα
1120 3909 1227 3963 τῶν
1274 3913 1619 3989 γραμμάτων
1673 3917 1951 3984 στοιχεῖα,

374 3997 435 4064 [Γ.
469 3994 572 4050 265
604 3995 656 4068 ὸ]
683 3995 805 4050 οῦτε
835 3998 950 4068 βίον
979 3999 1112 4068 γοῦν
1138 4001 1310 4069 ἐγγὺς
1341 4001 1589 4071 καθαροῦ
1616 4020 1944 4074 προεισενηο

374 4105 428 4139 νε
441 4088 669 4156 γμένων,
700 4089 816 4142 ἀλλ’
844 4092 1201 4170 ἀρκουμένων
1225 4091 1303 4162 τῷ
1334 4109 1392 4151 τε
1423 4093 1713 4163 βούλεσθαι
1739 4095 1834 4148 καὶ
1863 4095 1943 4165 τῷ

372 4180 471 4248 τὴν
509 4181 857 4252 Παλαμικὴν,
881 4183 1073 4235 ταυτὸν
1095 4184 1139 4237 δ’
1163 4185 1341 4238 εἰπεῖν
1387 4185 1810 4260 Μασαλιανικὴν
1847 4188 1944 4241 καὶ

373 4267 636 4321 πολύθεον
685 4269 898 4338 αἵρεσιν
948 4273 1311 4339 προσκυνεῖν·
1367 4271 1468 4343 τῆς
1504 4275 1614 4340 γὰρ
1639 4260 1946 4344 ἱερωσύνης

372 4359 453 4418 εἰς
482 4358 747 4426 ἀγοραίαν
778 4359 981 4427 πρᾶσιν
1005 4359 1258 4424 καθάπαξ
1299 4362 1573 4431 ῥιφείσης,
1610 4363 1637 4414 ὁ
1671 4364 1740 4419 τὰ
1768 4364 1941 4417 πλείω
1977 4367 1985 4376 ’

371 4450 547 4511 διδοὺς
587 4450 685 4522 τὴν
743 4452 981 4504 νικῶσαν
1040 4452 1129 4505 ἐπ’
1180 4453 1361 4521 ὀλίγον
1406 4455 1678 4524 λαμϐάνει
1708 4458 1805 4510 καί⁸
1837 4457 1949 4509 τῶν

378 4543 663 4610 πρωτείων
685 4543 894 4610 γίνεται
923 4544 1283 4615 κληρονόμος,
1333 4546 1528 4618 μέχρις
1563 4549 1629 4601 ἂν
1657 4550 1684 4601 ό
1718 4549 1951 4602 κατόπιν

380 4636 478 4687 ἰὼν
508 4637 810 4704 χρημάτων
844 4634 1146 4706 ἁδρότερον
1185 4637 1502 4708 πεποιηκὼς
1545 4641 1607 4694 τὸ
1640 4640 1946 4711 βαλάντιον,

2045 3476 2167 3516 rum
2200 3451 2751 3530 patriarcharum’qui
2776 3453 3025 3509 eamdem
3052 3451 3340 3513 inducunt,
3357 3464 3427 3504 ne
3441 3448 3629 3502 dicam.

2046 3554 2313 3624 pejorcm.
2382 3550 2449 3605 lli
2507 3549 2654 3605 enim
2707 3546 3013 3604 sacerdotii
3072 3541 3395 3613 dignitatem
3455 3538 3621 3592 etiam

2046 3644 2263 3714 turpius
2292 3642 2594 3707 violarunt,
2626 3655 2751 3695 cum
2799 3638 2980 3709 pretio
3029 3636 3237 3706 eligant
3281 3633 3617 3695 sacerdotes,

2045 3741 2178 3804 etin
2215 3736 2303 3791 his
2327 3733 2865 3791 adolescentulorum
2892 3728 3310 3800 pubescentium
3335 3736 3389 3779 et
3416 3725 3627 3779 imber-,

2046 3830 2198 3895 bium
2229 3841 2481 3891 examen,
2512 3825 2608 3894 qui
2658 3837 2841 3893 neque
2881 3821 3122 3893 syllabas
3149 3825 3478 3874 connectere
3498 3831 3624 3885 pos;

2047 3929 2177 3977 sunt
2212 3929 2269 3975 et
2322 3932 2391 3974 ne
2443 3916 2637 3988 primis
2685 3914 2908 3984 quidem
2963 3912 3275 3967 litterarum
3333 3909 3651 3967 elementis“

2048 4010 2244 4066 imbuti
2288 4016 2440 4073 sunt,
2491 4021 2672 4076 neque
2730 4004 2899 4061 vitam
2946 4003 3141 4059 saltem
3180 4017 3373 4071 puram
3409 4015 3516 4069 prae
3563 4015 3621 4054 se

2048 4101 2236 4156 ferunt
2267 4108 2324 4153 et
2354 4097 2489 4153 satis
2516 4104 2780 4167 praestant
2816 4093 2980 4149 modo
3022 4093 3166 4149 inire
3209 4093 3407 4156 velint,
3439 4103 3494 4146 et
3525 4092 3623 4146 Pa-
3722 4114 3729 4123 ε

2046 4190 2302 4247 lamicam
2355 4189 2463 4254 vel,
2489 4188 2739 4244 eamdem
2794 4195 2851 4241 ut
2896 4185 3108 4253 dicam,
3168 4184 3518 4238 Masalianam
3570 4191 3623 4236 ct

2048 4282 2359 4352 polytheam
2426 4260 2656 4334 haeresin
2730 4285 3088 4331 venerentur.
3160 4274 3237 4329 Ex
3298 4288 3408 4343 quo
3474 4274 3621 4326 cnim

2049 4372 2388 4430 sacerdotale
2413 4371 2572 4442 532
2590 4386 2787 4426 munus
2808 4369 3002 4424 venale
3032 4377 3113 4422 est
3137 4366 3364 4429 factum,
3384 4366 3478 4436 qui
3505 4366 3593 4435 plu
3609 4393 3625 4404 -

2050 4467 2189 4521 rima
2217 4466 2331 4531 dat,
2350 4465 2640 4520 victoriam
2666 4462 2984 4531 aliquandiu
3010 4461 3241 4531 suscipit
3265 4469 3320 4513 et
3351 4458 3647 4528 principa—.

2053 4566 2143 4613 tus
2187 4571 2475 4626 possessor,
2518 4562 2625 4618 est,
2674 4555 2846 4607 donec
2897 4551 3037 4613 alius
3061 4559 3251 4620 surgat
3279 4549 3373 4618 qui
3405 4550 3625 4603 sacculo

2053 4648 2301 4719 pleniore
2335 4648 2464 4712 dato
2501 4660 2641 4700 eum.
2672 4652 2896 4712 superet
2939 4651 2994 4697 et
3051 4643 3229 4707 victor
3279 4642 3622 4723 superiorem

378 4727 478 4796 τὴν
512 4727 752 4780 νικῶσαν
780 4728 880 4798 τῆς
901 4730 1074 4801 ἥττης
1103 4722 1404 4800 ἀλλάξηται
1437 4732 1535 4785 καὶ
1564 4733 1662 4801 τῆς
1707 4732 1939 4802 κρείττο-

2052 4740 2241 4804 locum
2269 4738 2329 4804 in
2364 4737 2714 4800 successione
2746 4744 2999 4806 occupet.

376 4837 466 4882 vv;
495 4823 678 4890 χώρας
698 4821 757 4885 ἐξ
791 4824 1026 4893 ἀμοιϐῆς
1056 4823 1391 4897 κληρονόμος
1427 4824 1588 4888 αὐτὸς
1619 4830 1892 4896 καταστῇ.

456 4912 533 4966 1".
569 4911 722 4964 Ἐπεὶ
747 4912 791 4964 δ’
823 4913 938 4974 ἑνὸς
963 4915 1073 4966 τῶν
1112 4914 1324 4973 πολλῶν
1354 4914 1578 4969 ὁτουοῦν
1611 4918 1949 4988 ἐπηγγειλά-

385 5003 525 5071 μεθα
561 5004 892 5073 μνησθέντες
922 5005 1358 5071 ἀπα).λὰξατθαι,
1388 5007 1566 5076 πέρας
1603 5010 1669 5077 τῇ
1700 5010 1945 5077 ἐπαγγε-

378 5096 469 5166 λία
494 5099 799 5166 παρασχεῖν
825 5097 1165 5167 ἀξιώσωμεν.
1216 5098 1326 5168 Τὴν
1350 5097 1461 5152 τῶν
1495 5099 1731 5153 Ἀλανῶν
1763 5101 1937 5172 ἐπαρ-

377 5188 501 5258 χίαν
530 5190 669 5260 πρὸς
715 5187 953 5259 ἄρκτους
983 5187 1082 5259 τὴν
1112 5189 1263 5241 θέσιν
1287 5187 1539 5259 ἔχουσαν.
1574 5192 1668 5243 καὶ
1714 5190 1942 5253 Σκυθῶν

374 5282 483 5333 τδν
519 5281 764 5351 νομάδων
800 5281 1002 5350 ὅμορον
1050 5277 1236 5343 οὖσαν,
1270 5282 1319 5334 οἱ
1371 5281 1557 5335 πολλοί
1582 5299 1642 5343 τε
1663 5282 1810 5341 ἴσασι
1845 5284 1941 5335 καὶ

381 5374 615 5440 μάλιστα
674 5371 755 5437 οἷς
817 5372 878 5438 ἐξ
935 5373 1205 5445 ἐμπορίας
1249 5375 1278 5426 ό
1306 5373 1418 5444 βίος
1454 5373 1767 5443 ἁθροίζεται
1797 5374 1941 5438 ἔθος.

378 5461 595 5528 Ταύτης
627 5463 689 5514 ὲκ
714 5462 1338 5525 Κωνσταντινουπόλεως
1373 5461 1809 5531 Τραπεζούντιός
1836 5479 1944 5525 τις,

374 5551 549 5617 agona
578 5549 824 5620 Συμεὼν,
877 5551 1168 5621 ἀρχιερεὺς
1202 5553 1268 5620 τῇ
1313 5551 1645 5619 μητροπόλει
1700 5567 1945 5620 χειροτο-

377 5643 563 5711 νηθεὶς
611 5643 716 5713 πρὸ
773 5642 911 5697 ὲτῶν
961 5643 1022 5694 οὗ
1079 5642 1293 5711 μικρυῖιν
1345 5640 1650 5710 ἀπεστάλη.
1702 5642 1857 5695 Μετὰ
1886 5644 1943 5696 δὲ

379 5737 569 5803 χιόνον
627 5733 835 5804 βραχὺν
867 5734 995 5804 παρ’
1052 5733 1274 5787 ὁτουοῦν
1299 5733 1409 5786 τῶν
1456 5735 1572 5787 ἐκεῖ
1597 5733 1942 5802 μοναζόντων

377 5827 514 5909 1:36;
547 5828 657 5892 τοῖς
681 5827 861 5891 ἄλλοις
897 5829 986 5890 καὶ
1018 5827 1347 5898 δωροδοκίαν
1395 5827 1731 5897 ὲγκέκληται
1760 5846 1941 5907 χ-ιρο-

2123 4915 2210 4971 lll.
2265 4913 2587 4985 Quanquam
2621 4927 2788 4974 unum
2820 4919 3034 4965 tantum
3071 4926 3102 4965 e
3142 4908 3330 4963 multis
3360 4907 3653 4977 exemplis,

2050 5006 2428 5080 promisimus,
2448 5020 2592 5060 nunc
2617 5013 2797 5071 tamen
2830 5004 2972 5057 ultra
2999 5002 3329 5072 promissum
3356 5002 3625 5071 praebebi-

2039 5117 2182 5157 mus.
2199 5100 2536 5161 Albanorum
2557 5095 2898 5166 provinciam
2933 5096 2987 5149 in
3012 5095 3477 5164 septentrionales
3500 5109 3654 5163 spe--

2045 5205 2216 5258 ctare,
2238 5205 2443 5262 eosque
2467 5187 2683 5259 Scythis
2705 5186 3036 5249 nomadibus
3062 5187 3485 5250 coniines,certe
3506 5201 3626 5241 om-
3650 5238 3653 5239 ν

2043 5283 2208 5338 nibus
2245 5290 2435 5334 notum
2464 5288 2569 5341 est,
2592 5280 2729 5332 etin
2757 5276 2953 5347 primi;
2986 5277 3055 5332 iis
3082 5278 3175 5346 qui
3203 5292 3270 5331 ex
3305 5288 3645 5343 mercatura_

2045 5383 2213 5427 vitam
2260 5371 2556 5427 sustinent.
2599 5369 2638 5422 E
2684 5368 3160 5438 Constantinopoli
3213 5368 3639 5438 Trapezuntius.

2048 5463 2269 5535 quidam
2299 5464 2520 5519 nomine
2546 5460 2767 5516 Simeon
2798 5461 3118 5531 metropolis
3147 5446 3444 5533 episcopus
3470 5478 3621 5522 crea-

2046 5567 2132 5612 tos
2166 5557 2354 5612 multis
2377 5554 2578 5610 abhinc
2603 5554 2763 5608 annis
2788 5553 2989 5608 missus
3007 5563 3148 5608 erat.
3196 5553 3398 5617 Verum
3432 5556 3478 5612 is
3510 5571 3629 5613 non

2040 5651 2215 5705 multo
2242 5660 2364 5720 post
2391 5664 2420 5704 a
2442 5647 2712 5703 monacho
2728 5647 2962 5716 quodam
2985 5647 3057 5702 ibi
3088 5663 3211 5702 cum
3236 5649 3624 5720 aliis..degente

2040 5740 2411 5810 corruptionis
2438 5739 2489 5795 in
2518 5736 2962 5793 ordinationibus
3001 5741 3499 5811 acc,us‘at‘ns'.est,et
3527 5747 3618 5812 qui

2036 5831 2330 5896 sacerdotii
2358 5831 2679 5901 dignitatem
2718 5834 2778 5882 ut
2799 5842 2975 5900 caupo
3010 5830 3252 5896 venalem
3284 5832 3639 5899 haberet,”
