4016 6474
269 401 370 456 ξτες

1195 387 1636 457 ΒΥΖΛΝΤΙΝᾹΞ
1685 399 2076 457 ίίίεὲῚὈίῖΗί
2117 399 2264 458 Llil.
2305 398 2598 458 ΧΧΧῊΙ.

3421 402 3526 466 474

273 522 326 556 τε
369 505 463 555 καὶ
500 502 864 565 ἀτοπώτατον,
1034 507 1313 572 ngf/ivra;
1357 506 1414 557 1ίί
1448 507 1504 560 δὲ
1532 508 1625 559 καὶ
1656 507 1839 559 καθαι-

1961 505 2299 572 “legitimam
2333 506 2494 576 hujus
2522 507 2901 576 expulsioncm
2952 510 3152 574 fecisti,
3215 519 3268 566 et
3307 521 3365 564 ut
3397 527 3521 566 cum

270 599 385 662 ρεῐν
422 593 583 644 αὑτὸν
632 594 777 661 ἐνῆν,
813 593 930 646 ἀλλ’
957 595 1018 646 οὐ
1053 595 1144 644 civ
1194 596 1359 648 αὐτοῦ
1389 598 1698 669 κατήγορον
1726 615 1838 668 χει-

266 687 506 752 ροτονεῖν
534 685 647 737 ἀντ’
687 685 850 737 αὑτοῦ
892 689 1012 738 κατ’
1043 686 1211 738 αὐτοῦ
1238 705 1251 718 ο
1279 687 1309 757 ἦ
1337 688 1494 756 δῆλον
1525 689 1600 752 ὡς
1631 691 1839 752 ἐκεῖνος

264 777 366 842 μὲν
399 777 494 846 τῆς
521 777 892 844 ὲπισκοπικῆς
926 778 1100 847 ἀρχῆς
1135 781 1373 848 ἐραστὴς
1399 779 1639 848 γεγονὼς
1676 781 1836 849 ζηλο-

263 868 463 928 τυπίας
521 867 774 934 ἐκγόνους
827 868 1044 937 ψευδεῖς
1102 871 1406 939 συνέρραῴε
1458 871 1666 937 δόλους,
1701 874 1764 925 σὺ
1792 872 1836 925 δ’

262 961 495 1026 ἐραστὴς
520 959 608 1010 καὶ
637 960 799 1020 αὐτὸς
831 962 1109 1019 καταστὰς
1154 963 1260 1012 τῶν
1298 962 1509 1015 ἐκείνου
1535 965 1837 1034 χρημάτων

261 1051 602 1119 ἁδικωτάτην
634 1051 728 1102 καὶ
755 1051 898 1119 μάλα
929 1053 1285 1118 ἁνομωτάτην
1315 1054 1556 1124 εἰργάσω
1590 1055 1689 1125 τὴν
1714 1055 1838 1107 toﬁ-

261 1159 358 1191 τιυ
408 1141 742 1210 καθαίρεσιν,
811 1142 903 1192 καὶ
935 1142 994 1193 τὸ
1047 1143 1139 1194 τοῦ
1181 1144 1343 1196 Δαόὶδ
1381 1146 1580 1209 εἰπεῖν,
1635 1145 1836 1198 λάκκον

260 1232 478 1296 ὧρυξας
509 1233 602 1284 καὶ
637 1232 827 1301 βόθρον
864 1231 922 1304 [Γ.
953 1233 1059 1288 264
1091 1233 1142 1305 b]
1175 1236 1509 1304 ἀνέσκαψας,
1537 1238 1615 1300 εἰς
1650 1238 1708 1290 ὃν
1741 1241 1838 1308 ἑμ-

263 1319 552 1370 πεσεῖσθαί
588 1337 646 1371 σε
703 1319 852 1384 ἄξιον
885 1323 1024 1375 κατὰ
1076 1325 1203 1384 τοὺς
1242 1324 1346 1374 τῶν
1400 1323 1559 1393 ἱερῶν
1597 1325 1836 1379 κανόνων

266 1413 358 1459 aut
386 1409 564 1478 νόμιον
611 1411 869 1480 θεσμοὺς,
922 1415 968 1464 εί
1006 1413 1082 1484 μὴ
1123 1415 1221 1484 τὴν
1269 1415 1574 1485 διόρθωσιν,
1607 1419 1654 1470 εί
1685 1418 1832 1487 ἐξείη

268 1517 368 1562 σοι,
400 1500 655 1568 δράσειας
685 1505 782 1570 τὴν
813 1505 1101 1574 ταχίστην,
1133 1507 1228 1558 καὶ
1253 1509 1278 1558 ό
1306 1507 1524 1575 τρώσας
1547 1509 1707 1571 αὐτὸς
1740 1510 1834 1562 καὶ

263 1593 364 1656 τὴν
415 1593 556 1643 ἴασιν
613 1594 988 1660 ἁρμόττουσαν
1041 1599 1363 1665 ὲπαγάγοις.
1421 1601 1581 1670 Ὁρᾷς
1610 1603 1715 1670 γὰρ
1743 1604 1836 1656 καὶ

258 1683 363 1748 τὴν
391 1684 495 1736 τῶν
529 1685 827 1754 ἀρχιερέων
859 1689 1038 1758 ὁρμὴν
1070 1692 1209 1743 κατὰ
1249 1692 1342 1743 σοῦ
1381 1697 1706 1763 κινουμένην
1743 1694 1835 1763 βπ-

263 1777 438 1840 ρῖῖαν,
472 1777 564 1827 καὶ
590 1777 802 1847 μακρόν
835 1781 925 1832 τὸν
948 1780 1087 1851 ὑπὲρ
1138 1782 1238 1851 τῆς
1271 1784 1577 1848 ὑποθέσεως
1609 1785 1835 1853 Οὔρυὸον

1945 595 2150 649 Davide
2202 595 2427 664 loquar,
2463 597 2758 652 cisternam
2792 601 2994 668 parasti
3023 607 3080 654 et
3130 600 3345 655 foveam
3391 601 3526 656 etl‘o—

1943 686 2070 740 disti
2105 686 2157 739 in
2189 703 2352 756 quam
2387 687 2586 758 dignus
2614 703 2674 742 es
2705 690 2819 758 ipse
2851 691 2943 760 qui
2975 691 3279 761 dejiciaris,
3319 707 3520 748 secun-

1942 779 2072 833 dum
2111 789 2425 834 sanctorum
2455 795 2725 835 canonum
2759 793 2816 837 et
2841 783 3018 853 legum
3075 794 3366 854 prmcepta,
3415 785 3524 838 nisi

1944 887 2107 940 quam
2142 871 2428 925 celerrime
2461 873 2869 929 restitutionem
2895 878 2943 931 ei
2978 877 3281 945 paraveris,
3320 885 3377 930 et
3409 877 3522 946 ipso

1944 963 2039 1030 qui
2075 963 2276 1016 vulnus
2321 963 2568 1018 inllixisti
2619 967 2947 1020 medicinam
2977 977 3158 1038 aptam
3190 969 3520 1038 prmbueris.

1943 1051 2108 1106 Vides
2141 1053 2287 1105 enim
2345 1054 2724 1122 episc0porum
2772 1056 2826 1114 in
2877 1066 2926 1112 te
2979 1059 3185 1110 moveri
3229 1058 3523 1118 odium,et

1941 1157 2196 1211 magnum
2229 1154 2452 1213 prepter
2485 1161 2700 1199 causam
2745 1149 2894 1200 tn‘am
2933 1150 3226 1202 tumultum
3258 1148 3526 1201 continuo

1941 1234 2170 1287 auribus
2207 1236 2343 1289 meis
2375 1236 2620 1290 advolvi.
2698 1237 2901 1291 Contra
2944 1255 3064 1307 qua:
3105 1254 3227 1308 ego,
3265 1248 3324 1292 ut
3365 1240 3520 1290 obte-

1940 1337 2137 1396 gantur
2168 1336 2224 1382 et
2253 1329 2514 1382 liniantur
2541 1329 2770 1383 crimina
2805 1337 2920 1392 tua,
2949 1330 3234 1384 obvertere
3264 1344 3332 1381 ne
3356 1330 3522 1380 mini-

1940 1431 2089 1469 mum
2120 1417 2341 1485 quidem
2387 1419 2561 1482 valeo,
2593 1419 2667 1473 illi
2725 1434 2853 1473 vero
2901 1436 3011 1473 non
3053 1421 3228 1473 solum
3279 1435 3523 1488 praesens

1938 1507 2071 1561 illud
2099 1509 2476 1569 commissum,
2522 1511 2615 1563 sed
2645 1510 2808 1564 etiam
2844 1510 2946 1562 alia
2995 1511 3167 1563 multa
3214 1509 3431 1562 diversa
3465 1519 3519 1559 et

1938 1600 2120 1667 gravia
2174 1611 2366 1653 contra
2430 1611 2481 1654 te
2533 1602 2588 1653 in
2636 1612 2892 1670 promptu
2956 1601 3182 1655 habent.
3265 1599 3518 1665 Quorum

1942 1706 2108 1743 inium
2148 1691 2407 1760 quodque
2467 1691 2659 1746 dicunt
2717 1694 2850 1746 satis
2882 1708 3002 1746 esse
3034 1691 3100 1745 ad
3139 1700 3287 1745 tuam
3324 1689 3520 1760 expul-

1941 1781 2176 1842 sioncm,
2234 1782 2380 1836 Idem
2412 1784 2652 1838 clamant
2701 1800 2895 1838 omnes
2940 1785 3113 1838 sancti
3159 1797 3400 1837 canones
3449 1797 3521 1836 ne

258 1869 381 1927 ταῖς
410 1870 566 1932 ἐμαῖς
609 1869 872 1938 διηνεκῶς
929 1874 1116 1936 ἀκοαῖς
1170 1875 1541 1928 ἐπαντλοῦσαν
1567 1893 1580 1907 ·
1637 1872 1712 1936 οἷς
1749 1878 1839 1930 καὶ

1949 1872 2057 1925 vim
2089 1888 2241 1926 suam
2271 1877 2546 1928 amittant.
2604 1876 2725 1929 llazc
2757 1891 2887 1945 ergo
2937 1875 3122 1928 omnia
3154 1890 3279 1928 cum
3318 1874 3391 1927 ita
3423 1888 3521 1942 per

263 1955 632 2013 τροὸαλέσθαι
672 1957 882 2011 δίκαιόν
941 1977 994 2012 τι
1046 1963 1183 2030 πρὸς
1241 1963 1675 2030 ἀντιπαράταξιν
1743 1967 1836 2017 καὶ

261 2045 420 2112 λῆξιν
445 2045 552 2099 τῶν
589 2047 671 2099 σοί
695 2048 742 2115 γ’
775 2050 1220 2120 ἐγκεκλημένων.
1271 2053 1419 2123 Ἐχω
1445 2053 1540 2122 μὲν
1571 2055 1678 2106 τῶν
1703 2057 1835 2109 πάν-

260 2153 374 2188 των
406 2137 557 2191 οὐδὲν
587 2139 770 2204 αὐτὸς,
802 2141 984 2210 έχουσι
1010 2143 1057 2196 δ’
1087 2143 1240 2196 αὐτοὶ
1264 2146 1338 2216 μὴ
1363 2146 1523 2216 μόνον
1551 2149 1612 2199 τὸ
1639 2148 1836 2216 παρὸν,

1945 1963 2141 2016 faniam
2171 1964 2374 2031 ubique
2432 1965 2800 2032 divulgcntur,
2833 1973 2885 2017 et
2921 1980 3014 2016 ora
3068 1964 3429 2032 malignorum
3466 1962 3517 2014 in

1945 2067 1999 2114 te
2036 2061 2305 2130 aperiant;
2334 2075 2440 2114 non
2475 2061 2826 2114 mediocriter
2861 2075 2945 2114 me
2981 2059 3227 2128 afﬂigunt
3254 2068 3307 2112 et
3332 2059 3524 2112 dolore

1944 2150 2183 2204 alliciunt
2217 2153 2461 2204 animum
2502 2167 2739 2206 meum.»

264 2233 400 2284 ἀλλὰ
454 2235 546 2286 καὶ
603 2234 750 2319 πόλλ’
797 2236 960 2305 ἔτερα
1011 2236 1273 2309 πολυειδῆ
1304 2257 1362 2292 τε
1415 2240 1507 2293 καὶ
1535 2242 1723 2310 ἡλίκα,
1751 2236 1826 2295 ὧν
1865 2245 2097 2298 ἕκαστον
2156 2247 2462 2317 ἀποχρῆναί
2524 2264 2689 2314 φασιν
2718 2248 2798 2309 εἰς
2827 2247 3149 2318 καθαίρεσιν
3175 2244 3527 2316 σὴν,όμοίως

263 2325 701 2394 ὲπιδοακομένων
754 2328 1008 2381 ἁπάντων
1091 2330 1188 2397 τῆς
1231 2331 1340 2385 τῶν
1409 2333 1569 2402 ἱερῶν
1616 2335 1855 2388 κανόνων
1894 2338 2080 2406 χρείας
2114 2338 2211 2407 τὴν
2246 2338 2394 2404 ὦραν
2417 2355 2430 2370 σ
2464 2337 2607 2408 ἅπερ
2661 2337 2726 2407 δὴ
2754 2339 2847 2390 καὶ
2877 2338 2993 2401 πῶς
3029 2339 3094 2391 ἂν
3153 2337 3366 2402 εἴποιμι
3401 2336 3521 2386 δια-

264 2415 634 2485 θρυλλούμενα
655 2419 902 2488 πανταχῆ
921 2422 1014 2473 καὶ
1041 2420 1290 2487 γλώττας
1337 2427 1687 2494 χαιρεκάκων
1743 2426 2030 2497 ἀνοίγοντα
2059 2429 2200 2482 κατὰ
2263 2430 2362 2498 τῆς
2435 2429 2533 2498 σῆς
2579 2429 2848 2497 κεφαλῆς,
2901 2429 2961 2482 οὐ
2999 2427 3210 2499 μικρῶς
3258 2426 3528 2478 ἁποκνὰει.

265 2513 359 2563 καὶ
390 2513 514 2582 ἀνιᾷ
549 2531 653 2582 μου
685 2516 746 2566 τὸ
777 2515 1128 2586 λογιζόμενον
1161 2519 1262 2586 τῆς
1297 2517 1497 2588 ψυχῆς.
1541 2537 1559 2570 ι

338 2607 411 2660 Δ’.
441 2607 582 2676 Πρὸς
609 2608 783 2660 ταῦτα
810 2610 838 2660 ὁ
869 2609 1168 2675 Κάλλιστος
1199 2612 1626 2682 διαπορούμενός
1658 2632 1716 2666 τε
1741 2615 1835 2667 καὶ

259 2695 385 2747 λίαν
440 2697 738 2768 ἀχθόμενος
787 2701 879 2754 ἐπὶ
927 2703 1141 2756 πλείοσι
1206 2704 1326 2758 καθ’
1363 2705 1546 2766 αὑτὸν,
1590 2705 1683 2758 καὶ
1720 2708 1834 2758 ὅσοι

263 2790 405 2856 ἀμφ’
444 2791 604 2844 αὐτὸν
643 2793 992 2858 οἰκειότατοι,
1045 2795 1400 2849 διεσκέπτετο
1465 2797 1834 2867 νυχοημέροις

260 2881 325 2931 τὸ
357 2881 630 2950 ποιητέον,
667 2884 761 2936 καὶ
817 2883 965 2939 δυοῖν
1023 2886 1190 2956 μέσος
1249 2887 1496 2956 ἐγίγνετο
1532 2889 1831 2958 λογισμῶν,

262 2972 512 3040 χειμῶνα
533 2977 628 3029 καὶ
645 2973 816 3044 ζάλην
836 2977 896 3029 οὐ
927 2976 1069 3031 πάνυ
1107 2977 1313 3047 μικρὰν
1337 2978 1672 3032 ἀνιστάντων
1693 2981 1836 3032 κατὰ

259 3065 362 3130 τῆς
398 3062 664 3132 σκέψεως.
695 3065 891 3135 Ἔλεγε
918 3065 1027 3138 γὰρ
1059 3066 1134 3131 ὡς
1156 3068 1249 3121 δύο
1277 3070 1679 3138 μητροπολίτας
1705 3072 1834 3140 μιᾶς

265 3157 656 3223 μητροπόλεως
686 3153 827 3211 εἶναι
885 3161 1024 3230 μήτε
1076 3164 1188 3223 τοῖς
1229 3159 1338 3214 τῶν
1365 3161 1526 3214 θείων
1574 3162 1835 3232 Πατέρων
1862 3179 1906 3240 C

264 3247 457 3300 κανόσι
485 3249 577 3301 καὶ
597 3249 780 3318 νόμοις
801 3252 1274 3322 συγκεχωρῆσθαι,
1307 3255 1444 3323 μήτε
1466 3255 1532 3322 τῇ
1553 3256 1707 3323 κοινῇ
1727 3255 1834 3306 τῶν

264 3339 478 3391 πολλῶν
513 3331 772 3412 συνηθείᾳ
819 3343 1311 3413 προκατειλῆφθαι,
1345 3343 1460 3396 ἀλλ’
1493 3340 1635 3396 εἶναι
1671 3343 1838 3396 καθά-

261 3430 376 3493 παξ
401 3430 688 3485 ἀλλόκοτόν
725 3449 778 3484 τι
815 3433 1006 3503 χρῆμα
1039 3436 1131 3486 καὶ
1167 3436 1307 3488 πάνυ
1341 3435 1838 3504 τερατωδέστατον,

260 3524 366 3592 τὴν
392 3523 500 3576 τῶν
531 3524 732 3593 πατρίν
761 3525 1054 3596 αίσχωρῶς
1111 3526 1515 3596 ἀφαιρούμενον
1560 3526 1837 3595 πρόνοιαν.

261 3621 329 3671 ΕΞ
352 3616 448 3672 οὖν
473 3619 563 3670 τὸν
601 3617 890 3687 ὁμώνυμον
946 3617 1268 3680 καθελόντες
1313 3619 1412 3688 τῆς
1447 3617 1604 3682 ἀξίας
1639 3612 1843 3671 Καλλι-

260 3728 413 3775 στον,
439 3709 531 3763 τὸν
561 3710 854 3780 Συμεῶνην
879 3709 1364 3780 ἀντεισαγάγωμεν
1385 3709 1565 3774 αὖθις,
1588 3710 1840 3777 ἀφίξεται

265 3804 369 3874 τὴν
422 3801 684 3872 ταχίστην
746 3801 1030 3854 καταϐοῶν
1090 3802 1298 3865 ἐκεῖνος
1341 3802 1438 3854 καὶ
1489 3803 1842 3872 κατατρέχων

265 3898 436 3967 ἡμᾶς,
497 3896 588 3948 καὶ
632 3894 880 3948 ἁπαιτῶν
919 3895 1061 3965 ἅπερ
1119 3895 1252 3963 ἡμῖν
1283 3893 1534 3947 ἐδεδώκει
1565 3893 1715 3960 δῶρα
1743 3894 1841 3963 τῆς

259 3988 655 4059 ἀρχιερατικῆς
701 3987 856 4052 ἀξίας
909 3985 1074 4039 ἓνεκα
1123 3986 1338 4048 πάντα,
1392 3985 1461 4037 δι’
1512 3985 1652 4038 ὅσων
1676 3985 1842 4048 αὐτὸς

262 4082 495 4151 ἐπρίατο
523 4081 621 4150 τὴν
683 4079 1037 4148 μητρόπολιν.
1085 4081 1151 4133 ‘0
1196 4077 1260 4148 δὴ
1288 4078 1500 4131 πολλῶν
1532 4077 1701 4146 ξιφῶν
1729 4079 1844 4150 δρι-

262 4175 534 4243 μυτέραν.
576 4170 714 4240 μετὰ
746 4170 888 4222 πάνυ
929 4169 1146 4238 μακρᾶς
1195 4167 1286 4237 τῆς
1314 4166 1597 4238 αἰσχύνης,
1635 4169 1704 4236 τῇ
1734 4169 1840 4236 ἐμῇ

262 4266 483 4334 κομίζει
513 4264 658 4332 ψυχῇ
681 4263 778 4322 τὴν
811 4260 1006 4330 ὀδύνην
1032 4277 1046 4291 ο
1084 4263 1132 4313 οἱ
1163 4259 1272 4330 γὰρ
1306 4261 1399 4311 καὶ
1432 4259 1564 4329 πρὶν
1597 4262 1678 4322 εἰς
1727 4260 1841 4325 ἑ.ξέ-

257 4379 424 4416 τασιν
459 4360 595 4413 ἱέναι
630 4359 727 4420 τὰς
751 4359 892 4426 ἐμὰς
924 4355 1078 4417 δίκας
1113 4354 1210 4407 καὶ⁵
1237 4355 1365 4422 πρὶν
1391 4351 1842 4418 ἀνακαλυφθῆναι

258 4456 336 4509 τὰ
365 4452 760 4524 προτεινόμενα
787 4448 913 4501 καθ’
935 4450 1090 4518 ἡμῶν
1113 4447 1441 4516 ἐγκλήματα
1470 4444 1682 4512 πικρῶς
1705 4445 1842 4513 ἡμῖν

259 4547 556 4616 ἐμϐάλλειν
582 4543 784 4597 οὑτωσὶ
816 4542 940 4602 τοὺς
966 4539 1188 4602 ὀδόντας
1232 4537 1582 4600 ἀπειλοῦντες
1613 4536 1837 4589 ἐπίσκο-

262 4660 381 4706 ποι,
405 4643 500 4694 καὶ
524 4643 574 4691 οἱ
606 4635 824 4706 μείζους
847 4635 956 4686 τῶν
979 4632 1416 4702 προτεινομένων
1446 4631 1527 4682 ἔτι
1566 4629 1841 4698 μελετῶν-

259 4750 359 4794 τες
393 4729 673 4799 ἐπιφέρειν
729 4722 1015 4791 λοιδορίας,
1074 4718 1329 4772 ἀσέϐειαν
1379 4720 1477 4787 οὐχ
1503 4717 1682 4785 ἁπλῆν
1719 4732 1840 4768 τινα.

262 4827 364 4878 κα)⁸
393 4821 662 4893 μονοειδῆ,
693 4817 826 4870 ἀλλά
857 4815 1110 4883 ποικίλην
1139 4831 1197 4864 τε
1238 4813 1331 4862 καὶ
1364 4809 1498 4862 πολὺ
1528 4807 1834 4878 προϐαλλο-

269 4915 446 4983 μένην
479 4910 540 4984 [Γ.
567 4909 672 4964 965
703 4905 756 4976 α]
797 4906 856 4959 τὸ
916 4906 1207 4975 ἀφόρητον,
1251 4903 1394 4963 τίνος
1436 4899 1502 4952 ἂν
1557 4899 1840 4967 φείσαιντο

263 5007 514 5074 γλώττης
560 5003 640 5064 είς
689 4999 805 5070 φῶς
859 4995 1221 5068 προηγμένων
1279 4993 1388 5044 τῶν
1422 4990 1838 5061 θρυλλουμένων

271 5100 371 5168 μὲν
399 5096 582 5162 ἀξίως,
613 5095 669 5146 ὲν
698 5092 886 5160 νέφεσι
943 5089 988 5140 δ’
1036 5089 1166 5149 ἴσως
1223 5085 1318 5139 καὶ
1358 5084 1678 5152 δισταγμοῖς
1729 5098 1840 5133 τισι

269 5184 668 5258 κρυπτομένων
703 5181 823 5246 Eri;
889 5178 1028 5246 Ἐγὼ
1086 5177 1130 5230 δ’
1162 5179 1340 5228 ἐκεῖνο
1375 5174 1698 5243 τεθαύμακα
1730 5171 1838 5222 τῶν

272 5279 479 5334 σκαιῶν
504 5295 561 5329 τε
595 5276 688 5327 καὶ
727 5270 1093 5343 χαιρεκάκων,
1137 5267 1253 5330 πῶς
1283 5269 1352 5320 τὰ
1399 5265 1605 5319 ἑαυτῶν
1637 5265 1839 5333 αἰσχρὰ

271 5372 712 5442 παρατρέχοντες
734 5366 846 5427 τοῖς
878 5365 1029 5434 ἐμοῖς
1081 5360 1266 5421 ἀτενὲς
1318 5357 1547 5428 ἐνορῶσι
1601 5362 1697 5408 καὶ
1721 5359 1839 5418 ταῖς

273 5468 430 5533 ἐμαῖς
456 5463 842 5528 ἐπιγάννυνται
864 5455 1175 5525 λοιδορίαις,
1223 5452 1315 5503 καὶ
1347 5451 1584 5520 μάλιστα
1621 5452 1839 5501 πάντων

271 5558 373 5622 τὴν
426 5553 533 5604 τῶν
563 5546 922 5603 Μασαλιανῶν
959 5563 1048 5614 μοι
1081 5538 1570 5612 προσονειδίζοντες
1603 5537 1839 5605 αἵρεσιν,

274 5646 442 5714 συχνά
475 5642 568 5694 καὶ
605 5638 865 5698 πολλάκις
924 5631 1360 5692 ὲνδιαόάλλοντές
1417 5647 1474 5682 τε
1508 5629 1566 5682 οὐ
1635 5628 1839 5680 διαλεί-

275 5753 435 5786 πουσι
461 5731 556 5784 καὶ
592 5731 718 5800 περὶ
748 5729 842 5801 τὴν
869 5725 1037 5797 αὐτὴν
1084 5724 1170 5778 ἀεὶ
1207 5723 1570 5795 στρεφόμενοι
1625 5722 1720 5773 καὶ
1747 5738 1843 5772 1::-

276 5826 630 5894 ρ.ειλο·3μενοι
661 5819 952 5892 λοιδορίαν.
988 5819 1076 5873 Ἐν
1108 5818 1216 5887 γὰρ
1265 5819 1384 5878 ταῖς
1417 5819 1514 5886 τῆς
1553 5815 1687 5884 ἐμῆς
1736 5831 1836 5865 πα-

2016 2612 2101 2666 ιν.
2159 2613 2236 2666 Ad
2294 2612 2407 2666 lucc
2446 2611 2705 2665 Callistus
2747 2625 2870 2664 cum
2929 2609 2984 2662 in
3045 2608 3259 2662 consilii
3297 2608 3524 2676 penuria

1945 2718 2256 2759 versaretur
2285 2713 2338 2758 et
2371 2704 2730 2758 vehementer
2765 2703 3132 2756 contristatus
3176 2709 3349 2777 esset,
3385 2703 3526 2755 mul-

1945 2806 2056 2871 tum
2092 2797 2186 2850 diu
2217 2804 2495 2863 noctuque
2520 2793 2660 2863 apud
2689 2809 2746 2848 se
2771 2802 2828 2848 et
2854 2808 2979 2846 cum
3007 2791 3263 2846 omnibus
3288 2791 3524 2844 f=nnilia-

1943 2888 2098 2942 ribus
2134 2886 2250 2941 suis
2287 2885 2472 2940 animo
2523 2884 2778 2939 volvebat
2807 2883 2936 2954 quid
2983 2883 3190 2938 faceret
3221 2902 3234 2948 ;
3283 2882 3459 2937 donec
3492 2899 3524 2936 c

1941 2975 2157 3031 duobus
2184 2974 2428 3029 consiliis
2458 2989 2578 3043 qua:
2609 2990 2716 3027 non
2750 2973 3087 3028 mediocrem
3123 2972 3430 3041 procellam
3468 2981 3524 3026 et

1943 3073 2326 3136 tempestatem
2369 3065 2422 3119 in
2457 3062 2897 3119 consideratione
2928 3063 3091 3134 536
3119 3079 3307 3118 secum
3349 3064 3524 3118 addu-

1943 3167 2152 3222 xerant,
2185 3171 2353 3210 unum
2395 3155 2590 3208 melius
2640 3155 2814 3208 visum
2864 3162 2965 3208 est.
3004 3153 3308 3223 Respondit
3336 3154 3520 3206 enim:

1950 3249 2036 3304 «Si
2087 3248 2196 3303 duo
2245 3254 2413 3301 erunt
2461 3261 2569 3300 una
2613 3246 2668 3298 in
2705 3245 3001 3313 metropoli
3039 3245 3424 3313 metropolitae,
3466 3243 3521 3298 id

1944 3354 2122 3409 neque
2145 3347 2461 3393 sanctorum
2487 3337 2707 3390 Patrum
2730 3337 3032 3391 canonibus
3063 3346 3120 3390 et
3152 3337 3366 3406 legibus
3392 3352 3526 3390 con-

1942 3431 2116 3493 venit,
2170 3444 2347 3499 neque
2399 3439 2664 3490 consueto
2715 3443 2869 3483 more
2922 3428 3234 3484 institutum
3271 3439 3393 3492 est,
3427 3428 3524 3482 sed

1943 3524 2108 3578 alieni
2160 3523 2420 3591 quiddam
2463 3522 2628 3578 habet
2671 3533 2728 3577 et
2761 3537 2993 3591 prorsus
3026 3522 3174 3588 miri,
3197 3531 3254 3577 et
3289 3523 3533 3592 turpiter

1943 3615 2126 3669 aufert
2173 3613 2396 3669 Patrum
2449 3615 2809 3668 voluntatem.
2880 3614 3002 3669 Jam
3049 3630 3183 3668 vero
3217 3615 3263 3668 si
3303 3614 3534 3669 nortiine
3583 3643 3588 3645 -

1945 3709 2107 3764 nobis
2159 3719 2452 3777 cognatum
2517 3708 2804 3764 Callistum
2858 3708 3236 3777 expulerimus
3295 3724 3532 3762 munere.

1943 3817 2063 3862 suo,
2092 3809 2146 3853 et
2177 3799 2504 3870 Symeonem
2538 3813 2730 3853 rursus
2752 3799 3181 3864 restituerimus,
3213 3798 3399 3853 statim
3432 3799 3532 3853 ille,

1945 3909 2069 3946 cum
2097 3891 2340 3946 clamore
2372 3891 2439 3944 ad
2472 3906 2572 3945 nos
2606 3889 2928 3958 properabit
2961 3905 3171 3958 nosque
3203 3889 3426 3943 vexabit
3471 3901 3532 3950 et

1949 3993 2204 4054 rcposcet
2239 3985 2381 4037 dona
2414 3998 2534 4051 qua:
2565 3983 2725 4036 nobis
2755 3981 2908 4035 dedit
2941 3997 3040 4050 pro
3070 3981 3366 4050 episcopali
3399 3997 3522 4034 mu-

1946 4090 2080 4128 nere
2131 4082 2331 4128 cuncta
2385 4074 2588 4142 quibus
2639 4072 2986 4139 melropolim
3031 4072 3138 4125 sibi
3186 4072 3342 4126 emit.
3411 4071 3527 4124 lloe

1946 4179 2129 4220 autem
2160 4165 2409 4219 dolorem
2443 4164 2631 4219 multis
2656 4163 2852 4233 gladiis
2881 4163 3153 4218 acriorem
3185 4180 3292 4217 una
3330 4179 3537 4232 magna

1946 4274 2070 4311 cum
2103 4255 2326 4311 infamia
2349 4255 2485 4312 mihi
2519 4255 2756 4326 parabit.
2788 4254 2921 4309 Nam
2948 4255 3190 4324 episcopi
3218 4257 3310 4324 qui
3345 4257 3534 4324 prius-.

1945 4364 2110 4418 quam
2143 4348 2210 4402 ad
2239 4347 2607 4402 examinanda
2637 4349 2870 4403 crimina
2907 4355 3038 4403 eant
3063 4358 3119 4402 et
3158 4355 3408 4418 relegant
3437 4363 3525 4408 ea,

1947 4442 2217 4496 acerrime
2271 4441 2438 4496 inme
2481 4440 2742 4496 dentibus
2791 4441 3074 4504 frendunt,
3127 4440 3292 4493 etiam
3343 4439 3538 4508 plures,

1873 4515 1925 4575 Ῐ)
1959 4547 2129 4585 novas
2162 4531 2406 4586 maculas
2453 4531 2587 4586 mihi
2637 4531 2881 4602 obiicere
2911 4541 3129 4597 curant,
3180 4531 3522 4600 impietatem

1953 4625 2217 4678 nimirum
2270 4639 2379 4677 non
2435 4625 2686 4694 exiguam
2724 4634 2780 4678 et
2810 4639 2998 4687 unam,
3045 4623 3139 4678 sed
3191 4635 3439 4690 magnam
3473 4630 3540 4690 (ιιί

1949 4713 2484 4784 pravam,quomodo
2519 4721 2744 4782 parcent
2777 4714 2998 4784 linguze,
3030 4713 3075 4768 si
3105 4714 3160 4768 in
3189 4713 3366 4767 lucem
3405 4728 3532 4781 pro.-

1948 4807 2294 4872 dibuntgqnae
2323 4819 2469 4859 nunc
2489 4819 2682 4859 revera
2708 4803 2930 4873 quidem
2959 4804 3013 4858 in
3043 4819 3266 4858 rumore
3297 4804 3548 4877 luerent,

1948 4899 2045 4953 sed
2100 4897 2343 4952 nubibus
2399 4896 2582 4951 adhuc
2631 4905 2686 4952 et
2743 4896 3185 4952 dubitationibus
3255 4898 3547 4966 occultata.

1949 4987 2116 5043 sunt?
2179 4987 2445 5057 Equidem
2491 4988 2599 5041 hoc
2645 4987 2700 5040 in
2734 4986 2844 5040 illis
2877 4987 3124 5041 molestis
3159 4997 3214 5042 et
3244 4987 3550 5052 malevolis_

1950 5079 2265 5135 hominibus
2288 5079 2594 5144 admiratus
2627 5094 2773 5142 sum,
2809 5077 2978 5148 quod,
3005 5079 3252 5148 ipsorum
3292 5079 3542 5148 turpi”):

1949 5172 2097 5225 dinis
2162 5171 2536 5235 immemores,
2580 5186 2714 5225 mete
2783 5170 3048 5225 continuo
3103 5171 3424 5233 inlucreant,
3477 5181 3542 5238 et,

1952 5267 2086 5320 meis
2117 5265 2347 5318 maculis
2380 5263 2676 5334 gaudeant,
2722 5271 2778 5317 et
2833 5280 2942 5332 prae
2993 5264 3118 5318 aliis
3177 5262 3432 5316 omnibus
3461 5262 3534 5314 de

1949 5359 2371 5413 Masatianorum
2441 5357 2634 5410 haeresi
2687 5373 2772 5410 me
2831 5356 3144 5425 obiurgem.
3236 5354 3544 5417 Enimvero,

1950 5450 2144 5502 crebro
2169 5457 2223 5503 et
2244 5446 2508 5501 continuo
2533 5447 2940 5500 calun‘iniantur
2969 5460 3053 5507 me
3084 5459 3262 5512 neque
3287 5457 3540 5509 unquam,

1950 5543 2230 5602 desinunt,
2265 5540 2422 5609 537
2452 5540 2738 5608 semperin
2771 5539 2964 5592 eodem
3003 5537 3235 5590 crimine
3266 5536 3545 5598 sistentes

1950 5640 2003 5682 et
2034 5641 2335 5683 versantes.
2403 5629 2536 5681 Nam
2594 5627 2648 5681 in
2702 5627 2938 5696 pristino
2975 5642 3097 5679 meo
3148 5623 3536 5693 patriarchatir

1951 5722 2053 5775 sub
2114 5736 2238 5790 ri-ge
2289 5719 2670 5774 CaltlzltttlZCDO
2696 5759 2711 5784 ,
2745 5727 3038 5787 antequam
3077 5733 3253 5769 annus
3288 5715 3529 5776 ﬁnierat,

1953 5812 2244 5886 Superbam
2321 5813 2560 5882 linguam
2628 5821 2889 5868 acuentes
2940 5820 2994 5866 ct
3049 5811 3203 5882 valde
3267 5809 3542 5881 acerbam,
