4016 6486
327 434 433 494 4’7

1257 440 1701 502 ΒΥΖΛΝΊῚΝᾸΞ
1742 445 2125 506 ΠΙΞΤΟΗΙΕ
2162 450 2306 511 LIB.
2355 451 2648 511 XXXVII.

3478 447 3586 510 478

326 552 531 614 εἰώθει,
572 550 662 603 καὶ
700 552 820 613 τοῦς
851 553 997 605 ubi?»
1038 555 1184 621 αὖτῷ
1214 555 1278 625 ιτ.
1331 558 1439 610 9.66
1485 558 1541 629 ιι]
1576 561 1886 613 συντελοῦν-

2013 561 2161 626 psius
2197 562 2512 631 ignominiae
2540 573 2795 629 tanquam
2833 556 3084 614 velamini
3124 564 3327 621 essent,
3362 565 3417 611 ct
3455 557 3587 627 qui.

327 660 429 705 τας
458 643 797 711 ὁφορισμοὺς
827 643 902 705 ὡς
925 642 1023 711 τῆς
1054 643 1359 712 ἐνεστώσης
1385 646 1646 715 αἰσχύνης
1682 648 1864 717 προκα

326 736 522 803 λυμμα
575 737 668 787 καὶ
732 735 1071 803 πρόσκαιρον
1141 736 1436 807 ἀποφυγὴν
1470 737 1570 805 τῆς
1629 739 1897 807 ἀνάγκης.

344 828 468 881 Ἐπὶ
503 827 568 896 δὴ
594 825 806 889 τούτοις
851 826 1173 895 δεδογμένον
1221 827 1384 890 ἐνίοις
1437 828 1546 881 τῶν
1584 832 1901 882 ἐπισκόπων

330 921 572 990 κατέστη
605 920 724 982 ταῖς
782 920 992 982 ἀδίκοις
1042 919 1254 973 ἐκείνου
1312 921 1601 991 λοιδορίαις
1636 923 1734 974 καὶ
1786 924 1901 986 τοῖς

331 1016 659 1083 ἀφορισμοῖς
690 1012 936 1075 δικαίους
968 1014 1291 1078 ἀντιθεῖναι,
1338 1014 1433 1067 καὶ
1469 1012 1787 1084 καθαιρέσει
1816 1031 1904 1066 τε-

330 1107 451 1174 λεία
477 1104 847 1176 παραπέμψαι
881 1104 972 1158 τὸν
999 1104 1097 1158 das
1109 1121 1241 1174 μνον
1273 1104 1494 1176 ἐκεῖνον
1529 1106 1625 1159 καὶ
1646 1108 1712 1175 τῇ
1738 1107 1903 1159 ἀσελ-

330 1198 460 1269 γείᾳ
488 1200 586 1267 τῆς
614 1174 861 1269 γλώττης
912 1199 1002 1250 ἀεὶ
1047 1174 1593 1267 ἐγκαλλιοπιζόμενον
1625 1174 1826 1267 μᾶλλον
1869 1199 1902 1271 ἢ

328 1287 748 1358 αἰσχυνόμενον.
791 1286 932 1340 Ἀλλ’
966 1288 1045 1340 ὅτι
1079 1288 1153 1357 μὴ
1206 1290 1297 1340 καὶ
1330 1286 1547 1357 βασιλεῖ
1580 1288 1903 1358 δεδογμένον

327 1383 475 1435 τοῦτ’
507 1377 575 1454 ἦν
608 1381 936 1451 ματαιότητι
958 1378 1055 1432 καὶ
1077 1378 1337 1448 ηπιὼδει
1392 1379 1577 1451 μωρίᾳ
1631 1381 1733 1450 τὴν
1777 1381 1903 1451 ίσην

2006 653 2107 706 bus
2135 665 2498 721 opportunum
2532 654 2758 706 haberet
2788 651 2967 721 fugam
3018 648 3390 704 necessitatis.
3442 646 3588 714 Qua-

2005 754 2229 815 propter
2300 745 2583 799 nonnullis
2634 744 2911 814 episc0pis
2966 742 3145 797 visum
3193 750 3297 805 est,
3365 738 3587 811 injustis

2001 836 2122 906 eius
2149 836 2459 905 opprobriis
2472 833 3082 905 etschismatibusjusta
3109 847 3410 903 opponere,
3432 846 3592 886 eum-

2003 929 2356 998 quc,quippe
2416 936 2523 983 tam
2559 928 2869 999 improbum
2928 938 2982 983 et
3018 927 3327 982 temeritate
3385 925 3588 995 lingua:

2002 1020 2271 1074 continuo
2321 1034 2490 1091 supra
2543 1035 2763 1075 omnem
2813 1019 3084 1090 pudorem
3143 1016 3589 1089 superbientem,

2001 1125 2067 1165 ex
2119 1111 2250 1167 sede
2288 1125 2385 1167 sua
2432 1110 2484 1166 vi
2516 1111 2810 1181 depellere.
2855 1111 2956 1166 Sed
3008 1125 3130 1165 cum
3162 1125 3270 1164 non
3304 1111 3442 1179 imp.
3497 1108 3583 1162 vi-

2006 1216 2130 1256 sum
2163 1213 2330 1266 esset,
2384 1203 2538 1257 vanis
2561 1202 2808 1258 consiliis
2841 1211 2895 1258 et
2919 1202 3117 1273 puerili
3174 1201 3464 1257 dementia:
3490 1215 3589 1269 pa-

2000 1312 2113 1349 rem
2171 1298 2476 1351 antidotum
2535 1310 2836 1366 opponere,
2920 1293 3189 1366 judicium
3252 1306 3590 1361 suspensqu

2000 1387 2267 1455 hzcrebat,
2306 1389 2482 1443 donec
2515 1389 2691 1443 vocali
2740 1386 2982 1457 episcopi
3027 1385 3443 1440 convenissent.

328 1477 598 1532 ἀντίδοσιν
631 1475 786 1546 δρᾷνι
817 1475 874 1525 ἐν
905 1473 1167 1544 μετεώρῳ
1224 1471 1293 1525 τά
1321 1473 1419 1544 τῆς
1456 1472 1612 1545 δίκης
1672 1476 2037 1550 ἀποκέκριται
2079 1484 2244 1555 μέχρι
2305 1484 2407 1555 τῆς
2447 1483 2557 1538 τῶν
2621 1482 3043 1556 προκληθέντων
3079 1481 3397 1536 ἐπισκόπων
3441 1476 3595 1547 ἐνδη-

382 1575 486 1634 ίας.

382 1592 486 1634 ιας.

336 1592 496 1736 μς.
531 1666 601 1719 Ὅ
655 1682 718 1734 γε
775 1665 879 1733 μὴν
931 1662 1274 1732 πατριάρχης
1324 1660 1423 1723 τὰς
1473 1659 1582 1715 τῶν
1637 1659 1905 1715 πλείστων

330 1761 648 1829 δυσφήμους
693 1756 1081 1825 αἰσχυνόμενος
1124 1754 1316 1816 ἀκοάς,
1352 1753 1493 1806 οἴκοι
1532 1752 1594 1806 τὸ
1640 1752 1904 1822 παράπαν

2084 1662 2173 1719 VI.
2210 1665 2529 1721 Patriarcha
2561 1665 2750 1735 igitur,
2802 1680 2923 1720 cum
2973 1670 3084 1718 tam
3131 1662 3429 1717 multorum
3462 1676 3589 1716 eum

2012 1760 2439 1828 cpprohriorum
2476 1759 2727 1830 puderet,
2757 1757 2905 1813 domi
2939 1771 2997 1811 se
3029 1755 3305 1811 continuit
3333 1769 3431 1825 per
3458 1754 3590 1807 reli-

327 1853 590 1923 ἁπρόῖτος
625 1849 809 1919 ἔμεινε
842 1848 935 1902 τοῦ
969 1847 1181 1911 λοιποῦ,
1217 1846 1472 1911 ἀπειλαῖς
1510 1848 1904 1918 παραπέμπων

2013 1868 2183 1921 quum
2214 1864 2450 1921 tempus,
2482 1851 2705 1906 omnino
2738 1851 3023 1920 negligens
3071 1848 3425 1911 minationes,
3460 1861 3587 1901 eas-

328 1944 402 1998 ea
438 1944 698 2012 μέλλοντα
734 1940 994 1993 πλείοσιν.
1029 1940 1134 1992 Ἐῶ
1166 1940 1272 2009 γάρ
1306 1939 1483 2006 λέγειν
1514 1940 1612 1992 ὅσα
1642 1944 1706 2011 τῇ
1742 1942 1905 2009 δυση-

329 2035 432 2102 νίῳ
469 2031 660 2085 ἑαυτοῦ
694 2030 910 2100 γλώττῃ
945 2029 1345 2100 παραδεδωκὼς
1377 2032 1474 2101 τὴν
1507 2031 1748 2084 διάνοιαν
1780 2033 1908 2102 ἐξη-

337 2126 567 2196 partem
600 2144 657 2177 τε
695 2126 788 2178 καὶ
819 2124 1193 2195 λελοιδόρηκεν
1227 2123 1464 2193 ἄσεμνα.
1498 2125 1693 2192 Γέγονε
1729 2126 1787 2178 δέ
1821 2144 1908 2190 τις

336 2217 596 2286 διαπορία
628 2217 738 2276 τοῖς
775 2212 879 2286 [τε]
913 2216 1177 2282 ἀκηκοότι
1214 2213 1333 2277 πῶς
1367 2214 1533 2267 τᾶλλα
1568 2214 1674 2266 τῶν
1710 2216 1899 2286 eam.

337 2313 527 2378 μάτων
570 2309 785 2363 ἅπαντα
826 2307 883 2358 ὲν
928 2305 1166 2375 δευτέρῳ
1216 2304 1441 2376 θέμενος
1481 2306 1646 2373 λόγῳ,
1691 2306 1771 2374 τῷ
1809 2309 1907 2376 τῆς

327 2402 689 2471 Μασαλιανῆς
720 2400 979 2470 αἱρέσεως
1007 2397 1502 2467 ἐμπεφιλοχώρηκε
1542 2398 1778 2467 μάλιστα
1812 2402 1909 2450 καὶ

332 2496 466 2566 περὶ
497 2495 754 2546 πλείστου
788 2492 1077 2561 πεποίηκε.
1113 2491 1222 2543 Καὶ
1254 2490 1405 2544 ἄλλοι
1442 2492 1540 2559 μὲν
1569 2489 1703 2543 ἄλλα
1723 2533 1737 2556 ,
1773 2492 1909 2545 πάν.

324 2603 440 2639 των
472 2585 518 2637 δ’
541 2584 620 2646 είς
650 2582 747 2636 ἕνα
784 2581 983 2634 σκοπὸν
1013 2567 1073 2632 τὸ
1113 2581 1287 2650 πέρας
1321 2578 1575 2649 ἤθροιζεν
1609 2580 1643 2649 ἡ
1681 2597 1909 2647 συμφω-

328 2678 423 2730 νία
454 2677 536 2730 ὅτι
569 2674 799 2730 παλαιδν
828 2673 979 2743 αὖτῷ
1009 2672 1222 2742 νόσημα
1255 2670 1313 2725 ὃν
1343 2671 1547 2738 τουτοῖ,
1582 2672 1674 2725 καὶ
1710 2671 1908 2726 πολλάο

328 2786 420 2831 an;
449 2765 613 2823 αὖτοῦ
640 2764 1019 2835 κατηγορηθὲν
1050 2764 1143 2817 καὶ
1170 2761 1320 2834 παρά
1351 2761 1563 2815 πολλῶν
1589 2761 1907 2832 ἀλλοτρίων,

327 2862 432 2913 νῦν
467 2862 708 2925 ἄφυκτον
741 2858 866 2928 ἔσχε
899 2856 999 2928 τὴν
1033 2856 1261 2926 δύναμιν
1296 2857 1329 2926 ή
1370 2873 1692 2926 κατηγορία,
1728 2855 1809 2907 ὅτι
1847 2857 1910 2908 ἐκ

326 2952 444 3005 τῶν
472 2949 620 3004 ἔνδον
650 2950 744 3004 καὶ
776 2950 885 3004 τῶν
912 2947 1129 3003 οἰκείων
1160 2948 1254 3002 καὶ
1287 2944 1385 3016 dua"
1404 2946 1586 3011 ἑστίας
1625 2950 1650 3000 ό
1680 2944 1780 3015 τῆς
1814 2964 1911 2999 κα-

328 3046 461 3113 κίας
498 3040 817 3113 ἐξελήλυθεν
854 3041 1098 3110 ἔλεγχος.
1134 3040 1208 3102 ὡς
1244 3040 1271 3092 ὁ
1307 3040 1415 3095 τῶν
1449 3039 1769 3091 ἐπισκόπων
1810 3056 1908 3107 με-

334 3131 660 3202 μαρτύρηκέ
689 3145 748 3182 τε
777 3128 871 3183 καὶ
899 3126 1329 3187 διεδεδαιώσατο
1355 3125 1512 3195 λόγος
1542 3127 1619 3199 τῷ
1653 3127 1906 3197 βασιλεῖ’

2008 1961 2116 2015 que
2157 1946 2465 2014 repellens;
2495 1943 2652 1997 mitto
2678 1942 2827 1997 enim
2864 1942 3071 2003 dicere,
3104 1938 3480 2009 quomomodo
3537 1939 3587 1993 is

2012 2047 2250 2091 tuentem
2278 2052 2428 2089 suam
2467 2035 2745 2089 indomita:
2772 2033 2972 2102 lingua:
3001 2031 3341 2087 concesserit
3394 2040 3451 2084 et
3483 2030 3590 2084 hoc

2011 2129 2175 2184 modo
2211 2129 2527 2200 turpissima
2554 2126 2888 2183 eructaverit
2912 2134 2966 2179 et
2996 2123 3284 2179 malediCta
3324 2120 3590 2192 prolude-

2011 2223 2101 2276 rit.
2128 2220 2258 2277 Orta
2300 2232 2481 2277 autem
2513 2229 2598 2275 est
2644 2219 2866 2274 consilii
2928 2216 3184 2287 penuria,
3231 2230 3360 2271 cum
3428 2213 3594 2284 5&0

2010 2314 2268 2369 audirent
2300 2314 2403 2375 illi,
2425 2328 2553 2368 eum
2582 2321 2779 2366 cuncta
2809 2309 2914 2363 alia
2960 2307 3195 2363 erimina
3217 2321 3328 2360 non
3356 2315 3443 2360 sat
3476 2320 3591 2358 ma-

2010 2407 2097 2477 gui
2128 2407 2450 2470 aestimasse,
2482 2412 2538 2458 et
2560 2403 2644 2457 vel
2676 2400 2976 2471 plurimum
3006 2397 3330 2452 Masaliana!
3362 2394 3593 2450 lueresis

2012 2496 2229 2552 crimini
2260 2484 2537 2550 tribuisse
2599 2493 2765 2564 idque
2799 2490 3024 2563 plurimi
3067 2489 3353 2544 habuisse.
3399 2487 3593 2555 Itaque

2011 2590 2148 2644 alios
2172 2588 2296 2651 alia,
2360 2602 2553 2641 omnes
2609 2599 2740 2639 vero
2771 2599 2876 2638 una
2932 2583 2988 2637 in
3022 2582 3125 2638 hac
3185 2595 3243 2636 re
3287 2593 3596 2634 consensus

2016 2696 2182 2736 unam
2224 2681 2276 2735 in
2313 2688 2558 2734 mentem
2610 2675 2921 2745 coniunxit,
2965 2672 3219 2729 haeresim
3271 2672 3422 2726 illam
3477 2670 3591 2737 jam

2013 2772 2106 2826 diu
2139 2772 2509 2826 inveteratum
2544 2768 2666 2840 ejus
2687 2768 2943 2823 morbum
2982 2779 3125 2829 esse,
3186 2771 3243 2817 ct
3268 2763 3380 2833 jam
3439 2776 3588 2829 s:epe

2012 2863 2061 2918 ei
2092 2861 2311 2916 crimini
2335 2861 2526 2916 datum
2577 2858 2716 2929 ipsis
2759 2859 2829 2913 ab
2893 2855 3190 2912 extraneis.
3245 2852 3592 2921 Quaproioter

2014 2964 2147 3010 tunc
2214 2952 2586 3006 ﬁrmissimam
2643 2965 2867 3005 causam
2921 2947 3153 3019 praebuit
3228 2943 3589 3003 accusationi.

2013 3056 2136 3096 cu'u
2172 3040 2241 3094 ab
2265 3039 2542 3108 indigenis
2568 3049 2624 3094 et
2650 3037 2970 3093 domesticis
2992 3047 3055 3092 'et
3087 3034 3455 3091 familiaribus
3484 3032 3591 3086 im-

2014 3131 2234 3202 pietatis
2262 3130 2621 3200 Opprobrium
2646 3129 2850 3184 factum
2880 3137 3028 3184 esset
3079 3125 3381 3183 secundum
3438 3122 3595 3177 testi-

329 3228 547 3294 ἔφασαν
576 3226 685 3296 γὰρ
713 3222 785 3277 τά
810 3240 870 3276 τε
900 3222 1037 3277 ἄλλα
1065 3220 1206 3275 κατὰ
1232 3219 1326 3275 τοῦ
1360 3221 1704 3292 πατριάρχου
1736 3223 1784 3274 οἰ
1813 3220 1909 3274 τοῦ

2015 3221 2196 3277 monia
2238 3229 2294 3276 et
2328 3231 2672 3292 argumenta,
2700 3210 2827 3289 quae
2876 3219 2991 3290 regi
3052 3220 3121 3273 ab
3156 3215 3433 3287 episcopis
3461 3213 3589 3268 data

331 3318 712 3389 πατριάρχου,
757 3315 851 3368 καὶ
892 3312 967 3377 ὡς
1010 3315 1038 3366 δ
1082 3314 1144 3367 τδ
1196 3313 1483 3384 μοναδικδν
1530 3314 1911 3384 περικείμενος

333 3412 544 3479 σχῆμα.
592 3404 859 3476 Σκορπίος
901 3403 1278 3471 τούπώνυμον,
1327 3398 1391 3459 οὗ
1436 3402 1604 3468 πολὺς
1652 3404 1913 3467 πολλάκις

332 3498 529 3566 γέγονε
561 3496 717 3564 λόγος
751 3495 814 3567 [ί.
847 3493 953 3548 266
983 3493 1203 3564 bimi;
1232 3509 1292 3544 τε
1325 3490 1510 3554 ἄλλοις
1545 3492 1636 3545 καὶ
1675 3491 1914 3561 μάλιστα

328 3591 451 3644 τοῖς
494 3589 551 3640 ἐν
582 3587 732 3656 ’Ᾱθῳ
777 3584 856 3655 τῷ
900 3585 1019 3656 δρει
1056 3583 1156 3652 τήν
1190 3583 1427 3655 ἄσκησιν
1465 3582 1779 3648 διανύουσι,
1821 3582 1914 3636 καὶ

331 3677 401 3736 οὗ
437 3679 599 3750 χάριν
628 3678 724 3732 δύο
757 3679 850 3730 καὶ
883 3678 1032 3748 τρεῖς
1069 3694 1173 3729 που
1209 3673 1579 3744 τομογραφίαι
1615 3674 1709 3726 καὶ
1744 3672 1912 3726 ὕπαι-

331 3776 460 3841 θροι
491 3769 815 3840 κατηγορίαι
847 3766 978 3837 παρ’
1000 3767 1225 3820 ἐκείνων
1251 3768 1306 3817 ἐν
1336 3764 1913 3819 Κωνσταντινουπόλει

329 3864 417 3933 τῷ
450 3879 508 3914 τε
545 3860 858 3930 πατριάρχῃ
895 3859 986 3911 καὶ
1015 3858 1131 3919 τοῖς
1165 3855 1484 3919 ἐπισκόποις
1520 3854 1911 3925 ἐπέμφθησαν,

336 3953 646 4026 μηνύουσαι
682 3950 929 4024 φρικώδη
959 3967 1018 4004 τε
1054 3950 1150 4005 καὶ
1184 3948 1416 4002 πλεῖστα
1450 3948 1672 4019 μυσαρά
1704 3949 1802 4001 καὶ
1838 3947 1914 4017 μὴ

338 4048 506 4116 μόνον
537 4045 872 4114 Χριστιανῶν
906 4044 1098 4105 ἀκοαῖς
1127 4039 1477 4111 ἀποτρόπαια
1508 4041 1602 4092 καὶ
1630 4038 1750 4093 λίαν
1783 4056 1913 4108 φευ-

334 4134 482 4196 κτὰ,
514 4133 650 4185 ἀλλὰ
681 4131 775 4183 καὶ
803 4131 914 4190 τοῖς
947 4128 1241 4199 βαρῦάρων
1270 4126 1604 4189 ἁθεωτάτοις
1635 4127 1916 4180 κατάπτυ-

335 4242 465 4277 στα.
492 4215 655 4284 Οὗτος
682 4220 797 4287 οὖν,
826 4220 1014 4288 φασὶν,
1041 4217 1193 4273 ὁπότ’
1213 4220 1276 4270 ἐκ
1303 4217 1646 4289 Τριϐαλλῶν,
1671 4218 1767 4270 καὶ
1793 4218 1914 4271 ὅθεν

333 4316 563 4371 ἂλλοθεν
612 4315 712 4377 τὰς
763 4312 993 4383 ἀδήλους
1042 4312 1281 4364 ποιεῖται
1329 4309 1552 4380 χρονίας
1599 4308 1912 4380 διατριϐὰς,

333 4407 633 4478 ἑπιδημοίη
678 4407 742 4475 τῇ
790 4390 1389 4467 Κωνσταντινουπόλει,
1438 4401 1586 4472 μόνῳ
1628 4403 1915 4472 Καλλίστῳ

333 4497 636 4569 ὀμόστεγός
665 4514 722 4550 τε
755 4498 850 4549 καὶ
878 4496 1181 4566 ὁμοδίαιτος
1209 4494 1421 4563 γίνεται
1449 4494 1528 4563 τῷ
1560 4493 1913 4567 πατριάρχῃ,

2012 3323 2190 3371 erant.
2222 3315 2583 3370 Protulerunt
2622 3313 2769 3368 enim
2795 3312 2849 3365 hi
2874 3313 3020 3366 inter
3075 3310 3181 3364 alia
3233 3309 3287 3363 in
3336 3307 3591 3376 ipsorum

2014 3407 2705 3479 patriarcbam,addietinu
2740 3420 2862 3461 esse
2903 3420 3034 3458 eum
3068 3400 3327 3457 solitaria:
3353 3412 3593 3453 consue-

2016 3497 2192 3553 tudini
2255 3499 2597 3568 Scorpionis,
2638 3496 2706 3552 de
2741 3513 2851 3567 quo
2907 3494 3077 3550 multa
3116 3493 3226 3564 jam
3254 3490 3458 3560 saepius
3505 3489 3596 3542 di-

2015 3588 2230 3658 vulgata
2260 3597 2383 3644 sunt
2420 3588 2487 3643 ab
2512 3588 2632 3642 aliis
2652 3597 2707 3642 et
2739 3586 2792 3640 in
2828 3582 3023 3656 primis
3049 3580 3117 3636 ab
3149 3581 3217 3635 iis
3245 3578 3337 3645 qui
3366 3577 3421 3631 in
3446 3575 3594 3631 Atho

2015 3690 2205 3735 monte
2230 3680 2537 3734 solitariam
2591 3678 2760 3732 vitam
2820 3674 3046 3745 degunt,
3097 3679 3152 3725 et
3178 3683 3403 3738 prepter
3426 3681 3593 3737 quieta
3646 3672 3651 3679 '

2018 3774 2130 3828 duo
2159 3772 2247 3827 vel
2279 3781 2390 3826 tres
2427 3771 2554 3827 libri
2604 3777 2660 3826 et
2695 3767 2931 3838 publica:
2980 3762 3361 3822 accusationes
3415 3756 3486 3812 ab
3529 3756 3598 3810 iis

2014 3863 2626 3933 Constantinopolitano
2655 3859 2983 3931 patriarcha:
3016 3864 3071 3909 et
3099 3851 3376 3922 episcopis
3412 3848 3598 3902 missae

2015 3962 2198 4020 erant,
2245 3954 2593 4009 declarantes
2661 3949 2950 4006 herribilia
2985 3955 3042 4001 et
3093 3942 3329 3999 nefanda
3386 3939 3596 3995 scelera

2015 4061 2125 4101 non
2152 4046 2327 4100 solum
2350 4044 2791 4099 Christianorum
2835 4038 3065 4095 auribus
3105 4035 3295 4089 odiosa
3341 4039 3398 4086 et
3436 4029 3597 4083 valde

2016 4134 2526 4199 abominanda,sed
2564 4133 2733 4187 etiam
2776 4128 3028 4185 barbaris
3088 4122 3374 4194 religionis
3413 4120 3599 4175 oumis

2017 4228 2222 4298 ignaris
2257 4226 2456 4280 invisa.
2519 4224 2568 4280 ls
2600 4224 2771 4286 enim,
2819 4220 3100 4290 inquiunt,
3137 4213 3361 4288 quando
3385 4227 3416 4267 e
3467 4210 3596 4264 Tri-

2017 4320 2177 4374 ballis
2202 4318 2287 4373 vel
2308 4302 2528 4373 aliunde
2561 4316 2655 4371 ubi
2694 4313 2939 4369 occultas
2968 4324 3065 4382 pro
3100 4318 3345 4376 tempore
3385 4303 3599 4358 habita-

2018 4409 2251 4464 taliones
2296 4407 2568 4473 habuerit,
2606 4401 3162 4471 Constantinopolim
3202 4413 3258 4451 se
3316 4395 3593 4457 conferat,

2017 4503 2186 4557 solius
2210 4500 2418 4556 Callisti
2450 4498 2776 4570 patriarchae
2802 4491 3213 4551 contubernalis
3259 4497 3315 4544 et
3370 4489 3595 4541 convic-

337 4592 442 4644 καὶ
493 4589 847 4659 μυσταγωγὸς
899 4589 995 4641 καὶ
1050 4586 1262 4656 μύστης
1311 4586 1641 4657 ἀπορρήτων
1686 4585 1908 4656 ὀργίων.

2019 4603 2102 4649 tor
2127 4594 2282 4665 5&1
2321 4604 2422 4654 est.
2458 4601 2514 4646 et
2546 4590 2929 4662 mysteriorum
2960 4587 3219 4656 magister
3259 4590 3314 4637 et
3348 4579 3600 4633 initiator

344 4682 559 4738 'Brtstt‘
586 4681 795 4735 ἐκεῖθεν
831 4680 923 4734 ἰὼν
957 4681 1013 4736 ὲν
1045 4679 1120 4749 τῷ
1157 4680 1321 4751 κήπῳ
1360 4681 1575 4751 ὲνουρεϊ
1608 4680 1917 4750 καθήμενος

338 4778 408 4845 τῇ
440 4774 549 4827 τῶν
576 4774 827 4845 πρασιῶν
858 4772 990 4842 χλόῃ
1023 4770 1120 4824 καὶ
1150 4770 1257 4842 πόᾳ
1276 4810 1291 4835 ,
1324 4769 1532 4839 ὁπόσην
1561 4768 1653 4822 καὶ
1682 4769 1802 4822 οἷαν
1829 4769 1918 4823 διὰ

338 4868 402 4920 τὸ
434 4866 644 4920 οῐκοθεν
674 4862 904 4933 εὔοσμον
933 4865 1055 4924 ταῖς
1089 4861 1313 4933 χύτραις
1349 4860 1712 4929 ἐμϐάλλουσιν
1741 4860 1789 4912 oi
1820 4860 1916 4923 τὰς

339 4959 451 5015 τσῖιν
474 4958 782 5027 ἐδεσμάτων
806 4954 1188 5024 ἐτοιμάζοντες
1211 4955 1277 5024 τῇ
1302 4951 1397 5005 τοῦ
1425 4952 1765 5023 πατριάρχου
1788 4969 1919 5023 τρα-

343 5049 493 5121 πέζῃ
516 5047 812 5111 ποικιλίας.
838 5048 949 5101 Καὶ
970 5044 1150 5117 ἡμῶν,
1176 5045 1332 5112 φασὶ,
1356 5041 1456 5115 τὴν
1478 5045 1662 5097 αἰτίαν
1684 5044 1777 5096 τοῦ
1801 5045 1919 5097 τολ-

349 5142 601 5210 μήματος
636 5137 910 5210 ἐρομένων
940 5139 1032 5191 καὶ
1068 5136 1218 5202 ἅπαξ
1250 5137 1345 5190 καὶ
1380 5138 1461 5199 δὶς
1480 5178 1495 5201 ,
1526 5135 1678 5188 οὐδὲν
1708 5137 1917 5201 ἐκεῖνος

344 5232 447 5301 ἔςη
479 5231 664 5283 καινδν
695 5224 833 5282 εῖναι
862 5227 1012 5282 τουτί
1036 5245 1050 5259 ο
1085 5228 1178 5282 καὶ
1208 5228 1317 5297 γὰρ
1348 5228 1441 5281 καὶ
1472 5229 1637 5292 κύνες
1669 5228 1920 5298 ἐνουροῦ-

347 5339 433 5374 σιν
454 5321 645 5383 αὑταῖς
670 5321 766 5374 καὶ
789 5320 975 5390 γαλαῖ,
1001 5318 1095 5374 καὶ
1122 5320 1326 5391 κόπρια
1355 5320 1736 5391 ἐπιρῤαίνουσι
1763 5320 1918 5383 ζώων

345 5412 554 5483 ἀλόγων
585 5429 644 5463 τε
676 5410 771 5464 καὶ
799 5408 1124 5481 ἀνθρώπων,
1156 5409 1206 5464 εί
1233 5408 1385 5479 τύχοι
1415 5425 1519 5461 που
1544 5425 1558 5439 ·
1591 5409 1686 5461 καὶ
1716 5408 1777 5460 τὸ
1807 5425 1918 5461 κω-

346 5500 472 5554 λῦον
500 5501 675 5554 οὐδέν.
704 5502 813 5554 Kal.
841 5501 1014 5554 ταῦτα
1047 5502 1146 5570 μὲν
1176 5500 1427 5570 ἐρόμενοι
1459 5500 1813 5570 ἠκηκόεισαν,
1844 5500 1919 5563 ὡς

348 5595 540 5646 ἐκεῖνοι
568 5592 732 5662 φασίν
756 5608 770 5623 ’
799 5591 836 5646 ἃ
864 5593 919 5646 δὲ
952 5592 1151 5655 ἰδόντες
1180 5593 1305 5661 σιγῇ
1336 5591 1437 5662 μὲν
1465 5591 1556 5656 ἐπ’,
1576 5590 1784 5644 ἐκείνου
1816 5609 1918 5644 πα-

352 5687 598 5755 ραδόντες
625 5686 827 5755 ἥκιστα
856 5687 1068 5756 ήροντο,
1104 5686 1458 5754 πεπεισμένοι
1492 5684 1611 5736 λίαν
1642 5684 1834 5736 ἀνόσιά
1862 5700 1917 5735 τε

352 5779 439 5829 καὶ
466 5777 670 5848 βέϐηλα
696 5776 839 5831 εἶναι
866 5780 957 5831 καὶ
984 5779 1244 5846 ἄντικρυς
1268 5776 1581 5845 διαὸολικῆς
1611 5776 1745 5845 ἔργα
1772 5777 1916 5828 διδα-

356 5872 609 5935 σκαλίας,
640 5875 748 5934 τοῖς
778 5872 820 5923 δ’
850 5872 1166 5934 ἐπισκόποις
1199 5870 1476 5938 sun/asia
1513 5888 1566 5922 τε
1600 5871 1691 5923 καὶ
1722 5872 1883 5923 ὃι;κω

2019 4699 2347 4738 arcanorum
2383 4682 2690 4753 orgiorum.
2727 4680 2858 4734 Post
2881 4679 2998 4733 haec
3021 4686 3205 4731 autem
3240 4676 3283 4730 it
3314 4677 3379 4731 ad
3416 4677 3597 4729 locum

2019 4776 2193 4830 urina:
2218 4784 2271 4829 et
2322 4774 2475 4829 sedet
2502 4775 2557 4827 in
2586 4771 2774 4828 herbis
2808 4770 3082 4825 viridibus
3130 4780 3186 4825 et
3229 4769 3600 4841 graminibus,

2018 4868 2202 4940 qualia
2231 4866 2377 4921 domi
2421 4875 2643 4935 propter
2676 4864 2880 4917 bonum
2924 4862 3148 4916 odorem
3183 4861 3256 4915 oll
3281 4877 3306 4916 s
3339 4861 3600 4929 injiciunt

2018 4958 2111 5029 qui
2139 4958 2295 5014 cibos
2326 4957 2506 5010 varios
2540 4965 2731 5023 parant
2783 4970 2983 5008 meth
3014 4952 3366 5023 patriarchaa.
3423 4950 3601 5005 Nobis

2018 5062 2224 5116 autem,
2253 5052 2530 5122 inquiunt,
2555 5064 2774 5103 causam
2808 5048 2971 5116 hujus
2999 5048 3149 5101 mine
3172 5047 3249 5101 rei
3275 5046 3602 5118 rogantibus

2019 5143 2184 5198 etiam
2235 5152 2401 5212 atque
2443 5141 2628 5200 etiam,
2667 5138 2827 5198 nihil.
2864 5138 3148 5208 respondit
3194 5139 3303 5199 ille,
3352 5152 3474 5191 esse
3543 5137 3599 5188 in

2019 5235 2127 5289 hoc
2185 5233 2333 5287 miri.
2397 5233 2533 5287 Nam
2590 5241 2645 5285 et
2707 5246 2873 5285 canes
2952 5231 3323 5299 cmumingere
3387 5242 3482 5283 eas
3542 5236 3602 5280 et

2018 5324 2155 5379 feles
2178 5330 2235 5378 et
2261 5333 2476 5377 stercus
2501 5320 2576 5375 ibi
2611 5320 2790 5375 facere
2824 5320 3026 5375 bestias
3056 5330 3111 5374 et
3164 5319 3313 5388 ipsos
3341 5319 3599 5371 homines

2020 5416 2067 5470 si
2120 5415 2419 5467 necessitas
2471 5420 2664 5481 urget;
2716 5426 2891 5480 neque
2932 5409 3231 5478 quidquam
3279 5421 3375 5459 eos
3422 5405 3600 5473 iunpo-
3644 5398 3655 5421 ¹

2021 5506 2161 5561 dire.
2195 5503 2320 5559 Haec
2358 5503 2523 5573 igitur
2565 5518 2831 5570 respousa
2881 5502 3131 5555 tulerunt
3175 5509 3234 5552 ut
3270 5498 3345 5551 illi
3380 5496 3599 5553 dicunt.

2021 5596 2128 5653 Sed
2174 5596 2277 5650 alia
2304 5612 2426 5665 qua:
2471 5594 2983 5648 animadverterunt
3024 5590 3170 5644 taciti
3203 5600 3260 5644 ct
3291 5589 3359 5644 de
3394 5590 3602 5658 quibus

2021 5705 2148 5744 cum
2180 5704 2286 5741 non
2339 5695 2683 5757 rogaverunt,
2743 5700 2865 5738 cum
2906 5682 3010 5738 sibi
3047 5696 3375 5752 persuasum
3422 5682 3595 5736 habe-

2021 5789 2144 5832 rent
2179 5778 2341 5846 impia
2385 5791 2447 5829 ea
2489 5791 2611 5829 esse
2640 5783 2694 5828 et
2720 5770 3039 5827 detestanda
3093 5780 3149 5825 et
3184 5770 3470 5826 diabolicae
3496 5772 3597 5827 do-

2023 5870 2212 5922 ctrina:
2253 5884 2437 5935 opcra,
2470 5881 2701 5936 quaque
2741 5862 3016 5934 episcopis
3047 5863 3349 5919 retulerant
3390 5873 3444 5919 ct
3495 5880 3592 5921 cx-
