4016 6480
376 387 482 453 479

1589 388 2001 450 NICEPHORI
2043 388 2424 449 GllEGOlHi

3116 324 3137 351 ι

3523 388 3631 455 480

372 523 385 570 ι
409 501 821 565 υειιρτιιηῌιτος
847 502 1042 558 melius
1058 512 1141 558 est
1168 499 1390 558 silentio
1420 494 1722 573 przeterire.
1752 503 1946 559 Sciunt

2074 498 2277 553 ὡνισιν
2300 539 2315 560 ,
2354 498 2506 552 ταῦτ’
2537 500 2753 572 ἄρρητα
2792 499 2891 568 μὲν
2929 498 3151 568 ἄμεινον
3184 498 3401 552 κεῖσθαι
3426 517 3439 532 ·
3476 500 3623 554 ἴσασι

367 595 520 646 enim
560 597 650 663 qui
688 596 890 665 scripta
916 596 1005 650 illa
1033 597 1287 666 legerunt
1333 608 1389 651 et
1441 598 1753 653 docuerunt
1804 600 1947 655 {uada

370 704 437 737 ra
473 702 595 740 esse
627 686 1053 742 Masalianorum
1087 690 1358 749 instituta.

451 864 564 921 Vll.
616 864 732 920 1am
774 868 1125 923 meminimus
1172 870 1438 938 scriptum
1480 869 1583 925 sub
1637 871 1950 940 patriarcha

2051 595 2160 663 γάρ
2206 597 2251 646 οί
2297 592 2394 656 τὰς
2437 593 2814 663 τομογραφίας
2863 594 3079 654 ὲκείνας
3121 592 3490 659 ἀνεγνωκότες
3532 594 3629 645 καὶ

2051 684 2468 750 ἀποφηνάμενοι
2502 684 2869 738 Μασαλιανῶν
2901 678 3042 737 εἶναι
3071 680 3142 736 τά
3172 683 3349 737 τοιάδε
3383 683 3494 736 τῶν
3525 700 3635 753 μυ-

2053 777 2235 844 σαρῶν
2266 776 2739 848 ἐπιτηδευμάτων.

2123 867 2197 922 Ζ’.
2242 870 2592 939 Μεμνήμεθα
2632 869 2739 937 γὰρ
2764 868 2840 933 ὡς
2865 868 2962 921 καὶ
2986 868 3077 920 ἐπὶ
3130 866 3379 922 Ἰωάννου
3402 866 3495 920 τοῦ
3523 884 3632 920 πα-

382 956 592 1010 Jnanne
623 958 937 1024 quindecim
974 960 1085 1014 fere
1109 960 1311 1015 ahhinc
1340 962 1498 1015 annis
1520 962 1680 1017 nobis
1715 978 1782 1017 ex
1811 963 1953 1016 Atho

2074 961 2313 1030 τρπάρχου
2349 962 2455 1031 πρδ
2476 962 2614 1014 ἐτῶν
2645 961 2810 1028 ἐγγὺς
2843 958 2906 1033 μ’.
2925 960 3031 1015 267
3049 958 3107 1031 α]
3129 960 3518 1015 πεντεκαίδεκα
3546 961 3638 1011 τό-

383 1054 566 1100 nionle
591 1061 711 1100 esse
744 1047 975 1108 editum.
999 1050 1085 1103 cui
1113 1050 1226 1103 fere.
1256 1050 1503 1105 omnium
1533 1052 1606 1108 ibi
1637 1052 1953 1121 degentium

385 1138 777 1191 monachorum
833 1142 1055 1195 nomina
1098 1142 1408 1213 subscripta
1468 1155 1617 1210 sunt,
1688 1156 1745 1201 et
1811 1148 1956 1201 inter

384 1228 489 1282 aiia
524 1229 575 1281 in
602 1230 792 1298 primis
820 1229 989 1285 ls;iaci
1023 1249 1222 1287 nomen
1286 1237 1380 1304 qui
1443 1252 1510 1290 eo
1538 1237 1655 1307 ipso
1708 1246 1956 1309 tempore

386 1318 673 1385 plurimam
707 1320 780 1374 ibi
811 1325 1193 1379 auctoritatem
1219 1326 1527 1391 obtinebat,
1548 1339 1606 1383 et
1628 1331 1958 1398 patriarchae

385 1410 504 1476 «jus
551 1411 656 1465 loci
700 1422 754 1465 et
785 1412 1029 1483 episcopi
1089 1417 1180 1484 qui
1226 1417 1311 1470 vir
1362 1430 1479 1475 erat
1514 1420 1709 1489 plenus
1751 1422 1957 1489 Spiritu

387 1501 598 1553 divino.
624 1502 778 1567 Quod
816 1502 977 1575 542
1008 1508 1273 1575 scriptum
1297 1520 1496 1563 sanch
1526 1523 1726 1568 nostra:
1750 1516 1960 1585 synodo

392 1588 1000 1647 indicavitnominatim
1035 1612 1228 1651 omnes
1281 1608 1336 1652 et
1379 1601 1626 1670 singulos
1689 1619 1959 1676 quosque,

391 1679 484 1746 qui
515 1680 663 1733 vultu
700 1683 919 1750 pietatis
965 1684 1142 1739 induti
1178 1688 1408 1742 multum
1465 1707 1560 1759 per
1594 1703 1809 1763 tempus
1839 1698 1964 1766 qui-

390 1771 516 1823 dem
542 1773 804 1843 incogniti
844 1790 997 1829 sacra
1045 1780 1247 1835 montis
1292 1780 1438 1836 illius
1476 1783 1596 1839 loca
1650 1784 1964 1857 frequenta-

2056 1069 2155 1122 μος
2189 1054 2321 1121 ἡμῖν
2348 1052 2405 1119 ἐξ
2429 1052 2592 1124 ὅρους
2612 1050 2706 1105 τοῦ
2735 1054 2885 1106 ’Δθω
2906 1053 3251 1122 κεκόμισται,
3273 1052 3394 1113 ταῖς
3417 1049 3637 1105 πάντων

2058 1144 2244 1213 σχεδὸν
2269 1143 2376 1196 τῶν
2403 1144 2519 1197 ὶκεῖ
2547 1144 2790 1212 λογάδων
2816 1145 3232 1214 σεσημασμένος
3264 1145 3634 1212 ὑπογραφαῖς,

2057 1234 2153 1287 καὶ
2184 1234 2290 1303 πρό
2320 1251 2382 1301 γε
2413 1236 2633 1289 πάντων
2661 1236 2757 1288 καὶ
2788 1235 2929 1306 μετά
2961 1236 3180 1289 πάντων
3210 1236 3304 1288 τοῦ
3334 1234 3636 1305 τηνικαῦτα.

2056 1324 2115 1375 τὸ
2150 1328 2421 1394 πρωτεῖον
2453 1325 2671 1395 ἔχοντος
2707 1327 2895 1380 Ἰσαὰκ
2917 1365 2932 1389 ,
2967 1330 3063 1382 καὶ
3094 1326 3210 1397 ἅμα
3239 1327 3332 1379 τοῦ
3370 1328 3636 1396 ἀρχιερα-

2057 1418 2313 1481 τεύοντος
2339 1417 2431 1470 καὶ
2457 1417 2885 1483 ὲπισκοποῦντος
2911 1420 3028 1471 ἐκεῖ
3056 1419 3197 1488 μετὰ
3223 1422 3320 1489 τῆς
3345 1418 3438 1471 τοῦ
3469 1418 3641 1471 Πνεῦ-

2062 1526 2226 1576 ματος
2275 1509 2501 1579 χάριτος
2551 1509 2700 1562 Θείου
2749 1509 2963 1580 ἁνὸρὺς,
3011 1510 3188 1581 δηλῶν
3232 1513 3297 1582 τῇ
3345 1512 3641 1582 καθ’ήμᾶς

2059 1597 2182 1666 ἱερᾷ
2212 1596 2415 1667 συνόδῳ
2447 1596 2654 1660 πάντας
2683 1597 2927 1658 ικείνονς
2956 1597 3217 1667 ὀνομαστὶ
3245 1599 3337 1651 καὶ
3368 1599 3488 1651 καθ’
3510 1599 3645 1652 ικα-

2062 1704 2215 1751 στον,
2243 1688 2359 1740 ὅσοι
2392 1689 2734 1756 προσωπεῖον
2762 1688 3055 1752 εὐλαϐείας
3086 1689 3445 1761 ὑποδυόμενοι
3475 1692 3641 1763 λελή-

2062 1778 2187 1830 θασι
2220 1778 2321 1848 μὲν
2348 1779 2411 1830 ὲκ
2439 1777 2635 1831 πολλοῦ
2664 1779 3005 1848 παραδύντες
3028 1780 3109 1843 εἰς
3134 1780 3259 1842 τοὺς
3288 1781 3466 1851 ἱεροὺς
3495 1781 3641 1835 ὲκεί-

391 1869 587 1914 verant
610 1869 668 1915 et
699 1864 1045 1921 indoctorum
1079 1871 1281 1927 multos
1305 1874 1371 1928 ad
1399 1876 1639 1945 ipsorum
1675 1880 1960 1936 scelestam

2074 1886 2190 1931 νονς
2223 1868 2319 1922 τοῦ
2355 1868 2516 1937 ὅρους
2551 1869 2748 1932 τόπους
2770 1912 2784 1936 ,
2824 1870 2919 1923 καὶ
2954 1873 3070 1924 ὅσοι
3108 1870 3217 1924 τῶν
3251 1866 3643 1941 ἁπλουστέρων

392 1948 641 2004 lueresim
676 1955 1034 2022 scduxerant,
1063 1961 1159 2013 sed
1217 1978 1340 2016 cum
1400 1966 1731 2036 deprehensi
1781 1983 1968 2028 essent

391 2055 584 2095 omnes
616 2059 784 2097 unum
811 2046 865 2099 in
897 2047 1080 2103 locum
1139 2053 1400 2110 conducti
1430 2068 1581 2122 sunt,
1626 2071 1681 2117 et
1744 2064 1837 2133 qui
1901 2081 1969 2120 ex

393 2131 482 2185 his
522 2135 740 2200 publice
777 2137 1021 2206 ipsorum
1055 2145 1365 2201 sceleribus
1434 2150 1730 2208 declaratis
1764 2131 1827 2208 ea
1869 2156 1966 2209 ah-

388 2221 667 2291 jurarent,
735 2227 819 2282 his
875 2245 1100 2288 manere
1151 2237 1318 2293 etiam
1369 2248 1481 2294 tum
1519 2244 1571 2296 in
1632 2255 1818 2300 monte
1876 2247 1969 2301 illo

394 2313 840 2383 concedebatur;
872 2321 964 2389 qui
997 2338 1126 2378 vero
1158 2341 1263 2380 non
1296 2328 1636 2399 abjurarent,
1692 2334 1746 2388 hi
1776 2351 1970 2391 omnes

392 2402 607 2471 expulsi
637 2416 768 2462 sunt
798 2410 955 2465 inviti
988 2418 1046 2466 e't
1091 2430 1218 2471 cum
1249 2420 1400 2474 omni
1460 2422 1781 2491 ignominia,
1809 2442 1971 2483 exce-

399 2492 508 2561 ptis
543 2494 632 2560 iis,
664 2499 758 2567 qui
813 2512 1042 2571 propter
1108 2510 1455 2564 consciorum
1511 2512 1797 2570 silentium
1859 2533 1969 2572 non

396 2589 602 2657 cogniti
627 2603 808 2647 erant.
836 2594 1124 2669 Simulque
1159 2613 1347 2671 postea
1377 2621 1407 2660 e
1437 2622 1595 2662 sacro
1633 2619 1820 2666 monte
1855 2627 1973 2667 mo-

400 2678 705 2735 nachorum
730 2698 1011 2751 praecones
1042 2698 1150 2745 tota
1188 2693 1328 2749 urbe
1366 2705 1423 2750 et
1463 2698 1641 2755 insula
1683 2700 1973 2759 discurre-

398 2776 552 2833 runt,
579 2770 783 2840 scripta
845 2775 1196 2848 divulgantes
1254 2798 1378 2853 quae
1416 2788 1705 2845 scelestam
1748 2792 1970 2848 illorum

398 2856 652 2916 haeresim
689 2866 1009 2924 revelabant
1052 2879 1110 2926 et
1154 2889 1316 2929 usum
1359 2885 1415 2932 et
1463 2880 1788 2938 societatem
1847 2885 1973 2940 illo-

366 2950 521 3004 'rum
569 2965 627 3009 et
676 2969 802 3025 qua
833 2970 1058 3029 agerent
1104 2967 1451 3036 mysteriosa,
1486 2986 1613 3027 cum
1666 2977 1874 3032 nefaria
1915 2987 1973 3035 et

404 3042 631 3135 barbara
644 3055 702 3101 et
729 3049 891 3118 plena
916 3051 1215 3124 impietatis
1242 3070 1455 3124 essent,
1485 3063 1655 3119 vitare
1678 3066 1968 3135 jubebant.

402 3130 529 3226 llaec
551 3134 716 3204 igitur
746 3143 931 3197 omnia
959 3145 1341 3208 demonstrant
1380 3130 1811 3226 Callistum'jam
1843 3170 1971 3217 ante

402 3223 592 3291 plures
628 3243 805 3286 annos
862 3233 918 3288 in
977 3235 1399 3297 Masaliauorum
1454 3244 1649 3303 haeresi
1698 3223 1973 3307 versatum

398 3327 564 3382 esse;
615 3320 790 3375 multo
840 3324 1013 3382 satius
1069 3337 1254 3385 autem
1310 3333 1363 3388 id
1418 3336 1795 3395 demonstrant
1855 3359 1976 3411 qum

406 3407 524 3472 ipse
551 3409 669 3465 suis
697 3411 870 3469 labris
892 3415 961 3472 de
990 3432 1050 3473 se
1085 3420 1330 3488 proferre
1378 3426 1676 3495 perductus
1720 3407 1976 3497 erat,-ita

408 3505 467 3590 ut
495 3501 797 3590 secundum
823 3508 1179 3574 proverbium
1216 3511 1555 3573 inevitabilis
1585 3519 1741 3590 plaga
1773 3531 1829 3577 et
1876 3523 1975 3580 de-

405 3587 589 3681 cipula
618 3589 774 3647 tirma
807 3594 948 3651 facta
980 3600 1092 3654 siut
1134 3601 1281 3658 illius
1335 3606 1508 3664 labra.
1559 3587 1802 3681 Apparet
1831 3615 1976 3669 enim

409 3677 568 3734 dolos
589 3695 715 3738 esse
744 3686 927 3741 omnia
981 3705 1105 3759 qua:
1143 3693 1382 3751 diversis
1435 3677 1781 3770 temporibus
1809 3706 1879 3761 ab
1910 3721 1980 3763 eo

407 3771 531 3840 aliis
560 3773 684 3829 data
713 3789 844 3834 sunt
873 3780 1123 3848 crimina,
1151 3784 1309 3858 543
1334 3800 1387 3843 et
1414 3804 1641 3861 apparet
1692 3811 1819 3851 eum
1852 3814 1978 3854 cum

404 3878 737 3931 pyriivocaret
764 3878 820 3924 et
849 3870 1169 3931 institueret
1204 3879 1481 3936 theatrum
1520 3885 1575 3938 in
1613 3886 1761 3942 Atho
1792 3901 1982 3947 monte

399 3975 423 4020 λ
446 3971 472 4008 x
500 3960 842 4027 oppositione
869 3966 1309 4040 potissimumlin
1368 3974 1696 4035 Masalianos
1749 3983 1843 4052 qui
1865 3983 1979 4054 jam

400 4063 474 4106 ,εκ
503 4050 675 4105 multo
698 4060 944 4125 tempore
976 4072 1036 4114 se
1086 4059 1520 4135 insinuaverant,
1576 4050 1818 4141 dixisse;
1854 4050 1981 4131 eum

399 4144 787 4206 pecusationes
873 4163 971 4219 per
1028 4154 1266 4222 speciem
1341 4158 1645 4219 instrueret
1713 4165 1784 4221 iis
1859 4169 2026 4239 qui—~

404 4232 642 4297 ,huscum
682 4237 800 4308 ipse
820 4240 1013 4298 illicita
1043 4245 1096 4300 in
1123 4251 1343 4304 occulto
1372 4266 1615 4309 exercet.
1674 4232 1983 4315 Nonnullos

401 4323 554 4382 puim
586 4326 805 4384 dixitse
842 4331 961 4401 ipso
984 4333 1039 4389 in
1067 4336 1315 4393 facinore
1347 4342 1804 4413 deprehendisse.
1857 4366 1982 4407 cum

408 4417 667 4479 inanibus
690 4424 807 4476 suis
848 4424 905 4478 in
940 4435 1155 4483 stercus
1184 4431 1516 4501 dejecissent
1572 4451 1731 4494 sacra
1760 4441 1985 4497 simula-

2068 1962 2185 2013 ἐκεῖ
2218 1961 2447 2024 πολλοὺς
2482 1962 2563 2025 είς
2597 1962 2696 2033 τὴν
2730 1963 2940 2017 οίκείαν
2976 1964 3182 2028 ταύτην
3220 1966 3646 2035 παρασύραντες

2070 2054 2323 2123 μυσαρὰν
2377 2054 2629 2124 αἵρεσιν.
2689 2056 2951 2125 ἐμφανεῖς
3001 2055 3050 2108 δ’
3084 2056 3430 2123 ἐγεγόνεισαν
3490 2074 3641 2127 τηνι-

2068 2144 2281 2198 καῦτα·
2327 2148 2421 2199 καὶ
2473 2148 2692 2200 πάντων
2740 2148 2817 2211 είς
2866 2147 2962 2200 ἕνα
3010 2165 3110 2201 που
3151 2149 3311 2202 τόπον
3357 2152 3472 2201 ἐκεῖ
3518 2168 3644 2201 συν-

2067 2235 2381 2305 αχθέντων,
2428 2238 2525 2292 καὶ
2566 2237 2803 2309 δημοσίᾳ
2844 2238 2942 2308 τῆς
2986 2240 3183 2302 κακίας
3227 2240 3640 2310 ἔληλεγμένης,

2068 2329 2182 2381 ὅσοι
2219 2328 2316 2397 μὲν
2347 2328 2768 2398 ὡμολογηκότες
2796 2329 2894 2395 τὴν
2927 2330 3139 2383 ἑαυτῶν
3170 2330 3514 2400 ἐξωμόσαντο
3547 2350 3650 2384 κα-

2070 2422 2230 2486 κίαν,
2288 2424 2633 2492 παρέμειναν
2683 2421 2762 2476 ἔτι
2820 2422 3271 2492 συγχωρηθέντες
3321 2423 3465 2484 ὅπως
3520 2424 3648 2475 ποτ’

2070 2518 2265 2588 ἐκείνῳ
2292 2515 2371 2587 τῷ
2403 2517 2541 2590 ὄρει.
2575 2518 2691 2571 ὅσοι
2722 2515 2768 2570 δ’
2789 2515 2874 2579 οὓ,
2907 2516 3108 2579 πάντες
3140 2516 3458 2587 ἐξώσθησαν
3488 2518 3649 2571 ἄκον-

2067 2605 2160 2665 τές
2186 2621 2242 2658 τε
2276 2606 2371 2659 καὶ
2402 2607 2499 2658 σὺν
2528 2606 2776 2676 ἀκοσμίᾳ
2806 2605 2987 2676 πάσῃ,
3020 2604 3161 2676 πλὴν
3188 2606 3221 2676 ἢ
3253 2605 3365 2657 δσοι
3398 2604 3651 2674 ἐλελήθε-

2072 2712 2173 2750 σαν
2213 2700 2394 2768 σιωπῇ
2440 2697 2812 2767 καλυφθέντες
2857 2698 2963 2751 ὑπὸ
3001 2697 3112 2752 τῶν
3155 2698 3493 2752 συνειδότων.
3539 2699 3649 2751 Καὶ

2072 2790 2191 2858 ἅμα
2230 2791 2461 2844 κατόπιν
2495 2792 2561 2844 ἐκ
2596 2791 2706 2845 τῶν
2739 2790 2832 2844 τοῦ
2876 2792 3033 2858 άγίου
3070 2790 3232 2860 ὅρους
3268 2790 3476 2862 ἀνδρῶν
3513 2792 3653 2845 tusi.

2071 2894 2179 2930 νων
2212 2876 2315 2931 άνά
2350 2878 2534 2931 πᾶσαν
2566 2877 2722 2933 πόλιν
2753 2881 2846 2931 καὶ
2880 2877 3046 2949 νῆσον
3077 2878 3377 2950 περιῄεσαν
3408 2881 3652 2950 κήρυκες

2072 2967 2379 3040 γράμματα
2404 2969 2737 3039 ἐπαγόμενοι
2757 2969 2858 3038 τήν
2884 2986 2942 3021 τε
2973 2969 3223 3039 μυσαράν
3245 2967 3426 3022 αὐτῶν
3444 2969 3652 3023 άνακα-

2073 3060 2346 3115 λύπτοντα
2397 3061 2608 3131 αἵρεσιν
2654 3061 2749 3115 καὶ
2795 3060 2898 3130 τῆς
2944 3059 3125 3113 αὐτῶν
3174 3060 3510 3128 ἀφίστασθαι
3561 3079 3656 3115 κε-

2073 3151 2301 3205 λεύοντα
2351 3152 2573 3223 ὁμιλίας
2620 3153 2717 3205 καὶ
2781 3151 3092 3215 κοινωνίας,
3144 3150 3213 3205 δι’
3259 3153 3359 3205 ὅσα
3406 3151 3655 3205 τελοῦσιν

2078 3244 2295 3315 ἄθεσμα
2317 3262 2377 3299 τε
2405 3246 2500 3299 καὶ
2528 3245 2742 3313 ἔκφυλα
2771 3244 2867 3299 καὶ
2893 3244 3073 3312 πάσης
3099 3244 3447 3313 ἀνοσιότητος
3472 3245 3655 3313 πλήρη

2076 3334 2597 3404 τερατουργήματα.
2627 3331 2954 3387 Πιστοῦνται
2989 3331 3088 3402 μὶν
3107 3331 3200 3386 οῦν
3225 3331 3375 3401 αὐτῷ
3404 3333 3471 3385 τά
3500 3335 3656 3403 είρη-

2081 3425 2218 3494 μένα
2246 3426 2313 3496 τῇ
2376 3424 2485 3478 τῶν
2535 3422 2911 3478 Μασαλιανῶν
2969 3423 3183 3493 αἱρέσει
3242 3425 3657 3495 συνειλημμένῳ

2081 3517 2190 3588 πρὸ
2220 3516 2493 3570 πλείστων
2537 3515 2676 3569 ὲτῶν
2701 3531 2717 3548 ο
2768 3513 3087 3568 πιστοῦνται
3136 3514 3183 3567 δ’
3211 3512 3293 3567 ἔτι
3331 3515 3534 3583 μᾶλλον
3563 3517 3659 3569 καλ⁵

2080 3609 2226 3678 ἅπερ
2256 3605 2399 3677 ὑπὲρ
2440 3603 2640 3659 ἑαυτοῦ
2696 3606 2809 3668 τοῖς
2861 3605 3015 3668 ίδίοις
3057 3603 3355 3673 προφέρειν
3403 3604 3657 3673 ἐξάγεται

2081 3698 2318 3767 χείλεσιν
2374 3691 2551 3762 οὗτος,
2604 3696 2679 3760 ὡς
2718 3691 2863 3750 εἶναι
2898 3695 3085 3749 λοιπὸν
3123 3695 3535 3765 άναπόδραστον
3574 3696 3658 3749 δί-

2083 3805 2248 3841 κτυον
2289 3788 2383 3841 καὶ
2418 3787 2622 3857 παγίδα
2665 3786 2902 3858 στερρὰν
2932 3786 3078 3840 κατὰ
3124 3787 3223 3857 τὴν
3254 3786 3560 3856 παροιμίαν
3586 3790 3657 3841 τὰ

2086 3877 2192 3929 ῐδια
2229 3876 2402 3947 χείλη.
2457 3874 2820 3946 ’ἰσχυρίζεται
2856 3876 2964 3944 γάρ
3018 3871 3160 3928 εἶναι
3213 3875 3390 3945 πάντη
3426 3874 3593 3945 ψευδῆ
3622 3878 3659 3930 ἃ

2083 3966 2226 4021 κατὰ
2248 3967 2543 4036 διαφόρους
2568 3967 2818 4035 φαίνεται
2840 3964 2905 4037 [1⁵.
2933 3964 3041 4020 267
3073 3963 3152 4038 ό.]
3184 3966 3658 4036 κατηγορούμενος

2083 4060 2208 4121 τοὺς
2240 4061 2467 4131 καιροὺς
2519 4062 2589 4113 τά
2643 4058 2806 4121 αὐτὰ,
2862 4060 2958 4111 καὶ
2996 4058 3323 4111 διατεινεται
3357 4056 3558 4127 μᾶλλον
3597 4058 3656 4126 ἐξ

2086 4152 2418 4216 ἀντιθέσεως
2449 4152 2627 4218 λέγων
2659 4152 2733 4215 ὡς
2783 4151 2946 4214 αὐτὸς
2976 4145 3045 4221 ἦν
3086 4152 3115 4202 ό
3157 4150 3523 4220 δημοσιεύσας
3563 4154 3659 4204 καὶ

2085 4247 2316 4317 θέατρον
2346 4241 2680 4315 ἐξενηνοχὼς
2722 4242 2865 4295 κατὰ
2892 4240 3004 4321 τῶν
3049 4246 3108 4295 ιν
3152 4241 3228 4312 τῷ
3261 4244 3413 4313 ’Δθῳ
3440 4244 3516 4313 τῷ
3542 4245 3660 4313 δρει

2085 4337 2610 4409 παρεισφθαρέντων
2657 4337 2722 4389 ὲκ
2760 4333 2959 4388 πολλοῦ
2994 4334 3385 4399 Μασαλιανῶν,
3423 4335 3586 4399 αὐτὸς
3632 4339 3661 4389 ό

2088 4423 2373 4495 ἐξελέγξας
2408 4425 2531 4479 κατ’
2583 4420 2726 4488 εἶδος
2779 4424 2880 4477 ὅσα
2922 4423 3157 4489 ἐκείνοις
3206 4423 3444 4493 ἀθέμιτα
3481 4424 3656 4496 λάθρα

404 4524 503 4565 ιιι-ει
553 4509 725 4578 ipsius
750 4513 1049 4571 Salvatoris
1081 4528 1138 4573 et
1188 4532 1503 4579 sanctorum
1532 4527 1685 4597 ejus;
1742 4532 1974 4586 nonnul-

2085 4515 2361 4571 τελεῖται·
2392 4518 2570 4579 ἐνίους
2604 4517 2707 4587 μὲν
2755 4518 2864 4586 γάρ
2910 4515 3113 4570 ἁλῶναι
3166 4517 3318 4587 αὐτῷ
3370 4535 3537 4589 φησιν
3574 4520 3661 4572 ἐπ’

412 4598 496 4665 las
523 4615 713 4657 rursus
776 4619 920 4675 saape
975 4624 1100 4662 cum
1161 4611 1266 4666 alia
1319 4617 1730 4674 commisissent
1780 4623 1980 4691 partim

411 4692 634 4760 similia,
660 4697 859 4764 partim
896 4701 1066 4771 magis
1093 4704 1300 4759 nefaria
1353 4717 1410 4762 et
1432 4709 1775 4778 detestanda,
1808 4712 1884 4768 ita
1920 4724 1980 4769 ut

405 4784 596 4856 dicere
627 4798 682 4854 et
702 4789 1015 4849 describere
1046 4811 1153 4850 non
1189 4800 1467 4867 possimus
1526 4811 1756 4873 propter
1784 4805 1985 4861 absur.

404 4886 640 4939 nitatem
703 4884 1021 4943 immanem.
1076 4888 1170 4943 His
1219 4901 1403 4945 autem
1447 4892 1613 4950 dictis
1664 4906 1727 4953 ut
1775 4911 1983 4953 certam

406 4973 497 5041 sui
531 4975 890 5032 conﬁduciam
912 4978 1216 5050 aﬂlngcrct,
1239 4982 1441 5052 adjecit
1464 5004 1477 5039 :
1500 4984 1853 5057 Nequaquam
1885 5006 1987 5061 ego

409 5074 562 5135 tanta
590 5070 796 5126 nefaria
822 5072 1207 5142 publicassem,
1232 5076 1278 5132 si
1314 5079 1573 5134 conscius
1599 5081 1734 5135 mihi
1784 5098 1984 5150 essem,

412 5161 593 5214 lusum
616 5163 929 5234 lmjusmodi
962 5167 1269 5223 facinorum
1317 5168 1741 5225 Masalianorum
1775 5184 1985 5243 partem

415 5252 636 5323 habere,
661 5266 715 5311 et
742 5256 935 5314 eadem
957 5259 1027 5315 de
1062 5275 1149 5316 me
1184 5262 1419 5317 crimina
1448 5278 1537 5317 me
1603 5264 1855 5335 proﬁteri
1888 5267 1988 5320 de-

415 5343 481 5413 be
493 5362 568 5402 re.

492 5615 753 5672 VlliScd
801 5618 917 5674 hmc
962 5635 1087 5674 cum
1138 5636 1239 5689 pro
1287 5635 1345 5675 se
1388 5631 1683 5684 assereret,
1754 5637 1851 5691 per
1907 5636 1982 5674 se-

420 5710 713 5774 Ittt‘llpsum
748 5711 1037 5767 convictus
1065 5722 1168 5780 Cal,
1226 5715 1291 5769 ad
1347 5714 1633 5768 audaciam
1681 5717 1733 5767 in
1791 5715 1985 5767 fraude

425 5806 481 5865 et
516 5799 819 5870 mendaciis
847 5803 1110 5866 tendisse,
1148 5821 1273 5860 cum
1305 5803 1585 5866 colligeret
1613 5820 1733 5865 uua:
1778 5819 1886 5856 non
1914 5804 1991 5856 lc-

2083 4608 2389 4678 αὐτοφώρῳ
2420 4610 2544 4672 ταῖς
2579 4608 2738 4672 ίδίαις
2770 4609 2925 4678 χερσὶ
2961 4608 3289 4679 ῥιπτοῦντας
3321 4610 3380 4664 ὲν
3413 4612 3660 4682 κοπρῶνι

2083 4696 2181 4758 τάς
2211 4696 2362 4759 θείας
2392 4696 2487 4750 τοῦ
2536 4697 2791 4768 Σωτῆρος
2824 4699 3041 4762 εἰκόνας
3094 4697 3262 4750 αὑτοῦ
3310 4715 3369 4750 τε
3407 4699 3501 4752 καὶ
3550 4701 3659 4753 τῶν

2084 4788 2258 4855 άγίων
2306 4785 2499 4854 αὑτοῦ,
2547 4790 2723 4852 ἐνίους
2753 4788 2797 4842 δ’
2841 4784 2999 4851 αὖθις
3057 4789 3152 4842 καὶ
3189 4787 3451 4853 πολλάκις
3498 4789 3658 4859 ἕτερα

2086 4879 2379 4943 τελοῦντας
2435 4879 2555 4943 πῶς
2598 4879 2699 4950 μὲν
2739 4881 3124 4952 παραπλήσια,
3158 4879 3275 4943 πῶς
3307 4879 3365 4932 δὲ
3397 4881 3662 4951 μυσαρώ-

2085 4971 2223 5039 τερα
2273 4986 2332 5021 τε
2391 4969 2486 5021 καὶ
2542 4968 2979 5040 φρικωδέστερα,
3018 4967 3095 5031 ὡς
3150 4966 3288 5037 μηδὲ
3340 4966 3523 5035 λέγειν
3567 4971 3660 5022 καὶ

2088 5061 2328 5131 γράφειν
2362 5058 2576 5113 ἐνταῦθ’
2610 5060 2757 5128 ἡμᾶς
2800 5058 3062 5112 δύνασθαι
3083 5058 3185 5111 ’διὰ
3213 5059 3274 5111 τὸ
3309 5057 3409 5127 τῆς
3434 5057 3659 5123 ἀτοπίας

2026 5156 2038 5171 ’
2090 5153 2451 5223 ὑπερϐάλλον.
2486 5153 2595 5205 Καὶ
2616 5150 2788 5205 ταῦτα
2815 5149 2990 5217 λέγων
3021 5147 3229 5219 ἐπῆγεν
3260 5148 3423 5202 οίονεί
3452 5166 3506 5201 τι
3538 5164 3662 5202 συν-

2091 5248 2307 5314 αγωγὸν
2365 5244 2757 5314 ὑπενθῦμημα,
2792 5242 2865 5305 ὡς
2914 5240 3028 5295 Οὐκ
3061 5240 3126 5294 ἂν
3156 5238 3509 5309 έδημοσίευόν
3542 5240 3659 5292 ποτ’

2090 5339 2203 5408 ἐγὼ
2253 5340 2349 5407 τὴν
2398 5340 2667 5407 τοσαύτην
2719 5336 2940 5400 κακίαν,
2981 5334 3028 5385 εί
3086 5331 3311 5401 ἐμαυτῷ
3365 5332 3661 5384 συνειδέναι

2092 5429 2222 5499 ἐνῆν
2251 5444 2344 5497 μοι
2377 5429 2489 5491 τοῖς
2522 5425 2788 5495 τοιούτοις
2819 5424 2928 5478 τῶν
2973 5420 3341 5477 Μασαλιανῶν
3371 5420 3662 5490 συνειλημ.

2095 5522 2242 5592 μένει)
2271 5539 2330 5573 τε
2365 5524 2459 5574 καὶ
2483 5520 2721 5589 ὁμόλογα
2750 5516 3111 5588 φθεγγομένῳ
3143 5513 3476 5584 ἐγκλήμασι.

2168 5617 2251 5669 ll'.
2294 5613 2481 5666 Ταῦτα
2511 5613 2557 5665 δ’
2584 5610 2748 5673 αὐτὸς
2797 5609 2940 5679 ὑπὲρ
2987 5604 3183 5659 ἑαυτοῦ
3220 5602 3657 5674 προτεινόμενος,

2094 5705 2186 5757 ἐπ”.
2208 5704 2277 5756 τά
2302 5701 2590 5774 ὲρῤωμὲνα
2633 5698 2835 5768 μᾶλλον
2867 5696 2959 5749 τοῦ
2995 5694 3225 5764 ψεύδους
3262 5691 3499 5762 βαδίζειν
3522 5690 3658 5743 ἑκὼν

2097 5797 2349 5867 ἐξηλέγχε
2368 5811 2440 5861 το,
2470 5791 2925 5862 συλλογιζόμενος
2951 5787 2986 5843 θ.
3015 5788 3090 5859 μὴ
3125 5787 3411 5862 πέπραχεν
3439 5782 3557 5837 ἀνθ’
3587 5776 3658 5839 ὦν
