4016 6478
341 383 441 441 431

1240 380 1710 444 ’ΒΥΖΑΝΤΙΝᾹΞ
1751 375 2137 440 IllSTORLE
2176 381 2318 442 LIB.
2363 383 2659 445 XXXVII.

3498 324 3608 444 tce

342 495 672 567 ἐπεπράχει,
725 497 820 552 καὶ
870 497 1119 571 ἐλελήθει
1171 499 1298 553 καθ’
1346 499 1543 552 ἐαυτοῦ
1590 498 1914 569 συῤῥάπτωε.

2031 509 2184 554 ccrat
2216 514 2316 569 pro
2358 499 2424 554 iis
2470 515 2592 570 quae
2644 499 2893 566 fecerat;
2927 506 2983 554 et
3034 511 3158 554 cum
3212 510 3505 555 (onsueret
3552 509 3610 554 ct

345 588 441 639 καὶ
476 588 834 653 συσκευάζων
872 586 954 653 οἷς
984 590 1147 653 αὐτὸς
1177 590 1378 643 αὐτίκα
1419 587 1922 659 περιστοιχίζεσθαι

343 679 579 750 ήμελλεν
628 679 896 749 ἀφύκτοις
951 684 1050 736 καὶ
1112 683 1352 755 ίσχυροῖς
1401 681 1662 743 δικτύοις.
1718 682 1781 735 οι
1814 680 1923 749 γὰρ

343 768 784 842 κατηγοροῦντες
823 771 992 826 αὐτοῦ
1031 775 1140 828 τῶν
1184 772 1234 827 τ’
1265 774 1585 828 ἐπισκόπων
1625 772 1720 825 καὶ
1751 789 1924 843 πρεσ-

342 858 588 933 ϐυτέρων
618 859 695 914 -τά
727 860 779 913 τ’
824 861 958 916 ἄλλα
1008 862 1321 934 προῦφερον
1376 864 1456 926 εἰς
1503 863 1780 928 ἀπόδειξιν
1827 861 1923 915 τοῦ

341 951 637 1024 ψεύδεσθαι
666 952 951 1025 προδήλως
984 954 1293 1022 αὖτὸν,’καὶ
1322 956 1422 1024 οὐχ
1463 956 1663 1026 ἥκιστα
1687 954 1786 1026 τὴν
1820 970 1926 1024 μα-

346 1044 485 1116 κράν
519 1061 577 1098 τε
610 1045 705 1098 καὶ
730 1045 1010 1117 ἄρρηκτον
1037 1045 1131 1100 τοῦ
1165 1047 1441 1118 Σκορπίου
1466 1046 1672 1116 φιλίαν,
1699 1044 1759 1101 δν
1789 1044 1923 1099 πολ-

346 1135 438 1189 λαὶ
467 1136 768 1207 μαρτυρίαι
805 1140 897 1192 καὶ
932 1137 1139 1210 σφόδρα
1169 1139 1364 1208 σαφεῖς
1394 1138 1458 1190 ἐκ
1492 1136 1688 1191 πολλοῦ
1723 1137 1918 1191 Macat-

347 1227 527 1282 λιανὸν
572 1226 712 1282 εἶναι
752 1230 1213 1301 κατεψηφίσαντό
1257 1247 1317 1284 τε
1350 1229 1446 1284 καὶ
1477 1231 1567 1284 ἀεὶ
1603 1228 1922 1300 καταψηφί-

341 1318 553 1385 ζονται,
586 1319 722 1374 πολὺ
755 1320 816 1374 τὸ
862 1323 1273 1391 ἀναμφίλεκτον
1316 1324 1537 1393 ἔχουσαι
1592 1322 1688 1377 καὶ
1718 1322 1923 1394 ἥκιστα

339 1412 497 1480 νέφει
531 1410 987 1482 συγκρύπτεσθαι
1016 1413 1317 1485 δυνάμεναι
1344 1414 1664 1485 πλάσματος
1685 1414 1919 1478 οὐδενός.

341 1503 436 1574 Τῷ
491 1503 601 1574 γὰρ
643 1503 742 1575 τήν
787 1504 953 1558 αὐτοῦ
994 1504 1178 1573 φιλίαν
1224 1505 1286 1570 ἐξ
1317 1506 1491 1576 ἀρχῆς
1521 1504 1923 1559 ἀναπόσπαστα

341 1595 671 1666 κεκτημένῳ
700 1600 796 1652 καὶ
825 1590 938 1650 οἷον
972 1596 1031 1650 ἐν
1060 1599 1175 1662 τοῖς
1224 1597 1324 1668 τῆς
1376 1596 1610 1668 καρδίας
1654 1597 1922 1667 θαλάμοις

338 1684 916 1758 ἁγαλματοφοροῦντι,
961 1688 1047 1752 τίς
1075 1689 1141 1744 ἀν
1177 1705 1310 1744 ποτε
1345 1689 1691 1744 πιστεύσειεν
1727 1688 1923 1753 ἄλλους

337 1779 582 1851 ἐλέγχειν
619 1781 1046 1855 ἐγκαυχωμένῳ,
1080 1783 1175 1838 καὶ
1228 1786 1292 1839 οὐ
1347 1785 1495 1855 μάλα
1538 1784 1741 1854 μᾶλλον
1783 1800 1923 1851 συμ-

340 1872 557 1943 μύστην
585 1875 823 1939 ἐκείνοις
855 1870 998 1931 εῖναι
1046 1879 1142 1931 καὶ
1176 1878 1434 1933 κοινωνὸν
1480 1879 1567 1933 ἀεὶ
1609 1878 1925 1949 καταψηφί-

336 1964 488 2029 ζοιτο
518 1969 812 2039 προφανῆ;
847 1969 1126 2038 Τέτταρας
1158 1969 1223 2040 δὴ
1255 1967 1351 2025 οὖν
1379 1970 1586 2033 ταύτας
1618 1970 1924 2041 ξυνειλοχέ-

334 2072 430 2109 ναι
462 2058 575 2121 τοῖς
605 2059 935 2129 κατηγόροις
982 2063 1297 2130 προτάσεις,
1350 2060 1452 2114 οὐκ
1496 2059 1722 2114 ἄλλοθέν
1756 2060 1921 2115 ποθεν

333 2142 457 2196 ἀλλ’
493 2144 554 2210 ἐξ
598 2136 675 2198 ὧν
727 2146 894 2212 αὐτὸς
948 2147 1092 2217 ὑπὲρ
1141 2148 1336 2202 ἐαυτοῦ
1395 2150 1732 2220 προήνεγκε,
1780 2148 1921 2214 τέως

331 2232 656 2304 γεγένηται,
690 2236 909 2305 πρῶτον
943 2238 1043 2308 μὲν
1073 2238 1155 2291 δτι
1205 2240 1602 2312 μυσαρωτέραν
1632 2241 1725 2295 καὶ
1756 2241 1921 2305 αὐτὸς

336 2326 573 2380 ἁπασῶν
612 2328 883 2399 αἱρέσεων
925 2331 1026 2401 τήν
1066 2330 1176 2386 τῶν
1208 2332 1571 2386 Μασαὶιανῶν
1616 2331 1919 2403 ἡγούμενος

332 2419 572 2490 αῖρεσιν,
609 2420 685 2485 ὥς
720 2438 853 2491 φησι
890 2420 1009 2490 νῦν,
1054 2426 1149 2478 καὶ
1197 2424 1460 2489 συνειδὼς
1500 2425 1579 2494 τῷ
1630 2426 1746 2496 δρει
1797 2426 1919 2480 τότε

331 2510 801 2579 ἐπιπολάζουσαν,
824 2513 925 2568 οὐκ
950 2515 1294 2587 ἀνεκάλυψεν
1318 2515 1443 2572 οὔτε
1470 2519 1579 2589 πρὸ
1608 2517 1719 2572 τῶν
1742 2519 1920 2573 ἄλλων

330 2602 462 2657 οὔτε
494 2605 634 2674 μετά
661 2608 790 2670 τοὺς
820 2605 1036 2672 ἄλλους,
1091 2609 1216 2663 οὔτε
1261 2611 1384 2664 τότε
1423 2609 1547 2665 οὔτε
1581 2613 1700 2683 μετ’
1736 2612 1920 2682 ὀλίγον

331 2693 522 2757 εὐθὺς,
566 2695 659 2748 καὶ
684 2695 859 2750 ταῦτα
897 2696 1007 2749 τῶν
1040 2697 1252 2753 πολλῶν
1289 2694 1369 2764 εἷς
1396 2698 1472 2753 ῶν
1519 2703 1617 2755 καὶ
1647 2700 1809 2765 αὐτὸς
1838 2695 1920 2764 οἷς

332 2787 716 2854 συμπαρεῖναι
759 2785 1068 2857 τηνικαῦτα
1117 2788 1212 2842 καὶ
1249 2788 1557 2859 ἀκροᾶσθαι
1605 2789 1915 2847 συνέϐαινε.

331 2876 606 2948 Δεύτερον
632 2877 690 2933 δέ
721 2878 838 2944 πῶς
866 2879 989 2934 τότε
1024 2880 1160 2952 μηδὲ
1194 2883 1518 2953 συνηγορεῖν
1551 2881 1686 2951 γοῦν
1722 2882 1918 2953 βουλη-

331 2970 452 3031 θεὶς
490 2971 602 3035 τοῖς
633 2970 785 3037 ὅπως
827 2971 961 3026 ποτὲ
988 2971 1403 3042 ἀνακαλύψασιν
1436 2974 1618 3037 ἄλλοις
1647 2975 1917 3047 τοσαύτην

328 3062 540 3114 κακίαν
588 3063 726 3128 ἐκεῖ,
784 3062 901 3116 ἀλλ’
958 3062 1103 3118 οὕτω
1159 3067 1401 3136 μακραῖς
1453 3067 1591 3119 ἐτῶν
1642 3068 1917 3135 περιόδοις

2029 592 2385 646 eontraheret
2438 592 2599 646 latuit
2646 607 2794 657 cum,
2824 591 3100 662 quomodo
3127 591 3195 646 iis
3239 591 3356 659 ipse
3401 590 3601 646 deinde

2030 691 2286 754 tanquam
2319 683 2756 755 ineil‘ugibilibus
2781 692 2839 738 et
2881 682 3214 739 ﬁrmissimis
3261 682 3477 754 laqueis
3508 698 3604 737 ca-

2028 785 2273 845 peretur.
2320 776 2686 830 Accusatores
2708 775 2856 829 enim
2886 790 2954 830 ex
2986 773 3262 845 episcopis
3310 783 3365 828 et
3421 772 3605 827 senio-

2032 866 2190 922 ribus
2212 883 2337 923 cum
2369 868 2474 923 alia
2529 868 2884 939 proferebant
2913 868 2981 923 ad
3035 866 3341 923 manifestae
3395 864 3608 921 fraudis

2030 972 2157 1012 eum
2188 959 2619 1027 coargeundum,
2649 967 2764 1013 tum
2795 958 3113 1013 diuturnam
3139 966 3196 1013 et
3222 958 3604 1013 inconcussam

2024 1048 2324 1104 amicitiam
2356 1047 2713 1119 Scorpionis;
2769 1065 2935 1121 quem
2965 1050 3128 1123 544
3156 1050 3326 1105 multa
3362 1051 3609 1105 testimo-

2023 1139 2117 1195 nia
2154 1154 2329 1211 eaque
2361 1140 2523 1195 valde
2554 1149 2743 1210 aperta
2763 1143 2877 1213 jam
2908 1151 3072 1197 antea
3116 1140 3318 1211 saepius
3377 1155 3608 1196 accusa-

2024 1246 2221 1288 verant
2251 1242 2308 1287 et
2336 1248 2556 1304 semper
2577 1242 2861 1300 accusant,
2886 1249 3011 1289 cum
3077 1249 3326 1306 magnam
3379 1233 3607 1287 firmita-

2029 1330 2136 1377 tem
2169 1322 2433 1389 habeant,
2470 1339 2651 1394 neque
2680 1323 2791 1379 ullo
2839 1323 3009 1379 nwdo
3054 1324 3239 1396 obtegi
3299 1325 3515 1395 possint
3570 1340 3599 1374 a

2026 1428 2303 1485 quoquam
2329 1414 2474 1470 nube
2505 1415 2827 1470 commenti.
2854 1413 2988 1482 Quis
3018 1415 3166 1470 enim
3193 1416 3268 1478 ei,
3312 1414 3407 1484 qui
3445 1413 3604 1468 istius

2025 1505 2327 1560 amicitiam
2356 1504 2427 1560 ab
2462 1505 2623 1562 initio
2655 1505 2728 1561 ita
2779 1507 3022 1561 servavit
3070 1513 3131 1561 ut
3165 1520 3445 1576 nunquam
3507 1505 3606 1559 dc-

2027 1598 2275 1662 sciverit,
2316 1610 2549 1668 eamque
2577 1598 2634 1653 in
2661 1598 2853 1653 cordis
2880 1598 2965 1653 sui
3007 1596 3226 1669 angulis
3243 1598 3399 1669 quasi
3430 1596 3623 1668 simu-3

2026 1689 2235 1744 lacrum
2267 1700 2452 1744 secum
2486 1689 2611 1755 fert,
2626 1690 2774 1761 quis,
2797 1690 2944 1757 dico,
2969 1691 3020 1746 ei
3050 1691 3164 1745 ullo
3194 1689 3357 1745 modo
3390 1688 3600 1747 credat.

2027 1780 2071 1835 si
2098 1781 2234 1835 alios
2250 1795 2549 1851 coarguere
2569 1780 2869 1851 praesumit,
2890 1793 3068 1850 neque
3096 1779 3278 1849 potius
3302 1779 3483 1850 ipsum
3509 1778 3606 1832 iis-

1954 1855 1997 1910 Β
2025 1874 2151 1928 dem
2178 1875 2348 1927 sacris
2374 1871 2652 1926 initiatum
2674 1881 2732 1927 et
2763 1872 2977 1927 socium
3034 1871 3252 1926 illorum
3308 1869 3610 1925 manifesto.

2023 1965 2429 2035 deprehensum
2451 1963 2705 2020 accusat?
2759 1963 2952 2034 Itaque
3002 1962 3208 2017 factum
3258 1970 3321 2017 ut
3364 1971 3612 2032 quatuor

2023 2056 2121 2111 has
2154 2069 2350 2109 causas
2386 2046 2732 2110 accusatores
2756 2053 3104 2123 colligerent,
3133 2067 3245 2107 non
3284 2067 3350 2106 ex
3379 2051 3609 2115 alienis,

2022 2148 2118 2203 sed
2151 2147 2312 2202 exiis
2337 2162 2459 2216 quae
2505 2146 2597 2201 ille
2629 2145 2749 2214 ipse
2770 2145 2838 2199 de
2880 2160 2940 2201 se
2977 2154 3350 2201 concesserat.
3400 2144 3463 2200 In
3514 2144 3613 2199 bis.

2022 2239 2201 2310 prima
2238 2257 2251 2292 :
2295 2237 2441 2308 quod
2476 2236 2899 2294 Masalianorum
2939 2237 3193 2293 haeresim
3237 2251 3402 2308 quam
3452 2250 3612 2292 nunc'

2022 2331 2142 2401 ipse
2166 2330 2299 2384 dicit
2323 2329 2571 2385 omnium
2605 2342 2730 2384 esse
2756 2329 3235 2397 scelestissimam,
3267 2339 3433 2384 antea
3468 2344 3606 2384 cum:

2023 2422 2079 2477 in
2114 2432 2299 2478 monte
2336 2421 2596 2497 exerceri
2633 2435 2752 2475 eam
2814 2429 3159 2491 compertum
3187 2422 3436 2487 haberet,
3486 2434 3606 2476 now

2022 2512 2242 2579 retexit,
2266 2526 2450 2583 neque
2479 2520 2606 2567 ante
2637 2512 2776 2566 alios
2806 2526 2984 2582 neque
3017 2520 3138 2583 post
3185 2512 3346 2580 alios,
3415 2529 3599 2583 neque

2023 2613 2137 2661 tum
2167 2619 2348 2674 neque
2400 2614 2632 2675 postea;
2692 2605 2929 2674 etquod
2986 2605 3104 2675 ipse
3172 2620 3317 2660 unus
3362 2621 3429 2661 ex
3490 2606 3611 2661 illis

2021 2697 2231 2759 multis,
2264 2696 2466 2765 quibus
2499 2707 2613 2750 tum
2670 2696 2937 2751 intererat
2966 2705 3023 2751 et
3054 2712 3194 2767 quos
3237 2695 3470 2753 audivit.
3505 2686 3601 2778 ,ξι-

2023 2798 2160 2852 tera,
2194 2785 2342 2858 quod
2373 2795 2487 2840 tum
2539 2802 2608 2841 ne
2671 2802 2795 2841 cum
2821 2787 2945 2842 aliis
2983 2787 3207 2857 quidem
3243 2789 3336 2857 qui
3366 2788 3440 2843 ibi
3479 2798 3601 2842 tan-

2022 2891 2137 2936 tum
2160 2879 2343 2936 scelus
2374 2877 2719 2947 aperiebant,
2746 2878 3156 2934 accusationem
3185 2879 3365 2935 facere
3398 2878 3597 2948 voluit,

2018 2971 2117 3028 sed
2186 2986 2287 3042 per
2340 2968 2546 3025 multos
2594 2984 2772 3024 annos
2827 2978 3088 3041 tanquam
3151 2969 3473 3026 thesaurum
3538 2970 3596 3026 in

2019 3065 2186 3121 corde
2215 3062 2496 3118 conditum
2546 3077 2722 3132 usque
2749 3061 2814 3116 ad
2851 3061 2955 3117 hoc
2985 3070 3202 3133 tempus
3223 3062 3362 3118 fovit
3391 3073 3451 3118 ut
3479 3077 3599 3119 rem

326 3152 525 3225 ὥσπερ
562 3153 686 3207 τινὰ
738 3153 1015 3225 θησαυρὸν
1080 3153 1406 3224 θαλαμεύων
1464 3159 1523 3211 ἐν
1569 3158 1768 3231 καρδίᾳ
1819 3162 1914 3213 καὶ

2018 3170 2182 3226 quam
2200 3154 2404 3211 efferre
2436 3152 2665 3208 timebat
2695 3162 2921 3224 propter
2949 3152 3060 3208 vim
3094 3153 3597 3220 testimoniidnunc

327 3205 511 3315 μέχρί
675 3205 1040 3316 περιθάλπῶν
1572 3205 1914 3317 ’ξοῖξίτιῑξέ

2022 3205 2399 3226 νι--ηη---η
2695 3205 2912 3224 ,ηπ-μ

2021 3262 2153 3301 vero
2185 3244 2361 3299 multo
2386 3243 2500 3316 jam
2542 3243 2806 3313 temporis
2870 3244 3165 3300 intervallo
3206 3259 3317 3315 quo
3370 3259 3606 3299 accusa-3

325 3335 672 3406 προαγωγὴν
700 3336 795 3391 καὶ
823 3339 1146 3408 σαφήνειαν,
1177 3338 1368 3393 ἔπειτα
1399 3338 1494 3393 νῦν
1536 3343 1913 3413 ἐκπομπεύειν

325 3427 531 3493 ἐθέλει,
559 3426 656 3481 τοῦ
686 3431 799 3492 τοῖς
829 3429 1073 3499 ἐλέγχοις
1109 3430 1278 3486 πάλαι
1310 3433 1683 3504 προσήκοντος
1714 3436 1911 3505 χρόνου

328 3520 561 3582 στάντος
592 3521 656 3572 ἐκ
686 3519 1007 3592 διαμέτρου,
1055 3523 1382 3594 καταφυγήν
1411 3523 1702 3595 λεληθυῖαν
1731 3525 1914 3598 οἰόμες

323 3618 423 3670 νος
449 3607 582 3669 ἴσως
609 3607 888 3678 θηρᾶσθαι
924 3625 1050 3663 τινα
1092 3610 1191 3664 νῦν
1219 3611 1357 3682 πρὸς
1391 3613 1741 3684 ἀπαλλαγήν.
1774 3614 1910 3686 Τρί-

321 3716 425 3754 τον
453 3698 512 3752 δὲ
542 3700 661 3764 πῶς
706 3701 875 3755 πολὺν
924 3702 1025 3774 ήδη
1082 3701 1147 3775 [ί.
1188 3702 1297 3758 268
1344 3701 1401 3776 a]
1443 3704 1633 3776 χρόνον
1677 3723 1912 3776 κατηγο-

326 3794 598 3862 ρούμενον
641 3791 734 3845 τὸν
764 3793 1031 3864 Σκορπίον
1085 3797 1142 3848 ἐν
1184 3796 1395 3866 ἀκμαῖς
1442 3795 1529 3852 ἀεὶ
1576 3801 1911 3867 πρακτικαῖς

321 3888 429 3956 τῆς
455 3886 712 3957 τοιαύτης
742 3886 1008 3958 αἱρέσεως
1038 3882 1203 3955 εῐναι,
1234 3889 1330 3942 καὶ
1358 3888 1572 3943 πολλῶν
1598 3892 1909 3961 ἐρχομένων

323 3972 678 4043 γραμμάτων
711 3974 777 4027 ἐκ
807 3973 917 4027 τῶν
956 3974 1050 4028 τοῦ
1089 3974 1251 4043 ὅρους
1288 3978 1487 4047 τιμίων
1521 3979 1732 4049 ἀνδρῶν
1774 3996 1911 4050 προ-

323 4065 510 4134 δήλως
536 4062 636 4135 τὴν
669 4063 909 4135 ἀρχαίαν
934 4065 1032 4120 καὶ
1071 4066 1236 4136 μέχρι
1270 4065 1367 4120 νῦν
1393 4065 1665 4122 ἀνθοῦσαν
1691 4069 1906 4122 ἐκείνου

323 4155 532 4211 κακίαν
558 4154 973 4225 ἐξελεγχόντων,
1009 4157 1173 4221 αὐτὸς
1217 4159 1305 4212 ἀεὶ
1334 4159 1615 4231 περιέπων
1643 4161 1911 4229 ἐγκαρτε-

326 4250 439 4321 ρεῖ,
471 4249 754 4319 πρόμαχος
789 4247 1004 4319 ἄμαχος
1034 4249 1228 4320 ἐκείνῳ
1255 4252 1552 4320 γενόμενος
1583 4254 1676 4306 καὶ
1714 4253 1907 4319 στῦλος

323 4340 509 4393 εἰπεῖν
546 4339 933 4409 ἀδαμάντινος,
967 4340 1063 4395 καὶ
1104 4340 1257 4411 θαμά
1298 4340 1462 4411 βοῶν,
1496 4343 1594 4396 καὶ
1643 4343 1748 4412 γῆν
1783 4347 1909 4398 ἀνα-

327 4433 532 4502 μιγνὺς
570 4429 809 4502 οὐρανῷ,
849 4430 943 4484 καὶ
979 4432 1121 4486 κατά
1164 4433 1293 4496 τοὺς
1330 4434 1692 4505 μαινομένους
1724 4437 1784 4488 τὸ
1810 4436 1909 4506 τῆς

2022 3338 2228 3394 tionem
2259 3336 2438 3391 facere
2461 3351 2589 3392 eum
2619 3335 2912 3406 oportebat
2941 3336 3318 3406 prmterlapso,
3347 3334 3603 3406 proferre'

2018 3432 2159 3497 vult,
2201 3428 2361 3501 545
2390 3439 2586 3500 putans
2634 3442 2701 3482 eo
2728 3443 2787 3483 se
2825 3428 3098 3495 refugium
3155 3428 3361 3486 habere
3396 3428 3462 3482 ad
3493 3428 3603 3483 (ιο-ί

2020 3521 2349 3577 fensioncm.
2423 3519 2609 3575 Tertia
2668 3533 2821 3584 vero,
2871 3519 3020 3590 quod
3073 3517 3429 3589 Scorpionem
3478 3520 3600 3591 jami

2017 3614 2182 3684 longo
2220 3628 2288 3667 ex
2342 3622 2589 3682 tempore
2635 3620 2953 3666 accusatum
3006 3611 3102 3681 qui
3141 3612 3348 3681 primas
3374 3619 3603 3681 semper

2017 3715 2201 3779 partes
2232 3705 2287 3760 in
2319 3704 2510 3759 haeresi
2545 3703 2636 3758 illa
2657 3713 2962 3769 exerceret,
3024 3714 3078 3760 et
3108 3703 3165 3760 in
3224 3721 3387 3777 quem
3420 3706 3597 3761 multa

2016 3800 2223 3868 scripta
2243 3797 2458 3867 vulgata
2483 3804 2613 3851 sunt
2665 3812 2697 3850 a
2741 3797 2878 3851 viris
2937 3797 2993 3852 in
3047 3807 3235 3853 monte
3285 3798 3588 3867 praeclaris,

2015 3906 2138 3962 quae
2176 3891 2354 3961 palam
2384 3898 2441 3943 et
2471 3889 2655 3944 adhuc
2678 3887 2930 3944 ﬂorentis
2961 3889 3264 3961 impietatis
3298 3897 3432 3944 cum
3460 3901 3595 3944 c‘ou-

2015 3983 2442 4053 vicerunt,_ipse
2473 3996 2691 4051 semper
2718 3981 2956 4052 protegit
2977 3989 3034 4037 et
3086 3981 3279 4036 incitat
3298 3991 3357 4036 ut
3384 3997 3591 4052 propu-

2015 4087 2209 4151 gnator
2238 4076 2328 4133 cui
2361 4075 2463 4147 ipsi
2499 4090 2607 4130 non
2673 4074 3050 4145 impugnatur,
3116 4083 3174 4131 et
3226 4086 3286 4131 ut
3328 4075 3589 4131 columna

2015 4169 2407 4238 adamantina};
2453 4165 2603 4238 quod
2632 4167 2786 4222 vocis
2815 4167 3109 4222 tumultum
3150 4167 3262 4223 edit
3297 4176 3354 4222 et
3380 4176 3585 4222 terram

2015 4264 2154 4325 cmlo
2191 4261 2509 4319 commiscet
2546 4269 2604 4315 et
2646 4273 2802 4314 more
2830 4259 3151 4325 insanorum
3189 4260 3390 4314 mentis
3416 4260 3588 4316 stabi-

2013 4354 2225 4411 litatem
2278 4361 2465 4409 servat
2493 4360 2550 4407 et
2599 4352 2752 4423 gravi
2815 4352 3195 4407 exsecratione
3244 4366 3437 4407 omnes
3487 4353 3587 4424 qui

2015 4446 2165 4502 omni
2223 4446 2456 4502 crimine
2503 4443 2664 4500 vacui
2726 4452 2855 4498 sunt
2908 4442 3261 4506 condemnat.
3296 4453 3588 4514 propterea

322 4521 558 4592 γνώμης
594 4523 883 4592 ἱστάμενον
920 4523 1278 4594 ἐλαυνόμενος
1322 4526 1420 4579 καὶ
1461 4527 1671 4592 πάντας
1711 4528 1911 4583 ἀναθέ-

2018 4538 2160 4609 quod
2219 4537 2575 4607 Scorpionem
2624 4548 2889 4590 accusare
2940 4547 3048 4588 non
3110 4534 3324 4589 timent.
3377 4534 3586 4602 Quarta

207 4654 219 4671 ρ
328 4631 464 4686 ματι
503 4613 702 4685 μακρῷ
730 4614 1140 4684 παραπέμπων,
1175 4615 1274 4685 οὐχ
1301 4614 1351 4667 οἳ
1383 4614 1594 4680 τούτοις
1622 4616 1900 4687 ἐνέχονται

325 4709 445 4768 τοῖς
489 4704 850 4777 ἐγκλήμασιν,
894 4705 1015 4759 ἀλλ’
1056 4704 1109 4758 οἶ
1163 4704 1243 4776 τῷ
1296 4707 1552 4776 Σκορπιῳ
1595 4709 1902 4779 ἐνεχομένῳ

324 4799 627 4872 προφέρειν
674 4799 859 4871 ἥκιστ’
905 4799 1147 4854 ὀκνοῦσι.
1211 4800 1324 4857 Καὶ
1372 4801 1630 4874 τέταρτον
1666 4805 1761 4856 δτι
1813 4806 1904 4857 καὶ

328 4895 496 4964 μέχρι
529 4892 623 4947 νῦν
653 4892 788 4964 όρᾷν
823 4891 1164 4963 ἰσχυρίζεται
1195 4892 1289 4947 τὸν
1335 4884 1498 4963 μόνον
1543 4894 1905 4949 ἀναλλοίωτόν

322 5002 388 5039 τε
417 4986 511 5038 καὶ
544 4983 801 5038 ἄκτιστον
828 4982 984 5049 Θεὸν,
1028 4982 1145 5053 φῶς
1179 4983 1369 5054 ἕτερόν
1402 4999 1462 5037 τε
1509 4986 1607 5037 καὶ
1645 4983 1904 5038 ἀκτιστον

325 5076 397 5130 ἐκ
437 5073 741 5144 μεταϐολῆς
778 5073 920 5145 πρὸς
973 5075 1036 5127 τὸ
1088 5075 1379 5143 ὑφειμένον
1423 5076 1712 5145 γινόμενον
1752 5076 1904 5147 αὐτῷ

323 5166 606 5237 τρυφῶντι
637 5167 731 5219 καὶ
779 5165 1187 5236 βλακευομένῳ.
1221 5165 1405 5220 Ταῦτα
1453 5167 1518 5236 δὴ
1570 5168 1773 5235 πάντα,
1809 5168 1905 5223 καὶ

323 5259 382 5313 εῖ
406 5274 461 5311 τι
504 5259 711 5312 τούτων
753 5257 1034 5325 ἐπέκεινα,
1058 5259 1360 5330 προτάσεις
1406 5261 1558 5323 τινὰς
1598 5260 1905 5324 ἐκτιθέντες

325 5350 735 5421 ἀναμφιϐόλους
764 5352 1248 5422 ἀναμφισϐήτητον
1280 5353 1355 5416 ὼς
1385 5353 1534 5415 εἰκὸς
1577 5353 1784 5422 ἐπῆγον
1810 5354 1903 5405 καὶ

324 5441 391 5495 τὸ
422 5442 813 5515 συμπέρασμα,
850 5443 994 5512 λέγω
1022 5442 1084 5515 δὴ
1131 5444 1193 5496 τὸ
1236 5444 1586 5498 Μασαλιανδν
1633 5445 1903 5515 ὑπάρχειν

326 5536 494 5589 αὐτὸν
518 5534 579 5601 ἐξ
603 5538 776 5608 ἀρχῆς
803 5552 861 5588 τε
889 5535 982 5589 καὶ
1006 5537 1172 5606 μέχρι
1199 5536 1442 5608 τήμερον
1473 5536 1901 5607 ἀναμφίλεκτονο

326 5625 607 5700 εἶναιγὰρ
639 5629 855 5698 ἀξίωμα
885 5629 1045 5683 τοῦτο
1091 5629 1257 5683 πάλαι
1292 5629 1537 5701 κυρωθὲν
1566 5632 1677 5695 τοῖς
1710 5648 1767 5684 τε
1807 5630 1902 5683 θύ-

333 5722 500 5789 ραθεν
558 5724 651 5776 καὶ
701 5721 993 5792 ἡμετέροις
1032 5721 1141 5776 τῶν
1193 5722 1555 5790 διδασκάλων,
1588 5723 1646 5790 ἐξ
1684 5721 1903 5794 ἀληθῶν

327 5818 427 5871 καὶ
454 5814 870 5882 ἀναμφιλέκτων
898 5815 1041 5885 ὅρων
1071 5814 1164 5868 καὶ
1189 5814 1508 5882 προτάσεως
1534 5814 1733 5886 ἀληθὲς
1762 5816 1900 5886 ὁμοῦ

2016 4629 2280 4700 denique,
2338 4627 2484 4698 quod
2520 4626 2593 4682 ad
2643 4626 2790 4681 hunc
2820 4625 2963 4681 diem
3009 4624 3479 4696 comprehendere
3523 4622 3615 4685 se'

2016 4722 2151 4777 dicit
2183 4722 2364 4775 solum
2395 4718 2796 4776 immutabilem
2825 4724 2884 4771 et
2908 4716 3214 4775 increatum
3253 4717 3446 4783 Deum,
3503 4719 3589 4775 lu-

2014 4829 2139 4868 men
2183 4813 2414 4867 alterum
2466 4820 2523 4866 et
2556 4811 2885 4875 increatum,
2913 4817 2973 4863 ut
3021 4824 3088 4864 ex
3120 4809 3475 4867 translatione
3514 4811 3584 4867 ad

2012 4906 2314 4977 subjectum
2339 4903 2644 4974 profectum
2679 4902 2932 4956 insolenti
2963 4901 3041 4955 illi
3076 4909 3131 4955 et
3168 4901 3433 4957 dementi.
3489 4902 3586 4960 llis

2012 5013 2145 5053 vero
2175 5006 2230 5052 et
2279 4995 2402 5049 aliis
2454 4994 2643 5049 multis
2696 4992 3164 5062 propositionibus
3211 4994 3439 5062 prolatis
3486 4997 3589 5050 mi-

2012 5078 2161 5145 nime
2181 5088 2388 5153 dubiis,
2427 5095 2487 5141 ut
2538 5092 2969 5141 consentaneum
3023 5092 3134 5152 est,
3167 5085 3586 5144 conclusionem

2011 5196 2123 5236 non
2164 5179 2386 5235 dubiam
2430 5176 2774 5248 adjecerunt,
2823 5175 3038 5232 scilicet
3092 5178 3231 5232 citra
3259 5187 3586 5235 controver-

2011 5275 2147 5329 siam
2175 5287 2323 5333 esse,
2345 5286 2470 5326 eum
2511 5269 2581 5323 ab
2612 5268 2773 5323 initio
2805 5279 2862 5325 et
2887 5269 2956 5324 ad
2990 5269 3044 5324 id
3075 5280 3294 5340 tempus
3338 5269 3587 5328 Masalia-

2012 5380 2095 5419 na:
2161 5362 2352 5418 haeresi
2391 5359 2669 5415 addictum
2729 5359 2919 5417 fuisse.
2975 5361 3092 5417 Hoc
3151 5362 3300 5415 enim
3369 5364 3584 5418 axioma

2012 5455 2169 5512 valde
2206 5453 2496 5525 probatum
2528 5459 2614 5507 est
2663 5461 2720 5507 et
2760 5453 3008 5508 externis
3060 5463 3116 5508 et
3144 5455 3350 5509 nostris
3408 5456 3583 5525 magi-

2011 5549 2169 5614 stris,
2200 5564 2231 5603 e
2280 5545 2427 5601 veris
2457 5555 2515 5601 et
2539 5561 2649 5600 non
2693 5545 2964 5616 ambiguis
2995 5546 3467 5617 propositionibus
3488 5563 3586 5602 ve-

2012 5659 2126 5698 ram
2155 5652 2213 5698 et
2237 5641 2548 5698 evidentem
2579 5640 2995 5697 conclusionem
3031 5643 3349 5698 necessario
3386 5658 3586 5699 conse-

2010 5735 2128 5805 qui.
2159 5733 2530 5801 Quamobrem
2565 5733 2710 5789 forte
2740 5734 2903 5806 546
2937 5743 3069 5788 tunc
3132 5734 3430 5803 episcopali
3493 5735 3584 5790 di-

2010 5827 2216 5896 gnitate
2240 5840 2366 5880 eum
2392 5826 2756 5895 expulissent,
2789 5827 2893 5881 nisi
2921 5826 3196 5881 anxietate
3217 5825 3583 5896 ettimidilate
