4016 6492
327 378 431 437 485

1281 365 1722 432 ΒΥΖἊΝἸΊΝΈ
1769 363 2143 426 Ηίὶἐτυῖὶῐέῖἶ
2197 362 2337 424 LiB.
2376 368 2675 430 XXXVII.

3479 361 3586 430 46

327 492 615 561 πρόθεσιν,
650 488 797 557 λέξιν
825 486 992 545 οὖσαν
1019 490 1170 560 ὅλην,
1199 489 1613 560 παραξέσανπς
1643 487 1736 538 καὶ
1766 484 1902 555 πρὸς

2017 481 2191 535 instar
2242 482 2542 544 facientes.
2597 485 2761 553 idque
2808 499 2935 538 eum
2986 492 3311 554 argumenta
3363 483 3476 537 sint
3529 486 3584 538 in

326 588 427 654 τὴν
465 586 616 637 κατά
651 584 1097 654 μετενηνοχότες,
1127 581 1253 634 ἀντὶ
1295 580 1386 632 τοῦ
1437 577 1688 650 περὶτοῦ
1724 577 1901 644 φωτὶς

326 682 468 732 κατὰ
522 677 617 731 τοῦ
655 677 836 746 φωτὸς
896 676 1340 746 μεθηρμόσαντο,
1400 671 1664 740 ἁθζιρουσι
1711 669 1904 720 παιδι-

329 772 469 839 ρέοις
504 771 812 839 πειοσςίμοια
869 767 1126 836 δρῶντες,
1182 767 1276 816 καὶ
1305 763 1478 817 ταῦτα
1513 762 1620 812 τῶν
1667 761 1903 828 ἐλέγχων

325 865 384 914 ἐν
437 861 738 930 ὀφθαλμοῖς
793 860 1177 928 προκειμένων
1234 857 1321 908 διὰ
1370 855 1467 921 τῆς
1519 855 1646 923 ὅλης
1695 853 1906 914 ἐννοίας

324 955 419 1006 τοῦ
457 953 620 1019 λόγου
664 953 757 1003 καὶ
809 951 917 1004 τῶν
969 949 1422 1019 ἐπιχειρημάτων
1451 945 1592 1012 ὁμοῦ
1620 945 1716 996 καὶ
1744 947 1904 1013 ἐργα-

328 1045 482 1108 σιῶν,
511 1043 635 1095 καθ’
664 1044 792 1096 ὅσον
828 1042 1000 1104 εἰκὸς,
1033 1040 1129 1092 καὶ
1162 1039 1403 1108 μάλιστα
1445 1037 1555 1088 τῶν
1583 1036 1900 1107 γραφικῶν,

327 1139 422 1189 καὶ
449 1135 608 1188 πάνθ’
645 1137 745 1188 ὅσα
773 1136 849 1204 τῷ
882 1136 1026 1201 λόγῳ
1055 1133 1320 1202 πρόσεστι
1349 1131 1481 1199 περὶ
1519 1130 1613 1181 τοῦ
1660 1128 1900 1180 τοιούτου

326 1224 526 1290 φωτὸς.
581 1223 745 1276 Ἀλλὰ
773 1221 948 1275 ταῦτα
988 1219 1273 1281 ποιοῦντες
1301 1218 1425 1271 οὔτε
1460 1217 1721 1286 βλάπτειν
1756 1216 1904 1284 ἡμᾶς

323 1314 604 1378 δύνανται,
644 1315 740 1366 καὶ
770 1312 886 1380 ἅμα
919 1311 1021 1382 τὴν
1071 1303 1347 1380 σφετέραν
1409 1308 1504 1360 καὶ
1558 1308 1784 1368 ἄκοντες
1829 1306 1904 1369 ὡς

323 1403 532 1455 ὲπίπαν
579 1402 936 1472 ὁμολογῶσιν
981 1401 1273 1456 ἀσθένειαν
1328 1400 1619 1469 μονονουχὶ
1645 1399 1900 1466 βοῶντες,

322 1493 420 1545 καὶ
472 1494 614 1560 σφᾶς
681 1491 883 1555 αὐτοὺς
942 1491 1401 1562 ἐκπομπεύοντες
1440 1489 1514 1552 ὡς
1574 1489 1749 1551 ἄλλως
1802 1490 1903 1542 οὐκ

323 1582 546 1652 ἔχοντες
593 1582 946 1636 ἀντιϐλέπειν
992 1582 1131 1654 πρὸς
1186 1581 1286 1650 τὴν
1320 1580 1608 1650 ἀλήθειαν.
1654 1581 1763 1633 Καὶ
1795 1581 1905 1632 πά-

323 1688 518 1742 σχουσι
555 1675 923 1744 παραπλήσια
943 1676 1011 1745 τῇ
1043 1674 1138 1726 τοῦ
1169 1674 1429 1728 Αίσώπου
1473 1672 1731 1742 καμήλῳ,
1758 1671 1792 1742 ἦ
1833 1670 1902 1724 δι’

320 1764 610 1818 ἀσθένειαν
638 1764 884 1834 ἔμφυτον
933 1767 1188 1835 ’κεράτων
1239 1764 1594 1834 ἀμυντηρίων
1635 1763 1906 1832 ἐπιθυμή-

285 1874 493 1932 -σασα,
551 1860 646 1910 καὶ
709 1859 817 1911 τῶν
889 1857 1036 1912 ίδίων
1089 1854 1244 1909 ὢτων
1297 1856 1606 1926 ἐστέρηται.
1649 1856 1755 1906 Καί
1815 1871 1906 1923 μοι

316 1945 514 1996 λοιπὸν
547 1945 761 1998 οἴεσθαι
810 1945 1046 2007 ἔπεισιν,
1078 1944 1153 2006 ὡς
1201 1944 1348 2011 ξίφει
1376 1944 1476 2013 τὴν
1509 1944 1649 2013 ἐμὴν
1680 1944 1906 2011 ἀφελεῖν

319 2038 570 2106 κεφαλὴν
596 2037 694 2089 καὶ
720 2039 822 2106 τῆς
853 2037 1140 2104 παρούσης
1166 2035 1481 2098 ἀπαλλάξαι
1512 2033 1660 2104 ζωῆς
1683 2036 1741 2088 ἐν
1775 2033 1906 2104 βρα-

316 2131 411 2198 χεῖ
440 2129 721 2197 ἐφιέμενοι
755 2129 959 2196 μὲν,οὐ
992 2127 1291 2196 δυνάμενοι
1321 2127 1399 2192 δὲ,
1437 2127 1610 2196 τάμὰ,
1644 2125 1738 2178 τὸν
1782 2124 1906 2178 δεῦ-

315 2233 482 2284 τερον
537 2215 727 2282 πλοῦν,
774 2217 1235 2282 ὑποκλέπτοντες,
1282 2219 1583 2286 μαχαίραις
1614 2213 1907 2280 ἀποξέουσί

315 2325 384 2360 τε
437 2308 532 2362 καὶ
582 2307 992 2361 ἀπαλλάττουσι
1047 2308 1186 2377 προς
1231 2305 1291 2361 τὺ
1332 2306 1489 2376 σφίσι
1537 2305 1904 2376 βουλόμενον,

317 2404 443 2455 ἔστι
487 2400 534 2454 δ’
574 2401 664 2454 ὅτε
709 2400 804 2454 καὶ
851 2399 1036 2471 βυθοῖς
1084 2399 1416 2469 ἀφανισμῶν
1463 2399 1908 2468 πρύτανεύουσιν

314 2495 450 2546 ὅσον
475 2493 537 2546 τὸ
571 2491 696 2548 κατ’
725 2493 946 2556 αὐτοὺς,
984 2492 1034 2545 εί
1079 2492 1176 2545 καὶ
1208 2490 1410 2558 ἄλλως,
1443 2491 1545 2560 τῆς
1576 2491 1727 2552 θείας
1757 2493 1911 2545 ἀντι-

317 2585 677 2657 πραττούσης
706 2585 910 2652 δεξιᾶς,
941 2583 1172 2654 καιρίαν
1194 2600 1256 2636 τε
1285 2583 1610 2654 ἐπλήγησαν
1640 2583 1906 2646 πολλάκις

322 2676 425 2730 καὶ
472 2677 561 2729 ἀεὶ
630 2676 964 2746 πλήττονται
1023 2675 1121 2730 καὶ
1172 2674 1329 2729 λύκοι
1393 2676 1574 2745 μάτην
1613 2675 1909 2744 κεχηνότες

314 2770 630 2822 δείκνυνται
661 2770 806 2822 κατὰ
833 2769 932 2838 τὴν
959 2766 1428 2840 παροιμίαν.[269
1449 2785 1483 2822 a
1538 2767 1728 2830 Οῦτως
1753 2768 1911 2821 ἀναί-

315 2863 478 2914 δειαν
497 2862 682 2915 πᾶσαν
717 2860 1027 2914 ἑνδέδυνται
1063 2860 1160 2914 καὶ
1179 2856 1315 2931 ἦθος
1349 2860 1545 2930 ἰταμὸν
1579 2859 1676 2912 καὶ
1695 2859 1908 2928 οὐδαμῆ

322 2971 460 3007 ποτε
481 2954 942 3024 ,ὑπισχνούμενον
995 2954 1096 3025 τὴν
1152 2951 1463 3022 διόρθωσιν.
1492 2951 1626 3005 Δέον
1667 2952 1775 3022 γὰρ
1807 2952 1910 3003 αὑ-

317 3045 454 3100 τοὺς
486 3045 851 3098 καταδύεσθαι
886 3045 983 3096 καὶ
1014 3043 1302 3115 ὲρυθριᾷν,
1324 3043 1376 3096 oi
1399 3043 1460 3097 δὲ
1485 3043 1581 3096 καὶ
1610 3045 1908 3111 ἀναισχυν-

2009 574 2186 628 oculis
2238 585 2465 644 propter
2497 585 2668 628 totam
2703 577 2974 630 sermonis
3009 576 3376 630 intentionem
3410 585 3462 628 et
3504 575 3588 627 iu-

2009 678 2167 734 t-cpta
2200 676 2258 720 et
2292 667 2474 719 studia
2497 709 2509 730 ,
2547 679 2604 720 ut
2637 677 3074 722 consentaneum
3134 677 3220 722 est
3247 686 3262 733 ;
3292 667 3350 734 in
3397 666 3587 736 primis

2007 765 2192 809 autem
2247 765 2472 826 propter
2528 759 2828 825 Scriptura
2884 758 3239 820 testimonia,
3294 765 3350 810 et
3403 753 3587 808 omnia

2011 864 2133 919 qua:
2166 864 2290 902 cum
2327 863 2586 902 sermone
2623 850 2688 902 de
2726 851 2820 903 illo
2854 850 3034 918 φωτὸς
3081 857 3214 903 sunt
3263 847 3582 915 conjuncta.

2007 939 2114 993 Sed
2149 940 2254 993 hoc
2285 949 2511 1008 agentes
2546 941 2707 994 nobis
2734 939 2934 995 obesse
2961 956 3072 994 non
3103 947 3369 1008 possunt,
3398 936 3591 990 simul-

2007 1047 2115 1100 que
2147 1032 2323 1084 coacti
2362 1040 2492 1085 sunt
2525 1047 2629 1084 una
2657 1047 2848 1086 otnncs
2873 1048 3025 1086 suam
3061 1033 3304 1100 ipsorum
3341 1028 3589 1082 imbeczl-

2008 1123 2214 1178 litatcm
2251 1124 2530 1193 prepalam
2567 1138 2847 1186 accusare,
2873 1134 2927 1177 et
2953 1131 3126 1177 seruet
3155 1122 3206 1191 ip
3242 1138 3302 1175 os
3332 1121 3384 1174 in
3415 1119 3586 1172 risum

2006 1215 2159 1276 dare,
2190 1215 2343 1284 quasi
2393 1215 2551 1267 εἰίῗιρι·
2596 1230 2703 1268 ηοιι
2754 1217 2962 1285 possint
3006 1213 3223 1267 obtucri
3275 1213 3586 1264 veritatem.

2011 1307 2201 1376 Itaque
2241 1307 2422 1360 simile
2451 1307 2582 1376 quid
2613 1305 3015 1374 acciditzlisopi
3046 1305 3255 1358 camelo
3284 1345 3296 1366 ,
3329 1304 3422 1371 qui
3465 1319 3588 1370 pro-

2008 1409 2129 1467 pter
2164 1401 2404 1451 innatam
2445 1398 2876 1453 imbecillitatem
2913 1407 3119 1451 cornua
3178 1394 3584 1465 prepulsatoria

2007 1492 2432 1560 concupiscens,
2471 1491 2705 1546 auribus
2739 1492 2987 1562 privatus
3015 1499 3120 1544 est.
3155 1489 3233 1543 Ac
3278 1487 3412 1541 mihi
3457 1487 3586 1539 reli-

2006 1600 2178 1653 quum
2213 1594 2297 1638 est
2324 1593 2384 1638 ut
2412 1585 2633 1639 credam
2670 1584 2851 1655 gladio
2898 1600 2994 1638 eos
3021 1593 3189 1653 caput
3237 1598 3420 1640 meum
3447 1595 3589 1651 prae.

2008 1676 2195 1730 cidere
2236 1692 2434 1746 meque
2478 1688 2754 1746 prazsente
2801 1676 2914 1729 vita
2957 1676 3176 1745 privare
3218 1675 3403 1739 velle;
3438 1661 3585 1742 quod

2011 1783 2138 1822 cum
2180 1783 2290 1824 non
2326 1768 2580 1838 possiut‘
2632 1783 2784 1821 meas
2838 1784 2924 1821 res
2968 1766 3214 1821 secundo
3263 1778 3430 1820 vento
3475 1764 3592 1817 suf-

1941 1831 1980 1885 Β
2012 1859 2272 1915 furantur
2327 1873 2382 1914 et
2434 1860 2735 1915 corradunt
2774 1860 3040 1922 cultellis,
3067 1870 3122 1913 et
3164 1858 3481 1912 distrahunt
3521 1864 3588 1910 ex

2007 1953 2260 2009 arbitrio.
2295 1953 2703 2023 Nonnunquam
2753 1961 2934 2006 autem
2961 1952 3127 2006 etiam
3159 1951 3212 2005 in
3248 1952 3357 2004 imo
3385 1951 3592 2005 distura

2007 2044 2250 2100 bationis
2283 2053 2517 2114 regnant
2552 2059 2653 2115 pro
2690 2043 2837 2098 virili
2874 2050 3028 2112 parte
3051 2083 3064 2108 ,
3103 2057 3418 2111 quanquam
3453 2041 3589 2094 alias

2010 2135 2104 2189 Dei
2135 2133 2326 2190 dextra
2355 2137 2634 2189 contraria
2671 2135 2939 2189 moliente
2965 2134 3030 2188 ad
3064 2143 3294 2187 mortem
3329 2133 3422 2186 icti
3459 2136 3591 2186 sunt

2007 2241 2154 2295 saepe
2203 2238 2261 2280 et
2309 2226 2497 2280 adhuc
2548 2242 2767 2296 semper
2803 2227 3079 2280 feriuntur
3115 2237 3171 2281 et
3218 2225 3590 2282 Ostenduntur

2011 2325 2272 2386 tanquam
2311 2319 2422 2387 lupi
2459 2320 2660 2373 frustra
2694 2321 2946 2386 hiantes,
2991 2321 3135 2388 quod
3185 2331 3269 2374 est
3318 2321 3372 2375 in
3425 2320 3591 2392 549

2008 2411 2326 2478 proverbio.
2363 2409 2454 2465 Sic
2484 2409 2637 2464 omni
2671 2411 3016 2483 impudentia
3047 2413 3227 2467 induti
3263 2422 3396 2466 sunt
3421 2423 3478 2466 et
3508 2415 3592 2465 in-

2009 2501 2174 2571 genio
2234 2504 2376 2557 truci
2414 2503 2563 2572 quod
2596 2519 2877 2574 nunquam
2913 2504 3116 2576 corrigi
3154 2522 3316 2575 posse
3353 2507 3590 2560 videtur.

2008 2591 2149 2648 Cum
2189 2594 2340 2648 enim
2385 2596 2612 2664 preprie
2646 2612 2746 2651 eos
2779 2596 3090 2653 submissos
3129 2613 3252 2652 esse
3294 2608 3350 2651 et
3385 2600 3592 2651 erube-

2009 2701 2165 2740 scere
2197 2695 2491 2755 oporteat,
2527 2686 2882 2756 impudentes
2911 2699 3041 2742 sunt
3071 2697 3128 2742 et
3153 2689 3410 2758 graviora
3442 2693 3596 2758 pejo-

2015 2792 2190 2846 raque
2228 2780 2283 2832 in
2320 2793 2406 2832 me
2435 2787 2498 2832 ut
2530 2778 2743 2832 dictum
2777 2787 2866 2834 est
2898 2796 3045 2833 nunc
3077 2789 3248 2846 agunt
3282 2790 3339 2834 et
3369 2797 3594 2850 semper

2010 2881 2177 2936 agere
2213 2868 2495 2920 minantur
2532 2876 2763 2937 propter
2790 2869 2998 2923 nullam
3023 2871 3251 2923 omnino
3277 2865 3439 2922 aliam
3465 2878 3597 2923 cau-

2010 2971 2130 3012 sam
2160 2972 2327 3026 quant
2359 2959 2505 3027 quod
2540 2960 2960 3016 criminationes
2988 2959 3116 3016 inde
3162 2962 3385 3027 timent.
3422 2961 3499 3016 Ita
3535 2968 3595 3015 tit

2011 3065 2115 3120 ego
2144 3066 2366 3120 quoque
2398 3061 2624 3105 coactus
2657 3052 2759 3105 sim
2793 3092 2807 3118 ,
2839 3053 3036 3107 amicis
3069 3069 3306 3122 quorum
3335 3054 3444 3107 erit
3473 3064 3596 3123 post.

319 3136 484 3189 τοῦσί
517 3152 604 3202 γε,
637 3136 706 3188 τὰ
755 3136 931 3202 μείζω
960 3153 1019 3188 τε
1066 3136 1162 3190 καὶ
1218 3135 1582 3207 χαλεπώτερα
1624 3135 1767 3188 κατὰ
1795 3135 1906 3188 τῶν

2015 3152 2247 3194 mortem
2293 3157 2468 3194 meam
2499 3157 2562 3195 ea
2593 3141 2745 3196 adire
2773 3182 2786 3205 .
2821 3142 3058 3197 suadere
3111 3145 3170 3196 ut
3215 3144 3511 3217 inquirant.
3539 3159 3596 3197 et

318 3230 501 3299 ἐμῶν,
549 3229 625 3292 ὡς
677 3227 921 3298 εἴρηται,
955 3228 1054 3280 νῦν
1108 3245 1165 3280 τε
1210 3229 1452 3298 δρῶντες
1501 3227 1600 3280 καὶ
1645 3225 1785 3296 δρᾷν
1817 3226 1908 3279 ἀεὶ

319 3320 679 3384 ἀπειλοῦντες
712 3320 818 3381 ἔτι,
857 3321 1087 3389 μηδενδς
1116 3319 1288 3373 ἕνεκα
1317 3320 1536 3381 πάντως
1565 3318 1762 3387 ἐτέρου
1798 3319 1908 3371 τῶν

322 3415 553 3469 πάντων
583 3414 616 3485 ἢ
644 3413 772 3476 τοὺς
804 3412 1062 3466 ἐντεῦθεν
1091 3413 1354 3482 ἐλέγχους
1395 3413 1484 3465 ἀεὶ
1525 3411 1778 3474 δεδιότες.
1820 3409 1909 3474 Ὠς

320 3506 740 3576 ἀναγκάζεσθαι
782 3506 930 3575 κάμὲ
964 3507 1276 3577 παραινεῖν,
1311 3499 1391 3568 οἷς
1428 3504 1676 3575 μετιέναι
1707 3502 1910 3565 ταύτας

321 3602 514 3653 ἔπεισι
547 3600 722 3669 φίλοις
754 3593 908 3652 οῦσιν
943 3598 1103 3668 ἡμῶν
1140 3597 1281 3668 μετά
1322 3597 1425 3666 τὴν
1457 3598 1598 3666 ὲμὴν
1630 3596 1909 3666 τελευτὴν,

319 3692 520 3762 ζητεῖν
548 3692 642 3744 καὶ
677 3690 1044 3760 παρατιθέναι
1071 3691 1172 3752 τὰς
1203 3689 1346 3751 τέως
1377 3689 1566 3750 αὐτοῖς
1595 3688 1698 3740 ἀνὰ
1725 3690 1917 3757 χεῖρας

322 3787 549 3854 ἑτέραις
568 3783 785 3851 ὁμοίαις
809 3781 902 3835 καὶ
923 3781 1125 3851 ὁμοίως
1156 3779 1247 3849 ὑφ’
1277 3779 1570 3850 ἡμετέρων
1603 3795 1918 3850 μετεγγρα-

323 3877 549 3944 φείσαις
577 3875 755 3945 ὀρθῶς
789 3875 1090 3944 φοιτητῶν,
1127 3875 1223 3928 καὶ
1252 3874 1494 3943 συνορᾷν
1517 3873 1721 3926 οὑτωσὶ
1749 3874 1917 3944 τάλη-

323 3967 445 4030 θές.
484 3967 558 4020 Τὸ
593 3969 699 4036 γὰρ
746 3965 990 4019 τοιοῦτον
1023 3966 1201 4036 ἔγωγε
1253 3965 1372 4025 δέος
1404 3965 1786 4033 προκαθιστὰς
1821 3965 1918 4018 καὶ

2012 3243 2352 3302 componant
2380 3233 2681 3304 Scriptura:
2706 3237 3046 3304 exemplaria
3072 3252 3193 3305 qua:
3220 3252 3347 3290 cum
3377 3238 3597 3291 caeteris

2011 3325 2293 3381 similibus
2331 3329 2663 3398 transcripta
2695 3327 2809 3382 sint
2836 3340 2892 3382 et
2917 3329 3141 3398 quidem
3175 3339 3323 3385 recte
3370 3330 3487 3384 inec
3527 3332 3597 3383 ab

2013 3417 2243 3473 asscclis
2274 3420 2481 3474 nostris
2503 3463 2521 3490 ,
2556 3429 2614 3475 et
2645 3419 2718 3474 ita
2753 3427 2814 3476 ut
2839 3422 3159 3477 discernunt
3189 3439 3401 3477 verum.
3439 3418 3598 3478 ilunc

2012 3511 2162 3564 enim
2211 3510 2466 3564 timerent
2513 3527 2640 3565 cum
2682 3528 2783 3582 ego
2829 3514 3236 3583 protexuissem
3282 3525 3338 3568 et
3369 3515 3595 3584 longius

2016 3603 2072 3656 in
2107 3619 2194 3657 me
2225 3605 2588 3667 excitassent,
2633 3607 2834 3660 tradidi
2870 3623 2935 3660 ea
2971 3623 3092 3676 quas
3127 3609 3295 3663 variis
3334 3609 3599 3662 transi-ri-

2018 3695 2307 3764 ptionibus
2354 3695 2707 3751 diversarum
2741 3713 3004 3752 manuum
3039 3699 3178 3753 bene
3211 3700 3598 3753 exercitarum

2020 3786 2403 3840 scriberentur
2435 3788 2634 3856 partim
2665 3804 2786 3857 qua:
2818 3789 3124 3844 domestico
3160 3791 3214 3844 in
3250 3808 3351 3844 usu
3383 3801 3594 3857 essent,

2021 3880 2226 3947 partim
2282 3896 2404 3948 qua:
2460 3881 2652 3935 amicis
2695 3884 3016 3953 rogantibus
3071 3885 3390 3952 thesaurus,
3428 3898 3488 3942 ut
3522 3889 3596 3942 ita

2018 3970 2226 4035 dicam,
2256 3981 2443 4026 essent
2477 3987 2630 4026 sacer
2665 3983 2729 4026 et.
2753 3975 3103 4030 inviolabilis.

326 4063 623 4134 πόρρωθεν
695 4060 1138 4132 προανασοΰῶν,
1212 4059 1656 4122 πολλαπλασίαις
1729 4061 1870 4117 αὐτὰ
1939 4061 2700 4140 διαφόρωνμετεγγραφαίς
2763 4070 3048 4125 ἐδεδώκειν
3103 4073 3304 4144 χειρῶν
3359 4075 3597 4144 γράφειν

323 4157 510 4227 ὀρθῶς
541 4158 893 4226 ἠσκημένων.
944 4155 982 4208 ἃ.
1040 4155 1144 4224 μὲν
1195 4154 1422 4219 οἰκείοις
1455 4152 1836 4225 ἀναλώμασιν,
1911 4156 1947 4211 ἃ,
2016 4160 2071 4213 δὲ
2118 4161 2292 4231 φίλοις
2348 4163 2739 4233 αἰτησαμένοις
2798 4165 2880 4226 εἰς
2936 4164 3192 4232 πλοῦτον,
3257 4169 3421 4239 φάναι
3474 4169 3598 4222 κατ’

323 4257 555 4314 αὐτοῦς,
598 4253 746 4319 ἱερόν
789 4266 846 4301 τε
885 4252 979 4300 καὶ
1011 4248 1229 4302 ἄσυλον.

404 4352 463 4406 ι’.
513 4350 652 4404 Ἀλλ’
707 4353 766 4402 ὲν
796 4349 1065 4410 τοιούτοις
1091 4347 1479 4418 ἀσχολουμένῳ
1533 4365 1594 4400 τε
1650 4349 1746 4402 καὶ
1782 4366 1915 4419 μοχ-

328 4446 523 4498 θοῦντι
550 4445 626 4512 τῷ
663 4444 897 4513 Παλαμᾷ
919 4445 978 4495 τὸ
1026 4441 1120 4494 τοῦ
1162 4442 1279 4512 βίου
1314 4443 1492 4512 πέρας
1544 4440 1704 4513 ἐπῄει
1766 4442 1914 4512 μάλα

2101 4347 2165 4403 Χ.
2214 4348 2318 4403 Sed
2352 4347 2560 4404 interea
2588 4364 2753 4418 opere
2782 4359 2837 4404 et
2865 4350 3046 4406 labore
3075 4362 3338 4422 occupato
3368 4355 3600 4413 Palama:

2027 4441 2153 4494 vita:
2196 4441 2382 4494 exitus
2424 4441 2721 4494 admodum
2763 4443 2996 4497 at‘erbus
3031 4453 3086 4498 et
3126 4444 3304 4512 turpis
3341 4449 3599 4514 advenit,

334 4538 540 4608 πικρόν
567 4553 617 4589 τι
649 4536 745 4588 καὶ
779 4537 1058 4604 αἴσχιστον
1083 4551 1097 4565 ο
1125 4535 1202 4604 τῷ
1216 4537 1324 4606 γὰρ
1353 4534 1578 4604 συνήθει
1608 4536 1911 4603 περιπετὴς

2025 4545 2151 4583 cum
2182 4530 2452 4584 incideret
2479 4530 2532 4582 in
2557 4541 2878 4585 consuetum
2908 4533 3165 4587 morbum
3214 4535 3460 4601 iliacum,
3491 4554 3600 4607 quo

333 4630 583 4702 γεγονὼς
613 4630 762 4697 neq),
788 4630 884 4696 τῆς
915 4630 1229 4699 ἀνατροπῆς
1243 4627 1447 4697 δηλαδὴ
1479 4628 1587 4680 τῶν
1613 4629 1668 4680 ἐν
1703 4631 1769 4698 τῇ
1804 4646 1919 4680 κοι-

334 4727 431 4794 λίᾳ
463 4725 649 4775 σιτίων
681 4723 792 4775 ἄνω
819 4721 908 4773 διὰ
943 4719 1040 4773 τοῦ
1071 4721 1366 4788 στόματος,
1395 4720 1492 4771 καὶ
1535 4719 1671 4788 πρός
1699 4734 1764 4785 γε
1814 4734 1920 4788 μα-

335 4816 525 4870 νιώδει
581 4814 870 4885 φρενίτιδι,
912 4811 1106 4882 βιαίως
1161 4810 1306 4864 οὕτω
1357 4811 1453 4862 καὶ
1516 4810 1640 4863 λίαν
1702 4810 1919 4877 πικρῶς

335 4904 638 4976 ἀπερρἁη
672 4902 766 4955 τοῦ
790 4901 911 4972 ζῇν.
960 4901 1212 4956 Κᾶπειτα
1264 4897 1315 4952 oi
1354 4899 1681 4969 αἱρεσιῶται
1732 4897 1829 4950 καὶ
1871 4897 1919 4949 oi

340 4997 584 5067 μάλιστα
611 4995 829 5063 γνήσιοι
861 4993 958 5047 καὶ
979 4990 1310 5068 οἰκότριϐες,
1339 4990 1417 5061 τῷ
1453 5009 1512 5042 τε
1551 4987 1922 5059 φιλοδοξοῦντι

341 5088 742 5158 καθελκόμενοι
769 5087 867 5155 τῆς
893 5084 1122 5154 γνώμης
1151 5086 1246 5136 καὶ
1274 5082 1390 5153 ἅμα
1415 5083 1474 5135 τὸ
1506 5084 1788 5153 αἴσχιστον
1822 5082 1922 5153 τῆς

340 5181 605 5249 τελευτῆς
632 5177 934 5232 καλύπτειν
961 5176 1309 5238 σπεύδοντες,
1340 5175 1642 5229 ἀντίπαλον
1669 5174 1748 5244 τῷ
1777 5193 1922 5244 συμ-

340 5275 504 5327 ϐάντι
533 5276 725 5342 φήμην
751 5272 852 5325 ἀνὰ
882 5270 980 5340 τὴν
1013 5269 1166 5323 πόλιν
1220 5267 1632 5336 Θεσσαλονίκην
1700 5267 1924 5338 ἐξήνεγ-

344 5367 452 5416 καν
481 5377 541 5413 τε
569 5362 666 5414 καὶ
693 5360 1094 5428 περιήνεγκαν,
1125 5357 1199 5420 ὼς
1234 5354 1359 5425 ίῷτο
1385 5356 1677 5425 νοσήματα
1709 5358 1804 5408 καί⁵
1832 5355 1925 5408 θε-

349 5453 580 5526 ραπεύοι
611 5452 980 5531 πυρέττοντας
1025 5449 1120 5502 καὶ
1187 5447 1486 5516 φυγαδεύοι
1537 5448 1776 5517 πληγὰς,
1830 5447 1927 5499 καὶ

346 5545 578 5599 τοιαῦτα
611 5544 749 5598 ἄττα
781 5539 1197 5610 ἀλλοπρόσαλλά
1220 5556 1280 5592 τε
1331 5540 1424 5593 καὶ
1459 5539 1694 5609 ἔκφυλα,
1740 5539 1817 5601 ὡς
1859 5537 1926 5593 ἂν

349 5634 430 5704 τῷ
459 5632 755 5703 τερατώδει
788 5631 890 5701 τῆς
923 5633 1112 5700 φήμης
1131 5627 1670 5698 ἁντιπεριοπάσαιέν
1698 5642 1757 5679 τε
1790 5628 1928 5696 πρὸς

350 5725 417 5777 ’τὸ
443 5728 545 5795 τῆς
580 5721 898 5792 ἐκπλήξεως
927 5721 1073 5790 μάλα
1101 5720 1419 5787 καινότερον
1451 5716 1552 5786 τὴν
1597 5715 1789 5783 ἀκοὴν,
1833 5716 1929 5768 καὶ

356 5817 802 5887 ἀπασχολήσαιεν
833 5815 1024 5885 πόρρω
1068 5812 1263 5882 κομιδῇ
1325 5809 1595 5880 τάληθοῦς
1654 5810 1750 5862 καὶ
1805 5811 1928 5865 ὅποι

2022 4619 2130 4674 cibi
2184 4637 2252 4675 ex
2301 4623 2456 4675 alveo
2509 4638 2604 4690 per
2654 4638 2716 4676 os
2768 4623 3214 4691 retrudebantur,
3245 4638 3300 4681 et
3340 4627 3392 4680 in
3441 4643 3600 4682 mcu-

2024 4716 2095 4765 tis
2124 4711 2382 4765 delirium
2405 4752 2420 4776 ,
2451 4713 2526 4766 ita
2557 4722 2616 4767 ut
2641 4714 2913 4768 violenter
2940 4727 2996 4770 et
3024 4717 3222 4771 acerbe
3247 4734 3275 4772 e
3301 4719 3410 4772 vita
3441 4721 3601 4775 abre-

2025 4811 2151 4870 ptus
2180 4800 2270 4854 sit.
2303 4801 2508 4855 Deinde
2545 4816 2676 4855 vero
2709 4801 2952 4857 haeretici
2987 4803 3080 4871 qui
3117 4804 3353 4859 maxime
3383 4807 3598 4875 cognati

2022 4899 2080 4946 et
2120 4892 2362 4946 consocii
2405 4893 2564 4965 ejus,
2605 4895 2812 4963 quique
2851 4896 3058 4964 pariter
3097 4894 3261 4966 550
3296 4892 3462 4966 atque
3505 4899 3597 4953 ille

2026 4985 2212 5053 gloria:
2238 4985 2422 5054 cupidi
2447 4994 2623 5050 erant,
2643 5001 2767 5039 cum
2795 4989 3003 5039 obitum
3027 4989 3146 5055 ejus
3173 4988 3598 5057 ignominiosum

2025 5076 2286 5146 obtegere
2327 5076 2639 5141 studerent,
2660 5077 2860 5131 famam
2894 5077 2970 5131 rei
2997 5082 3328 5136 contrariam
3371 5097 3464 5150 per
3507 5099 3602 5136 nr-

2029 5167 2155 5222 bem
2186 5167 2643 5223 Thessalonicam
2668 5170 3002 5238 evulgabant
3027 5178 3083 5226 et
3113 5171 3600 5240 circumferebant,

2030 5267 2291 5330 tanquam
2337 5260 2654 5318 mederetur
2705 5260 2797 5320 ille
2834 5260 3043 5322 morbis
3083 5271 3139 5316 et
3173 5274 3392 5316 sanaret
3435 5263 3604 5315 febri-

2026 5352 2251 5406 culosos
2286 5361 2343 5406 et
2385 5361 2668 5409 averteret
2713 5353 2898 5423 plagas
2939 5363 2996 5408 et
3039 5354 3355 5424 hujusmodi
3392 5355 3498 5408 alia
3531 5357 3606 5416 si-

2031 5445 2180 5502 milia
2210 5452 2266 5498 et
2303 5445 2553 5502 inaudita
2585 5462 2598 5497 :
2641 5453 2701 5500 ut
2735 5446 3064 5504 miraculosa
3099 5447 3239 5501 latna
3275 5461 3440 5500 aures
3471 5463 3607 5502 con—

2031 5545 2314 5591 verterent
2365 5535 2432 5592 ad
2469 5536 2770 5590 novitatem
2827 5538 3070 5606 portenti
3125 5547 3181 5592 et
3223 5537 3291 5592 de
3334 5537 3608 5592 industria

2033 5629 2227 5697 procul
2251 5644 2279 5680 a
2305 5643 2436 5681 vero
2461 5630 2847 5683 abstraherent
2870 5643 2980 5698 quo
3005 5638 3250 5684 manaret
3273 5630 3431 5684 fama:
3455 5646 3611 5686 men—

2034 5719 2274 5772 dacium.
2300 5717 2406 5772 Sed
2433 5719 2548 5772 haec
2568 5721 2752 5773 omnia
2774 5730 3122 5773 evanuerunt
3160 5729 3216 5773 et
3249 5722 3405 5789 quasi
3446 5730 3610 5789 vento

2036 5810 2242 5864 titillata
2299 5809 2566 5879 temporis
2629 5826 2920 5880 progressu
2980 5809 3212 5865 reiutata
3264 5823 3412 5868 sunt.
3469 5813 3605 5868 Nam
