4016 6432
424 310 525 373 437

1638 314 2058 376 NICEPIIURI
2102 316 2489 378 GllEGORlE

3574 317 3685 382 438

427 424 735 482 mendaciis
775 431 884 480 tam
917 428 1127 496 apertis
1171 424 1379 481 veritas
1419 440 1527 480 non
1564 426 1703 482 solet
1750 426 1997 486 servire.

2104 429 2165 483 τὸ
2197 431 2300 499 τῆς
2326 431 2520 500 φήμης
2542 429 2698 500 φέροι
2752 407 3128 499 πλανώμενον.
3173 427 3334 483 Ἀλλά
3384 429 3565 484 πάντα
3614 432 3680 501 δὴ

423 520 518 575 sed
552 529 769 588 tempus
795 517 982 572 omnia
1006 516 1295 589 indagans,
1319 528 1379 574 ut
1411 518 1491 585 llt,
1513 521 1746 574 interest
1776 530 1832 572 et
1864 519 2003 589 regit

423 625 525 666 suo
581 624 730 663 more
788 618 1047 679 tanquam
1084 609 1141 665 in
1179 625 1346 664 curru
1403 610 1591 680 auriga
1642 609 1915 664 dictorum
1946 618 2003 664 et

424 704 693 759 laetorum
724 700 860 756 lines
879 740 894 766 ,
917 710 973 756 et
995 708 1188 756 contra
1215 716 1433 758 onmem
1460 702 1834 772 opinationem
1865 702 2000 757 alias

420 794 586 848 aliter
619 793 676 847 in
708 792 836 849 vitae.
872 792 1039 848 undis
1068 795 1341 864 cujusque
1381 794 1593 866 cymbze
1626 794 1998 865 gubernacula

419 884 621 950 vertit;
657 891 712 938 et
740 882 942 953 quibus
970 882 1169 938 accidit
1197 898 1445 952 pugnare
1485 892 1680 939 contra
1714 884 1907 944 Deum,
1943 883 2000 937 in

418 970 587 1025 variis
611 971 949 1040 temporibus
980 978 1036 1025 et
1068 970 1206 1026 locis
1235 980 1293 1026 et
1323 976 1508 1037 rebus,
1528 974 1594 1028 iis
1620 973 1672 1026 in
1697 973 1859 1027 variis
1888 974 2001 1027 for-

421 1073 565 1118 tunae
591 1062 810 1118 casibus
837 1062 996 1120 adert
1016 1065 1219 1135 justam
1245 1080 1484 1135 poenam.
1505 1066 1611 1120 Sed
1644 1075 1822 1120 tamen
1849 1065 2003 1120 Pala-

420 1156 574 1211 micze
596 1156 821 1211 haeresis
845 1156 1064 1212 ianatici
1088 1158 1309 1213 asseclze
1327 1160 1508 1213 obitus
1534 1156 1916 1227 ignominiam,
1941 1166 2002 1211 ut

421 1248 631 1301 dictum
668 1258 776 1312 est,
811 1262 912 1317 pro
944 1248 1162 1303 viribus
1186 1248 1442 1319 obtegere
1468 1250 1777 1314 studentes,
1797 1250 2001 1304 multos

419 1353 673 1392 nummos
719 1337 1038 1402 praebebant
1082 1339 1362 1395 nonnullis
1421 1339 1698 1409 egentium
1761 1340 1816 1394 in
1862 1340 2000 1394 vicis

418 1442 854 1499 prostratorum,
889 1439 951 1484 ut
990 1430 1149 1486 nobis
1192 1430 1339 1485 clare
1401 1431 1776 1501 patefecerunt
1804 1432 2000 1487 litterae

422 1519 551 1572 inde
578 1520 739 1574 nobis
763 1520 942 1573 allata:
968 1561 983 1585 ,
1016 1519 1291 1589 simulque
1321 1521 1586 1576 accedere
1612 1536 1708 1575 eos
1730 1522 2001 1593 juhehant

418 1613 485 1665 ad
534 1611 764 1666 Palatina:
808 1613 1142 1682 sepulcrum,
1171 1622 1226 1666 et
1284 1615 1495 1667 somnia
1541 1612 1698 1682 551
1742 1614 2001 1684 evulgare

421 1702 750 1756 miraculosa
792 1712 848 1756 et
896 1702 1023 1755 talia
1060 1716 1294 1768 canere,
1332 1716 1528 1772 magna
1565 1702 1823 1757 mercede
1860 1717 1997 1758 con-

2105 523 2174 577 τὰ
2207 523 2381 577 τοιαδὶ
2413 522 2618 592 φροῦδά
2637 539 2699 575 τε
2730 523 2824 575 καὶ
2848 524 3112 592 ἀνεμιαῖα
3134 522 3214 593 τῷ
3235 521 3328 574 τοῦ
3354 522 3552 592 χρόνου
3584 522 3680 593 βα-

2103 613 2307 679 δίζοντι
2339 614 2699 683 ἐξηλέγχοντο
2724 628 2739 644 ο
2774 605 2837 666 ού
2871 613 2983 682 γὰρ
3025 613 3143 674 τοῖς
3202 609 3347 665 οῦτω
3384 613 3678 682 προδήλοις

2103 702 2211 755 τῶν
2239 703 2451 771 ψευδῶν
2481 704 2515 773 ἡ
2548 702 2784 772 ἀλήθεια
2811 701 3162 755 θωπεύεσθαι
3219 698 3421 754 εἴωθεν
3444 714 3459 731 ·
3502 701 3620 753 ἀλλ’
3648 703 3679 753 ὀ

2103 794 2295 863 χρόνος
2349 794 2650 864 ἀνιχνεύων
2706 792 2908 847 ἀπανθ’
2961 793 3037 856 ὼς
3067 791 3216 855 είκδς
3249 792 3434 845 ἔπεισί
3482 809 3542 844 τε
3579 794 3680 843 καὶ

2105 885 2408 938 ἐπιτίθεται
2437 883 2617 939 ἄλλοτ’
2649 884 2850 950 ἄλλως,
2889 884 3149 953 καθάπερ
3176 884 3242 947 ,ὲν
3282 882 3498 953 δίφροις
3529 885 3679 953 ἡνιο-

2104 977 2380 1046 στροφῶν,
2416 976 2486 1031 τά
2513 976 2624 1031 τῶν
2671 976 2987 1046 λεγομένων
3042 992 3101 1030 τε
3147 975 3243 1028 καὶ
3277 975 3678 1043 πραττομένων

2103 1069 2333 1140 πέρατα.
2362 1069 2461 1123 καὶ
2497 1068 2648 1138 παρὰ
2700 1069 2883 1122 πᾶσαν
2911 1067 3139 1137 δόκησιν
3188 1065 3371 1120 ἄλλοτ’
3401 1065 3577 1127 ἄλλως
3616 1068 3676 1117 ὲν

2102 1162 2169 1230 τῇ
2198 1158 2293 1212 τοῦ
2326 1160 2442 1224 βίου
2474 1159 2720 1231 θαλάσση
2748 1158 3004 1229 στρέφων
3032 1158 3254 1228 ἑκάστῳ
3287 1155 3384 1211 τοῦ
3420 1157 3670 1224 σκάφους

2102 1254 2229 1315 τοὺς
2263 1253 2485 1314 οτακας⁶
2514 1252 2605 1305 καὶ
2631 1244 2713 1313 οἷς
2738 1250 3142 1319 ξυμπέπτωκεν
3168 1248 3346 1313 ἄλλως
3376 1250 3436 1301 ὲν
3488 1247 3674 1308 ἀλλοις

2104 1341 2481 1414 προσκροῦσαι
2502 1341 2622 1411 Θεῷ
2653 1344 2868 1412 καιροῖς
2896 1358 2959 1395 τε
2986 1340 3308 1403 καὶιτόποις
3364 1340 3462 1393 καὶ
3494 1339 3676 1408 πράγ-

2105 1451 2260 1506 μασι,
2285 1434 2500 1498 τούτοις
2531 1434 2707 1500 ἄλλως
2759 1435 2819 1487 ὲν
2855 1434 3048 1497 ἄλλαις
3101 1433 3448 1503 πραγμάτων
3477 1430 3677 1501 τύχαις

2101 1528 2357 1598 ἐπιφέρει
2385 1526 2485 1597 τὴν
2522 1528 2704 1595 δίκην.
2736 1528 2930 1596 Ὅμως
2957 1526 3009 1580 oi
3031 1527 3133 1597 τῆς
3161 1526 3485 1594 Παλαμικῆς
3516 1526 3674 1594 αίρέ-

2101 1635 2241 1682 σεως
2288 1618 2554 1671 διασῶται
2582 1616 2644 1670 τὸ
2685 1616 2786 1686 τῆς
2815 1616 3099 1684 τελευτῆς,
3133 1615 3209 1678 ὡς
3242 1616 3478 1684 εἴρηται,
3498 1612 3678 1680 αῐσχι-

2102 1726 2228 1762 στον
2245 1708 2511 1778 κρύπτειν
2537 1709 2614 1772 ὡς
2638 1709 2868 1779 δύναμις
2883 1708 3251 1777 ἐπειγόμενοι,
3281 1706 3451 1775 συχνὰ
3486 1706 3677 1771 παρεῖ-

419 1795 637 1848 duetos.
674 1793 805 1859 Quae
841 1807 974 1847 vero
1010 1792 1138 1847 inde
1181 1793 1503 1863 Byzantium
1553 1793 1856 1863 migrantes
1891 1794 1994 1849 viri

2100 1819 2192 1872 χον
2212 1800 2456 1869 ἀργύρια
2483 1800 2593 1853 τῶν
2623 1801 2681 1854 ιν
2712 1801 2834 1863 ταῖς
2882 1801 3101 1867 ἀγυιαῖς
3156 1797 3510 1868 ἐρριμμένων
3565 1811 3674 1848 πε-
3702 1858 3709 1865 ο

420 1896 647 1940 narrant
681 1885 842 1940 nobis
875 1886 1154 1956 simulque
1191 1887 1316 1941 alia:
1369 1886 1567 1941 littera:
1601 1896 1761 1942 erant
1793 1888 1996 1947 bascce.

2100 1899 2274 1965 νήτων
2326 1894 2516 1959 ἐνίοις,
2542 1891 2616 1955 ὡς
2641 1892 2711 1946 τά
2738 1891 2953 1953 ἐκεῖθεν
2978 1892 3117 1960 ἡμῖν
3156 1887 3537 1959 ἀφικνούμενα
3585 1887 3678 1938 δε-

420 1980 758 2050 Ροειιμιοιῐι,
799 1988 861 2033 ut
904 1979 1188 2045 referunt,
1232 1980 1327 2050 qui
1374 1980 1618 2052 Byzantii
1670 1980 1773 2036 ista
1816 1981 1871 2035 in
1905 1996 1998 2037 co-

421 2075 580 2127 horte
609 2085 801 2138 erant,
838 2074 978 2129 clam
1011 2072 1224 2143 singula
1256 2072 1507 2142 quazdam
1556 2087 1587 2127 e
1639 2073 1863 2142 scriptis
1897 2087 1998 2127 no-
2038 2080 2041 2081 ⁷

418 2165 549 2221 stris
573 2165 824 2220 suﬂ‘urati
851 2173 1032 2230 erant,
1048 2178 1173 2218 cum
1199 2178 1259 2218 se
1283 2178 1566 2235 opponere
1590 2179 1700 2218 non
1727 2163 1993 2229 valerent,

420 2266 481 2311 ut
514 2258 720 2311 dictum
752 2265 877 2318 est,
913 2255 981 2310 ad
1019 2255 1326 2310 invalidum
1358 2256 1628 2309 auxilium
1664 2254 1995 2310 necessitate

421 2351 599 2404 coacti
648 2360 710 2402 ut
757 2349 1066 2403 secundum
1097 2360 1321 2402 ventum
1355 2346 1776 2416 respectabant,
1809 2355 1865 2401 et
1897 2346 1997 2401 Pa-

419 2443 578 2496 lamze
612 2440 1058 2496 Thessalonicam
1103 2452 1168 2493 ea
1214 2438 1487 2492 miserunt
1530 2437 1827 2493 incitantes
1867 2451 1994 2492 eum

419 2536 487 2589 ad
549 2533 836 2588 audaciam
893 2530 1273 2596 defensionis,
1322 2530 1520 2586 similia
1583 2530 1849 2586 facientes
1905 2529 1993 2595 iis,

421 2627 515 2697 qui
544 2627 742 2697 exiguo
771 2626 824 2679 in
852 2624 1109 2680 naviculo
1140 2638 1349 2694 magna:
1378 2622 1538 2677 navis
1563 2637 1707 2677 onus
1735 2636 1995 2676 accumu-

422 2720 536 2773 lare
585 2719 765 2773 conati
794 2757 807 2779 ,
841 2716 895 2771 id
930 2718 986 2772 in
1023 2715 1356 2787 profundum
1390 2715 1492 2769 sub
1525 2728 1669 2784 aqua
1700 2713 1994 2768 demittere

421 2807 622 2863 deinde
660 2817 887 2879 repente
917 2817 1214 2876 coguntur.
1262 2805 1539 2861 Consueta
1582 2805 1751 2875 igitur
1794 2804 1996 2860 mentis

425 2903 727 2959 ambitione
774 2902 1034 2957 inductus
1084 2901 1256 2956 etiam
1307 2909 1438 2954 tunc
1489 2899 1745 2953 Palamas
1792 2897 1996 2968 lingua:

424 2995 821 3066 malignitatem
849 2993 1120 3059 exercuit,
1151 2991 1425 3061 simulque
1455 2990 1671 3046 dulcem
1700 2989 1996 3060 quamdam

421 3101 575 3156 spem
610 3085 931 3156 pra-libans,
952 3083 1157 3154 quibus
1190 3081 1576 3137 haereticorum
1612 3091 1818 3136 sectam
1850 3095 1999 3136 com—
2023 3115 2067 3172 ϐ

423 3178 559 3245 pleri
597 3192 661 3231 eo
692 3186 940 3245 tempore
972 3174 1215 3237 accidit,
1251 3188 1433 3241 neque
1469 3174 1783 3243 repudiavit
1815 3189 1994 3243 neque

421 3277 716 3323 cunctatus
745 3275 852 3321 est.
890 3265 996 3320 Sed
1035 3267 1088 3319 in
1122 3256 1299 3318 multo
1332 3265 1506 3335 majus
1535 3281 1697 3333 quam
1730 3281 1830 3335 pro
1862 3266 1995 3319 viri-

422 3361 526 3414 bus
556 3359 670 3411 suis
701 3366 979 3412 certamen
1018 3371 1077 3411 se
1113 3357 1419 3409 immitlens
1448 3362 1648 3424 "passus
1681 3367 1765 3409 est
1799 3371 1992 3424 magna

421 3450 805 3504 exsecratione
831 3448 995 3517 digna
1027 3456 1081 3501 et
1110 3456 1314 3516 quanta
1346 3447 1534 3501 dicere
1565 3462 1664 3503 nos
1697 3447 1858 3499 hodie
1891 3462 1991 3515 pu-

424 3545 539 3606 det,
574 3557 640 3595 ne
687 3542 811 3610 quis
840 3555 939 3594 nos
973 3540 1039 3593 de
1068 3541 1188 3610 ejus
1217 3538 1501 3593 doloribus
1533 3538 1772 3609 gaudere
1816 3537 1996 3606 suspi-

425 3642 603 3694 cetur,
624 3631 714 3701 qui
744 3631 962 3700 quidem
995 3631 1063 3685 ab
1086 3630 1269 3685 indole
1298 3638 1484 3684 nostra
1518 3644 1747 3699 prorsus
1778 3628 1995 3682 dissen-

428 3727 529 3780 tiat
561 3740 622 3777 ac
658 3722 891 3777 mendax
946 3724 1035 3777 sit.
1080 3721 1233 3777 Clam
1285 3724 1433 3776 enim
1484 3722 1540 3775 in
1587 3736 1653 3775 eo
1697 3721 1996 3775 certamine

428 3827 572 3872 tutos
598 3817 665 3868 di.
689 3832 714 3869 s
738 3826 986 3870 versatus
1020 3823 1105 3869 cst
1123 3825 1178 3869 et
1210 3823 1346 3868 totas
1370 3822 1560 3868 noctes
1584 3814 1862 3868 insomnes
1886 3814 1998 3883 egit

426 3907 751 3975 priusquam
778 3903 982 3972 aliquid
1016 3919 1082 3956 ex
1112 3901 1311 3957 studiis
1335 3902 1450 3956 suis
1470 3901 1777 3971 proliceret,
1799 3911 1997 3953 mentis

422 3992 826 4069 delirio,atque
859 3999 1091 4062 insmia,
1116 4007 1175 4051 ut
1203 3997 1429 4058 dicitur,
1451 4006 1741 4064 correptus
1774 4003 1998 4065 propter

424 4093 649 4147 nimiam
690 4090 995 4147 siccitatam
1038 4088 1295 4144 cerebri:
1336 4086 1495 4157 552
1526 4096 1583 4141 et
1612 4088 1899 4156 sequentia
1927 4088 1996 4141 ah

425 4186 549 4240 aliis
595 4185 833 4240 testibus
871 4183 1032 4237 simul
1082 4191 1136 4235 et
1184 4181 1545 4249 scriptoribus
1592 4180 1785 4234 audire
1833 4178 1993 4244 licet;

426 4289 609 4344 neque
642 4274 790 4328 enim
823 4282 881 4327 et
915 4278 1269 4326 accusatores
1309 4270 1438 4323 talia
1477 4284 1578 4323 nos
1620 4284 1767 4324 nunc
1802 4267 1997 4322 memi-

426 4369 653 4429 nimus;
708 4364 918 4419 scimus
965 4362 1113 4416 enim
1167 4361 1327 4416 malis
1377 4361 1543 4416 simul
1584 4370 1640 4414 et
1683 4360 1843 4414 bonis
1877 4359 1993 4428 pari

2094 1990 2308 2060 δήλωκε
2336 1989 2669 2058 γράμματα,
2702 1989 2797 2041 καὶ
2819 1988 2939 2057 ἀμα
2962 1986 3249 2059 προσιέναι
3267 1999 3327 2035 τε
3357 1979 3672 2046 ἔπειθοντῷ

2095 2077 2405 2150 Παλαμικῷ
2431 2078 2590 2149 τάφῳ
2618 2077 2715 2130 καὶ
2741 2077 2987 2146 ὀνείρους
3031 2074 3398 2143 ἐπιφημίζειν
3428 2068 3673 2138 τερατώ-

2092 2171 2206 2234 δεις
2228 2171 2383 2229 τινὰς
2411 2172 2510 2223 καὶ
2537 2170 2662 2222 λίαν
2684 2170 2770 2236 ιφ*
2803 2162 2886 2229 οἷς
2934 2164 3264 2237 ἐμισθοῦντο
3317 2164 3666 2234 συνᾴδοντας.

2100 2263 2167 2314 ’Δ
2197 2259 2243 2313 δ’
2272 2261 2322 2313 οί
2352 2259 2562 2313 ἐκεῖθεν
2581 2261 2664 2322 είς
2696 2257 2996 2321 Βυζάντιον
3048 2256 3442 2325 ἀφικνούμενοι
3474 2252 3671 2322 συχνό-

2093 2368 2251 2422 τερον
2282 2350 2476 2422 ἄνδρες
2508 2350 2572 2423 [1⁵.
2601 2349 2710 2405 269
2740 2349 2794 2421 b]
2840 2347 3022 2404 ἄλλοτ’
3053 2348 3202 2404 ἄλλοι
3246 2344 3553 2418 διηγοῦντο,
3571 2344 3668 2397 καὶ

2095 2442 2212 2511 ἅμα
2239 2441 2308 2493 τὰ
2337 2440 2546 2512 ἑτέροις
2576 2440 2744 2514 ἕτερα
2763 2441 2873 2494 τῶν
2897 2439 3267 2510 γραμμάτων,
3293 2433 3433 2509 ἦσαν
3453 2435 3663 2490 τοιάδε.

2097 2535 2256 2589 Μετὰ
2282 2534 2391 2604 γὰρ
2420 2534 2483 2586 τὸ
2511 2533 2689 2605 λάθρα
2738 2534 2848 2588 τῶν
2906 2533 3217 2603 ἡμετέρων,
3273 2531 3461 2600 φασιν,
3515 2525 3668 2590 ἐνίας

2099 2625 2396 2695 ὑφελέσθαι
2421 2624 2639 2694 βίϐλους
2659 2627 2709 2678 οἱ
2743 2627 2804 2679 ἑν
2834 2624 3119 2694 Βυζαντίῳ
3140 2623 3242 2692 τῆς
3268 2622 3547 2690 φάλαγγος
3581 2621 3667 2672 δν-

2095 2734 2187 2780 τες
2220 2716 2461 2778 ἐκείνου,
2502 2717 2631 2771 ἐπεὶ
2657 2718 2730 2785 μὴ
2760 2714 3018 2769 ἐδύναντο
3047 2714 3374 2782 ἀντιλέγειν,
3409 2713 3484 2775 ὡς
3509 2712 3665 2782 εἴρη-

2096 2825 2209 2875 ται,
2242 2811 2382 2879 πρὸς
2407 2809 2508 2879 τὴν
2539 2808 2772 2880 συκίνην
2796 2806 3126 2880 ἐπικουρίαν
3170 2806 3229 2869 ές
3278 2804 3527 2873 ἀνάγκης
3573 2805 3667 2855 τὸν

2095 2898 2351 2970 δεύτερον
2381 2898 2616 2962 ἔϐλεψαν
2645 2898 2834 2962 πλοῦν,
2867 2898 2964 2951 καὶ
3001 2897 3080 2968 τῷ
3108 2897 3344 2967 Παλαμᾷ
3369 2897 3427 2958 ἐς
3460 2895 3665 2947 Θεσσαο

2098 2990 2323 3062 λονίκην
2361 2990 2504 3045 αὐτὰ
2557 2990 3004 3061 επεπόμφεισαν,
3056 2991 3138 3051 είς
3201 2988 3419 3059 ἀμύνης
3461 2987 3668 3056 τόλμαν

2100 3082 2267 3137 αὐτὸν
2300 3080 2664 3152 ἐρεθίζοντες,
2694 3080 3062 3154 παραπλήσια
3085 3079 3325 3152 δρῶντες
3349 3072 3432 3141 οἷς
3454 3076 3667 3146 ἀκατίῳ

2102 3175 2301 3245 βραχεῖ
2332 3174 2580 3245 μεγάλης
2625 3173 2852 3237 ὁλκάδος
2891 3174 3309 3242 ἐπισωρεύσασι
3362 3171 3561 3239 φόρτον
3614 3170 3668 3231 ἐς

2097 3266 2471 3337 ὑποϐρυχίους
2500 3265 2792 3331 πυθμένας
2824 3263 2988 3317 ὠθείν
3019 3264 3186 3328 εὐθὺς
3239 3264 3540 3331 ἐξεγένετο.
3585 3263 3665 3331 Τῇ

2096 3362 2207 3431 γὰρ
2260 3360 2547 3431 εἰθισμένη
2605 3359 2709 3426 τῆς
2751 3357 2979 3428 γνώμης
3030 3357 3313 3427 φιλοδοξίᾳ
3363 3356 3459 3412 καὶ
3509 3356 3608 3408 νῦν
3639 3359 3668 3407 ὁ

2099 3452 2367 3520 Παλαμᾶς
2394 3451 2453 3504 τὸ
2481 3451 2580 3520 τῆς
2609 3450 2856 3520 γλώττης
2896 3450 3258 3520 χαριζόμενος
3306 3448 3665 3518 βλασφημού-

2101 3560 2284 3614 μενον,
2321 3545 2413 3597 καὶ
2456 3542 2574 3613 ἅμα
2623 3543 2884 3611 γλυκείας
2933 3543 3083 3606 τινὸς
3132 3542 3464 3613 παραγεύων
3516 3541 3668 3593 ἑλπί-

2096 3634 2183 3700 δις
2207 3631 2289 3698 οἷς
2329 3635 2421 3688 τὸν
2475 3634 2812 3706 αἰρεσιώτην
2861 3635 3032 3704 δῆμον
3071 3633 3317 3704 πληροῦν
3364 3632 3699 3702 τηνικαῦτα.

2100 3725 2450 3792 ξυνέπιπτεν,
2480 3725 2595 3781 οὔτ’
2620 3728 3006 3797 ἀπηγόρευσεν
3058 3726 3174 3779 οὒτ’
3206 3725 3527 3790 ἀνεϐάλετο,
3549 3725 3667 3779 ἀλλ’

2098 3821 2177 3879 εἰς
2213 3817 2397 3887 μεῖζον
2432 3818 2626 3887 μακρῷ
2675 3820 2777 3886 τῆς
2831 3818 3105 3888 σφετέρας
3166 3817 3448 3887 δυνάμεως
3499 3817 3668 3888 ἐμϐε-

2098 3909 2316 3978 ϐληκὼς
2367 3909 2561 3962 ἑαυτὸν
2614 3909 2906 3979 ἀγώνισμα
2964 3908 3202 3963 πέπονθε
3255 3909 3503 3978 κατάρας
3528 3908 3667 3974 ’ἀξια

2102 4000 2345 4071 μακρᾶς,
2382 4000 2481 4052 καὶ
2504 3999 2607 4052 ὅσα
2639 3997 2825 4064 λέγειν
2854 3999 3019 4068 ἡμεῖς
3068 3997 3371 4069 αίδούμεθα
3399 4000 3665 4070 τήμερον,

2104 4091 2178 4162 μή
2210 4108 2292 4156 τις
2320 4091 2466 4160 ἡμᾶς
2497 4091 2573 4160 τῷ
2594 4091 2889 4143 πεπονθότι
2916 4091 3129 4161 χαίρειν
3152 4090 3511 4144 ὑποπτεύσειε
3539 4131 3554 4153 ,
3572 4090 3667 4144 τοῦ

2096 4181 2265 4252 ἧθους
2298 4181 2454 4249 ἡμῶν
2481 4181 2662 4243 ὁποῖός
2691 4196 2774 4243 τις
2797 4179 2864 4234 ἂν
2899 4180 2986 4250 εῐη
3017 4180 3195 4251 πάντη
3224 4180 3526 4251 διεστηκὼς
3574 4184 3669 4234 καὶ

2099 4271 2598 4342 καταψευδόμενος.
2626 4270 2715 4341 Τῷ
2760 4272 2870 4343 γὰρ
2901 4272 3080 4341 ἀγῶνι
3120 4275 3324 4344 τουτῳὶ
3379 4273 3669 4343 συνδιημε·

2101 4360 2275 4433 ρεύων
2306 4363 2401 4413 καὶ
2454 4360 2654 4425 νύκτας
2711 4361 2839 4424 ὅλας
2903 4363 3219 4431 ἀγρύπνους
3263 4361 3545 4429 διατελῶν,
3593 4362 3668 4425 ὡς

427 4457 597 4512 modo
626 4456 755 4510 talia
786 4454 1083 4509 immittere
1113 4453 1406 4508 Dominum
1438 4451 1717 4516 consiliis,
1753 4466 1873 4520 quae
1903 4465 1999 4504 no-

2111 4456 2296 4523 φασὶν,
2325 4451 2506 4517 ἔλαθε,
2541 4454 2672 4521 πρὶν
2707 4451 2889 4506 ὁτιοῦν
2933 4453 3240 4506 ἀπόνασθαι
3269 4454 3366 4523 τῆς
3405 4453 3666 4523 σπουδῆς,

426 4550 509 4603 vit
541 4548 715 4601 solus.
747 4544 853 4601 Sed
883 4560 950 4600 ex
982 4546 1050 4600 iis
1081 4559 1203 4615 quae
1233 4554 1363 4600 sunt
1397 4544 1451 4598 in
1499 4542 1730 4598 historia
1759 4541 1907 4613 iusta
1940 4550 1997 4596 et

427 4634 645 4707 singula
690 4638 875 4692 omnia
915 4647 1204 4706 quaerunt,
1249 4645 1306 4691 et
1353 4651 1455 4690 nos
1483 4633 1648 4689 etiam
1686 4634 1899 4689 modice
1935 4648 1998 4688 ea

426 4728 785 4797 attingimus,
812 4741 933 4796 quae
956 4725 1176 4796 longius
1200 4724 1462 4796 persequi
1486 4723 1579 4779 alii
1609 4723 1835 4778 minime
1866 4738 2000 4777 cun-

427 4825 683 4871 ctantur:
715 4815 808 4869 sed
845 4823 1035 4884 aperte
1061 4815 1111 4868 ei
1144 4814 1380 4869 daemoni
1411 4813 1631 4881 culpam
1667 4810 1993 4875 ascribunt,

427 4905 518 4967 cui
550 4905 693 4959 malo
722 4906 868 4960 l‘acto
899 4920 999 4976 per
1032 4904 1331 4959 voluntatis
1358 4903 1658 4972 nequitiem
1692 4906 1847 4974 quasi
1881 4920 2001 4958 sors

427 4998 677 5068 quzedam
709 4998 910 5051 tributa
938 5007 1023 5051 est
1046 4995 1383 5066 perniciosa,
1409 4994 1716 5064 principem
1741 5010 1863 5049 esse
1892 4995 2002 5048 ha:-

428 5086 632 5140 resium
663 5086 752 5140 hic
787 5086 901 5140 illic
931 5094 1124 5139 contra
1177 5082 1275 5137 Dei
1317 5081 1615 5136 Ecclesiam
1652 5084 1997 5138 nascentium

428 5193 493 5234 ac
519 5179 1028 5244 renaseentium,let
1061 5173 1295 5248 pessima
1322 5186 1551 5244 quicque
1585 5174 1764 5230 facere
1792 5190 1892 5246 pro
1922 5174 2002 5228 vi-

429 5270 584 5323 ribus
630 5272 744 5322 suis
768 5309 783 5333 ,
833 5269 1111 5336 simulque
1143 5275 1357 5320 certare
1392 5260 1656 5319 continuo
1689 5276 1881 5321 contra
1914 5283 2001 5320 re-

431 5363 917 5430 prmsentationeni
972 5367 1316 5412 sanctorum.
1372 5357 1549 5427 Atque
1603 5357 1722 5411 haec
1772 5358 1997 5427 quidem

431 5452 557 5507 illos
601 5453 693 5520 qui
741 5453 927 5505 cultus
980 5451 1275 5520 imperium
1323 5451 1374 5506 ei
1427 5448 1779 5506 tradiderunt
1832 5461 1997 5520 atque

434 5546 621 5601 omnis
647 5557 703 5599 et
733 5547 843 5600 vita
874 5553 931 5600 et
958 5544 1155 5614 agendi
1184 5545 1323 5597 ratio
1351 5545 1418 5598 ah
1445 5542 1769 5597 orthodoxis
1797 5534 2007 5597 discch

433 5646 574 5693 nunt
607 5649 661 5691 et
695 5656 720 5687 ιι
755 5636 927 5693 choro
960 5646 1292 5707 segregant:
1331 5653 1399 5692 ne
1436 5637 1615 5690 dicam
1649 5652 1677 5689 a
1713 5646 1850 5704 quot
1891 5637 2000 5707 jam

431 5742 487 5790 et
513 5729 844 5800 patriareliis
868 5740 925 5784 et
950 5729 1226 5799 episcoiiis
1254 5747 1377 5785 cum
1408 5738 1732 5785 nasceretur
1757 5729 2001 5797 haeresis,

2100 4543 2368 4614 φρενίτιδι
2414 4545 2508 4595 καὶ
2537 4543 2706 4614 μανίᾳ
2750 4544 3003 4615 κάτοχος,
3032 4543 3108 4606 ὡς
3165 4545 3401 4614 εἴρηται,
3430 4544 3668 4613 γεγονὼς

2097 4635 2187 4688 διὰ
2214 4634 2514 4706 ξηρότητος
2549 4635 2858 4706 ὑπερϐολὴν
2895 4637 3225 4705 ἐγκεφάλου.
3282 4638 3393 4690 Καὶ
3424 4639 3492 4690 τά
3542 4638 3670 4706 ἑξῆς

2099 4727 2366 4794 λεγόντων
2390 4725 2525 4797 ὁμοῦ
2551 4729 2644 4780 καὶ
2666 4727 2992 4796 γραφόντων
3016 4727 3104 4780 έτέ
3114 4745 3225 4797 ρων
3248 4727 3340 4779 ἐστ
3351 4745 3396 4779 ιν
3424 4728 3663 4780 ἀκούειν.

2100 4819 2176 4871 Οὐ
2199 4819 2306 4887 γὰρ
2333 4817 2690 4881 ὀνειδίζοντες
2726 4817 3059 4889 μεμνήμεθα
3084 4818 3195 4870 τῶν
3230 4820 3493 4871 τοιούτων
3508 4821 3667 4889 ἡμεῖς

2101 4905 2215 4962 νῦν·
2262 4908 2422 4979 ῐσμεν
2443 4907 2550 4976 γὰρ
2570 4908 2646 4969 ὡς
2678 4910 2935 4977 πονηροῖς
2956 4924 3016 4960 τε
3048 4909 3144 4961 καὶ
3177 4909 3405 4976 ἀγαθοῖς
3431 4910 3518 4960 ἐπ’
3550 4908 3668 4975 ἴσης

2102 4998 2283 5052 ἔπεισι
2313 4999 2381 5052 τὰ
2408 5000 2603 5063 τοιαδὶ,
2631 4993 2713 5063 οἷς
2763 5001 2926 5069 μόνος
2980 4996 3091 5053 οἶδε
3149 5001 3384 5069 κρίμασι
3426 5000 3628 5069 Κύριος
3654 5013 3667 5026 ⁸

2101 5083 2238 5144 ἀλλὰ
2278 5090 2386 5143 τῶν
2434 5092 2532 5161 τῆς
2585 5092 2832 5164 ἱστορίας
2881 5093 3222 5163 ἐγκειμένων
3282 5091 3528 5162 νομίμων
3578 5090 3673 5143 καὶ

2104 5184 2225 5235 καθ’
2245 5183 2457 5234 ἕκαστα
2493 5182 2807 5253 ζητούντων
2839 5185 3083 5249 ἅπαντα,
3117 5185 3353 5255 μετρίως
3388 5186 3548 5253 ἡμεῖς
3575 5183 3672 5235 καὶ

2102 5274 2213 5327 τῶν
2242 5275 2501 5327 τοιούτων
2533 5276 2838 5345 ἁπτόμεθα.
2865 5277 2932 5328 "A
2955 5274 3290 5345 πλατύτερον
3322 5276 3500 5345 ἕτεροι
3530 5275 3666 5341 διεξο

2107 5369 2244 5420 ιέναι
2302 5367 2482 5437 ἥκιστ’
2512 5368 2800 5421 ὀκνοῦσιν·
2827 5368 2942 5421 ἀλλ’
2970 5368 3168 5439 ἐκείνῳ
3206 5370 3302 5436 τὴν
3359 5369 3541 5419 αἰτίαν
3574 5382 3669 5418 σα-

2106 5460 2220 5527 φῶς
2250 5457 2327 5523 τῷ
2356 5458 2572 5529 δαίμονι
2617 5461 3111 5531 παραπέμπουσιν,
3141 5455 3458 5531 ᾤ’πονηρῷ
3508 5475 3665 5527 γενο·

2111 5552 2259 5619 μένῳ
2292 5550 2381 5603 διὰ
2412 5551 2725 5622 βουλήσεως
2763 5553 3073 5623 μοχθηρίαν
3107 5553 3367 5622 καθάπερ
3416 5570 3500 5616 τις
3524 5554 3669 5620 ὲφείο

2106 5658 2198 5693 ται
2220 5642 2419 5710 κλῆρος
2445 5644 2641 5708 ἀΐδιος,
2665 5642 2774 5696 τῶν
2828 5645 3010 5699 ἄλλοτ’
3065 5644 3240 5707 άλλως
3276 5645 3563 5714 φυομένων
3609 5659 3669 5695 τε

2109 5735 2201 5786 καὶ
2258 5735 2639 5805 ἐπιφυομένων
2678 5740 2823 5790 κατά
2874 5740 2972 5808 τῆς
3026 5737 3124 5790 τοῦ
3167 5735 3302 5789 Θεοῦ
3347 5736 3668 5805 Ἐκκλησίσς
