4016 6478
288 388 389 452 ιδ)
1158 438 1177 446 ,
1210 378 1663 444 ΒΥΖΑΝΤιΝΑξ
1703 378 2097 439 Πιετοιιυε
2132 379 2279 440 LlB.
2324 376 2629 440 xxxvn.
3424 380 3530 443 490

282 502 622 577 ἡγεῖσθαίτε
650 502 919 572 αἱρέσεων
955 500 1050 553 καὶ
1087 499 1267 553 πάντα
1300 498 1436 568 δρᾷν
1471 498 1539 549 τὰ
1597 494 1853 565 χαλεπώ-

1986 508 2014 547 η
2055 492 2404 548 anathemata
2439 491 2780 558 incidentes,
2815 492 2869 546 in
2904 501 3167 547 aeternum
3200 492 3384 563 ignem
3423 497 3530 552 sint

280 615 422 652 τατα
450 595 573 650 κατ’
604 594 876 661 ἐξουσίαν,
897 594 992 647 καὶ
1009 594 1127 663 ἆμα
1150 591 1420 663 ἐρεθίζειν
1444 589 1500 653 ἐς
1522 606 1585 658 γε
1605 590 1665 643 τὸ
1679 588 1846 640 πλάτ-
1951 584 2202 642 demissi.

280 713 397 750 τειν
439 694 626 764 ἁγίους
651 692 996 764 αὐθημερὸν,
1052 692 1145 744 καὶ
1185 688 1340 744 ταῦτ’
1379 687 1622 749 ἐκείνους
1674 685 1724 740 οἳ
1792 683 1893 753 τὴν
1930 683 2029 751 τῆς
2089 681 2351 752 λατρείας
2384 684 2686 753 ἡγεμονίαν
2717 679 2912 750 ἐκείνῳ
2936 696 2996 732 τε
3039 680 3396 747 ὲκδεδὼκασι,
3445 686 3535 737 καὶ

291 794 438 856 ἄπας
476 792 674 853 αὐτοὺς
708 792 802 845 καὶ
827 790 941 860 βίος
968 791 1064 843 καὶ
1086 788 1243 853 λόγος
1276 789 1374 840 καὶ
1399 782 1603 857 πρᾶξις
1658 783 1754 836 τοῦ
1783 782 1893 836 τῶν
1930 779 2231 853 όρθοδόξων
2287 779 2459 833 πάλαι
2502 778 2763 850 διέγραφὲ
2807 795 2865 831 τε
2906 777 3000 830 καὶ
3057 779 3305 849 περιεῖλε
3345 780 3537 852 χοροῦ,

286 892 377 944 ἴνα
412 890 489 961 μὴ
517 890 740 953 ὁπόσοις
775 888 920 956 λέγω
954 886 1046 940 καὶ
1070 886 1159 954 ὑφ’
1191 887 1331 939 ὅσων
1356 883 1469 937 τῶν
1502 879 1861 953 πατριαρχῶν
1893 894 1954 931 τε
2020 879 2120 932 καὶ
2179 877 2502 930 ἐπισκόπων
2536 875 2818 946 φυομένης
2849 875 2951 947 ἤδη
2979 876 3080 945 τῆς
3110 875 3380 964 αἱρέσεως
3411 880 3538 935 ἀνα-

286 981 521 1060 θέμεισιν
579 981 918 1050 ἐμπεσόντες
977 977 1057 1048 τῷ
1108 976 1318 1048 αἰωνίῳ
1357 974 1496 1045 πυρὶ
1540 970 2046 1042 παρεπέμφθησαν.

363 1097 424 1170 [ί.
452 1096 557 1152 270
594 1095 653 1168 α]
696 1097 797 1150 IA'.
848 1096 954 1150 Καὶ
1000 1096 1173 1149 ταῦτα
1222 1095 1321 1164 μὲν
1349 1092 1543 1147 τοῦτον
1588 1090 1716 1161 ἔσχε
1768 1089 1862 1141 τὸν

2041 1087 2136 1141 ΧΙ.
2153 1089 2328 1157 Atque
2348 1086 2460 1141 haec
2476 1086 2696 1156 quidem
2719 1087 3009 1143 hactenus.
3026 1089 3143 1145 1.2m
3166 1104 3298 1145 vero
3312 1105 3381 1146 eo
3398 1091 3542 1147 unde

282 1190 511 1261 τρόπον·
536 1188 648 1258 ἐγὼ
668 1189 713 1241 δ’
749 1191 927 1242 ἐκεῖνο
956 1186 1380 1257 ἐπαναλήψομαι
1409 1184 1527 1238 νῦν.
1562 1183 1625 1237 Οἱ
1663 1183 1773 1251 γὰρ
1799 1179 1862 1232 τὸ

1986 1177 2240 1233 leclinavi
2268 1188 2535 1233 revertar.
2569 1179 2671 1245 Qui
2698 1179 3014 1236 Gala'arum
3067 1182 3350 1237 castellum
3383 1183 3544 1255 553

286 1281 686 1349 Γαλατὼνυμον
756 1281 976 1351 ἔχοντες
1020 1279 1306 1351 φρούριον,
1345 1278 1531 1344 ὲξότου
1600 1273 1863 1346 βραχείας

1986 1270 2231 1325 ,ειιεὺιιηι
2254 1270 2381 1325 inde
2402 1270 2471 1324 ab
2490 1286 2557 1325 eo
2578 1280 2822 1342 tempore
2846 1288 2956 1341 quo
2971 1274 3178 1344 exiguae
3196 1274 3343 1330 illius
3366 1290 3433 1332 ex
3449 1277 3543 1333 ab-

285 1368 504 1440 ὲκείνης
538 1369 597 1434 ἐξ
620 1368 820 1437 ἀλόγου
844 1371 1019 1439 φορᾶς
1048 1369 1146 1422 καὶ
1174 1366 1482 1436 παραδόξου
1506 1362 1675 1434 τύχης
1703 1362 1862 1430 ἐδρά-

1986 1360 2134 1415 ιυτόο
2161 1375 2328 1416 causa
2357 1370 2410 1416 et
2435 1361 2721 1431 inopinato
2741 1379 2872 1418 casu
2895 1374 3098 1419 exortae
3114 1365 3306 1434 prima:
3338 1366 3549 1424 discor-

288 1463 450 1525 ξαντο
495 1461 771 1533 ἀφορμῆς,
820 1460 920 1530 τῆς
957 1477 1019 1513 τε
1060 1458 1263 1529 δηλαδὴ
1305 1457 1415 1511 τῶν
1452 1456 1599 1510 δυοῖν
1652 1452 1870 1522 Ἀνδρο-

1986 1449 2067 1525 lite
2094 1458 2149 1505 et
2171 1451 2544 1506 contentionis
2572 1461 2778 1522 apertte
2825 1454 2992 1524 impp.
3021 1455 3309 1510 ambormn
3334 1457 3548 1519 Andro:

287 1552 453 1606 νίκων
478 1553 588 1606 τῶν
618 1551 886 1619 βασιλέων
915 1550 1276 1618 διαστάσεως,
1315 1547 1520 1620 μᾶλλον
1545 1547 1594 1602 δ’
1624 1548 1869 1600 ἀποστα-

1986 1540 2221 1596 ticorum
2275 1551 2486 1610 partem
2533 1544 2817 1612 fecerant,
2863 1546 2949 1600 vel
2998 1546 3185 1616 potius
3226 1546 3551 1605 rebellionis

288 1644 412 1707 σίας
443 1643 537 1697 τοῦ
580 1646 701 1697 νέου
738 1643 877 1714 πρὸς
911 1642 1006 1696 τὸν
1041 1643 1243 1696 οίκεῖον
1272 1642 1520 1702 πάππον,
1554 1633 1737 1694 κοιὶαῦ
1767 1637 1869 1706 τῆς

1988 1632 2198 1689 unioris
2257 1644 2448 1690 contra
2508 1652 2696 1702 avum,
2740 1648 2797 1692 et
2850 1653 3046 1694 rursus
3091 1639 3348 1695 secunda:
3380 1656 3550 1710 quam

285 1735 573 1804 δευτέρας,
625 1734 694 1805 ἥν
736 1732 1078 1803 τεθνηκότων
1130 1734 1358 1786 ἐκείνων
1417 1732 1562 1784 κατὰ
1605 1727 1701 1783 τοῦ
1743 1728 1868 1781 νέου

1986 1725 2206 1781 nortuis
2266 1726 2379 1782 illis
2404 1736 2601 1785 contra
2621 1729 2881 1799 juvenem
2923 1731 3054 1800 imp.
3090 1740 3145 1785 et
3186 1730 3409 1800 juvenis
3434 1745 3554 1787 ma—

288 1801 558 1890 βασιλέως
587 1801 804 1891 καὶτῆς
830 1801 924 1874 τοῦ
944 1822 1066 1873 νέου
1103 1820 1312 1891 μητρὸς
1345 1822 1374 1873 ὁ
1405 1816 1865 1887 Καντακουξηνὸς

1986 1830 2111 1871 .rem
2135 1816 2558 1874 Cantaeuzenus
2593 1830 2865 1884 moverat,
2902 1821 3069 1876 variis
3105 1822 3293 1877 multis
3331 1829 3389 1879 et
3419 1837 3549 1879 ver.

286 1916 575 1979 κεκίνηκε,
608 1911 974 1976 παντοδαποῖς
1006 1912 1101 1967 καὶ
1128 1911 1394 1975 ποικίλοις
1425 1910 1601 1976 δόλοις
1623 1909 1865 1974 ἐκείνους

290 2006 397 2075 μὲν
446 2006 732 2076 πρότερον,
759 2003 986 2068 τούτους
1041 2004 1087 2058 δ’
1133 2003 1387 2074 ὕστερον,
1411 2005 1772 2074 ἐπαγγελίαις
1803 2021 1865 2057 τε

285 2097 474 2152 ἄλλοτ’
530 2096 740 2159 ἄλλαις·
781 2095 1110 2167 περιιόντες,
1167 2098 1351 2151 ὁποῖαι
1408 2097 1500 2150 καὶ
1573 2097 1697 2149 ὅσαι
1752 2098 1866 2161 τοῖς

282 2191 554 2251 τοιούτοις
600 2189 879 2259 ἣρμοττον
927 2190 1179 2258 καιροῖς,
1237 2188 1459 2258 βουλαῖς
1519 2188 1720 2258 δηλαδὴ
1771 2189 1868 2242 καὶ

285 2283 580 2353 χρήμασιν
603 2280 1005 2353 ἀφθονωτέροις
1048 2286 1149 2334 καὶ
1187 2281 1531 2352 συμμαχίαις
1561 2280 1868 2344 ὁπλιτικαῖς

284 2374 392 2426 καὶ
428 2373 691 2436 τοιούτοις
724 2372 789 2441 δή
822 2389 968 2427 τισιν
1015 2373 1114 2442 (ὲῶ
1145 2373 1254 2444 γὰρ
1289 2372 1470 2442 λέγειν
1512 2373 1606 2427 καὶ
1630 2373 1747 2436 οἵας
1777 2373 1871 2426 ἐπὶ

284 2466 507 2529 τούτοις
553 2464 860 2536 λεληθότως
920 2463 1085 2536 δῆθεν
1133 2465 1438 2535 ὑπέφαινον
1486 2465 1587 2529 τὰς
1637 2466 1870 2532 ἀπειλὰς

287 2556 422 2610 καθ’
451 2551 527 2610 ὧν
558 2557 591 2627 η
624 2555 797 2612 πειθὼ
820 2555 1004 2626 χώραν
1033 2555 1207 2611 ινίοτε
1246 2557 1436 2628 ῥᾳδίαν
1466 2557 1567 2627 οὐχ
1595 2555 1870 2629 εὕρισκε),

287 2649 394 2702 καὶ
420 2646 514 2701 νῦν
555 2649 654 2718 μὲν
688 2647 901 2719 θατέρῳ
941 2648 1361 2720 προστιθέμενοι
1398 2649 1557 2718 μέρει
1590 2651 1685 2703 καὶ
1732 2650 1873 2720 πρὸς

291 2740 529 2808 θάτερον
581 2739 741 2804 αὖθις
789 2739 1283 2810 ταλαντευόμενοι,
1340 2741 1438 2793 καὶ
1492 2740 1581 2792 ἀεὶ
1642 2739 1873 2810 θάτερον

292 2819 454 2901 παρὰ
511 2829 741 2900 θάτερον
793 2827 1089 2899 ἀμοιϐαδὸν
1131 2826 1535 2894 ἐξαπατῶντες,
1594 2826 1711 2889 πῶς
1774 2829 1873 2898 μὲν

291 2924 481 2974 ἑκοντὶ
514 2921 626 2985 πῶς
652 2921 696 2974 δ’
728 2922 789 2973 οὑ
824 2919 969 2990 μάλα
1008 2919 1214 2983 ἑκοντὶ,
1243 2920 1344 2990 τῆς
1367 2915 1464 2971 τοῦ
1490 2915 1685 2987 καιροῦ
1716 2934 1873 2987 περι-

293 3012 549 3072 στάσεως
582 3012 770 3081 πόρῤω
804 3010 896 3062 τοῦ
921 3009 1133 3070 δέοντος
1179 3007 1510 3079 ἐλαυνοὺσης
1553 3008 1643 3075 τὸν
1672 3007 1874 3079 δρόμον

290 3101 408 3155 τῶν
447 3102 760 3171 ἀνηκόντων
810 3100 987 3167 λόγων
1041 3099 1136 3152 καὶ
1187 3097 1463 3168 πράξεων,
1503 3096 1696 3151 ἔλαθον
1745 3099 1875 3160 τοὺς

292 3194 540 3257 οἰκείους
569 3193 727 3261 ὄρους
758 3193 822 3244 ὲκ
856 3192 998 3244 πάνυ
1044 3206 1099 3243 τι
1147 3189 1400 3253 εὐτελοῦς
1445 3204 1508 3242 τε
1550 3189 1649 3243 καλ⁸
1673 3206 1881 3259 χαμαι-

296 3284 471 3355 ζήλου
518 3283 777 3354 περιοχῆς
823 3278 1170 3343 ἐκτείναντες
1229 3297 1289 3333 τε
1344 3280 1435 3334 καὶ
1497 3279 1881 3351 ὀχυρώσαντες

297 3377 526 3446 πρῶτον
580 3373 680 3445 μὲν
737 3371 971 3439 ξυλίνοις
1033 3371 1147 3425 τισι
1201 3371 1452 3442 θριγκοῖς
1506 3373 1600 3426 καὶ
1650 3372 1882 3443 τάφροις

305 3467 577 3538 βαθείαις,
602 3463 794 3518 ἔπειτα
844 3464 1087 3534 τείχεσιν
1144 3461 1367 3532 ὑψηλοῖς
1416 3480 1475 3515 τε
1521 3463 1615 3515 καὶ
1667 3463 1885 3534 ὀχυροῖς

299 3556 403 3608 κού⁹
453 3550 1008 3621 δυσανταγωνίστοις.
1054 3550 1336 3603 Ἐντεῦθεν
1395 3551 1711 3622 ὁρμώμενοι
1756 3553 1884 3613 τοὺς

298 3645 411 3714 τῆς
459 3642 666 3705 οἰκείας
714 3640 1030 3706 πλεονεξίας
1075 3642 1239 3713 ὄρους
1282 3642 1424 3695 κατὰ
1472 3641 1658 3713 χώραν
1697 3643 1883 3712 μένειν

299 3738 404 3809 ὲᾷν
454 3718 669 3806 οὐδαμῆ
696 3752 761 3804 γε
789 3734 1126 3803 ἐγνώκεσαν,
1164 3732 1283 3788 ἀλλ’
1312 3733 1436 3803 ἐφ’ἀ.
1465 3735 1676 3802 ἑτέροις
1716 3736 1881 3806 ἕτερα

303 3829 569 3882 ἐπενόουν
616 3829 711 3881 καὶ
755 3826 1151 3899 προσετίθεσαν
1183 3825 1312 3891 ξένα
1348 3843 1404 3879 τε
1441 3826 1536 3879 καὶ
1577 3826 1880 3898 ὑπέρογκα.

307 3923 479 3974 Ὅθεν
541 3920 636 3973 καὶ
681 3919 780 3990 τῆς
831 3920 1026 3991 τρίτης
1079 3919 1315 3987 ταυτησὶ
1367 3916 1554 3973 λοιπὸν
1620 3921 1885 3990 ἀφορμῆς

304 4014 664 4084 δραξάμενοι,
723 4011 825 4081 τῆς
882 4010 978 4065 τοῦ
1026 4012 1487 4083 Καντακουζηνοῦ
1539 4029 1684 4083 φημι
1747 4012 1886 4082 πρὸς

1972 1911 2114 1966 sutis
2136 1910 2348 1966 artibus
2369 1910 2494 1966 illos
2514 1911 2694 1982 prius,
2719 1911 2822 1967 hos
2844 1922 3057 1982 postea,
3078 1923 3134 1968 et
3159 1914 3552 1983 promissioni-

1972 2000 2080 2057 bus
2112 2000 2304 2056 multis
2323 2001 2781 2069 circumiverunt,
2805 2004 2998 2073 quales
3021 2015 3077 2061 et
3099 2017 3319 2074 quantae
3340 2014 3554 2076 tempo-

1972 2091 2131 2147 ribus
2148 2092 2260 2149 illis
2285 2093 2713 2162 conveniebant,
2730 2095 2942 2150 scilicet
2957 2097 3205 2154 consiliis
3222 2109 3278 2154 et
3299 2101 3554 2169 pecuniis

1974 2190 2058 2237 sat
2080 2183 2295 2254 magnis
2317 2191 2375 2240 et
2394 2184 2570 2254 copiis
2590 2185 2924 2243 militaribus
2948 2196 3004 2243 et
3024 2188 3148 2245 aliis
3196 2190 3552 2259 hujusmodi;

1975 2274 2136 2330 mitto
2156 2275 2303 2330 enim
2327 2274 2509 2333 dicere
2531 2285 2768 2347 quantas
2785 2277 2840 2332 in
2864 2278 2950 2334 his
2970 2280 3108 2334 clam
3126 2281 3305 2337 minas
3322 2283 3556 2341 fecerint

1975 2372 2170 2420 contra
2201 2380 2342 2436 quos
2380 2368 2672 2437 persuasio
2707 2368 2992 2425 interdum
3027 2372 3167 2427 nihil
3205 2374 3459 2440 valebat,
3495 2385 3556 2431 et

1979 2471 2121 2526 quas
2180 2473 2330 2514 nunc
2364 2460 2524 2515 alteri
2560 2462 2702 2531 parti
2744 2461 3100 2531 inferebant,
3137 2481 3287 2522 nunc
3317 2467 3385 2523 ad
3417 2467 3558 2525 alte-

1979 2562 2097 2602 ram
2109 2547 2495 2617 devolvebant,
2516 2555 2865 2623 etjquomodo
2888 2556 3153 2612 continuo
3178 2558 3406 2614 alteram
3433 2571 3560 2630 post

1979 2639 2208 2696 alteram
2231 2642 2592 2714 decipientes,
2607 2647 2774 2702 modo
2798 2648 2865 2703 iis
2881 2664 2990 2704 non
3012 2649 3219 2715 invitis,
3240 2651 3405 2706 modo
3419 2653 3563 2708 invi-

1982 2730 2053 2786 tis
2066 2746 2196 2786 cum
2224 2735 2486 2804 temporis
2513 2736 2757 2792 rationes
2784 2738 2950 2792 verba
2969 2740 3115 2795 ultra
3141 2740 3363 2794 modum
3387 2742 3530 2796 auda
3548 2772 3562 2782 -

1981 2822 2066 2877 cia
2088 2832 2146 2877 et
2168 2823 2315 2880 facta
2345 2825 2729 2894 admitterent,
2751 2830 3015 2897 paulatim
3042 2832 3406 2899 possessionis
3444 2847 3561 2887 sua:

1984 2912 2262 2968 terminos
2290 2928 2358 2970 ex
2387 2925 2629 2985 angusto
2655 2927 2713 2972 et
2740 2918 2938 2988 exiguo
2969 2919 3179 2974 ambitu
3210 2921 3563 2976 extendcrint

1982 3010 2038 3056 et
2087 3004 2466 3069 muniverint,
2508 3005 2757 3075 primum
2795 3004 3020 3076 quidem
3056 3007 3254 3077 ligneis
3294 3007 3466 3077 septis
3501 3018 3562 3062 et

1985 3094 2148 3151 fossis
2175 3096 2466 3166 profundis
2488 3137 2505 3163 ,
2535 3097 2738 3153 deinde
2767 3113 2902 3153 vero
2930 3098 3108 3154 muris
3137 3100 3264 3156 altis
3295 3109 3353 3155 et
3383 3101 3558 3155 ﬁrmis

1983 3200 2041 3247 et
2095 3187 2185 3243 vix
2221 3189 2705 3262 expugnabilibus.
2738 3190 2876 3246 lline
2904 3192 3112 3246 factum
3142 3205 3227 3249 est
3279 3201 3340 3248 ut
3368 3194 3558 3265 cupidi

1985 3283 2362 3359 possessionis
2427 3282 2828 3353 ampliﬁcandae
2864 3285 3134 3340 terminos
3168 3285 3237 3340 ad
3281 3287 3561 3342 modicum

1988 3375 2256 3432 ambitum
2293 3374 2635 3430 constituere
2667 3388 2776 3428 non
2805 3373 2921 3444 jam
2954 3374 3009 3428 in
3042 3376 3229 3430 animo
3260 3377 3562 3444 baberent,

1986 3469 2082 3525 sed
2117 3456 2225 3525 alia
2258 3448 2386 3539 post
2416 3466 2582 3539 555
2611 3467 2716 3521 alia
2747 3467 2851 3522 sibi
2885 3478 3252 3536 exposcerent
3281 3481 3339 3527 et
3365 3472 3564 3544 adjun-

1986 3573 2184 3634 gerent
2218 3562 2398 3618 aliena
2430 3570 2487 3616 et
2513 3575 2685 3631 super
2714 3561 2940 3617 modum
2976 3577 3192 3634 magna.
3222 3563 3405 3631 Quare
3438 3582 3565 3621 cum

1986 3656 2154 3712 etiam
2185 3655 2386 3717 tertize,
2410 3670 2537 3725 quae
2563 3656 2729 3726 paulo
2754 3664 2882 3726 post
2906 3666 3099 3711 exorta
3130 3666 3247 3725 est,
3277 3658 3402 3714 dico
3424 3658 3571 3715 Can-

1990 3748 2240 3803 tacuzeni
2281 3748 2332 3802 in
2371 3745 2738 3818 Palzcologum
2769 3748 3048 3817 juniorem
3085 3761 3312 3820 propter
3342 3767 3568 3809 monar-

1991 3842 2196 3909 chiam,
2259 3857 2482 3897 causam
2553 3841 2789 3912 amplexi
2863 3842 3131 3910 fuissent,
3179 3855 3237 3901 et
3307 3847 3566 3917 juvenem

1989 3933 2261 3989 adiissent
2293 3933 2387 4003 qui
2435 3934 2592 3988 exsul
2630 3934 2686 3987 in
2724 3933 2949 3990 Tenedo
2991 3936 3170 3991 insula
3209 3938 3568 4002 morabatur,

1988 4036 2045 4082 et
2075 4026 2444 4098 jurejurando
2484 4026 2589 4080 sibi
2624 4026 2965 4097 obligasscnt
2998 4039 3051 4083 et
3089 4029 3304 4085 litteras
3339 4031 3466 4087 inde
3497 4034 3567 4087 ad

308 4104 680 4173 Ιιαλαιολόγον
736 4104 829 4157 τὸν
868 4102 988 4158 νέον
1035 4103 1164 4175 περὶ
1215 4106 1517 4175 μοναρχίας
1569 4105 1766 4175 ἔριδος,
1806 4102 1879 4173 τῷ

1989 4133 2208 4174 omnem
2240 4119 2582 4174 voluntatem
2617 4118 2994 4187 accepisﬁnt,
3032 4119 3173 4174 clam
3208 4123 3568 4190 perfecerunt

306 4198 418 4267 νέῳ
451 4195 928 4267 προσεληλύθεσαν
973 4195 1233 4266 ὲξορίστῳ
1268 4196 1407 4262 τέως
1449 4198 1647 4259 εἰπεῖν,
1678 4196 1879 4266 Τενέδῳ

1992 4227 2103 4283 pro.
2125 4210 2329 4281 quibus
2361 4210 2624 4265 conducti
2653 4220 2813 4264 erant
2841 4226 2969 4266 cutn
3003 4213 3171 4267 totius
3201 4214 3373 4268 animi
3403 4215 3568 4270 obse-

303 4285 614 4358 τηνικαῦτα
644 4290 709 4357 τῇ
756 4289 906 4357 νήσῳ
936 4288 1353 4358 ἐνδιατρίϐοντι,
1390 4288 1484 4342 καὶ
1519 4288 1704 4359 ὅρκοις
1746 4304 1879 4360 προ⁴

1990 4301 2122 4372 quio
2178 4311 2234 4357 et
2303 4302 2472 4356 armis
2547 4310 2604 4357 et
2665 4302 2933 4371 pecuniis.
3024 4302 3131 4359 Sed
3190 4319 3301 4360 non
3366 4306 3423 4360 ιιι
3478 4322 3568 4363 so-

305 4385 727 4455 καταδήσαντές
757 4397 818 4434 τε
849 4381 946 4433 καὶ
974 4380 1283 4452 γράμματα
1317 4381 1455 4449 πρὸς
1492 4380 1640 4436 ἅπαν
1672 4380 1879 4468 ἐκεῖθεν

1989 4393 2133 4460 lum,
2153 4409 2345 4448 verum
2379 4394 2548 4448 etiam
2583 4391 2813 4449 Latinus
2846 4395 2987 4450 alter
3015 4411 3140 4451 cum
3176 4396 3285 4452 illis
3315 4408 3478 4468 gente
3507 4409 3565 4455 et

303 4480 370 4529 τὸ
416 4476 740 4547 βουλόμενον
777 4473 1082 4543 εἰληφότες,
1110 4473 1286 4543 λάθρα
1336 4471 1626 4544 ἐπέραινον
1666 4475 1752 4543 ἐφ’
1804 4466 1879 4538 οἷς

1994 4489 2182 4542 animo
2219 4487 2549 4558 conjunctus
2573 4530 2586 4550 ,
2619 4491 2715 4557 qui
2749 4502 2911 4542 unam
2947 4487 3223 4543 triremem
3261 4489 3482 4545 tenebat
3511 4507 3570 4546 et

308 4568 699 4639 ἑμισθώθησαν
734 4565 832 4619 τοῦ
862 4563 1051 4617 λοιποῦ
1084 4564 1371 4637 προθυμίᾳ
1412 4565 1565 4635 πάσῃ
1587 4563 1766 4635 ψυχῆς
1794 4565 1889 4617 καὶ

249 4644 265 4656 ’
308 4663 499 4723 ὅπλοις
528 4662 625 4714 καὶ
658 4661 936 4731 χρήμασιν
966 4657 1306 4727 ἀφειδοῦσιν.
1340 4657 1417 4713 Οὐ
1448 4658 1611 4727 μόνον
1642 4657 1718 4725 δὲ,
1749 4658 1890 4712 ἀλλὰ

308 4757 411 4808 καὶ
444 4754 672 4814 Λατῖνος
695 4752 884 4823 ἔτερος
920 4750 1104 4819 σφίσιν
1130 4749 1402 4819 ὁμόφυλός
1433 4766 1491 4802 τε
1525 4751 1621 4804 καὶ
1645 4749 1893 4820 ὁμογνώ-

316 4864 460 4915 μων,
492 4844 619 4913 μίαν
644 4842 781 4913 ἔχων
810 4843 1011 4912 τριήρη
1040 4844 1133 4892 καὶ
1165 4839 1280 4910 βίον
1308 4840 1631 4910 πειρατικὸν
1661 4840 1889 4911 μετιὼν,

314 4935 429 4988 κάκ
457 4932 714 4987 τοιούτων
743 4932 927 5001 πόρων
972 4929 1239 4995 πλουτῶν,
1281 4928 1471 5000 ὥσπερ
1496 4932 1711 5002 ὲρμαίῳ
1754 4950 1892 5003 χρη-

316 5025 554 5093 σάμενος
587 5023 679 5075 καὶ
714 5022 875 5085 αὐτὸς
907 5020 982 5091 τῷ
1014 5019 1360 5088 καιρῷντεαίς
1394 5021 1612 5089 ὁμοίαις
1647 5022 1889 5091 ἐπαγγε-

316 5118 456 5174 λίαι;
481 5116 579 5183 τὴν
604 5112 829 5183 γνώμην
860 5111 954 5165 καὶ
980 5112 1141 5173 αὑτὸς
1170 5111 1448 5181 χειροῦται
1475 5110 1568 5165 τοῦ
1599 5111 1888 5182 βασιλέως,

2001 4580 2164 4634 vitam
2255 4580 2546 4650 piraticam
2632 4578 2863 4650 degebat
2922 4589 2977 4635 et
3036 4579 3327 4635 latrocinio
3413 4581 3571 4637 dives

1996 4672 2179 4725 factus
2202 4679 2321 4725 erat
2341 4713 2356 4734 ,
2390 4680 2638 4740 tempore
2671 4671 2776 4726 isto
2802 4681 3112 4741 opportuno
3139 4680 3398 4740 tanquam
3424 4675 3570 4728 dono

1997 4759 2215 4816 caelesti
2259 4768 2445 4825 utens,
2478 4761 2755 4835 similibus
2786 4761 3250 4832 promissionibus
3279 4763 3414 4833 imp.
3446 4767 3597 4819 ani-'

2001 4868 2151 4905 mum
2225 4852 2330 4907 sibi
2391 4852 2669 4918 devinxit,
2714 4852 2939 4908 Tenedo
3012 4853 3207 4910 insula:
3257 4856 3567 4927 appellens:

2000 4942 2149 4996 unde
2193 4941 2417 5012 utrique
2447 4959 2475 4996 ιι
2500 4943 2723 5013 juniore
2769 4943 2904 5013 imp.
2944 4944 3019 4999 ibi
3059 4930 3323 5015 regnante
3378 4963 3574 5019 magna

2002 5033 2269 5100 promissa
2299 5043 2646 5103 acceperant,
2671 5042 2727 5087 et
2752 5034 2827 5087 illi
2860 5033 3084 5103 quidem
3113 5038 3326 5093 castelli
3361 5041 3569 5095 moenia
3661 5020 3667 5072 ί

2002 5123 2057 5176 in
2089 5123 2494 5194 longitudinem
2540 5136 2597 5179 et
2640 5126 2990 5182 latitudinem
3027 5139 3295 5199 quantum
3330 5131 3446 5185 ﬁeri
3479 5148 3575 5201 po.

321 5208 532 5276 Ὶενέδιρ
574 5210 644 5277 τῇ
694 5208 845 5276 νήσῳ
903 5204 1220 5275 προσσχών.
1264 5204 1430 5257 Ὅθεν
1472 5206 1564 5258 καὶ
1620 5207 1894 5276 μοναρχὴ-

2003 5214 2108 5267 tuit
2144 5215 2512 5269 extenderunt
2543 5231 2734 5271 versus
2765 5220 3114 5275 occidentem
3148 5231 3204 5276 et
3238 5225 3573 5293 septentrio-

323 5316 518 5360 σαντος
562 5299 656 5351 τοῦ
704 5300 826 5351 νέου
875 5296 1093 5349 τουτουῖ
1142 5294 1408 5365 βασιλέως
1443 5296 1634 5367 ἐντελῆ
1665 5298 1737 5351 τὰ
1764 5299 1896 5352 ὑπε-

2002 5320 2126 5360 ncm
2183 5316 2240 5360 et
2293 5303 2607 5372 orientem?
2642 5308 2731 5362 hic
2779 5326 2910 5365 vero
2970 5312 3316 5382 imperatoris
3366 5315 3576 5372 sororis

323 5392 574 5461 σχημέκα
622 5391 874 5461 ἑκάτεροι
923 5389 1421 5459 ἀπειλήφεσανμοί
1492 5388 1592 5459 μὲν
1648 5388 1740 5443 τὸν
1796 5392 1879 5446 τοί

1994 5410 2235 5466 sponsus
2263 5397 2444 5454 factus
2472 5411 2558 5454 est
2586 5408 2643 5455 et
2668 5400 2909 5456 Lesbum
2942 5403 3175 5458 insulam
3204 5407 3441 5477 accepit.

325 5484 588 5556 φρουρίου
651 5481 935 5549 περίῦολον
991 5483 1071 5542 εἰς
1123 5480 1297 5550 μῆκος
1357 5481 1451 5531 καὶ
1515 5480 1719 5543 πλάτος
1760 5483 1886 5537 ὅσον
1933 5488 2187 5543 πλεῖστον
2222 5489 2350 5559 ἐξῆν
2384 5492 2687 5562 ηὐξηκότες
2723 5493 2788 5564 [ί.
2821 5495 2927 5549 270
2962 5494 3040 5566 1).]
3086 5498 3221 5568 πρός
3287 5516 3348 5552 τε
3411 5501 3569 5554 δύσιν

329 5588 421 5634 και
469 5580 669 5649 ἄρκτον
712 5575 1062 5663 «turtur/,6
1092 5578 1148 5629 δὲ
1219 5575 1466 5647 γαμϐρὸς
1518 5576 1606 5629 ἐπ’
1643 5578 1849 5649 ἀδελφῇ
1880 5580 1957 5651 τῷ
1996 5583 2207 5653 βασιλεί
2260 5588 2539 5651 καταστὰς
2595 5590 2689 5641 καὶ
2737 5589 2857 5659 ἅμα
2908 5591 3114 5645 Λέσϐον
3160 5591 3261 5662 τὴν
3295 5594 3462 5662 νῆσον
3493 5596 3575 5656 είς

330 5675 531 5743 προῖκα
561 5670 757 5724 λαϐὼν.

402 5788 503 5845 ω’.
537 5788 773 5843 Τοιαῦτα
801 5789 896 5841 καὶ
917 5788 1060 5841 οὕτω
1082 5789 1398 5859 πολύτροπα
1417 5792 1502 5846 διὰ
1526 5789 1712 5862 βιαίας
1733 5791 1879 5862 ἀνάγ·

2074 5791 2373 5849 Xll.Tanta
2406 5803 2461 5849 et
2492 5804 2600 5850 tam
2632 5795 2783 5849 varia
2819 5801 3046 5867 propter
3075 5794 3302 5853 nimiam
3329 5800 3572 5858 necessi-

647 5893 914 5949 PATnOL.
960 5888 1074 5949 Gtt.
1127 5888 1404 5953 CXLIX.
1639 5926 1646 5933 -
3174 5902 3245 5961 16
