4016 6478
506 398 606 464 4θὶ

1714 392 2139 454 ΝΙΟΕΙἮΟΠῙ
2178 393 2569 457 GREGORxE

3669 410 3789 473 492

509 537 679 584 tatem
700 530 779 577 -οι
800 518 1101 575 'l‘ortuna'm
1131 515 1504 570 infortunatos
1537 510 1832 582 Byzantios
1865 524 2085 579 unaque

2194 526 2294 573 κας
2324 510 2419 565 καὶ
2451 511 2623 585 τύχας
2652 515 2791 585 τοὺς,
2819 514 3207 590 ταλαιπώρους
3238 520 3597 588 Βυζαντίους,
3635 525 3789 595 μᾶλ-

511 624 793 679 Romanos
825 626 1020 669 omnes
1050 611 1373 665 invaserant
1400 606 1542 660 mala
1572 615 1831 673 tanquam
1872 616 1903 656 e
1937 600 2089 654 fonte

509 711 737 770 turbido
767 716 824 764 et
851 718 1075 767 amaro,
1109 699 1403 773 tyrannide
1434 696 1646 753 scilicet
1675 703 1792 749 tum
1826 692 2090 763 temporis

492 801 888 876 =regnantium,
932 795 1093 868 555
1155 793 1423 863 originem
1477 788 1720 852 ducens,
1771 801 1938 857 quam
1997 799 2087 839 se-

510 875 757 955 cundum
799 891 966 963 regite
1006 885 1297 958 potestatis
1323 892 1377 938 et
1412 889 1632 938 sanctas
1661 879 1809 951 leges
1843 875 2088 931 tradide-

506 997 683 1055 rant,
741 990 1132 1056 tempestatem
1182 987 1240 1035 et
1285 975 1659 1033 calamitatem
1707 971 2087 1043 gravissimam

507 1085 817 1140 excitantes
845 1081 902 1135 in
934 1089 1214 1149 quemque
1242 1075 1495 1138 bonum;
1530 1084 1641 1141 quo
1683 1067 1853 1129 Deus,
1881 1074 1941 1119 ut
1984 1078 2088 1133 ego

507 1178 725 1249 opinor,
741 1168 1148 1245 providentiam
1179 1179 1335 1221 suam
1364 1162 1635 1234 probavit.
1653 1159 1792 1215 Hinc
1815 1172 1977 1212 omne
2005 1156 2090 1210 di-

508 1247 760 1337 sciplina:
792 1275 968 1332 genus
995 1257 1277 1315 sublatum
1303 1262 1389 1309 est
1413 1261 1469 1306 et
1495 1252 1552 1306 in
1585 1247 1927 1305 contrarium
1958 1260 2092 1300 con-

509 1336 671 1415 versa
701 1364 787 1412 est
814 1353 993 1409 virtus
1027 1347 1359 1418 virtutisque
1389 1343 1728 1409 auctoritas;
1774 1349 1833 1395 et
1882 1336 2091 1392 invexit

511 1452 607 1506 illa
637 1450 783 1504 inter
811 1458 1006 1503 omnes
1036 1442 1153 1497 fere
1180 1440 1459 1495 Romanos
1483 1442 1758 1506 quotquot
1781 1441 1910 1486 sunt
1936 1443 2090 1483 novae

510 1540 751 1597 civitatis
773 1577 790 1604 ,
821 1549 1007 1591 mores
1036 1546 1215 1587 novos
1243 1537 1297 1585 et
1328 1540 1657 1598 peregrinos
1687 1532 1745 1578 et
1779 1537 1810 1577 a
1855 1520 2090 1592 pristina

512 1634 650 1704 regii
702 1627 923 1701 imperii
971 1635 1030 1682 et
1074 1637 1260 1679 rerum
1291 1614 1790 1675 administrationis
1817 1609 2092 1683 sapientia

510 1702 745 1798 prorsus
778 1721 1017 1776 alienos.
1058 1714 1200 1783 Quid
1240 1721 1425 1768 autem
1466 1707 1764 1765 dicendum
1804 1705 1874 1760 de
1918 1702 2088 1757 vestio

512 1818 753 1880 mentis,
783 1827 948 1884 quam
980 1809 1155 1865 multa
1191 1807 1246 1861 in
1279 1808 1368 1861 his
1400 1803 1567 1859 etiam
1612 1807 1806 1856 contra
1847 1809 2089 1853 consue—

512 1908 763 1962 tudinem
795 1910 1008 1958 mutata
1037 1901 1149 1956 sint
1172 1939 1188 1964 ,
1218 1907 1275 1954 et
1304 1895 1585 1968 quomodo
1614 1909 1681 1949 ex
1712 1891 1863 1947 omni
1893 1888 2087 1946 notitia

512 2011 721 2062 remeta
765 2007 820 2056 et
865 2001 1068 2052 novata
1108 1992 1183 2046 sit
1228 1988 1579 2060 respublica,
1609 1995 1811 2040 utnon
1848 1985 1963 2056 jam
1992 1996 2089 2038 co-

511 2093 700 2168 gnosci
729 2090 902 2164 possit
926 2085 1052 2157 quis
1077 2098 1107 2138 e
1131 2078 1397 2137 Romanis
1420 2076 1516 2142 sit,
1535 2075 1661 2147 quis
1685 2090 1753 2130 ex
1774 2073 1879 2128 alia
1904 2080 2086 2142 gente.

511 2165 703 2258 Neque
777 2182 927 2239 enim
987 2176 1246 2234 Persicus
1301 2171 1486 2226 cultus
1552 2183 1585 2222 a
1638 2165 1942 2235 ,Romanis
2002 2174 2091 2216 re-

515 2255 711 2352 ceptus
735 2285 821 2333 est
843 2314 859 2339 ,
885 2283 1069 2339 neque
1095 2281 1267 2338 purus
1292 2262 1523 2319 Latinus
1542 2301 1558 2327 ,
1586 2273 1766 2329 neque
1793 2255 2088 2315 Gothicus,

513 2347 695 2443 neque
722 2369 768 2424 si
797 2366 921 2437 quis
937 2360 1310 2418 Triballorum
1328 2354 1414 2410 vel
1436 2352 1710 2423 Mysorum
1725 2357 1809 2404 est
1828 2348 1914 2402 vel
1940 2347 2091 2401 Paao-

514 2438 669 2521 num.
691 2460 798 2516 Sed
819 2456 1133 2529 promiscue
1158 2466 1224 2505 ex
1253 2445 1534 2511 omnibus,
1554 2451 1616 2498 ut
1643 2441 1836 2497 dicunt
1864 2438 2086 2502 musici,

513 2568 571 2616 et
629 2560 934 2612 concentus
990 2556 1046 2603 et
1099 2544 1331 2601 eﬂ‘ectus
1376 2556 1406 2594 a
1454 2536 1794 2594 nostratibus
1835 2530 2088 2588 conversi

514 2664 572 2709 et
614 2651 668 2705 in
714 2661 941 2719 prorsus
981 2638 1319 2696 contrarium
1357 2629 1637 2688 commisti
1689 2636 1821 2682 sunt
1870 2625 1925 2679 in
1960 2638 2091 2678 con-

512 2718 741 2813 geriem,
790 2744 847 2792 et
879 2733 1131 2789 videmus
1168 2729 1309 2783 intra
1334 2737 1524 2781 sacros
1552 2735 1742 2777 muros
1780 2718 2088 2771 amicorum

514 2812 657 2888 filios
689 2836 855 2899 caput
881 2822 1102 2895 quidem
1134 2819 1440 2875 referentes
1481 2812 1808 2871 Latinorum
1829 2849 1844 2872 ,
1884 2818 2090 2875 corpus

515 2939 645 2980 vero
679 2930 854 2976 totum
886 2916 1178 2974 Persarum
1207 2907 1303 2966 vel
1326 2906 1613 2964 Medorum
1647 2915 1801 2958 more
1830 2904 2087 2953 ornatum

511 3028 618 3072 est.
654 3015 867 3068 Rursus
893 3017 1077 3063 autem
1106 3002 1330 3060 eosdem
1371 3001 1547 3055 altero
1590 2996 1682 3052 die
1728 2991 1892 3048 modo
1940 2992 2090 3045 hunc

516 3102 677 3157 modo
732 3100 885 3154 illunt
953 3108 1161 3151 morem
1193 3089 1356 3161 556
1380 3087 1544 3143 modo
1588 3094 1844 3141 neutrum
1892 3081 2086 3135 borum

514 3194 772 3267 praferre
804 3190 1092 3253 videmus,
1119 3184 1217 3240 sed
1262 3183 1433 3236 alium
1478 3167 1653 3248 magis
1697 3174 1999 3232 absurdum
2032 3182 2089 3227 et

514 3289 865 3361 peregrinum
889 3297 988 3354 pro
1009 3279 1353 3361 singulorum
1398 3273 1601 3336 eﬁreni
1633 3271 1882 3327 libidine.
1911 3270 2087 3336 Quam

513 3359 582 3436 ad
609 3376 1025 3449 perversitatem
1056 3359 1334 3425 Romanos
1360 3365 1491 3433 labi,
1511 3373 1576 3420 ut
1601 3380 1702 3435 ego
1724 3362 1946 3434 quidem
1971 3360 2092 3431 opi-

520 3490 650 3538 nor,
669 3470 812 3525 Deus
842 3472 1139 3538 propterea
1169 3462 1399 3532 patitur,
1428 3470 1489 3515 ut
1515 3459 1817 3513 animorum
1847 3456 2090 3526 pravita-

519 3577 630 3622 tent
666 3574 724 3619 et
756 3561 1140 3617 vehementem
1175 3564 1404 3627 prepter
1437 3553 1624 3609 divina
1664 3551 1925 3606 Ecclesia:
1959 3548 2093 3617 dog-

519 3665 667 3711 mata
708 3658 1090 3721 tempestatem
1131 3655 1190 3701 et
1230 3645 1602 3700 turbationem
1651 3657 1717 3697 ex
1775 3638 2088 3696 istiusmodi

515 3744 759 3802 externis
796 3743 961 3796 rebus
1013 3746 1387 3809 cognoscant,
1413 3745 1467 3791 et
1497 3744 1792 3805 propterea
1824 3741 1882 3785 ut
1912 3738 2088 3785 semet

517 3838 622 3907 ipsi
678 3839 936 3890 incusent
991 3832 1177 3887 statim
1236 3845 1304 3884 ex
1357 3828 1537 3898 primo
1582 3827 1782 3881 intuitu
1831 3834 1885 3879 et
1935 3837 2089 3878 casu.

515 3926 987 4000 Quemadmodum
1028 3934 1212 3979 autem
1251 3922 1307 3976 itt
1356 3922 1494 3975 mari
1534 3919 1693 3974 navis
1726 3917 1947 3987 quando
1979 3930 2075 3969 an-

516 4024 664 4080 coris
729 4021 846 4076 suis
892 4020 1084 4074 orbata
1119 4026 1223 4083 est,
1288 4017 1342 4070 in
1400 4014 1569 4069 altum
1619 4012 1858 4082 projecta
1928 4010 2091 4062 innu-

520 4128 701 4169 meras
737 4120 794 4166 et
834 4110 1082 4165 inﬁnitas
1115 4104 1424 4161 critiones
1460 4116 1518 4158 et
1555 4103 1799 4174 pericula
1840 4101 1978 4165 init,
2013 4100 2090 4154 ita

521 4207 667 4278 apud
716 4204 841 4260 illos
889 4204 1054 4272 unius
1101 4201 1179 4255 rei
1232 4198 1596 4268 perversitate
1643 4206 1901 4264 recepta,
1948 4194 2091 4247 hanc

520 4300 828 4354 innumera:
869 4294 990 4349 alia:
1035 4302 1239 4346 secutae.
1286 4299 1436 4345 sunt.
1488 4289 1733 4343 Primum
1780 4286 1928 4342 enim
1965 4300 2086 4339 am-

522 4389 773 4460 plissima
812 4386 1045 4454 antiqua
1099 4391 1155 4438 et
1208 4382 1571 4438 celeberrima
1630 4379 1831 4449 palatia
1881 4387 1936 4432 et
1982 4377 2090 4430 alia

521 4495 679 4549 teque
709 4477 995 4548 splendida
1025 4475 1254 4530 aediﬁcia
1287 4473 1565 4528 destructa
1597 4477 1761 4535 sunt,
1792 4478 1848 4524 et
1879 4470 2090 4523 colum-

2193 597 2284 650 λον
2317 597 2363 650 δ’
2417 600 2554 670 ὁμοῦ
2605 600 2916 671 Ῥωμαίους
2952 606 3204 673 ἃπαντας
3251 613 3660 685 κατειλήφεσαν
3709 617 3790 669 τὰ

2191 689 2361 757 δεινὰ,
2394 689 2588 764 ὥσπερ
2625 696 2810 765 πηγῆς
2846 696 3220 770 ἐξερρυηκότα
3260 702 3357 757 καὶ
3387 702 3790 760 άποσλύσαντα

2193 780 2420 849 θολερᾶς
2449 784 2543 838 καὶ
2579 788 2787 856 πικρᾶς
2821 789 2921 859 τῆς
2948 792 3061 846 τῶν
3094 794 3217 846 τότε
3256 795 3540 867 ἀρχόντων
3577 816 3786 870 τυραν-

2192 873 2360 940 νίδος,
2413 875 2484 945 ἦν
2514 893 2574 930 τε
2633 877 2778 933 κατά
2834 880 2935 951 τῆς
2965 881 3252 952 βασιλείας
3281 888 3375 941 καὶ
3406 887 3473 960 ἣν
3496 890 3643 945 κατὰ
3667 892 3788 945 τῶν

2193 965 2356 1019 θείων
2408 966 2702 1038 δογμάτων
2763 971 3103 1043 ἐπήνεγκαν,
3139 978 3388 1049 χειμῶνα
3409 981 3506 1034 καὶ
3532 981 3788 1054 διωγμὸν
3898 978 3899 1023 ί

2191 1058 2284 1110 τὸν
2313 1056 2627 1128 βαρύτατον
2658 1062 2980 1132 ἐγείραντες
3004 1068 3148 1122 κατὰ
3174 1069 3378 1135 παντὸς
3408 1071 3622 1141 ἀγαθοῦ
3644 1090 3658 1105 ’
3706 1072 3787 1126 δι’

2190 1150 2251 1205 ὃν
2271 1154 2368 1208 καὶ
2396 1151 2551 1216 Θεὸς,
2585 1150 2764 1224 οἴμαι,
2796 1156 2897 1225 τὴν
2920 1157 3118 1213 ἐαυτοῦ
3147 1162 3463 1215 συνέστειλε
3492 1166 3782 1233 πρόνοιαν.

2192 1243 2505 1298 Κάντεῦθεν
2535 1243 2683 1299 άπαν
2735 1247 2837 1315 μέν
2870 1250 3123 1314 παιδείας
3153 1251 3479 1325 ἐξελήλαται
3506 1250 3649 1318 εἶδος
3680 1257 3787 1310 καὶ

2191 1337 2611 1408 ἀντέστραπται
2670 1341 2812 1411 πρὸς
2870 1344 3183 1399 τούναντίον
3233 1348 3404 1420 ἀρετὴ
3447 1351 3543 1402 καὶ
3590 1351 3647 1404 εί
3687 1369 3783 1415 τις

2192 1432 2421 1496 ἔπαινος
2442 1433 2653 1502 ἀγαθοῦ
2675 1453 2690 1467 ·
2731 1437 2831 1491 καὶ
2881 1438 3195 1493 ἐπεπόλασε
3226 1441 3368 1496 κατά
3396 1440 3616 1496 πάντων
3646 1461 3786 1514 σχε-

2190 1524 2283 1579 δὸν
2320 1524 2640 1595 Ῥωμαίων,
2694 1527 2813 1581 ὅσοι
2866 1528 2966 1600 τῆς
3000 1529 3130 1594 νέας
3175 1532 3287 1585 είσὶ
3321 1533 3617 1601 πολιτείας,
3659 1536 3777 1606 ἤθη

2191 1615 2355 1672 καινὰ
2394 1619 2492 1672 καὶ
2517 1618 2785 1673 ἀλλόκοτα
2817 1620 2914 1676 καὶ
2938 1621 3152 1694 οὐδαμῆ
3181 1624 3284 1694 τῆς
3318 1624 3449 1695 πρὶν
3482 1625 3783 1695 βασιλικῆς

2190 1709 2409 1779 ἐκείνης
2455 1713 2551 1765 καὶ
2606 1711 2894 1785 πολιτικῆς
2943 1716 3213 1779 συνέσεως
3256 1716 3353 1770 καὶ
3383 1717 3634 1782 παιδείας
3671 1720 3777 1772 καὶ

2191 1803 2473 1868 εὐταξίας.
2506 1804 2571 1857 Τί
2602 1803 2649 1858 δ’
2694 1805 2760 1860 άν
2802 1822 2887 1869 τις
2918 1809 3055 1878 φαίη
3089 1809 3184 1862 καὶ
3216 1809 3347 1878 περὶ
3394 1810 3505 1864 τῶν
3535 1812 3746 1878 ἐνδυμέι

2190 1914 2322 1961 των,
2360 1898 2463 1950 ὅσα
2497 1897 2602 1952 κάν
2623 1898 2838 1962 τούτοις
2876 1901 3271 1972 παρηνομήθη,
3308 1902 3403 1954 καὶ
3443 1903 3593 1965 ὅπως
3619 1904 3783 1956 ἐκτε-

2189 1990 2445 2043 τόπισται
2483 1987 2579 2042 τοῦ
2619 1990 2902 2061 γνωρίμου
2963 2008 3024 2044 τε
3065 1993 3161 2046 καὶ
3189 1991 3461 2063 συνήθους
3495 1993 3778 2056 πολιτεία.

2187 2083 2263 2146 ὼς
2300 2082 2437 2153 μηδέ
2472 2081 2844 2151 γινώσκεσθαι
2870 2082 2953 2136 ἐτι
2982 2084 3136 2148 ὅστις
3176 2083 3465 2156 Ῥωμαίων
3498 2089 3594 2140 καὶ⁵
3622 2086 3782 2149 ὅστις

2187 2175 2297 2228 τῶν
2329 2174 2505 2238 άλλως
2552 2175 2790 2246 ἐχόντων
2840 2176 3017 2244 γενῶν
3037 2217 3061 2245 ,_
3089 2174 3215 2229 οὕτε
3245 2177 3355 2248 γὰρ
3412 2178 3658 2249 Περσική
3688 2194 3780 2241 τις

2189 2267 2429 2338 ἄκρατος
2463 2267 2496 2336 ἡ
2531 2266 2696 2336 στολὴ
2725 2267 2953 2336 γέγονεν
2981 2268 3082 2339 ήδη
3132 2268 3462 2339 Ῥωμαίοις,
3499 2267 3624 2322 οῦτε
3658 2270 3779 2322 Λα-

2187 2355 2370 2428 τινικὴ
2394 2356 2617 2420 τελέως,
2654 2355 2780 2410 οὔτε
2814 2359 2925 2427 μήν
2955 2374 3042 2421 τις
3064 2357 3301 2430 Γοτθικὴ
3342 2357 3622 2425 καθάπαξ,
3642 2358 3778 2412 οὕτε

2189 2449 2243 2503 εί
2261 2467 2349 2513 τις
2396 2448 2716 2521 Τριϐαλλῶν
2763 2450 2857 2503 καὶ
2887 2450 3005 2521 ἅμα
3060 2450 3271 2505 Μυσῶν
3333 2452 3428 2505 καὶ
3484 2452 3777 2505 [11:6va-

2187 2542 2307 2596 ἀλλ’
2355 2544 2419 2597 ἐκ
2476 2540 2669 2597 πασῶν
2702 2542 2763 2595 τὸ
2785 2540 2875 2596 διά
2928 2542 3120 2596 πασῶν
3149 2543 3324 2596 εἰπεῖν
3357 2542 3456 2611 τῆς
3497 2545 3776 2612 μουσικῆς

2188 2635 2405 2705 ἐκείνης
2434 2633 2702 2706 ἁρμονίας
2727 2634 2823 2687 καὶ
2845 2634 3049 2705 ἀρετῆς
3075 2635 3167 2687 ἐπὶ
3192 2636 3302 2688 τῶν
3331 2636 3623 2705 ἡμετέρων
3652 2637 3779 2688 ἀντ-

2189 2730 2494 2813 έστραπται
2549 2728 2759 2799 χρόνων
2807 2728 2862 2792 ἐς
2906 2727 3056 2781 ἅπαν
3084 2728 3399 2782 τούναντίον
3442 2728 3625 2799 μίγμα
3676 2730 3775 2781 καὶ

2191 2820 2533 2891 συμφόρημα
2560 2836 2575 2853 ο
2606 2819 2704 2873 καὶ
2727 2819 2945 2888 ὁρῶμεν
2972 2819 3081 2872 τῶν
3104 2819 3265 2890 ίερῶν
3294 2818 3604 2890 περιϐόλων
3633 2819 3773 2871 εἵσω

2188 2916 2315 2977 τοὺς
2348 2915 2458 2968 τῶν
2495 2912 2670 2983 φίλων
2719 2913 2915 2976 παῖδας
2963 2900 3075 2983 τὴν
3097 2914 3196 2983 μὲν
3227 2913 3472 2984 κεφαλὴν
3516 2913 3774 2975 ἐοικότας

2189 3003 2468 3069 Λατίνοις,
2507 3003 2568 3055 τὸ
2602 3002 2657 3055 δέ
2688 3000 2849 3071 σῶμα
2879 3003 2989 3056 πᾶν
3042 3001 3328 3072 Περσικῶς
3374 3019 3435 3055 τε
3467 3004 3563 3057 κο.)⁵
3596 3002 3775 3072 Μηδι-

2190 3097 2303 3160 κῶς
2335 3096 2689 3166 ἐσταλμένον,
2746 3097 2839 3150 καὶ
2874 3095 3189 3150 τούναντίον
3246 3096 3303 3159 ἐς
3333 3096 3434 3166 τὴν
3467 3096 3770 3166 ὑστεραίαν

2115 3209 2159 3266 C
2192 3190 2321 3252 τοὺς
2355 3188 2554 3250 αὐτοὺς
2588 3186 2682 3239 νῦν
2714 3185 2815 3257 μὲν
2842 3187 3018 3251 άλλως
3050 3186 3146 3240 νῦν
3178 3187 3223 3240 δ’
3275 3186 3448 3252 αλλωξ
3480 3188 3576 3242 νῦν
3609 3189 3658 3242 δ’
3681 3190 3771 3241 οὗ·

2189 3280 2449 3352 δετέρως,
2495 3279 2699 3348 τρόπον
2735 3279 2793 3332 δέ
2819 3296 2942 3334 τινα
2972 3279 3444 3348 τερατωδέστερον
3481 3279 3578 3333 καὶ
3608 3281 3772 3335 ἀλλό-

2190 3391 2349 3429 κοτον
2373 3374 2513 3427 κατὰ
2541 3372 2639 3445 τὴν
2660 3373 2906 3427 ἑκάστων
2932 3372 3228 3427 ἀδέσποτον
3258 3370 3541 3442 βούλησιν,
3585 3369 3767 3444 οἶμαι,

2189 3466 2285 3520 τοῦ
2315 3465 2451 3520 Θεοῦ
2476 3464 2969 3536 συγκεχωρηκότος
3000 3467 3081 3528 εἰς
3110 3465 3272 3518 τοῦτο
3298 3465 3499 3527 κακίας
3529 3464 3768 3535 ῥαγῆναι

2200 3559 2510 3628 Ῥωμαίους
2558 3557 2702 3612 ὥστε
2729 3557 2821 3611 τὸν
2852 3556 2997 3610 ἔνδον
3044 3557 3146 3628 τῆς
3192 3556 3372 3629 ψυχῆς
3396 3558 3642 3628 χειμῶνι
3676 3564 3770 3615 καὶ

2189 3652 2289 3723 τὴν
2313 3653 2444 3723 περὶ
2477 3652 2546 3706 τὰ
2567 3649 2687 3703 θεῖα
2722 3649 2824 3720 τῆς
2858 3648 3185 3718 Ἐκκλησίας
3232 3649 3482 3720 δόγματα
3514 3653 3768 3723 ποικίλην

2191 3722 2362 3815 ζάλην
2387 3744 2449 3817 [ί.
2474 3743 2578 3798 271
2615 3742 2672 3816 α]
2704 3743 2801 3796 καὶ
2831 3742 3099 3796 ἅστασίαν
3125 3744 3214 3797 διὰ
3244 3745 3352 3800 τῶν
3375 3745 3480 3813 ἔξω
3507 3722 3769 3802 τῖιούτων

2194 3837 2494 3908 σχημάτων
2514 3825 2831 3906 δηλοῦσθαι,
2862 3835 2956 3888 καὶ
2993 3836 3142 3905 σφῶν
3177 3838 3357 3890 αὐτῶν
3380 3841 3575 3901 αὐτοὺς
3612 3840 3766 3893 αὐτό-

2192 3931 2285 3985 θεν
2335 3924 2474 3983 εῖναι
2523 3928 2886 3998 κατηγόρους,
2946 3931 3010 3981 ἐκ
3060 3929 3283 4000 πρώτης
3311 3931 3474 3995 εὐθὺς
3499 3932 3676 4003 δψεὼς
3704 3949 3762 3985 τε

2191 4022 2288 4077 καὶ
2313 4020 2581 4091 ἐντυχίας.
2621 4019 2731 4073 Καὶ
2755 4019 2954 4091 ὥσπερ
2979 4021 3072 4074 ἐπὶ
3095 4021 3384 4092 θαλάττης,
3416 4025 3636 4079 ἐπειδὰν
3663 4028 3764 4077 τῶν

2193 4115 2475 4184 σφετέρων
2507 4111 2766 4183 ἀγκυρῶν
2794 4112 3187 4183 ὀρφανισθεῖσα
3216 4117 3347 4180 ναῦς
3385 4118 3593 4189 semesi)
3628 4121 3761 4188 πρὶς

2190 4207 2253 4260 τὸ
2288 4205 2549 4273 πέλαγος.
2614 4204 2817 4275 μυρίας
2878 4205 2971 4259 καὶ
3019 4208 3397 4278 ἀτεκμάρτους
3453 4211 3639 4266 ἀντλεῖ
3664 4211 3759 4272 τὰς

2192 4299 2401 4361 πλάνας
2455 4299 2551 4351 καὶ
2592 4297 2720 4359 τοὺς
2779 4296 3060 4363 κινδύνους
3089 4316 3102 4329 ·
3136 4298 3279 4353 οὕτω
3330 4301 3613 4359 κάνταῦθα
3645 4303 3758 4362 ἐνὸς

2189 4393 2398 4445 ἀτόπου
2426 4390 2702 4453 δοθέντος,
2729 4390 2897 4460 μυρία
2927 4393 2995 4445 τὰ
3020 4391 3197 4445 άτοπα
3226 4394 3587 4464 ἠκολούθησε,
3622 4392 3762 4463 πρῶ·

2192 4499 2283 4534 τον
2337 4485 2436 4553 μὲν
2486 4485 2519 4552 ἡ
2557 4484 2667 4537 τῶν
2699 4485 2976 4553 μεγίστων
3006 4486 3072 4538 ἐκ
3104 4486 3338 4539 παλαιοῦ
3373 4487 3469 4540 καὶ
3520 4486 3762 4557 περιελέ-

521 4586 718 4628 narum
753 4580 810 4624 et
843 4568 1284 4639 pavimentorum
1320 4566 1554 4634 pulchra
1581 4571 1635 4617 et
1664 4560 1912 4616 miranda
1946 4574 2087 4612 mar-

2199 4593 2349 4627 πτων
2378 4575 2657 4628 παλατίων
2686 4577 2782 4629 καὶ
2821 4575 2936 4628 ὅσοι
2991 4576 3099 4629 τῶν
3128 4577 3340 4639 τούτοις
3370 4576 3759 4647 παραπλησίως

3587 4616 3632 4646 il‘

522 4679 673 4721 mora
710 4662 925 4717 vendita
964 4669 1020 4715 et
1059 4659 1326 4713 continuo
1371 4656 1437 4709 ad
1462 4654 1780 4710 Galatarum
1802 4651 2089 4705 castellum

521 4762 927 4825 transportata,
965 4754 1152 4820 itaque
1195 4750 1303 4803 huc
1349 4749 1480 4802 illuc
1513 4746 1697 4799 omnia
1766 4751 2088 4797 ornamenta

525 4847 707 4904 delata
741 4853 905 4910 sunt,
939 4857 995 4898 et
1027 4844 1134 4897 alia
1177 4856 1300 4911 quin
1345 4838 1530 4894 decori
1577 4845 1735 4891 erant
1784 4835 1918 4889 huic
1968 4834 2091 4887 urbi

524 4939 880 5008 amplissima:
927 4947 985 4991 et
1034 4943 1260 5005 propter
1307 4931 1658 5001 splendorem
1701 4929 1950 4983 onmium
1997 4941 2094 4980 ore

524 5030 827 5085 celebrata.
873 5027 1119 5096 Denique
1152 5025 1296 5078 idem
1334 5022 1538 5077 accidit
1580 5019 1749 5075 sacris
1790 5031 1847 5074 et
1887 5017 2096 5071 divinis

524 5121 784 5191 templis,
827 5135 951 5190 qua:
996 5116 1482 5186 lliUllO'llltlel'elli
1526 5128 1689 5182 quam
1734 5111 2091 5166 aediﬁciorum

522 5214 747 5267 illorum
809 5209 1217 5281 magniﬁcentia
1279 5207 1401 5261 urbi
1462 5207 1812 5274 praabuerant
1866 5203 2099 5258 claritu-

521 5305 733 5359 dinem.

590 5481 735 5536 Xlll.
793 5481 978 5536 Primo
1036 5493 1164 5534 vere
1214 5476 1583 5532 Triballorum
1640 5477 1897 5547 princeps
1955 5477 2097 5532 obiit

519 5575 706 5630 Crales
737 5573 966 5629 Serbian.
993 5571 1151 5628 Unde
1182 5586 1270 5626 res
1301 5570 1459 5641 557
1497 5571 1847 5626 tumultuosae
1884 5580 1942 5625 et
1976 5579 2096 5625 tur-

522 5663 671 5719 bidaa
705 5674 838 5719 ortae
889 5673 1021 5718 sunt
1065 5662 1283 5731 imperii
1336 5661 1665 5727 successori,
1703 5676 1812 5716 non
1848 5662 2025 5718 solum
2065 5678 2097 5718 a

525 5756 826 5825 provinciae
841 5756 1124 5839 praefectis
1154 5766 1210 5812 et
1241 5754 1582 5824 civitatibus,
1620 5755 1714 5811 sed
1744 5757 1910 5811 etiam
1945 5756 2092 5826 quod

529 5847 888 5917 Nicepltorus,
921 5848 1138 5904 comitis
1175 5847 1524 5918 Cepltalenize
1558 5850 1722 5916 ﬁlius,
1744 5865 1908 5920 quem
1931 5867 2098 5923 supra

2198 4665 2423 4729 ἐνδόξων
2478 4667 2642 4718 οίκων
2695 4667 3058 4738 καθαίρεσις,
3093 4669 3187 4723 καὶ
3215 4671 3329 4737 ἄμα
3364 4673 3396 4742 ή
3433 4672 3541 4725 τῶν
3570 4670 3755 4724 κιόνων

2194 4756 2291 4809 καὶ
2315 4758 2423 4810 τῶν
2451 4758 2723 4810 ἐπιπέδων
2749 4759 2842 4811 καὶ
2869 4760 3133 4815 ποικίλων
3156 4761 3249 4815 καὶ
3275 4762 3598 4833 θαυμασίων
3622 4777 3756 4833 μαρ-

2199 4849 2387 4918 μάρων
2418 4852 2887 4919 πιπρασκομένων
2910 4849 3166 4922 διηνεκὴς
3195 4854 3331 4923 πρὸς
3355 4855 3418 4907 τὸ
3448 4855 3485 4906 Γ
3489 4854 3756 4908 αλατώνυ-

2199 4958 2300 5009 μον
2332 4942 2591 5010 φρούριον
2620 4944 2913 5015 ἀπαγωγὴ,
2945 4945 3095 5016 καὶὴ
3127 4933 3228 5015 τῆς
3260 4949 3507 5002 ἐντεῦθεν
3545 4949 3755 5018 χάριτος

2197 5034 2377 5085 ἐκεῖσε
2413 5036 2729 5103 μετάθεσις,
2764 5039 2858 5090 καὶ
2884 5041 2985 5090 ὅσα
3015 5039 3222 5107 κόσμον
3248 5044 3476 5113 παρεῖχε
3513 5047 3579 5114 τῇ
3610 5022 3752 5111 μεγί-

2200 5137 2301 5193 στῃ
2323 5124 2495 5196 ταύτῃ
2522 5125 2629 5178 τῶν
2664 5127 2872 5180 πόλεων
2906 5129 3001 5181 καὶ
3029 5130 3355 5198 περιϐόητον
3382 5136 3483 5201 την
3516 5128 3750 5200 λαμπρό-

2196 5231 2338 5283 τητα
2357 5232 2371 5246 ο
2398 5211 2515 5268 εἶτα
2538 5217 2647 5270 τῶν
2677 5216 2841 5287 ἱερῶν
2869 5218 2965 5271 καὶ
2995 5218 3157 5272 θείων
3186 5221 3323 5273 νεῶν
3364 5223 3553 5275 ὁπόσοι
3580 5222 3751 5292 μεῖξον

2200 5305 2380 5377 πολλῷ
2405 5308 2501 5377 τῆς
2532 5309 2641 5391 τῶν
2667 5308 2832 5364 οῐκων
2864 5310 3091 5365 ἐκείνων
3118 5314 3480 5384 περιφανείας
3506 5314 3750 5384 παρεῖχον

2198 5400 2266 5468 τῇ
2307 5399 2461 5452 πόλει
2501 5400 2562 5452 τὸ
2591 5402 2768 5466 κλέος.

2271 5487 2369 5543 ll".
2410 5488 2518 5541 Τοῦ
2553 5488 2599 5542 δ’
2629 5485 2765 5561 ἦρος
2795 5492 3103 5564 ἀρχομένου
3128 5495 3156 5548 ὁ
3184 5495 3292 5551 τῶν
3314 5495 3628 5567 Τρισαλλῶν
3652 5494 3746 5558 ἀρ’

2200 5580 2370 5650 χηγὸς
2394 5580 2677 5651 ἐτεθνήκει
2712 5584 2939 5655 Κράλης
2974 5586 3226 5656 Σερσιας,
3261 5588 3356 5641 και
3386 5587 3607 5659 θόρυϐον
3633 5583 3746 5649 ἔσχε

2201 5673 2299 5726 ttat
2327 5672 2498 5742 ζάλην
2527 5674 2780 5729 ἐντεῦθεν
2810 5678 2929 5729 ἐκεῖ
2956 5678 3025 5731 τὰ
3057 5680 3367 5749 πράγματα
3399 5681 3476 5752 τῷ
3518 5680 3617 5747 νέῳ
3656 5673 3744 5737 τῆς

2200 5762 2374 5833 ἀρχῆς
2403 5762 2656 5839 διαδόχῳ,
2680 5766 2741 5817 οὺ
2786 5767 2949 5836 μόνον
2979 5768 3044 5819 ἐκ
3078 5768 3189 5821 τῶν
3212 5770 3311 5837 τῆς
3338 5770 3522 5841 χώρας
3546 5760 3741 5830 ἐπιτρό-

2202 5872 2321 5908 πων
2359 5856 2526 5908 αὑτοῦ
2560 5857 2656 5909 καὶ
2697 5858 2806 5911 τῶν
2837 5858 3070 5926 πόλεων,
3103 5861 3242 5915 ἀλλὰ
3271 5866 3366 5916 καὶ
3392 5861 3687 5932 Νικηφόρος
3719 5852 3739 5901 ὅ
