  <div class='ocr_page' id='page_1' title='image "/cluster/home/n/w/nwhite01/storage/ocr_20150623/149:no.2/coo.31924054870542/254.png"; bbox 0 0 4016 6478; ppageno 0'>
   <div class='ocr_carea' id='block_1_1' title="bbox 178 1311 188 1512">
    <p class='ocr_par' dir='ltr' id='par_1_1' title="bbox 178 1311 188 1512">
     <span class='ocr_line' id='line_1_1' title="bbox 178 1311 188 1512; baseline 0 0"><span class='ocrx_word' id='word_1_1' title='bbox 178 1311 188 1512; x_wconf 68' lang='lat' dir='ltr'><strong>i</strong></span> 
     </span>
    </p>
   </div>
   <div class='ocr_carea' id='block_1_2' title="bbox 166 1783 180 1992">
    <p class='ocr_par' dir='ltr' id='par_1_2' title="bbox 166 1783 180 1992">
     <span class='ocr_line' id='line_1_2' title="bbox 166 1783 180 1992; baseline 0 0"><span class='ocrx_word' id='word_1_2' title='bbox 166 1783 180 1992; x_wconf 77' lang='grc' dir='ltr'><strong>Ι</strong></span> 
     </span>
    </p>
   </div>
   <div class='ocr_carea' id='block_1_3' title="bbox 297 378 401 442">
    <p class='ocr_par' dir='ltr' id='par_1_3' title="bbox 297 378 401 442">
     <span class='ocr_line' id='line_1_3' title="bbox 297 378 401 442; baseline -0.058 1"><span class='ocrx_word' id='word_1_3' title='bbox 297 378 401 442; x_wconf 68' lang='grc' dir='ltr'><strong>4θῖ</strong></span> 
     </span>
    </p>
   </div>
   <div class='ocr_carea' id='block_1_4' title="bbox 1281 371 2679 434">
    <p class='ocr_par' dir='ltr' id='par_1_4' title="bbox 1281 371 2679 434">
     <span class='ocr_line' id='line_1_4' title="bbox 1281 371 2679 434; baseline 0 -2"><span class='ocrx_word' id='word_1_4' title='bbox 1281 372 1726 434; x_wconf 71' lang='grc' dir='ltr'><strong>ΒΥΖΑΝΤΙΝίΕ</strong></span> <span class='ocrx_word' id='word_1_5' title='bbox 1767 373 2150 432; x_wconf 73' lang='lat' dir='ltr'><strong>IIISTORLE</strong></span> <span class='ocrx_word' id='word_1_6' title='bbox 2193 373 2333 432; x_wconf 83' lang='lat' dir='ltr'><strong>LIB.</strong></span> <span class='ocrx_word' id='word_1_7' title='bbox 2383 371 2679 433; x_wconf 64' lang='lat' dir='ltr'><strong>XXXV“.</strong></span> 
     </span>
    </p>
   </div>
   <div class='ocr_carea' id='block_1_5' title="bbox 3447 371 3555 437">
    <p class='ocr_par' dir='ltr' id='par_1_5' title="bbox 3447 371 3555 437">
     <span class='ocr_line' id='line_1_5' title="bbox 3447 371 3555 437; baseline 0.028 -3"><span class='ocrx_word' id='word_1_8' title='bbox 3447 371 3555 437; x_wconf 71' lang='grc'><strong>494</strong></span> 
     </span>
    </p>
   </div>
   <div class='ocr_carea' id='block_1_6' title="bbox 296 479 1864 556">
    <p class='ocr_par' dir='ltr' id='par_1_6' title="bbox 296 481 1864 555">
     <span class='ocr_line' id='line_1_6' title="bbox 296 481 1864 555; baseline -0.002 -16"><span class='ocrx_word' id='word_1_9' title='bbox 296 487 481 539; x_wconf 85' lang='grc' dir='ltr'>κόντου</span> <span class='ocrx_word' id='word_1_10' title='bbox 518 483 899 555; x_wconf 71' lang='grc' dir='ltr'><strong>Κεφαλληνίας</strong></span> <span class='ocrx_word' id='word_1_11' title='bbox 937 481 1073 548; x_wconf 78' lang='grc' dir='ltr'>υἱὸς,</span> <span class='ocrx_word' id='word_1_12' title='bbox 1129 482 1187 536; x_wconf 79' lang='grc' dir='ltr'>ὃν</span> <span class='ocrx_word' id='word_1_13' title='bbox 1218 486 1244 536; x_wconf 88' lang='grc' dir='ltr'>ὁ</span> <span class='ocrx_word' id='word_1_14' title='bbox 1278 484 1436 554; x_wconf 91' lang='grc' dir='ltr'>λόγος</span> <span class='ocrx_word' id='word_1_15' title='bbox 1481 485 1592 540; x_wconf 74' lang='grc' dir='ltr'>ἅνω</span> <span class='ocrx_word' id='word_1_16' title='bbox 1625 500 1728 540; x_wconf 87' lang='grc' dir='ltr'><strong>που</strong></span> <span class='ocrx_word' id='word_1_17' title='bbox 1781 483 1864 536; x_wconf 85' lang='grc' dir='ltr'>δέ·</span> 
     </span>
    </p>
   </div>
   <div class='ocr_carea' id='block_1_7' title="bbox 1970 479 3553 556">
    <p class='ocr_par' dir='ltr' id='par_1_7' title="bbox 1970 479 3553 552">
     <span class='ocr_line' id='line_1_7' title="bbox 1970 479 3553 552; baseline -0.001 -16"><span class='ocrx_word' id='word_1_18' title='bbox 1970 483 2082 537; x_wconf 82' lang='lat' dir='ltr'><strong>dixi</strong></span> <span class='ocrx_word' id='word_1_19' title='bbox 2106 485 2366 538; x_wconf 86' lang='lat' dir='ltr'><strong>maritum</strong></span> <span class='ocrx_word' id='word_1_20' title='bbox 2390 486 2598 539; x_wconf 82' lang='lat' dir='ltr'><strong>sororis</strong></span> <span class='ocrx_word' id='word_1_21' title='bbox 2627 482 2960 537; x_wconf 80' lang='lat' dir='ltr'><strong>eteomitem</strong></span> <span class='ocrx_word' id='word_1_22' title='bbox 3005 479 3376 536; x_wconf 86' lang='lat' dir='ltr'><strong>Cantacuzeni</strong></span> <span class='ocrx_word' id='word_1_23' title='bbox 3418 481 3553 552; x_wconf 88' lang='lat' dir='ltr'><strong>imp.</strong></span> 
     </span>
    </p>
   </div>
   <div class='ocr_carea' id='block_1_8' title="bbox 293 573 1861 647">
    <p class='ocr_par' dir='ltr' id='par_1_8' title="bbox 293 573 1861 647">
     <span class='ocr_line' id='line_1_8' title="bbox 293 573 1861 647; baseline -0.001 -17"><span class='ocrx_word' id='word_1_24' title='bbox 293 578 436 647; x_wconf 87' lang='grc' dir='ltr'>δειχε</span> <span class='ocrx_word' id='word_1_25' title='bbox 461 576 712 646; x_wconf 77' lang='grc' dir='ltr'>γαμϐρὸν</span> <span class='ocrx_word' id='word_1_26' title='bbox 736 576 828 628; x_wconf 74' lang='grc' dir='ltr'><strong>ἐπὶ</strong></span> <span class='ocrx_word' id='word_1_27' title='bbox 860 573 1094 645; x_wconf 75' lang='grc' dir='ltr'>θυγατρὶ</span> <span class='ocrx_word' id='word_1_28' title='bbox 1130 577 1479 630; x_wconf 74' lang='grc' dir='ltr'><strong>καταστάντα</strong></span> <span class='ocrx_word' id='word_1_29' title='bbox 1508 576 1603 630; x_wconf 73' lang='grc' dir='ltr'><strong>καὶ</strong></span> <span class='ocrx_word' id='word_1_30' title='bbox 1637 592 1861 644; x_wconf 88' lang='grc' dir='ltr'>συμπα-</span> 
     </span>
    </p>
   </div>
   <div class='ocr_carea' id='block_1_9' title="bbox 296 665 1865 740">
    <p class='ocr_par' dir='ltr' id='par_1_9' title="bbox 296 665 1865 740">
     <span class='ocr_line' id='line_1_9' title="bbox 296 665 1865 740; baseline -0.001 -20"><span class='ocrx_word' id='word_1_31' title='bbox 296 668 678 739; x_wconf 80' lang='grc' dir='ltr'>ρομαρτοῦντα</span> <span class='ocrx_word' id='word_1_32' title='bbox 697 667 775 740; x_wconf 82' lang='grc' dir='ltr'><strong>τῷ</strong></span> <span class='ocrx_word' id='word_1_33' title='bbox 807 668 1022 738; x_wconf 70' lang='grc' dir='ltr'>βασιλεῖ</span> <span class='ocrx_word' id='word_1_34' title='bbox 1046 667 1492 740; x_wconf 75' lang='grc' dir='ltr'>Καντακουζηνῷ</span> <span class='ocrx_word' id='word_1_35' title='bbox 1537 669 1672 738; x_wconf 82' lang='grc' dir='ltr'>πρὶν</span> <span class='ocrx_word' id='word_1_36' title='bbox 1701 665 1734 737; x_wconf 81' lang='grc' dir='ltr'><strong>ἢ</strong></span> <span class='ocrx_word' id='word_1_37' title='bbox 1768 667 1865 738; x_wconf 84' lang='grc' dir='ltr'><strong>βα·-</strong></span> 
     </span>
    </p>
   </div>
   <div class='ocr_carea' id='block_1_10' title="bbox 294 761 1862 834">
    <p class='ocr_par' dir='ltr' id='par_1_10' title="bbox 294 761 1862 834">
     <span class='ocr_line' id='line_1_10' title="bbox 294 761 1862 834; baseline -0.001 -18"><span class='ocrx_word' id='word_1_38' title='bbox 294 761 499 826; x_wconf 83' lang='grc' dir='ltr'>σιλείας</span> <span class='ocrx_word' id='word_1_39' title='bbox 519 761 845 833; x_wconf 74' lang='grc' dir='ltr'>δράξασθαι,</span> <span class='ocrx_word' id='word_1_40' title='bbox 877 763 1113 834; x_wconf 80' lang='grc' dir='ltr'><strong>ἔδραμεν</strong></span> <span class='ocrx_word' id='word_1_41' title='bbox 1143 763 1307 827; x_wconf 77' lang='grc' dir='ltr'>εὐθὺς</span> <span class='ocrx_word' id='word_1_42' title='bbox 1346 762 1484 832; x_wconf 84' lang='grc' dir='ltr'>πρὸς</span> <span class='ocrx_word' id='word_1_43' title='bbox 1524 761 1862 832; x_wconf 82' lang='grc' dir='ltr'><strong>Ἀκαρνᾶνας</strong></span> 
     </span>
    </p>
   </div>
   <div class='ocr_carea' id='block_1_11' title="bbox 292 853 1858 928">
    <p class='ocr_par' dir='ltr' id='par_1_11' title="bbox 292 853 1858 928">
     <span class='ocr_line' id='line_1_11' title="bbox 292 853 1858 928; baseline -0.003 -20"><span class='ocrx_word' id='word_1_44' title='bbox 292 855 387 910; x_wconf 82' lang='grc' dir='ltr'>καὶ</span> <span class='ocrx_word' id='word_1_45' title='bbox 419 854 695 918; x_wconf 72' lang='grc' dir='ltr'>Αἰτωλούς</span> <span class='ocrx_word' id='word_1_46' title='bbox 720 872 733 885; x_wconf 89' lang='grc'><strong>·</strong></span> <span class='ocrx_word' id='word_1_47' title='bbox 764 857 858 909; x_wconf 83' lang='grc' dir='ltr'>καὶ</span> <span class='ocrx_word' id='word_1_48' title='bbox 902 855 1283 928; x_wconf 81' lang='grc' dir='ltr'><strong>συλλήπτορας</strong></span> <span class='ocrx_word' id='word_1_49' title='bbox 1315 853 1558 927; x_wconf 77' lang='grc' dir='ltr'>εἰληφὼς</span> <span class='ocrx_word' id='word_1_50' title='bbox 1591 854 1858 918; x_wconf 77' lang='grc' dir='ltr'>ἐκείνους,</span> 
     </span>
    </p>
   </div>
   <div class='ocr_carea' id='block_1_12' title="bbox 292 945 1864 1018">
    <p class='ocr_par' dir='ltr' id='par_1_12' title="bbox 292 945 1864 1018">
     <span class='ocr_line' id='line_1_12' title="bbox 292 945 1864 1018; baseline -0.001 -18"><span class='ocrx_word' id='word_1_51' title='bbox 292 949 387 1002; x_wconf 67' lang='grc' dir='ltr'><strong>καὶ</strong></span> <span class='ocrx_word' id='word_1_52' title='bbox 411 948 527 1018; x_wconf 73' lang='grc' dir='ltr'><strong>ἅμα</strong></span> <span class='ocrx_word' id='word_1_53' title='bbox 565 947 656 1000; x_wconf 77' lang='grc' dir='ltr'><strong>τὸν</strong></span> <span class='ocrx_word' id='word_1_54' title='bbox 687 947 998 1016; x_wconf 80' lang='grc' dir='ltr'>τηνικαῦτα</span> <span class='ocrx_word' id='word_1_55' title='bbox 1025 947 1133 1000; x_wconf 84' lang='grc' dir='ltr'>τῶν</span> <span class='ocrx_word' id='word_1_56' title='bbox 1161 949 1278 1001; x_wconf 85' lang='grc' dir='ltr'>ἐκεῖ</span> <span class='ocrx_word' id='word_1_57' title='bbox 1316 947 1511 1018; x_wconf 86' lang='grc' dir='ltr'>χωρῶν</span> <span class='ocrx_word' id='word_1_58' title='bbox 1539 964 1599 1000; x_wconf 84' lang='grc' dir='ltr'><strong>τε</strong></span> <span class='ocrx_word' id='word_1_59' title='bbox 1644 946 1738 998; x_wconf 74' lang='grc' dir='ltr'><strong>καὶ</strong></span> <span class='ocrx_word' id='word_1_60' title='bbox 1766 945 1864 998; x_wconf 90' lang='grc' dir='ltr'>πό-</span> 
     </span>
    </p>
   </div>
   <div class='ocr_carea' id='block_1_13' title="bbox 291 1036 1864 1109">
    <p class='ocr_par' dir='ltr' id='par_1_13' title="bbox 291 1036 1864 1109">
     <span class='ocr_line' id='line_1_13' title="bbox 291 1036 1864 1109; baseline -0.002 -19"><span class='ocrx_word' id='word_1_61' title='bbox 291 1039 427 1093; x_wconf 89' lang='grc' dir='ltr'>λεων</span> <span class='ocrx_word' id='word_1_62' title='bbox 453 1039 694 1109; x_wconf 84' lang='grc' dir='ltr'>ἀρχηγὸν</span> <span class='ocrx_word' id='word_1_63' title='bbox 721 1038 941 1106; x_wconf 87' lang='grc' dir='ltr'>Σίμωνα</span> <span class='ocrx_word' id='word_1_64' title='bbox 983 1039 1076 1093; x_wconf 81' lang='grc' dir='ltr'><strong>τὸν</strong></span> <span class='ocrx_word' id='word_1_65' title='bbox 1099 1038 1185 1092; x_wconf 85' lang='grc' dir='ltr'>ἐπ’</span> <span class='ocrx_word' id='word_1_66' title='bbox 1222 1037 1428 1108; x_wconf 81' lang='grc' dir='ltr'>ἀδελφῇ</span> <span class='ocrx_word' id='word_1_67' title='bbox 1463 1038 1560 1107; x_wconf 77' lang='grc' dir='ltr'>μὲν</span> <span class='ocrx_word' id='word_1_68' title='bbox 1589 1036 1864 1108; x_wconf 74' lang='grc' dir='ltr'>γαμϐρὸν,</span> 
     </span>
    </p>
   </div>
   <div class='ocr_carea' id='block_1_14' title="bbox 292 1129 1866 1200">
    <p class='ocr_par' dir='ltr' id='par_1_14' title="bbox 292 1129 1866 1200">
     <span class='ocr_line' id='line_1_14' title="bbox 292 1129 1866 1200; baseline 0.001 -20"><span class='ocrx_word' id='word_1_69' title='bbox 292 1131 406 1180; x_wconf 63' lang='grc' dir='ltr'>υἱὸν</span> <span class='ocrx_word' id='word_1_70' title='bbox 461 1130 518 1181; x_wconf 84' lang='grc' dir='ltr'><strong>δὲ</strong></span> <span class='ocrx_word' id='word_1_71' title='bbox 552 1131 645 1182; x_wconf 80' lang='grc' dir='ltr'><strong>τοῦ</strong></span> <span class='ocrx_word' id='word_1_72' title='bbox 699 1130 1026 1199; x_wconf 83' lang='grc' dir='ltr'>τεθνηκότος</span> <span class='ocrx_word' id='word_1_73' title='bbox 1087 1129 1278 1200; x_wconf 85' lang='grc' dir='ltr'>Κράλη</span> <span class='ocrx_word' id='word_1_74' title='bbox 1325 1129 1579 1200; x_wconf 87' lang='grc' dir='ltr'>Σερϐίας,</span> <span class='ocrx_word' id='word_1_75' title='bbox 1638 1129 1866 1182; x_wconf 76' lang='grc' dir='ltr'><strong>ἐπέθετο</strong></span> 
     </span>
    </p>
   </div>
   <div class='ocr_carea' id='block_1_15' title="bbox 289 1219 1864 1292">
    <p class='ocr_par' dir='ltr' id='par_1_15' title="bbox 289 1219 1864 1292">
     <span class='ocr_line' id='line_1_15' title="bbox 289 1219 1864 1292; baseline 0.001 -20"><span class='ocrx_word' id='word_1_76' title='bbox 289 1222 407 1282; x_wconf 86' lang='grc' dir='ltr'>ταῖς</span> <span class='ocrx_word' id='word_1_77' title='bbox 440 1220 566 1291; x_wconf 83' lang='grc' dir='ltr'>ἄχρι</span> <span class='ocrx_word' id='word_1_78' title='bbox 586 1221 698 1274; x_wconf 76' lang='grc' dir='ltr'>τόθ’</span> <span class='ocrx_word' id='word_1_79' title='bbox 726 1221 991 1291; x_wconf 81' lang='grc' dir='ltr'><strong>ὑπηκόοις</strong></span> <span class='ocrx_word' id='word_1_80' title='bbox 1014 1219 1092 1291; x_wconf 84' lang='grc' dir='ltr'>τῷ</span> <span class='ocrx_word' id='word_1_81' title='bbox 1121 1220 1315 1292; x_wconf 81' lang='grc' dir='ltr'>Κράλῃ</span> <span class='ocrx_word' id='word_1_82' title='bbox 1357 1221 1551 1274; x_wconf 89' lang='grc' dir='ltr'>πόλεσι</span> <span class='ocrx_word' id='word_1_83' title='bbox 1597 1220 1694 1291; x_wconf 83' lang='grc' dir='ltr'>τῆς</span> <span class='ocrx_word' id='word_1_84' title='bbox 1727 1219 1864 1273; x_wconf 85' lang='grc' dir='ltr'>Θετ-</span> 
     </span>
    </p>
   </div>
   <div class='ocr_carea' id='block_1_16' title="bbox 289 1310 1863 1383">
    <p class='ocr_par' dir='ltr' id='par_1_16' title="bbox 289 1310 1863 1383">
     <span class='ocr_line' id='line_1_16' title="bbox 289 1310 1863 1383; baseline 0.004 -23"><span class='ocrx_word' id='word_1_85' title='bbox 289 1310 497 1372; x_wconf 85' lang='grc' dir='ltr'>ταλίας,</span> <span class='ocrx_word' id='word_1_86' title='bbox 531 1312 1015 1381; x_wconf 84' lang='grc' dir='ltr'>προσκαλουμένας</span> <span class='ocrx_word' id='word_1_87' title='bbox 1055 1313 1156 1383; x_wconf 84' lang='grc' dir='ltr'>μὲν</span> <span class='ocrx_word' id='word_1_88' title='bbox 1201 1313 1365 1367; x_wconf 82' lang='grc' dir='ltr'>αὐτὸν</span> <span class='ocrx_word' id='word_1_89' title='bbox 1397 1314 1460 1365; x_wconf 90' lang='grc' dir='ltr'><strong>ἐκ</strong></span> <span class='ocrx_word' id='word_1_90' title='bbox 1494 1311 1720 1378; x_wconf 78' lang='grc' dir='ltr'>πολλοῦ,</span> <span class='ocrx_word' id='word_1_91' title='bbox 1765 1313 1863 1366; x_wconf 83' lang='grc' dir='ltr'>νῦν</span> 
     </span>
    </p>
   </div>
   <div class='ocr_carea' id='block_1_17' title="bbox 287 1400 1861 1474">
    <p class='ocr_par' dir='ltr' id='par_1_17' title="bbox 287 1400 1861 1474">
     <span class='ocr_line' id='line_1_17' title="bbox 287 1400 1861 1474; baseline 0.004 -22"><span class='ocrx_word' id='word_1_92' title='bbox 287 1400 345 1452; x_wconf 82' lang='grc' dir='ltr'>δὲ</span> <span class='ocrx_word' id='word_1_93' title='bbox 401 1403 497 1454; x_wconf 69' lang='grc' dir='ltr'><strong>καὶ</strong></span> <span class='ocrx_word' id='word_1_94' title='bbox 548 1404 978 1474; x_wconf 80' lang='grc' dir='ltr'>προσχωρούσας</span> <span class='ocrx_word' id='word_1_95' title='bbox 1049 1405 1252 1457; x_wconf 82' lang='grc' dir='ltr'>ἐκοντί.</span> <span class='ocrx_word' id='word_1_96' title='bbox 1311 1405 1420 1458; x_wconf 84' lang='grc' dir='ltr'><strong>Καὶ</strong></span> <span class='ocrx_word' id='word_1_97' title='bbox 1466 1405 1861 1474; x_wconf 78' lang='grc' dir='ltr'>παρεστήσατο</span> 
     </span>
    </p>
   </div>
   <div class='ocr_carea' id='block_1_18' title="bbox 1970 572 3555 646">
    <p class='ocr_par' dir='ltr' id='par_1_18' title="bbox 1970 572 3555 646">
     <span class='ocr_line' id='line_1_18' title="bbox 1970 572 3555 646; baseline -0.001 -17"><span class='ocrx_word' id='word_1_98' title='bbox 1970 583 2264 645; x_wconf 76' lang='lat' dir='ltr'><strong>antequam</strong></span> <span class='ocrx_word' id='word_1_99' title='bbox 2296 575 2386 632; x_wconf 90' lang='lat' dir='ltr'><strong>hic</strong></span> <span class='ocrx_word' id='word_1_100' title='bbox 2417 590 2588 646; x_wconf 85' lang='lat' dir='ltr'><strong>regno</strong></span> <span class='ocrx_word' id='word_1_101' title='bbox 2620 575 2981 645; x_wconf 79' lang='lat' dir='ltr'><strong>potituserat</strong></span> <span class='ocrx_word' id='word_1_102' title='bbox 3003 613 3017 638; x_wconf 89' lang='lat'><strong>,</strong></span> <span class='ocrx_word' id='word_1_103' title='bbox 3046 572 3116 626; x_wconf 86' lang='lat' dir='ltr'><strong>ad</strong></span> <span class='ocrx_word' id='word_1_104' title='bbox 3147 577 3468 626; x_wconf 86' lang='lat' dir='ltr'><strong>Acarnanes</strong></span> <span class='ocrx_word' id='word_1_105' title='bbox 3499 585 3555 627; x_wconf 86' lang='lat' dir='ltr'><strong>et</strong></span> 
     </span>
    </p>
   </div>
   <div class='ocr_carea' id='block_1_19' title="bbox 1969 664 3554 736">
    <p class='ocr_par' dir='ltr' id='par_1_19' title="bbox 1969 664 3554 736">
     <span class='ocr_line' id='line_1_19' title="bbox 1969 664 3554 736; baseline -0.001 -14"><span class='ocrx_word' id='word_1_106' title='bbox 1969 666 2182 723; x_wconf 65' lang='lat' dir='ltr'><strong>)Etolos</strong></span> <span class='ocrx_word' id='word_1_107' title='bbox 2223 683 2346 724; x_wconf 89' lang='lat' dir='ltr'><strong>sese</strong></span> <span class='ocrx_word' id='word_1_108' title='bbox 2396 667 2655 734; x_wconf 86' lang='lat' dir='ltr'><strong>contulit,</strong></span> <span class='ocrx_word' id='word_1_109' title='bbox 2677 682 2886 736; x_wconf 88' lang='lat' dir='ltr'><strong>eosque</strong></span> <span class='ocrx_word' id='word_1_110' title='bbox 2935 665 3116 722; x_wconf 91' lang='lat' dir='ltr'><strong>socios</strong></span> <span class='ocrx_word' id='word_1_111' title='bbox 3169 664 3274 720; x_wconf 85' lang='lat' dir='ltr'><strong>sibi</strong></span> <span class='ocrx_word' id='word_1_112' title='bbox 3301 664 3554 734; x_wconf 83' lang='lat' dir='ltr'><strong>adjunxit</strong></span> 
     </span>
    </p>
   </div>
   <div class='ocr_carea' id='block_1_20' title="bbox 1969 753 3554 828">
    <p class='ocr_par' dir='ltr' id='par_1_20' title="bbox 1969 753 3554 828">
     <span class='ocr_line' id='line_1_20' title="bbox 1969 753 3554 828; baseline -0.004 -17"><span class='ocrx_word' id='word_1_113' title='bbox 1969 773 2189 828; x_wconf 89' lang='lat' dir='ltr'><strong>unaque</strong></span> <span class='ocrx_word' id='word_1_114' title='bbox 2219 758 2497 814; x_wconf 86' lang='lat' dir='ltr'><strong>Simonem</strong></span> <span class='ocrx_word' id='word_1_115' title='bbox 2541 757 2636 828; x_wconf 86' lang='lat' dir='ltr'><strong>qui</strong></span> <span class='ocrx_word' id='word_1_116' title='bbox 2662 773 2729 812; x_wconf 91' lang='lat' dir='ltr'><strong>eo</strong></span> <span class='ocrx_word' id='word_1_117' title='bbox 2760 767 3009 827; x_wconf 89' lang='lat' dir='ltr'><strong>tempore</strong></span> <span class='ocrx_word' id='word_1_118' title='bbox 3052 757 3272 811; x_wconf 89' lang='lat' dir='ltr'><strong>illorum</strong></span> <span class='ocrx_word' id='word_1_119' title='bbox 3307 753 3554 809; x_wconf 75' lang='lat' dir='ltr'><strong>vicorum</strong></span> 
     </span>
    </p>
   </div>
   <div class='ocr_carea' id='block_1_21' title="bbox 1963 849 3558 920">
    <p class='ocr_par' dir='ltr' id='par_1_21' title="bbox 1963 849 3558 920">
     <span class='ocr_line' id='line_1_21' title="bbox 1963 849 3558 920; baseline -0.004 -15"><span class='ocrx_word' id='word_1_120' title='bbox 1963 859 2021 905; x_wconf 90' lang='lat' dir='ltr'><strong>et</strong></span> <span class='ocrx_word' id='word_1_121' title='bbox 2051 850 2273 904; x_wconf 87' lang='lat' dir='ltr'><strong>urbium</strong></span> <span class='ocrx_word' id='word_1_122' title='bbox 2310 849 2605 920; x_wconf 76' lang='lat' dir='ltr'><strong>praefectus</strong></span> <span class='ocrx_word' id='word_1_123' title='bbox 2639 860 2794 913; x_wconf 88' lang='lat' dir='ltr'><strong>erat,</strong></span> <span class='ocrx_word' id='word_1_124' title='bbox 2832 849 2900 904; x_wconf 89' lang='lat' dir='ltr'><strong>ab</strong></span> <span class='ocrx_word' id='word_1_125' title='bbox 2934 863 3126 905; x_wconf 85' lang='lat' dir='ltr'><strong>sorore</strong></span> <span class='ocrx_word' id='word_1_126' title='bbox 3166 862 3455 919; x_wconf 78' lang='lat' dir='ltr'><strong>generum,</strong></span> <span class='ocrx_word' id='word_1_127' title='bbox 3501 855 3558 898; x_wconf 79' lang='lat' dir='ltr'><strong>rt</strong></span> 
     </span>
    </p>
   </div>
   <div class='ocr_carea' id='block_1_22' title="bbox 1963 939 3557 1012">
    <p class='ocr_par' dir='ltr' id='par_1_22' title="bbox 1963 939 3557 1012">
     <span class='ocr_line' id='line_1_22' title="bbox 1963 939 3557 1012; baseline -0.004 -14"><span class='ocrx_word' id='word_1_128' title='bbox 1963 943 2139 998; x_wconf 80' lang='lat' dir='ltr'><strong>filium</strong></span> <span class='ocrx_word' id='word_1_129' title='bbox 2169 942 2345 998; x_wconf 86' lang='lat' dir='ltr'><strong>Cralis</strong></span> <span class='ocrx_word' id='word_1_130' title='bbox 2369 941 2598 997; x_wconf 72' lang='lat' dir='ltr'><strong>Serbiae.</strong></span> <span class='ocrx_word' id='word_1_131' title='bbox 2622 942 2718 997; x_wconf 88' lang='lat' dir='ltr'><strong>Ille</strong></span> <span class='ocrx_word' id='word_1_132' title='bbox 2751 941 2916 1012; x_wconf 82' lang='lat' dir='ltr'><strong>igitur</strong></span> <span class='ocrx_word' id='word_1_133' title='bbox 2950 943 3274 1011; x_wconf 68' lang='lat' dir='ltr'><strong>praepositus</strong></span> <span class='ocrx_word' id='word_1_134' title='bbox 3297 950 3381 993; x_wconf 92' lang='lat' dir='ltr'><strong>est</strong></span> <span class='ocrx_word' id='word_1_135' title='bbox 3411 939 3557 992; x_wconf 84' lang='lat' dir='ltr'><strong>urbi-</strong></span> 
     </span>
    </p>
   </div>
   <div class='ocr_carea' id='block_1_23' title="bbox 1967 1028 3553 1103">
    <p class='ocr_par' dir='ltr' id='par_1_23' title="bbox 1967 1028 3553 1103">
     <span class='ocr_line' id='line_1_23' title="bbox 1967 1028 3553 1103; baseline -0.003 -13"><span class='ocrx_word' id='word_1_136' title='bbox 1967 1035 2072 1090; x_wconf 87' lang='lat' dir='ltr'><strong>bus</strong></span> <span class='ocrx_word' id='word_1_137' title='bbox 2105 1034 2406 1090; x_wconf 71' lang='lat' dir='ltr'><strong>Thessaliae</strong></span> <span class='ocrx_word' id='word_1_138' title='bbox 2435 1050 2557 1103; x_wconf 74' lang='lat' dir='ltr'><strong>quae</strong></span> <span class='ocrx_word' id='word_1_139' title='bbox 2602 1037 2838 1088; x_wconf 86' lang='lat' dir='ltr'><strong>antehac</strong></span> <span class='ocrx_word' id='word_1_140' title='bbox 2872 1032 3138 1102; x_wconf 73' lang='lat' dir='ltr'><strong>subjeCta:</strong></span> <span class='ocrx_word' id='word_1_141' title='bbox 3168 1041 3327 1086; x_wconf 88' lang='lat' dir='ltr'><strong>erant</strong></span> <span class='ocrx_word' id='word_1_142' title='bbox 3365 1028 3509 1084; x_wconf 90' lang='lat' dir='ltr'><strong>Crali</strong></span> <span class='ocrx_word' id='word_1_143' title='bbox 3539 1069 3553 1086; x_wconf 95' lang='lat'><strong>.</strong></span> 
     </span>
    </p>
   </div>
   <div class='ocr_carea' id='block_1_24' title="bbox 1964 1123 3557 1197">
    <p class='ocr_par' dir='ltr' id='par_1_24' title="bbox 1964 1123 3557 1197">
     <span class='ocr_line' id='line_1_24' title="bbox 1964 1123 3557 1197; baseline -0.005 -16"><span class='ocrx_word' id='word_1_144' title='bbox 1964 1139 2194 1197; x_wconf 55' lang='lat' dir='ltr'><strong>quasque</strong></span> <span class='ocrx_word' id='word_1_145' title='bbox 2223 1139 2349 1178; x_wconf 88' lang='lat' dir='ltr'><strong>eum</strong></span> <span class='ocrx_word' id='word_1_146' title='bbox 2369 1124 2480 1193; x_wconf 90' lang='lat' dir='ltr'><strong>jam</strong></span> <span class='ocrx_word' id='word_1_147' title='bbox 2507 1123 2680 1178; x_wconf 87' lang='lat' dir='ltr'><strong>multo</strong></span> <span class='ocrx_word' id='word_1_148' title='bbox 2726 1132 2854 1177; x_wconf 90' lang='lat' dir='ltr'><strong>ante</strong></span> <span class='ocrx_word' id='word_1_149' title='bbox 2885 1123 3308 1186; x_wconf 87' lang='lat' dir='ltr'><strong>arcessiverant,</strong></span> <span class='ocrx_word' id='word_1_150' title='bbox 3340 1129 3395 1173; x_wconf 91' lang='lat' dir='ltr'><strong>et</strong></span> <span class='ocrx_word' id='word_1_151' title='bbox 3427 1125 3557 1173; x_wconf 92' lang='lat' dir='ltr'><strong>tunc</strong></span> 
     </span>
    </p>
   </div>
   <div class='ocr_carea' id='block_1_25' title="bbox 1968 1209 3555 1285">
    <p class='ocr_par' dir='ltr' id='par_1_25' title="bbox 1968 1209 3555 1285">
     <span class='ocr_line' id='line_1_25' title="bbox 1968 1209 3555 1285; baseline -0.008 -11"><span class='ocrx_word' id='word_1_152' title='bbox 1968 1218 2114 1274; x_wconf 92' lang='lat' dir='ltr'><strong>ultro</strong></span> <span class='ocrx_word' id='word_1_153' title='bbox 2172 1215 2230 1269; x_wconf 89' lang='lat' dir='ltr'><strong>in</strong></span> <span class='ocrx_word' id='word_1_154' title='bbox 2278 1215 2400 1285; x_wconf 87' lang='lat' dir='ltr'><strong>ejus</strong></span> <span class='ocrx_word' id='word_1_155' title='bbox 2450 1221 2778 1283; x_wconf 90' lang='lat' dir='ltr'><strong>potestatem</strong></span> <span class='ocrx_word' id='word_1_156' title='bbox 2817 1227 2878 1268; x_wconf 87' lang='lat' dir='ltr'><strong>se</strong></span> <span class='ocrx_word' id='word_1_157' title='bbox 2921 1211 3314 1281; x_wconf 87' lang='lat' dir='ltr'><strong>permiserunt.</strong></span> <span class='ocrx_word' id='word_1_158' title='bbox 3365 1209 3555 1278; x_wconf 86' lang='lat' dir='ltr'><strong>Itaque</strong></span> 
     </span>
    </p>
   </div>
   <div class='ocr_carea' id='block_1_26' title="bbox 1966 1299 3554 1376">
    <p class='ocr_par' dir='ltr' id='par_1_26' title="bbox 1966 1299 3554 1376">
     <span class='ocr_line' id='line_1_26' title="bbox 1966 1299 3554 1376; baseline -0.006 -13"><span class='ocrx_word' id='word_1_159' title='bbox 1966 1324 2078 1364; x_wconf 92' lang='lat' dir='ltr'><strong>non</strong></span> <span class='ocrx_word' id='word_1_160' title='bbox 2111 1320 2333 1376; x_wconf 87' lang='lat' dir='ltr'><strong>parvam</strong></span> <span class='ocrx_word' id='word_1_161' title='bbox 2361 1305 2452 1359; x_wconf 90' lang='lat' dir='ltr'><strong>ille</strong></span> <span class='ocrx_word' id='word_1_162' title='bbox 2476 1311 2807 1374; x_wconf 87' lang='lat' dir='ltr'><strong>potestatem</strong></span> <span class='ocrx_word' id='word_1_163' title='bbox 2837 1303 3067 1372; x_wconf 86' lang='lat' dir='ltr'><strong>recepit,</strong></span> <span class='ocrx_word' id='word_1_164' title='bbox 3096 1299 3404 1372; x_wconf 81' lang='lat' dir='ltr'><strong>praesertim</strong></span> <span class='ocrx_word' id='word_1_165' title='bbox 3427 1316 3554 1356; x_wconf 89' lang='lat' dir='ltr'><strong>cum</strong></span> 
     </span>
    </p>
   </div>
   <div class='ocr_carea' id='block_1_27' title="bbox 1964 1396 3392 1470">
    <p class='ocr_par' dir='ltr' id='par_1_27' title="bbox 1964 1396 3392 1470">
     <span class='ocr_line' id='line_1_27' title="bbox 1964 1396 3392 1470; baseline -0.005 -13"><span class='ocrx_word' id='word_1_166' title='bbox 1964 1401 2101 1458; x_wconf 88' lang='lat' dir='ltr'><strong>socii</strong></span> <span class='ocrx_word' id='word_1_167' title='bbox 2138 1416 2197 1456; x_wconf 88' lang='lat' dir='ltr'><strong>se</strong></span> <span class='ocrx_word' id='word_1_168' title='bbox 2226 1400 2591 1470; x_wconf 74' lang='lat' dir='ltr'><strong>adiungerent</strong></span> <span class='ocrx_word' id='word_1_169' title='bbox 2622 1397 2843 1453; x_wconf 86' lang='lat' dir='ltr'><strong>ﬁnitimi</strong></span> <span class='ocrx_word' id='word_1_170' title='bbox 2877 1397 3077 1452; x_wconf 86' lang='lat' dir='ltr'><strong>Albani</strong></span> <span class='ocrx_word' id='word_1_171' title='bbox 3105 1406 3161 1452; x_wconf 89' lang='lat' dir='ltr'><strong>et</strong></span> <span class='ocrx_word' id='word_1_172' title='bbox 3199 1396 3392 1468; x_wconf 85' lang='lat' dir='ltr'><strong>Illyrii.</strong></span> 
     </span>
    </p>
   </div>
   <div class='ocr_carea' id='block_1_28' title="bbox 289 1492 3554 1570">
    <p class='ocr_par' dir='ltr' id='par_1_28' title="bbox 289 1492 3554 1570">
     <span class='ocr_line' id='line_1_28' title="bbox 289 1492 3554 1570; baseline 0.001 -28"><span class='ocrx_word' id='word_1_173' title='bbox 289 1492 476 1546; x_wconf 79' lang='grc' dir='ltr'>τοῦτον</span> <span class='ocrx_word' id='word_1_174' title='bbox 506 1493 597 1546; x_wconf 78' lang='grc' dir='ltr'>τὸν</span> <span class='ocrx_word' id='word_1_175' title='bbox 622 1497 823 1564; x_wconf 71' lang='grc' dir='ltr'>τρόπον</span> <span class='ocrx_word' id='word_1_176' title='bbox 856 1497 954 1552; x_wconf 87' lang='grc' dir='ltr'><strong>οὐκ</strong></span> <span class='ocrx_word' id='word_1_177' title='bbox 982 1499 1173 1569; x_wconf 81' lang='grc' dir='ltr'><strong>ὀλίγην</strong></span> <span class='ocrx_word' id='word_1_178' title='bbox 1203 1497 1398 1568; x_wconf 80' lang='grc' dir='ltr'>ἀρχὴν,</span> <span class='ocrx_word' id='word_1_179' title='bbox 1435 1496 1938 1570; x_wconf 80' lang='grc' dir='ltr'>προσερρυηκότων</span> <span class='ocrx_word' id='word_1_180' title='bbox 1965 1495 2104 1560; x_wconf 85' lang='grc' dir='ltr'>τέως</span> <span class='ocrx_word' id='word_1_181' title='bbox 2167 1493 2230 1565; x_wconf 70' lang='grc' dir='ltr'><strong>[Γ.</strong></span> <span class='ocrx_word' id='word_1_182' title='bbox 2263 1493 2362 1546; x_wconf 77' lang='grc'><strong>271</strong></span> <span class='ocrx_word' id='word_1_183' title='bbox 2429 1492 2480 1564; x_wconf 85' lang='lat' dir='ltr'><strong>b]</strong></span> <span class='ocrx_word' id='word_1_184' title='bbox 2510 1497 2592 1560; x_wconf 83' lang='grc' dir='ltr'><strong>είς</strong></span> <span class='ocrx_word' id='word_1_185' title='bbox 2658 1495 2980 1568; x_wconf 74' lang='grc' dir='ltr'>συμμαχίαν</span> <span class='ocrx_word' id='word_1_186' title='bbox 3011 1499 3107 1552; x_wconf 78' lang='grc' dir='ltr'>καὶ</span> <span class='ocrx_word' id='word_1_187' title='bbox 3136 1497 3246 1550; x_wconf 85' lang='grc' dir='ltr'><strong>τῶν</strong></span> <span class='ocrx_word' id='word_1_188' title='bbox 3292 1494 3554 1566; x_wconf 81' lang='grc' dir='ltr'>γειτόνων</span> 
     </span>
    </p>
   </div>
   <div class='ocr_carea' id='block_1_29' title="bbox 288 1585 1266 1661">
    <p class='ocr_par' dir='ltr' id='par_1_29' title="bbox 288 1585 1266 1661">
     <span class='ocr_line' id='line_1_29' title="bbox 288 1585 1266 1661; baseline 0.003 -21"><span class='ocrx_word' id='word_1_189' title='bbox 288 1585 476 1648; x_wconf 83' lang='grc' dir='ltr'>αὐταῖς</span> <span class='ocrx_word' id='word_1_190' title='bbox 519 1585 795 1640; x_wconf 83' lang='grc' dir='ltr'>Ἀλϐανῶν</span> <span class='ocrx_word' id='word_1_191' title='bbox 831 1591 923 1641; x_wconf 78' lang='grc' dir='ltr'><strong>καὶ</strong></span> <span class='ocrx_word' id='word_1_192' title='bbox 968 1589 1266 1661; x_wconf 85' lang='grc' dir='ltr'>Ἰλλυριῶν.</span> 
     </span>
    </p>
   </div>
   <div class='ocr_carea' id='block_1_30' title="bbox 357 1677 1856 1756">
    <p class='ocr_par' dir='ltr' id='par_1_30' title="bbox 357 1677 1856 1756">
     <span class='ocr_line' id='line_1_30' title="bbox 357 1677 1856 1756; baseline 0.005 -27"><span class='ocrx_word' id='word_1_193' title='bbox 357 1679 452 1730; x_wconf 71' lang='lat' dir='ltr'><strong>IA&#39;.</strong></span> <span class='ocrx_word' id='word_1_194' title='bbox 491 1679 644 1731; x_wconf 70' lang='grc' dir='ltr'>Κατὰ</span> <span class='ocrx_word' id='word_1_195' title='bbox 677 1679 731 1732; x_wconf 79' lang='grc' dir='ltr'>δὲ</span> <span class='ocrx_word' id='word_1_196' title='bbox 755 1679 940 1733; x_wconf 82' lang='grc' dir='ltr'>τοῦτον</span> <span class='ocrx_word' id='word_1_197' title='bbox 964 1682 1054 1734; x_wconf 78' lang='grc' dir='ltr'><strong>τὸν</strong></span> <span class='ocrx_word' id='word_1_198' title='bbox 1084 1685 1275 1752; x_wconf 85' lang='grc' dir='ltr'>χρόνον</span> <span class='ocrx_word' id='word_1_199' title='bbox 1297 1677 1432 1756; x_wconf 75' lang='grc' dir='ltr'>ἧκεν</span> <span class='ocrx_word' id='word_1_200' title='bbox 1462 1684 1525 1735; x_wconf 85' lang='grc' dir='ltr'><strong>ἐκ</strong></span> <span class='ocrx_word' id='word_1_201' title='bbox 1551 1681 1754 1736; x_wconf 86' lang='grc' dir='ltr'>Μυσῶν</span> <span class='ocrx_word' id='word_1_202' title='bbox 1777 1681 1856 1752; x_wconf 82' lang='grc' dir='ltr'>τῷ</span> 
     </span>
    </p>
   </div>
   <div class='ocr_carea' id='block_1_31' title="bbox 2030 1671 3549 1747">
    <p class='ocr_par' dir='ltr' id='par_1_31' title="bbox 2030 1671 3549 1747">
     <span class='ocr_line' id='line_1_31' title="bbox 2030 1671 3549 1747; baseline 0.003 -20"><span class='ocrx_word' id='word_1_203' title='bbox 2030 1672 2169 1728; x_wconf 81' lang='lat' dir='ltr'><strong>XIV.</strong></span> <span class='ocrx_word' id='word_1_204' title='bbox 2195 1671 2310 1728; x_wconf 88' lang='lat' dir='ltr'><strong>Hoc</strong></span> <span class='ocrx_word' id='word_1_205' title='bbox 2341 1673 2458 1743; x_wconf 87' lang='lat' dir='ltr'><strong>ipso</strong></span> <span class='ocrx_word' id='word_1_206' title='bbox 2492 1688 2623 1729; x_wconf 87' lang='lat' dir='ltr'><strong>vero</strong></span> <span class='ocrx_word' id='word_1_207' title='bbox 2656 1683 2906 1744; x_wconf 89' lang='lat' dir='ltr'><strong>tempore</strong></span> <span class='ocrx_word' id='word_1_208' title='bbox 2938 1691 2968 1730; x_wconf 91' lang='lat' dir='ltr'><strong>e</strong></span> <span class='ocrx_word' id='word_1_209' title='bbox 2990 1675 3157 1746; x_wconf 85' lang='lat' dir='ltr'><strong>Mysia</strong></span> <span class='ocrx_word' id='word_1_210' title='bbox 3188 1675 3378 1747; x_wconf 86' lang='lat' dir='ltr'><strong>juveni</strong></span> <span class='ocrx_word' id='word_1_211' title='bbox 3416 1677 3549 1745; x_wconf 87' lang='lat' dir='ltr'><strong>imp.</strong></span> 
     </span>
    </p>
   </div>
   <div class='ocr_carea' id='block_1_32' title="bbox 288 1764 1864 1844">
    <p class='ocr_par' dir='ltr' id='par_1_32' title="bbox 288 1770 1856 1844">
     <span class='ocr_line' id='line_1_32' title="bbox 288 1770 1856 1844; baseline 0 -19"><span class='ocrx_word' id='word_1_212' title='bbox 288 1772 391 1840; x_wconf 76' lang='grc' dir='ltr'>νέῳ</span> <span class='ocrx_word' id='word_1_213' title='bbox 425 1770 640 1840; x_wconf 84' lang='grc' dir='ltr'>βασιλεῖ</span> <span class='ocrx_word' id='word_1_214' title='bbox 677 1771 1024 1842; x_wconf 79' lang='grc' dir='ltr'>Ἀνδρονίκῳ,</span> <span class='ocrx_word' id='word_1_215' title='bbox 1057 1773 1136 1843; x_wconf 82' lang='grc' dir='ltr'>τῷ</span> <span class='ocrx_word' id='word_1_216' title='bbox 1164 1775 1258 1828; x_wconf 83' lang='grc' dir='ltr'>τοῦ</span> <span class='ocrx_word' id='word_1_217' title='bbox 1295 1774 1560 1844; x_wconf 87' lang='grc' dir='ltr'>βασιλέως</span> <span class='ocrx_word' id='word_1_218' title='bbox 1606 1773 1856 1828; x_wconf 79' lang='grc' dir='ltr'>Ἰωάννου</span> 
     </span>
    </p>
   </div>
   <div class='ocr_carea' id='block_1_33' title="bbox 1970 1764 3552 1844">
    <p class='ocr_par' dir='ltr' id='par_1_33' title="bbox 1970 1764 3552 1836">
     <span class='ocr_line' id='line_1_33' title="bbox 1970 1764 3552 1836; baseline 0.003 -20"><span class='ocrx_word' id='word_1_219' title='bbox 1970 1764 2298 1830; x_wconf 67' lang='lat' dir='ltr'><strong>Andronico,</strong></span> <span class='ocrx_word' id='word_1_220' title='bbox 2319 1765 2454 1834; x_wconf 88' lang='lat' dir='ltr'><strong>imp.</strong></span> <span class='ocrx_word' id='word_1_221' title='bbox 2489 1765 2718 1820; x_wconf 85' lang='lat' dir='ltr'><strong>Joannis</strong></span> <span class='ocrx_word' id='word_1_222' title='bbox 2747 1766 3036 1836; x_wconf 67' lang='lat' dir='ltr'><strong>Palmologi</strong></span> <span class='ocrx_word' id='word_1_223' title='bbox 3065 1767 3198 1830; x_wconf 92' lang='lat' dir='ltr'><strong>ﬁlio,</strong></span> <span class='ocrx_word' id='word_1_224' title='bbox 3227 1782 3427 1835; x_wconf 89' lang='lat' dir='ltr'><strong>sponsa</strong></span> <span class='ocrx_word' id='word_1_225' title='bbox 3461 1785 3552 1820; x_wconf 75' lang='lat' dir='ltr'><strong>vc-</strong></span> 
     </span>
    </p>
   </div>
   <div class='ocr_carea' id='block_1_34' title="bbox 287 1856 1864 1936">
    <p class='ocr_par' dir='ltr' id='par_1_34' title="bbox 287 1861 1864 1936">
     <span class='ocr_line' id='line_1_34' title="bbox 287 1861 1864 1936; baseline 0.004 -22"><span class='ocrx_word' id='word_1_226' title='bbox 287 1861 382 1914; x_wconf 82' lang='grc' dir='ltr'>τοῦ</span> <span class='ocrx_word' id='word_1_227' title='bbox 434 1862 799 1931; x_wconf 87' lang='grc' dir='ltr'>Παλαιολόγου</span> <span class='ocrx_word' id='word_1_228' title='bbox 862 1863 1035 1928; x_wconf 71' lang='grc' dir='ltr'>παιδὶ,</span> <span class='ocrx_word' id='word_1_229' title='bbox 1057 1866 1273 1935; x_wconf 69' lang='grc' dir='ltr'><strong>1νύμφη·</strong></span> <span class='ocrx_word' id='word_1_230' title='bbox 1293 1865 1480 1936; x_wconf 86' lang='grc' dir='ltr'>Μαρία</span> <span class='ocrx_word' id='word_1_231' title='bbox 1510 1866 1544 1936; x_wconf 79' lang='grc' dir='ltr'>ἡ</span> <span class='ocrx_word' id='word_1_232' title='bbox 1588 1864 1680 1918; x_wconf 86' lang='grc' dir='ltr'><strong>τοῦ</strong></span> <span class='ocrx_word' id='word_1_233' title='bbox 1714 1864 1864 1935; x_wconf 84' lang='grc' dir='ltr'>βασι-</span> 
     </span>
    </p>
   </div>
   <div class='ocr_carea' id='block_1_35' title="bbox 1970 1856 3552 1936">
    <p class='ocr_par' dir='ltr' id='par_1_35' title="bbox 1970 1856 3552 1930">
     <span class='ocr_line' id='line_1_35' title="bbox 1970 1856 3552 1930; baseline 0.004 -20"><span class='ocrx_word' id='word_1_234' title='bbox 1970 1856 2051 1911; x_wconf 90' lang='lat' dir='ltr'><strong>nit</strong></span> <span class='ocrx_word' id='word_1_235' title='bbox 2082 1857 2272 1923; x_wconf 86' lang='lat' dir='ltr'><strong>Maria,</strong></span> <span class='ocrx_word' id='word_1_236' title='bbox 2305 1857 2448 1928; x_wconf 77' lang='lat' dir='ltr'><strong>regis</strong></span> <span class='ocrx_word' id='word_1_237' title='bbox 2491 1857 2768 1928; x_wconf 76' lang='lat' dir='ltr'><strong>Mysorum</strong></span> <span class='ocrx_word' id='word_1_238' title='bbox 2798 1859 3091 1915; x_wconf 76' lang='lat' dir='ltr'><strong>Alexandri</strong></span> <span class='ocrx_word' id='word_1_239' title='bbox 3122 1859 3253 1922; x_wconf 90' lang='lat' dir='ltr'><strong>ﬁlia,</strong></span> <span class='ocrx_word' id='word_1_240' title='bbox 3282 1875 3404 1930; x_wconf 66' lang='lat' dir='ltr'><strong>quae</strong></span> <span class='ocrx_word' id='word_1_241' title='bbox 3427 1876 3552 1916; x_wconf 90' lang='lat' dir='ltr'><strong>cum</strong></span> 
     </span>
    </p>
   </div>
   <div class='ocr_carea' id='block_1_36' title="bbox 287 1953 1864 2026">
    <p class='ocr_par' dir='ltr' id='par_1_36' title="bbox 287 1953 1864 2026">
     <span class='ocr_line' id='line_1_36' title="bbox 287 1953 1864 2026; baseline 0.003 -22"><span class='ocrx_word' id='word_1_242' title='bbox 287 1954 424 2016; x_wconf 87' lang='grc' dir='ltr'>λέως</span> <span class='ocrx_word' id='word_1_243' title='bbox 453 1954 657 2006; x_wconf 79' lang='grc' dir='ltr'>Μυσῶν</span> <span class='ocrx_word' id='word_1_244' title='bbox 703 1953 1058 2026; x_wconf 78' lang='grc' dir='ltr'>Ἀλεξάνδρου</span> <span class='ocrx_word' id='word_1_245' title='bbox 1089 1955 1358 2026; x_wconf 83' lang='grc' dir='ltr'><strong>θυγάτηρ,</strong></span> <span class='ocrx_word' id='word_1_246' title='bbox 1391 1958 1484 2010; x_wconf 88' lang='grc' dir='ltr'>τὸν</span> <span class='ocrx_word' id='word_1_247' title='bbox 1519 1957 1707 2011; x_wconf 72' lang='grc' dir='ltr'>ἔνατον</span> <span class='ocrx_word' id='word_1_248' title='bbox 1738 1957 1864 2026; x_wconf 85' lang='grc' dir='ltr'>άρτι</span> 
     </span>
    </p>
   </div>
   <div class='ocr_carea' id='block_1_37' title="bbox 287 2044 1862 2118">
    <p class='ocr_par' dir='ltr' id='par_1_37' title="bbox 287 2044 1862 2118">
     <span class='ocr_line' id='line_1_37' title="bbox 287 2044 1862 2118; baseline 0.003 -24"><span class='ocrx_word' id='word_1_249' title='bbox 287 2044 381 2112; x_wconf 78' lang='grc' dir='ltr'><strong>τῆς</strong></span> <span class='ocrx_word' id='word_1_250' title='bbox 411 2044 627 2114; x_wconf 81' lang='grc' dir='ltr'>ἡλικίας</span> <span class='ocrx_word' id='word_1_251' title='bbox 668 2045 954 2116; x_wconf 79' lang='grc' dir='ltr'>ἀμείϐοντι</span> <span class='ocrx_word' id='word_1_252' title='bbox 999 2048 1192 2118; x_wconf 88' lang='grc' dir='ltr'>χρόνον</span> <span class='ocrx_word' id='word_1_253' title='bbox 1219 2049 1418 2118; x_wconf 80' lang='grc' dir='ltr'>όμῆλιξ</span> <span class='ocrx_word' id='word_1_254' title='bbox 1443 2045 1577 2101; x_wconf 78' lang='grc' dir='ltr'>οὐσα</span> <span class='ocrx_word' id='word_1_255' title='bbox 1606 2051 1698 2102; x_wconf 75' lang='grc' dir='ltr'><strong>καὶ</strong></span> <span class='ocrx_word' id='word_1_256' title='bbox 1723 2047 1862 2116; x_wconf 77' lang='grc' dir='ltr'>αὕτη</span> 
     </span>
    </p>
   </div>
   <div class='ocr_carea' id='block_1_38' title="bbox 290 2138 1864 2212">
    <p class='ocr_par' dir='ltr' id='par_1_38' title="bbox 290 2138 1864 2212">
     <span class='ocr_line' id='line_1_38' title="bbox 290 2138 1864 2212; baseline 0.003 -24"><span class='ocrx_word' id='word_1_257' title='bbox 290 2139 498 2206; x_wconf 80' lang='grc' dir='ltr'>σχεδόν.</span> <span class='ocrx_word' id='word_1_258' title='bbox 535 2138 733 2191; x_wconf 84' lang='grc' dir='ltr'>Εἵπετο</span> <span class='ocrx_word' id='word_1_259' title='bbox 763 2139 806 2192; x_wconf 86' lang='grc' dir='ltr'>δ’</span> <span class='ocrx_word' id='word_1_260' title='bbox 835 2140 1046 2193; x_wconf 86' lang='grc' dir='ltr'>ἐκεῖθεν</span> <span class='ocrx_word' id='word_1_261' title='bbox 1083 2142 1247 2204; x_wconf 76' lang='grc' dir='ltr'>εὐθὺς</span> <span class='ocrx_word' id='word_1_262' title='bbox 1290 2144 1386 2196; x_wconf 74' lang='grc' dir='ltr'>καὶ</span> <span class='ocrx_word' id='word_1_263' title='bbox 1437 2141 1641 2212; x_wconf 84' lang='grc' dir='ltr'>Είρήνη</span> <span class='ocrx_word' id='word_1_264' title='bbox 1690 2141 1722 2210; x_wconf 67' lang='grc' dir='ltr'>ἡ</span> <span class='ocrx_word' id='word_1_265' title='bbox 1768 2139 1864 2192; x_wconf 84' lang='grc' dir='ltr'><strong>τοῦ</strong></span> 
     </span>
    </p>
   </div>
   <div class='ocr_carea' id='block_1_39' title="bbox 291 2225 1860 2298">
    <p class='ocr_par' dir='ltr' id='par_1_39' title="bbox 291 2225 1860 2298">
     <span class='ocr_line' id='line_1_39' title="bbox 291 2225 1860 2298; baseline 0.003 -20"><span class='ocrx_word' id='word_1_266' title='bbox 291 2225 553 2295; x_wconf 70' lang='grc' dir='ltr'>βασιλέως</span> <span class='ocrx_word' id='word_1_267' title='bbox 595 2227 763 2282; x_wconf 82' lang='grc' dir='ltr'>αὐτοῦ</span> <span class='ocrx_word' id='word_1_268' title='bbox 801 2229 1051 2283; x_wconf 78' lang='grc' dir='ltr'>Ἰωάννου</span> <span class='ocrx_word' id='word_1_269' title='bbox 1096 2230 1192 2283; x_wconf 79' lang='grc' dir='ltr'><strong>τοῦ</strong></span> <span class='ocrx_word' id='word_1_270' title='bbox 1226 2229 1598 2295; x_wconf 87' lang='grc' dir='ltr'>Παλαιολόγου</span> <span class='ocrx_word' id='word_1_271' title='bbox 1635 2229 1860 2298; x_wconf 82' lang='grc' dir='ltr'>ἀδελφὴ,</span> 
     </span>
    </p>
   </div>
   <div class='ocr_carea' id='block_1_40' title="bbox 291 2318 1865 2392">
    <p class='ocr_par' dir='ltr' id='par_1_40' title="bbox 291 2318 1865 2392">
     <span class='ocr_line' id='line_1_40' title="bbox 291 2318 1865 2392; baseline 0.001 -22"><span class='ocrx_word' id='word_1_272' title='bbox 291 2318 455 2370; x_wconf 83' lang='grc' dir='ltr'>πάλαι</span> <span class='ocrx_word' id='word_1_273' title='bbox 484 2319 583 2388; x_wconf 83' lang='grc' dir='ltr'><strong>μὲν</strong></span> <span class='ocrx_word' id='word_1_274' title='bbox 607 2318 796 2390; x_wconf 77' lang='grc' dir='ltr'>νύμφη</span> <span class='ocrx_word' id='word_1_275' title='bbox 829 2318 1143 2389; x_wconf 77' lang='grc' dir='ltr'>πεμφθεῖσα</span> <span class='ocrx_word' id='word_1_276' title='bbox 1179 2319 1259 2390; x_wconf 83' lang='grc' dir='ltr'>τῷ</span> <span class='ocrx_word' id='word_1_277' title='bbox 1289 2321 1383 2374; x_wconf 84' lang='grc' dir='ltr'><strong>τοῦ</strong></span> <span class='ocrx_word' id='word_1_278' title='bbox 1418 2321 1678 2392; x_wconf 78' lang='grc' dir='ltr'>ῥηθέντος</span> <span class='ocrx_word' id='word_1_279' title='bbox 1715 2321 1865 2372; x_wconf 81' lang='grc' dir='ltr'>Ἀλε-</span> 
     </span>
    </p>
   </div>
   <div class='ocr_carea' id='block_1_41' title="bbox 293 2407 1864 2481">
    <p class='ocr_par' dir='ltr' id='par_1_41' title="bbox 293 2407 1864 2481">
     <span class='ocr_line' id='line_1_41' title="bbox 293 2407 1864 2481; baseline 0.003 -22"><span class='ocrx_word' id='word_1_280' title='bbox 293 2407 518 2478; x_wconf 78' lang='grc' dir='ltr'>ξάνδρου</span> <span class='ocrx_word' id='word_1_281' title='bbox 574 2407 745 2472; x_wconf 69' lang='grc' dir='ltr'>παιδὶ,</span> <span class='ocrx_word' id='word_1_282' title='bbox 806 2408 1122 2480; x_wconf 88' lang='grc' dir='ltr'>χηρεύσασα</span> <span class='ocrx_word' id='word_1_283' title='bbox 1183 2409 1241 2463; x_wconf 85' lang='grc' dir='ltr'>δὲ</span> <span class='ocrx_word' id='word_1_284' title='bbox 1305 2411 1446 2481; x_wconf 78' lang='grc' dir='ltr'>μετὰ</span> <span class='ocrx_word' id='word_1_285' title='bbox 1499 2411 1864 2480; x_wconf 80' lang='grc' dir='ltr'>παραδρομὴν</span> 
     </span>
    </p>
   </div>
   <div class='ocr_carea' id='block_1_42' title="bbox 289 2501 1864 2572">
    <p class='ocr_par' dir='ltr' id='par_1_42' title="bbox 289 2501 1864 2572">
     <span class='ocr_line' id='line_1_42' title="bbox 289 2501 1864 2572; baseline 0.003 -22"><span class='ocrx_word' id='word_1_286' title='bbox 289 2501 550 2552; x_wconf 83' lang='grc' dir='ltr'>ἐνιαυτῶν</span> <span class='ocrx_word' id='word_1_287' title='bbox 579 2501 748 2563; x_wconf 79' lang='grc' dir='ltr'>ἄπαις</span> <span class='ocrx_word' id='word_1_288' title='bbox 771 2516 785 2531; x_wconf 88' lang='grc'><strong>·</strong></span> <span class='ocrx_word' id='word_1_289' title='bbox 821 2501 854 2572; x_wconf 71' lang='grc' dir='ltr'>ἡ</span> <span class='ocrx_word' id='word_1_290' title='bbox 882 2501 946 2570; x_wconf 85' lang='grc' dir='ltr'>δὴ</span> <span class='ocrx_word' id='word_1_291' title='bbox 976 2501 1070 2554; x_wconf 80' lang='grc' dir='ltr'><strong>καὶ</strong></span> <span class='ocrx_word' id='word_1_292' title='bbox 1098 2502 1286 2572; x_wconf 84' lang='grc' dir='ltr'>διῆγεν</span> <span class='ocrx_word' id='word_1_293' title='bbox 1315 2504 1433 2556; x_wconf 74' lang='grc' dir='ltr'>ἐκεῖ</span> <span class='ocrx_word' id='word_1_294' title='bbox 1464 2503 1556 2556; x_wconf 84' lang='grc' dir='ltr'>τὸν</span> <span class='ocrx_word' id='word_1_295' title='bbox 1593 2502 1709 2572; x_wconf 87' lang='grc' dir='ltr'>βίον</span> <span class='ocrx_word' id='word_1_296' title='bbox 1736 2502 1864 2570; x_wconf 78' lang='grc' dir='ltr'>ἑξῆς</span> 
     </span>
    </p>
   </div>
   <div class='ocr_carea' id='block_1_43' title="bbox 288 2590 1861 2667">
    <p class='ocr_par' dir='ltr' id='par_1_43' title="bbox 288 2590 1861 2667">
     <span class='ocr_line' id='line_1_43' title="bbox 288 2590 1861 2667; baseline 0.002 -24"><span class='ocrx_word' id='word_1_297' title='bbox 288 2590 410 2660; x_wconf 87' lang='grc' dir='ltr'>ἄχρι</span> <span class='ocrx_word' id='word_1_298' title='bbox 439 2593 538 2644; x_wconf 76' lang='grc' dir='ltr'><strong>καὶ</strong></span> <span class='ocrx_word' id='word_1_299' title='bbox 556 2592 819 2662; x_wconf 81' lang='grc' dir='ltr'>τήμερον.</span> <span class='ocrx_word' id='word_1_300' title='bbox 847 2593 998 2656; x_wconf 81' lang='grc' dir='ltr'>Ἐνὸς</span> <span class='ocrx_word' id='word_1_301' title='bbox 1026 2594 1125 2664; x_wconf 82' lang='grc' dir='ltr'>μὲν</span> <span class='ocrx_word' id='word_1_302' title='bbox 1151 2590 1246 2648; x_wconf 75' lang='grc' dir='ltr'><strong>οὖν</strong></span> <span class='ocrx_word' id='word_1_303' title='bbox 1275 2590 1414 2667; x_wconf 77' lang='grc' dir='ltr'>ἦσαν</span> <span class='ocrx_word' id='word_1_304' title='bbox 1439 2595 1610 2648; x_wconf 81' lang='grc' dir='ltr'>τέκνα</span> <span class='ocrx_word' id='word_1_305' title='bbox 1630 2595 1861 2666; x_wconf 77' lang='grc' dir='ltr'>πατρὸς,</span> 
     </span>
    </p>
   </div>
   <div class='ocr_carea' id='block_1_44' title="bbox 301 2682 1863 2755">
    <p class='ocr_par' dir='ltr' id='par_1_44' title="bbox 301 2682 1863 2755">
     <span class='ocr_line' id='line_1_44' title="bbox 301 2682 1863 2755; baseline 0 -17"><span class='ocrx_word' id='word_1_306' title='bbox 301 2682 654 2752; x_wconf 78' lang='grc' dir='ltr'>Ἀλεξάνδρου</span> <span class='ocrx_word' id='word_1_307' title='bbox 697 2682 898 2755; x_wconf 84' lang='grc' dir='ltr'>δηλαδὴ</span> <span class='ocrx_word' id='word_1_308' title='bbox 927 2684 1021 2738; x_wconf 86' lang='grc' dir='ltr'>τοῦ</span> <span class='ocrx_word' id='word_1_309' title='bbox 1054 2685 1164 2738; x_wconf 83' lang='grc' dir='ltr'>τῶν</span> <span class='ocrx_word' id='word_1_310' title='bbox 1190 2684 1717 2754; x_wconf 82' lang='grc' dir='ltr'>Μυσῶν-βασιλέως,</span> <span class='ocrx_word' id='word_1_311' title='bbox 1747 2684 1774 2737; x_wconf 81' lang='grc' dir='ltr'>ὅ</span> <span class='ocrx_word' id='word_1_312' title='bbox 1804 2701 1863 2738; x_wconf 85' lang='grc' dir='ltr'><strong>τε</strong></span> 
     </span>
    </p>
   </div>
   <div class='ocr_carea' id='block_1_45' title="bbox 290 2773 1864 2846">
    <p class='ocr_par' dir='ltr' id='par_1_45' title="bbox 290 2773 1864 2846">
     <span class='ocr_line' id='line_1_45' title="bbox 290 2773 1864 2846; baseline 0.002 -20"><span class='ocrx_word' id='word_1_313' title='bbox 290 2775 543 2840; x_wconf 72' lang='grc' dir='ltr'>συζυγεὶς</span> <span class='ocrx_word' id='word_1_314' title='bbox 564 2775 702 2844; x_wconf 79' lang='grc' dir='ltr'>αὐτῇ</span> <span class='ocrx_word' id='word_1_315' title='bbox 730 2773 996 2844; x_wconf 86' lang='grc' dir='ltr'>πρότερον</span> <span class='ocrx_word' id='word_1_316' title='bbox 1032 2775 1128 2828; x_wconf 76' lang='grc' dir='ltr'><strong>καὶ</strong></span> <span class='ocrx_word' id='word_1_317' title='bbox 1157 2776 1189 2845; x_wconf 78' lang='grc' dir='ltr'>ἠ</span> <span class='ocrx_word' id='word_1_318' title='bbox 1227 2779 1324 2828; x_wconf 83' lang='grc' dir='ltr'>νῦν</span> <span class='ocrx_word' id='word_1_319' title='bbox 1373 2777 1586 2829; x_wconf 84' lang='grc' dir='ltr'>ἐκεῖθεν</span> <span class='ocrx_word' id='word_1_320' title='bbox 1632 2774 1864 2846; x_wconf 72' lang='grc' dir='ltr'>ἐλθοῦσα</span> 
     </span>
    </p>
   </div>
   <div class='ocr_carea' id='block_1_46' title="bbox 288 2864 1866 2938">
    <p class='ocr_par' dir='ltr' id='par_1_46' title="bbox 288 2864 1866 2938">
     <span class='ocr_line' id='line_1_46' title="bbox 288 2864 1866 2938; baseline 0.003 -22"><span class='ocrx_word' id='word_1_321' title='bbox 288 2865 469 2933; x_wconf 73' lang='grc' dir='ltr'>νύμφη</span> <span class='ocrx_word' id='word_1_322' title='bbox 509 2864 586 2934; x_wconf 78' lang='grc' dir='ltr'>τῷ</span> <span class='ocrx_word' id='word_1_323' title='bbox 616 2864 881 2935; x_wconf 73' lang='grc' dir='ltr'>ἀδελφιδῷ</span> <span class='ocrx_word' id='word_1_324' title='bbox 930 2867 1103 2934; x_wconf 79' lang='grc' dir='ltr'>αὐτῆς</span> <span class='ocrx_word' id='word_1_325' title='bbox 1146 2867 1472 2938; x_wconf 77' lang='grc' dir='ltr'>Ἀνδρονίκῳ</span> <span class='ocrx_word' id='word_1_326' title='bbox 1495 2906 1510 2929; x_wconf 88' lang='grc'><strong>,</strong></span> <span class='ocrx_word' id='word_1_327' title='bbox 1547 2868 1772 2937; x_wconf 79' lang='grc' dir='ltr'>μητρῶν</span> <span class='ocrx_word' id='word_1_328' title='bbox 1809 2868 1866 2920; x_wconf 85' lang='grc' dir='ltr'>δὲ</span> 
     </span>
    </p>
   </div>
   <div class='ocr_carea' id='block_1_47' title="bbox 287 2955 1863 3029">
    <p class='ocr_par' dir='ltr' id='par_1_47' title="bbox 287 2955 1863 3029">
     <span class='ocr_line' id='line_1_47' title="bbox 287 2955 1863 3029; baseline -0.001 -17"><span class='ocrx_word' id='word_1_329' title='bbox 287 2958 456 3012; x_wconf 72' lang='grc' dir='ltr'>δυοῐνο</span> <span class='ocrx_word' id='word_1_330' title='bbox 517 2955 698 3021; x_wconf 79' lang='grc' dir='ltr'>ζῶσαν</span> <span class='ocrx_word' id='word_1_331' title='bbox 738 2958 844 3024; x_wconf 80' lang='grc' dir='ltr'><strong>γὰρ</strong></span> <span class='ocrx_word' id='word_1_332' title='bbox 895 2959 994 3027; x_wconf 70' lang='grc' dir='ltr'>τὴν</span> <span class='ocrx_word' id='word_1_333' title='bbox 1045 2959 1320 3029; x_wconf 85' lang='grc' dir='ltr'>προτέραν</span> <span class='ocrx_word' id='word_1_334' title='bbox 1366 2957 1575 3022; x_wconf 82' lang='grc' dir='ltr'>ἐξώσας</span> <span class='ocrx_word' id='word_1_335' title='bbox 1629 2959 1863 3023; x_wconf 76' lang='grc' dir='ltr'>σύζυγον</span> 
     </span>
    </p>
   </div>
   <div class='ocr_carea' id='block_1_48' title="bbox 299 3049 1864 3122">
    <p class='ocr_par' dir='ltr' id='par_1_48' title="bbox 299 3049 1864 3122">
     <span class='ocr_line' id='line_1_48' title="bbox 299 3049 1864 3122; baseline 0.002 -21"><span class='ocrx_word' id='word_1_336' title='bbox 299 3049 651 3118; x_wconf 80' lang='grc' dir='ltr'>Ἀλέξανδρος</span> <span class='ocrx_word' id='word_1_337' title='bbox 687 3051 1085 3119; x_wconf 83' lang='grc' dir='ltr'>άντεισήγαγεν</span> <span class='ocrx_word' id='word_1_338' title='bbox 1137 3050 1307 3122; x_wconf 76' lang='grc' dir='ltr'>ἄλλην</span> <span class='ocrx_word' id='word_1_339' title='bbox 1337 3051 1394 3116; x_wconf 83' lang='grc' dir='ltr'><strong>ἐξ</strong></span> <span class='ocrx_word' id='word_1_340' title='bbox 1434 3050 1720 3116; x_wconf 79' lang='grc' dir='ltr'>Ἰουδαίων,</span> <span class='ocrx_word' id='word_1_341' title='bbox 1739 3050 1864 3121; x_wconf 82' lang='grc' dir='ltr'>ἄρτι</span> 
     </span>
    </p>
   </div>
   <div class='ocr_carea' id='block_1_49' title="bbox 289 3139 1863 3214">
    <p class='ocr_par' dir='ltr' id='par_1_49' title="bbox 289 3139 1863 3214">
     <span class='ocr_line' id='line_1_49' title="bbox 289 3139 1863 3214; baseline 0.003 -22"><span class='ocrx_word' id='word_1_342' title='bbox 289 3139 658 3211; x_wconf 82' lang='grc' dir='ltr'>προσαγαγὼν</span> <span class='ocrx_word' id='word_1_343' title='bbox 689 3141 767 3210; x_wconf 82' lang='grc' dir='ltr'><strong>τῷ</strong></span> <span class='ocrx_word' id='word_1_344' title='bbox 801 3142 932 3212; x_wconf 85' lang='grc' dir='ltr'>θείῳ</span> <span class='ocrx_word' id='word_1_345' title='bbox 951 3143 1157 3212; x_wconf 85' lang='grc' dir='ltr'>ταύτην</span> <span class='ocrx_word' id='word_1_346' title='bbox 1185 3143 1346 3206; x_wconf 85' lang='grc' dir='ltr'>αὐτὸς</span> <span class='ocrx_word' id='word_1_347' title='bbox 1375 3143 1737 3214; x_wconf 81' lang='grc' dir='ltr'>βαπτίσματι,</span> <span class='ocrx_word' id='word_1_348' title='bbox 1771 3144 1863 3196; x_wconf 80' lang='grc' dir='ltr'>τοῦ</span> 
     </span>
    </p>
   </div>
   <div class='ocr_carea' id='block_1_50' title="bbox 285 3233 1361 3305">
    <p class='ocr_par' dir='ltr' id='par_1_50' title="bbox 285 3233 1361 3305">
     <span class='ocr_line' id='line_1_50' title="bbox 285 3233 1361 3305; baseline 0.004 -19"><span class='ocrx_word' id='word_1_349' title='bbox 285 3233 517 3295; x_wconf 69' lang='grc' dir='ltr'>κάλλους</span> <span class='ocrx_word' id='word_1_350' title='bbox 547 3234 736 3303; x_wconf 78' lang='grc' dir='ltr'>αὐτῆς,</span> <span class='ocrx_word' id='word_1_351' title='bbox 766 3235 840 3297; x_wconf 84' lang='grc' dir='ltr'><strong>ὡς</strong></span> <span class='ocrx_word' id='word_1_352' title='bbox 870 3235 1054 3304; x_wconf 76' lang='grc' dir='ltr'>φασὶν,</span> <span class='ocrx_word' id='word_1_353' title='bbox 1085 3236 1361 3305; x_wconf 83' lang='grc' dir='ltr'>ἐρασθείς.</span> 
     </span>
    </p>
   </div>
   <div class='ocr_carea' id='block_1_51' title="bbox 355 3324 1866 3401">
    <p class='ocr_par' dir='ltr' id='par_1_51' title="bbox 355 3324 1866 3401">
     <span class='ocr_line' id='line_1_51' title="bbox 355 3324 1866 3401; baseline 0.001 -22"><span class='ocrx_word' id='word_1_354' title='bbox 355 3325 433 3379; x_wconf 84' lang='grc' dir='ltr'><strong>ΙΕ¹</strong></span> <span class='ocrx_word' id='word_1_355' title='bbox 466 3324 579 3376; x_wconf 76' lang='grc' dir='ltr'><strong>Καὶ</strong></span> <span class='ocrx_word' id='word_1_356' title='bbox 627 3325 801 3377; x_wconf 80' lang='grc' dir='ltr'>ταῦτα</span> <span class='ocrx_word' id='word_1_357' title='bbox 859 3326 957 3394; x_wconf 81' lang='grc' dir='ltr'><strong>μὲν</strong></span> <span class='ocrx_word' id='word_1_358' title='bbox 987 3326 1176 3380; x_wconf 82' lang='grc' dir='ltr'>τοῦτον</span> <span class='ocrx_word' id='word_1_359' title='bbox 1219 3326 1346 3398; x_wconf 82' lang='grc' dir='ltr'>ἔσχε</span> <span class='ocrx_word' id='word_1_360' title='bbox 1380 3329 1469 3382; x_wconf 75' lang='grc' dir='ltr'>τὸν</span> <span class='ocrx_word' id='word_1_361' title='bbox 1513 3330 1741 3401; x_wconf 82' lang='grc' dir='ltr'>τρόπον,</span> <span class='ocrx_word' id='word_1_362' title='bbox 1774 3330 1866 3382; x_wconf 81' lang='grc' dir='ltr'>καὶ</span> 
     </span>
    </p>
   </div>
   <div class='ocr_carea' id='block_1_52' title="bbox 285 3413 1859 3492">
    <p class='ocr_par' dir='ltr' id='par_1_52' title="bbox 285 3413 1859 3492">
     <span class='ocr_line' id='line_1_52' title="bbox 285 3413 1859 3492; baseline 0.003 -24"><span class='ocrx_word' id='word_1_363' title='bbox 285 3416 342 3468; x_wconf 76' lang='grc' dir='ltr'><strong>τὸ</strong></span> <span class='ocrx_word' id='word_1_364' title='bbox 370 3416 469 3486; x_wconf 76' lang='grc' dir='ltr'>ἔαρ</span> <span class='ocrx_word' id='word_1_365' title='bbox 507 3417 566 3468; x_wconf 85' lang='grc' dir='ltr'>ὲν</span> <span class='ocrx_word' id='word_1_366' title='bbox 599 3413 809 3478; x_wconf 86' lang='grc' dir='ltr'>τούτοις</span> <span class='ocrx_word' id='word_1_367' title='bbox 848 3416 1140 3470; x_wconf 77' lang='grc' dir='ltr'>ἐτελεύταο</span> <span class='ocrx_word' id='word_1_368' title='bbox 1172 3417 1266 3470; x_wconf 83' lang='grc' dir='ltr'><strong>τοῦ</strong></span> <span class='ocrx_word' id='word_1_369' title='bbox 1311 3419 1369 3472; x_wconf 74' lang='grc' dir='ltr'>δὲ</span> <span class='ocrx_word' id='word_1_370' title='bbox 1397 3419 1588 3492; x_wconf 79' lang='grc' dir='ltr'>θέρους</span> <span class='ocrx_word' id='word_1_371' title='bbox 1623 3421 1859 3492; x_wconf 82' lang='grc' dir='ltr'>ἀρχομέ-</span> 
     </span>
    </p>
   </div>
   <div class='ocr_carea' id='block_1_53' title="bbox 285 3503 1868 3578">
    <p class='ocr_par' dir='ltr' id='par_1_53' title="bbox 285 3503 1868 3578">
     <span class='ocr_line' id='line_1_53' title="bbox 285 3503 1868 3578; baseline 0.001 -20"><span class='ocrx_word' id='word_1_372' title='bbox 285 3524 373 3559; x_wconf 88' lang='grc' dir='ltr'><strong>νου</strong></span> <span class='ocrx_word' id='word_1_373' title='bbox 419 3503 836 3558; x_wconf 79' lang='grc' dir='ltr'>συνεπεπτώκει</span> <span class='ocrx_word' id='word_1_374' title='bbox 875 3507 986 3558; x_wconf 85' lang='grc' dir='ltr'>τῶν</span> <span class='ocrx_word' id='word_1_375' title='bbox 1035 3506 1197 3559; x_wconf 80' lang='grc' dir='ltr'>υἱέων</span> <span class='ocrx_word' id='word_1_376' title='bbox 1222 3506 1320 3559; x_wconf 76' lang='grc' dir='ltr'><strong>ἕνα</strong></span> <span class='ocrx_word' id='word_1_377' title='bbox 1360 3507 1453 3560; x_wconf 79' lang='grc' dir='ltr'>τοῦ</span> <span class='ocrx_word' id='word_1_378' title='bbox 1490 3508 1582 3578; x_wconf 84' lang='grc' dir='ltr'><strong>τῆς</strong></span> <span class='ocrx_word' id='word_1_379' title='bbox 1614 3508 1868 3570; x_wconf 86' lang='grc' dir='ltr'>Βιθυνίας</span> 
     </span>
    </p>
   </div>
   <div class='ocr_carea' id='block_1_54' title="bbox 287 3596 1867 3671">
    <p class='ocr_par' dir='ltr' id='par_1_54' title="bbox 287 3596 1867 3671">
     <span class='ocr_line' id='line_1_54' title="bbox 287 3596 1867 3671; baseline 0.001 -21"><span class='ocrx_word' id='word_1_380' title='bbox 287 3599 569 3670; x_wconf 78' lang='grc' dir='ltr'>σατράπου</span> <span class='ocrx_word' id='word_1_381' title='bbox 621 3596 893 3666; x_wconf 82' lang='grc' dir='ltr'>Ὑρκανοῦ</span> <span class='ocrx_word' id='word_1_382' title='bbox 924 3599 1216 3667; x_wconf 84' lang='grc' dir='ltr'>πειραταῖς</span> <span class='ocrx_word' id='word_1_383' title='bbox 1263 3599 1490 3664; x_wconf 84' lang='grc' dir='ltr'>ἁλῶναι,</span> <span class='ocrx_word' id='word_1_384' title='bbox 1521 3600 1741 3671; x_wconf 87' lang='grc' dir='ltr'>συμϐάν</span> <span class='ocrx_word' id='word_1_385' title='bbox 1775 3600 1867 3651; x_wconf 70' lang='grc' dir='ltr'><strong>οὒ·-</strong></span> 
     </span>
    </p>
   </div>
   <div class='ocr_carea' id='block_1_55' title="bbox 288 3688 1866 3761">
    <p class='ocr_par' dir='ltr' id='par_1_55' title="bbox 288 3688 1866 3761">
     <span class='ocr_line' id='line_1_55' title="bbox 288 3688 1866 3761; baseline 0 -17"><span class='ocrx_word' id='word_1_386' title='bbox 288 3694 439 3754; x_wconf 70' lang='grc' dir='ltr'>τωσὶ,</span> <span class='ocrx_word' id='word_1_387' title='bbox 477 3690 811 3760; x_wconf 81' lang='grc' dir='ltr'>προσδοκίας</span> <span class='ocrx_word' id='word_1_388' title='bbox 850 3689 1069 3760; x_wconf 83' lang='grc' dir='ltr'>ἁπάσης</span> <span class='ocrx_word' id='word_1_389' title='bbox 1099 3690 1379 3756; x_wconf 81' lang='grc' dir='ltr'>ἐπέκεινα,</span> <span class='ocrx_word' id='word_1_390' title='bbox 1407 3689 1582 3761; x_wconf 73' lang='grc' dir='ltr'>οἶμαι,</span> <span class='ocrx_word' id='word_1_391' title='bbox 1614 3688 1710 3743; x_wconf 82' lang='grc' dir='ltr'>τοῦ</span> <span class='ocrx_word' id='word_1_392' title='bbox 1731 3689 1866 3744; x_wconf 80' lang='grc' dir='ltr'>Θεοῦ</span> 
     </span>
    </p>
   </div>
   <div class='ocr_carea' id='block_1_56' title="bbox 289 3780 1867 3853">
    <p class='ocr_par' dir='ltr' id='par_1_56' title="bbox 289 3780 1867 3853">
     <span class='ocr_line' id='line_1_56' title="bbox 289 3780 1867 3853; baseline 0 -20"><span class='ocrx_word' id='word_1_393' title='bbox 289 3781 810 3853; x_wconf 73' lang='grc' dir='ltr'>συγκεχωρηκότος,</span> <span class='ocrx_word' id='word_1_394' title='bbox 867 3781 954 3834; x_wconf 85' lang='grc' dir='ltr'><strong>ἶνα</strong></span> <span class='ocrx_word' id='word_1_395' title='bbox 1007 3782 1204 3852; x_wconf 83' lang='grc' dir='ltr'>μικρόν</span> <span class='ocrx_word' id='word_1_396' title='bbox 1264 3799 1316 3834; x_wconf 88' lang='grc' dir='ltr'><strong>τι</strong></span> <span class='ocrx_word' id='word_1_397' title='bbox 1380 3780 1867 3834; x_wconf 82' lang='grc' dir='ltr'>άναπεπνευκέναι</span> 
     </span>
    </p>
   </div>
   <div class='ocr_carea' id='block_1_57' title="bbox 297 3871 1868 3946">
    <p class='ocr_par' dir='ltr' id='par_1_57' title="bbox 297 3871 1868 3946">
     <span class='ocr_line' id='line_1_57' title="bbox 297 3871 1868 3946; baseline -0.003 -18"><span class='ocrx_word' id='word_1_398' title='bbox 297 3876 591 3945; x_wconf 67' lang='grc' dir='ltr'>Ῥωμαίοις</span> <span class='ocrx_word' id='word_1_399' title='bbox 641 3874 952 3944; x_wconf 82' lang='grc' dir='ltr'>ἐγγένηται,</span> <span class='ocrx_word' id='word_1_400' title='bbox 1011 3873 1106 3924; x_wconf 71' lang='grc' dir='ltr'><strong>καὶ</strong></span> <span class='ocrx_word' id='word_1_401' title='bbox 1171 3872 1248 3941; x_wconf 82' lang='grc' dir='ltr'>μὴ</span> <span class='ocrx_word' id='word_1_402' title='bbox 1311 3874 1378 3946; x_wconf 57' lang='grc' dir='ltr'>τῇ</span> <span class='ocrx_word' id='word_1_403' title='bbox 1425 3873 1536 3925; x_wconf 84' lang='grc' dir='ltr'><strong>τῶν</strong></span> <span class='ocrx_word' id='word_1_404' title='bbox 1588 3871 1868 3925; x_wconf 86' lang='grc' dir='ltr'>πολυετῶν</span> 
     </span>
    </p>
   </div>
   <div class='ocr_carea' id='block_1_58' title="bbox 287 3963 1866 4036">
    <p class='ocr_par' dir='ltr' id='par_1_58' title="bbox 287 3963 1866 4036">
     <span class='ocr_line' id='line_1_58' title="bbox 287 3963 1866 4036; baseline -0.004 -14"><span class='ocrx_word' id='word_1_405' title='bbox 287 3969 470 4022; x_wconf 84' lang='grc' dir='ltr'>κακῶν</span> <span class='ocrx_word' id='word_1_406' title='bbox 531 3965 898 4036; x_wconf 81' lang='grc' dir='ltr'>ἀπειρηκέναι</span> <span class='ocrx_word' id='word_1_407' title='bbox 945 3963 1220 4035; x_wconf 80' lang='grc' dir='ltr'>συνεχείᾳ.</span> <span class='ocrx_word' id='word_1_408' title='bbox 1254 3965 1450 4031; x_wconf 85' lang='grc' dir='ltr'>Γέγονε</span> <span class='ocrx_word' id='word_1_409' title='bbox 1503 3964 1562 4017; x_wconf 81' lang='grc' dir='ltr'>δὲ</span> <span class='ocrx_word' id='word_1_410' title='bbox 1613 3963 1866 4017; x_wconf 86' lang='grc' dir='ltr'>οὐτωσίν.</span> 
     </span>
    </p>
   </div>
   <div class='ocr_carea' id='block_1_59' title="bbox 292 4053 1867 4126">
    <p class='ocr_par' dir='ltr' id='par_1_59' title="bbox 292 4053 1867 4126">
     <span class='ocr_line' id='line_1_59' title="bbox 292 4053 1867 4126; baseline -0.004 -14"><span class='ocrx_word' id='word_1_411' title='bbox 292 4060 443 4113; x_wconf 86' lang='grc' dir='ltr'>Ἐστι</span> <span class='ocrx_word' id='word_1_412' title='bbox 471 4057 614 4126; x_wconf 77' lang='grc' dir='ltr'>μετὰ</span> <span class='ocrx_word' id='word_1_413' title='bbox 648 4057 738 4109; x_wconf 76' lang='grc' dir='ltr'><strong>τὸν</strong></span> <span class='ocrx_word' id='word_1_414' title='bbox 768 4055 1020 4121; x_wconf 76' lang='grc' dir='ltr'>Εὐξείνου</span> <span class='ocrx_word' id='word_1_415' title='bbox 1053 4055 1250 4110; x_wconf 89' lang='grc' dir='ltr'>πόντου</span> <span class='ocrx_word' id='word_1_416' title='bbox 1277 4054 1481 4125; x_wconf 85' lang='grc' dir='ltr'>αὐχένα</span> <span class='ocrx_word' id='word_1_417' title='bbox 1512 4053 1756 4108; x_wconf 90' lang='grc' dir='ltr'>θάλασσά</span> <span class='ocrx_word' id='word_1_418' title='bbox 1781 4069 1867 4115; x_wconf 89' lang='grc' dir='ltr'><strong>τις</strong></span> 
     </span>
    </p>
   </div>
   <div class='ocr_carea' id='block_1_60' title="bbox 293 4142 1864 4218">
    <p class='ocr_par' dir='ltr' id='par_1_60' title="bbox 293 4142 1864 4218">
     <span class='ocr_line' id='line_1_60' title="bbox 293 4142 1864 4218; baseline -0.003 -19"><span class='ocrx_word' id='word_1_419' title='bbox 293 4147 540 4218; x_wconf 81' lang='grc' dir='ltr'>βραχεῖα,</span> <span class='ocrx_word' id='word_1_420' title='bbox 581 4145 803 4214; x_wconf 84' lang='grc' dir='ltr'>μέτριον</span> <span class='ocrx_word' id='word_1_421' title='bbox 838 4146 1037 4213; x_wconf 85' lang='grc' dir='ltr'>ἔχουσα</span> <span class='ocrx_word' id='word_1_422' title='bbox 1079 4143 1140 4196; x_wconf 92' lang='grc' dir='ltr'><strong>τό</strong></span> <span class='ocrx_word' id='word_1_423' title='bbox 1182 4161 1242 4196; x_wconf 89' lang='grc' dir='ltr'><strong>τε</strong></span> <span class='ocrx_word' id='word_1_424' title='bbox 1286 4144 1461 4215; x_wconf 81' lang='grc' dir='ltr'>μῆκος</span> <span class='ocrx_word' id='word_1_425' title='bbox 1501 4143 1595 4196; x_wconf 79' lang='grc' dir='ltr'>καὶ</span> <span class='ocrx_word' id='word_1_426' title='bbox 1643 4142 1864 4206; x_wconf 84' lang='grc' dir='ltr'>πλάτος,</span> 
     </span>
    </p>
   </div>
   <div class='ocr_carea' id='block_1_61' title="bbox 292 4228 1868 4300">
    <p class='ocr_par' dir='ltr' id='par_1_61' title="bbox 292 4228 1868 4300">
     <span class='ocr_line' id='line_1_61' title="bbox 292 4228 1868 4300; baseline -0.003 -14"><span class='ocrx_word' id='word_1_427' title='bbox 292 4235 404 4297; x_wconf 67' lang='grc' dir='ltr'>καὶ,</span> <span class='ocrx_word' id='word_1_428' title='bbox 421 4228 536 4287; x_wconf 82' lang='grc' dir='ltr'>οἷον</span> <span class='ocrx_word' id='word_1_429' title='bbox 559 4234 730 4283; x_wconf 87' lang='grc' dir='ltr'>εἰπεῖν</span> <span class='ocrx_word' id='word_1_430' title='bbox 752 4231 997 4300; x_wconf 83' lang='grc' dir='ltr'>ἐκατέρῳ</span> <span class='ocrx_word' id='word_1_431' title='bbox 1014 4231 1276 4300; x_wconf 78' lang='grc' dir='ltr'>ἑκάτερον</span> <span class='ocrx_word' id='word_1_432' title='bbox 1303 4229 1680 4299; x_wconf 76' lang='grc' dir='ltr'>ἰσομέτρητον,</span> <span class='ocrx_word' id='word_1_433' title='bbox 1700 4230 1868 4300; x_wconf 82' lang='grc' dir='ltr'>μήκει</span> 
     </span>
    </p>
   </div>
   <div class='ocr_carea' id='block_1_62' title="bbox 291 4319 1868 4394">
    <p class='ocr_par' dir='ltr' id='par_1_62' title="bbox 291 4319 1868 4394">
     <span class='ocr_line' id='line_1_62' title="bbox 291 4319 1868 4394; baseline -0.003 -16"><span class='ocrx_word' id='word_1_434' title='bbox 291 4327 488 4389; x_wconf 87' lang='grc' dir='ltr'>πλάτος</span> <span class='ocrx_word' id='word_1_435' title='bbox 519 4323 614 4378; x_wconf 77' lang='grc' dir='ltr'>καὶ</span> <span class='ocrx_word' id='word_1_436' title='bbox 642 4322 834 4376; x_wconf 88' lang='grc' dir='ltr'>πλάτει</span> <span class='ocrx_word' id='word_1_437' title='bbox 873 4323 1072 4392; x_wconf 81' lang='grc' dir='ltr'>μῆκος.</span> <span class='ocrx_word' id='word_1_438' title='bbox 1092 4321 1312 4394; x_wconf 85' lang='grc' dir='ltr'>Ταύτης</span> <span class='ocrx_word' id='word_1_439' title='bbox 1341 4319 1490 4392; x_wconf 84' lang='grc' dir='ltr'>παρὰ</span> <span class='ocrx_word' id='word_1_440' title='bbox 1520 4322 1586 4376; x_wconf 84' lang='grc' dir='ltr'><strong>τά</strong></span> <span class='ocrx_word' id='word_1_441' title='bbox 1609 4320 1868 4390; x_wconf 81' lang='grc' dir='ltr'>εὐώνυμα</span> 
     </span>
    </p>
   </div>
   <div class='ocr_carea' id='block_1_63' title="bbox 293 4412 1864 4489">
    <p class='ocr_par' dir='ltr' id='par_1_63' title="bbox 293 4412 1864 4489">
     <span class='ocr_line' id='line_1_63' title="bbox 293 4412 1864 4489; baseline -0.003 -19"><span class='ocrx_word' id='word_1_442' title='bbox 293 4419 385 4470; x_wconf 75' lang='grc' dir='ltr'>καὶ</span> <span class='ocrx_word' id='word_1_443' title='bbox 413 4417 551 4489; x_wconf 82' lang='grc' dir='ltr'>πρὸς</span> <span class='ocrx_word' id='word_1_444' title='bbox 581 4416 654 4468; x_wconf 76' lang='grc' dir='ltr'><strong>ἕω</strong></span> <span class='ocrx_word' id='word_1_445' title='bbox 689 4413 750 4487; x_wconf 69' lang='grc' dir='ltr'><strong>[ἰ.</strong></span> <span class='ocrx_word' id='word_1_446' title='bbox 777 4415 882 4468; x_wconf 68' lang='grc'><strong>272</strong></span> <span class='ocrx_word' id='word_1_447' title='bbox 919 4412 976 4486; x_wconf 86' lang='grc' dir='ltr'>α]</span> <span class='ocrx_word' id='word_1_448' title='bbox 1006 4414 1220 4485; x_wconf 82' lang='grc' dir='ltr'>πλευρὰ</span> <span class='ocrx_word' id='word_1_449' title='bbox 1251 4415 1440 4470; x_wconf 74' lang='grc' dir='ltr'>κατιδν</span> <span class='ocrx_word' id='word_1_450' title='bbox 1481 4416 1547 4468; x_wconf 79' lang='grc' dir='ltr'><strong>ἐκ</strong></span> <span class='ocrx_word' id='word_1_451' title='bbox 1586 4414 1691 4484; x_wconf 82' lang='grc' dir='ltr'>γῆς</span> <span class='ocrx_word' id='word_1_452' title='bbox 1741 4414 1864 4466; x_wconf 74' lang='grc' dir='ltr'>ἐπί·</span> 
     </span>
    </p>
   </div>
   <div class='ocr_carea' id='block_1_64' title="bbox 291 4506 1940 4598">
    <p class='ocr_par' dir='ltr' id='par_1_64' title="bbox 291 4506 1940 4598">
     <span class='ocr_line' id='line_1_64' title="bbox 291 4506 1940 4598; baseline 0 -38"><span class='ocrx_word' id='word_1_453' title='bbox 291 4524 463 4576; x_wconf 86' lang='grc' dir='ltr'>μηκες</span> <span class='ocrx_word' id='word_1_454' title='bbox 489 4507 834 4576; x_wconf 84' lang='grc' dir='ltr'>ἀκρωτήριον</span> <span class='ocrx_word' id='word_1_455' title='bbox 867 4506 1023 4560; x_wconf 79' lang='grc' dir='ltr'>δίεισι</span> <span class='ocrx_word' id='word_1_456' title='bbox 1057 4506 1220 4576; x_wconf 86' lang='grc' dir='ltr'>μέχρι</span> <span class='ocrx_word' id='word_1_457' title='bbox 1249 4507 1421 4577; x_wconf 83' lang='grc' dir='ltr'>μέσης</span> <span class='ocrx_word' id='word_1_458' title='bbox 1451 4507 1636 4578; x_wconf 79' lang='grc' dir='ltr'>σχεδὸν</span> <span class='ocrx_word' id='word_1_459' title='bbox 1668 4507 1861 4577; x_wconf 74' lang='grc' dir='ltr'>αὐτῆς,</span> <span class='ocrx_word' id='word_1_460' title='bbox 1896 4540 1940 4598; x_wconf 75' lang='lat' dir='ltr'><strong>D</strong></span> 
     </span>
    </p>
   </div>
   <div class='ocr_carea' id='block_1_65' title="bbox 288 4595 1864 4669">
    <p class='ocr_par' dir='ltr' id='par_1_65' title="bbox 288 4595 1864 4669">
     <span class='ocr_line' id='line_1_65' title="bbox 288 4595 1864 4669; baseline 0.002 -19"><span class='ocrx_word' id='word_1_461' title='bbox 288 4595 477 4669; x_wconf 80' lang='grc' dir='ltr'>ὥσπερ</span> <span class='ocrx_word' id='word_1_462' title='bbox 498 4599 577 4661; x_wconf 77' lang='grc' dir='ltr'>εἷς</span> <span class='ocrx_word' id='word_1_463' title='bbox 604 4615 728 4652; x_wconf 83' lang='grc' dir='ltr'>τινα</span> <span class='ocrx_word' id='word_1_464' title='bbox 763 4597 929 4666; x_wconf 86' lang='grc' dir='ltr'>σκέλη</span> <span class='ocrx_word' id='word_1_465' title='bbox 959 4596 1053 4650; x_wconf 86' lang='grc' dir='ltr'><strong>δύο</strong></span> <span class='ocrx_word' id='word_1_466' title='bbox 1093 4597 1313 4666; x_wconf 78' lang='grc' dir='ltr'>μερίζον</span> <span class='ocrx_word' id='word_1_467' title='bbox 1344 4599 1410 4669; x_wconf 80' lang='grc' dir='ltr'>ἢν</span> <span class='ocrx_word' id='word_1_468' title='bbox 1439 4602 1628 4668; x_wconf 81' lang='grc' dir='ltr'>τέμνει</span> <span class='ocrx_word' id='word_1_469' title='bbox 1659 4598 1864 4654; x_wconf 87' lang='grc' dir='ltr'>θάλασ-</span> 
     </span>
    </p>
   </div>
   <div class='ocr_carea' id='block_1_66' title="bbox 290 4685 1866 4758">
    <p class='ocr_par' dir='ltr' id='par_1_66' title="bbox 290 4685 1866 4758">
     <span class='ocr_line' id='line_1_66' title="bbox 290 4685 1866 4758; baseline 0.001 -18"><span class='ocrx_word' id='word_1_470' title='bbox 290 4702 388 4740; x_wconf 90' lang='grc' dir='ltr'><strong>σαν</strong></span> <span class='ocrx_word' id='word_1_471' title='bbox 441 4688 538 4740; x_wconf 73' lang='grc' dir='ltr'>καὶ</span> <span class='ocrx_word' id='word_1_472' title='bbox 592 4685 836 4756; x_wconf 81' lang='grc' dir='ltr'>διαιροῦν</span> <span class='ocrx_word' id='word_1_473' title='bbox 884 4686 970 4755; x_wconf 84' lang='grc' dir='ltr'><strong>ἐφ’</strong></span> <span class='ocrx_word' id='word_1_474' title='bbox 1011 4688 1272 4758; x_wconf 77' lang='grc' dir='ltr'>ἑκάτερα,</span> <span class='ocrx_word' id='word_1_475' title='bbox 1308 4687 1403 4740; x_wconf 68' lang='grc' dir='ltr'><strong>καὶ</strong></span> <span class='ocrx_word' id='word_1_476' title='bbox 1443 4689 1732 4758; x_wconf 86' lang='grc' dir='ltr'>γινόμενον</span> <span class='ocrx_word' id='word_1_477' title='bbox 1766 4689 1866 4758; x_wconf 88' lang='grc' dir='ltr'>μὲν</span> 
     </span>
    </p>
   </div>
   <div class='ocr_carea' id='block_1_67' title="bbox 289 4778 1866 4850">
    <p class='ocr_par' dir='ltr' id='par_1_67' title="bbox 289 4778 1866 4850">
     <span class='ocr_line' id='line_1_67' title="bbox 289 4778 1866 4850; baseline 0.002 -21"><span class='ocrx_word' id='word_1_478' title='bbox 289 4778 419 4831; x_wconf 82' lang='grc' dir='ltr'>αὐτὸ</span> <span class='ocrx_word' id='word_1_479' title='bbox 471 4778 728 4850; x_wconf 88' lang='grc' dir='ltr'>καθάπερ</span> <span class='ocrx_word' id='word_1_480' title='bbox 779 4779 971 4847; x_wconf 72' lang='grc' dir='ltr'>ἰσθμὸς</span> <span class='ocrx_word' id='word_1_481' title='bbox 1018 4779 1146 4842; x_wconf 80' lang='grc' dir='ltr'>τοὺς</span> <span class='ocrx_word' id='word_1_482' title='bbox 1193 4780 1538 4850; x_wconf 76' lang='grc' dir='ltr'>ἑκατέρωθεν</span> <span class='ocrx_word' id='word_1_483' title='bbox 1588 4780 1866 4844; x_wconf 84' lang='grc' dir='ltr'>κλύδωνας</span> 
     </span>
    </p>
   </div>
   <div class='ocr_carea' id='block_1_68' title="bbox 289 4869 1865 4943">
    <p class='ocr_par' dir='ltr' id='par_1_68' title="bbox 289 4869 1865 4943">
     <span class='ocr_line' id='line_1_68' title="bbox 289 4869 1865 4943; baseline 0.002 -21"><span class='ocrx_word' id='word_1_484' title='bbox 289 4869 597 4924; x_wconf 80' lang='grc' dir='ltr'>ἀνακύπτον</span> <span class='ocrx_word' id='word_1_485' title='bbox 628 4870 722 4924; x_wconf 75' lang='grc' dir='ltr'>καὶ</span> <span class='ocrx_word' id='word_1_486' title='bbox 750 4870 970 4939; x_wconf 80' lang='grc' dir='ltr'>θραῠον,</span> <span class='ocrx_word' id='word_1_487' title='bbox 993 4869 1180 4924; x_wconf 83' lang='grc' dir='ltr'>ποιοῦν</span> <span class='ocrx_word' id='word_1_488' title='bbox 1216 4871 1261 4924; x_wconf 87' lang='grc' dir='ltr'>δ’</span> <span class='ocrx_word' id='word_1_489' title='bbox 1285 4873 1467 4926; x_wconf 81' lang='grc' dir='ltr'>ἐκεῖνα</span> <span class='ocrx_word' id='word_1_490' title='bbox 1489 4871 1742 4943; x_wconf 88' lang='grc' dir='ltr'>καθάπερ</span> <span class='ocrx_word' id='word_1_491' title='bbox 1773 4872 1865 4925; x_wconf 92' lang='grc' dir='ltr'><strong>δύο</strong></span> 
     </span>
    </p>
   </div>
   <div class='ocr_carea' id='block_1_69' title="bbox 291 4961 1863 5035">
    <p class='ocr_par' dir='ltr' id='par_1_69' title="bbox 291 4961 1863 5035">
     <span class='ocr_line' id='line_1_69' title="bbox 291 4961 1863 5035; baseline 0.003 -23"><span class='ocrx_word' id='word_1_492' title='bbox 291 4963 592 5032; x_wconf 76' lang='grc' dir='ltr'>πορθμοὺς,</span> <span class='ocrx_word' id='word_1_493' title='bbox 647 4963 742 5016; x_wconf 73' lang='grc' dir='ltr'>καὶ</span> <span class='ocrx_word' id='word_1_494' title='bbox 800 4961 899 5032; x_wconf 78' lang='grc' dir='ltr'><strong>τὴν</strong></span> <span class='ocrx_word' id='word_1_495' title='bbox 945 4963 1117 5030; x_wconf 83' lang='grc' dir='ltr'>αὐτὴν</span> <span class='ocrx_word' id='word_1_496' title='bbox 1176 4963 1520 5032; x_wconf 81' lang='grc' dir='ltr'>ἑκατέρωθεν</span> <span class='ocrx_word' id='word_1_497' title='bbox 1551 4967 1654 5017; x_wconf 86' lang='grc' dir='ltr'>άνὰ</span> <span class='ocrx_word' id='word_1_498' title='bbox 1699 4966 1863 5035; x_wconf 83' lang='grc' dir='ltr'>μέρος</span> 
     </span>
    </p>
   </div>
   <div class='ocr_carea' id='block_1_70' title="bbox 290 5055 1862 5127">
    <p class='ocr_par' dir='ltr' id='par_1_70' title="bbox 290 5055 1862 5127">
     <span class='ocr_line' id='line_1_70' title="bbox 290 5055 1862 5127; baseline 0.001 -19"><span class='ocrx_word' id='word_1_499' title='bbox 290 5057 494 5125; x_wconf 76' lang='grc' dir='ltr'>ἀμφοῖν</span> <span class='ocrx_word' id='word_1_500' title='bbox 519 5057 748 5118; x_wconf 88' lang='grc' dir='ltr'>ἐκείνοις</span> <span class='ocrx_word' id='word_1_501' title='bbox 769 5056 825 5108; x_wconf 79' lang='grc' dir='ltr'><strong>ἐν</strong></span> <span class='ocrx_word' id='word_1_502' title='bbox 852 5055 1032 5122; x_wconf 75' lang='grc' dir='ltr'><strong>ταύτῷ</strong></span> <span class='ocrx_word' id='word_1_503' title='bbox 1063 5056 1446 5127; x_wconf 85' lang='grc' dir='ltr'>παρεχόμενον</span> <span class='ocrx_word' id='word_1_504' title='bbox 1467 5059 1659 5127; x_wconf 78' lang='grc' dir='ltr'>χρείαν</span> <span class='ocrx_word' id='word_1_505' title='bbox 1680 5075 1693 5088; x_wconf 79' lang='grc'><em>’</em></span> <span class='ocrx_word' id='word_1_506' title='bbox 1718 5058 1862 5126; x_wconf 78' lang='grc' dir='ltr'>άπερ</span> 
     </span>
    </p>
   </div>
   <div class='ocr_carea' id='block_1_71' title="bbox 290 5147 1862 5218">
    <p class='ocr_par' dir='ltr' id='par_1_71' title="bbox 290 5147 1862 5218">
     <span class='ocr_line' id='line_1_71' title="bbox 290 5147 1862 5218; baseline 0.001 -18"><span class='ocrx_word' id='word_1_507' title='bbox 290 5151 399 5210; x_wconf 64' lang='grc' dir='ltr'>ταῖς</span> <span class='ocrx_word' id='word_1_508' title='bbox 431 5150 717 5218; x_wconf 75' lang='grc' dir='ltr'>ἐγχωρίοις</span> <span class='ocrx_word' id='word_1_509' title='bbox 760 5148 953 5200; x_wconf 84' lang='grc' dir='ltr'>κόλποι</span> <span class='ocrx_word' id='word_1_510' title='bbox 978 5147 1129 5201; x_wconf 71' lang='grc' dir='ltr'>δυσὶν</span> <span class='ocrx_word' id='word_1_511' title='bbox 1181 5149 1446 5218; x_wconf 85' lang='grc' dir='ltr'>ὀνόμασιν</span> <span class='ocrx_word' id='word_1_512' title='bbox 1473 5150 1751 5218; x_wconf 74' lang='grc' dir='ltr'>διαφόροις</span> <span class='ocrx_word' id='word_1_513' title='bbox 1784 5154 1862 5213; x_wconf 77' lang='grc' dir='ltr'>εἰς</span> 
     </span>
    </p>
   </div>
   <div class='ocr_carea' id='block_1_72' title="bbox 291 5238 1861 5310">
    <p class='ocr_par' dir='ltr' id='par_1_72' title="bbox 291 5238 1861 5310">
     <span class='ocr_line' id='line_1_72' title="bbox 291 5238 1861 5310; baseline 0.003 -21"><span class='ocrx_word' id='word_1_514' title='bbox 291 5239 622 5292; x_wconf 81' lang='grc' dir='ltr'>εὐσύνοπτον</span> <span class='ocrx_word' id='word_1_515' title='bbox 672 5239 888 5293; x_wconf 88' lang='grc' dir='ltr'>σύνεσιν</span> <span class='ocrx_word' id='word_1_516' title='bbox 945 5242 1055 5301; x_wconf 88' lang='grc' dir='ltr'>τοῖς</span> <span class='ocrx_word' id='word_1_517' title='bbox 1098 5241 1393 5296; x_wconf 80' lang='grc' dir='ltr'>ἀκούουσιν</span> <span class='ocrx_word' id='word_1_518' title='bbox 1422 5238 1800 5310; x_wconf 79' lang='grc' dir='ltr'>ὀνομάζονται,</span> <span class='ocrx_word' id='word_1_519' title='bbox 1834 5245 1861 5294; x_wconf 88' lang='grc' dir='ltr'><strong>ό</strong></span> 
     </span>
    </p>
   </div>
   <div class='ocr_carea' id='block_1_73' title="bbox 295 5330 1860 5404">
    <p class='ocr_par' dir='ltr' id='par_1_73' title="bbox 295 5330 1860 5404">
     <span class='ocr_line' id='line_1_73' title="bbox 295 5330 1860 5404; baseline 0.003 -23"><span class='ocrx_word' id='word_1_520' title='bbox 295 5331 392 5398; x_wconf 87' lang='grc' dir='ltr'><strong>μέν</strong></span> <span class='ocrx_word' id='word_1_521' title='bbox 445 5330 758 5394; x_wconf 74' lang='grc' dir='ltr'>Δασκέλιος,</span> <span class='ocrx_word' id='word_1_522' title='bbox 809 5333 837 5382; x_wconf 91' lang='grc' dir='ltr'><strong>ό</strong></span> <span class='ocrx_word' id='word_1_523' title='bbox 886 5330 931 5383; x_wconf 86' lang='grc' dir='ltr'>δ’</span> <span class='ocrx_word' id='word_1_524' title='bbox 975 5332 1332 5402; x_wconf 85' lang='grc' dir='ltr'>Ἀστακηνός.</span> <span class='ocrx_word' id='word_1_525' title='bbox 1374 5333 1448 5385; x_wconf 82' lang='grc' dir='ltr'>Τὸ</span> <span class='ocrx_word' id='word_1_526' title='bbox 1494 5334 1559 5404; x_wconf 82' lang='grc' dir='ltr'>δὴ</span> <span class='ocrx_word' id='word_1_527' title='bbox 1621 5333 1860 5386; x_wconf 79' lang='grc' dir='ltr'>τοιοῦτον</span> 
     </span>
    </p>
   </div>
   <div class='ocr_carea' id='block_1_74' title="bbox 295 5422 1860 5495">
    <p class='ocr_par' dir='ltr' id='par_1_74' title="bbox 295 5422 1860 5495">
     <span class='ocr_line' id='line_1_74' title="bbox 295 5422 1860 5495; baseline 0.003 -22"><span class='ocrx_word' id='word_1_528' title='bbox 295 5424 461 5491; x_wconf 81' lang='grc' dir='ltr'>μέρος</span> <span class='ocrx_word' id='word_1_529' title='bbox 518 5423 613 5490; x_wconf 82' lang='grc' dir='ltr'>τῆς</span> <span class='ocrx_word' id='word_1_530' title='bbox 666 5422 920 5485; x_wconf 86' lang='grc' dir='ltr'>Βιθυνίας</span> <span class='ocrx_word' id='word_1_531' title='bbox 973 5424 1054 5486; x_wconf 89' lang='grc' dir='ltr'><strong>είς</strong></span> <span class='ocrx_word' id='word_1_532' title='bbox 1107 5424 1308 5494; x_wconf 84' lang='grc' dir='ltr'>κλῆρον</span> <span class='ocrx_word' id='word_1_533' title='bbox 1356 5426 1495 5494; x_wconf 73' lang='grc' dir='ltr'>πρὸς</span> <span class='ocrx_word' id='word_1_534' title='bbox 1529 5424 1621 5478; x_wconf 80' lang='grc' dir='ltr'>τοῦ</span> <span class='ocrx_word' id='word_1_535' title='bbox 1656 5426 1860 5495; x_wconf 77' lang='grc' dir='ltr'>πατρὸς</span> 
     </span>
    </p>
   </div>
   <div class='ocr_carea' id='block_1_75' title="bbox 305 5513 1860 5586">
    <p class='ocr_par' dir='ltr' id='par_1_75' title="bbox 305 5513 1860 5586">
     <span class='ocr_line' id='line_1_75' title="bbox 305 5513 1860 5586; baseline 0.004 -24"><span class='ocrx_word' id='word_1_536' title='bbox 305 5513 572 5582; x_wconf 80' lang='grc' dir='ltr'>’Υρκανοῦ</span> <span class='ocrx_word' id='word_1_537' title='bbox 608 5513 785 5565; x_wconf 85' lang='grc' dir='ltr'>λαϐὼν</span> <span class='ocrx_word' id='word_1_538' title='bbox 817 5515 845 5567; x_wconf 89' lang='grc' dir='ltr'><strong>ό</strong></span> <span class='ocrx_word' id='word_1_539' title='bbox 893 5514 1031 5582; x_wconf 86' lang='grc' dir='ltr'>μετὰ</span> <span class='ocrx_word' id='word_1_540' title='bbox 1061 5515 1151 5566; x_wconf 76' lang='grc' dir='ltr'>τὸν</span> <span class='ocrx_word' id='word_1_541' title='bbox 1183 5515 1558 5586; x_wconf 88' lang='grc' dir='ltr'>πρεσϐύτερον</span> <span class='ocrx_word' id='word_1_542' title='bbox 1589 5517 1710 5569; x_wconf 80' lang='grc' dir='ltr'>καθ’</span> <span class='ocrx_word' id='word_1_543' title='bbox 1742 5519 1860 5580; x_wconf 80' lang='grc' dir='ltr'><strong>ἡλι-</strong></span> 
     </span>
    </p>
   </div>
   <div class='ocr_carea' id='block_1_76' title="bbox 297 5604 1858 5680">
    <p class='ocr_par' dir='ltr' id='par_1_76' title="bbox 297 5604 1858 5680">
     <span class='ocr_line' id='line_1_76' title="bbox 297 5604 1858 5680; baseline 0.006 -26"><span class='ocrx_word' id='word_1_544' title='bbox 297 5605 418 5655; x_wconf 84' lang='grc' dir='ltr'>κίαν</span> <span class='ocrx_word' id='word_1_545' title='bbox 444 5604 622 5671; x_wconf 72' lang='grc' dir='ltr'>τρίτος</span> <span class='ocrx_word' id='word_1_546' title='bbox 647 5605 752 5656; x_wconf 83' lang='grc' dir='ltr'><strong>τῶν</strong></span> <span class='ocrx_word' id='word_1_547' title='bbox 774 5604 977 5656; x_wconf 81' lang='grc' dir='ltr'>παίδων</span> <span class='ocrx_word' id='word_1_548' title='bbox 999 5604 1093 5657; x_wconf 79' lang='grc' dir='ltr'>νῦν</span> <span class='ocrx_word' id='word_1_549' title='bbox 1112 5605 1210 5673; x_wconf 82' lang='grc' dir='ltr'><strong>μὲν</strong></span> <span class='ocrx_word' id='word_1_550' title='bbox 1231 5606 1506 5675; x_wconf 84' lang='grc' dir='ltr'>θαλάσσης</span> <span class='ocrx_word' id='word_1_551' title='bbox 1533 5609 1722 5680; x_wconf 74' lang='grc' dir='ltr'>πόρρω</span> <span class='ocrx_word' id='word_1_552' title='bbox 1755 5627 1858 5662; x_wconf 85' lang='grc' dir='ltr'><strong>που</strong></span> 
     </span>
    </p>
   </div>
   <div class='ocr_carea' id='block_1_77' title="bbox 293 5695 1860 5770">
    <p class='ocr_par' dir='ltr' id='par_1_77' title="bbox 293 5695 1860 5770">
     <span class='ocr_line' id='line_1_77' title="bbox 293 5695 1860 5770; baseline 0.007 -25"><span class='ocrx_word' id='word_1_553' title='bbox 293 5698 389 5758; x_wconf 78' lang='grc' dir='ltr'>τὰς</span> <span class='ocrx_word' id='word_1_554' title='bbox 439 5695 522 5747; x_wconf 90' lang='grc' dir='ltr'><strong>δια</strong></span> <span class='ocrx_word' id='word_1_555' title='bbox 536 5698 718 5765; x_wconf 78' lang='grc' dir='ltr'>τριϐὰς</span> <span class='ocrx_word' id='word_1_556' title='bbox 766 5698 1018 5757; x_wconf 81' lang='grc' dir='ltr'>ἐποιεῖτο,</span> <span class='ocrx_word' id='word_1_557' title='bbox 1049 5697 1144 5748; x_wconf 84' lang='grc' dir='ltr'>νῦν</span> <span class='ocrx_word' id='word_1_558' title='bbox 1175 5697 1218 5748; x_wconf 84' lang='grc' dir='ltr'>δ’</span> <span class='ocrx_word' id='word_1_559' title='bbox 1249 5701 1530 5770; x_wconf 79' lang='grc' dir='ltr'>ἐγγυτέρω</span> <span class='ocrx_word' id='word_1_560' title='bbox 1560 5702 1680 5754; x_wconf 84' lang='grc' dir='ltr'>κατ’</span> <span class='ocrx_word' id='word_1_561' title='bbox 1712 5701 1860 5768; x_wconf 81' lang='grc' dir='ltr'>ἐξου-</span> 
     </span>
    </p>
   </div>
   <div class='ocr_carea' id='block_1_78' title="bbox 296 5786 1854 5866">
    <p class='ocr_par' dir='ltr' id='par_1_78' title="bbox 296 5786 1854 5866">
     <span class='ocr_line' id='line_1_78' title="bbox 296 5786 1854 5866; baseline 0.009 -31"><span class='ocrx_word' id='word_1_562' title='bbox 296 5786 416 5837; x_wconf 84' lang='grc' dir='ltr'>σίαν</span> <span class='ocrx_word' id='word_1_563' title='bbox 446 5787 759 5858; x_wconf 76' lang='grc' dir='ltr'>αὐτόνομον.</span> <span class='ocrx_word' id='word_1_564' title='bbox 787 5789 898 5852; x_wconf 80' lang='grc' dir='ltr'>Τὰς</span> <span class='ocrx_word' id='word_1_565' title='bbox 931 5789 1059 5856; x_wconf 83' lang='grc' dir='ltr'>γοῦν</span> <span class='ocrx_word' id='word_1_566' title='bbox 1086 5788 1301 5860; x_wconf 78' lang='grc' dir='ltr'>θερινὰς</span> <span class='ocrx_word' id='word_1_567' title='bbox 1332 5793 1546 5854; x_wconf 83' lang='grc' dir='ltr'>ὲκείνας</span> <span class='ocrx_word' id='word_1_568' title='bbox 1581 5793 1674 5847; x_wconf 79' lang='grc' dir='ltr'>τοῦ</span> <span class='ocrx_word' id='word_1_569' title='bbox 1706 5796 1854 5866; x_wconf 73' lang='grc' dir='ltr'>ἡλίου</span> 
     </span>
    </p>
   </div>
   <div class='ocr_carea' id='block_1_79' title="bbox 1967 1949 3550 2022">
    <p class='ocr_par' dir='ltr' id='par_1_79' title="bbox 1967 1949 3550 2022">
     <span class='ocr_line' id='line_1_79' title="bbox 1967 1949 3550 2022; baseline 0 -18"><span class='ocrx_word' id='word_1_570' title='bbox 1967 1949 2062 2004; x_wconf 91' lang='lat' dir='ltr'><strong>illo</strong></span> <span class='ocrx_word' id='word_1_571' title='bbox 2108 1949 2200 2017; x_wconf 88' lang='lat' dir='ltr'><strong>qui</strong></span> <span class='ocrx_word' id='word_1_572' title='bbox 2257 1959 2368 2004; x_wconf 90' lang='lat' dir='ltr'><strong>tum</strong></span> <span class='ocrx_word' id='word_1_573' title='bbox 2424 1965 2630 2004; x_wconf 89' lang='lat' dir='ltr'><strong>nonum</strong></span> <span class='ocrx_word' id='word_1_574' title='bbox 2697 1951 2814 2006; x_wconf 81' lang='lat' dir='ltr'><strong>fere</strong></span> <span class='ocrx_word' id='word_1_575' title='bbox 2862 1953 3037 2006; x_wconf 80' lang='lat' dir='ltr'><strong>a&#39;tatis</strong></span> <span class='ocrx_word' id='word_1_576' title='bbox 3087 1969 3292 2006; x_wconf 89' lang='lat' dir='ltr'><strong>annum</strong></span> <span class='ocrx_word' id='word_1_577' title='bbox 3355 1953 3550 2022; x_wconf 77' lang='lat' dir='ltr'><strong>attige-</strong></span> 
     </span>
    </p>
   </div>
   <div class='ocr_carea' id='block_1_80' title="bbox 1972 2041 3554 2112">
    <p class='ocr_par' dir='ltr' id='par_1_80' title="bbox 1972 2041 3554 2112">
     <span class='ocr_line' id='line_1_80' title="bbox 1972 2041 3554 2112; baseline 0.002 -20"><span class='ocrx_word' id='word_1_578' title='bbox 1972 2048 2076 2103; x_wconf 90' lang='lat' dir='ltr'><strong>rat,</strong></span> <span class='ocrx_word' id='word_1_579' title='bbox 2155 2041 2402 2095; x_wconf 81' lang='lat' dir='ltr'><strong>eamdem</strong></span> <span class='ocrx_word' id='word_1_580' title='bbox 2452 2041 2565 2096; x_wconf 80' lang='lat' dir='ltr'><strong>fere</strong></span> <span class='ocrx_word' id='word_1_581' title='bbox 2628 2051 2842 2097; x_wconf 69' lang='lat' dir='ltr'><strong>aetatem</strong></span> <span class='ocrx_word' id='word_1_582' title='bbox 2894 2043 3116 2112; x_wconf 88' lang='lat' dir='ltr'><strong>agebat.</strong></span> <span class='ocrx_word' id='word_1_583' title='bbox 3189 2042 3386 2098; x_wconf 89' lang='lat' dir='ltr'><strong>Statim</strong></span> <span class='ocrx_word' id='word_1_584' title='bbox 3454 2060 3554 2097; x_wconf 82' lang='lat' dir='ltr'><strong>an-</strong></span> 
     </span>
    </p>
   </div>
   <div class='ocr_carea' id='block_1_81' title="bbox 1967 2131 3555 2202">
    <p class='ocr_par' dir='ltr' id='par_1_81' title="bbox 1967 2131 3555 2202">
     <span class='ocr_line' id='line_1_81' title="bbox 1967 2131 3555 2202; baseline 0.003 -18"><span class='ocrx_word' id='word_1_585' title='bbox 1967 2137 2076 2184; x_wconf 86' lang='lat' dir='ltr'><strong>tem</strong></span> <span class='ocrx_word' id='word_1_586' title='bbox 2127 2131 2255 2185; x_wconf 90' lang='lat' dir='ltr'><strong>inde</strong></span> <span class='ocrx_word' id='word_1_587' title='bbox 2305 2142 2493 2186; x_wconf 87' lang='lat' dir='ltr'><strong>secuta</strong></span> <span class='ocrx_word' id='word_1_588' title='bbox 2541 2141 2623 2187; x_wconf 90' lang='lat' dir='ltr'><strong>est</strong></span> <span class='ocrx_word' id='word_1_589' title='bbox 2674 2132 2829 2188; x_wconf 88' lang='lat' dir='ltr'><strong>lrene</strong></span> <span class='ocrx_word' id='word_1_590' title='bbox 2882 2133 3019 2202; x_wconf 91' lang='lat' dir='ltr'><strong>imp.</strong></span> <span class='ocrx_word' id='word_1_591' title='bbox 3063 2135 3291 2189; x_wconf 83' lang='lat' dir='ltr'><strong>Joannis</strong></span> <span class='ocrx_word' id='word_1_592' title='bbox 3345 2134 3555 2190; x_wconf 70' lang='lat' dir='ltr'><strong>Palam-</strong></span> 
     </span>
    </p>
   </div>
   <div class='ocr_carea' id='block_1_82' title="bbox 1967 2221 3550 2294">
    <p class='ocr_par' dir='ltr' id='par_1_82' title="bbox 1967 2221 3550 2294">
     <span class='ocr_line' id='line_1_82' title="bbox 1967 2221 3550 2294; baseline 0.004 -20"><span class='ocrx_word' id='word_1_593' title='bbox 1967 2221 2080 2291; x_wconf 85' lang='lat' dir='ltr'><strong>logi</strong></span> <span class='ocrx_word' id='word_1_594' title='bbox 2111 2237 2291 2284; x_wconf 84' lang='lat' dir='ltr'><strong>soror,</strong></span> <span class='ocrx_word' id='word_1_595' title='bbox 2326 2223 2458 2276; x_wconf 90' lang='lat' dir='ltr'><strong>olim</strong></span> <span class='ocrx_word' id='word_1_596' title='bbox 2493 2223 2794 2278; x_wconf 80' lang='lat' dir='ltr'><strong>Alexandri</strong></span> <span class='ocrx_word' id='word_1_597' title='bbox 2841 2225 2990 2279; x_wconf 89' lang='lat' dir='ltr'><strong>illius</strong></span> <span class='ocrx_word' id='word_1_598' title='bbox 3023 2224 3136 2279; x_wconf 88' lang='lat' dir='ltr'><strong>ﬁlio</strong></span> <span class='ocrx_word' id='word_1_599' title='bbox 3189 2236 3360 2294; x_wconf 88' lang='lat' dir='ltr'><strong>nupta</strong></span> <span class='ocrx_word' id='word_1_600' title='bbox 3383 2263 3398 2288; x_wconf 92' lang='lat'><strong>,</strong></span> <span class='ocrx_word' id='word_1_601' title='bbox 3437 2235 3550 2280; x_wconf 84' lang='lat' dir='ltr'><strong>tum</strong></span> 
     </span>
    </p>
   </div>
   <div class='ocr_carea' id='block_1_83' title="bbox 1967 2315 3554 2385">
    <p class='ocr_par' dir='ltr' id='par_1_83' title="bbox 1967 2315 3554 2385">
     <span class='ocr_line' id='line_1_83' title="bbox 1967 2315 3554 2385; baseline 0.004 -22"><span class='ocrx_word' id='word_1_602' title='bbox 1967 2327 2099 2366; x_wconf 82' lang='lat' dir='ltr'><strong>vero</strong></span> <span class='ocrx_word' id='word_1_603' title='bbox 2131 2324 2253 2380; x_wconf 88' lang='lat' dir='ltr'><strong>post</strong></span> <span class='ocrx_word' id='word_1_604' title='bbox 2280 2327 2550 2366; x_wconf 62' lang='lat' dir='ltr'><strong>annorum</strong></span> <span class='ocrx_word' id='word_1_605' title='bbox 2578 2316 2818 2384; x_wconf 80' lang='lat' dir='ltr'><strong>spatium</strong></span> <span class='ocrx_word' id='word_1_606' title='bbox 2847 2315 3013 2371; x_wconf 85' lang='lat' dir='ltr'><strong>vidua</strong></span> <span class='ocrx_word' id='word_1_607' title='bbox 3043 2316 3164 2371; x_wconf 91' lang='lat' dir='ltr'><strong>sine</strong></span> <span class='ocrx_word' id='word_1_608' title='bbox 3196 2315 3407 2382; x_wconf 88' lang='lat' dir='ltr'><strong>liberis,</strong></span> <span class='ocrx_word' id='word_1_609' title='bbox 3432 2333 3554 2385; x_wconf 70' lang='lat' dir='ltr'><strong>qua:</strong></span> 
     </span>
    </p>
   </div>
   <div class='ocr_carea' id='block_1_84' title="bbox 1967 2404 3555 2477">
    <p class='ocr_par' dir='ltr' id='par_1_84' title="bbox 1967 2404 3555 2477">
     <span class='ocr_line' id='line_1_84' title="bbox 1967 2404 3555 2477; baseline 0.004 -21"><span class='ocrx_word' id='word_1_610' title='bbox 1967 2404 2132 2456; x_wconf 83' lang='lat' dir='ltr'><strong>vitam</strong></span> <span class='ocrx_word' id='word_1_611' title='bbox 2172 2419 2328 2457; x_wconf 89' lang='lat' dir='ltr'><strong>suam</strong></span> <span class='ocrx_word' id='word_1_612' title='bbox 2364 2404 2437 2457; x_wconf 90' lang='lat' dir='ltr'><strong>ibi</strong></span> <span class='ocrx_word' id='word_1_613' title='bbox 2486 2405 2638 2474; x_wconf 77' lang='lat' dir='ltr'><strong>degit</strong></span> <span class='ocrx_word' id='word_1_614' title='bbox 2667 2411 2732 2459; x_wconf 87' lang='lat' dir='ltr'><strong>ad</strong></span> <span class='ocrx_word' id='word_1_615' title='bbox 2775 2406 2924 2460; x_wconf 92' lang='lat' dir='ltr'><strong>hunc</strong></span> <span class='ocrx_word' id='word_1_616' title='bbox 2955 2406 3124 2460; x_wconf 90' lang='lat' dir='ltr'><strong>diem.</strong></span> <span class='ocrx_word' id='word_1_617' title='bbox 3157 2405 3416 2477; x_wconf 88' lang='lat' dir='ltr'><strong>Ejusdem</strong></span> <span class='ocrx_word' id='word_1_618' title='bbox 3451 2425 3555 2462; x_wconf 76' lang='lat' dir='ltr'><strong>au-</strong></span> 
     </span>
    </p>
   </div>
   <div class='ocr_carea' id='block_1_85' title="bbox 1968 2490 3551 2566">
    <p class='ocr_par' dir='ltr' id='par_1_85' title="bbox 1968 2490 3551 2566">
     <span class='ocr_line' id='line_1_85' title="bbox 1968 2490 3551 2566; baseline 0.006 -25"><span class='ocrx_word' id='word_1_619' title='bbox 1968 2499 2076 2542; x_wconf 84' lang='lat' dir='ltr'><strong>tern</strong></span> <span class='ocrx_word' id='word_1_620' title='bbox 2126 2491 2301 2559; x_wconf 84' lang='lat' dir='ltr'><strong>patris</strong></span> <span class='ocrx_word' id='word_1_621' title='bbox 2335 2490 2500 2562; x_wconf 82' lang='lat'><strong>558</strong></span> <span class='ocrx_word' id='word_1_622' title='bbox 2532 2502 2689 2548; x_wconf 88' lang='lat' dir='ltr'><strong>erant</strong></span> <span class='ocrx_word' id='word_1_623' title='bbox 2739 2494 2904 2548; x_wconf 89' lang='lat' dir='ltr'><strong>liberi</strong></span> <span class='ocrx_word' id='word_1_624' title='bbox 2945 2496 3242 2550; x_wconf 80' lang='lat' dir='ltr'><strong>Alexandri</strong></span> <span class='ocrx_word' id='word_1_625' title='bbox 3274 2495 3551 2566; x_wconf 77' lang='lat' dir='ltr'><strong>Mysorum</strong></span> 
     </span>
    </p>
   </div>
   <div class='ocr_carea' id='block_1_86' title="bbox 1967 2582 3558 2656">
    <p class='ocr_par' dir='ltr' id='par_1_86' title="bbox 1967 2582 3558 2656">
     <span class='ocr_line' id='line_1_86' title="bbox 1967 2582 3558 2656; baseline 0.004 -20"><span class='ocrx_word' id='word_1_626' title='bbox 1967 2582 2132 2651; x_wconf 82' lang='lat' dir='ltr'><strong>regis,</strong></span> <span class='ocrx_word' id='word_1_627' title='bbox 2161 2598 2192 2638; x_wconf 89' lang='lat' dir='ltr'><strong>e</strong></span> <span class='ocrx_word' id='word_1_628' title='bbox 2214 2585 2418 2652; x_wconf 84' lang='lat' dir='ltr'><strong>quibus</strong></span> <span class='ocrx_word' id='word_1_629' title='bbox 2442 2596 2554 2638; x_wconf 89' lang='lat' dir='ltr'><strong>tum</strong></span> <span class='ocrx_word' id='word_1_630' title='bbox 2581 2602 2780 2656; x_wconf 84' lang='lat' dir='ltr'><strong>sponsa</strong></span> <span class='ocrx_word' id='word_1_631' title='bbox 2812 2590 3000 2643; x_wconf 90' lang='lat' dir='ltr'><strong>lratris</strong></span> <span class='ocrx_word' id='word_1_632' title='bbox 3033 2591 3177 2644; x_wconf 88' lang='lat' dir='ltr'><strong>illius</strong></span> <span class='ocrx_word' id='word_1_633' title='bbox 3205 2592 3314 2644; x_wconf 91' lang='lat' dir='ltr'><strong>ﬁlio</strong></span> <span class='ocrx_word' id='word_1_634' title='bbox 3345 2592 3558 2644; x_wconf 80' lang='lat' dir='ltr'><strong>Andro-</strong></span> 
     </span>
    </p>
   </div>
   <div class='ocr_carea' id='block_1_87' title="bbox 1967 2675 3556 2750">
    <p class='ocr_par' dir='ltr' id='par_1_87' title="bbox 1967 2675 3556 2750">
     <span class='ocr_line' id='line_1_87' title="bbox 1967 2675 3556 2750; baseline 0.006 -26"><span class='ocrx_word' id='word_1_635' title='bbox 1967 2678 2092 2724; x_wconf 88' lang='lat' dir='ltr'><strong>nico</strong></span> <span class='ocrx_word' id='word_1_636' title='bbox 2119 2682 2361 2728; x_wconf 81' lang='lat' dir='ltr'><strong>venerat.</strong></span> <span class='ocrx_word' id='word_1_637' title='bbox 2387 2675 2750 2730; x_wconf 87' lang='lat' dir='ltr'><strong>Erantautem</strong></span> <span class='ocrx_word' id='word_1_638' title='bbox 2775 2694 2804 2731; x_wconf 90' lang='lat' dir='ltr'><strong>a</strong></span> <span class='ocrx_word' id='word_1_639' title='bbox 2830 2678 3045 2732; x_wconf 87' lang='lat' dir='ltr'><strong>duabus</strong></span> <span class='ocrx_word' id='word_1_640' title='bbox 3064 2679 3331 2734; x_wconf 84' lang='lat' dir='ltr'><strong>matribus</strong></span> <span class='ocrx_word' id='word_1_641' title='bbox 3358 2697 3372 2733; x_wconf 89' lang='lat'><strong>:</strong></span> <span class='ocrx_word' id='word_1_642' title='bbox 3400 2680 3556 2750; x_wconf 80' lang='lat' dir='ltr'><strong>prio-</strong></span> 
     </span>
    </p>
   </div>
   <div class='ocr_carea' id='block_1_88' title="bbox 1967 2764 3552 2836">
    <p class='ocr_par' dir='ltr' id='par_1_88' title="bbox 1967 2764 3552 2836">
     <span class='ocr_line' id='line_1_88' title="bbox 1967 2764 3552 2836; baseline 0.005 -23"><span class='ocrx_word' id='word_1_643' title='bbox 1967 2777 2083 2816; x_wconf 89' lang='lat' dir='ltr'><strong>rem</strong></span> <span class='ocrx_word' id='word_1_644' title='bbox 2143 2764 2290 2817; x_wconf 89' lang='lat' dir='ltr'><strong>enim</strong></span> <span class='ocrx_word' id='word_1_645' title='bbox 2357 2781 2578 2819; x_wconf 84' lang='lat' dir='ltr'><strong>uxorem</strong></span> <span class='ocrx_word' id='word_1_646' title='bbox 2641 2782 2766 2820; x_wconf 81' lang='lat' dir='ltr'><strong>cum</strong></span> <span class='ocrx_word' id='word_1_647' title='bbox 2817 2768 3160 2836; x_wconf 71' lang='lat' dir='ltr'><strong>rrpudiasset</strong></span> <span class='ocrx_word' id='word_1_648' title='bbox 3212 2769 3552 2830; x_wconf 72' lang='lat' dir='ltr'><strong>Aiexander.</strong></span> 
     </span>
    </p>
   </div>
   <div class='ocr_carea' id='block_1_89' title="bbox 1964 2851 3553 2928">
    <p class='ocr_par' dir='ltr' id='par_1_89' title="bbox 1964 2851 3553 2928">
     <span class='ocr_line' id='line_1_89' title="bbox 1964 2851 3553 2928; baseline 0.007 -24"><span class='ocrx_word' id='word_1_649' title='bbox 1964 2851 2288 2922; x_wconf 68' lang='lat' dir='ltr'><strong>adjunaerat</strong></span> <span class='ocrx_word' id='word_1_650' title='bbox 2315 2853 2420 2908; x_wconf 83' lang='lat' dir='ltr'><strong>sibi</strong></span> <span class='ocrx_word' id='word_1_651' title='bbox 2454 2855 2694 2910; x_wconf 68' lang='lat' dir='ltr'><strong>Iudaeam</strong></span> <span class='ocrx_word' id='word_1_652' title='bbox 2744 2858 3049 2925; x_wconf 83' lang='lat' dir='ltr'><strong>mulierem,</strong></span> <span class='ocrx_word' id='word_1_653' title='bbox 3084 2860 3169 2913; x_wconf 90' lang='lat' dir='ltr'><strong>cui</strong></span> <span class='ocrx_word' id='word_1_654' title='bbox 3220 2858 3553 2928; x_wconf 78' lang='lat' dir='ltr'><strong>baptismum</strong></span> 
     </span>
    </p>
   </div>
   <div class='ocr_carea' id='block_1_90' title="bbox 1970 2943 3556 3020">
    <p class='ocr_par' dir='ltr' id='par_1_90' title="bbox 1970 2943 3556 3020">
     <span class='ocr_line' id='line_1_90' title="bbox 1970 2943 3556 3020; baseline 0.006 -24"><span class='ocrx_word' id='word_1_655' title='bbox 1970 2943 2346 2998; x_wconf 86' lang='lat' dir='ltr'><strong>administrari</strong></span> <span class='ocrx_word' id='word_1_656' title='bbox 2397 2949 2612 3001; x_wconf 80' lang='lat' dir='ltr'><strong>curavit</strong></span> <span class='ocrx_word' id='word_1_657' title='bbox 2644 2958 2700 3002; x_wconf 91' lang='lat' dir='ltr'><strong>et</strong></span> <span class='ocrx_word' id='word_1_658' title='bbox 2733 2950 2925 3020; x_wconf 86' lang='lat' dir='ltr'><strong>cujus,</strong></span> <span class='ocrx_word' id='word_1_659' title='bbox 2976 2959 3032 3003; x_wconf 91' lang='lat' dir='ltr'><strong>ut</strong></span> <span class='ocrx_word' id='word_1_660' title='bbox 3065 2953 3282 3016; x_wconf 89' lang='lat' dir='ltr'><strong>dicunt,</strong></span> <span class='ocrx_word' id='word_1_661' title='bbox 3310 2950 3556 3020; x_wconf 78' lang='lat' dir='ltr'><strong>pulchri-</strong></span> 
     </span>
    </p>
   </div>
   <div class='ocr_carea' id='block_1_91' title="bbox 1969 3037 2682 3096">
    <p class='ocr_par' dir='ltr' id='par_1_91' title="bbox 1969 3037 2682 3096">
     <span class='ocr_line' id='line_1_91' title="bbox 1969 3037 2682 3096; baseline 0.01 -7"><span class='ocrx_word' id='word_1_662' title='bbox 1969 3037 2158 3092; x_wconf 89' lang='lat' dir='ltr'><strong>tudine</strong></span> <span class='ocrx_word' id='word_1_663' title='bbox 2186 3042 2444 3094; x_wconf 68' lang='lat' dir='ltr'><strong>incensus</strong></span> <span class='ocrx_word' id='word_1_664' title='bbox 2485 3046 2682 3096; x_wconf 78' lang='lat' dir='ltr'><strong>luerat.</strong></span> 
     </span>
    </p>
   </div>
   <div class='ocr_carea' id='block_1_92' title="bbox 2041 3301 3553 3376">
    <p class='ocr_par' dir='ltr' id='par_1_92' title="bbox 2041 3301 3553 3376">
     <span class='ocr_line' id='line_1_92' title="bbox 2041 3301 3553 3376; baseline 0.003 -19"><span class='ocrx_word' id='word_1_665' title='bbox 2041 3302 2156 3357; x_wconf 77' lang='grc' dir='ltr'><strong>Χ-ν.</strong></span> <span class='ocrx_word' id='word_1_666' title='bbox 2186 3301 2312 3356; x_wconf 73' lang='lat' dir='ltr'><strong>llam</strong></span> <span class='ocrx_word' id='word_1_667' title='bbox 2345 3303 2512 3372; x_wconf 74' lang='lat' dir='ltr'><strong>igitur</strong></span> <span class='ocrx_word' id='word_1_668' title='bbox 2553 3319 2618 3359; x_wconf 92' lang='lat' dir='ltr'><strong>eo</strong></span> <span class='ocrx_word' id='word_1_669' title='bbox 2649 3313 2897 3374; x_wconf 88' lang='lat' dir='ltr'><strong>tempore</strong></span> <span class='ocrx_word' id='word_1_670' title='bbox 2942 3316 3064 3360; x_wconf 90' lang='lat' dir='ltr'><strong>acta</strong></span> <span class='ocrx_word' id='word_1_671' title='bbox 3101 3315 3228 3358; x_wconf 81' lang='lat' dir='ltr'><strong>sunt</strong></span> <span class='ocrx_word' id='word_1_672' title='bbox 3280 3321 3453 3376; x_wconf 86' lang='lat' dir='ltr'><strong>usque</strong></span> <span class='ocrx_word' id='word_1_673' title='bbox 3483 3308 3553 3362; x_wconf 87' lang='lat' dir='ltr'><strong>ad</strong></span> 
     </span>
    </p>
   </div>
   <div class='ocr_carea' id='block_1_93' title="bbox 1971 3391 3554 3453">
    <p class='ocr_par' dir='ltr' id='par_1_93' title="bbox 1971 3391 3554 3453">
     <span class='ocr_line' id='line_1_93' title="bbox 1971 3391 3554 3453; baseline 0.005 -8"><span class='ocrx_word' id='word_1_674' title='bbox 1971 3391 2116 3446; x_wconf 86' lang='lat' dir='ltr'><strong>veris</strong></span> <span class='ocrx_word' id='word_1_675' title='bbox 2144 3391 2330 3446; x_wconf 89' lang='lat' dir='ltr'><strong>ﬁnem.</strong></span> <span class='ocrx_word' id='word_1_676' title='bbox 2371 3393 2532 3446; x_wconf 89' lang='lat' dir='ltr'><strong>Initio</strong></span> <span class='ocrx_word' id='word_1_677' title='bbox 2577 3409 2707 3448; x_wconf 83' lang='lat' dir='ltr'><strong>vero</strong></span> <span class='ocrx_word' id='word_1_678' title='bbox 2748 3395 2956 3450; x_wconf 60' lang='lat' dir='ltr'><strong>astatis</strong></span> <span class='ocrx_word' id='word_1_679' title='bbox 2995 3397 3201 3450; x_wconf 89' lang='lat' dir='ltr'><strong>accidit</strong></span> <span class='ocrx_word' id='word_1_680' title='bbox 3237 3406 3297 3451; x_wconf 94' lang='lat' dir='ltr'><strong>ut</strong></span> <span class='ocrx_word' id='word_1_681' title='bbox 3334 3413 3479 3452; x_wconf 83' lang='lat' dir='ltr'><strong>unus</strong></span> <span class='ocrx_word' id='word_1_682' title='bbox 3521 3415 3554 3453; x_wconf 76' lang='grc' dir='ltr'>θ</span> 
     </span>
    </p>
   </div>
   <div class='ocr_carea' id='block_1_94' title="bbox 1969 3483 3544 3559">
    <p class='ocr_par' dir='ltr' id='par_1_94' title="bbox 1969 3483 3544 3559">
     <span class='ocr_line' id='line_1_94' title="bbox 1969 3483 3544 3559; baseline 0.006 -23"><span class='ocrx_word' id='word_1_683' title='bbox 1969 3483 2098 3537; x_wconf 86' lang='lat' dir='ltr'><strong>ﬁliis</strong></span> <span class='ocrx_word' id='word_1_684' title='bbox 2133 3483 2369 3555; x_wconf 82' lang='lat' dir='ltr'><strong>Hyrcani</strong></span> <span class='ocrx_word' id='word_1_685' title='bbox 2401 3494 2634 3556; x_wconf 74' lang='lat' dir='ltr'><strong>satrapae</strong></span> <span class='ocrx_word' id='word_1_686' title='bbox 2668 3487 2938 3558; x_wconf 75' lang='lat' dir='ltr'><strong>Bithyniae</strong></span> <span class='ocrx_word' id='word_1_687' title='bbox 2962 3503 2990 3541; x_wconf 89' lang='lat' dir='ltr'><strong>a</strong></span> <span class='ocrx_word' id='word_1_688' title='bbox 3019 3487 3213 3558; x_wconf 88' lang='lat' dir='ltr'><strong>piratis</strong></span> <span class='ocrx_word' id='word_1_689' title='bbox 3239 3499 3544 3559; x_wconf 84' lang='lat' dir='ltr'><strong>caperetur.</strong></span> 
     </span>
    </p>
   </div>
   <div class='ocr_carea' id='block_1_95' title="bbox 1969 3576 3552 3650">
    <p class='ocr_par' dir='ltr' id='par_1_95' title="bbox 1969 3576 3552 3650">
     <span class='ocr_line' id='line_1_95' title="bbox 1969 3576 3552 3650; baseline 0.005 -22"><span class='ocrx_word' id='word_1_690' title='bbox 1969 3576 2125 3640; x_wconf 91' lang='lat' dir='ltr'><strong>Quod</strong></span> <span class='ocrx_word' id='word_1_691' title='bbox 2159 3578 2420 3630; x_wconf 87' lang='lat' dir='ltr'><strong>omnibus</strong></span> <span class='ocrx_word' id='word_1_692' title='bbox 2463 3577 2687 3646; x_wconf 88' lang='lat' dir='ltr'><strong>quidem</strong></span> <span class='ocrx_word' id='word_1_693' title='bbox 2722 3595 2826 3634; x_wconf 88' lang='lat' dir='ltr'><strong>nec</strong></span> <span class='ocrx_word' id='word_1_694' title='bbox 2857 3580 3096 3650; x_wconf 84' lang='lat' dir='ltr'><strong>opinatis</strong></span> <span class='ocrx_word' id='word_1_695' title='bbox 3140 3581 3383 3648; x_wconf 87' lang='lat' dir='ltr'><strong>accidit;</strong></span> <span class='ocrx_word' id='word_1_696' title='bbox 3418 3584 3552 3638; x_wconf 88' lang='lat' dir='ltr'><strong>mihi</strong></span> 
     </span>
    </p>
   </div>
   <div class='ocr_carea' id='block_1_96' title="bbox 1969 3669 3553 3746">
    <p class='ocr_par' dir='ltr' id='par_1_96' title="bbox 1969 3669 3553 3746">
     <span class='ocr_line' id='line_1_96' title="bbox 1969 3669 3553 3746; baseline 0.008 -26"><span class='ocrx_word' id='word_1_697' title='bbox 1969 3682 2102 3722; x_wconf 86' lang='lat' dir='ltr'><strong>vero</strong></span> <span class='ocrx_word' id='word_1_698' title='bbox 2129 3669 2430 3722; x_wconf 88' lang='lat' dir='ltr'><strong>secundum</strong></span> <span class='ocrx_word' id='word_1_699' title='bbox 2453 3669 2546 3724; x_wconf 87' lang='lat' dir='ltr'><strong>Dei</strong></span> <span class='ocrx_word' id='word_1_700' title='bbox 2577 3671 3018 3741; x_wconf 70' lang='lat' dir='ltr'><strong>voluntatem,jut</strong></span> <span class='ocrx_word' id='word_1_701' title='bbox 3050 3673 3247 3729; x_wconf 84' lang='lat' dir='ltr'><strong>exinde</strong></span> <span class='ocrx_word' id='word_1_702' title='bbox 3275 3676 3553 3746; x_wconf 86' lang='lat' dir='ltr'><strong>paulisper</strong></span> 
     </span>
    </p>
   </div>
   <div class='ocr_carea' id='block_1_97' title="bbox 1970 3761 3554 3839">
    <p class='ocr_par' dir='ltr' id='par_1_97' title="bbox 1970 3761 3554 3839">
     <span class='ocr_line' id='line_1_97' title="bbox 1970 3761 3554 3839; baseline 0.007 -26"><span class='ocrx_word' id='word_1_703' title='bbox 1970 3761 2162 3815; x_wconf 86' lang='lat' dir='ltr'><strong>saltem</strong></span> <span class='ocrx_word' id='word_1_704' title='bbox 2197 3762 2474 3831; x_wconf 81' lang='lat' dir='ltr'><strong>reSpirare</strong></span> <span class='ocrx_word' id='word_1_705' title='bbox 2504 3773 2733 3832; x_wconf 84' lang='lat' dir='ltr'><strong>possent</strong></span> <span class='ocrx_word' id='word_1_706' title='bbox 2780 3765 3050 3829; x_wconf 86' lang='lat' dir='ltr'><strong>Romani,</strong></span> <span class='ocrx_word' id='word_1_707' title='bbox 3099 3781 3277 3835; x_wconf 90' lang='lat' dir='ltr'><strong>neque</strong></span> <span class='ocrx_word' id='word_1_708' title='bbox 3328 3783 3554 3839; x_wconf 90' lang='lat' dir='ltr'><strong>propter</strong></span> 
     </span>
    </p>
   </div>
   <div class='ocr_carea' id='block_1_98' title="bbox 1970 3851 3547 3916">
    <p class='ocr_par' dir='ltr' id='par_1_98' title="bbox 1970 3851 3547 3916">
     <span class='ocr_line' id='line_1_98' title="bbox 1970 3851 3547 3916; baseline 0.007 -11"><span class='ocrx_word' id='word_1_709' title='bbox 1970 3851 2262 3907; x_wconf 88' lang='lat' dir='ltr'><strong>diuturnas</strong></span> <span class='ocrx_word' id='word_1_710' title='bbox 2294 3856 2592 3907; x_wconf 86' lang='lat' dir='ltr'><strong>multorum</strong></span> <span class='ocrx_word' id='word_1_711' title='bbox 2629 3871 2900 3910; x_wconf 87' lang='lat' dir='ltr'><strong>annorum</strong></span> <span class='ocrx_word' id='word_1_712' title='bbox 2952 3861 3271 3916; x_wconf 72' lang='lat' dir='ltr'><strong>vexationes</strong></span> <span class='ocrx_word' id='word_1_713' title='bbox 3301 3862 3547 3916; x_wconf 86' lang='lat' dir='ltr'><strong>animum</strong></span> 
     </span>
    </p>
   </div>
   <div class='ocr_carea' id='block_1_99' title="bbox 1970 3944 3547 4024">
    <p class='ocr_par' dir='ltr' id='par_1_99' title="bbox 1970 3944 3547 4024">
     <span class='ocr_line' id='line_1_99' title="bbox 1970 3944 3547 4024; baseline 0.008 -27"><span class='ocrx_word' id='word_1_714' title='bbox 1970 3944 2398 4014; x_wconf 88' lang='lat' dir='ltr'><strong>desponderent.</strong></span> <span class='ocrx_word' id='word_1_715' title='bbox 2419 3945 2635 4000; x_wconf 86' lang='lat' dir='ltr'><strong>Accidit</strong></span> <span class='ocrx_word' id='word_1_716' title='bbox 2673 3957 2856 4002; x_wconf 83' lang='lat' dir='ltr'><strong>autem</strong></span> <span class='ocrx_word' id='word_1_717' title='bbox 2895 3949 3024 4004; x_wconf 92' lang='lat' dir='ltr'><strong>illud</strong></span> <span class='ocrx_word' id='word_1_718' title='bbox 3072 3951 3376 4008; x_wconf 80' lang='lat' dir='ltr'><strong>ita.Exstat</strong></span> <span class='ocrx_word' id='word_1_719' title='bbox 3393 3955 3547 4024; x_wconf 76' lang='lat' dir='ltr'><strong>juxta</strong></span> 
     </span>
    </p>
   </div>
   <div class='ocr_carea' id='block_1_100' title="bbox 1967 4037 3547 4113">
    <p class='ocr_par' dir='ltr' id='par_1_100' title="bbox 1967 4037 3547 4113">
     <span class='ocr_line' id='line_1_100' title="bbox 1967 4037 3547 4113; baseline 0.005 -21"><span class='ocrx_word' id='word_1_720' title='bbox 1967 4038 2204 4094; x_wconf 88' lang='lat' dir='ltr'><strong>Pontum</strong></span> <span class='ocrx_word' id='word_1_721' title='bbox 2225 4037 2500 4092; x_wconf 83' lang='lat' dir='ltr'><strong>Euxinum</strong></span> <span class='ocrx_word' id='word_1_722' title='bbox 2531 4038 2683 4096; x_wconf 90' lang='lat' dir='ltr'><strong>lacus</strong></span> <span class='ocrx_word' id='word_1_723' title='bbox 2708 4041 2931 4110; x_wconf 89' lang='lat' dir='ltr'><strong>quidam</strong></span> <span class='ocrx_word' id='word_1_724' title='bbox 2965 4054 3250 4113; x_wconf 83' lang='lat' dir='ltr'><strong>angustus,</strong></span> <span class='ocrx_word' id='word_1_725' title='bbox 3284 4061 3396 4103; x_wconf 86' lang='lat' dir='ltr'><strong>non</strong></span> <span class='ocrx_word' id='word_1_726' title='bbox 3432 4063 3547 4100; x_wconf 76' lang='lat' dir='ltr'><strong>ma~</strong></span> 
     </span>
    </p>
   </div>
   <div class='ocr_carea' id='block_1_101' title="bbox 1969 4135 3543 4208">
    <p class='ocr_par' dir='ltr' id='par_1_101' title="bbox 1969 4135 3543 4208">
     <span class='ocr_line' id='line_1_101' title="bbox 1969 4135 3543 4208; baseline 0.004 -20"><span class='ocrx_word' id='word_1_727' title='bbox 1969 4150 2076 4205; x_wconf 90' lang='lat' dir='ltr'><strong>gna</strong></span> <span class='ocrx_word' id='word_1_728' title='bbox 2110 4135 2455 4206; x_wconf 90' lang='lat' dir='ltr'><strong>longitudine</strong></span> <span class='ocrx_word' id='word_1_729' title='bbox 2493 4150 2595 4190; x_wconf 91' lang='lat' dir='ltr'><strong>nec</strong></span> <span class='ocrx_word' id='word_1_730' title='bbox 2641 4137 2957 4203; x_wconf 90' lang='lat' dir='ltr'><strong>latitudine,</strong></span> <span class='ocrx_word' id='word_1_731' title='bbox 3000 4153 3141 4208; x_wconf 89' lang='lat' dir='ltr'><strong>pene</strong></span> <span class='ocrx_word' id='word_1_732' title='bbox 3183 4151 3242 4195; x_wconf 92' lang='lat' dir='ltr'><strong>ut</strong></span> <span class='ocrx_word' id='word_1_733' title='bbox 3285 4157 3543 4197; x_wconf 80' lang='lat' dir='ltr'><strong>mensura</strong></span> 
     </span>
    </p>
   </div>
   <div class='ocr_carea' id='block_1_102' title="bbox 1969 4226 3543 4304">
    <p class='ocr_par' dir='ltr' id='par_1_102' title="bbox 1969 4226 3543 4304">
     <span class='ocr_line' id='line_1_102' title="bbox 1969 4226 3543 4304; baseline 0.005 -24"><span class='ocrx_word' id='word_1_734' title='bbox 1969 4243 2068 4296; x_wconf 90' lang='lat' dir='ltr'><strong>par</strong></span> <span class='ocrx_word' id='word_1_735' title='bbox 2097 4227 2169 4280; x_wconf 87' lang='lat' dir='ltr'><strong>sit</strong></span> <span class='ocrx_word' id='word_1_736' title='bbox 2196 4226 2565 4297; x_wconf 86' lang='lat' dir='ltr'><strong>longitudinis</strong></span> <span class='ocrx_word' id='word_1_737' title='bbox 2597 4226 2902 4295; x_wconf 88' lang='lat' dir='ltr'><strong>latitudini,</strong></span> <span class='ocrx_word' id='word_1_738' title='bbox 2931 4240 2986 4284; x_wconf 91' lang='lat' dir='ltr'><strong>et</strong></span> <span class='ocrx_word' id='word_1_739' title='bbox 3024 4230 3336 4286; x_wconf 88' lang='lat' dir='ltr'><strong>latitudinis</strong></span> <span class='ocrx_word' id='word_1_740' title='bbox 3373 4235 3543 4304; x_wconf 86' lang='lat' dir='ltr'><strong>longi-</strong></span> 
     </span>
    </p>
   </div>
   <div class='ocr_carea' id='block_1_103' title="bbox 1973 4311 3542 4387">
    <p class='ocr_par' dir='ltr' id='par_1_103' title="bbox 1973 4311 3542 4387">
     <span class='ocr_line' id='line_1_103' title="bbox 1973 4311 3542 4387; baseline 0.005 -19"><span class='ocrx_word' id='word_1_741' title='bbox 1973 4311 2170 4368; x_wconf 89' lang='lat' dir='ltr'><strong>tudini.</strong></span> <span class='ocrx_word' id='word_1_742' title='bbox 2204 4311 2374 4382; x_wconf 87' lang='lat' dir='ltr'><strong>Cujus</strong></span> <span class='ocrx_word' id='word_1_743' title='bbox 2407 4315 2476 4367; x_wconf 89' lang='lat' dir='ltr'><strong>ab</strong></span> <span class='ocrx_word' id='word_1_744' title='bbox 2506 4315 2733 4371; x_wconf 83' lang='lat' dir='ltr'><strong>sinistro</strong></span> <span class='ocrx_word' id='word_1_745' title='bbox 2763 4316 2936 4372; x_wconf 88' lang='lat' dir='ltr'><strong>latere</strong></span> <span class='ocrx_word' id='word_1_746' title='bbox 2964 4333 3074 4387; x_wconf 89' lang='lat' dir='ltr'><strong>quo</strong></span> <span class='ocrx_word' id='word_1_747' title='bbox 3101 4319 3167 4372; x_wconf 88' lang='lat' dir='ltr'><strong>ad</strong></span> <span class='ocrx_word' id='word_1_748' title='bbox 3199 4321 3542 4376; x_wconf 84' lang='lat' dir='ltr'><strong>occidentem</strong></span> 
     </span>
    </p>
   </div>
   <div class='ocr_carea' id='block_1_104' title="bbox 1967 4409 3549 4484">
    <p class='ocr_par' dir='ltr' id='par_1_104' title="bbox 1967 4409 3549 4484">
     <span class='ocr_line' id='line_1_104' title="bbox 1967 4409 3549 4484; baseline 0.006 -24"><span class='ocrx_word' id='word_1_749' title='bbox 1967 4416 2180 4476; x_wconf 88' lang='lat' dir='ltr'><strong>spectat</strong></span> <span class='ocrx_word' id='word_1_750' title='bbox 2207 4409 2647 4476; x_wconf 89' lang='lat' dir='ltr'><strong>promontorium</strong></span> <span class='ocrx_word' id='word_1_751' title='bbox 2679 4409 3017 4481; x_wconf 67' lang='lat' dir='ltr'><strong>praelongum</strong></span> <span class='ocrx_word' id='word_1_752' title='bbox 3047 4427 3113 4466; x_wconf 80' lang='lat' dir='ltr'><strong>ex</strong></span> <span class='ocrx_word' id='word_1_753' title='bbox 3148 4423 3292 4468; x_wconf 89' lang='lat' dir='ltr'><strong>terra</strong></span> <span class='ocrx_word' id='word_1_754' title='bbox 3321 4429 3549 4484; x_wconf 83' lang='lat' dir='ltr'><strong>procur-</strong></span> 
     </span>
    </p>
   </div>
   <div class='ocr_carea' id='block_1_105' title="bbox 1968 4495 3548 4568">
    <p class='ocr_par' dir='ltr' id='par_1_105' title="bbox 1968 4495 3548 4568">
     <span class='ocr_line' id='line_1_105' title="bbox 1968 4495 3548 4568; baseline 0.007 -20"><span class='ocrx_word' id='word_1_755' title='bbox 1968 4496 2042 4548; x_wconf 89' lang='lat' dir='ltr'><strong>rit</strong></span> <span class='ocrx_word' id='word_1_756' title='bbox 2073 4495 2126 4547; x_wconf 90' lang='lat' dir='ltr'><strong>iu</strong></span> <span class='ocrx_word' id='word_1_757' title='bbox 2178 4495 2358 4549; x_wconf 88' lang='lat' dir='ltr'><strong>lacum</strong></span> <span class='ocrx_word' id='word_1_758' title='bbox 2408 4495 2523 4550; x_wconf 77' lang='lat' dir='ltr'><strong>fere</strong></span> <span class='ocrx_word' id='word_1_759' title='bbox 2578 4513 2752 4568; x_wconf 87' lang='lat' dir='ltr'><strong>usque</strong></span> <span class='ocrx_word' id='word_1_760' title='bbox 2794 4501 3070 4568; x_wconf 88' lang='lat' dir='ltr'><strong>medium;</strong></span> <span class='ocrx_word' id='word_1_761' title='bbox 3107 4503 3178 4556; x_wconf 90' lang='lat' dir='ltr'><strong>ita</strong></span> <span class='ocrx_word' id='word_1_762' title='bbox 3225 4515 3284 4557; x_wconf 91' lang='lat' dir='ltr'><strong>ut</strong></span> <span class='ocrx_word' id='word_1_763' title='bbox 3329 4506 3381 4558; x_wconf 92' lang='lat' dir='ltr'><strong>in</strong></span> <span class='ocrx_word' id='word_1_764' title='bbox 3436 4507 3548 4559; x_wconf 80' lang='lat' dir='ltr'><strong>duo</strong></span> 
     </span>
    </p>
   </div>
   <div class='ocr_carea' id='block_1_106' title="bbox 1969 4585 3544 4665">
    <p class='ocr_par' dir='ltr' id='par_1_106' title="bbox 1969 4585 3544 4665">
     <span class='ocr_line' id='line_1_106' title="bbox 1969 4585 3544 4665; baseline 0.006 -25"><span class='ocrx_word' id='word_1_765' title='bbox 1969 4585 2194 4640; x_wconf 88' lang='lat' dir='ltr'><strong>brachia</strong></span> <span class='ocrx_word' id='word_1_766' title='bbox 2225 4587 2403 4640; x_wconf 80' lang='lat' dir='ltr'><strong>lacum</strong></span> <span class='ocrx_word' id='word_1_767' title='bbox 2437 4588 2644 4643; x_wconf 86' lang='lat' dir='ltr'><strong>dividat</strong></span> <span class='ocrx_word' id='word_1_768' title='bbox 2673 4599 2730 4643; x_wconf 93' lang='lat' dir='ltr'><strong>et</strong></span> <span class='ocrx_word' id='word_1_769' title='bbox 2757 4590 2997 4646; x_wconf 89' lang='lat' dir='ltr'><strong>dissecet</strong></span> <span class='ocrx_word' id='word_1_770' title='bbox 3016 4596 3084 4646; x_wconf 87' lang='lat' dir='ltr'><strong>ab</strong></span> <span class='ocrx_word' id='word_1_771' title='bbox 3109 4605 3340 4662; x_wconf 84' lang='lat' dir='ltr'><strong>utraque</strong></span> <span class='ocrx_word' id='word_1_772' title='bbox 3367 4605 3544 4665; x_wconf 88' lang='lat' dir='ltr'><strong>parte.</strong></span> 
     </span>
    </p>
   </div>
   <div class='ocr_carea' id='block_1_107' title="bbox 1968 4684 3546 4757">
    <p class='ocr_par' dir='ltr' id='par_1_107' title="bbox 1968 4684 3546 4757">
     <span class='ocr_line' id='line_1_107' title="bbox 1968 4684 3546 4757; baseline 0.006 -20"><span class='ocrx_word' id='word_1_773' title='bbox 1968 4694 2024 4737; x_wconf 90' lang='lat' dir='ltr'><strong>et</strong></span> <span class='ocrx_word' id='word_1_774' title='bbox 2061 4694 2320 4752; x_wconf 89' lang='lat' dir='ltr'><strong>tanquam</strong></span> <span class='ocrx_word' id='word_1_775' title='bbox 2376 4684 2617 4738; x_wconf 89' lang='lat' dir='ltr'><strong>isthmus</strong></span> <span class='ocrx_word' id='word_1_776' title='bbox 2670 4686 2742 4740; x_wconf 87' lang='lat' dir='ltr'><strong>sit</strong></span> <span class='ocrx_word' id='word_1_777' title='bbox 2787 4686 2856 4740; x_wconf 88' lang='lat' dir='ltr'><strong>ab</strong></span> <span class='ocrx_word' id='word_1_778' title='bbox 2905 4697 3136 4756; x_wconf 89' lang='lat' dir='ltr'><strong>utraque</strong></span> <span class='ocrx_word' id='word_1_779' title='bbox 3181 4701 3335 4757; x_wconf 89' lang='lat' dir='ltr'><strong>parte</strong></span> <span class='ocrx_word' id='word_1_780' title='bbox 3371 4691 3546 4746; x_wconf 79' lang='lat' dir='ltr'><strong>undas</strong></span> 
     </span>
    </p>
   </div>
   <div class='ocr_carea' id='block_1_108' title="bbox 1968 4776 3548 4849">
    <p class='ocr_par' dir='ltr' id='par_1_108' title="bbox 1968 4776 3548 4849">
     <span class='ocr_line' id='line_1_108' title="bbox 1968 4776 3548 4849; baseline 0.006 -21"><span class='ocrx_word' id='word_1_781' title='bbox 1968 4776 2294 4844; x_wconf 89' lang='lat' dir='ltr'><strong>propulsans</strong></span> <span class='ocrx_word' id='word_1_782' title='bbox 2327 4785 2382 4830; x_wconf 88' lang='lat' dir='ltr'><strong>et</strong></span> <span class='ocrx_word' id='word_1_783' title='bbox 2420 4776 2702 4846; x_wconf 79' lang='lat' dir='ltr'><strong>frangens,</strong></span> <span class='ocrx_word' id='word_1_784' title='bbox 2746 4788 2802 4832; x_wconf 90' lang='lat' dir='ltr'><strong>ct</strong></span> <span class='ocrx_word' id='word_1_785' title='bbox 2847 4779 2942 4847; x_wconf 89' lang='lat' dir='ltr'><strong>qui</strong></span> <span class='ocrx_word' id='word_1_786' title='bbox 2988 4782 3124 4833; x_wconf 89' lang='lat' dir='ltr'><strong>duas</strong></span> <span class='ocrx_word' id='word_1_787' title='bbox 3146 4791 3334 4849; x_wconf 85' lang='lat' dir='ltr'><strong>portas</strong></span> <span class='ocrx_word' id='word_1_788' title='bbox 3382 4782 3548 4839; x_wconf 79' lang='lat' dir='ltr'><strong>efﬁcit.</strong></span> 
     </span>
    </p>
   </div>
   <div class='ocr_carea' id='block_1_109' title="bbox 1968 4864 3549 4941">
    <p class='ocr_par' dir='ltr' id='par_1_109' title="bbox 1968 4864 3549 4941">
     <span class='ocr_line' id='line_1_109' title="bbox 1968 4864 3549 4941; baseline 0.003 -19"><span class='ocrx_word' id='word_1_789' title='bbox 1968 4864 2132 4937; x_wconf 81' lang='grc'><strong>559</strong></span> <span class='ocrx_word' id='word_1_790' title='bbox 2175 4874 2233 4920; x_wconf 88' lang='lat' dir='ltr'><strong>et</strong></span> <span class='ocrx_word' id='word_1_791' title='bbox 2286 4865 2372 4919; x_wconf 90' lang='lat' dir='ltr'><strong>his</strong></span> <span class='ocrx_word' id='word_1_792' title='bbox 2427 4868 2682 4920; x_wconf 89' lang='lat' dir='ltr'><strong>eumdem</strong></span> <span class='ocrx_word' id='word_1_793' title='bbox 2735 4869 2804 4921; x_wconf 85' lang='lat' dir='ltr'><strong>ab</strong></span> <span class='ocrx_word' id='word_1_794' title='bbox 2847 4880 3080 4938; x_wconf 86' lang='lat' dir='ltr'><strong>utraque</strong></span> <span class='ocrx_word' id='word_1_795' title='bbox 3135 4881 3290 4940; x_wconf 86' lang='lat' dir='ltr'><strong>parte</strong></span> <span class='ocrx_word' id='word_1_796' title='bbox 3340 4875 3549 4941; x_wconf 73' lang='lat' dir='ltr'><strong>prazbet</strong></span> 
     </span>
    </p>
   </div>
   <div class='ocr_carea' id='block_1_110' title="bbox 1970 4960 3548 5029">
    <p class='ocr_par' dir='ltr' id='par_1_110' title="bbox 1970 4960 3548 5029">
     <span class='ocr_line' id='line_1_110' title="bbox 1970 4960 3548 5029; baseline 0.007 -18"><span class='ocrx_word' id='word_1_797' title='bbox 1970 4974 2128 5012; x_wconf 88' lang='lat' dir='ltr'><strong>usum</strong></span> <span class='ocrx_word' id='word_1_798' title='bbox 2179 4970 2572 5029; x_wconf 87' lang='lat' dir='ltr'><strong>opportunum.</strong></span> <span class='ocrx_word' id='word_1_799' title='bbox 2616 4960 2720 5024; x_wconf 89' lang='lat' dir='ltr'><strong>Qui</strong></span> <span class='ocrx_word' id='word_1_800' title='bbox 2753 4960 2922 5016; x_wconf 86' lang='lat' dir='ltr'><strong>sinus</strong></span> <span class='ocrx_word' id='word_1_801' title='bbox 2979 4965 3049 5015; x_wconf 87' lang='lat' dir='ltr'><strong>ab</strong></span> <span class='ocrx_word' id='word_1_802' title='bbox 3094 4965 3297 5018; x_wconf 75' lang='lat' dir='ltr'><strong>uecolis</strong></span> <span class='ocrx_word' id='word_1_803' title='bbox 3331 4965 3548 5023; x_wconf 81' lang='lat' dir='ltr'><strong>duobus</strong></span> 
     </span>
    </p>
   </div>
   <div class='ocr_carea' id='block_1_111' title="bbox 1967 5056 3546 5127">
    <p class='ocr_par' dir='ltr' id='par_1_111' title="bbox 1967 5056 3546 5127">
     <span class='ocr_line' id='line_1_111' title="bbox 1967 5056 3546 5127; baseline 0.002 -18"><span class='ocrx_word' id='word_1_804' title='bbox 1967 5056 2286 5112; x_wconf 88' lang='lat' dir='ltr'><strong>nominibus</strong></span> <span class='ocrx_word' id='word_1_805' title='bbox 2316 5065 2710 5126; x_wconf 90' lang='lat' dir='ltr'><strong>nuncupantur</strong></span> <span class='ocrx_word' id='word_1_806' title='bbox 2753 5057 2819 5109; x_wconf 81' lang='lat' dir='ltr'><strong>iis</strong></span> <span class='ocrx_word' id='word_1_807' title='bbox 2854 5057 2946 5125; x_wconf 91' lang='lat' dir='ltr'><strong>qui</strong></span> <span class='ocrx_word' id='word_1_808' title='bbox 2986 5057 3221 5110; x_wconf 89' lang='lat' dir='ltr'><strong>audiunt</strong></span> <span class='ocrx_word' id='word_1_809' title='bbox 3253 5059 3387 5111; x_wconf 86' lang='lat' dir='ltr'><strong>satis</strong></span> <span class='ocrx_word' id='word_1_810' title='bbox 3420 5075 3546 5127; x_wconf 86' lang='lat' dir='ltr'><strong>per-</strong></span> 
     </span>
    </p>
   </div>
   <div class='ocr_carea' id='block_1_112' title="bbox 1966 5146 3540 5217">
    <p class='ocr_par' dir='ltr' id='par_1_112' title="bbox 1966 5146 3540 5217">
     <span class='ocr_line' id='line_1_112' title="bbox 1966 5146 3540 5217; baseline 0.004 -18"><span class='ocrx_word' id='word_1_811' title='bbox 1966 5146 2195 5217; x_wconf 89' lang='lat' dir='ltr'><strong>spicuis.</strong></span> <span class='ocrx_word' id='word_1_812' title='bbox 2229 5147 2381 5202; x_wconf 83' lang='lat' dir='ltr'><strong>Alter</strong></span> <span class='ocrx_word' id='word_1_813' title='bbox 2406 5153 2554 5201; x_wconf 88' lang='lat' dir='ltr'><strong>enim</strong></span> <span class='ocrx_word' id='word_1_814' title='bbox 2593 5147 2889 5212; x_wconf 80' lang='lat' dir='ltr'><strong>Darselius,</strong></span> <span class='ocrx_word' id='word_1_815' title='bbox 2926 5148 3065 5203; x_wconf 86' lang='lat' dir='ltr'><strong>alter</strong></span> <span class='ocrx_word' id='word_1_816' title='bbox 3102 5153 3409 5204; x_wconf 82' lang='lat' dir='ltr'><strong>Astaceuus</strong></span> <span class='ocrx_word' id='word_1_817' title='bbox 3441 5168 3540 5205; x_wconf 86' lang='lat' dir='ltr'><strong>no-</strong></span> 
     </span>
    </p>
   </div>
   <div class='ocr_carea' id='block_1_113' title="bbox 1967 5239 3542 5313">
    <p class='ocr_par' dir='ltr' id='par_1_113' title="bbox 1967 5239 3542 5313">
     <span class='ocr_line' id='line_1_113' title="bbox 1967 5239 3542 5313; baseline 0.004 -23"><span class='ocrx_word' id='word_1_818' title='bbox 1967 5239 2230 5291; x_wconf 76' lang='lat' dir='ltr'><strong>tninatur.</strong></span> <span class='ocrx_word' id='word_1_819' title='bbox 2265 5240 2627 5295; x_wconf 86' lang='lat' dir='ltr'><strong>Pertinebant</strong></span> <span class='ocrx_word' id='word_1_820' title='bbox 2653 5251 2836 5296; x_wconf 87' lang='lat' dir='ltr'><strong>autem</strong></span> <span class='ocrx_word' id='word_1_821' title='bbox 2867 5242 2932 5295; x_wconf 92' lang='lat' dir='ltr'><strong>ad</strong></span> <span class='ocrx_word' id='word_1_822' title='bbox 2965 5259 3082 5296; x_wconf 81' lang='lat' dir='ltr'><strong>eam</strong></span> <span class='ocrx_word' id='word_1_823' title='bbox 3117 5243 3380 5313; x_wconf 72' lang='lat' dir='ltr'><strong>Bithynia:</strong></span> <span class='ocrx_word' id='word_1_824' title='bbox 3416 5260 3542 5313; x_wconf 83' lang='lat' dir='ltr'><strong>par-</strong></span> 
     </span>
    </p>
   </div>
   <div class='ocr_carea' id='block_1_114' title="bbox 1968 5333 3544 5406">
    <p class='ocr_par' dir='ltr' id='par_1_114' title="bbox 1968 5333 3544 5406">
     <span class='ocr_line' id='line_1_114' title="bbox 1968 5333 3544 5406; baseline 0.006 -23"><span class='ocrx_word' id='word_1_825' title='bbox 1968 5338 2076 5383; x_wconf 87' lang='lat' dir='ltr'><strong>tem</strong></span> <span class='ocrx_word' id='word_1_826' title='bbox 2117 5346 2286 5398; x_wconf 88' lang='lat' dir='ltr'><strong>quam</strong></span> <span class='ocrx_word' id='word_1_827' title='bbox 2335 5346 2364 5384; x_wconf 93' lang='lat' dir='ltr'><strong>a</strong></span> <span class='ocrx_word' id='word_1_828' title='bbox 2391 5333 2564 5402; x_wconf 71' lang='lat' dir='ltr'><strong>{putre</strong></span> <span class='ocrx_word' id='word_1_829' title='bbox 2608 5335 2862 5403; x_wconf 79' lang='lat' dir='ltr'><strong>Ilerano</strong></span> <span class='ocrx_word' id='word_1_830' title='bbox 2897 5345 3183 5403; x_wconf 85' lang='lat' dir='ltr'><strong>acceperat</strong></span> <span class='ocrx_word' id='word_1_831' title='bbox 3228 5337 3372 5388; x_wconf 86' lang='lat' dir='ltr'><strong>ﬁlius</strong></span> <span class='ocrx_word' id='word_1_832' title='bbox 3417 5347 3544 5406; x_wconf 79' lang='lat' dir='ltr'><strong>post</strong></span> 
     </span>
    </p>
   </div>
   <div class='ocr_carea' id='block_1_115' title="bbox 1965 5425 3542 5500">
    <p class='ocr_par' dir='ltr' id='par_1_115' title="bbox 1965 5425 3542 5500">
     <span class='ocr_line' id='line_1_115' title="bbox 1965 5425 3542 5500; baseline 0.008 -24"><span class='ocrx_word' id='word_1_833' title='bbox 1965 5432 2099 5478; x_wconf 89' lang='lat' dir='ltr'><strong>natu</strong></span> <span class='ocrx_word' id='word_1_834' title='bbox 2148 5425 2411 5496; x_wconf 88' lang='lat' dir='ltr'><strong>majorem</strong></span> <span class='ocrx_word' id='word_1_835' title='bbox 2451 5441 2549 5494; x_wconf 86' lang='lat' dir='ltr'><strong>pro</strong></span> <span class='ocrx_word' id='word_1_836' title='bbox 2577 5435 2738 5482; x_wconf 70' lang='lat' dir='ltr'><strong>aetate</strong></span> <span class='ocrx_word' id='word_1_837' title='bbox 2777 5429 2990 5491; x_wconf 85' lang='lat' dir='ltr'><strong>tertius,</strong></span> <span class='ocrx_word' id='word_1_838' title='bbox 3021 5430 3116 5497; x_wconf 81' lang='lat' dir='ltr'><strong>qui</strong></span> <span class='ocrx_word' id='word_1_839' title='bbox 3151 5446 3298 5484; x_wconf 90' lang='lat' dir='ltr'><strong>nunc</strong></span> <span class='ocrx_word' id='word_1_840' title='bbox 3324 5431 3542 5500; x_wconf 81' lang='lat' dir='ltr'><strong>longius</strong></span> 
     </span>
    </p>
   </div>
   <div class='ocr_carea' id='block_1_116' title="bbox 1964 5518 3544 5595">
    <p class='ocr_par' dir='ltr' id='par_1_116' title="bbox 1964 5518 3544 5595">
     <span class='ocr_line' id='line_1_116' title="bbox 1964 5518 3544 5595; baseline 0.003 -24"><span class='ocrx_word' id='word_1_841' title='bbox 1964 5518 2035 5574; x_wconf 89' lang='lat' dir='ltr'><strong>ab</strong></span> <span class='ocrx_word' id='word_1_842' title='bbox 2079 5519 2199 5572; x_wconf 83' lang='lat' dir='ltr'><strong>lacu</strong></span> <span class='ocrx_word' id='word_1_843' title='bbox 2238 5520 2328 5572; x_wconf 90' lang='lat' dir='ltr'><strong>illo</strong></span> <span class='ocrx_word' id='word_1_844' title='bbox 2365 5519 2706 5576; x_wconf 86' lang='lat' dir='ltr'><strong>domicilium</strong></span> <span class='ocrx_word' id='word_1_845' title='bbox 2748 5522 3005 5586; x_wconf 82' lang='lat' dir='ltr'><strong>habebat,</strong></span> <span class='ocrx_word' id='word_1_846' title='bbox 3051 5539 3198 5578; x_wconf 89' lang='lat' dir='ltr'><strong>nunc</strong></span> <span class='ocrx_word' id='word_1_847' title='bbox 3243 5525 3544 5595; x_wconf 73' lang='lat' dir='ltr'><strong>inpropiu.</strong></span> 
     </span>
    </p>
   </div>
   <div class='ocr_carea' id='block_1_117' title="bbox 1964 5611 3538 5696">
    <p class='ocr_par' dir='ltr' id='par_1_117' title="bbox 1964 5611 3538 5696">
     <span class='ocr_line' id='line_1_117' title="bbox 1964 5611 3538 5696; baseline 0.007 -33"><span class='ocrx_word' id='word_1_848' title='bbox 1964 5611 2151 5681; x_wconf 88' lang='lat' dir='ltr'><strong>quius,</strong></span> <span class='ocrx_word' id='word_1_849' title='bbox 2203 5629 2301 5682; x_wconf 87' lang='lat' dir='ltr'><strong>pro</strong></span> <span class='ocrx_word' id='word_1_850' title='bbox 2333 5614 2612 5668; x_wconf 84' lang='lat' dir='ltr'><strong>voluntate</strong></span> <span class='ocrx_word' id='word_1_851' title='bbox 2650 5631 2770 5670; x_wconf 88' lang='lat' dir='ltr'><strong>sua.</strong></span> <span class='ocrx_word' id='word_1_852' title='bbox 2800 5615 2902 5681; x_wconf 89' lang='lat' dir='ltr'><strong>Qui</strong></span> <span class='ocrx_word' id='word_1_853' title='bbox 2939 5633 3062 5671; x_wconf 89' lang='lat' dir='ltr'><strong>cum</strong></span> <span class='ocrx_word' id='word_1_854' title='bbox 3096 5618 3166 5670; x_wconf 80' lang='lat' dir='ltr'><strong>ibi</strong></span> <span class='ocrx_word' id='word_1_855' title='bbox 3219 5619 3285 5672; x_wconf 87' lang='lat' dir='ltr'><strong>ad</strong></span> <span class='ocrx_word' id='word_1_856' title='bbox 3328 5621 3538 5696; x_wconf 64' lang='lat' dir='ltr'><strong>calores</strong></span> 
     </span>
    </p>
   </div>
   <div class='ocr_carea' id='block_1_118' title="bbox 1965 5705 3541 5781">
    <p class='ocr_par' dir='ltr' id='par_1_118' title="bbox 1965 5705 3541 5781">
     <span class='ocr_line' id='line_1_118' title="bbox 1965 5705 3541 5781; baseline 0.006 -24"><span class='ocrx_word' id='word_1_857' title='bbox 1965 5705 2184 5757; x_wconf 67' lang='lat' dir='ltr'><strong>azstivos</strong></span> <span class='ocrx_word' id='word_1_858' title='bbox 2213 5705 2563 5774; x_wconf 83' lang='lat' dir='ltr'><strong>depellendus</strong></span> <span class='ocrx_word' id='word_1_859' title='bbox 2583 5721 2911 5772; x_wconf 83' lang='lat' dir='ltr'><strong>moraretur,</strong></span> <span class='ocrx_word' id='word_1_860' title='bbox 2936 5724 3102 5762; x_wconf 89' lang='lat' dir='ltr'><strong>unum</strong></span> <span class='ocrx_word' id='word_1_861' title='bbox 3136 5727 3200 5764; x_wconf 72' lang='lat' dir='ltr'><strong>ex</strong></span> <span class='ocrx_word' id='word_1_862' title='bbox 3229 5711 3424 5766; x_wconf 75' lang='lat' dir='ltr'><strong>inrolis</strong></span> <span class='ocrx_word' id='word_1_863' title='bbox 3448 5713 3541 5781; x_wconf 76' lang='lat' dir='ltr'><strong>qui</strong></span> 
     </span>
    </p>
   </div>
   <div class='ocr_carea' id='block_1_119' title="bbox 1967 5798 3541 5867">
    <p class='ocr_par' dir='ltr' id='par_1_119' title="bbox 1967 5798 3541 5867">
     <span class='ocr_line' id='line_1_119' title="bbox 1967 5798 3541 5867; baseline 0.008 -16"><span class='ocrx_word' id='word_1_864' title='bbox 1967 5798 2105 5852; x_wconf 86' lang='lat' dir='ltr'><strong>retia</strong></span> <span class='ocrx_word' id='word_1_865' title='bbox 2138 5807 2194 5852; x_wconf 83' lang='lat' dir='ltr'><strong>et</strong></span> <span class='ocrx_word' id='word_1_866' title='bbox 2234 5800 2523 5867; x_wconf 84' lang='lat' dir='ltr'><strong>piscariam</strong></span> <span class='ocrx_word' id='word_1_867' title='bbox 2574 5800 2846 5856; x_wconf 76' lang='lat' dir='ltr'><strong>faciebant</strong></span> <span class='ocrx_word' id='word_1_868' title='bbox 2877 5803 2944 5856; x_wconf 86' lang='lat' dir='ltr'><strong>ad</strong></span> <span class='ocrx_word' id='word_1_869' title='bbox 2985 5818 3042 5858; x_wconf 89' lang='lat' dir='ltr'><strong>se</strong></span> <span class='ocrx_word' id='word_1_870' title='bbox 3072 5807 3286 5861; x_wconf 60' lang='lat' dir='ltr'><strong>vocavit</strong></span> <span class='ocrx_word' id='word_1_871' title='bbox 3317 5817 3370 5862; x_wconf 90' lang='lat' dir='ltr'><strong>et</strong></span> <span class='ocrx_word' id='word_1_872' title='bbox 3416 5825 3541 5864; x_wconf 86' lang='lat' dir='ltr'><strong>cum</strong></span> 
     </span>
    </p>
   </div>
  </div>
