4016 6488
495 407 603 470 499
1688 417 2105 479 NICEPHORI
2146 422 2526 485 GREGOR/E
3612 444 3697 501 5W

494 526 703 598 νοηκὼς
734 525 808 591 ὡς
843 529 1104 597 ὁπότερον
1148 530 1214 583 ἂν
1259 530 1368 584 τῶν
1401 530 1468 600 τῇ
1494 532 1715 597 γυναικὶ
1763 531 2038 602 ῥηθέντων
2080 536 2307 603 γένοιτο,
2358 542 2649 609 ἐπιζήμιόν
2695 559 2757 597 τε
2814 546 2907 599 καὶ
2949 546 3122 604 ἀκλεᾶ
3185 549 3285 622 τὴν
3351 554 3483 610 κατὰ
3513 556 3598 611 τοῦ
3622 574 3700 612 σα-

493 623 706 692 τράπου
771 624 926 683 νίκην
978 624 1072 677 τοῦ
1114 622 1382 694 βασιλέως
1426 620 1630 693 τίθησι,
1683 623 1754 677 τά
1798 642 1859 677 τε
1907 626 2246 693 κομισθέντα
2290 631 2551 701 χρήματα
2591 634 2730 698 τέως
2796 635 3115 708 ἐλάμϐανε,
3178 620 3274 695 καὶ
3317 643 3432 697 ἀντί¹
3469 644 3569 699 τῶν
3622 648 3690 701 ἔτι

489 716 865 788 ὀφειλομένων
893 714 1022 786 ἐξῆς
1061 717 1244 787 ὅμηρα
1308 715 1377 769 τά
1407 717 1626 785 ἐκείνης
1661 716 1878 787 δέχεται
1940 720 2131 783 τέκνα,
2189 724 2285 777 καὶ
2349 724 2524 790 οὕτως
2566 726 2848 800 ἐλεύθερον
2909 730 3107 802 ἀφίησι
3160 732 3252 789 τὸν
3301 734 3460 807 ἄνδρα
3511 738 3572 809 τῇ
3617 756 3702 808 γυ-

493 814 664 868 ναικί.

561 907 725 984 564
752 908 888 966 XVI.
919 911 1033 968 Hoc
1060 911 1364 969 certamine
1396 910 1531 982 imp.
1569 926 1829 981 prospere
1871 918 1927 966 et
1955 912 2043 965 sint

2144 958 2150 968 _
2191 942 2205 957 .
2251 911 2367 978 ις’.
2410 911 2517 964 Τοῦ
2545 913 2607 983 δὴ
2645 914 2891 969 τοιούτου
2923 921 3375 990 στρατηγήματος
3407 924 3630 995 εὐτυχῶς
3653 945 3703 984 τε

490 1002 721 1059 vulnere
761 1001 938 1067 ﬁnito,
984 1003 1038 1058 ei
1093 1002 1244 1057 aliud
1293 1002 1559 1074 quiddam
1603 1002 1791 1059 evenit
1842 1003 2043 1075 majori:

2168 1000 2266 1054 καὶ
2302 1003 2635 1072 τραυμάτων
2678 1006 2801 1076 δίχα
2840 1008 2918 1079 τῷ
2966 1009 3184 1079 βασιλεῖ
3230 1015 3507 1082 γεγονότος
3536 1019 3703 1086 ἕτερον

490 1090 778 1156 momenti,
815 1091 900 1145 vel
936 1090 1122 1161 potius
1147 1092 1395 1148 omnium
1426 1107 1549 1163 qua
1581 1091 1910 1148 moliebatur
1950 1109 2066 1148 ma-

490 1180 697 1234 ximum
725 1190 779 1236 et
808 1180 1220 1251 gravissimum,
1248 1191 1305 1238 et
1336 1183 1481 1254 quod
1522 1184 1719 1239 melius
1747 1191 1803 1239 et
1826 1185 2064 1240 mirabi-

486 1271 617 1332 lius.
670 1277 790 1327 sine
837 1272 951 1326 ullo
995 1271 1188 1327 labore
1238 1280 1644 1342 comparatum.
1690 1272 1868 1329 Media
1911 1275 2061 1329 enim

485 1374 674 1420 testate
700 1379 808 1434 qua
840 1365 1022 1420 arista:
1067 1379 1340 1420 messores
1375 1372 1432 1421 et
1462 1365 1784 1423 collectores
1812 1366 2063 1437 postula-

486 1456 639 1525 bant,
672 1472 797 1513 cum
830 1465 1069 1527 quatuor
1104 1456 1348 1512 millibus
1398 1458 1646 1528 equitum
1699 1460 1769 1515 ab
1810 1460 2062 1532 Hyrcano

483 1562 677 1603 socero
703 1549 946 1617 acceptis
972 1557 1029 1604 et
1057 1563 1183 1603 cum
1208 1550 1425 1606 caeteris
1446 1550 1678 1621 imperio
1699 1565 1800 1607 suo
1824 1552 2062 1610 subditis

484 1640 751 1697 militibus
771 1640 1035 1697 Romanis
1059 1641 1346 1697 Matthmus
1364 1641 1500 1712 imp.
1523 1643 1890 1700 Cantacuzeni
1915 1644 2061 1701 ﬁlius

484 1732 704 1790 transiit
747 1733 1026 1804 angustias
1086 1735 1230 1788 circa
1282 1734 1670 1805 Christopolim
1726 1747 1783 1791 et
1850 1736 2060 1792 vicinas

486 1821 860 1894 Philipporum
886 1823 1051 1879 urbes
1078 1825 1335 1890 vastavit,
1366 1824 1420 1879 in
1455 1826 1648 1894 primis
1675 1836 1855 1882 autem
1882 1828 2060 1897 regio-

480 1929 581 1970 nes
630 1931 752 1985 quae
787 1916 873 1970 his
898 1916 1144 1971 coalities
1176 1926 1326 1979 sunt,
1376 1915 1651 1973 Romanas
1679 1918 1927 1987 quidem,
1959 1919 2056 1974 sed

2165 1093 2475 1162 ἐπιγίνεται
2518 1097 2727 1166 μεῖζον,
2758 1100 2963 1168 μᾶλλον
2993 1103 3051 1157 δέ
3086 1103 3199 1159 τῶν
3242 1105 3389 1178 αὐτῷ
3424 1109 3702 1181 σπουδαζο-

2168 1185 2347 1273 μένων
2376 1187 2437 1241 τὸ
2470 1189 2729 1256 μέγιστόν
2758 1209 2818 1244 τε
2865 1194 2962 1248 καὶ
2994 1197 3405 1264 κραταιότατον,
3450 1204 3539 1257 καὶ
3566 1204 3620 1257 τό
3643 1221 3700 1273 γε

2165 1271 2376 1342 βέλτιον
2401 1276 2497 1329 καὶ
2526 1276 2988 1351 θαυμαστότερον,
3010 1283 3094 1336 ὅτι
3122 1285 3217 1339 καὶ
3242 1283 3337 1350 ξὺν
3357 1287 3526 1344 οὐδενὶ
3549 1271 3699 1362 πδνφ.

2174 1365 2488 1437 Ἰσταμένου
2520 1370 2629 1440 γὰρ
2658 1370 2759 1442 ἢδη
2791 1372 2885 1426 τοῦ
2922 1374 3136 1444 θέρους,
3169 1378 3265 1432 καὶ
3302 1380 3410 1435 τῶν
3442 1383 3702 1453 ἀσταχύων

2163 1459 2631 1529 προκαλουμένων
2686 1463 2814 1527 τοὺς
2873 1464 3131 1536 θεριστὰς
3179 1471 3279 1524 καὶ
3342 1474 3702 1543 ἀμαλλοδέτας,

2161 1552 2635 1622 τετρακισχιλίους
2669 1555 2870 1620 ίππέας
2906 1558 3218 1630 βαρϐάρους
3243 1562 3542 1636 ἀνειληφὼς
3581 1583 3705 1637 πεμο

2162 1640 2395 1710 φθέντας
2423 1645 2577 1715 παρὰ
2607 1645 2701 1700 τοῦ
2749 1649 3016 1719 Ὑρκανοῦ
3045 1651 3140 1705 τοῦ
3175 1655 3428 1727 γαμϐροῦ
3460 1650 3704 1722 Ματθαῖος

2159 1737 2189 1788 6
2244 1734 2501 1804 βασιλεὺς
2563 1741 2592 1794 6
2642 1741 2740 1794 τοῦ
2797 1742 3259 1815 Καντακουζηνοῦ
3317 1750 3466 1816 υίὸς,
3518 1752 3606 1805 καὶ
3660 1754 3706 1806 εί

2158 1826 2225 1899 [1⁵.
2257 1828 2364 1882 274
2413 1829 2465 1904 b]
2498 1848 2643 1895 τινες
2674 1829 2786 1886 εῐεν
2830 1837 2897 1905 τῇ
2929 1835 3095 1890 αὑτοῦ
3130 1837 3365 1909 βασιλίδι
3414 1842 3703 1906 ὑπείκοντες

2159 1919 2499 1987 στρατιῶται
2540 1919 2804 1991 Ῥωμαῖοι
2845 1928 2976 1997 περὶ
3021 1927 3084 1981 τδ
3112 1929 3385 2001 Βωλερδν,
3418 1933 3508 1985 καὶ
3534 1933 3702 1996 διαϐὰς

478 2022 545 2061 ex
597 2008 760 2077 longe
807 2015 1056 2077 tempore
1090 2006 1349 2062 Triballis
1403 2008 1672 2064 subditas.
1720 2009 1879 2095 Quod
1930 2025 2043 2064 cum

2156 2011 2254 2074 τὰς
2329 2016 2460 2083 περὶ
2518 2015 2919 2085 Χριστούπολιν
2987 2021 3369 2090 ἐστενωμένας
3439 2023 3702 2095 παρόδους,

481 2094 752 2151 Triballus
769 2095 1607 2167 quiprovinciaeillieo'tempore
1623 2084 1910 2167 praefectus
1928 2096 2054 2151 etin
2155 2102 2408 2170 ὲληῖζετο
2457 2104 2527 2158 τὰ
2563 2084 2825 2162 ἐπέκεινα
2879 2109 3164 2164 Φιλίππων
3198 2084 3408 2179 darsa,
3449 2084 3701 2183 panem

478 2188 644 2244 armis
667 2197 807 2254 erat,
824 2191 1199 2258 comper’sset,
1225 2187 1506 2244 Matthzeus
1528 2188 1659 2257 imp.
1696 2188 1747 2242 vi
1770 2190 2043 2258 copiarum

2158 2191 2262 2246 ὅσα
2309 2194 2567 2264 περίοικα
2617 2197 2830 2263 τούτοις
2877 2199 3054 2270 χωρία
3095 2200 3388 2270 Ῥωμαίων
3435 2204 3527 2272 μὲν
3568 2204 3701 2268 δντα,

476 2294 776 2349 oppressus
827 2288 884 2335 et
931 2279 1048 2345 ipse
1095 2278 1252 2333 vivus
1283 2287 1477 2346 captus
1514 2289 1615 2332 est.
1653 2276 1812 2346 Capti
1860 2288 2046 2333 autem

478 2380 606 2426 sunt
631 2386 758 2426 cum
788 2386 855 2426 eo
897 2370 1011 2426 fere
1041 2386 1232 2424 omnes
1270 2370 1365 2440 qui
1400 2370 1454 2423 in
1500 2371 1688 2438 przelio
1719 2368 1900 2439 gladio
1941 2387 2050 2425 non

475 2464 643 2518 occisi
688 2473 868 2518 erant.
910 2461 1025 2518 Hoc
1062 2463 1334 2526 nuntiato,
1371 2463 1503 2531 imp.
1535 2462 1823 2517 confestim
1870 2462 2053 2519 Lesbo

478 2556 757 2628 prolectus
780 2556 855 2611 ibi
882 2570 1007 2611 cum
1038 2554 1223 2624 copias
1248 2553 1466 2610 navales
1503 2554 1818 2623 reliquisset
1847 2564 1905 2610 et
1929 2569 2054 2626 qua

478 2649 544 2703 ad
581 2649 863 2703 Phocaeam
894 2645 1318 2717 oppugnandam
1348 2646 1673 2715 spectabant
1696 2657 2052 2717 praeparasset

478 2751 534 2796 et
574 2740 905 2795 instituisset
933 2781 948 2801 .
979 2738 1154 2808 passis
1188 2737 1325 2793 velis
1357 2737 1573 2793 navalia
1604 2738 1746 2793 circa
1773 2738 2048 2794 Abderam

391 2832 399 2840 ’
478 2836 763 2904 ingressus
812 2841 932 2895 est,
985 2840 1042 2887 et
1077 2830 1204 2886 hinc
1234 2830 1440 2901 legatos
1468 2831 1619 2886 misit
1647 2830 1715 2885 ad
1747 2830 2047 2888 Triballum

477 2927 571 2997 qui
610 2926 886 2995 captivum
922 2923 1146 2978 tenebat
1175 2922 1525 2989 Matthasum,
1570 2931 1627 2978 et
1657 2939 1780 2979 cum
1811 2938 1880 2980 eo
1907 2926 2049 2980 ami-

479 3019 609 3073 citia
642 3017 776 3071 inita
801 3025 991 3072 mutua
1022 3024 1079 3068 et
1108 3014 1357 3082 pecuniis
1379 3014 1523 3069 datis
1558 3030 1667 3069 non
1701 3016 1891 3081 paucis
1919 3031 2045 3071 eum

477 3108 534 3166 in
576 3117 896 3181 potestatem
932 3121 1085 3162 suam
1118 3104 1352 3175 accepit,
1386 3114 1443 3160 et
1472 3104 1621 3160 misit
1642 3122 1766 3161 eum
1790 3106 1950 3179 565
1978 3108 2034 3164 in

477 3200 757 3258 Tenedum
788 3198 1021 3255 insulam
1056 3212 1165 3251 una
1202 3212 1327 3252 eum
1355 3196 1608 3267 conjuge,
1632 3198 1836 3254 liberos
1863 3208 2044 3254 autem

474 3296 598 3366 ejus
629 3291 1023 3349 custodiendos
1065 3289 1216 3344 dedit
1264 3303 1470 3360 genere
1517 3289 1588 3344 ab
1633 3306 1821 3345 sorore
1850 3291 2046 3346 Latino

473 3404 541 3443 eo
571 3396 814 3455 tempore
847 3383 1022 3438 Lesbo
1062 3382 1251 3436 insula:
1284 3381 1592 3451 imperanti.
1627 3382 2047 3453 Expugnaverat

473 3478 623 3533 enim
657 3492 749 3531 rex
781 3486 943 3530 antea
985 3475 1133 3529 bello
1170 3474 1415 3529 Gratiani
1453 3474 1643 3529 urbem
1678 3475 1732 3529 in
1764 3492 1870 3545 qua
1909 3477 2044 3533 Mat-

2157 2284 2377 2355 ὑπήκοα
2401 2286 2459 2340 δέ
2492 2288 2816 2358 Τριϐαλλοῖς
2854 2291 2919 2345 ἐκ
2949 2290 3173 2346 πολλοῦ.
3202 2294 3271 2348 Ὃ
3317 2297 3705 2363 προεγνωκότος

2155 2370 2252 2424 τοῦ
2285 2373 2387 2443 τὴν
2418 2372 2602 2443 χώραν
2651 2375 2874 2445 ἐκείνην
2927 2378 3234 2448 τηνικαῦτα
3280 2382 3556 2444 διέποντος
3592 2380 3705 2450 Τρι-

2154 2458 2376 2522 ϐαλλοῦ,
2414 2463 2509 2514 καὶ
2553 2462 2909 2526 ἀντιστάντος
2951 2465 3010 2517 ἐν
3057 2464 3267 2543 ὅπλοις,
3324 2469 3531 2539 ἡττήθη
3579 2469 3705 2523 κατὰ

2154 2551 2353 2621 κράτος
2398 2553 2679 2616 Ματθαῖος
2708 2555 2738 2607 6
2774 2553 3055 2624 βασιλεὺς,
3084 2558 3181 2612 καὶ
3222 2560 3369 2615 ἑάλω
3415 2563 3511 2630 μὲν
3555 2561 3702 2624 αὐτὸς

2154 2638 2285 2706 ζῶν,
2319 2642 2564 2697 ἑάλωσαν
2585 2645 2642 2697 δὲ
2671 2645 2769 2700 καὶ
2796 2647 2847 2698 οί
2879 2647 2999 2716 μετ’
3022 2647 3189 2702 αύτοῦ
3228 2651 3421 2720 σχεδὸν
3457 2651 3699 2717 ἅπαντες,

2153 2732 2270 2787 ὅσοι
2307 2732 2382 2805 μὴ
2405 2733 2592 2804 ξίφους
2616 2735 2777 2806 ἔργον
2805 2738 2863 2791 ἐν
2891 2740 2958 2809 τῇ
2990 2739 3144 2810 μάχῃ
3185 2742 3531 2814 γεγένηνται.
3551 2743 3702 2796 Τοῦτο

2156 2824 2345 2894 μαθὼν
2373 2828 2401 2880 6
2428 2827 2684 2897 βασιλεὺς
2724 2832 2862 2900 ἄρας
2912 2832 2977 2884 ἐκ
3005 2832 3235 2899 Λέσϐου,
3264 2833 3395 2888 ἔνθα
3424 2833 3701 2907 τηνικαῦτα

2150 2919 2250 2987 τὴν
2280 2918 2545 2990 ναυτικὴν
2574 2920 2865 2974 διανέπαυε
2904 2922 3139 2992 δύναμιν
3182 2926 3280 2978 καὶ
3336 2926 3407 2978 τά
3451 2927 3581 2995 πρὸς
3612 2940 3697 2976 πο-

2150 3008 2398 3080 λιορκίαν
2438 3012 2712 3065 Φωκαέων
2760 3014 3109 3069 συντείνοντα
3155 3016 3487 3088 ⁴ἡτοιμάζετο
3516 3034 3572 3069 τε
3617 3015 3701 3070 καὶ

2149 3101 2576 3172 προηυτρέπιζε,
2629 3105 2896 3175 πλήρεσιν
2956 3106 3151 3164 ίστίοις
3211 3109 3470 3179 καταίρει
3529 3110 3587 3171 ἐς
3639 3108 3699 3159 τά

2148 3195 2310 3264 πέριξ
2377 3195 2653 3265 ’Δϐδήρων
2711 3199 2964 3253 ἐπίνεια*
3025 3199 3122 3254 καὶ
3179 3202 3442 3271 πρέσϐεις
3506 3189 3699 3256 ἐκείθεύ

2146 3282 2455 3353 πεπομφὼς
2524 3283 2602 3353 τῷ
2670 3285 2763 3338 τὸν
2820 3286 3103 3351 Ματθαῐον
3153 3294 3445 3360 κατέχοντι
3498 3291 3699 3356 δέσμιον

2144 3370 2452 3442 Τριϐαλλῷ,
2486 3373 2583 3427 καὶ
2622 3372 2808 3443 φιλίαν
2859 3373 2984 3440 δοὺς
3012 3377 3106 3430 καὶ
3148 3376 3355 3445 λαϐὼν,
3387 3379 3483 3433 καὶ
3522 3377 3698 3449 δώροις

2144 3464 2203 3517 ού
2254 3465 2471 3533 μικροῖς
2519 3463 3086 3536 φιλοφρονησάμενος,
3133 3467 3349 3538 εἴληφε.
3397 3471 3508 3524 Καὶ
3553 3467 3698 3523 αὐτὸν

475 3570 602 3626 ιιικί
635 3584 769 3622 uxor
799 3583 921 3622 cum
957 3567 1147 3622 liberis
1195 3566 1494 3620 habitabat.
1552 3565 1631 3621 lbi
1681 3576 1864 3622 autem
1912 3584 2037 3623 cum

2148 3556 2248 3624 μὲν
2296 3555 2518 3624 δέσμιον
2554 3555 2692 3625 πρὸς
2723 3557 2951 3611 Τένεδον
2990 3558 3201 3637 πέμπει
3228 3560 3332 3631 τὴν
3373 3561 3534 3630 νῆσον
3575 3555 3697 3628 ὁμοῦ

473 3664 685 3719 litteras
734 3662 920 3732 plures
963 3676 991 3714 a
1044 3660 1314 3730 Byzantiis
1360 3660 1616 3723 Matlhteo
1662 3662 1802 3714 clam
1848 3662 2041 3717 missas

2144 3650 2207 3716 τῇ
2236 3646 2477 3717 συζύγῳ,
2514 3649 2581 3701 τὰ
2611 3649 2669 3702 δὲ
2705 3650 2873 3704 τέκνα
2904 3650 3200 3717 φυλάττειν
3246 3655 3480 3723 παρέχει
3517 3653 3591 3724 τῷ
3622 3650 3699 3705 ἐπ’

478 3764 769 3824 antequam
795 3762 988 3822 captus
1014 3761 1133 3807 erat
1163 3735 1639 3821 invenissetiquse
1668 3751 1885 3806 illorum
1913 3767 2041 3821 erga

471 3860 600 3901 eum
640 3842 1078 3899 benevolentiam
1130 3851 1185 3895 et
1232 3840 1471 3897 favorem
1524 3841 1890 3904 testabantur,
1930 3857 2038 3896 una

473 3937 693 3992 illorum
719 3935 949 3991 insidias
976 3935 1028 3989 in
1055 3931 1444 4003 Palmologum.
1466 3947 1559 3986 rex
1583 3932 1743 3987 aliam
1774 3931 1879 3987 sibi
1910 3947 2041 4002 ope-

473 4044 591 4084 ram
632 4029 736 4084 sub
784 4027 1039 4082 manibus
1090 4042 1216 4082 esse
1265 4025 1573 4090 simulans,
1625 4025 1731 4079 iter
1760 4024 1925 4079 vertit
1972 4023 2038 4079 ad

468 4139 630 4179 suum
658 4123 832 4192 ipsius
854 4119 1203 4177 commodum
1236 4116 1524 4182 tuendum,
1555 4127 1613 4174 et
1637 4117 1856 4172 silentio
1899 4118 2038 4172 clam

469 4215 734 4271 omnibus
776 4212 1138 4267 familiaribus
1169 4210 1491 4280 Byzantium
1540 4225 1600 4263 se
1652 4210 1889 4265 contulit
1932 4224 2038 4265 una

468 4322 593 4361 cum
627 4304 952 4366 trireme,et
996 4302 1072 4356 ibi
1124 4318 1152 4354 a
1203 4300 1423 4356 nemine
1466 4299 1851 4372 Byzantiorum
1889 4302 2040 4372 prius

467 4396 723 4469 cognitus
749 4403 834 4450 est
862 4409 1026 4462 quam
1063 4394 1265 4463 regiam
1298 4393 1520 4448 domum
1562 4393 1820 4450 intrasset
1859 4404 1914 4449 ct
1956 4411 2041 4449 re-

466 4488 648 4563 ginam
678 4490 790 4557 ipse
815 4488 1125 4542 salutasset.
1145 4486 1297 4553 Qum!
1327 4502 1450 4542 eum
1472 4486 1753 4557 Hyrcanus
1775 4487 2039 4558 Bithynia:

471 4590 688 4648 satrapa
714 4579 1021 4646 accepisset
1043 4617 1057 4640 ,
1101 4577 1275 4631 multo
1314 4578 1569 4631 crebrius
1597 4592 1722 4630 eum
1754 4577 2040 4645 legationi-

468 4671 574 4725 bus
604 4667 852 4724 iucitavit
879 4675 939 4721 ut
971 4666 1206 4721 reditum
1236 4666 1568 4721 acceleraret
1597 4673 1819 4734 propter
1847 4666 1941 4719 lilii
1975 4666 2040 4721 li-

467 4762 809 4818 beratioucm
836 4802 852 4825 ,
900 4759 1009 4813 nisi
1052 4751 1316 4813 novarum
1363 4757 1647 4811 turbarum
1678 4766 1736 4811 et
1767 4759 2037 4815 tumultus

467 4866 691 4907 causam
718 4850 861 4904 inter
884 4850 1162 4905 Romanos
1185 4847 1300 4901 fieri
1324 4846 1497 4916 ipsius
1515 4846 1824 4902 tarditatem
1848 4848 2031 4903 vellet.

2140 3741 2344 3812 ἀδελφῇ
2376 3740 2610 3813 γαμϐρῷ
2640 3744 2877 3811 Λατίνῳ,
2908 3742 2986 3811 τῷ
3033 3745 3344 3815 τηνικαῦτα
3374 3746 3581 3800 Λέσϐου
3608 3745 3698 3815 τῆς

2140 3837 2307 3907 νήσου
2335 3835 2780 3907 ἐπιτροπεύοντι.
2818 3834 3000 3905 Ἕφθη
3043 3838 3151 3903 γὰρ
3184 3836 3416 3903 πολέμῳ
3448 3836 3696 3907 προειλη-

2142 3928 2259 3997 φὼς
2291 3932 2318 3982 6
2350 3928 2604 3998 βασιλεὺς
2649 3929 2742 3981 καὶ
2768 3929 2866 3998 τὴν
2898 3928 3201 3996 Γρατιανοῢ
3244 3929 3425 3993 πόλιν,
3458 3930 3515 3982 ἐν
3542 3921 3574 4001 ᾖ
3612 3925 3699 3978 καὶ

2140 4021 2174 4088 ἡ
2218 4018 2501 4072 Ματθαίου
2544 4019 2684 4087 μετὰ
2732 4019 2841 4072 τῶν
2884 4018 3088 4071 τέκνων
3136 4016 3273 4088 ᾤκει
3319 4020 3478 4088 γυνή.
3522 4018 3698 4071 Ὁπότε

2141 4111 2273 4180 παρ’
2305 4110 2439 4180 αὐτῇ
2489 4113 2586 4164 καὶ
2616 4109 2924 4179 γράμματα
2974 4108 3210 4179 εὓρηται
3245 4108 3561 4175 Βυζαντίων
3586 4107 3699 4160 πολ-

2140 4202 2268 4267 λῶν,
2333 4202 2508 4272 λάθρα
2566 4203 2832 4270 Ματθαίῳ
2896 4202 3224 4270 πεμπόμενα
3293 4204 3429 4273 πρὶν
3485 4200 3696 4262 ἁλῶναι,

2137 4294 2425 4347 δεικνύντα
2464 4294 2563 4364 τὴν
2597 4294 2745 4361 σφῶν
2781 4296 2918 4361 πρὸς
2948 4293 3111 4346 αὐτὸν
3148 4295 3373 4346 εὔνοιαν
3418 4297 3512 4347 καὶ
3556 4306 3698 4357 στορ-

2139 4383 2263 4450 γὴν,
2321 4382 2417 4433 καὶ
2480 4382 2580 4434 ὅσα
2645 4381 2908 4434 ἐπίϐουλα
2976 4382 3119 4434 κατὰ
3181 4380 3277 4434 τοῦ
3344 4381 3697 4446 Παλαιολόγου

2141 4471 2619 4535 συνεσκευάζοντο.
2656 4471 2733 4524 Δι’
2771 4471 2805 4525 ἂ
2834 4472 2899 4541 δὴ
2931 4471 3023 4524 καὶ
3052 4471 3149 4544 τὴν
3180 4472 3284 4525 άνὰ
3326 4475 3518 4542 χεῖρας
3543 4470 3697 4539 ἄλλην

2139 4562 2373 4633 σπουδὴν
2422 4566 2449 4615 6
2500 4564 2754 4632 βασιλεὺς
2807 4562 3199 4632 ὑπερθέμενος.
3250 4565 3355 4631 τήν
3401 4580 3460 4616 τε
3517 4560 3698 4627 στολὴν

2137 4654 2338 4725 ἠμειψε
2369 4655 2499 4723 πρὸς
2533 4656 2594 4706 τὸ
2621 4653 3050 4723 ἰδιωτικώτερον,
3097 4653 3162 4725 μ’.
3182 4652 3291 4708 252
3316 4653 3369 4725 b]
3404 4656 3496 4707 καὶ
3532 4652 3697 4705 λαθὼν

2136 4750 2343 4809 πάντας
2384 4748 2625 4807 οἰκείους
2665 4744 2767 4817 ἦκε
2823 4745 3064 4810 σπεύσας
3097 4749 3176 4809 εἰς
3228 4746 3529 4808 Βυζάντιον
3567 4743 3695 4816 μετὰ

2139 4842 2264 4909 μιᾶ,
2301 4840 2585 4909 τριήρους.
2617 4841 2726 4893 Καὶ
2754 4840 2854 4891 οὑκ
2884 4839 3155 4907 ἔγνωσται
3187 4839 3500 4903 Βυζαντίων
3527 4836 3696 4892 οὐδενὶ

466 4938 603 5010 Imp.
635 4941 801 5010 igitur
830 4948 1093 5010 quantum
1129 4937 1245 4992 fieri
1278 4935 1457 5005 potuit
1482 4936 1763 4991 mmnibus
1784 4937 2026 5008 Byzantii

2144 4934 2263 5002 πρὶν
2313 4932 2573 4984 εἰσελθεῖν
2618 4936 2698 4993 εἰς
2747 4930 2812 4983 τὰ
2860 4930 3109 4998 βασίλεια
3165 4931 3262 4983 καὶ
3307 4931 3408 5001 τὴν
3459 4928 3696 5005 βασιλίδα

464 5031 746 5101 oppressis
780 5038 976 5100 praeter
1002 5031 1248 5081 omnium
1284 5025 1599 5095 opinionem
1627 5026 1769 5081 intra
1801 5028 2037 5098 quadra-

462 5125 614 5195 ginta
648 5122 763 5178 dies
793 5138 897 5177 una
947 5136 1072 5176 cum
1108 5120 1332 5172 trireme
1367 5131 1529 5186 quam
1563 5119 1851 5173 celerrime
1885 5121 2035 5175 retii-

463 5229 577 5273 tum
603 5215 828 5271 habuit:
861 5214 953 5270 sed
985 5222 1276 5280 antequam
1298 5224 1548 5264 reversus
1564 5219 1709 5266 esset
1730 5209 2028 5267 Romanam

459 5310 691 5365 classem
722 5307 1009 5376 conspexit
1054 5303 1373 5374 Byzantium
1417 5302 1761 5371 navigantem
1793 5343 1808 5367 ,
1865 5302 2027 5372 idque

459 5399 613 5453 nullo
636 5400 807 5468 ipsius
836 5398 1015 5467 jussu,
1042 5395 1113 5447 ita
1144 5404 1202 5447 ut
1232 5402 1442 5446 tantum
1472 5408 1578 5447 non
1608 5392 1899 5448 stationem
1933 5394 2026 5447 dc-

458 5490 724 5544 seruisset
776 5485 941 5557 566
987 5483 1247 5537 omnibus
1286 5483 1453 5554 regiis
1501 5484 1739 5539 mandati
1791 5484 2024 5541 vinculis

457 5579 722 5647 abruptis.
766 5572 1184 5631 Prwtendebant
1209 5582 1390 5628 autem
1424 5587 1483 5629 se
1511 5574 1842 5629 necessitate
1864 5589 2024 5629 coac—

458 5679 543 5727 tos
566 5670 787 5725 Tenedo
817 5666 1136 5738 Byzantium
1171 5681 1421 5721 reversos
1460 5682 1604 5731 esse,
1651 5675 1872 5735 propter
1906 5666 2024 5719 ino-

459 5761 600 5814 niam
634 5759 1068 5821 necessariorum
1096 5799 1108 5820 ,
1155 5771 1332 5823 neque
1366 5757 1601 5823 amplius
1638 5767 1889 5810 constare
1923 5773 2018 5825 po-

464 5851 625 5906 .uisse
654 5849 1037 5907 classem.sine
1071 5847 1422 5909 imperatore.
1461 5848 1632 5902 iratus
1666 5849 1823 5909 igitur
1860 5849 2015 5916 imp.,

2126 5024 2481 5077 ἀσπάσασθαι
2515 5023 2612 5075 σὺν
2652 5022 2910 5091 ἰδιωτικῷ
2960 5020 3040 5091 τῷ
3073 5022 3337 5091 σχήματι.
3370 5023 3559 5076 Ταῦτα
3598 5036 3693 5088 μαι

2126 5115 2236 5168 θὼν
2273 5116 2538 5185 Ὑρκανὸς
2567 5117 2594 5167 ὁ
2622 5116 2719 5184 τῆς
2752 5114 3005 5178 Βιθυνίας
3045 5117 3331 5184 σατράπης
3369 5114 3690 5185 Βαρϐάρων,

2124 5206 2444 5277 πρεσϐείαις
2472 5207 2632 5260 αὑτὸν
2663 5207 3017 5275 πυκνοτέραις
3042 5207 3397 5275 ἐπιταχύνειν
3422 5205 3692 5276 ἠνάγκαζε

2123 5302 2220 5372 τὴν
2265 5303 2525 5356 ἐπάνοδον
2585 5302 2899 5371 ἐλευθερίας
2952 5303 3114 5358 ἕνεκα
3161 5304 3253 5356 τοῦ
3303 5304 3488 5368 υἱέος,
3523 5305 3571 5357 εί
3621 5304 3689 5374 μὴ

2126 5393 2370 5463 βούλοιτο
2398 5394 2707 5450 σκανδάλων
2739 5397 2832 5449 καὶ
2861 5396 3108 5465 θορύϐων
3145 5394 3301 5457 αὖθις
3332 5399 3511 5466 ἀρχὴν
3544 5413 3691 5464 vava-

2124 5484 2272 5537 νέναι
2311 5486 2452 5537 κατὰ
2497 5482 2785 5552 Ῥωμαίων
2810 5489 2907 5555 τὴν
2937 5486 3104 5538 αὑτοῦ
3142 5487 3474 5558 βραδυτῆτα.
3515 5488 3687 5539 Σπεύο

2128 5592 2225 5638 σας
2256 5570 2349 5629 οὖν
2378 5579 2405 5629 6
2433 5576 2709 5645 βασιλεὺς,
2751 5579 2843 5630 καὶ
2872 5576 2946 5640 ὡς
2980 5579 3106 5645 ἐνῆν
3152 5580 3277 5639 τοὺς
3317 5579 3378 5631 ἐν
3415 5578 3687 5645 Βυζαντίῳ

2125 5667 2388 5738 θορύϐους
2437 5671 2925 5739 καταστησάμενος
2955 5672 3012 5733 ἐς
3056 5670 3117 5723 τὸ
3159 5671 3336 5738 πάντη
3385 5670 3685 5724 ἀνύποπτον

2124 5758 2273 5819 ἐντὸς
2309 5759 2530 5835 ἡμερῷν
2580 5762 3015 5831 τεσσαράκοντα,
3050 5762 3188 5827 μετὰ
3234 5762 3363 5831 μιᾶς
3410 5763 3510 5832 τὴν
3541 5759 3681 5827 ταχί-

2128 5868 2259 5917 σῖην
2300 5851 2508 5918 ἀνήχθη
2542 5854 2821 5920 τριήρους.
2869 5855 3027 5907 Ἀλλὰ
3081 5857 3206 5920 πρὶν
3242 5854 3559 5920 ἀναχθῆναι,
3594 5851 3678 5903 τὸν
