4016 6464
367 401 467 458 501

1349 389 1791 452 ΒΥΖΑΝΤῐΝιΕ
1825 386 2212 449 HISTORIA!
2244 387 2386 450 LIB.
2416 385 2716 461 XXXVII.

3509 380 3630 444 502'

381 515 685 584 Ῥωμαῖκὸν
705 512 894 565 ἐθεᾶτο
931 511 1116 565 στόλον
1138 511 1195 573 ἐς
1219 508 1512 574 Βυζάντιον
1535 507 1940 573 καταπλέοντα,

2047 521 2076 560 a
2102 506 2324 561 navium
2355 505 2587 562 ducibus
2621 514 2682 560 ut
2716 521 2816 576 par
2852 512 2974 561 erat
3006 517 3228 576 ptenam
3260 503 3408 558 illico
3455 506 3614 574 petiit

367 608 578 677 οὖδαμῆ
627 604 768 659 κατὰ
822 605 1053 675 γνώμην
1101 604 1289 670 αὑτοῦ,
1340 605 1423 657 ὅτι
1469 601 1546 674 μὴ
1579 601 1944 672 λειποτακτή-

371 699 545 754 σαντά
567 717 627 752 τε
658 699 756 754 καὶ
787 695 998 762 πάντας
1023 699 1258 767 δεσμοὺς
1300 697 1621 767 προσταγῆς
1651 695 1943 766 βασιλικῆς

367 793 783 864 ἀπορρήξαντα,
819 793 912 846 καὶ
939 791 999 854 ἐς
1041 790 1341 857 Βυζάντιον
1373 792 1437 844 ἐκ
1482 789 1711 843 Τενέδου
1748 788 1944 841 παλιν-

363 886 720 956 δρομήσαντα
765 884 834 937 δι’
884 884 1154 953 ἀνάγκην,
1188 883 1263 946 ὡς
1306 883 1570 952 ἔφασκον,
1606 883 1716 937 τῶν
1747 883 1945 952 ἐπιτη-

365 976 527 1030 δείων
558 975 730 1046 ἄρδην
774 976 1139 1030 ἐπιλιπόντων
1167 974 1449 1042 ἁπάντων,
1473 977 1575 1028 ’καὶ
1621 973 1806 1044 μένειν
1839 973 1942 1026 οὐκ

368 1068 453 1120 ἔτι
482 1068 623 1121 κατὰ
653 1068 838 1138 χώραν
863 1068 1168 1138 δυναμένης
1207 1067 1308 1136 τῆς
1352 1066 1616 1136 ναυτικῆς
1649 1065 1941 1138 ἀναρχίας.

379 1155 688 1223 Ὀργισθεὶς
726 1155 820 1209 οὖν
852 1158 964 1219 τοῖς
996 1155 1292 1226 ναυάρχοις
1341 1155 1437 1209 καὶ⁹
1468 1154 1537 1208 τὰ
1570 1155 1757 1208 εἰκότα
1815 1157 1941 1208 ἐπι-

363 1247 613 1316 τιμήσας
657 1245 746 1300 διὰ
795 1245 1045 1316 βραχέων
1090 1246 1173 1318 (τὸ
1212 1247 1322 1316 γὰρ
1352 1246 1452 1315 τῆς
1477 1244 1633 1316 ὥρας
1662 1244 1852 1298 στενὸν
1879 1243 1940 1296 οὐ

365 1340 630 1406 παρεῖχεν
658 1338 1002 1408 εὐρυχωρίαν
1041 1337 1117 1408 τῷ
1169 1339 1399 1407 πλείονι)
1434 1339 1535 1408 τῆς
1568 1336 1941 1408 προκειμένης

364 1427 544 1496 εἴχετο
576 1427 836 1498 σπουδῆς,
865 1430 930 1500 τῇ
961 1427 1215 1500 βασιλικῇ
1244 1429 1530 1500 ναυαρχίδι
1563 1431 1818 1498 μονήρεις
1848 1428 1941 1480 δύο

367 1520 540 1585 μόνας
569 1519 911 1587 ἐπαγόμενος
964 1521 1371 1590 συμπλεούσας.
1404 1521 1468 1595 [Γ.
1498 1521 1606 1576 275
1658 1521 1736 1594 b.]
1785 1521 1943 1575 Ἐπεὶ

363 1606 409 1657 δ’
443 1606 570 1676 ἄχρι
600 1608 694 1660 καὶ
745 1608 801 1671 ἐς
843 1609 1244 1681 Προικόννησον
1291 1606 1360 1681 ἦν
1403 1611 1733 1682 ἀφιγμένος,
1763 1610 1942 1675 ἔδοξεν

363 1698 576 1752 ἐκεῖθεν
612 1699 798 1766 δεξιὰν
829 1701 888 1767 ἐξ
920 1701 1114 1770 ἐφόδου
1158 1701 1235 1772 τῷ
1276 1702 1531 1774 ’Υρκανῷ
1563 1703 1940 1774 πεπομφέναι,

361 1790 464 1858 τὴν
494 1789 702 1843 ἐκείνου
730 1792 956 1862 καρδίαν
982 1793 1353 1864 ἠρεθισμένην
1393 1795 1473 1857 είς
1504 1794 1741 1864 ὑποψίας
1773 1812 1941 1849 σκαν-

2045 597 2164 652 sine
2193 612 2342 651 mora
2386 597 2669 669 (temporis
2731 597 2880 653 enim
2924 597 3169 652 brevitas
3209 597 3617 652 cunctationem

2044 689 2247 744 nullam
2313 688 2568 755 admisit,
2623 698 2682 745 et
2750 703 2839 744 res
2889 688 3122 760 urgebat
3191 688 3614 758 maximopere).

2043 780 2252 836 Deinde
2284 779 2501 836 duabus
2536 788 2744 835 tantum
2783 781 3133 836 uniremibus
3163 781 3324 852 regia:
3358 781 3484 834 navi
3517 782 3616 834 ad-

2039 874 2264 947 iunctis,
2284 889 2409 929 cum
2444 888 2618 943 usque
2650 873 2717 929 ad
2749 873 3182 932 Prmconnesum
3210 873 3472 940 venisset,
3502 877 3617 942 ipsa

2043 968 2099 1023 in
2131 967 2219 1023 via
2253 967 2304 1021 ei
2333 967 2468 1022 utile
2499 967 2678 1022 visum
2708 975 2792 1022 est
2818 965 3070 1038 Hyrcano
3110 965 3411 1021 amicitiam
3439 967 3620 1021 decla-

2053 1069 2200 1121 rare,
2236 1065 2297 1111 ut
2326 1057 2574 1111 animum
2611 1056 2730 1127 ejus
2759 1056 2873 1126 jam
2905 1055 2974 1111 ad
3003 1056 3376 1126 suspicionem
3395 1057 3461 1111 de
3490 1071 3619 1124 pcr-

2042 1147 2170 1202 ﬁdia
2207 1164 2536 1220 propensum
2561 1149 2744 1204 denuo
2777 1149 2881 1204 sibi
2914 1149 3320 1212 reconciliaret,
3348 1159 3404 1204 et
3433 1149 3506 1203 ita
3534 1163 3623 1213 re,

2042 1256 2150 1296 non
2183 1241 2646 1312 verbo,probaret
2681 1240 2814 1310 imp.
2865 1241 3110 1295 animum
3154 1241 3427 1310 integrum
3472 1255 3615 1304 esse,

2041 1347 2222 1404 neque
2239 1334 2413 1389 ullum
2437 1334 2623 1389 dolum
2648 1333 2981 1404 expeditioni
3006 1334 3385 1388 intervenisse.
3410 1330 3617 1386 Deinde

2043 1442 2168 1484 cum
2197 1427 2374 1498 plenis
2402 1427 2538 1482 velis
2560 1426 2800 1497 primum
2827 1425 3113 1482 Tenedum
3158 1426 3495 1495 appulisset,
3541 1424 3615 1478 ibi

2042 1517 2387 1573 deliberabat
2411 1504 2477 1573 de
2504 1519 2615 1573 [ilio
2639 1517 2875 1589 Hyrcani
2910 1525 2967 1572 et
2996 1518 3065 1572 de
3098 1517 3494 1586 redemptionis
3527 1532 3620 1585 pe-

2042 1609 2221 1666 cuniis
2245 1625 2367 1680 quae
2390 1609 2766 1666 Phocensibus
2794 1611 3080 1674 darentur,
3112 1619 3171 1664 et
3197 1608 3265 1664 de
3297 1608 3484 1662 uxoris
3509 1607 3620 1661 fra-

2044 1716 2128 1761 tre
2159 1703 2434 1770 Mattbaeo,
2483 1703 2580 1774 qui
2618 1702 2826 1759 Tenedi
2865 1701 2927 1758 in
2965 1717 3096 1758 arce
3127 1701 3436 1756 custoditus
3469 1708 3624 1756 tene-

2044 1796 2225 1863 batur,
2265 1805 2321 1851 et
2350 1803 2575 1866 propter
2603 1810 2763 1865 quem
2813 1794 3034 1850 silentio
3063 1793 3434 1849 moliebantur
3477 1792 3623 1847 sedi-

362 1882 539 1935 δεὶλων
586 1860 1048 1952 ἐξομαλίσουσαιῖ,
1103 1860 1199 1938 καί
1256 1860 1584 1957 πράγμασιν
1623 1860 1696 1940 ὀὐ
1757 1886 1939 1956 λόγοις

2047 1889 2272 1955 tionem,
2303 1887 2436 1957 quid
2493 1885 2804 1941 faciendum
2849 1895 3016 1941 esset.

363 1973 646 2039 δείξουσαν
689 1974 749 2027 τὸ
787 1974 888 2045 τῆς
931 1976 1225 2048 βασιλικῆς
1269 1979 1498 2049 γνώμης
1533 1978 1847 2047 ἀκήρατον,
1906 1977 1983 2042 ὡς
2041 1977 2193 2041 δόλος
2241 1978 2417 2038 οὐδεὶς
2467 1976 2744 2046 μεσιτεύει
2791 1978 2907 2039 τοῖς
2956 1975 3301 2044 πράγμασιν.
3353 1975 3511 2029 Μετὰ
3565 1975 3622 2028 δὲ

363 2069 538 2124 ταῦτα
608 2069 878 2142 πλήρεσιν
908 2073 1102 2136 ἱστίοις
1131 2075 1189 2137 ἐς
1245 2073 1473 2127 Τένεδον
1503 2075 1724 2156 πρῶτον
1755 2073 2476 2150 όιφῖκται,βουλευσόμενος
2532 2073 2712 2125 ἐκεῖσε
2773 2071 2935 2142 σχολῇ
2993 2072 3120 2142 περί
3168 2089 3228 2124 τε
3274 2070 3370 2124 τοῦ
3432 2071 3625 2132 παιδὸς

375 2167 646 2237 Ὑρκανοῦ
713 2172 806 2222 καὶ
852 2171 961 2226 τῶν
989 2173 1130 2242 ὑπὲρ
1162 2173 1327 2228 αὐτοῦ
1390 2174 1678 2227 Φωκαεῦσι
1738 2171 2119 2244 δοθησομένων
2163 2171 2400 2242 λύτρων,
2436 2171 2529 2224 καὶ
2560 2169 2699 2239 πρός
2744 2185 2809 2238 γε
2876 2168 3005 2238 περὶ
3056 2169 3152 2221 τοῦ
3187 2168 3624 2236 γυναικαδέλφου

363 2259 670 2323 Ματθαίυυ,
708 2262 767 2325 ὃς
822 2262 1233 2333 φρουρούμενος
1285 2265 1386 2334 μὲν
1431 2260 1501 2337 ἦν
1543 2267 1608 2336 τῇ
1643 2265 1752 2318 τῶν
1781 2265 2048 2318 Τενεδίων
2087 2263 2404 2334 ἀκροπόλει,
2445 2261 2531 2316 διὰ
2573 2261 2620 2315 δ’
2651 2250 2815 2314 αὐτόν
2854 2261 3224 2330 νεωτερισμός
3264 2277 3347 2324 τις
3379 2259 3627 2328 ἐξηχεῖτο

366 2356 649 2422 λαθραῖος,
707 2358 802 2409 καὶ
874 2357 975 2410 ὅσα
1045 2360 1139 2413 ἐπὶ
1189 2358 1401 2421 τούτοις
1461 2360 1723 2428 πράττειν
1783 2355 1982 2427 χρεών.

440 2453 544 2505 ΙΖ’.’
567 2454 677 2506 Καὶ
716 2453 890 2508 ταῦτα
924 2453 1024 2521 μὲν
1063 2456 1185 2525 τῇδέ
1216 2472 1293 2525 πη
1325 2453 1582 2524 ἐφέρετο,
1608 2455 1704 2508 καὶ
1743 2453 1804 2507 τὸ
1842 2470 1938 2524 με·

365 2545 616 2613 τόπωρον
659 2547 716 2598 ἐν
760 2545 972 2610 τούτοις
1015 2547 1272 2601 ἐτελεύτα
1300 2564 1312 2578 ’
1343 2546 1453 2610 ἐγὼ
1508 2545 1554 2600 δ’
1599 2545 1940 2614 ἐπανάληψιν

369 2635 622 2705 μετρίαν,
659 2636 910 2691 ἐνταυθοῖ
946 2639 1040 2692 τοῦ
1063 2639 1225 2706 λόγου
1257 2639 1574 2708 γενόμενος,
1602 2639 1940 2706 ποιήσασθαι

369 2728 634 2798 βούλομαι
685 2731 794 2783 τῶν
827 2714 939 2785 ἄνω
995 2748 1099 2784 που
1149 2731 1457 2802 εἰρημένων
1507 2731 1637 2800 ὑμῖν
1668 2730 1942 2802 περὶτῶν

366 2823 463 2875 τοῦ
499 2822 734 2893 Παλαμᾶ
781 2825 916 2894 πρὸς
958 2825 1106 2894 ἡμᾶς
1154 2824 1464 2889 διαλέξεων,
1499 2824 1586 2876 ἵνα
1628 2824 1701 2893 μὴ
1752 2822 1944 2894 πόρῤω

371 2929 475 2965 που
501 2917 602 2984 τῆς
637 2916 856 2986 μνήμης
890 2915 981 2969 τὸν
1007 2915 1198 2985 εἱρμὸν
1243 2916 1453 2968 ἐκεῖνον
1483 2914 1735 2983 ἀφέντες,
1768 2913 1943 2967 λάθω-

375 3024 476 3074 μεν
506 3007 912 3072 ἀπολωλεκότες
941 3008 1011 3063 τὰ
1043 3009 1449 3076 ἀναγκαιότατα
1478 3008 1578 3077 τῆς
1603 3005 1940 3078 δογματικῆς

371 3097 717 3165 ὑποθέσεως.

2114 2448 2280 2506 XVII.
2316 2449 2444 2504 Haec
2492 2447 2659 2519 igitur
2694 2447 2769 2502 ita
2805 2462 2864 2502 se
2901 2446 3238 2512 habuerunt,
3279 2457 3336 2502 et
3371 2457 3626 2508 auctum-

2044 2559 2151 2600 nus
2174 2545 2382 2599 interea
2412 2542 2609 2596 ﬁnivit.
2633 2540 2752 2596 Iam
2781 2556 2912 2596 vero
2938 2556 3038 2610 ego
3063 2556 3188 2595 cum
3220 2542 3327 2594 huc
3356 2542 3623 2604 venerim,

2046 2637 2318 2693 modicam
2351 2651 2542 2691 eorum
2580 2651 2700 2706 quae
2733 2640 2900 2704 supra
2938 2634 3099 2705 567
3129 2635 3196 2689 de
3223 2634 3454 2688 Palamaa
3492 2649 3628 2689 con-

2049 2741 2132 2786 tra
2160 2745 2261 2786 nos
2284 2730 2751 2800 disputationibus
2782 2729 2938 2783 vobis
2967 2729 3221 2797 exposui,
3240 2727 3627 2798 repetitionem

2047 2824 2281 2889 faciam,
2316 2839 2387 2878 ne
2413 2823 2466 2876 in
2508 2821 2870 2891 sequentibus
2905 2836 3090 2875 rerum
3123 2835 3266 2874 nexu
3294 2833 3325 2873 e
3361 2819 3628 2874 memoria

2048 2917 2275 2980 amisso,
2323 2930 2388 2970 ea
2427 2931 2550 2985 qua:
2602 2915 2687 2970 vel
2740 2915 2976 2970 maxime
3010 2911 3321 2968 necessaria
3374 2920 3505 2966 sunt
3557 2911 3625 2972 ad

2048 3009 2410 3081 dogmaticam
2447 3007 2753 3063 doctrinam
2783 3006 3099 3078 perdamus.
