4016 6464
282 378 390 441 [05

1593 387 1770 447 νϊιᾺ
1812 388 1873 448 S.
1919 387 2252 446 CODRATI

3450 388 3556 441 blib

278 491 537 547 τοσοῦτον
592 490 654 546 τὸ
714 495 1063 548 παντάπασιν
1121 493 1288 563 νῆσον
1346 489 1488 550 εἶναι
1543 496 1856 563 κωλύουσα,

1971 495 2122 564 aquis
2149 493 2389 549 medium
2419 508 2477 548 se
2520 491 2680 564 quasi
2718 492 2931 548 obicem
2979 506 3310 560 muru:uq.xc
3371 492 3555 547 inter-

278 586 415 656 παρ’
445 586 572 640 ὅσον
595 585 929 655 ἀμφοτέροις
963 587 1077 649 τοῖς
1106 587 1453 658 ἑκατέρωθεν
1478 586 1673 644 ῦδασιν
1710 590 1863 644 ἀντι-

278 676 512 750 φράττει
539 676 934 747 μεσιτεύουσα.
965 677 1139 749 Ὅσης
1171 678 1275 749 μὲν
1301 675 1396 734 οὖν
1424 678 1584 752 ἔλαχε
1625 681 1727 753 τῆς
1754 682 1865 735 τῶν

275 769 443 841 ὡρῶν
470 768 772 839 εὐκρασίας
798 770 893 822 καὶ
917 769 1022 838 τῆς
1054 770 1169 823 τῶν
1193 771 1372 827 ἄλλων
1411 773 1656 844 χάριτος,
1689 774 1865 829 ὁπόσα

279 863 364 922 είς
396 859 565 924 ἀκοὰς
596 857 900 930 ἀνθρώπων
931 860 1083 915 ίόντα
1111 862 1174 917 ού
1200 862 1464 935 βραχείας
1487 866 1741 938 ἑμπιπλᾷ
1766 866 1866 937 τῆς

276 949 501 1021 ἡδονῆς,
540 950 636 1004 καὶ
662 949 737 1014 ὼς
761 950 1115 1006 ὲνιαυσιαίων
1157 952 1382 1009 κύκλων
1409 958 1642 1020 τακταῖς
1675 958 1866 1028 περιό-

275 1044 392 1106 δοις
437 1042 673 1097 ἐνταῦθα
724 1040 1023 1114 συνέρρεον
1082 1044 1354 1113 Ἑλλήνων
1405 1046 1618 1113 παῖδες,
1684 1046 1864 1102 ἄθλων

207 1197 217 1206 _
278 1134 398 1202 ἅμα
423 1134 520 1188 καὶ
541 1133 797 1188 ιπάθλων
823 1133 1011 1202 ἕνεκα,
1046 1135 1109 1189 οὗ
1137 1136 1233 1190 τοῦ
1264 1138 1537 1209 παρόντος
1567 1140 1698 1202 ῑἴσως
1726 1138 1865 1204 διεξ-

281 1228 421 1281 ιέναι
471 1226 692 1297 καιροῦ*
753 1218 906 1281 ἴσασι
954 1228 1069 1299 γὰρ
1122 1229 1384 1295 ἅπαντες,
1439 1232 1553 1284 ὅσοι
1600 1231 1710 1284 τῶν
1766 1234 1864 1301 τῆς

280 1315 571 1390 ὲλληνῡιῆς
620 1318 813 1388 σοφίας
859 1320 1158 1390 κρατήρων
1183 1321 1278 1374 καὶ
1319 1322 1568 1375 ὁπωσοῦν
1625 1323 1868 1393 ἀπεγεύ-

284 1428 466 1465 σσντο.
501 1410 722 1480 Ταύτης
747 1411 1043 1481 τοιγαροῦν
1067 1413 1222 1484 παρὰ
1248 1413 1347 1484 τὴν
1373 1416 1510 1485 πρὶς
1537 1414 1692 1467 νότον
1712 1413 1865 1479 λῆξίν

278 1505 397 1556 ἐστι
427 1504 579 1565 πόλις
617 1505 649 1574 ἠ
696 1502 976 1574 Κόρινθος,
1026 1504 1337 1576 περιφανὴς
1381 1506 1590 1561 ἀιωθεν
1623 1507 1720 1561 καὶ
1763 1523 1863 1560 πο·

274 1595 656 1664 λυάνθρωπος,
707 1596 801 1650 καὶ
848 1598 992 1661 θεοῖς
1024 1596 1126 1665 μὲν
1175 1598 1443 1669 πρότερον
1487 1598 1720 1670 ἐμπύρῳ
1757 1599 1867 1652 τινὶ

277 1677 490 1758 στοργῇ
546 1687 981 1758 προσανέχουσα,
1048 1690 1143 1745 καὶ
1191 1690 1590 1763 δεισιδαιμονίᾳ
1637 1694 1865 1762 κάτοχος

272 1780 506 1852 ἁπάσῃθ
533 1780 630 1849 ἀφ’
656 1774 717 1835 οῦ
763 1780 808 1833 δ’
857 1782 908 1834 οί
941 1782 1036 1836 τοῦ
1086 1782 1454 1853 εύαγγελικοῦ
1499 1785 1864 1856 κηρύγματος

272 1870 453 1933 ἁλιεῖς
491 1870 591 1940 τὴν
633 1870 737 1941 τῆς
777 1870 937 1941 ἡμῶν
970 1873 1249 1945 σωτηρίας
1288 1876 1535 1947 σαγήνην
1576 1878 1645 1946 τῇ
1687 1876 1868 1929 οἰκου-
1897 1859 1940 1919 Β

275 1961 422 2032 μένῃ
453 1960 727 2030 καθῆκαν,
771 1962 970 2015 αὐτίκα
1020 1963 1087 2034 δὴ
1129 1964 1226 2018 καὶ
1273 1965 1413 2036 αῦτη
1444 1967 1657 2021 ’πάντα
1703 1966 1865 2038 suam

273 2052 526 2122 ἁλμυρὸν
557 2053 972 2123 ἀποσεισαμένη
1008 2054 1146 2124 πρὸς
1193 2055 1264 2107 τὰ
1294 2054 1392 2108 τοῦ
1423 2056 1643 2111 Παύλου
1697 2074 1866 2127 μετα-

272 2143 450 2213 χωρεῖ
478 2141 574 2195 καὶ
610 2141 963 2210 μετατίθεται
985 2142 1225 2207 νάματα.
1253 2142 1591 2214 Γεννήτορες
1614 2144 1670 2198 δὲ
1705 2144 1863 2197 εὐσε-

273 2231 404 2299 ϐείᾳ
432 2230 525 2285 καὶ
556 2230 799 2301 ἑναρίτῳ
823 2231 1071 2301 διαγωγῇ
1103 2230 1520 2301 διαπρέποντες,
1559 2232 1655 2286 καὶ
1697 2248 1865 2303 προσ-

276 2322 367 2374 έτι
395 2336 459 2389 γε
497 2321 755 2392 εὐγενείᾳ
813 2325 909 2374 καὶ
957 2320 1176 2392 πλούτῳ
1219 2322 1378 2392 βαθεῖ
1423 2322 1861 2394 περιὸρίθοντες.

286 2412 455 2466 Ἀλλὰ
485 2413 594 2483 γὰρ
634 2411 894 2483 τοιαύτης
939 2413 1039 2484 μὲν
1070 2415 1168 2484 τῆς
1215 2416 1493 2489 πατρίδος,
1528 2416 1787 2471 τοιούτων
1806 2416 1863 2470 δὲ

274 2498 392 2553 τῶν
426 2499 629 2569 γονέων
678 2503 995 2572 γενόμενος,
1042 2503 1144 2558 ούκ
1191 2505 1423 2560 ἐπιπολὺ
1467 2506 1677 2561 τούτων
1712 2506 1866 2562 ἀπώ-

277 2607 434 2656 νατο,
463 2591 602 2646 ἀλλὰ
657 2596 788 2663 πρὶν
825 2594 859 2664 ἢ
889 2595 991 2659 τὴν
1021 2594 1291 2668 βρεφικὴν
1314 2598 1611 2670 παρελθεῖν
1637 2599 1863 2672 ἠλικίαν

276 2686 492 2754 οἴχεται
522 2686 622 2757 μὲν
654 2690 686 2755 ἡ
724 2687 932 2758 μήτηρ,
964 2688 1175 2760 οἴχεται
1205 2689 1251 2744 δ’
1285 2692 1314 2745 ὁ
1368 2690 1575 2763 πατὴρ,
1624 2694 1684 2747 ἐν
1731 2693 1860 2765 βρα-

277 2781 369 2851 χεῖ
395 2780 456 2832 τὸ
484 2780 661 2849 χρεὼν
714 2781 1072 2851 ὲπιτεμόντες
1106 2781 1361 2853 ἑκάτεροι
1387 2800 1403 2816 °
1460 2784 1655 2856 ὥσπερ
1699 2783 1768 2839 ἂν
1813 2788 1862 2838 εί

277 2870 350 2923 δι’
380 2872 533 2925 οὐδὲν
553 2872 746 2943 ἕτερον
772 2875 855 2938 είς
883 2873 975 2927 τὸν
1007 2874 1123 2944 βίον
1153 2876 1520 2947 παρήχθησαν
1553 2877 1586 2945 ἧ
1609 2876 1710 2947 τῆς
1743 2877 1863 2931 τού-

276 2982 378 3022 του
408 2966 672 3035 γενέσεως
717 2967 903 3023 ἕνεκα.
940 2968 1053 3021 Καὶ
1087 2967 1159 3021 δι’
1199 2968 1334 3022 αύτό
1363 2970 1428 3038 γέ
1460 2987 1546 3023 τοι
1590 2971 1752 3025 τοῦτο
1784 2971 1862 3041 τῷ

280 3058 388 3131 βίῳ
445 3061 621 3131 τούτῳ
670 3062 1161 3131 προσενεγκόντες,
1216 3058 1339 3117 εἶτα
1400 3063 1667 3135 ἀπῆλθον,
1723 3065 1860 3137 μηδὲ

280 3152 450 3207 πλέον
493 3155 761 3220 γενέσεως
796 3156 1251 3228 συγχωρηθέντες
1283 3161 1726 3228 συνεισενεγκεῖν
1752 3159 1863 3213 τῶν

1967 585 2145 653 ponit.
2203 584 2539 653 Temporum
2584 594 2770 639 autem
2824 583 2952 638 anni
3007 582 3333 637 constitutio
3392 598 3556 649 quam

1950 676 2202 744 .benfgna
2235 675 2305 731 ibi
2333 675 2423 741 sit,
2458 685 2664 746 quanta
2697 676 2931 730 aliarum
2966 689 3155 728 rerum
3183 689 3306 742 qua!
3359 673 3428 729 ab
3455 673 3558 727 ho-

1966 770 2213 825 minibus
2247 784 2373 823 cum
2421 770 2708 839 voluptate
2754 784 2861 822 non
2913 766 3180 821 mediocri
3231 765 3559 826 audiuntur,

1965 864 2139 935 gratia
2167 879 2232 919 ac
2270 862 2584 925 ammnitas,
2636 862 2758 931 quis
2826 861 3146 917 Grmcorum
3209 859 3340 914 olim
3400 867 3559 913 Slﬂtls

1965 973 2237 1012 annorum
2271 954 2515 1026 periodis
2542 955 2610 1009 ad
2658 955 2963 1009 certamina
3017 952 3180 1007 simul
3219 961 3274 1006 et
3331 951 3554 1021 praemia

1965 1064 2293 1113 concursus,
2324 1064 2449 1102 cum
2483 1050 2692 1103 sciatur
2727 1050 2795 1102 ab
2838 1046 3096 1100 omnibus
3146 1045 3241 1115 qui
3287 1044 3558 1113 sapientia

1966 1141 2152 1194 Caeca
2180 1139 2685 1208 quomodocunque
2716 1137 2865 1191 labra
2916 1137 3263 1206 proluerunt,
3332 1150 3439 1187 non
3476 1143 3560 1188 cst

1966 1231 2112 1285 forte
2140 1245 2291 1284 nunc
2316 1244 2540 1283 narrare
2563 1236 2958 1297 opportunum.
3020 1224 3193 1292 Hujus
3219 1224 3385 1294 igitur
3419 1222 3559 1277 isth-

1967 1321 2042 1376 mi
2073 1322 2138 1377 ad
2167 1333 2423 1377 austrum
2462 1321 2597 1374 ﬂues
2651 1320 2784 1373 urbs
2833 1318 3136 1374 Corinthus
3167 1316 3410 1386 attingit,
3442 1315 3559 1385 pri-

1968 1416 2072 1469 mis
2097 1415 2165 1469 ab
2193 1415 2369 1469 initiis
2398 1414 2543 1468 clara
2564 1416 2627 1467 et
2667 1412 2870 1482 populo
2906 1411 3190 1480 frequens,
3222 1409 3555 1477 ardentique

1967 1512 2170 1565 affectu
2220 1508 2329 1564 diis
2362 1507 2608 1573 addicta,
2668 1519 2906 1576 quorum
2952 1504 3104 1557 omni
3165 1501 3560 1572 superstitione

1967 1603 2330 1658 fauaticorum
2366 1601 2421 1656 in
2458 1613 2671 1655 morem
2723 1608 2980 1667 correpta
3012 1605 3133 1651 erat
3173 1614 3187 1650 :
3220 1595 3398 1649 donec
3445 1606 3562 1646 tau-

1967 1699 2090 1754 dem
2117 1697 2424 1767 evangelici
2460 1692 2721 1767 praeconii
2760 1692 3160 1764 piscatoribus,
3208 1699 3327 1743 rete
3359 1688 3561 1741 salutis

1968 1802 2173 1846 nostra:
2234 1805 2335 1861 per
2399 1787 2724 1843 universum
2781 1785 2973 1839 orbem
3029 1783 3365 1842 laxantibus,
3444 1779 3559 1849 ipsa

1968 1896 2189 1953 quoque
2221 1879 2496 1950 extemplo
2523 1877 2823 1947 salsuginis
2854 1875 3114 1946 abyssum
3140 1888 3359 1926 omnem
3390 1886 3558 1925 excu-

1967 1978 2136 2036 tiens,
2170 1971 2236 2026 ad
2266 1970 2422 2026 Pauli
2469 1984 2593 2025 sese
2626 1968 2824 2023 latices
2884 1965 3234 2019 transferret.
3273 1960 3396 2016 illic
3450 1960 3555 2014 Co-

1966 2064 2440 2134 dratigcnitores,
2481 2062 2709 2132 pietate,
2748 2069 2803 2114 et
2846 2060 3103 2114 instituto
3144 2057 3271 2110 vitae
3330 2054 3395 2107 ad
3447 2052 3560 2107 vir-

1969 2162 2103 2217 tutis
2132 2176 2377 2215 normam
2411 2171 2628 2222 exacto,
2658 2156 2954 2212 nobilitate
2987 2156 3117 2209 item
3149 2149 3559 2217 luculentisque

1965 2255 2165 2324 Opibus
2195 2252 2547 2308 ﬂoruerunt:
2583 2266 2685 2306 nec
2736 2236 2918 2305 tamen
2953 2248 3029 2303 illi
3064 2257 3183 2302 orto
3230 2243 3323 2299 tali
3378 2240 3558 2313 patria

1967 2346 2278 2415 talibusque
2310 2344 2634 2406 parentibus
2659 2341 2871 2413 perfrui
2932 2339 3054 2394 istis
3105 2337 3336 2391 multum
3373 2332 3556 2388 lit-uit.

1966 2437 2142 2492 Annis
2167 2436 2414 2491 infantia:
2446 2435 2684 2490 necdum
2722 2432 3016 2492 absolutis.
3054 2430 3292 2485 moritur
3327 2427 3405 2481 illi
3444 2439 3560 2478 ma-

1968 2535 2072 2592 ter,
2106 2528 2343 2582 moritur
2367 2535 2425 2582 et
2464 2534 2643 2596 pater,
2710 2524 2868 2579 brevi
2912 2523 3072 2590 plane
3107 2518 3402 2576 intervallo
3462 2533 3561 2570 na-

1966 2629 2109 2674 tura:
2152 2618 2403 2674 debitum
2435 2616 2924 2689 uterquesolvens,
2961 2623 3021 2668 ut
3049 2610 3328 2684 gignendo
3348 2617 3560 2662 tantum

1962 2709 2205 2768 Codrato
2232 2712 2402 2766 vitam
2433 2708 2619 2779 adepti
2644 2707 2986 2769 viderentur,
3020 2718 3131 2774 quo
3161 2710 3290 2757 nato
3321 2699 3563 2768 migran-

1964 2803 2096 2859 dum
2132 2803 2267 2875 ipsis
2306 2817 2372 2857 ac
2412 2809 2614 2873 praeter
2679 2799 3025 2853 nativitatem
3082 2794 3218 2849 nihil
3253 2791 3365 2847 lilio
3405 2788 3563 2843 exhi-

1964 2894 2209 2951 bendum
2258 2903 2409 2951 esset
2467 2906 2686 2954 eorum.
2750 2891 2953 2961 quibus
2994 2899 3187 2942 natura
3250 2884 3562 2951 insitnsque

1964 2985 2288 3057 parentibus
2312 2984 2367 3038 in
2395 2982 2563 3039 fastus
2593 2997 2748 3035 amor
2776 2978 3001 3050 defungi
3031 2985 3258 3049 cogunt,
3286 2983 3398 3029 tota
3422 2971 3562 3027 edu-

1964 3077 2203 3134 cationis
2239 3090 2339 3147 spe
2376 3075 2581 3147 rejecta
2635 3073 2691 3128 in
2723 3070 2917 3125 Deum.
2989 3067 3178 3138 Itaque
3214 3064 3462 3133 suscepit
3493 3061 3559 3116 il.

1965 3170 2079 3224 lum
2113 3167 2385 3222 Dominus
2414 3163 2564 3221 omni
2598 3162 2886 3218 hominum
2919 3175 3023 3231 ope
3082 3158 3411 3213 destitutum
3438 3148 3561 3223 (nei

279 3247 386 3302 ὅσα
411 3248 570 3317 φύσις
600 3250 696 3301 καὶ
725 3249 924 3319 φίλτρα
962 3250 1156 3318 γονέας
1187 3251 1554 3322 ἀφοσιοῦσθαι
1582 3270 1865 3334 καταναγ-

1973 3277 2081 3332 que
2110 3260 2259 3315 enim
2292 3259 2437 3315 solet
2466 3257 2747 3313 hominem
2781 3255 2835 3309 in
2895 3254 3073 3307 lucem
3129 3249 3300 3307 semel
3354 3248 3561 3303 editum

279 3342 521 3409 κάζουσι
550 3346 664 3406 τοῖς
693 3343 909 3396 ἑαυτῶν
952 3342 1246 3415 βρέφεσινο
1286 3343 1425 3399 ἀλλὰ
1467 3346 1649 3400 πᾶσαν
1679 3346 1754 3410 ὡς
1787 3349 1866 3402 εἰ·

282 3438 410 3489 πεῖν
440 3435 777 3505 κηδεμονίας
822 3435 1016 3490 ἐλπίδα
1066 3437 1207 3506 πρδς
1251 3437 1387 3492 Θεὸν
1434 3438 1862 3512 ἀναρρίψαντες.

287 3530 667 3600 Προσελάὸετο
701 3530 800 3600 μὲν
828 3525 924 3584 οὖν
954 3532 982 3584 ὁ
1014 3529 1220 3599 Κύριος
1256 3530 1419 3584 αὑτὸν
1450 3532 1632 3602 πάσης
1658 3532 1866 3604 ἔρημον

286 3622 631 3693 ἀνθρωπίνης
667 3624 797 3677 ὄντα
843 3625 1169 3693 ἐπικουρίας
1200 3623 1281 3694 (ού
1317 3623 1426 3693 γὰρ
1479 3624 1547 3679 ἂν
1572 3625 1661 3696 εἴη
1704 3625 1866 3680 τοῦτο

291 3713 451 3782 νόμος
492 3713 631 3767 Θεοῦ
690 3715 772 3776 είς
827 3713 943 3782 φῶς
987 3713 1138 3781 ἅπαξ
1182 3714 1603 3784 προεληλυθότα
1649 3715 1867 3787 ἄνθρω-

288 3822 391 3861 πον
432 3806 705 3878 παριδεῖν,
770 3804 830 3868 ὂς
880 3805 1067 3859 δίδωσι
1118 3805 1330 3877 τροφὴν
1366 3806 1516 3878 πάσῃ
1546 3807 1736 3876 σαρκὶ,
1776 3810 1871 3863 καὶ

282 3899 403 3962 τοῖς
454 3900 713 3969 κτήνεσιν
763 3896 1114 3966 ἑξανατέλλει
1165 3897 1383 3969 χόρτον,
1428 3900 1525 3951 καὶ
1573 3899 1742 3953 πᾶσιν
1791 3901 1874 3963 είς

216 4009 237 4018 ο
283 3991 548 4065 εὐκαιρον
594 3991 694 4063 τὴν
732 3990 940 4063 τροφὴν
987 3988 1344 4063 πρυτανεύει)
1395 3990 1490 4045 καὶ
1541 3991 1740 4061 μικρὸν
1774 3993 1873 4062 τῆς

280 4085 399 4139 τῶν
424 4085 634 4140 πολλῶν
652 4086 941 4157 ἐπιμιξίας
965 4084 1299 4154 ἀπαγαγὼν,
1322 4084 1417 4138 καὶ
1447 4086 1530 4147 είς
1559 4086 1731 4157 ἀγρόν
1750 4103 1874 4140 τινα

279 4176 515 4244 ἀγαγὼν
549 4177 870 4249 προύνοεῖτο
894 4176 1087 4230 τούτου
1120 4173 1464 4246 παραδόξως,
1500 4175 1596 4229 καὶ
1623 4177 1875 4250 ἀπορρή-

1975 3352 2120 3408 Deus
2157 3351 2459 3423 negligere,
2520 3347 2615 3419 qui
2652 3348 2746 3403 dat
2781 3361 2965 3402 escam
3026 3344 3179 3397 omni
3230 3339 3408 3401 carni,
3466 3337 3562 3406 qui

1966 3444 2236 3517 iumentis
2265 3441 2523 3513 producit
2555 3441 2789 3504 faenum,
2848 3448 2904 3493 et
2939 3435 3156 3491 cunctis
3221 3433 3277 3487 in
3318 3441 3566 3501 tempore

1973 3518 2323 3607 opportuno.
2346 3535 2529 3590 cibum
2592 3535 2821 3605 praebet)
2884 3531 3227 3603 parvuloque
3276 3542 3306 3581 a
3354 3522 3566 3593 vulgari

1973 3626 2397 3684 conversatione
2434 3626 2488 3680 in
2534 3641 2727 3697 agrum
2778 3622 3073 3694 quemdam
3125 3618 3368 3674 abducto
3395 3615 3565 3669 mira-

1973 3718 2166 3775 biliter
2226 3715 2536 3789 prospexit,
2610 3726 2667 3771 et
2732 3712 3109 3770 inelfabilibus
3157 3707 3357 3767 modis.
3419 3707 3569 3761 sicut

1973 3810 2262 3866 alumnum
2283 3808 2437 3863 illum
2458 3805 2634 3862 eremi
2660 3804 2795 3860 olim
2841 3800 3143 3859 Salvatoris
3176 3798 3567 3857 Prodromum,

1973 3903 2261 3960 enutrivit.
2295 3900 2448 3957 Unde
2478 3915 2627 3955 cura:
2653 3907 2709 3953 et
2753 3892 3118 3968 providentia:
3180 3893 3271 3948 Dei
3304 3890 3569 3947 commis-

1974 4011 2093 4062 sus,
2124 3993 2398 4066 sapientia
2429 3992 2597 4048 simul
2628 4000 2684 4047 et
2739 3990 2914 4062 gratia
2941 3986 3227 4044 crescebat
3280 4001 3345 4040 ac
3401 3982 3570 4055 proli-

1976 4090 2178 4154 ciebat,
2214 4087 2382 4144 variis
2412 4085 2562 4141 circa
2613 4101 2742 4140 eum
2777 4083 3062 4138 miraculis
3121 4079 3373 4151 quotidie
3435 4093 3571 4131 con-

1979 4180 2342 4253 ﬁngentibus.

280 4289 402 4334 τοις
449 4271 674 4342 τρόποις
717 4270 992 4339 διέτρεφε,
1059 4268 1316 4337 καθάπερ
1358 4266 1630 4339 πρότερον
1665 4270 1760 4324 τὸν
1805 4275 1905 4343 τῆς
1947 4274 2165 4346 ἐρήμου
2220 4273 2496 4343 τρόφιμον
2543 4272 2639 4325 καὶ
2678 4270 2773 4325 τοῦ
2843 4270 3100 4341 Σωτῆρος
3128 4269 3464 4340 [πρόδρομον.
3512 4262 3572 4315 Ὀ

281 4365 329 4418 δ’
359 4367 465 4420 ὑπὸ
497 4365 616 4436 Θεῷ
651 4365 913 4435 κηδεμόνι
944 4365 1038 4418 xal
1076 4359 1354 4434 προμηθεῖ
1395 4360 1601 4432 ηὔξανε
1665 4363 1760 4419 καὶ
1816 4367 2122 4423 ἐτελειοῦτο
2155 4368 2322 4437 σοφίᾳ
2361 4365 2458 4418 καὶ
2526 4368 2737 4439 χάριτι,
2783 4367 3048 4422 ποικίλων
3108 4367 3167 4419 ὲν
3198 4364 3362 4437 αὐτῷ
3387 4378 3572 4433 παρα-

281 4461 454 4527 δόξων
487 4460 763 4529 ὁσημέραι
796 4456 1163 4528 τελουμένων.

354 4557 427 4627 γ’.
464 4549 630 4610 Ἀλλὰ
677 4555 788 4625 γὰρ
832 4556 1075 4632 ἐνταῦθα
1102 4556 1199 4611 τοῦ
1245 4557 1410 4625 λόγου
1441 4559 1761 4629 γενόμενος.
1791 4560 1868 4612 ἐν·

2057 4560 2114 4616 5.
2147 4562 2328 4632 Atque
2351 4562 2462 4621 hic.
2525 4575 2637 4615 non
2689 4572 2913 4629 possum
2976 4556 3260 4626 equidem,
3320 4553 3576 4607 oratione

288 4651 487 4721 θύμιον
510 4649 867 4719 ἐποιησάμην
890 4650 981 4703 τὸν
1023 4649 1284 4704 ὲκλεκτδν
1323 4651 1418 4705 τὸν
1460 4651 1556 4705 τοῦ
1594 4651 1740 4705 Θεοῦ
1770 4651 1880 4706 Ἰσ-

288 4740 450 4813 ραὴλ,
480 4741 577 4794 καὶ
602 4741 730 4794 ὅσον
772 4739 962 4793 θεόθεν
994 4740 1352 4812 πεπείραται,
1385 4740 1498 4794 τῶν
1527 4742 1714 4797 καλῶν
1751 4742 1880 4813 ἄρτι

284 4835 389 4903 τῆς
439 4834 678 4904 ἐρημίας
709 4833 850 4903 μετὰ
876 4832 977 4901 τὴν
1011 4832 1071 4897 ιε
1115 4835 1401 4902 Αἰγύπτου
1442 4834 1625 4905 φυγὴν
1659 4835 1876 4899 ὲπιδὰςς

289 4927 384 4980 καὶ
430 4925 584 4980 οὐδὲν
619 4926 851 4995 ἀνόμοια
896 4924 966 4978 τὰ
996 4925 1118 4978 τότε
1155 4927 1270 4985 τοῖς
1300 4926 1396 4979 νῦν
1452 4925 1780 4998 παρατιθεὶς
1825 4928 1881 4978 ξ-

288 5019 597 5089 φευρίσκω.
627 5018 809 5087 Νέφος
844 5019 954 5088 γὰρ
985 5016 1081 5070 νῦν
1111 5016 1233 5088 μεθ’
1262 5018 1475 5088 ἡμέραν
1514 5019 1615 5088 μὶν
1648 5019 1880 5087 ὑποτρέ-

285 5130 387 5183 χον
433 5112 527 5163 τὸν
568 5111 743 5181 ἥλιον,
782 5110 878 5164 καὶ
929 5110 1359 5179 ἀπομαχόμενον
1401 5112 1524 5174 ταῖς
1572 5111 1668 5163 τοῦ
1716 5112 1874 5182 ἡλίου

289 5204 657 5273 φλογώσεσιν,
695 5201 920 5272 ἐαρινὴν
947 5206 1208 5272 παρεῖχεν
1233 5202 1310 5271 τῷ
1342 5203 1482 5270 ἁγίῳ
1510 5202 1611 5272 τὴν
1640 5205 1743 5271 τῆς
1782 5219 1878 5271 μεο

289 5295 574 5366 σημὸρίας
607 5294 798 5361 ὤραν
853 5293 1067 5363 νύκτωρ
1105 5294 1149 5345 δ’
1204 5293 1271 5347 αὖ
1308 5294 1475 5346 οἱονεί
1520 5311 1606 5354 τις
1652 5294 1875 5361 λαμπὰς

289 5391 611 5459 ἐφεστήκει,
646 5388 745 5458 τὴν
777 5388 1107 5457 νυκτερινὴν
1139 5388 1380 5455 ζόφωσιν
1411 5389 1492 5451 είς
1528 5388 1877 5458 μεσημϐρίαν

270 5483 545 5556 ,ἁμεῖὸον.
582 5484 691 5536 Καὶ
722 5484 843 5536 τότε
866 5484 988 5553 μὲν,
1022 5484 1206 5552 φησιν,
1237 5485 1335 5534 οὐκ
1364 5478 1431 5552 ἦν
1455 5483 1513 5533 ἐν
1537 5486 1655 5545 ταῖς
1681 5473 1877 5551 φυλαῖς

291 5575 474 5630 αὐτῶν
509 5577 536 5626 ὁ
585 5573 850 5628 ἀσθενῶν.
907 5574 1019 5629 Καὶ
1052 5567 1206 5637 οὗτος
1231 5573 1289 5625 δὲ
1330 5575 1447 5637 ταῖς
1482 5573 1748 5644 ἐρημίαις
1779 5576 1877 5627 καὶ

297 5668 467 5740 μηδὲν
529 5667 780 5736 ἐχούσαις
831 5666 985 5732 ὑγιὲς
1035 5665 1388 5735 παραμύθιον
1437 5666 1877 5737 ἐδιαιτὼμενος,

367 5827 551 5884 'Pml.
587 5843 697 5892 CIV,
736 5827 814 5880 εὖ.

1974 4651 2099 4722 ipsa
2153 4653 2507 4707 occasionem
2566 4649 3049 4709 subministrante,
3129 4661 3241 4699 non
3293 4644 3573 4699 recordari

1978 4758 2199 4808 eorum,
2240 4759 2365 4814 quae
2397 4758 2428 4798 a
2461 4743 2575 4798 Deo
2602 4742 2819 4796 electus
2879 4738 3073 4801 Israel,
3138 4737 3272 4789 dum
3323 4745 3447 4805 post
3483 4733 3573 4787 fu-

1980 4852 2106 4908 gam
2180 4852 2249 4891 ex
2295 4835 2530 4905 Egypto
2590 4835 2694 4889 frui
2755 4833 3044 4887 beneficiis
3093 4829 3299 4884 deserti
3360 4828 3575 4897 incipit,

1980 4928 2250 4983 divinitus
2269 4937 2354 4983 est
2388 4938 2672 4997 expertus,
2719 4927 2806 4981 his
2837 4926 2905 4979 de
2934 4925 3139 4994 quibus
3169 4923 3386 4987 agimus
3438 4937 3577 4974 neu-

1980 5020 2216 5088 tiquam,
2251 5018 2296 5071 si
2334 5028 2749 5087 comparentur,
2778 5012 3092 5069 dissimilia.
3154 5013 3342 5066 Nubes
3378 5026 3578 5080 nempe

1985 5110 2077 5165 hic
2109 5125 2331 5179 quoque
2361 5109 2603 5163 interdiu
2635 5110 2806 5161 solent
2870 5106 3098 5161 subiens
3146 5116 3201 5158 ct
3268 5119 3391 5159 cum
3457 5106 3581 5172 ejus

1987 5202 2217 5258 aestibus
2243 5203 2570 5272 depugnans
2600 5200 2895 5263 ell‘tciebat,
2955 5210 3015 5253 ut
3050 5199 3374 5253 meridianis
3424 5198 3582 5250 horis

1988 5295 2227 5351 Sancuts
2272 5311 2366 5349 ver
2403 5297 2648 5358 haberet,
2691 5295 2873 5348 noctis
2923 5303 3109 5347 autem
3168 5290 3434 5347 tenebrae.
3484 5288 3579 5341 ad-

1983 5400 2151 5444 ventu
2191 5389 2477 5459 cujusdam
2505 5390 2660 5457 quasi
2691 5387 2979 5458 lampadis,
3019 5386 3074 5439 in
3121 5383 3406 5437 meridiem
3450 5396 3586 5436 con-

1986 5483 2370 5537 vertebautur.
2415 5482 2665 5552 Cumque
2711 5464 2996 5550 S'criptura
3038 5476 3218 5531 teste‘
3253 5476 3305 5527 in
3358 5474 3580 5529 Israeli-

1990 5585 2172 5631 tarum
2228 5575 2487 5632 tribubus
2550 5590 2714 5629 nemo
2763 5581 2897 5627 tunc
2956 5571 3207 5625 infirmus
3257 5578 3429 5628 esset.
3490 5566 3582 5623 hic

1992 5685 2216 5739 quoque
2255 5668 2492 5723 desertis
2528 5667 2580 5720 iu
2624 5666 2783 5729 locis,
2842 5664 2990 5721 nulla
3022 5661 3274 5718 sanitatis
3329 5659 3581 5718 subsidia
