4016 6474
551 349 654 411 507
1759 363 2178 426 NICEPHORI
2219 367 2608 430 GREGOR/E
3650 385 3734 450 508

547 462 1012 524 ministrantibus.
1039 464 1306 525 habitans.
1337 481 1665 526 cmi-laneam
1695 481 1873 529 tamen
1897 491 2113 547 semper

2217 478 2513 550 ἡλικιώτην
2540 482 2626 534 ἀεὶ
2647 481 2747 552 τήν
2771 483 2962 550 ὑγείαν
2987 479 3098 554 ε’χε
3132 488 3223 539 καὶ
3253 487 3554 559 σύντροφον.
3573 495 3713 569 Ἐσθῆ

545 553 652 607 sibi
681 555 1180 625 convictricetnque
1207 560 1435 614 habebat
1459 565 1768 621 sanitatem.
1786 565 1943 623 Veste
1967 571 2112 625 enim

2216 571 2305 633 τός
2333 588 2396 639 γε
2431 573 2539 643 μὴν
2569 575 2660 626 καὶ
2706 576 2932 644 χιτῶνος
2969 553 3066 630 καῖ
3088 553 3467 647 ὑποδημάτων-
3486 587 3572 637 καὶ
3590 553 3737 644 ἄλλων

549 660 704 703 vero.
746 656 802 700 et
831 649 1036 712 tunica,
1089 659 1143 704 et
1198 652 1318 706 aliis
1377 654 1686 722 hujusmodi
1748 665 1932 726 rebus,
1993 678 2115 731 quae

2215 663 2426 716 ὁπόσων
2455 665 2548 718 καὶ
2576 667 2705 720 οἴων
2738 668 2875 736 πρὸς
2917 669 3218 738 περιϐολὴν
3251 669 3495 741 σώματος
3522 677 3575 729 ἐν
3601 685 3739 752 χρείᾳ

551 735 760 792 homini
826 738 893 792 ad
955 743 1214 796 amictum
1265 749 1514 813 corporis
1582 752 1890 806 necessaria
1961 764 2110 818 sunt,

551 837 666 882 toto
702 829 803 884 hoc
838 841 1106 887 montanae
1136 836 1462 905 rusticasque
1510 838 1633 893 vitae
1689 851 1934 912 tempore
1969 862 2112 900 nun-

548 935 710 988 quam
746 922 1010 992 indiguit;
1045 924 1143 979 sed
1179 942 1284 994 qua
1317 937 1572 996 parentes
1600 931 1779 1000 ipsum
1818 945 2112 1005 antequam

545 1022 911 1077 morerentur,
941 1013 1410 1079 instruxerant,ea
1440 1020 1514 1074 illi
1545 1023 1710 1078 vestis
1734 1025 1849 1078 sola
1874 1026 2112 1094 suffecit,

547 1099 880 1154 ineffabilem
944 1103 997 1155 in
1056 1103 1276 1158 modum
1332 1122 1458 1161 cum
1519 1124 1804 1168 crescente
1849 1115 2112 1183 Codrato,

545 1189 658 1256 ipsa
677 1207 893 1261 quoque
920 1209 1173 1248 crescens
1194 1207 1250 1250 et
1275 1197 1460 1266 vigens
1485 1214 1720 1270 semper.
1746 1203 1887 1269 Quid
1910 1208 2115 1263 multa?

545 1280 912 1338 Providentiae
964 1301 1087 1354 erga
1146 1288 1326 1356 ipsum
1377 1298 1522 1344 tanta
1577 1293 1682 1347 fuit
1748 1295 2110 1366 immensitas,

545 1373 871 1428 miraculum
908 1383 1430 1448 tantum,quantum
1495 1399 1619 1439 esse
1676 1391 1937 1445 convenit
1983 1407 2112 1464 erga

545 1480 694 1531 eum,
721 1466 811 1534 qui
852 1466 963 1522 Deo
1026 1471 1194 1524 semel
1236 1485 1592 1531 consecratus
1623 1487 1728 1543 est,
1796 1479 2114 1555 dextraeque

545 1556 670 1627 ejus
699 1556 870 1610 ductu
907 1566 1054 1612 totus
1087 1561 1316 1631 regitur.

616 1646 670 1700 4.
700 1647 1035 1717 Aderatjam
1073 1653 1365 1719 perfectior
1392 1663 1548 1737 tetas,
1607 1655 1866 1729 lanugine
1919 1665 2112 1732 malas,

544 1744 786 1804 mystaee
848 1737 1063 1792 labrum
1116 1739 1433 1811 obtegente,
1493 1759 1617 1798 cum
1666 1750 1732 1801 ad
1793 1751 1984 1807 urbem
2021 1754 2112 1811 ille

543 1825 848 1892 descendit,
897 1843 962 1882 ac
1005 1844 1131 1883 cum
1190 1831 1504 1890 hominibus
1545 1843 1863 1897 conversari
1922 1847 2111 1916 coepit,
2144 1815 2185 1871 Β

543 1916 730 1971 divina
761 1920 984 1974 oracula
1016 1921 1068 1974 in
1111 1923 1292 1976 cibum
1327 1923 1463 1993 ipsis
1481 1941 1783 1998 apponens,
1828 1949 1922 1990 rus
1958 1939 2116 1993 olen-

546 2014 654 2058 tem
693 2007 936 2075 quidem,
963 2020 1019 2063 at
1044 2009 1250 2075 fertile,
1295 2026 1352 2067 et
1383 2013 1495 2079 cui,
1527 2025 1588 2070 ut
1629 2018 1988 2079 admirandus
2017 2027 2114 2081 Sa-

543 2095 722 2151 lomon
748 2097 824 2167 (l)
861 2099 958 2164 ait,
999 2100 1260 2156 Dominus
1290 2101 1592 2159 benedixit.
1629 2106 1844 2179 itaque,
1902 2114 2113 2183 quasia

542 2187 726 2242 divina
758 2191 992 2258 quadam
1057 2193 1267 2249 visione
1326 2210 1524 2251 recens
1574 2200 1848 2268 rediisset,
1897 2205 1965 2260 ab
1994 2208 2115 2277 ejus

542 2295 639 2334 ore
682 2281 930 2337 homines
967 2285 1298 2354 pendebant,
1331 2295 1405 2342 ‘et
1456 2288 1511 2343 in
1543 2293 1903 2352 eumiintenti
1953 2309 2116 2355 erant

541 2383 652 2422 non
685 2384 845 2426 secus
873 2387 938 2426 ac
976 2370 1232 2429 lsraelitae
1269 2375 1324 2429 in
1359 2391 1613 2448 magnum
1643 2382 1736 2437 Dei
1771 2389 2114 2457 contempla-

543 2467 715 2513 torem
744 2461 1004 2531 Moysem.
1038 2463 1142 2518 ista
1171 2466 1250 2520 sic
1279 2466 1410 2523 dum
1467 2470 1682 2537 fierent,
1735 2475 1845 2545 jam
1879 2478 1980 2547 ipsi
2013 2479 2141 2562 ali-I

543 2563 678 2619 quot
718 2552 1065 2610 adha‘scrant
1096 2557 1340 2627 illorum,
1397 2577 1538 2631 quos
1590 2570 1996 2626 consuetudine
2057 2583 2114 2628 et

543 2645 793 2699 moribus
818 2648 1139 2718 conjunctos
1173 2653 1444 2724 quasique
1474 2659 1875 2728 conspirantes,
1916 2661 2110 2719 iisdem

541 2735 744 2804 quibus
796 2737 976 2808 ipsum
1011 2742 1270 2810 passibus
1324 2746 1425 2801 viae
1482 2749 1610 2803 huic
1670 2749 1924 2807 insistere
1952 2755 2112 2824 juva-

540 2827 655 2890 hat,
705 2845 828 2883 cum
859 2832 1060 2899 quibus
1093 2836 1255 2890 modo
1288 2838 1616 2894 excurrebat
1645 2841 1700 2895 in
1740 2859 1920 2914 agros,
1947 2847 2111 2902 modo

539 2921 608 2974 ad
639 2921 827 2977 urbem
868 2925 1102 2994 redibat,
1142 2929 1213 2982 ita
1250 2938 1430 2986 tamen
1467 2942 1528 2987 ut
1586 2935 1946 3006 inaequalibus
2007 2940 2110 2996 ista

542 3024 852 3085 temporum
928 3021 1122 3089 spatiis
1179 3023 1566 3079 definirentur.
1627 3027 1993 3098 Frequentlor
2053 3034 2109 3088 in

2214 749 2574 805 καθίστανται
2627 754 2925 823 ἄνθρωποι,
2973 755 3190 817 οὐδενὸς
3214 758 3275 810 τὺ
3322 764 3574 828 παράπαν
3594 749 3742 822 ἐδεῖτο

2214 843 2343 912 παρ’
2366 843 2494 912 ὃλην
2513 845 2611 915 τὴν
2639 846 2856 916 ὀρεινὴν
2882 847 3100 916 ἐκείνην
3127 850 3221 901 καὶ¹
3247 851 3496 921 ἄγροικον
3523 854 3740 912 δίαιταν·

2214 932 2348 985 ἀλλά
2385 934 2553 1005 μόνην
2586 937 2800 1006 ἐκείνην
2840 938 3172 1008 ἀποχρῶσαν
3213 939 3327 1010 εἶχε
3363 945 3639 1017 περιϐολήν
3663 961 3742 1003 και

2213 1023 2573 1091 ἀκμάζουσαν
2607 1027 2694 1079 ἀεὶ
2725 1027 2819 1080 καὶ
2842 1029 3203 1085 συνανιοῦσαν
3231 1034 3546 1105 ἀπορρήτως
3575 1044 3635 1110 τῇ
3657 1043 3742 1111 τῆς

2215 1114 2432 1185 ἡλικίας
2460 1119 2691 1188 αὐξήσει
2723 1121 2819 1174 καὶ
2855 1121 3162 1194 ἀναδρομῇ,
3191 1125 3260 1195 ἢν
3288 1127 3434 1198 αὐτῷ
3455 1130 3577 1201 πρὶν
3607 1133 3637 1200 ἢ
3665 1139 3742 1188 τδν

2216 1206 2331 1276 βίον
2362 1207 2656 1263 ἀπολιπεῖν
2716 1213 2765 1265 oi
2817 1213 2996 1281 γονεῖς
3042 1218 3515 1288 περιεποιήσαντο.
3565 1224 3665 1277 Καὶ
3699 1229 3743 1278 τί

2212 1297 2292 1352 δεῖ
2321 1299 2389 1352 τὰ
2428 1301 2599 1356 πολλά
2647 1305 3016 1371 καταλέγειν;
3072 1307 3358 1378 Τοσαύτης
3405 1313 3632 1367 ἀπέλαϐε
3659 1319 3744 1383 τῆς

2212 1391 2445 1461 ἀπείρου
2474 1393 2567 1446 καὶ
2603 1393 2912 1463 παραδόξου
2939 1395 3300 1464 κηδεμονίας,
3326 1399 3454 1469 ὅσην
3482 1403 3617 1466 είκὺς
3644 1405 3746 1474 Θεῷ

2214 1481 2471 1549 καθάπαξ
2499 1484 2825 1539 ἀνατιθέντα
2851 1486 2946 1539 καὶ¹
2975 1487 3113 1554 πρὸς
3139 1491 3237 1558 τῆς
3265 1491 3472 1545 ἐκείνου
3501 1511 3744 1565 χειραγωο

2214 1573 2312 1641 γού
2322 1590 2484 1643 μενον
2520 1573 2724 1639 δεξιᾶς.

2283 1664 2347 1722 δ’.
2393 1667 2532 1738 Ἤδη
2580 1668 2638 1721 δέ
2688 1668 2784 1722 καὶ
2827 1669 3170 1744 τελειοτέρας
3207 1675 3415 1744 ἥπτετο
3439 1676 3536 1740 τῆς
3559 1676 3746 1746 ήλικίας

2214 1756 2312 1810 καὶ
2343 1757 2514 1826 συχνή
2547 1773 2630 1820 τις
2655 1759 2916 1828 τρίχωσις
2950 1764 3258 1832 περιετίθει
3279 1765 3378 1827 τὰς
3408 1767 3646 1836 παρειὰς,
3669 1769 3748 1819 καὶ

2215 1847 2395 1918 ὑπήνη
2427 1847 2518 1902 τὸν
2558 1849 2801 1917 πώγωνα
2833 1852 3265 1918 συνεκάλυπτεν,
3299 1857 3458 1910 ὁπότε
3487 1856 3548 1927 δὴ
3571 1858 3655 1910 καὶ
3679 1859 3748 1919 είς

2213 1940 2370 1994 πόλιν
2407 1941 2506 2010 ιήδη
2535 1941 2751 2012 κατῄει,
2799 1943 2894 1995 καί⁵
2925 1943 3234 2014 ἀνθρώποις
3271 1946 3485 2015 ὡμίλει,
3517 1949 3606 2001 καὶ
3635 1950 3748 2018 τρά-

2214 2029 2384 2094 πεξαν
2433 2029 2598 2083 οἱονεί
2660 2047 2786 2085 τινα
2819 2032 3106 2102 παρετίθει
3165 2035 3233 2087 τὰ
3293 2036 3388 2088 τοῦ
3421 2037 3553 2089 Θεοῦ
3596 2036 3744 2104 λόγια,

2213 2118 2389 2190 ἀγροῦ
2421 2121 2527 2188 μέν
2567 2136 2714 2183 τινος
2753 2121 2829 2190 τῷ
2863 2121 2977 2176 ὄντι
3005 2123 3342 2188 ἀπόζουσαν,
3375 2126 3510 2180 ἀλλά
3537 2126 3747 2197 πλήρους

2212 2208 2310 2262 καὶ
2335 2205 2394 2261 ὃν
2422 2207 2687 2278 σύλόγησε
2724 2209 2954 2278 Κύριος,
2985 2211 3012 2264 ὅ
3043 2229 3180 2282 φησι
3223 2215 3475 2284 Σολομῶν
3506 2217 3533 2267 ὁ
3563 2215 3750 2285 θαυμά-

2213 2316 2352 2362 σιος.
2388 2299 2499 2352 Καὶ
2543 2298 2734 2370 ὥσπερ
2759 2300 2865 2354 ἀπὸ
2893 2301 3125 2372 Θεωρίας
3174 2307 3321 2367 τινὸς
3351 2306 3475 2376 ἄρτι
3502 2308 3749 2371 κατιόντος

2212 2390 2422 2459 θεῖκῆς,
2477 2389 2652 2455 οὕτως
2701 2392 2999 2463 ἐξήρτηντο
3053 2394 3152 2463 τῆς
3186 2396 3356 2450 αὐτοῦ
3393 2398 3644 2468 γλώττης,
3673 2400 3748 2451 καὶ

2211 2482 2357 2537 οὕτω
2390 2486 2679 2554 προσεῖχον
2709 2484 2881 2553 αὐτῷ,
2909 2481 2998 2540 οἷά
3025 2503 3167 2550 τινες
3197 2489 3531 2559 Ἰσραηλῖται
3553 2491 3747 2560 μεγάλῳ

2213 2576 2303 2628 καὶ
2335 2575 2537 2646 θεάπτῃ
2566 2577 2778 2632 Μωσεῖ.
2808 2576 3030 2632 Τούτων
3062 2579 3205 2634 οὕτω
3245 2581 3562 2653 θεοπρεπῶς
3589 2600 3748 2651 γιγνο-

2215 2669 2417 2734 μένων,
2445 2669 2698 2736 συνήθεις
2725 2670 2873 2739 αὐτῷ
2925 2671 3022 2725 καὶ
3059 2669 3380 2744 ὁμότροποι,
3412 2676 3506 2728 καὶ
3539 2675 3601 2728 ἵν’
3630 2676 3747 2727 εἴπω

2210 2759 2270 2815 τὸ
2304 2760 2436 2815 αὐτὸ
2465 2761 2737 2827 πνέοντες,
2776 2763 2984 2818 καὶτὸν
3013 2763 3126 2818 ἴσον
3151 2765 3358 2836 δρόμον
3389 2769 3575 2838 ἐκείνῳ
3606 2785 3745 2837 μετα-

2209 2853 2498 2916 διώκοντες
2533 2853 2774 2921 γίνονται
2794 2857 2821 2908 ὁ
2850 2853 2999 2910 δεῖνα
3033 2857 3129 2909 καὶ
3163 2859 3192 2910 ὁ
3218 2859 3401 2912 δεῖναο
3447 2862 3562 2930 μεθ’
3581 2858 3648 2915 ὧν
3668 2862 3747 2914 νῦν

2213 2944 2314 3014 μὲν
2349 2944 2622 3013 ἐξεδήμει,
2665 2945 2762 2998 νῦν
2795 2946 2839 2998 δ’
2885 2947 3174 3018 ἐπεδήμει,
3215 2951 3313 3004 νῦν
3347 2952 3447 3022 μὲν
3475 2953 3550 3024 τῷ
3592 2953 3742 3023 ἀγρῷ,

2211 3037 2306 3090 νῦν
2336 3038 2394 3090 δέ
2425 3040 2491 3108 τῇ
2542 3039 2718 3101 πόλει,
2749 3039 2890 3110 πλην
2930 3041 3133 3111 ἥκιστά
3163 3059 3228 3110 γε
3259 3045 3369 3116 μὴν
3405 3049 3746 3118 ίσομετρήτοις

541 3108 772 3176 campis,
806 3112 981 3165 rarior
1007 3111 1062 3166 in
1097 3113 1233 3168 urbe
1259 3117 1624 3172 commoratio
1653 3129 1806 3187 erat;
1868 3122 1998 3177 dum
2023 3138 2113 3178 sa-

2215 3126 2423 3193 καιροῖς
2443 3142 2454 3154 ’
2501 3124 2636 3178 ἀλλὰ
2686 3108 2857 3196 συχνά
2903 3108 3003 3196 μέν
3036 3127 3115 3199 τῷ
3143 3108 3337 3202 ἀγρῶ,
3357 3108 3655 3189 σπάνιον-δέ
3689 3137 3743 3204 τῇ

541 3197 754 3264 pienter
786 3201 1001 3255 turbam
1031 3203 1188 3273 fugit,
1225 3205 1398 3274 plebis
1427 3209 1718 3265 tumultum
1751 3213 2026 3273 amandat.
2054 3223 2110 3268 et

541 3288 742 3344 divinm
804 3293 1208 3348 conversationi
1266 3295 1394 3352 hinc
1470 3303 1818 3370 tranquillius
1882 3319 2106 3360 cursum

539 3377 667 3434 vitae
693 3396 910 3436 omnem
943 3383 1228 3453 impendit.

2218 3216 2392 3279 πόλει,
2428 3216 2520 3270 τὸν
2551 3216 2720 3270 πολὺν
2767 3217 2926 3287 ὄχλον
2957 3220 3134 3285 σοφῶς
3163 3226 3536 3292 παρακλίνων,
3563 3229 3747 3280 καὶτὸν

2216 3306 2442 3375 δημώδη
2475 3307 2714 3377 τάραχον
2748 3309 3237 3380 ἀποπεμπόμενος,
3270 3315 3564 3370 κάντεῦθεν
3588 3317 3748 3386 καὶτῷ

2217 3399 2338 3467 Θεῷ
2386 3399 2764 3470 σχολαιότερον
2814 3402 2909 3455 καὶ¹
2963 3403 3358 3475 καθαρώτερον
3411 3410 3744 3482 προσομιλῶν,

2217 3490 2310 3542 τὸν
2342 3489 2540 3560 ἐφεξῆς
2563 3489 2708 3545 οὕτω
2743 3495 3059 3565 παρήμοιϐε
3084 3495 3218 3564 βίον.

1997 3609 2226 3665 CAPUT
2271 3610 2337 3664 II.

1641 3703 1698 3758 S.
1725 3699 1944 3758 Codrati
1975 3712 2024 3757 et
2044 3704 2307 3759 sociarum
2350 3707 2686 3778 martyrium.

617 3811 668 3865 5.
700 3809 834 3863 Cum
875 3820 1056 3866 autem
1119 3823 1336 3884 sceptra
1391 3818 1602 3885 imperii
1649 3819 1877 3876 Romani
1911 3821 2115 3890 impius

546 3902 639 3958 ille
685 3901 883 3956 Decius
934 3919 1110 3973 nuper
1160 3909 1516 3980 suscepisset,
1578 3925 1641 3966 ac
1678 3911 1840 3966 Jason
1889 3911 2114 3967 Grmciae

546 4007 826 4066 przeesset,
854 3998 1220 4067 pietatemque
1256 4002 1375 4073 ejus
1394 4002 1586 4073 dogma
1627 4004 1960 4058 contrarium
1992 4017 2116 4073 pre-

2221 4004 2674 4073 ήγεμονεῦοντος,
2710 4007 2806 4060 καὶ
2837 4007 2931 4060 τοῦ
2981 4009 3233 4062 ἐναντίου
3264 4013 3330 4081 τῇ
3373 4011 3615 4082 εὐσεϐείᾳ
3647 4011 3748 4076 δόγ-

543 4099 716 4144 meret
757 4091 1009 4154 validius,
1053 4092 1208 4146 multi
1262 4093 1482 4161 quidem
1523 4094 1653 4159 alii,-
1686 4104 1746 4148 ut
1813 4095 2114 4164 discipulos

2223 4114 2393 4165 ματος
2417 4097 2476 4149 τὸ
2511 4097 2732 4167 ἰσχυρὸν
2767 4098 3004 4168 ἔχοντος,
3042 4099 3229 4154 πολλοὶ⁵
3262 4103 3364 4170 μὲν
3386 4103 3477 4156 καὶ
3497 4104 3637 4157 ἀλλοι
3667 4105 3749 4170 τῆς

541 4179 748 4236 Christi
801 4182 1054 4245 decebat,
1119 4184 1331 4238 virilem
1411 4185 1781 4241 exhibuerunt
1845 4186 2113 4250 animum,

2217 4185 2312 4240 τοῦ
2341 4186 2580 4257 Χριστοῦ
2616 4187 2913 4257 μαθητείας
2936 4188 3174 4253 ἐπαξίως
3201 4190 3529 4261 ἠνδρίζοντο,
3559 4191 3644 4245 καὶ
3670 4191 3750 4241 οὐκ

544 4273 962 4343 periculumque
992 4289 1100 4328 non
1135 4275 1286 4329 inviti
1320 4275 1642 4343 subierunt;
1669 4277 1910 4331 alacrius
1933 4285 2115 4332 tamen

2217 4272 2443 4336 ἄκοντες
2495 4274 2588 4328 τὸν
2647 4275 2893 4328 κίνδυνον
2951 4275 3234 4347 δπῄεσαν·
3275 4278 3666 4349 προθυμότερον
3705 4275 3750 4326 δὲ

545 4376 656 4429 prre
683 4361 910 4429 reliquis
949 4361 1166 4417 divinus
1193 4363 1461 4420 Codratus
1497 4381 1622 4419 eum
1656 4366 1848 4420 amicis
1903 4376 1960 4420 et
2006 4381 2117 4420 mo-

2216 4366 2329 4418 τῶν
2362 4364 2538 4418 ἄλλων
2569 4365 2597 4417 ὁ
2617 4365 2758 4428 θεῖος
2788 4366 3066 4436 Κοδρᾶτος
3099 4367 3198 4420 σύν
3231 4383 3296 4434 γε
3329 4370 3440 4432 τοῖς
3485 4367 3650 4437 φίλοις
3676 4365 3752 4418 καὶ

547 4465 670 4503 rum
701 4450 1063 4507 similitudine
1130 4455 1294 4510 sociis
1349 4475 1363 4510 :
1401 4457 1858 4526 promptissimus
1904 4457 2117 4513 scilicet

2217 4455 2568 4523 ὁμοτρόποις,
2613 4455 2708 4506 καὶ
2749 4455 2954 4523 σφόδρα
3016 4453 3302 4524 ἐθελοντὴς
3340 4455 3643 4515 καθίστατο,
3673 4453 3752 4505 καὶ

549 4555 758 4595 annoso
783 4543 948 4597 etiam
990 4544 1041 4598 in
1073 4559 1303 4616 corpore
1325 4547 1550 4612 athleta,
1599 4548 1754 4602 senio
1787 4556 1842 4602 et
1867 4552 2117 4604 asceticis

2217 4544 2391 4599 ταῦτα
2452 4546 2820 4615 πρεσϐυτικὸν
2868 4549 3215 4616 ἐπαγόμενος
3271 4549 3450 4618 σῶμα,
3504 4548 3594 4602 καὶ
3627 4549 3752 4615 γήρᾳ

2291 3820 2352 3875 ε’.
2386 3823 2545 3890 ’Λρτι
2598 3824 2654 3877 δὲ
2695 3827 2806 3879 τῶν
2849 3826 3177 3898 Ῥωμαϊκῶν
3230 3830 3524 3901 σκήπτρων
3568 3832 3661 3884 ὑπὸ
3686 3829 3747 3898 τῷ

2220 3912 2475 3966 δυσσεϐεῖ
2496 3914 2668 3984 Δεκίῳ
2705 3917 2982 3986 ὴγμένων,
3009 3918 3101 3970 καὶ
3139 3918 3374 3983 Ἰάσονος
3401 3923 3498 3993 τῆς
3536 3919 3749 3982 Ἑλλάδος

542 4632 847 4697 laboribus,
887 4633 940 4688 in
971 4635 1170 4704 quibus
1196 4638 1363 4691 vitam
1400 4653 1536 4706 pene
1569 4653 1785 4692 omnem
1838 4649 2114 4711 transege-
2150 4607 2195 4663 θ

539 4731 653 4791 rat,
685 4726 850 4781 etiam
879 4739 1007 4782 tunc
1045 4726 1364 4784 colluctans.
1417 4730 1636 4784 Vinctus
1665 4729 1830 4800 igitur
1858 4730 1926 4785 ad
1959 4732 2116 4788 Jaso-

545 4817 633 4873 nis
657 4818 893 4874 tribunal
921 4819 1002 4874 vir
1029 4821 1224 4876 beatus
1266 4820 1498 4885 sistitur,
1530 4836 1765 4891 eumque
1787 4823 2070 4892 alloquens
2095 4841 2111 4880 :

546 4909 719 4975 Unde,
752 4909 952 4981 inquit,
1007 4927 1041 4967 o
1094 4913 1402 4968 scelestum-
1436 4919 1621 4981 caput,
1676 4921 1859 4969 tantus
1918 4915 2017 4970 tibi
2056 4915 2112 4969 in

547 5002 828 5057 Christum
859 5018 1041 5057 meum
1071 5018 1281 5072 nosque
1305 5004 1423 5073 ejus
1459 5003 1690 5059 famulos
1737 5004 1891 5060 furor
1917 5021 2113 5060 exsur-

540 5092 663 5162 git?
715 5091 826 5146 Cur
852 5092 918 5146 ad
945 5091 1182 5146 tribunal
1218 5089 1424 5144 trahis?
1458 5091 1566 5144 Cur
1609 5091 1886 5146 saevitiam
1938 5091 2116 5145 inten-

543 5194 653 5247 tas,
688 5182 1131 5251 mancipiumque
1159 5181 1375 5236 efficere
1428 5183 1646 5237 conaris
1694 5192 1933 5238 mentem
1964 5183 2116 5239 libe-

2223 4634 2618 4702 προσπαλαίων
2664 4635 2761 4687 καὶ
2803 4635 2957 4704 κόπῳ
2982 4633 3086 4702 τῆς
3122 4634 3434 4706 ἀσκήσεως,
3484 4628 3598 4707 ᾕτδ
3624 4632 3753 4685 πλεῖ-

2225 4744 2350 4780 στον
2376 4726 2526 4795 αὐτῷ
2557 4727 2650 4780 τοῦ
2688 4726 2805 4796 βίου
2834 4727 3304 4797 συμπεπόρευται.
3339 4723 3752 4798 Παρίσταταιοῦν

2222 4816 2302 4886 τῷ
2344 4817 2575 4878 Ἰάσονος
2611 4817 2820 4886 βήματι
2866 4815 3089 4885 δέσμιος
3115 4818 3142 4870 ὁ
3184 4817 3489 4885 Μακάριος,
3549 4816 3633 4868 καὶ
3660 4829 3752 4910 τοις

2221 4908 2362 4962 αῦτά
2387 4924 2576 4978 φησιν·
2610 4909 2674 4961 Τί
2713 4908 2910 4974 ταῦτα,
2937 4904 2982 4962 ὧ
3034 4913 3206 4978 μιαρά
3254 4910 3485 4978 κεφαλὴ,
3521 4906 3650 4960 κατὰ
3673 4904 3752 4954 τοῦ

2222 5000 2358 5070 ἐμοῦ
2395 5001 2562 5073 μαίνῃ
2596 5000 2835 5070 Χριστοῦ
2875 5000 2972 5054 τοῦ
3010 5001 3262 5072 Σωτῆρος
3287 5002 3558 5062 ἁπάντων,
3587 4997 3671 5049 καὶ
3700 4994 3753 5061 ἡ·

2225 5089 2344 5160 μῶν
2396 5087 2507 5141 τῶν
2543 5087 2742 5155 αὐτοῦ;
2778 5087 2844 5142 Τί
2877 5087 2936 5141 δέ
2982 5088 3079 5142 καὶ
3115 5088 3256 5158 πρὸς
3304 5089 3455 5158 βῆμα
3495 5083 3753 5140 καθέλκεις

2222 5181 2318 5235 καὶ
2348 5180 2638 5250 τυραννίδα
2665 5180 2985 5249 προσάγεις,
3029 5180 3124 5232 καὶ
3169 5180 3272 5233 ὑπὸ
3319 5181 3473 5249 χεῖρα
3508 5170 3750 5228 ποιεῖσθαι

542 5292 663 5331 tam
699 5284 755 5329 et
783 5274 985 5330 nemini
1017 5273 1338 5330 cessuram?
1393 5273 1507 5328 lloc
1535 5274 1738 5328 etenim
1765 5274 1906 5328 scire
1940 5273 2117 5328 infen-

2216 5273 2515 5342 ἐπιχειρεῖς
2559 5271 2849 5342 ἐλεύθερον
2887 5275 3164 5344 φρόνημα,
3213 5273 3308 5326 καὶ
3348 5269 3558 5334 ὑπεῖξον
3596 5259 3751 5365 οὐδενὶ

541 5384 668 5422 sum
731 5366 896 5420 nobis
943 5365 1186 5419 animum
1238 5375 1386 5419 tuum
1456 5381 1616 5434 quam
1678 5365 2117 5420 manifestissime

2217 5367 2281 5418 τὸ
2311 5366 2610 5436 παράπανς
2650 5364 2865 5418 Εῐδέναι
2887 5367 2997 5433 γάρ
3040 5381 3135 5417 σου
3172 5365 3274 5435 τὴν
3301 5363 3612 5429 δυσμένειαν
3644 5355 3752 5457 .306:

547 5459 733 5526 velim,
779 5457 997 5512 facilius
1040 5455 1261 5527 quidem
1320 5457 1414 5510 tibi
1454 5475 1574 5522 nos,
1628 5472 1791 5527 quant
1848 5468 1900 5511 te
1963 5456 2117 5510 nobis

548 5568 669 5582 Δίνη...
707 5569 1126 5582 ιιΛιιοιιιιΛιι-Ιιιηι.
1189 5557 1329 5582 nus“!
1396 5555 1436 5582 ..2
1474 5566 1649 5582 Iaruman
1688 5551 1933 5582 εἰ-ηιιιιοοῖρ
1990 5550 2117 5582 illud

2221 5456 2390 5524 λομαι
2431 5456 2642 5525 σφόδρα
2691 5471 2776 5509 τοι
2819 5456 3214 5522 ἐναργέστατα,
3265 5453 3340 5516 ὡς
3369 5453 3557 5505 θᾶττον
3599 5444 3750 5515 μέντ’

2225 5549 2293 5582 κ...
2324 5548 2478 5582 mn":
2533 5565 2591 5582 ηρ
2635 5547 3065 5582 ..εηηημειηηηηη
3139 5545 3171 5582 a
3211 5545 3274 5582 m'.
3307 5561 3365 5582 νς
3395 5543 3570 5582 δευρί--
3619 5536 3663 5582 εί
3704 5529 3751 5582 δέ

543 5568 670 5609 esse
704 5569 1127 5623 persuasurum;
1185 5557 1330 5627 quod
1394 5555 1438 5609 si
1474 5566 1653 5609 tamen
1688 5551 1936 5607 fortassis
1989 5550 2117 5605 illud

2223 5549 2293 5603 ἂν
2323 5548 2478 5602 αὐτοί
2533 5565 2592 5601 σε
2633 5547 3087 5617 μεταπείσαιμεν,
3139 5545 3172 5616 ἢ
3211 5545 3274 5599 σύ
3307 5561 3368 5611 γε
3395 5543 3534 5612 ἡμᾶς
3558 5556 3570 5571 ·
3619 5536 3663 5589 εί

629 5701 674 5768 (l
693 5701 842 5780 llmo
867 5701 1174 5780 patriarcha
1203 5702 1370 5780 Jacob
1571 5714 1737 5780 sxvtt,
1768 5697 1974 5780 27,ulii
2007 5695 2120 5777 lilio

557 5768 887 5828 benedicens
913 5773 988 5828 ait
1024 5791 1036 5827 :
1073 5773 1204 5828 Ecce
1235 5773 1360 5825 odor
1392 5768 1472 5833 ﬁli
1499 5771 1617 5834 mei,
1645 5771 1778 5822 sicut
1823 5770 1948 5821 odor
2003 5768 2116 5833 agri

2230 5695 2391 5764 pleni,
2429 5696 2513 5776 €315
2578 5692 2860 5775 benedixit~
2891 5690 3148 5776 Dominus
3177 5704 3194 5742 :
3225 5689 3406 5755 itaque
3445 5681 3600 5739 habet
3643 5682 3747 5731 .000

2228 5777 2407 5820 textus
2435 5764 2655 5819 Graecus
2690 5764 2861 5829 ἀγροῦ
2899 5803 2909 5813 .
2949 5801 2958 5811 .
3007 5801 3019 5814 .
3053 5764 3314 5826 πλήρους.
