4016 6468
322 369 428 438 509

1627 379 1795 440 νιΤΑ
1835 381 1895 438 S.
1942 381 2293 448 CODRATI.

3460 395 3568 462 510

318 485 578 552 δυσχερὲς
631 485 715 550 εἴη
764 485 822 537 τὸ
873 485 1110 555 πρῶτον,
1168 487 1395 555 θάτερον
1474 489 1690 552 πάντως
1736 487 1889 541 ἔσται

1995 491 2228 558 primum
2255 493 2579 560 sitdiﬂicile,
2613 478 2842 552 alterum
2873 497 3114 568 profecto
3142 498 3257 554 ﬁeri
3285 517 3564 574 nunquam

318 577 606 628 ἀδύνατον.
652 576 938 646 Μελλήσας
983 582 1163 631 τοίνυν
1219 580 1404 650 μηδὲν,
1462 580 1732 648 ἀφίστασο
1781 579 1890 632 τῶν

261 715 264 718 ,
322 668 542 718 πάντων
591 667 819 736 μηδενὸς
862 670 1252 739 κολαστηρίου,
1299 667 1374 725 ὧν
1415 673 1442 724 ὁ
1470 671 1634 738 σοφὸς
1667 672 1892 740 ὑφηγεῖ-

317 758 414 812 ταί
448 775 532 812 σοι
572 759 801 829 δαίμων,
843 762 944 814 κᾶν
973 761 1310 831 τεσίδηρος.
1350 763 1452 816 κᾶν
1487 778 1550 814 τε
1581 759 1733 829 φλὸξ,
1787 759 1891 813 κᾶν

318 852 594 906 θαλάσσια
636 854 910 924 ῥεύματα,
945 855 1052 907 κᾶν
1092 855 1258 921 ἕτερά
1289 869 1411 908 τινα
1441 853 1543 923 τῆς
1570 854 1742 922 αὐτῆς
1779 854 1894 905 ίτα-

321 948 557 1017 μότητος
599 947 685 1016 εἴη
730 949 1100 1017 τυγχάνοντα·
1143 948 1279 1001 ἀλλὰ
1323 947 1482 1000 πάντ’
1538 947 1712 1012 ἔπαγε
1767 945 1891 998 καθ’

318 1043 480 1111 ὴμῶν
522 1042 600 1112 τῷ
653 1041 731 1113 σῷ
761 1042 1030 1111 λαμπρῶς
1076 1042 1586 1110 ἐξυπηρετούμενος
1623 1038 1792 1109 πατρί
1833 1053 1892 1090 τε

317 1137 418 1188 καὶ
447 1135 692 1206 ύφηγετῇ
730 1134 934 1205 μιαρῷ.
967 1135 1088 1188 Ἐπὶ
1116 1134 1376 1188 τοσοῦτον
1427 1135 1524 1186 καὶ
1546 1131 1894 1202 γὰμύπομεο

318 1226 522 1296 νοῦμεν
569 1229 808 1292 ᾶπαντα,
847 1227 1041 1296 ἐφόσον
1086 1243 1145 1279 τε
1191 1227 1287 1280 καὶ
1332 1225 1552 1294 σίδηρος
1595 1222 1662 1275 τὰ
1695 1221 1895 1293 βριαρά

319 1319 430 1372 τῶν
460 1320 820 1390 χαλκοτύπων
849 1323 1163 1388 κρούματα.

393 1409 468 1476 ς’.
501 1411 718 1464 Τούτων
756 1410 899 1464 οὕτω
920 1411 1258 1478 λεγομένων,
1295 1409 1524 1479 ἔχαιρον
1556 1406 1658 1478 μὲν
1685 1404 1894 1460 ἀνωθεν

317 1504 564 1570 ἄγγελοι,
593 1504 849 1573 καθάπερ
885 1503 1032 1565 τινὲς
1085 1499 1372 1555 ἀθλοθέται
1420 1501 1513 1569 ἀφ’
1543 1496 1749 1567 ὑψηλοῦ
1795 1495 1892 1549 τοῦ

319 1598 554 1666 θεάτρου
603 1595 1014 1666 προκόπτοντες
1036 1609 1051 1624 ⁶
1083 1593 1380 1662 ἐπλήττετο
1410 1591 1456 1645 δ’
1481 1593 1509 1646 ὁ
1539 1590 1734 1660 πικρὸς
1765 1589 1895 1658 ἡγε-

318 1689 460 1760 μὼν,
491 1687 744 1756 καθάπερ
774 1687 986 1756 συχνῶν
1009 1701 1174 1738 τινων
1204 1684 1346 1753 ἀμφ’
1377 1682 1528 1752 αύτῷ
1556 1679 1894 1752 πρηστήρων

316 1779 823 1850 κατενηνεγμὲνων,
857 1781 952 1833 καὶ
984 1779 1085 1848 τῆς
1130 1778 1332 1846 πείρας
1363 1776 1544 1830 πάντα
1580 1771 1895 1843 προαπελέ-

314 1891 470 1944 γετο,
503 1873 703 1943 χλεύην
734 1871 878 1924 οὕτω
917 1868 1264 1939 γενησόμενα
1306 1867 1466 1922 πάντ’
1515 1864 1714 1919 ἐννοῶν
1751 1863 1788 1917 ἃ
1813 1862 1890 1931 τῷ

311 1973 459 2034 τέως
486 1965 607 2019 κατ’
642 1964 822 2017 αὐτῶν
861 1962 1096 2022 ἐπενόει,
1146 1959 1243 2013 καὶ
1276 1959 1504 2023 πολλαῖς
1543 1955 1888 2026 ἁλλεπαλλή-

313 2063 434 2124 λοις
461 2061 582 2121 ταῖς
599 2057 832 2120 ἐννοίαις
863 2056 924 2109 τὸ
957 2055 1312 2122 λογιζόμενον
1352 2053 1452 2121 τῆς
1491 2051 1670 2120 ψυχῆς
1707 2048 1891 2102 διεσά-

316 2151 447 2202 λευε
494 2151 590 2200 καὶ
633 2148 922 2216 ἐτάραττε,
957 2146 1054 2198 καὶ
1099 2143 1205 2196 ὑπὸ
1255 2141 1493 2212 σφοδρᾶς
1526 2139 1690 2193 οίονεί
1743 2153 1891 2202 τινος

318 2241 783 2311 ἀντικρουόμενος
832 2237 1156 2299 ἀντιπνοίας
1211 2235 1309 2288 τοῦ
1362 2233 1618 2302 γενναίου
1679 2233 1889 2285 ἐκείνου

315 2336 523 2406 δηλαδὴ
543 2338 637 2386 καὶ
665 2330 903 2398 θάρσους
937 2330 1201 2397 γέμοντος
1236 2325 1572 2396 πνεύματος.
1603 2325 1714 2378 Καὶ
1733 2323 1807 2386 ὡς
1832 2325 1890 2375 ἐν

319 2426 688 2500 βουλευτηρίῳ
732 2424 818 2476 διὰ
865 2422 1083 2475 πάντων
1115 2418 1502 2490 βουλευμάτων
1547 2415 1654 2470 ἀπὸ
1689 2413 1888 2486 συχνοῦ

315 2523 413 2576 τοῦ
436 2519 804 2588 διαστήματος
837 2517 1040 2586 ἤρχετο
1065 2513 1206 2583 μετά
1233 2529 1376 2574 τινος
1396 2509 1654 2581 ὀξύτητος
1687 2509 1762 2579 (l)
1795 2505 1888 2561 τοῦ

316 2615 414 2669 νοῦ
444 2617 538 2666 καὶ
567 2610 837 2666 ἀνεπόλει.
868 2609 1028 2661 τίνων
1063 2607 1162 2677 μὲν
1186 2605 1252 2660 ἂν
1282 2603 1686 2673 ἀποσχόμενος,
1723 2599 1890 2653 τίνων

315 2709 380 2762 δὲ
410 2704 690 2774 πειραθεὶς
719 2699 996 2770 εὐτυχοίη,
1031 2701 1128 2754 καὶ
1174 2698 1248 2768 μὴ
1281 2697 1449 2767 χλεύη
1484 2693 1661 2762 σαφὴς
1693 2693 1889 2762 φανείη

319 2796 708 2866 προκείμενος,
749 2790 938 2860 ὥσπερ
990 2790 1093 2842 ὑπὸ
1145 2787 1416 2856 βελτίονος
1462 2785 1759 2838 ἀντιπάλου
1789 2799 1890 2834 καο

315 2885 637 2956 ταρῤαγείς.
670 2883 775 2934 Καὶ
804 2879 899 2931 νῦν
935 2880 1031 2948 μὲν
1061 2877 1222 2947 ὥρμα
1255 2876 1356 2946 μιᾷ
1385 2875 1568 2944 πληγῇ
1596 2871 1723 2933 τοὺς
1751 2870 1894 2941 μάρ·

317 2994 490 3046 τυρας
527 2975 623 3044 μὲν
654 2973 749 3025 τοῦ
785 2971 924 3037 βίου,
963 2969 1310 3038 πραγμάτων
1343 2966 1389 3018 δ’
1431 2965 1621 3018 ἐαυτὸν
1645 2962 1891 3017 ἀπαλλάν

318 3071 413 3138 ξαι
436 3086 448 3099 ·
480 3067 573 3121 νῦν
610 3067 654 3120 δ’
696 3067 903 3133 ἐπεῖχε,
939 3064 1034 3116 καὶ
1077 3061 1152 3123 ὡς
1191 3061 1249 3112 ἐν
1284 3057 1594 3129 μεταιχμίῳ
1626 3057 1692 3126 τῇ
1721 3053 1891 3124 πείρᾳ

315 3165 383 3216 τδ
416 3163 522 3215 πᾶν
559 3159 878 3231 ἀνερρίπτει
927 3155 1028 3224 (2),
1072 3153 1326 3223 καθάπερ
1359 3152 1416 3203 ἐν
1462 3149 1674 3210 κύϐοις,
1709 3148 1768 3199 ἐν
1810 3140 1890 3208 οἷς
1919 3169 1965 3231 C

312 3256 559 3325 τοσούτῳ
584 3255 808 3322 θάτερον
828 3252 1032 3321 ἣκιστα
1061 3245 1491 3319 ἀπροσδόκητον,
1523 3242 1632 3312 ὅσῳ
1657 3241 1886 3308 θάτερον

317 3347 655 3422 προσδοκήσι
665 3363 785 3415 μον.

443 3571 457 3585 .
503 3528 666 3582 Ἀλλά
703 3526 810 3598 γὰρ
845 3528 1015 3596 ἴωμεν
1055 3525 1146 3578 ἐπὶ
1181 3524 1243 3576 τὸ
1292 3522 1635 3594 μαρτυρικὸν
1681 3520 1891 3589 γυμνά-

325 3643 463 3692 σιον,
492 3623 896 3694 ἁριθμήσοντες
929 3621 1057 3682 τοὺς
1085 3617 1368 3685 γενναίους
1393 3616 1623 3670 ἐκείνων
1647 3613 1887 3682 ἀγῶνας.

328 3720 602 3772 Τύπτουσι
656 3714 754 3783 μὲν
790 3711 888 3782 τὴν
926 3710 1100 3780 ἀρχὴν
1133 3711 1229 3763 σὺν
1274 3709 1388 3767 τοῖς
1425 3705 1736 3776 εἰρημένοις
1785 3705 1892 3757 Κο-

320 3813 517 3882 δρᾶτον
563 3805 758 3877 ἐφόσον
804 3800 872 3874 ἦν
906 3803 1224 3872 δυναμένοις
1267 3803 1381 3862 τοῖς
1412 3798 1630 3870 δημίοις
1652 3813 1666 3827 ·
1697 3796 1892 3850 ἔπειτα

322 3902 460 3971 πρὸς
491 3899 622 3966 ὕψος
650 3897 712 3949 ἐκ
742 3893 850 3949 τῶν
883 3892 1058 3946 ποδῶν
1091 3892 1328 3958 αίρουσι,
1365 3891 1460 3942 καί
1497 3888 1746 3958 σιδηραῖς
1789 3888 1892 3940 ἀκ-

321 3992 446 4060 μαῖς
473 3988 572 4056 τὴν
600 3986 707 4038 τῶν
736 3983 952 4052 σαρκῶν
975 3981 1243 4051 ἁρμονίαν
1271 3979 1704 4048 κατατέμνουσι.
1735 3977 1892 4031 Μετά

315 4082 372 4135 δὲ
433 4081 544 4148 πῦρ
590 4078 922 4145 ὑφάπτουσι,
984 4068 1146 4126 τοῦτο
1185 4072 1286 4142 μὲν
1326 4071 1519 4140 ὥσπερ
1555 4069 1780 4138 ἕψοντες
1823 4068 1892 4121 τὰ

314 4169 547 4222 ἐκείνων
585 4165 836 4233 σώματα,
865 4160 1024 4214 τοῦτο
1056 4161 1112 4212 δὲ
1146 4162 1241 4212 καὶ
1273 4159 1526 4229 δριμεῖαν
1557 4155 1752 4224 ὀδύνην
1779 4156 1893 4218 τοῖς

315 4258 782 4317 ἀναπνευστικοῖς
830 4254 1022 4322 πόροις
1070 4251 1250 4306 αὐτῶν
1310 4247 1688 4320 ἐμποιοῦντες.
1727 4248 1784 4300 Ὀ
1837 4247 1894 4300 δὲ

317 4354 552 4418 Μάρτυς
575 4347 672 4401 τοῦ
698 4345 954 4415 σώματος
983 4340 1240 4405 καθάπαξ
1266 4341 1359 4394 τὸν
1381 4339 1513 4394 νοῦν
1547 4339 1888 4408 ἀποστήσας,

318 4442 603 4510 ἀπόδημον
630 4439 849 4492 ἔστελλε
898 4437 1038 4506 πρὸς
1092 4434 1349 4505 Χριστὸν,
1386 4432 1454 4486 δι’
1497 4431 1555 4484 ὃν
1598 4433 1892 4500 ἐκαρτέρει

319 4537 564 4602 πάσχων.
595 4531 887 4584 κάντεῦθεν
918 4529 1025 4580 τῶν
1042 4526 1135 4580 τοῦ
1157 4525 1411 4594 σώματος
1430 4523 1694 4591 ἀλγεινῶν
1722 4523 1891 4593 ύπρ-

319 4619 544 4688 εφρόνει
572 4617 790 4688 ῥᾳδίως,
821 4615 1076 4684 καὶπρὸς
1111 4614 1271 4683 μόνον
1295 4613 1492 4666 ἐδλεπε
1522 4612 1614 4665 τὸν
1648 4611 1896 4666 Ἀθλοθὲ-

319 4726 444 4779 την,
477 4708 573 4759 καὶ
601 4704 1064 4767 ἐνεκαλλωπίζετο
1092 4703 1184 4755 τοῦ
1221 4702 1474 4773 σώματος
1509 4703 1896 4772 ὑπορρέοντος,

322 4801 418 4852 καὶ
477 4795 646 4864 μόνην
703 4793 911 4863 ταύτην
963 4794 1151 4860 ἠγεῖτο
1190 4792 1349 4858 νίκην
1391 4788 1536 4843 εἶναι
1570 4791 1742 4857 σαφῆ,
1798 4791 1897 4860 τὴν

318 4885 624 4957 ὑπεροψίαν
643 4885 742 4954 τῆς
771 4885 974 4954 σαρκῆς
1001 4883 1379 4952 πληττομὲνης
1405 4881 1544 4952 ὑπὲρ
1571 4880 1666 4934 τοῦ
1689 4881 1893 4934 παθόν-

319 4995 413 5040 τος
439 4977 702 5046 πρότερον
739 4974 810 5027 δι’
855 4976 1030 5044 ἡμᾶς.
1081 4975 1190 5025 Καὶ
1229 4973 1366 5042 πρὸς
1402 4973 1499 5040 μὲν
1526 4973 1624 5033 τὰς
1669 4971 1760 5023 τοῦ
1786 4969 1892 5022 σώ-

325 5087 496 5140 ματος
531 5067 833 5137 ἀλγηδόνας
867 5066 1112 5128 τοιοῦτος
1147 5061 1216 5137 ἦν
1260 5068 1286 5118 ὁ
1316 5066 1593 5133 Κοδρᾶτος
1619 5081 1632 5095 '
1671 5064 1806 5135 πρὸς
1839 5064 1896 5117 δὲ

323 5163 450 5224 τοὺς
503 5161 804 5223 συνάολους
837 5160 998 5213 ὁπότε
1049 5159 1440 5228 ἐπιστραφείη,
1482 5157 1706 5211 τοιαῦτα
1761 5158 1897 5212 ἄττα

322 5255 619 5318 εἰσηγεῖτο,
655 5251 818 5304 οἱονεί
850 5267 930 5313 τις
981 5251 1303 5320 γυμναστὴς
1334 5253 1460 5318 ἄρτι
1511 5250 1898 5319 προσϐιϐάζων

324 5342 461 5410 πρδς
488 5342 682 5413 ἀήθεις
715 5341 937 5406 ἄθλους,
973 5345 1066 5394 καὶ
1103 5342 1332 5411 σφοδρόν
1373 5361 1423 5395 τι
1459 5343 1713 5414 ζὼπυρον
1752 5345 1898 5396 ἐντι-

324 5434 439 5498 θεὶς
467 5439 587 5499 ταῖς
613 5433 839 5489 ἐκείνων
864 5432 1086 5504 ψυχαῖς.
1110 5436 1172 5487 Ἀ
1184 5436 1362 5503 νδρες,
1391 5441 1578 5503 φησὶν,
1599 5435 1647 5488 oi
1678 5435 1770 5486 τὸν
1801 5437 1898 5490 αύ-

398 5589 471 5664 (Ι)
500 5589 597 5644 Ms.
618 5591 772 5658 ὁξὲνε
802 5593 1152 5648 manifestum
1188 5595 1414 5662 σφάλμα
1439 5596 1542 5650 hoc
1575 5594 1738 5648 modo
1767 5609 1894 5664 sup-

326 5660 712 5733 plevimustut
738 5678 931 5718 sensus
959 5663 1050 5725 sit,
1095 5680 1210 5716 cum
1237 5660 1491 5733 viqu'odam
1543 5667 1730 5718 mentis
1769 5660 1895 5718 acu-

328 5732 469 5783 mine
523 5731 972 5786 deliberationem
1030 5731 1353 5787 institutam.
1417 5737 1664 5790 Delmius
1712 5747 1895 5791 noster

331 5800 644 5871 suspicatur
677 5802 966 5872 legendum
1013 5808 1146 5872 μετὰ
1177 5821 1318 5867 τιψς
1337 5805 1482 5871 ὀξέος
1523 5807 1696 5860 τόνον.

1995 583 2214 648 poterit.
2255 583 2401 638 Nihil
2428 601 2558 652 ergo
2589 596 2900 654 cunctatus,
2943 591 3152 644 nullum
3201 595 3420 662 penitus
3453 606 3567 650 tor.-

1993 680 2238 725 mentum
2270 688 2335 727 ex
2387 675 2454 729 iis
2475 691 2596 744 qua:
2628 687 2750 731 tuus
2778 687 2829 734 te
2858 680 3076 749 sapiens
3112 681 3324 737 daemon
3384 664 3587 751 ducet;

1992 763 2267 828 omittito;
2303 765 2418 818 sive
2452 767 2584 822 illud
2617 769 2823 824 ferrum
2852 774 2941 839 sit,
3005 773 3119 828 sive
3155 774 3392 841 ﬂamma,
3451 779 3567 831 sive

1994 856 2188 908 marini
2214 855 2430 924 ﬂuctus,
2468 860 2580 913 sive
2616 861 2720 915 alia
2762 879 3124 934 quaecunque,
3181 867 3380 936 quibus
3415 885 3570 938 gras-

1991 947 2099 1000 sari
2127 958 2315 1002 contra
2351 967 2450 1004 nos
2479 953 2688 1007 soletis.
2720 955 2933 1010 Adhibe
2965 958 3123 1012 nobis
3153 960 3358 1015 omnia.
3404 972 3569 1030 atque

1992 1041 2071 1094 sic
2100 1041 2330 1096 scelesto
2373 1053 2465 1097 tuo
2497 1047 2708 1115 parenti
2740 1063 2804 1102 ac
2839 1050 3053 1104 ductori
3085 1053 3372 1122 magniﬁce
3410 1057 3570 1108 mini-

1991 1140 2102 1185 stra
2140 1150 2153 1186 :
2186 1149 2284 1189 nos
2311 1135 2376 1188 ad
2409 1136 2512 1190 ista
2564 1153 2670 1192 non
2703 1140 2884 1195 minus
2919 1157 3079 1210 quam
3111 1142 3314 1197 l'crrum
3365 1146 3430 1198 ad
3477 1163 3568 1199 ro-

1995 1223 2186 1280 bustos
2220 1226 2498 1282 fabrorum
2543 1229 2767 1286 malleus
2794 1232 3136 1288 durabimus.

2062 1407 2117 1462 6.
2153 1407 2277 1462 Haec
2303 1423 2426 1464 cum
2488 1411 2826 1477 diceremur,
2865 1412 3177 1481 gaudebant
3231 1416 3452 1485 quidem
3508 1417 3562 1470 in

1993 1501 2135 1553 coelo
2169 1501 2370 1570 angeli,
2403 1509 2656 1572 tanquam
2686 1505 3007 1559 athlothctze
3035 1521 3099 1559 ex
3165 1522 3380 1560 summo
3421 1508 3571 1561 tltca-

1995 1601 2080 1645 tro
2112 1591 2528 1661 despectantes;
2564 1611 2741 1650 merus
2765 1607 2948 1650 autem
2983 1597 3113 1663 dux,
3153 1600 3315 1667 quasi
3346 1600 3569 1662 turbine

1994 1683 2229 1751 quodam
2259 1685 2442 1738 omnia
2474 1684 2618 1740 circa
2643 1686 2820 1754 ipsum
2853 1687 3143 1754 obruente,
3178 1691 3572 1745 consterneba-

1995 1783 2105 1839 tur,
2137 1783 2191 1829 et
2217 1775 2326 1846 jam
2359 1785 2473 1830 tum
2509 1791 2570 1831 ea
2601 1792 2721 1846 quae
2751 1787 2941 1832 contra
2967 1779 3089 1834 illos
3134 1780 3401 1836 hactenus
3456 1796 3569 1833 ma-

1993 1866 2251 1920 chinatus
2272 1867 2693 1931 fuerat,cuncta
2746 1869 2990 1925 ludibrio
3050 1872 3167 1926 fore
3218 1871 3564 1937 existimans,

1989 1956 2306 2024 rejiciebat;
2342 1956 2583 2027 dumque
2619 1959 2910 2016 redeuntes
2940 1963 3138 2017 alterni
3172 1963 3565 2033 cogitationum

1991 2047 2190 2103 ﬂuctus
2216 2059 2456 2103 mentem
2487 2051 2606 2119 ejus
2638 2066 2744 2105 non
2778 2067 2939 2107 secus
2973 2068 3037 2108 ac
3100 2055 3305 2120 navim,
3360 2055 3567 2126 iactant

1990 2137 2121 2192 hinc
2151 2137 2279 2192 inde
2316 2149 2371 2193 et
2401 2139 2752 2199 conturbant.
2784 2141 3015 2196 adverso
3064 2140 3220 2210 quasi
3271 2152 3434 2197 vento
3483 2158 3568 2197 re-

1991 2242 2226 2289 trorsum
2251 2241 2406 2288 actus
2438 2235 2663 2303 spiritus
2701 2235 2790 2290 ille
2813 2237 3067 2304 superbia
3106 2247 3161 2292 et
3205 2237 3431 2293 audacia
3486 2248 3568 2293 tu-

1992 2339 2170 2388 mens,
2195 2332 2495 2378 convocato
2523 2324 2902 2394 frequentibus
2975 2328 3285 2383 intervallis
3331 2327 3566 2383 consilio

1992 2416 2164 2482 omni,
2208 2415 2402 2471 fortius
2421 2416 2604 2471 denuo
2632 2417 2970 2489 insurgebat,
3021 2420 3445 2489 revolvebatqne
3483 2435 3566 2474 se-

1992 2521 2140 2571 cum,
2175 2507 2502 2575 quibusnam
2537 2507 2812 2564 abstinere
2858 2512 3032 2580 magis
3067 2511 3372 2580 expediret,
3420 2526 3571 2580 quzc-

1991 2615 2116 2652 nam
2149 2614 2272 2653 cum
2323 2616 2418 2670 spe
2453 2615 2739 2656 successus
2797 2609 2852 2656 et
2885 2603 3090 2673 absque
3152 2599 3342 2662 metu.
3379 2602 3564 2658 sannis

1993 2691 2278 2745 hominum
2309 2691 2598 2747 manifesto
2631 2708 2688 2748 se
2723 2700 2980 2759 tanquam
3027 2710 3056 2748 a
3119 2695 3412 2764 potentiori
3477 2693 3571 2746 ad-

1993 2781 2241 2836 versario
2265 2781 2557 2852 dejectum,
2591 2782 2941 2852 propinandi,
2991 2794 3174 2852 posset
3201 2783 3463 2852 experiri.
3501 2782 3567 2836 Et

1997 2889 2145 2928 nunc
2173 2873 2392 2944 quidem
2432 2873 2508 2927 illi
2537 2873 2756 2929 animus
2801 2883 2939 2940 erat,
2991 2890 3100 2928 uno
3143 2875 3256 2928 ictu
3303 2883 3572 2943 martyres

1995 2955 2128 3028 vita,
2158 2979 2216 3019 se
2243 2965 2490 3019 molestia
2525 2979 2726 3019 exuere
2755 2980 2769 3018 :
2801 2967 2964 3034 paulo
3001 2975 3122 3034 post
3156 2972 3338 3020 autem
3394 2974 3569 3017 retra-

1997 3057 2162 3111 hebat
2196 3058 2479 3126 impetum,
2508 3056 2862 3124 experientiae
2887 3057 3132 3126 periculo
3162 3073 3433 3110 summam
3489 3056 3567 3109 rvi

1996 3147 2337 3202 committere
2362 3145 2686 3214 formidans,
2719 3146 2810 3201 ubi
2839 3147 3317 3218 quemadmodum.
3342 3147 3396 3201 in
3427 3147 3564 3200 talo-

1995 3255 2115 3294 rum
2142 3239 2287 3301 lusu,
2323 3240 2366 3306 si
2397 3239 2526 3308 quid
2556 3240 2775 3294 eveniat
2801 3241 3047 3310 sequius,
3081 3251 3234 3296 tanto
3267 3241 3448 3296 minus
3484 3247 3568 3293 est

1995 3330 2676 3400 inexspectatum,quanto
2718 3331 2890 3402 magis
2917 3331 3130 3388 [elicior
3169 3347 3328 3389 casus
3375 3346 3569 3401 exspe-

1994 3423 2220 3478 cmtioni
2246 3424 2522 3494 congruit.

2067 3512 2123 3568 7.
2172 3513 2279 3567 Sed
2326 3514 2628 3582 palaestram
2667 3526 2964 3586 martyrum
3010 3514 3164 3569 adire
3213 3522 3428 3584 tempus
3466 3528 3570 3583 est,

1996 3603 2295 3658 certamina
2322 3605 2562 3673 ipsorum
2594 3606 2984 3661 numeraturis.
3034 3605 3338 3662 Carniﬁces
3393 3609 3571 3678 primo

1997 3693 2298 3750 Codratum
2367 3709 2489 3747 cum
2527 3695 2734 3749 sanctis
2788 3695 2957 3750 sociis
3022 3694 3237 3751 viribus
3310 3697 3572 3753 omnibus

1997 3787 2216 3842 connixi
2249 3786 2562 3841 verberant.
2593 3788 2735 3842 Hinc
2765 3787 3034 3842 sublimes
3074 3788 3310 3858 pedibus
3341 3804 3573 3860 suspen-

1998 3879 2159 3939 dunt,
2189 3877 2518 3948 angulisque
2547 3878 2744 3933 ferreis
2773 3880 3022 3934 carnium
3062 3894 3324 3950 compage
3355 3879 3572 3936 dilace-

1997 3981 2138 4035 rata,
2190 3970 2370 4040 ignem
2421 3970 2764 4024 succendunt
2803 3987 2818 4024 :
2865 3985 3032 4040 opera
3115 3986 3222 4025 una
3269 3971 3574 4041 eademque

1998 4079 2227 4133 corpora
2261 4078 2320 4117 se
2350 4072 2605 4118 cocturos
2633 4062 2977 4128 simulantes,
3035 4071 3091 4117 et
3155 4063 3432 4118 meatibus
3489 4079 3573 4117 re-

1999 4157 2284 4225 spirationi
2309 4155 2508 4210 dicatis
2572 4170 2753 4209 acrem
2813 4154 3058 4209 dolorem
3119 4154 3449 4226 indigentes.
3505 4155 3574 4209 At

2003 4259 2206 4318 martyr
2243 4256 2481 4301 mentem
2509 4261 2659 4299 suam
2684 4261 2713 4300 a
2742 4261 2972 4316 corpore
3003 4261 3230 4315 prorsus
3257 4261 3573 4316 Segregans,

1999 4339 2064 4391 azl
2088 4337 2366 4392 Christum
2401 4336 2682 4403 ablegahat
2722 4353 2735 4390 :
2771 4339 2826 4391 in
2861 4337 3019 4408 cujus
3047 4337 3277 4407 gratiam
3315 4337 3416 4392 ista
3451 4353 3576 4407 pero

2002 4429 2326 4496 pet'ebatur.
2366 4425 2518 4482 Unde
2549 4427 2709 4482 facile
2743 4427 2818 4482 illi
2853 4431 3245 4499 eratcorporis
3293 4429 3576 4482 cruciatus

1923 4523 1971 4582 υ
1999 4539 2276 4592 spernere,
2307 4522 2492 4582 solum
2515 4520 2889 4576 Athlothelam
2920 4520 3219 4590 respicere,
3261 4519 3314 4574 in
3342 4534 3579 4590 corpure

2001 4613 2283 4670 difﬂuente
2314 4613 2562 4684 gloriari,
2619 4621 2674 4667 et
2725 4613 3012 4668 victoriam
3061 4612 3327 4684 liquidam
3382 4613 3573 4668 existi-

1998 4722 2148 4761 mare
2179 4714 2388 4760 tantum
2440 4720 2582 4770 eam,
2610 4720 2716 4774 qua
2754 4719 2883 4759 caro
2919 4706 2988 4759 ob
3023 4702 3227 4760 Christi
3274 4712 3436 4759 antea
3477 4720 3584 4774 pro

2000 4797 2160 4853 nobis
2223 4800 2370 4868 passi
2420 4813 2621 4852 nomen
2657 4799 2814 4867 plexa
2875 4797 3209 4868 despicitur.
3251 4797 3400 4852 Talis
3458 4807 3576 4852 erat

1997 4890 2270 4944 Codratus
2303 4889 2483 4959 quoad
2532 4889 2750 4944 dolores
2788 4891 2871 4945 sui
2937 4889 3228 4960 carperis:
3262 4889 3330 4944 ad
3395 4888 3580 4942 socios

1999 4991 2181 5035 autem
2212 4981 2872 5044 certaminisconversus,
2938 4979 3255 5050 hujusmodi
3316 4981 3579 5034 utebatur

2000 5071 2206 5138 verbis,
2243 5082 2502 5142 tanquam
2529 5072 2727 5142 aliptes
2755 5072 2954 5143 aliquis
2993 5073 3061 5128 ad
3094 5088 3268 5128 novos
3301 5082 3358 5127 et
3401 5073 3578 5126 inusi-

2003 5172 2142 5219 tatos
2165 5163 2454 5219 conﬂictus
2478 5165 2740 5231 incitans,
2807 5175 2866 5222 et
2917 5164 3234 5221 incendium
3275 5165 3578 5221 vehemen-

2001 5257 2270 5310 tissimum
2295 5256 2492 5310 animis
2528 5257 2772 5326 ipsorum
2829 5259 3100 5314 inserens.
3159 5259 3296 5323 Viri,
3338 5257 3575 5321 dicebat,

2003 5348 2096 5415 qui
2130 5345 2367 5400 stadium
2393 5345 2559 5409 idem,
2623 5345 2770 5415 quod
2808 5355 2864 5400 et
2893 5362 3014 5416 ego,
3067 5344 3377 5409 decurritis,
3429 5343 3574 5396 idem

2006 5438 2257 5494 bravium
2291 5438 2584 5508 respicitis,
2610 5438 2655 5493 si
2683 5447 2740 5493 et
2765 5449 2974 5493 natura;
3008 5447 3211 5493 nostrae
3241 5436 3384 5491 ﬂuxa
3419 5433 3578 5489 nubis

2065 5596 2140 5666 (Ξ)
2179 5595 2326 5650 Idem
2357 5595 2540 5665 legere
2571 5595 2754 5650 mallet
2789 5613 2801 5651 :
2839 5593 2954 5646 Νῦν
2977 5593 3022 5666 δ’
3057 5592 3360 5666 ἀπεῖχε-ᾡς
3390 5592 3448 5643 ὲν
3479 5588 3579 5657 με·

1993 5662 2245 5736 ταιχμίιμ
2267 5670 2330 5734 τῇ
2352 5662 2518 5736 πείρᾳ
2554 5667 2614 5716 τὸ
2651 5670 2759 5718 πᾶν
2808 5662 3218 5734 ἀναρρίπτειν,
3241 5662 3396 5736 Nunc
3455 5679 3579 5736 vero

1994 5733 2503 5804 formidabatvelut
2557 5737 2610 5788 in
2640 5752 2824 5805 campo
2876 5733 3051 5788 omnia
3109 5734 3311 5787 eventui
3338 5733 3583 5787 commit-

1996 5817 2123 5858 tcrc.
