4016 6534
491 373 593 431 511

1694 371 2080 430 ΝΙΕΕΙἮΟΒ

2185 370 2545 434 lREGOR£
3643 366 3736 426 51?

490 477 1026 548 conditioignota,'et
1069 479 1231 533 vitam
1280 482 1470 534 mortis
1518 481 2068 550 exspectationelibe-

2185 481 2264 534 τον
2298 483 2422 551 ἐμοὶ
2453 482 2741 551 τρέχοντες
2775 479 3012 543 δίαυλον,
3049 477 3145 532 καὶ
3173 480 3314 546 πρὸς
3342 476 3402 530 ἓν
3437 475 3737 546 ἀφορῶντες

491 585 608 623 ram
639 577 905 638 perpetuo
929 571 1253 639 prorOgandi
1278 579 1425 624 certa
1471 571 1661 624 (iducia
1685 583 1849 630 esset.
1872 577 2068 626 merito

494 676 593 714 nos
619 660 758 714 forte
788 660 908 729 ejus
933 670 1175 714 moveret
1231 663 1492 726 cliaritas,
1554 672 1613 716 ut
1661 663 1812 716 carni
1869 674 2069 716 nostrae

495 764 821 820 euperemus
847 766 968 805 esse
998 753 1337 817 consultum,
1369 762 1424 806 et
1459 753 1695 821 pericula
1739 752 1854 806 hzec
1885 753 2072 823 ingen-

499 843 572 894 tia
605 850 776 905 metu,
825 857 988 911 quem
1020 859 1182 897 nemo
1215 843 1606 912 reprehendat,
1643 845 2069 898 declinat-emus.

497 932 630 984 Cum
663 947 794 986 vero
817 933 1068 986 evitanda
1103 935 1234 987 nulli
1276 934 1360 988 lex
1427 943 1638 987 naturze
1683 934 1854 986 etiam
1913 933 2072 988 nobis

503 1021 806 1084 incumbat,
850 1038 955 1090 qua
1011 1023 1264 1091 jubente,
1314 1025 1530 1078 etiamsi
1597 1025 1762 1078 vitam
1838 1025 2074 1082 fortasse

500 1124 714 1184 tempus
748 1114 1055 1174 indulserit.
1097 1116 1395 1185 aliquando
1429 1125 1611 1171 tamen
1671 1125 1767 1172 aut
1818 1127 2075 1173 senectus

501 1208 673 1269 ﬁniet,
710 1218 802 1260 aut
833 1208 1057 1262 morbus
1091 1209 1362 1271 incidens,
1395 1209 1588 1276 quales
1637 1209 1862 1279 plurimi
1913 1211 2075 1264 varii-

497 1313 604 1367 que
631 1299 846 1352 miserm
867 1300 1020 1353 carni
1053 1300 1186 1354 huic
1236 1300 1433 1356 ordine
1461 1302 1705 1356 materiae
1748 1303 2074 1371 perturbato

499 1391 792 1445 imminent
851 1393 1073 1446 demum
1125 1393 1466 1462 abrumpet:
1503 1410 1601 1447 cur
1666 1395 1810 1460 quod
1879 1396 2077 1449 melius

499 1487 584 1532 est
618 1481 790 1548 pcjori
829 1497 935 1534 non
971 1483 1356 1551 praeferimus?
1395 1485 1602 1550 Quodsi
1651 1496 1880 1541 mortem
1912 1502 2074 1556 quam

504 1580 694 1624 natura
724 1573 980 1626 immittet
1011 1575 1480 1642 exspectabimus,
1531 1577 1761 1647 ingloria
1792 1578 1894 1632 ista
1944 1595 2079 1648 pro-

502 1663 648 1715 fecto
674 1664 801 1726 erit,
835 1665 1069 1734 vimque
1103 1675 1306 1720 nostra:
1333 1669 1654 1723 memoriam
1685 1671 1940 1740 sepulcro
1969 1687 2076 1725 una

503 1767 627 1804 eum
663 1756 990 1822 corporibus
1035 1757 1313 1820 recondet,
1353 1773 1476 1812 eum
1527 1761 1795 1815 incertum
1852 1762 2079 1832 insuper

2172 572 2443 641 βραδεῖαν,
2476 574 2524 624 εί
2543 573 2603 622 τὸ
2626 570 2728 640 τῆς
2755 568 2973 638 φύσεως
3000 569 3147 638 ἡμᾶς
3167 568 3446 636 ἐπίκηρον
3469 567 3735 631 ἐλάνθανε,

2171 667 2267 717 καὶ
2302 664 2542 716 ἀθάνατα
2594 662 2888 732 βιώσεσθαι
2943 661 3404 730 προσεδοκῶμεν,
3458 661 3606 722 εἰκὸς
3648 662 3737 730 μὲν

2172 754 2304 816 ἴσως
2331 749 2399 824 ἦν
2433 752 2780 823 φιλοψυχεῖν,
2811 754 2910 806 καὶ
2941 753 3017 822 μὴ
3047 751 3192 805 οὕτω
3223 753 3333 820 τῆς
3365 753 3573 820 σαρκὸς
3597 753 3742 818 ἀφει-

2171 844 2304 909 δεῖν,
2343 846 2438 898 καὶ
2479 845 2618 916 πρὸς
2661 841 2923 898 τοσοῦτον
2955 845 3273 914 ἀποδειλιᾷν
3320 845 3605 897 κίνδυνον
3631 845 3738 896 ἐπεὶ

2173 933 2232 986 δὲ
2281 936 2446 1003 νόμος
2491 936 2728 1004 φύσεως,
2767 935 3125 1006 ἀπαραίτητα
3165 935 3514 1004 ἐγκείμενος,
3564 936 3654 988 καὶ
3698 937 3742 988 εί

2176 1026 2254 1096 μὴ
2285 1027 2402 1090 νῦν,
2435 1028 2551 1080 ἀλλ’
2582 1027 2674 1081 οὖν
2703 1031 2760 1092 ις
2805 1029 2904 1099 τὴν
2932 1029 3226 1098 ὑστεραίαν
3259 1029 3294 1097 ἢ
3341 1029 3494 1097 γήρᾳ
3525 1026 3614 1079 τὸν
3637 1027 3744 1094 βίον

2174 1118 2604 1188 τελευτήσομεν,
2633 1120 2664 1190 ἢ
2689 1119 2839 1182 νόσος
2875 1137 2960 1180 τις
2990 1118 3409 1172 ὲπεισπεσοῦσα
3446 1119 3524 1186 (αἳ
3563 1119 3743 1170 πολλαί

2175 1225 2234 1260 τε
2260 1214 2356 1265 καὶ
2391 1209 2638 1261 ποικίλαι
2659 1209 2729 1260 δι’
2757 1209 2986 1272 ἀταξίαν
3024 1207 3125 1274 τῆς
3151 1207 3290 1276 ὕλης
3323 1207 3516 1260 ἐπίασι
3548 1211 3614 1276 τῇ
3656 1225 3745 1258 τα-

2176 1300 2338 1371 λαίνῃ
2366 1301 2555 1370 σαρκὶ)
2588 1299 2892 1365 ἀπαλλάξει
2928 1298 3023 1353 τοῦ
3055 1299 3155 1370 ζῇν
3176 1314 3191 1329 '
3224 1299 3318 1353 διὰ
3361 1299 3416 1352 τί
3449 1298 3528 1369 μὴ
3553 1301 3612 1353 τὸ
3641 1299 3745 1369 βέλ-

2177 1407 2291 1444 τιον
2323 1390 2632 1459 αἱρούμεθα
2661 1390 2769 1460 πρὸ
2798 1391 2894 1444 τοῦ
2946 1393 3228 1461 χείρονοςς
3275 1392 3342 1444 El
3393 1390 3496 1459 μὲν
3529 1392 3637 1460 γὰρ
3665 1393 3746 1443 τὸν

2177 1482 2275 1548 τῆς
2309 1481 2527 1551 φύσεως
2557 1485 2757 1536 οἰκεῖον
2790 1484 3200 1554 περιμενοῦμεν
3221 1481 3537 1554 [θάνατον],
3560 1484 3746 1552 ἀκλεὴς

2177 1576 2237 1626 τὸ
2273 1575 2566 1628 παντάπαν
2590 1577 2818 1639 ἐσεῖται,
2847 1576 2943 1628 καὶ
2977 1574 3240 1644 συνθάψει
3277 1576 3357 1645 (3)
3395 1577 3509 1636 τοῖς
3543 1573 3746 1642 σώμασι

2177 1667 2278 1732 τὴν
2326 1668 2547 1736 μνήμην
2581 1667 2757 1736 ἡμῶν,
2819 1668 2916 1720 καὶ
2960 1666 3158 1735 ἄδηλον
3218 1668 3270 1720 εί
3303 1667 3404 1719 καὶ
3464 1665 3564 1733 τῆς
3590 1665 3746 1734 τύχης

2179 1759 2309 1811 ἵλεω
2335 1759 2597 1828 τύχοιμεν
2620 1776 2633 1790 ο
2667 1762 2714 1814 εὶ
2739 1761 2785 1812 δ’
2830 1760 2858 1811 ὁ
2888 1761 3026 1830 μετὰ
3072 1759 3340 1813 κινδύνων
3383 1758 3601 1829 αἱρετὸς
3628 1759 3747 1824 ἡμῖν

505 1842 598 1906 sit,
636 1857 706 1896 an
741 1844 959 1900 fortuna
1012 1846 1257 1914 favente,
1313 1852 1638 1920 superstites
1677 1854 1831 1907 usuri
1875 1855 2071 1908 simus.

2185 1823 2637 1921 uncertain-viii,
2667 1823 2936 1906 ἀθάνατον
2983 1853 3082 1921 μὲν
3104 1854 3237 1920 ἡμῖν
3273 1852 3338 1904 τὸ
3370 1823 3530 1910 κλέος
3569 1823 3744 1916 διαμε-

503 1935 560 1987 Si
591 1950 723 1990 vero
764 1947 993 1992 mortem
1017 1954 1180 2008 quam
1228 1941 1470 2010 pericula
1514 1943 1810 2006 intentant,
1846 1945 2078 2015 elegeri-

503 2043 644 2095 mus,
703 2028 827 2084 vitte
848 2030 1068 2099 quidem
1101 2043 1302 2087 nostrae
1329 2036 1589 2103 perennis
1609 2036 1854 2090 manebit
1879 2037 2074 2107 gloria,

502 2117 665 2188 idque
691 2119 874 2176 vivere
901 2123 1078 2192 magis
1117 2125 1225 2178 erit
1281 2141 1447 2194 quam
1481 2128 1650 2193 mori;
1683 2129 1833 2184 Deus
1891 2139 2074 2185 autem

505 2210 906 2266 immortalibus
951 2213 1190 2282 praemiis
1229 2231 1333 2272 nos
1366 2219 1830 2273 remunerabitur.

576 2302 629 2357 8.
665 2302 826 2358 Hisce
857 2304 946 2359 ille
975 2307 1330 2363 sermonibus
1385 2316 1644 2379 tanquam
1676 2311 1805 2366 belli
1841 2311 1951 2366 dux
1983 2327 2076 2368 so-

506 2393 718 2447 ciorum
753 2395 1086 2450 accendebat
1120 2397 1395 2466 fiduciam,
1459 2409 1516 2454 et
1545 2401 1610 2454 ad
1642 2403 1941 2458 certamina
1981 2405 2080 2458 im-

508 2485 775 2540 minentia
808 2487 956 2556 ipsos
984 2488 1248 2544 reddebat
1269 2491 1654 2548 animosiores.
1682 2494 1793 2549 Nec
1827 2496 2081 2550 cessabat

509 2576 734 2629 interim
758 2576 925 2631 cﬂ‘era
949 2580 1160 2648 tyranni
1187 2581 1487 2636 crudelitas
1512 2582 1856 2648 allirmantis,
1887 2600 2078 2639 eorum

509 2682 630 2734 qua:
651 2679 838 2725 contra
870 2681 1088 2728 sanctos
1118 2673 1451 2728 moliebatur
1479 2677 1696 2731 nonnisi
1738 2679 1993 2747 exiguum
2021 2694 2078 2734 se

511 2770 830 2830 apparatum
863 2765 1212 2834 praemisisse.
1275 2766 1584 2823 Minabatur
1613 2771 1814 2824 etenim
1839 2772 1944 2826 alia
1972 2787 2078 2827 non

513 2851 808 2908 mediocria
843 2854 937 2909 sed
972 2856 1170 2911 acerba
1201 2858 1490 2928 supplicia,
1545 2870 1600 2913 et
1643 2861 1873 2914 omnino
1928 2863 2078 2925 talia,

511 2959 632 3007 quae
659 2959 859 3014 corpus
888 2947 1188 3002 humanum
1213 2951 1357 3006 ferre
1391 2953 1714 3022 neutiquam
1752 2961 1957 3022 posset.
2001 2953 2078 3006 Atl

512 3048 674 3102 quem
711 3034 979 3093 Codralus
1028 3040 1194 3094 animi
1253 3043 1503 3111 generosi
1540 3045 1819 3112 proposito
1849 3045 2082 3099 exarde-

513 3127 907 3183 scens:Nulla
981 3131 1203 3199 quidem
1254 3147 1374 3199 nos,
1433 3133 1633 3202 inquit,
1693 3134 1887 3206 mortis
1949 3151 2079 3190 cura

514 3217 790 3286 angimur,
839 3235 1001 3290 quam
1039 3231 1250 3277 natura:
1294 3222 1506 3295 calculo
1558 3225 1723 3278 etiam
1765 3234 1893 3279 ante
1929 3233 2082 3279 tuum

514 3311 677 3365 nobis
706 3311 978 3365 decretam
1017 3328 1138 3368 esse
1194 3313 1432 3379 scimus;
1481 3331 1606 3369 cum
1674 3303 1812 3370 nulli
1869 3317 2089 3385 penitus

516 3403 638 3466 rei,
714 3418 836 3471 quze
892 3404 1170 3474 gignitur,
1253 3408 1594 3478 corruptioni
1659 3425 1720 3465 se
1774 3410 2087 3466 subducere

515 3491 751 3551 liberum
818 3494 909 3549 sit.
963 3493 1143 3560 Quare
1187 3505 1461 3554 tormenta
1522 3501 1744 3571 quidem
1804 3501 1975 3556 multa
2034 3513 2090 3557 et

515 3583 667 3638 varia
702 3586 755 3638 in
789 3601 890 3640 nos
917 3589 1280 3656 comminisci,
1313 3591 1390 3646 tui
1417 3601 1502 3648 est
1529 3593 1778 3647 arbitrii:
1813 3600 1868 3648 at
1897 3603 2087 3649 contra

520 3679 706 3730 omnia
752 3677 856 3733 ista
890 3681 1112 3749 prodire
1149 3682 1204 3736 in
1239 3684 1436 3748 aciem,
1488 3699 1827 3748 carnemque
1855 3684 2090 3755 vilipen-

519 3767 674 3835 dere,
697 3778 945 3825 nostrum
975 3783 1079 3838 est,
1109 3789 1172 3829 ac
1195 3775 1484 3830 adamante
1510 3776 1764 3831 duriores
1792 3792 1894 3832 nos
1915 3777 2091 3832 οπεο-

520 3862 636 3917 εἶρε.
679 3861 816 3928 Quin
850 3873 904 3918 et
933 3867 1244 3921 cumulasse
1279 3874 1331 3922 te
1360 3869 1648 3938 supplicia,
1676 3869 1837 3924 nobis
1877 3869 2087 3925 benetl-

519 3958 662 4008 (-'.um
694 3956 818 4020 erit,
847 3959 938 4027 qui
968 3973 1066 4028 pro
1098 3958 1316 4012 illorum
1352 3975 1584 4015 numero
1605 3975 1844 4017 coronas
1865 3977 2088 4033 quoque

519 4045 680 4099 nobis
712 4059 1202 4105 annumeraturum
1249 4050 1612 4108 atblothetam
1660 4053 1832 4109 Deum
1863 4068 2090 4125 exspec-

523 4146 724 4194 lamus.

594 4310 645 4365 9.
683 4309 833 4368 Adeo
863 4328 974 4369 non
1000 4315 1357 4373 emolliebant
1401 4320 1568 4377 verba
1601 4321 1720 4378 haec
1774 4333 2087 4395 tyrannum,

522 4411 584 4456 ut
617 4405 856 4459 furorem
909 4408 1029 4478 ejus
1091 4409 1256 4464 etiam
1310 4412 1485 4483 magis
1541 4415 1930 4479 accenderent,
1977 4431 2085 4470 non

2183 1941 2263 1991 νεῖ
2319 1939 2396 2008 τῷ
2446 1938 2570 2008 βίῳ,
2605 1941 2701 1991 καὶ
2751 1939 2852 2008 ζῇν
2885 1938 3031 1992 τοῦτ’
3056 1939 3210 1992 ἔσται
3251 1939 3463 2008 μᾶλλον
3494 1939 3524 2003 ἢ
3556 1935 3743 2001 θανεῖν,

2183 2031 2470 2086 ἀθανάτων
2505 2031 2560 2083 δὲ
2593 2031 2826 2084 καὶτῶν
2871 2030 3144 2101 βραϐείων
3186 2031 3344 2100 παρά
3382 2029 3519 2081 Θεοῦ
3547 2027 3744 2092 ἀντιλη-

2182 2123 2397 2192 ψόμεθα

2256 2306 2327 2377 η’.
2373 2307 2597 2369 Τούτοις
2641 2311 2751 2370 τοῖς
2801 2308 2979 2376 λόγοις
3033 2301 3124 2360 οἷά
3165 2325 3246 2368 τις
3286 2305 3593 2376 στρατηγὸς
3634 2305 3740 2363 τοὺς

2187 2399 2325 2468 ἀμφ’
2356 2402 2520 2455 αὑτὸν
2552 2401 2866 2468 ὑπαλείφων
2897 2418 2955 2454 τε
2994 2401 3090 2454 καὶ
3117 2398 3588 2471 παραθαρρύνων,
3624 2395 3744 2465 πρὶς

2185 2495 2311 2555 τοὺς
2342 2493 2467 2560 ἑξῆς
2501 2494 2723 2559 ἀγῶνας
2775 2494 3215 2564 ἀνδρικωτέρους
3266 2491 3528 2546 καθίστα.
3563 2487 3740 2541 Ἀλλ’ὁ

2186 2587 2450 2655 τύραννος
2490 2587 2590 2638 οὐκ
2638 2585 2832 2656 ἔληγεν
2874 2586 3089 2638 οὐδέπω
3133 2585 3230 2654 τῆς
3275 2582 3520 2652 σφοδρᾶς
3551 2580 3741 2644 ἐκείνης

2187 2677 2494 2746 ὠμότητος,
2529 2675 2643 2728 ἀλλ’
2690 2671 2758 2746 ἦν
2789 2673 2962 2728 ταῦτα
2997 2675 3195 2743 ἐκείνῳ
3235 2670 3422 2742 μικρά
3473 2687 3553 2731 τις
3587 2683 3740 2735 παραυ

2191 2768 2360 2837 σκευὴ
2402 2767 2542 2820 κατὰ
2578 2768 2684 2820 τῶν
2713 2767 2910 2834 ἁγίων,
2946 2765 3020 2828 ὡς
3050 2765 3310 2832 ἔφασκεν,
3358 2760 3601 2816 ’Ππείλει
3648 2759 3736 2824 γὰο

2188 2862 2408 2929 ἐτέρους
2434 2863 2493 2914 οὺ
2520 2861 2774 2929 μετρίους
2805 2862 2902 2913 καὶ
2935 2858 3166 2927 πικροὺς
3190 2857 3480 2919 θανάτους,
3503 2855 3594 2906 καὶ
3613 2852 3738 2908 οἴους

2188 2955 2288 3006 οὐκ
2317 2951 2611 3021 ἀνθρώπου
2648 2951 2806 3021 σῶμα
2841 2952 3032 3020 φέρειν
3063 2950 3304 3004 δύναιτο.
3345 2948 3489 3018 Ilpr
3510 2946 3566 2998 ὃν
3598 2944 3624 2996 ὁ
3656 2942 3739 2996 Ko-

2187 3043 2380 3115 δρᾶτος
2407 3043 2473 3108 (ὣ
2499 3045 2754 3112 γενναίας
2793 3043 3097 3104 ἑνστάσεως
3122 3043 3216 3094 καὶ
3247 3041 3599 3110 φρονήματος
3629 3033 3738 3102 φλέο

2108 3169 2154 3232 C
2191 3153 2378 3203 γοντος
2405 3137 2467 3206 !),
2499 3137 2631 3204 Περὶ
2665 3135 2763 3201 μὲν
2793 3135 3023 3187 θανάτου
3049 3134 3200 3186 οὐδὲν
3233 3135 3370 3202 ἡμῖν
3396 3125 3734 3232 μέλειμρησί·

2191 3230 2305 3290 πῶς
2334 3229 2443 3298 γάρ
2473 3247 2484 3294 ;
2521 3228 2580 3280 ὃν
2632 3226 2788 3298 ἡμῶν
2821 3227 2853 3295 ἡ
2901 3225 3064 3294 φύσις
3095 3224 3202 3292 πρό
3225 3240 3291 3290 γε
3329 3220 3424 3274 σοῦ
3453 3212 3730 3286 κατεψηφί-

2191 3339 2343 3384 σατο,
2378 3321 2473 3374 καὶ
2513 3320 2612 3372 οὐκ
2647 3319 2856 3371 ἔνεστιν
2896 3317 3073 3370 οὐδενὶ
3114 3317 3222 3369 τῶν
3259 3314 3519 3368 ἁπάντων
3543 3307 3734 3377 γενέσει

2188 3410 2522 3483 χρησαμένῳ
2555 3410 2630 3481 μὴ
2669 3411 2763 3462 καὶ
2798 3408 2976 3478 φθορᾷ
3019 3407 3450 3476 καθυπαχθῆναι
3475 3419 3490 3432 θ
3526 3400 3672 3453 τοῦτο
3697 3394 3735 3446 δ’

2189 3507 2321 3573 ἡμῖν
2346 3505 2404 3557 ὲν
2433 3507 2546 3565 τοῖς
2588 3503 2824 3572 μάλιστα
2860 3501 3036 3570 μέλει,
3070 3499 3145 3570 μὴ
3179 3500 3277 3552 σὺν
3313 3497 3504 3565 ἀδοξία
3536 3491 3623 3546 τοῦ
3652 3490 3738 3557 Cf."

2189 3592 2620 3660 ἀπαλλαγῶμεν.
2659 3589 2765 3642 ’1ὀῦ
2805 3591 2904 3658 μὲν
2936 3587 3031 3641 οὖν
3061 3587 3259 3650 πολλάς
3291 3603 3351 3640 τε
3389 3587 3486 3639 καὶ
3517 3579 3736 3636 ποικίλας

2190 3685 2544 3754 ἐφευρίσκειν
2573 3681 2696 3735 καθ’
2724 3681 2884 3751 ἡμῶν
2911 3680 3182 3750 βασάνους
3215 3679 3280 3732 σὺ
3321 3677 3511 3747 κύριος
3536 3691 3548 3702 ·
3581 3669 3664 3724 τοῦ
3690 3666 3736 3718 δὲ

2195 3776 2330 3847 πρὸς
2360 3776 2540 3838 πάσας
2584 3773 3057 3842 ἁντιτεταγμένως
3091 3770 3256 3840 ἔχειν,
3283 3770 3381 3823 καὶ
3424 3767 3518 3837 τῆς
3556 3758 3734 3830 σαρκὸς

2191 3867 2450 3936 ἀφειδεῖν,
2490 3869 2682 3919 τούτου
2714 3865 2756 3918 δ’
2780 3865 2942 3934 ἡμεῖς
2980 3863 3186 3934 κύριοι,
3234 3863 3329 3914 καὶ
3365 3860 3492 3921 ἴδοις
3523 3856 3585 3909 ἂν
3617 3868 3733 3904 πανυ

2191 3956 2280 4018 τὸς
2301 3955 2608 4020 ἀδάμαντος
2638 3951 3066 4020 ἀκμαιοτέρους.
3113 3951 3275 4020 ἸΙμῑν
3308 3949 3366 4002 δὲ
3410 3945 3503 4000 καὶ
3525 3947 3578 3996 ὲν
3600 3939 3733 4006 εὐερ-

2190 4043 2350 4110 γέτου
2406 4040 2572 4111 μοίρᾳ
2623 4039 2839 4110 λογίζῃ,
2892 4037 3110 4098 πλείους
3169 4037 3452 4106 ἐπιφέρων
3485 4031 3730 4084 κολάσεις,

2195 4137 2590 4206 ἰσομετρήτους
2639 4133 2748 4204 γὰρ
2798 4132 2891 4184 καὶ
2926 4131 3051 4194 τοὺς
3089 4131 3390 4198 στεφάνους
3432 4115 3731 4192 ἐκδεχόμεθα

2197 4229 2347 4298 παρὰ
2371 4227 2461 4279 τοῦ
2492 4226 2783 4279 ἀθλοθὲτου
2819 4223 2977 4276 Θεοῦ.
3244 4308 3254 4311 _
3402 4306 3447 4311 ,Α
3543 4302 3566 4311 _
3643 4294 3707 4311 ..ς

2263 4297 2328 4369 θ’.
2354 4313 2542 4368 Ταῦτα
2581 4312 2670 4366 τὸν
2702 4313 2964 4382 τύραννον
2995 4308 3331 4380 ὲμαλὰκιζεν
3361 4297 3716 4374 οὖδαμῶςιάλλ

2193 4407 2457 4475 ἀνὲφλεγε
2507 4406 2709 4475 μᾶλλον
2755 4405 2846 4456 τὸν
2889 4403 3098 4456 ἐκείνου
3142 4402 3348 4472 θυμὸν,
3400 4391 3632 4463 ὡσπερεί
3663 4402 3729 4447 τις

520 4509 682 4548 serus
715 4511 780 4551 ac
809 4499 1036 4553 materia
1068 4499 1340 4558 incendiis
1367 4513 1491 4573 apta
1518 4505 1792 4560 ﬂammam
1825 4507 1982 4561 solet.
2016 4507 2083 4564 At

2199 4500 2256 4553 εὖ
2271 4514 2509 4570 πρηστος
2533 4497 2634 4566 ὖλη
2672 4498 2845 4565 φλόγα
2878 4495 3071 4566 πυρός.
3105 4496 3211 4547 Καὶ
3241 4497 3267 4548 ὁ
3301 4495 3397 4564 μὲν
3429 4494 3730 4558 ὲφοινὶσςετο

525 4583 672 4638 illius
702 4587 918 4654 quidem
945 4589 1136 4644 faciem
1161 4591 1240 4645 ira
1269 4593 1467 4649 rubore
1499 4575 1848 4660 s'uﬂ‘uderat;
1885 4605 2092 4668 marty-

524 4691 613 4729 res
640 4686 820 4731 autem
883 4679 1264 4737 subridebant.
1298 4685 1546 4740 Jacicbat
1587 4687 1678 4741 ille
1719 4688 2004 4742 convicia:
2035 4687 2094 4743 bi

521 4777 706 4820 autem
736 4784 834 4837 par
868 4772 980 4840 pari
1011 4789 1119 4826 non
1146 4773 1467 4830 reddebant.
1489 4777 1724 4833 Jubebat
1747 4777 1838 4832 ille
1871 4779 2092 4834 carniﬁ-

522 4873 613 4910 ces
643 4859 908 4928 supplicia
941 4864 1143 4917 addere
1197 4865 1523 4934 suppliciis:
1558 4867 1610 4919 hi
1649 4876 1834 4921 autem
1901 4883 2096 4920 eumu-

523 4953 650 5006 latis
677 4965 732 5008 et
787 4956 880 5009 diu
916 4959 1212 5027 protractis
1281 4960 1517 5030 amplius
1569 4959 1918 5029 gaudebant,
1970 4975 2094 5012 eum

527 5048 681 5101 ﬁrma
730 5050 896 5104 animi
949 5067 1074 5123 Spes
1134 5053 1314 5108 debile
1364 5068 1565 5121 corpus
1625 5059 1980 5117 sustentaret,
2034 5065 2099 5106 ac

522 5140 780 5209 erigeret,
817 5146 1148 5210 persuadens
1189 5146 1342 5212 ipsis,
1376 5154 1434 5198 ut
1465 5155 1734 5199 tormenta
1769 5143 1904 5196 nihil
1945 5142 2094 5195 aliud

523 5246 646 5285 esse
712 5233 1115 5300 existimarent,
1188 5253 1353 5306 quam
1424 5236 1766 5307 gymnasium
1849 5234 2095 5288 virtutis.

530 5322 724 5379 Bestiis
752 5335 1017 5394 praeterea
1077 5328 1131 5382 in
1180 5329 1360 5383 cibum
1414 5328 1638 5398 objecti,
1702 5327 1830 5380 hinc
1879 5339 2098 5394 quoque

529 5415 816 5470 indemnes
870 5428 1186 5483 evaserunt,
1269 5420 1446 5490 angeli
1503 5419 1768 5473 divinitus
1833 5418 2098 5472 submissi

529 5508 752 5572 auxilio,
776 5511 1125 5578 quil'erarum
1165 5528 1260 5567 ora
1287 5511 1582 5568 obstruxit.
1633 5511 1878 5564 Tandem
1911 5509 2096 5578 igitur,

605 5655 680 5715 (3)
706 5653 816 5707 MS.
865 5654 1134 5722 συνάψειε
1167 5654 1260 5708 sed
1313 5653 1547 5707 litteram
1595 5649 1962 5722 deficientem,
2022 5648 2100 5700 uti

534 5733 690 5776 antea
713 5719 1223 5797 Odvfrovsupplens
1267 5721 1634 5797 adjeci-taqui
1703 5719 1816 5772 lucc
1881 5733 2098 5797 summo

539 5807 659 5845 cum
708 5793 912 5860 judicio
961 5794 1304 5859 transcripsit
1357 5793 1596 5847 Dcltnius
1671 5793 2096 5853 prteriominalus

2194 4593 2254 4645 τι
2293 4591 2580 4662 πρῦσωπον
2615 4591 2706 4642 ὑπ’
2739 4589 2930 4658 ὀργῆς,
2983 4589 3033 4639 ot
3059 4588 3113 4639 δὲ
3146 4586 3425 4656 μάρτυρες
3474 4575 3724 4662 ἐμειδεωγ.

2197 4683 2294 4736 καὶ
2390 4682 2487 4751 μὲν
2512 4682 2753 4750 ὕϐριζεν,
2788 4682 2836 4733 οἱ
2869 4679 2914 4731 δ’
2949 4679 3050 4731 οὐκ
3077 4679 3406 4747 ἁνθύδριζον
3428 4691 3441 4705 °
3473 4674 3561 4725 καὶ
3592 4669 3616 4718 ὃ
3645 4660 3729 4763 βξ

2194 4774 2321 4836 τοὺς
2345 4774 2573 4844 δημίους
2632 4773 2886 4824 ἐκέλευεν
2946 4772 3208 4841 ὲμςρορεῖν
3264 4769 3362 4831 τὰς
3411 4763 3727 4856 κολάσειςοξε

2196 4866 2242 4920 δ’
2281 4865 2718 4933 ἀλλεπαλλήλους
2773 4881 2830 4916 τε
2874 4865 2966 4916 καὶ
3010 4865 3255 4932 συνεχεῖς
3287 4857 3727 4946 ὲμφοροὺμενοιξ-

2199 4977 2390 5031 χαιρον
2451 4961 2511 5010 τὸ
2565 4958 2662 5011 τοῦ
2721 4959 2974 5026 σώματος
3017 4955 3243 5017 ἀσθενὲς
3289 4956 3385 5023 τῆς
3435 4949 3526 5015 τῆς
3568 4943 3722 5040 ψυχῆς

2197 5051 2588 5123 ὑπερειδούσης
2621 5053 2713 5101 καὶ
2738 5048 3133 5118 ἀνεγειροῦσης
3163 5047 3392 5108 ἐλπίδος,
3424 5044 3510 5093 καὶ
3544 5045 3724 5102 γυμνον

2198 5163 2311 5199 σιον
2337 5146 2409 5208 ὡς
2441 5144 2654 5212 ἀληθῶς
2692 5143 2892 5212 ἀρετῆς
2926 5143 3023 5203 τὰς
3057 5139 3322 5210 βασάνους
3362 5135 3595 5206 ἡγεῖσθαι
3625 5135 3724 5171 πει·

2199 5237 2419 5305 θούσης.
2455 5235 2594 5304 Ἤδη
2628 5237 2682 5287 δὲ
2719 5237 2809 5287 καὶ
2844 5233 3053 5303 θηρίοις
3086 5233 3444 5300 ὴγριωμένοις
3478 5216 3604 5290 βορὰ
3637 5226 3723 5305 ﬁt“

2201 5297 2546 5398 ρατίθένται-
2577 5297 2690 5378 τᾶλλ’
2715 5297 3299 5395 ἀπήλλαξανκάκείοεν
3330 5297 3718 5399 ἀπαθεῖς,ἀγγξ-

2200 5421 2292 5473 λου
2336 5421 2518 5472 θεόθεν
2559 5420 2884 5480 ἐπιστάντος
2923 5414 3142 5486 βοηθοῦ,
3191 5418 3283 5465 καὶ
3329 5413 3394 5463 τὰ
3424 5406 3519 5461 τῶν
3563 5399 3719 5486 θηρμυξν

2202 5514 2642 5583 ἁποφρὰττοντος
2677 5513 2944 5581 στόματα.
2988 5508 3143 5560 Ἐπεί
3184 5506 3259 5568 δὲ,
3303 5515 3488 5573 μικρον
3529 5489 3622 5542 θέω
3649 5481 3720 5530 λε’

2209 5653 2670 5720 quemadmodum
2703 5661 2760 5704 et
2819 5664 2971 5703 num.
3002 5649 3063 5720 ll
3126 5643 3394 5716 supplevit
3440 5624 3716 5698 νοτημάτων

2209 5718 2307 5790 [ito
2337 5741 2618 5792 σηςιοιτων,
2644 5730 2697 5775 et
2731 5721 2836 5775 alia
2862 5718 3131 5790 quazdam.
