4016 6478
260 396 371 461 5.3

1539 396 1715 457 viTA
1756 394 1815 455 s.
1857 358 2219 456 corium.

3403 390 3511 453 514

255 534 401 583 γειν,
438 512 528 566 διὰ
562 512 740 582 πάσης
767 513 1010 574 ἐπινοίας
1042 510 1213 566 ἐλθὼν
1238 510 1265 563 δ
1295 509 1564 575 κολάζων,
1589 509 1835 571 ἐκεῖνους

1945 510 2065 562 cum
2109 507 2244 561 nihil
2276 505 2392 560 fere
2440 504 2811 576 excogitatum
2866 503 2971 558 sibi
3035 503 3296 557 ornitiens
3335 515 3421 558 tor
3448 522 3513 560 or

260 609 362 678 μὲν
391 608 638 677 νικητᾰς,
669 605 858 659 ἑαυτὸν
884 604 938 657 δὲ
966 605 1064 673 τῆς
1101 604 1268 673 ἥττης
1294 604 1386 654 καὶ
1417 602 1563 655 ἄκων
1592 600 1828 671 κληρού-

257 717 357 768 χον
402 698 600 763 ἐποίει,
631 697 717 751 διὰ
748 698 929 763 πάσης
976 697 1300 766 προστάττει
1347 693 1579 763 συρῆναι
1609 694 1703 760 τῆς
1734 692 1834 743 πό-

255 790 426 855 λεως,
455 789 681 850 ὑπτίους
719 788 781 839 ἐκ
807 786 983 839 ποδῶν
1021 785 1420 854 δεσμηοέντας.
1453 784 1559 835 Καὶ
1590 780 1833 833 εἷλκοντο

262 884 365 950 μὲν
401 878 637 948 ἀφειδῶς
668 878 718 929 ci
759 876 996 947 Χριστιιῦ
1029 876 1293 946 ἀθληταί·
1339 874 1627 928 ἐϐάλλοντο
1660 872 1704 925 δ’
1727 871 1834 924 ὑπὸ

259 967 488 1019 πάντων
524 966 601 1028 ὼς
651 965 826 1017 εἰπεῖν
866 962 1185 1031 συγκλύδων
1223 963 1386 1016 τινῶν
1430 964 1523 1016 καὶ
1559 961 1834 1030 ἀγοραὲων

265 1057 572 1130 μειρακίων
620 1056 791 1119 λίθοις
848 1071 906 1108 τε
958 1055 1050 1108 καὶ
1096 1054 1298 1125 ξύλοις,
1329 1054 1425 1108 καὶ
1469 1054 1577 1123 ὅτῳ
1620 1052 1840 1106 δύναιτο

259 1152 496 1214 ἕκαστος
522 1150 734 1221 τρόπῳ,
783 1148 890 1211 ἓως
928 1150 1026 1218 τῆς
1060 1147 1269 1209 πόλεως
1291 1145 1683 1216 ἀπηνέχθησαν
1709 1143 1833 1208 ἔξω,

260 1245 401 1297 ὅπου
449 1243 547 1297 καὶ
599 1240 698 1312 τὴν
747 1240 1007 1311 τελευτὴν
1055 1231 1215 1308 εὖρον
1267 1237 1364 1292 τοῦ
1394 1237 1533 1307 βίου,
1570 1236 1714 1304 ξίφει
1737 1235 1836 1297 τὰς

265 1329 511 1398 κεφαλάς
546 1328 1008 1396 ἀποϐεϐληκότες.
1059 1327 1220 1380 Ἀλλὰ
1252 1330 1362 1397 γὰρ
1394 1329 1420 1379 ὁ
1452 1328 1595 1389 θεῖος
1624 1325 1837 1395 Κοδρᾶ-

272 1441 361 1483 τος
395 1423 492 1474 σὺν
526 1425 640 1485 τοῖς
669 1421 808 1491 ἀμφ’
836 1421 1002 1473 αύτὶν
1031 1418 1176 1472 οὕτω
1206 1418 1312 1487 πρὸ
1344 1416 1439 1470 τοῦ
1483 1419 1691 1479 ἄστεως
1724 1417 1839 1481 ἐξεο

268 1511 546 1574 λαθέντες.
578 1513 698 1564 ἐκεῖ
737 1527 842 1564 που
872 1509 967 1562 τοῦ
998 1509 1178 1579 τείχου
1223 1510 1451 1575 ἔγγιστα
1483 1507 1641 1577 δίκην
1669 1508 1838 1560 ἀστα-

266 1607 416 1674 χύων
467 1604 564 1666 τὰς
606 1602 847 1672 κεφαλὰς
900 1601 1257 1673 ἀφῄρηνται,
1300 1600 1550 1668 Μαρτίου
1605 1598 1838 1669 δεκάτην

266 1696 497 1761 ἄγοντος
530 1695 671 1756 τότε,
703 1693 798 1746 τοῦ
823 1691 986 1761 ἔαρος
1015 1692 1135 1744 νέον
1163 1690 1268 1761 ἠδη
1299 1689 1396 1760 τὴν
1431 1693 1538 1758 γῆν
1567 1689 1836 1752 ἐπιόντος.

276 1789 345 1841 Ἥ
376 1787 430 1840 δὲ
460 1786 520 1839 τὸ
567 1783 957 1856 καταρρεὗσαν
999 1780 1209 1834 ἐκεῖθεν
1244 1775 1386 1851 αἷμα
1432 1780 1707 1847 δεξαμένη
1736 1779 1838 1831 πέ-

1937 601 2063 665 iSte,
2093 615 2122 653 a
2149 598 2451 653 victoribus
2482 608 2663 652 tamen
2692 598 2798 651 illis
2826 599 3138 653 \inceretur
3171 599 3251 650 vel
3285 599 3509 662 invitus,

1934 692 2162 760 supinos
2188 690 2420 760 pedibus
2451 689 2686 759 alligatis
2717 690 2920 757 raptari
2966 706 3063 758 per
3114 688 3302 742 urbem
3357 706 3516 743 man-

1935 783 2048 836 dat.
2084 781 2467 836 Trahebantur
2497 781 2685 849 itaque
2725 780 2943 834 athleta:
2996 780 3202 832 Christi
3251 780 3511 832 immitis-

1934 873 2089 935 sin:e,
2125 881 2177 925 et
2206 889 2234 925 a
2260 872 2568 940 promiscua
2626 871 2784 925 turba
2820 871 3224 940 juvenibusqne
3269 872 3511 924 circum-

1934 962 2174 1017 foraneis
2200 962 2495 1031 lapidibus,
2532 962 2689 1031 lignis
2721 970 2778 1015 et
2829 963 2974 1024 aliis,
3026 976 3147 1031 quae
3178 962 3244 1015 ad
3287 977 3509 1015 manum

1936 1063 2116 1127 erant,
2173 1053 2504 1123 petebantur
2540 1053 2757 1107 :donec
2803 1053 3021 1107 tandem
3096 1061 3247 1106 extra
3317 1054 3509 1107 urbem

1937 1154 2160 1198 ventum
2191 1152 2292 1207 est,
2321 1142 2414 1196 ubi
2461 1141 2736 1211 capitibus
2787 1142 2966 1212 gladio
3017 1142 3297 1210 abscissis,
3347 1143 3512 1197 linem

1938 1235 2061 1288 vitm
2093 1235 2442 1288 invenerunt.
2480 1234 2658 1303 Atque
2690 1235 2769 1288 sic
2792 1233 2981 1287 divino
3039 1233 3280 1289 Codrato
3338 1242 3393 1288 et
3421 1249 3512 1288 so-

1938 1330 2041 1384 ciis
2078 1329 2213 1384 urbe
2269 1329 2480 1398 ejectis,
2536 1329 2601 1382 ad
2660 1329 2775 1395 ipsa
2806 1329 2929 1398 ejus
2978 1329 3177 1382 mantia
3233 1330 3511 1398 spicarum

1941 1420 2113 1474 instar
2139 1420 2320 1486 capita
2375 1419 2621 1474 demessa
2681 1428 2832 1482 sunt,
2890 1419 3067 1473 Martii
3121 1420 3209 1473 die
3270 1422 3511 1485 decima,

1884 1535 1901 1552 ο
1938 1526 2067 1565 vere
2086 1514 2269 1565 denuo
2301 1520 2504 1566 terram
2534 1509 2829 1563 invnsente.
2862 1508 3062 1564 Saxum
3093 1511 3338 1579 quidem,
3365 1512 3511 1578 quod

1939 1601 2272 1657 deﬂuentem
2297 1602 2539 1672 ipsorum
2575 1601 2898 1670 sanguinem
2936 1601 3173 1670 excepit,
3207 1616 3364 1671 aqua:
3388 1601 3515 1655 [οη-

1943 1701 2050 1748 tem
2081 1692 2370 1748 confestim
2414 1692 2622 1753 entisit,
2675 1691 2986 1761 neSIrisque
3047 1692 3213 1747 etiam
3257 1693 3517 1762 tempori-

1945 1785 2045 1840 bus
2075 1785 2327 1839 emittere
2366 1784 2434 1839 ad
2477 1784 2798 1838 morborum
2866 1786 3046 1838 omnis
3075 1783 3295 1853 generis
3329 1796 3515 1837 reme-

264 1892 397 1943 τρα,
443 1872 626 1942 πηγὴν
666 1870 858 1932 ὓδατος
900 1871 964 1922 ὲκ
1000 1870 1096 1933 τοῦ
1147 1867 1493 1938 παραχρῆμα
1525 1864 1837 1933 ἀντιδοῦσα,

1945 1874 2032 1930 ilia
2051 1882 2387 1945 perseverat.
2405 1872 2753 1930 Venerandas
2771 1880 2955 1926 autem
2981 1870 3245 1941 reliquias
3268 1871 3515 1939 ipsorum

262 1965 503 2021 διατελεῖ
544 1964 634 2018 καὶ
671 1963 727 2026 ἐς
771 1960 931 2031 δεῦρο
975 1960 1307 2031 νοσημάτων
1352 1959 1621 2014 παντοίων
1665 1960 1839 2024 ίάσεις

268 2055 746 2126 συναποῤῥέουσα.
779 2053 860 2105 Τὰ
903 2051 960 2105 δὲ
987 2052 1147 2122 τίμια
1172 2050 1355 2106 αὐτῶν
1390 2050 1624 2119 λείψανα
1650 2050 1838 2118 θεοφι-

262 2151 382 2214 λείς
418 2148 735 2219 ἀνελόμενοι
768 2145 982 2217 ἄνδρες,
1029 2145 1131 2198 καὶ
1181 2147 1408 2215 τέμενος
1451 2143 1595 2198 θεῖον
1639 2144 1836 2213 astud-

268 2260 429 2312 μενοι
486 2244 592 2312 πρὸ
629 2237 726 2294 τοῦ
772 2240 983 2301 ἄστεως
1031 2237 1209 2307 τούτῳ
1256 2236 1408 2290 ταῦτ’
1451 2235 1837 2304 ἐγκατέθεντο,

266 2333 572 2403 ἀσφάλειαν
600 2332 869 2403 μεγίστην
908 2332 975 2400 τῇ
1009 2329 1162 2382 πόλει
1197 2329 1292 2382 καὶ
1323 2326 1601 2399 θησαυρὸν
1639 2328 1841 2384 ἄσυλον

268 2426 325 2478 ία
332 2425 544 2494 μάτων.

1944 1966 2025 2035 pii
2087 1966 2189 2021 viri
2256 1965 2620 2037 collegerunt,
2660 1976 2716 2018 et
2778 1964 2835 2018 in
2883 1964 3108 2032 templo,
3150 1963 3295 2032 quod
3342 1974 3515 2033 prope

1947 2060 2135 2114 urbem
2167 2059 2280 2114 Deo
2321 2068 2667 2115 exstructum
2707 2057 2776 2111 ab
2833 2055 2965 2124 ipsis
2996 2054 3344 2123 postmodmn
3402 2062 3511 2115 est,
3548 2096 3563 2102 -

1945 2151 2382 2215 collocaverunt,
2418 2150 2709 2204 maximam
2741 2148 2865 2202 urbi
2907 2148 3157 2202 tutelam.
3182 2154 3238 2201 et
3269 2146 3515 2201 sanatis-

1946 2261 2076 2301 num
2104 2246 2423 2301 thesaurum
2456 2250 2892 2300 sacrosanctum.

1706 2511 1935 2571 CAPUT
1976 2512 2071 2569 Ill.

945 2624 1268 2697 Martyrium
1305 2623 1533 2680 aliorum
1563 2625 1884 2697 quindecim,
1922 2625 2162 2696 exemplo
2204 2624 2262 2681 S.
2293 2624 2513 2681 Codrati
2542 2642 2841 2697 passorum.

347 2758 398 2813 t'.
443 2755 606 2813 Ἀ).λά
656 2755 722 2808 τά
762 2753 862 2825 μὲν
893 2755 1039 2824 ἀμςὶ
1082 2754 1359 2824 Κοδρᾶτον
1401 2754 1495 2807 καὶ
1540 2751 1667 2816 τοὺς
1699 2751 1839 2824 ἀμφ’

272 2849 442 2902 αὑτὸν
491 2844 751 2900 τοιαῦτα·
805 2846 1098 2899 ὑπόλοιπον
1151 2844 1196 2898 δ’
1240 2846 1306 2898 ἂν
1349 2843 1435 2914 εἴη
1472 2842 1749 2898 διαλαϐεῖν
1778 2845 1838 2897 ἐν

273 2941 472 3011 βραχεῖ
502 2939 599 2993 καὶ
629 2937 727 3009 τὴν
755 2937 864 2990 τῶν
919 2936 1097 3001 ἀλλων
1144 2936 1392 3006 ἄθλησιν,
1444 2934 1493 2988 οἳ
1533 2934 1842 3008 διδασκάλῳ

276 3031 543 3102 Κοδράτῳ
589 3032 956 3103 χρησάμενοι,
1012 3031 1106 3083 καὶ
1159 3028 1381 3101 χρηστῷ
1432 3030 1840 3101 παραδείγματι

2019 2755 2105 2810 to.
2129 2754 2307 2826 Atque
2335 2755 2451 2811 haec
2478 2756 2545 2812 de
2567 2755 2804 2812 Codrato
2830 2758 3060 2828 ejusque
3096 2757 3282 2824 sociis,
3315 2775 3509 2832 super-

1945 2858 2053 2912 est,
2084 2856 2145 2903 ut
2174 2848 2472 2903 certamina
2504 2863 2726 2918 quoque
2768 2849 2958 2918 paucis
3006 2864 3370 2921 exsequamur
3421 2868 3518 2909 eo-

1949 2952 2071 2992 rum
2124 2939 2217 3009 qui
2270 2938 2587 3008 magisterio
2664 2938 2888 2994 Codrati
2936 2939 3191 3011 bonoque
3263 2943 3516 3012 exemplo

1947 3033 2014 3083 ad
2049 3028 2402 3099 pugnandum
2456 3045 2557 3099 pro
2610 3028 2832 3085 Christo
2888 3031 3124 3087 viriliter
3176 3034 3515 3102 temporibus

275 3126 415 3195 πρὸς
439 3126 564 3188 τοὺς
593 3125 683 3176 διὰ
715 3124 948 3193 Χριστὸν
977 3123 1195 3191 ἀγῶνας
1223 3124 1282 3175 ὲν
1311 3122 1540 3186 ἐκείνοις
1572 3114 1685 3186 τοῖς
1706 3127 1840 3193 χρό-

1950 3118 2148 3174 iisdem
2179 3119 2482 3181 invaluere,
2511 3118 2788 3173 mentibus
2821 3120 2875 3173 in
2909 3121 3058 3175 illius
3104 3122 3511 3178 aemulationem

274 3235 396 3281 νοις
456 3215 838 3289 ὲρῤώσθησαν,
879 3216 1028 3286 ζήλῳ
1058 3215 1133 3287 τῷ
1165 3215 1302 3286 πρὸς
1347 3215 1512 3269 αὑτὸν
1543 3214 1641 3275 τὰς
1663 3214 1842 3286 ψυχὰς

274 3309 719 3380 ὲκπυρὼσαντες.
754 3307 864 3361 Ἑνὶ
894 3307 994 3377 μὲν
1021 3304 1115 3360 οὖν
1150 3305 1389 3370 ἅπαντες
1415 3306 1645 3377 δικαστῇ
1674 3307 1846 3376 παρέ-

275 3418 505 3474 στησαν,
521 3401 733 3472 Τερτίῳ
755 3399 1052 3477 άνθυπάτῳ
1066 3398 1338 3465 Ἑλλάδος,
1357 3398 1651 3470 διαφόρους
1676 3398 1733 3453 δὲ
1746 3397 1844 3461 τὰς

275 3492 529 3553 κολάσεις
556 3488 888 3551 ὑποστάντες
913 3486 1136 3556 ἐξῆλθον
1160 3487 1249 3540 τὸν
1268 3486 1403 3557 βίον·
1427 3486 1621 3557 πρῶτα
1639 3487 1737 3557 μὲν
1751 3481 1847 3540 οὖν

276 3581 681 3650 ούϊκτουρϊνος,
712 3577 966 3647 Ούῖκτωρ
1007 3593 1069 3630 τε
1113 3574 1577 3646 καὶιΝικηφόρος,
1623 3574 1847 3646 μυρίαις

280 3671 542 3742 πρότερον
592 3667 1019 3734 καταξανθέντες
1052 3665 1329 3737 βασάνοις,
1357 3667 1553 3721 ἔπειτα
1584 3667 1643 3720 ἐν
1692 3664 1846 3734 ὅλμῳ

284 3762 470 3831 βιαίως
499 3761 589 3826 τὰ,
614 3763 846 3829 σώματα
883 3757 1286 3829 συντριϐέντες,
1324 3757 1465 3820 σώας
1506 3758 1601 3812 καὶ
1632 3756 1849 3826 ἀλωϐή-

276 3869 406 3914 τους
439 3853 530 3914 τὰς
569 3851 747 3922 ψυχὰς
784 3850 862 3920 τῷ
894 3848 1014 3918 Θεῷ
1066 3850 1457 3919 παρέπεμπον.
1487 3848 1753 3919 Δεύτερος
1789 3846 1849 3900 δὲ

274 3945 542 4007 Κλαύδιος
573 3944 649 4013 (4)
678 3943 775 4003 τὰς
807 3943 994 4011 χεῖρας
1024 3943 1118 3994 καὶ
1148 3940 1274 4001 τοὺς
1300 3940 1466 4003 πόδας
1498 3941 1849 4010 ἀκρωτηρια-

277 4034 428 4095 σθεὶς
460 4030 667 4101 χαίρων
705 4031 907 4084 ἀπεῖπε
936 4027 1015 4098 τῷ
1053 4027 1174 4098 ζῇν,
1204 4025 1430 4097 δραμὼν
1460 4027 1596 4098 πρὸς
1625 4026 1757 4080 θεὸν
1788 4026 1849 4080 ὃν

274 4127 486 4194 ἐζήτει.
524 4123 720 4192 Τρίτος
750 4120 806 4172 δὲ
850 4122 878 4173 ό
907 4119 1199 4188 Διόδωρος,
1235 4118 1366 4187 θείῳ
1393 4116 1562 4188 ἔρωτι
1593 4116 1850 4188 ἐκπυρώ-

277 4237 379 4283 σας
402 4218 499 4286 τὴν
521 4213 719 4286 ψυχὴν,
749 4215 805 4275 ὲς
837 4213 1008 4283 μέσην
1039 4212 1136 4281 τὴν
1181 4212 1298 4263 κατ’
1332 4209 1499 4268 αὑτοῦ
1533 4225 1850 4280 παρασκευ-

275 4309 542 4366 ασθεῑσαν
578 4304 756 4375 πυρὰν
786 4304 1028 4368 ἅλλεται,
1069 4303 1205 4373 πυρὶ⁵
1238 4300 1351 4371 πῦρ
1386 4300 1460 4365 ὠς
1495 4302 1673 4354 είπεῖν
1701 4301 1852 4354 ἀντι·

274 4401 471 4466 τάξας,
502 4399 579 4469 τῷ
613 4399 788 4467 ἑνύλῳ
822 4395 885 4450 τὸ
933 4396 1099 4450 ἄῦλον
1124 4409 1140 4425 ·
1189 4394 1283 4447 καὶ
1325 4393 1525 4464 μικρὸν
1577 4391 1847 4457 ἐπιϐιοὺς,

1947 3209 2216 3266 accensis.
2237 3209 2319 3265 Ad
2343 3226 2510 3265 unum
2536 3209 2723 3279 itaque
2749 3210 2993 3280 jndicem
3047 3227 3241 3269 omnes
3267 3215 3511 3284 quidem

1945 3303 2190 3370 adducti,
2224 3303 2447 3358 tertium
2481 3316 2680 3371 nempe
2710 3303 3096 3368 proconsulem
3134 3302 3381 3374 Gracia,
3432 3309 3516 3363 di-

1945 3394 2120 3450 versis
2150 3403 2330 3451 tamen
2357 3393 2643 3464 suppliciis
2680 3394 2946 3460 toleratis,
2990 3397 3102 3451 vita
3159 3409 3518 3454 excesserunt

1944 3484 2259 3540 Victorinus
2278 3486 2544 3556 primum,
2590 3485 2796 3551 Victor,
2848 3496 2905 3542 et
2934 3486 3303 3556 Nicephorus,
3348 3489 3517 3544 innu-

1947 3577 2117 3630 meris
2144 3583 2301 3631 antea
2323 3576 2550 3632 lccerati
2574 3574 2885 3643 tbrmentis,
2915 3578 2971 3634 in
2996 3581 3264 3635 mortario
3295 3581 3514 3636 tandem

1948 3665 2280 3735 corporibus
2318 3665 2591 3727 violenter
2640 3666 2920 3731 contritis,
2982 3668 3095 3723 Deo
3157 3670 3520 3725 reddiderunt

1950 3760 2160 3835 animas
2195 3759 2374 3814 salvas
2419 3770 2474 3813 et
2505 3759 2833 3815 incolumes.
2885 3759 3140 3817 Secundo
3201 3763 3323 3819 loco
3353 3763 3519 3819 Clau-

1949 3850 2093 3911 dius.
2127 3850 2379 3905 manibus
2401 3850 2744 3921 pedibusque
2762 3851 3023 3907 abscissis
3053 3853 3119 3907 ad
3143 3854 3311 3908 Deum
3353 3871 3514 3923 quem

1948 3942 2227 4012 quaerebat
2253 3957 2519 4009 currens,
2573 3943 2696 3997 vitae
2735 3944 3015 3998 valedixit.
3070 3944 3290 4000 Tertius
3321 3946 3518 4000 Diodo-

1950 4046 2067 4096 rus,
2101 4046 2287 4085 amore
2320 4030 2414 4085 Dei
2447 4042 2687 4087 mentem
2726 4033 3099 4098 inﬂammatis,
3161 4036 3398 4089 medium
3461 4038 3516 4091 in

1952 4138 2142 4192 rogum
2169 4123 2273 4178 sibi
2327 4133 2582 4194 paratum
2622 4124 2870 4189 insilivit,
2928 4125 3042 4195 igni
3084 4126 3288 4196 ignem,
3337 4137 3398 4181 ut
3445 4129 3517 4182 ita

1951 4214 2152 4279 dicam,
2176 4229 2479 4284 opponens,
2508 4215 2739 4269 materia
2768 4227 3047 4273 carentem
3074 4220 3345 4275 materiali
3368 4237 3390 4295 ι
3424 4221 3518 4290 qui

1950 4321 2074 4360 cum
2109 4304 2391 4375 paululum
2421 4306 2839 4375 supervixisset,
2861 4309 3081 4379 utrique
3105 4310 3213 4382 igni
3259 4325 3317 4367 se
3340 4311 3520 4381 ipsum

1952 4396 2257 4463 distribuit,
2287 4405 2506 4452 terreno
2539 4397 2810 4468 quidquid
2861 4400 2916 4455 in
2976 4417 3036 4457 se
3069 4415 3346 4458 terrenum
3405 4416 3522 4461 erat

279 4495 532 4564 ἐκατέρῳ
568 4492 701 4562 πυρὶ
734 4489 1087 4559 διεμερίσατο
1110 4485 1329 4550 ἑαυτὸν,
1363 4484 1601 4548 ἀποδοὺς
1621 4486 1712 4537 τὸν
1749 4484 1843 4553 μὲν

1953 4490 2188 4556 donans,
2226 4489 2480 4558 Spiritum
2539 4501 2723 4545 autem
2766 4492 2981 4561 divino,
3037 4505 3201 4564 atque
3229 4511 3325 4565 per
3376 4484 3571 4553 hunc“

202 4606 207 4611 '
277 4585 415 4659 χοῦν
438 4584 516 4655 τῷ
544 4586 738 4655 γηΐνῳ,
770 4580 833 4633 τὸ
859 4581 915 4635 δὲ
949 4579 1167 4648 πνεῦμα
1193 4577 1270 4648 τῷ
1293 4577 1444 4646 θείῳ,
1476 4580 1570 4630 καὶ
1594 4575 1663 4629 δι’
1682 4574 1849 4630 αὑτοῦ

278 4679 361 4748 τῷ
391 4678 530 4748 Θεῷ.
568 4676 840 4745 Τέταρτος
873 4672 929 4725 δὲ
958 4671 1245 4742 Σεραπίων
1288 4667 1594 4737 κεφαλικὴν
1624 4667 1853 4736 ὑπομεί-

282 4790 377 4833 νας
410 4767 705 4838 τιμωρίαν,
727 4765 863 4835 πρὸς
897 4762 1129 4833 Χριστὸν
1163 4760 1453 4826 διαϐαίνει,
1482 4758 1579 4828 τὴν
1609 4758 1684 4821 ὼς
1716 4759 1851 4828 ἁλη-

284 4864 389 4927 θώς
420 4860 584 4914 αὑτοῦ
610 4858 871 4928 κεφαλήν.
897 4857 1154 4924 Πέμπτος
1191 4852 1247 4905 δὲ
1289 4850 1509 4914 Παπίας
1548 4851 1731 4920 πόντῳ
1758 4852 1852 4903 καὶ

286 4955 491 5025 κύματι
534 4951 1024 5014 καταϐαπτισθείς,
1058 4949 1171 5009 τοῖς
1205 4944 1369 5008 θείοις
1421 4945 1518 4998 καὶ
1550 4945 1850 5013 ἀκηράτοις

196 5044 205 5053 ’
278 5048 632 5118 ἐνορμίζεται
663 5045 866 5114 λιμέσι.
909 5042 1019 5096 Καὶ
1051 5037 1541 5107 συγκατατίθενται
1586 5042 1680 5090 καὶ
1707 5027 1853 5090 οὗτοι

278 5140 357 5209 ’τῷ
386 5139 515 5208 θείῳ
543 5135 847 5206 διδασκάλῳ
878 5132 1164 5204 Κοδράτῳ,
1196 5131 1425 5193 πλοῦτος
1449 5130 1754 5199 ὑπερτιμος
1785 5131 1853 5198 τῇ

280 5230 558 5301 Κορίνθῳ,
575 5230 672 5291 τὰς
695 5226 1040 5298 μαρςυρικάς
1065 5223 1278 5278 ἐκεῖθεν
1304 5220 1678 5291 ἐφαπλοῦντες
1702 5220 1854 5290 πάσῃ

279 5327 349 5394 τῇ
389 5322 656 5392 περιγείῳ
692 5319 1083 5390 (εὐεργεσίας).

360 5414 451 5471 ια’.
480 5416 585 5468 Τοῦ
628 5414 673 5466 δ’
707 5413 875 5466 αὐτοῦ
909 5417 1097 5466 τούτου
1141 5408 1332 5463 θιάσου
1386 5409 1480 5463 καὶ
1530 5407 1630 5476 τῆς
1679 5406 1853 5476 αὐτῆς

357 5593 434 5660 (4)
469 5592 689 5659 Septem
718 5590 773 5645 lii
812 5598 1078 5660 martyres
1125 5588 1383 5660 coluntur
1410 5584 1675 5660 {Graecis
1699 5654 1710 5660 _
1736 5592 1850 5660 tum

276 5654 627 5721 aliis'ttiebns
663 5671 775 5714 tum
815 5654 1046 5714 maxime
1104 5663 1135 5712 ὅ
1162 5658 1382 5726 Aprilis.
1442 5654 1552 5708 Nos
1582 5654 1850 5725 quidquid

280 5740 397 5792 fere
425 5734 491 5788 de
525 5734 592 5784 iis
623 5730 728 5783 diei
761 5740 973 5800 pOIerat
1002 5730 1320 5797 enllcgunus
1343 5729 1407 5781 ad
1434 5728 1502 5779 ‘25
1529 5726 1810 5800 Februarii
1835 5740 1848 5776 :

280 5806 429 5868 quod
466 5806 522 5857 in
553 5796 776 5857 Latinis
811 5796 1207 5864 Martyrologiis
1267 5808 1476 5861 septem
1536 5796 1854 5851 nominibus

1950 4581 2084 4637 Deo.
2108 4581 2351 4647 Quartus
2376 4581 2644 4652 Serapion
2680 4585 2872 4653 plexus
2896 4587 3097 4655 capite,
3123 4588 3187 4642 ad
3217 4588 3520 4656 Christum,

1954 4684 2211 4744 tanquam
2236 4675 2538 4744 genuinum
2565 4689 2731 4747 caput
2785 4694 2971 4743 suum,
3000 4682 3236 4735 transiit.
3289 4680 3525 4748 Quintus

1958 4766 2150 4835 Papias
2183 4768 2349 4820 maris
2380 4767 2637 4823 ﬂuetibus
2668 4770 3012 4837 submersus,
3064 4772 3282 4829 divinos
3326 4783 3380 4828 et
3404 4790 3525 4829 cor-

1960 4859 2232 4927 ruptionis
2260 4859 2517 4914 ﬂuctibus
2545 4878 2652 4916 non
2680 4863 2954 4919 obnoxios
2991 4876 3183 4934 portus
3211 4869 3523 4938 occupavit.

1961 4953 2135 5019 Atque
2169 4952 2258 5006 isti
2281 4953 2499 5016 eodem,
2532 4969 2642 5022 quo
2668 4954 2884 5010 divinus
2914 4955 3157 5025 ipsorum
3204 4960 3397 5014 doctor
3419 4959 3530 5015 Co-

1961 5045 2170 5111 dratus,
2200 5046 2320 5098 leco
2355 5045 2615 5114 depositi,
2646 5046 3061 5103 inaestimabiles
3112 5048 3527 5104 Corinthiorum

1956 5136 2163 5191 divitiae
2192 5146 2348 5200 sunt,
2377 5137 2594 5191 solitam
2646 5136 2775 5193 inde
2827 5140 3165 5209 martyribus
3218 5141 3532 5196 beneﬁcen-

1928 5227 2085 5301 ltiam
2113 5242 2211 5296 per
2251 5236 2424 5280 totum
2453 5236 2723 5281 terrarum
2756 5229 2946 5283 orbem
2970 5232 3327 5299 explicantes.

2028 5407 2114 5460 ll.
2163 5394 2508 5462 Etl‘ulserunt
2530 5423 2596 5464 ex
2623 5409 2816 5466 eodem
2843 5420 2990 5466 metu
3024 5422 3075 5464 et
3108 5409 3363 5480 panegyri
3410 5409 3531 5479 plu-

1962 5585 2105 5652 passi
2138 5585 2456 5656 legerentur
2493 5585 2546 5639 in
2569 5582 2804 5656 .‘Egypto
2839 5588 2941 5642 sub
2973 5586 3308 5642 Numeriano
3347 5600 3404 5643 et
3433 5589 3532 5645 Sa-

1963 5656 2267 5728 binohduee
2303 5675 2315 5709 :
2351 5665 2414 5728 et
2437 5658 2691 5726 quamvis
2734 5657 3009 5728 martyrii
3038 5662 3201 5710 etiam
3237 5674 3410 5728 genus
3443 5675 3531 5715 es-

1960 5735 2046 5848 (s’et
2073 5725 2377 5850 diversqlm,
2405 5725 2465 5780 in
2493 5729 2671 5782 medio
2706 5725 2887 5781 tamen
2916 5725 3532 5796 reliquimusﬁessentne

2002 5806 2271 5855 istinguen
2320 5813 2357 5851 ι.
