4016 6484
566 378 669 440 ίίιίό

1780 361 2199 424 NlCEPHOllI
2239 360 2624 423 GBEGORrﬁ
3664 355 3747 418 5.6

569 508 659 546 res
705 490 792 542 ali’
838 493 1128 554 martyres,
1165 493 1396 549 quorum
1421 477 1814 533 certaminibus
1838 477 2141 532 Corinthus

2250 473 2612 544 πανηγύρεως
2643 471 2739 526 καὶ
2782 469 3000 534 πλείους
3030 471 3209 540 ἕτεροι
3243 467 3617 534 κατεφάνησαν,
3641 462 3746 538 ὧνὴ

566 587 832 636 exornata
864 583 969 630 est.
1000 573 1294 640 Postquam
1345 580 1490 624 enim
1530 585 1662 638 pura
1705 579 1760 622 et
1784 568 1996 623 sincera
2029 570 2140 639 jam

569 673 700 726 olim
733 667 950 738 pietatis
991 663 1198 718 semina
1253 678 1283 716 a
1319 661 1490 716 Paulo
1536 660 1896 728 suscepisset,
1946 660 2143 716 latices

568 766 731 820 etiam
751 759 970 816 Codrati
988 757 1052 810 ad
1075 755 1375 812 satietatem
1396 753 1714 818 imbibisset‘
1755 766 1930 805 ramos
1960 760 2147 822 protu-

573 854 638 907 lit
667 851 946 904 catholica:
979 844 1183 902 Christi
1213 845 1468 899 Ecclesiae
1491 844 1774 911 gloriosos,
1802 856 1940 911 quos
1967 856 2145 910 neque

575 943 916 999 inﬁdelitatis
950 941 1180 996 hiemes.
1205 952 1382 1006 neque
1421 935 1632 990 efferati
1695 945 1750 989 et
1796 934 2146 1004 impetuosis-

574 1036 696 1090 simi
754 1034 922 1094 venti,
967 1031 1157 1099 quales
1225 1026 1565 1095 temporibus
1637 1025 1744 1078 illis
1799 1024 2146 1078 adversarius

576 1141 744 1178 saera:
771 1123 977 1176 militia.-
1000 1119 1149 1185 gravi
1188 1133 1311 1171 cum
1347 1115 1605 1168 violentia
1642 1115 1965 1170 incumbens
1985 1117 2144 1168 emit-

576 1217 744 1277 tebat,
785 1215 997 1267 ratione
1017 1211 1126 1264 ulla
1172 1219 1416 1262 evertere
1467 1216 1759 1276 potuerunt
1789 1223 1802 1259 :
1832 1222 1956 1260 cum
2025 1206 2142 1275 ipse

578 1307 761 1377 potius
786 1303 977 1366 hostis,
1025 1301 1180 1355 clade
1230 1301 1281 1352 in
1317 1299 1556 1366 seipsum
1604 1313 1760 1352 versa
1806 1298 2036 1362 fractus,
2086 1309 2143 1352 et

580 1397 662 1450 sui
694 1395 798 1450 sibi
855 1392 1110 1447 matroris
1154 1400 1366 1453 auctor,
1425 1404 1548 1440 eum
1611 1387 1907 1456 ignominia
1958 1387 2142 1456 fugam

575 1487 932 1555 corripuerit.
957 1485 1033 1536 Ac
1070 1481 1266 1535 tertius
1324 1478 1698 1548 quidemille,
1762 1479 1853 1548 qui
1915 1479 2143 1550 implere

577 1577 826 1630 dextram
853 1573 1120 1643 sanguine
1157 1581 1455 1637 martyrum
1489 1571 1796 1632 studuerat,
1859 1579 2035 1624 morte
2062 1570 2140 1624 illi

575 1679 902 1740 perpetuum
950 1664 1202 1719 exsilium
1268 1655 1566 1723 indicente,
1620 1661 1728 1716 vita
1788 1662 2032 1731 pellitur,
2087 1672 2145 1718 et

578 1761 868 1815 tormentis
892 1772 1170 1826 nunquam
1204 1757 1368 1810 tinem
1418 1755 1688 1809 habituris
1719 1755 2011 1808 addicitur.
2072 1756 2143 1810 At

2247 567 2512 639 Κόρινθος
2543 567 2657 624 τοῖς
2703 567 3058 635 μαρτυρικοῖς
3098 562 3555 616 ἐνεκαλλωπίσατο
3584 561 3748 623 ἄθλοις.

2246 659 2479 729 Καθαρά
2505 659 2614 726 γὰρ
2640 657 2848 712 ἄνωθεν
2875 658 2971 710 xui.
3001 656 3270 724 ἀκίϐδηλα
3317 655 3457 724 παρά
3487 653 3672 704 Παύλου
3703 652 3754 702 τὰ

2243 751 2342 820 τῆς
2382 751 2669 812 εὐσεϐείας
2706 748 3080 818 ὑποδεξαμένη
3133 747 3438 814 σπέρματα,
3466 745 3516 806 ἐς
3548 749 3689 812 κόρον
3710 742 3754 794 δὲ

2245 843 2478 897 καὶτῶν
2509 843 2602 896 τοῦ
2650 842 2927 911 Κοδράτου
2966 840 3226 909 ναμάτων
3265 840 3617 906 ὲκροφήσασα,
3647 834 3756 886 κλά-

2245 935 2373 997 δους
2413 934 2658 999 εὐκλεεῖς
2711 933 2984 1003 ἀνήνεγκε
3046 935 3112 1000 τῇ
3147 930 3407 998 καθολικῇ
3439 928 3526 980 τοῦ
3557 924 3758 993 Χριστοῦ

2257 1025 2602 1096 Ἐκκλησία,
2674 1024 2768 1089 οὒς
2843 1023 2955 1078 οὔτ’
3025 1022 3283 1086 ἀπιστίας
3354 1021 3431 1074 ἐτι
3499 1018 3758 1089 χειμῶνες,

2248 1118 2366 1172 οὔτ’
2402 1119 2586 1189 ἄγριοι
2643 1120 2740 1172 καὶ
2791 1117 3203 1185 καταιγίζοντες
3248 1115 3455 1184 ἄνεμοι,
3508 1111 3696 1172 ὁποίους
3741 1110 3762 1161 ὁ

2243 1211 2342 1282 τῆς
2391 1213 2543 1281 ἱερᾶς
2567 1213 2828 1280 στρατιᾶς
2855 1211 3150 1275 ἀντίπαλος
3179 1212 3235 1262 ἐν
3283 1210 3392 1269 τοῖς
3425 1205 3616 1274 καιροῖς
3643 1202 3762 1254 ἐκεί-

2244 1319 2357 1365 νοις
2414 1302 2586 1374 βαρύς
2645 1319 2730 1366 τις
2785 1303 2881 1356 καὶ
2935 1302 3105 1372 βίαιος
3167 1299 3440 1370 ἐνσκήψας
3493 1295 3761 1352 ἐνέπνευσε.

2244 1394 2599 1464 παρατρέψαι
2641 1393 2705 1446 τὸ
2743 1393 3008 1462 παράπαν
3045 1391 3202 1461 ὤφθη
3234 1389 3494 1459 δυνηθεὶς,
3524 1384 3646 1439 ἀλλὰ
3682 1400 3765 1444 φα-

2243 1484 2408 1552 νερᾶς
2438 1484 2536 1554 τῆς
2585 1482 2758 1553 ἥττης
2782 1481 2932 1552 αὐτῷ
2984 1486 3415 1552 περιτραπείσης
3465 1475 3637 1546 ἀπῄει.
3661 1472 3768 1538 κλτ.’

2250 1573 2480 1644 ρονόμος
2534 1575 2636 1642 τῆς
2682 1571 2950 1643 αἰσχύνης
3009 1575 3314 1636 καταστὰς,
3361 1569 3454 1624 καὶ
3507 1564 3765 1634 κατηφείας

2247 1666 2489 1737 ἀθλητὴς
2542 1666 2709 1728 αὐτὸς
2741 1665 2895 1735 αὐτῷ
2947 1667 3264 1736 γενόμενος.
3318 1663 3531 1732 Τέρτιος
3577 1659 3664 1728 μὲν
3693 1654 3764 1708 οὐν

2249 1758 2480 1824 ἐκεῖνος,
2536 1757 2878 1828 μαρτυρικού
2928 1759 3093 1828 φόνου
3149 1757 3248 1827 τὴν
3286 1753 3465 1822 δεξιὰν
3488 1749 3764 1819 πληρώσας,

575 1854 707 1909 ntali
762 1852 922 1906 istius
975 1849 1216 1903 hominis
1283 1849 1460 1901 malus
1504 1863 1815 1912 successor,
1875 1849 2148 1905 Venustus

2251 1847 2326 1913 ὡς
2351 1848 2499 1918 ὲνῆν,
2546 1849 2843 1920 ὑπερόριος
2881 1849 2979 1902 τοῦ
3012 1847 3282 1920 παρόντος
3313 1845 3427 1917 βίου
3466 1843 3766 1904 καθίσταται,

579 1945 820 2004 "omine,
845 1942 953 1996 dux
995 1940 1194 2003 factus,
1235 1939 1508 1992 mandatis
1557 1940 1624 1991 ab
1661 1939 1994 2008 imperatore
2021 1955 2147 2011 san-

591 2035 842 2107 ;uinariis
890 2041 1083 2088 contra
1148 2031 1265 2098 pios
1333 2032 1594 2099 acceptis,
1652 2030 1980 2083 Corinthum
2032 2031 2150 2099 ple-

575 2136 687 2194 nis,
725 2138 785 2182 ut
811 2128 884 2181 ita
910 2125 1113 2189 dicam,
1150 2123 1286 2177 velis
1313 2124 1554 2192 appellit,
1582 2138 1641 2176 ac
1676 2121 1972 2190 impietatis
2011 2121 2146 2175 faci—

577 2225 676 2276 bus
712 2218 1129 2290 quamplurimis
1158 2216 1438 2277 accensis,
1501 2230 1624 2268 cum
1677 2215 1882 2268 multos
1941 2213 2145 2268 Christi

579 2327 844 2384 martyres
904 2315 1130 2372 Iaceret,
1183 2323 1441 2361 unacum
1499 2306 1756 2360 omnibus
1784 2307 1912 2366 illis,
1978 2307 2146 2360 etiam

577 2408 716 2460 alios
753 2423 859 2458 non
908 2418 1109 2472 paucos
1144 2416 1308 2455 sacra'
1353 2398 1578 2455 Codrati
1621 2399 1820 2453 schola:
1848 2399 2147 2467 discipulos

577 2495 999 2566 cmnpreliendit
1027 2513 1039 2547 :
1065 2509 1127 2546 ex
1165 2506 1398 2560 quorum
1437 2506 1665 2543 numero
1713 2493 1921 2559 primus
1948 2490 2145 2544 Leoni-

577 2593 672 2645 des
695 2603 993 2643 occurrens
1063 2588 1116 2638 in
1157 2589 1324 2639 altum
1385 2584 1658 2652 quoddam
1710 2585 1918 2653 lignum
1985 2584 2147 2640 initio

576 2687 825 2738 elevatus
858 2681 1163 2735 crudeliter
1195 2677 1451 2738 laniatur,
1490 2685 1543 2728 et
1580 2675 1928 2743 lampadibus
1954 2676 2149 2730 arden-

577 2774 727 2826 tibus
758 2771 1086 2823 amburitur.
1117 2765 1253 2818 Tum
1288 2765 1585 2827 demissus,
1631 2765 1904 2833 tantisque
1951 2779 2145 2818 excar—

572 2864 830 2918 niﬁcatus
858 2859 1164 2917 tormentis,
1201 2856 1561 2909 inhumanum
1615 2865 1794 2907 tamen
1850 2857 2044 2908 ducem
2077 2855 2145 2908 ad

575 2951 1008 3009 misericordiam
1047 2948 1182 3002 adeo
1212 2962 1320 2999 non
1371 2945 1694 3007 commovit,
1739 2953 1798 2998 ut
1829 2946 1994 3000 etiam
2019 2962 2147 3000 cru-

572 3041 750 3097 ciatus
779 3038 856 3092 illi
900 3037 1224 3091 decerneret
1273 3035 1434 3103 longe
1468 3035 1727 3101 majores,
1778 3035 1933 3102 quasi
1966 3036 2148 3094 nullos

576 3131 839 3185 hactenus
881 3127 1189 3180 tolerasset.

2253 1937 2552 2006 φυγαδείαν
2577 1937 2749 1991 ἀΐδιον
2777 1937 2871 1992 τοῦ
2899 1939 3134 1993 θανάτου
3168 1933 3669 2002 καταδιαιτήσαντος
3693 1928 3767 1980 αὑ-

2252 2028 2351 2099 τῷ,
2393 2031 2489 2083 καὶ
2538 2029 2676 2100 πρὸς
2714 2031 2938 2082 κόλασιν
2983 2030 3265 2098 ἀδιάδοχον
3315 2023 3764 2097 παραπέμψαντος’

2252 2121 2552 2184 Βενοῦστος
2581 2121 2638 2174 δέ
2672 2139 2758 2182 τις
2793 2120 2986 2190 ὄνομα,
3021 2119 3260 2188 πονηροῦ
3291 2119 3521 2188 πονηρὸς
3547 2114 3766 2182 διάδοχος.

2252 2206 2479 2276 ἡγεμὼν
2509 2208 2746 2276 γίνεται.
2793 2207 2852 2271 ὃς
2903 2209 3221 2278 μιαιφόνους
3258 2207 3470 2269 ἐντολὰς
3532 2198 3767 2274 παρὰτοῦ

2253 2299 2523 2370 βασιλέως
2566 2303 2992 2372 ἀναδεδεγμένος
3023 2302 3167 2354 κατά
3209 2303 3320 2355 τῶν
3352 2299 3578 2354 εὐσεϐῶν
3604 2297 3769 2366 πλήρει

2255 2409 2338 2444 σιν
2401 2395 2608 2459 ἱστίοις,
2661 2394 2736 2457 ὡς
2786 2396 2982 2460 εἰπεῖν,
3035 2397 3092 2458 ἐς
3130 2395 3396 2466 Κόρινθον
3444 2394 3668 2463 ἔρχεται,
3697 2389 3769 2441 καὶ

2253 2487 2422 2539 πολὺν
2461 2487 2764 2554 ἀναερλέξας
2815 2489 2934 2540 ἐκεῖ
2986 2489 3204 2559 πυρσὸν·
3229 2489 3503 2551 ἀσεϐείας,
3539 2487 3625 2539 καὶ
3666 2481 3768 2535 πολ-

2252 2575 2379 2638 λοὺς
2426 2577 2502 2646 τῷ
2534 2577 2754 2646 Χριστῴ
2801 2581 3300 2648 παραστησάμενος
3357 2580 3648 2647 μάρτυρας,
3674 2575 3769 2627 συλ-

2253 2668 2524 2738 λαμϐάνει
2559 2671 2655 2722 σὺν
2689 2671 2823 2722 πᾶσι
2847 2668 3057 2732 τούτοις
3101 2673 3193 2724 καὶ
3222 2671 3444 2738 ἑτέρους
3472 2671 3564 2723 οὐκ
3595 2670 3766 2735 ὀλίγους

2254 2760 2524 2823 θιασώτας
2555 2763 2650 2830 τῆς
2689 2761 2840 2832 ἱερᾶς
2869 2761 2963 2814 τοῦ
2991 2763 3267 2832 Κοδρᾶτον
3302 2764 3516 2833 σχολῆς.
3535 2758 3627 2816 Ὧν
3654 2763 3769 2814 Λεω·

2253 2851 2403 2919 νίδης
2438 2851 2654 2920 πρῶτος
2683 2851 2760 2921 (5)
2792 2853 2844 2913 ἐς
2873 2851 2934 2904 τὸ
2963 2852 3304 2921 μαρτυρικὺν
3337 2852 3644 2920 ἀπαντήσας
3672 2848 3770 2900 στά-

2253 2945 2384 3008 διον,
2419 2945 2814 3015 μετεωρίζεται
2848 2946 3065 3016 πρῶτον
3095 2945 3182 3014 ἐφ’
3223 2945 3428 3016 ὑψηλοῦ
3463 2961 3596 3008 τινος
3624 2943 3768 3008 ξύλου,

2255 3037 2351 3088 καὶ
2379 3038 2606 3105 ἀπηνῶς
2633 3037 3021 3100 καταξαίνεται
3065 3038 3162 3090 καὶ
3193 3037 3369 3109 πυρὸς
3391 3036 3628 3106 λαμπάσι
3650 3050 3772 3103 περι-

2253 3126 2492 3181 καίεται.
2523 3123 2658 3182 Εἶτα
2693 3130 3064 3198 κατενεχθεὶς,
3093 3129 3194 3182 οὐκ
3226 3129 3570 3199 ἐδυσώπησεν
3598 3127 3770 3181 οὐδέπω

576 3227 636 3278 τ’.
673 3223 766 3277 τοῦ
795 3221 1064 3291 ἡγεμόνος
1113 3218 1452 3288 ἀμείλικτον,
1513 3220 1784 3282 τοσαύτας
1843 3221 2084 3284 ὑποστὰς
2147 3223 2449 3288 κακώσεις’
2503 3223 2621 3276 ἀλλ’
2653 3223 2845 3294 ῶσπερ
2892 3224 2949 3292 ἐξ
2999 3225 3247 3296 ὑπαρχῆς
3298 3228 3512 3296 ἑτέραις
3570 3225 3769 3298 μείζοσιν

577 3316 730 3378 αὖθις
764 3316 1015 3368 παλαίειν
1050 3313 1555 3383 παρασκευάζεται.

655 3411 722 3465 12
767 3406 960 3463 Exulis
991 3407 1158 3477 igitur
1184 3407 1449 3471 vestibus,
1476 3423 1641 3475 supra
1672 3407 1884 3465 ferreos
1914 3411 2147 3467 tribulos
2171 3413 2217 3476 C

583 3500 919 3562 extenditur,
948 3508 1130 3569 partes
1170 3506 1350 3550 autem
1375 3499 1623 3567 corporis
1683 3501 2004 3568 superiores
2030 3502 2146 3556 vir-

583 3590 665 3659 gis
691 3587 1001 3641 immaniter
1027 3569 1336 3649 caadu'ntur,
1384 3601 1454 3639 ne
1489 3598 1799 3655 superesset
1849 3589 2052 3659 aliquid
2090 3592 2146 3646 in

585 3681 679 3735 illo
701 3693 898 3748 expers
930 3677 1134 3732 doloris
1159 3720 1172 3744 ,
1226 3677 1320 3731 sed
1359 3678 1565 3732 inferna
1609 3680 1827 3748 quidem
1878 3683 2145 3751 membra,

584 3770 794 3827 aculeis
845 3769 1175 3824 tribulorum
1237 3770 1303 3822 ad
1362 3769 1477 3837 ipsa
1526 3786 1647 3825 ossa
1709 3775 2148 3843 penetrantibus,

579 3861 937 3918 acerbissimo
987 3875 1153 3916 sensu
1204 3862 1644 3930 contigerentur,
1680 3878 1916 3934 superne
1963 3878 2148 3923 autem

578 3955 853 4010 continuis
871 3963 928 4008 et
943 3953 1170 4007 alternis
1189 3954 1465 4022 virgarum
1479 3954 1682 4011 ictibus
1708 3959 2076 4014 miserandum
2091 3961 2149 4016 in

578 4051 803 4100 modum
831 4059 1024 4099 carnes
1056 4045 1176 4114 ejus
1203 4045 1667 4115 discerperentur.
1687 4048 1798 4103 Nec
1822 4057 2000 4104 tamen
2035 4051 2152 4120 ipse

578 4140 830 4195 dolorem
866 4139 920 4208 (ο
949 4139 1186 4192 animam
1211 4138 1473 4205 nobilem,
1495 4149 1548 4194 et
1577 4142 2050 4210 generosissimam
2079 4153 2159 4198 to-

576 4231 892 4291 lerantiam.
913 4230 980 4283 ad
1003 4244 1168 4299 quam
1200 4231 1379 4284 omnis
1404 4241 1622 4297 natura,
1659 4234 1774 4288 sive
1805 4243 2016 4288 terrena
2041 4236 2156 4291 sive

577 4320 843 4382 cwlestis,
879 4319 1225 4388 obstupuit!)
1260 4321 1344 4374 vel
1377 4321 1607 4378 minimo
1633 4324 1904 4393 prodebat
1947 4336 2102 4396 gestu
2139 4343 2154 4379 :

577 4410 846 4480 gaudebat
873 4410 1074 4478 potius,
1095 4409 1223 4462 dum
1247 4425 1463 4465 carnem
1489 4413 1734 4481 pretioso
1767 4414 1858 4468 illo
1888 4419 2156 4485 sanguine

2322 3407 2411 3479 ιβ’.
2453 3407 2564 3461 Καὶ
2591 3405 2655 3476 δὴ
2702 3405 2816 3458 τῶν
2853 3406 3083 3475 ἱματίων
3119 3410 3435 3477 γυμνωθεὶς
3466 3411 3552 3464 ἐπὶ
3581 3410 3771 3479 σιδηρῶν

2253 3495 2520 3568 τριϐόλων
2551 3497 2809 3558 τείνεται,
2856 3494 3062 3548 ἀνωθεν
3111 3495 3163 3548 δὲ
3215 3497 3436 3567 ῥάϐδοις
3463 3500 3669 3568 ἀπηνῶς
3700 3496 3772 3548 τύ-

2253 3605 2473 3656 πτεται,
2527 3587 2600 3650 ὡς
2660 3585 2787 3657 μηδ’
2819 3587 2904 3656 ἐφ’
2963 3587 3081 3650 ἑνός
3114 3605 3260 3652 τινος
3313 3591 3511 3661 μέρους
3551 3590 3774 3644 ἀνώδυνο;

2254 3681 2460 3751 μένειν.
2503 3679 2667 3733 Ἀλλά
2697 3677 2943 3732 κάτωθεν
2987 3679 3085 3748 μὲν
3119 3679 3374 3750 δριμείας
3404 3683 3674 3752 ὑπομένειν
3699 3681 3771 3739 τὰς

2257 3771 2562 3843 ἀλγηδόνας
2598 3771 2760 3841 ἄχρις
2796 3771 3002 3823 ὀστέων
3040 3771 3219 3824 αὐτῶν
3249 3774 3670 3843 συγκαθιεμένης
3697 3771 3773 3840 τῆς

2253 3865 2363 3918 τῶν
2394 3864 2660 3932 τριϐόλων
2683 3865 2889 3934 ἀκμῆς,
2916 3865 3122 3918 άνωθεν
3159 3866 3218 3919 δὲ
3246 3869 3316 3939 τῇ
3354 3871 3565 3937 συνεχεῖ
3592 3868 3674 3921 καὶ
3695 3865 3769 3918 ἀλα

2230 3957 2581 4028 ⁸λεπαλλήλῳ
2623 3958 2912 4028 καταφορᾷ
2940 3957 3050 4011 τῶν
3090 3959 3308 4029 ῥάϐδων
3335 3960 3660 4031 κοπτομένης
3684 3957 3771 4010 οίκ·

2257 4049 2405 4120 τρῶς
2429 4049 2530 4118 τῆς
2562 4049 2764 4118 σαρκὸς
2795 4046 2860 4118 (ὢ
2889 4049 3070 4119 ψυχῆς
3111 4051 3378 4119 εὐμενοῦς
3405 4054 3498 4106 καὶ
3524 4047 3773 4120 καρτερίας

2253 4138 2654 4208 γενικωτάτης,
2697 4139 2730 4208 ἢ
2779 4139 2960 4190 πᾶσαν
2990 4139 3252 4209 ἐξέπληξε
3287 4142 3450 4210 φύσιν
3486 4140 3702 4208 ἐπίγειόν
3728 4155 3774 4190 τε

2254 4230 2351 4284 καὶ
2379 4230 2631 4301 οὐράνιον
2653 4232 2690 4301 ί)
2715 4230 2824 4282 οὐδ’
2843 4229 2969 4300 ἄχρι
2999 4230 3277 4300 σχήματος
3304 4233 3662 4303 ἐχαλέπαινεν,
3682 4227 3775 4282 ἀλλ’

2254 4321 2442 4393 ἔχαιρε
2471 4323 2569 4391 τὴν
2625 4322 2801 4390 σάρκα
2827 4321 3039 4392 βλέπων
3062 4323 3499 4394 περιρρεομένην
3525 4325 3627 4385 τοῖς
3645 4321 3775 4373 πλου-

2259 4415 2392 4475 σίοις
2435 4412 2650 4484 ἐκείνης
2684 4413 2936 4483 αἴμασιν,
2983 4413 3174 4486 ῶσπερ
3209 4417 3444 4486 νυμφίος
3481 4416 3773 4484 εὐπάρυφος.

581 4499 825 4568 undique
893 4500 1250 4554 madefactam
1321 4501 1652 4568 intueretur,
1698 4514 1954 4575 tanquam
2012 4522 2148 4576 prae-

2254 4505 2622 4577 χρυσοῦφέσιν
2652 4506 3034 4585 έστολισμένος
3060 4507 3174 4570 τοῖς
3203 4508 3464 4578 ἱματίοις.
3508 4508 3655 4562 Ἀλλά
3687 4507 3774 4573 γὰρ

579 4601 815 4647 textatus
841 4592 1036 4659 aliquis
1066 4608 1319 4664 sponsus,
1353 4606 1560 4649 vestem
1611 4595 1837 4652 indutus
1875 4614 2012 4652 auro
2061 4600 2147 4652 in-

579 4693 886 4740 tertextam.
913 4684 1305 4742 Verumtamen
1337 4703 1554 4741 sacrum
1590 4687 1693 4744 hoc
1745 4700 1801 4743 et
1825 4692 2147 4747 certamini-

580 4777 683 4831 bus
708 4778 946 4830 dicatum
977 4793 1176 4847 corpus
1206 4779 1328 4832 aliis
1359 4779 1540 4833 adhuc
1574 4782 1860 4835 tormentis
1900 4783 2146 4838 exerceri

581 4869 836 4930 debebat,
862 4882 962 4922 nec
982 4869 1230 4931 dissolvi,
1265 4880 1557 4938 antequam
1608 4874 1920 4928 carniﬁcem
1983 4875 2146 4930 isuuu

580 4961 987 5030 immanemque
1025 4971 1316 5031 tyrannum
1345 4961 1618 5025 satiasset,
1640 4979 1702 5018 ac
1730 4963 1968 5021 furorem
2033 4967 2150 5023 ani-

581 5049 654 5102 mi
686 5049 837 5103 illius
871 5050 1024 5119 impii
1056 5060 1109 5104 ct
1140 5050 1366 5104 belluiui
1397 5053 1745 5120 explevisset,
1769 5056 1860 5125 qui
1913 5057 1978 5111 ad
2025 5073 2149 5128 pes-

578 5141 714 5194 sima
770 5155 997 5209 quaeque
1061 5143 1291 5196 consilia
1349 5158 1570 5211 semper
1618 5148 2026 5203 counitebatur.
2079 5150 2148 5205 Et

581 5247 729 5286 nunc
765 5231 890 5286 vide
915 5233 1069 5294 mihi,
1122 5249 1370 5301 quaenam
1407 5237 1683 5291 temerarii
1742 5239 1830 5294 isti
1859 5242 1970 5295 sint
2003 5243 2147 5310 ausi,

583 5333 635 5374 et
664 5320 860 5389 quales
887 5321 1031 5374 circa
1056 5332 1344 5392 martyrem
1383 5324 1537 5378 lusus
1576 5327 1872 5382 ediderint.
1932 5329 2148 5401 Corpus

582 5412 723 5480 ejus,
763 5412 1039 5465 cruciatus
1074 5422 1254 5466 tantos
1281 5427 1588 5483 expertum,
1646 5434 1808 5489 supra
1833 5421 2038 5486 focum,
2090 5421 2147 5475 in

578 5518 689 5571 quo
716 5516 979 5555 accensus
1035 5512 1153 5556 erat
1207 5504 1364 5573 ignis,
1401 5509 1691 5577 neglectim
1743 5513 2040 5580 explicant,
2075 5527 2144 5566 ne

578 5592 805 5645 cumino
829 5591 1054 5657 dillluat,
1117 5596 1409 5667 animoque
1440 5600 1702 5657 deﬁciens
1756 5603 1990 5667 fatiscat,
2044 5603 2142 5658 sed

2249 4599 2358 4651 ἔδει
2391 4597 2803 4668 συντηρηθῆναί
2839 4615 2956 4660 πως
2984 4599 3044 4651 τὸ
3075 4599 3218 4669 ἱερὸν
3248 4601 3426 4654 ἐκεῖνο
3469 4602 3562 4654 καὶ
3589 4598 3775 4666 ἀθλητι⁹

2249 4689 2344 4741 κδν
2379 4688 2539 4760 σῶμα
2568 4688 2662 4741 καὶ
2710 4689 2848 4760 πρὸς
2885 4689 3080 4759 ἐτέρας
3117 4689 3408 4761 βασάνόυς,
3439 4692 3530 4747 καὶ
3564 4691 3632 4763 μὴ
3669 4687 3776 4758 πρό·

2250 4797 2406 4852 τερον
2436 4781 2760 4851 διαρρεύσαι
2793 4782 2922 4847 πρὶν
2969 4783 3301 4852 κορεσθῆναι
3331 4783 3421 4837 τὸν
3451 4783 3633 4854 δήμιον
3663 4779 3777 4832 ἐκεῖ·

2250 4892 2340 4929 νον
2374 4875 2467 4927 καὶ
2492 4874 2679 4946 ἀπηνῆ
2710 4875 2997 4945 τύραννον,
3031 4877 3128 4928 καὶ
3153 4875 3426 4945 ἐκπλῆσαι
3453 4876 3512 4929 τὸ
3540 4871 3778 4943 θυμούμε-

2250 4980 2340 5016 νον
2362 4963 2461 5032 τῆς
2481 4962 2644 5017 ἀθέου
2676 4963 2888 5017 ἐκείνου
2907 4965 3000 5017 καὶ
3029 4963 3326 5033 θηριώδους
3351 4965 3544 5033 ψυχῆς,
3565 4957 3776 5026 καὶπρὸς

2249 5053 2318 5105 τὰ
2368 5051 2539 5120 χείρω
2586 5050 2975 5120 γυμναζούσης
3020 5054 3077 5114 ἐς
3109 5055 3196 5105 ἀεὶ
3241 5053 3340 5122 τὴν
3393 5053 3654 5122 πρόθεσιν.
3688 5046 3777 5099 Καὶ

2253 5142 2446 5194 σκόπει
2474 5141 2537 5210 δή
2579 5157 2669 5210 μοι
2709 5135 2823 5194 οἷον
2879 5141 3272 5208 νεανιεύονται,
3305 5144 3398 5194 καὶ
3431 5137 3514 5193 οἷα
3548 5139 3677 5192 κατὰ
3699 5133 3773 5186 τοῦ

2251 5233 2550 5304 Μάρτυρος
2582 5232 2838 5296 παίζουσι
2867 5233 3118 5301 παίγνια.
3160 5233 3378 5302 Ἐπειδὴ
3408 5233 3512 5301 γὰρ
3541 5231 3774 5292 τοσαύτην

2254 5325 2647 5395 ἐνειργάσαντο
2699 5325 2799 5396 τὴν
2858 5326 3094 5394 βάσανον
3143 5326 3284 5378 κατὰ
3340 5324 3432 5376 τοῦ
3477 5316 3776 5394 μαρτυρικοῦ

2256 5416 2532 5488 σώματος,
2569 5419 2656 5470 ἐπ’
2693 5419 2955 5487 ἐσχάραις
2991 5417 3185 5487 ἀμέλει
3239 5417 3410 5486 πυρὸς
3459 5409 3774 5485 ἐφαπλοῦσιν,

2255 5510 2341 5563 ἵνα
2394 5511 2469 5582 μὴ
2532 5512 2634 5582 ῥυῇ
2675 5511 2835 5580 δῆθεν
2877 5513 2936 5574 ὲς
2982 5511 3042 5565 τὸ
3089 5512 3352 5573 παντελὲς
3404 5510 3493 5564 καὶ
3530 5502 3777 5572 ἀποψύξαν

2253 5605 2483 5670 ἀπείπῃ,
2514 5607 2650 5660 ἀλλὰ
2675 5607 2769 5659 καὶ
2793 5606 3114 5678 μαρανθῶσι
3141 5606 3240 5675 μὲν
3263 5607 3309 5658 οἱ
3332 5603 3422 5658 τοῦ
3436 5603 3648 5672 αἵματος
3669 5594 3776 5667 ῥῦα·

651 5777 727 5844 (5)
756 5774 966 5829 Colitur
993 5789 1096 5829 una
1127 5791 1247 5831 cum
1277 5787 1484 5848 septem
1517 5779 1862 5845 mulieribus,
1921 5781 1986 5836 de
2025 5782 2228 5849 quibus
2264 5779 2425 5847 infra,
2463 5781 2529 5835 -|6
2559 5783 2784 5852 Aprilis.
