4016 6466
268 377 373 439 517
1581 382 1759 445 VITA
1804 381 1859 443 S.
1904 380 2255 441 CODRATI.
3228 441 3237 446 -
3427 390 3532 453 518

267 511 390 559 κε.;,
426 495 796 567 ὲκτηγανισθῇ
836 497 894 551 δὲ
936 498 1066 564 πᾶν,
1113 499 1167 553 εί
1195 517 1248 553 τι
1281 499 1615 569 φλεγμαῖνον
1643 501 1734 571 εἴη
1762 502 1846 552 καῖ

1961 493 2064 549 rivi
2133 493 2355 564 quidem
2413 493 2699 565 sanguinis
2777 496 2946 553 ﬂuere
3021 507 3258 569 cessent,
3313 504 3358 558 si
3409 508 3537 574 quis

268 587 534 657 σεσηπός.
574 587 728 642 Ἐπεὶ
741 590 795 643 δὲ
826 590 977 645 οὐδὲν
1012 592 1331 663 δτύραννος
1375 593 1560 664 ἤνυεν,
1590 593 1726 647 ἀλλὰ
1757 593 1843 648 διὰ

1952 595 2128 640 autem
2154 584 2525 640 eliervescens
2550 600 2607 641 et
2638 592 2991 657 putrefactus
3022 594 3295 662 supersit,
3349 597 3538 648 omnis

267 680 495 735 πάντων
519 679 615 735 ίὼν
646 683 743 736 καὶ
764 683 852 738 διά
877 686 1094 739 πάντων
1127 687 1350 756 ἡττᾶτο,
1380 687 1624 757 ῥεύμασι
1648 687 1846 741 θαλατ-

264 773 410 836 τίοις
455 774 782 844 προστάττει
824 778 1054 847 ῥιφῆναι
1085 782 1183 833 σῦν
1234 778 1480 849 γυναιξὶν
1519 778 1693 842 ὁσίαις
1746 779 1846 831 οὐκ

264 861 508 931 ὀλίγαις,
535 863 592 917 αἳ
623 864 717 919 τὸν
759 866 922 921 αὑτὸν
967 868 1089 921 τότε
1119 868 1336 939 διήνυον
1383 871 1525 940 ὑπὲρ
1557 870 1659 940 τῆς
1693 870 1847 922 εὐσε-

267 952 429 1020 ϐείας
459 951 646 1024 ἆθλον,
683 959 781 1013 καὶ
820 959 883 1013 τὸ
938 962 1284 1031 μαρτυρικὸν
1316 962 1495 1016 ἐκεῖνο
1544 963 1642 1015 καὶ
1682 962 1849 1014 αὑταὶ

271 1048 642 1118 συνεκρότουν
669 1050 898 1121 θέατρον
924 1092 939 1118 ,
967 1053 1303 1122 ἀρδεύσασαι
1357 1055 1459 1124 τὴν
1512 1053 1674 1122 φύσιν
1727 1054 1849 1117 ταῖς

272 1140 594 1209 ἀρῤενικαῖς
642 1141 885 1211 ἀρδείαις
937 1143 1033 1196 τοῦ
1087 1144 1389 1215 Κοδρᾶτου,
1416 1137 1491 1198 ὦν
1538 1145 1608 1198 τὰ
1652 1145 1850 1215 ὀνόμα-

271 1246 347 1284 τα
382 1230 475 1285 διὰ
499 1232 561 1286 τὸ
591 1232 1090 1306 ἀξιομνημόνευτον
1115 1236 1351 1292 ἐνταῦθα
1377 1236 1706 1309 ἐκθήσομαι.

352 1485 440 1556 ιγ’.
471 1489 758 1560 Χαρίεσσα
807 1492 909 1563 μὲν
956 1488 1025 1564 ἦν
1053 1489 1146 1547 οῦν
1187 1495 1282 1547 καὶ
1317 1495 1608 1566 Νουνεχία,
1639 1497 1695 1549 at
1742 1496 1852 1548 τῶν

272 1582 502 1651 χάριτος
534 1585 630 1637 καὶ
655 1585 746 1638 νοῦ
773 1585 1049 1655 σώφρονος
1077 1590 1519 1658 πεπληρωμέναι
1543 1605 1557 1620 ·
1593 1590 1851 1642 Βασίλισ-

274 1674 353 1730 σά
374 1691 433 1728 τε
461 1676 556 1729 καί⁵
576 1677 743 1749 Νίκη,
770 1680 825 1733 αἱ
856 1680 1152 1751 βασιλικῶς
1185 1684 1326 1737 κατά
1349 1685 1447 1753 τῆς
1476 1683 1734 1746 ἀσεϐείας
1764 1684 1855 1735 ἀν-

269 1766 624 1840 δρισάμεναι,
689 1772 782 1825 καὶ
833 1772 992 1843 νίκης
1059 1774 1469 1846 ἀναδυσάμεναι
1523 1777 1851 1846 στέμματα·

1946 679 2107 746 quasi
2143 678 2198 731 in
2229 678 2506 748 sartagine
2537 679 2713 735 frixus
2737 694 3099 753 excoquatur.
3142 685 3212 739 At
3239 700 3364 739 cum
3398 687 3538 741 nihil

1949 777 2220 840 tyrannus
2256 768 2519 837 eﬂiceret,
2551 774 2647 828 sed
2679 776 2866 829 omnia
2896 785 3133 842 tentans,
3192 777 3244 829 in
3280 778 3543 832 omnibus

1947 859 2288 925 vinceretur,
2355 863 2580 918 tandem
2623 864 2678 918 in
2706 881 2866 921 mare
2918 868 3096 936 ipsum
3141 868 3295 939 jubet
3348 864 3541 938 projici

1949 966 2075 1005 cum
2105 953 2312 1007 sanctis
2342 954 2671 1010 mulieribus
2706 957 2849 1011 haud
2902 974 3073 1028 parvo
3114 977 3368 1028 numero,
3417 978 3542 1031 quae

1951 1052 2065 1097 tum
2091 1052 2367 1099 certamen
2415 1047 2555 1101 idem
2589 1064 2688 1117 pro
2720 1052 2923 1118 pietate
2973 1054 3452 1120 consummabant,
3487 1066 3544 1109 et

1953 1136 2153 1191 theatri
2177 1137 2327 1192 illius
2356 1150 2659 1211 martyrum
2684 1158 2791 1197 non
2836 1144 3060 1199 minima
3098 1160 3226 1215 pars
3262 1155 3443 1211 erant,
3475 1164 3544 1203 ex

1951 1226 2210 1283 virilibus
2240 1227 2461 1287 Codrati
2513 1234 2761 1303 monitis,
2810 1245 3070 1308 tanquam
3124 1239 3543 1311 irrigatiunibus

1953 1319 2201 1374 masculo
2237 1320 2438 1376 robore
2466 1335 2734 1394 concepto
2771 1345 2784 1381 :
2821 1344 3053 1397 quarum
3105 1333 3329 1387 numina
3391 1336 3541 1405 quod

1955 1413 2224 1467 memoria
2255 1413 2418 1482 digna
2459 1415 2589 1481 sint,
2625 1418 2890 1491 bicjuvat
2908 1423 3140 1478 addere.

2030 1504 2116 1558 15.
2144 1505 2317 1561 Erant
2350 1508 2542 1579 igitur,
2567 1510 2862 1568 Chariessa
2911 1526 2967 1571 et
2999 1515 3308 1584 Nunecliia,
3366 1520 3541 1591 gratia

1953 1597 2013 1645 et
2043 1606 2228 1649 tuente
2268 1596 2448 1651 sobria
2513 1600 2762 1670 repletae;
2826 1602 3083 1660 Basilissa
3103 1615 3159 1662 et
3211 1609 3369 1676 Nice,
3421 1627 3543 1678 que

1957 1682 2108 1751 regie
2133 1696 2325 1740 contra
2369 1687 2709 1759 impietatem
2756 1695 3138 1763 deccrtarunt,
3185 1710 3241 1754 et
3294 1701 3542 1757 victoriae

1957 1775 2181 1829 coronis
2214 1778 2486 1836 redimita
2523 1795 2674 1848 sunt;
2705 1784 2834 1840 Cale
2862 1787 3166 1857 etGalene,
3221 1807 3343 1861 quae
3367 1810 3540 1864 aquas

272 1857 436 1929 Καλή
467 1876 526 1912 τε
563 1861 659 1914 καὶ
702 1861 943 1935 Γαλήνη,
989 1865 1045 1918 αἱ
1096 1865 1281 1930 καλῶς
1330 1866 1432 1937 μὲν
1475 1866 1846 1934 παρελθοῦσαι

1959 1865 2083 1921 vita
2108 1866 2273 1940 hujus
2304 1872 2479 1927 salsas
2516 1874 2656 1930 bene
2695 1879 3056 1945 transierunt,
3111 1892 3170 1937 et
3224 1883 3279 1937 in
3316 1897 3535 1953 portum

272 1948 378 2018 τὴν
411 1949 591 2024 ἇλμην
615 1954 710 2008 τοῦ
741 1954 881 2025 βίου,
918 1958 1015 2011 καὶ
1050 1959 1188 2031 πρὸς
1238 1960 1510 2025 ἀπαθείας
1538 1960 1856 2032 ὲληλυθυῖαι

273 2042 560 2114 γαλήνην·
612 2051 710 2101 καὶ
760 2050 896 2121 πρός
948 2068 1014 2119 γε
1068 2051 1150 2106 ἔτι
1207 2052 1487 2125 Θεοδώρα,
1534 2054 1568 2124 ἡ
1613 2053 1757 2107 θεῖον
1787 2056 1854 2125 τῇ

273 2135 533 2207 Κορίνθῳ
581 2141 849 2212 γενομένη
882 2143 983 2196 σὺν
1013 2147 1130 2208 ταῖς
1181 2144 1371 2209 ἄλλαις
1424 2144 1680 2216 δώρημα.
1720 2146 1855 2198 Τότε

273 2227 365 2299 δὴ,
392 2229 513 2283 τότε
564 2230 783 2302 λέγεται
824 2237 918 2288 καὶ
963 2237 1064 2307 τὴν
1104 2237 1379 2294 θάλατταν
1435 2238 1755 2310 αἰδεσθῆναι
1786 2237 1855 2293 τὰ

277 2324 599 2393 μαρτυρικά
629 2327 812 2380 ἐκεῖνα
858 2327 1115 2399 σώματα,
1167 2330 1266 2386 καὶ
1295 2332 1370 2402 μὴ
1412 2332 1670 2400 ἐθελῆσαι
1697 2334 1857 2386 ἐκπε-

273 2411 546 2479 πωκέναι,
604 2417 725 2469 ἀλλ’
757 2417 850 2472 ἐπὶ
893 2420 1145 2485 σταδίους
1196 2421 1655 2493 ὐπηρετήσασθαι
1697 2422 1855 2493 τριά-

276 2515 468 2564 κοντα,
498 2501 599 2555 ὅσα
627 2504 720 2558 καὶ
750 2505 999 2579 ἤπειρος.
1038 2511 1275 2580 Λέγεται
1295 2511 1338 2564 δ’
1366 2509 1461 2565 οὖν
1488 2514 1584 2566 καὶ
1609 2513 1710 2582 τὴν
1739 2514 1854 2567 Χα-

276 2592 502 2659 ρίεσσαν
536 2598 681 2649 κατὰ
728 2598 839 2652 τῶν
889 2603 1156 2671 κυμάτων
1196 2602 1565 2672 πεζεύουσαν,
1599 2604 1746 2679 ᾠδὴν
1773 2607 1852 2678 τῷ

274 2684 471 2757 Κυρίῳ
498 2689 759 2762 τοιαύτην
785 2692 1109 2764 ἀναεοῆσαι,
1141 2696 1655 2752 ἐπακολουθούντων
1676 2697 1855 2753 ἄλλων

274 2772 376 2827 καὶ
430 2777 764 2848 συνᾳδόντων
786 2794 802 2810 ⁸
838 2782 935 2834 Ἓν
980 2781 1162 2853 μίλιον
1207 2783 1470 2854 ἔδραμον,
1503 2786 1702 2858 Κύριε·
1734 2788 1850 2853 καὶ,

276 2869 606 2941 Στράτευμα
639 2872 885 2939 ἐδίωξας,
924 2875 1121 2946 Κύριε·
1143 2878 1237 2929 καὶ
1263 2876 1377 2931 Οὐκ
1408 2878 1736 2949 ἠρνησάμην
1768 2892 1848 2942 σε,

273 2964 477 3037 Κύριε,
517 2966 691 3020 σῶσόν
726 2985 828 3038 μου
862 2967 923 3021 τὸ
945 2969 1184 3039 πνεῦμα*
1221 2969 1394 3024 ταῦτα
1415 2969 1480 3042 δὴ
1506 2970 1575 3023 τὰ
1600 2971 1698 3040 τῆς
1723 2971 1855 3024 Μω-

275 3059 420 3121 σέως
465 3060 558 3111 καὶ
634 3061 846 3133 Ἀαρὼν
898 3061 1134 3132 ἀδελφῆς
1195 3063 1405 3134 ῥήμασι
1462 3061 1850 3133 παραπλήσια.

1956 1961 2290 2028 appulerunt
2312 1966 2447 2019 nulli
2463 1968 2772 2036 expositum
2799 1973 3220 2041 perturbationi;
3248 1975 3538 2035 Theodora

1957 2051 2216 2123 denique,
2253 2056 2456 2111 donum
2496 2060 2631 2113 illud
2686 2062 2956 2119 Coriniho
2994 2082 3101 2121 una
3138 2083 3267 2122 curn
3324 2074 3539 2127 caeteris

1956 2156 1987 2196 a
2026 2142 2139 2199 Deo
2181 2159 2533 2203 concessum.
2592 2150 2763 2207 -Tunc
2819 2153 3122 2219 enimvero,
3184 2166 3316 2214 tunc
3368 2162 3534 2216 etiam

1957 2248 2133 2301 mare,
2167 2248 2469 2309 martyrum
2495 2242 2587 2297 illa
2617 2258 2845 2314 corpora
2901 2249 3225 2317 reveritum,
3264 2251 3439 2306 fertur
3474 2270 3538 2309 ia

1955 2328 2254 2387 absorbere
2281 2333 2547 2400 uoluisse,
2578 2339 2671 2392 sed
2700 2341 2924 2410 triginta
2971 2344 3277 2400 stadiorum
3332 2352 3537 2419 spatio,

1958 2432 2119 2478 terrae
2143 2426 2209 2479 ad
2227 2426 2419 2494 inStar,
2445 2429 2580 2498 ipsis
2607 2432 2971 2488 ministrasse.
2994 2434 3284 2492 Chariessa
3317 2456 3539 2510 quoque

1956 2514 2219 2572 ﬂuctibus
2250 2521 2618 2590 inambulans,
2640 2526 2918 2581 canticum
2973 2530 3079 2585 hoc
3120 2531 3370 2601 Domino,
3416 2552 3542 2591 suc-

1955 2610 2275 2668 cinentibus
2310 2615 2560 2686 reliquis,
2615 2633 2751 2674 voce
2791 2621 2897 2676 alta
2955 2624 3224 2681 cecinisse
3281 2628 3536 2684 dicitur:

1955 2699 2136 2756 Unum
2168 2704 2403 2761 milliare
2454 2710 2731 2778 percurri,
2786 2711 3036 2778 Domine;
3066 2724 3141 2782 et,
3208 2717 3532 2774 Exercitum

1958 2807 2281 2860 persecutus
2301 2813 2382 2861 es,
2409 2798 2656 2866 Domine;
2698 2812 2774 2867 et,
2799 2803 2921 2858 Non
2954 2809 3145 2877 negavi
3175 2818 3247 2875 te,
3284 2811 3535 2877 Domine,

1954 2884 2106 2940 calva
2139 2888 2397 2956 spiritum
2429 2907 2612 2945 meum
2640 2908 2655 2945 :
2703 2893 2893 2960 verba,
2921 2896 3126 2966 quibus
3156 2899 3356 2954 similia
3387 2901 3538 2972 Moy-

1953 2976 2031 3032 sis
2060 2986 2116 3031 et
2140 2982 2214 3032 Aa
2229 2982 2379 3035 ronis
2408 2998 2569 3037 soror
2593 2986 2846 3053 protulit.
2908 2987 3098 3058 Itaque
3149 2990 3430 3062 lapidibus
3464 2996 3533 3048 ad

1952 3069 2201 3125 cervices
2235 3072 2495 3143 aliigatis,
2532 3085 2802 3146 martyres
2822 3078 2952 3132 vi'in
2982 3080 3314 3148 profundum
3348 3085 3539 3140 detru-

273 3144 415 3201 Εἶτα
467 3148 648 3213 λίθους
700 3152 841 3203 κατά
893 3152 987 3204 τοῦ
1038 3152 1314 3222 τραχήλου
1369 3153 1718 3217 ἐξάπτοντες,
1760 3152 1846 3225 βίᾳ

1956 3161 2186 3224 duntur,
2236 3172 2296 3217 ut
2344 3183 2466 3218 eum
2517 3144 2751 3224 vinculis
2785 3181 2841 3224 et
2879 3171 3137 3228 [luctibus
3186 3176 3537 3234 colluctando

272 3243 422 3295 κατὰ
447 3241 538 3295 τοῦ
581 3242 857 3314 πυθμένος
890 3243 1147 3310 ὠθοῦσιν,
1202 3245 1279 3309 ὡς
1320 3246 1577 3299 ἀπειπεῖν
1617 3263 1675 3298 τε
1722 3246 1846 3308 τοὺς

1954 3250 2295 3319 deﬁcientes,
2350 3255 2533 3311 vivere
2590 3259 2931 3331 desinerent,
3000 3263 3226 3336 Deoque
3299 3268 3538 3327 victimae

271 3335 577 3406 Μάρτυρας
600 3339 814 3404 δεσμοῖ,
845 3339 941 3393 καὶ
964 3339 1172 3409 κύμασι
1195 3342 1560 3411 μαχομένους,
1586 3341 1680 3394 καὶ
1704 3338 1848 3415 οῦτχω

270 3428 372 3482 τοῦ
400 3428 499 3501 ζῇν
527 3431 931 3500 ἐξεληλυθέναι,
963 3433 1057 3487 καὶ
1084 3432 1201 3506 Θεῷ
1229 3434 1607 3506 προσαχθῆναι
1629 3434 1848 3503 θύματα

269 3524 483 3579 τέλεια.

349 3614 424 3671 ιδ’.
468 3615 703 3673 Τοιαῦτα
750 3620 842 3673 τοῦ
877 3620 1020 3675 θείου
1052 3620 1333 3693 Κοδρᾶτου
1364 3621 1431 3674 τὰ
1469 3621 1721 3693 γεώργια
1753 3622 1848 3676 καὶ

280 3709 329 3762 oi
353 3710 555 3780 καρποὶ
589 3713 700 3766 τῶν
733 3712 934 3778 πόνων,
964 3714 1062 3767 καὶ
1086 3714 1316 3767 τοιαῦτα
1349 3714 1417 3768 τὰ
1458 3714 1559 3785 τῆς
1585 3713 1844 3766 διδασκα-

272 3800 392 3864 λίας
434 3803 643 3858 ἐκείνου
692 3804 1077 3877 βλαστήματα,
1105 3808 1200 3861 καὶ
1243 3809 1298 3871 ἐς
1350 3806 1606 3861 τοσοῦτον
1638 3807 1844 3877 ηῦξησε

265 3895 332 3946 τὸ
388 3894 481 3947 τοῦ
531 3899 876 3968 χαρίσματος
916 3900 1199 3955 τάλαντον.
1228 3901 1441 3963 Παῦλος
1497 3900 1596 3972 μὲν
1629 3901 1738 3973 γὰρ
1782 3905 1845 3956 ὲκ

265 3984 371 4055 τῆς
421 3985 590 4051 ὅντως
645 3987 839 4056 σοφίας
885 3989 1068 4044 ἀντλεῖ
1115 3991 1214 4054 τὰς
1256 3991 1441 4061 πηγὰς
1466 3991 1567 4061 τῆς
1590 3991 1846 4046 διδασκα-

264 4076 429 4139 λίας’
488 4078 642 4146 οὗτος
674 4082 720 4135 δ’
774 4082 831 4149 ἐξ
861 4083 1077 4137 ἐκείνου
1133 4084 1475 4156 μετειληφὼς
1519 4087 1631 4147 τοῖς
1662 4084 1846 4148 ἄλλοις

268 4170 564 4240 μετέδωκε,
601 4175 697 4228 καὶ
723 4175 823 4229 οὐκ
855 4179 937 4241 εἰς
966 4177 1283 4246 ’τριάκοντα
1322 4180 1414 4231 καὶ
1455 4177 1721 4247 ἐξήκοντα
1752 4175 1846 4247 μό-

262 4281 381 4329 νον,
418 4265 534 4318 ἀλλ’
562 4266 662 4338 ἢδη
691 4268 785 4320 καὶ
829 4267 909 4332 είς
955 4269 1452 4324 ὲκατονταπλάσιον
1481 4270 1542 4322 τὸ
1562 4268 1657 4323 τοῦ
1690 4269 1847 4340 χαρί-

265 4373 479 4426 σματος
497 4359 699 4431 ηὔξησε
722 4362 983 4417 τάλαντον
1005 4380 1020 4395 ο
1052 4362 1192 4416 ὥστε
1223 4365 1316 4417 καὶ
1338 4364 1683 4433 πεπείσμεθα
1711 4365 1846 4416 πάν-

259 4468 378 4505 των
415 4454 711 4510 ἀπολαύειν
758 4457 961 4522 ἐξεῖναι
997 4457 1093 4511 νῦν
1122 4457 1276 4528 αὐτῷ
1340 4463 1490 4527 παρά
1544 4457 1682 4510 Θεοῦ
1735 4458 1844 4510 τῶν

1950 3348 2210 3418 perfecta:
2238 3350 2594 3409 sisterentur.

2021 3614 2109 3669 14.
2141 3615 2457 3678 Istiusmodi
2482 3633 2613 3680 sunt
2648 3642 2855 3685 messes
2897 3629 3070 3687 divini
3121 3633 3344 3693 Codrati
3373 3649 3429 3694 et
3456 3641 3539 3696 la-

1948 3705 2143 3762 borum
2175 3710 2428 3781 fructus;
2467 3717 2596 3772 talia
2624 3721 2894 3790 germina,
2963 3740 3085 3794 quas
3133 3728 3385 3786 doctrina
3411 3736 3536 3803 ejus

1951 3800 2229 3870 produxit,
2264 3813 2474 3861 tantum
2498 3808 2739 3877 lucrum,
2766 3830 2879 3884 quo
2908 3816 3178 3874 talentum
3218 3824 3409 3892 gratiae
3440 3800 3537 3879 au-

1946 3894 2046 3947 xit.
2073 3896 2151 3949 Ac
2183 3896 2387 3952 Paulus
2415 3900 2643 3970 quidem
2672 3902 2942 3962 doctrina:
2966 3907 3147 3966 fontes
3200 3928 3264 3967 ex
3294 3914 3409 3978 illo,
3439 3920 3532 3985 qui

1945 3995 2032 4040 est
2075 3986 2191 4057 ipsa
2249 3991 2546 4058 sapientia,
2592 3993 2891 4064 hauserat;
2967 4000 3061 4056 hic
3095 4014 3279 4058 autem
3312 4007 3534 4063 aPaulo

1946 4089 2230 4149 acceptam
2269 4085 2866 4154 communicavitaliis,
2912 4092 3528 4167 talentumquejgratia',

1947 4186 2056 4225 non
2093 4172 2277 4229 tricies
2306 4183 2361 4228 et
2395 4178 2644 4249 sexagies
2710 4188 2946 4246 tantum,
2981 4184 3074 4238 sed
3100 4189 3312 4242 centies
3346 4190 3533 4244 multi-

1945 4258 2188 4328 plicavit,
2241 4262 2380 4318 adeo
2434 4273 2494 4318 ut
2553 4266 2786 4324 ﬁrmiter
2848 4272 3012 4328 nobis
3067 4277 3530 4345 persuadeamus,

1945 4352 2093 4422 quod
2139 4368 2290 4408 nunc
2319 4357 2578 4412 omnibus
2606 4359 2767 4415 bonis
2819 4364 2965 4432 apud
3002 4366 3174 4421 Deum
3230 4369 3404 4426 libere
3447 4373 3528 4429 iiii

1947 4443 2154 4512 perfrui
2225 4445 2431 4513 liceat;
2466 4465 2530 4503 ac
2598 4454 2917 4509 mansiones
2968 4472 3077 4511 non
3113 4459 3212 4514 bas
3266 4463 3349 4516 vel
3409 4466 3531 4520 illas

262 4546 478 4614 καλῶν,
511 4550 602 4602 καὶ
649 4551 726 4621 μὴ
777 4552 876 4613 τὰς
910 4551 1012 4621 μὲν
1061 4551 1173 4605 τῶν
1208 4550 1387 4621 μονῶν
1421 4553 1504 4615 είς
1554 4549 1843 4604 κατοικίαν

1952 4537 2240 4600 duntaxat,
2264 4542 2358 4595 sed
2397 4542 2464 4596 ad
2501 4547 2761 4599 eumdem
2791 4549 3014 4602 modum
3054 4566 3249 4608 omnes
3308 4556 3532 4612 inhabi-

262 4640 698 4711 ἀπολαμωνειν,
732 4630 831 4707 τὰς
861 4644 919 4698 δὲ
955 4646 1030 4717 μή
1057 4662 1074 4680 σ
1135 4645 1250 4698 ἀλλ’
1284 4646 1365 4699 ἑνί
1420 4662 1481 4713 γε
1542 4644 1619 4714 τῷ
1654 4644 1842 4715 τρόπῳ

260 4734 376 4786 τῶν
410 4734 548 4788 ὅλων
584 4737 780 4807 ἐπίσης
828 4737 1214 4808 κληρονομεῖν,
1259 4739 1333 4804 ὡς
1381 4741 1494 4800 υἱὸς
1547 4738 1842 4808 εὐάρεστος

261 4823 562 4892 ἀναφανεὶς
592 4826 669 4896 τῷ
711 4828 829 4895 Θεῷ
867 4830 962 4883 καὶ
984 4829 1180 4898 Πατρὶ,
1209 4830 1303 4883 καὶ
1330 4830 1419 4883 διὰ
1465 4829 1655 4883 πασῶν
1686 4828 1841 4881 ὁδεύ-

270 4925 366 4972 az;
406 4912 513 4965 τῶν
557 4914 726 4968 αὐτοῦ
763 4916 1018 4982 ἐντολῶν,
1080 4917 1176 4970 καὶ
1237 4923 1417 4973 πάντα
1448 4913 1840 4987 κατωρθωκὼς

257 5000 459 5066 ἄριστα
492 5006 732 5070 πάντων,
768 5007 805 5062 ἆ
850 5009 1001 5079 παρὰ
1047 5012 1216 5079 μέρος
1249 5010 1493 5065 ἕκαστοι.
1527 5010 1712 5081 Ταύτῃ
1753 5026 1839 5063 τοι

255 5097 357 5148 καὶ
400 5098 697 5152 ἀπολαύειν
726 5103 908 5173 φαμὲν
952 5107 1045 5159 καὶ
1079 5106 1232 5176 παρὰ
1284 5108 1448 5176 μέρος
1473 5109 1617 5174 ἆπερ
1645 5110 1746 5176 οὐχ
1778 5108 1839 5162 ᾶ-

255 5204 485 5255 παντες,
522 5193 614 5245 καὶ
669 5194 769 5247 σύν
794 5211 857 5264 γε
890 5201 1003 5261 τοῖς
1034 5199 1228 5262 ⁸ἀλλοις
1263 5199 1410 5268 ἆπερ
1446 5199 1705 5252 ἕκαστον
1741 5202 1837 5252 καὶ

252 5277 621 5346 γνωρίζουσιν
652 5282 895 5349 ἅπαντες
943 5289 1011 5341 τὰ
1039 5290 1138 5359 τῆς
1184 5289 1453 5359 συνήθους
1501 5288 1705 5359 ἀρετῆς
1745 5288 1837 5341 ἐπ’

251 5366 410 5437 αὑτῷ
438 5369 706 5439 σύμὸολα.
756 5377 868 5431 Καὶ
900 5381 1294 5451 προσδέχονται
1334 5381 1432 5450 μὲν
1463 5383 1835 5451 συγχορευτὴν

248 5458 522 5528 ἀσκηταὶ,
562 5464 655 5518 καὶ
703 5470 958 5524 κοινωνὸν
993 5474 1276 5527 ποιοῦνται
1314 5475 1415 5545 τῆς
1459 5475 1609 5544 σφῶν
1644 5476 1835 5545 εὐφρο-

250 5544 449 5618 σύνης,
477 5548 669 5622 ὥσπερ
702 5554 925 5630 ὀφειλὴν
959 5578 1082 5617 τινα
1110 5563 1318 5634 ταύτην
1357 5544 1737 5636 ἀπαραίτητόν
1756 5544 1832 5620 τε

251 5640 352 5693 καὶ
410 5641 711 5714 ἀξιόχρεων
767 5650 1112 5718 ὲκτιννύντες
1163 5655 1335 5728 αὐτῷ*
1368 5657 1492 5710 ὲπεί
1518 5658 1601 5711 τοί
1638 5675 1700 5726 γε
1737 5658 1834 5712 καὶ

252 5732 421 5799 αὐτὸς
467 5737 672 5809 πολλῆς
714 5741 889 5808 αῐτιος
937 5746 1039 5817 τῆς
1070 5748 1413 5822 εὐφροσύνης
1446 5750 1633 5814 αὐτοῖς
1677 5751 1835 5805 καθί-

255 5839 423 5907 στατο
463 5829 752 5903 πρότερον,
811 5836 972 5891 ὁπότε
1026 5841 1119 5912 τὸν
1178 5841 1345 5896 αὐτὸν
1405 5843 1589 5908 αὐτοῖς
1641 5842 1831 5916 ἔτρεχε

1951 4630 2119 4685 tando
2148 4644 2400 4702 occupet,
2469 4646 2733 4706 tanquam
2797 4639 2975 4695 haeres
3020 4654 3075 4697 et
3106 4644 3273 4713 (ilius,
3327 4650 3380 4703 in
3415 4667 3527 4720 quo

1948 4721 2094 4777 Deus
2138 4724 2303 4778 Pater
2344 4726 2448 4781 sibi
2480 4730 2836 4798 eomplacuit,
2869 4734 2962 4802 qui
2992 4735 3048 4789 in
3102 4740 3363 4795 omnibus
3404 4745 3527 4814 ejus

1946 4816 2221 4871 mandatis
2262 4819 2586 4885 ambulavit,
2634 4830 2691 4876 et
2740 4826 2987 4879 omnium
3040 4830 3281 4902 optime,
3317 4839 3525 4902 omnia,

1945 4922 2066 4976 quae
2097 4907 2189 4961 alii
2252 4911 2482 4964 seorsitn
2553 4912 2790 4981 singula,
2846 4920 3100 4986 perfecit.
3155 4901 3311 4979 Unde
3358 4931 3526 4985 etiam

1940 4998 2050 5052 l‘rui
2083 5000 2236 5053 illum
2275 5004 2510 5057 seorsim
2542 5005 2710 5060 rebus
2760 5006 2831 5061 iis
2859 5008 3133 5078 dicimus;
3178 5016 3382 5084 quibus
3411 5036 3521 5076 non

1941 5109 2156 5148 omnes.
2180 5106 2235 5148 et
2268 5111 2370 5148 uua
2403 5111 2528 5150 cum
2571 5099 2714 5165 aliis,
2740 5101 2944 5170 quibus
2975 5104 3175 5175 singuli
3217 5110 3521 5181 fruuntur;

1941 5203 2065 5242 cum
2097 5189 2342 5259 symbols
2387 5190 2439 5243 in
2468 5190 2817 5260 illoquilibct
2848 5210 3128 5253 consuetae
3179 5202 3284 5257 sibi
3346 5194 3527 5263 virtu-

1948 5282 2015 5337 tis
2050 5294 2333 5351 agnoscat.
2376 5283 2671 5354 Recipiunt
2699 5300 2827 5341 eum
2881 5290 2937 5343 in
2990 5295 3310 5350 societatem
3360 5300 3521 5358 cltori

1944 5378 2026 5430 sui
2089 5385 2308 5441 ascelte,
2371 5378 2686 5450 lwtitiaeque
2744 5397 2856 5437 suae
2899 5385 3110 5440 faciunt
3174 5391 3520 5462 pariicipem,

1939 5468 2300 5524 itrecusabile
2338 5473 2444 5526 hoc
2476 5475 2631 5542 quasi
2657 5474 2906 5530 debitum
2935 5487 2992 5531 et
3023 5476 3260 5535 Codrato
3291 5482 3519 5555 dignum

1937 5560 2250 5630 solventes;
2283 5561 2430 5633 quod
2464 5572 2522 5619 et
2546 5564 2665 5635 ipse
2723 5567 2955 5622 multam
2988 5568 3099 5623 illis
3151 5569 3402 5626 laetitiam
3426 5591 3524 5645 pe-

1936 5656 2164 5722 pererit,
2193 5655 2324 5710 dum
2352 5656 2494 5712 idem
2526 5660 2790 5729 stadium,
2843 5663 2987 5732 quod
3017 5663 3121 5732 ipsi
3152 5663 3285 5719 olim
3321 5666 3519 5723 decur-

1938 5758 2108 5816 reret,
2137 5760 2331 5806 contra
2371 5763 2673 5823 potestates
2707 5757 3058 5811 tenebrarum
3111 5758 3292 5814 steculi
3348 5760 3517 5834 hujus

1938 5841 1995 5895 in
2028 5841 2145 5898 acie
2183 5845 2519 5915 consistens,
2553 5856 2611 5903 et
2643 5847 2935 5904 incruenta
2962 5848 3196 5921 singulis
3219 5864 3517 5918 momentis
