4016 6482
375 386 473 456 521

1242 381 1570 451 SCIIOLIA
1623 389 1701 450 1N
1744 378 2139 451 SYNESIUM
2188 390 2282 467 DE
2324 381 2756 456 INSOMNIiS.

841 691 1883 831 ΝΙΚΗΦΟΡΟΥ·
1932 692 2281 826 ΤΟΥ
2371 689 3165 830 ΓΡΗΓΟΡΑ

1838 916 2197 983 evneum
2222 884 2227 895 ³

704 1077 900 1164 ἘΙΣ
973 1080 1204 1165 ΤΟΝ
1276 1069 1835 1166 ΣΥΝΕΣῙΟΥ
1904 1065 2169 1162 ΠΕΡΙ
2240 1067 2831 1164 ΕΝΥΠΝΙΩΝ
2903 1070 3319 1167 ΛΟΓΟΝ.

942 1396 1071 1550 Ν
1081 1394 1986 1553 [CEPHORI
2099 1395 3081 1558 GREGORfE

1772 1650 2246 1716 EXPLICATIO

818 1816 946 1906 IN
1049 1805 1511 1905 LIBRUM
1614 1814 2088 1904 SYNESll
2208 1815 2356 1905 DE
2463 1800 3236 1911 INSOMNIIS

570 2007 641 2064 Εε
670 2008 890 2064 veniam
914 2009 1105 2063 Antonii
1136 2005 1382 2067 Pichonii,
1414 2006 1547 2069 apud
1585 2008 1807 2060 Turonos
1842 2009 1956 2071 Reg.
1988 2008 2311 2073 Professoris,
2333 2009 2525 2063 a-Fed.
2562 2011 2772 2065 lorello
2800 2014 3006 2079 interpr.
3042 2007 3157 2079 Reg.
3188 2014 3454 2082 ret-agnita.

1602 2200 1609 2203 Δ
1693 2269 2366 2359 ΠΡΟΟΙΜΙΟΝ.

443 2417 619 2476 Οὐδὲν
652 2421 858 2484 καινὸν,
889 2420 939 2472 εἰ
974 2419 1145 2473 πολλά
1174 2418 1286 2472 τῶν
1329 2418 1499 2472 πάλαι
1538 2418 1727 2483 κακῶς
1778 2421 1945 2488 εὑρη·
1979 2429 2024 2483 Α
2054 2416 2431 2486 ὑποκειμένης
2455 2405 2738 2483 τραπέζης
2763 2413 3066 2485 ἐγείρεται,
3099 2406 3163 2468 Εἰ
3194 2406 3252 2467 δὲ
3277 2373 3374 2467 καὶ
3413 2413 3645 2468 Πλάτων

384 2513 568 2585 μένων
595 2509 1018 2581 καινοτομοῦσιν
1047 2509 1139 2564 ἐπὶ
1162 2510 1224 2564 τὸ
1257 2509 1491 2580 βέλτιον,
1526 2509 1718 2581 ὥσπερ
1748 2512 1812 2564 ὲκ
1827 2526 1960 2581 χρο-

382 2605 554 2660 νικῶν
582 2603 850 2674 περιόδων
879 2603 968 2656 ἐπ’
1025 2602 1217 2666 ἄλλαις
1263 2601 1423 2656 ἄλλαι
1465 2602 1704 2674 μεγάλαι
1767 2602 1962 2672 φύσεις

384 2694 805 2762 βλαστάνουσαι,
841 2690 951 2744 εἴτε
974 2690 1067 2745 τοῦ
1096 2691 1293 2762 χρόνου
1350 2690 1517 2758 φύσιν
1574 2692 1792 2762 ἔχοντος
1821 2692 1963 2747 ἄλλα

382 2785 473 2838 ἐπ’
508 2785 694 2848 ἄλλοις
729 2784 818 2838 ἀεὶ
848 2784 1137 2855 ἐπιφέρειν
1177 2784 1493 2855 καινότερα,
1529 2785 1642 2839 εἴτε
1697 2785 1799 2856 τῆς
1849 2786 1962 2839 τῶν

382 2870 696 2941 ἀνθρώπων
731 2872 948 2939 φύσεως
1006 2873 1407 2943 ἀμηχανούσης
1463 2873 1626 2936 εὐθὶς
1677 2875 1739 2938 ἐξ
1783 2876 1961 2945 ἀρχῆς

383 2963 481 3016 ἐπὶ
501 2964 564 3016 τὸ
590 2963 828 3028 ἐντελές.
879 2962 1226 3033 Ἰσοκράτους
1257 2965 1367 3035 γάρ
1399 2967 1709 3036 εἰρηκότος,
1753 2968 1877 3022 Ἐὰν
1894 2964 1961 3042 ᾗς

384 3052 718 3121 φιλομαθὴς,
738 3049 837 3125 Eat]
856 3053 1205 3125 πολυμαθὴς.
1230 3057 1296 3108 σὺ
1321 3054 1383 3107 τὸ
1405 3056 1766 3127 ἀντίστροφον
1781 3057 1962 3129 πράτ-

383 3160 520 3208 τεις.
557 3143 630 3198 Τὸ
661 3144 766 3215 μὲν
792 3145 901 3216 γάρ
921 3145 1139 3215 ἐγένου,
1168 3146 1230 3199 τὸ
1257 3144 1302 3199 δ’
1318 3147 1408 3200 ἀεὶ
1432 3147 1618 3219 γίγνῃ.
1648 3147 1828 3213 Φιλεῖς
1851 3149 1963 3220 γὰρ

381 3237 477 3290 ἀεὶ
507 3238 826 3308 μανθάνειν,
855 3238 1046 3309 ὥσπερ
1077 3240 1178 3293 οὐκ
1211 3240 1563 3310 ἀρκουμένης
1593 3258 1677 3295 σοι
1728 3242 1828 3311 τῆς
1862 3242 1966 3310 φύ-

385 3347 526 3394 σεως
549 3332 642 3385 ἐπί
671 3347 735 3399 γε
757 3332 871 3393 τοῖς
902 3331 1197 3399 φθάσασιν,
1223 3334 1274 3385 εί
1301 3333 1378 3400 μὴ
1401 3333 1499 3387 καὶ
1527 3333 1735 3402 μᾶλλον
1763 3334 1961 3389 ὑπόθευ

388 3436 478 3474 σιν
539 3420 987 3491 φλεγμαινούσης
1033 3421 1196 3492 δίψης
1256 3422 1402 3487 τινὸς
1451 3422 1742 3494 τιθεμένης
1797 3424 1959 3493 αὐτὰ,

386 3513 642 3584 καθάπερ
678 3513 734 3566 εί
761 3530 848 3578 τις
898 3513 1031 3583 φλὸξ
1095 3514 1477 3585 ἐπιλαϐομένη
1532 3516 1813 3586 καλάμης,
1851 3519 1962 3589 ὅσῳ

389 3606 643 3675 πρόεισιν
672 3606 930 3661 ἐσθίουσα
962 3608 1063 3676 τὴν
1114 3605 1274 3676 ὓλην,
1339 3607 1581 3673 τοσούτῳ
1643 3609 1960 3665 πολλαπλα-

388 3697 570 3762 σιάζει
629 3698 691 3752 τὸ
737 3699 1048 3770 σκίρτημα,
1101 3700 1194 3752 καὶ
1251 3699 1615 3772 σφοδρότερον
1679 3701 1821 3755 κατά
1859 3703 1961 3772 τῆς

2063 2509 2092 2559 ό
2125 2505 2302 2576 μέγας
2340 2501 2698 2558 ἀποδείκνυσι
2741 2501 3033 2574 παρελθὼν
3057 2502 3137 2568 ὡς
3162 2502 3460 2574 φιλόσοφος
3498 2507 3527 2559 ό
3554 2523 3647 2573 φι-

2065 2596 2332 2668 λομαθὴς,
2357 2595 2454 2651 ἀτε
2490 2595 2825 2667 φροντιστὴς
2849 2595 2920 2650 τά
2963 2595 3247 2668 μετέωρα,
3301 2599 3398 2652 καὶ
3428 2597 3530 2651 ὅσα
3582 2599 3647 2651 ὲκ

2064 2691 2171 2762 γῆς
2202 2690 2414 2759 ἀνίσχει
2439 2689 2743 2759 μυστήρια,
2778 2688 2839 2740 τὸ
2866 2690 3120 2757 κρεῖττον
3141 2689 3252 2762 ἄρα
3283 2707 3368 2744 σοι
3391 2689 3580 2745 λοιπὸν
3613 2691 3644 2761 ἡ

2066 2782 2229 2853 φύσις
2252 2780 2448 2834 εἵλετο.
2481 2778 2725 2833 Τοιοῦτοι
2759 2779 2869 2850 γὰρ
2899 2780 2950 2833 oi
2979 2780 3081 2852 τῆς
3133 2781 3457 2852 φιλοσοφίας
3488 2782 3648 2837 πόθοι

2063 2873 2159 2927 καὶ¹
2202 2873 2426 2942 ἔρωτες,
2455 2871 2580 2926 ὅσον
2634 2871 2901 2926 ἐνδοτάτω
2958 2872 3093 2940 πρὸς
3140 2872 3269 2936 τοὺς
3322 2873 3432 2927 τῶν
3471 2874 3645 2928 ὄντων

2059 2967 2266 3020 εἰσίασι
2293 2962 2510 3031 λόγους,
2532 2961 2791 3032 καὶπρὸς
2820 2962 2920 3025 τὰς
2952 2961 3163 3019 τούτων
3228 2964 3335 3036 ἤδη
3370 2966 3647 3037 σκηνοεα.

2067 3054 2257 3109 τοῦσιν
2292 3054 2487 3118 αὐλὰς,
2522 3052 2752 3107 τοσοῦτο
2803 3053 3248 3125 φλεγμαίνουσαν
3286 3057 3383 3110 καὶ
3415 3058 3517 3126 τὴν
3566 3059 3651 3121 είς

2065 3143 2449 3217 τοῦμπροσθεν
2470 3141 2763 3215 τρέφουσιν
2791 3145 3007 3211 ἔφεσιν.
3044 3144 3260 3199 Ἐκεϊνό
3303 3163 3369 3213 γε
3406 3149 3517 3219 μὴν
3545 3151 3650 3203 οὐκ

2067 3238 2217 3291 ἐστιν
2246 3240 2335 3291 ὅτε
2391 3253 2459 3307 με
2508 3236 2610 3290 οὐκ
2639 3237 2818 3306 ἐπῆρε
2879 3237 3208 3308 θαυμάζειν,
3251 3239 3402 3304 ὅπως
3453 3241 3647 3295 ὀπόσοι

2067 3330 2163 3383 νῦν
2222 3328 2310 3397 ἐφ’
2366 3327 2525 3399 ἡμῶν
2591 3327 2945 3402 ἀκμάζουσιν
3003 3331 3294 3401 Ἕλληνες,
3360 3334 3496 3405 ὁρᾷς
3545 3333 3648 3402 μὲν

2066 3410 2338 3488 ἅπαντας,
2371 3421 2620 3491 παρορᾷς
2639 3420 2684 3472 δ’
2731 3417 2851 3485 οὖν,
2874 3421 3069 3476 ἔπειτα
3118 3423 3185 3476 σύ
3224 3439 3291 3492 γε
3343 3424 3493 3495 μόνῳ
3524 3424 3653 3496 ἐμοὶ

2069 3513 2138 3567 τὰ
2185 3513 2295 3569 τῶν
2327 3514 2437 3568 σῶν
2468 3513 2707 3583 λογικῶν
2756 3516 2854 3568 καὶ
2889 3516 3085 3584 σοφίας
3122 3517 3408 3586 γεμόντων
3439 3519 3653 3590 ἀπορητ-

2072 3606 2263 3677 μάτων
2305 3608 2625 3661 ἀνατιθέναι
2657 3606 2857 3677 φορτία
2895 3608 2956 3660 οὐ
3013 3609 3160 3680 μάλα
3187 3609 3389 3678 ὀκνεῖς,
3422 3611 3532 3666 οὐδ’
3567 3612 3654 3666 ὅτι

2072 3698 2350 3770 μηδεμίαν
2378 3698 2567 3763 αὐτοῖς
2597 3700 2950 3764 καταλείπεις
3002 3702 3293 3773 φιλοτίμου
3339 3706 3651 3774 γυμνασίας

1672 3958 2365 4056 ΡΒᾹΞΡΑΤΙΟ.

457 4114 605 4173 Nihil
635 4131 841 4173 novum
874 4127 1057 4187 neque
1109 4113 1414 4172 absurdum
1463 4124 1570 4182 est,
1600 4116 1648 4171 si
1693 4116 1964 4187 permulta
2007 4128 2050 4184 Β
2078 4116 2395 4185 ardescens,
2432 4126 2486 4172 et
2512 4117 2845 4177 inﬂammata
2880 4130 3178 4194 suggerat:
3216 4126 3449 4195 perinde
3498 4144 3563 4185 ac
3604 4132 3651 4186 si

386 4225 512 4281 quae
544 4210 820 4280 quondam
866 4224 1082 4265 summa
1135 4224 1261 4265 cum
1301 4208 1621 4264 dillicultate
1670 4209 1965 4265 adinventa

386 4305 634 4369 luerunt,
663 4303 720 4357 in
750 4303 948 4359 melius
999 4303 1404 4359 immutentur:
1444 4301 1907 4372 quemadmodum
1934 4317 1966 4356 e

386 4397 750 4452 conversione
771 4396 1081 4452 eteircuitu
1113 4406 1424 4467 temporum
1457 4410 1625 4465 super
1679 4394 1804 4450 aliis
1846 4395 1969 4450 alia:

392 4506 598 4561 magna
629 4499 1097 4558 vehementesque
1124 4498 1334 4543 naturae
1358 4487 1673 4558 germinant
1703 4493 1760 4540 et
1780 4485 1969 4540 oriun-

390 4593 502 4648 tur,
532 4598 629 4638 seu
685 4584 805 4653 ipso
843 4589 1092 4652 tempore
1137 4580 1209 4636 ita
1267 4586 1610 4651 comparato,
1640 4587 1700 4632 ut
1754 4593 1971 4648 semper

387 4676 493 4731 alia
524 4691 692 4746 super
720 4675 845 4730 aliis
875 4673 1186 4731 recentiora
1219 4670 1433 4746 aderat,
1473 4686 1571 4725 seu
1626 4669 1741 4739 ipsa
1773 4669 1970 4723 huma-

386 4786 458 4824 na
492 4742 687 4825 natura
715 4768 900 4823 statim
946 4782 977 4822 a
1026 4766 1298 4838 principio
1345 4742 1415 4818 ad
1463 4762 1517 4818 id
1572 4763 1719 4833 quod
1767 4762 1820 4815 in
1868 4775 1971 4816 suo

390 4875 624 4916 munere
656 4861 970 4916 absolutum
1007 4857 1429 4928 est,pervenire
1464 4864 1725 4924 nequeat.
1757 4854 1969 4910 Isocra-

388 4966 473 5008 tes
510 4952 785 5023 siquidem
817 4951 999 5007 dicit:
1042 4950 1098 5005 Si
1153 4950 1231 5005 sis
1269 4947 1516 5004 discendi
1576 4944 1832 5017 cupidus,
1861 4944 1973 5000 eris

388 5044 674 5114 multijuga
699 5042 952 5098 doctrina
981 5041 1272 5113 praeditus.
1299 5039 1382 5095 Tu
1416 5040 1494 5109 (l)
1521 5037 1887 5103 contrarium,
1915 5044 1973 5092 et

385 5151 500 5190 rem
523 5138 638 5208 pari
664 5135 925 5191 allinitate
957 5134 1309 5206 coniunctam
1352 5131 1490 5188 facis
1518 5151 1534 5187 :
1564 5130 1700 5185 illud
1749 5132 1973 5200 quidem

385 5228 561 5294 luisti,
600 5224 706 5283 hoe
731 5243 863 5284 vero
891 5242 1112 5297 semper
1141 5225 1337 5282 fueris.
1400 5224 1676 5293 Perpetuo
1705 5223 1856 5277 enim
1890 5222 1976 5276 di-

386 5319 583 5376 scendi
637 5319 921 5376 desiderio
972 5317 1199 5383 teneris,
1255 5315 1412 5387 quasi
1455 5329 1591 5369 vero
1623 5323 1714 5368 tua
1761 5313 1975 5369 indoles

383 5413 588 5467 nullam
618 5412 719 5468 tibi
738 5427 899 5483 opem
932 5412 1077 5467 ferat
1107 5412 1173 5466 ad
1193 5425 1258 5466 ea
1281 5425 1407 5480 quae
1436 5408 1585 5464 illam
1618 5422 1972 5477 praeoccupa-

2068 4206 2289 4263 ﬂamma
2342 4208 2583 4265 calamos
2641 4212 3093 4283 apprehenderit,
3150 4230 3361 4288 quanto
3437 4217 3656 4279 avidius

2069 4300 2302 4356 devorat
2359 4301 2707 4372 alimentum,
2756 4314 2911 4363 tanto
2962 4309 3291 4381 multiplicat
3340 4315 3564 4382 saltum,
3590 4332 3655 4373 ac

2073 4394 2455 4451 vehementius
2478 4395 2533 4450 in
2561 4397 2866 4469 subjectam
2890 4415 3136 4457 mensam
3172 4405 3346 4477 surgit
3373 4417 3425 4463 el
3451 4412 3657 4466 excita-

2073 4492 2184 4540 tur.
2210 4485 2368 4552 Quod
2409 4488 2455 4542 si
2489 4488 2654 4543 etiam
2706 4508 2937 4562 magnus
2972 4494 3067 4549 ille
3105 4497 3261 4552 Plato
3301 4499 3354 4553 iu
3411 4502 3654 4558 medium

2071 4579 2336 4649 prodiens
2360 4581 2731 4651 demonstrat,-
2752 4586 3002 4642 discendi
3033 4592 3257 4646 avidum
3289 4596 3655 4664 quodammo-

2071 4673 2144 4727 do
2164 4673 2554 4744 philosophum
2609 4692 2755 4743 esse,
2799 4680 3063 4736 nimirum
3113 4685 3262 4754 quod
3319 4688 3657 4757 cogitatione

2073 4764 2333 4820 sublimia
2363 4768 2784 4837 complectatur,
2821 4780 2879 4826 et
2915 4787 3258 4847 quaecunque
3287 4793 3318 4833 ο
3361 4789 3510 4835 terra
3549 4782 3659 4837 eri«

2073 4869 2283 4926 guntur
2340 4859 2624 4929 mysteria,
2672 4863 2820 4931 quod
2881 4865 3122 4923 Validius
3195 4874 3657 4944 pra-stantiusque

2075 4946 2170 5000 tibi
2206 4946 2397 5018 utique
2442 4950 2716 5019 reliquum
2775 4964 2882 5020 est,
2914 4955 2968 5010 id
3024 4969 3220 5015 natura
3278 4975 3652 5021 consectatur.

2044 5035 2235 5092 'Tales
2258 5039 2406 5093 enim
2437 5040 2800 5113 philosophia:
2831 5048 3063 5105 ardores
3091 5062 3148 5106 et
3179 5067 3420 5123 amores,
3449 5073 3657 5129 quanto

2074 5129 2309 5188 interius
2335 5132 2402 5187 ad
2432 5135 2674 5192 rationes
2703 5153 2896 5194 eorum
2929 5157 3053 5210 qua:
3085 5155 3214 5201 sunt
3265 5149 3658 5220 ingrediuntur

2074 5232 2132 5277 et
2148 5239 2207 5278 se
2241 5224 2546 5293 insinuant,
2571 5237 2736 5298 atque
2768 5230 2824 5284 in
2872 5231 3119 5301 ipsorum
3180 5247 3332 5307 septa
3367 5239 3481 5309 jam
3527 5258 3656 5312 pro-

2076 5315 2270 5380 dcunt,
2301 5327 2452 5371 tanto
2479 5317 2757 5391 turgidum
2780 5322 2947 5377 etiam
2968 5326 3036 5378 ad
3062 5327 3349 5396 superiora
3367 5332 3656 5386 enutriunt

2075 5414 2133 5462 et
2161 5415 2363 5477 augent
2394 5409 2722 5479 appetitum.
2753 5411 2893 5468 Illud
2927 5413 3202 5483 siquidem
3241 5417 3519 5474 interdum
3570 5434 3655 5475 uie

385 5512 535 5571 runt,
569 5506 674 5561 nisi
704 5506 871 5561 etiam
899 5504 1074 5575 magis
1113 5505 1399 5558 materiem
1429 5499 1680 5571 quaedam
1727 5497 1847 5553 sitis
1876 5513 1969 5552 cx-
2000 5495 2045 5553 (Ξ
2077 5515 2189 5554 non
2220 5500 2277 5554 in
2305 5502 2587 5557 minimam
2620 5507 2799 5561 erexit
2852 5507 3297 5576 admirationem,
3322 5528 3433 5583 quo
3495 5525 3656 5587 pacto

452 5655 473 5676 ’
493 5651 630 5707 Vide
657 5663 862 5709 tomum
886 5659 1134 5706 nostrum
1160 5646 1342 5711 LXVI,
1374 5646 1478 5701 col.
1512 5644 1668 5699 1281.

455 5726 534 5796 (l)
569 5723 924 5796 Theodorum
972 5721 1339 5796 Metoeliitatn
1373 5716 1641 5796 intellige,
1666 5714 1955 5796 “Magnum

387 5784 770 5866 Lo‘gothetam,
817 5793 907 5846 cui
938 5807 1078 5863 opus
1108 5804 1269 5844 suum
1330 5784 1609 5859 inscripsit
1661 5784 1958 5856 Gregorius,

663 5895 912 5953 Pyrum.
975 5896 1090 5950 Gn.
1119 5882 1391 5950 CXLIX.
1420 5930 1440 5949 .

2064 5657 2173 5728 ute
2203 5666 2337 5707 mss.
2363 5650 2629 5728 (λκιο-(οἰδ
2654 5664 2710 5711 et
2741 5654 2925 5728 Regiis
2946 5655 3271 5716 Lambecius
3306 5670 3362 5717 et
3396 5656 3661 5720 Boivinus

2067 5723 2457 5781 observarunt.
2502 5725 2658 5782 EDIT.

3169 5890 3244 5953 Π
