  <div class='ocr_page' id='page_1' title='image "/cluster/home/n/w/nwhite01/storage/ocr_20150623/149:no.2/coo.31924054870542/269.png"; bbox 0 0 4016 6482; ppageno 0'>
   <div class='ocr_carea' id='block_1_1' title="bbox 392 380 499 447">
    <p class='ocr_par' dir='ltr' id='par_1_1' title="bbox 392 380 499 447">
     <span class='ocr_line' id='line_1_1' title="bbox 392 380 499 447; baseline 0.028 -3"><span class='ocrx_word' id='word_1_1' title='bbox 392 380 499 447; x_wconf 76' lang='grc' dir='ltr'>ί23</span> 
     </span>
    </p>
   </div>
   <div class='ocr_carea' id='block_1_2' title="bbox 1591 350 2463 428">
    <p class='ocr_par' dir='ltr' id='par_1_2' title="bbox 1591 350 2463 428">
     <span class='ocr_line' id='line_1_2' title="bbox 1591 350 2463 428; baseline -0.009 0"><span class='ocrx_word' id='word_1_2' title='bbox 1591 352 2032 428; x_wconf 73' lang='lat' dir='ltr'><strong>‘Ntcsrnom</strong></span> <span class='ocrx_word' id='word_1_3' title='bbox 2064 350 2463 423; x_wconf 66' lang='lat' dir='ltr'><strong>GREGORE</strong></span> 
     </span>
    </p>
   </div>
   <div class='ocr_carea' id='block_1_3' title="bbox 3548 354 3648 417">
    <p class='ocr_par' dir='ltr' id='par_1_3' title="bbox 3548 354 3648 417">
     <span class='ocr_line' id='line_1_3' title="bbox 3548 354 3648 417; baseline -0.03 0"><span class='ocrx_word' id='word_1_4' title='bbox 3548 354 3648 417; x_wconf 63' lang='lat'><strong>521</strong></span> 
     </span>
    </p>
   </div>
   <div class='ocr_carea' id='block_1_4' title="bbox 394 475 3649 568">
    <p class='ocr_par' dir='ltr' id='par_1_4' title="bbox 394 475 3649 568">
     <span class='ocr_line' id='line_1_4' title="bbox 394 475 3649 568; baseline -0.007 -17"><span class='ocrx_word' id='word_1_5' title='bbox 394 499 696 568; x_wconf 77' lang='grc' dir='ltr'>πρόφασιν,</span> <span class='ocrx_word' id='word_1_6' title='bbox 749 489 929 555; x_wconf 78' lang='grc' dir='ltr'><strong>δέδιας</strong></span> <span class='ocrx_word' id='word_1_7' title='bbox 986 489 1164 544; x_wconf 79' lang='grc' dir='ltr'>ὁπόσα</span> <span class='ocrx_word' id='word_1_8' title='bbox 1223 487 1357 557; x_wconf 78' lang='grc' dir='ltr'>πρὸς</span> <span class='ocrx_word' id='word_1_9' title='bbox 1405 485 1578 557; x_wconf 73' lang='grc' dir='ltr'>ὀργὴν</span> <span class='ocrx_word' id='word_1_10' title='bbox 1626 482 1973 554; x_wconf 72' lang='grc' dir='ltr'>σχεδιάζουσι</span> <span class='ocrx_word' id='word_1_11' title='bbox 2003 497 2048 555; x_wconf 70' lang='grc' dir='ltr'>Α</span> <span class='ocrx_word' id='word_1_12' title='bbox 2076 496 2185 533; x_wconf 80' lang='grc' dir='ltr'><strong>⁴ιων</strong></span> <span class='ocrx_word' id='word_1_13' title='bbox 2246 481 2450 534; x_wconf 82' lang='grc' dir='ltr'>ἀδίκων</span> <span class='ocrx_word' id='word_1_14' title='bbox 2496 477 2807 549; x_wconf 77' lang='grc' dir='ltr'><strong>φροντίζειν</strong></span> <span class='ocrx_word' id='word_1_15' title='bbox 2854 478 2916 532; x_wconf 83' lang='grc' dir='ltr'>οὐ</span> <span class='ocrx_word' id='word_1_16' title='bbox 2965 478 3073 549; x_wconf 77' lang='grc' dir='ltr'>χρὴ</span> <span class='ocrx_word' id='word_1_17' title='bbox 3117 478 3408 547; x_wconf 77' lang='grc' dir='ltr'>φιλόσοφον</span> <span class='ocrx_word' id='word_1_18' title='bbox 3460 475 3649 541; x_wconf 50' lang='grc' dir='ltr'>ἀκτὴν,</span> 
     </span>
    </p>
   </div>
   <div class='ocr_carea' id='block_1_5' title="bbox 395 574 1972 659">
    <p class='ocr_par' dir='ltr' id='par_1_5' title="bbox 395 574 1972 659">
     <span class='ocr_line' id='line_1_5' title="bbox 395 574 1972 659; baseline -0.011 -16"><span class='ocrx_word' id='word_1_19' title='bbox 395 604 464 659; x_wconf 84' lang='grc' dir='ltr'><strong>γν</strong></span> <span class='ocrx_word' id='word_1_20' title='bbox 480 592 615 655; x_wconf 60' lang='lat' dir='ltr'><strong>bitat</strong></span> <span class='ocrx_word' id='word_1_21' title='bbox 656 584 956 656; x_wconf 80' lang='grc' dir='ltr'><strong>φιλότιμοι,</strong></span> <span class='ocrx_word' id='word_1_22' title='bbox 987 580 1210 635; x_wconf 79' lang='grc' dir='ltr'>ἐπειδάν</span> <span class='ocrx_word' id='word_1_23' title='bbox 1244 597 1327 642; x_wconf 87' lang='grc' dir='ltr'><strong>τις</strong></span> <span class='ocrx_word' id='word_1_24' title='bbox 1362 576 1638 645; x_wconf 81' lang='grc' dir='ltr'>ὰποκναίη</span> <span class='ocrx_word' id='word_1_25' title='bbox 1686 576 1784 637; x_wconf 81' lang='grc' dir='ltr'><strong>τὰς</strong></span> <span class='ocrx_word' id='word_1_26' title='bbox 1817 574 1972 645; x_wconf 74' lang='grc' dir='ltr'>ῥίζας</span> 
     </span>
    </p>
   </div>
   <div class='ocr_carea' id='block_1_6' title="bbox 395 667 1959 753">
    <p class='ocr_par' dir='ltr' id='par_1_6' title="bbox 395 667 1959 753">
     <span class='ocr_line' id='line_1_6' title="bbox 395 667 1959 753; baseline -0.013 -17"><span class='ocrx_word' id='word_1_27' title='bbox 395 682 719 753; x_wconf 83' lang='grc' dir='ltr'>ὲκτέμνων,’</span> <span class='ocrx_word' id='word_1_28' title='bbox 739 678 794 731; x_wconf 81' lang='grc' dir='ltr'>αἶ</span> <span class='ocrx_word' id='word_1_29' title='bbox 818 678 945 736; x_wconf 81' lang='grc' dir='ltr'>τοὺς</span> <span class='ocrx_word' id='word_1_30' title='bbox 986 675 1099 728; x_wconf 79' lang='grc' dir='ltr'>τῶν</span> <span class='ocrx_word' id='word_1_31' title='bbox 1129 671 1618 744; x_wconf 77' lang='grc' dir='ltr'>ὓμνωνβλαστοὺς</span> <span class='ocrx_word' id='word_1_32' title='bbox 1652 667 1959 737; x_wconf 80' lang='grc' dir='ltr'>ὲξανίσχου-</span> 
     </span>
    </p>
   </div>
   <div class='ocr_carea' id='block_1_7' title="bbox 398 755 1975 840">
    <p class='ocr_par' dir='ltr' id='par_1_7' title="bbox 398 755 1975 840">
     <span class='ocr_line' id='line_1_7' title="bbox 398 755 1975 840; baseline -0.013 -11"><span class='ocrx_word' id='word_1_33' title='bbox 398 793 508 829; x_wconf 89' lang='grc' dir='ltr'>σιν.</span> <span class='ocrx_word' id='word_1_34' title='bbox 538 772 674 826; x_wconf 82' lang='grc' dir='ltr'>Ούδὲ</span> <span class='ocrx_word' id='word_1_35' title='bbox 711 770 818 840; x_wconf 83' lang='grc' dir='ltr'><strong>γὰρ</strong></span> <span class='ocrx_word' id='word_1_36' title='bbox 852 768 962 822; x_wconf 80' lang='grc' dir='ltr'>οὐδ’</span> <span class='ocrx_word' id='word_1_37' title='bbox 1001 764 1341 832; x_wconf 67' lang='grc' dir='ltr'>Ἀλεξάνδρῳ</span> <span class='ocrx_word' id='word_1_38' title='bbox 1387 760 1467 831; x_wconf 82' lang='grc' dir='ltr'>τῷ</span> <span class='ocrx_word' id='word_1_39' title='bbox 1499 759 1771 812; x_wconf 77' lang='grc' dir='ltr'>Φιλίππου</span> <span class='ocrx_word' id='word_1_40' title='bbox 1824 755 1975 808; x_wconf 73' lang='grc' dir='ltr'>παιδὶ</span> 
     </span>
    </p>
   </div>
   <div class='ocr_carea' id='block_1_8' title="bbox 399 850 1972 932">
    <p class='ocr_par' dir='ltr' id='par_1_8' title="bbox 399 850 1972 932">
     <span class='ocr_line' id='line_1_8' title="bbox 399 850 1972 932; baseline -0.014 -11"><span class='ocrx_word' id='word_1_41' title='bbox 399 866 763 932; x_wconf 80' lang='grc' dir='ltr'>ἀνεπίφθονον</span> <span class='ocrx_word' id='word_1_42' title='bbox 804 863 988 931; x_wconf 82' lang='grc' dir='ltr'>ἔμεινε</span> <span class='ocrx_word' id='word_1_43' title='bbox 1020 859 1117 913; x_wconf 75' lang='grc' dir='ltr'>καὶ</span> <span class='ocrx_word' id='word_1_44' title='bbox 1176 855 1485 927; x_wconf 78' lang='grc' dir='ltr'>βασκανίας</span> <span class='ocrx_word' id='word_1_45' title='bbox 1548 853 1728 915; x_wconf 68' lang='grc' dir='ltr'>ἐκτὸς,</span> <span class='ocrx_word' id='word_1_46' title='bbox 1774 850 1972 919; x_wconf 79' lang='grc' dir='ltr'>δρῶντι</span> 
     </span>
    </p>
   </div>
   <div class='ocr_carea' id='block_1_9' title="bbox 396 940 1969 1022">
    <p class='ocr_par' dir='ltr' id='par_1_9' title="bbox 396 940 1969 1022">
     <span class='ocr_line' id='line_1_9' title="bbox 396 940 1969 1022; baseline -0.011 -10"><span class='ocrx_word' id='word_1_47' title='bbox 396 961 488 1012; x_wconf 77' lang='grc' dir='ltr'>τὸν</span> <span class='ocrx_word' id='word_1_48' title='bbox 515 959 782 1010; x_wconf 87' lang='grc' dir='ltr'>Φίλιππον</span> <span class='ocrx_word' id='word_1_49' title='bbox 823 953 1045 1022; x_wconf 75' lang='grc' dir='ltr'><strong>συχναῖς</strong></span> <span class='ocrx_word' id='word_1_50' title='bbox 1094 950 1213 1011; x_wconf 89' lang='grc' dir='ltr'>ταῖς</span> <span class='ocrx_word' id='word_1_51' title='bbox 1265 946 1444 1008; x_wconf 85' lang='grc' dir='ltr'>νίκαις</span> <span class='ocrx_word' id='word_1_52' title='bbox 1508 940 1969 1013; x_wconf 67' lang='grc' dir='ltr'>ἒμπομπεύοντα,</span> 
     </span>
    </p>
   </div>
   <div class='ocr_carea' id='block_1_10' title="bbox 397 1032 1974 1120">
    <p class='ocr_par' dir='ltr' id='par_1_10' title="bbox 397 1032 1974 1120">
     <span class='ocr_line' id='line_1_10' title="bbox 397 1032 1974 1120; baseline -0.013 -16"><span class='ocrx_word' id='word_1_53' title='bbox 397 1051 531 1104; x_wconf 76' lang='grc' dir='ltr'>ἀλλὰ</span> <span class='ocrx_word' id='word_1_54' title='bbox 565 1046 1055 1120; x_wconf 74' lang='grc' dir='ltr'>μικροψυχήσαντα</span> <span class='ocrx_word' id='word_1_55' title='bbox 1094 1039 1359 1111; x_wconf 76' lang='grc' dir='ltr'>βακχικόν</span> <span class='ocrx_word' id='word_1_56' title='bbox 1398 1054 1524 1090; x_wconf 85' lang='grc' dir='ltr'>τινα</span> <span class='ocrx_word' id='word_1_57' title='bbox 1553 1036 1773 1104; x_wconf 84' lang='grc' dir='ltr'>λέγεται</span> <span class='ocrx_word' id='word_1_58' title='bbox 1814 1032 1974 1098; x_wconf 88' lang='grc' dir='ltr'>λόγον</span> 
     </span>
    </p>
   </div>
   <div class='ocr_carea' id='block_1_11' title="bbox 396 1125 1975 1213">
    <p class='ocr_par' dir='ltr' id='par_1_11' title="bbox 396 1125 1975 1213">
     <span class='ocr_line' id='line_1_11' title="bbox 396 1125 1975 1213; baseline -0.014 -16"><span class='ocrx_word' id='word_1_59' title='bbox 396 1146 612 1213; x_wconf 81' lang='grc' dir='ltr'>ἀφεῖναι</span> <span class='ocrx_word' id='word_1_60' title='bbox 635 1142 772 1211; x_wconf 66' lang='grc' dir='ltr'>πρὸς</span> <span class='ocrx_word' id='word_1_61' title='bbox 801 1139 924 1199; x_wconf 81' lang='grc' dir='ltr'>τοὺς</span> <span class='ocrx_word' id='word_1_62' title='bbox 956 1136 1275 1207; x_wconf 81' lang='grc' dir='ltr'><strong>ἡλικιώτας,</strong></span> <span class='ocrx_word' id='word_1_63' title='bbox 1308 1132 1403 1184; x_wconf 79' lang='grc' dir='ltr'><strong>καὶ</strong></span> <span class='ocrx_word' id='word_1_64' title='bbox 1432 1127 1632 1198; x_wconf 82' lang='grc' dir='ltr'>μεστὸν</span> <span class='ocrx_word' id='word_1_65' title='bbox 1686 1126 1758 1188; x_wconf 85' lang='grc' dir='ltr'><strong>ὡς</strong></span> <span class='ocrx_word' id='word_1_66' title='bbox 1799 1125 1975 1178; x_wconf 86' lang='grc' dir='ltr'>εἰπεῖν</span> 
     </span>
    </p>
   </div>
   <div class='ocr_carea' id='block_1_12' title="bbox 397 1221 1977 1304">
    <p class='ocr_par' dir='ltr' id='par_1_12' title="bbox 397 1221 1977 1304">
     <span class='ocr_line' id='line_1_12' title="bbox 397 1221 1977 1304; baseline -0.015 -13"><span class='ocrx_word' id='word_1_67' title='bbox 397 1234 826 1304; x_wconf 74' lang='grc' dir='ltr'>ἐνθουσιασμοῦ.</span> <span class='ocrx_word' id='word_1_68' title='bbox 859 1231 1034 1285; x_wconf 79' lang='grc' dir='ltr'>Φάναι</span> <span class='ocrx_word' id='word_1_69' title='bbox 1056 1228 1161 1298; x_wconf 82' lang='grc' dir='ltr'>γὰρ</span> <span class='ocrx_word' id='word_1_70' title='bbox 1193 1224 1436 1294; x_wconf 70' lang='grc' dir='ltr'>ἀγωνιᾷ-ι</span> <span class='ocrx_word' id='word_1_71' title='bbox 1468 1222 1542 1292; x_wconf 85' lang='grc' dir='ltr'>μὴ</span> <span class='ocrx_word' id='word_1_72' title='bbox 1575 1221 1755 1274; x_wconf 89' lang='grc' dir='ltr'>πάντα</span> <span class='ocrx_word' id='word_1_73' title='bbox 1788 1234 1977 1286; x_wconf 86' lang='grc' dir='ltr'>προει-</span> 
     </span>
    </p>
   </div>
   <div class='ocr_carea' id='block_1_13' title="bbox 396 1310 1974 1399">
    <p class='ocr_par' dir='ltr' id='par_1_13' title="bbox 396 1310 1974 1399">
     <span class='ocr_line' id='line_1_13' title="bbox 396 1310 1974 1399; baseline -0.013 -16"><span class='ocrx_word' id='word_1_74' title='bbox 396 1329 584 1399; x_wconf 85' lang='grc' dir='ltr'>ληφὼς</span> <span class='ocrx_word' id='word_1_75' title='bbox 608 1330 636 1381; x_wconf 87' lang='grc' dir='ltr'>ὁ</span> <span class='ocrx_word' id='word_1_76' title='bbox 659 1327 864 1394; x_wconf 78' lang='grc' dir='ltr'>πατὴρ,</span> <span class='ocrx_word' id='word_1_77' title='bbox 896 1321 1172 1394; x_wconf 83' lang='grc' dir='ltr'>μηδεμίαν</span> <span class='ocrx_word' id='word_1_78' title='bbox 1189 1317 1337 1387; x_wconf 82' lang='grc' dir='ltr'>αύτῷ</span> <span class='ocrx_word' id='word_1_79' title='bbox 1368 1313 1673 1385; x_wconf 77' lang='grc' dir='ltr'>καταλείψῃ</span> <span class='ocrx_word' id='word_1_80' title='bbox 1694 1310 1974 1382; x_wconf 80' lang='grc' dir='ltr'><strong>τροπαίων</strong></span> 
     </span>
    </p>
   </div>
   <div class='ocr_carea' id='block_1_14' title="bbox 398 1397 1975 1493">
    <p class='ocr_par' dir='ltr' id='par_1_14' title="bbox 398 1397 1975 1493">
     <span class='ocr_line' id='line_1_14' title="bbox 398 1397 1975 1493; baseline -0.015 -18"><span class='ocrx_word' id='word_1_81' title='bbox 398 1397 693 1493; x_wconf 79' lang='grc' dir='ltr'>πρόφασιν.</span> <span class='ocrx_word' id='word_1_82' title='bbox 733 1418 844 1471; x_wconf 72' lang='grc' dir='ltr'>Καὶ</span> <span class='ocrx_word' id='word_1_83' title='bbox 871 1412 1063 1467; x_wconf 74' lang='grc' dir='ltr'>σιωπῶ</span> <span class='ocrx_word' id='word_1_84' title='bbox 1092 1410 1162 1465; x_wconf 83' lang='grc' dir='ltr'>τὰ</span> <span class='ocrx_word' id='word_1_85' title='bbox 1191 1410 1419 1464; x_wconf 82' lang='grc' dir='ltr'>πλεῖστα</span> <span class='ocrx_word' id='word_1_86' title='bbox 1442 1424 1454 1436; x_wconf 83' lang='grc'><em>’</em></span> <span class='ocrx_word' id='word_1_87' title='bbox 1486 1406 1561 1477; x_wconf 66' lang='grc' dir='ltr'><strong>ἣν</strong></span> <span class='ocrx_word' id='word_1_88' title='bbox 1591 1403 1647 1456; x_wconf 81' lang='grc' dir='ltr'>δὲ</span> <span class='ocrx_word' id='word_1_89' title='bbox 1687 1400 1780 1456; x_wconf 80' lang='grc' dir='ltr'>νῦν</span> <span class='ocrx_word' id='word_1_90' title='bbox 1814 1397 1975 1462; x_wconf 79' lang='grc' dir='ltr'>αὖθις</span> 
     </span>
    </p>
   </div>
   <div class='ocr_carea' id='block_1_15' title="bbox 396 1494 1977 1585">
    <p class='ocr_par' dir='ltr' id='par_1_15' title="bbox 396 1494 1977 1585">
     <span class='ocr_line' id='line_1_15' title="bbox 396 1494 1977 1585; baseline -0.013 -20"><span class='ocrx_word' id='word_1_91' title='bbox 396 1516 672 1585; x_wconf 86' lang='grc' dir='ltr'>πρόφασιν</span> <span class='ocrx_word' id='word_1_92' title='bbox 705 1507 1039 1579; x_wconf 70' lang='grc' dir='ltr'>προύϐαλες,</span> <span class='ocrx_word' id='word_1_93' title='bbox 1069 1502 1372 1571; x_wconf 79' lang='grc' dir='ltr'>ὲὸουλόμην</span> <span class='ocrx_word' id='word_1_94' title='bbox 1397 1494 1578 1560; x_wconf 76' lang='grc' dir='ltr'>ἄλλοις</span> <span class='ocrx_word' id='word_1_95' title='bbox 1618 1495 1716 1549; x_wconf 81' lang='grc' dir='ltr'>τοῦ</span> <span class='ocrx_word' id='word_1_96' title='bbox 1772 1494 1977 1563; x_wconf 83' lang='grc' dir='ltr'>φιλοτί-</span> 
     </span>
    </p>
   </div>
   <div class='ocr_carea' id='block_1_16' title="bbox 401 1586 1974 1678">
    <p class='ocr_par' dir='ltr' id='par_1_16' title="bbox 401 1586 1974 1678">
     <span class='ocr_line' id='line_1_16' title="bbox 401 1586 1974 1678; baseline -0.015 -16"><span class='ocrx_word' id='word_1_97' title='bbox 401 1624 505 1678; x_wconf 88' lang='grc' dir='ltr'><strong>μου</strong></span> <span class='ocrx_word' id='word_1_98' title='bbox 533 1603 969 1673; x_wconf 79' lang='grc' dir='ltr'><strong>παραχωρήσας,</strong></span> <span class='ocrx_word' id='word_1_99' title='bbox 1010 1596 1173 1660; x_wconf 76' lang='grc' dir='ltr'>αὐτὸς</span> <span class='ocrx_word' id='word_1_100' title='bbox 1198 1595 1339 1648; x_wconf 74' lang='grc' dir='ltr'>ἑκὼν</span> <span class='ocrx_word' id='word_1_101' title='bbox 1372 1590 1628 1661; x_wconf 82' lang='grc' dir='ltr'>γενέσθαι</span> <span class='ocrx_word' id='word_1_102' title='bbox 1646 1587 1740 1641; x_wconf 78' lang='grc' dir='ltr'>τοῦ</span> <span class='ocrx_word' id='word_1_103' title='bbox 1776 1586 1974 1658; x_wconf 80' lang='grc' dir='ltr'>καιροῦ</span> 
     </span>
    </p>
   </div>
   <div class='ocr_carea' id='block_1_17' title="bbox 395 1679 1976 1762">
    <p class='ocr_par' dir='ltr' id='par_1_17' title="bbox 395 1679 1976 1762">
     <span class='ocr_line' id='line_1_17' title="bbox 395 1679 1976 1762; baseline -0.014 -10"><span class='ocrx_word' id='word_1_104' title='bbox 395 1717 455 1753; x_wconf 84' lang='grc' dir='ltr'><strong>τε</strong></span> <span class='ocrx_word' id='word_1_105' title='bbox 488 1697 583 1751; x_wconf 71' lang='grc' dir='ltr'><strong>καὶ</strong></span> <span class='ocrx_word' id='word_1_106' title='bbox 618 1695 717 1762; x_wconf 81' lang='grc' dir='ltr'>τῆς</span> <span class='ocrx_word' id='word_1_107' title='bbox 744 1692 916 1761; x_wconf 81' lang='grc' dir='ltr'>τύχης</span> <span class='ocrx_word' id='word_1_108' title='bbox 942 1690 1042 1759; x_wconf 77' lang='grc' dir='ltr'>τῆς</span> <span class='ocrx_word' id='word_1_109' title='bbox 1078 1688 1219 1758; x_wconf 75' lang='grc' dir='ltr'>ἐμῆς</span> <span class='ocrx_word' id='word_1_110' title='bbox 1275 1685 1564 1756; x_wconf 69' lang='grc' dir='ltr'>προδότης.</span> <span class='ocrx_word' id='word_1_111' title='bbox 1631 1681 1817 1734; x_wconf 74' lang='grc' dir='ltr'>Δεινδν</span> <span class='ocrx_word' id='word_1_112' title='bbox 1865 1679 1976 1749; x_wconf 85' lang='grc' dir='ltr'>γὰρ</span> 
     </span>
    </p>
   </div>
   <div class='ocr_carea' id='block_1_18' title="bbox 396 1771 1975 1861">
    <p class='ocr_par' dir='ltr' id='par_1_18' title="bbox 396 1771 1975 1861">
     <span class='ocr_line' id='line_1_18' title="bbox 396 1771 1975 1861; baseline -0.015 -15"><span class='ocrx_word' id='word_1_113' title='bbox 396 1792 494 1846; x_wconf 75' lang='grc' dir='ltr'>καὶ</span> <span class='ocrx_word' id='word_1_114' title='bbox 522 1788 763 1861; x_wconf 81' lang='grc' dir='ltr'>σχέτλιον</span> <span class='ocrx_word' id='word_1_115' title='bbox 790 1782 933 1839; x_wconf 74' lang='grc' dir='ltr'>εἶναι</span> <span class='ocrx_word' id='word_1_116' title='bbox 967 1784 1066 1852; x_wconf 81' lang='grc' dir='ltr'><strong>μὲν</strong></span> <span class='ocrx_word' id='word_1_117' title='bbox 1094 1781 1201 1834; x_wconf 83' lang='grc' dir='ltr'>τῶν</span> <span class='ocrx_word' id='word_1_118' title='bbox 1242 1778 1304 1831; x_wconf 76' lang='grc' dir='ltr'><strong>ού</strong></span> <span class='ocrx_word' id='word_1_119' title='bbox 1351 1777 1573 1848; x_wconf 81' lang='grc' dir='ltr'><strong>φαύλων</strong></span> <span class='ocrx_word' id='word_1_120' title='bbox 1632 1775 1863 1842; x_wconf 80' lang='grc' dir='ltr'>ἀγώνων</span> <span class='ocrx_word' id='word_1_121' title='bbox 1915 1771 1975 1823; x_wconf 90' lang='grc' dir='ltr'><strong>τὸ</strong></span> 
     </span>
    </p>
   </div>
   <div class='ocr_carea' id='block_1_19' title="bbox 2079 568 3650 643">
    <p class='ocr_par' dir='ltr' id='par_1_19' title="bbox 2079 568 3650 643">
     <span class='ocr_line' id='line_1_19' title="bbox 2079 568 3650 643; baseline -0.003 -19"><span class='ocrx_word' id='word_1_122' title='bbox 2079 574 2214 642; x_wconf 83' lang='grc' dir='ltr'>φέρε</span> <span class='ocrx_word' id='word_1_123' title='bbox 2247 571 2346 643; x_wconf 77' lang='grc' dir='ltr'><strong>τὴν</strong></span> <span class='ocrx_word' id='word_1_124' title='bbox 2389 572 2487 642; x_wconf 82' lang='grc' dir='ltr'>σὴν</span> <span class='ocrx_word' id='word_1_125' title='bbox 2543 571 2619 634; x_wconf 85' lang='grc' dir='ltr'>ὠς</span> <span class='ocrx_word' id='word_1_126' title='bbox 2675 570 2903 640; x_wconf 73' lang='grc' dir='ltr'>ἐφικτὸν</span> <span class='ocrx_word' id='word_1_127' title='bbox 2964 570 3362 640; x_wconf 72' lang='grc' dir='ltr'>ἐκπεράνωμεν</span> <span class='ocrx_word' id='word_1_128' title='bbox 3414 568 3650 638; x_wconf 76' lang='grc' dir='ltr'>αἴτησιν,</span> 
     </span>
    </p>
   </div>
   <div class='ocr_carea' id='block_1_20' title="bbox 2076 658 3657 732">
    <p class='ocr_par' dir='ltr' id='par_1_20' title="bbox 2076 658 3657 732">
     <span class='ocr_line' id='line_1_20' title="bbox 2076 658 3657 732; baseline -0.002 -17"><span class='ocrx_word' id='word_1_129' title='bbox 2076 665 2172 717; x_wconf 76' lang='grc' dir='ltr'><strong>καὶ</strong></span> <span class='ocrx_word' id='word_1_130' title='bbox 2207 663 2298 716; x_wconf 71' lang='grc' dir='ltr'><strong>διὰ</strong></span> <span class='ocrx_word' id='word_1_131' title='bbox 2361 662 2454 716; x_wconf 81' lang='grc' dir='ltr'><strong>σού</strong></span> <span class='ocrx_word' id='word_1_132' title='bbox 2502 662 2602 732; x_wconf 72' lang='grc' dir='ltr'>τὴν</span> <span class='ocrx_word' id='word_1_133' title='bbox 2660 663 2768 714; x_wconf 80' lang='grc' dir='ltr'><strong>τῶν</strong></span> <span class='ocrx_word' id='word_1_134' title='bbox 2827 661 3028 727; x_wconf 72' lang='grc' dir='ltr'>ἄλλων,</span> <span class='ocrx_word' id='word_1_135' title='bbox 3062 658 3144 725; x_wconf 80' lang='grc' dir='ltr'>οἷς</span> <span class='ocrx_word' id='word_1_136' title='bbox 3185 660 3249 732; x_wconf 80' lang='grc' dir='ltr'>δὴ</span> <span class='ocrx_word' id='word_1_137' title='bbox 3299 659 3371 714; x_wconf 79' lang='grc' dir='ltr'>τὰ</span> <span class='ocrx_word' id='word_1_138' title='bbox 3426 660 3657 730; x_wconf 84' lang='grc' dir='ltr'>μέγιστα</span> 
     </span>
    </p>
   </div>
   <div class='ocr_carea' id='block_1_21' title="bbox 2077 753 3653 824">
    <p class='ocr_par' dir='ltr' id='par_1_21' title="bbox 2077 753 3653 824">
     <span class='ocr_line' id='line_1_21' title="bbox 2077 753 3653 824; baseline 0.001 -22"><span class='ocrx_word' id='word_1_139' title='bbox 2077 757 2394 824; x_wconf 72' lang='grc' dir='ltr'>χαριεῖσθαι</span> <span class='ocrx_word' id='word_1_140' title='bbox 2450 755 2686 824; x_wconf 67' lang='grc' dir='ltr'>ὑπισχνῇ</span> <span class='ocrx_word' id='word_1_141' title='bbox 2725 754 2791 807; x_wconf 84' lang='grc' dir='ltr'>δι’</span> <span class='ocrx_word' id='word_1_142' title='bbox 2840 755 2961 816; x_wconf 85' lang='grc' dir='ltr'>ένός</span> <span class='ocrx_word' id='word_1_143' title='bbox 3011 771 3078 824; x_wconf 86' lang='grc' dir='ltr'><strong>γε</strong></span> <span class='ocrx_word' id='word_1_144' title='bbox 3132 753 3225 807; x_wconf 83' lang='grc' dir='ltr'>τοῦ</span> <span class='ocrx_word' id='word_1_145' title='bbox 3279 754 3485 823; x_wconf 79' lang='grc' dir='ltr'>τρόπου</span> <span class='ocrx_word' id='word_1_146' title='bbox 3530 769 3653 803; x_wconf 80' lang='grc' dir='ltr'>του-</span> 
     </span>
    </p>
   </div>
   <div class='ocr_carea' id='block_1_22' title="bbox 2076 845 2217 898">
    <p class='ocr_par' dir='ltr' id='par_1_22' title="bbox 2076 845 2217 898">
     <span class='ocr_line' id='line_1_22' title="bbox 2076 845 2217 898; baseline 0.007 -1"><span class='ocrx_word' id='word_1_147' title='bbox 2076 845 2217 898; x_wconf 81' lang='grc' dir='ltr'>τουτ.</span> 
     </span>
    </p>
   </div>
   <div class='ocr_carea' id='block_1_23' title="bbox 2148 922 3660 1007">
    <p class='ocr_par' dir='ltr' id='par_1_23' title="bbox 2148 922 3660 1007">
     <span class='ocr_line' id='line_1_23' title="bbox 2148 922 3660 1007; baseline 0.001 -20"><span class='ocrx_word' id='word_1_148' title='bbox 2148 922 2359 988; x_wconf 62' lang='grc' dir='ltr'>δΛπασι</span> <span class='ocrx_word' id='word_1_149' title='bbox 2395 937 2497 1006; x_wconf 82' lang='grc' dir='ltr'><strong>μέν</strong></span> <span class='ocrx_word' id='word_1_150' title='bbox 2527 936 2609 989; x_wconf 79' lang='grc' dir='ltr'><strong>τοί</strong></span> <span class='ocrx_word' id='word_1_151' title='bbox 2644 953 2705 1005; x_wconf 80' lang='grc' dir='ltr'><strong>γε</strong></span> <span class='ocrx_word' id='word_1_152' title='bbox 2765 936 3191 1007; x_wconf 77' lang='grc' dir='ltr'>ὡμολογημένον</span> <span class='ocrx_word' id='word_1_153' title='bbox 3249 933 3390 989; x_wconf 83' lang='grc' dir='ltr'>εἶναι</span> <span class='ocrx_word' id='word_1_154' title='bbox 3430 932 3510 997; x_wconf 79' lang='grc' dir='ltr'>οἷς</span> <span class='ocrx_word' id='word_1_155' title='bbox 3560 938 3660 989; x_wconf 75' lang='grc' dir='ltr'><strong>καὶ</strong></span> 
     </span>
    </p>
   </div>
   <div class='ocr_carea' id='block_1_24' title="bbox 2074 1027 3659 1101">
    <p class='ocr_par' dir='ltr' id='par_1_24' title="bbox 2074 1027 3659 1101">
     <span class='ocr_line' id='line_1_24' title="bbox 2074 1027 3659 1101; baseline -0.001 -18"><span class='ocrx_word' id='word_1_156' title='bbox 2074 1027 2326 1083; x_wconf 77' lang='grc' dir='ltr'>ὁπωσοῦν</span> <span class='ocrx_word' id='word_1_157' title='bbox 2361 1028 2457 1082; x_wconf 74' lang='grc' dir='ltr'>νοῦ</span> <span class='ocrx_word' id='word_1_158' title='bbox 2492 1031 2586 1083; x_wconf 74' lang='grc' dir='ltr'><strong>καὶ</strong></span> <span class='ocrx_word' id='word_1_159' title='bbox 2613 1034 2873 1100; x_wconf 80' lang='grc' dir='ltr'>κριτικῆς</span> <span class='ocrx_word' id='word_1_160' title='bbox 2920 1031 3243 1101; x_wconf 68' lang='grc' dir='ltr'>ἐπιστήμης</span> <span class='ocrx_word' id='word_1_161' title='bbox 3303 1030 3547 1100; x_wconf 74' lang='grc' dir='ltr'>μέτεστι,</span> <span class='ocrx_word' id='word_1_162' title='bbox 3581 1031 3659 1098; x_wconf 85' lang='grc' dir='ltr'>μὴ</span> 
     </span>
    </p>
   </div>
   <div class='ocr_carea' id='block_1_25' title="bbox 2076 1118 3658 1194">
    <p class='ocr_par' dir='ltr' id='par_1_25' title="bbox 2076 1118 3658 1194">
     <span class='ocr_line' id='line_1_25' title="bbox 2076 1118 3658 1194; baseline -0.001 -20"><span class='ocrx_word' id='word_1_163' title='bbox 2076 1122 2135 1175; x_wconf 78' lang='grc' dir='ltr'>ἓν</span> <span class='ocrx_word' id='word_1_164' title='bbox 2164 1140 2215 1175; x_wconf 84' lang='grc' dir='ltr'><strong>τι</strong></span> <span class='ocrx_word' id='word_1_165' title='bbox 2248 1123 2441 1193; x_wconf 77' lang='grc' dir='ltr'>σοφίας</span> <span class='ocrx_word' id='word_1_166' title='bbox 2472 1118 2610 1186; x_wconf 80' lang='grc' dir='ltr'>εἶδος</span> <span class='ocrx_word' id='word_1_167' title='bbox 2642 1122 2733 1174; x_wconf 64' lang='grc' dir='ltr'><strong>τὸ)</strong></span> <span class='ocrx_word' id='word_1_168' title='bbox 2766 1122 2941 1194; x_wconf 89' lang='grc' dir='ltr'>μέγαν</span> <span class='ocrx_word' id='word_1_169' title='bbox 2973 1121 3340 1193; x_wconf 76' lang='grc' dir='ltr'>ἐξησκηκέναι</span> <span class='ocrx_word' id='word_1_170' title='bbox 3377 1123 3658 1187; x_wconf 84' lang='grc' dir='ltr'>Συνέσιον,</span> 
     </span>
    </p>
   </div>
   <div class='ocr_carea' id='block_1_26' title="bbox 2076 1211 3662 1287">
    <p class='ocr_par' dir='ltr' id='par_1_26' title="bbox 2076 1211 3662 1287">
     <span class='ocr_line' id='line_1_26' title="bbox 2076 1211 3662 1287; baseline -0.003 -17"><span class='ocrx_word' id='word_1_171' title='bbox 2076 1216 2194 1270; x_wconf 82' lang='grc' dir='ltr'>ἀλλ’</span> <span class='ocrx_word' id='word_1_172' title='bbox 2217 1213 2361 1270; x_wconf 75' lang='grc' dir='ltr'>εἶναι</span> <span class='ocrx_word' id='word_1_173' title='bbox 2397 1215 2567 1285; x_wconf 82' lang='grc' dir='ltr'>μηδὲν</span> <span class='ocrx_word' id='word_1_174' title='bbox 2622 1217 2762 1285; x_wconf 81' lang='grc' dir='ltr'>ὅπερ</span> <span class='ocrx_word' id='word_1_175' title='bbox 2801 1214 2886 1282; x_wconf 85' lang='grc' dir='ltr'><strong>οὒ,</strong></span> <span class='ocrx_word' id='word_1_176' title='bbox 2922 1217 3097 1287; x_wconf 77' lang='grc' dir='ltr'>τούτῳ</span> <span class='ocrx_word' id='word_1_177' title='bbox 3131 1214 3175 1268; x_wconf 84' lang='grc' dir='ltr'>δ’</span> <span class='ocrx_word' id='word_1_178' title='bbox 3214 1211 3353 1268; x_wconf 81' lang='grc' dir='ltr'>εἶναι</span> <span class='ocrx_word' id='word_1_179' title='bbox 3386 1215 3494 1267; x_wconf 79' lang='grc' dir='ltr'><strong>τῶν</strong></span> <span class='ocrx_word' id='word_1_180' title='bbox 3525 1215 3662 1267; x_wconf 84' lang='grc' dir='ltr'>πάν-</span> 
     </span>
    </p>
   </div>
   <div class='ocr_carea' id='block_1_27' title="bbox 2076 1304 3663 1377">
    <p class='ocr_par' dir='ltr' id='par_1_27' title="bbox 2076 1304 3663 1377">
     <span class='ocr_line' id='line_1_27' title="bbox 2076 1304 3663 1377; baseline -0.004 -16"><span class='ocrx_word' id='word_1_181' title='bbox 2076 1326 2185 1361; x_wconf 82' lang='grc' dir='ltr'><strong>των</strong></span> <span class='ocrx_word' id='word_1_182' title='bbox 2215 1308 2403 1362; x_wconf 79' lang='grc' dir='ltr'>οὐδένα</span> <span class='ocrx_word' id='word_1_183' title='bbox 2437 1307 2646 1376; x_wconf 77' lang='grc' dir='ltr'>νομίζω</span> <span class='ocrx_word' id='word_1_184' title='bbox 2668 1308 2761 1360; x_wconf 70' lang='grc' dir='ltr'>τὸν</span> <span class='ocrx_word' id='word_1_185' title='bbox 2791 1306 3150 1377; x_wconf 80' lang='grc' dir='ltr'>ἀντεροῦντα.</span> <span class='ocrx_word' id='word_1_186' title='bbox 3199 1305 3353 1375; x_wconf 83' lang='grc' dir='ltr'><strong>Μηδὲ</strong></span> <span class='ocrx_word' id='word_1_187' title='bbox 3401 1305 3509 1375; x_wconf 78' lang='grc' dir='ltr'>γὰρ</span> <span class='ocrx_word' id='word_1_188' title='bbox 3561 1304 3663 1373; x_wconf 81' lang='grc' dir='ltr'>μό·-</span> 
     </span>
    </p>
   </div>
   <div class='ocr_carea' id='block_1_28' title="bbox 2075 1394 3662 1475">
    <p class='ocr_par' dir='ltr' id='par_1_28' title="bbox 2075 1394 3662 1475">
     <span class='ocr_line' id='line_1_28' title="bbox 2075 1394 3662 1475; baseline -0.004 -21"><span class='ocrx_word' id='word_1_189' title='bbox 2075 1419 2170 1455; x_wconf 89' lang='grc' dir='ltr'><strong>νον</strong></span> <span class='ocrx_word' id='word_1_190' title='bbox 2197 1401 2370 1471; x_wconf 82' lang='grc' dir='ltr'>ὁπόση</span> <span class='ocrx_word' id='word_1_191' title='bbox 2405 1401 2550 1456; x_wconf 87' lang='grc' dir='ltr'>κατὰ</span> <span class='ocrx_word' id='word_1_192' title='bbox 2585 1400 2679 1454; x_wconf 77' lang='grc' dir='ltr'><strong>τὸν</strong></span> <span class='ocrx_word' id='word_1_193' title='bbox 2718 1398 2986 1475; x_wconf 25' lang='grc' dir='ltr'>’Ἕλληνα</span> <span class='ocrx_word' id='word_1_194' title='bbox 3015 1394 3178 1465; x_wconf 83' lang='grc' dir='ltr'>λόγον</span> <span class='ocrx_word' id='word_1_195' title='bbox 3238 1398 3354 1450; x_wconf 75' lang='grc' dir='ltr'>ἐστὶ</span> <span class='ocrx_word' id='word_1_196' title='bbox 3393 1396 3662 1462; x_wconf 78' lang='grc' dir='ltr'>ποικιλία,</span> 
     </span>
    </p>
   </div>
   <div class='ocr_carea' id='block_1_29' title="bbox 2076 1489 3665 1565">
    <p class='ocr_par' dir='ltr' id='par_1_29' title="bbox 2076 1489 3665 1565">
     <span class='ocr_line' id='line_1_29' title="bbox 2076 1489 3665 1565; baseline -0.006 -17"><span class='ocrx_word' id='word_1_197' title='bbox 2076 1495 2258 1564; x_wconf 84' lang='grc' dir='ltr'>πάσης</span> <span class='ocrx_word' id='word_1_198' title='bbox 2290 1497 2346 1557; x_wconf 76' lang='grc' dir='ltr'>ἐς</span> <span class='ocrx_word' id='word_1_199' title='bbox 2377 1492 2552 1565; x_wconf 75' lang='grc' dir='ltr'>ἄκρον</span> <span class='ocrx_word' id='word_1_200' title='bbox 2587 1493 2935 1562; x_wconf 86' lang='grc' dir='ltr'>σπουδαστὴν</span> <span class='ocrx_word' id='word_1_201' title='bbox 2963 1493 3327 1563; x_wconf 74' lang='grc' dir='ltr'>καταστῆναι,</span> <span class='ocrx_word' id='word_1_202' title='bbox 3382 1489 3516 1543; x_wconf 82' lang='grc' dir='ltr'>ἀλλὰ</span> <span class='ocrx_word' id='word_1_203' title='bbox 3563 1490 3665 1543; x_wconf 70' lang='grc' dir='ltr'><strong>καὶ</strong></span> 
     </span>
    </p>
   </div>
   <div class='ocr_carea' id='block_1_30' title="bbox 2076 1582 3664 1655">
    <p class='ocr_par' dir='ltr' id='par_1_30' title="bbox 2076 1582 3664 1655">
     <span class='ocr_line' id='line_1_30' title="bbox 2076 1582 3664 1655; baseline -0.004 -16"><span class='ocrx_word' id='word_1_204' title='bbox 2076 1588 2186 1641; x_wconf 83' lang='grc' dir='ltr'>τῶν</span> <span class='ocrx_word' id='word_1_205' title='bbox 2216 1586 2539 1641; x_wconf 84' lang='grc' dir='ltr'>Χαλδαϊκῶν</span> <span class='ocrx_word' id='word_1_206' title='bbox 2571 1585 2847 1653; x_wconf 84' lang='grc' dir='ltr'>θιασώτην</span> <span class='ocrx_word' id='word_1_207' title='bbox 2877 1586 3136 1640; x_wconf 83' lang='grc' dir='ltr'>ἁπάντων</span> <span class='ocrx_word' id='word_1_208' title='bbox 3161 1583 3365 1655; x_wconf 82' lang='grc' dir='ltr'>ὀργίων</span> <span class='ocrx_word' id='word_1_209' title='bbox 3389 1599 3403 1615; x_wconf 79' lang='grc' dir='ltr'><strong>ο</strong></span> <span class='ocrx_word' id='word_1_210' title='bbox 3429 1583 3524 1634; x_wconf 76' lang='grc' dir='ltr'><strong>καὶ</strong></span> <span class='ocrx_word' id='word_1_211' title='bbox 3555 1582 3664 1634; x_wconf 78' lang='grc' dir='ltr'>ὅσα</span> 
     </span>
    </p>
   </div>
   <div class='ocr_carea' id='block_1_31' title="bbox 2076 1675 3664 1749">
    <p class='ocr_par' dir='ltr' id='par_1_31' title="bbox 2076 1675 3664 1749">
     <span class='ocr_line' id='line_1_31' title="bbox 2076 1675 3664 1749; baseline -0.003 -18"><span class='ocrx_word' id='word_1_212' title='bbox 2076 1676 2122 1731; x_wconf 72' lang='grc' dir='ltr'>δ’</span> <span class='ocrx_word' id='word_1_213' title='bbox 2147 1675 2213 1732; x_wconf 77' lang='grc' dir='ltr'><strong>αὖ</strong></span> <span class='ocrx_word' id='word_1_214' title='bbox 2251 1678 2752 1749; x_wconf 80' lang='grc' dir='ltr'>ἱερογραμματέων</span> <span class='ocrx_word' id='word_1_215' title='bbox 2782 1678 2893 1731; x_wconf 84' lang='grc' dir='ltr'>τῶν</span> <span class='ocrx_word' id='word_1_216' title='bbox 2924 1678 3095 1731; x_wconf 81' lang='grc' dir='ltr'>πάλαι</span> <span class='ocrx_word' id='word_1_217' title='bbox 3139 1678 3271 1748; x_wconf 84' lang='grc' dir='ltr'>παρ’</span> <span class='ocrx_word' id='word_1_218' title='bbox 3334 1675 3664 1739; x_wconf 75' lang='grc' dir='ltr'>Αἰγυπτίοις</span> 
     </span>
    </p>
   </div>
   <div class='ocr_carea' id='block_1_32' title="bbox 2079 1769 3664 1841">
    <p class='ocr_par' dir='ltr' id='par_1_32' title="bbox 2079 1769 3664 1841">
     <span class='ocr_line' id='line_1_32' title="bbox 2079 1769 3664 1841; baseline -0.003 -17"><span class='ocrx_word' id='word_1_219' title='bbox 2079 1770 2593 1841; x_wconf 84' lang='grc' dir='ltr'>θαυμαστωθέντων</span> <span class='ocrx_word' id='word_1_220' title='bbox 2634 1771 2812 1840; x_wconf 78' lang='grc' dir='ltr'>βίϐλοι</span> <span class='ocrx_word' id='word_1_221' title='bbox 2845 1773 2951 1825; x_wconf 65' lang='grc' dir='ltr'>καὶ</span> <span class='ocrx_word' id='word_1_222' title='bbox 2976 1771 3245 1841; x_wconf 65' lang='grc' dir='ltr'>μυστικά).</span> <span class='ocrx_word' id='word_1_223' title='bbox 3291 1769 3510 1821; x_wconf 83' lang='grc' dir='ltr'>τελεταὶ</span> <span class='ocrx_word' id='word_1_224' title='bbox 3545 1770 3664 1828; x_wconf 71' lang='grc' dir='ltr'>τοῖς</span> 
     </span>
    </p>
   </div>
   <div class='ocr_carea' id='block_1_33' title="bbox 398 1850 3659 1955">
    <p class='ocr_par' dir='ltr' id='par_1_33' title="bbox 398 1850 3659 1955">
     <span class='ocr_line' id='line_1_33' title="bbox 398 1850 3659 1955; baseline -0.008 -16"><span class='ocrx_word' id='word_1_225' title='bbox 398 1850 587 1955; x_wconf 63' lang='grc' dir='ltr'>ἔργον,</span> <span class='ocrx_word' id='word_1_226' title='bbox 605 1882 680 1945; x_wconf 84' lang='grc' dir='ltr'><strong>ὡς</strong></span> <span class='ocrx_word' id='word_1_227' title='bbox 712 1878 777 1933; x_wconf 92' lang='grc' dir='ltr'><strong>σύ</strong></span> <span class='ocrx_word' id='word_1_228' title='bbox 808 1896 869 1932; x_wconf 89' lang='grc' dir='ltr'><strong>τε</strong></span> <span class='ocrx_word' id='word_1_229' title='bbox 906 1850 1084 1941; x_wconf 73' lang='grc' dir='ltr'>οἶσθα,</span> <span class='ocrx_word' id='word_1_230' title='bbox 1123 1873 1219 1926; x_wconf 66' lang='grc' dir='ltr'>καὶ</span> <span class='ocrx_word' id='word_1_231' title='bbox 1240 1864 1320 1934; x_wconf 73' lang='grc' dir='ltr'>οἷς</span> <span class='ocrx_word' id='word_1_232' title='bbox 1359 1870 1423 1923; x_wconf 89' lang='grc' dir='ltr'><strong>σύ</strong></span> <span class='ocrx_word' id='word_1_233' title='bbox 1457 1887 1521 1939; x_wconf 84' lang='grc' dir='ltr'><strong>γε</strong></span> <span class='ocrx_word' id='word_1_234' title='bbox 1557 1868 1618 1920; x_wconf 87' lang='grc' dir='ltr'><strong>τδ</strong></span> <span class='ocrx_word' id='word_1_235' title='bbox 1642 1864 1885 1919; x_wconf 80' lang='grc' dir='ltr'>τοιοῦτον</span> <span class='ocrx_word' id='word_1_236' title='bbox 1919 1864 1977 1955; x_wconf 57' lang='grc' dir='ltr'>ξς</span> <span class='ocrx_word' id='word_1_237' title='bbox 2008 1882 2052 1937; x_wconf 70' lang='grc' dir='ltr'>Β</span> <span class='ocrx_word' id='word_1_238' title='bbox 2081 1864 2272 1918; x_wconf 81' lang='grc' dir='ltr'>ἔπειτα</span> <span class='ocrx_word' id='word_1_239' title='bbox 2298 1850 2513 1934; x_wconf 73' lang='grc' dir='ltr'>χρόνοις</span> <span class='ocrx_word' id='word_1_240' title='bbox 2546 1862 2879 1934; x_wconf 81' lang='grc' dir='ltr'>παρέδοσαν,</span> <span class='ocrx_word' id='word_1_241' title='bbox 2937 1864 3032 1916; x_wconf 74' lang='grc' dir='ltr'>καὶ</span> <span class='ocrx_word' id='word_1_242' title='bbox 3063 1863 3166 1916; x_wconf 81' lang='grc' dir='ltr'><strong>ὅσα</strong></span> <span class='ocrx_word' id='word_1_243' title='bbox 3225 1862 3447 1931; x_wconf 80' lang='grc' dir='ltr'><strong>Δελφῶν</strong></span> <span class='ocrx_word' id='word_1_244' title='bbox 3507 1860 3659 1928; x_wconf 77' lang='grc' dir='ltr'>ἐδογ-</span> 
     </span>
    </p>
   </div>
   <div class='ocr_carea' id='block_1_34' title="bbox 396 1948 1977 2043">
    <p class='ocr_par' dir='ltr' id='par_1_34' title="bbox 396 1948 1977 2043">
     <span class='ocr_line' id='line_1_34' title="bbox 396 1948 1977 2043; baseline -0.017 -11"><span class='ocrx_word' id='word_1_245' title='bbox 396 1948 577 2032; x_wconf 64' lang='grc' dir='ltr'>κοινδν</span> <span class='ocrx_word' id='word_1_246' title='bbox 609 1970 929 2043; x_wconf 76' lang='grc' dir='ltr'>προύθηκας</span> <span class='ocrx_word' id='word_1_247' title='bbox 977 1964 1287 2033; x_wconf 83' lang='grc' dir='ltr'>ὲλλογίμοις</span> <span class='ocrx_word' id='word_1_248' title='bbox 1317 1961 1576 2030; x_wconf 78' lang='grc' dir='ltr'>ἀνδράσιν</span> <span class='ocrx_word' id='word_1_249' title='bbox 1599 1973 1611 1987; x_wconf 88' lang='grc'><strong>·</strong></span> <span class='ocrx_word' id='word_1_250' title='bbox 1664 1956 1857 2009; x_wconf 73' lang='grc' dir='ltr'>ἔπειτα</span> <span class='ocrx_word' id='word_1_251' title='bbox 1894 1948 1977 2016; x_wconf 72' lang='grc' dir='ltr'>οἷς</span> 
     </span>
    </p>
   </div>
   <div class='ocr_carea' id='block_1_35' title="bbox 394 2050 1979 2138">
    <p class='ocr_par' dir='ltr' id='par_1_35' title="bbox 394 2050 1979 2138">
     <span class='ocr_line' id='line_1_35' title="bbox 394 2050 1979 2138; baseline -0.017 -14"><span class='ocrx_word' id='word_1_252' title='bbox 394 2069 566 2138; x_wconf 75' lang='grc' dir='ltr'>τῦφος</span> <span class='ocrx_word' id='word_1_253' title='bbox 596 2066 693 2121; x_wconf 73' lang='grc' dir='ltr'><strong>καὶ</strong></span> <span class='ocrx_word' id='word_1_254' title='bbox 721 2059 1003 2133; x_wconf 81' lang='grc' dir='ltr'>λογισμῶν</span> <span class='ocrx_word' id='word_1_255' title='bbox 1048 2055 1293 2126; x_wconf 85' lang='grc' dir='ltr'>ἀκοσμία</span> <span class='ocrx_word' id='word_1_256' title='bbox 1325 2053 1425 2105; x_wconf 82' lang='grc' dir='ltr'><strong>οὐκ</strong></span> <span class='ocrx_word' id='word_1_257' title='bbox 1465 2051 1521 2113; x_wconf 78' lang='grc' dir='ltr'>ἐς</span> <span class='ocrx_word' id='word_1_258' title='bbox 1552 2050 1746 2119; x_wconf 71' lang='grc' dir='ltr'>καιρὸν</span> <span class='ocrx_word' id='word_1_259' title='bbox 1775 2063 1979 2116; x_wconf 80' lang='grc' dir='ltr'>τυραν-</span> 
     </span>
    </p>
   </div>
   <div class='ocr_carea' id='block_1_36' title="bbox 394 2139 1979 2230">
    <p class='ocr_par' dir='ltr' id='par_1_36' title="bbox 394 2139 1979 2230">
     <span class='ocr_line' id='line_1_36' title="bbox 394 2139 1979 2230; baseline -0.018 -14"><span class='ocrx_word' id='word_1_260' title='bbox 394 2164 479 2216; x_wconf 75' lang='grc' dir='ltr'><strong>νεῖ</strong></span> <span class='ocrx_word' id='word_1_261' title='bbox 514 2160 611 2230; x_wconf 81' lang='grc' dir='ltr'>τὴν</span> <span class='ocrx_word' id='word_1_262' title='bbox 636 2157 903 2219; x_wconf 83' lang='grc' dir='ltr'>διάνοιαν,</span> <span class='ocrx_word' id='word_1_263' title='bbox 942 2153 1074 2221; x_wconf 85' lang='grc' dir='ltr'>ὅλην</span> <span class='ocrx_word' id='word_1_264' title='bbox 1101 2166 1164 2216; x_wconf 86' lang='grc' dir='ltr'><strong>γε</strong></span> <span class='ocrx_word' id='word_1_265' title='bbox 1208 2145 1315 2217; x_wconf 75' lang='grc' dir='ltr'>μὴν</span> <span class='ocrx_word' id='word_1_266' title='bbox 1362 2145 1462 2214; x_wconf 86' lang='grc' dir='ltr'>τὴν</span> <span class='ocrx_word' id='word_1_267' title='bbox 1501 2141 1696 2211; x_wconf 83' lang='grc' dir='ltr'>σοφίαν</span> <span class='ocrx_word' id='word_1_268' title='bbox 1727 2139 1822 2191; x_wconf 79' lang='grc' dir='ltr'><strong>ἐπὶ</strong></span> <span class='ocrx_word' id='word_1_269' title='bbox 1878 2139 1979 2207; x_wconf 78' lang='grc' dir='ltr'><strong>τῆς</strong></span> 
     </span>
    </p>
   </div>
   <div class='ocr_carea' id='block_1_37' title="bbox 394 2231 1964 2325">
    <p class='ocr_par' dir='ltr' id='par_1_37' title="bbox 394 2231 1964 2325">
     <span class='ocr_line' id='line_1_37' title="bbox 394 2231 1964 2325; baseline -0.017 -15"><span class='ocrx_word' id='word_1_270' title='bbox 394 2254 599 2325; x_wconf 75' lang='grc' dir='ltr'>ὀφρύος</span> <span class='ocrx_word' id='word_1_271' title='bbox 627 2251 813 2320; x_wconf 79' lang='grc' dir='ltr'>έχουσι</span> <span class='ocrx_word' id='word_1_272' title='bbox 842 2243 1185 2313; x_wconf 62' lang='grc' dir='ltr'>καθημένην,</span> <span class='ocrx_word' id='word_1_273' title='bbox 1218 2238 1313 2292; x_wconf 82' lang='grc' dir='ltr'>καὶ</span> <span class='ocrx_word' id='word_1_274' title='bbox 1354 2235 1534 2290; x_wconf 77' lang='grc' dir='ltr'>πάντα</span> <span class='ocrx_word' id='word_1_275' title='bbox 1577 2232 1739 2306; x_wconf 78' lang='grc' dir='ltr'>ρᾴδιά</span> <span class='ocrx_word' id='word_1_276' title='bbox 1770 2248 1830 2284; x_wconf 87' lang='grc' dir='ltr'><strong>τε</strong></span> <span class='ocrx_word' id='word_1_277' title='bbox 1867 2231 1964 2284; x_wconf 77' lang='grc' dir='ltr'>καὶ</span> 
     </span>
    </p>
   </div>
   <div class='ocr_carea' id='block_1_38' title="bbox 398 2320 1973 2416">
    <p class='ocr_par' dir='ltr' id='par_1_38' title="bbox 398 2320 1973 2416">
     <span class='ocr_line' id='line_1_38' title="bbox 398 2320 1973 2416; baseline -0.02 -14"><span class='ocrx_word' id='word_1_278' title='bbox 398 2320 581 2416; x_wconf 72' lang='grc' dir='ltr'>κούφα</span> <span class='ocrx_word' id='word_1_279' title='bbox 628 2344 752 2405; x_wconf 84' lang='grc' dir='ltr'>ταῖς</span> <span class='ocrx_word' id='word_1_280' title='bbox 796 2338 907 2393; x_wconf 81' lang='grc' dir='ltr'>ἀπὸ</span> <span class='ocrx_word' id='word_1_281' title='bbox 951 2335 1203 2405; x_wconf 86' lang='grc' dir='ltr'>γλώττης</span> <span class='ocrx_word' id='word_1_282' title='bbox 1257 2324 1615 2395; x_wconf 70' lang='grc' dir='ltr'>ἐπαγγελίαις</span> <span class='ocrx_word' id='word_1_283' title='bbox 1668 2320 1973 2381; x_wconf 80' lang='grc' dir='ltr'>ποιοῦνται,</span> 
     </span>
    </p>
   </div>
   <div class='ocr_carea' id='block_1_39' title="bbox 392 2416 1980 2503">
    <p class='ocr_par' dir='ltr' id='par_1_39' title="bbox 392 2416 1980 2503">
     <span class='ocr_line' id='line_1_39' title="bbox 392 2416 1980 2503; baseline -0.02 -10"><span class='ocrx_word' id='word_1_284' title='bbox 392 2439 455 2495; x_wconf 75' lang='grc' dir='ltr'>ἓν</span> <span class='ocrx_word' id='word_1_285' title='bbox 476 2455 529 2493; x_wconf 86' lang='grc' dir='ltr'><strong>τι</strong></span> <span class='ocrx_word' id='word_1_286' title='bbox 548 2435 661 2488; x_wconf 78' lang='grc' dir='ltr'><strong>τῶν</strong></span> <span class='ocrx_word' id='word_1_287' title='bbox 681 2430 1041 2503; x_wconf 81' lang='grc' dir='ltr'>φαυλοτάτων</span> <span class='ocrx_word' id='word_1_288' title='bbox 1070 2418 1541 2493; x_wconf 81' lang='grc' dir='ltr'>διαθρυλλεῖσθαι.</span> <span class='ocrx_word' id='word_1_289' title='bbox 1584 2417 1779 2485; x_wconf 83' lang='grc' dir='ltr'>Ὅμως</span> <span class='ocrx_word' id='word_1_290' title='bbox 1824 2416 1980 2466; x_wconf 71' lang='grc' dir='ltr'>ἒπει-</span> 
     </span>
    </p>
   </div>
   <div class='ocr_carea' id='block_1_40' title="bbox 396 2508 1982 2601">
    <p class='ocr_par' dir='ltr' id='par_1_40' title="bbox 396 2508 1982 2601">
     <span class='ocr_line' id='line_1_40' title="bbox 396 2508 1982 2601; baseline -0.018 -17"><span class='ocrx_word' id='word_1_291' title='bbox 396 2532 575 2601; x_wconf 81' lang='grc' dir='ltr'>δήπερ</span> <span class='ocrx_word' id='word_1_292' title='bbox 604 2528 639 2596; x_wconf 76' lang='grc' dir='ltr'><strong>ἡ</strong></span> <span class='ocrx_word' id='word_1_293' title='bbox 680 2523 890 2596; x_wconf 81' lang='grc' dir='ltr'>μεγάλη</span> <span class='ocrx_word' id='word_1_294' title='bbox 934 2532 1029 2571; x_wconf 89' lang='grc' dir='ltr'><strong>σου</strong></span> <span class='ocrx_word' id='word_1_295' title='bbox 1062 2514 1283 2585; x_wconf 85' lang='grc' dir='ltr'>γλῶττα</span> <span class='ocrx_word' id='word_1_296' title='bbox 1319 2511 1416 2566; x_wconf 81' lang='grc' dir='ltr'>καὶ</span> <span class='ocrx_word' id='word_1_297' title='bbox 1469 2508 1813 2578; x_wconf 74' lang='grc' dir='ltr'>πανταχόθεν</span> <span class='ocrx_word' id='word_1_298' title='bbox 1852 2522 1982 2573; x_wconf 85' lang='grc' dir='ltr'>συγ-</span> 
     </span>
    </p>
   </div>
   <div class='ocr_carea' id='block_1_41' title="bbox 398 2597 1981 2693">
    <p class='ocr_par' dir='ltr' id='par_1_41' title="bbox 398 2597 1981 2693">
     <span class='ocr_line' id='line_1_41' title="bbox 398 2597 1981 2693; baseline -0.019 -16"><span class='ocrx_word' id='word_1_299' title='bbox 398 2597 722 2693; x_wconf 76' lang='grc' dir='ltr'>κεχωρηκὸς</span> <span class='ocrx_word' id='word_1_300' title='bbox 750 2611 1114 2685; x_wconf 76' lang='grc' dir='ltr'>καρπουμένη</span> <span class='ocrx_word' id='word_1_301' title='bbox 1148 2607 1283 2677; x_wconf 78' lang='grc' dir='ltr'>πρὸς</span> <span class='ocrx_word' id='word_1_302' title='bbox 1314 2603 1376 2658; x_wconf 79' lang='grc' dir='ltr'>τὸ</span> <span class='ocrx_word' id='word_1_303' title='bbox 1423 2603 1601 2672; x_wconf 85' lang='grc' dir='ltr'>νικᾷν,</span> <span class='ocrx_word' id='word_1_304' title='bbox 1639 2600 1704 2652; x_wconf 80' lang='grc' dir='ltr'>εκ</span> <span class='ocrx_word' id='word_1_305' title='bbox 1741 2615 1794 2651; x_wconf 86' lang='grc' dir='ltr'><strong>τε</strong></span> <span class='ocrx_word' id='word_1_306' title='bbox 1832 2597 1981 2666; x_wconf 86' lang='grc' dir='ltr'>φιλο-</span> 
     </span>
    </p>
   </div>
   <div class='ocr_carea' id='block_1_42' title="bbox 400 2689 1959 2784">
    <p class='ocr_par' dir='ltr' id='par_1_42' title="bbox 400 2689 1959 2784">
     <span class='ocr_line' id='line_1_42' title="bbox 400 2689 1959 2784; baseline -0.019 -16"><span class='ocrx_word' id='word_1_307' title='bbox 400 2689 567 2784; x_wconf 74' lang='grc' dir='ltr'>σόφου</span> <span class='ocrx_word' id='word_1_308' title='bbox 596 2689 861 2771; x_wconf 80' lang='grc' dir='ltr'>διανοίας,</span> <span class='ocrx_word' id='word_1_309' title='bbox 896 2703 959 2757; x_wconf 80' lang='grc' dir='ltr'>ἔκ</span> <span class='ocrx_word' id='word_1_310' title='bbox 980 2720 1039 2754; x_wconf 89' lang='grc' dir='ltr'><strong>τε</strong></span> <span class='ocrx_word' id='word_1_311' title='bbox 1070 2696 1291 2760; x_wconf 77' lang='grc' dir='ltr'>πειθοῦς</span> <span class='ocrx_word' id='word_1_312' title='bbox 1315 2698 1613 2767; x_wconf 79' lang='grc' dir='ltr'>ῥητορικῆς</span> <span class='ocrx_word' id='word_1_313' title='bbox 1655 2689 1959 2760; x_wconf 80' lang='grc' dir='ltr'>ὁρμωμένη</span> 
     </span>
    </p>
   </div>
   <div class='ocr_carea' id='block_1_43' title="bbox 399 2782 1975 2871">
    <p class='ocr_par' dir='ltr' id='par_1_43' title="bbox 399 2782 1975 2871">
     <span class='ocr_line' id='line_1_43' title="bbox 399 2782 1975 2871; baseline -0.018 -10"><span class='ocrx_word' id='word_1_314' title='bbox 399 2782 554 2861; x_wconf 25' lang='grc' dir='ltr'>τάντε</span> <span class='ocrx_word' id='word_1_315' title='bbox 585 2801 721 2859; x_wconf 74' lang='grc' dir='ltr'>ἄλλα</span> <span class='ocrx_word' id='word_1_316' title='bbox 743 2797 1016 2871; x_wconf 82' lang='grc' dir='ltr'>προφέρει</span> <span class='ocrx_word' id='word_1_317' title='bbox 1038 2796 1174 2865; x_wconf 79' lang='grc' dir='ltr'>ἡμῖν</span> <span class='ocrx_word' id='word_1_318' title='bbox 1201 2792 1279 2854; x_wconf 79' lang='grc' dir='ltr'>εἰς</span> <span class='ocrx_word' id='word_1_319' title='bbox 1311 2787 1507 2853; x_wconf 85' lang='grc' dir='ltr'>πειθὼ,</span> <span class='ocrx_word' id='word_1_320' title='bbox 1541 2786 1637 2839; x_wconf 76' lang='grc' dir='ltr'><strong>και</strong></span> <span class='ocrx_word' id='word_1_321' title='bbox 1663 2785 1746 2837; x_wconf 75' lang='grc' dir='ltr'><strong>ὅτι</strong></span> <span class='ocrx_word' id='word_1_322' title='bbox 1773 2782 1975 2849; x_wconf 63' lang='grc' dir='ltr'>στομάς</span> 
     </span>
    </p>
   </div>
   <div class='ocr_carea' id='block_1_44' title="bbox 397 2947 1978 3037">
    <p class='ocr_par' dir='ltr' id='par_1_44' title="bbox 397 2947 1978 3037">
     <span class='ocr_line' id='line_1_44' title="bbox 397 2947 1978 3037; baseline -0.015 -11"><span class='ocrx_word' id='word_1_323' title='bbox 397 2969 586 3026; x_wconf 89' lang='lat' dir='ltr'><strong>nescio</strong></span> <span class='ocrx_word' id='word_1_324' title='bbox 626 2980 738 3037; x_wconf 92' lang='lat' dir='ltr'><strong>quo</strong></span> <span class='ocrx_word' id='word_1_325' title='bbox 766 2961 928 3019; x_wconf 90' lang='lat' dir='ltr'><strong>modo</strong></span> <span class='ocrx_word' id='word_1_326' title='bbox 956 2958 1099 3031; x_wconf 88' lang='lat' dir='ltr'><strong>apud</strong></span> <span class='ocrx_word' id='word_1_327' title='bbox 1138 2972 1238 3012; x_wconf 89' lang='lat' dir='ltr'><strong>nos</strong></span> <span class='ocrx_word' id='word_1_328' title='bbox 1262 2953 1436 3011; x_wconf 69' lang='lat' dir='ltr'><strong>Graeci</strong></span> <span class='ocrx_word' id='word_1_329' title='bbox 1468 2959 1626 3006; x_wconf 58' lang='lat' dir='ltr'><strong>aetate</strong></span> <span class='ocrx_word' id='word_1_330' title='bbox 1657 2964 1722 3003; x_wconf 87' lang='lat' dir='ltr'><strong>ac</strong></span> <span class='ocrx_word' id='word_1_331' title='bbox 1765 2947 1978 3003; x_wconf 85' lang='lat' dir='ltr'><strong>viribus</strong></span> 
     </span>
    </p>
   </div>
   <div class='ocr_carea' id='block_1_45' title="bbox 397 3042 1975 3126">
    <p class='ocr_par' dir='ltr' id='par_1_45' title="bbox 397 3042 1975 3126">
     <span class='ocr_line' id='line_1_45' title="bbox 397 3042 1975 3126; baseline -0.013 -8"><span class='ocrx_word' id='word_1_332' title='bbox 397 3063 621 3124; x_wconf 81' lang='lat' dir='ltr'><strong>ﬂorent,</strong></span> <span class='ocrx_word' id='word_1_333' title='bbox 647 3057 806 3113; x_wconf 82' lang='lat' dir='ltr'><strong>vides</strong></span> <span class='ocrx_word' id='word_1_334' title='bbox 834 3053 1060 3126; x_wconf 82' lang='lat' dir='ltr'><strong>quidem</strong></span> <span class='ocrx_word' id='word_1_335' title='bbox 1079 3064 1293 3109; x_wconf 89' lang='lat' dir='ltr'><strong>omnes,</strong></span> <span class='ocrx_word' id='word_1_336' title='bbox 1322 3058 1585 3101; x_wconf 61' lang='lat' dir='ltr'><strong>caeterum</strong></span> <span class='ocrx_word' id='word_1_337' title='bbox 1617 3042 1936 3112; x_wconf 86' lang='lat' dir='ltr'><strong>aspernaris</strong></span> <span class='ocrx_word' id='word_1_338' title='bbox 1960 3060 1975 3098; x_wconf 90' lang='lat'><strong>:</strong></span> 
     </span>
    </p>
   </div>
   <div class='ocr_carea' id='block_1_46' title="bbox 2087 1954 3665 2028">
    <p class='ocr_par' dir='ltr' id='par_1_46' title="bbox 2087 1954 3665 2028">
     <span class='ocr_line' id='line_1_46' title="bbox 2087 1954 3665 2028; baseline -0.001 -17"><span class='ocrx_word' id='word_1_339' title='bbox 2087 1956 2326 2028; x_wconf 83' lang='grc' dir='ltr'>μάτισαν</span> <span class='ocrx_word' id='word_1_340' title='bbox 2363 1957 2634 2024; x_wconf 86' lang='grc' dir='ltr'>θεολόγοι,</span> <span class='ocrx_word' id='word_1_341' title='bbox 2663 1957 2786 2011; x_wconf 72' lang='grc' dir='ltr'>ούδδ</span> <span class='ocrx_word' id='word_1_342' title='bbox 2810 1957 3019 2009; x_wconf 90' lang='grc' dir='ltr'>τούτων</span> <span class='ocrx_word' id='word_1_343' title='bbox 3047 1954 3335 2019; x_wconf 79' lang='grc' dir='ltr'>ἀτέλεστος</span> <span class='ocrx_word' id='word_1_344' title='bbox 3379 1954 3596 2024; x_wconf 77' lang='grc' dir='ltr'>ἔμεινεν</span> <span class='ocrx_word' id='word_1_345' title='bbox 3632 1958 3665 2009; x_wconf 81' lang='grc' dir='ltr'>ὁ</span> 
     </span>
    </p>
   </div>
   <div class='ocr_carea' id='block_1_47' title="bbox 2085 2045 3667 2118">
    <p class='ocr_par' dir='ltr' id='par_1_47' title="bbox 2085 2045 3667 2118">
     <span class='ocr_line' id='line_1_47' title="bbox 2085 2045 3667 2118; baseline -0.003 -17"><span class='ocrx_word' id='word_1_346' title='bbox 2085 2051 2246 2118; x_wconf 78' lang='grc' dir='ltr'>ἀνήρ.</span> <span class='ocrx_word' id='word_1_347' title='bbox 2286 2047 2451 2102; x_wconf 82' lang='grc' dir='ltr'><strong>Ἀλλά</strong></span> <span class='ocrx_word' id='word_1_348' title='bbox 2480 2048 2651 2102; x_wconf 78' lang='grc' dir='ltr'>ταῦτά</span> <span class='ocrx_word' id='word_1_349' title='bbox 2673 2064 2755 2112; x_wconf 88' lang='grc' dir='ltr'><strong>τε,</strong></span> <span class='ocrx_word' id='word_1_350' title='bbox 2783 2049 2880 2100; x_wconf 75' lang='grc' dir='ltr'><strong>καὶ</strong></span> <span class='ocrx_word' id='word_1_351' title='bbox 2914 2047 3011 2114; x_wconf 80' lang='grc' dir='ltr'><strong>ξύν</strong></span> <span class='ocrx_word' id='word_1_352' title='bbox 3040 2063 3103 2117; x_wconf 86' lang='grc' dir='ltr'><strong>γε</strong></span> <span class='ocrx_word' id='word_1_353' title='bbox 3123 2048 3356 2112; x_wconf 85' lang='grc' dir='ltr'>τούτοις,</span> <span class='ocrx_word' id='word_1_354' title='bbox 3388 2048 3487 2099; x_wconf 84' lang='grc' dir='ltr'><strong>ὅσα</strong></span> <span class='ocrx_word' id='word_1_355' title='bbox 3517 2045 3667 2098; x_wconf 57' lang='lat' dir='ltr'><strong>me.</strong></span> 
     </span>
    </p>
   </div>
   <div class='ocr_carea' id='block_1_48' title="bbox 2084 2137 3665 2211">
    <p class='ocr_par' dir='ltr' id='par_1_48' title="bbox 2084 2137 3665 2211">
     <span class='ocr_line' id='line_1_48' title="bbox 2084 2137 3665 2211; baseline -0.004 -17"><span class='ocrx_word' id='word_1_356' title='bbox 2084 2158 2251 2204; x_wconf 87' lang='grc' dir='ltr'>τωνες</span> <span class='ocrx_word' id='word_1_357' title='bbox 2282 2140 2341 2208; x_wconf 80' lang='grc' dir='ltr'>ἐξ</span> <span class='ocrx_word' id='word_1_358' title='bbox 2385 2139 2651 2211; x_wconf 85' lang='grc' dir='ltr'>Ἀθηνῶν,</span> <span class='ocrx_word' id='word_1_359' title='bbox 2683 2141 2792 2192; x_wconf 77' lang='grc' dir='ltr'>κὰκ</span> <span class='ocrx_word' id='word_1_360' title='bbox 2820 2141 3002 2209; x_wconf 82' lang='grc' dir='ltr'>Σάμου</span> <span class='ocrx_word' id='word_1_361' title='bbox 3042 2138 3359 2210; x_wconf 76' lang='grc' dir='ltr'>Πυθαγόραι</span> <span class='ocrx_word' id='word_1_362' title='bbox 3401 2137 3529 2207; x_wconf 68' lang='grc' dir='ltr'>παρ’</span> <span class='ocrx_word' id='word_1_363' title='bbox 3567 2137 3665 2188; x_wconf 72' lang='grc' dir='ltr'><strong>Δ·-</strong></span> 
     </span>
    </p>
   </div>
   <div class='ocr_carea' id='block_1_49' title="bbox 2085 2223 3666 2303">
    <p class='ocr_par' dir='ltr' id='par_1_49' title="bbox 2085 2223 3666 2303">
     <span class='ocr_line' id='line_1_49' title="bbox 2085 2223 3666 2303; baseline -0.004 -17"><span class='ocrx_word' id='word_1_364' title='bbox 2085 2233 2345 2303; x_wconf 85' lang='grc' dir='ltr'>γυπτίους</span> <span class='ocrx_word' id='word_1_365' title='bbox 2381 2234 2741 2302; x_wconf 81' lang='grc' dir='ltr'>φοιτήσαντες</span> <span class='ocrx_word' id='word_1_366' title='bbox 2769 2230 2997 2297; x_wconf 77' lang='grc' dir='ltr'>ὤναντο,</span> <span class='ocrx_word' id='word_1_367' title='bbox 3043 2232 3137 2285; x_wconf 74' lang='grc' dir='ltr'>καὶ</span> <span class='ocrx_word' id='word_1_368' title='bbox 3178 2223 3335 2293; x_wconf 69' lang='grc' dir='ltr'>οὗτος</span> <span class='ocrx_word' id='word_1_369' title='bbox 3386 2230 3527 2299; x_wconf 80' lang='grc' dir='ltr'>ἀνὴρ</span> <span class='ocrx_word' id='word_1_370' title='bbox 3566 2229 3666 2279; x_wconf 68' lang='lat'><strong>5-3-</strong></span> 
     </span>
    </p>
   </div>
   <div class='ocr_carea' id='block_1_50' title="bbox 2089 2319 3660 2396">
    <p class='ocr_par' dir='ltr' id='par_1_50' title="bbox 2089 2319 3660 2396">
     <span class='ocr_line' id='line_1_50' title="bbox 2089 2319 3660 2396; baseline -0.003 -19"><span class='ocrx_word' id='word_1_371' title='bbox 2089 2323 2318 2396; x_wconf 80' lang='grc' dir='ltr'>ρώστως</span> <span class='ocrx_word' id='word_1_372' title='bbox 2343 2325 2475 2396; x_wconf 72' lang='grc' dir='ltr'>περὶ</span> <span class='ocrx_word' id='word_1_373' title='bbox 2526 2326 2625 2393; x_wconf 74' lang='grc' dir='ltr'>τὴν</span> <span class='ocrx_word' id='word_1_374' title='bbox 2659 2324 2922 2394; x_wconf 86' lang='grc' dir='ltr'>τοιαύτην</span> <span class='ocrx_word' id='word_1_375' title='bbox 2984 2322 3291 2394; x_wconf 69' lang='grc' dir='ltr'>ἐϐάκχευσε</span> <span class='ocrx_word' id='word_1_376' title='bbox 3328 2319 3614 2391; x_wconf 80' lang='grc' dir='ltr'>τράπεζαν</span> <span class='ocrx_word' id='word_1_377' title='bbox 3642 2335 3660 2351; x_wconf 90' lang='grc'><strong>·</strong></span> 
     </span>
    </p>
   </div>
   <div class='ocr_carea' id='block_1_51' title="bbox 2087 2415 3664 2488">
    <p class='ocr_par' dir='ltr' id='par_1_51' title="bbox 2087 2415 3664 2488">
     <span class='ocr_line' id='line_1_51' title="bbox 2087 2415 3664 2488; baseline -0.002 -19"><span class='ocrx_word' id='word_1_378' title='bbox 2087 2418 2325 2488; x_wconf 73' lang='grc' dir='ltr'>ἐμέλησε</span> <span class='ocrx_word' id='word_1_379' title='bbox 2353 2418 2398 2470; x_wconf 84' lang='grc' dir='ltr'>δ’</span> <span class='ocrx_word' id='word_1_380' title='bbox 2423 2417 2570 2487; x_wconf 77' lang='grc' dir='ltr'><strong>αὒτῷ</strong></span> <span class='ocrx_word' id='word_1_381' title='bbox 2594 2418 2686 2469; x_wconf 69' lang='grc' dir='ltr'><strong>καὶ</strong></span> <span class='ocrx_word' id='word_1_382' title='bbox 2714 2418 2814 2470; x_wconf 87' lang='grc' dir='ltr'><strong>ὅσα</strong></span> <span class='ocrx_word' id='word_1_383' title='bbox 2849 2418 3067 2487; x_wconf 77' lang='grc' dir='ltr'>γοήτων</span> <span class='ocrx_word' id='word_1_384' title='bbox 3091 2416 3186 2469; x_wconf 83' lang='grc' dir='ltr'>καὶ</span> <span class='ocrx_word' id='word_1_385' title='bbox 3240 2415 3431 2485; x_wconf 83' lang='grc' dir='ltr'>μάγων</span> <span class='ocrx_word' id='word_1_386' title='bbox 3473 2415 3664 2482; x_wconf 72' lang='grc' dir='ltr'>ἐπιτη-</span> 
     </span>
    </p>
   </div>
   <div class='ocr_carea' id='block_1_52' title="bbox 2085 2504 3665 2579">
    <p class='ocr_par' dir='ltr' id='par_1_52' title="bbox 2085 2504 3665 2579">
     <span class='ocr_line' id='line_1_52' title="bbox 2085 2504 3665 2579; baseline -0.003 -18"><span class='ocrx_word' id='word_1_387' title='bbox 2085 2507 2334 2562; x_wconf 89' lang='grc' dir='ltr'>δεύουσιν</span> <span class='ocrx_word' id='word_1_388' title='bbox 2363 2510 2577 2578; x_wconf 76' lang='grc' dir='ltr'>τῦγγες,</span> <span class='ocrx_word' id='word_1_389' title='bbox 2609 2507 2966 2579; x_wconf 73' lang='grc' dir='ltr'>ἐπιτηδεῦσαι</span> <span class='ocrx_word' id='word_1_390' title='bbox 3014 2508 3116 2579; x_wconf 75' lang='grc' dir='ltr'>μὲν</span> <span class='ocrx_word' id='word_1_391' title='bbox 3150 2504 3303 2559; x_wconf 72' lang='grc' dir='ltr'>οὔπω</span> <span class='ocrx_word' id='word_1_392' title='bbox 3340 2504 3514 2560; x_wconf 78' lang='grc' dir='ltr'>ταῦτα</span> <span class='ocrx_word' id='word_1_393' title='bbox 3535 2519 3549 2534; x_wconf 78' lang='grc'><strong><em>⁸</em></strong></span> <span class='ocrx_word' id='word_1_394' title='bbox 3598 2508 3665 2557; x_wconf 85' lang='grc' dir='ltr'>τὸ</span> 
     </span>
    </p>
   </div>
   <div class='ocr_carea' id='block_1_53' title="bbox 2080 2596 3663 2672">
    <p class='ocr_par' dir='ltr' id='par_1_53' title="bbox 2080 2596 3663 2672">
     <span class='ocr_line' id='line_1_53' title="bbox 2080 2596 3663 2672; baseline -0.004 -19"><span class='ocrx_word' id='word_1_395' title='bbox 2080 2599 2140 2653; x_wconf 76' lang='grc' dir='ltr'>δὲ</span> <span class='ocrx_word' id='word_1_396' title='bbox 2174 2600 2303 2664; x_wconf 77' lang='grc' dir='ltr'>τοὺς</span> <span class='ocrx_word' id='word_1_397' title='bbox 2362 2600 2573 2654; x_wconf 88' lang='grc' dir='ltr'>τούτων</span> <span class='ocrx_word' id='word_1_398' title='bbox 2622 2601 2680 2654; x_wconf 80' lang='grc' dir='ltr'>ὲν</span> <span class='ocrx_word' id='word_1_399' title='bbox 2737 2602 3074 2672; x_wconf 81' lang='grc' dir='ltr'>ἀπορῤήτοις</span> <span class='ocrx_word' id='word_1_400' title='bbox 3129 2598 3423 2667; x_wconf 86' lang='grc' dir='ltr'>κειμένους</span> <span class='ocrx_word' id='word_1_401' title='bbox 3468 2596 3663 2664; x_wconf 78' lang='grc' dir='ltr'>λόγους</span> 
     </span>
    </p>
   </div>
   <div class='ocr_carea' id='block_1_54' title="bbox 2083 2690 3664 2763">
    <p class='ocr_par' dir='ltr' id='par_1_54' title="bbox 2083 2690 3664 2763">
     <span class='ocr_line' id='line_1_54' title="bbox 2083 2690 3664 2763; baseline -0.003 -16"><span class='ocrx_word' id='word_1_402' title='bbox 2083 2694 2276 2763; x_wconf 77' lang='grc' dir='ltr'>ἄκροις</span> <span class='ocrx_word' id='word_1_403' title='bbox 2304 2692 2439 2746; x_wconf 74' lang='grc' dir='ltr'>ὠσὶν</span> <span class='ocrx_word' id='word_1_404' title='bbox 2475 2691 2748 2760; x_wconf 78' lang='grc' dir='ltr'>ἐπελθεῖν,</span> <span class='ocrx_word' id='word_1_405' title='bbox 2809 2692 2969 2746; x_wconf 80' lang='grc' dir='ltr'>τοῦτο</span> <span class='ocrx_word' id='word_1_406' title='bbox 2998 2693 3056 2746; x_wconf 80' lang='grc' dir='ltr'>δὲ</span> <span class='ocrx_word' id='word_1_407' title='bbox 3092 2692 3189 2745; x_wconf 77' lang='grc' dir='ltr'><strong>καὶ</strong></span> <span class='ocrx_word' id='word_1_408' title='bbox 3226 2691 3487 2762; x_wconf 83' lang='grc' dir='ltr'>μάλιστα.</span> <span class='ocrx_word' id='word_1_409' title='bbox 3524 2690 3664 2743; x_wconf 81' lang='grc' dir='ltr'><strong>Οὐδὲ</strong></span> 
     </span>
    </p>
   </div>
   <div class='ocr_carea' id='block_1_55' title="bbox 2082 2783 3665 2856">
    <p class='ocr_par' dir='ltr' id='par_1_55' title="bbox 2082 2783 3665 2856">
     <span class='ocr_line' id='line_1_55' title="bbox 2082 2783 3665 2856; baseline -0.002 -18"><span class='ocrx_word' id='word_1_410' title='bbox 2082 2786 2193 2854; x_wconf 78' lang='grc' dir='ltr'><strong>γὰρ</strong></span> <span class='ocrx_word' id='word_1_411' title='bbox 2218 2784 2379 2856; x_wconf 83' lang='grc' dir='ltr'>θέμις</span> <span class='ocrx_word' id='word_1_412' title='bbox 2401 2784 2559 2856; x_wconf 84' lang='grc' dir='ltr'>ἀνδρί</span> <span class='ocrx_word' id='word_1_413' title='bbox 2592 2803 2654 2855; x_wconf 85' lang='grc' dir='ltr'><strong>γε</strong></span> <span class='ocrx_word' id='word_1_414' title='bbox 2687 2783 2839 2856; x_wconf 81' lang='grc' dir='ltr'>σοφῷ</span> <span class='ocrx_word' id='word_1_415' title='bbox 2874 2786 2967 2840; x_wconf 70' lang='grc' dir='ltr'><strong>καὶ</strong></span> <span class='ocrx_word' id='word_1_416' title='bbox 2999 2785 3289 2855; x_wconf 80' lang='grc' dir='ltr'>φιλομαθεῖ</span> <span class='ocrx_word' id='word_1_417' title='bbox 3319 2786 3399 2847; x_wconf 80' lang='grc' dir='ltr'><strong>είς</strong></span> <span class='ocrx_word' id='word_1_418' title='bbox 3421 2783 3482 2835; x_wconf 81' lang='grc' dir='ltr'><strong>τὸ</strong></span> <span class='ocrx_word' id='word_1_419' title='bbox 3518 2799 3665 2851; x_wconf 81' lang='grc' dir='ltr'>παγ-</span> 
     </span>
    </p>
   </div>
   <div class='ocr_carea' id='block_1_56' title="bbox 2087 2946 3663 3023">
    <p class='ocr_par' dir='ltr' id='par_1_56' title="bbox 2087 2946 3663 3023">
     <span class='ocr_line' id='line_1_56' title="bbox 2087 2946 3663 3023; baseline -0.003 -19"><span class='ocrx_word' id='word_1_420' title='bbox 2087 2952 2311 3022; x_wconf 89' lang='lat' dir='ltr'><strong>quidem</strong></span> <span class='ocrx_word' id='word_1_421' title='bbox 2343 2950 2627 3023; x_wconf 75' lang='lat' dir='ltr'><strong>magniﬁca</strong></span> <span class='ocrx_word' id='word_1_422' title='bbox 2670 2959 2759 3005; x_wconf 88' lang='lat' dir='ltr'><strong>tua</strong></span> <span class='ocrx_word' id='word_1_423' title='bbox 2797 2951 2977 3020; x_wconf 81' lang='lat' dir='ltr'><strong>lingua</strong></span> <span class='ocrx_word' id='word_1_424' title='bbox 3002 2957 3062 3004; x_wconf 89' lang='lat' dir='ltr'><strong>et</strong></span> <span class='ocrx_word' id='word_1_425' title='bbox 3117 2947 3266 3002; x_wconf 86' lang='lat' dir='ltr'><strong>omni</strong></span> <span class='ocrx_word' id='word_1_426' title='bbox 3295 2963 3359 3002; x_wconf 80' lang='lat' dir='ltr'><strong>ex</strong></span> <span class='ocrx_word' id='word_1_427' title='bbox 3418 2955 3568 3016; x_wconf 85' lang='lat' dir='ltr'><strong>parte</strong></span> <span class='ocrx_word' id='word_1_428' title='bbox 3607 2946 3663 2999; x_wconf 91' lang='lat' dir='ltr'><strong>id</strong></span> 
     </span>
    </p>
   </div>
   <div class='ocr_carea' id='block_1_57' title="bbox 2086 3038 3666 3114">
    <p class='ocr_par' dir='ltr' id='par_1_57' title="bbox 2086 3038 3666 3114">
     <span class='ocr_line' id='line_1_57' title="bbox 2086 3038 3666 3114; baseline -0.002 -20"><span class='ocrx_word' id='word_1_429' title='bbox 2086 3043 2232 3114; x_wconf 88' lang='lat' dir='ltr'><strong>quod</strong></span> <span class='ocrx_word' id='word_1_430' title='bbox 2262 3043 2315 3096; x_wconf 93' lang='lat' dir='ltr'><strong>in</strong></span> <span class='ocrx_word' id='word_1_431' title='bbox 2341 3042 2597 3098; x_wconf 79' lang='lat' dir='ltr'><strong>confesso</strong></span> <span class='ocrx_word' id='word_1_432' title='bbox 2628 3050 2712 3096; x_wconf 84' lang='lat' dir='ltr'><strong>est</strong></span> <span class='ocrx_word' id='word_1_433' title='bbox 2739 3043 3043 3111; x_wconf 79' lang='lat' dir='ltr'><strong>decerpens</strong></span> <span class='ocrx_word' id='word_1_434' title='bbox 3081 3039 3338 3094; x_wconf 79' lang='lat' dir='ltr'><strong>vincendi</strong></span> <span class='ocrx_word' id='word_1_435' title='bbox 3386 3038 3581 3109; x_wconf 78' lang='lat' dir='ltr'><strong>gratia,</strong></span> <span class='ocrx_word' id='word_1_436' title='bbox 3609 3046 3666 3091; x_wconf 78' lang='lat' dir='ltr'><strong>et</strong></span> 
     </span>
    </p>
   </div>
   <div class='ocr_carea' id='block_1_58' title="bbox 400 3130 3664 3222">
    <p class='ocr_par' dir='ltr' id='par_1_58' title="bbox 400 3130 3664 3222">
     <span class='ocr_line' id='line_1_58' title="bbox 400 3130 3664 3222; baseline -0.009 -10"><span class='ocrx_word' id='word_1_437' title='bbox 400 3156 664 3222; x_wconf 83' lang='lat' dir='ltr'><strong>deinceps</strong></span> <span class='ocrx_word' id='word_1_438' title='bbox 692 3158 747 3204; x_wconf 90' lang='lat' dir='ltr'><strong>tu</strong></span> <span class='ocrx_word' id='word_1_439' title='bbox 774 3147 995 3218; x_wconf 81' lang='lat' dir='ltr'><strong>quidem</strong></span> <span class='ocrx_word' id='word_1_440' title='bbox 1025 3143 1158 3196; x_wconf 90' lang='lat' dir='ltr'><strong>mihi</strong></span> <span class='ocrx_word' id='word_1_441' title='bbox 1198 3139 1301 3193; x_wconf 90' lang='lat' dir='ltr'><strong>soli</strong></span> <span class='ocrx_word' id='word_1_442' title='bbox 1354 3146 1572 3191; x_wconf 85' lang='lat' dir='ltr'><strong>tuarum</strong></span> <span class='ocrx_word' id='word_1_443' title='bbox 1620 3138 1687 3188; x_wconf 82' lang='lat' dir='ltr'><strong>ad</strong></span> <span class='ocrx_word' id='word_1_444' title='bbox 1754 3132 1984 3187; x_wconf 79' lang='lat' dir='ltr'><strong>rationis</strong></span> <span class='ocrx_word' id='word_1_445' title='bbox 2010 3153 2051 3210; x_wconf 74' lang='grc' dir='ltr'>ο</span> <span class='ocrx_word' id='word_1_446' title='bbox 2085 3149 2117 3190; x_wconf 89' lang='lat' dir='ltr'><strong>e</strong></span> <span class='ocrx_word' id='word_1_447' title='bbox 2144 3143 2325 3189; x_wconf 91' lang='lat' dir='ltr'><strong>mente</strong></span> <span class='ocrx_word' id='word_1_448' title='bbox 2356 3134 2639 3204; x_wconf 76' lang='lat' dir='ltr'><strong>sapientize</strong></span> <span class='ocrx_word' id='word_1_449' title='bbox 2686 3133 2955 3198; x_wconf 70' lang='lat' dir='ltr'><strong>studiosa,</strong></span> <span class='ocrx_word' id='word_1_450' title='bbox 2987 3142 3042 3187; x_wconf 88' lang='lat' dir='ltr'><strong>et</strong></span> <span class='ocrx_word' id='word_1_451' title='bbox 3074 3147 3141 3186; x_wconf 80' lang='lat' dir='ltr'><strong>ex</strong></span> <span class='ocrx_word' id='word_1_452' title='bbox 3189 3130 3503 3186; x_wconf 74' lang='lat' dir='ltr'><strong>artiﬁciosa:</strong></span> <span class='ocrx_word' id='word_1_453' title='bbox 3547 3130 3664 3183; x_wconf 88' lang='lat' dir='ltr'><strong>clo—</strong></span> 
     </span>
    </p>
   </div>
   <div class='ocr_carea' id='block_1_59' title="bbox 399 3228 1980 3303">
    <p class='ocr_par' dir='ltr' id='par_1_59' title="bbox 399 3228 1980 3303">
     <span class='ocr_line' id='line_1_59' title="bbox 399 3228 1980 3303; baseline -0.017 1"><span class='ocrx_word' id='word_1_454' title='bbox 399 3246 675 3303; x_wconf 86' lang='lat' dir='ltr'><strong>calculum</strong></span> <span class='ocrx_word' id='word_1_455' title='bbox 707 3241 1144 3298; x_wconf 82' lang='lat' dir='ltr'><strong>reductarumac</strong></span> <span class='ocrx_word' id='word_1_456' title='bbox 1168 3230 1440 3301; x_wconf 73' lang='lat' dir='ltr'><strong>sapientia</strong></span> <span class='ocrx_word' id='word_1_457' title='bbox 1469 3228 1798 3284; x_wconf 84' lang='lat' dir='ltr'><strong>refertarum</strong></span> <span class='ocrx_word' id='word_1_458' title='bbox 1833 3238 1980 3295; x_wconf 68' lang='lat' dir='ltr'><strong>qua!-</strong></span> 
     </span>
    </p>
   </div>
   <div class='ocr_carea' id='block_1_60' title="bbox 400 3320 1983 3399">
    <p class='ocr_par' dir='ltr' id='par_1_60' title="bbox 400 3320 1983 3399">
     <span class='ocr_line' id='line_1_60' title="bbox 400 3320 1983 3399; baseline -0.017 -3"><span class='ocrx_word' id='word_1_459' title='bbox 400 3344 645 3397; x_wconf 85' lang='lat' dir='ltr'><strong>stionum</strong></span> <span class='ocrx_word' id='word_1_460' title='bbox 677 3346 846 3390; x_wconf 86' lang='lat' dir='ltr'><strong>onera</strong></span> <span class='ocrx_word' id='word_1_461' title='bbox 871 3341 1147 3399; x_wconf 74' lang='lat' dir='ltr'><strong>exponere</strong></span> <span class='ocrx_word' id='word_1_462' title='bbox 1172 3322 1318 3378; x_wconf 92' lang='lat' dir='ltr'><strong>haud</strong></span> <span class='ocrx_word' id='word_1_463' title='bbox 1355 3321 1514 3377; x_wconf 81' lang='lat' dir='ltr'><strong>valde</strong></span> <span class='ocrx_word' id='word_1_464' title='bbox 1537 3320 1772 3383; x_wconf 85' lang='lat' dir='ltr'><strong>vereris,</strong></span> <span class='ocrx_word' id='word_1_465' title='bbox 1801 3329 1983 3386; x_wconf 86' lang='lat' dir='ltr'><strong>neque</strong></span> 
     </span>
    </p>
   </div>
   <div class='ocr_carea' id='block_1_61' title="bbox 399 3408 1982 3491">
    <p class='ocr_par' dir='ltr' id='par_1_61' title="bbox 399 3408 1982 3491">
     <span class='ocr_line' id='line_1_61' title="bbox 399 3408 1982 3491; baseline -0.018 -2"><span class='ocrx_word' id='word_1_466' title='bbox 399 3434 505 3488; x_wconf 88' lang='lat' dir='ltr'><strong>hac</strong></span> <span class='ocrx_word' id='word_1_467' title='bbox 529 3431 599 3485; x_wconf 87' lang='lat' dir='ltr'><strong>de</strong></span> <span class='ocrx_word' id='word_1_468' title='bbox 624 3442 686 3482; x_wconf 88' lang='lat' dir='ltr'><strong>re</strong></span> <span class='ocrx_word' id='word_1_469' title='bbox 713 3424 814 3479; x_wconf 89' lang='lat' dir='ltr'><strong>tibi</strong></span> <span class='ocrx_word' id='word_1_470' title='bbox 844 3420 1038 3491; x_wconf 79' lang='lat' dir='ltr'><strong>religio</strong></span> <span class='ocrx_word' id='word_1_471' title='bbox 1075 3425 1182 3476; x_wconf 88' lang='lat' dir='ltr'><strong>est.</strong></span> <span class='ocrx_word' id='word_1_472' title='bbox 1215 3424 1505 3487; x_wconf 78' lang='lat' dir='ltr'><strong>prapterea</strong></span> <span class='ocrx_word' id='word_1_473' title='bbox 1558 3410 1707 3483; x_wconf 91' lang='lat' dir='ltr'><strong>quod</strong></span> <span class='ocrx_word' id='word_1_474' title='bbox 1770 3408 1982 3464; x_wconf 88' lang='lat' dir='ltr'><strong>nullam</strong></span> 
     </span>
    </p>
   </div>
   <div class='ocr_carea' id='block_1_62' title="bbox 399 3503 1982 3592">
    <p class='ocr_par' dir='ltr' id='par_1_62' title="bbox 399 3503 1982 3592">
     <span class='ocr_line' id='line_1_62' title="bbox 399 3503 1982 3592; baseline -0.016 -11"><span class='ocrx_word' id='word_1_475' title='bbox 399 3527 457 3582; x_wconf 87' lang='lat' dir='ltr'><strong>in</strong></span> <span class='ocrx_word' id='word_1_476' title='bbox 487 3521 624 3592; x_wconf 84' lang='lat' dir='ltr'><strong>ipsis</strong></span> <span class='ocrx_word' id='word_1_477' title='bbox 660 3515 874 3572; x_wconf 84' lang='lat' dir='ltr'><strong>deseris</strong></span> <span class='ocrx_word' id='word_1_478' title='bbox 912 3509 1275 3568; x_wconf 64' lang='lat' dir='ltr'><strong>contentiosa!</strong></span> <span class='ocrx_word' id='word_1_479' title='bbox 1316 3503 1694 3561; x_wconf 82' lang='lat' dir='ltr'><strong>meditationis</strong></span> <span class='ocrx_word' id='word_1_480' title='bbox 1749 3517 1982 3557; x_wconf 80' lang='lat' dir='ltr'><strong>excusa-</strong></span> 
     </span>
    </p>
   </div>
   <div class='ocr_carea' id='block_1_63' title="bbox 400 3597 1983 3676">
    <p class='ocr_par' dir='ltr' id='par_1_63' title="bbox 400 3597 1983 3676">
     <span class='ocr_line' id='line_1_63' title="bbox 400 3597 1983 3676; baseline -0.016 -4"><span class='ocrx_word' id='word_1_481' title='bbox 400 3618 634 3672; x_wconf 87' lang='lat' dir='ltr'><strong>tionem.</strong></span> <span class='ocrx_word' id='word_1_482' title='bbox 656 3606 855 3665; x_wconf 78' lang='lat' dir='ltr'><strong>Metuis</strong></span> <span class='ocrx_word' id='word_1_483' title='bbox 879 3610 1146 3676; x_wconf 86' lang='lat' dir='ltr'><strong>quantum</strong></span> <span class='ocrx_word' id='word_1_484' title='bbox 1177 3599 1244 3654; x_wconf 86' lang='lat' dir='ltr'><strong>ad</strong></span> <span class='ocrx_word' id='word_1_485' title='bbox 1274 3597 1618 3654; x_wconf 81' lang='lat' dir='ltr'><strong>iracundiam</strong></span> <span class='ocrx_word' id='word_1_486' title='bbox 1661 3604 1867 3650; x_wconf 85' lang='lat' dir='ltr'><strong>temere</strong></span> <span class='ocrx_word' id='word_1_487' title='bbox 1889 3608 1983 3648; x_wconf 88' lang='lat' dir='ltr'><strong>ac-</strong></span> 
     </span>
    </p>
   </div>
   <div class='ocr_carea' id='block_1_64' title="bbox 398 3686 1984 3773">
    <p class='ocr_par' dir='ltr' id='par_1_64' title="bbox 398 3686 1984 3773">
     <span class='ocr_line' id='line_1_64' title="bbox 398 3686 1984 3773; baseline -0.015 -9"><span class='ocrx_word' id='word_1_488' title='bbox 398 3709 606 3764; x_wconf 87' lang='lat' dir='ltr'><strong>cedunt</strong></span> <span class='ocrx_word' id='word_1_489' title='bbox 629 3700 939 3773; x_wconf 65' lang='lat' dir='ltr'><strong>querulosce</strong></span> <span class='ocrx_word' id='word_1_490' title='bbox 972 3693 1303 3769; x_wconf 80' lang='lat' dir='ltr'><strong>opiniones,</strong></span> <span class='ocrx_word' id='word_1_491' title='bbox 1330 3692 1551 3762; x_wconf 71' lang='lat' dir='ltr'><strong>quando</strong></span> <span class='ocrx_word' id='word_1_492' title='bbox 1594 3688 1721 3759; x_wconf 86' lang='lat' dir='ltr'><strong>quis</strong></span> <span class='ocrx_word' id='word_1_493' title='bbox 1768 3686 1984 3741; x_wconf 85' lang='lat' dir='ltr'><strong>radices</strong></span> 
     </span>
    </p>
   </div>
   <div class='ocr_carea' id='block_1_65' title="bbox 401 3778 1979 3873">
    <p class='ocr_par' dir='ltr' id='par_1_65' title="bbox 401 3778 1979 3873">
     <span class='ocr_line' id='line_1_65' title="bbox 401 3778 1979 3873; baseline -0.016 -17"><span class='ocrx_word' id='word_1_494' title='bbox 401 3798 712 3873; x_wconf 62' lang='lat' dir='ltr'><strong>praecidens</strong></span> <span class='ocrx_word' id='word_1_495' title='bbox 744 3809 807 3848; x_wconf 86' lang='lat' dir='ltr'><strong>ac</strong></span> <span class='ocrx_word' id='word_1_496' title='bbox 830 3792 1051 3860; x_wconf 86' lang='lat' dir='ltr'><strong>stirpes,</strong></span> <span class='ocrx_word' id='word_1_497' title='bbox 1081 3802 1174 3841; x_wconf 87' lang='lat' dir='ltr'><strong>eas</strong></span> <span class='ocrx_word' id='word_1_498' title='bbox 1199 3784 1479 3853; x_wconf 79' lang='lat' dir='ltr'><strong>abrumpit</strong></span> <span class='ocrx_word' id='word_1_499' title='bbox 1507 3789 1563 3836; x_wconf 90' lang='lat' dir='ltr'><strong>et</strong></span> <span class='ocrx_word' id='word_1_500' title='bbox 1604 3794 1840 3833; x_wconf 76' lang='lat' dir='ltr'><strong>maerore</strong></span> <span class='ocrx_word' id='word_1_501' title='bbox 1867 3778 1979 3832; x_wconf 87' lang='lat' dir='ltr'><strong>alli-</strong></span> 
     </span>
    </p>
   </div>
   <div class='ocr_carea' id='block_1_66' title="bbox 402 3869 1982 3960">
    <p class='ocr_par' dir='ltr' id='par_1_66' title="bbox 402 3869 1982 3960">
     <span class='ocr_line' id='line_1_66' title="bbox 402 3869 1982 3960; baseline -0.016 -11"><span class='ocrx_word' id='word_1_502' title='bbox 402 3869 477 3949; x_wconf 77' lang='lat' dir='ltr'><strong>cit</strong></span> <span class='ocrx_word' id='word_1_503' title='bbox 502 3905 623 3960; x_wconf 72' lang='lat' dir='ltr'><strong>quae</strong></span> <span class='ocrx_word' id='word_1_504' title='bbox 653 3887 978 3959; x_wconf 88' lang='lat' dir='ltr'><strong>hymnorum</strong></span> <span class='ocrx_word' id='word_1_505' title='bbox 1002 3879 1238 3949; x_wconf 78' lang='lat' dir='ltr'><strong>virgulta</strong></span> <span class='ocrx_word' id='word_1_506' title='bbox 1294 3877 1536 3945; x_wconf 82' lang='lat' dir='ltr'><strong>erigunt.</strong></span> <span class='ocrx_word' id='word_1_507' title='bbox 1567 3870 1724 3925; x_wconf 87' lang='lat' dir='ltr'><strong>lIand</strong></span> <span class='ocrx_word' id='word_1_508' title='bbox 1781 3869 1982 3940; x_wconf 83' lang='lat' dir='ltr'><strong>quippe</strong></span> 
     </span>
    </p>
   </div>
   <div class='ocr_carea' id='block_1_67' title="bbox 399 3957 1983 4043">
    <p class='ocr_par' dir='ltr' id='par_1_67' title="bbox 399 3957 1983 4043">
     <span class='ocr_line' id='line_1_67' title="bbox 399 3957 1983 4043; baseline -0.019 -3"><span class='ocrx_word' id='word_1_509' title='bbox 399 3957 710 4040; x_wconf 70' lang='lat' dir='ltr'><strong>Alexandro</strong></span> <span class='ocrx_word' id='word_1_510' title='bbox 744 3969 985 4043; x_wconf 83' lang='lat' dir='ltr'><strong>Philippi</strong></span> <span class='ocrx_word' id='word_1_511' title='bbox 1025 3969 1138 4022; x_wconf 84' lang='lat' dir='ltr'><strong>lilio</strong></span> <span class='ocrx_word' id='word_1_512' title='bbox 1186 3969 1322 4020; x_wconf 88' lang='lat' dir='ltr'><strong>citra</strong></span> <span class='ocrx_word' id='word_1_513' title='bbox 1355 3962 1618 4017; x_wconf 83' lang='lat' dir='ltr'><strong>invidiam</strong></span> <span class='ocrx_word' id='word_1_514' title='bbox 1651 3967 1710 4013; x_wconf 90' lang='lat' dir='ltr'><strong>et</strong></span> <span class='ocrx_word' id='word_1_515' title='bbox 1757 3957 1983 4011; x_wconf 71' lang='lat' dir='ltr'><strong>aemula-</strong></span> 
     </span>
    </p>
   </div>
   <div class='ocr_carea' id='block_1_68' title="bbox 403 4049 1983 4133">
    <p class='ocr_par' dir='ltr' id='par_1_68' title="bbox 403 4049 1983 4133">
     <span class='ocr_line' id='line_1_68' title="bbox 403 4049 1983 4133; baseline -0.02 -1"><span class='ocrx_word' id='word_1_516' title='bbox 403 4078 608 4131; x_wconf 90' lang='lat' dir='ltr'><strong>tionem</strong></span> <span class='ocrx_word' id='word_1_517' title='bbox 639 4067 861 4133; x_wconf 84' lang='lat' dir='ltr'><strong>mansit,</strong></span> <span class='ocrx_word' id='word_1_518' title='bbox 895 4063 1146 4121; x_wconf 85' lang='lat' dir='ltr'><strong>cernenti</strong></span> <span class='ocrx_word' id='word_1_519' title='bbox 1167 4057 1475 4129; x_wconf 81' lang='lat' dir='ltr'><strong>Philippum</strong></span> <span class='ocrx_word' id='word_1_520' title='bbox 1503 4051 1712 4108; x_wconf 75' lang='lat' dir='ltr'><strong>crebris</strong></span> <span class='ocrx_word' id='word_1_521' title='bbox 1737 4049 1983 4104; x_wconf 83' lang='lat' dir='ltr'><strong>victoriis</strong></span> 
     </span>
    </p>
   </div>
   <div class='ocr_carea' id='block_1_69' title="bbox 401 4144 1982 4238">
    <p class='ocr_par' dir='ltr' id='par_1_69' title="bbox 401 4144 1982 4238">
     <span class='ocr_line' id='line_1_69' title="bbox 401 4144 1982 4238; baseline -0.02 -15"><span class='ocrx_word' id='word_1_522' title='bbox 401 4188 461 4225; x_wconf 82' lang='lat' dir='ltr'><strong>se</strong></span> <span class='ocrx_word' id='word_1_523' title='bbox 490 4173 667 4238; x_wconf 76' lang='lat' dir='ltr'><strong>ipsum</strong></span> <span class='ocrx_word' id='word_1_524' title='bbox 703 4164 1000 4234; x_wconf 72' lang='lat' dir='ltr'><strong>iaetantem</strong></span> <span class='ocrx_word' id='word_1_525' title='bbox 1036 4171 1052 4210; x_wconf 88' lang='lat'><strong>:</strong></span> <span class='ocrx_word' id='word_1_526' title='bbox 1093 4152 1189 4208; x_wconf 89' lang='lat' dir='ltr'><strong>sed</strong></span> <span class='ocrx_word' id='word_1_527' title='bbox 1237 4152 1384 4205; x_wconf 91' lang='lat' dir='ltr'><strong>enim</strong></span> <span class='ocrx_word' id='word_1_528' title='bbox 1445 4147 1691 4201; x_wconf 81' lang='lat' dir='ltr'><strong>aninqu</strong></span> <span class='ocrx_word' id='word_1_529' title='bbox 1746 4144 1982 4211; x_wconf 84' lang='lat' dir='ltr'><strong>despon-</strong></span> 
     </span>
    </p>
   </div>
   <div class='ocr_carea' id='block_1_70' title="bbox 402 4233 1981 4324">
    <p class='ocr_par' dir='ltr' id='par_1_70' title="bbox 402 4233 1981 4324">
     <span class='ocr_line' id='line_1_70' title="bbox 402 4233 1981 4324; baseline -0.019 -7"><span class='ocrx_word' id='word_1_530' title='bbox 402 4233 605 4324; x_wconf 78' lang='lat' dir='ltr'><strong>dendo,</strong></span> <span class='ocrx_word' id='word_1_531' title='bbox 624 4253 947 4311; x_wconf 86' lang='lat' dir='ltr'><strong>bacehicum</strong></span> <span class='ocrx_word' id='word_1_532' title='bbox 973 4245 1265 4319; x_wconf 84' lang='lat' dir='ltr'><strong>quemdam</strong></span> <span class='ocrx_word' id='word_1_533' title='bbox 1296 4254 1603 4296; x_wconf 86' lang='lat' dir='ltr'><strong>sermonem</strong></span> <span class='ocrx_word' id='word_1_534' title='bbox 1629 4237 1807 4291; x_wconf 78' lang='lat' dir='ltr'><strong>fertur</strong></span> <span class='ocrx_word' id='word_1_535' title='bbox 1835 4233 1981 4303; x_wconf 80' lang='lat' dir='ltr'><strong>apud</strong></span> 
     </span>
    </p>
   </div>
   <div class='ocr_carea' id='block_1_71' title="bbox 404 4325 1983 4413">
    <p class='ocr_par' dir='ltr' id='par_1_71' title="bbox 404 4325 1983 4413">
     <span class='ocr_line' id='line_1_71' title="bbox 404 4325 1983 4413; baseline -0.02 -6"><span class='ocrx_word' id='word_1_536' title='bbox 404 4358 708 4407; x_wconf 66' lang='lat' dir='ltr'><strong>coaetaneos</strong></span> <span class='ocrx_word' id='word_1_537' title='bbox 739 4342 1000 4406; x_wconf 73' lang='lat' dir='ltr'><strong>edidisse,</strong></span> <span class='ocrx_word' id='word_1_538' title='bbox 1031 4346 1086 4413; x_wconf 90' lang='lat' dir='ltr'><strong>et</strong></span> <span class='ocrx_word' id='word_1_539' title='bbox 1125 4344 1187 4390; x_wconf 92' lang='lat' dir='ltr'><strong>ut</strong></span> <span class='ocrx_word' id='word_1_540' title='bbox 1218 4336 1290 4388; x_wconf 89' lang='lat' dir='ltr'><strong>ita</strong></span> <span class='ocrx_word' id='word_1_541' title='bbox 1320 4330 1497 4385; x_wconf 83' lang='lat' dir='ltr'><strong>dicam</strong></span> <span class='ocrx_word' id='word_1_542' title='bbox 1528 4328 1714 4383; x_wconf 77' lang='lat' dir='ltr'><strong>furore</strong></span> <span class='ocrx_word' id='word_1_543' title='bbox 1741 4325 1983 4379; x_wconf 88' lang='lat' dir='ltr'><strong>numinis</strong></span> 
     </span>
    </p>
   </div>
   <div class='ocr_carea' id='block_1_72' title="bbox 404 4427 1979 4513">
    <p class='ocr_par' dir='ltr' id='par_1_72' title="bbox 404 4427 1979 4513">
     <span class='ocr_line' id='line_1_72' title="bbox 404 4427 1979 4513; baseline -0.017 -19"><span class='ocrx_word' id='word_1_544' title='bbox 404 4447 625 4513; x_wconf 86' lang='lat' dir='ltr'><strong>plenum</strong></span> <span class='ocrx_word' id='word_1_545' title='bbox 655 4458 668 4491; x_wconf 91' lang='lat'><strong>:</strong></span> <span class='ocrx_word' id='word_1_546' title='bbox 704 4443 873 4499; x_wconf 89' lang='lat' dir='ltr'><strong>metu,</strong></span> <span class='ocrx_word' id='word_1_547' title='bbox 907 4446 976 4486; x_wconf 88' lang='lat' dir='ltr'><strong>ne</strong></span> <span class='ocrx_word' id='word_1_548' title='bbox 994 4444 1116 4485; x_wconf 91' lang='lat' dir='ltr'><strong>cum</strong></span> <span class='ocrx_word' id='word_1_549' title='bbox 1140 4427 1321 4481; x_wconf 88' lang='lat' dir='ltr'><strong>omnia</strong></span> <span class='ocrx_word' id='word_1_550' title='bbox 1349 4430 1784 4496; x_wconf 72' lang='lat' dir='ltr'><strong>praeoccupasset</strong></span> <span class='ocrx_word' id='word_1_551' title='bbox 1802 4428 1979 4487; x_wconf 77' lang='lat' dir='ltr'><strong>pater,</strong></span> 
     </span>
    </p>
   </div>
   <div class='ocr_carea' id='block_1_73' title="bbox 2084 3222 3666 3297">
    <p class='ocr_par' dir='ltr' id='par_1_73' title="bbox 2084 3222 3666 3297">
     <span class='ocr_line' id='line_1_73' title="bbox 2084 3222 3666 3297; baseline -0.004 -15"><span class='ocrx_word' id='word_1_552' title='bbox 2084 3226 2322 3296; x_wconf 70' lang='lat' dir='ltr'><strong>quentia:</strong></span> <span class='ocrx_word' id='word_1_553' title='bbox 2351 3227 2537 3297; x_wconf 84' lang='lat' dir='ltr'><strong>lepore</strong></span> <span class='ocrx_word' id='word_1_554' title='bbox 2570 3228 2833 3296; x_wconf 88' lang='lat' dir='ltr'><strong>impetum</strong></span> <span class='ocrx_word' id='word_1_555' title='bbox 2866 3240 3110 3291; x_wconf 88' lang='lat' dir='ltr'><strong>sumens,</strong></span> <span class='ocrx_word' id='word_1_556' title='bbox 3138 3234 3196 3279; x_wconf 90' lang='lat' dir='ltr'><strong>et</strong></span> <span class='ocrx_word' id='word_1_557' title='bbox 3222 3224 3325 3279; x_wconf 87' lang='lat' dir='ltr'><strong>alia</strong></span> <span class='ocrx_word' id='word_1_558' title='bbox 3370 3222 3532 3277; x_wconf 89' lang='lat' dir='ltr'><strong>nobis</strong></span> <span class='ocrx_word' id='word_1_559' title='bbox 3569 3222 3666 3276; x_wconf 87' lang='lat' dir='ltr'><strong>ad-</strong></span> 
     </span>
    </p>
   </div>
   <div class='ocr_carea' id='block_1_74' title="bbox 2082 3316 3666 3387">
    <p class='ocr_par' dir='ltr' id='par_1_74' title="bbox 2082 3316 3666 3387">
     <span class='ocr_line' id='line_1_74' title="bbox 2082 3316 3666 3387; baseline -0.004 -15"><span class='ocrx_word' id='word_1_560' title='bbox 2082 3318 2240 3373; x_wconf 80' lang='lat' dir='ltr'><strong>ducit</strong></span> <span class='ocrx_word' id='word_1_561' title='bbox 2305 3319 2375 3373; x_wconf 88' lang='lat' dir='ltr'><strong>ad</strong></span> <span class='ocrx_word' id='word_1_562' title='bbox 2425 3318 2730 3374; x_wconf 75' lang='lat' dir='ltr'><strong>faciendam</strong></span> <span class='ocrx_word' id='word_1_563' title='bbox 2780 3318 2976 3374; x_wconf 80' lang='lat' dir='ltr'><strong>ﬁdem:</strong></span> <span class='ocrx_word' id='word_1_564' title='bbox 3029 3326 3087 3373; x_wconf 91' lang='lat' dir='ltr'><strong>et</strong></span> <span class='ocrx_word' id='word_1_565' title='bbox 3134 3316 3263 3387; x_wconf 86' lang='lat' dir='ltr'><strong>quia</strong></span> <span class='ocrx_word' id='word_1_566' title='bbox 3322 3330 3433 3370; x_wconf 92' lang='lat' dir='ltr'><strong>non</strong></span> <span class='ocrx_word' id='word_1_567' title='bbox 3485 3328 3666 3384; x_wconf 74' lang='lat' dir='ltr'><strong>opera:</strong></span> 
     </span>
    </p>
   </div>
   <div class='ocr_carea' id='block_1_75' title="bbox 2084 3408 3662 3483">
    <p class='ocr_par' dir='ltr' id='par_1_75' title="bbox 2084 3408 3662 3483">
     <span class='ocr_line' id='line_1_75' title="bbox 2084 3408 3662 3483; baseline -0.004 -18"><span class='ocrx_word' id='word_1_568' title='bbox 2084 3413 2320 3483; x_wconf 87' lang='lat' dir='ltr'><strong>pretium</strong></span> <span class='ocrx_word' id='word_1_569' title='bbox 2345 3420 2447 3473; x_wconf 87' lang='lat' dir='ltr'><strong>est,</strong></span> <span class='ocrx_word' id='word_1_570' title='bbox 2478 3421 2539 3466; x_wconf 91' lang='lat' dir='ltr'><strong>ut</strong></span> <span class='ocrx_word' id='word_1_571' title='bbox 2558 3412 2843 3483; x_wconf 76' lang='lat' dir='ltr'><strong>sapientia:</strong></span> <span class='ocrx_word' id='word_1_572' title='bbox 2863 3412 3101 3483; x_wconf 87' lang='lat' dir='ltr'><strong>cupidus</strong></span> <span class='ocrx_word' id='word_1_573' title='bbox 3118 3409 3342 3466; x_wconf 88' lang='lat' dir='ltr'><strong>auditus</strong></span> <span class='ocrx_word' id='word_1_574' title='bbox 3369 3408 3481 3464; x_wconf 86' lang='lat' dir='ltr'><strong>oris</strong></span> <span class='ocrx_word' id='word_1_575' title='bbox 3510 3408 3662 3473; x_wconf 84' lang='lat' dir='ltr'><strong>impii</strong></span> 
     </span>
    </p>
   </div>
   <div class='ocr_carea' id='block_1_76' title="bbox 2083 3501 3662 3572">
    <p class='ocr_par' dir='ltr' id='par_1_76' title="bbox 2083 3501 3662 3572">
     <span class='ocr_line' id='line_1_76' title="bbox 2083 3501 3662 3572; baseline -0.003 -15"><span class='ocrx_word' id='word_1_576' title='bbox 2083 3503 2355 3560; x_wconf 88' lang='lat' dir='ltr'><strong>rationem</strong></span> <span class='ocrx_word' id='word_1_577' title='bbox 2411 3503 2633 3571; x_wconf 82' lang='lat' dir='ltr'><strong>habeat,</strong></span> <span class='ocrx_word' id='word_1_578' title='bbox 2693 3508 2779 3561; x_wconf 88' lang='lat' dir='ltr'><strong>eia</strong></span> <span class='ocrx_word' id='word_1_579' title='bbox 2832 3513 2979 3560; x_wconf 90' lang='lat' dir='ltr'><strong>tuam</strong></span> <span class='ocrx_word' id='word_1_580' title='bbox 3039 3503 3211 3558; x_wconf 83' lang='lat' dir='ltr'><strong>veluti</strong></span> <span class='ocrx_word' id='word_1_581' title='bbox 3263 3501 3662 3572; x_wconf 83' lang='lat' dir='ltr'><strong>comprehenso</strong></span> 
     </span>
    </p>
   </div>
   <div class='ocr_carea' id='block_1_77' title="bbox 2086 3595 3667 3668">
    <p class='ocr_par' dir='ltr' id='par_1_77' title="bbox 2086 3595 3667 3668">
     <span class='ocr_line' id='line_1_77' title="bbox 2086 3595 3667 3668; baseline -0.003 -17"><span class='ocrx_word' id='word_1_582' title='bbox 2086 3596 2302 3652; x_wconf 75' lang='lat' dir='ltr'><strong>facilem</strong></span> <span class='ocrx_word' id='word_1_583' title='bbox 2332 3598 2728 3654; x_wconf 85' lang='lat' dir='ltr'><strong>concludamus</strong></span> <span class='ocrx_word' id='word_1_584' title='bbox 2782 3597 3232 3668; x_wconf 85' lang='lat' dir='ltr'><strong>postulationem,</strong></span> <span class='ocrx_word' id='word_1_585' title='bbox 3261 3605 3320 3650; x_wconf 89' lang='lat' dir='ltr'><strong>et</strong></span> <span class='ocrx_word' id='word_1_586' title='bbox 3347 3595 3580 3649; x_wconf 85' lang='lat' dir='ltr'><strong>aliorum</strong></span> <span class='ocrx_word' id='word_1_587' title='bbox 3613 3603 3667 3647; x_wconf 84' lang='lat' dir='ltr'><strong>te</strong></span> 
     </span>
    </p>
   </div>
   <div class='ocr_carea' id='block_1_78' title="bbox 2084 3686 3661 3761">
    <p class='ocr_par' dir='ltr' id='par_1_78' title="bbox 2084 3686 3661 3761">
     <span class='ocr_line' id='line_1_78' title="bbox 2084 3686 3661 3761; baseline -0.003 -18"><span class='ocrx_word' id='word_1_588' title='bbox 2084 3690 2511 3757; x_wconf 80' lang='lat' dir='ltr'><strong>interveniente,</strong></span> <span class='ocrx_word' id='word_1_589' title='bbox 2533 3690 2741 3761; x_wconf 86' lang='lat' dir='ltr'><strong>quibus</strong></span> <span class='ocrx_word' id='word_1_590' title='bbox 2771 3702 2826 3746; x_wconf 90' lang='lat' dir='ltr'><strong>te</strong></span> <span class='ocrx_word' id='word_1_591' title='bbox 2850 3689 3185 3760; x_wconf 76' lang='lat' dir='ltr'><strong>amplissima</strong></span> <span class='ocrx_word' id='word_1_592' title='bbox 3218 3686 3661 3743; x_wconf 75' lang='lat' dir='ltr'><strong>contionaturum</strong></span> 
     </span>
    </p>
   </div>
   <div class='ocr_carea' id='block_1_79' title="bbox 2085 3782 2900 3855">
    <p class='ocr_par' dir='ltr' id='par_1_79' title="bbox 2085 3782 2900 3855">
     <span class='ocr_line' id='line_1_79' title="bbox 2085 3782 2900 3855; baseline -0.001 -17"><span class='ocrx_word' id='word_1_593' title='bbox 2085 3782 2191 3838; x_wconf 86' lang='lat' dir='ltr'><strong>hoc</strong></span> <span class='ocrx_word' id='word_1_594' title='bbox 2221 3782 2385 3837; x_wconf 88' lang='lat' dir='ltr'><strong>unico</strong></span> <span class='ocrx_word' id='word_1_595' title='bbox 2411 3782 2577 3839; x_wconf 88' lang='lat' dir='ltr'><strong>modo</strong></span> <span class='ocrx_word' id='word_1_596' title='bbox 2601 3783 2900 3855; x_wconf 87' lang='lat' dir='ltr'><strong>polliceris.</strong></span> 
     </span>
    </p>
   </div>
   <div class='ocr_carea' id='block_1_80' title="bbox 2155 3869 3665 3941">
    <p class='ocr_par' dir='ltr' id='par_1_80' title="bbox 2155 3869 3665 3941">
     <span class='ocr_line' id='line_1_80' title="bbox 2155 3869 3665 3941; baseline -0.003 -14"><span class='ocrx_word' id='word_1_597' title='bbox 2155 3870 2424 3927; x_wconf 85' lang='lat' dir='ltr'><strong>Omnibus</strong></span> <span class='ocrx_word' id='word_1_598' title='bbox 2455 3871 2680 3941; x_wconf 88' lang='lat' dir='ltr'><strong>quidem</strong></span> <span class='ocrx_word' id='word_1_599' title='bbox 2707 3881 2856 3929; x_wconf 88' lang='lat' dir='ltr'><strong>certe</strong></span> <span class='ocrx_word' id='word_1_600' title='bbox 2881 3871 3001 3926; x_wconf 89' lang='lat' dir='ltr'><strong>sine</strong></span> <span class='ocrx_word' id='word_1_601' title='bbox 3028 3870 3198 3928; x_wconf 90' lang='lat' dir='ltr'><strong>dubio</strong></span> <span class='ocrx_word' id='word_1_602' title='bbox 3218 3869 3529 3926; x_wconf 79' lang='lat' dir='ltr'><strong>confessum</strong></span> <span class='ocrx_word' id='word_1_603' title='bbox 3558 3880 3665 3934; x_wconf 86' lang='lat' dir='ltr'><strong>e-t,</strong></span> 
     </span>
    </p>
   </div>
   <div class='ocr_carea' id='block_1_81' title="bbox 2085 3960 3664 4033">
    <p class='ocr_par' dir='ltr' id='par_1_81' title="bbox 2085 3960 3664 4033">
     <span class='ocr_line' id='line_1_81' title="bbox 2085 3960 3664 4033; baseline -0.003 -17"><span class='ocrx_word' id='word_1_604' title='bbox 2085 3963 2288 4032; x_wconf 85' lang='lat' dir='ltr'><strong>quibus</strong></span> <span class='ocrx_word' id='word_1_605' title='bbox 2310 3963 2474 4017; x_wconf 86' lang='lat' dir='ltr'><strong>etiam</strong></span> <span class='ocrx_word' id='word_1_606' title='bbox 2506 3976 2837 4033; x_wconf 88' lang='lat' dir='ltr'><strong>quocunque</strong></span> <span class='ocrx_word' id='word_1_607' title='bbox 2866 3962 3029 4015; x_wconf 91' lang='lat' dir='ltr'><strong>modo</strong></span> <span class='ocrx_word' id='word_1_608' title='bbox 3057 3960 3214 4015; x_wconf 89' lang='lat' dir='ltr'><strong>adest</strong></span> <span class='ocrx_word' id='word_1_609' title='bbox 3235 3960 3664 4015; x_wconf 57' lang='lat' dir='ltr'><strong>communicatio</strong></span> 
     </span>
    </p>
   </div>
   <div class='ocr_carea' id='block_1_82' title="bbox 2086 4048 3661 4124">
    <p class='ocr_par' dir='ltr' id='par_1_82' title="bbox 2086 4048 3661 4124">
     <span class='ocr_line' id='line_1_82' title="bbox 2086 4048 3661 4124; baseline -0.007 -15"><span class='ocrx_word' id='word_1_610' title='bbox 2086 4057 2287 4109; x_wconf 88' lang='lat' dir='ltr'><strong>mentis</strong></span> <span class='ocrx_word' id='word_1_611' title='bbox 2328 4065 2384 4109; x_wconf 85' lang='lat' dir='ltr'><strong>et</strong></span> <span class='ocrx_word' id='word_1_612' title='bbox 2404 4054 2649 4110; x_wconf 71' lang='lat' dir='ltr'><strong>scientia:</strong></span> <span class='ocrx_word' id='word_1_613' title='bbox 2698 4053 2908 4124; x_wconf 85' lang='lat' dir='ltr'><strong>judicio</strong></span> <span class='ocrx_word' id='word_1_614' title='bbox 2957 4050 3233 4120; x_wconf 87' lang='lat' dir='ltr'><strong>pollentis,</strong></span> <span class='ocrx_word' id='word_1_615' title='bbox 3285 4065 3394 4102; x_wconf 89' lang='lat' dir='ltr'><strong>non</strong></span> <span class='ocrx_word' id='word_1_616' title='bbox 3449 4048 3661 4102; x_wconf 85' lang='lat' dir='ltr'><strong>unicam</strong></span> 
     </span>
    </p>
   </div>
   <div class='ocr_carea' id='block_1_83' title="bbox 2086 4135 3660 4215">
    <p class='ocr_par' dir='ltr' id='par_1_83' title="bbox 2086 4135 3660 4215">
     <span class='ocr_line' id='line_1_83' title="bbox 2086 4135 3660 4215; baseline -0.008 -17"><span class='ocrx_word' id='word_1_617' title='bbox 2086 4144 2382 4215; x_wconf 87' lang='lat' dir='ltr'><strong>quamdam</strong></span> <span class='ocrx_word' id='word_1_618' title='bbox 2433 4143 2717 4213; x_wconf 64' lang='lat' dir='ltr'><strong>sapientiae</strong></span> <span class='ocrx_word' id='word_1_619' title='bbox 2786 4140 3025 4211; x_wconf 79' lang='lat' dir='ltr'><strong>speciem</strong></span> <span class='ocrx_word' id='word_1_620' title='bbox 3076 4154 3330 4208; x_wconf 79' lang='lat' dir='ltr'><strong>magnum</strong></span> <span class='ocrx_word' id='word_1_621' title='bbox 3378 4135 3660 4207; x_wconf 82' lang='lat' dir='ltr'><strong>Synesinm</strong></span> 
     </span>
    </p>
   </div>
   <div class='ocr_carea' id='block_1_84' title="bbox 2085 4230 3663 4302">
    <p class='ocr_par' dir='ltr' id='par_1_84' title="bbox 2085 4230 3663 4302">
     <span class='ocr_line' id='line_1_84' title="bbox 2085 4230 3663 4302; baseline -0.01 -9"><span class='ocrx_word' id='word_1_622' title='bbox 2085 4238 2420 4302; x_wconf 79' lang='lat' dir='ltr'><strong>exercuisse,</strong></span> <span class='ocrx_word' id='word_1_623' title='bbox 2454 4244 2510 4290; x_wconf 89' lang='lat' dir='ltr'><strong>at</strong></span> <span class='ocrx_word' id='word_1_624' title='bbox 2532 4235 2733 4288; x_wconf 90' lang='lat' dir='ltr'><strong>nullam</strong></span> <span class='ocrx_word' id='word_1_625' title='bbox 2764 4250 2907 4296; x_wconf 88' lang='lat' dir='ltr'><strong>esse,</strong></span> <span class='ocrx_word' id='word_1_626' title='bbox 2940 4248 3104 4301; x_wconf 88' lang='lat' dir='ltr'><strong>quam</strong></span> <span class='ocrx_word' id='word_1_627' title='bbox 3138 4246 3243 4284; x_wconf 87' lang='lat' dir='ltr'><strong>non</strong></span> <span class='ocrx_word' id='word_1_628' title='bbox 3266 4237 3549 4285; x_wconf 81' lang='lat' dir='ltr'><strong>assecutus</strong></span> <span class='ocrx_word' id='word_1_629' title='bbox 3569 4230 3663 4292; x_wconf 89' lang='lat' dir='ltr'><strong>sit,</strong></span> 
     </span>
    </p>
   </div>
   <div class='ocr_carea' id='block_1_85' title="bbox 2087 4321 3659 4397">
    <p class='ocr_par' dir='ltr' id='par_1_85' title="bbox 2087 4321 3659 4397">
     <span class='ocr_line' id='line_1_85' title="bbox 2087 4321 3659 4397; baseline -0.009 -15"><span class='ocrx_word' id='word_1_630' title='bbox 2087 4329 2328 4397; x_wconf 87' lang='lat' dir='ltr'><strong>buicque</strong></span> <span class='ocrx_word' id='word_1_631' title='bbox 2376 4331 2452 4381; x_wconf 87' lang='lat' dir='ltr'><strong>rei</strong></span> <span class='ocrx_word' id='word_1_632' title='bbox 2496 4325 2808 4379; x_wconf 81' lang='lat' dir='ltr'><strong>mortalium</strong></span> <span class='ocrx_word' id='word_1_633' title='bbox 2857 4325 3129 4377; x_wconf 82' lang='lat' dir='ltr'><strong>nemimm</strong></span> <span class='ocrx_word' id='word_1_634' title='bbox 3193 4321 3659 4375; x_wconf 84' lang='lat' dir='ltr'><strong>contradicturum</strong></span> 
     </span>
    </p>
   </div>
   <div class='ocr_carea' id='block_1_86' title="bbox 2086 4410 3663 4489">
    <p class='ocr_par' dir='ltr' id='par_1_86' title="bbox 2086 4410 3663 4489">
     <span class='ocr_line' id='line_1_86' title="bbox 2086 4410 3663 4489; baseline -0.009 -16"><span class='ocrx_word' id='word_1_635' title='bbox 2086 4421 2302 4489; x_wconf 87' lang='lat' dir='ltr'><strong>opinor.</strong></span> <span class='ocrx_word' id='word_1_636' title='bbox 2328 4416 2516 4486; x_wconf 89' lang='lat' dir='ltr'><strong>Neque</strong></span> <span class='ocrx_word' id='word_1_637' title='bbox 2541 4418 2687 4470; x_wconf 89' lang='lat' dir='ltr'><strong>enim</strong></span> <span class='ocrx_word' id='word_1_638' title='bbox 2710 4415 2885 4469; x_wconf 88' lang='lat' dir='ltr'><strong>solum</strong></span> <span class='ocrx_word' id='word_1_639' title='bbox 2910 4424 3111 4483; x_wconf 87' lang='lat' dir='ltr'><strong>quanta</strong></span> <span class='ocrx_word' id='word_1_640' title='bbox 3137 4425 3222 4467; x_wconf 90' lang='lat' dir='ltr'><strong>est</strong></span> <span class='ocrx_word' id='word_1_641' title='bbox 3245 4414 3365 4480; x_wconf 79' lang='lat' dir='ltr'><strong>ejus</strong></span> <span class='ocrx_word' id='word_1_642' title='bbox 3387 4427 3439 4461; x_wconf 89' lang='grc' dir='ltr'><strong>ιιι</strong></span> <span class='ocrx_word' id='word_1_643' title='bbox 3472 4410 3663 4463; x_wconf 70' lang='lat' dir='ltr'><strong>(Ira-cu</strong></span> 
     </span>
    </p>
   </div>
   <div class='ocr_carea' id='block_1_87' title="bbox 406 4501 3659 4594">
    <p class='ocr_par' dir='ltr' id='par_1_87' title="bbox 406 4501 3659 4594">
     <span class='ocr_line' id='line_1_87' title="bbox 406 4501 3659 4594; baseline -0.012 -2"><span class='ocrx_word' id='word_1_644' title='bbox 406 4537 607 4592; x_wconf 90' lang='lat' dir='ltr'><strong>nullam</strong></span> <span class='ocrx_word' id='word_1_645' title='bbox 633 4529 738 4585; x_wconf 84' lang='lat' dir='ltr'><strong>sibi</strong></span> <span class='ocrx_word' id='word_1_646' title='bbox 770 4525 1175 4594; x_wconf 87' lang='lat' dir='ltr'><strong>triumphorum</strong></span> <span class='ocrx_word' id='word_1_647' title='bbox 1208 4534 1396 4573; x_wconf 86' lang='lat' dir='ltr'><strong>ansam</strong></span> <span class='ocrx_word' id='word_1_648' title='bbox 1435 4524 1490 4572; x_wconf 92' lang='lat' dir='ltr'><strong>et</strong></span> <span class='ocrx_word' id='word_1_649' title='bbox 1522 4514 1864 4568; x_wconf 77' lang='lat' dir='ltr'><strong>occasionem</strong></span> <span class='ocrx_word' id='word_1_650' title='bbox 1900 4523 1980 4561; x_wconf 90' lang='lat' dir='ltr'><strong>re-</strong></span> <span class='ocrx_word' id='word_1_651' title='bbox 2015 4535 2057 4590; x_wconf 76' lang='grc' dir='ltr'>ο</span> <span class='ocrx_word' id='word_1_652' title='bbox 2087 4524 2338 4565; x_wconf 84' lang='lat' dir='ltr'><strong>sermone</strong></span> <span class='ocrx_word' id='word_1_653' title='bbox 2369 4508 2569 4562; x_wconf 87' lang='lat' dir='ltr'><strong>coloris</strong></span> <span class='ocrx_word' id='word_1_654' title='bbox 2602 4506 2949 4570; x_wconf 83' lang='lat' dir='ltr'><strong>varietas,ad</strong></span> <span class='ocrx_word' id='word_1_655' title='bbox 2986 4505 3229 4575; x_wconf 82' lang='lat' dir='ltr'><strong>cujusvis</strong></span> <span class='ocrx_word' id='word_1_656' title='bbox 3264 4501 3659 4556; x_wconf 63' lang='lat' dir='ltr'><strong>excellentissi-</strong></span> 
     </span>
    </p>
   </div>
   <div class='ocr_carea' id='block_1_88' title="bbox 402 4604 1984 4699">
    <p class='ocr_par' dir='ltr' id='par_1_88' title="bbox 402 4604 1984 4699">
     <span class='ocr_line' id='line_1_88' title="bbox 402 4604 1984 4699; baseline -0.019 -15"><span class='ocrx_word' id='word_1_657' title='bbox 402 4629 675 4699; x_wconf 76' lang='lat' dir='ltr'><strong>quaisset.</strong></span> <span class='ocrx_word' id='word_1_658' title='bbox 705 4620 948 4677; x_wconf 87' lang='lat' dir='ltr'><strong>Plurima</strong></span> <span class='ocrx_word' id='word_1_659' title='bbox 976 4617 1196 4670; x_wconf 89' lang='lat' dir='ltr'><strong>silentio</strong></span> <span class='ocrx_word' id='word_1_660' title='bbox 1223 4610 1602 4682; x_wconf 70' lang='lat' dir='ltr'><strong>prtelermitto.</strong></span> <span class='ocrx_word' id='word_1_661' title='bbox 1631 4604 1735 4659; x_wconf 87' lang='lat' dir='ltr'><strong>Sed</strong></span> <span class='ocrx_word' id='word_1_662' title='bbox 1758 4612 1984 4672; x_wconf 80' lang='lat' dir='ltr'><strong>propter</strong></span> 
     </span>
    </p>
   </div>
   <div class='ocr_carea' id='block_1_89' title="bbox 404 4691 1986 4781">
    <p class='ocr_par' dir='ltr' id='par_1_89' title="bbox 404 4691 1986 4781">
     <span class='ocr_line' id='line_1_89' title="bbox 404 4691 1986 4781; baseline -0.021 -5"><span class='ocrx_word' id='word_1_663' title='bbox 404 4720 747 4775; x_wconf 70' lang='lat' dir='ltr'><strong>mensionem</strong></span> <span class='ocrx_word' id='word_1_664' title='bbox 781 4723 945 4781; x_wconf 86' lang='lat' dir='ltr'><strong>quam</strong></span> <span class='ocrx_word' id='word_1_665' title='bbox 984 4719 1131 4760; x_wconf 90' lang='lat' dir='ltr'><strong>nunc</strong></span> <span class='ocrx_word' id='word_1_666' title='bbox 1165 4716 1358 4755; x_wconf 88' lang='lat' dir='ltr'><strong>rursus</strong></span> <span class='ocrx_word' id='word_1_667' title='bbox 1388 4695 1803 4767; x_wconf 82' lang='lat' dir='ltr'><strong>exprompsisti,</strong></span> <span class='ocrx_word' id='word_1_668' title='bbox 1838 4691 1986 4744; x_wconf 82' lang='lat' dir='ltr'><strong>vole-</strong></span> 
     </span>
    </p>
   </div>
   <div class='ocr_carea' id='block_1_90' title="bbox 404 4792 1983 4878">
    <p class='ocr_par' dir='ltr' id='par_1_90' title="bbox 404 4792 1983 4878">
     <span class='ocr_line' id='line_1_90' title="bbox 404 4792 1983 4878; baseline -0.02 -12"><span class='ocrx_word' id='word_1_669' title='bbox 404 4823 528 4867; x_wconf 78' lang='lat' dir='ltr'><strong>bam</strong></span> <span class='ocrx_word' id='word_1_670' title='bbox 561 4812 700 4878; x_wconf 85' lang='lat' dir='ltr'><strong>ipse,</strong></span> <span class='ocrx_word' id='word_1_671' title='bbox 736 4806 836 4858; x_wconf 87' lang='lat' dir='ltr'><strong>hac</strong></span> <span class='ocrx_word' id='word_1_672' title='bbox 869 4799 1156 4854; x_wconf 79' lang='lat' dir='ltr'><strong>ambitiosa</strong></span> <span class='ocrx_word' id='word_1_673' title='bbox 1194 4792 1552 4849; x_wconf 83' lang='lat' dir='ltr'><strong>contentione</strong></span> <span class='ocrx_word' id='word_1_674' title='bbox 1591 4796 1983 4857; x_wconf 58' lang='lat' dir='ltr'><strong>praetermzsm,</strong></span> 
     </span>
    </p>
   </div>
   <div class='ocr_carea' id='block_1_91' title="bbox 406 4881 1983 4959">
    <p class='ocr_par' dir='ltr' id='par_1_91' title="bbox 406 4881 1983 4959">
     <span class='ocr_line' id='line_1_91' title="bbox 406 4881 1983 4959; baseline -0.018 -1"><span class='ocrx_word' id='word_1_675' title='bbox 406 4921 469 4959; x_wconf 75' lang='lat' dir='ltr'><strong>ex</strong></span> <span class='ocrx_word' id='word_1_676' title='bbox 506 4901 676 4957; x_wconf 87' lang='lat' dir='ltr'><strong>animi</strong></span> <span class='ocrx_word' id='word_1_677' title='bbox 704 4897 809 4952; x_wconf 80' lang='lat' dir='ltr'><strong>uici</strong></span> <span class='ocrx_word' id='word_1_678' title='bbox 832 4893 1062 4949; x_wconf 86' lang='lat' dir='ltr'><strong>arbitrio</strong></span> <span class='ocrx_word' id='word_1_679' title='bbox 1121 4886 1382 4956; x_wconf 90' lang='lat' dir='ltr'><strong>temporis</strong></span> <span class='ocrx_word' id='word_1_680' title='bbox 1426 4881 1721 4954; x_wconf 71' lang='lat' dir='ltr'><strong>opportuni</strong></span> <span class='ocrx_word' id='word_1_681' title='bbox 1771 4893 1983 4933; x_wconf 86' lang='lat' dir='ltr'><strong>necnon</strong></span> 
     </span>
    </p>
   </div>
   <div class='ocr_carea' id='block_1_92' title="bbox 406 4974 1983 5058">
    <p class='ocr_par' dir='ltr' id='par_1_92' title="bbox 406 4974 1983 5058">
     <span class='ocr_line' id='line_1_92' title="bbox 406 4974 1983 5058; baseline -0.019 -6"><span class='ocrx_word' id='word_1_682' title='bbox 406 5002 635 5052; x_wconf 70' lang='lat' dir='ltr'><strong>Iortunze</strong></span> <span class='ocrx_word' id='word_1_683' title='bbox 664 5006 796 5046; x_wconf 76' lang='lat' dir='ltr'><strong>mea:</strong></span> <span class='ocrx_word' id='word_1_684' title='bbox 831 4986 1079 5058; x_wconf 86' lang='lat' dir='ltr'><strong>proditor</strong></span> <span class='ocrx_word' id='word_1_685' title='bbox 1104 4997 1247 5037; x_wconf 88' lang='lat' dir='ltr'><strong>esse.</strong></span> <span class='ocrx_word' id='word_1_686' title='bbox 1288 4980 1463 5035; x_wconf 85' lang='lat' dir='ltr'><strong>Grave</strong></span> <span class='ocrx_word' id='word_1_687' title='bbox 1493 4974 1640 5031; x_wconf 88' lang='lat' dir='ltr'><strong>enim</strong></span> <span class='ocrx_word' id='word_1_688' title='bbox 1667 4980 1831 5027; x_wconf 90' lang='lat' dir='ltr'><strong>estet</strong></span> <span class='ocrx_word' id='word_1_689' title='bbox 1863 4984 1983 5023; x_wconf 91' lang='lat' dir='ltr'><strong>mo-</strong></span> 
     </span>
    </p>
   </div>
   <div class='ocr_carea' id='block_1_93' title="bbox 404 5062 1982 5150">
    <p class='ocr_par' dir='ltr' id='par_1_93' title="bbox 404 5062 1982 5150">
     <span class='ocr_line' id='line_1_93' title="bbox 404 5062 1982 5150; baseline -0.019 -7"><span class='ocrx_word' id='word_1_690' title='bbox 404 5093 623 5149; x_wconf 66' lang='lat' dir='ltr'><strong>lrsttiih,</strong></span> <span class='ocrx_word' id='word_1_691' title='bbox 652 5098 771 5139; x_wconf 88' lang='lat' dir='ltr'><strong>esse</strong></span> <span class='ocrx_word' id='word_1_692' title='bbox 800 5080 1020 5150; x_wconf 85' lang='lat' dir='ltr'><strong>quidem</strong></span> <span class='ocrx_word' id='word_1_693' title='bbox 1078 5073 1443 5131; x_wconf 87' lang='lat' dir='ltr'><strong>certaminum</strong></span> <span class='ocrx_word' id='word_1_694' title='bbox 1498 5083 1607 5122; x_wconf 89' lang='lat' dir='ltr'><strong>non</strong></span> <span class='ocrx_word' id='word_1_695' title='bbox 1657 5062 1982 5136; x_wconf 79' lang='lat' dir='ltr'><strong>ignobilium</strong></span> 
     </span>
    </p>
   </div>
   <div class='ocr_carea' id='block_1_94' title="bbox 404 5154 1985 5251">
    <p class='ocr_par' dir='ltr' id='par_1_94' title="bbox 404 5154 1985 5251">
     <span class='ocr_line' id='line_1_94' title="bbox 404 5154 1985 5251; baseline -0.019 -14"><span class='ocrx_word' id='word_1_696' title='bbox 404 5197 565 5251; x_wconf 75' lang='lat' dir='ltr'><strong>opus,</strong></span> <span class='ocrx_word' id='word_1_697' title='bbox 607 5171 1070 5248; x_wconf 86' lang='lat' dir='ltr'><strong>quemadmodum</strong></span> <span class='ocrx_word' id='word_1_698' title='bbox 1101 5178 1157 5222; x_wconf 86' lang='lat' dir='ltr'><strong>tu</strong></span> <span class='ocrx_word' id='word_1_699' title='bbox 1188 5166 1355 5243; x_wconf 62' lang='lat' dir='ltr'><strong>nosti,</strong></span> <span class='ocrx_word' id='word_1_700' title='bbox 1391 5171 1445 5218; x_wconf 90' lang='lat' dir='ltr'><strong>et</strong></span> <span class='ocrx_word' id='word_1_701' title='bbox 1496 5159 1823 5231; x_wconf 85' lang='lat' dir='ltr'><strong>quibusdam</strong></span> <span class='ocrx_word' id='word_1_702' title='bbox 1872 5154 1985 5209; x_wconf 57' lang='lat' dir='ltr'><strong>cleo</strong></span> 
     </span>
    </p>
   </div>
   <div class='ocr_carea' id='block_1_95' title="bbox 406 5248 1984 5342">
    <p class='ocr_par' dir='ltr' id='par_1_95' title="bbox 406 5248 1984 5342">
     <span class='ocr_line' id='line_1_95' title="bbox 406 5248 1984 5342; baseline -0.017 -18"><span class='ocrx_word' id='word_1_703' title='bbox 406 5277 657 5342; x_wconf 73' lang='lat' dir='ltr'><strong>gantibus</strong></span> <span class='ocrx_word' id='word_1_704' title='bbox 687 5267 821 5322; x_wconf 85' lang='lat' dir='ltr'><strong>viris</strong></span> <span class='ocrx_word' id='word_1_705' title='bbox 852 5264 959 5319; x_wconf 87' lang='lat' dir='ltr'><strong>tale</strong></span> <span class='ocrx_word' id='word_1_706' title='bbox 991 5263 1047 5316; x_wconf 87' lang='lat' dir='ltr'><strong>in</strong></span> <span class='ocrx_word' id='word_1_707' title='bbox 1103 5260 1343 5315; x_wconf 85' lang='lat' dir='ltr'><strong>medium</strong></span> <span class='ocrx_word' id='word_1_708' title='bbox 1401 5251 1755 5325; x_wconf 83' lang='lat' dir='ltr'><strong>proposuisti.</strong></span> <span class='ocrx_word' id='word_1_709' title='bbox 1785 5248 1984 5303; x_wconf 83' lang='lat' dir='ltr'><strong>Postea</strong></span> 
     </span>
    </p>
   </div>
   <div class='ocr_carea' id='block_1_96' title="bbox 404 5341 1986 5434">
    <p class='ocr_par' dir='ltr' id='par_1_96' title="bbox 404 5341 1986 5434">
     <span class='ocr_line' id='line_1_96' title="bbox 404 5341 1986 5434; baseline -0.018 -16"><span class='ocrx_word' id='word_1_710' title='bbox 404 5341 552 5434; x_wconf 83' lang='lat' dir='ltr'><strong>apud</strong></span> <span class='ocrx_word' id='word_1_711' title='bbox 604 5375 744 5433; x_wconf 87' lang='lat' dir='ltr'><strong>quos</strong></span> <span class='ocrx_word' id='word_1_712' title='bbox 805 5358 985 5412; x_wconf 81' lang='lat' dir='ltr'><strong>fastus</strong></span> <span class='ocrx_word' id='word_1_713' title='bbox 1037 5365 1093 5410; x_wconf 88' lang='lat' dir='ltr'><strong>et</strong></span> <span class='ocrx_word' id='word_1_714' title='bbox 1116 5351 1511 5424; x_wconf 77' lang='lat' dir='ltr'><strong>cogitationum</strong></span> <span class='ocrx_word' id='word_1_715' title='bbox 1554 5343 1855 5417; x_wconf 84' lang='lat' dir='ltr'><strong>petulantia</strong></span> <span class='ocrx_word' id='word_1_716' title='bbox 1904 5341 1986 5393; x_wconf 87' lang='lat' dir='ltr'><strong>in-</strong></span> 
     </span>
    </p>
   </div>
   <div class='ocr_carea' id='block_1_97' title="bbox 406 5432 1983 5524">
    <p class='ocr_par' dir='ltr' id='par_1_97' title="bbox 406 5432 1983 5524">
     <span class='ocr_line' id='line_1_97' title="bbox 406 5432 1983 5524; baseline -0.015 -16"><span class='ocrx_word' id='word_1_717' title='bbox 406 5432 733 5524; x_wconf 66' lang='lat' dir='ltr'><strong>tempestive</strong></span> <span class='ocrx_word' id='word_1_718' title='bbox 761 5452 815 5505; x_wconf 90' lang='lat' dir='ltr'><strong>in</strong></span> <span class='ocrx_word' id='word_1_719' title='bbox 850 5447 1263 5519; x_wconf 80' lang='lat' dir='ltr'><strong>intelligentiam</strong></span> <span class='ocrx_word' id='word_1_720' title='bbox 1290 5439 1634 5514; x_wconf 85' lang='lat' dir='ltr'><strong>tyrannidem</strong></span> <span class='ocrx_word' id='word_1_721' title='bbox 1662 5435 1896 5499; x_wconf 88' lang='lat' dir='ltr'><strong>obtinet,</strong></span> <span class='ocrx_word' id='word_1_722' title='bbox 1948 5432 1983 5486; x_wconf 92' lang='lat' dir='ltr'><strong>ii</strong></span> 
     </span>
    </p>
   </div>
   <div class='ocr_carea' id='block_1_98' title="bbox 406 5529 1984 5615">
    <p class='ocr_par' dir='ltr' id='par_1_98' title="bbox 406 5529 1984 5615">
     <span class='ocr_line' id='line_1_98' title="bbox 406 5529 1984 5615; baseline -0.016 -11"><span class='ocrx_word' id='word_1_723' title='bbox 406 5561 577 5604; x_wconf 67' lang='lat' dir='ltr'><strong>ictam</strong></span> <span class='ocrx_word' id='word_1_724' title='bbox 620 5545 808 5615; x_wconf 89' lang='lat' dir='ltr'><strong>utique</strong></span> <span class='ocrx_word' id='word_1_725' title='bbox 844 5543 1169 5613; x_wconf 86' lang='lat' dir='ltr'><strong>sapientiam</strong></span> <span class='ocrx_word' id='word_1_726' title='bbox 1203 5539 1260 5593; x_wconf 93' lang='lat' dir='ltr'><strong>in</strong></span> <span class='ocrx_word' id='word_1_727' title='bbox 1324 5531 1617 5605; x_wconf 87' lang='lat' dir='ltr'><strong>supercilio</strong></span> <span class='ocrx_word' id='word_1_728' title='bbox 1663 5529 1984 5584; x_wconf 83' lang='lat' dir='ltr'><strong>collocatam</strong></span> 
     </span>
    </p>
   </div>
   <div class='ocr_carea' id='block_1_99' title="bbox 405 5623 1989 5706">
    <p class='ocr_par' dir='ltr' id='par_1_99' title="bbox 405 5623 1989 5706">
     <span class='ocr_line' id='line_1_99' title="bbox 405 5623 1989 5706; baseline -0.014 -10"><span class='ocrx_word' id='word_1_729' title='bbox 405 5642 636 5706; x_wconf 85' lang='lat' dir='ltr'><strong>habent,</strong></span> <span class='ocrx_word' id='word_1_730' title='bbox 659 5648 716 5694; x_wconf 91' lang='lat' dir='ltr'><strong>et</strong></span> <span class='ocrx_word' id='word_1_731' title='bbox 757 5635 939 5691; x_wconf 80' lang='lat' dir='ltr'><strong>omnia</strong></span> <span class='ocrx_word' id='word_1_732' title='bbox 973 5633 1151 5689; x_wconf 82' lang='lat' dir='ltr'><strong>facilia</strong></span> <span class='ocrx_word' id='word_1_733' title='bbox 1174 5640 1337 5702; x_wconf 87' lang='lat' dir='ltr'><strong>atque</strong></span> <span class='ocrx_word' id='word_1_734' title='bbox 1363 5627 1616 5698; x_wconf 80' lang='lat' dir='ltr'><strong>expedita</strong></span> <span class='ocrx_word' id='word_1_735' title='bbox 1640 5623 1840 5691; x_wconf 74' lang='lat' dir='ltr'><strong>lingua:</strong></span> <span class='ocrx_word' id='word_1_736' title='bbox 1890 5635 1989 5675; x_wconf 55' lang='grc' dir='ltr'>νος</span> 
     </span>
    </p>
   </div>
   <div class='ocr_carea' id='block_1_100' title="bbox 405 5713 1987 5799">
    <p class='ocr_par' dir='ltr' id='par_1_100' title="bbox 405 5713 1987 5799">
     <span class='ocr_line' id='line_1_100' title="bbox 405 5713 1987 5799; baseline -0.015 -11"><span class='ocrx_word' id='word_1_737' title='bbox 405 5732 681 5789; x_wconf 81' lang='lat' dir='ltr'><strong>lublitate</strong></span> <span class='ocrx_word' id='word_1_738' title='bbox 741 5738 797 5784; x_wconf 89' lang='lat' dir='ltr'><strong>et</strong></span> <span class='ocrx_word' id='word_1_739' title='bbox 854 5722 1344 5799; x_wconf 87' lang='lat' dir='ltr'><strong>pollicitationibus</strong></span> <span class='ocrx_word' id='word_1_740' title='bbox 1399 5719 1630 5781; x_wconf 68' lang='lat' dir='ltr'><strong>faciunt,</strong></span> <span class='ocrx_word' id='word_1_741' title='bbox 1698 5713 1987 5783; x_wconf 78' lang='lat' dir='ltr'><strong>quidpiam</strong></span> 
     </span>
    </p>
   </div>
   <div class='ocr_carea' id='block_1_101' title="bbox 408 5808 1985 5893">
    <p class='ocr_par' dir='ltr' id='par_1_101' title="bbox 408 5808 1985 5893">
     <span class='ocr_line' id='line_1_101' title="bbox 408 5808 1985 5893; baseline -0.014 -12"><span class='ocrx_word' id='word_1_742' title='bbox 408 5829 644 5882; x_wconf 75' lang='lat' dir='ltr'><strong>maxime</strong></span> <span class='ocrx_word' id='word_1_743' title='bbox 668 5824 903 5893; x_wconf 76' lang='lat' dir='ltr'><strong>ignobile</strong></span> <span class='ocrx_word' id='word_1_744' title='bbox 947 5818 1301 5890; x_wconf 71' lang='lat' dir='ltr'><strong>divolgando.</strong></span> <span class='ocrx_word' id='word_1_745' title='bbox 1341 5812 1712 5871; x_wconf 78' lang='lat' dir='ltr'><strong>Nihilominus</strong></span> <span class='ocrx_word' id='word_1_746' title='bbox 1737 5808 1985 5878; x_wconf 84' lang='lat' dir='ltr'><strong>quando-</strong></span> 
     </span>
    </p>
   </div>
   <div class='ocr_carea' id='block_1_102' title="bbox 2087 4596 3660 4658">
    <p class='ocr_par' dir='ltr' id='par_1_102' title="bbox 2087 4596 3660 4658">
     <span class='ocr_line' id='line_1_102' title="bbox 2087 4596 3660 4658; baseline -0.01 -1"><span class='ocrx_word' id='word_1_747' title='bbox 2087 4620 2235 4657; x_wconf 81' lang='grc' dir='ltr'>ιιιυιιι</span> <span class='ocrx_word' id='word_1_748' title='bbox 2300 4606 2568 4658; x_wconf 77' lang='lat' dir='ltr'><strong>[antorem</strong></span> <span class='ocrx_word' id='word_1_749' title='bbox 2644 4602 3091 4656; x_wconf 85' lang='lat' dir='ltr'><strong>constituendum</strong></span> <span class='ocrx_word' id='word_1_750' title='bbox 3167 4606 3221 4651; x_wconf 87' lang='lat' dir='ltr'><strong>et</strong></span> <span class='ocrx_word' id='word_1_751' title='bbox 3272 4596 3660 4653; x_wconf 61' lang='lat' dir='ltr'><strong>exhtl:endum,</strong></span> 
     </span>
    </p>
   </div>
   <div class='ocr_carea' id='block_1_103' title="bbox 2086 4693 3661 4758">
    <p class='ocr_par' dir='ltr' id='par_1_103' title="bbox 2086 4693 3661 4758">
     <span class='ocr_line' id='line_1_103' title="bbox 2086 4693 3661 4758; baseline -0.008 -10"><span class='ocrx_word' id='word_1_752' title='bbox 2086 4713 2277 4749; x_wconf 66' lang='grc' dir='ltr'>νιδιἮιιι</span> <span class='ocrx_word' id='word_1_753' title='bbox 2317 4697 2482 4749; x_wconf 87' lang='lat' dir='ltr'><strong>etiam</strong></span> <span class='ocrx_word' id='word_1_754' title='bbox 2518 4695 2761 4749; x_wconf 83' lang='lat' dir='ltr'><strong>omnium</strong></span> <span class='ocrx_word' id='word_1_755' title='bbox 2793 4693 3217 4747; x_wconf 82' lang='lat' dir='ltr'><strong>Chaldaicorum</strong></span> <span class='ocrx_word' id='word_1_756' title='bbox 3277 4697 3661 4758; x_wconf 79' lang='lat' dir='ltr'><strong>mysteriorum</strong></span> 
     </span>
    </p>
   </div>
   <div class='ocr_carea' id='block_1_104' title="bbox 2086 4778 3663 4857">
    <p class='ocr_par' dir='ltr' id='par_1_104' title="bbox 2086 4778 3663 4857">
     <span class='ocr_line' id='line_1_104' title="bbox 2086 4778 3663 4857; baseline -0.01 -13"><span class='ocrx_word' id='word_1_757' title='bbox 2086 4790 2349 4844; x_wconf 83' lang='lat' dir='ltr'><strong>sodalem.</strong></span> <span class='ocrx_word' id='word_1_758' title='bbox 2394 4788 2458 4841; x_wconf 83' lang='lat' dir='ltr'><strong>Et</strong></span> <span class='ocrx_word' id='word_1_759' title='bbox 2491 4801 2831 4857; x_wconf 63' lang='lat' dir='ltr'><strong>quaecunque</strong></span> <span class='ocrx_word' id='word_1_760' title='bbox 2867 4800 3060 4838; x_wconf 86' lang='lat' dir='ltr'><strong>rursus</strong></span> <span class='ocrx_word' id='word_1_761' title='bbox 3090 4798 3120 4837; x_wconf 88' lang='lat' dir='ltr'><strong>a</strong></span> <span class='ocrx_word' id='word_1_762' title='bbox 3152 4797 3324 4836; x_wconf 79' lang='lat' dir='ltr'><strong>sacris</strong></span> <span class='ocrx_word' id='word_1_763' title='bbox 3382 4778 3663 4847; x_wconf 80' lang='lat' dir='ltr'><strong>Scriptori-</strong></span> 
     </span>
    </p>
   </div>
   <div class='ocr_carea' id='block_1_105' title="bbox 2088 4870 3667 4949">
    <p class='ocr_par' dir='ltr' id='par_1_105' title="bbox 2088 4870 3667 4949">
     <span class='ocr_line' id='line_1_105' title="bbox 2088 4870 3667 4949; baseline -0.009 -14"><span class='ocrx_word' id='word_1_764' title='bbox 2088 4882 2194 4936; x_wconf 88' lang='lat' dir='ltr'><strong>bus</strong></span> <span class='ocrx_word' id='word_1_765' title='bbox 2232 4880 2429 4949; x_wconf 83' lang='lat' dir='ltr'><strong>priscis</strong></span> <span class='ocrx_word' id='word_1_766' title='bbox 2464 4880 2606 4948; x_wconf 84' lang='lat' dir='ltr'><strong>apud</strong></span> <span class='ocrx_word' id='word_1_767' title='bbox 2638 4877 2924 4948; x_wconf 66' lang='lat' dir='ltr'><strong>Aigyptios</strong></span> <span class='ocrx_word' id='word_1_768' title='bbox 2958 4877 3026 4930; x_wconf 90' lang='lat' dir='ltr'><strong>de</strong></span> <span class='ocrx_word' id='word_1_769' title='bbox 3053 4875 3217 4930; x_wconf 86' lang='lat' dir='ltr'><strong>rebus</strong></span> <span class='ocrx_word' id='word_1_770' title='bbox 3254 4870 3667 4926; x_wconf 69' lang='lat' dir='ltr'><strong>admirabilibes</strong></span> 
     </span>
    </p>
   </div>
   <div class='ocr_carea' id='block_1_106' title="bbox 2086 4965 3636 5041">
    <p class='ocr_par' dir='ltr' id='par_1_106' title="bbox 2086 4965 3636 5041">
     <span class='ocr_line' id='line_1_106' title="bbox 2086 4965 3636 5041; baseline -0.008 -16"><span class='ocrx_word' id='word_1_771' title='bbox 2086 4973 2213 5026; x_wconf 86' lang='lat' dir='ltr'><strong>libri</strong></span> <span class='ocrx_word' id='word_1_772' title='bbox 2246 4988 2309 5026; x_wconf 86' lang='lat' dir='ltr'><strong>ac</strong></span> <span class='ocrx_word' id='word_1_773' title='bbox 2334 4972 2578 5041; x_wconf 77' lang='lat' dir='ltr'><strong>mystica:</strong></span> <span class='ocrx_word' id='word_1_774' title='bbox 2606 4969 2947 5026; x_wconf 63' lang='lat' dir='ltr'><strong>cazremonia‘.</strong></span> <span class='ocrx_word' id='word_1_775' title='bbox 2967 4965 3435 5036; x_wconf 85' lang='lat' dir='ltr'><strong>subsequentibus</strong></span> <span class='ocrx_word' id='word_1_776' title='bbox 3455 4973 3636 5029; x_wconf 83' lang='lat' dir='ltr'><strong>tempo</strong></span> 
     </span>
    </p>
   </div>
   <div class='ocr_carea' id='block_1_107' title="bbox 2086 5048 3665 5130">
    <p class='ocr_par' dir='ltr' id='par_1_107' title="bbox 2086 5048 3665 5130">
     <span class='ocr_line' id='line_1_107' title="bbox 2086 5048 3665 5130; baseline -0.006 -15"><span class='ocrx_word' id='word_1_777' title='bbox 2086 5062 2238 5116; x_wconf 88' lang='lat' dir='ltr'><strong>ribus</strong></span> <span class='ocrx_word' id='word_1_778' title='bbox 2278 5060 2641 5125; x_wconf 85' lang='lat' dir='ltr'><strong>tradiderunt,</strong></span> <span class='ocrx_word' id='word_1_779' title='bbox 2684 5048 2740 5113; x_wconf 84' lang='lat' dir='ltr'><strong>et</strong></span> <span class='ocrx_word' id='word_1_780' title='bbox 2767 5075 3109 5130; x_wconf 74' lang='lat' dir='ltr'><strong>quaecunque</strong></span> <span class='ocrx_word' id='word_1_781' title='bbox 3137 5058 3386 5126; x_wconf 70' lang='lat' dir='ltr'><strong>dogmata</strong></span> <span class='ocrx_word' id='word_1_782' title='bbox 3430 5052 3665 5120; x_wconf 75' lang='lat' dir='ltr'><strong>Delpho—</strong></span> 
     </span>
    </p>
   </div>
   <div class='ocr_carea' id='block_1_108' title="bbox 2088 5144 3666 5224">
    <p class='ocr_par' dir='ltr' id='par_1_108' title="bbox 2088 5144 3666 5224">
     <span class='ocr_line' id='line_1_108' title="bbox 2088 5144 3666 5224; baseline -0.011 -13"><span class='ocrx_word' id='word_1_783' title='bbox 2088 5173 2208 5211; x_wconf 85' lang='lat' dir='ltr'><strong>rum</strong></span> <span class='ocrx_word' id='word_1_784' title='bbox 2251 5155 2488 5224; x_wconf 78' lang='lat' dir='ltr'><strong>theologi</strong></span> <span class='ocrx_word' id='word_1_785' title='bbox 2529 5155 3008 5222; x_wconf 68' lang='lat' dir='ltr'><strong>praescripserunt,</strong></span> <span class='ocrx_word' id='word_1_786' title='bbox 3046 5164 3223 5217; x_wconf 75' lang='lat' dir='ltr'><strong>neque</strong></span> <span class='ocrx_word' id='word_1_787' title='bbox 3266 5144 3527 5198; x_wconf 73' lang='lat' dir='ltr'><strong>remansit</strong></span> <span class='ocrx_word' id='word_1_788' title='bbox 3562 5145 3666 5207; x_wconf 78' lang='lat' dir='ltr'><strong>vii,</strong></span> 
     </span>
    </p>
   </div>
   <div class='ocr_carea' id='block_1_109' title="bbox 2085 5240 3667 5320">
    <p class='ocr_par' dir='ltr' id='par_1_109' title="bbox 2085 5240 3667 5320">
     <span class='ocr_line' id='line_1_109' title="bbox 2085 5240 3667 5320; baseline -0.009 -19"><span class='ocrx_word' id='word_1_789' title='bbox 2085 5250 2216 5320; x_wconf 85' lang='lat' dir='ltr'><strong>quin</strong></span> <span class='ocrx_word' id='word_1_790' title='bbox 2244 5249 2329 5301; x_wconf 90' lang='lat' dir='ltr'><strong>his</strong></span> <span class='ocrx_word' id='word_1_791' title='bbox 2358 5245 2607 5299; x_wconf 77' lang='lat' dir='ltr'><strong>initiatus</strong></span> <span class='ocrx_word' id='word_1_792' title='bbox 2638 5254 2800 5297; x_wconf 82' lang='lat' dir='ltr'><strong>esset.</strong></span> <span class='ocrx_word' id='word_1_793' title='bbox 2835 5240 3029 5294; x_wconf 84' lang='lat' dir='ltr'><strong>Verum</strong></span> <span class='ocrx_word' id='word_1_794' title='bbox 3054 5251 3107 5292; x_wconf 83' lang='lat' dir='ltr'><strong>et</strong></span> <span class='ocrx_word' id='word_1_795' title='bbox 3141 5241 3256 5292; x_wconf 67' lang='lat' dir='ltr'><strong>hmo</strong></span> <span class='ocrx_word' id='word_1_796' title='bbox 3294 5241 3433 5307; x_wconf 80' lang='lat' dir='ltr'><strong>ipsa,</strong></span> <span class='ocrx_word' id='word_1_797' title='bbox 3458 5248 3513 5289; x_wconf 88' lang='lat' dir='ltr'><strong>et</strong></span> <span class='ocrx_word' id='word_1_798' title='bbox 3540 5252 3667 5289; x_wconf 86' lang='lat' dir='ltr'><strong>cum</strong></span> 
     </span>
    </p>
   </div>
   <div class='ocr_carea' id='block_1_110' title="bbox 2088 5329 3668 5412">
    <p class='ocr_par' dir='ltr' id='par_1_110' title="bbox 2088 5329 3668 5412">
     <span class='ocr_line' id='line_1_110' title="bbox 2088 5329 3668 5412; baseline -0.013 -17"><span class='ocrx_word' id='word_1_799' title='bbox 2088 5341 2243 5412; x_wconf 79' lang='lat' dir='ltr'><strong>ipsis,</strong></span> <span class='ocrx_word' id='word_1_800' title='bbox 2279 5350 2624 5409; x_wconf 81' lang='lat' dir='ltr'><strong>quacunque</strong></span> <span class='ocrx_word' id='word_1_801' title='bbox 2653 5335 2804 5388; x_wconf 84' lang='lat' dir='ltr'><strong>Plato</strong></span> <span class='ocrx_word' id='word_1_802' title='bbox 2847 5335 2914 5388; x_wconf 85' lang='lat' dir='ltr'><strong>ab</strong></span> <span class='ocrx_word' id='word_1_803' title='bbox 2964 5334 3102 5387; x_wconf 86' lang='lat' dir='ltr'><strong>urbe</strong></span> <span class='ocrx_word' id='word_1_804' title='bbox 3155 5329 3495 5391; x_wconf 78' lang='lat' dir='ltr'><strong>Atheniensi,</strong></span> <span class='ocrx_word' id='word_1_805' title='bbox 3527 5339 3582 5380; x_wconf 87' lang='lat' dir='ltr'><strong>et</strong></span> <span class='ocrx_word' id='word_1_806' title='bbox 3639 5348 3668 5375; x_wconf 76' lang='grc' dir='ltr'>ι’</span> 
     </span>
    </p>
   </div>
   <div class='ocr_carea' id='block_1_111' title="bbox 2087 5423 3663 5503">
    <p class='ocr_par' dir='ltr' id='par_1_111' title="bbox 2087 5423 3663 5503">
     <span class='ocr_line' id='line_1_111' title="bbox 2087 5423 3663 5503; baseline -0.013 -14"><span class='ocrx_word' id='word_1_807' title='bbox 2087 5435 2252 5489; x_wconf 86' lang='lat' dir='ltr'><strong>Samo</strong></span> <span class='ocrx_word' id='word_1_808' title='bbox 2280 5433 2613 5503; x_wconf 68' lang='lat' dir='ltr'><strong>Pythagoras</strong></span> <span class='ocrx_word' id='word_1_809' title='bbox 2643 5429 2708 5483; x_wconf 86' lang='lat' dir='ltr'><strong>ad</strong></span> <span class='ocrx_word' id='word_1_810' title='bbox 2738 5428 3024 5498; x_wconf 64' lang='lat' dir='ltr'><strong>Aigyptios</strong></span> <span class='ocrx_word' id='word_1_811' title='bbox 3055 5424 3302 5480; x_wconf 83' lang='lat' dir='ltr'><strong>discendi</strong></span> <span class='ocrx_word' id='word_1_812' title='bbox 3334 5423 3509 5493; x_wconf 74' lang='lat' dir='ltr'><strong>gratia</strong></span> <span class='ocrx_word' id='word_1_813' title='bbox 3533 5436 3663 5473; x_wconf 85' lang='lat' dir='ltr'><strong>ven-</strong></span> 
     </span>
    </p>
   </div>
   <div class='ocr_carea' id='block_1_112' title="bbox 2087 5512 3667 5587">
    <p class='ocr_par' dir='ltr' id='par_1_112' title="bbox 2087 5512 3667 5587">
     <span class='ocr_line' id='line_1_112' title="bbox 2087 5512 3667 5587; baseline -0.011 -7"><span class='ocrx_word' id='word_1_814' title='bbox 2087 5528 2310 5580; x_wconf 78' lang='lat' dir='ltr'><strong>titantes</strong></span> <span class='ocrx_word' id='word_1_815' title='bbox 2338 5524 2575 5577; x_wconf 78' lang='lat' dir='ltr'><strong>assecuti</strong></span> <span class='ocrx_word' id='word_1_816' title='bbox 2602 5534 2730 5575; x_wconf 87' lang='lat' dir='ltr'><strong>sunt</strong></span> <span class='ocrx_word' id='word_1_817' title='bbox 2759 5537 2774 5587; x_wconf 89' lang='lat'>;</span> <span class='ocrx_word' id='word_1_818' title='bbox 2799 5523 2963 5573; x_wconf 82' lang='lat' dir='ltr'><strong>etiam</strong></span> <span class='ocrx_word' id='word_1_819' title='bbox 3016 5520 3103 5573; x_wconf 74' lang='lat' dir='ltr'><strong>ille</strong></span> <span class='ocrx_word' id='word_1_820' title='bbox 3147 5519 3226 5569; x_wconf 76' lang='lat' dir='ltr'><strong>vir</strong></span> <span class='ocrx_word' id='word_1_821' title='bbox 3258 5516 3474 5569; x_wconf 82' lang='lat' dir='ltr'><strong>fortiter</strong></span> <span class='ocrx_word' id='word_1_822' title='bbox 3521 5512 3667 5565; x_wconf 84' lang='lat' dir='ltr'><strong>circa</strong></span> 
     </span>
    </p>
   </div>
   <div class='ocr_carea' id='block_1_113' title="bbox 2089 5614 3667 5681">
    <p class='ocr_par' dir='ltr' id='par_1_113' title="bbox 2089 5614 3667 5681">
     <span class='ocr_line' id='line_1_113' title="bbox 2089 5614 3667 5681; baseline -0.008 -8"><span class='ocrx_word' id='word_1_823' title='bbox 2089 5619 2248 5673; x_wconf 86' lang='lat' dir='ltr'><strong>talem</strong></span> <span class='ocrx_word' id='word_1_824' title='bbox 2308 5616 2679 5672; x_wconf 85' lang='lat' dir='ltr'><strong>debacchatus</strong></span> <span class='ocrx_word' id='word_1_825' title='bbox 2715 5623 2799 5669; x_wconf 87' lang='lat' dir='ltr'><strong>est</strong></span> <span class='ocrx_word' id='word_1_826' title='bbox 2846 5628 3115 5667; x_wconf 86' lang='lat' dir='ltr'><strong>mensam.</strong></span> <span class='ocrx_word' id='word_1_827' title='bbox 3144 5614 3247 5681; x_wconf 76' lang='lat' dir='ltr'><strong>Ipsi</strong></span> <span class='ocrx_word' id='word_1_828' title='bbox 3304 5627 3468 5680; x_wconf 79' lang='lat' dir='ltr'><strong>porro</strong></span> <span class='ocrx_word' id='word_1_829' title='bbox 3522 5621 3667 5664; x_wconf 67' lang='lat' dir='ltr'><strong>curae</strong></span> 
     </span>
    </p>
   </div>
   <div class='ocr_carea' id='block_1_114' title="bbox 2086 5708 3663 5778">
    <p class='ocr_par' dir='ltr' id='par_1_114' title="bbox 2086 5708 3663 5778">
     <span class='ocr_line' id='line_1_114' title="bbox 2086 5708 3663 5778; baseline -0.009 -11"><span class='ocrx_word' id='word_1_830' title='bbox 2086 5712 2191 5767; x_wconf 80' lang='lat' dir='ltr'><strong>fuit</strong></span> <span class='ocrx_word' id='word_1_831' title='bbox 2219 5725 2381 5766; x_wconf 83' lang='lat' dir='ltr'><strong>nosse</strong></span> <span class='ocrx_word' id='word_1_832' title='bbox 2407 5708 2613 5774; x_wconf 77' lang='lat' dir='ltr'><strong>onioia,</strong></span> <span class='ocrx_word' id='word_1_833' title='bbox 2642 5723 2764 5778; x_wconf 66' lang='lat' dir='ltr'><strong>qua:</strong></span> <span class='ocrx_word' id='word_1_834' title='bbox 2797 5708 3256 5778; x_wconf 65' lang='lat' dir='ltr'><strong>priestigiatorum</strong></span> <span class='ocrx_word' id='word_1_835' title='bbox 3295 5718 3349 5758; x_wconf 84' lang='lat' dir='ltr'><strong>ct</strong></span> <span class='ocrx_word' id='word_1_836' title='bbox 3387 5715 3663 5773; x_wconf 72' lang='lat' dir='ltr'><strong>magorum</strong></span> 
     </span>
    </p>
   </div>
   <div class='ocr_carea' id='block_1_115' title="bbox 2089 5799 3661 5870">
    <p class='ocr_par' dir='ltr' id='par_1_115' title="bbox 2089 5799 3661 5870">
     <span class='ocr_line' id='line_1_115' title="bbox 2089 5799 3661 5870; baseline -0.006 -14"><span class='ocrx_word' id='word_1_837' title='bbox 2089 5818 2249 5860; x_wconf 77' lang='lat' dir='ltr'><strong>voces</strong></span> <span class='ocrx_word' id='word_1_838' title='bbox 2276 5802 2662 5866; x_wconf 86' lang='lat' dir='ltr'><strong>instituerunt,</strong></span> <span class='ocrx_word' id='word_1_839' title='bbox 2698 5815 2978 5870; x_wconf 89' lang='lat' dir='ltr'><strong>nunquam</strong></span> <span class='ocrx_word' id='word_1_840' title='bbox 3009 5812 3190 5857; x_wconf 78' lang='lat' dir='ltr'><strong>tan-.eu</strong></span> <span class='ocrx_word' id='word_1_841' title='bbox 3242 5799 3344 5853; x_wconf 78' lang='lat' dir='ltr'><strong>ista</strong></span> <span class='ocrx_word' id='word_1_842' title='bbox 3398 5808 3661 5860; x_wconf 76' lang='lat' dir='ltr'><strong>exercuit,</strong></span> 
     </span>
    </p>
   </div>
  </div>
