4016 6472
372 410 478 487 5:25

1250 400 1577 479 seiiouA
1626 420 1704 478 lN
1743 386 2130 476 SYNESIUM
2178 410 2276 473 DE
2317 387 2749 473 INSOMNIIS.

3520 402 3624 469 521i

369 540 597 608 κόσμιον
626 538 776 592 τουτὶ
803 536 1036 606 θέατρον
1064 530 1159 587 τοῦ
1194 529 1394 595 παντὸς
1444 530 1810 601 ἀνακύψαντι,
1866 529 1944 600 μὴ
1971 531 2022 587 Α
2047 525 2276 579 σοῦτον
2314 524 2504 580 αὐτοῦ
2529 542 2597 597 τε
2625 525 2712 593 μὴ
2773 525 3171 595 σκεψαμένου
3210 524 3274 577 τὸ
3329 525 3629 590 σύνοδον,

371 632 435 685 οὐ
475 632 694 686 πάντων
718 630 1064 700 πραγμάτων
1097 629 1195 681 καὶ
1220 628 1394 694 λόγων
1453 626 1545 678 καὶ
1576 623 1949 693 ἐπιτηδευμά-

370 743 482 778 των
537 725 660 787 τοὺς
707 725 924 790 λόγους,
982 725 1057 784 ὡς
1112 720 1334 788 ἐφικτὸν
1400 719 1677 783 ἐξετάζειν
1731 735 1790 770 τε
1855 716 1949 768 καὶ

370 815 702 884 ίχνηλατεῖν,
733 814 830 867 καὶ
857 816 966 866 τῶν
1000 813 1101 884 μὲν
1127 810 1371 881 ἔχεσθαι,
1402 810 1511 863 τῶν
1545 811 1590 863 δ’
1617 807 1945 878 ἀπέχεσθαι.

367 905 482 958 Καὶ
517 904 678 974 μέχρι
709 905 810 972 μὲν
835 901 1037 968 Ἕλλην
1067 903 1134 971 τῇ
1181 899 1307 970 δόξῃ
1361 900 1648 969 τυγχάνων
1702 896 1793 970 ἦν,
1855 916 1947 969 μι-

370 997 509 1063 κροῦ
541 999 759 1050 πάντων
791 998 971 1066 εἴχετο
991 1011 1005 1025 ⁶
1057 994 1154 1061 ἀφ’
1176 987 1238 1047 οὗ
1264 993 1323 1046 δὲ
1379 992 1480 1061 τὴν
1515 991 1771 1061 ἁλμυρὰν
1803 992 1949 1044 ὲκεί-

367 1107 468 1158 νην
495 1090 666 1151 ἀκοὴν
701 1089 855 1151 ὅπως
904 1088 1036 1139 ποτὲ
1084 1085 1455 1144 ἀπεκλύσατο,
1518 1102 1584 1152 τη
1601 1085 1824 1136 ιικαῦτα
1879 1082 1945 1148 δὴ

541 1180 653 1233 τῶν
733 1179 1004 1233 πλείστων
1072 1179 1369 1248 ἀπέσχετο,
1450 1179 1629 1231 ὁπόσα
1690 1176 1947 1241 ζιζανίων

367 1274 529 1343 δίκην
557 1272 793 1344 ἠνώχλει
824 1271 888 1325 τὸ
918 1271 1161 1342 καθαρόν
1190 1284 1250 1324 τε
1278 1273 1372 1324 καὶ
1396 1269 1636 1340 εῦσταγυ
1666 1272 1839 1342 λήϊον.

440 1365 601 1436 Γνοίη
629 1366 726 1433 μὲν
757 1360 852 1418 οὖν
904 1365 970 1420 ἀν
1020 1382 1105 1426 τις
1141 1364 1246 1428 κάξ
1297 1357 1374 1417 ὧν
1431 1363 1610 1416 ἀλλων
1661 1364 1822 1426 αὐτὸς
1860 1362 1945 1429 γέ-

366 1475 549 1527 γραφε
583 1458 785 1526 βίϐλων
815 1457 912 1511 καὶ
943 1457 1119 1525 λόγων
1143 1471 1161 1489 ’
1192 1454 1349 1524 γνοίη
1396 1453 1441 1508 δ’
1495 1456 1563 1509 ἀν
1628 1454 1832 1524 μᾶλλον
1884 1455 1947 1507 ὲκ

367 1552 523 1607 τοῦδε
549 1551 644 1606 τοῦ
676 1550 836 1619 λόγου
866 1550 937 1605 τά
959 1568 1018 1603 τε
1052 1550 1210 1614 ἀλλα,
1261 1550 1358 1603 καὶ
1417 1549 1499 1602 ἔτι
1557 1547 1658 1620 τὴν
1700 1548 1948 1617 πολυμά-

369 1647 523 1699 θειαν
549 1647 645 1700 καὶ
680 1646 964 1717 περίνοιαν
997 1643 1093 1698 τοῦ
1124 1645 1341 1714 ἀνδρὸς,
1378 1644 1478 1698 καὶ
1524 1644 1674 1707 ὅπως
1724 1643 1947 1713 φιλόσο-

368 1748 469 1808 φος
497 1739 595 1808 μὲν
617 1740 651 1807 ἡ
696 1737 959 1805 πρόθεσις
991 1736 1144 1807 αὐτῷ
1171 1736 1473 1806 πανταχοῦ,
1501 1737 1595 1790 καὶ
1636 1732 1768 1806 ἦθος
1782 1736 1946 1802 ἀξιω-

370 1832 605 1901 ματικὸν
629 1832 723 1883 καὶ
758 1829 957 1899 σεμνὸν
986 1832 1099 1891 τοῖς
1154 1830 1348 1881 τούτου
1402 1828 1639 1898 χείλεσιν
1690 1828 1941 1881 ὲπανθεϊο

367 1183 466 1234 καὶ

367 1920 589 1974 πάντων
608 1920 664 1972 δὲ
693 1918 931 1973 ἐνταῦθα
969 1920 1227 1987 μάλιστα,
1272 1917 1369 1971 ﬁt:
1423 1919 1523 1973 καὶ
1573 1920 1696 1983 ταῖς
1730 1917 1946 1981 ἀδύτοις

367 2013 480 2067 τῶν
513 2013 874 2081 παγκοσμίων
907 2012 1002 2065 καὶ
1037 2011 1175 2081 ὑπὲρ
1212 2010 1375 2079 φύσιν
1416 2011 1699 2077 ὲξετάσεσι
1749 2026 1947 2081 συνορί-

367 2104 654 2173 γιάζοντός
673 2119 733 2155 τε
764 2102 860 2157 καὶ
888 2102 1385 2173 συμϐακχεύοντος,
1440 2104 1536 2155 καὶ
1590 2097 1703 2155 οἷον
1761 2102 1948 2155 ὲνθου-

371 2197 618 2259 σιῶντος,
658 2195 914 2263 καθάπερ
949 2197 999 2247 οί
1057 2193 1377 2264 θεομάντεις
1430 2212 1490 2247 τε
1545 2195 1642 2249 καὶ
1690 2195 1947 2264 φοιϐόλη-

369 2307 522 2345 πτοι.
564 2291 674 2344 Kal.
705 2289 814 2362 γὰρ
852 2289 941 2342 ἵνα
978 2290 1101 2351 ταῖς
1158 2287 1327 2341 αὐτοῦ
1385 2304 1449 2354 γε
1511 2287 1827 2356 ὁμολογίαις
1871 2285 1946 2349 ὡς

370 2383 557 2453 ἔχουσι
587 2382 831 2442 διανοίας
862 2382 959 2435 καὶ
1002 2380 1166 2445 αὐτὸς
1193 2378 1449 2433 ἐνταυθοί
1468 2379 1786 2449 χρήσωμαι,
1837 2377 1948 2430 δεί-

372 2493 532 2527 κνυσι
565 2475 704 2545 πρὸς
741 2472 840 2543 τὴν
870 2471 1161 2542 φιλόσοφον
1223 2472 1321 2524 καὶ
1376 2471 1702 2525 διδάσκαλον
1773 2470 1949 2522 Ὑπα-

371 2568 521 2628 τίαν,
550 2566 626 2629 ὡς
655 2565 750 2619 τοῦ
774 2565 914 2619 Θεοῦ
940 2563 1264 2634 κινήσαντός
1290 2579 1350 2615 τε
1381 2563 1476 2617 καὶ
1503 2561 1947 2630 ἀναγκάσαντος,

370 2660 466 2712 τὸν
503 2658 750 2729 παρόντα
786 2657 1023 2724 ἐξέθετο,
1071 2655 1165 2710 καὶ
1212 2655 1381 2719 αὐτὸς
1413 2655 1513 2723 μὲν
1557 2653 1658 2717 τὴν
1704 2655 1950 2724 γραφίδα

372 2753 628 2823 ἔχρησεν,
656 2751 848 2821 ὥσπερ
877 2749 981 2814 ἔξω
1009 2749 1305 2817 γενόμενος
1352 2746 1571 2800 ἑαυτοῦ.
1603 2746 1751 2811 Θεὸς
1780 2745 1849 2798 δὲ
1880 2745 1949 2799 τὸ

373 2842 498 2898 πᾶν
556 2841 674 2910 τὴν
732 2842 1033 2910 ταχίστην
1087 2838 1495 2906 ἐξείργασται,
1533 2837 1736 2905 λόγων
1774 2836 1951 2889 αὐτο·

372 2933 636 3003 axe-dicor
661 2934 975 3003 ἀφθόνους
1004 2933 1206 3002 πηγὰς
1240 2930 1624 2997 ὑποϐάλλων,
1662 2932 1823 3000 παρὰ
1850 2947 1946 2984 ro-

374 3112 470 3167 sed
489 3125 675 3165 earum
697 3126 880 3165 rerum
909 3109 964 3164 in
993 3109 1211 3165 arcanis
1264 3106 1653 3163 delitescentes
1705 3105 1949 3161 rationes

2052 614 2190 683 παρ’
2220 614 2372 668 ὅσον
2402 613 2501 668 καί
2525 614 2790 682 ὕστερον
2816 615 3073 670 ἐπιόντα
3087 615 3297 680 αὑτὸν,
3335 616 3417 681 ὡς
3448 618 3632 683 αὐτός

2050 708 2119 776 τέ
2151 723 2366 776 φησιν.
2422 707 2599 762 ἔστιν
2644 702 2738 773 οἷς
2791 705 2912 761 τῶν
2984 706 3178 775 μερῶν
3224 706 3291 774 ἐς
3335 708 3634 762 πλεῖστον

2049 802 2304 868 ἀπόροις
2362 799 2734 868 χρήσασθαι.
2796 798 2919 854 τῶν
2985 800 3320 869 ἀλλοτρίως
3365 800 3636 870 ἐχόντων

2049 893 2377 948 ἁπεοικότα
2399 892 2596 962 μηδὲν
2619 895 2709 957 εἰς
2733 892 2802 947 τὸ
2857 893 3018 947 ἴδιον
3082 895 3467 964 σύγγραμμα.
3524 897 3635 948 Καὶ

2050 984 2212 1053 δῆλον
2236 982 2533 1038 κάντεῦθεν
2565 982 2736 1037 τουτί.
2781 984 2890 1038 Καὶ
2919 984 3029 1055 γὰρ
3057 983 3161 1052 τῆς
3214 984 3309 1037 τοῦ
3359 988 3632 1055 παρόντος

2050 1077 2214 1143 λῦγου
2247 1076 2493 1139 διανοίας
2526 1075 2755 1147 senm;
2782 1093 2842 1129 τε
2890 1076 2988 1130 καὶ
3040 1077 3311 1147 αἰθερίοις
3359 1095 3633 1148 φρουρου-

2054 1169 2224 1238 μένης
2253 1170 2369 1230 τοῖς
2406 1168 2843 1238 ἐνθουσιασμοῖς,
2886 1168 2985 1222 καὶ
3041 1169 3185 1223 οὖτω
3248 1169 3630 1241 θεολογούσης.

2048 1260 2168 1315 δέον
2189 1261 2287 1331 τὴν
2319 1260 2451 1330 γοῦν
2475 1260 2582 1314 ἀπὸ
2613 1262 2713 1325 τῆς
2743 1260 2946 1329 λέξεως
3003 1262 3162 1331 ἄγειν
3212 1263 3478 1335 γαλήνην,
3536 1269 3634 1318 καὶ

2052 1353 2127 1425 μὴ
2191 1354 2268 1423 τῷ
2320 1354 2531 1422 ταύτης
2589 1353 2748 1424 ἀήθει
2808 1355 3094 1425 συγκυκᾷν
3145 1354 3240 1409 τὸν
3308 1357 3631 1425 ἐγκείμενον

2048 1447 2317 1509 νοῦν,κα“ι
2346 1446 2585 1517 ζημιοῦν
2616 1447 2725 1500 τῶν
2772 1447 3079 1515 φιλολόγων
3126 1448 3309 1502 ἀκοῶν
3356 1448 3456 1520 τὴν
3514 1450 3634 1518 λιχ-

2047 1540 2197 1593 νείαν
2220 1556 2234 1571 ο
2266 1539 2343 1608 τῷ
2369 1539 2426 1592 δὲ
2472 1539 2583 1593 οὐδ’
2614 1541 2648 1611 ἡ
2699 1539 2847 1603 λέξις
2904 1540 3341 1611 ἀχρησμιξώητος
3383 1542 3630 1611 ἔμεινεν.

2048 1631 2170 1685 οὐδὲ
2198 1630 2648 1702 φλεγμαινούσης
2702 1630 2848 1685 οὓτω
2899 1632 3143 1695 διανοίας
3192 1633 3356 1699 ὄγκον
3415 1634 3632 1700 εἰλήφει

2050 1722 2250 1794 σχολὴν
2302 1722 2567 1793 μειδιώσῃ
2620 1722 2845 1797 γλώσσῃ
2919 1723 3447 1795 παραμυθήσασθαι,
3496 1726 3634 1780 ἀ).λά

2058 1816 2124 1883 τῇ
2162 1812 2425 1883 συνηθείᾳ
2455 1811 2735 1866 κάνταῦθα
2766 1813 3065 1883 ἐχρήσατο.
3097 1815 3208 1885 Τῆς
3239 1815 3349 1883 γάρ
3396 1832 3479 1868 τοι
3532 1818 3634 1886 φύ-

2049 1922 2187 1968 σεως
2231 1903 2439 1973 πολλὴν
2460 1904 2629 1957 αὑτοῦ
2664 1907 2729 1973 τῇ
2762 1904 2979 1977 γλώττῃ
3009 1906 3406 1976 χορηγησάσης
3447 1908 3519 1970 ὡς
3570 1910 3631 1974 ἕξ

2047 1997 2365 2066 αὐτομάτου
2398 1997 2586 2067 πηγῆς
2611 1995 2711 2067 τὴν
2760 1996 3018 2050 εὐκολίαν
3053 1997 3150 2050 καὶ
3197 1999 3528 2069 ἀστειότητα
3551 2019 3564 2034 ·
3602 2003 3630 2053 ὁ

2046 2090 2103 2144 δὲ
2134 2087 2441 2155 ξενίζουσιν
2478 2088 2592 2142 ἐσθ’
2619 2090 2725 2158 ὅπη
2778 2089 2878 2142 καὶ
2910 2070 3223 2159 θπερορίοις
3254 2090 3412 2161 ἧθεσί
3441 2108 3500 2143 τε
3536 2096 3632 2148 καὶ

2048 2180 2225 2245 λέξεσι
2257 2182 2541 2249 χρώμενος
2568 2181 2798 2250 πλήττει
2829 2180 2930 2253 τὴν
2961 2181 3156 2252 ἀκοὴν,
3188 2183 3285 2235 καὶ
3309 2178 3421 2238 οἷον
3452 2185 3632 2253 ἀμύσο

2050 2291 2134 2326 σει
2161 2276 2259 2329 καὶ
2288 2273 2488 2337 κνίζει,
2510 2274 2769 2344 καθάπερ
2797 2276 2897 2345 τὴν
2934 2273 3045 2327 τῶν
3077 2273 3413 2346 τρυγώντων
3455 2279 3634 2332 παλά-

2052 2383 2163 2437 μην
2193 2368 2226 2436 ἡ
2255 2366 2385 2438 περὶ
2415 2368 2479 2419 τὸ
2519 2365 2677 2436 ῥόδον
2705 2364 2947 2420 ἄκανθα.
2996 2365 3150 2419 Φιλεῖ
3183 2367 3294 2437 γὰρ
3344 2370 3481 2430 τοῖς,
3515 2369 3632 2421 ὃιοι

2048 2457 2342 2526 διαφόρους
2367 2458 2494 2520 τοὺς
2522 2457 2724 2521 τόπους
2771 2456 3015 2512 οἰκοῦσιν
3042 2457 3348 2528 ἀρθρωποι,
3407 2458 3634 2530 ίδιοτροα

2049 2549 2151 2603 πία
2179 2550 2325 2612 τινὸς
2353 2548 2518 2619 ἤθους
2538 2548 2656 2619 ἅμα
2693 2548 2791 2601 καὶ
2820 2547 3087 2620 γλώττης,
3126 2550 3384 2620 καθάπερ
3416 2566 3468 2603 τι
3491 2552 3631 2619 οὐμ-

2053 2658 2224 2710 φυτον
2257 2642 2430 2706 πάθος
2453 2641 2791 2709 ἀκολουθεῖν,
2822 2642 3117 2698 κάντεῦθεν
3149 2645 3492 2714 συμϐαίνειν.
3525 2648 3634 2698 Καὶ

2050 2734 2106 2787 εί
2129 2750 2213 2800 τις
2235 2737 2446 2790 ἐκεῖθεν
2498 2735 2637 2806 πρὸς
2665 2735 3057 2798 ἀττικίζουσαν
3086 2737 3260 2809 ἀκοὴν
3318 2738 3634 2807 ἀφικνεῖται

2053 2826 2274 2899 γραφὴ,
2306 2827 2555 2882 τοιούτου
2594 2828 2740 2892 τινὸς
2772 2829 3127 2899 χαρακτῆρος
3179 2831 3491 2899 ἐπάγεσθαι
3540 2832 3636 2887 θά-

2052 2921 2286 2978 λασσαν.
2328 2916 2660 2992 Πτολὲμαῖδι
2690 2922 2801 2993 γὰρ
2829 2923 2924 2976 καὶ
2959 2923 3362 2997 Ἀλεξανδρεία,
3410 2928 3506 2980 καὶ
3558 2927 3636 2996 τῷ

2051 3101 2145 3169 rit,
2195 3113 2253 3157 et
2299 3101 2417 3173 ipse
2463 3101 2687 3174 quidem
2748 3103 2947 3174 stylum
3010 3103 3428 3169 aeommodarit,
3478 3110 3637 3176 quasi

372 3205 634 3259 extremis
677 3203 902 3258 auribus
923 3201 1279 3273 percurrisse,
1312 3199 1456 3255 istud
1516 3198 1751 3253 maxime
1790 3214 1952 3253 cura-
1981 3209 2023 3266 ε
2054 3205 2210 3251 extra
2233 3211 2292 3251 se
2315 3196 2495 3267 ipsum
2515 3196 2893 3266 factus.iDeus
2919 3208 3078 3267 porro
3102 3206 3271 3253 totum
3320 3198 3453 3253 illud
3476 3217 3637 3272 quant

376 3297 473 3350 vit.
504 3295 654 3350 Haud
675 3296 878 3365 quippe
910 3295 992 3349 fas
1025 3302 1111 3349 est
1143 3295 1265 3348 viro
1313 3293 1550 3363 sapienti
1584 3307 1647 3347 ac
1697 3292 1950 3347 discendi

373 3388 577 3457 cupido
608 3387 661 3440 in
701 3387 807 3441 hoc
830 3385 979 3441 omni
1018 3400 1086 3440 ex
1108 3394 1267 3455 parte
1291 3394 1544 3438 ornatum
1576 3385 1769 3437 mundi
1802 3385 1955 3439 thea-

375 3489 519 3532 trum
540 3478 731 3532 oculos
757 3475 1023 3541 ﬂectenti,
1057 3475 1190 3545 quin
1225 3474 1472 3529 omnium
1503 3487 1687 3529 rerum
1738 3490 1952 3529 sermo-

376 3588 523 3632 nem.
550 3579 608 3626 et
632 3570 1011 3624 institutorum
1042 3568 1307 3632 rationes,
1341 3577 1608 3637 quantum
1663 3566 1825 3621 datur
1868 3581 1955 3620 as-

376 3664 558 3734 sequi,
603 3663 849 3733 exploret
881 3669 938 3717 et
990 3660 1308 3732 investiget,
1361 3668 1422 3713 ut
1474 3658 1561 3713 bis
1600 3657 1836 3720 insistat,
1883 3657 1952 3712 ab

380 3757 501 3812 aliis
544 3770 676 3810 vero
727 3770 787 3810 se
843 3754 1134 3809 abstineat.
1185 3753 1253 3807 Et
1301 3752 1482 3823 quoad
1535 3749 1759 3805 Graecus
1812 3759 1951 3813 erat,

377 3849 562 3901 animo
616 3846 790 3901 ferme
848 3845 1034 3899 omnia
1088 3843 1577 3913 complectebatur.
1628 3839 1734 3896 Sed
1789 3840 1953 3895 simul

379 3949 542 4007 atque
562 3951 808 3990 amarum
837 3934 991 3989 illum
1019 3933 1267 3988 auditum
1311 3942 1591 4001 utcunque
1618 3930 1811 3994 abluit,
1838 3939 1952 3984 tum

381 4032 598 4082 demum
626 4044 757 4082 sane
784 4028 951 4083 etiam
985 4043 1015 4081 a
1072 4025 1323 4097 pluribus
1350 4040 1409 4081 se
1462 4023 1768 4078 abstinuit:
1800 4040 1954 4092 quae—

379 4135 599 4190 cunque
620 4120 795 4173 instar
816 4120 1075 4174 foliorum
1105 4117 1411 4172 molestiam
1459 4115 1796 4172 exhibebant
1840 4116 1955 4168 sin-

379 4215 524 4269 ceris
541 4222 709 4283 atque
739 4212 911 4266 firmis
940 4211 1245 4282 segetibus;

452 4310 722 4365 (ἔπεισι-ειη]
755 4308 971 4362 noverit
1001 4305 1275 4376 quispiam
1317 4312 1374 4360 et
1397 4319 1463 4359 cx
1490 4301 1636 4368 aliis,
1664 4314 1804 4374 quos
1838 4301 1954 4372 ipse

381 4402 621 4470 scripsit,
655 4400 811 4454 libris
846 4408 902 4453 et
918 4397 1287 4463 orationibus,
1337 4397 1554 4450 noverit
1584 4408 1763 4450 autem
1807 4410 1957 4452 com—

384 4491 600 4546 modius
632 4506 698 4544 ex
725 4491 826 4544 bac
852 4489 1102 4543 oratione
1133 4497 1189 4542 ct
1218 4487 1321 4541 alia
1355 4496 1412 4541 et
1468 4497 1733 4555 prieterea
1764 4488 1954 4540 multi-

381 4584 579 4653 plicem
601 4583 964 4638 eruditionem
992 4597 1056 4635 ac
1091 4580 1368 4634 solertiam
1400 4580 1524 4643 viri,
1554 4591 1609 4633 et
1644 4590 1704 4632 ut
1727 4580 1955 4633 intentio

382 4676 603 4745 quidem
625 4675 1001 4745 philosOpbica
1023 4675 1077 4726 in
1118 4673 1238 4742 ipso
1275 4672 1498 4740 ubique,
1526 4681 1582 4725 et
1612 4671 1825 4725 indoles
1870 4686 1961 4724 ve-

386 4769 625 4822 neranda
658 4783 721 4821 ac
750 4766 1033 4837 splendida
1068 4766 1121 4819 in
1158 4764 1279 4834 ejus
1313 4763 1474 4817 labiis
1508 4761 1818 4817 efllorescit.
1852 4762 1959 4817 Sed

382 4864 475 4917 hic
504 4863 559 4916 in
591 4862 802 4930 primis,
838 4867 1029 4927 utpote
1058 4858 1225 4912 etiam
1255 4857 1308 4909 in
1341 4855 1741 4910 secretioribus
1777 4870 1961 4909 rerqu

380 4954 855 5008 ornatissimarum
887 4963 944 5005 et
992 4966 1158 5020 supra
1220 4956 1471 5003 naturam
1527 4947 1828 5017 positarum
1866 4964 1963 5001 ex-

380 5044 752 5114 plorautibus,
784 5042 1143 5095 caeremonias
1169 5053 1292 5092 cum
1348 5047 1595 5108 peragat,
1617 5050 1782 5106 atque
1813 5037 1960 5091 divi-

380 5155 455 5192 no
491 5140 679 5192 furore
708 5137 942 5199 amatus,
970 5148 1036 5187 se
1069 5133 1232 5186 veluti
1271 5132 1493 5187 numine
1520 5132 1829 5185 concitatus
1859 5133 1956 5196 sit,

383 5228 844 5298 quemadmodum
896 5234 1048 5281 vates
1095 5225 1264 5278 divini
1324 5234 1381 5277 et
1444 5223 1634 5279 Plitebi
1698 5223 1957 5279 vaticinio

381 5316 644 5387 correpti.
716 5315 931 5369 Etenim
982 5323 1046 5368 ut
1109 5313 1284 5383 ipsius
1341 5314 1558 5368 interim
1614 5314 1956 5383 professione

386 5424 550 5480 prout
578 5412 630 5462 in
658 5425 719 5464 ca
750 5423 807 5462 se
835 5408 1195 5472 habetmens,
1220 5407 1384 5461 etiam
1416 5421 1517 5474 ego
1551 5409 1603 5458 in
1668 5407 1957 5475 pnescntia

382 5515 534 5568 utar,
589 5500 878 5556 indicated
907 5499 1191 5571 sapientiae
1233 5500 1533 5553 studiosam
1559 5509 1613 5552 et
1645 5499 1962 5569 magistram

386 5597 674 5666 Hypatium
701 5595 801 5665 (l),
831 5606 889 5647 ut
922 5602 1178 5662 tauquam
1231 5592 1342 5646 Deo
1387 5593 1505 5660 ejus
1532 5591 1776 5646 animum
1833 5594 1966 5646 inci-

387 5700 541 5745 tante
574 5698 738 5758 atque
759 5697 1011 5756 cogente.
1051 5696 1372 5756 praesentem
1428 5700 1740 5755 sermonem
1780 5688 1969 5741 edide-

461 5847 539 5916 (l)
586 5845 717 5901 Vide
744 5845 997 5900 eumdem
1032 5852 1237 5897 tomum
1271 5843 1450 5906 LXVI,
1487 5843 1590 5897 col.
1628 5844 1788 5898 1557.

2056 3290 2296 3346 ocissime
2329 3290 2629 3344 construxit
2655 3298 2717 3343 at:
2739 3290 2951 3344 molitus
2982 3297 3079 3355 est,
3136 3295 3409 3345 verborum
3458 3295 3642 3363 efﬁca-

2055 3384 2195 3437 ciam
2223 3393 2272 3437 et
2299 3383 2357 3437 in
2385 3390 2633 3453 promptu
2663 3383 2954 3453 positorum
3008 3393 3641 3454 ertemporaneormnqve

2055 3475 2222 3544 fontes
2250 3474 2516 3544 aﬂuentes
2547 3482 2597 3529 et
2639 3475 2932 3528 uberrimos
2956 3490 3262 3544 suggerens,
3295 3483 3343 3529 et
3388 3493 3477 3529 ore
3512 3495 3635 3547 pro-

2058 3583 2240 3623 mens:
2265 3578 2315 3621 el
2347 3576 2556 3621 tantum
2584 3568 2748 3636 abfuit
2777 3576 2834 3618 ut
2865 3568 2977 3635 ipse
3002 3565 3252 3637 Synesius
3301 3569 3397 3621 hoc
3428 3572 3637 3623 univcr-

2056 3670 2173 3715 sunt
2201 3661 2568 3725 meditaretur,
2599 3669 2857 3729 quatenus
2888 3661 3047 3714 etiam
3079 3667 3261 3729 postea
3315 3677 3638 3730 consequens

2056 3764 2105 3807 et
2139 3756 2382 3824 futurum
2417 3762 2644 3822 tempus,
2674 3763 2731 3805 ut
2762 3754 2874 3822 ipse
2921 3752 3019 3817 ait,
3044 3768 3099 3805 se
3128 3755 3394 3807 nonnullis
3424 3765 3481 3806 ut
3525 3754 3641 3821 pln-

2057 3846 2249 3899 rimum
2272 3844 2637 3898 occultissimis
2668 3858 2730 3897 ac
2774 3847 2989 3899 inventu
3029 3844 3362 3913 difﬁcillimis
3399 3848 3640 3912 partibus

2056 3953 2208 3991 usum
2232 3952 2369 4001 esse,
2398 3937 2746 4003 discrepando
2767 3950 2922 4006 seque
2956 3936 3269 3989 abstinendo
3299 3936 3364 3989 ab
3417 3937 3482 3990 iis
3522 3955 3641 4007 qnw

2058 4029 2309 4092 absurda,
2335 4027 2465 4083 etab
2506 4028 2751 4082 instituto
2808 4027 2989 4081 aliena
3018 4036 3163 4094 sunt,
3207 4025 3343 4081 nihil
3384 4028 3641 4082 itrsuum

2059 4120 2252 4175 librum
2283 4119 2541 4175 retulisse.
2573 4120 2711 4175 llinc
2749 4118 2913 4173 etiam
2946 4120 3091 4174 istud
3130 4119 3483 4175 manifestum
3533 4130 3638 4176 est.

2059 4213 2268 4267 Etenim
2296 4229 2416 4265 cum
2450 4213 2735 4283 praesentis
2781 4220 3051 4267 tractatus
3101 4213 3372 4268 sententia
3418 4213 3639 4268 sublimi

2059 4321 2124 4360 ac
2142 4307 2381 4360 aethereo
2404 4305 2579 4360 divini
2607 4304 2818 4359 amatus
2837 4304 3095 4375 praesidio
3125 4313 3279 4374 septa
3313 4306 3639 4375 munitaque

2059 4396 2150 4462 sit,
2182 4405 2234 4450 et
2256 4412 2428 4466 usque
2452 4397 2588 4451 adeo
2613 4397 2920 4466 theologica
2945 4396 3326 4466 speculatione
3349 4397 3641 4462 edisset-at,

2059 4498 2428 4558 opportunum
2470 4487 2708 4542 subinde
2733 4487 2898 4541 fuerit
2936 4503 2967 4541 a
2996 4487 3243 4542 dictione
3271 4488 3641 4557 tranquillita-

2064 4589 2173 4634 tem
2211 4580 2435 4639 cliceic.
2470 4595 2534 4633 ac
2567 4580 2796 4634 minime
2840 4580 3090 4650 ejusdem
3131 4579 3439 4633 insolentia:
3490 4582 3646 4634 novi-

2058 4672 2269 4739 tatiqne
2314 4672 2765 4726 inluercscentcm
2800 4685 3022 4726 sensum
3082 4669 3446 4749 confundere,
3481 4680 3646 4740 atque

2061 4764 2327 4818 mulctare
2361 4763 2694 4834 eloquentiae
2724 4772 2780 4818 et
2830 4762 3316 4818 sermocinationis
3374 4766 3649 4819 studiosa-

2060 4871 2183 4910 rum
2216 4856 2433 4909 aurium
2469 4855 2811 4909 aviditatem.
2839 4855 2979 4910 Huic
3009 4869 3179 4924 porro
3235 4870 3417 4923 neque
3479 4855 3648 4910 dictio

2062 4963 2092 5003 a
2122 4947 2454 5003 vaticinandi
2504 4947 2738 5002 artificio
2774 4959 2832 5002 et
2876 4947 3100 5002 oraculo
3149 4948 3327 5002 aliena
3368 4948 3647 5014 remansit,

2063 5054 2245 5108 neque
2280 5040 2353 5094 ita
2385 5039 2787 5094 intumescente
2822 5039 3097 5096 sententia
3145 5049 3374 5109 propter
3424 5040 3647 5099 fastum.

2063 5132 2235 5187 otium
2276 5130 2606 5185 admonendi
2663 5130 2985 5185 subridente
3043 5130 3225 5200 lingua
3281 5130 3510 5198 accepit,
3550 5131 3647 5183 sed

2064 5224 2434 5279 familiaritate
2466 5224 2553 5278 liic
2587 5239 2809 5294 quoque
2839 5240 2972 5279 usus
3018 5234 3125 5290 est,
3152 5237 3347 5278 natura
3394 5223 3651 5276 videlicet

2059 5320 2180 5391 ejus
2210 5317 2408 5386 lingua:
2441 5325 2701 5383 tanquam
2739 5332 2836 5372 sua
2870 5326 3064 5386 sponte
3105 5316 3329 5370 fluentis
3360 5316 3526 5369 fontis
3575 5318 3652 5369 fa-

2059 5412 2323 5466 cilitatem
2376 5419 2432 5463 et
2467 5408 2840 5463 urbanitatem
2873 5409 3285 5478 suppeditante.
3316 5409 3409 5462 ille
3466 5417 3651 5461 autem

2063 5503 2365 5573 peregrinis
2398 5511 2674 5571 utcunque
2733 5510 2787 5555 et
2835 5501 3080 5554 externis
3127 5499 3373 5555 moribus
3407 5516 3470 5555 ac
3501 5501 3652 5555 voci-

2065 5594 2167 5650 bus
2196 5605 2355 5648 utens
2385 5594 2632 5662 percellit
2678 5593 2951 5657 auditum,
2978 5608 3042 5646 ac
3088 5592 3261 5645 veluti
3323 5593 3537 5661 pungit,
3596 5600 3653 5645 et

2070 5690 2282 5759 pruritu
2320 5687 2504 5755 allicit,
2531 5698 2589 5739 ut
2627 5686 3077 5740 vindeniiantium
3113 5686 3347 5754 palmam
3375 5686 3467 5753 qui
3503 5686 3652 5737 circa
