4016 6460
416 382 527 449 ὗῖΐ

1628 382 2061 452 NICEPHORI
2099 381 2494 453 GRE’GOR/E

3589 387 3698 458 528

414 506 692 567 κρείττονι
716 497 813 569 τῆς
847 497 1058 569 Λιδύης
1088 497 1537 570 ἐνδιαιτώμενος,
1570 501 1863 573 πόῤῥωθεν
1895 501 1998 571 μὲν
2028 507 2070 563 Α
2101 502 2362 574 φέρονται
2394 506 2510 567 τοῖς
2540 503 2747 568 αὐτοῖς,
2780 505 2897 559 ἀλλ’
2921 506 2996 567 ώς
3025 496 3253 560 ἕκαστοι
3294 506 3515 577 τύχοιεν
3554 506 3700 575 γνώ⁴

412 591 694 661 ὡμίλησεν
721 590 838 644 ὅσοι
864 590 1037 655 Στοᾶς
1068 591 1165 644 καὶ
1199 591 1534 661 Ἀκαδημίας
1557 587 1699 663 ἦσαν
1717 591 1999 663 ὁμιληταί·

413 684 580 747 αὐτός
611 701 678 753 γε
702 682 811 755 μὴν
835 684 897 737 οὐ
935 685 1049 755 μήν
1078 701 1168 736 πω
1204 684 1479 756 αὐτήκοος
1536 684 1747 739 τούτων
1804 685 2004 756 ὁμιλη-

413 778 514 847 τὴς
546 779 818 846 ἐγεγόνει,
848 780 945 833 καὶ
964 777 1055 833 διὰ
1089 776 1251 832 τοῦτο
1281 776 1472 849 ὥσπερ
1503 779 1601 841 τὰς
1631 778 1731 848 μὲν
1780 778 2004 843 ἐδέξατο

413 869 527 922 τῶν
556 870 773 924 ἐκεῖθεν
827 869 1024 936 δοξῶν,
1072 870 1171 927 τὰς
1204 871 1253 924 δ’
1315 871 1671 940 ἀπηνήνατο’
1705 869 1851 925 οὕτω
1908 872 2004 925 καὶ

414 964 512 1026 τὰς
548 962 651 1032 μὲν
681 963 929 1032 ἐζήλωσε
961 962 1073 1017 τῶν
1102 963 1319 1017 ἐκεῖθεν
1367 964 1656 1032 γλωσσῶν,
1691 965 1793 1028 τὰς
1821 963 1867 1018 δ’
1915 964 2000 1020 οὕ.

415 1054 584 1111 Ὅθεν
634 1054 1116 1125 αὑτοκρατορικῆς
1166 1070 1227 1108 τε
1291 1054 1396 1107 καὶ
1452 1052 1792 1125 ἡγεμονικῆς
1854 1068 2002 1118 τινος

413 1146 633 1217 ἐξουσίᾳ
661 1148 876 1217 φύσεως
905 1144 1218 1218 χρώμενος,
1257 1145 1359 1217 τὴν
1379 1144 1594 1199 οἰκείαν
1626 1145 1873 1214 ὲδάδισε,
1912 1164 2002 1215 μι-

412 1240 520 1309 κρὰ
580 1239 694 1293 τῶν
737 1238 1178 1308 ἐντυγχανόντων
1233 1237 1563 1309 φροντίζων.
1630 1238 1692 1291 Εἰ
1727 1236 1861 1307 γοῦν
1916 1255 2001 1302 τις

411 1332 566 1387 τουτὶ
590 1332 873 1402 δήπουθεν
923 1332 1103 1386 αἰτιον
1130 1326 1271 1387 εἶναι
1304 1330 1424 1401 θείη
1475 1330 1572 1385 καὶ
1596 1329 1691 1384 τοῦ
1739 1331 1832 1384 τὸν
1862 1346 2010 1400 παρ-

411 1425 545 1480 όντα
596 1424 757 1492 λόγον
786 1423 1144 1479 δυσείκαστον
1187 1422 1477 1491 γίγνεσθαι
1539 1422 1620 1493 τῷ
1672 1438 1737 1492 γε
1788 1421 2001 1475 πλείονι

415 1518 596 1589 μέρει,
632 1517 729 1572 καὶ
767 1510 882 1570 οἷον
906 1514 1311 1586 αἰνιγματώδη,
1340 1516 1403 1569 οὐ
1434 1514 1626 1586 πόῤῥω
1678 1532 1782 1568 που
1815 1514 2000 1586 τρέχει

398 1601 478 1666 ’ἂν
507 1609 605 1663 τοῦ
643 1610 1045 1678 προσήκοντος.
1077 1606 1224 1670 Νοῦς
1251 1607 1363 1678 γὰρ
1388 1605 1536 1661 οὓτω
1573 1623 1659 1660 τοι
1703 1604 1995 1676 ἔμϐριθὴς,

412 1702 509 1757 καὶ
529 1702 712 1769 πάσης
743 1699 1042 1771 μαθήσεως
1088 1701 1187 1752 καὶ
1243 1698 1438 1767 σοφίας
1481 1697 1848 1770 συμφόρημα,
1885 1713 1999 1751 τοι·

411 1794 552 1865 αὐτη
604 1792 822 1863 γλώττῃ
876 1791 1260 1862 συνυφανθεὶς,
1311 1790 1514 1863 πολλὴν
1577 1792 1647 1846 ἂν
1705 1791 1996 1860 ἐπενέγκοι

410 1857 587 1941 νύκτα
616 1857 674 1938 τε
710 1857 821 1938 καί-
845 1857 1189 1955 κατήςλειαν,
1215 1857 1270 1937 εἴ
1293 1900 1377 1949 τις
1424 1857 1763 1956 φιλοκρινεῖν
1790 1857 1892 1936 τὸν*
1916 1882 2000 1937 Ev-
2030 1857 2075 1918 Β

410 1980 507 2034 δον
554 1976 1006 2048 θαλαμευόμινον
1047 1975 1330 2046 ἐθελήσειε
1397 1974 1566 2029 νοῢνο
1625 1974 1703 2038 ώς
1755 1975 2007 2042 ἀνάγκην

413 2062 557 2125 εἶναι
586 2070 695 2140 ὅτῳ
723 2068 938 2123 τουτονὶ
995 2067 1137 2139 πρὸς
1172 2067 1484 2139 βουλήσεως
1534 2069 1602 2123 ἂν
1636 2063 1670 2142 ᾗ
1700 2067 1794 2120 τὸν
1845 2067 2005 2136 λόγον

412 2162 757 2233 δξηγεῖσθαι,
805 2161 882 2233 μὴ
945 2161 1110 2233 μόνον
1141 2161 1638 2233 προμετεσχηκότα
1689 2161 1785 2214 καὶ
1840 2160 2007 2213 αὐτὸν

409 2257 709 2327 τυγχάνειν
731 2249 807 2309 ὧν
837 2255 1059 2311 πάντων
1082 2253 1121 2309 ἃ
1148 2254 1406 2320 διέξεισιν
1432 2257 1643 2318 ἐκεῖνος
1671 2255 1869 2324 ἡρανίσ
1881 2269 2003 2317 ατο,

412 2350 551 2404 ἀλλὰ
578 2351 677 2403 καὶ
731 2346 1331 2419 μετασχηματίζεσθαι
1375 2349 1638 2401 δύνασθαι
1690 2347 1829 2415 apo;
1866 2364 2007 2398 παν-ο

413 2443 563 2504 τοίας
594 2439 777 2506 δόξις,
802 2440 900 2493 καὶ
923 2440 995 2493 τὰ
1022 2438 1255 2492 πλεῖστα
1302 2439 1404 2510 τῆς
1469 2441 1753 2509 ἡμετέρας
1809 2453 2006 2507 στερο-

415 2535 644 2600 φύλους,
676 2533 776 2586 καὶ⁸
802 2532 973 2585 οἱονεὶ
1005 2530 1603 2602 μεταχρωματίζεσθαι
1663 2532 1799 2601 πρ“.ς
1844 2527 2002 2593 ἐξαλ-

298 2651 307 2659 ~
414 2626 682 2679 λάττοντα
709 2620 999 2693 χρώματα,
1029 2623 1174 2675 κατά
1215 2621 1306 2675 τὸν
1337 2622 1539 2692 Φάριον
1599 2621 1811 2673 ἐκεῖνον
1844 2620 2001 2688 Πρωο

413 2717 535 2773 sia.
564 2714 644 2773 οὐ
665 2715 777 2787 γὰρ
803 2712 915 2769 ἀπὸ
942 2715 1040 2784 τῆς
1069 2713 1242 2783 αὐτῆς
1280 2714 1523 2776 ᾶπαντες
1552 2714 1781 2785 γνώμης
1815 2727 1998 2781 προσ-

415 2893 595 2936 rosam
625 2886 709 2934 est
729 2876 955 2935 aculeus
984 2887 1082 2931 aut
1113 2872 1295 2946 spina.
1329 2874 1484 2931 Solet
1550 2876 1698 2930 enim
1732 2871 2002 2937 homines,

414 2976 509 3044 qui
564 2974 858 3029 distinctos
896 2971 1050 3026 locos
1105 2969 1377 3032 incolunt,
1433 2965 1729 3036 peculiaris
1774 2964 2006 3020 mutatio

415 3069 703 3139 cujusdam
753 3062 1175 3121 consuetudinis
1231 3060 1397 3116 simul
1458 3070 1518 3114 et
1576 3060 1804 3129 lingua‘,
1858 3055 2006 3113 haud

413 3173 575 3215 secus
603 3168 769 3228 atque
787 3157 1010 3227 quidam
1034 3154 1233 3208 insitus
1260 3150 1432 3206 animi
1450 3149 1709 3228 allectus,
1724 3147 2003 3215 comitari,

413 3210 656 3305 et'iil‘inc
870 3210 952 3302 iAc
981 3245 1026 3301 si
1056 3244 1308 3315 quaedam
1337 3225 1595 3299 istine'ad
1623 3210 1875 3298 auditum
1909 3210 2006 3298 At;
2033 3210 2077 3270 ο

417 3342 525 3396 sieo
558 3354 811 3396 sermone
844 3336 1139 3393 delinitum
1171 3332 1425 3406 pervenit
1468 3332 1882 3399 commentatio,
1908 3348 2004 3389 cu-

410 3431 629 3504 jusdam
667 3430 792 3486 talis
824 3429 1044 3500 generis
1078 3426 1298 3483 dicendi
1355 3441 1506 3482 mare
1537 3425 1651 3481 sibi
1676 3426 1907 3481 attrahit
1949 3434 2007 3482 et

414 3523 658 3591 asciscit.
689 3522 824 3578 Nam
863 3520 1191 3576 Ptolemaidi
1241 3528 1302 3576 et
1330 3518 1675 3575 Alexandriae
1719 3526 1778 3574 et
1816 3520 1868 3572 in
1919 3532 2012 3574 su-

414 3614 622 3688 periori
658 3624 815 3685 parte
844 3613 1031 3685 Libya:
1061 3628 1307 3677 versans,
1340 3626 1372 3668 e
1418 3610 1728 3682 longinqua
1774 3609 2004 3680 regione

416 3707 875 3766 consuetudinem
901 3706 1095 3761 habuit
1118 3721 1241 3760 cum
1291 3703 1424 3769 illis,
1451 3704 1771 3774 quicunque
1807 3702 2009 3758 Stoicae

417 3801 638 3857 familiae
657 3809 716 3856 et
727 3799 1070 3855 Academicae
1092 3806 1395 3853 sectatores
1407 3811 1470 3851 ac
1483 3795 1738 3866 discipuli
1760 3795 2006 3851 luerunt.

417 3894 574 3951 laud
606 3903 797 3949 tamen
815 3874 931 3949 suis
950 3891 1166 3963 legibus
1188 3890 1381 3945 vivens
1410 3889 1609 3943 horum
1635 3888 2006 3944 contuberna-

417 3990 484 4043 lis
514 3987 659 4052 fuit;
686 3996 742 4039 et
769 3985 840 4041 ob
878 3985 929 4039 id
973 3984 1126 4038 illinc
1166 3981 1461 4037 nonnullas
1514 3980 1675 4050 quasi
1715 3981 2008 4050 opiniones

415 4080 659 4143 δάιιιίεἰι,
684 4077 822 4132 alias
868 4085 1051 4131 autem
1100 4071 1433 4143 repudiavit.
1475 4069 1632 4125 llunc
1683 4072 1738 4126 in
1782 4070 2006 4124 modum

419 4174 517 4226 has
542 4171 774 4242 quidem
795 4166 1058 4237 loquendi
1092 4166 1334 4219 rationes
1366 4162 1495 4217 inde
1532 4162 1808 4232 prochIas
1837 4177 2008 4215 minu-

416 4268 562 4323 latus
600 4274 708 4335 est,
743 4262 880 4317 alias
919 4276 1050 4314 vero
1095 4257 1343 4310 minime.
1387 4254 1623 4325 Ideoque
1670 4263 1928 4323 augusta.
1952 4262 2009 4307 et

418 4355 774 4430 imperatoria
789 4352 1025 4423 quadam
1059 4359 1271 4404 natura}
1302 4347 1522 4402 licentia
1552 4357 1732 4411 utens,
1764 4364 1794 4400 a
1814 4346 2008 4415 patriis

418 4449 627 4504 laribus
649 4443 960 4515 emigravit,
995 4440 1250 4511 exiguam
1273 4439 1541 4492 rationem
1575 4435 1782 4490 habens
1802 4436 1870 4490 de
1897 4435 2006 4501 his,

2114 597 2283 668 μηςῆ
2324 598 2599 662 συνέσεως
2634 600 2893 669 ἔχοντες·
2934 602 3115 670 οἱμὲν
3169 601 3555 672 ἀκαπήλευτον
3609 602 3705 672 ἐρ-

2105 705 2296 760 χονται
2328 691 2592 761 φέροντες
2630 693 2841 763 κρίσιν,
2882 695 2933 748 οἱ
2965 696 3021 748 δὲ
3071 694 3213 749 πάνυ
3264 713 3351 750 τοι
3410 696 3712 768 μοχθηρὰν

2108 781 2201 834 καὶ
2250 781 2520 838 νοσοῦσαν
2586 784 2656 839 τὰ
2719 787 2929 856 καίρια,
2968 788 3017 840 oi
3056 786 3102 839 δ’
3153 788 3541 861 ἡμιμόχθηρον
3601 789 3709 843 καὶ

2106 876 2243 944 πρδς
2286 875 2529 944 ἑκάτερα
2563 878 2865 947 ῥέπουσαν.
2904 879 3016 932 Καὶ
3044 878 3167 941 δέος
3224 878 3303 949 μὴ
3368 880 3707 949 παραφθέγ-

2107 965 2268 1039 ξηταί
2290 986 2373 1031 τις
2408 968 2522 1022 τῶν
2549 968 2650 1023 εἴθ’
2686 968 2883 1034 οὕτως,
2912 970 3015 1024 εἰτ’
3044 972 3271 1034 ἐκείναις
3314 973 3571 1042 ἐχόντων,
3599 976 3710 1027 καὶ

2064 1062 2519 1133 .προστρίψηται
2575 1062 2737 1135 δόξης
2785 1064 2889 1117 οὐκ
2944 1064 3159 1133 ἀγαθῆς
3214 1064 3350 1134 ἡμῖν
3399 1066 3656 1136 ἔγκλημα
3689 1084 3703 1097 ³

2104 1152 2343 1208 κᾶπειτα
2371 1154 2619 1222 γλῶσσαι
2651 1156 3060 1227 μετειληφυῖαι,
3097 1156 3435 1227 φαυλότεραί
3484 1174 3544 1210 τε
3599 1160 3706 1211 καὶ

2104 1247 2242 1317 πρὸς
2278 1246 2478 1300 κακίαν
2505 1246 2805 1319 ὁξύρῤοτιοι
2835 1247 3306 1310 διακωδω-ιίσωσι,
3362 1250 3458 1302 καὶ
3517 1250 3699 1319 μηδὲν

2104 1340 2265 1409 ἡμεῖς
2301 1338 2662 1409 ἀδικήσαντες
2709 1339 3083 1409 κομισώμεθα
3122 1339 3379 1410 βραϐεῖον
3445 1342 3706 1413 πονηρὸν

2104 1431 2202 1482 καὶ
2232 1429 2502 1500 πολέμιον
2530 1429 2625 1482 τοῦ
2645 1429 2816 1484 καλοῦ
2840 1430 3000 1485 τοῦδε
3022 1432 3471 1502 σπουδάσματος.
3499 1435 3705 1505 Ὅμως

2102 1522 2266 1591 ἡμεῖς
2306 1522 2428 1574 κατ’
2482 1520 2750 1587 ἐκείνους,
2798 1521 2848 1577 οἳ
2905 1522 3006 1592 τὴν
3073 1522 3255 1577 Ἰνδῶν
3316 1525 3410 1578 καὶ
3462 1526 3713 1596 Περσῶν

2105 1614 2513 1684 μεταφέροντες
2543 1611 2796 1685 γνώμην,
2844 1614 2941 1669 καὶ
2969 1613 3226 1685 ᾐῶσςαν
3273 1616 3331 1681 ἐς
3378 1618 3537 1689 τήνδε
3574 1619 3693 1691 τὴν

2100 1707 2382 1776 ἡμετέραν
2410 1705 2582 1776 ἀκοὴν
2629 1707 2723 1759 καὶ
2752 1706 2962 1777 φωνὴν,
3019 1707 3346 1779 ἀνέγκλητοι
3405 1710 3640 1778 μένουσι
3670 1726 3688 1741 ·

2100 1799 2194 1853 τὸν
2221 1799 2386 1852 αὐτόν
2433 1814 2499 1866 γε
2532 1797 2738 1869 τρόπον
2796 1799 2895 1852 καὶ
2947 1800 3115 1868 ἡμεῖς
3177 1798 3479 1869 ἀλλόφυλον
3527 1800 3707 1868 δόξαν

2105 1890 2602 1956 διαλευκαίνοντες,
2630 1891 2725 1943 καὶ
2750 1891 2891 1961 πρὸς
2930 1891 3290 1963 σαφεστέραν
3315 1892 3708 1964 διαπορθμεύυ

2105 2000 2260 2046 οντες
2310 1982 2503 2053 ἀκοὴν,
2542 1981 2791 2052 λήσομεν
2836 1982 3071 2046 ,πάντως
3103 1984 3436 2055 ἀνέγκλητοι
3473 1985 3708 2055 μείναν-

2106 2092 2219 2140 τες,
2249 2074 2382 2140 παρ’
2424 2073 2543 2128 ὅσοι
2573 2090 2634 2128 τε
2659 2073 2769 2127 τῶν
2794 2072 3106 2144 ἐλλογίμων
3149 2075 3279 2140 eiul,
3317 2077 3411 2128 καὶ⁵
3457 2069 3535 2133 ὧν
3560 2078 3706 2149 ἣκι-

2107 2186 2210 2223 στα
2239 2167 2434 2236 φθόνος
2458 2166 2772 2238 ἐφεδρεύων
2810 2167 3057 2221 τινάττει
3089 2170 3187 2222 καὶ
3215 2170 3364 2241 κυκᾷ
3397 2170 3497 2241 τὴν
3555 2170 3706 2239 γνὼ-

2108 2280 2239 2333 μην.
2266 2262 2518 2316 Κᾶπειτα
2551 2259 2649 2315 καὶ
2680 2258 2922 2326 πλείους,
2958 2255 3138 2330 οἶμαι,
3191 2262 3282 2316 ἀεὶ
3329 2263 3440 2317 τῶν
3472 2263 3685 2335 φθονη-

2107 2355 2314 2408 σόντων
2342 2353 2583 2417 ἔσονται,
2612 2347 2696 2417 οἷς
2730 2352 2995 2424 χρειῶδες
3025 2353 3089 2407 τὸ
3114 2355 3351 2425 πρᾶγμα
3393 2358 3656 2425 φανεῖται
3678 2375 3697 2391 ο

2104 2444 2180 2504 ὢν
2204 2448 2270 2520 δὴ
2299 2448 2369 2502 τὰ
2414 2446 2674 2519 βέλτιστα
2703 2444 3008 2519 προθύμως
3054 2449 3475 2518 συνευχομένων
3528 2450 3693 2521 ἡμῖν,

2108 2543 2241 2612 ἡμῖν
2277 2541 2380 2612 μὲν
2417 2539 2504 2611 εἴη
2530 2539 2627 2594 τοῦ
2654 2540 2821 2612 ἔργου
2859 2539 3058 2611 μισθόν
3079 2557 3202 2594 τινα
3232 2541 3413 2605 διδοὺς
3447 2544 3475 2596 ό
3509 2542 3648 2605 Θεὸς
3677 2558 3693 2574 ·

2105 2636 2220 2697 τοῖς
2241 2634 2299 2688 δι
2334 2632 2631 2704 βασκάνοις
2662 2633 2857 2697 αὐταῖς
2903 2631 3233 2702 βασκανίαις
3271 2635 3471 2698 κακαῖς
3502 2634 3703 2699 κακῶς

2109 2722 2578 2779 συναπόλλυσθαι.

2106 2886 2423 2958 opiniones,
2450 2894 2508 2942 ct
2560 2899 2941 2957 saepenumero
2993 2886 3206 2957 judicio
3259 2897 3461 2947 nostra:
3513 2892 3702 2959 gentis

2109 2978 2371 3049 privatas,
2408 2992 2473 3032 ac
2505 2976 2679 3032 veluti
2744 2975 3134 3047 transﬁgurare
3189 2979 3242 3033 in
3297 2979 3705 3049 degenerantes

2107 3072 2403 3142 variosque
2434 3071 2674 3141 colores,
2702 3068 2853 3127 haud
2911 3083 3075 3126 secus
3120 3079 3287 3140 atque
3332 3072 3561 3126 Pharius
3603 3073 3703 3128 ille

2111 3166 2367 3221 Proteus.
2426 3161 2547 3219 Non
2611 3161 2762 3219 enim
2819 3162 2973 3233 juxta
3036 3163 3288 3218 eamdem
3365 3165 3700 3219 sententiain

2109 3273 2304 3316 omnes
2333 3257 2418 3313 eis
2447 3263 2705 3322 utuntur,
2738 3257 2834 3311 sed
2875 3263 2937 3310 ut
2974 3254 3180 3326 singuli
3211 3256 3525 3326 opinionem
3582 3271 3705 3311 sor-

2111 3350 2197 3408 titi
2221 3359 2352 3407 sunt
2372 3359 2468 3404 aut
2516 3346 2965 3418 perspicientiatn
2996 3363 3014 3404 :
3050 3345 3108 3401 hi
3145 3347 3368 3417 quidem
3427 3348 3703 3403 accedunt

2110 3444 2384 3514 integrum
2416 3456 2482 3497 ac
2503 3440 2782 3496 sincerum
2807 3439 3108 3496 aﬂerentes
3124 3440 3419 3512 judicium,
3444 3441 3538 3497 alii
3566 3458 3708 3497 vero

2107 3534 2406 3592 admodum
2438 3533 2795 3605 ﬂagitiosum,
2823 3534 3030 3605 quippe
3060 3533 3211 3604 quod
3275 3533 3422 3588 circa
3461 3549 3701 3588 consm-

2111 3638 2272 3685 tanea
2297 3635 2354 3683 et
2386 3635 2699 3697 opportuna
2730 3626 2928 3683 insano
2981 3625 3168 3681 studio
3220 3634 3373 3680 errat
3400 3643 3415 3693 ;
3447 3626 3700 3681 nonnulli

2107 3736 2278 3793 porro
2295 3720 2700 3777 semivitiosum
2720 3728 2777 3777 et
2804 3719 2859 3775 in
2893 3730 3184 3789 utramque
3209 3728 3420 3789 partem
3444 3727 3695 3789 vergens.

2107 3816 2223 3871 Nec
2253 3814 2381 3885 quis
2413 3829 2627 3879 eorum,
2678 3812 2773 3883 qui
2822 3813 2930 3868 hoc
2979 3812 3077 3868 vel.
3129 3813 3224 3867 illa)
3285 3813 3447 3866 modo
3510 3810 3695 3866 allecti

2109 3916 2260 3969 sunt,
2291 3908 2547 3961 timorem
2577 3920 2866 3977 perperam
2893 3914 2949 3959 et
2980 3904 3311 3959 inconcinnus
3342 3904 3690 3973 respondeat,

2107 4009 2167 4054 et
2197 4013 2298 4053 nos
2320 4006 2579 4068 aspergat
2606 3998 2840 4051 crimine
2890 3996 3175 4065 atrocique
3203 3996 3398 4066 injuria
3433 3995 3696 4065 improbae

2109 4088 2406 4159 Opinionis,
2459 4101 2511 4143 et
2551 4098 2739 4158 postea
2770 4088 2972 4159 linguae
3005 4087 3115 4144 sibi
3145 4090 3318 4145 multa
3351 4097 3696 4159 arrogantes,

2111 4180 2398 4252 ignobiles,
2425 4180 2677 4249 petulca,
2714 4190 2769 4234 et
2800 4179 2869 4235 ad
2896 4178 3228 4235 maleﬁcium
3260 4195 3551 4251 propensae
3595 4195 3696 4236 nos

2114 4281 2330 4326 tumore
2357 4269 2585 4326 siniStro
2613 4269 2758 4340 apud
2782 4271 2979 4340 vulgus
3012 4281 3249 4326 oncscnt
3277 4290 3292 4327 :
3322 4283 3379 4326 et
3410 4287 3514 4327 nos
3547 4271 3696 4327 nullo

2108 4356 2319 4414 scelere
2345 4356 2539 4426 polluti
2561 4359 2849 4427 przemium
2874 4358 3175 4415 bifaustum
3199 4367 3257 4414 et
3283 4360 3489 4416 hostile
3508 4376 3696 4433 repor-

2111 4459 2294 4506 temus
2322 4449 2489 4521 hujus
2520 4450 2741 4506 honesti
2780 4459 2839 4506 ct
2865 4453 3073 4522 egregii
3102 4454 3290 4509 smdii.
3323 4454 3697 4510 Nihilominus
3802 4504 3824 4517 ,

417 4555 655 4613 quorum
714 4533 995 4593 communi
1057 4532 1331 4600 colloquio
1388 4529 1695 4584 fruebatur.
1758 4527 1902 4599 Ergo
1959 4527 2006 4582 si

2109 4555 2238 4596 cum
2261 4539 2372 4595 illis
2394 4539 2489 4609 qui
2526 4539 2787 4595 Indorum
2804 4548 2864 4594 et
2879 4539 3173 4594 Persarum
3198 4541 3254 4595 in
3278 4541 3429 4596 hunc
3444 4549 3694 4597 nostrum

417 4631 691 4703 qniSpiam
748 4629 894 4682 hanc
951 4625 1140 4693 utique
1184 4636 1406 4677 causam
1461 4635 1582 4675 esse
1629 4618 2001 4684 constituerit,

418 4735 587 4793 atque
613 4719 733 4790 ejus
756 4725 1083 4788 praesentem
1110 4714 1418 4768 orationem
1449 4711 1702 4782 conjecto
1726 4710 2003 4765 didicilcm

415 4830 540 4874 esse
572 4814 765 4885 majori
800 4828 867 4865 ex
898 4818 1074 4880 parte,
1107 4817 1165 4863 et
1196 4806 1345 4862 velut
1379 4805 1782 4876 aenigmaticam
1828 4804 2004 4860 etob-

415 4921 658 4971 scuram,
701 4921 808 4960 non
842 4902 1031 4974 procul
1059 4901 1126 4956 ab
1181 4916 1249 4956 eo
1279 4897 1426 4969 quod
1455 4897 1655 4952 decens
1684 4906 1739 4952 et
1767 4909 2004 4952 consen-

366 5057 372 5063 _
417 5012 640 5055 taneum
703 5006 812 5062 est,
853 4994 1027 5049 currit
1070 5002 1127 5047 et
1180 4991 1423 5048 aberrat.
1480 4989 1634 5044 Mens
1689 4988 1836 5043 enim
1892 4997 2003 5041 tam

416 5100 638 5157 onusta,
667 5097 726 5145 et
745 5086 988 5158 cujusvis
1024 5084 1332 5155 disciplinae
1380 5097 1445 5138 ac
1472 5080 1756 5152 sapientia:
1784 5094 2003 5136 coacer-

417 5183 717 5253 vatio,tam
754 5178 1010 5235 uberanti
1042 5176 1311 5233 facundia:
1368 5183 1644 5239 contexta,
1669 5172 1894 5227 multam
1921 5172 2010 5225 in—

417 5278 545 5335 tulit
571 5286 792 5332 noctem
816 5284 873 5329 et
896 5271 1201 5336 tristitiam,
1226 5271 1273 5326 si
1295 5268 1419 5340 quis
1441 5268 1662 5323 curiose
1691 5266 2003 5336 expendere

415 5372 695 5426 internum
731 5376 788 5423 et
845 5364 1299 5422 contubernalem
1348 5374 1573 5416 sensum
1635 5359 1791 5415 velit.
1828 5357 1999 5426 Quasi

414 5463 790 5520 necessarium
821 5475 946 5517 esse
964 5460 1133 5514 liceat
1167 5457 1481 5525 cuicunque
1511 5455 1661 5510 hunc
1691 5455 1757 5510 ad
1801 5455 2002 5508 volun-

414 5556 545 5611 tatis
575 5564 630 5609 ct
657 5553 743 5609 sui
784 5550 1003 5608 consilii
1065 5549 1336 5604 rationem
1376 5546 1691 5618 explicare:
1729 5562 1836 5601 non
1874 5562 2000 5601 eum

414 5648 591 5703 solum
628 5646 720 5714 qui
746 5645 900 5715 prius
931 5642 1208 5714 particeps
1240 5639 1429 5705 fuerit,
1463 5649 1773 5710 compotem
1808 5656 2000 5695 eorum

415 5740 660 5793 omnium
700 5738 818 5792 ﬁeri
855 5751 977 5806 qua:
1007 5734 1287 5799 edisserit,
1321 5748 1385 5788 ac
1413 5734 1458 5788 si
1496 5734 1587 5789 ille
1619 5733 2003 5789 emendicave-

416 5826 528 5888 rit;
567 5843 767 5883 verum
816 5828 982 5884 etiam
1042 5824 1439 5883 transformarc
1494 5841 1654 5897 posse
1705 5825 1773 5880 ad
1824 5828 2001 5882 varias

2108 4632 2359 4689 auditum
2390 4641 2446 4687 et
2492 4647 2808 4687 sermonem
2847 4632 3189 4688 transierunt
3247 4635 3608 4698 sententiam,
3640 4634 3694 4688 hi

2108 4724 2379 4795 inculpati
2410 4731 2636 4779 manent
2664 4740 2678 4778 :
2712 4723 2860 4779 hunc
2878 4723 2934 4778 in
2968 4725 3191 4778 modum
3227 4733 3285 4779 ct
3318 4738 3420 4778 nos
3472 4734 3697 4795 propter

2066 4836 2077 4845 ·
2106 4818 2470 4888 alienigenam
2496 4817 2726 4885 gloriam
2758 4815 3187 4881 candeseentes,
3213 4826 3271 4871 et
3302 4817 3372 4872 ad
3402 4816 3697 4873 dilucidio-

2108 4925 2226 4965 rem
2250 4909 2501 4965 auditum
2538 4910 2895 4980 traj'icientes,
2921 4909 3220 4965 latehimus
3260 4911 3490 4966 omnino
3513 4910 3694 4966 incul-

2110 5004 2219 5074 pati
2250 5011 2560 5067 manentes,
2587 5002 2731 5073 apud
2762 5017 2860 5058 eos
2888 5003 2993 5073 qui
3015 5010 3149 5059 sunt
3173 5019 3206 5059 e
3242 5018 3474 5059 numero
3499 5005 3697 5061 corda-

2112 5104 2295 5150 torum
2324 5093 2773 5164 elegantiumque
2804 5094 3121 5161 hominum,
3155 5103 3214 5150 et
3251 5111 3486 5166 quorum
3520 5098 3696 5153 nulla-

2110 5194 2271 5241 tenus
2300 5185 2503 5242 invidia
2532 5188 2835 5257 praasidens
2870 5188 3119 5244 concutit
3145 5197 3201 5244 et
3226 5191 3398 5260 agitat
3428 5201 3691 5246 mentem.

2109 5276 2299 5331 Postea
2335 5281 2502 5334 etiam
2537 5270 2847 5348 plures,“
2891 5279 3118 5348 opinor,
3138 5296 3356 5350 semper
3410 5282 3694 5338 acnwlato-

2112 5383 2202 5423 res
2254 5379 2440 5434 erunt,
2506 5371 2711 5439 quibus
2768 5371 3022 5441 perutilis
3077 5372 3195 5427 haec
3247 5388 3334 5428 res
3390 5374 3691 5430 videbitur.

2106 5460 2320 5529 Quibus
2370 5473 2523 5519 certe
2584 5463 2799 5533 optima
2848 5474 3107 5534 prompto
3175 5466 3455 5535 alacrique
3508 5469 3693 5521 animo

2108 5554 2270 5609 nobis
2309 5554 2649 5625 optantibus,
2677 5555 2839 5610 nobis
2871 5555 3094 5624 quidem
3129 5556 3273 5612 Deus
3314 5557 3481 5628 hujus
3510 5560 3693 5630 operis

2108 5647 2403 5729 quamdam
2442 5649 2659 5703 dederit
2720 5648 3028 5703 mercedem
3088 5666 3101 5704 :
3150 5651 3244 5705 sed
3307 5651 3691 5708 obtrectatori-

2108 5740 2299 5805 bus,ut
2330 5757 2456 5797 cum
2484 5743 2619 5813 ipsis
2660 5742 2820 5796 malis
2849 5741 3351 5800 obtrectationibus
3384 5743 3524 5802 male
3562 5762 3686 5817 per-

2104 5839 2254 5886 eaut.
