4016 6500
272 410 385 480 52.9

1141 415 1475 481 SCllOLIA
1513 415 1596 476 lN
1642 415 2033 479 SYNESIUM
2075 418 2179 480 DE
2219 419 2659 483 INSOMNIIS.

3449 422 3559 493 530

353 531 551 583 Ἔσται
580 526 626 580 δ’
656 527 788 598 ἡμῖν
819 528 882 581 τὸ
901 529 1001 599 τῆς
1039 526 1383 599 ἐξηγήσεως,
1408 527 1470 580 οὐ
1528 526 1667 598 πρὸς
1713 528 1866 580 ἐντε-
1894 537 1943 589 Α
1974 544 2141 597 σοφον
2169 529 2264 585 καὶ
2284 528 2607 584 διδάσκαλον
2649 528 2948 595 ’Υπατίαν,
2983 528 3068 584 ὅτι
3096 529 3270 585 πολλὰ
3309 532 3420 586 τῶν
3454 536 3560 604 μή-

276 621 567 693 λεστὲρους
600 611 759 691 μόνον
792 621 1112 690 γενόμενον,
1146 619 1267 677 ἀλλ’
1299 620 1400 691 ἤδη
1433 623 1528 676 καὶ
1565 621 1703 689 πρὸς
1741 623 1869 675 ἀτει-

274 715 572 785 λεστέρους
611 712 713 784 τὴν
744 715 971 781 γνῶσιν.
1010 715 1075 767 Οἱ
1112 714 1212 782 μὲν
1238 714 1348 783 γὰρ
1379 713 1519 784 τῷδε
1570 711 1650 782 τῷ
1706 712 1867 783 μέρει

277 806 624 872 συνὲσονται,
658 807 706 860 οἱ
739 805 797 859 δὲ
816 805 973 875 τῷδε,
1010 806 1059 859 οἱ
1087 804 1143 859 δὲ
1178 804 1490 873 ἑκατέροις,
1526 802 1603 865 ὡς
1631 803 1867 871 δύναμις

275 903 499 971 ἑκάστῳ
544 901 639 954 καὶ
673 900 956 971 βούλησις.
1008 900 1145 969 Περὶ
1202 898 1306 970 μέν
1372 916 1456 952 τοι
1510 897 1690 968 ψυχῆς
1728 897 1775 967 ὃ,
1813 913 1869 949 τι

270 993 528 1059 διέξεισι,
556 994 653 1046 καὶ
682 995 794 1047 τισι
826 994 927 1063 μὲν
960 993 1171 1064 συνῳδὰ
1204 991 1507 1061 φθέγγεται
1549 990 1659 1045 τῶν
1698 988 1870 1044 πάλαι

283 1085 491 1153 σοφῶν,
529 1084 638 1138 τίσι
676 1085 722 1138 δ’
755 1085 1030 1156 ἀπᾴδοντα
1062 1100 1078 1116 ο
1136 1085 1229 1137 καὶ
1281 1082 1334 1136 τί
1386 1083 1486 1153 μὲν
1549 1078 1704 1145 οὗτος
1766 1083 1870 1149 τὴν

284 1178 589 1247 φαντασίαν
619 1173 758 1232 εἶναι
784 1195 940 1248 φησι,
989 1176 1135 1230 τίδὲ
1179 1177 1409 1230 ἐκείνων
1467 1174 1723 1239 ἕκαστος,
1773 1174 1870 1227 καὶΙ

286 1273 392 1340 ὅπη
422 1268 519 1322 τοῦ
587 1268 839 1339 σώματος
871 1270 968 1340 τῆς
1025 1271 1148 1324 καθ’
1202 1267 1373 1323 ὕπνον
1435 1267 1704 1339 μαντικῆς
1744 1267 1871 1338 ἱστᾷ

286 1362 373 1415 τὸν
398 1362 654 1431 τρίποδα,
680 1360 927 1415 δείκνυσι
958 1361 1058 1431 μὲν
1085 1362 1182 1414 καὶ
1216 1361 1380 1424 αὐτὸς
1414 1361 1556 1431 πρὸς
1578 1361 1679 1430 τὴν
1713 1359 1870 1429 φιλό-

353 1516 473 1569 Erit
516 1523 703 1572 autem
731 1529 765 1568 ει
805 1513 965 1568 nobis
1000 1513 1117 1568 hinc
1150 1514 1470 1582 explanatio
1504 1529 1615 1568 non
1653 1521 1868 1568 tantum

281 1614 340 1673 in
388 1611 782 1682 prriectiorum
840 1609 1075 1680 gratiam
1132 1610 1300 1676 facta,
1347 1609 1444 1665 sed
1487 1611 1598 1682 jam
1647 1619 1871 1682 propter

287 1703 703 1772 intelligentiam
759 1718 955 1757 eorum
994 1703 1090 1773 qui
1144 1713 1276 1758 sunt
1322 1704 1507 1758 minus
1553 1702 1764 1759 idonei.
1803 1702 1869 1757 Hi

286 1794 505 1869 quidem
546 1795 649 1848 hac
699 1795 753 1848 in
811 1807 966 1865 parte
1015 1796 1415 1862 vereabuntur,
1476 1798 1569 1853 alii
1623 1798 1682 1853 in
1737 1799 1869 1864 alia,

1971 637 2060 674 πω
2085 620 2570 693 φιλοσοφηθέντων
2606 622 2841 692 Ἕλλησι
2884 623 3358 694 προκεχεῑρισται.
3391 625 3563 694 Δῆλον

1969 711 2016 765 δ’
2042 707 2137 767 οὗν
2165 712 2263 767 καὶ
2291 714 2455 783 ἡμεῖς
2477 715 2604 767 κατ’
2632 714 2806 785 αὐτήν
2838 730 2902 782 γε
2933 715 3282 787 ποιησόμεθα
3313 718 3415 788 τὴν
3437 718 3564 787 ἑξή-

1971 821 2170 875 γησιν⁶
2230 807 2730 879 ἐπισημανούμεθα
2785 809 2896 880 γὰρ
2940 809 3149 865 ἕκαστα
3200 810 3342 864 κατὰ
3376 810 3564 882 χώραν

1972 899 2225 954 ἑκάστων
2251 900 2562 969 γενόμενοι.
2584 900 2657 954 Σὺ
2692 901 2738 955 δ’
2766 901 2910 971 ὑπὲρ
2936 901 3039 970 μὲν
3071 901 3182 956 τῶν
3210 902 3272 955 εὖ
3297 902 3390 956 καὶ
3416 904 3563 958 κατὰ

1972 991 2200 1062 γνώμην
2230 990 2470 1061 ἑχόντων
2498 992 2734 1063 χάριτας
2761 993 2870 1047 ἀπὸ
2896 994 3130 1066 γνώμης
3159 995 3257 1049 καὶ
3311 995 3564 1065 γλώττης

1973 1083 2265 1147 ἀποδιδοὺς
2289 1085 2364 1155 μὴ
2393 1084 2815 1157 κατόκνειΘεῷο
2845 1087 2986 1158 ὑπὲρ
3011 1086 3069 1140 δὲ
3087 1086 3197 1141 τῶν
3216 1087 3389 1150 ἄλλως
3409 1088 3561 1159 ἑχόν-

1970 1193 2080 1231 των
2098 1176 2361 1248 λαμπρὰν
2399 1180 2535 1250 ἡμῖν
2559 1182 2659 1250 τὴν
2693 1180 2923 1251 μέμψιν.
2956 1181 3080 1234 Τῶν
3130 1182 3230 1251 μὲν
3260 1186 3371 1254 γὰρ
3401 1184 3564 1247 αὐτὸς

1972 1269 2230 1340 χορηγὸς,
2248 1269 2356 1326 τῶν
2377 1270 2425 1327 δ’
2458 1273 2622 1342 ἡμεῖς
2646 1273 2835 1328 αἴτιοι.

1975 1519 2213 1587 ipsemet
2273 1519 2339 1574 ad
2402 1520 2689 1589 sapientiae
2748 1521 3054 1577 studiosam
3118 1528 3175 1576 et
3237 1522 3563 1591 magistram

1970 1612 2289 1684 Hypatiam,
2331 1614 2479 1682 quod
2513 1613 2686 1669 multa
2732 1629 2928 1669 eorum
2976 1628 3100 1683 quae
3129 1614 3276 1670 inter
3316 1614 3563 1683 philoso-
3599 1606 3607 1615 ’

1974 1706 2256 1775 pbandum
2317 1707 2627 1778 excogitata
2662 1707 2912 1763 nondum
2969 1723 3000 1763 a
3056 1707 3264 1764 Graecis
3317 1708 3561 1769 fuerant,

1974 1798 2225 1867 exposita
2290 1798 2601 1867 traditaque
2669 1805 2880 1853 essent.
2949 1797 3327 1869 Conspicuum
3393 1796 3564 1865 igitur

285 1888 538 1943 nonnulli
575 1899 760 1942 autem
811 1889 863 1942 in
899 1899 1155 1961 utraque,
1192 1903 1358 1960 prout
1409 1893 1644 1948 facultas
1673 1901 1729 1948 et
1769 1910 1868 1948 νο·
1897 1891 2139 1974 B‘etiam
2183 1907 2285 1947 nos
2314 1890 2586 1947 faciemus
2618 1892 2674 1946 in
2712 1891 2832 1960 ipsa
2867 1891 3283 1961 explanatione.
3320 1888 3401 1944 Ad
3450 1889 3566 1943 han:

282 1977 470 2032 lautas
523 1977 827 2048 unicuique
893 1979 1079 2034 fuerit.
1140 1982 1495 2051 Quacumque
1561 1998 1731 2052 porro
1794 1984 1864 2040 de
1901 1962 2279 2042 "‘elliciemns
2312 1995 2370 2040 ut
2420 1986 2636 2057 singula
2689 1986 3042 2041 innotescant
3087 1993 3145 2039 et
3192 1983 3561 2043 illustremur,

283 2070 471 2123 animo
518 2079 936 2136 commemorat,
972 2086 1097 2127 cum
1141 2072 1475 2142 quibusdam
1528 2075 1731 2145 priscis
1781 2091 1871 2131 sa-

282 2162 571 2231 pientibus
601 2173 974 2220 consentanea
1016 2176 1330 2230 enumerat,
1364 2182 1490 2222 cum
1539 2168 1872 2237 quibusdam

286 2256 511 2310 dissona
531 2255 1040 2327 discrepantiaque.
1064 2258 1133 2317 Et
1160 2259 1422 2328 quidnam
1451 2261 1670 2331 proprie
1696 2263 1876 2330 phan-

291 2349 483 2403 tasiam
522 2364 644 2404 esse
686 2349 776 2404 ille
810 2351 976 2412 dicat,
1011 2351 1142 2421 quid
1181 2368 1312 2407 vero
1347 2368 1540 2408 eorum
1576 2356 1874 2425 unusquis-

284 2457 434 2511 que:
477 2452 531 2495 et
562 2441 616 2495 in
646 2457 753 2512 qua
787 2443 1039 2511 corporis
1077 2452 1257 2513 parte,
1284 2445 1405 2516 ejus
1430 2461 1554 2515 quae
1587 2445 1643 2499 in
1677 2460 1873 2502 somno

286 2542 377 2586 est
411 2533 843 2601 vaticinationis,
879 2542 1086 2589 statuat
1133 2535 1406 2606 tripodem
1454 2553 1554 2593 seu
1600 2540 1872 2594 cortinam

287 2625 523 2680 edendis
600 2627 842 2681 oraculis
901 2627 1183 2696 idoneam,
1246 2629 1590 2687 demonstrat
1646 2632 1874 2703 quidem

1882 2786 1959 2798 —

1978 2080 2032 2133 in
2061 2080 2406 2149 singulorum
2434 2080 2673 2133 statione
2698 2078 2990 2145 degentes.
3022 2075 3104 2129 Tu
3134 2083 3321 2129 autem
3355 2088 3455 2142 pro
3482 2069 3567 2125 his

1978 2186 2100 2241 quae
2150 2170 2402 2240 apposite
2431 2179 2489 2225 et
2519 2184 2586 2224 ex
2623 2169 2701 2223 tui
2738 2167 2907 2224 animi
2948 2166 3226 2223 sententia
3265 2165 3566 2220 constituta

1978 2272 2129 2327 sunt,
2162 2264 2369 2333 gratias
2402 2264 2588 2317 animo
2632 2271 2689 2317 et
2717 2261 2904 2331 lingua
2944 2258 3178 2314 reddere
3213 2270 3403 2313 coram
3450 2254 3566 2309 Deo

1931 2399 1945 2413 .
1978 2373 2046 2411 ne
2084 2367 2366 2425 torpescas
2396 2374 2409 2410 :
2444 2357 2540 2411 sed
2594 2371 2697 2425 pro
2738 2356 2807 2410 iis
2857 2368 2981 2424 quae
3015 2351 3180 2407 aliter
3231 2365 3290 2405 se
3336 2348 3567 2409 habent,

1977 2449 2317 2505 luculentam
2357 2449 2517 2505 nobis
2548 2447 3053 2518 expostulationem
3111 2442 3301 2498 facito.
3338 2440 3568 2497 Illorum

1979 2543 2129 2598 enim
2183 2543 2301 2613 ipse
2346 2542 2482 2604 dux,
2514 2543 2773 2611 princeps
2809 2548 2867 2594 et
2915 2538 3193 2606 choragus
3223 2543 3308 2590 est
3340 2552 3353 2588 :
3390 2533 3444 2587 in
3479 2531 3570 2589 liis

1981 2645 2168 2692 autem
2201 2652 2303 2691 nos
2335 2635 2597 2706 culpandi
2638 2649 2854 2690 sumus.

1415 2891 1715 2976 APXH
1794 2888 2460 2978 ΕΡΜΗΝΕΙΑΣ.

369 3052 497 3109 hc.
530 3054 677 3111 150⁸.
707 3058 773 3110 El
800 3056 867 3111 δέ
885 3059 1045 3111 εἰσιν
1059 3058 1256 3111 ὕπνοι.
1286 3057 1498 3127 Ὥσπερ
1525 3057 1727 3127 ’.παλτῶν
1741 3057 1893 3126 βασι-

1992 3055 2082 3107 Διὸ
2121 3053 2283 3121 σοφὸν
2318 3052 2499 3104 αὐτῶν
2531 3069 2664 3122 φησι
2722 3052 2817 3104 καὶ
2857 3053 2918 3105 τὸ
2958 3050 3033 3120 μὴ
3089 3049 3296 3119 σαφέςο
3363 3047 3575 3118 βεϐαιοῖ

290 3147 434 3201 λέων
460 3148 741 3219 κειμήλια,
771 3149 864 3203 καὶ
896 3151 1070 3205 ὁπόσα
1103 3150 1414 3222 ἀνθρώποις
1455 3150 1579 3221 ἱερά
1608 3167 1665 3203 τε
1695 3150 1789 3203 καὶ
1811 3148 1892 3202 τί·
1990 3147 2047 3201 δὲ
2070 3147 2233 3200 τοῦτο
2264 3147 2360 3200 καὶ
2400 3146 2492 3200 διὰ
2519 3148 2629 3199 τῶν
2659 3146 2753 3199 τοῦ
2832 3144 3087 3198 Ἠσιόδου
3145 3141 3314 3195 ἐπῶν.
3353 3142 3575 3207 Ἔκρυ-

294 3260 421 3311 μισ,
453 3243 555 3296 ὗπδ
579 3245 1080 3316 παραπετάσμασιν
1112 3244 1246 3299 ἄλλα
1286 3246 1465 3308 ἄλλοις
1496 3245 1889 3309 καλύπτονται,

294 3335 390 3388 ἵνα
444 3338 579 3404 μήτε
603 3338 796 3406 δήμοις
814 3338 1052 3400 ἀνοσίοις
1093 3340 1432 3409 προκείμενα
1463 3337 1886 3406 κιϐδηλεύηται,

1989 3241 2119 3308 ﬁta?
2183 3238 2318 3310 γὰρ,
2380 3240 2569 3309 φησὶν,
2629 3242 2685 3292 οἱ
2732 3238 2857 3293 θεοὶ
2898 3236 3023 3303 τοῖς
3074 3236 3418 3304 ἀνθρώποις
3468 3232 3576 3284 τὸν

1993 3331 2232 3385 ἄπονον
2263 3332 2432 3397 βίον,
2491 3331 2590 3385 καὶ
2647 3330 2893 3384 πάντων
2933 3328 3142 3384 καλῶν
3188 3327 3267 3395 ἰδέ
3285 3326 3407 3380 ὦτα
3451 3324 3574 3379 θεοὶ

294 3426 441 3495 μήτε
472 3430 879 3499 περιφρονῆται
903 3447 917 3462 .
954 3431 1044 3483 διὰ
1093 3433 1202 3501 γάρ
1244 3432 1345 3501 τῆς
1382 3433 1647 3503 χορηγίας
1689 3430 1891 3485 ἄπονόν
1914 3460 1959 3522 C
1994 3425 2404 3495 προπάροιθεν
2429 3426 2676 3522 ἐθνικαν.
2714 3425 2786 3478 Τὸ
2806 3424 2864 3477 δὲ
2894 3423 3128 3522 ἀπόνως.
3146 3425 3442 3522 τυλγχάνειν
3465 3418 3578 3520 τῶν

296 3536 360 3570 τε
392 3521 482 3572 καὶ
524 3522 816 3592 πρόχειρον
839 3537 855 3554 ’
887 3522 1035 3577 οὕτω
1064 3527 1157 3577 καὶ
1178 3524 1277 3577 ὅσα
1298 3523 1622 3577 καθεύδουσι
1649 3526 1761 3586 τοῖς
1793 3523 1885 3575 ἁν-

305 3611 549 3681 θρώποις
577 3614 830 3683 ὁρῶνται,
856 3615 980 3669 ἐπεὶ
1010 3616 1281 3686 θειοτέρα,
1318 3617 1475 3686 φησι,
1505 3615 1599 3668 καὶ
1636 3630 1886 3693 προγνω-

312 3704 469 3770 στική
508 3705 592 3766 τίς
623 3706 774 3759 ἐστιν
797 3706 947 3777 ὄψις,
1000 3707 1093 3762 τοῦ
1130 3707 1508 3776 φανταστικοῦ
1572 3704 1886 3776 πνεύματος

308 3796 405 3865 τῆς
427 3797 609 3867 ψυχῆς
641 3800 944 3869 τηνικαῦτα
998 3790 1399 3874 καθαρωτέροιί
1449 3800 1885 3870 καθισταμένου,

303 3889 398 3943 διὰ
426 3892 487 3943 τὸ
526 3891 882 3964 ἀπηλλάχθαι
903 3911 1021 3958 πως
1048 3895 1160 3949 τῶν
1197 3896 1531 3965 σωματικῶν
1561 3910 1618 3947 τε
1642 3893 1738 3946 καὶ
1777 3892 1890 3944 ὑλι-

302 3983 419 4035 κῶν
446 3983 712 4053 θορύϐων,
768 3987 1185 4057 αἰνιγματωδῶς
1232 4004 1350 4050 πως
1398 3985 1495 4040 καὶ
1539 3986 1739 4049 ταῦτα,
1795 3986 1891 4038 καὶ

298 4072 499 4146 ὥσπερ
522 4074 626 4128 ὑπὸ
658 4078 1126 4149 παραπετάσματι
1154 4077 1389 4134 δίδονται
1418 4079 1534 4141 τοῖς
1551 4077 1886 4146 ἀνθρώποις.

1992 3517 2219 3586 ἀγαθῶν
2248 3517 2422 3587 δῶρον
2460 3513 2602 3571 εἷναί
2645 3534 2782 3587 φησι
2827 3516 2996 3569 θεῖον.
3037 3512 3290 3567 Δίδοσθαι
3328 3511 3386 3563 δὲ
3416 3508 3579 3561 τοῦτο

1996 3609 2073 3681 μὴ
2114 3609 2255 3663 πάνυ
2287 3609 2504 3672 πολλοῖς
2521 3626 2687 3672 τισιν,
2722 3610 2804 3661 ὅτι
2837 3606 2911 3678 μὴ
2948 3606 3155 3676 σφόδρα
3200 3603 3406 3672 ὀλίγοις
3427 3619 3443 3633 ·
3467 3596 3579 3654 οἷον

1989 3703 2158 3772 σοφία
2199 3702 2299 3771 μὲν
2321 3700 2504 3754 πόνων
2536 3701 2704 3770 χωρὶς
2727 3699 3040 3770 ὲόραὸεύθη
3099 3699 3178 3769 τῷ
3232 3694 3575 3765 Σολομῶντι·

1989 3793 2234 3864 Σαμψὼν
2261 3793 2320 3846 δὲ
2348 3794 2381 3862 ὴ
2410 3793 2502 3845 τοῦ
2548 3792 2805 3862 σώματος
2848 3790 3263 3860 ἀνυπέρϐλητος
3318 3788 3475 3857 ἰσχύς
3515 3803 3578 3838 τε

1990 3888 2084 3941 καὶ
2115 3885 2278 3959 ῥώμη
2300 3903 2313 3916 ·
2343 3888 2439 3940 καὶ
2468 3882 2561 3952 αὖ,
2589 3888 2667 3948 ὠς
2695 3885 2959 3955 Ἕλληνες
2989 3883 3240 3938 πείθουσι
3280 3882 3454 3949 λόγοι,
3491 3896 3581 3932 σο-

1990 3980 2087 4048 φία
2112 3995 2199 4043 τις
2228 3979 2290 4032 οὐ
2346 3979 2489 4033 πάνυ
2529 3995 2613 4031 τοι
2661 3977 2897 4048 ἀγεννὴς
2944 3970 3049 4050 ἦκε
3096 3974 3250 4044 παρὰ
3307 3975 3407 4042 τῆς
3464 3972 3579 4026 ἄνω

1994 4072 2259 4144 προνοίας
2300 4072 2394 4125 καὶ
2426 4069 2665 4141 Αἰσώπῳ
2688 4070 2767 4141 τῷ
2799 4070 3005 4140 Φρυγὶ,
3036 4070 3130 4123 καὶ
3163 4068 3271 4138 πρό
3320 4083 3385 4135 γε
3456 4063 3578 4117 τού-

1259 4343 1733 4432 INClPlT
1839 4333 2658 4428 EXPLANATIO.

381 4512 533 4579 Quod
591 4516 638 4569 si
700 4516 871 4570 somni
931 4525 1055 4570 sunt
1125 4515 1352 4587 fatidici.
1410 4511 1890 4582 Quemadmodum
1993 4507 2232 4564 obscure
2275 4504 2514 4578 quadam
2547 4505 2765 4561 ratione
2796 4503 2969 4559 etiam
2999 4501 3127 4571 ista,
3179 4512 3444 4573 tanquam
3475 4501 3580 4557 sub

310 4620 501 4674 regum
554 4607 795 4674 pretiosa
865 4621 1129 4674 munera,
1184 4622 1306 4677 qua:
1361 4615 1588 4676 propter
1646 4603 1891 4659 valorem
1995 4600 2154 4662 velis.
2181 4599 2499 4655 hominibus
2520 4597 2925 4655 conceduntur.
2952 4596 3086 4651 Eam
3113 4597 3185 4653 ob
3206 4610 3323 4651 rem
3357 4595 3583 4665 sapiens

313 4697 621 4763 majoresve
655 4697 886 4753 delicias
935 4709 1282 4768 reponuntur
1324 4712 1380 4754 et
1424 4707 1809 4765 asseruntur,
1836 4704 1896 4752 et
1993 4701 2052 4747 et
2078 4692 2414 4749 industrium
2444 4699 2532 4748 est
2564 4690 2619 4746 in
2651 4690 2787 4762 ipsis
2817 4689 2904 4760 (ut
2930 4686 3111 4760 aiunt)
3140 4689 3310 4744 etiam
3341 4687 3393 4741 id
3430 4688 3578 4757 quod

310 4799 655 4856 quaecunque
684 4787 828 4856 apud
857 4788 1112 4844 homines
1139 4799 1570 4860 sacra,augusta
1599 4789 1896 4859 etmagni-
1996 4800 2110 4840 non
2160 4795 2411 4855 apertum
2465 4794 2573 4840 est.
2626 4783 2780 4840 Istud
2850 4797 3019 4855 porro
3083 4781 3339 4838 versibus
3391 4779 3583 4837 llesio-

317 4876 569 4931 facicnda
625 4887 779 4941 sunt,
830 4880 937 4935 sub
992 4880 1192 4950 tapetis
1251 4890 1304 4935 et
1364 4880 1554 4935 aulaeis
1608 4880 1715 4938 alia
1769 4879 1895 4936 aliis
1997 4875 2051 4930 di
2091 4876 2473 4931 conﬁrmatur.
2539 4876 2890 4932 Occultarunt
2957 4874 3215 4944 siquidem
3247 4874 3366 4945 (ait
3415 4874 3583 4944 ipse)

321 4978 598 5040 teguntur,
630 4985 699 5025 ne
740 4974 986 5042 profanae
1016 4974 1332 5044 ίεηειιοεεῳιθ
1371 4973 1716 5029 multitudini
1766 4989 1890 5043 pro-
1920 4967 1973 5027 D
1998 4967 2075 5021 dii
2109 4967 2402 5024 hominibus
2420 4968 2592 5023 lenem
2634 4979 2684 5022 et
2724 4966 3151 5038 facilemtvitam,
3177 4977 3225 5035 et
3257 4976 3379 5024 ante
3407 4966 3586 5022 omnia

319 5062 497 5133 posita
523 5076 953 5135 corrumpantur
974 5076 1032 5123 θι
1066 5066 1479 5135 minuerentur,
1505 5081 1685 5139 neque
1711 5066 1898 5122 ﬂocci-
2001 5059 2137 5113 bona
2184 5062 2431 5118 sudorem
2471 5064 2547 5117 dii
2585 5062 2937 5119 collocarunt.
2980 5063 3122 5119 Illud
3146 5074 3356 5131 autem,
3385 5077 3587 5133 nempe

320 5157 635 5216 ﬁanttnam
664 5168 890 5227 propter
915 5168 1189 5229 sumptus,
1210 5160 1262 5214 id
1292 5161 1452 5217 facile
1474 5168 1531 5215 et
1556 5160 1611 5215 in
1641 5167 1897 5233 promptu
1999 5151 2137 5207 citra
2212 5153 2461 5210 laborem
2526 5156 2798 5212 bonorqu
2872 5166 3185 5228 compotem
3249 5172 3393 5226 esse,
3469 5173 3591 5211 mu-

324 5248 563 5318 positum
594 5250 811 5304 estzita
850 5265 1196 5321 quaecunque
1231 5251 1303 5308 ab
1337 5250 1663 5307 hominibus
1706 5266 1900 5305 somno
2002 5262 2107 5302 nus
2161 5247 2419 5303 divinum
2488 5252 2692 5306 asserit
2741 5266 2902 5317 esse;
2937 5268 3128 5308 verum
3165 5253 3218 5308 id
3250 5268 3365 5308 non
3396 5254 3589 5307 admo-

321 5341 558 5411 sepultis
640 5351 968 5408 cernuntur,
1030 5342 1480 5413 quandoquidem
1541 5343 1783 5399 divinior
1838 5357 1902 5397 ac
2003 5341 2134 5395 dum
2165 5341 2353 5396 multis
2381 5343 2632 5409 concedi,
2675 5344 2789 5400 imo
2831 5345 2992 5401 valde
3021 5345 3260 5416 paucis:
3298 5346 3465 5399 veluti
3496 5361 3591 5400 sa-

325 5426 622 5500 praesciens
651 5432 877 5500 quidam
911 5443 1170 5503 aspectus
1195 5433 1510 5498 denuntiat,
1550 5443 1683 5489 tunc
1724 5438 1900 5503 phau-
2005 5430 2213 5502 pientia
2241 5431 2363 5486 sine
2386 5432 2574 5488 labore
2600 5433 2883 5490 Solomoni
2912 5449 3011 5503 pro
3038 5433 3264 5504 praemio
3289 5434 3592 5490 distributa
3639 5420 3647 5446 ³

325 5524 524 5579 tastico
562 5525 761 5580 anima:
807 5525 1003 5595 spiritu
1058 5526 1284 5596 puriore
1339 5538 1553 5596 pacato,
1610 5536 1904 5597 propterea
2005 5525 2437 5597 est;Sampsoni
2464 5543 2595 5582 vero
2624 5529 2878 5597 corporis
2900 5528 3295 5597 insuperabilis
3323 5527 3594 5582 fortitudo

324 5616 474 5686 quod
530 5618 747 5672 solutus
793 5627 882 5673 est
931 5618 1343 5688 quodammodo
1399 5611 1685 5688 carporeis
1737 5630 1907 5689 atque
2008 5619 2414 5690 roburque;ac
2443 5620 3046 5686 rursum,utliberales
3073 5619 3594 5677 Grzecorumdisci-

321 5707 709 5765 materialibus
739 5710 1052 5781 crassisque
1088 5710 1440 5780 tumultibus,
1467 5710 1812 5782 aenigmatice
1850 5720 1909 5767 et
2009 5716 2176 5787 plina:
2212 5714 2443 5769 tradunt
2477 5723 2535 5770 et
2576 5715 2836 5783 suadent,
2870 5713 3142 5786 sapientia
3182 5713 3436 5784 quaedam
3484 5731 3596 5773 non

400 5874 420 5899 ‘
457 5875 673 5948 Pagina:
699 5886 829 5931 sunt
856 5876 1121 5933 editionis
1151 5875 1371 5949 Synesii
1408 5876 1741 5945 Petaviante,
1773 5893 1914 5949 quas
1948 5878 2004 5935 iu
2035 5885 2227 5935 nostra
2271 5877 2522 5936 numeris
2562 5874 2965 5950 grandioribus
3003 5877 3402 5952 expressimus.
3442 5880 3594 5939 Eutr.
