4016 6484
319 419 430 481 533

1194 420 1521 479 SCHOLIA
1565 421 1645 478 ΙΝ
1687 421 2082 480 SYNESIUM
2123 422 2218 480 DE
2259 424 2692 482 lNSOdellS.
3483 418 3585 479 531

391 531 783 600 Φιλοσοφίας.
824 530 1024 592 Καλῶς
1061 529 1222 583 τοῦτο
1271 532 1510 599 εἰρήκει.
1543 533 1652 584 Καὶ
1701 533 1812 601 γὰρ
1851 533 1898 584 οἱ
1929 530 2252 601 Αγλὼττης
2306 533 2625 603 ἐξήρτηται,
2677 533 2820 586 ὥστε
2880 530 2941 582 οὐ
3008 531 3169 598 μόνον
3218 528 3324 581 τῶν
3376 530 3585 583 ἐκείνου

325 625 548 689 ποιηταὶ
579 623 860 690 φιλόσοφοι
901 622 1076 688 ὄντες,
1108 622 1299 677 ἔλαθον
1329 626 1550 691 ποιηταὶ
1582 625 1735 694 παρὰ
1766 627 1902 678 πάν-

263 723 269 730 ‘
320 732 433 766 των
494 715 842 784 καλούμενοι.
901 718 1028 779 Τοῖς
1097 717 1206 786 γὰρ
1258 717 1467 785 ἰατροῖς
1539 719 1902 789 παραπλήσια

318 806 556 874 δρῶντες
603 809 695 859 καὶ
740 809 915 867 αὐτοὶ,
947 807 1158 860 ἑαυτῶν
1209 807 1530 876 φιλοσοφίας
1573 810 1655 872 εἰς
1700 809 1904 879 μύθους

325 900 418 951 καὶ
450 900 625 968 μέτρα
671 901 766 954 καὶ
819 902 977 970 μέλος
1016 900 1460 970 ψυχαγωγούντα
1504 903 1900 971 καταθέμενοι,

317 991 421 1058 τῆς
447 995 659 1045 ἐκεῖθεν
699 994 967 1060 ὠφελείας
1011 996 1211 1048 οὑτωσὶ
1261 997 1320 1048 τὸ
1367 998 1562 1064 πικρὸν
1607 999 1904 1053 συνεκάλυο

318 1085 431 1152 ψαν
455 1102 471 1116 ο
506 1087 763 1156 καθάπερ
791 1090 887 1142 καὶ
931 1090 1134 1160 ἰατρῶν
1166 1093 1355 1153 παῖδες
1404 1092 1503 1161 τὴν
1547 1093 1654 1145 τῶν
1691 1093 1905 1146 λυσιτε-

319 1179 558 1231 λούντων
588 1182 898 1250 φαρμάκων
922 1183 1119 1252 ἀηδίαν
1147 1185 1326 1248 μέλιτι
1360 1187 1745 1255 κεραννύντες,
1771 1187 1904 1240 πολ-

315 1272 479 1335 λακις
512 1273 992 1342 συγκρύτιτουσι.ν⁹
1030 1275 1104 1339 ὡς
1157 1273 1296 1328 εῖναι
1329 1279 1516 1332 λοιπὸν
1560 1283 1756 1336 συνετὰ
1804 1281 1905 1350 μὲν

317 1365 432 1423 τοῖς
503 1367 706 1431 σαθροῖς,
769 1368 884 1428 τοῖς
947 1368 1003 1420 δὲ
1081 1368 1332 1439 βεόήλοις
1388 1373 1711 1444 δημοτερπῆ
1780 1376 1902 1443 μὲν,

319 1454 558 1510 ἀσύνετα
593 1457 669 1508 δέ.
703 1457 795 1522 Εἰς
833 1460 990 1512 οὐδὲν
1012 1462 1121 1531 γὰρ
1145 1463 1334 1533 ἕτερον
1371 1466 1775 1534 ἐκλαμϐάνουσι
1811 1469 1903 1521 τὸν

321 1551 472 1620 Δὶαῆ
513 1553 591 1613 εἰς
621 1554 746 1605 νοῦν
789 1556 1172 1624 πρεσϐύτατον
1216 1563 1311 1612 καὶ
1352 1562 1743 1630 ἀρχαιότατον,
1777 1567 1909 1618 κὰν-

319 1643 511 1696 τεῦθεν
539 1648 632 1698 καὶ
673 1647 989 1716 σοφώτατον
1015 1667 1029 1683 ο
1059 1651 1250 1724 ὥσπερ
1284 1656 1378 1707 καὶ
1416 1657 1515 1726 τὴν
1556 1657 1790 1727 Ἀθηνᾶν
1822 1660 1902 1722 είς

319 1736 418 1802 τὴν
453 1738 739 1806 φρόνησιν,
770 1742 836 1808 ἢν
859 1742 956 1794 καὶ
985 1742 1087 1812 τῆς
1124 1746 1188 1796 ὲκ
1224 1745 1319 1798 τοῦ
1353 1747 1474 1810 Διὸς
1505 1749 1752 1820 κεφαλῆς
1781 1767 1905 1814 γεν-

321 1827 517 1880 νᾶσθαί
559 1847 742 1899 φασιν.
797 1833 1136 1898 Ἀκολοὺθως
1180 1832 1273 1890 οὖν
1331 1841 1423 1892 καὶ
1479 1843 1506 1892 ὁ
1555 1841 1717 1909 σοφὸς
1749 1834 1906 1906 οὗτος

321 1918 574 1986 Συνέσιος
600 1923 813 1976 ἐνταῦθ’
840 1927 920 1988 είς
956 1927 1079 1981 νοῦν
1113 1929 1214 1998 μὲν
1243 1931 1580 2000 ἐκλαμϐάνει
1638 1935 1730 1986 τὸν
1768 1935 1900 1986 Δία·
1937 1914 1978 1968 Β

324 2014 404 2074 εἰς
452 2015 604 2083 ἰσχὺν
637 2016 694 2068 δὲ
727 2017 896 2072 αὐτοῦ
947 2022 1044 2091 τὴν
1095 2023 1288 2092 σοφίαν
1315 2041 1329 2054 ·
1367 2025 1426 2078 τὸ
1458 2026 1515 2078 δὲ
1565 2032 1725 2100 γενεῇ
1769 2029 1904 2100 πρό-

319 2119 479 2173 τερος
513 2106 592 2168 είς
640 2107 741 2177 τὴν
786 2109 1150 2182 ἀρχαιότητα,
1178 2114 1271 2184 ἀφ’
1303 2111 1371 2188 ἦς
1397 2119 1493 2172 καὶ
1523 2119 1554 2187 ἠ
1591 2121 1758 2189 σοφία
1793 2123 1908 2186 τοῖς

320 2193 539 2265 ἱχουσιν
602 2198 678 2264 ὡς
730 2202 800 2255 τὰ
857 2203 1031 2259 πολλὰ
1081 2207 1449 2276 περιγίνεται.
1505 2212 1647 2282 Φησὶ
1700 2213 1759 2267 δὲ
1811 2213 1912 2268 καὶ

337 2287 729 2362 Ἀναξαγόρας,
752 2294 840 2348 ὅτι
869 2295 996 2361 νοῦς
1033 2299 1183 2353 ἐστιν
1214 2303 1242 2354 ὁ
1271 2301 1592 2372 διακοσμῶν
1622 2307 1692 2359 τὰ
1726 2305 1912 2362 πάντα

325 2381 422 2431 καὶ
447 2383 667 2438 πάντων
720 2387 929 2452 αἴτιοςο
980 2392 1058 2454 ὡς
1122 2394 1375 2448 ἐντεῦθεν
1426 2397 1767 2461 δείκνυσθαι,
1824 2400 1910 2454 ὅτι

328 2473 424 2524 καὶ
453 2468 606 2540 οὗτος
632 2480 1009 2554 πρεσϐύτερον
1033 2485 1134 2538 καὶ
1161 2487 1314 2541 τοῦδε
1338 2489 1433 2542 τοῦ
1463 2491 1668 2554 παντὸς
1696 2492 1914 2559 δοξάζει

325 2560 420 2616 τὸν
453 2566 602 2621 νοῦν.

403 2657 478 2712 ἸΙ
504 2661 670 2729 νοῦς.
705 2665 872 2730 Νόας,
903 2669 1098 2740 νοερᾶς
1135 2672 1344 2734 οὐσίας.

407 2755 622 2822 Ταύτῃ.
657 2757 865 2824 Οὕτως,
894 2763 1039 2816 κατὰ
1073 2767 1278 2820 τοιόνδε
1307 2771 1399 2820 τὸν
1429 2771 1653 2841 τρόπον.

404 2848 818 2918 Προσπερονᾷ.
852 2855 1008 2909 Οὕτω
1031 2875 1111 2910 τοι
1149 2860 1478 2930 αἰρεσιώτης
1504 2863 1598 2916 τοῦ
1631 2864 1916 2930 Πλάτωνός

334 2937 481 2992 ἐστιν
515 2943 542 2994 ὁ
568 2943 760 3014 παρὼν
785 2938 942 3008 οὗτος
969 2949 1243 3014 Συνέσιος,
1278 2955 1372 3006 καὶ
1401 2954 1543 3007 οὕτω
1576 2955 1672 3026 τῆς
1701 2961 1914 3012 ἐκείνου

409 3097 778 3172 Philosophia}.
802 3107 1062 3175 Apposite
1085 3109 1226 3164 istud
1249 3109 1405 3167 dixit.
1431 3111 1713 3183 Siquidem
1738 3128 1913 3188 poeta:

332 3193 652 3263 philosophi
705 3213 826 3252 cum
871 3213 1081 3264 essent,
1133 3203 1370 3259 latenter
1421 3209 1565 3277 quod
1618 3221 1793 3279 poeta!
1842 3212 1911 3266 ab

335 3287 597 3342 omnibus
645 3294 905 3360 appellati
956 3304 1106 3351 sunt.
1159 3297 1266 3366 ipsi
1317 3315 1554 3370 namque
1607 3303 1916 3360 consimilia

336 3379 568 3434 medicis
609 3381 874 3450 facientes
903 3402 1096 3442 eorum
1140 3391 1548 3461 philosophiam
1597 3397 1649 3452 in
1683 3387 1915 3462 fabulas,

339 3488 532 3529 versus
578 3485 634 3530 et
690 3479 1122 3536 modulationem
1173 3485 1240 3538 ad
1293 3487 1601 3544 animarum
1657 3492 1915 3546 solatium

334 3566 538 3623 litteris
567 3573 885 3640 prodentes,
907 3591 1140 3646 eamque
1177 3578 1603 3650 philos0phandi
1643 3586 1915 3639 rationem

339 3665 615 3716 memoriae
649 3667 993 3733 mandantes,
1028 3670 1178 3727 illius
1209 3689 1330 3741 qum
1366 3675 1491 3728 inde
1523 3679 1771 3744 procedit
1806 3680 1917 3733 uti-

344 3754 508 3810 litatis
556 3741 630 3811 ita
685 3762 1091 3817 amarulentam
1145 3763 1520 3820 ditlicultatem
1561 3770 1915 3837 obtexerunt,

335 3849 802 3916 quemadmodum
831 3852 1170 3907 medicorum
1201 3854 1293 3907 lilii
1316 3855 1728 3914 fructuosorum
1756 3861 1921 3929 phar-

337 3953 619 3994 macorum
651 3943 1007 3998 acerbitatem
1048 3954 1104 3999 et
1149 3947 1456 4001 molestiam
1501 3950 1663 4004 melle
1710 3959 1919 4022 tempe-

337 4042 532 4087 rantes.
548 4034 745 4090 crebro
767 4037 1154 4095 abscondunt:
1180 4049 1237 4094 ut
1269 4043 1614 4110 sapientibus
1643 4044 1915 4115 reliquum

335 4125 415 4180 sit
458 4127 690 4183 solertes
738 4129 962 4198 quidem
1011 4140 1068 4185 ct
1117 4131 1426 4188 industrios
1475 4150 1618 4201 esse,
1668 4139 1917 4207 profanis

334 4235 471 4273 vero
495 4236 556 4275 ea
586 4221 864 4284 supersint
891 4239 1014 4292 quae
1045 4225 1190 4292 plebi
1222 4225 1558 4281 hilaritatem
1593 4239 1646 4284 et
1677 4230 1922 4286 oblecta-

337 4315 544 4367 tionem
571 4314 827 4380 all'erunt,
850 4325 1108 4371 caeterum
1139 4318 1512 4388 intelligentiae
1539 4334 1593 4376 et
1619 4325 1918 4386 reconditae

334 4406 772 4476 perspicacitatis
796 4410 1045 4475 expertia
1077 4417 1224 4466 sunt.
1258 4411 1394 4464 Nam
1421 4412 1473 4465 in
1499 4413 1712 4470 nullum
1746 4417 1916 4472 alium

335 4515 560 4554 Sensum
598 4499 1034 4569 interpretantur
1079 4501 1294 4565 fovent,
1343 4520 1509 4574 quam
1561 4507 1627 4560 ad
1678 4519 1916 4575 mentem

2006 622 2173 689 δοξῶν
2230 625 2334 685 τὰς
2391 626 2608 688 πλείους
2665 627 2724 687 ἐς
2782 624 2951 691 ἄκρον
3015 622 3445 692 ἐξεμελέτησεν,
3511 622 3588 685 ὡς

2008 714 2293 785 προϊόντες
2325 716 2593 786 δείξομεν,
2627 716 2762 769 ἀλλὰ
2794 717 2887 768 καὶ
2926 715 3116 777 αὑταῖς
3175 713 3447 784 πολλαχοῦ
3500 714 3596 766 κέ-

2003 825 2203 878 χρηται
2238 812 2356 871 ταῖς
2386 811 2596 863 ἐκείνου
2627 811 2836 875 λέξεσι.

2081 901 2189 953 Καὶ
2227 901 2289 953 τὸ
2316 901 2701 970 πρωσπερονᾷ
2735 903 2791 955 δὲ
2821 906 2882 955 ἐκ
2931 901 3026 955 τοῦ
3076 902 3361 966 Πλάτωνος
3393 919 3592 972 7:195:-

2006 991 2192 1061 λήψει.
2222 993 2362 1063 Φησὶ
2394 995 2502 1064 γὰρ
2533 997 2740 1059 ἐκεῖνος
2780 997 2838 1049 ἐν
2873 996 2949 1064 τῷ
2981 996 3232 1063 Φαίδωνι,
3268 998 3349 1050 ὅτι
3382 997 3591 1062 ἑκάστη

2007 1085 2169 1154 ἡδονὴ
2221 1085 2317 1138 καὶ
2366 1087 2532 1156 λύπη,
2567 1087 2758 1156 ὥσπερ
2791 1082 2920 1159 ἧλον
2959 1091 3155 1160 ἔχουσα
3198 1089 3462 1159 προσηλοῖ
3491 1089 3591 1158 τὴν

2007 1177 2184 1249 ψυχὴν
2236 1179 2375 1248 πρὸς
2408 1181 2467 1232 τὸ
2517 1181 2696 1250 σῶμα,
2746 1184 2838 1235 καὶ
2891 1185 3269 1253 προσπερονᾷ,
3304 1183 3397 1234 καὶ
3449 1185 3595 1234 ποιεῖ

2011 1273 2378 1342 σωματοειδῆ,
2410 1273 2744 1338 δοξάζουσαν
2798 1274 2970 1328 ταῦτα
3012 1271 3153 1327 εἷναι
3207 1274 3408 1343 ἀληθῆ,
3444 1274 3590 1343 ἅπερ

2007 1363 2075 1416 ἂν
2111 1365 2204 1418 καὶ
2250 1367 2308 1417 τὸ
2346 1367 2501 1436 σῶμα
2533 1371 2628 1437 φῇ.

2084 1455 2498 1526 Προσπερονᾷ.
2530 1458 2802 1528 Προσηλοῖ
2831 1459 2924 1513 καὶ
2961 1459 3251 1532 συγκολλᾷ.

2087 1547 2175 1613 Τῷ
2207 1551 2332 1605 κατ’
2358 1551 2579 1616 ἀλκήν.
2610 1550 2766 1603 Τοῦτ’
2797 1551 3031 1620 Est-utcf)
3069 1554 3213 1606 κατὰ
3246 1553 3403 1624 lex-1w
3429 1553 3600 1622 ὑπερ-

2011 1642 2201 1714 φέρειν
2229 1644 2337 1696 τῶν
2367 1644 2568 1699 ἄλλων.

2097 1734 2517 1802 Ἀνακάμπτει.
2584 1737 2926 1806 Συνάγεται,
2991 1739 3308 1809 ἀνέρχεται,
3370 1741 3446 1802 ὡς
3507 1741 3598 1792 ἐπὶ

2011 1826 2217 1880 κύκλου
2249 1829 2717 1898 συμπεραίνεται.

2081 1916 2223 1972 Ὅτι.
2261 1920 2430 1974 Διότι.

2081 2005 2271 2064 Αὗται
2309 2011 2448 2079 μέν.
2499 2014 2684 2068 Ταῦτα
2715 2011 2871 2069 εἶπεν
2900 2017 3208 2085 ἀποδείξεις
3237 2015 3398 2079 εἶναι,
3433 2022 3599 2089 ἤγουν

2011 2099 2075 2153 τὸ
2104 2103 2204 2173 τὴν
2235 2105 2437 2171 γνῶσιν
2477 2107 2571 2159 καὶ
2609 2107 2706 2179 τὴν
2737 2109 2932 2179 σοφίαν
2959 2112 3221 2165 δύνασθαι
3255 2117 3504 2182 προορᾷν
3533 2116 3600 2168 τὰ

2013 2195 2269 2264 ἐσόμενα,
2300 2199 2396 2252 καὶ
2421 2200 2481 2252 τὸ
2515 2201 2614 2272 τὴν
2642 2205 2909 2272 μαντείαν
2939 2207 3436 2277 πραγματεύεσθαι
3472 2209 3602 2278 περὶ

2012 2286 2209 2344 ταῦτα.

2088 2384 2160 2436 El
2217 2383 2287 2436 δὲ
2326 2389 2632 2455 σημαίνει.
2663 2391 2862 2460 Ἕλλην
2921 2394 3015 2446 καὶ
3045 2387 3202 2458 οὗτος
3233 2397 3300 2467 τῇ
3343 2395 3472 2469 δόξῃ
3501 2394 3601 2461 ὣν,

2014 2473 2084 2526 τὰ
2113 2475 2254 2529 αὐτὰ
2287 2479 2520 2543 ἐκείνοις
2568 2483 2812 2548 διέξεισι,
2848 2486 2940 2539 καί
2986 2504 3152 2558 φησιν
3191 2481 3335 2540 εἷναι
3381 2490 3472 2541 τὸν
3513 2489 3604 2541 κό-

2019 2582 2156 2635 σμον
2213 2568 2474 2641 ἔμψυχον,
2511 2575 2604 2626 καὶ
2631 2575 2839 2643 λοιπὸν,
2877 2578 3110 2648 Ὥσπερ,
3151 2579 3604 2650 φησ“ιν,η’ἐκαστον

2017 2659 2127 2712 τῶν
2174 2660 2232 2713 ἐν
2279 2662 2358 2730 τῷ
2411 2665 2600 2735 κόσμῳ
2636 2667 2790 2731 ζώων
2824 2670 3111 2737 σύγκειται
3165 2674 3229 2727 ὲκ
3288 2674 3472 2744 μερῶν
3508 2679 3602 2731 καὶ

2021 2749 2219 2818 μελῶν,
2245 2753 2280 2804 ἃ
2316 2753 2380 2823 δὴ
2424 2758 2710 2810 κοινωνίαν
2749 2763 2840 2812 καὶ
2875 2765 3210 2830 συγγένειαν.
3245 2765 3425 2834 ἔχουσι
3465 2770 3604 2839 πρὸς

2018 2841 2224 2912 ἄλληλα
2253 2863 2264 2876 ·
2315 2847 2462 2900 οὕτω
2496 2851 2588 2903 καὶ
2623 2853 2651 2905 ὁ
2682 2853 2942 2922 κόσμοςό
2973 2857 3034 2920 ἐξ
3080 2859 3313 2928 οὐρανοῦ
3359 2863 3452 2912 καὶ
3478 2865 3617 2930 γῆς,-

2019 2937 2112 2990 καὶ
2160 2938 2268 2990 τῶν
2316 2943 2522 3010 μεταξὺ
2572 2946 2987 3016 συνιστάμενος,
3021 2949 3160 3010 ζῶον
3208 2951 3453 3023 ἔμψυχον
3504 2955 3599 3018 ὢν,

2089 3090 2356 3157 Annectit,
2385 3095 2472 3149 vel
2505 3097 2688 3167 afﬁgit.
2723 3097 2814 3153 Sic
2843 3100 3031 3170 utique
3064 3103 3390 3161 obﬁrmatus
3425 3109 3604 3164 Plato-

2023 3179 2111 3233 nis
2139 3192 2378 3238 sectator
2405 3194 2491 3240 est
2526 3188 2615 3241 hic
2653 3199 2838 3244 noster
2865 3193 3149 3262 Synesius,
3186 3206 3240 3250 et
3285 3200 3356 3252 ita
3388 3201 3456 3255 ab
3484 3203 3603 3270 ejus

2025 3267 2212 3339 lingua
2257 3275 2480 3342 pendet,
2517 3287 2579 3331 ut
2623 3293 2734 3332 non
2781 3282 2946 3337 modo
2980 3286 3294 3355 complures
3335 3290 3455 3360 ejus
3489 3294 3627 3362 opis.

2025 3363 2219 3419 niones
2247 3383 2419 3436 usque
2443 3369 2509 3425 ad
2540 3372 2754 3442 apicem
2780 3385 2837 3431 et
2863 3378 3260 3437 sublimitatem
3289 3385 3621 3451 meditando.

2026 3467 2358 3513 consecutus
2401 3461 2494 3529 sit,
2543 3466 3014 3533 quemadmodum
3046 3471 3102 3526 in
3149 3473 3266 3542 ipso
3314 3492 3624 3550 progressu.

2025 3548 2638 3614 enarrabimus,verum
2666 3557 2834 3612 etiam
2865 3559 3130 3630 ipsasmet
3160 3564 3309 3622 illius
3339 3548 3609 3635 dictiones

2025 3641 2232 3704 passim
2259 3645 2608 3707 adhibuerit.

2097 3734 2162 3786 Et
2191 3735 2322 3791 illud
2347 3744 2582 3799 annectit
2612 3760 2642 3801 e
2672 3747 2898 3804 Platone
2915 3753 3236 3821 assumpsit.
3256 3753 3347 3809 Ait
3375 3755 3521 3810 enim
3553 3759 3609 3818 in

2027 3827 2320 3895 Phaedone,
2356 3853 2742 3909 quamcunque
2771 3843 3108 3914 voluptatem
3143 3856 3199 3900 et
3225 3848 3606 3916 aegritudinem

2029 3919 2198 3974 veluti
2227 3922 2442 3980 clavum
2483 3929 2708 3997 habere,
2743 3948 2854 4003 quo
2893 3936 3141 3990 animum
3176 3941 3393 4009 corpori
3429 3941 3608 4012 alligat

2025 4023 2080 4066 et
2107 4027 2385 4085 annectat,
2415 4023 2914 4096 corpulentumque
2937 4027 3156 4094 elliciat,
3181 4031 3386 4104 quippe
3417 4034 3513 4105 qui
3545 4052 3608 4091 ea

2029 4125 2154 4165 vera
2188 4129 2309 4169 esse
2344 4116 2668 4185 arbitratur,
2700 4137 2823 4190 quae
2851 4138 3056 4193 corpus
3082 4125 3318 4200 dixerit}

2097 4208 2296 4276 A/ﬁgit.
2330 4210 2438 4264 Seu
2471 4213 2524 4266 in
2560 4229 2720 4269 suum
2745 4216 2838 4286 jus
2875 4219 3092 4289 recipit,
3124 4230 3178 4276 et
3205 4225 3570 4294 conglutinat.

2102 4300 2302 4357 l'irium
2336 4311 2685 4374 pt-wstanliw.
2735 4311 2788 4363 Id
2825 4323 2930 4376 est,
2961 4327 3254 4384 propterea
3295 4322 3442 4389 quod
3473 4322 3608 4376 viri-

2027 4397 2132 4450 bus
2163 4399 2285 4451 aliis
2317 4403 2669 4468 praestantior
2695 4405 2786 4458 sit.

2098 4490 2423 4564 Rt‘ﬂcctilur.
2472 4495 2648 4550 Simul
2689 4498 3007 4564 adducitur,
3044 4501 3211 4566 redit,
3248 4513 3305 4558 ct
3348 4514 3610 4576 tanquam

339 4603 472 4647 natu
519 4595 812 4648 maximam
853 4605 909 4649 et
954 4597 1423 4665 antiquissimam,
1461 4616 1524 4656 ac
1564 4601 1797 4671 proinde
1835 4622 1914 4659 sa-

2038 4585 2081 4638 in
2115 4585 2323 4640 circulo
2352 4589 2723 4644 concluditur.

337 4689 740 4758 pientissimam
786 4705 800 4741 :
851 4689 1021 4744 veluti
1077 4691 1378 4747 Minervam
1421 4695 1487 4748 ad
1538 4697 1915 4764 prudentiam,

339 4798 503 4850 quam
538 4782 700 4836 etiam
733 4797 762 4836 e
787 4781 938 4837 Jovis
964 4783 1194 4837 cerebro
1223 4795 1404 4838 natam
1436 4787 1752 4855 perhibent.
1774 4790 1921 4846 Cou-

340 4886 604 4929 sez:tanea
628 4875 797 4945 igitur
828 4875 1040 4929 ratione
1067 4878 1287 4945 sapiens
1317 4879 1407 4932 ille
1433 4881 1702 4933 Svnesius
1734 4881 1822 4935 hic
1853 4883 1918 4936 ad

339 4979 584 5024 mentem
611 4980 665 5023 et
696 4969 1108 5036 intelligentiam
1155 4972 1326 5026 refert
1356 4973 1544 5027 Jovem
1574 4993 1585 5025 :
1619 4984 1674 5028 et
1703 4974 1770 5028 ad
1806 4975 1920 5029 for-

341 5065 633 5118 titudinem
687 5065 861 5132 ipsius
919 5066 1268 5132 sapientiam.
1317 5066 1471 5134 Quod
1527 5080 1710 5123 autem
1761 5081 1924 5126 aetate

343 5157 499 5224 prior
536 5156 624 5218 sit,
661 5157 726 5208 ad
761 5157 1170 5226 antiquitatem,
1209 5175 1307 5228 per
1349 5177 1512 5229 quam
1546 5161 1818 5230 sapientia
1858 5163 1926 5217 iis

345 5248 440 5317 qui
481 5247 624 5301 illam
655 5251 892 5303 asschti
924 5262 1055 5305 sunt
1085 5252 1349 5319 suppetit,
1395 5264 1454 5306 ut
1487 5255 1760 5322 permulta
1793 5256 1919 5309 alia.

345 5342 497 5395 Di\it
537 5358 704 5411 porro
750 5343 1102 5414 Anaxagoras
1142 5356 1379 5401 mentem
1428 5364 1549 5402 esse
1584 5364 1702 5416 quae
1743 5349 1927 5403 ontnia

345 5435 638 5502 gubernat,
671 5440 725 5488 et
755 5435 1002 5489 omnium
1046 5436 1320 5490 bonorum
1356 5454 1518 5492 causa
1554 5447 1637 5492 cst
1667 5459 1677 5491 :
1711 5447 1769 5492 ut
1802 5439 1928 5492 inde

347 5523 712 5585 demonstret,
771 5526 917 5593 quod
981 5537 1036 5580 et
1081 5527 1176 5581 ille
1227 5528 1600 5596 antiquiorem
1661 5543 1810 5596 csse,
1874 5542 1931 5582 et

347 5617 510 5683 bujr's
543 5615 784 5670 universi
820 5627 1060 5672 mentem
1103 5618 1386 5688 opinatur.

422 5704 594 5770 Quum
644 5709 871 5760 animos.
929 5709 1158 5774 Mentes,
1216 5712 1553 5772 substantias
1598 5723 1653 5769 et
1706 5722 1932 5768 naturas

348 5798 780 5853 intellectualcs.

423 5890 539 5945 Hac
569 5894 795 5949 ratione.
831 5893 989 5953 llunc
1019 5895 1074 5953 in
1117 5895 1362 5952 modum.

2098 4679 2224 4732 [ια-ο
2262 4683 2470 4748 quidem
2503 4692 2816 4751 argumenta
2863 4698 3008 4744 sunt.
3055 4688 3132 4742 Ea
3167 4703 3487 4759 argumenta
3528 4693 3612 4747 in-

2027 4774 2147 4841 quit
2179 4775 2682 4831 demonstrationes
2728 4793 2875 4843 esse,
2916 4781 3063 4849 quod
3105 4783 3321 4837 scilicet
3368 4785 3611 4852 cognitio

2027 4875 2082 4920 et
2116 4868 2381 4936 sapientia
2420 4871 2592 4937 possit
2636 4883 2906 4926 eventura
2945 4873 3290 4944 prospicere,
3323 4885 3380 4930 et
3414 4879 3612 4932 vatici-

2027 4961 2196 5015 nandi
2227 4963 2522 5021 artilicium
2549 4964 2992 5035 philosophando
3020 4969 3168 5022 circa
3195 4985 3288 5024 cas
3313 4986 3402 5025 res
3456 4987 3616 5026 occu-

2027 5065 2211 5124 petur.

2101 5146 2254 5212 Quod
2293 5150 2339 5202 si
2373 5151 2550 5204 omnia
2597 5152 2808 5221 quidem
2843 5156 2987 5206 omm’
3036 5171 3100 5208 ea:
3149 5168 3303 5225 parte
3339 5159 3615 5227 quidpiam

2031 5243 2372 5310 portendunt.
2424 5243 2648 5299 GI'EBCUS
2711 5261 2835 5300 cum
2893 5249 2965 5300 sit
3014 5249 3310 5317 opinione,
3360 5267 3422 5304 ea
3493 5268 3614 5320 qua:

2034 5337 2137 5406 ipsi
2187 5338 2434 5394 sentiunt
2486 5354 2884 5395 commemorat
2921 5342 3228 5395 :mundum
3267 5358 3363 5396 sua
3421 5356 3616 5397 natura

2032 5446 2152 5485 esse
2184 5432 2509 5492 anituatum,
2546 5441 2601 5484 ct
2631 5432 2777 5500 quod
2811 5433 3088 5501 reliquum
3119 5444 3221 5488 est.
3247 5434 3616 5498 Quemadmo-

2035 5524 2188 5587 dum,
2217 5523 2326 5590 ait,
2365 5523 2803 5594 unumquodque.
2857 5525 3223 5578 animantium
3292 5524 3344 5577 in
3411 5528 3619 5580 mundo

2033 5618 2402 5685 compositum
2431 5625 2514 5670 est
2536 5633 2602 5670 ex
2633 5617 2886 5685 partibus
2914 5625 2971 5670 et
2997 5617 3281 5680 metnbris,
3314 5633 3434 5684 qua:
3463 5632 3618 5673 certo

2035 5709 2354 5762 societatem
2409 5715 2464 5760 ct
2509 5705 2895 5776 Cognatiouem
2948 5713 3194 5758 mutua‘m
3237 5707 3382 5759 inter
3429 5723 3487 5761 se
3526 5709 3621 5762 ha-

2036 5804 2210 5855 bent:
2247 5800 2326 5854 sic
2377 5809 2434 5854 et
2476 5799 2717 5852 mundus
2770 5813 2800 5851 e
2851 5797 2990 5853 cmlo
3038 5812 3102 5852 ac
3144 5808 3288 5852 terra
3345 5799 3620 5873 rebusque

2039 5891 2340 5965 interiectis
2368 5898 2650 5955 constans,
2684 5890 2886 5945 animal
2917 5905 3043 5946 eum
3072 5889 3145 5947 sit
3173 5888 3298 5947 vita:
3318 5890 3617 5964 particeps.
