4016 6460
261 388 369 450 537

1141 387 1472 449 SCHOLIA
1514 386 1596 447 ΙΝ
1640 384 2030 447 SYNESIUM
2073 388 2172 447 DE
2212 386 2649 449 lNSOMNlIS.

3433 387 3540 449 538

259 500 682 567 δυσοιωνίστους
707 502 831 558 καθ’
854 503 995 569 ὁδδν,
1027 502 1058 557 ὃ
1097 504 1191 558 καὶ
1222 503 1393 557 κακδν
1422 503 1473 557 oi
1504 503 1673 556 κοινοί
1704 516 1838 572 φασι
1869 506 1915 563 Α
1945 503 2230 575 ἑκατέροις
2275 502 2371 557 καὶ
2422 502 2649 556 παλαιοὶ
2693 504 2788 560 καὶ
2837 502 2970 558 νέοι.
3024 502 3236 575 Ὠσπερ
3298 499 3392 559 οὖν
3422 508 3537 568 τοῖς

262 593 620 664 συνάντημασ
648 594 685 665 ἡ
717 612 842 649 τινα
880 596 948 649 ὲκ
991 593 1089 649 τοῦ
1135 595 1481 665 παρήκοντος
1514 592 1850 663 λαληθεϊσαν

264 685 475 754 φωνὴν,
509 683 702 757 ὥσπερ
748 687 1166 742 συνεπεπτώκει
1220 687 1355 741 ποτὲ
1400 689 1495 741 καὶ
1538 684 1740 757 Παύλῳ
1771 683 1850 755 τῷ

263 775 538 849 Λιμυλίῳ,
569 776 648 847 τῷ
679 779 746 832 ἐκ
788 778 1085 847 Ῥωμαίων
1131 779 1501 835 ἀποσταλέντι
1560 777 1851 849 στρατηγῷ

263 869 348 933 είς
370 869 665 926 ἀντίπαλον
698 873 880 943 μάχην
901 873 999 928 τοῦ
1044 874 1299 946 Περσέως
1341 872 1438 927 τοῦ
1464 872 1575 927 τῶν
1606 871 1854 927 Μακεδό-

261 976 376 1014 νων
404 959 689 1030 βασιλέως.
725 962 1008 1018 Μέλλοντα
1058 964 1169 1035 γάρ
1211 963 1439 1029 ἐξιέναι,
1471 964 1638 1032 φασιν
1669 964 1851 1017 ἀσπα-

264 1050 496 1122 ζόμενον
546 1052 606 1107 τὸ
651 1052 946 1126 θυγάτριον
994 1056 1179 1128 εὑρεῖν
1229 1055 1366 1110 αὐτὸ
1416 1055 1845 1127 δεδακρυμένον,

265 1141 369 1196 καὶ
397 1143 499 1215 τὴν
546 1144 727 1199 αἰτίαν
785 1146 886 1217 τῆς
937 1144 1116 1217 λύπης
1147 1144 1449 1218 ἀκηκοέναι
1479 1145 1613 1217 παρ’
1659 1144 1849 1212 αὐτοῦ,

270 1234 423 1301 Ὅτι,
461 1237 617 1305 φησὶ,
639 1238 670 1291 ὁ
694 1238 933 1307 Περσεὺς
958 1238 1263 1309 ἐτεθνήκει.
1291 1235 1401 1293 Ἦν
1436 1237 1496 1293 δὲ
1537 1239 1565 1291 ὁ
1606 1238 1851 1310 Περσεὺς

270 1325 329 1377 ὃν
370 1324 599 1394 ἔφασκε,
644 1328 881 1383 κυνίδιον
940 1332 1242 1401 σύντροφον
1286 1330 1365 1400 τῷ
1406 1329 1721 1400 θυγατρίῳ·
1757 1330 1850 1383 τὸν

269 1417 349 1482 δέ,
392 1418 593 1491 ’Δγαθῇ
652 1420 811 1495 τύχῃ,
843 1421 1032 1489 φάναι,
1063 1417 1109 1477 ὦ
1157 1422 1420 1494 θυγάτερ,
1477 1423 1571 1477 καὶ
1618 1423 1848 1493 δέχομαι

265 1507 361 1561 τὸν
393 1508 581 1563 οἰωνόν
604 1526 621 1543 ο
651 1510 825 1566 ταῦτα
871 1511 1130 1579 διέξεισιν
1162 1516 1221 1568 έν
1251 1516 1367 1579 τοῖς
1418 1515 1549 1586 περὶ
1578 1514 1848 1586 μαντικῆς

263 1603 298 1655 ό
337 1601 500 1672 σοφὸς
536 1604 808 1676 Κικέρων.

338 1695 716 1765 Καλούμενιι.
743 1697 904 1769 Παρά
928 1699 1040 1754 τῶν
1072 1698 1307 1758 πολλῶν.

338 1785 728 1896 Συγκιίρσεις.
762 1788 1073 1896 Συντυχίαι,
1117 1793 1535 1863 συναντήματα,
1568 1792 1662 1847 ἐπ’
1696 1793 1845 1865 ἀλλῳ
1878 1841 1920 1896 B

266 1876 369 1945 μὲν
428 1876 718 1949 πράγματι
779 1879 1085 1950 γινόμεναι,
1143 1882 1231 1937 ιπ*
1290 1884 1439 1955 ἄλλῳ
1502 1885 1558 1939 δὲ
1616 1884 1847 1939 ἀποϐαί-

265 1986 480 2025 νουσαι.

342 2054 582 2120 Ἅπασι.
628 2065 904 2139 ’Δλλήλοις
937 2069 1206 2141 ἀλλήλων.

341 2156 509 2212 ’θεῖτ’
539 2158 594 2213 εί
630 2160 839 2229 σοφία.
870 2160 1056 2215 Θέλων
1097 2164 1498 2235 ἐναργέστερον
1547 2164 1629 2218 ἔτι
1672 2163 1847 2232 δεῖξαι

263 2242 371 2314 τὴν
396 2244 508 2299 τῶν
533 2246 719 2318 μερῶν
758 2248 852 2303 τοῦ
886 2249 1098 2322 κόσμου
1133 2253 1422 2308 κοινωνίαν
1461 2254 1597 2323 πρὸς
1641 2255 1848 2326 ἄλληλα

266 2337 368 2391 καὶ
423 2341 766 2409 συγγένειαν,
814 2344 1002 2412 φησιν,
1048 2345 1154 2411 ὅτι,
1224 2348 1273 2401 εἰ
1324 2349 1422 2400 καὶ
1475 2353 1587 2410 τοῖς
1640 2348 1847 2417 δρνισιν

265 2428 398 2496 ίνῆν
456 2430 619 2498 σοφία
679 2449 786 2498 τις,
843 2432 1035 2506 ὥσπερ
1090 2440 1205 2499 τοῖς
1270 2437 1584 2507 ἀνθρώποις
1644 2440 1844 2506 ἔνεστι,

266 2521 467 2591 τέχνην
514 2522 582 2577 ἂν
636 2524 734 2579 καὶ
781 2527 833 2580 oi
877 2526 1096 2599 ὄρνιθες
1143 2530 1202 2596 ἐξ
1247 2531 1555 2603 ἀνθρώπων
1588 2534 1849 2602 συνεστή-

268 2626 455 2679 σαντο,
499 2612 690 2684 ὥσπερ
744 2616 841 2671 καὶ
888 2619 938 2672 oi
997 2618 1273 2692 ἄνθρωποι
1335 2623 1401 2674 ἐκ
1445 2622 1556 2675 τῶν
1614 2622 1849 2694 ὀρνίθων

268 2707 666 2777 συνεστήσαντο
698 2709 893 2782 τέχνην
941 2713 1229 2784 μαντικὴν,
1258 2714 1326 2784 ἢν
1380 2714 1643 2770 καλοῦσιν
1671 2719 1849 2771 οίωνι-

268 2798 468 2869 στικὴν
496 2799 590 2852 καὶ
612 2800 1095 2873 όρνιθοσκοπικήν.
1137 2804 1245 2858 Καὶ
1273 2804 1383 2875 γάρ
1411 2806 1601 2877 ὥσπερ
1633 2806 1848 2877 ὄρνιθες

268 2889 361 2945 ἀεί
417 2893 555 2945 εἰσιν
595 2893 656 2960 ἑξ
711 2895 887 2967 ἀρχῆς
935 2897 1029 2965 ἀφ’
1089 2888 1151 2951 οὗ
1198 2899 1435 2968 συνέστη
1488 2898 1607 2953 τόδε
1647 2900 1709 2953 τὸ
1741 2901 1850 2954 πᾶν

270 2978 442 3051 μέχρι
466 2980 583 3049 νῦν,
610 2981 753 3038 οὕτω
781 2985 874 3039 καὶ
902 2985 952 3040 oi
980 2984 1259 3058 dvﬁpwmt
1300 2988 1387 3042 ἀεί
1420 2989 1559 3043 εἰσιν
1598 2989 1851 3060 ἑκάτεροι

1954 597 2268 667 ἀνθρώποις
2340 598 2392 651 οἱ
2449 595 2667 667 ὕρνιθες
2738 594 2878 667 πρὸς
2932 593 3035 658 τάς
3107 596 3369 661 μαντείας
3427 598 3538 650 εἰσὶ

1950 690 2119 759 δεξιοί
2146 706 2206 745 τε
2230 690 2326 744 καὶ
2358 689 2655 759 ιπιτήδειοι
2684 688 2824 758 πρὸς
2854 686 3150 759 μαντικὴν,
3183 687 3360 751 οὕτως
3389 684 3533 759 ἦσαν

1953 782 2020 838 ἂν
2047 784 2143 837 καὶ
2185 779 2300 847 τοῖς
2335 782 2547 854 ὄρνισιν
2590 782 2644 836 oi
2680 779 2960 853 ἀνθρωττοι
2993 780 3136 835 κατά
3161 778 3224 833 τὸ
3250 780 3541 847 ἀντίστρο-

1952 891 2055 946 φον
2085 874 2251 942 δεξιοὶ
2291 875 2388 930 καὶ
2419 874 2716 941 ἐπιτήδειοι
2757 872 2895 944 πρὸς
2940 872 3247 943 μαντικὴν,
3292 874 3341 927 σί
3375 875 3539 943 σοφία

1954 970 2187 1032 καὶτοῖς
2220 968 2428 1038 ὄρνισιν
2465 966 2614 1036 ἐνῆν.
2662 966 2992 1030 ’Δναγκαϊον
3024 963 3134 1035 γὰρ
3176 960 3245 1036 ἦν
3271 964 3342 1019 τά
3392 965 3535 1035 μέρη

1953 1061 2047 1116 τοῦ
2072 1060 2278 1130 κόσμου
2305 1059 2587 1113 κοινωνεῖν
2615 1057 2889 1129 ἀλλήλοις,
2922 1056 3021 1111 άτε
3054 1057 3173 1121 ένός
3203 1074 3351 1120 τινος
3391 1056 3535 1120 {dion

1958 1151 2094 1224 μέλη
2124 1150 2481 1223 τυγχάνοντα,
2512 1151 2608 1205 καὶ
2629 1149 2722 1204 διὰ
2752 1148 2912 1204 τοῦτο
2946 1150 3297 1219 συμπάθειαν
3339 1147 3536 1219 ἔχοντα

1955 1246 2093 1316 πρὸς
2136 1244 2364 1314 άλληλα,
2400 1244 2500 1298 καὶ
2562 1237 2675 1296 οἷον
2733 1244 2912 1297 εἰπεῖν
2961 1242 3293 1312 σύμπνοιαν.
3348 1241 3535 1296 Ταῦτα

1952 1338 2127 1407 λέγων
2164 1336 2356 1407 ὥσπερ
2399 1335 2773 1404 ἀναλαμϐάνει
2817 1336 3033 1401 ἑαυτὸν,
3064 1336 3159 1388 καὶ
3189 1336 3534 1402 διαπορείται

1952 1432 2050 1486 καὶ
2092 1430 2257 1484 οἱονεὶ
2290 1429 2473 1501 ἐρωτᾷ
2506 1429 2698 1482 ἑαυτὸν
2738 1427 2934 1496 λέγων,
2965 1426 3197 1496 Μήποτε
3246 1428 3305 1482 ai
3338 1428 3534 1495 μάγων

1954 1524 2143 1592 ίῦγγες
2185 1517 2348 1577 αὗταί
2389 1524 2532 1588 stat;
2578 1522 2689 1576 Καὶ
2742 1520 2853 1591 γάρ
2895 1522 2924 1573 ὁ
2952 1519 3117 1588 σοφὸς
3159 1521 3188 1573 ὁ
3230 1519 3386 1583 εἰδὼς
3433 1518 3535 1589 τὴν

1952 1614 2200 1685 ἀλλήλων
2224 1613 2432 1667 τούτων
2459 1612 2803 1681 συγγένειαν,
2833 1612 2978 1680 ὀρῶν
3006 1611 3091 1664 ὅτι
3123 1610 3380 1679 θέλγεται
3401 1608 3534 1679 παρ’

1952 1707 2200 1779 ἀλλήλων
2230 1705 2459 1776 ἄλληλα,
2501 1706 2596 1759 καὶ
2621 1705 2856 1775 δήλωσιν
2882 1703 3153 1772 λαμϐάνει
3188 1702 3322 1772 παρ’
3367 1702 3534 1770 ἀλλή-

1954 1798 2060 1852 λων
2108 1798 2337 1869 άλληλα,
2360 1797 2511 1852 ἕλκει
2551 1796 2684 1851 ἀλλο
2730 1796 2799 1851 δι’
2848 1796 3010 1852 ἄλλου
3036 1811 3053 1830 ’
3079 1795 3195 1851 οἷον
3228 1797 3418 1866 ὥσπερ
3446 1795 3534 1848 διά

1948 1890 2045 1959 τῆς
2099 1888 2418 1957 μαγνίτιδος
2460 1888 2551 1942 τὸν
2594 1888 2838 1960 σίδηρον,
2883 1887 3028 1943 οὕτω
3091 1889 3188 1943 καὶ
3233 1887 3322 1941 διὰ
3367 1887 3533 1955 τῆσδε

1948 1979 1982 2050 ἢ
2026 1979 2193 2049 τῆσδε
2240 1980 2341 2049 τῆς
2394 1977 2552 2050 ὕλης,
2593 1978 2693 2033 καὶ
2740 1977 2896 2033 τοῦδε
2948 1979 3044 2033 τοῦ
3094 1980 3399 2051 σχήματος,
3438 1979 3536 2031 καὶ

1948 2073 2111 2144 τῆσδε
2143 2072 2244 2143 τῆς
2274 2072 2482 2142 φωνῆς,
2508 2071 2627 2125 τόδε
2660 2070 2693 2141 ἢ
2722 2071 2863 2138 τόδε,
2891 2071 2968 2134 ὡς
3000 2071 3282 2142 εἰρήσεται
3311 2070 3536 2140 προῖοῦ-

1951 2183 2036 2219 σιν
2062 2166 2193 2237 ἡμῖν
2223 2162 2601 2236 ἐκδηλότερον.
2637 2161 2717 2217 Οὐ
2748 2164 2913 2233 μόνον
2934 2163 3045 2233 γὰρ
3072 2162 3269 2235 δένδρα
3291 2162 3535 2233 δένδρεσι

1950 2258 2237 2327 θέλγεται,
2300 2255 2554 2326 καθάπερ
2613 2254 2820 2325 φοίνικι
2889 2253 3104 2324 φοίνιξ,
3157 2254 3255 2308 καὶ
3309 2253 3535 2325 βοτάναι

1953 2350 2233 2420 βοτάναις,
2259 2349 2353 2402 καὶ
2383 2348 2498 2412 ζῶα
2522 2344 2707 2412 ζώοις,
2738 2345 2876 2401 ἀλλὰ
2907 2348 3005 2401 καὶ
3053 2346 3299 2416 σκορόδῳ
3325 2346 3354 2398 ὁ
3381 2347 3535 2399 δεῖνα

1954 2443 2125 2513 ἰχθὺς,
2158 2442 2251 2496 καὶ
2284 2439 2424 2495 ἄλλα
2457 2438 2662 2503 ἄλλοις,
2697 2440 2794 2492 καὶ
2840 2438 2900 2492 τό
2945 2455 3011 2507 γε
3061 2437 3538 2508 θαυμασιώτερον,

1951 2535 2205 2606 δαίμονες
2268 2533 2329 2600 ἐξ
2383 2532 2546 2602 ἀέρος
2592 2531 2688 2584 καὶ
2731 2532 2831 2600 γῆς
2871 2530 3156 2598 θέλγονται
3197 2530 3375 2583 τοῖσδε
3423 2533 3538 2592 τοῖς

1950 2624 2143 2687 λίθοις,
2176 2624 2210 2694 ἦ
2258 2622 2441 2677 ταῖσδε
2486 2624 2607 2685 ταῖς
2655 2621 2933 2691 βοτάναις,
2963 2620 2997 2690 ἢ
3027 2621 3213 2674 ταῖσδε
3262 2622 3382 2683 ταῖς
3423 2638 3541 2689 φω-

1952 2716 2092 2778 ναῖς,
2120 2713 2154 2783 ἢ
2205 2712 2385 2767 τοῖσδε
2434 2712 2548 2774 τοῖς
2606 2711 2906 2779 σχήμασιν,
2947 2707 2983 2763 ἃ
3034 2711 3129 2762 καὶ
3180 2706 3540 2777 χαρακτῆρας

1954 2805 2243 2861 καλοῦσιν·
2278 2799 2433 2874 οἶμαι
2473 2802 2529 2857 δὲ
2578 2800 2753 2856 ταῦτα
2796 2801 2947 2871 παρά
2976 2800 3263 2854 Χαλδαίων
3316 2799 3414 2853 καὶ
3444 2800 3542 2851 Ai-

1953 2895 2199 2963 γυπτίων
2225 2894 2469 2964 ἀρχῆθεν
2507 2891 2778 2964 εὑρῆσθαι
2811 2891 3050 2944 ἕκαστον
3080 2889 3296 2959 ἑκάστῳ
3318 2888 3539 2957 δαίμονι

1951 2988 2318 3059 γνωριστικὸν
2368 2987 2618 3058 σημεῖον.
2653 2983 2766 3048 Τὴν
2823 2983 2880 3037 δὲ
2925 2981 3096 3053 ιὐγγά
3136 2998 3304 3050 ςασιν
3351 2981 3540 3050 ὄρνεον

267 3149 441 3196 eunte
479 3143 887 3211 pronuntiatam
922 3144 1332 3202 inconsiderate
1379 3162 1569 3203 vocem
1603 3161 1851 3217 :quem-
1878 3184 1924 3248 ο
1958 3163 2074 3203 nere
2104 3145 2173 3201 ad
2211 3158 2398 3200 rerum
2432 3142 2744 3197 futurarum
2783 3138 3209 3217 prmscientiam,
3234 3138 3317 3195 sie
3351 3149 3541 3194 essent

268 3229 568 3287 admodum
632 3232 929 3304 aliquando
987 3235 1189 3290 accidit
1239 3236 1409 3292 Paulo
1465 3236 1692 3292 {Emilio
1741 3238 1852 3294 Ro-

275 3337 572 3377 manorum
640 3324 965 3395 imperatori
1034 3327 1285 3399 ablegato
1337 3329 1392 3383 in
1474 3329 1854 3386 adversarium

276 3413 527 3483 pretium
544 3415 733 3472 Persei
774 3417 1132 3474 Macedonum
1164 3419 1327 3492 regis,
1354 3436 1517 3491 quem
1549 3421 1705 3477 aiunt
1742 3438 1859 3477 am-

278 3505 500 3575 plexum
536 3505 706 3563 fuisse
737 3507 993 3577 ﬁliolam,
1024 3520 1080 3565 et
1127 3525 1248 3566 eam
1289 3510 1570 3568 invenisse
1602 3514 1859 3585 laerymis

281 3599 560 3669 perfusam
582 3640 599 3667 ,
634 3616 972 3673 causamque
1026 3604 1284 3660 maeroris
1331 3605 1401 3662 ab
1433 3620 1495 3660 ea
1548 3605 1809 3662 didicisse
1839 3625 1855 3665 :

284 3689 575 3760 Quoniam,
607 3693 808 3765 inquit,
841 3694 1079 3751 Perseus
1133 3706 1386 3753 mortuus
1431 3705 1537 3753 est.
1580 3697 1710 3754 Erat
1761 3715 1861 3754 au-

280 3792 388 3837 tem
415 3782 508 3840 ille
541 3784 779 3841 Perseus
811 3801 974 3855 quem
1003 3787 1143 3843 dixit
1176 3786 1409 3843 catellus
1457 3788 1642 3845 ﬁliola:
1680 3789 1858 3845 almn-

274 3887 386 3929 nus
417 3891 434 3929 :
462 3890 588 3930 eum
618 3891 772 3944 vero,
799 3878 1073 3948 Prospera
1098 3878 1347 3942 fortuna,
1371 3880 1579 3936 dixisse
1602 3896 1619 3938 :
1644 3880 1861 3951 accipio

271 3982 462 4035 omen,
494 3982 616 4025 mea
645 3968 779 4026 ﬁlia.
821 3970 930 4027 ista
958 3983 1361 4028 commemorat
1400 3973 1670 4044 eloquens
1695 3985 1863 4046 atque

273 4059 488 4131 peritus
514 4061 710 4117 Cicero
742 4062 799 4119 in
835 4062 937 4119 lib.
968 4063 1044 4118 De
1075 4062 1436 4120 Divinatione.

347 4152 708 4225 Portentaque
732 4164 1012 4213 uocantur.
1046 4162 1090 4211 Α
1121 4157 1333 4214 multis.

353 4244 603 4314 Epentus.
655 4244 865 4315 Casus,
913 4266 1182 4307 occursus
1214 4290 1229 4314 ,
1293 4250 1390 4320 qui
1440 4260 1668 4321 propter
1709 4250 1863 4306 aliud

274 4340 443 4407 ﬁunt,
480 4351 707 4414 propter
746 4343 896 4398 aliud
937 4344 1289 4415 contingunt.

348 4433 597 4489 Omnium
643 4435 1024 4507 signiﬁcation.
1060 4437 1251 4494 Mutuo
1307 4436 1545 4510 quodam
1585 4451 1862 4495 consensu

275 4526 638 4583 cohaerentia.

348 4618 538 4688 Itaque
567 4620 614 4673 si
632 4619 896 4690 sapientia
927 4629 1087 4674 esset.
1109 4616 1315 4675 Volens
1334 4618 1654 4677 evidentius
1677 4620 1863 4676 adhuc

275 4711 569 4767 ostendere
597 4711 833 4781 partium
861 4711 1054 4767 mundi
1088 4714 1539 4769 communionem
1585 4723 1641 4771 ct
1676 4714 1861 4771 affini-

278 4815 469 4870 tatem,
523 4803 580 4861 Si
610 4805 775 4861 etiam
820 4806 1039 4870 avibus,
1086 4805 1286 4875 inquit,
1338 4806 1546 4862 inesset
1590 4808 1861 4879 sapientia

277 4897 553 4968 quaedam,
580 4897 1045 4970 quemadmodum
1075 4897 1395 4955 hominibus
1425 4913 1492 4954 ea
1538 4898 1704 4955 insita
1734 4909 1819 4956 est
1842 4942 1860 4970 ,

273 4994 451 5045 artem
483 4986 648 5043 etiam
680 5002 809 5044 aves
831 5004 895 5043 ex
930 4987 1252 5045 hominibus
1278 4989 1719 5057 constituissent,
1760 4991 1865 5047 sic-

279 5089 341 5133 ut
370 5078 629 5136 homines
662 5096 731 5137 ex
761 5082 957 5138 avibus
1020 5082 1301 5140 ﬁnxerunt
1336 5093 1392 5141 et
1446 5084 1863 5141 constituerunt

276 5181 455 5227 artem
504 5172 811 5238 divinandi,
845 5189 1011 5246 quam
1064 5184 1263 5233 vocant
1303 5177 1659 5248 auguralem,
1692 5185 1748 5231 et
1792 5192 1862 5233 ex

276 5264 463 5320 avium
498 5266 850 5337 inspectione
908 5267 1303 5339 depromptum
1365 5269 1650 5325 divinandi
1683 5269 1861 5325 artiﬁ-

276 5357 449 5413 cium.
483 5358 703 5416 Etenim
768 5361 1234 5431 quemadmodum
1265 5377 1397 5417 aves
1424 5377 1645 5433 semper
1678 5371 1808 5417 sunt
1830 5377 1861 5417 a

277 5447 563 5520 principio
589 5459 648 5506 et
674 5451 891 5523 origine
929 5453 1145 5514 mundi.
1178 5461 1234 5509 et
1270 5468 1335 5508 ex
1372 5469 1483 5525 quo
1512 5463 1762 5509 creatum
1807 5461 1865 5509 et

274 5550 722 5613 coagmentatum
748 5553 833 5600 est
864 5545 971 5602 hoc
994 5546 1313 5601 universum
1338 5561 1510 5617 usque
1536 5545 1592 5600 in
1617 5561 1864 5615 przesens

275 5646 515 5706 tempus,
542 5635 622 5691 sic
646 5646 702 5692 et
720 5638 971 5694 homines
994 5654 1215 5708 semper
1242 5647 1392 5702 sunt,
1411 5646 1614 5694 etsunt
1636 5638 1858 5709 utrique

275 5727 534 5799 utrisque
552 5729 759 5799 antiqui
796 5741 851 5786 et
888 5730 1037 5800 novi.
1068 5731 1137 5788 Ut
1180 5732 1347 5799 igitur
1368 5731 1687 5786 hominibus
1711 5747 1862 5800 aves,

274 5815 460 5894 quoad
514 5816 886 5885 divinationes
919 5830 973 5885 et
1002 5823 1223 5879 oratula
1247 5864 1261 5891 ,
1299 5831 1432 5887 sunt
1473 5832 1613 5898 apta:
1661 5831 1717 5879 et
1747 5822 1864 5880 ido-

1957 3240 2128 3296 etiam
2154 3236 2352 3293 avibus
2386 3235 2641 3290 homines
2670 3248 2771 3303 per
2815 3232 3312 3303 reciprocationem
3338 3244 3395 3288 et
3420 3234 3549 3287 vice

1958 3346 2117 3387 versa
2148 3329 2263 3401 apti
2303 3336 2357 3382 et
2386 3325 2570 3383 idonei
2610 3324 2677 3379 ad
2712 3324 3132 3392 divinationem,
3183 3325 3226 3379 si
3272 3324 3540 3394 sapientia

1960 3427 2127 3481 etiam
2162 3420 2359 3477 avibus
2405 3421 2614 3475 inesset
2646 3435 2664 3474 :
2696 3418 2968 3488 siquidem
3001 3416 3373 3472 necessarium
3398 3427 3543 3469 esset

1961 3515 2152 3572 mundi
2199 3524 2388 3586 partes
2436 3511 2831 3569 commercium
2874 3519 2930 3566 et
2974 3509 3541 3566 communicationem

1961 3617 2210 3663 mutuam
2261 3606 2488 3670 habere,
2525 3604 2730 3674 quippe
2760 3619 2882 3673 qum
2914 3602 3076 3657 unius
3109 3599 3394 3671 cujusdam
3426 3598 3543 3653 ani-

1964 3700 2171 3756 mantis
2226 3697 2476 3754 memhra
2538 3706 2667 3751 sunt
2704 3713 2719 3750 :
2754 3696 3014 3765 quocirca
3073 3692 3438 3763 sympathiam
3486 3700 3545 3744 et

1961 3789 2317 3848 concordiam
2377 3789 2582 3843 habent
2616 3788 2760 3841 inter
2789 3801 2870 3852 se,
2902 3795 2957 3840 et
3006 3785 3051 3839 si
3086 3785 3170 3837 fas
3208 3793 3295 3838 est
3327 3785 3535 3844 dicere.

1962 3881 2453 3952 conspirationem.
2488 3878 2695 3933 Eadem
2749 3878 3038 3948 proferens
3067 3892 3131 3931 ac
3165 3876 3210 3931 si
3252 3892 3311 3931 se
3353 3889 3543 3944 repre-

1964 3975 2193 4039 hendat,
2230 3972 2493 4041 ambigat.
2526 3981 2582 4026 et
2607 3969 2766 4039 quasi
2798 3982 2857 4023 se
2896 3967 3076 4037 ipsum
3120 3966 3426 4036 interroget
3459 3965 3543 4019 di-

1963 4083 2096 4124 cens
2138 4084 2152 4119 :
2198 4063 2478 4134 Numquid
2569 4076 2854 4130 magorum
2909 4058 3181 4114 illecebrae
3229 4058 3542 4119 istiusmodi

1966 4158 2134 4216 sunt?
2178 4156 2396 4213 Etenim
2452 4152 2674 4223 sapiens
2696 4151 2813 4221 {qui
2850 4150 3004 4205 novit
3051 4156 3295 4202 mutuam
3345 4147 3544 4203 horum

1965 4250 2376 4320 cognationem,
2410 4260 2536 4300 cum
2566 4244 2670 4299 alia
2702 4246 2770 4298 ab
2798 4242 2924 4298 aliis
2963 4240 3109 4296 allici
3140 4248 3304 4308 atque
3340 4239 3545 4294 attrahi

1963 4336 2149 4396 videat
2173 4378 2189 4403 ,
2234 4349 2290 4393 ct
2330 4335 2786 4408 signiﬁcationem
2823 4349 2853 4388 a
2886 4348 2945 4389 se
2983 4332 3215 4386 invicem
3265 4331 3541 4399 accipere,

1964 4429 2115 4487 aliud
2166 4428 2337 4484 trahit
2392 4442 2491 4497 per
2523 4424 2697 4479 aliud.
2742 4424 2945 4485 Veluti,
2993 4422 3456 4492 quemadmodum
3511 4440 3544 4475 a

1892 4532 1936 4588 υ
1966 4534 2220 4596 magncte
2254 4522 2463 4577 ferrum
2500 4519 2759 4583 trahitur,
2796 4522 2870 4573 ita
2899 4517 2967 4572 ab
2994 4518 3096 4572 hac
3126 4525 3223 4571 aut
3247 4517 3338 4571 illa
3370 4527 3544 4571 matc-

1965 4621 2047 4675 ria
2079 4626 2134 4674 ct
2165 4617 2260 4672 tali
2295 4619 2491 4685 hgura,
2518 4623 2613 4669 aut
2650 4612 2743 4667 tali
2775 4627 2937 4677 voce,
2964 4611 3069 4665 hoc
3095 4619 3192 4665 aut
3221 4610 3355 4664 illud
3385 4609 3545 4665 elici-

1967 4723 2081 4778 tur,
2106 4719 2168 4765 ιιι
2208 4707 2560 4764 manifestius
2588 4708 2642 4761 in
2676 4720 2975 4776 progressu
3010 4713 3211 4759 nostra:
3245 4703 3546 4774 expositio-

1965 4805 2052 4859 nis
2077 4802 2470 4872 explicabitur.
2524 4800 2644 4854 Non
2679 4800 2826 4854 enim
2859 4808 3072 4853 tantum
3105 4798 3330 4854 arbores
3356 4797 3425 4852 ab
3453 4812 3550 4851 ara

1963 4896 2196 4953 boribus
2230 4894 2577 4959 alliciuntur,
2635 4901 2698 4947 ut
2743 4892 2922 4962 palma
2972 4891 3214 4946 trahitur
3261 4905 3291 4944 a
3343 4890 3545 4959 palma,

1963 4990 2167 5060 stirpes
2192 5003 2225 5043 a
2262 4987 2562 5059 stirpibus,
2599 4995 2657 5042 et
2685 4987 2996 5041 animantes
3022 4987 3089 5040 ab
3120 4982 3499 5041 animantibus
3530 5026 3544 5049 ,

1962 5097 2161 5140 verum
2193 5082 2364 5138 etiam
2405 5082 2474 5136 ab
2503 5081 2634 5135 allio
2688 5079 2857 5150 piscis
2907 5077 3132 5150 quidam
3180 5077 3429 5142 ducitur,
3489 5086 3547 5133 et

1962 5175 2068 5233 alia
2083 5174 2153 5231 ab
2175 5173 2317 5236 aliis,
2341 5173 2474 5244 quin
2492 5173 2682 5238 etiam,
2712 5171 2858 5242 quod
2878 5169 3263 5226 admirabilius
3292 5179 3400 5235 est,
3430 5169 3541 5224 dae-

1963 5281 2156 5323 mones
2174 5281 2240 5321 ex
2271 5280 2398 5321 aere
2423 5274 2480 5321 ct
2507 5273 2651 5320 terra
2677 5263 3003 5319 alliciuntur
3029 5263 3199 5319 certis
3228 5261 3530 5331 lapidibus,

1963 5372 2060 5419 aut
2086 5360 2478 5434 leguminibus,
2500 5360 2953 5430 autquibusdam
2986 5359 3236 5422 vocibus,
3282 5366 3379 5412 aut
3427 5357 3544 5411 isti-

1965 5451 2180 5508 usmodi
2204 5451 2414 5523 ﬁguris,
2443 5466 2582 5522 quas
2601 5450 2769 5507 etiam
2796 5451 3140 5506 characteres
3179 5457 3396 5506 vocant.
3417 5446 3545 5502 l-lzeo

1966 5560 2099 5601 vero
2123 5545 2384 5601 existimo
2428 5558 2458 5598 a
2488 5543 2760 5600 Chaldaeis
2810 5551 2865 5599 et
2911 5542 3184 5616 Egyptiis
3205 5542 3541 5613 jampridem

1964 5638 2212 5704 inventa,
2249 5648 2308 5692 ut
2337 5638 2623 5709 proprium
2652 5637 2954 5708 uniquiquc
2977 5638 3206 5692 daemonii
3240 5637 3542 5708 agnitionis

1963 5730 2179 5800 signum
2201 5730 2294 5785 sit.
2329 5736 2396 5784 At
2428 5729 2585 5801 iynga
2614 5731 2771 5785 aiunt
2803 5743 2958 5783 avem
2984 5744 3106 5785 esse
3140 5744 3262 5800 qua:
3302 5731 3538 5787 caudam

1964 5838 2187 5895 semper
2215 5833 2417 5893 movet,
2441 5838 2606 5899 quam
2637 5838 2779 5895 saga:
2803 5822 3065 5881 mulieres
3085 5824 3151 5885 ad
3187 5839 3346 5881 usum
3378 5824 3541 5881 adhis
