4040 6460
483 343 590 404 5η

1727 350 2150 410 NICEPIIORI
2193 344 2584 408 GliliGORr‘E

3651 339 3762 402 ΒΗ

473 455 646 523 ὄνομα
675 455 784 508 ἀπὸ
813 455 918 508 τῶν
948 457 1112 525 γόων,
1143 459 1218 520 ῶς
1268 459 1480 529 θρήνων
1526 459 1652 525 ἄξια
1693 463 2010 530 πράττουσι
2039 478 2051 492 ⁸
2086 466 2133 522 Α
2161 457 2494 529 συμφωνιῶν
2527 457 2638 508 τῶν
2670 452 2905 524 πρῶτων
2931 469 2942 482 ·
2987 453 3140 524 τέλος
3187 453 3286 520 μὲν
3318 453 3415 522 τῆς
3447 453 3536 506 διὰ
3562 455 3767 506 τεσσά·

481 547 683 614 μαγεία
721 548 778 601 δὲ
820 547 932 600 ἔστ’
969 549 1118 618 ήδιὰ
1160 551 1267 604 τῶν
1319 551 1504 620 μέσων
1548 552 1828 620 δαιμόνων
1878 553 2060 605 ἁῦλων

476 655 535 690 τε
573 641 664 691 καὶ
704 640 906 693 ὲνύλων
933 641 1266 711 ἐνεργούσα·
1294 644 1619 713 φαρμακεία
1656 645 1710 696 δὲ
1734 646 1766 715 ἡ
1790 646 1877 697 διὰ
1915 646 2061 717 βρῶο

481 749 619 795 σεως
654 732 686 801 ἣ
720 735 952 796 πόσεως.
983 736 1110 788 Ἔτι
1141 736 1365 805 ὁμοίως.
1395 735 1526 788 ἄλλο
1556 737 1676 789 ἐστὶ
1704 740 2059 808 κακοτεχνία,

479 825 574 876 καὶ
646 824 775 879 ἄλλο
837 826 1218 896 ψευδοτεχνία,
1277 829 1374 882 καὶ
1441 829 1572 884 ἄλλο
1649 834 2060 900 ματαιοτεχνία.

478 918 822 987 Κακοτεχνία
865 920 965 990 μὲν
990 921 1097 992 γάρ
1127 923 1273 974 ἐστιν
1313 923 1480 992 ήτῶν
1519 922 1733 994 γοήτων
1779 927 1872 978 καὶ
1917 944 2061 994 φαρ-

478 1010 670 1078 μακῶν
695 1012 788 1062 καὶ
828 1013 1020 1080 μάγων
1069 1014 1160 1065 ἐπὶ
1203 1015 1360 1084 κακῷ
1400 1015 1507 1068 τῶν
1551 1016 1859 1088 ἀνθρώπων
1901 1019 2063 1089 εὑρη-

476 1103 649 1169 μένη·
702 1102 1055 1174 ψευδοτεχνία
1103 1106 1230 1176 δὲή
1281 1107 1454 1176 ψευδῆ
1499 1108 1848 1174 δεικνύουσα,
1898 1111 1973 1173 ὡς
2027 1113 2060 1181 ἡ

472 1197 1024 1268 παροφθαλμιστικήο
1059 1203 1450 1272 ματαιοτεχνία
1482 1201 1536 1255 δὲ
1574 1204 1606 1273 ἡ
1640 1203 1773 1274 όμοῦ
1812 1205 1889 1276 τῷ
1928 1207 2061 1277 πλη-

470 1288 624 1356 γέντι
660 1290 784 1360 ἀέρι
818 1291 1172 1362 διαλυομένη.

551 1384 828 1450 Ὑπάτην.
851 1384 1036 1437 Ταῦτα
1061 1386 1126 1438 ὲκ
1147 1385 1245 1454 τῆς
1273 1387 1591 1457 κατα-,τομῆς
1623 1388 1718 1441 τοῦ
1749 1389 2054 1459 ἁρμονικοῦ

471 1477 696 1539 κανόνος
727 1477 985 1546 εἴληπται
1013 1477 1565 1547 παραδειγματικῶς.
1597 1483 1692 1533 Δεῖ
1721 1480 1816 1535 οὖν
1849 1485 2062 1535 ἐκεῖθεν

473 1571 619 1636 ἡμᾶς
661 1570 1010 1640 ἀρξαμένους
1050 1571 1363 1636 ἀναπτύξαι
1415 1573 1512 1624 καὶ
1560 1573 1734 1625 ταῦτα
1783 1575 1921 1643 πρός
1967 1594 2062 1628 σα-

468 1662 696 1729 φήνειαν
730 1650 837 1712 τῶν
864 1661 1312 1730 ἐντυγχανόντων
1347 1660 1538 1716 ἕνεκα.
1588 1663 1912 1732 Συμφωνίαι
1960 1667 2062 1733 μὲν

468 1752 561 1804 οὖν
599 1753 667 1806 δι’
707 1747 784 1806 ῶν
815 1753 883 1805 τὰ
931 1753 1206 1822 ἁρμονικὰ
1239 1754 1483 1822 γίνονται
1522 1757 1870 1826 συστήματα,
1910 1758 2062 1810 πλεῖ-

473 1843 596 1895 σταί
639 1844 798 1907 εἰσιν,
853 1836 929 1896 ῶν
975 1843 1168 1914 πρώτη
1219 1846 1252 1915 ὴ
1305 1847 1584 1918 ἐπιτρίτη,
1640 1847 1728 1900 διὰ
1778 1851 2062 1918 τεσσάρων

467 1937 603 1990 οὖσα
654 1938 903 2007 χορδῶν*
968 1939 1288 1992 συνίσταται
1347 1940 1405 1992 δὲ
1472 1942 1535 1994 ἐκ
1588 1941 1684 1995 δύο
1739 1944 1910 1996 τόνων
1971 1947 2064 1997 καὶ

473 2029 797 2100 λείμματος,
836 2031 930 2084 τοῦ
972 2032 1066 2086 καὶ
1110 2033 1396 2103 ἡμιτόνιον
1465 2037 1926 2107 καταχρηστικῶς
1965 2055 2063 2091 κα-

466 2122 730 2192 λουμένου
757 2139 772 2154 ·
800 2125 856 2176 ἐν
949 2125 1380 2196 συγκρινόμενος
1415 2127 1444 2179 ὁ
1479 2129 1573 2198 τῆς
1613 2131 1889 2198 τετάρτης
1931 2147 2062 2199 χορ-

465 2216 562 2285 δῆς
594 2216 834 2286 φθόγγος
889 2218 1028 2287 πρὸς
1079 2218 1172 2273 τὸν
1216 2219 1318 2290 τῆς
1367 2223 1596 2290 πρώτης
1651 2222 1938 2292 ἐπίτριτον
1978 2225 2064 2276 ἀεὶ

465 2309 785 2379 εὑρίσκεται
819 2307 960 2378 ἔχων
990 2309 1171 2376 λόγον.
1209 2311 1453 2381 Δευτέρα
1483 2311 1542 2364 δὲ
1585 2315 1880 2382 συμφωνία
1914 2317 2064 2368 ἐστὶν

465 2402 496 2466 ἡ
559 2399 830 2469 ἡμιόλιος,
878 2400 1001 2470 ἥτις
1059 2403 1154 2454 καὶ
1203 2402 1294 2455 διὰ
1345 2402 1507 2456 πέντε
1562 2407 1776 2472 γίνεται
1834 2407 2060 2477 χορδῶν,

465 2492 589 2561 ἦτοι
634 2494 699 2544 ὲκ
734 2492 846 2546 τῶν
895 2494 1068 2562 τριῶν
1111 2495 1207 2548 καὶ
1255 2495 1586 2566 λείμματος.
1621 2500 2062 2570 Συγκρινόμενος

470 2583 657 2651 μέντοι
706 2584 991 2639 κάνταῦθα
1040 2588 1068 2640 ό
1099 2589 1201 2659 τῆς
1255 2589 1520 2658 πέμπτης
1574 2592 1770 2662 χορδῆς
1823 2594 2063 2662 φθόγγος

467 2678 608 2746 πρὶς
640 2678 733 2732 τὸν
788 2678 889 2748 τῆς
940 2679 1168 2750 πρώτης
1230 2682 1551 2749 εὑρίσκεται
1599 2687 1686 2739 ἀεὶ
1731 2687 1872 2755 ἔχων
1904 2688 2064 2753 λόγον

467 2771 739 2837 ἡμιόλιον.
803 2773 1035 2840 Πρώτην
1087 2773 1143 2825 δὲ
1204 2774 1404 2845 χορδὴν
1463 2775 1608 2843 λέγω
1677 2778 1913 2832 ἐνταῦθα
1962 2781 2064 2848 τὴν

463 2862 734 2933 τετάρτην
792 2863 891 2931 τῆς
951 2862 1173 2934 πρώτης
1224 2868 1548 2935 συμφωνίας
1578 2869 1681 2937 τῆς
1724 2869 1816 2922 διὰ
1860 2872 2061 2923 τεσσα-

466 2972 598 3024 ρων.
637 2955 806 3025 Κοινὴ
845 2955 957 3025 γάρ
1012 2957 1161 3009 ἐστιν
1211 2959 1244 3028 ἡ
1300 2958 1542 3029 τετάρτη
1597 2961 1766 3032 χορδὴ
1815 2963 1923 3016 τῶν
1969 2963 2063 3017 δύο

2099 1817 2136 1867 Β

2167 569 2301 622 ρων,
2328 551 2471 622 ἀρχὴ
2507 550 2564 602 δὲ
2605 549 2704 616 τῆς
2746 547 2836 599 διὰ
2892 545 3079 608 πέντε,
3109 547 3278 617 ἧγουν
3328 546 3477 607 τέλος
3517 546 3617 612 μὲν
3657 547 3765 612 τῆς

2165 642 2484 714 ὲπιτρίτης,
2525 641 2670 712 ἀρχὴ
2702 640 2758 693 δὲ
2783 641 2880 708 τῆς
2906 639 3180 709 ἡμιολίου.
3215 639 3383 692 Αυται
3416 640 3546 706 γοῦν
3581 641 3636 693 αἱ
3667 640 3767 691 δύο

2170 736 2487 804 συμφωνίαι
2549 735 2749 787 οὕτωσὶ
2803 733 3228 802 συντιθέμεναι,
3279 732 3497 785 ποιοῦσι
3551 733 3612 785 τὸ
3672 732 3770 784 διὰ

2165 828 2356 880 πασῶν
2385 827 2670 898 ὁμόφωνον
2699 826 3036 896 καλούμενον
3071 827 3348 895 σύστημα.
3383 826 3495 888 Τὰς
3535 828 3634 895 μὲν
3664 824 3770 878 οὖν

2165 920 2332 980 ἄλλας
2375 921 2699 989 συμφωνίας
2731 920 2920 971 ἐατέον
2969 917 3085 983 νῦν,
3117 918 3193 982 ῶς
3221 918 3282 970 οὐ
3317 919 3460 972 πάνυ
3505 937 3586 971 τοι
3637 935 3772 971 συν-

2163 1012 2427 1071 τελούσας
2455 1013 2592 1081 ήμίν
2617 1013 2699 1072 είς
2717 1011 2778 1064 τὸ
2799 1012 2971 1076 δεῖξαι
2993 1011 3052 1064 τὸ
3078 1011 3467 1082 προκείμενον.
3496 1010 3771 1063 Συνίστα-

2164 1121 2252 1158 ται
2284 1104 2472 1174 μέντοι
2521 1105 2614 1156 καὶ
2658 1103 2718 1156 τὸ
2771 1102 2863 1156 διὰ
2900 1103 3092 1156 πασῶν
3143 1103 3432 1171 ὁμόφωνον
3475 1108 3627 1156 τουτί
3664 1102 3771 1155 σύ-

2167 1213 2354 1268 στημα
2400 1197 2463 1248 ὲκ
2498 1194 2714 1265 χορδῶν
2756 1193 2880 1263 μὲν,
2909 1195 3029 1266 ἤτοι
3072 1193 3334 1264 φθόγγων
3379 1193 3546 1258 ὀκτὼ,
3583 1196 3772 1247 τόνων

2165 1287 2220 1341 δὲ
2271 1288 2456 1352 πέντε,
2509 1289 2606 1340 καὶ
2658 1286 2985 1356 λειμμὰτων
3025 1287 3152 1340 δύοσ
3209 1287 3641 1355 συγκρινόμενος
3705 1287 3773 1340 δὲ

2166 1381 2404 1435 ἐνταῦθα
2439 1382 2466 1434 ὁ
2491 1382 2590 1450 τῆς
2623 1379 2823 1450 ὀγδόης
2859 1379 3059 1449 χορδῆς
3101 1379 3239 1449 πρὸς
3268 1379 3363 1430 τὸν
3393 1379 3495 1448 τῆς
3529 1379 3772 1449 πρώτης

2165 1471 2430 1539 φθόγγον,
2487 1469 2814 1522 διπλασίονα
2863 1471 2952 1522 ἀεὶ
3012 1469 3328 1540 εὑρίσκεται
3379 1469 3518 1539 ἔχων
3573 1470 3772 1536 λόγον.

2181 1563 2245 1616 Ἦ
2279 1565 2380 1633 μέν
2423 1581 2507 1616 τοι
2546 1565 2735 1635 πρώτη
2764 1563 2931 1634 χορδὴ
2979 1563 3228 1616 καλεῖται
3273 1565 3432 1633 νήτη,
3476 1564 3591 1634 ἡδὲ
3637 1565 3775 1618 δευ-

2167 1655 2302 1724 τέρα
2334 1655 2646 1725 παρανήτη,
2677 1657 2709 1725 η
2741 1655 2796 1707 δὲ
2826 1656 2986 1726 τρίτη
3017 1655 3335 1726 παραμέση,
3369 1656 3401 1726 ἡ
3440 1657 3496 1709 δὲ
3524 1657 3774 1724 πέμπτη

2167 1747 2644 1815 ύπερπαρυπατη,
2677 1749 2710 1816 ἡ
2740 1747 2796 1799 δὲ
2865 1746 2998 1816 ἕκτη
3036 1747 3360 1816 παρυπάτη,
3390 1750 3421 1816 ἡ
3461 1747 3516 1800 δὲ
3553 1747 3773 1816 ὲίδόμη

2168 1840 2376 1908 ὑπάτη,
2423 1841 2455 1908 ὴ
2513 1841 2568 1893 δὲ
2626 1839 2788 1907 ὀγδόη
2847 1840 3436 1908 προσλαμϐανόμενος.
3491 1841 3777 1907 ’Ὕστερον

2169 1932 2275 2001 γὰρ
2317 1931 2673 2001 προσελῇφθη
2706 1932 2784 2000 τῷ
2816 1932 3134 2002 Πυθαγόρα.
3181 1932 3242 1986 Ἢ
3280 1933 3388 2000 γὰρ
3433 1932 3771 2002 ἁρχαιότρο-

2168 2041 2271 2088 πος
2317 2025 2460 2093 λύρα
2510 2023 2608 2078 τοῦ
2648 2023 2895 2095 Ὀρφέως
2927 2025 3264 2096 ἑπτὰχορδος
3310 2019 3405 2093 ἦν.
3450 2023 3572 2076 Τῶν
3624 2024 3773 2092 γοῦν

2169 2115 2436 2170 τοιούτων
2483 2116 2695 2187 χορδῶν
2752 2119 2809 2171 αἱ
2867 2118 2967 2187 μέν
3022 2119 3161 2171 εἰσιν
3219 2118 3389 2184 ὀξεῖαι
3437 2118 3576 2170 κατὰ
3631 2118 3770 2179 τοὺς

2169 2208 2470 2278 φθόγγους,
2506 2211 2564 2264 αἱ
2594 2209 2652 2262 δὲ
2697 2210 2942 2280 βαρεῖαι,
2973 2211 3030 2261 αἱ
3056 2209 3112 2262 δὲ
3148 2209 3332 2279 μέσαι.
3373 2212 3478 2262 Καὶ
3529 2210 3761 2277 βαρεῖαι

2170 2303 2272 2372 μέν
2301 2303 2442 2354 εἰσιν
2492 2303 2548 2356 αἱ
2579 2302 2808 2368 ύπάται,
2861 2301 3033 2366 όξείαι
3081 2302 3138 2355 δὲ
3177 2303 3233 2355 αἱ
3272 2303 3453 2372 νῆται.
3496 2306 3660 2371 μέσαι
3701 2303 3766 2354 δὲ

2168 2396 2224 2447 al
2266 2395 2496 2464 μεταξύ.
2527 2395 2672 2464 Πρὸς
2713 2395 2899 2465 μέντοι
2940 2397 3247 2464 σαφήνειαν
3309 2395 3530 2449 πλείονα
3564 2395 3762 2463 ἐξεθη-

2168 2502 2348 2556 καμεν
2379 2486 2793 2556 γραμματικῶς
2846 2489 2940 2540 καὶ
2982 2488 3186 2541 κανόνα
3227 2488 3577 2558 ὀκτάχορδον,
3608 2485 3764 2539 τοῦτ’

2169 2579 2286 2630 ἔστι
2323 2578 2386 2631 τὸ
2413 2579 2501 2632 δ.ὰ
2524 2578 2713 2632 πασῶν
2742 2578 3030 2649 ὁμόφωνον
3085 2582 3366 2649 σύστημα,
3396 2579 3761 2647 συγκείμενον

2168 2673 2229 2722 ἐκ
2273 2671 2363 2723 δύο
2424 2673 2804 2740 τετραχόρδων
2845 2675 2938 2723 καὶ
2985 2677 3144 2724 τόνου
3193 2673 3332 2735 ἐνὸς,
3372 2673 3495 2742 ἤτοι
3546 2674 3607 2723 ἐκ
3657 2673 3757 2723 δύο

2169 2767 2466 2836 ἐπιτρίτων
2501 2767 2696 2835 λόγων,
2729 2767 2992 2835 ἐπογδόου
3045 2768 3186 2830 ἐνὸς,
3228 2767 3261 2836 ἧ
3311 2766 3510 2836 μᾶλλον
3543 2766 3599 2832 ἐξ
3630 2768 3758 2821 έπι·

2165 2858 2353 2926 τρίτου
2411 2859 2527 2920 ἐνὸς
2591 2860 2686 2912 καὶ
2733 2860 2988 2928 ἡμιολίου
3041 2861 3181 2921 ἑνός.
3249 2861 3306 2913 '0
3354 2861 3459 2929 γὰρ
3503 2861 3759 2926 ἐπόγδοος

2167 2950 2325 3018 λόγος
2378 2953 2789 3022 συναπτόμενος
2821 2951 2899 3023 τῷ
2943 2953 3025 3004 ἐνὶ
3078 2952 3358 3023 ἐπιτρίτῳ,
3401 2955 3550 3004 ποιεῖ
3595 2953 3759 3020 λόγον

466 3126 639 3197 Magia
693 3141 826 3180 vero
865 3138 952 3182 est
1006 3143 1068 3182 ea
1123 3130 1206 3183 vis
1259 3145 1383 3198 qua:
1413 3146 1512 3200 per
1543 3132 1756 3188 medios
1785 3134 2063 3189 daemonas

2175 3123 2298 3176 dem
2333 3123 2454 3190 ejus
2478 3123 2569 3189 qui
2611 3140 2707 3192 per
2733 3134 2972 3193 quatuor
3003 3124 3092 3190 ﬁt,
3149 3123 3369 3178 initium
3422 3134 3602 3178 autem
3636 3123 3761 3194 ejus

466 3216 713 3272 materim
765 3227 1024 3287 expertes
1063 3228 1113 3272 et
1147 3219 1395 3289 ejusdem
1447 3222 1746 3292 participes
1775 3237 2066 3294 Operatur.

468 3308 792 3363 Pbarmacia
851 3308 1098 3378 denique
1145 3319 1231 3364 est
1289 3311 1372 3364 vis
1413 3315 1574 3366 noxia
1638 3329 1737 3382 per
1795 3316 1978 3370 cibum
2015 3327 2072 3371 ct

469 3410 686 3470 potum.
747 3399 1069 3470 Eodemque
1098 3403 1260 3457 modo
1297 3403 1444 3457 aliud
1479 3415 1564 3460 est
1595 3408 1947 3477 κακοτεχνία,
1982 3424 2074 3462 ars

469 3491 760 3556 maleﬁca;
795 3501 850 3545 et
878 3492 1027 3547 aliud
1063 3494 1442 3564 ψευδοτεχνία,
1475 3513 1565 3552 ars
1601 3497 1773 3564 falsa;
1825 3500 2072 3570 itemque

469 3584 617 3638 aliud
648 3595 736 3639 est
765 3585 1176 3654 ματαιοτεχνία,
1207 3603 1295 3642 ars
1329 3589 1527 3644 futilis.
1554 3591 1768 3646 Etenim
1789 3609 1878 3647 ars
1907 3596 2074 3648 male-

473 3680 571 3735 ﬁca
603 3687 687 3732 est
723 3677 1186 3748 praestigiatorum
1215 3721 1230 3747 ,
1265 3681 1639 3736 veneﬁcorum
1671 3695 1725 3739 et
1759 3701 2072 3753 magorum,

474 3770 530 3824 in
555 3771 822 3826 damnum
850 3771 1136 3826 hominum
1170 3772 1415 3827 inventa.
1453 3776 1556 3828 Ars
1580 3785 1762 3830 autent
1802 3778 1934 3832 falsa
1964 3791 2072 3846 est,

473 3878 594 3930 qua:
621 3861 755 3915 falsa
785 3861 1013 3926 indicat,
1050 3873 1110 3916 ut
1155 3878 1218 3915 ea
1259 3880 1384 3933 qua:
1421 3867 1614 3921 oculos
1651 3865 1794 3922 fallit
1825 3886 1839 3922 :
1897 3888 2074 3942 παρο-

477 3955 883 4024 φθαλμιστικὴν
907 3953 1082 4010 ϐταξεί
1134 3969 1352 4010 vocant.
1387 3951 1673 4014 Postremo
1689 3977 1780 4034 ars
1819 3961 1990 4018 futilis
2018 3975 2076 4020 et

474 4048 656 4102 inanis
683 4057 767 4103 est
801 4064 923 4118 qua:
962 4064 1087 4103 cum
1116 4051 1264 4104 aeris
1297 4053 1656 4118 percussione
1689 4055 1857 4123 perit.

550 4138 828 4194 Summam
856 4139 911 4192 in
949 4138 1144 4206 ﬁdibus
1173 4141 1449 4193 chordam.
1507 4141 1633 4197 [hec
1671 4155 1890 4215 sumpta
1941 4157 2071 4201 sum

475 4247 539 4284 ex
568 4233 888 4286 concisione
918 4232 1228 4286 harmonici
1260 4235 1490 4288 canonis
1516 4251 1640 4289 cum
1676 4239 2062 4307 exemplorum

475 4325 845 4394 oppositione.
879 4323 1112 4394 Oportet
1135 4325 1302 4395 igitur
1322 4342 1421 4380 nos
1450 4329 1724 4399 principio
1751 4330 1879 4385 inde
1904 4333 2073 4386 ducto

473 4415 770 4482 explanare
818 4415 944 4476 ista.
991 4426 1052 4470 ut
1096 4417 1336 4471 lectores
1372 4420 1721 4489 perspicuam
1763 4440 1948 4478 rerum
1984 4426 2061 4478 in-

2177 3216 2269 3285 qui
2307 3233 2406 3285 per
2429 3217 2697 3286 quinque,
2731 3219 2836 3272 hoc
2869 3229 2974 3276 est.
3025 3229 3334 3274 extremum
3379 3219 3602 3289 quidem
3645 3235 3760 3273 ses-

2176 3308 2473 3377 quitertite,
2518 3309 2850 3378 principium
2901 3326 3028 3364 vero
3093 3311 3530 3380 sesquialterius.
3569 3311 3761 3380 Itaque

2175 3397 2286 3452 duo
2321 3410 2630 3453 concentus
2666 3401 2774 3454 hoc
2819 3408 2982 3469 pacto
3023 3401 3316 3471 compositi
3349 3401 3594 3457 alliciunt
3637 3419 3760 3458 eam

2176 3492 2653 3554 constitutionem,
2680 3509 2844 3563 quam
2877 3510 2973 3562 per
2998 3510 3189 3549 oumes
3220 3511 3517 3550 consonam
3549 3513 3761 3551 nuncu-

2177 3597 2331 3655 pant.
2377 3587 2533 3643 Nune
2559 3597 2743 3643 autem
2777 3597 3008 3644 cancros
3038 3600 3343 3646 concentus
3372 3593 3565 3647 missos
3601 3593 3764 3648 [τοῖσι

2180 3696 2326 3744 mus,
2360 3681 2567 3751 quippe
2606 3697 2732 3735 cum
2767 3698 2958 3752 parum
3003 3683 3302 3737 admodum
3337 3687 3650 3740 conducant
3695 3689 3760 3741 ad

2183 3772 2481 3842 propositae
2533 3773 2693 3827 nobis
2749 3773 3077 3842 quaestionis
3125 3775 3576 3843 explicationem.
3639 3777 3761 3833 Haae

2175 3874 2323 3920 eerte
2345 3864 2663 3919 constitutio
2688 3879 2784 3932 per
2807 3881 2999 3919 omnes
3025 3880 3268 3920 consona
3289 3865 3348 3920 ﬁt
3373 3881 3402 3921 e
3418 3867 3637 3932 ﬁdibus,
3659 3867 3760 3921 hoc

2176 3966 2280 4022 est,
2307 3959 2458 4013 sonis
2483 3968 2628 4021 octo,
2647 3959 2892 4028 quinque
2913 3975 3042 4012 vero
3065 3959 3210 4013 tonis
3226 3971 3282 4014 et
3303 3961 3612 4015 semitoniis
3628 3961 3762 4015 duo-

2180 4052 2302 4106 bus.
2324 4049 2506 4106 Sonus
2527 4061 2710 4106 autem
2741 4061 2949 4106 octavae
2964 4053 3184 4107 chordae
3207 4052 3437 4108 collatus
3469 4053 3558 4108 hic
3592 4064 3758 4122 atque

2178 4154 2531 4213 comparatus
2565 4145 2632 4200 ad
2663 4147 2849 4215 prima:
2879 4148 3142 4212 sonitum,
3178 4161 3442 4215 perpetuo
3477 4147 3754 4202 invenitur

2175 4234 2397 4304 duplam
2433 4237 2636 4292 habere
2665 4238 3102 4306 proportionem.
3179 4237 3361 4291 Prima
3394 4253 3528 4292 sane
3550 4240 3752 4294 chorda

2178 4335 2408 4381 vocatur
2430 4338 2577 4392 nete,
2606 4329 2990 4383 acutissimum
3014 4344 3212 4384 sonum
3247 4330 3528 4391 eminens,
3579 4332 3752 4384 altera

2180 4422 2966 4488 paranete.tertiaparamese,
3018 4421 3209 4490 quinta
3261 4423 3758 4494 superparhypate.

469 4507 828 4576 .lelligentiam
881 4507 1142 4562 habeant.
1203 4511 1520 4566 Concentns
1581 4515 1765 4584 itaque
1787 4558 1802 4580 ,
1853 4519 2059 4586 quibus
2094 4506 2134 4557 ί)
2165 4521 2316 4564 80W!
2341 4514 2670 4582 Itarhypale.
2698 4514 3087 4582 gravissimum
3122 4515 3295 4568 edens
3330 4531 3549 4580 sonum,
3575 4530 3766 4572 octava

468 4599 808 4654 .barmonica:
836 4601 1261 4656 constitutiones
1289 4605 1679 4674 conﬁciuntur,
1712 4609 1897 4677 plures
1920 4621 2072 4678 sunt,

463 4708 706 4762 quorum
741 4693 955 4763 primus
1012 4696 1367 4764 sesquitertia
1421 4708 1530 4763 est,
1578 4711 1820 4769 quatuor
1875 4703 2074 4759 ﬁdibus

465 4797 777 4841 constans:
833 4787 954 4844 hac
991 4804 1121 4843 vero
1155 4805 1222 4843 ex
1261 4790 1482 4846 duobus
1533 4794 1680 4850 tonis
1728 4805 1784 4851 et
1828 4798 2073 4854 limmate

469 4879 647 4948 (quod
688 4890 746 4934 et
772 4881 1127 4937 sentitonium
1157 4883 1457 4956 improprie
1485 4889 1734 4959 vocatur)
1772 4893 2068 4946 coalescit:

476 4973 528 5024 in
553 4989 657 5041 qua
678 4990 804 5028 cum
827 4989 994 5029 sonus
1010 4983 1218 5043 quarta:
1239 4977 1460 5034 chorda:
1483 4981 1768 5034 confertur
1790 4999 1912 5036 eum
1933 4984 2071 5040 sono

471 5067 689 5136 primm,
727 5069 1135 5138 sesquitertiam
1177 5073 1586 5142 propertionem
1621 5075 1823 5131 habere
1853 5094 2074 5148 compe«

477 5160 637 5212 ritur.
694 5160 986 5218 Secundus
1026 5178 1335 5220 concentus
1383 5177 1469 5221 est
1529 5170 1892 5238 sesquialtera
1944 5187 2068 5240 pro-

476 5253 680 5320 portio,
718 5271 839 5323 quae
864 5256 1089 5325 quidem
1119 5273 1148 5312 e
1170 5259 1419 5327 quinque
1453 5258 1650 5315 ﬁdibus
1679 5262 1928 5316 exoritur
1956 5280 1968 5316 :
2004 5278 2072 5316 ex

479 5345 660 5400 tribus
689 5347 948 5402 videlicet
992 5360 1050 5403 et
1101 5353 1420 5406 semitonio.
1495 5351 1633 5408 l‘line
1680 5354 1846 5408 etiam
1902 5371 2074 5410 sonus

477 5440 687 5506 quintae
705 5441 926 5495 chordae
941 5455 1291 5511 comparatus
1319 5445 1382 5496 ad
1415 5461 1609 5499 sonum
1640 5446 1827 5515 prima:
1857 5464 2073 5517 semper

487 5533 897 5600 praportionem
927 5534 1090 5587 habet
1121 5535 1562 5604 sesquialterum.
1622 5536 1859 5590 l‘rimam
1888 5550 2070 5593 autem

482 5621 747 5676 chordam
793 5627 1012 5695 appello
1061 5627 1164 5681 hoc
1201 5627 1252 5680 in
1297 5628 1420 5682 loco
1458 5641 1709 5696 quartam
1743 5630 1901 5699 primi
1943 5647 2072 5684 con-

489 5726 686 5770 centus
713 5720 806 5788 qui
839 5736 931 5788 per
965 5729 1202 5787 quatuor
1257 5720 1334 5773 lit.
1395 5721 1715 5772 Communis
1749 5729 1833 5773 est
1875 5730 2070 5789 quarta

494 5805 701 5862 chorda
737 5807 975 5868 duorum
1012 5819 1383 5866 concentuum
1415 5811 1758 5883 primorum,
1796 5811 1918 5866 linis
1949 5812 2070 5883 qui-

2183 4616 2315 4656 νυτυ
2341 4619 2500 4657 tonus
2538 4617 2854 4672 assumptus
2876 4624 2889 4674 ;
2911 4623 2938 4658 a
2961 4607 3266 4677 Pythagora
3290 4608 3557 4677 siquidem
3582 4623 3767 4678 p05tea

2185 4706 2502 4764 assumptus
2533 4708 2639 4750 est.
2693 4698 2827 4751 Nam
2854 4698 3035 4767 prisca
3071 4699 3187 4769 lyra
3217 4699 3422 4770 Orphei
3455 4716 3519 4756 ex
3556 4712 3766 4772 septem

2183 4787 2517 4856 chordarum
2557 4797 2832 4842 concentu
2871 4791 3182 4844 constabat.
3227 4790 3463 4861 Ideoque
3492 4796 3767 4850 nonnulla:

2185 4878 2500 4948 huiusmodi
2562 4881 2893 4935 chordarum
2945 4881 3123 4952 quoad
3172 4898 3336 4938 sooos
3389 4895 3567 4940 acuta:
3614 4901 3766 4952 sunt,

2183 4975 2304 5030 alia:
2351 4992 2564 5046 graves.
2605 4977 2726 5032 alia:
2759 4976 2973 5031 mediae.
3048 4978 3112 5031 Et
3139 4994 3333 5048 graves
3365 4979 3591 5048 quidem
3633 4993 3767 5036 sunt

2184 5067 2416 5139 hypatze,
2447 5079 2622 5123 acuta:
2655 5079 2820 5134 neue,
2859 5069 3054 5124 mediae
3108 5087 3238 5125 vero
3293 5072 3622 5143 interiectae.
3685 5076 3764 5129 Ad

2184 5163 2511 5230 ampliorem
2561 5163 3016 5231 perspicuitatem
3083 5164 3441 5231 exposuimus
3500 5165 3766 5221 linearum

2183 5252 2661 5308 demonstratione
2701 5254 2946 5325 regulam
2979 5254 3395 5320 octachordam,
3433 5257 3536 5311 hoc
3569 5267 3676 5320 est,
3703 5275 3768 5314 ex

2183 5345 2386 5413 duplici
2429 5347 2788 5415 proportione
2819 5349 3110 5403 conﬂatam
3148 5351 3478 5405 concordem
3506 5359 3766 5406 tonorum

2184 5439 2639 5507 modulationem,
2679 5441 3041 5509 compositam
3069 5456 3133 5496 et
3165 5441 3378 5497 duobus
3405 5443 3767 5499 tetracirordis

2181 5542 2237 5588 et
2266 5532 2428 5586 unico
2461 5542 2626 5587 tono:
2653 5533 2910 5588 videlicet
2941 5549 2970 5587 e
3000 5533 3218 5589 duabus
3244 5535 3608 5604 sesquitertiis
3635 5554 3763 5606 pro-

2181 5626 2552 5696 portionibus.
2596 5626 2759 5682 unico
2794 5627 3194 5695 sesquioctavo.
3241 5627 3321 5680 vel
3356 5629 3538 5696 potius
3571 5643 3608 5681 ε
3639 5647 3759 5684 ses—

2183 5720 2441 5789 quitcrtia
2462 5735 2567 5773 una
2601 5732 2656 5773 ct
2687 5737 2791 5774 una
2810 5720 3190 5790 sesquialtcra.
3211 5719 3342 5773 Nam
3374 5721 3758 5788 sesquioctava

2184 5812 2466 5884 proportio
2495 5811 2747 5882 copulata
2777 5827 2901 5867 cum
2929 5811 3089 5865 unica
3123 5811 3498 5882 sesquitertia,
3530 5827 3759 5882 ιιι-ψυτ-
