4040 6462
242 369 354 439 519

1129 375 1457 435 SCIlOLlA
1498 375 1584 435 IN
1626 373 2017 436 SYNESlUM
2062 375 2159 435 DE
2197 371 2626 437 INSOMNIIS.

3416 372 3531 435 550

238 487 544 543 ἀποκλίνον
578 484 725 539 ἅπαν
774 484 896 537 ἐστὶ
939 485 1268 553 παηητικόν.
1329 487 1640 558 Διαιρεῖται
1685 487 1744 539 δὲ
1779 485 1840 539 τὸ
1860 490 1912 548 Α
1940 502 2062 549 πεις
2088 486 2254 552 αὐτὰ,
2297 487 2360 540 ἓν
2393 504 2445 538 τι
2473 486 2714 555 βλέπεις,
2747 483 3068 551 συγγένειαν
3102 479 3293 550 ἔχοντα
3328 497 3533 534 πανταα

239 581 555 650 παθητικὸν
594 579 694 644 τῆς
746 577 924 648 ψυχῆς
973 577 1052 632 εἵς
1092 596 1150 632 τε
1211 578 1273 632 τὸ
1304 578 1630 649 πειθόμενον
1673 579 1837 649 λόγῳ,

238 676 345 727 καὶ
372 676 453 735 εἰς
492 672 553 725 τδ
588 671 664 742 μὴ
687 669 1017 741 πειθόμενον
1050 670 1194 741 λόγῳ
1226 670 1475 726 διπλοῦν.
1505 672 1579 725 Τὸ
1608 672 1706 740 μὲν
1728 673 1840 741 γάρ

237 784 432 834 φαμεν
467 764 763 835 θρεπτικὸν
805 767 900 817 καὶ
937 765 1191 833 φυσικύνο
1221 766 1283 817 τὸ
1311 765 1369 817 δὲ
1404 764 1714 835 σφυγμικδν
1743 767 1842 820 καὶ

239 859 500 924 ζωτικὸν·
534 858 704 928 ἄμφω
728 857 784 910 δὲ
811 856 989 910 ταῦτα
1020 858 1082 910 ού
1110 857 1271 927 λόγῳ⁸
1297 858 1588 912 πείθεσθαι
1624 858 1829 913 ἴσασιν.

242 950 385 1005 esse
418 948 528 1019 γὰρ
579 947 907 1017 προαίρεσιν
945 949 1069 1000 οὐδὲ
1124 951 1383 1019 κριτικήν
1428 966 1551 1003 τινα
1605 950 1838 1019 δύναμιν

241 1040 399 1111 ἔχει·
461 1038 665 1108 ὁμοίως
708 1038 767 1090 δὲ
810 1037 908 1090 καὶ
960 1039 1022 1092 τὸ
1069 1039 1356 1101 ἐπιπειοὲς
1408 1039 1552 1109 λόγῳ
1607 1040 1838 1095 διπλοῦν

240 1135 385 1184 ἐστι.
417 1129 491 1183 Τὸ
529 1130 629 1200 μὲν
659 1130 770 1201 γάρ
802 1148 985 1200 φαμεν
1020 1131 1452 1201 ἐπιθυμητικὸν,
1490 1134 1550 1186 τὺ
1584 1133 1641 1187 δὲ
1675 1133 1839 1202 Θυμι-

242 1226 366 1277 κόν.
396 1223 469 1275 Τὸ
503 1223 604 1292 μέν
647 1240 729 1276 τοι
764 1222 1167 1292 ἐπιθυμητικὸν
1196 1222 1489 1291 διαιρεῖται
1523 1226 1602 1286 εἰς
1645 1224 1838 1295 ἡδονὴν

251 1317 353 1369 καὶ
408 1315 628 1383 λύπην·
673 1314 1038 1382 ὲπιτυγχάνον
1088 1315 1197 1384 γὰρ
1252 1314 1443 1385 ἡδονὴν
1498 1315 1835 1383 ἐργάζεταιο

253 1405 633 1473 ἀποτυγχάνον
684 1404 761 1461 δὲ,
819 1404 1038 1474 λύπηνα
1083 1405 1144 1455 τὸ
1195 1404 1251 1455 δὲ
1289 1402 1519 1471 θυμικὸν
1546 1404 1837 1474 διαιρεῖται

246 1498 328 1557 εἰς
368 1496 515 1564 τρία,
546 1498 627 1557 εἰς
660 1495 855 1566 ὀργὴν,
900 1495 969 1566 ἦν
999 1494 1067 1566 δὴ
1108 1496 1203 1548 καὶ
1237 1494 1399 1564 χολὴν
1432 1498 1529 1547 καὶ
1556 1488 1711 1564 χδλδν
1740 1513 1839 1548 κα-

244 1589 424 1643 )οὖσι·
455 1590 552 1642 καὶ
598 1591 678 1652 είς
711 1588 894 1659 μῆνιν,
929 1593 1024 1642 καὶ
1056 1591 1133 1650 εἰς
1170 1590 1347 1644 κότον.
1394 1589 1554 1640 Ἔστι
1603 1589 1661 1642 δὲ
1698 1589 1836 1660 ὀργὴ

243 1679 420 1746 θυμὸς
441 1680 603 1750 ’πρὸς
649 1680 940 1750 ἐνέργειαν
989 1679 1166 1750 ἀρχὴν
1217 1679 1311 1730 καὶ
1359 1678 1574 1748 κενησιν
1605 1678 1834 1749 ἔχων,ἢ

243 1773 425 1842 θυμὸς
488 1772 884 1843 ἑνεργούμενος
909 1787 924 1804 ο
961 1773 1123 1841 μῆνις
1175 1770 1246 1823 es
1281 1773 1375 1823 καὶ
1420 1772 1581 1835 κότος
1614 1771 1764 1825 ἐστὶν
1807 1773 1836 1825 ὁ

238 1864 527 1933 ἐπιμένων
555 1863 652 1915 καὶ
683 1861 1006 1929 ἐγκείμενος
1034 1862 1229 1931 Θυμός.

322 1955 672 2021 Μῃντείαις.
699 1950 813 2022 Τὴν
840 1955 1102 2023 μαντείαν
1135 1955 1392 2025 πολυειδῆ
1441 1974 1609 2025 φασιν
1632 1955 1837 2028 Ἕλλη-

240 2060 339 2108 νες
393 2042 557 2110 εἶναι,
595 2046 689 2100 καὶ
738 2044 1015 2115 διαφόρως
1052 2047 1412 2117 ἐνεργοῦσαν,
1467 2047 1543 2111 ὡς
1596 2047 1837 2118 μετρίως

241 2139 351 2192 κᾶν
374 2140 484 2196 τοῖς
518 2137 834 2208 ἔμπροσθεν
859 2136 955 2190 τοῦ
985 2139 1256 2208 παρόντος
1288 2139 1498 2209 βιϐλίου
1532 2142 1834 2213 εἰρήσεταιο

239 2234 474 2302 τελετὴν
511 2233 568 2287 δέ
596 2250 730 2300 φασι
769 2231 868 2301 τὴν
896 2231 1005 2284 τῶν
1047 2231 1370 2303 μυστηρίων
1408 2233 1725 2304 μετάδοσιν,
1760 2234 1834 2298 ὡς

239 2327 565 2380 τελειοῦσαν
593 2328 719 2391 τοὺς
770 2324 1142 2396 μυουμένους.
1180 2326 1305 2379 Ἐτι
1336 2326 1396 2381 δὲ
1439 2328 1566 2392 τοὺς
1594 2332 1678 2391 εἰς
1720 2327 1836 2393 ἓξιν

246 2418 510 2483 ἐλθόντας
534 2418 634 2487 τῆς
664 2416 1020 2488 παραδόσεως
1051 2417 1254 2487 ταύτης
1284 2418 1710 2490 τετελεσμένους
1739 2419 1837 2475 καὶ

241 2511 490 2573 τελείους
525 2514 678 2579 φασί.

317 2604 721 2658 Διιιστάντων.
779 2605 861 2657 Τὰ
910 2606 969 2656 ἐν
1010 2603 1200 2673 κόσμῳ
1250 2604 1432 2659 πάντα
1467 2603 1698 2659 σύνθετα
1738 2609 1837 2663 καὶ

244 2695 713 2766 εἰδοπεποιημένα
760 2698 1089 2766 πράγματα,
1139 2697 1188 2748 εί
1239 2698 1339 2767 μὲν
1380 2697 1456 2762 ὡς
1496 2698 1685 2763 οὐσίας
1713 2700 1835 2770 βλέ-

246 2879 397 2950 quod
427 2888 611 2934 autem
640 2879 695 2932 in
726 2878 1014 2933 materiam
1041 2879 1234 2949 vergit.
1267 2879 1319 2933 id
1350 2894 1510 2934 omne
1539 2880 1833 2938 atl'ectibus

252 2971 582 3040 impellitur.
619 2970 987 3040 Diotinguitur
1025 2982 1210 3024 autem
1249 2971 1302 3025 id
1331 2973 1477 3042 quod
1508 2973 1676 3027 animi
1712 2991 1835 3044 pas-

248 3062 504 3117 sionibus
521 3074 604 3117 est
625 3062 947 3126 obnoxium,
984 3062 1038 3115 in
1067 3062 1118 3116 id
1153 3062 1300 3132 quod
1337 3063 1534 3117 rationi
1563 3076 1737 3136 paret,
1775 3076 1833 3121 et

1942 580 2102 651 χόθεν
2131 580 2269 651 πρὸς
2301 579 2506 632 ἑαυτά·
2546 580 2594 631 εἰ
2628 577 2685 630 δὲ
2732 577 2808 640 ὠς
2856 574 3320 643 εἰδοπεποιημένα
3349 575 3532 643 πράγε-

1946 689 2117 742 ματα,
2154 672 2364 739 πλῆθος
2398 670 2617 740 βλέπεις
2647 669 2907 738 διάφορον
2942 667 3040 719 καὶ
3089 665 3375 719 διάστασιν
3407 664 3531 733 ἔχον

1943 765 2080 836 πρὸς
2113 765 2277 819 ἑαυτὸ
2309 760 2379 818 δι’
2411 764 2556 818 ὅλου*
2579 762 2613 831 ἣ
2646 762 2871 832 μᾶλλον,
2918 760 3046 812 ὅταν
3077 757 3200 811 κατ’
3230 753 3370 820 εἶδος
3406 757 3531 827 βλέ-

1942 874 2052 932 πῃς
2080 859 2149 912 τὰ
2188 859 2341 924 ὄντα,
2375 858 2437 910 τὸ
2474 856 2535 910 ἓν
2577 853 2800 925 βλέπεις
2838 852 3278 921 διακεκριμένον’
3315 849 3444 900 ὅταν
3474 849 3532 899 δὲ

1940 951 2085 1004 κατὰ
2111 950 2211 1017 τὴν
2252 949 2350 1003 τοῦ
2374 948 2530 1012 ὄντος
2557 947 2746 1016 φύσιν,
2782 945 2843 999 τὸ
2890 944 2950 997 ἓν
2980 943 3199 1011 βλέπεις
3236 942 3531 1013 συνηθροιο

1942 1043 2164 1112 σμένον.

2021 1134 2104 1199 Τῷ
2131 1136 2320 1205 νόμῳ.
2369 1132 2477 1188 Καὶ
2527 1132 2637 1203 γὰρ
2683 1130 2885 1185 κωλύει
2936 1129 3035 1182 καὶ
3078 1129 3111 1198 ἠ
3148 1126 3401 1179 πολιτεία
3432 1135 3531 1187 τὰς

1940 1226 2189 1291 τελετάς.
3048 1235 3055 1245 ’

2018 1321 2132 1375 Καὶ
2188 1319 2266 1388 δὴ
2315 1318 2383 1373 τὸ
2427 1317 2599 1371 ὅλον.
2643 1313 2785 1369 Ἀλλ’
2828 1313 2989 1382 ἡμεῖς
3039 1310 3159 1380 μὲν,
3209 1310 3367 1380 φησὶ,
3406 1309 3533 1363 καθ’

1938 1420 2065 1474 ὅσον
2096 1413 2165 1489 ἦν
2195 1416 2330 1485 ἡμῖν
2353 1410 2600 1480 ἐφικτὸν,
2637 1406 2930 1463 καθολικδν
2966 1403 3323 1473 διεξήλθομεν
3355 1401 3533 1492 ἐγιιὼ-
3564 1481 3583 1492 ,

1950 1528 2076 1581 μιον
2103 1488 2291 1576 πάσης
2325 1501 2616 1576 μαντικῆς,
2643 1500 2736 1552 καὶ
2767 1497 3059 1566 γνώρισμα
3087 1493 3369 1560 ἐδείξαμεν
3397 1488 3534 1542 εἶναι

1938 1604 2121 1659 κοινὸν
2151 1602 2253 1671 τῆς
2283 1601 2515 1670 ἀρίστης
2551 1594 2821 1666 μαντικῆς
2855 1592 2955 1661 τὴν
2983 1590 3282 1656 ἀσάφειαν.
3317 1585 3401 1640 Τὰ
3423 1586 3534 1652 γὰρ

1940 1694 2129 1764 σαφῶς
2180 1692 2278 1746 καὶ
2331 1687 2581 1759 ἐναργῶς
2629 1681 2983 1751 Θεωρούμενα
3034 1677 3156 1731 οὐδὲ
3186 1673 3424 1745 μαντεία
3461 1674 3531 1725 ἂν

1939 1789 2027 1857 εἴη
2062 1803 2170 1848 τις,
2204 1781 2327 1837 οὐδὲ
2357 1776 2691 1841 ἀποδείξεως
2722 1771 2948 1840 δεηθείη
2981 1768 3048 1823 ἄν
3082 1783 3249 1830 τινος⁹
3280 1767 3314 1835 ὴ
3346 1765 3404 1817 δὲ
3436 1764 3531 1815 νῦν

1939 1879 2200 1951 πρόθεσις
2231 1875 2327 1928 καὶ
2359 1875 2387 1926 ὁ
2428 1871 2631 1931 σκοπὸς
2660 1864 2823 1936 ἡμῶν
2862 1864 3013 1915 ἐστιν
3060 1857 3416 1929 ἐνδιατρῖψαι
3452 1857 3532 1924 τῷ

1939 1973 2070 2043 περὶ
2123 1969 2294 2037 αὐτὴν
2337 1967 2403 2033 δὴ
2449 1963 2551 2033 τὴν
2585 1961 2814 2031 ἀρίστην
2867 1955 3175 2023 σκέμματι,
3229 1951 3326 2003 καὶ
3362 1951 3531 2019 ἀκρι-

1941 2065 2209 2133 ϐεστέραν
2234 2061 2336 2128 τὴν
2366 2057 2573 2124 ταύτης
2603 2053 2857 2119 ἐξέτασιν
2886 2046 3243 2116 ποιήσασθαι.

2014 2154 2089 2211 Τὸ
2123 2155 2292 2210 ὅλον.
2319 2151 2558 2212 Γενικῶς
2586 2140 2683 2200 καὶ
2729 2141 2988 2197 καθόλου.

2010 2248 2242 2315 Αὐτῆς.
2276 2245 2391 2315 Τῆς
2428 2239 2727 2310 μαντικῆς.

2026 2338 2349 2393 Ἐνόντων.
2381 2332 2541 2388 Κατὰ
2569 2329 2824 2400 δύναμιν.

2022 2426 2552 2500 Ἐγκεκωμίασται.
2601 2419 2739 2490 Παρ’
2773 2416 2954 2489 ἡμῶν.

2021 2521 2331 2589 Ἀριστην.
2369 2517 2504 2570 Ἀπὸ
2528 2514 2640 2566 τῶν
2661 2512 2842 2564 ἄλλων
2869 2506 3169 2580 μαντειῶν.

2019 2617 2069 2669 Ἀ
2079 2612 2516 2681 ποτεμόμενον.
2567 2605 2816 2666 Εἰδικῶς.

2006 2703 2389 2776 Χιιρακτῆρα.
2424 2698 2742 2766 Γνὼρισμα.

1933 2891 2119 2950 omnia
2155 2894 2414 2946 concreta
2450 2892 2505 2938 et
2533 2882 2587 2936 in
2625 2893 2779 2935 suam
2818 2876 3051 2931 formam
3077 2871 3347 2943 producta
3372 2877 3526 2934 sunt,

1934 2988 2072 3043 sica
2118 2980 2287 3036 veluti
2339 2977 2611 3032 essentias
2638 2979 2890 3043 spectes,
2920 2967 3204 3038 quidpiam
3242 2979 3412 3019 unum
3446 2965 3531 3017 in-

1938 3078 2131 3138 tueris,
2153 3073 2649 3144 cognationemque
2671 3076 2726 3119 et
2753 3065 2810 3117 at"
2812 3061 3092 3132 tinitatemi
3103 3059 3253 3114 omni
3276 3074 3339 3113 ex
3368 3066 3530 3127 parte

249 3156 307 3210 in
352 3156 406 3209 id
471 3156 620 3225 quod
677 3157 946 3210 rationem
1008 3167 1339 3223 aspernatur
1380 3157 1657 3212 bifariam.
1695 3159 1827 3214 Illud
1865 3199 1911 3257 c
1945 3174 2091 3226 ῖηιοι·
2127 3184 2186 3223 se
2228 3166 2460 3221 habens.
2492 3161 2647 3229 Quod
2682 3158 2728 3214 si
2751 3158 2941 3212 eadem
2973 3154 3202 3208 formata
3235 3162 3289 3207 et
3323 3153 3375 3205 in
3406 3164 3532 3219 pro-

245 3247 401 3301 euim
428 3247 661 3303 dicimus
682 3249 955 3309 naturale,
980 3258 1146 3318 atque
1176 3248 1381 3303 habere
1412 3249 1518 3303 vim
1545 3254 1832 3321 vegetaudi

246 3354 313 3395 ac
343 3339 625 3395 nutriendi
668 3356 683 3393 :
722 3339 828 3395 hoc
854 3355 988 3395 vero
1041 3340 1397 3399 excitativum
1459 3351 1516 3396 et.
1575 3339 1832 3409 animale.

249 3431 362 3486 Sed
390 3431 551 3488 ambo
589 3432 705 3487 haec
738 3432 883 3486 haud
922 3432 1120 3487 rationi
1157 3433 1542 3503 obtemperare
1586 3447 1832 3492 norunt:

250 3539 433 3592 neque
461 3525 609 3578 enim
641 3525 960 3588 consilium,
990 3542 1170 3594 neque
1212 3527 1349 3580 ullas
1377 3527 1659 3597 judicandi
1691 3530 1836 3585 vires

253 3616 478 3668 habent.
519 3614 808 3669 Consimili
862 3615 1030 3669 modo
1090 3616 1141 3669 id
1193 3616 1339 3685 quod
1388 3616 1585 3670 rationi
1624 3618 1839 3673 obtem-

259 3715 428 3775 perat,
495 3706 723 3777 duplum
773 3720 876 3760 est.
915 3707 1032 3762 Hoc
1081 3709 1231 3763 enim
1284 3724 1674 3780 nuncupamus
1726 3712 1834 3766 vim

254 3798 710 3864 concupiscendi,
744 3798 878 3852 illud
910 3814 1042 3854 vero
1071 3799 1183 3853 vim
1211 3799 1505 3856 irascendi.
1544 3800 1612 3855 Et
1638 3801 1728 3855 illa
1758 3802 1842 3859 vis

247 3890 684 3960 concupiscendi
716 3890 987 3945 dividitur
1019 3891 1073 3944 in
1114 3891 1452 3960 voluptatem
1482 3907 1546 3948 ac
1570 3891 1838 3949 dolorem.

247 3982 391 4036 Nam
428 3982 572 4051 quod
606 3997 872 4051 prosyere
898 3993 954 4038 et
983 3996 1049 4037 ex
1100 3984 1271 4039 animi
1304 3985 1574 4041 sententia
1605 3989 1790 4042 evenit
1822 4027 1839 4051 ,

246 4072 589 4140 voluptatem
626 4071 784 4126 aiicrt
828 4085 883 4127 et
912 4074 1195 4144 ingenerat
1231 4091 1244 4127 :
1282 4075 1430 4143 quod
1471 4086 1652 4131 autem
1680 4078 1842 4132 aber-

245 4165 425 4218 rando
452 4163 748 4218 infaustum
774 4176 877 4226 est.
907 4165 1155 4219 dolorem
1180 4176 1235 4220 et
1257 4166 1662 4235 aegritudinem.
1683 4169 1839 4237 Quod

238 4270 420 4326 porro
460 4255 732 4310 irascendi
764 4256 871 4308 vim
927 4257 1114 4320 habet,
1153 4256 1207 4310 in
1250 4257 1349 4310 tria
1399 4258 1748 4324 diﬂ'unditur,
1784 4261 1839 4315 in

244 4347 623 4413 iracundiam,
657 4364 819 4417 quam
856 4364 985 4402 sane
1020 4349 1183 4402 biiem
1235 4359 1291 4403 et
1324 4351 1459 4404 iram
1511 4361 1711 4406 vocant
1739 4394 1753 4410 .
1785 4362 1841 4408 et

240 4442 302 4494 in
364 4440 661 4496 ulciscendi
700 4441 1017 4496 aviditatem
1073 4454 1130 4498 et
1173 4444 1709 4500 excaudescentiam.
1747 4447 1843 4503 Est

1947 3262 2119 3332 priam
2152 3258 2421 3326 cujusque
2467 3252 2709 3322 speciem
2753 3246 3056 3317 producta,
3114 3241 3527 3296 multitudinem

1943 3355 2129 3411 cernis
2166 3350 2485 3405 distinctam
2536 3357 2601 3396 ac
2654 3337 2949 3395 dissidium
3007 3334 3326 3397 habentem,
3357 3346 3535 3400 quan-

1947 3456 2063 3498 tum
2118 3436 2185 3495 ad
2232 3454 2353 3493 eam
2403 3441 2617 3504 spectat
2678 3431 2730 3484 in
2784 3428 3150 3484 universum,
3211 3424 3295 3476 vel
3348 3422 3533 3491 potius

1945 3532 2169 3605 quando
2206 3530 2364 3583 vides
2399 3541 2495 3594 per
2520 3522 2764 3591 singulas
2802 3517 3017 3584 species
3045 3530 3108 3569 ca
3144 3529 3265 3584 qua:
3302 3525 3433 3568 sunt
3476 3513 3531 3567 in

1947 3641 2129 3682 rerum
2166 3634 2387 3682 natura,
2420 3632 2592 3672 unum
2633 3614 2869 3668 intueris
2897 3611 3198 3663 discretum
3223 3621 3287 3661 ac
3310 3621 3535 3675 separa-

1947 3728 2064 3775 tum
2107 3737 2120 3772 :
2156 3732 2281 3771 eum
2312 3727 2444 3767 vero
2468 3709 2774 3764 secundum
2825 3704 3001 3772 ipsius
3046 3699 3190 3753 cutis
3234 3708 3486 3752 naturam
3513 3737 3531 3763 ,

1946 3827 2117 3866 unum
2150 3817 2368 3878 spectas
2391 3805 2444 3857 in
2473 3800 2792 3870 congeriem
2833 3805 3210 3867 aggregatum.

2016 3900 2145 3971 Legi
2176 3914 2371 3953 morem
2405 3910 2607 3966 gerens.
2643 3889 2864 3945 Etenim
2918 3892 3073 3940 vetat
3133 3882 3313 3937 civilis
3356 3880 3537 3936 admi-

1946 3992 2210 4051 nistratio
2240 3985 2557 4058 hujusmodi
2593 3979 2971 4038 caeremonias.

2018 4084 2151 4139 Ideo
2173 4080 2498 4136 summatim.
2527 4076 2597 4130 At
2629 4087 2729 4127 nos
2795 4071 3054 4141 quidem,
3088 4066 3311 4136 inquit,
3349 4063 3531 4134 quoad

1946 4178 2108 4233 nobis
2173 4173 2307 4229 illud
2342 4169 2561 4238 assequi
2603 4166 2788 4229 datur,
2830 4161 3162 4217 catholicum
3196 4168 3252 4212 et
3306 4162 3535 4215 univcr-

1946 4289 2067 4328 sum
2104 4267 2519 4340 percurrimus,
2576 4270 2886 4327 nasumque
2927 4254 3193 4309 orationis
3233 4255 3373 4323 stylo
3415 4268 3537 4321 per-

1944 4361 2308 4418 lustravimus
2362 4355 2697 4427 preconium
2776 4349 2944 4402 totius
3010 4345 3408 4407 divinationis,
3469 4361 3535 4397 ac

1946 4456 2227 4526 specimen
2293 4453 2796 4520 argumentumque
2860 4437 3363 4495 demonstravimus
3411 4451 3535 4490 esse

244 4548 433 4585 au-em
470 4534 748 4587 iracundia
788 4532 954 4587 animi
992 4534 1249 4604 impetus,
1299 4536 1365 4589 ad
1398 4536 1693 4591 efﬁcaciam
1721 4555 1837 4592 mn‘

1950 4561 2242 4603 commune
2271 4543 2463 4612 optimi
2496 4536 2739 4594 vaticinii
2778 4532 3194 4589 obscuritatem.
3225 4529 3355 4595 Qua:
3384 4529 3532 4582 enim

244 4626 507 4695 uerisque
546 4626 885 4680 iunctionem
922 4628 1256 4698 principium
1307 4640 1364 4683 ct
1408 4630 1830 4685 ceumotioncm

246 4718 481 4784 habens,
515 4719 596 4772 vel
650 4720 818 4772 animi
869 4719 1220 4774 vehementia
1286 4721 1352 4774 ad
1406 4721 1688 4827 quidpiam
1721 4722 1837 4776 eiii-

250 4810 507 4863 cicndum
549 4825 564 4864 :
605 4810 698 4863 scd
753 4810 1052 4865 ulcisrendi
1109 4812 1386 4880 cupiditas
1444 4824 1499 4867 et
1536 4810 1834 4870 'iéxeaude-

252 4898 461 4954 scentia
494 4910 577 4955 est
608 4917 939 4971 permanens
967 4912 1021 4956 et
1046 4902 1243 4957 insitus
1272 4903 1443 4958 furor.

320 4993 389 5047 In
461 4994 892 5048 divinationibus.
955 4997 1364 5051 Divinationeui
1440 4999 1833 5057 multiformem

244 5094 506 5138 asserunt
539 5084 1009 5157 Grawi,‘camque
1042 5082 1316 5143 diversaiu
1354 5089 1628 5146 efﬁciendi
1664 5094 1837 5148 facul-

249 5187 423 5231 tatem
453 5178 705 5233 sortitam
744 5195 887 5243 esse,
918 5183 1387 5250 quemadmodum
1429 5186 1617 5252 paucis
1654 5186 1710 5242 in
1738 5187 1837 5242 de-

233 5283 420 5321 cursu
459 5268 621 5339 hujus
660 5268 788 5323 libri
819 5271 1057 5327 dicetur.
1088 5272 1484 5329 Cazremoniam
1526 5286 1710 5331 autem
1756 5279 1840 5333 di-

244 5367 387 5413 cunt
427 5360 820 5429 mysteriorum
878 5363 1461 5430 eounnunicationcm,
1498 5370 1664 5423 veluti
1710 5386 1838 5439 per-

245 5451 535 5505 ﬁcientem
569 5466 666 5507 eos
695 5495 709 5519 ,
762 5454 855 5522 qui
913 5456 1092 5509 sacris
1127 5455 1328 5510 initiati
1380 5469 1527 5513 sunt.
1564 5461 1836 5517 Pra-terea

243 5558 384 5598 vero
417 5543 483 5597 ad
512 5545 681 5598 animi
727 5547 1076 5601 aﬂcctioncm
1120 5549 1484 5620 habitumque
1514 5554 1841 5610 accedentes
1868 5548 1875 5555 ’

245 5634 419 5703 hujus
451 5639 970 5694 communicationis
1011 5643 1185 5710 gratia
1238 5642 1548 5713 adeptatos.
1606 5648 1840 5704 eximios

243 5736 307 5782 et
350 5727 630 5796 perfectos
659 5740 880 5786 vocant.

330 5820 740 5880 Dissidentium.
793 5827 867 5881 Ea
908 5845 1031 5899 quae
1082 5831 1138 5885 in
1197 5832 1405 5888 mundo
1462 5836 1841 5907 continentur,

1943 4638 2184 4696 dilucide
2214 4645 2269 4690 et
2301 4641 2490 4704 aperte
2543 4638 2907 4702 patentcrque
2958 4625 3102 4678 inter
3136 4622 3531 4692 speculandum

1936 4737 2329 4793 observantur,
2373 4739 2554 4795 neque
2583 4718 2941 4776 divinationis
2976 4715 3261 4785 cujusdam
3304 4712 3532 4776 fut-rint,

1936 4839 2117 4895 neque
2148 4816 2640 4877 demonstradoais
2668 4815 2874 4884 indiga.
2901 4810 3058 4866 Nunc
3088 4822 3252 4876 porro
3287 4816 3532 4861 nostrum

1938 4915 2257 4971 institutum
2294 4918 2595 4978 nosterque
2626 4918 2830 4974 scopus
2862 4911 2946 4956 est
2968 4941 2982 4966 ,
3020 4912 3303 4952 numerari
3355 4912 3406 4948 in
3438 4912 3536 4963 op-

1944 5013 2075 5065 tiuia
2153 5004 2718 5077 praestantissimaque
2780 4996 2955 5066 ipsius
3037 4988 3534 5053 consideratione,

1942 5118 2154 5158 necnon
2185 5099 2521 5155 exactiorem
2549 5092 2798 5164 ejusdem
2828 5088 3238 5154 indagationem
3287 5084 3532 5138 efﬁcere.

2017 5193 2359 5250 Summotim.
2395 5186 2743 5245 Generaliter
2771 5193 2828 5239 ct.
2862 5184 3146 5237 universe.

2015 5287 2163 5357 Ipsa.
2200 5280 2548 5340 Vaticinandi
2584 5294 2693 5332 ars.

2016 5378 2123 5432 l’ro
2153 5378 2294 5432 virili
2331 5383 2502 5442 parte.
2529 5372 2808 5439 Quantum
2854 5367 3055 5421 virium
3101 5373 3413 5421 nostrarum
3447 5361 3533 5415 fa-

1941 5474 2118 5529 cultas
2158 5473 2381 5540 patitur.

2015 5566 2296 5621 Exornata
2321 5564 2413 5616 sit.
2447 5563 2486 5616 A
2530 5556 2712 5616 nobis.

2017 5658 2310 5728 Optimam.
2348 5657 2619 5725 Rcspectu
2655 5656 2884 5709 aliarum
2922 5649 3346 5706 divinationum.

2017 5751 2085 5804 Ei
2136 5752 2226 5821 qui
2282 5752 2689 5821 depromuscrit.
2736 5747 3046 5804 Detraxcrit
3098 5752 3155 5799 et
3207 5737 3532 5808 eripuerit,

1948 5844 2284 5910 specialiter,
2312 5854 2370 5898 et
2398 5843 2639 5899 adhibita
2676 5845 2976 5901 formarum
3010 5838 3388 5898 distinctione.
