4040 6472
360 386 467 449 553

353 503 419 598 βῖ,
448 506 543 581 καί
593 509 742 562 ἐστιν
775 511 1080 583 ἡγούμενος
1111 517 1141 569 6
1182 517 1263 583 ις’,
1286 520 1381 574 τοῦ
1413 529 1485 592 η’.
1522 525 1788 595 Ἐναλλὰξ
1835 531 1928 585 οὖν
1956 539 2006 598 Α

349 595 566 660 γίνεται
613 598 791 666 λόγος,
842 602 973 656 ὅταν
1025 605 1196 678 λάϐης
1224 610 1323 667 τὸν
1352 613 1664 682 ἡγούμενον
1693 621 1788 673 τὸν
1827 620 1925 686 ις’.

353 691 447 743 καὶ
480 694 798 768 ,συγκρίνῃς
828 698 968 767 πρὸς
998 700 1093 754 τὸν
1125 704 1433 775 ἡγούμενον
1456 709 1564 762 -τὸν
1612 711 1677 776 δ’,
1698 714 1808 767 καὶ
1838 716 1932 767 τὸν

352 783 619 853 ἑπόμενον
678 788 772 842 τὸν
826 788 880 861 η’
932 794 1073 863 πρὸς
1120 797 1213 851 τὸν
1269 800 1539 872 ἑπόμενον
1587 805 1934 877 .τὺντβ’,’Καὶ

350 877 633 973 δςίκνυται
673 883 1078 956 πάλινιόμοίως
1096 891 1181 944 ὅτι
1204 892 1267 945 ὃν
1295 894 1598 968 λόψνοὲχει
1630 901 1659 953 6
1692 900 1767 966 ις’
1795 904 1935 973 πρὸς

349 970 443 1022 τὸν
476 969 519 1023 δ’
525 1012 540 1030 .
566 972 659 1025 τὸν
693 976 862 1031 αὐτὸν
894 978 1009 1050 ἔχει
1037 982 1134 1036 καὶ
1160 985 1189 1036 6
1212 991 1266 1053 η’
1289 987 1427 1058 πρὸς
1474 990 1569 1043 τὸν
1595 989 1676 1061 ”β’.
1710 969 1937 1049 Δείκνυ-

356 1078 443 1157 σιν
470 1062 594 1157 Δοῦν
640 1066 933 1157 ἐντεῦθεν,
967 1073 1050 1127 ὅτι
1107 1074 1168 1127 ὃν
1222 1075 1386 1146 λόγον
1437 1079 1552 1152 ἔχει
1583 1083 1612 1136 6
1643 1084 1769 1148 νοῦς
1799 1087 1939 1157 πρὸς

353 1152 550 1224 ψυχὴν,
601 1156 695 1210 τὸν
745 1161 911 1214 αὐτὸν
941 1163 1054 1233 ἔχει
1098 1168 1165 1221 τὰ
1188 1167 1498 1238 ⁴ὅντα-πρὸς
1531 1174 1601 1228 τὰ
1628 1152 1895 1246 γινόμενα
1921 1202 1937 1215 ·

356 1248 452 1301 καὶ
482 1250 716 1316 ἐναλλὰξ
764 1252 824 1306 ὃν
864 1256 1020 1324 λόγον
1060 1259 1173 1330 ἔχει
1207 1262 1337 1326 νοῦς
1369 1265 1510 1334 πρὸς
1531 1267 1685 1334 ὄντα,
1716 1269 1810 1325 τὸν
1843 1270 1939 1325 αὒ’

354 1339 587 1413 τὸν-ἔχει
631 1346 780 1417 ψυχὴ
812 1350 950 1419 πρὸς
973 1354 1258 1421 γινόμενα.

439 1503 798 1561 Ἀνάπαλιν.
834 1508 948 1563 Καὶ
983 1511 1144 1565 τοῦτο
1192 1514 1259 1567 ὲκ
1308 1514 1420 1589 τῶν
1470 1516 1568 1571 τοῦ
1620 1519 1936 1575 Εὐκλείδου.

355 1596 505 1666 Φησὶ·
521 1597 633 1669 γὰρ
679 1598 889 1664 ἐκεῖνος
930 1604 990 1656 ὲν
1023 1606 1140 1667 τοῖς
1161 1607 1346 1671 αὐτοῖς
1369 1609 1518 1679 ὅροις
1550 1610 1645 1664 τοῦ
1670 1613 1937 1678 πέμπτου

1228 403 1557 467 SCllULlA
1604 413 1681 472 ΙΝ
1726 417 2110 480 SYNESIUM
2160 423 2257 483 DE
2305 426 2728 492 lNSUMNllS.
3519 433 3623 500 554

2519 542 2628 599 νοῦς
3028 547 3156 607 ψυχή

2571 688 3062 867 (><)

2507 966 2620 1011 ὄντα
2960 965 3183 1026 γινόμενα

2114 1051 2470 1118 Πρυὸἁλλει.
2512 1048 2578 1101 Ἡ
2607 1048 2773 1118 ψυχή.

2128 1142 2514 1212 Ἐνοπτρίζει.
2547 1142 2802 1206 Φωτίζει,
2835 1141 3099 1195 διδάσκει.

2118 1236 2268 1305 Πρὶν
2304 1234 2386 1300 τῷ
2438 1234 2646 1300 κοινῷ.
2687 1234 2867 1302 Λόγῳ,
2901 1234 2934 1303 ἢ
2965 1233 3040 1296 ὡς
3068 1233 3156 1286 διὰ
3192 1232 3286 1285 τοῦ
3318 1232 3629 1291 ἐνδιαθέτου

2045 1329 2232 1398 λόγου.
2684 1328 2696 1347 ¹

2128 1417 2582 1485 Ἐπιστατικήν.
2614 1417 2686 1471 Ἦ
2714 1417 2790 1482 ὡς
2825 1417 2920 1471 τὸν
2948 1417 3094 1471 νοῦν.

2098 1513 2403 1580 -Δύναμιν,
2442 1510 2503 1563 Ὀ
2530 1509 2655 1579 ,μὲν
2689 1508 2817 1572 νοῦς
2862 1512 3116 1565 κοινωνεῖ
3152 1513 3217 1581 τῇ
3257 1510 3449 1583 λογικῇ
3477 1510 3624 1582 ψυχῇ

2043 1606 2131 1660 διὰ
2163 1607 2330 1676 μέσου
2361 1603 2465 1659 τοῦ
2500 1604 2684 1673 λόγουθ
2728 1606 2762 1674 ἡ
2797 1603 2853 1656 δὲ
2879 1605 3073 1674 λογικὴ
3106 1604 3253 1675 ψυχὴ
3285 1610 3535 1661 κοινωνεῖ
3561 1611 3629 1680 τῇ

362 1693 666 1761 στοιχείου,
697 1694 783 1748 ὅτι
815 1695 1092 1751 ἀνάπαλιν
1135 1698 1295 1766 λόγος
1332 1702 1451 1756 ἐστὶ
1479 1702 1644 1773 λῆψις
1687 1704 1943 1760 toﬁ-tuo.
2044 1699 2344 1769 αίσοητικῇ
2370 1739 2385 1763 ,
2445 1699 2539 1755 καὶ
2570 1700 2684 1761 τοῖς
2738 1697 3063 1767 ὀργανικοίς
3106 1699 3509 1770 αἰσθητηρίοις,
3542 1701 3631 1754 διὰ

362 1785 636 1855 μένουὼς
666 1787 977 1859 ἡγουμένου
1009 1791 1149 1861 πρὸς
1182 1793 1247 1845 τὸ
1272 1793 1703 1865 τὴγοῦμενον“ὡς
1732 1799 1941 1865 Mops-

2055 1787 2222 1855 μέσου
2262 1787 2357 1841 τοῦ
2387 1786 2754 1855 φανταστικοῦ
2781 1786 3113 1856 πνεύματος·
3144 1789 3177 1857 ἡ
3210 1788 3254 1840 δ’
3281 1784 3350 1842 αὖ
3384 1790 3627 1860 αἰσθητι-

355 1897 466 1932 νον.
503 1880 733 1951 Πρὸςδὲ
784 1884 1087 1955 σαφήνειαν
1132 1886 1230 1940 τοῦ
1293 1886 1455 1954 λόγου
1506 1889 1820 1944 κείσθωσαν
1869 1893 1936 1946 ἐκ
1970 1890 2013 1947 Β
2042 1878 2113 1948 κὴ
2138 1877 2287 1949 ψυχῆ
2318 1880 2574 1932 κοινωνεῖ
2603 1880 2672 1949 τῇ
2712 1880 2918 1946 φυσικῇ
2941 1877 3031 1932 διὰ
3060 1877 3154 1932 τοῦ
3184 1878 3484 1948 θρεπτικοῦ
3531 1881 3628 1934 καὶ

353 1972 1027 2045 τῶν-προκειμένιιινῖὰριθ
1037 1979 1153 2047 μῶν
1172 1980 1212 2030 '6
1242 1986 1316 2045 ις’
1348 1982 1487 2034 καῖὸ
1516 1983 1817 2049 η’.”Εστιν
1837 1979 1932 2038 οὖν

350 2064 381 2115 6
411 2064 840 2135 ις’·ήγούμενος,
869 2068 898 2121 6
924 2069 982 2122 δὲ
1011 2077 1103 2139 ἠν
1122 2072 1417 2140 ἐπόμενοςο
1448 2072 1633 2126 ἐὰνκδὲ
1670 2072 1931 2144 λάϐωμεν

351 2158 447 2209 τὸν
470 2155 539 2226 η’·
564 2158 1011 2228 ὡςκὴγούμενον,
1054 2166 1151 2217 καὶ
1201 2166 1589 2233 συγκρίνωμεν
1624 2167 1805 2221 -αὺῒδν
1854 2168 1931 2233 ὡς

354 2250 489 2319 πρὸς
530 2251 801 2320 ἑπόμενον
829 2254 941 2306 ,τὸν
978 2261 1081 2319 ις’,
1138 2255 1348 2323 γίνεται
1382 2258 1411 2311 6
1438 2259 1927 2327 ἀνάπαλιν-λόγος.

349 2341 521 2412 Φησὶν
552 2338 653 2396 οὖν
680 2343 764 2397 ὅτι
798 2344 1099 2409 κάνταῦθα,
1136 2340 1531 2417 gavisam.»
1552 2350 1927 2421 -ὠς-ἡγούμε-

352 2452 444 2489 νον
498 2436 623 2506 ὅρον
673 2437 776 2507 τὴν
822 2438 1027 2511 ψυχὴν,
1077 2446 1175 2496 καὶ
1229 2442 1618 2514 συγκρίνωμεν
1670 2446 1756 2507 ’ὡς
1786 2445 1931 2515 πρὸς

353 2532 624 2601 ἑπόμενον
652 2532 748 2586 τὸν
795 2534 955 2599 νοῦν,
993 2535 1089 2589 καὶ
1114 2536 1315 2605 ὁμοίως
1360 2536 1429 2590 τὰ
1481 2537 1743 2607 γινόμενα
1776 2538 1929 2606 ιπρὸς

351 2626 420 2680 τὰ
444 2626 595 2691 ὄντα,
629 2622 843 2692 γίνετᾶι
880 2628 910 2680 6
940 2629 1210 2682 ἀνάπαλιν
1238 2629 1420 2696 λόγος,
1450 2630 1543 2684 καὶ
1573 2629 1729 2684 οὐδὲν
1754 2626 1931 2703 ’ἦττον

352 2720 670 2790 εὑρίσκεται
700 2719 797 2774 καὶ
834 2720 1007 2782 οὕτως
1048 2720 1247 2789 ἀληθὲς
1282 2721 1343 2774 τὸ
1364 2721 1473 2791 ⁶ὑφ’
1504 2721 1931 2792 ήμῶν-ἐνταῦθα

356 2812 485 2880 περὶ
515 2810 725 2865 τούτων
758 2812 833 2874 ὡς
865 2811 1083 2882 ἀξίωμα
1113 2813 1527 2883 προτιθέμενον.

436 2966 847 3037 Ἀξιούμεγον.
879 2967 1377 3039 Δογματιζόμενον.

427 3063 590 3132 Ἔχει
613 3062 809 3131 ψυχή.
858 3064 946 3126 Ὠς
994 3065 1054 3115 ὲν
1100 3063 1278 3132 τούτῳ
1326 3062 1405 3135 τῷ
1445 3064 1710 3134 σχήματι.

2039 1969 2339 2040 αὐξητικοῦ
2371 1969 2713 2039 πνεύματος.
2758 1971 2899 2041 Φησὶ
2927 1970 2984 2023 δὲ
3013 1971 3111 2023 καὶ
3152 1972 3180 2025 6
3224 1970 3513 2035 Πλωτῖνος,
3544 1972 3627 2025 ὅτι

2039 2064 2232 2135 ὥσπερ
2276 2066 2301 2117 6
2338 2066 2397 2118 ἐν
2426 2064 2680 2135 προφορᾷ
2728 2062 2886 2130 λόγος
2917 2062 3080 2118 εἰκών
3113 2064 3231 2119 ἐστι
3255 2063 3351 2119 τοῦ
3383 2065 3440 2119 ὲν
3477 2061 3626 2137 ψυχῇ

2036 2156 2223 2224 λόγου,
2244 2155 2395 2210 οὕτω
2426 2158 2521 2210 καλ¹
2559 2156 2593 2226 ἡ
2624 2155 2775 2226 ψυχὴ
2809 2153 2904 2209 τοῦ
2940 2153 3057 2209 νοῦ.

2123 2248 2533 2318 Ἀπαγγεῖλαι.
2582 2248 2735 2318 Αὐτῇ
2772 2249 2841 2317 τῇ
2876 2246 3051 2318 ψυχῇ.

2113 2337 2317 2407 Ψυχῇ.
2351 2339 2431 2409 Τῇ
2457 2339 2674 2409 λογικῇ.
3039 2358 3045 2367 ·

2124 2430 2462 2498 Ἐκμαγεῗα.
2502 2430 2578 2483 Τύ
2587 2448 2741 2492 πους.

2108 2520 2272 2588 Αὕτη
2326 2518 2462 2587 ζωή.
2532 2520 2601 2573 Ἦ
2656 2527 3000 2597 φανταστικὴ
3041 2527 3139 2581 καὶ
3193 2522 3317 2581 κατ’
3369 2523 3624 2595 αἴσθησιν

2041 2613 2176 2684 ζωὴ,
2231 2613 2298 2667 δι’
2347 2608 2418 2685 ἦς
2464 2615 2835 2686 κοινωνοῦμεν
2866 2620 2983 2681 τοῖς
3033 2619 3276 2688 ἀλόγοις,
3331 2618 3364 2690 ἢ
3420 2617 3627 2688 μᾶλλον

2040 2708 2074 2776 ἡ
2109 2705 2253 2760 κατὰ
2281 2707 2408 2770 τοὺς
2439 2706 2643 2770 ὕπνους
2667 2709 2920 2779 ἐνέργεια
2945 2710 3041 2764 τοῦ
3075 2710 3445 2780 φανταστικοῦ
3459 2711 3627 2765 πνεύ-

2041 2812 2236 2865 ματος.

2111 2888 2221 2941 Καὶ
2256 2887 2327 2941 ἐν
2376 2887 2648 2954 ἰδιότητι.
2718 2890 2947 2960 Ὀρᾶται
3000 2893 3110 2962 γὰρ
3170 2892 3468 2956 ίδικῶς.ὲν
3506 2898 3621 2957 τοῖς
3664 2876 3671 2882 ’

2038 2977 2278 3045 λογικοῖς
2304 2977 2486 3042 ζώοις.

2100 3071 2493 3139 Αίσθητήριιι.
2558 3071 2767 3142 ’Δφανῆ
2803 3072 2896 3126 καὶ
2917 3074 3172 3142 κρείττω,
3201 3075 3270 3130 δι’
3307 3068 3383 3131 ὧν
3425 3076 3522 3130 καὶ
3552 3076 3620 3130 τὰ

351 3240 584 3282 numero
610 3226 665 3282 8.
695 3227 835 3298 Ergo
867 3226 1059 3283 ordine
1080 3228 1392 3283 alternatim
1436 3237 1647 3283 mutato
1678 3229 1928 3285 occurrit
1951 3233 1996 3296 α
2032 3240 2251 3301 postera
2277 3234 2442 3301 ratio,
2488 3246 2545 3290 et
2583 3222 2946 3291 nihilominus
2988 3237 3274 3301 invenitur
3315 3237 3483 3294 etiam
3539 3239 3615 3294 ita

355 3322 663 3394 proportio,
696 3331 1056 3391 posteaquam
1111 3323 1415 3391 sumpseris
1446 3332 1930 3380 numerumante-

350 3416 635 3472 cedentem
655 3414 749 3481 16,
767 3421 825 3469 et
854 3413 1261 3484 comparaveris
1285 3430 1419 3475 cum
1434 3429 1680 3475 ,numero
1703 3424 1927 3475 antece-

350 3510 519 3565 dente
546 3507 579 3561 4
602 3547 620 3576 ,
664 3516 720 3563 et
770 3516 1208 3577 consequentem
1242 3505 1275 3560 8
1312 3522 1439 3562 cum
1469 3517 1849 3577 consequente
1874 3505 1925 3563 2.

352 3601 528 3656 Etiam
558 3613 755 3656 rursus
802 3598 1217 3655 demonstratur
1243 3598 1422 3654 simili
1440 3599 1632 3665 modo,
1652 3609 1724 3657 .ut
1750 3615 1928 3671 .quam

355 3694 525 3751 habet
567 3692 995 3766 proportionem
1022 3706 1289 3750 numerus
1325 3690 1387 3747 16
1422 3693 1523 3751 ad.
1546 3693 1929 3757 numerumJt,

352 3787 603 3846 eamdem
637 3783 804 3842 habet
832 3785 1004 3840 etiam
1033 3784 1349 3841 numerus8
1385 3783 1453 3841 ad
1490 3784 1544 3839 2.
1580 3784 1720 3841 Hinc
1756 3785 1932 3857 igitur

351 3880 557 3935 indicat
586 3887 642 3933 et
658 3876 904 3934 ostendit
930 3877 1078 3947 quod
1113 3893 1275 3947 quam
1300 3876 1567 3937 rationem
1597 3885 1675 3941 et,
1697 3893 1933 3955 propor-

353 3973 556 4028 tionem
593 3972 757 4026 habet
794 3984 949 4025 mens
983 3969 1052 4024 ad
1100 3968 1339 4025 animam
1367 4006 1394 4037 ,.
1423 3968 1674 4025 eamdem
1706 3970 1933 4031 habent

349 4081 416 4122 ea
471 4081 591 4135 quae
624 4079 814 4120 revera
853 4063 1131 4118 exsistunt
1184 4064 1269 4117 ad.
1289 4077 1354 4118 ea
1392 4078 1514 4134 quae
1550 4063 1934 4124 .(ittntetveve-

350 4158 547 4223 niuut;
577 4168 635 4211 et
667 4157 978 4213 alternatim
1013 4156 1209 4213 ordine
1262 4166 1470 4215 mutato
1499 4201 1513 4221 ,
1536 4189 1545 4202 ν
1571 4173 1735 4227 quam
1768 4160 1934 4225 habet

351 4252 626 4307 rationem
671 4265 826 4306 mens
857 4249 924 4303 ad
954 4264 1020 4303 ea
1046 4263 1167 4318 quae
1215 4263 1413 4305 revera
1462 4249 1754 4314 exsistunt,
1784 4263 1934 4305 eam-

350 4342 476 4398 dem
505 4340 670 4395 habet
696 4339 876 4395 anima
913 4338 978 4393 ad
1018 4353 1084 4393 ea
1115 4353 1235 4407 quae
1272 4335 1412 4393 ﬁunt
1435 4336 1790 4395 eteveuiunt.

426 4434 500 4488 Ac
530 4440 874 4502 prwpostere.
924 4429 990 4485 Et
1044 4429 1190 4484 istud
1222 4445 1252 4484 e
1297 4428 1520 4499 scriptis
1557 4428 1802 4484 Euclidis
1832 4428 1933 4484 de-

348 4533 663 4595 promptum
717 4531 822 4578 est.
882 4520 972 4576 Ait
1029 4520 1201 4574 enim
1234 4512 1289 4579 in
1343 4522 1460 4576 suis
1514 4520 1935 4582 deﬁnitionibus

2024 3341 2233 3383 rerum
2274 3325 2519 3401 idquod
2552 3342 2584 3382 a
2615 3328 2775 3384 nobis
2823 3327 2914 3383 his
2962 3328 3030 3387 de
3062 3329 3227 3386 rebus
3276 3331 3619 3403 propositum

2035 3427 2140 3479 est.
2170 3417 2321 3477 velut
2353 3418 2572 3481 axioma
2603 3428 2657 3475 et
2685 3419 3128 3490 pronuntiatum.

2108 3506 2491 3567 Constitutum.
2521 3508 2915 3580 Praescriptum
2951 3519 3062 3569 est.

2112 3580 2339 3657 Ρτυηιὶέ.
2372 3598 2581 3670 Nempe
2603 3602 2808 3655 anima.

2116 3688 2181 3742 Et
2216 3689 2511 3746 illuminat.
2547 3692 2794 3748 Illustrat
2826 3708 2891 3748 ac
2911 3692 3103 3750 .docet.

2106 3776 2434 3851 Priusquam
2489 3799 2579 3836 ea:
2618 3784 2996 3838 communioni.
3030 3784 3275 3850 RatiOui,
3312 3783 3396 3839 vel
3426 3783 3637 3854 utique.

2038 3888 2139 3942 per
2167 3874 2434 3929 rationem
2462 3883 2644 3927 mente
2680 3883 3027 3947 conceptam.
3262 3931 3267 3935 _

2121 3962 2209 4019 Vis
2234 3965 2400 4020 animi
2436 3966 2783 4020 moderatrix.
2811 3966 2911 4021 Vel
2943 3966 3134 4036 utique
3172 3982 3351 4023 mens.

2114 4056 2233 4110 Vis.
2270 4055 2425 4119 Mens
2455 4059 2830 4112 communicat
2860 4072 2984 4112 cum
3014 4058 3267 4113 rationali
3303 4058 3484 4125 anima
3518 4075 3619 4130 per

2040 4149 2467 4223 interjacentetn
2499 4152 2766 4207 rationem
2795 4169 2808 4205 :
2849 4161 2905 4207 at
2936 4152 3218 4214 rationalis
3250 4154 3431 4215 anima
3462 4169 3621 4209 cont-

2042 4242 2289 4296 muuit‘at
2311 4258 2436 4297 cum
2468 4242 2841 4317 sensitiva,_et
2879 4256 3005 4301 cum
3041 4243 3319 4313 organicis
3339 4244 3619 4301 sentiendi

2039 4333 2290 4405 partibus
2319 4375 2335 4400 ,
2368 4350 2465 4404 per
2494 4334 2737 4390 medium
2795 4344 2851 4389 et
2911 4333 3302 4404 interpositum
3359 4335 3623 4404 spiritum

2038 4425 2487 4496 phantasticum.‘
2508 4427 2724 4483 Rursus
2742 4425 2927 4481 anima
2945 4426 3209 4482 sensitiva
3245 4429 3622 4483 communicat

2038 4534 2163 4571 cum
2195 4518 2434 4573 naturali
2473 4534 2573 4588 per
2625 4518 2842 4585 alendi,
2900 4519 3225 4589 vegetandi,
3265 4520 3615 4590 augendique

349 4613 527 4684 quinti
564 4612 850 4678 clementi,
891 4610 1098 4667 Ordine
1145 4612 1367 4667 inverso
1390 4610 1644 4668 eamdem
1701 4602 2007 4683 propor-‘D
2038 4611 2320 4680 spiritum.
2350 4610 2443 4666 Ait
2470 4626 2636 4681 porro
2667 4611 2941 4676 Plotinus,
2965 4611 3111 4681 quod
3151 4614 3616 4681 quemadmodum

350 4707 562 4762 tionem
592 4721 659 4761 ac
694 4706 964 4760 rationem
988 4721 1112 4762 esse
1146 4704 1481 4777 sumptionis
1510 4705 1927 4776 consequentis,

348 4807 412 4853 ut
432 4797 834 4861 antecedentis,
878 4796 1020 4852 facta
1042 4794 1455 4866 comparatione
1473 4794 1928 4858 adﬁnitecedens,

352 4900 411 4945 ut
443 4890 514 4944 ad
548 4903 917 4959 consequens.
952 4887 1060 4942 Sed
1095 4890 1162 4942 ad
1194 4884 1643 4958 perspicuitatem
1668 4897 1723 4942 et
1746 4887 1933 4956 expla-

351 4985 636 5039 natiOnem
660 4979 830 5051 huius
867 4981 1101 5036 rationis
1137 4989 1418 5050 ponantur
1443 4996 1475 5033 e
1506 4978 1803 5049 propositis
1831 4996 1932 5033 nu-

347 5074 540 5140 meris,
576 5088 841 5128 numerus
877 5072 944 5126 16
974 5078 1032 5128 et
1063 5086 1332 5127 numerus
1369 5071 1423 5126 8.
1472 5071 1573 5127 Est
1620 5072 1925 5143 igitur.nu-

345 5181 534 5222 merus
564 5166 632 5220 lii
687 5165 1041 5228 antecedens,
1092 5174 1148 5219 at
1177 5162 1211 5218 8
1251 5179 1617 5233 consequens.
1653 5163 1808 5229 Quod
1876 5163 1923 5217 si

345 5273 615 5314 sumanus
658 5272 951 5311 numerum
986 5256 1035 5311 .8
1088 5267 1347 5326 tanquam
1398 5256 1840 5320 antecedentem,
1868 5265 1926 5310 et

347 5364 731 5420 comparemus
778 5349 957 5418 ipsum
1012 5348 1162 5403 velut
1190 5350 1256 5401 ad
1288 5359 1717 5418 consequentum
1743 5346 1831 5411 16,
1866 5349 1925 5401 lit

348 5442 544 5497 ordine
580 5441 801 5497 inverso
829 5442 1133 5512 proportio.
1166 5440 1259 5494 Ait
1280 5455 1411 5510 ergo
1445 5438 1537 5494 hic
1562 5455 1784 5509 quoque
1820 5456 1835 5495 :
1866 5438 1923 5494 Si

2036 4705 2092 4757 in
2126 4704 2515 4759 enuntiatione
2562 4705 2744 4759 oratio
2769 4703 2980 4781 eiiigies
3022 4720 3101 4765 ac
3130 4705 3487 4760 simulacrum
3530 4718 3617 4763 est

2031 4798 2269 4852 rationis
2318 4813 2442 4867 qua:
2490 4807 2579 4851 eSt
2630 4797 2685 4851 in
2720 4797 2942 4863 anima,
2982 4796 3069 4851 ita
3121 4797 3288 4852 etiam
3318 4800 3502 4853 anima
3532 4809 3616 4853 est

2022 4889 2211 4960 imago
2241 4888 2465 4944 mentis.

2104 4980 2420 5049 Manifestus
2444 4980 2646 5051 fecerit.
2683 4980 3043 5051 Ipsi‘animm.

2106 5072 2380 5128 Primaria
2411 5075 2579 5127 animi
2612 5082 2787 5143 parte.
2822 5071 3050 5127 Scilicet
3094 5074 3372 5133 rationali.

2103 5162 2391 5235 Imagines.
2428 5163 2590 5235 Typi,
2623 5164 2812 5219 formae
2835 5173 2891 5219 et
2919 5164 3236 5220 simulacra.

2110 5254 2227 5309 Vita
2259 5258 2399 5311 haec.
2430 5255 2803 5318 Phantastica,
2837 5265 2894 5313 et
2921 5255 3103 5326 quoad
3133 5256 3408 5312 sentiendi
3440 5256 3612 5314 facul-

2033 5355 2200 5401 tatem
2234 5348 2366 5411 vita,
2402 5364 2499 5418 per
2533 5362 2696 5418 quam
2723 5347 3197 5402 communicaturus
3223 5362 3349 5402 cum
3381 5349 3612 5405 rationis

2030 5440 2386 5509 expertibus;
2408 5440 2492 5497 vel
2510 5440 2696 5511 potius
2712 5441 2855 5500 actio
2872 5440 3100 5512 spiritus
3120 5441 3619 5514 phantasticquuae

350 5547 637 5588 sumamus
662 5533 814 5587 velut
852 5533 1273 5587 antecedentem
1306 5530 1601 5585 terminum
1634 5532 1871 5585 animam
1915 5569 1932 5595 ,
2029 5531 2176 5604 viget
2207 5534 2353 5588 inter
2392 5534 2805 5589 somniandum.

349 5635 406 5680 ει
433 5640 820 5694 comparemus
877 5634 1136 5694 tanquam
1168 5623 1234 5677 ad
1290 5632 1719 5691 consequentem
1775 5639 1929 5677 men—

2101 5622 2171 5680 In
2208 5627 2534 5697 proprietate
2565 5634 2797 5683 natura}.
2839 5626 3071 5683 Videtur
3101 5627 3249 5683 enim
3291 5627 3522 5689 seorsim
3551 5628 3609 5685 in

354 5729 488 5783 tem,
522 5715 778 5771 similiter
793 5715 958 5769 etiam
988 5730 1052 5770 ea
1074 5731 1196 5785 qua:
1223 5716 1360 5769 liunt
1386 5723 1442 5769 et
1474 5714 1740 5769 eveniunt
1764 5715 1831 5770 ad
1864 5730 1928 5772 ea
2030 5714 2365 5772 animalibus
2400 5716 2613 5774 ratione
2648 5717 2955 5773 utentibus.
3049 5723 3053 5729 '

359 5821 478 5877 qua:
513 5821 702 5860 revera
738 5807 1035 5871 exsistunt,
1082 5804 1330 5860 occurrit
1364 5818 1628 5859 conversa
1673 5813 1729 5859 et
1787 5821 1932 5876 pra»

682 5901 953 5959 l’s'rnon.
999 5902 1043 5961 t3
1057 5919 1092 5958 ιι
1106 5943 1118 5957 .
1166 5898 1417 5959 CXLIX
1432 5943 1446 5957 .

2101 5805 2364 5865 Seruatum
2393 5827 2620 5882 organa.
2651 5808 2900 5866 Obscura
2918 5822 2973 5867 et
3001 5813 3337 5883 potentiora,
3362 5828 3461 5884 per
3488 5828 3614 5884 quae

3095 5905 3171 5968 18
