4040 6458
371 379 469 440 537

1261 371 1588 434 SCHOLIA
1632 370 1715 430 IN
1759 369 2151 433 SYNESIUM
2196 364 2291 426 DE
2331 360 2769 425 INSOMNIIS.

3521 359 3624 422 558

365 478 598 561 ’ῥήτωρ
641 484 862 556 δηλοῦσι
895 482 950 540 δὲ
997 486 1158 540 τοῦτο
1191 488 1287 541 καὶ
1347 490 1399 540 οἱ
1455 485 1597 540 οὕτω
1658 490 1770 547 πως
1808 480 1945 552 ἱεροὶ
1974 488 2021 543 Α
2123 474 2198 532 Τὸ
2225 477 2335 548 γὰρ
2364 476 2751 546 ἐγκαρπισαι.
2783 469 2970 526 Θέλων
3003 470 3360 541 παραστῆσαι
3399 473 3484 526 ὅτι
3527 475 3630 527 οὐκ

374 568 806 650 ἐπιγραφόμενοι
834 582 982 648 λόγοι
1013 580 1204 636 αὐτοῦ.

456 675 514 728 Ἀ
524 675 749 744 γωγήν.
781 675 893 746 Τὴν
924 675 1135 730 ἄνοδον.

441 765 569 822 Ρλο.
601 764 726 821 153.
763 766 1122 821 Ἀκουσάτω.
1155 764 1320 838 Ζήτει
1368 767 1587 820 ἐκεῖναο
1626 767 1808 836 σιωπᾷ
1834 765 1946 835 γὰρ

371 849 561 919 οὔτας’
599 846 660 921 οὗ
700 858 808 927 γὰρ
830 857 980 925 λέγει
1010 857 1187 911 ταῦτα
1222 856 1515 928 ὁλόκληρα.

445 948 518 1002 Τὸ
549 949 826 1003 ἔνδοθεν.
860 949 971 1019 Τὴν
1005 948 1427 1019 ἐνυπάρχουσαν
1455 948 1688 1020 δύναμιν
1719 967 1952 1018 γνωστι-

377 1047 503 1116 κήν.

456 1138 618 1207 Ἐἦς.
662 1138 757 1191 Ἐκ
776 1138 878 1206 τῆς
911 1134 1043 1202 ἰδίας
1073 1138 1380 1209 ένέσπειρε.

462 1231 648 1299 Ἀλκή
655 1253 707 1298 ς.
738 1233 1059 1300 Δυνάμεως.

445 1322 787 1390 Εὐμοιρίαν.
836 1308 993 1374 Ἐπεὶ
1016 1322 1226 1389 γίνεται
1252 1324 1383 1394 παρ’
1416 1323 1595 1396 ἡμῶν.

450 1413 658 1480 Ὀναρ.
696 1413 790 1465 Ἐκ
825 1412 932 1465 τῶν
963 1414 1208 1484 ὀνείρων.

448 1500 556 1572 Ἦς
593 1506 1020 1574 ἐνεκάρπισεν.
1056 1502 1228 1573 Οὗτος
1254 1509 1354 1580 μὲν
1384 1512 1449 1565 ἐκ
1473 1502 1613 1567 Θεοῦ
1646 1512 1798 1582 λέγει
1825 1515 1952 1577 τοὺς

375 1599 625 1672 ὀνείρους
662 1601 857 1672 ἦκεινο
894 1603 923 1654 ό
955 1603 1012 1655 δὲ
1054 1603 1437 1676 Ἀριστοτέλης
1501 1607 1604 1662 οὐκ
1633 1605 1775 1664 εἶναί
1817 1626 1952 1679 φησι

375 1688 446 1742 τὰ
472 1688 701 1742 ἐνύπνια
753 1689 1098 1761 θεόπεμπτα.
1140 1693 1205 1746 Εἰ
1253 1696 1362 1767 γὰρ
1400 1691 1562 1768 ἦσαν,
1623 1700 1776 1771 φησὶ,
1836 1700 1953 1754 θεό-

378 1798 625 1853 πεμπτα,
655 1782 972 1851 ἐπέμποντο
1027 1784 1094 1837 ἂν
1127 1786 1313 1854 μόνοις
1360 1789 1476 1852 τοῖς
1510 1790 1680 1861 ἀρετῇ
1722 1791 1948 1857 συζῶσι,

374 1877 471 1930 καὶ
497 1875 629 1946 περὶ
657 1873 727 1928 τὰ
755 1874 876 1929 θεῖα
906 1876 1331 1955 ασχολσυμένοις
1356 1896 1371 1911 ⁸
1422 1880 1561 1935 ἀλλά
1606 1882 1705 1935 νῦν
1757 1882 1954 1953 βλέπο-

380 1978 481 2038 μεν
505 1962 588 2021 δτι
636 1967 733 2022 καὶ
768 1966 965 2036 φαῦλοι
1019 1985 1167 2032 τινες
1208 1970 1490 2042 ἄνθρωποι
1543 1968 1642 2028 καὶ
1696 1977 1952 2044 ἀμαθεῖς,

383 2059 519 2129 μήτε
539 2058 699 2127 λόγον
729 2057 954 2124 εἰδότες,
987 2059 1128 2130 μήτε
1157 2060 1383 2132 ἀρετὴν,
1424 2062 1616 2133 ὁρῶσι.
1651 2060 1953 2135 Συμόαίνει

377 2151 489 2221 γὰρ
515 2152 610 2204 καὶ
632 2152 915 2215 τοιούτους
944 2153 1095 2215 τινὰς
1139 2153 1524 2225 εὐθυονείρους
1555 2156 1702 2211 εἶναι
1748 2157 1954 2228 μᾶλλον

376 2243 485 2297 τῶν
511 2243 764 2314 χρηστῶν
783 2242 872 2296 διὰ
890 2243 990 2313 τὴν
1019 2243 1116 2298 τοῦ
1142 2245 1398 2314 σώματος
1418 2246 1741 2317 εὖκρασῖαν.
1760 2247 1955 2316 Ἀσύγ-

376 2351 514 2407 χυτα
542 2334 646 2407 γὰρ
666 2326 815 2387 οὗτοι
841 2334 1106 2399 πολλάκις
1134 2337 1470 2406 φυλάττουσι
1497 2340 1567 2392 τὰ
1594 2339 1704 2393 τῶν
1734 2340 1956 2394 θεαθέν-

376 2436 484 2479 των
522 2423 719 2478 εἴδωλα
776 2424 871 2478 καὶ
901 2424 1215 2495 τυπώματα
1273 2423 1370 2479 τοῦ
1423 2428 1822 2497 φανταστικοῦ,
1879 2423 1956 2481 ὧν

377 2515 495 2569 ἔνια
520 2510 808 2587 ἀληθεύειν
851 2517 1164 2587 συμϐαίνει.
1205 2517 1573 2589 ’Λπαγορεύει
1605 2521 1706 2590 μὲν
1736 2518 1830 2573 οὖν
1857 2521 1955 2574 καὶ

391 2604 771 2679 Ἀριστοτέλης
803 2609 899 2662 καὶ
940 2608 1129 2661 πολλοὶ
1166 2608 1274 2663 τῶν
1327 2608 1434 2674 ἔξω
1496 2608 1805 2679 φιλοσόφων
1835 2606 1955 2662 ἔτει

380 2716 466 2772 ροι
522 2701 908 2772 θεοπέμπτους
970 2696 1114 2754 εἶναι
1185 2704 1316 2766 τοὺς
1387 2701 1660 2772 ὀνείρους*
1716 2697 1857 2756 εἶναι
1906 2702 1955 2755 δ’

376 2791 470 2850 οὖν
500 2796 623 2849 τινὰ
644 2794 810 2865 φύσιν
848 2794 1123 2864 δαιμόνων
1154 2795 1253 2866 τὴν
1283 2795 1394 2848 τῶν
1435 2795 1563 2848 καθ’
1588 2793 1793 2857 ὕπνους
1824 2812 1955 2864 φαι-

377 2887 618 2957 νομένων
673 2887 975 2958 κυριότητα
1030 2885 1286 2956 έχουσαν,
1339 2885 1500 2940 τοῦτο
1547 2885 1606 2940 δὲ
1644 2885 1954 2941 συντίθεται

380 2979 602 3052 ῥᾳδίως.

377 3151 640 3223 ptiosnm,
676 3166 781 3207 nec
812 3168 843 3206 a
888 3150 994 3207 ﬂde
1025 3151 1264 3207 alienum
1321 3152 1509 3208 fuerit.
1562 3153 1706 3209 Ante
1760 3168 1954 3209 omnes
1978 3175 2026 3239 ο

378 3242 647 3298 Aristides
678 3251 866 3297 orator
902 3244 957 3298 in
987 3259 1179 3298 eorum
1217 3259 1452 3300 numero
1487 3245 1787 3301 ascribitur
1823 3263 1838 3299 :
1871 3248 1954 3300 in-

377 3335 566 3391 dicant
616 3335 722 3392 hoc
750 3332 1156 3407 quodammodo
1185 3351 1354 3390 sacrze
1384 3338 1507 3407 ejus
1538 3337 1686 3392 hunc
1731 3337 1787 3392 iu
1832 3354 1955 3392 mo-

377 3430 509 3484 dum
536 3430 811 3499 iuscripta:
842 3431 1142 3485 orationes.

451 3522 744 3577 Institutio.
775 3519 899 3578 llaec
929 3524 1016 3578 via
1051 3539 1273 3579 accessu
1302 3518 1563 3579 d‘iﬂieilis.

452 3609 672 3669 Audiat.
715 3614 810 3669 llla
844 3615 1086 3685 inquirat
1111 3624 1167 3670 et
1194 3615 1615 3685 investiget;ea
1649 3614 1852 3685 quippe
1884 3610 1957 3670 si-

378 3706 550 3762 lentio
583 3709 976 3778 praetermittit,
1013 3723 1192 3778 neque
1225 3706 1436 3778 integra
1472 3707 1686 3762 recitat.

451 3797 637 3854 Semen
678 3800 929 3854 interius.
976 3799 1198 3854 lnsitam
1236 3799 1577 3870 intelligendi
1629 3795 1955 3870 potentiam.

451 3894 575 3950 Sua:
611 3897 841 3951 uirtutis.
881 3896 1087 3950 lnsevit
1114 3913 1145 3949 c
1171 3909 1293 3951 sua.

465 3985 706 4042 Virtutis.
742 3987 1029 4042 Potentiae.
1924 4054 1930 4067 Ὢ

457 4077 812 4135 Felicitatem.
845 4080 1300 4153 Quandoquidem
1332 4078 1584 4133 exoritur
1611 4093 1641 4132 a
1665 4075 1846 4132 nobis.

450 4171 598 4227 Inter
624 4172 1025 4227 somniandum.
1057 4172 1138 4226 Ab
1167 4171 1301 4242 ipsis
1331 4154 1562 4226 somnis.
1772 4162 1776 4167 ⁴

448 4263 568 4319 Sua:
600 4265 810 4319 virtutis
859 4263 1419 4337 {ructusparticipem
1452 4263 1604 4333 facit.
1637 4261 1688 4317 ls
1733 4254 1955 4332 quidem

376 4357 579 4413 asserit
610 4355 821 4412 somnia
858 4370 888 4408 a
918 4353 1028 4409 Deo
1057 4355 1377 4423 procedere,
1408 4353 1736 4409 Aristoteles
1771 4363 1958 4408 autem

376 4452 459 4508 ait
487 4450 763 4506 insomnia
810 4464 922 4504 non
951 4463 1072 4502 esse
1106 4464 1136 4502 a
1164 4448 1278 4503 Deo
1307 4448 1470 4503 missa
1506 4464 1520 4501 :
1554 4446 1609 4502 Si
1643 4447 1791 4501 enim
1819 4486 1838 4514 ,
1875 4445 1961 4500 in-

2052 572 2275 626 ἔλαττόν
2303 572 2421 622 ἐστι
2448 571 2509 621 τὸ
2533 567 2828 637 τυγχάνειν
2888 562 2984 617 τοῦ
3039 562 3359 633 μανθάνειν,
3409 567 3476 619 ὲκ
3532 583 3627 619 πε-

2056 662 2303 733 ριουσίας
2350 660 2522 728 λέγει,
2574 658 2658 711 ὅτι
2711 656 2809 709 καὶ
2856 655 3020 707 πλέον
3052 652 3227 720 ἐστὶν,
3259 654 3346 705 ἵνα
3403 653 3506 707 κᾶν
3534 656 3630 709 τοῦ

2053 756 2172 809 ἴσου
2196 755 2358 826 τύχῃ.

2121 871 2455 939 Φαντασίςι.
2505 869 2593 923 Ἐν
2623 868 2807 932 ἄλλοις
2839 869 2940 938 μὲν
2965 869 3074 921 τῶν
3101 867 3324 939 βιϐλίων
3352 868 3630 936 γράφεται

2053 968 2234 1038 ζωήν*
2264 969 2323 1018 ὲν
2346 965 2528 1026 ἄλλοις
2552 964 2609 1017 δὲ
2636 964 2806 1032 ζωῆς.
2840 962 2990 1016 Ἔδει
3014 963 3124 1031 γὰρ
3176 962 3470 1033 ἀμφότερα
3524 965 3635 1013 κεῖ-

2054 1057 2217 1111 σθαι·
2273 1055 2363 1107 διὰ
2393 1054 2454 1107 τὸ
2505 1052 2767 1123 φορτικὸν
2813 1051 2872 1105 δὲ
2926 1051 3214 1121 ὲσιωπήθη
3262 1051 3323 1103 τὸ
3352 1051 3433 1104 ἓν.
3475 1048 3635 1103 Τίθε-

2050 1152 2144 1201 ται
2207 1145 2267 1200 δὲ
2323 1147 2385 1198 τὸ
2423 1143 2482 1197 ἓν
2536 1145 2599 1208 ἐξ
2668 1142 3023 1214 ἀμφοτέρων,
3076 1136 3191 1195 οἷον
3240 1143 3307 1195 ἄν
3365 1161 3451 1207 τις
3505 1143 3632 1211 βού-

2053 1241 2235 1293 λοιτο’
2297 1237 2572 1307 λαμϐάνει
2621 1236 2679 1289 δὲ
2733 1234 2939 1299 ἔξωθεν
2983 1234 3079 1287 καὶ
3120 1233 3182 1286 τὸ
3217 1214 3405 1304 ἕτερον
3455 1233 3631 1286 ἐλλει-

2052 1348 2287 1393 πτικως.

2125 1448 2279 1516 Πρὸς
2312 1447 2474 1512 τούς.
2506 1446 2641 1500 Οὐδὲ
2674 1446 2784 1500 τῶν
2846 1444 3151 1497 ἐλαττόνων
3185 1442 3403 1523 ’καλῶν
3450 1442 3635 1497 αὐτῶν

2051 1541 2354 1608 ἀξιοῦνται.

2126 1631 2483 1686 Γινώσκειν.
2516 1631 2727 1694 Αὐτοὺς
2759 1631 2885 1694 τοὺς
2909 1630 3359 1700 ὼξοσοφοῦντας.

2139 1726 2633 1795 Ἀποκηρύκτοῑς.
2655 1727 3050 1793 Αἰγυπτιακῶν
3080 1726 3250 1779 θείων
3273 1725 3637 1795 προσταγμά-

1987 1841 2027 1895 B
2054 1837 2161 1872 των
2168 1858 2184 1873 ο

2122 1913 2209 1965 Οὑ
2237 1909 2491 1966 θυσιῶν.
2524 1911 2596 1963 Ἢ
2619 1908 2693 1971 ὡς
2717 1908 2780 1962 οὐ
2812 1909 2995 1978 χρεία.

2132 2004 2268 2059 Τάδ’
2299 2004 2633 2073 ἀθύρματα.
2658 2001 2895 2070 Παίγνια
2926 2003 3038 2071 γάρ
3069 2004 3198 2060 εἰσι.

2121 2098 2187 2151 Ol
2246 2094 2334 2150 δέ.
2383 2096 2447 2149 Οἱ
2502 2094 2592 2147 διὰ
2662 2093 2869 2146 θυσιῶν
2934 2095 3031 2147 καὶ
3097 2080 3380 2165 ὲντόμων’
3424 2114 3645 2169 προφη..

2055 2182 2330 2246 τεύοντις.

2127 2297 2354 2369 Τέχνας
2375 2300 2514 2369 μέν.
2543 2300 2764 2365 Ταύτας
2777 2300 2929 2370 λέγει
2954 2296 3021 2366 ἃς
3053 2303 3247 2373 μάγων
3278 2303 3475 2375 ῐυγγας
3492 2306 3638 2362 ἀνω·

2055 2393 2202 2461 τέρω
2256 2396 2492 2464 εἰρήκει,
2552 2393 2910 2464 μάγουςμὲν
2963 2394 3203 2460 καλέσας
3248 2397 3378 2461 τοὺς
3430 2400 3640 2465 ταύτας

2056 2483 2350 2550 ἀξιοῦντας
2401 2485 2779 2554 ἐργάζεσθαι·
2816 2487 3018 2555 ῐυγγας
3075 2488 3135 2542 δὲ
3189 2490 3290 2553 τὰς
3343 2491 3639 2562 διαφόρους

2056 2584 2278 2653 τέχνας,
2325 2583 2451 2636 ὅσαι
2511 2582 2814 2648 πολυειδῶς
2864 2582 2953 2637 διὰ
3001 2582 3206 2639 θυσιῶν
3257 2587 3354 2640 καὶ
3392 2569 3639 2659 ὲντόμων

2058 2676 2148 2727 έκε
2160 2675 2292 2739 ίνοις
2320 2675 2698 2732 ἐπετελοῦντο.

2132 2786 2199 2842 Τί
2226 2783 2363 2843 οὖν.
2394 2788 2461 2841 Ti
2486 2786 2600 2854 οὖν,
2627 2791 2818 2860 φησὶν,
2841 2790 3067 2855 ἄτοπον,
3091 2791 3176 2844 ὅτι
3210 2748 3374 2862 σοφὸς
3390 2789 3468 2846 ὢν
3492 2793 3522 2846 ό
3546 2809 3640 2846 σο·

2057 2880 2181 2948 φὺς,
2227 2882 2323 2934 καὶ
2360 2880 2525 2934 πλέον
2557 2883 2655 2936 καὶ
2685 2883 2947 2937 ἐπέκεινα
2978 2882 3219 2953 ὑπάρχει
3254 2886 3357 2955 τῆς
3388 2885 3640 2955 κοινότη-

2058 2987 2171 3038 τος,
2214 2973 2478 3028 καὶκατὰ
2506 2972 2698 3026 τοῦτον
2733 2975 2801 3028 ἂν
2826 2974 2920 3028 τὸν
2945 2976 3147 3047 τρόπον
3175 2977 3389 3045 γένοιτο
3428 2979 3592 3047 σοφός
3616 2996 3636 3044 ς

2059 3151 2185 3200 rent
2220 3144 2480 3217 istudque
2513 3148 2794 3202 communi
2839 3163 3114 3205 consensu
3163 3150 3641 3213 facilestatuitur.

2137 3230 2296 3294 Nam”
2324 3240 2653 3309 fructuosum
2699 3239 2938 3295 reddere.
2984 3241 3124 3296 Ante
3180 3244 3375 3299 oculos
3421 3254 3644 3300 nostros

2061 3333 2341 3402 subjicere
2371 3335 2550 3397 voles,
2581 3331 2729 3387 haud
2764 3333 2954 3388 minus
2999 3347 3122 3389 esse
3160 3335 3381 3406 assequi
3416 3346 3472 3390 et
3500 3337 3647 3393 obti-

2060 3442 2216 3491 nere,
2245 3441 2406 3496 quam
2436 3426 2670 3490 discere,
2707 3440 2774 3481 ex
2804 3426 3108 3483 abundanti
3158 3428 3292 3483 dicit
3334 3429 3456 3499 plus
3484 3444 3642 3497 esse;

2060 3525 2123 3572 ut
2152 3516 2208 3571 id
2239 3517 2387 3586 quod
2414 3525 2501 3573 est
2527 3518 2743 3587 aequale
2770 3530 3163 3589 consequatur.

2132 3607 2194 3663 In
2223 3609 2562 3679 phnnt‘astica
2600 3610 2733 3663 vita.
2766 3607 2822 3663 In
2850 3610 3178 3680 quibusdam
3209 3610 3646 3680 librisfscriptum

2059 3708 2147 3756 est
2174 3697 2342 3768 ζωὴν,
2370 3701 2579 3764 vitam;
2612 3701 2668 3754 in
2691 3700 2815 3756 aliis
2848 3701 3017 3772 ζωῆς,
3037 3702 3185 3758 vitae.
3212 3702 3474 3774 Oportuit
3499 3708 3646 3759 enim

2061 3802 2363 3864 utrumque
2397 3793 2682 3861 collocari,
2713 3795 2809 3849 sed
2835 3803 3064 3865 propter
3092 3797 3441 3853 insolentiam
3473 3815 3645 3854 unum

2059 3881 2328 3941 subticuit
2370 3899 2388 3939 :
2431 3900 2626 3940 verum
2676 3886 2907 3956 ponitur
2942 3888 3181 3944 alterum
3224 3906 3293 3945 ex
3339 3892 3646 3957 ambobus,

2058 3979 2223 4049 quale
2248 3978 2373 4049 quis
2394 3978 2635 4033 voluerit
2658 3996 2674 4036 :
2696 3980 2866 4035 sumit
2887 3990 3071 4035 autem
3102 3982 3448 4039 extrinsecus
3479 3985 3643 4040 etiam

2058 4070 2293 4125 alterum
2329 4070 2599 4126 defective
3572 4078 3573 4081 “

2129 4162 2391 4217 Adversus
2425 4179 2533 4218 eos.
2566 4163 2667 4230 Qui
2692 4177 2873 4233 neque
2906 4162 3044 4234 ipsis
3072 4162 3379 4220 minoribus
3409 4168 3638 4236 praecla-

2059 4258 2138 4311 ris
2171 4255 2337 4310 rebus
2362 4255 2512 4326 digni
2543 4267 2863 4313 censentur.

2129 4346 2189 4403 Si
2213 4349 2291 4403 ita
2312 4347 2635 4419 intelligant.
2663 4349 2743 4404 llli
2774 4349 2878 4421 ipsi
2900 4350 2995 4421 qui
3018 4350 3279 4422 opinione
3311 4362 3471 4409 tenus
3512 4365 3642 4413 sum

2062 4442 2360 4513 sapientes.

379 4543 524 4615 quit,
579 4559 609 4597 a
650 4542 763 4597 Deo
801 4541 929 4595 data
959 4548 1169 4606 essent,
1210 4539 1567 4594 mitterentur
1594 4538 1858 4593 duntaxat
1888 4539 1953 4593 ad
1988 4553 2035 4611 ο
2133 4535 2264 4601 Quae
2293 4536 2587 4606 repudiata:
2613 4543 2736 4590 sunt
2761 4537 2827 4590 ab
2853 4536 3104 4592 oraculis.
3137 4537 3332 4594 Divina
3363 4537 3647 4612 Egyptia-

377 4650 478 4692 eos
515 4635 610 4705 qui
657 4649 781 4689 cum
810 4633 1017 4686 virtute
1049 4640 1104 4685 et
1154 4631 1280 4685 vitae
1320 4630 1636 4700 integritate
1687 4645 1961 4684 commer-

381 4726 528 4782 cium
556 4725 783 4786 babent,
818 4733 875 4778 et
922 4721 1067 4776 circa
1112 4736 1203 4775 res
1242 4719 1458 4777 divinas
1490 4729 1856 4789 occupantur.
1892 4718 1963 4774 At

380 4834 531 4874 nunc
557 4816 823 4887 quosdam
849 4813 1104 4868 videmus
1127 4810 1470 4868 facinorosos
1495 4812 1749 4866 homines
1777 4820 1835 4867 et
1861 4811 1965 4865 im-

380 4911 612 4982 peritos,
642 4924 747 4963 nec
772 4907 1020 4962 doctrina
1046 4922 1149 4962 nec
1172 4905 1373 4959 virtute
1400 4905 1661 4975 praeditos
1686 4903 1962 4961 insomnia

380 4993 595 5058 videre.
624 4999 909 5069 Contingit
940 4998 1089 5052 enim
1127 5006 1188 5052 ut
1224 4997 1362 5052 tales
1394 4990 1540 5051 inter
1571 4994 1962 5052 somniandum

383 5093 634 5165 probatis
663 5092 794 5148 viris
828 5093 940 5147 sint
969 5082 1242 5146 feliciores
1272 5087 1344 5143 ob
1367 5084 1687 5159 prosperam
1712 5084 1963 5158 corporis

383 5184 758 5241 valetudinem
804 5191 860 5238 et
894 5182 1247 5253 temperiem.
1284 5180 1365 5236 Illi
1400 5180 1604 5251 quippe
1634 5178 1835 5234 crebro
1864 5179 1966 5233 mi-

385 5279 535 5333 nime
560 5275 789 5332 confusa
828 5291 1014 5330 rerum
1056 5275 1477 5329 observaturum
1516 5282 1734 5339 Spectra
1779 5281 1967 5326 custo-

384 5370 566 5434 diunt,
595 5378 651 5424 et
676 5367 983 5438 pbantasiaa
1007 5365 1328 5431 simulacra,
1365 5365 1658 5434 evenitque
1692 5371 1962 5417 uteorum

384 5461 648 5516 nonnulla
668 5459 811 5514 seria
828 5473 1067 5527 veraque
1089 5458 1221 5512 sint.
1245 5455 1482 5511 Proinde
1503 5463 1667 5526 negat
1687 5454 1966 5509 Aristote—

332 5626 343 5633 ο
384 5553 468 5609 les
492 5563 549 5609 et
575 5551 889 5617 complures
909 5551 1000 5605 alii
1023 5549 1235 5605 externi
1258 5566 1321 5604 ac
1345 5548 1634 5603 saeculares
1656 5545 1965 5617 philosophi

2067 4641 2189 4680 rum
2213 4626 2528 4697 praescripta
2563 4627 2764 4683 innuit.

2137 4718 2334 4773 Hostiis
2366 4735 2490 4772 non.
2523 4718 2681 4785 Quod
2710 4717 2972 4774 videlicet
3007 4722 3311 4775 commodae
3351 4735 3461 4776 non
3508 4723 3643 4778 sinl.

2135 4806 2382 4865 Ludicra.
2416 4811 2558 4866 Sunt
2581 4811 2729 4865 enim
2767 4810 3027 4866 ludibria.
3582 4802 3613 4835 ⁸

2138 4902 2241 4968 Qui
2275 4905 2552 4958 nimirum.
2580 4898 2686 4958 Per
2706 4904 2964 4959 victimas
3019 4914 3076 4958 et
3100 4914 3224 4960 exta
3255 4905 3644 4962 vaticinantur.

2134 4996 2289 5048 Arte:
2334 4997 2568 5062 quidem.
2620 4994 2920 5069 Easdicit,
2957 5011 3094 5065 quas
3130 5012 3417 5067 magorum
3466 4999 3652 5055 illecec

2067 5086 2196 5141 bras
2224 5102 2387 5154 supra
2429 5086 2771 5154 nuncupavit
2797 5125 2811 5150 ,
2848 5102 3037 5156 magos
3069 5089 3293 5158 quidem
3323 5105 3524 5144 vocans
3553 5107 3650 5145 eos

2065 5181 2160 5248 qui
2210 5195 2320 5233 non
2369 5188 2667 5248 gravantur
2699 5193 2797 5232 cos
2844 5178 3017 5233 illices
3045 5179 3110 5232 ad
3147 5194 3304 5234 usum
3340 5181 3649 5248 adhibere;

2068 5272 2257 5342 iyngas
2283 5285 2416 5325 vero
2447 5269 2583 5324 dicit
2615 5270 2797 5324 varias
2825 5279 2880 5323 et
2907 5271 3153 5325 diversas
3181 5282 3349 5335 artes,
3384 5289 3651 5343 quaecun-

2067 5377 2176 5432 que
2206 5358 2499 5430 multiplici
2532 5360 2731 5425 forma,
2764 5375 2863 5429 per
2888 5356 3142 5416 victimas
3187 5371 3242 5416 ct
3267 5376 3520 5418 extorum
3566 5366 3652 5419 in-

2067 5453 2333 5510 cisionem
2361 5455 2429 5506 ab
2462 5451 2573 5506 illis
2608 5452 3059 5523 perliciebantur.

2143 5544 2285 5611 Quid
2322 5546 2506 5612 igitur.
2554 5543 2697 5610 Quid
2736 5559 2889 5610 ergo,
2942 5546 3143 5614 inquit,
3187 5543 3489 5601 absurdum
3527 5558 3650 5612 est,

386 5662 417 5701 a
448 5660 708 5717 supremo
740 5644 967 5699 numine
999 5645 1166 5698 missa
1211 5656 1333 5696 esse
1370 5639 1678 5705 insomnia;
1707 5652 1832 5692 esse
1865 5639 1970 5708 igi-
2071 5638 2220 5708 quud
2253 5639 2494 5709 sapiens,
2534 5647 2809 5710 quatenus
2833 5649 2917 5692 est
2941 5637 3182 5708 sapiens,
3213 5639 3379 5694 etiam
3413 5641 3653 5710 amplius

386 5749 478 5795 tur
524 5740 819 5810 quamdam
873 5737 1162 5809 geniorum
1221 5750 1286 5789 ae
1338 5734 1650 5789 daemonum
1709 5741 1965 5784 naturam

388 5831 693 5889 dominium
730 5832 1022 5887 habentem
1055 5812 1244 5886 eorum
1285 5845 1405 5897 qua:
1444 5827 1497 5880 in
1530 5824 1760 5881 somniis
1798 5838 1968 5892 appa-

2071 5732 2247 5796 ferat;
2282 5740 2339 5785 et
2371 5731 2513 5784 ultra
2558 5729 3010 5785 communitatem
3047 5730 3452 5802 progrediatur,
3482 5740 3654 5803 atque

2075 5821 2224 5875 hunc
2257 5821 2312 5874 in
2346 5822 2570 5875 modum
2604 5820 2696 5876 ﬁat
2725 5821 2986 5889 sapiens?
