4040 6486
398 444 497 508 571

1608 437 2032 500 NICEPHORI
2081 436 2480 499 GREGORE

2920 371 2981 382 νο

3563 434 3693 498 57?.”

472 554 585 612 Kal
621 554 797 610 τοῦτο
828 553 962 622 ἄρα.
994 555 1068 609 At
1092 553 1221 626 περί
1259 554 1321 609 eo
1353 553 1515 624 σῶμα
1552 554 1651 623 τῆς
1673 551 1855 622 ψυχῆς
1883 550 1979 604 δυ·
2006 548 2057 608 Α·
2093 551 2377 620 τὰσματα,
2402 549 2491 606 οἷα
2515 552 2857 623 παρέχονται
2890 548 3420 621 αϊτοιαῦταιψυχαὶ
3449 548 3693 615 εἴδωλα.-

397 650 592 717 viast;
628 648 881 712 πλείονες
903 646 1086 712 οὖσαι,
1117 649 1175 700 ὲν
1206 647 1347 719 μόνῃ
1390 650 1459 718 τῇ
1512 646 1832 716 διανοητικῇ
1866 661 1985 696 κοιο

401 739 637 793 νωνοῦσι
671 740 746 808 τῷ
777 739 930 809 θείῳ,
986 739 1053 809 ἢν
1100 739 1163 810 δὴ
1199 740 1342 794 κατὰ
1388 732 1448 791 τὸ
1494 738 1642 801 εἰκὸς
1676 739 1709 790 ὁ·
1756 735 1985 789 Πλάτων

401 834 496 888 καὶ
530 833 734 903 πτερὸν
759 834 1243 904 προσηγόρευσεν,
1278 835 1376 887 ἇτε
1409 833 1722 900 ἁνάγουσαν
1748 829 1861 885 ἀπὸ
1878 829 1986 881 τῶν

402 927 618 995 θνητῶν
666 927 765 978 καὶ
826 926 1093 994 ἐπιγείων
1146 925 1247 994 τὴν
1302 924 1486 995 ψυχὴν
1565 923 1702 992 πρὸς
1766 923 1835 974 τὰ
1892 920 1987 973 οὐ-

405 1022 565 1088 ράνια
644 1019 741 1071 καὶ
816 1017 1099 1085 θειότερα,
1167 1019 1262 1071 καὶ
1345 1018 1446 1070 οὐκ
1512 1015 1695 1068 ἐῶσαν
1755 1013 1988 1084 μολύνε-

405 1114 529 1164 σθαι
564 1111 623 1165 τὸ
670 1112 1041 1181 φανταστικὸν
1073 1111 1248 1181 αὐτῆς
1302 1113 1425 1173 ταῖς
1478 1109 1696 1172 ὑλικαῖς
1730 1123 1987 1179 προσπα-

403 1206 597 1267 θεὶαις.
1625 1192 1629 1197 ’

477 1299 581 1351 Kal
615 1296 793 1352 τοῦτο
828 1296 966 1366 ἄρα.
991 1296 1151 1352 Τοῦτ’
1186 1298 1335 1351 ἔστιν
1367 1297 1401 1366 ἡ
1460 1296 1557 1349 τοῦ
1609 1293 1985 1365 φανταστικοῦ

406 1392 544 1445 κὰθα
558 1409 702 1463 ρσιςς
731 1457 736 1464 _

478 1485 794 1552 Χηραμοῖς.
831 1485 959 1546 Τοῖς
983 1483 1189 1553 βυθοῖς.

457 1567 597 1644 ’Τῆς
648 1576 765 1643 γῆς
802 1576 1106 1629 ἐνδύεται.
1148 1574 1489 1644 Ἐπειδήπερ
1539 1574 1571 1626 ὅ
1619 1573 1783 1643 σοφὸς
1832 1572 1989 1638 οὗτος

408 1667 665 1729 Συνέσιος
719 1668 1077 1736 αἱρεσιὼτης,
1139 1667 1213 1730 ὡς
1281 1669 1624 1738 εἰρήκειμεν,
1674 1669 1792 1721 ἐστὶ
1847 1666 1992 1723 κατὰ

410 1760 590 1811 πάντα
644 1759 741 1812 τοῦ
794 1760 1105 1822 Πλάτωνος,
1165 1760 1444 1813 κάνταῦθά
1502 1778 1561 1813 τε
1603 1763 1726 1824 ταῖς
1775 1760 1990 1813 πλείοσι

406 1851 517 1901 τῶν
553 1850 766 1903 ἐκείνου
803 1852 1009 1921 χρῆται
1035 1852 1225 1918 δοξῶν,
1258 1851 1468 1905 δίκαιον
1523 1852 1590 1906 ἂν
1622 1854 1710 1922 εἴη
1762 1854 1860 1907 καὶ
1892 1853 1990 1917 τὰς

2088 641 2248 711 δὲκην
2295 644 2545 696 τίνουσαι
2592 643 2689 696 τοῦ
2748 642 3022 713 προτέρου
3072 642 3193 713 βίον
3248 631 3421 695 κάκοῦ
3471 641 3667 703 ὄντοςο

2093 736 2187 786 καὶ
2222 736 2385 806 μέχρι
2408 736 2601 790 τούτου
2634 736 2967 800 πλανῶνται,
2992 736 3187 807 μέχρις
3236 734 3303 788 ἂν
3332 736 3402 805 τῇ
3428 733 3522 786 τοῦ
3555 731 3674 795 ξυν-

2088 826 2592 890 επακολουθοῦντος
2674 829 3076 898 σωματοειδοῦς
3166 827 3439 896 ἐπιθυμίᾳ
3504 826 3693 878 πάλιν.

2090 920 2385 975 ὲνὸεθῶσιν
2415 924 2498 985 εἰς
2530 921 2724 993 σῶμα’
2760 921 3042 975 ἐνδοῦνται
3080 919 3135 973 δὲ
3165 918 3360 989 ὥσπερ
3390 918 3540 979 είκδς
3589 918 3695 979 εἰς·

2089 1012 2159 1065 τὰ
2188 1013 2416 1066 τοιαῦτα
2441 1014 2572 1085 ἤθη,
2605 1014 2771 1068 ὀποῖά
2805 1014 2927 1066 ποτ’
2975 1012 3042 1067 ἂν
3096 1012 3191 1065 καὶ
3242 1010 3699 1081 μεμελετηκυῖαιι

2090 1110 2441 1181 τυγχάνωσιν
2477 1114 2535 1163 ἐν
2561 1110 2641 1181 τῷ
2687 1109 2789 1180 βίῳ
2811 1126 2824 1140 ⁸
2859 1104 2972 1163 οἷον
3005 1110 3135 1171 τοὺς
3183 1106 3284 1179 μξν
3318 1123 3671 1177 γαστριμαρο

2091 1201 2218 1269 γίας
2242 1219 2303 1254 τε
2338 1205 2433 1255 καὶ
2467 1202 2657 1274 ’ὕϐρεις
2682 1203 2775 1255 καὶ
2826 1201 3158 1272 φιλοποσίας
3222 1201 3672 1271 μεμελετηκότας

2092 1296 2172 1358 είς
2202 1296 2270 1347 τὰ
2324 1295 2437 1348 τῶν
2467 1295 2607 1349 ὄνων
2632 1299 2768 1365 γένη
2812 1296 2910 1350 καῖ
2942 1296 3052 1348 τῶν
3089 1296 3297 1365 ὁμοίιον
3350 1293 3559 1363 θηρίων
3595 1295 3673 1345 εξ-

2091 1386 2189 1451 κδς
2215 1387 2533 1441 ἑνδύεσθαι’
2574 1391 2700 1452 τοὺς
2728 1389 2787 1443 δέ
2816 1406 2881 1458 γε
2919 1387 3139 1452 ἀδικίας
3181 1406 3239 1439 τε
3275 1390 3371 1440 καὶ
3414 1386 3673 1456 τυραννί-

2090 1477 2190 1541 δας
2228 1480 2322 1532 καὶ
2358 1472 2617 1549 ἅρπαγας
2651 1480 3139 1551 προτπιμηκότας
3169 1480 3251 1543 είς
3311 1484 3380 1533 τὰ
3418 1480 3530 1533 τῶν
3581 1478 3676 1530 λύ-

2093 1586 2207 1625 κων
2240 1588 2299 1623 τε
2322 1574 2416 1624 καὶ
2447 1573 2685 1643 ἱεράκων
2720 1574 2816 1626 καὶ
2847 1572 3071 1627 ἐκτίνων
3101 1572 3237 1640 γένη
3265 1588 3278 1603 ο
3310 1572 3438 1635 τοὺς
3491 1570 3547 1624 δὲ
3576 1570 3674 1639 τὴν

2095 1662 2387 1732 πολιτικήν
2423 1680 2484 1716 τε
2519 1666 2614 1717 καὶ
2644 1665 2952 1735 δημοτικὴν
2984 1663 3485 1733 ὲπιτετηδευχότας
3535 1662 3674 1732 ἀρε,-

2092 1755 2213 1824 τὴν,
2250 1755 2317 1825 ἣν
2345 1753 2410 1826 δὴ
2439 1753 2667 1808 καλοῦσι
2704 1754 3067 1825 σωφροσύνην
3096 1768 3158 1807 τε
3186 1755 3280 1807 καὶ
3323 1752 3687 1822 δικαιοσύνην.

2095 1846 2156 1911 ἐξ
2183 1847 2344 1910 ἔθους
2374 1847 2468 1901 καὶ
2503 1848 2740 1917 μελέτης
2793 1850 3113 1917 γεγονυῖαν,
3171 1847 3302 1899 ἄνευ
3352 1845 3674 1915 φιλοσοφίας

407 1946 622 1997 ἐκείνου
664 1917 862 2015 ῥήσεις
897 1917 1138 1998 ἐνταῦθα
1172 1946 1420 1999 ἐκθεῖναι
1467 1946 1585 1999 ἀντ’
1642 1917 1811 2017 ἄλλης
1847 1947 1993 2010 τινὸς
2026 1917 2070 1975 Β
2098 1941 2193 1994 καὶ
2222 1939 2316 1993 νοῦ
2344 1942 2496 2005 είκός
2524 1943 2678 1995 ἔστιν
2701 1939 2946 1994 τοιοῦτον
2998 1941 3164 1994 πάλιν
3199 1939 3685 2009 ἀφικνεῖσθαιπμ

407 2038 730 2107 ἑρμηνείας.
763 2038 934 2106 Φησὶν
965 2033 1059 2090 οὖν
1097 2039 1308 2102 ἐκεῖνος
1333 2042 1389 2092 ὲν
1420 2039 1498 2110 τῷ
1542 2039 1800 2094 Φαίδωνι
1866 2040 1995 2111 περὶ

408 2134 507 2200 τῆς
540 2133 929 2202 μεμιασμένης
965 2132 1059 2185 καὶ
1092 2134 1412 2204 ἀκαθάρτου
1442 2133 1650 2203 ψυχῆς.
1712 2135 1797 2187 ὅτι
1857 2135 1995 2189 διει-

408 2225 666 2295 λημμένη
727 2225 846 2278 ἐστὶ
909 2225 1016 2278 ὑπὸ
1065 2225 1162 2278 τοῦ
1238 2226 1661 2294 σωματοειδοῦς,
1722 2227 1751 2280 ὃ
1788 2227 1926 2297 αὐτὴ
1961 2229 1995 2296 ἡ

404 2318 594 2385 ὁμιλία
622 2334 683 2369 τε
712 2318 807 2370 καὶ
839 2317 1103 2370 συνουσία
1119 2317 1215 2371 τοῦ
1248 2318 1502 2387 σώματος
1523 2319 1611 2372 διὰ
1636 2319 1698 2372 τὸ
1744 2320 1832 2372 ἀεὶ
1873 2319 1998 2384 ξυν-

410 2410 573 2475 εῖναι,
605 2411 698 2462 καὶ
726 2409 814 2462 διὰ
842 2409 942 2478 τὴν
977 2409 1180 2479 πολλὴν
1220 2410 1456 2480 μελέτην
1499 2411 1725 2481 ἐποίησε
1776 2411 1997 2482 ξύμφο-

406 2516 522 2553 τον.
567 2501 868 2569 Ἐμϐριθὲς
896 2500 952 2555 δὲ
984 2500 1199 2555 οἴεσθαι
1224 2501 1331 2574 χρὴ
1347 2501 1512 2555 τοῦτο
1538 2498 1681 2557 εἶναι
1713 2506 1808 2556 καὶ
1829 2505 1994 2575 βαρὺ,

409 2592 505 2644 καὶ
545 2592 770 2661 γεῶδες,
799 2596 896 2647 καὶ
921 2595 1122 2664 ὁρατόν
1146 2611 1159 2626 ·
1188 2595 1217 2648 ὃ
1248 2595 1314 2665 δὴ
1343 2596 1441 2648 καὶ
1470 2595 1667 2665 ἔχουσα
1703 2599 1734 2667 ἡ
1765 2599 1993 2668 τοιαύτη

407 2684 577 2754 ψυχὴ,
616 2685 910 2752 βαρύνεται
947 2690 1041 2740 καὶ
1068 2687 1293 2741 ἕλκεται
1318 2688 1482 2742 πάλιν
1537 2691 1619 2752 εἰς
1668 2691 1759 2743 τὸν
1798 2694 1995 2760 ὀρατδν

408 2780 576 2830 τόπον
609 2778 763 2848 φόϐῳ
795 2778 892 2832 τοῦ
922 2780 1138 2843 ἀειδοῦς
1161 2798 1222 2834 τε
1247 2783 1341 2836 καὶ
1368 2782 1518 2854 ᾅδου,
1546 2782 1738 2853 ὥσπερ
1773 2785 1995 2852 λέγεται

410 2870 537 2938 περὶ
576 2871 647 2923 τὰ
711 2872 970 2941 μνήματά
989 2889 1047 2925 τε
1083 2874 1177 2927 καὶ
1221 2877 1352 2936 τοὺς
1386 2875 1597 2942 τάφους
1634 2878 1995 2946 καλινδουμέο

408 2979 496 3031 νη,
527 2968 654 3034 περὶ
678 2963 713 3018 ἃ
743 2964 807 3034 δὴ
834 2969 931 3021 καὶ⁸
960 2964 1117 3036 ὤφθη
1160 2966 1300 3021 ἄττα
1338 2968 1529 3037 ψυχῶν
1585 2970 1825 3040 σκιοειὸῆ
1859 2989 1994 3039 φαν-

481 3138 549 3192 Ει
576 3140 621 3191 is
661 3143 839 3210 utique
878 3141 1133 3210 spiritus-
1164 3142 1434 3198 Potentia:
1466 3158 1588 3213 quae
1632 3146 1820 3216 plures
1867 3157 1999 3201 sunt

2096 2033 2302 2087 λιτικδν
2332 2036 2428 2087 καὶ
2447 2033 2657 2104 ἦμερον
2685 2033 2867 2101 γένος,
2894 2033 2929 2103 ἦ
2966 2049 3072 2085 που
3105 2031 3399 2102 μελιττῶν,
3430 2030 3469 2100 ἦ
3529 2047 3673 2100 σφη-

2097 2125 2229 2188 κῶν,
2259 2126 2293 2196 ἢ
2332 2125 2670 2195 μυρμήκων,
2697 2125 2730 2195 ἢ
2760 2126 2853 2178 καὶ
2888 2125 2969 2188 εἰς
2996 2125 3264 2194 ταυτὸλιίε
3296 2124 3463 2177 πάλιν
3494 2123 3555 2176 τὸ
3584 2126 3675 2176 ἀντ

2096 2216 2374 2288 θρὼπινον
2409 2218 2590 2285 γένος,
2623 2223 2719 2271 καὶ
2763 2217 3016 2286 γίνεσθαι
3049 2218 3107 2284 ἐξ
3138 2218 3318 2272 αὐτῶν
3353 2217 3555 2287 ἄνδρας
3575 2233 3675 2285 με·

2095 2307 2285 2376 τρίους
2318 2308 2496 2372 εἰκός
2530 2310 2613 2371 είς
2650 2308 2709 2361 δέ
2765 2325 2830 2376 γε
2866 2308 3005 2361 Θεοῦ
3051 2309 3208 2377 γένος
3248 2307 3325 2379 μὴ
3382 2308 3671 2378 φιλοσοφή-

2098 2418 2253 2454 σαντι
2280 2402 2379 2454 καὶ
2404 2399 2631 2471 καθαρῷ
2660 2401 2945 2464 παντελῶς
2980 2399 3200 2454 ἀπιόντι
3238 2403 3299 2453 οὐ
3332 2400 3495 2469 θέμις
3539 2399 3675 2468 ἀφιο

2097 2493 2346 2549 κνεῖσθαι
2402 2494 2601 2565 ἀλλ”ἢ
2658 2494 2737 2565 τῷ
2787 2493 3120 2565 φιλομαθετ·
3185 2493 3465 2563 φιλομαθῆ
3499 2492 3557 2546 δὲ
3585 2492 3702 2543 τὸν.

2098 2586 2394 2656 φιλόσοφον
2412 2586 2586 2654 λέγει,
2616 2586 2693 2649 ὡς
2729 2582 3159 2656 φιλοπράγμονα
3181 2584 3276 2639 καὶ
3319 2583 3701 2656 ἔρευνητικδνε,

2097 2682 2229 2746 περὶ
2260 2679 2364 2747 τὴν
2396 2678 2564 2747 φύσιν
2595 2677 2707 2731 τῶν
2729 2677 2925 2733 ὄντων.

2172 2771 2589 2840 ιιάκοδτιιμων.
2614 2771 2921 2841 Δυστυχὴς.

2175 2862 2285 2916 llo'r
2304 2880 2373 2929 ῳ.
2401 2862 2514 2915 Καὶ
2548 2861 2806 2915 κολάσεσι
2833 2862 2921 2915 διὰ
2961 2861 3183 2932 χρόνουι

2174 2956 2643 3025 Ιιάθηριιμένην.
2671 2955 2784 3027 Τὴν
2820 2957 3148 3025 φαντασίαν.

2099 3133 2607 3202 eireumvagantur,
2639 3129 2823 3201 quoad
2854 3129 3161 3200 cupiditate
3226 3139 3439 3184 natura:
3471 3144 3697 3199 σοι-ρος

406 3231 553 3285 circa
589 3246 797 3300 corpus
833 3233 1028 3298 animi,
1066 3232 1120 3286 in
1159 3234 1316 3287 unica
1352 3233 1619 3291 duntaxat
1651 3238 1991 3308 intelligendi

2101 3241 2206 3278 reae
2252 3225 2572 3288 comitante,
2625 3238 2818 3278 rursus
2875 3222 3109 3278 induant
3166 3236 3387 3293 corpus.
3437 3219 3681 3275 luduunt

406 3332 465 3377 et
494 3324 862 3378 ratiocinandi
892 3326 945 3379 vi
977 3340 1101 3379 cum
1134 3343 1395 3395 supremo
1427 3330 1655 3385 numine
1694 3337 1991 3401 menteque

408 3415 601 3467 tmmdi
631 3415 1001 3471 moderatrice
1036 3418 1473 3484 communicant,
1504 3434 1669 3488 quam
1704 3436 1836 3475 sane
1865 3423 1990 3493 jure

407 3507 621 3574 optimo
668 3505 819 3563 Plato
867 3525 1088 3579 quoque
1143 3511 1284 3564 alatn
1322 3513 1680 3583 nuncupavit,
1724 3515 1988 3569 nimirum

408 3596 772 3650 deducentem
802 3613 831 3651 a
861 3598 1169 3670 fragilibus,
1194 3611 1250 3657 et
1273 3602 1519 3657 interitui
1544 3605 1798 3659 obnoxiis
1825 3590 1993 3663 rebus

410 3698 577 3756 atque
612 3690 848 3746 terrenis
879 3692 1123 3747 animum
1169 3694 1235 3749 ad
1273 3695 1548 3758 coelestes,
1582 3707 1638 3752 et
1667 3697 1990 3764 diviniores,

409 3795 590 3846 neque
640 3783 910 3838 sinentem
948 3786 1267 3841 labefactari
1312 3791 1783 3859 conspurcarique
1833 3806 1993 3846 suam

411 3868 857 3939 imaginationem
893 3876 1273 3932 materialibus
1302 3878 1709 3935 ali'ectionibus.

480 3962 551 4017 Et
584 3964 719 4018 illud
747 3984 958 4023 rursus.
982 3970 1254 4026 Nimirum
1281 3971 1689 4041 imaginationis
1712 3974 1990 4045 purgatio.

488 4060 661 4111 Terra:
693 4075 977 4114 cavernas.
1019 4060 1166 4117 Imus
1193 4064 1458 4132 gurgites.

483 4148 814 4219 Ingreditur.
881 4153 1342 4225 Quandoquidem
1406 4157 1582 4211 solers
1650 4156 1742 4212 hic
1804 4168 1996 4214 noster

410 4243 698 4315 Synesius,
735 4246 898 4302 sicuti
929 4246 1189 4310 diximus,
1228 4249 1487 4310 omnibus
1518 4249 1572 4304 in
1610 4250 1776 4306 rebus
1807 4251 1997 4307 Plato-

411 4340 499 4393 nis
528 4348 612 4392 est
648 4340 954 4395 acerrimus
1000 4351 1263 4405 sectator,
1296 4342 1386 4396 hic
1434 4358 1654 4413 quoque
1703 4342 1995 4413 permultis

412 4431 603 4484 abillo
646 4429 953 4501 desumptis
994 4434 1172 4486 utitur
1215 4436 1530 4501 sententiis,
1570 4450 1787 4504 aequum
1828 4435 1999 4490 fuerit

415 4522 564 4576 illius
608 4524 754 4577 dicta
808 4523 915 4578 hoc
958 4524 1011 4578 in
1047 4524 1169 4578 loco
1198 4540 1476 4595 exponere
1526 4543 1630 4596 pro
1664 4527 1769 4581 alia
1803 4528 1996 4596 quavis

2100 3328 2304 3382 autem,
2339 3326 2401 3370 ut
2443 3315 2745 3373 verisimile
2788 3323 2896 3380 est,
2939 3313 3211 3387 ejusmodi
3258 3328 3458 3377 mores,
3487 3313 3679 3382 quales

2100 3411 2155 3466 in
2189 3411 2298 3467 vita
2340 3419 2735 3467 exercuerunt.
2775 3410 2956 3467 Veluti
2990 3426 3101 3466 eos.
3130 3411 3224 3482 qui
3264 3409 3470 3465 ventris
3502 3408 3679 3479 inglu-

2102 3505 2207 3559 viei
2237 3502 2408 3557 dediti
2455 3503 2637 3569 fuere,
2659 3514 2721 3560 et
2758 3504 3134 3570 contumeliis,
3165 3503 3409 3574 ﬂagitiis,
3455 3517 3677 3570 compo-

2101 3597 2512 3668 tationibusque
2541 3608 2803 3653 vacantes
2833 3599 3065 3653 inertem
3100 3604 3267 3667 atque
3305 3597 3565 3651 laseivam
3597 3595 3679 3650 vi-

2102 3698 2210 3741 tam
2234 3704 2416 3757 egere,
2431 3704 2535 3744 nec
2550 3689 2854 3760 quidquam
2879 3689 3033 3759 pensi
3058 3690 3394 3760 pudorisque
3415 3688 3697 3749 habuere.

2100 3790 2531 3837 consentaneum
2556 3791 2645 3838 est
2670 3787 2952 3838 asinorum
2983 3793 3043 3839 et
3076 3782 3341 3859 similium
3372 3782 3699 3838 bellttarnm-

2103 3890 2337 3944 corpora
2364 3876 2592 3931 subire:
2626 3891 2722 3930 eos
2749 3891 2885 3930 vero
2920 3875 3015 3947 qui
3048 3876 3302 3948 injurias,
3335 3874 3679 3946 tyrannides,

2105 3967 2330 4034 rapinas
2366 3983 2481 4037 pra:
2507 3970 2724 4023 emeris
2748 3968 2922 4024 secuti
2953 3979 3107 4034 sunt,
3139 3968 3194 4022 in
3221 3968 3499 4039 luporum.
3531 3968 3681 4022 acci-

2103 4060 2349 4127 pitrum,
2403 4060 2812 4131 milvorumque
2861 4076 3065 4130 genera
3124 4061 3363 4131 migrare
3428 4075 3529 4130 par
3578 4075 3679 4125 es,

2101 4168 2283 4221 neque
2323 4153 2433 4208 alio
2471 4155 2706 4209 transire
2750 4153 3057 4209 dicendum
3087 4163 3203 4219 est;
3254 4168 3353 4208 eos
3383 4168 3547 4223 porro
3586 4153 3679 4223 qui

2104 4245 2322 4300 civilem
2370 4246 2807 4315 popularemque
2856 4245 3145 4309 virtutem,
3172 4259 3337 4315 quam
3370 4254 3683 4314 temperan-

2105 4339 2238 4394 tiam
2285 4348 2338 4392 et
2381 4338 2653 4409 justitiam
2701 4338 3009 4402 nominant,
3060 4353 3138 4395 ex.
3173 4320 3591 4393 consuetudine
3626 4348 3692 4394 et

2105 4432 2502 4486 exercitatione
2541 4430 2869 4501 aequisitam
2907 4431 3116 4499 absque
3150 4430 3495 4499 philosophia
3528 4445 3685 4486 meu-

2108 4525 2291 4593 tisqne
2320 4525 2618 4593 sagacitate
2642 4538 2964 4585 exercuere,
2991 4521 3197 4577 decens
3229 4532 3327 4577 est.
3353 4525 3453 4577 hos
3486 4522 3539 4578 in
3573 4521 3683 4575 tale

414 4616 894 4685 interpretatione.
930 4616 1092 4685 Ergo,
1135 4617 1316 4687 inquit
1358 4619 1451 4672 ille
1507 4620 1559 4672 in
1612 4618 1899 4684 Phaedone,
1930 4618 2000 4675 de
2035 4624 2078 4679 υ
2105 4614 2383 4685 quoddam
2413 4628 2587 4683 genus
2616 4610 2827 4666 iterum
2847 4611 3014 4667 civile
3040 4627 3104 4666 ac
3131 4622 3480 4667 mansuetum
3510 4611 3687 4664 demi-

414 4710 596 4764 anima
628 4709 835 4779 polluta
878 4719 935 4765 et
966 4710 1181 4779 impura
1212 4711 1380 4765 verba
1425 4711 1651 4774 faciens,
1684 4713 1830 4781 quod
1863 4728 1996 4767 con-

412 4800 631 4867 tagione
659 4814 925 4868 corporea
956 4799 1156 4856 infecta
1186 4801 1540 4868 involutaque
1567 4800 1658 4865 sit,
1689 4818 1851 4872 quam
1880 4803 1994 4872 ipsa

413 4890 758 4943 consuetudo
808 4908 1248 4962 congressusque
1287 4907 1412 4946 cum
1457 4908 1711 4962 corpore,
1765 4878 2025 4963 prepter:

413 4980 733 5034 continuam
797 4982 1266 5044 familiaritatem,
1327 4982 1648 5052 cultumque
1710 4984 1995 5038 assiduum

413 5074 758 5141 congenitam
787 5086 844 5129 et
887 5074 1162 5145 geminam
1207 5074 1407 5130 eﬂ'ecit.
1453 5076 1827 5130 Ponderosum
1862 5086 1996 5132 vero

416 5165 467 5219 id
494 5165 794 5233 putandum
831 5174 935 5226 est,
971 5181 1156 5235 grave,
1190 5176 1468 5221 terrenum
1502 5176 1558 5222 et
1601 5168 1839 5232 visibile,
1882 5185 1993 5239 quo

415 5273 539 5310 cum
583 5256 883 5326 pnepedita
912 5259 987 5311 sit
1023 5256 1146 5311 talis
1174 5257 1376 5319 anima,
1402 5268 1662 5329 gravatur
1692 5269 1859 5328 atque
1885 5269 1998 5315 tra-

417 5349 569 5404 hitur
600 5365 818 5403 rursum
867 5349 922 5402 in
972 5348 1155 5403 locum
1188 5350 1467 5405 visibilem
1500 5352 1797 5407 formidine
1843 5362 1998 5408 tene-

417 5442 587 5505 brasi,
615 5437 901 5513 caliginosi
936 5452 992 5497 et
1022 5442 1076 5496 in
1122 5457 1253 5498 orco
1277 5443 1500 5507 oet-ulti,
1527 5444 1995 5514 quemadmodum

417 5535 595 5590 fertur
638 5537 783 5590 circa
827 5546 1184 5591 monumenta
1231 5537 1591 5606 sepulcraque
1624 5537 1849 5593 assidue
1879 5530 2025 5592 ver?

418 5641 594 5692 satur,
632 5631 778 5684 circa
827 5645 951 5698 quae
999 5630 1247 5699 profecto
1287 5630 1401 5699 jam
1436 5630 1699 5684 nonnulla
1735 5644 2002 5698 apparue-

420 5729 552 5773 runt
584 5721 894 5774 animarum
927 5723 1183 5776 umbrosa
1215 5720 1620 5790 phantasmata,
1647 5720 1828 5790 qualia
1861 5734 2002 5791 prte—

425 5813 612 5866 lerunt
649 5822 706 5868 et
734 5816 1000 5869 exhibent
1045 5812 1339 5869 simulacra
1384 5813 1519 5867 tales
1549 5813 1765 5878 animte,
1810 5829 2002 5883 parntis

428 5909 646 5963 luentes
693 5910 813 5964 vita:
861 5908 1184 5964 facinoroste
1232 5916 1513 5962 anteactae.
1558 5905 1749 5971 itaque
1805 5908 1994 5964 tandiu

2107 4722 2267 4778 grare
2305 4706 2737 4776 quodammodo,
2781 4721 2969 4777 apum,
3014 4720 3306 4774 vesparum
3350 4713 3447 4759 aut
3493 4703 3684 4758 formi-

2107 4816 2320 4862 carum,
2353 4799 2614 4869 deinceps
2647 4799 2701 4852 in
2747 4799 2888 4852 idem
2930 4813 3123 4852 rursus
3151 4813 3326 4867 genus
3358 4796 3681 4862 humanum,

2107 4891 2499 4960 modestosque
2521 4905 2584 4944 ex
2632 4889 2742 4944 illis
2789 4889 3042 4943 homines
3077 4888 3191 4942 ﬁeri
3223 4903 3525 4958 congruum
3576 4896 3683 4944 est.

2107 4982 2214 5037 Sed
2253 4982 2306 5036 in
2338 4984 2568 5037 deorum
2604 4979 2956 5050 genus-nulli
2990 4979 3072 5032 fas
3103 4990 3188 5034 est
3231 4978 3543 5048 pervenire,
3578 4979 3683 5033 nisi

2109 5076 2220 5130 illis
2244 5075 2338 5144 qui
2371 5074 2620 5129 discendi
2654 5073 2959 5143 cupiditate
2986 5071 3283 5142 ﬂagrantes
3317 5068 3685 5143 philosophati

2108 5178 2260 5233 sunt,
2287 5177 2345 5221 et
2369 5170 2485 5237 puri
2509 5168 2738 5221 omnino
2760 5181 2826 5219 ex
2852 5165 2955 5219 hac
2975 5164 3086 5218 vita
3113 5163 3439 5233 migrarunt.
3466 5162 3689 5217 Discen-

2108 5261 2161 5314 di
2197 5260 2500 5329 cupiditate
2530 5256 2851 5328 ﬂagrantem
2884 5267 3046 5311 vocat
3072 5255 3489 5326 philosophum,
3515 5254 3685 5309 veluti

2109 5354 2389 5408 curiosum
2419 5363 2476 5407 et
2505 5358 2872 5406 scrutatorem
2903 5358 3111 5403 natm-te
3136 5363 3328 5404 eorum
3358 5363 3481 5414 qum
3510 5346 3699 5416 reipsa.

2109 5454 2260 5499 sunt.

2180 5535 2395 5605 Infelix.
2428 5534 2645 5600 Misera,
2678 5530 3015 5591 calamitosa.

2185 5627 2412 5683 Labore.
2448 5627 2518 5683 Et
2544 5625 3005 5697 castigationibus
3042 5633 3164 5696 post
3211 5624 3432 5701 longum
3467 5621 3684 5679 diuttlr~

2118 5730 2360 5789 numque
2391 5730 2629 5786 tempus.

2194 5811 2259 5866 l't
2330 5811 2537 5865 animus
2571 5818 2827 5879 purgatus
2866 5816 3119 5877 emergat.
3163 5804 3383 5860 Scilicet
3418 5811 3684 5873 [inantus-

2121 5904 2280 5960 licus.
