4040 6472
275 405 382 468 605

1170 411 1510 473 SCHOLIA
1557 411 1642 473 IN
1677 413 2078 476 SYNESIUM
2118 412 2216 475 DE
2259 413 2686 475 INSOMNIIS.

3436 411 3556 476 605

278 519 567 583 τοιούτοις.
598 522 740 594 Φησὶ
782 527 878 581 καὶ
921 527 949 578 ό
980 525 1280 590 Πλωτῖνος,
1332 527 1415 580 ὅτι
1455 527 1556 596 οὐχ
1595 528 1629 597 ἡ
1661 527 1857 597 προαί-
1889 535 1934 591 Α
1966 528 2238 594 ἅπαντας,
2291 525 2586 591 πλουσίους
2647 526 2744 580 καὶ
2788 525 3050 597 πένητας,
3084 524 3287 596 ἄνδρας
3331 525 3427 578 καλ.
3456 543 3554 594 γυ·

282 629 457 682 ρερις,
503 612 613 664 οὐδ’
647 615 673 666 ό
701 615 860 680 λόγος
901 615 1008 669 ὑπὸ
1047 617 1316 686 μουσικῆς
1355 617 1387 687 ἢ
1418 617 1680 686 γοητείας
1709 618 1864 670 ἕλκε-

274 703 366 755 ταί
416 721 568 769 ποτε,
599 707 712 758 ἀλλ’
744 708 776 777 ἠ
823 707 1020 774 ἄλογος
1074 708 1247 778 ψυχή.
1284 709 1478 762 Καίτοι
1515 707 1733 776 φιλοῦσι
1763 725 1864 762 κα-

273 795 555 866 λούμενοι,
607 799 717 852 κᾶν
749 799 827 866 μὴ
857 799 1020 854 τοῦτο
1072 800 1340 854 αίτῶνται
1365 815 1380 830 ο
1416 799 1529 853 οὐδ’
1564 801 1696 854 ὅταν
1730 817 1864 870 γοη-

271 888 403 959 τεύῃ
443 907 549 952 τις,
583 888 802 944 σύνεσιν
843 893 872 944 ό
901 892 1306 962 γοητευόμενος
1334 891 1473 961 ἔχει,
1521 890 1631 944 οὐδ’
1666 891 1862 946 αἰσθά-

278 998 446 1045 νεται,
497 982 636 1035 ἀλλὰ
675 982 949 1051 γινώσκει
977 985 1078 1056 ἤδη
1117 984 1311 1037 παθὼν
1350 984 1433 1038 ὅτι
1462 983 1755 1046 πέπονθεν,
1787 983 1863 1048 ὡς

273 1073 354 1138 τὺ,
392 1075 514 1127 ἐπεὶ
552 1075 648 1128 καὶ
679 1077 734 1129 αξ
765 1076 1022 1130 τοιαῦται
1051 1079 1246 1146 φύσεις
1272 1076 1384 1129 τῶν
1429 1076 1706 1146 δαιμόνων
1735 1091 1866 1144 γοη-

275 1168 454 1230 τείαις
489 1169 585 1222 καὶ
643 1164 890 1240 ’ἐπῳδαῖς
918 1172 1214 1240 ἡττῶνται,
1246 1168 1498 1240 δηλονότι
1553 1169 1652 1222 καὶ
1701 1162 1865 1222 αὗται

279 1260 474 1326 ἄλογον
505 1261 698 1329 ἔχουσι
733 1261 939 1332 ψυχὴν,
985 1263 1082 1316 καὶ
1116 1262 1398 1330 σύνθεσιν,
1431 1263 1530 1318 καὶ
1558 1263 1752 1333 πάχος.

347 1355 637 1422 Mollem.
675 1354 768 1419 Ὠς
805 1356 856 1408 oi
893 1355 1173 1420 τέκτονες.

342 1444 744 1516 Βιαζομένοις.
768 1446 1161 1519 Τυραννοῦσιν,
1186 1444 1596 1515 ἀναγκάζουσιν
1653 1445 1750 1501 ἀνθ
1761 1445 1867 1518 pdi-

277 1556 440 1602 πους.

356 1630 724 1702 Ἐνέργειαν.
783 1633 898 1704 Τῆς
959 1632 1338 1704 πολυασχόλου
1391 1634 1516 1687 ἐκεῖ
1570 1631 1863 1702 μαντικῆς,

267 1724 404 1777 ἔνθα
443 1725 708 1795 δυσχερὲς
740 1725 1148 1798 συμπεριάγειν
1177 1727 1249 1782 τά
1297 1726 1438 1798 πρὸς
1469 1728 1570 1798 τὴν
1601 1726 1865 1797 μαντείαν

272 1819 566 1888 ἐπιτήδεια
602 1819 832 1891 ὄργανα.

340 1912 690 1967 Βασκάνου.
719 1912 1002 1982 ⁴ι’θονερῶν
1037 1931 1198 1967 τινων
1229 1912 1486 1967 πολιτῶν.

355 2007 728 2076 ’Λρχομένης
767 2007 896 2061 ’Υπ’
927 2006 1095 2061 αὐτοῦ
1129 2006 1362 2069 πόλεως.

1965 623 2183 684 ναίκας,
2212 621 2310 674 καὶ
2340 621 2526 674 πᾶσαν
2555 618 2746 683 ἁπλῶς
2784 619 2962 673 είπείν
2989 616 3233 687 ἠλικίαν.

2042 709 2146 779 Οἷς
2171 712 2347 766 άδύν.
2379 714 2551 770 Διότι.

2045 802 2149 872 Οἷς
2177 807 2348 860 ἐναν.
2380 807 2549 863 Διότι.

2051 897 2180 952 Ἐπ’
2209 896 2433 962 αὐτήν.
2458 895 2571 963 Τὴν
2611 894 2679 949 δι’
2698 893 2929 963 ὀνείρων
2971 893 3266 964 μαντικήν.

2037 989 2169 1044 ΡΑα.
2222 986 2348 1042 “6.
2396 984 2722 1057 Προφῆτις.
2786 984 2854 1038 Ἠ
2897 983 2974 1038 δι’
3015 983 3244 1054 ὀνείρων
3289 982 3550 1054 μαντική.

2037 1081 2448 1150 Μακροτέραν.
2473 1081 2736 1144 Μείζονα.

2031 1174 2251 1240 Οὕτως.
2288 1172 2358 1226 Ἦ
2389 1172 2466 1236 ὡς
2507 1172 2767 1243 βεϐαίως.

2052 1265 2546 1334 Ἀναπειθόμεθα.
2597 1264 2689 1328 Ὠς
2723 1262 3165 1333 ἀναπειθόμενος
3210 1261 3316 1316 ὑπὸ
3349 1261 3456 1315 τῶν
3493 1261 3552 1315 ἒν

1967 1357 2204 1426 ὀνείροις
2254 1357 2514 1412 ἐλπίδων.

2041 1449 2120 1518 Τῇ
2139 1451 2345 1519 φύσει.
2379 1451 2505 1504 Τῶν
2533 1449 2864 1521 ἀνθρώπων.

2044 1543 2163 1610 Τὴν
2191 1543 2415 1613 ἀρχήν.
2461 1543 2554 1597 Ἐν
2585 1544 2772 1616 πενίᾳ,
2803 1544 2900 1598 καὶ
2942 1541 3190 1614 μόχθοις,
3223 1539 3322 1595 καὶ
3353 1537 3552 1608 στερή⁹

1970 1651 2052 1689 σει
2085 1635 2195 1688 τῶν
2239 1635 2507 1704 όρεκτῶν.

2039 1727 2561 1797 Περικεχυμένων.
2600 1722 2706 1782 Ὧν
2735 1744 2868 1781 ποτε
2904 1722 3055 1797 εἶχον
3081 1727 3130 1778 oi
3164 1724 3336 1779 πίθοι.

2049 1820 2105 1872 Ὁ
2141 1821 2518 1889 Προμηθεύς.
2561 1821 2628 1873 Ἦ
2668 1818 2837 1888 φύσις
2872 1817 2968 1872 τοῦ
3015 1819 3245 1886 κόσμου,
3302 1814 3398 1868 καὶ
3444 1814 3554 1867 τῶν

1897 1877 1938 1934 Β
1967 1913 2027 1966 ἐν
2058 1912 2252 1982 κόσμῳ
2278 1913 2380 1980 μία
2420 1929 2506 1975 τις
2537 1912 2674 1966 οὖσα
2701 1911 3061 1981 πολυώνυμον
3087 1909 3215 1977 ἔσχε
3248 1908 3350 1977 τὴν
3380 1922 3559 1978 προσ-ι

1967 2008 2229 2078 ηγορίαν,
2260 2007 2330 2059 δι’
2359 2007 2428 2071 ἃς
2476 2007 2595 2076 ἔχει
2643 2006 2940 2075 διαφόρους
2983 2002 3248 2072 δυνάμεις
3277 2001 3372 2052 καὶ
3397 2001 3553 2068 ἐνερο

357 2099 673 2168 Ἀνοήτου.
717 2100 976 2170 Ἀνοήτου
1016 2101 1128 2171 γὰρ
1174 2099 1243 2152 ἂν
1283 2098 1395 2168 εἴη,
1446 2099 1633 2168 φησὶν,
1667 2096 1862 2167 άνδρξς
1966 2101 2144 2169 γείας.
2193 2100 2285 2163 Ὠς
2325 2098 2426 2169 μὲν
2473 2099 2584 2170 γάρ
2639 2099 2862 2152 πάντων
2917 2097 3091 2161 αἰτία,
3129 2096 3350 2163 λέγεται
3391 2091 3554 2161 τύχη,

277 2192 690 2263 ἀποκηρύττειν
739 2195 802 2247 ἐκ
841 2194 944 2263 τῆς
985 2191 1300 2264 ἀρχομένης
1339 2189 1433 2243 ὕπ’
1457 2190 1626 2244 αὐτοῦ
1652 2191 1863 2250 πόλεως
1965 2195 2076 2248 ἀπὺ
2123 2192 2220 2246 τοῦ
2256 2192 2476 2262 τεύχειν
2507 2191 2648 2261 μόνη
2680 2191 2750 2246 τά
2780 2191 2984 2245 πάνταο
3013 2187 3107 2241 διὰ
3133 2188 3190 2240 δὲ
3231 2186 3324 2239 τὸν
3360 2184 3554 2256 είρμίιν

268 2281 334 2334 τὸ
363 2280 670 2344 καθεύδειν,
701 2280 836 2334 διότι
867 2281 1130 2335 ἀδύνατον
1169 2280 1330 2335 τοῦτό
1355 2298 1440 2346 γε.
1485 2279 1569 2336 Oi)
1614 2280 1777 2350 μόνον
1804 2278 1860 2330 δέ
1964 2289 2066 2356 τῆς
2094 2287 2400 2356 ἐπιπλοκῆς
2424 2285 2536 2338 τῶν
2576 2285 2768 2337 αἰτιῶν
2809 2283 3032 2350 λέγεται
3073 2279 3393 2349 εἱμαρμένη
3417 2291 3432 2307 ⁸
3464 2274 3554 2327 διὰ

274 2389 445 2442 φησιν
479 2374 737 2441 ἀνοήτου,
769 2373 905 2426 ἀλλά
933 2373 1028 2427 καὶ
1057 2373 1313 2436 ἀσεϐοῦς,
1365 2373 1500 2426 διότι
1536 2371 1756 2424 ἐναντία
1781 2371 1862 2439 τῷ
1964 2380 2021 2432 δὲ
2071 2379 2133 2432 τὸ
2191 2378 2480 2448 ἀνίκητον,
2551 2376 2768 2444 ἀνάγκη
2791 2389 2809 2407 ο
2837 2374 2928 2427 διὰ
2971 2372 3027 2426 δὲ
3056 2372 3114 2434 τὸ
3151 2368 3558 2441 μεμερισμένον

273 2461 395 2532 Θεῷ
425 2463 521 2515 καὶ
560 2465 628 2534 τῇ
686 2462 852 2531 φύσει
900 2463 1209 2532 νομοθετεῖ.
1239 2461 1352 2516 Καὶ
1398 2463 1508 2532 γὰρ
1535 2461 1631 2515 καὶ
1669 2464 1705 2514 ὁ-
1729 2460 1866 2522 Θεὸς
1964 2471 2110 2540 ἄλλῳ
2157 2470 2286 2524 ἄλλο
2329 2469 2547 2536 λέγεται
2587 2469 2751 2538 μοῖρα
2776 2483 2790 2500 ο
2824 2466 2920 2519 διὰ
2955 2463 3102 2516 δὲτὸ
3131 2459 3559 2530 ἀπαράτρεπτον

272 2557 373 2611 καὶ
402 2559 436 2627 ἡ
474 2555 638 2626 φύσις
696 2556 944 2625 μεγάλην
995 2558 1090 2609 καὶ
1141 2555 1586 2624 ἀναγκαιοτάτην
1629 2553 1730 2624 τὴν
1769 2554 1866 2606 σύ-
1964 2565 2074 2619 τῶν
2100 2564 2290 2634 εργωνι
2313 2562 2490 2632 αὐτῆς
2527 2560 2756 2628 λέγεταί
2793 2560 3054 2630 άτροπος’
3086 2555 3176 2608 διὰ
3212 2551 3271 2606 δὲ
3298 2553 3360 2604 τδ
3382 2565 3559 2602 πεπε.

275 2662 468 2701 στασιν
495 2647 576 2716 τῷ
605 2645 732 2714 ζὼῳ
763 2647 1054 2717 ἐνέσπειρε
1079 2645 1142 2699 τὸ
1169 2645 1484 2700 καθεύδειν.
1519 2646 1679 2700 Ἐπεὶ
1703 2643 1858 2712 γοῦν,
1968 2655 2244 2730 ρασμένον
2279 2655 2378 2725 τῆς
2423 2654 2750 2723 διοικήσεως
2797 2642 2992 2721 αὐτῆς,
3026 2648 3368 2718 πεπρωμένη
3397 2661 3410 2675 ·
3463 2645 3558 2698 διὰ

275 2742 466 2810 φησὶν,
490 2740 792 2811 ἀπεδείχθη
813 2741 896 2793 δτι
928 2742 1228 2810 ἀναγκαῖον
1258 2739 1548 2794 καθεύδειν
1577 2739 1824 2800 ὃυτταντσις
1843 2776 1860 2801 9
1966 2751 2024 2804 δὲ
2075 2753 2139 2805 τὸ
2198 2749 2483 2819 συμφέρον
2515 2747 2628 2800 τῶν
2657 2744 3074 2800 ἀποϐαινόντων
3106 2744 3220 2804 τοῖς
3244 2739 3560 2810 ἀνθρώποις

274 2835 373 2887 καὶ
427 2833 794 2896 καθεύδονταῖ
842 2835 1078 2903 ὁνείρων
1129 2833 1377 2902 γίνεσθαι
1436 2833 1666 2895 θεατάςν
1710 2831 1862 2894 ἄξιον
1962 2843 2190 2911 λέγεται
2232 2843 2463 2914 πρόνοια
2507 2841 2604 2892 καὶ
2636 2836 2986 2909 Προμηθεύς.
3019 2833 3314 2888 Κάνταῦθα
3359 2832 3546 2885 τοίνυν

273 2925 344 2980 ἂν
372 2924 458 2996 εἴη
515 2925 611 2978 καὶ
649 2925 744 2978 ἐπὶ
799 2925 901 2997 τὴν
950 2924 1018 2977 δι’
1081 2924 1311 2996 ὀνείρων
1364 2923 1516 2977 “VW-
1591 2921 1860 2994 μαντικὴν
1965 2939 1994 2990 ὁ
2027 2938 2284 3024 Συνξσιος
2326 2936 2390 2989 τὸ
2447 2933 2813 3006 προνοητικὸν
2854 2933 2954 2986 καὶ
2994 2928 3414 3003 προμηοητικδν
3458 2928 3558 2998 τῆς

272 3115 373 3156 sua
403 3107 616 3170 Sponte,
642 3098 840 3168 Partim
873 3112 1005 3153 νθτο
1046 3097 1232 3153 imit-'3
1263 3095 1468 3152 talibus
1494 3094 1663 3150 τθδυε
1691 3103 1863 3150 θαητ-
1965 3122 2030 3163 ac
2056 3105 2398 3162 dormientes
2424 3104 2767 3161 somniorum
2788 3102 2921 3158 ﬁant
2943 3103 3305 3173 inspeCtores,
3337 3114 3558 3169 aequum

274 3193 487 3248 huntur
523 3191 1013 3261 peiliciunturque.
1041 3189 1134 3245 Ait
1189 3189 1336 3244 enim
1389 3188 1642 3244 Plotinus
1683 3199 1860 3256 neque
1891 3238 1895 3270 ί

1985 3197 2134 3253 etiam
2167 3196 2334 3250 fuerit
2355 3194 2616 3250 omnibus
2647 3193 2816 3250 licere
2857 3203 2918 3248 ut
2953 3208 3013 3249 se
3046 3193 3331 3248 conferant
3378 3191 3446 3243 ad
3477 3190 3560 3244 di-

269 3283 504 3339 liberam
532 3283 890 3346 voluntatem,
927 3297 1108 3352 neque
1141 3279 1413 3336 rationem
1448 3293 1480 3334 a
1529 3277 1738 3334 musica
1768 3285 1866 3332 aut
1900 3277 1934 3284 '
1966 3288 2193 3344 vinandi
2229 3287 2549 3350 artiﬁcium,
2580 3286 2726 3356 quod
2765 3285 2825 3340 m
2853 3301 2952 3355 per
2986 3285 3222 3347 somnia,
3276 3282 3392 3337 sive
3422 3281 3563 3336 divi-

269 3377 644 3433 ludiﬁcatione
693 3391 936 3446 unquam
981 3373 1206 3438 attrahi,
1254 3373 1352 3428 sed
1400 3371 1640 3427 animam
1689 3371 1863 3426 ratio-
1967 3391 2072 3446 res,
2123 3383 2239 3437 sive
2274 3394 2546 3450 pauperes
2597 3379 2729 3446 sint,
2783 3378 2886 3432 viri
2920 3385 3016 3432 aut
3067 3376 3346 3439 mulieres,
3373 3384 3452 3440 ει,
3501 3381 3564 3431 us

273 3473 363 3526 nis
391 3477 696 3539 expertem.
729 3467 1052 3537 Quanquam
1074 3475 1262 3521 amant
1291 3463 1532 3528 invitari,
1557 3463 1691 3518 licet
1715 3461 1863 3516 istud

273 3562 501 3616 minimc
532 3561 858 3630 deposcant.
904 3559 1095 3627 Neque
1147 3556 1374 3628 quando
1407 3554 1610 3624 aliquis
1649 3552 1864 3624 praesti-

281 3657 380 3727 giis
411 3654 635 3724 decipit,
661 3652 1111 3724 perspicientiam
1145 3666 1212 3706 ac
1231 3647 1520 3722 judicandi
1556 3648 1667 3700 vim
1705 3645 1869 3700 habet

284 3751 369 3805 ille
405 3749 616 3803 dtemon
657 3745 750 3816 qui
782 3743 1105 3814 imposmris
1137 3741 1406 3806 eluditur,
1443 3754 1625 3810 neque
1673 3737 1864 3802 sentit,

279 3847 332 3894 at
362 3839 704 3908 exploratum
765 3837 933 3890 habet
959 3835 1070 3905 jam
1102 3831 1393 3888 lacessitus
1423 3843 1482 3886 se
1513 3828 1866 3884 incommodo

275 3929 438 3985 allici.
470 3929 535 3984 Et
563 3927 822 3996 quoniam
861 3923 1135 3994 ejusmodi
1165 3922 1476 3978 daemonum
1533 3930 1745 3974 naturae
1779 3917 1866 3970 in.

275 4020 701 4084 mutationibus,
735 4018 1026 4089 praestigiis
1082 4025 1138 4070 et
1192 4013 1533 4070 carminibus
1572 4011 1871 4065 vincuntur

276 4114 800 4188 Opprimunturque,
820 4110 1171 4181 perspicuum
1197 4119 1280 4163 est
1298 4107 1464 4162 etiam
1489 4106 1639 4175 ipsas
1664 4104 1868 4159 habere

275 4213 516 4264 animam
549 4207 782 4262 rationis
800 4219 1109 4276 expertem,
1136 4200 1596 4271 compositionem
1626 4207 1682 4253 et
1711 4211 1870 4252 cras-

277 4303 600 4358 situdinem.

366 4395 656 4449 Vexatione
683 4409 746 4448 ac
778 4390 1069 4446 molitione.
1102 4391 1176 4448 Ut
1201 4388 1368 4455 fabri,
1405 4397 1730 4452 structores,
1778 4403 1871 4442 ar-

279 4486 530 4544 chitecti.

1970 3473 2160 3544 paucis
2191 3471 2548 3540 complectar,
2575 3469 2822 3540 cujusvis
2853 3467 3032 3523 aetatis
3066 3467 3340 3521 homines.

2043 3565 2124 3620 Ad
2156 3567 2344 3634 ipsam.
2380 3563 2730 3619 Somniorum
2757 3562 3178 3616 divinationem.

2045 3657 2406 3728 Prop/tetissa.
2460 3656 2737 3711 Divinatio
2767 3670 2889 3727 quae
2923 3653 3158 3726 contigit
3203 3669 3304 3724 per
3347 3655 3462 3710 visa
3508 3663 3567 3709 et

1971 3759 2186 3821 Spectra
2204 3750 2553 3804 dormientis.

2046 3843 2311 3914 Ampliori
2334 3844 2620 3912 voluptate.
2651 3841 2867 3912 Majori,

2045 3937 2364 3992 lncitamur.
2400 3934 2584 4004 thui
2618 3933 2921 3990 assentitur
2945 3947 3010 3988 ac
3040 3932 3290 4004 indulget
3333 3929 3450 4002 spei
3503 3937 3563 3985 et

1973 4026 2372 4098 exspectationi
2405 4024 2770 4080 somniorum.

2044 4119 2111 4174 In
2141 4130 2338 4172 natura
2365 4125 2461 4170 est.
2485 4115 2800 4172 Hominum.

2053 4211 2118 4267 Ut
2143 4212 2209 4267 ab
2249 4211 2425 4274 initio,
2468 4219 2522 4262 ut
2575 4210 2742 4279 prius.
2793 4208 2851 4262 In
2903 4207 3158 4278 penuria,
3213 4207 3479 4264 aerumnis
3510 4211 3570 4262 et

1974 4304 2292 4377 privatione
2329 4318 2515 4358 rerum
2551 4307 3009 4372 expetendarum.

2062 4399 2238 4454 Vitam
2271 4396 2754 4452 circumvenientes.
2784 4394 2933 4462 Quas
2967 4394 3230 4450 nimirum
3254 4393 3395 4449 dolia
3430 4407 3568 4449 con-

1976 4491 2249 4546 tinebant.

359 4580 423 4636 U1
455 4581 611 4634 αειὶο.
641 4577 899 4634 Fatidica?
930 4574 1288 4646 scientiaeque
1343 4574 1456 4628 illic
1503 4573 1741 4628 maxime
1773 4589 1871 4627 ηο-
1907 4556 1948 4610 D
2049 4583 2416 4637 Prometheus.
2465 4579 2656 4636 Mundi
2699 4590 2918 4645 natura,
2971 4589 3026 4636 et
3055 4595 3247 4636 eorum
3281 4595 3402 4650 qua:
3438 4585 3570 4634 sunt

279 4675 522 4745 gotiosm,
558 4671 612 4725 in
637 4687 742 4740 qua
780 4669 1180 4732 molestum,est
1225 4665 1642 4722 circumducere
1678 4680 1870 4720 neces-

282 4765 423 4822 saria
459 4763 524 4817 ad
557 4761 958 4816 divinationem
987 4760 1380 4813 instrumenta.

354 4855 607 4926 Maligna:
641 4856 884 4909 civitatis.
915 4853 1232 4906 lnvidorum
1261 4849 1608 4921 quorundam
1638 4849 1866 4905 civium.

353 4952 436 5006 Ea:
467 4949 712 5018 imperio.
745 4948 788 5001 E
819 4962 916 5001 sua
959 4946 1202 5000 civitate.

360 5046 624 5112 [nsipiens
649 5049 747 5095 est.
781 5039 1034 5094 Hominis
1059 5039 1203 5092 enim
1239 5036 1512 5092 dementis
1540 5036 1730 5093 fuerit.
1785 5035 1870 5088 in-

279 5137 422 5206 quit,
455 5132 828 5188 eXIerrninare
873 5147 936 5183 ex
986 5131 1123 5183 urbe
1167 5128 1272 5183 sibi
1304 5127 1523 5182 subdita
1559 5127 1869 5180 dormiendi

283 5226 600 5281 f-cultatem
638 5263 654 5287 ,
710 5222 948 5290 ideoque
987 5221 1133 5275 istud
1196 5219 1424 5289 quidem
1485 5218 1601 5272 ﬁeri
1653 5217 1868 5286 nequit.

279 5319 403 5374 Non
457 5316 656 5380 solum,
709 5315 806 5379 ait,
842 5311 1140 5367 inconsulti
1201 5328 1266 5366 ac
1307 5310 1623 5371 temerarii,
1678 5325 1869 5362 verum

283 5410 450 5465 etiam
485 5409 636 5476 impii
660 5408 849 5468 fuerit,
889 5417 1178 5474 propterea
1219 5407 1364 5474 quod
1395 5405 1571 5474 legem
1617 5403 1790 5457 sancit
1817 5411 1872 5455 ιιι

283 5505 398 5559 Deo
433 5508 488 5555 et
515 5510 724 5554 natura:
756 5499 1110 5554 contrariam.
1148 5497 1360 5552 Etenim
1393 5496 1508 5549 sive
1537 5496 1702 5559 Deus,
1754 5493 1870 5548 sive

285 5605 481 5650 natura
516 5608 771 5663 magnum
813 5592 963 5646 hunc
1022 5592 1290 5661 valdeque
1334 5588 1712 5643 necessarium
1761 5598 1872 5640 sta-

289 5698 406 5743 tum
466 5687 807 5742 etaﬂectum
863 5685 1086 5739 animali
1141 5685 1358 5748 insevit,
1418 5693 1478 5736 ut
1532 5683 1868 5752 quiesceret.

287 5781 558 5845 Quoniam
622 5779 809 5849 igitur,
859 5778 1060 5846 inquit,
1110 5778 1379 5831 hactenus
1430 5774 1870 5830 demonstratum

286 5881 374 5927 est
405 5870 774 5927 necessarium
796 5885 918 5926 esse
957 5881 1019 5925 ut
1041 5884 1234 5923 omnes
1272 5867 1522 5923 homines
1547 5866 1820 5923 dormiant
1853 5908 1868 5935 ,

1982 4674 2036 4727 in
2077 4673 2308 4737 mundo,
2337 4688 2444 4727 una
2476 4687 2600 4727 cum
2635 4673 2727 4739 sit,
2759 4672 2948 4726 multis
2981 4671 3304 4726 nominibus
3321 4670 3570 4738 designa-

1979 4774 2086 4817 tam
2113 4763 2539 4833 appellationem
2567 4763 2833 4828 obtinuit,
2868 4761 2938 4815 ob
2965 4761 3254 4815 distinctas
3280 4759 3570 4813 facultates

1978 4865 2034 4909 et
2083 4855 2329 4911 occultas
2357 4855 2528 4910 vires.
2566 4855 2729 4908 Verbi
2786 4853 2984 4924 gratia,
3043 4853 3262 4906 fortuna
3319 4851 3566 4904 omnium

1979 4960 2141 4999 causa
2168 4944 2374 4998 dicitur
2410 4958 2553 5010 esse,
2589 4959 2656 4998 co
2675 4943 2822 5014 quod
2863 4943 2978 4998 sola
3013 4941 3196 4998 omnia
3225 4941 3420 5006 struit;
3472 4941 3567 4992 sed

1980 5045 2207 5106 propter
2237 5036 2438 5091 seriem
2475 5051 2646 5089 nexus
2677 5051 2975 5090 causarum
3017 5034 3223 5089 dicitur
3260 5033 3456 5096 fatum,
3515 5041 3571 5085 ct

1979 5129 2051 5182 ob
2095 5128 2522 5198 insuperabilem
2573 5129 2946 5198 invictamque
2985 5131 3108 5200 ejus
3154 5128 3439 5186 virtutem,
3477 5141 3574 5178 ne-

1979 5221 2211 5276 cessitas
2257 5220 2603 5288 appellatur;
2650 5237 2841 5276 verum
2879 5221 3008 5289 quia
3065 5220 3216 5274 aliud
3256 5218 3347 5274 alii
3385 5217 3574 5271 distri-

1980 5314 2190 5376 buitur,
2215 5323 2274 5367 ut
2305 5313 2378 5366 sit
2415 5313 2664 5381 ejusdem
2701 5314 2999 5381 particeps,
3038 5320 3392 5380 nuncupatur
3429 5325 3570 5363 sors.

1980 5411 2051 5462 At
2110 5407 2372 5476 quoniam
2423 5407 2547 5476 ejus
2595 5421 2763 5474 opera
2800 5405 3069 5460 declinari
3125 5403 3411 5473 avertique
3464 5419 3570 5454 non

1981 5507 2235 5571 possunt,
2260 5497 2462 5565 dicitur
2483 5496 2722 5565 Atropos
2747 5512 2762 5560 ;
2795 5511 2944 5550 mors
2969 5497 3116 5549 enim
3139 5495 3347 5550 nemini
3377 5496 3571 5564 parcit,

1980 5607 2104 5646 cum
2143 5593 2217 5646 sit
2246 5589 2637 5645 inexorabilis:
2691 5589 2786 5643 sed
2837 5599 3068 5657 propter
3110 5590 3455 5644 exactionem
3507 5604 3573 5640 ac

1983 5681 2428 5736 terminationem
2462 5680 2638 5749 ipsius
2671 5679 3127 5749 dispensationis,
3161 5680 3360 5734 Parca:
3407 5687 3462 5732 et
3499 5677 3572 5732 ob

1981 5776 2267 5830 commoda
2301 5789 2426 5844 quae
2476 5774 2796 5828 hominibus
2845 5770 3174 5837 adveniunt,
3211 5769 3565 5839 providentia

1981 5876 2040 5924 et
2074 5867 2458 5923 Prometheus.
2491 5865 2761 5931 Quocirca
2794 5865 2896 5920 hoc
2933 5865 2986 5918 in
3023 5863 3144 5920 loco
3177 5862 3440 5933 Syncsius
3474 5877 3574 5916 na-
