4040 6462
477 346 576 411 621

1359 350 1685 412 SCHOLIA
1728 352 1817 414 lN‘
1854 354 2374 422 SYNESlUMDE
2409 354 2835 418 lNSOMNllS.

3631 355 3747 425 622

553 459 677 516 Εἶτ’
704 460 929 514 ἔθεσιν.
960 459 1072 528 Τὴν
1094 459 1291 529 ἠθικήν
1320 477 1456 530 φησι
1479 463 1578 532 τὴν
1603 462 1710 516 ἀπὸ
1727 463 2049 517 διδασκάλου
2080 479 2124 525 Α
2157 467 2437 520 κάνταῦθα
2465 458 2766 528 δΣυνέσιος
2800 465 3147 536 ἀπορρέοντα
3178 465 3376 521 εἴδωλα
3406 467 3515 522 τῶν
3551 469 3747 537 αίσθη-

480 556 591 626 καίὀ
621 551 799 617 ἔθους.
896 582 909 595 κ

553 644 759 707 ’Ἄλλῳ
787 660 886 711 τῳ.
920 644 1014 713 Μὴ
1046 642 1321 713 σπουδαίῳ
1342 644 1637 715 ἀνθρώπῳ.

554 737 677 790 Οὐκ
722 735 843 788 ἐπί.
891 735 1034 788 Ἀλλ’
1067 736 1164 789 ἐπὶ
1193 736 1414 806 μεγάλῳ
1454 739 1550 791 καὶ
1580 739 1869 809 ἀναγκαίῳ
1904 742 2058 811 πρά-

410 861 414 864 ‹
477 845 674 899 γματι.

562 916 862 984 Ἀρίστων.
913 917 1127 988 Ὥσπερ
1172 918 1253 989 τῷ
1302 918 1532 988 Βαλαάμ
1582 937 1714 974 ποτε
1770 922 1850 991 τῷ
1901 923 2061 977 ἀλλο-

479 1007 653 1080 φύλῳ.

549 1103 762 1169 Γένος.
803 1088 1126 1157 Ἐνυπνίων.

550 1195 926 1262 Γενομένων.
969 1194 1386 1265 Παρελθόντων.

561 1284 727 1338 Ἐπεὶ
778 1284 877 1339 καὶ
924 1282 1125 1338 τοῦτο.
1170 1283 1247 1338 Τὸ
1294 1284 1489 1354 μέλλον
1533 1285 1665 1338 ποτὲ
1705 1287 1784 1348 εἰς
1821 1284 2061 1356 ὓπαρξιν

482 1374 806 1429 ἐλεύσεσθαι
817 1415 831 1429 .

562 1466 924 1535 ⁹Υπάρξεως.
956 1469 1021 1524 Οἱ
1055 1467 1216 1537 σοφοὶ
1250 1468 1348 1522 τδν
1373 1468 1625 1540 παρόντα
1661 1471 1871 1540 κόσμον
1905 1471 2061 1524 εῐδωδ

478 1559 573 1613 λόν
594 1577 731 1628 φασι
745 1558 837 1613 τοῦ
871 1559 1071 1622 αίῶνος
1097 1579 1109 1592 ·
1144 1559 1458 1624 ἀκολούθως
1487 1560 1545 1614 δὲ
1575 1563 1668 1616 καὶ
1698 1562 1767 1616 τὰ
1798 1566 1855 1615 ἐν
1884 1565 2063 1633 τούτῳ

481 1651 806 1722 πράγματα,
850 1645 1047 1705 εἴδωλα
1082 1651 1191 1704 τῶν
1244 1653 1670 1721 ἐνυπαρχόντων
1709 1653 1909 1722 ἐκείνῳ
1934 1668 1947 1681 ·
1999 1657 2061 1707 οὺ

484 1741 648 1814 μόνον
686 1744 766 1808 δι,
800 1744 936 1796 ἀλλὰ
966 1744 1064 1798 καὶ
1103 1742 1174 1796 τὰ
1198 1728 1271 1809 ἐξ
1312 1744 1560 1812 ἀλλήλων
1593 1745 1727 1814 πριις
1749 1745 1956 1816 ἄλληλα
1980 1729 2073 1815 γι-’

482 1836 686 1906 νόμενα
755 1837 1053 1906 ἐκμαγεῖα,
1100 1838 1302 1891 εἴδωλα
1370 1840 1468 1892 καὶ
1519 1839 1665 1892 αύτά
1709 1840 2062 1910 ὀνομάζουσι.

483 1926 706 1982 Πάντων
739 1926 798 1979 δὲ
825 1927 1036 1981 τούτων
1067 1923 1210 1982 εἶναί
1247 1945 1384 1998 φασι
1419 1929 1670 1981 δεκτικὸν
1699 1929 2066 2000 ὑποκείμενον

482 2020 574 2073 τὸν
602 2020 740 2088 ἀέρα
762 2037 777 2052 ο
812 2014 925 2074 οἷον
956 2021 1032 2083 ὡς
1063 2024 1122 2075 ὲν
1152 2021 1540 2092 ὑποδείγματι,
1590 2022 1684 2075 τὸν
1725 2024 2065 2093 προφορικὺν

483 2113 581 2166 καὶ
607 2111 875 2181 ἔναρθρον
903 2113 1062 2179 λόγον
1081 2114 1458 2184 διαδεχόμενος
1492 2120 1519 2169 ὁ
1562 2118 1671 2184 ἀὴρ
1702 2117 2063 2180 ἀκολόδωτον,

483 2206 578 2257 καὶ
595 2203 784 2259 τυπῶν
812 2205 1006 2259 ἑαυτὸν
1034 2207 1390 2279 ἀπορῤἠτως,
1418 2207 1609 2280 ὥσπερ
1642 2211 1954 2279 κάτοπτρον
1985 2213 2064 2272 εἰς

487 2297 689 2367 μυρίας
731 2299 1129 2370 διαπορθμεύει
1174 2300 1417 2370 μερίζων
1466 2302 1657 2368 ἀκοὰς,
1689 2303 1801 2355 τῶν
1845 2304 2066 2373 ἄρθρων

483 2389 686 2460 ὁμοίως
728 2390 872 2445 κατὰ
916 2391 977 2445 τὸ
1032 2391 1459 2458 ἀπαράλλακτον
1501 2393 1723 2464 ἔχοντα·
1759 2396 1821 2447 τὸ
1847 2395 1892 2446 δ’
1936 2396 2069 2447 αὐτὸ

484 2484 632 2536 ποιεῖ
672 2485 932 2553 καὶπρὸς
965 2485 1146 2537 πάντα
1177 2484 1474 2555 χρώματα,
1533 2489 1625 2539 καὶ
1674 2488 1812 2557 πρὸς
1854 2487 2068 2547 πάντας

483 2574 717 2643 ἀτμοὺς,
736 2575 988 2646 καὶπρὸς
1018 2576 1118 2630 ὅσα
1134 2578 1245 2629 τῶν
1269 2578 1337 2629 ἐν·
1351 2577 1542 2647 κόσμῳ
1563 2581 1685 2641 ταῖς
1712 2579 2068 2648 αίσθητικαῖς

485 2666 781 2737 δυνάμεσιν
828 2667 1165 2723 ὑπόκεινται.
1202 2667 1387 2722 Ταῦτα
1419 2669 1552 2737 γοῦν
1581 2672 1677 2723 καί
1730 2671 1797 2724 τά
1842 2670 2067 2725 τοιαῦτα

1914 2778 1941 2805 \

486 2858 606 2917 sum
655 2843 871 2909 tendit,
904 2861 1005 2900 nec
1036 2863 1280 2917 unquam
1310 2855 1491 2916 potest
1522 2850 1842 2914 assuelieri,
1879 2864 1938 2908 ut
1972 2854 2069 2909 dc-

487 2950 677 2991 orsum
715 2937 946 3004 I‘cratur,
979 2950 1036 2993 et
1063 2941 1146 2994 sic
1170 2939 1239 2993 de
1268 2941 1415 2995 aliis.

557 3026 683 3083 Sive
735 3030 965 3083 moribus
1022 3030 1285 3099 ingenita.
1345 3031 1580 3088 Ethicen
1635 3049 1731 3090 seu
1797 3038 2085 3092 moralem

2163 560 2274 613 τῶν
2307 560 2588 628 ὀνομάζει,
2620 565 2715 613 καὶ
2745 561 2945 628 ἐκροὰς
2982 559 3093 612 τῶν
3123 559 3419 616 συνθέτων.
3466 562 3599 615 Ἀπὸ
3646 564 3746 631 μὲν

2164 654 2276 716 γὰρ
2298 650 2398 720 τῆς
2429 650 2554 704 καθ’
2585 651 2855 720 Ἕλληνας
2882 651 3107 722 πρώτης
3128 650 3221 705 καὶ
3253 651 3555 722 ἀρχεγόνου
3584 652 3742 722 ὕλης,

2166 742 2258 807 ἀφ’
2288 737 2359 815 ἦς
2387 742 2454 795 τά
2489 745 2751 812 στοιχεῖα,
2804 742 2886 804 τίς
2913 743 2980 796 ἂν
3017 744 3101 812 εἴη
3132 743 3325 814 ὲκροὴ,
3368 745 3507 816 μόνῃ
3534 747 3601 815 τῇ
3624 746 3749 798 ὲπι-

2165 834 2284 900 νοίᾳ.
2353 833 2776 904 πλαττομένη;;
2836 834 3229 903 Κατανοοῦμεν
3273 835 3358 888 ’δὲ
3408 840 3507 905 τὴν
3576 838 3749 907 αὐτῆς

2165 926 2362 995 ἐκροήν
2398 927 2462 979 ἐκ
2490 926 2600 979 τῶν
2632 927 2776 979 κατά
2817 928 3068 980 σύνθεσιν
3106 928 3750 1001 εἰδοπεποιημένωνκμε-

2169 1014 2337 1081 ρικῶν
2361 1013 2456 1066 τοῦ
2484 1015 2690 1083 κόσμου
2720 1001 3078 1085 πραγμάτων.
3104 1016 3288 1068 Ταῦτα
3319 1018 3427 1086 γὰρ
3456 1017 3541 1069 ἀεὶ
3573 1016 3751 1085 γίνον-

2163 1121 2275 1166 ται,
2325 1103 2667 1157 ἀλλοιοῦνται
2700 1108 2795 1158 καὶ
2825 1105 3163 1175 φθείρονται.
3219 1107 3293 1158 Οὐ
3324 1110 3465 1165 κατά
3506 1108 3667 1178 μόνον
3691 1107 3750 1160 δὲ

2163 1197 2224 1245 τὸ
2257 1178 2355 1261 τῆς
2387 1194 2520 1266 ὕλης
2549 1199 2796 1262 ῥευστδν,
2822 1198 2939 1251 ἀλλ’
2962 1195 3076 1251 οἷον
3096 1177 3273 1251 εἰπεῖν
3307 1172 3749 1252 συναπολέύουσι

2165 1288 2261 1339 καὶ
2291 1286 2466 1340 ταῦτα
2498 1287 2566 1340 τά
2599 1288 2718 1358 εἴδη
2760 1287 2856 1342 τοῦ
2910 1289 3119 1351 πάθους
3147 1289 3246 1357 τῆς
3282 1289 3492 1360 φθορᾶς
3516 1289 3749 1357 ταύτης,

2164 1380 2255 1433 καὶ
2286 1378 2457 1443 οὕτως
2510 1381 2827 1449 ἀρνοῦνται,
2864 1386 3019 1451 φησὶ,
3056 1385 3123 1437 τά
3151 1384 3209 1435 ἐν
3247 1382 3327 1454 τῷ
3366 1384 3558 1453 κόσμῳ
3602 1383 3750 1452 πρά-

2164 1489 2350 1539 γματι
2375 1473 2474 1540 τὴν
2502 1473 2599 1524 τοῦ
2635 1472 2788 1536 ὄντος
2822 1474 3003 1537 ἀξίαν.
3047 1474 3201 1538 Ἀξία
3229 1475 3285 1528 δὲ
3309 1474 3406 1527 τοῦ
3440 1474 3591 1538 ὄντος
3628 1472 3749 1526 ἐστὶ

2162 1565 2225 1616 τὸ
2259 1564 2347 1616 ἀεὶ
2384 1559 2523 1616 εἶναι
2552 1580 2565 1593 ·
2600 1565 2774 1617 ταῦτα
2829 1565 2889 1618 δὲ
2930 1565 3244 1619 τούναντίον
3278 1566 3368 1620 ἀεὶ
3420 1566 3522 1618 οὐκ
3569 1566 3709 1618 εἰσὶν
3731 1606 3749 1629 ,

2164 1656 2264 1708 οὐκ
2287 1655 2371 1724 ἐφ’
2388 1657 2507 1719 ἐνὸς
2531 1657 2785 1710 ἵστασθαι
2802 1657 3076 1720 δύνανται,
3099 1657 3236 1710 ἀλλὰ
3255 1658 3323 1712 τά
3352 1657 3452 1727 μὲν
3477 1657 3748 1724 ἐγένοντο,

2165 1748 2234 1800 τὰ
2255 1748 2311 1801 δὲ
2336 1748 2599 1814 γίνονται,
2623 1745 2691 1801 τὰ.
2713 1749 2769 1801 δὲ
2805 1749 3093 1816 μέλλουσιν
3124 1749 3377 1803 ἔσεσθαιο
3414 1749 3484 1803 τά
3510 1748 3645 1817 γοῦν
3688 1748 3752 1800 ὲκ

2165 1841 2373 1894 τούτων
2418 1840 2678 1894 ἁπάντων
2727 1840 3075 1910 ἀπορρέοντα
3114 1841 3314 1895 εἴδωλα
3362 1838 3753 1911 περινοστοῦσι

2167 1932 2263 1985 καὶ
2285 1932 2709 1986 διολισθαίνουσι
2730 1932 3066 2002 πλανώμενα
3092 1936 3224 2004 περὶ
3252 1934 3346 1987 τὸν
3368 1933 3508 2003 ἀέρα
3529 1950 3543 1963 ·
3575 1949 3751 2003 προσ-

2168 2025 2526 2094 απερείδοντα
2561 2024 2639 2091 δὲ,
2667 2026 2759 2079 καὶ
2806 2028 2979 2097 μονήν
3008 2036 3140 2080 ’τινα
3168 2025 3264 2079 καὶ
3307 2026 3620 2080 ἀνάπαυσιν
3659 2026 3752 2077 εὑ-

2173 2114 2448 2185 ρίσκουσιν
2475 2117 2532 2166 ἐν
2554 2113 2632 2184 τῷ
2666 2114 3021 2185 φανταστικῷ
3040 2116 3138 2183 τῆς
3159 2114 3360 2185 ψυχῆς,
3399 2112 3608 2183 εἰδώλῳ
3632 2112 3752 2165 ὄντι

2167 2209 2262 2259 καὶ
2291 2207 2441 2275 αὐτῷ
2474 2206 2573 2273 τῆς
2602 2207 2806 2277 ψυχῆς.
2839 2207 2951 2260 Νοῦ
2989 2208 3090 2276 μὲν
3123 2205 3344 2260 εἴδωλον
3375 2207 3410 2275 ἡ
3434 2206 3584 2276 ψυχή
3612 2219 3629 2234 ο
3651 2204 3755 2273 ψυ-

2168 2296 2269 2365 χῆς
2303 2296 2347 2348 δ’
2376 2293 2444 2350 αὖ
2474 2297 2694 2350 εἴδωλον
2716 2298 2778 2348 τὸ
2806 2296 3179 2366 φανταστικὸν
3195 2294 3438 2363 πνεῦμα.
3476 2294 3622 2348 Ὅσα
3652 2295 3756 2363 μὲν

2168 2388 2282 2452 οῦν,
2320 2388 2508 2456 φησὶν,
2544 2388 2738 2442 εἴδωλα
2769 2389 3139 2460 ἀπορρέουσιν
3177 2386 3241 2440 ἐκ
3270 2403 3330 2438 τε
3377 2385 3486 2439 τῶν
3514 2385 3755 2455 γενομὲ-

2170 2496 2297 2540 ww,
2331 2478 2395 2530 ἐκ
2428 2477 2620 2530 τετῶν
2642 2479 2970 2548 γινομένων,
3003 2478 3149 2549 σαφῆ
3185 2477 3282 2531 καὶ
3306 2476 3540 2548 ἀρίδηλα
3581 2474 3755 2530 ἀπόλ-

2169 2572 2381 2635 λυνται,
2411 2572 2512 2625 ὅσα
2555 2571 2599 2623 δ’
2625 2573 2689 2624 ἐκ
2712 2570 2823 2624 τῶν
2857 2572 3187 2642 μελλόντων,
3225 2569 3401 2623 ταῦτα
3435 2568 3481 2622 δ’
3522 2569 3757 2638 ἀόριστα

2170 2664 2266 2715 καὶ
2291 2662 2623 2716 δυσείκαστα
2641 2663 2735 2715 καὶ
2770 2662 3168 2732 αἰνιγματώδη.
3212 2663 3425 2728 Ὥσπερ
3459 2660 3569 2730 γάρ
3600 2660 3653 2712 εῑ
3669 2658 3757 2726 τίς

2168 2844 2477 2911 suhjaccnt.
2513 2842 2620 2895 Ista
2660 2840 2828 2911 igitur
2859 2855 2925 2897 ac
2961 2840 3089 2896 talia
3135 2839 3302 2895 etiam
3338 2838 3432 2894 hic
3480 2837 3753 2910 Synesius

2168 2934 2630 2989 clihcnlia‘itlola
2678 2949 2864 2987 rerum
2901 2932 3005 2987 sub
3037 2946 3262 2986 sensum
3298 2931 3618 2987 cadentium
3653 2946 3756 3002 ap-

2169 3026 2370 3095 pellat,
2397 3034 2455 3078 et
2483 3034 2877 3078 concrctorum
2909 3021 3139 3077 ﬂuenta.
3172 3022 3390 3076 Etenim
3422 3020 3615 3091 prima;
3642 3021 3759 3091 pri-

489 3117 777 3173 scientiam
815 3119 952 3174 dicit
985 3135 1015 3173 a
1052 3121 1362 3189 monitore,
1409 3138 1512 3178 usu
1551 3128 2062 3198 consuetudinequc
2094 3152 2140 3211 ε
2174 3119 2539 3190 inigeniaeque
2613 3117 2923 3171 secundum
2985 3115 3209 3171 Grmcos
3253 3113 3538 3176 materiae.
3584 3128 3616 3168 a
3644 3127 3758 3182 qua

488 3210 921 3281 contingentem.

456 3293 461 3297 ⁴
557 3300 808 3373 Cuipiam
845 3303 964 3359 alii.
1009 3306 1231 3363 Minime
1271 3306 1522 3364 studioso
1557 3309 1800 3375 homini,
1872 3329 2057 3383 neque

490 3393 773 3450 industrio
802 3410 868 3451 ac
897 3397 1105 3453 virtute
1135 3398 1390 3468 praedito.

557 3484 675 3540 Non
712 3488 907 3557 exigua
942 3487 1129 3559 aliqua
1168 3505 1356 3545 causa.
1400 3490 1508 3546 Sed
1543 3502 1772 3563 propter
1807 3510 2067 3564 magnum

487 3592 553 3634 ac
582 3580 954 3635 necessarium
990 3581 1273 3651 quoddam
1308 3598 1468 3653 opus.

558 3670 759 3741 Optimi
797 3676 1026 3739 generis.
1069 3671 1549 3739 Quemadmodum
1597 3672 1804 3742 elapsis
1854 3684 2066 3744 tempo-

489 3762 645 3818 ribus
687 3764 874 3820 evenit
917 3763 1137 3819 Balaam
1179 3764 1390 3820 homini
1439 3764 1730 3836 peregrino
1778 3773 1836 3819 et
1870 3765 2069 3820 alieni-

490 3868 661 3924 gente.

561 3945 691 4013 Qut:
731 3947 966 4017 fuerunt.
1007 3946 1213 4003 Eorum
1261 3962 1386 4018 qua:
1438 3946 1494 4002 in
1543 3943 1788 4000 medium
1844 3945 2069 4014 prodie-

490 4044 621 4092 runt
661 4045 717 4092 et
749 4036 1031 4106 praeterita
1063 4046 1214 4092 sunt.
1816 4092 1826 4117 Ι

559 4126 1023 4197 Quandoquidem.
1063 4127 1219 4195 Quod
1259 4130 1509 4184 futurum
1557 4129 1856 4200 aliquando
1902 4137 1961 4182 et
2012 4128 2067 4180 in

490 4220 856 4275 substantiam
888 4235 953 4275 ac
984 4228 1240 4274 naturam
1272 4232 1573 4276 venturum
1605 4230 1711 4277 est.

561 4309 948 4367 Subsistentire.
987 4311 1277 4383 Sapientes
1322 4313 1474 4369 hunc
1525 4322 1856 4384 praesentem
1910 4327 2070 4367 mun-

489 4402 621 4458 dum
655 4404 1013 4459 simulacrum
1047 4415 1107 4460 et
1148 4404 1385 4476 efﬁgiem
1434 4405 1762 4462 aeternitatis
1807 4419 1930 4461 esse
1981 4403 2069 4458 di-

2172 3209 2446 3263 clemcnta
2494 3218 2616 3261 orta
2662 3215 2825 3269 sunt,
2860 3211 2978 3261 solo
3008 3205 3212 3261 mentis
3244 3214 3516 3274 conceptu
3550 3214 3755 3259 creatae

2172 3312 2336 3370 atque
2367 3299 2723 3369 compositae,
2755 3297 2982 3368 quidam
3013 3297 3182 3353 fuerit
3212 3307 3450 3352 meatus.
3479 3296 3755 3352 Conside-

2175 3408 2364 3447 ramus
2395 3402 2582 3447 autem
2619 3391 2795 3460 ipsius
2826 3393 3042 3460 lapsum
3076 3407 3145 3444 ex
3192 3389 3281 3444 his
3325 3404 3449 3459 quae
3486 3397 3618 3444 sunt
3664 3402 3755 3442 se-

2172 3488 2416 3542 cundum
2467 3486 3007 3557 coagmentationem
3054 3484 3633 3554 compositionemque
3663 3496 3754 3535 re-

2171 3594 2293 3632 rum
2327 3575 2749 3649 particularium
2783 3574 2892 3630 hoc
2941 3574 3000 3629 in
3051 3556 3260 3628 mundo
3305 3587 3462 3628 suam
3508 3572 3755 3641 speciem

2171 3667 2634 3724 constituentium
2666 3683 2682 3721 :
2734 3666 2820 3722 ha:
2851 3665 3129 3736 siquidem
3166 3679 3390 3734 semper
3422 3674 3756 3724 nascuntur,

2171 3759 2479 3813 alterantur
2513 3799 2528 3821 ,
2588 3758 2644 3811 in
2706 3758 2985 3827 aliamque
3038 3766 3295 3811 naturam
3349 3765 3648 3812 vertuntur
3699 3763 3760 3809 et

2171 3847 2631 3921 corrumpuntur.
2684 3849 2797 3904 Nec
2833 3865 2968 3905 vero
3006 3849 3281 3923 duntaxat
3320 3848 3626 3903 secundum
3669 3848 3754 3915 ip-

2172 3943 2300 4023 sius
2343 3941 2590 3997 materiae
2637 3941 2969 4005 ﬂuxionem,
2999 3954 3193 3994 verum
3231 3938 3400 3994 etiam
3424 3978 3440 4002 ,
3473 3948 3535 3992 ut
3568 3938 3645 3992 ita
3676 3939 3761 3992 lo-

2171 4050 2335 4106 quar,
2387 4034 2663 4106 ejusmodi
2713 4033 2930 4104 species
2976 4031 3223 4087 fructum
3275 4030 3441 4086 simul
3488 4032 3757 4085 hauriunt

2120 4112 2128 4118 ’
2171 4123 2421 4195 ejusdem
2445 4122 2758 4179 affectionis
2783 4132 2842 4177 et
2863 4121 3283 4192 corruptionis;
3312 4131 3367 4176 et
3398 4121 3475 4176 ita
3496 4171 3511 4194 ,
3538 4122 3638 4184 ait,
3665 4137 3762 4181 res

2171 4231 2294 4285 quae
2325 4216 2382 4271 in
2414 4217 2622 4271 mundo
2652 4213 3038 4281 continentur,
3075 4222 3339 4270 recusant
3376 4229 3441 4268 ac
3473 4213 3759 4283 repellunt

2171 4307 2499 4377 dignitatem
2529 4309 2648 4379 ejus
2673 4308 2821 4377 quod
2852 4321 3045 4362 revera
3091 4314 3179 4362 cst
3199 4347 3216 4374 ,
3249 4321 3552 4376 veramque
3585 4304 3783 4364 habet-

2171 4398 2559 4455 substantiam.
2590 4397 2749 4455 Entis
2772 4406 2960 4454 autem
2985 4397 3226 4469 dignitas
3248 4407 3334 4452 est
3358 4414 3579 4467 semper
3600 4413 3749 4455 esse.

489 4504 664 4550 cunt:
700 4496 957 4565 sequitur
993 4486 1125 4565 ergo
1174 4511 1343 4566 opera
1374 4512 1498 4566 quae
1532 4498 1588 4552 in
1624 4512 1693 4552 eo
1725 4506 1855 4551 sunt
1886 4496 2062 4550 simu-
2098 4510 2142 4565 υ
2173 4489 2266 4544 Hae
2310 4498 2501 4545 contra
2544 4490 2760 4560 species
2791 4504 2977 4545 rerum
3010 4504 3123 4545 non
3166 4503 3389 4559 semper
3434 4490 3714 4545 exsistunt
3737 4529 3755 4553 .

490 4582 633 4638 Iaera
679 4598 803 4639 esse
849 4598 1043 4639 eorum
1092 4599 1216 4654 qua:
1285 4599 1346 4639 re
1392 4584 1509 4655 ipsa
1554 4584 1862 4641 subsistunt
1924 4576 2070 4638 etin

489 4673 584 4730 illo
621 4676 1024 4742 continentur;
1074 4691 1187 4731 non
1234 4676 1414 4731 solum
1465 4677 1592 4743 hoc,
1644 4691 1838 4731 verum
1888 4677 2062 4731 etiam

490 4764 756 4836 imagines
781 4775 838 4821 et
881 4766 1173 4821 simulacra
1194 4781 1316 4836 quae
1362 4768 1601 4823 invicem
1636 4767 1783 4822 ultro
1816 4767 2072 4835 citroque

488 4858 596 4912 alia
628 4874 695 4912 ex
731 4858 856 4914 aliis
892 4860 1032 4912 liunt
1059 4868 1116 4914 et
1149 4860 1512 4930 contingunt,
1544 4860 1691 4915 idola
1725 4870 1783 4915 et
1817 4860 1935 4929 ipsa
1971 4876 2072 4914 no-

490 4949 725 5005 minant.
770 4949 979 5004 Horum
1027 4961 1211 5006 autem
1251 4952 1500 5010 omnium
1536 4951 1850 5022 subjectum
1883 4967 2069 5006 aerem

489 5057 745 5111 capacem
774 5058 898 5098 esse
925 5054 1184 5098 asserunt
1211 5060 1227 5097 :
1261 5044 1433 5099 veluti
1459 5045 1701 5113 exempli
1734 5058 1925 5110 causa,
1957 5060 2072 5098 ser-

490 5148 707 5187 monem
725 5134 1068 5190 enuntiative
1085 5145 1142 5190 et
1160 5135 1497 5190 articulatim
1524 5133 1944 5205 pronuntiatura
1971 5133 2073 5187 mi-

488 5225 746 5295 nimeque
774 5236 1087 5282 truncatum
1114 5243 1209 5283 aer
1236 5228 1542 5295 excipiens,
1566 5238 1624 5283 et
1645 5227 1919 5298 seipsum,
1948 5236 2068 5281 tan-

487 5332 650 5385 quam
678 5317 968 5387 speculum
992 5319 1294 5388 quoddam,
1323 5320 1541 5374 occulte
1566 5320 1812 5389 partiens
1842 5320 1898 5374 in
1931 5320 2073 5375 mul-

492 5407 711 5477 tiplices
762 5408 1026 5466 transfert
1060 5411 1410 5476 auditiones,
1449 5413 1579 5481 quia
1631 5413 1800 5467 simili
1855 5413 2071 5469 ratione

489 5498 718 5555 aifectus
749 5510 835 5556 est
861 5515 988 5556 cum
1009 5502 1371 5557 articulorum
1401 5505 1663 5575 vocisque
1675 5504 2069 5575 juncturarum

490 5595 819 5647 constantia.
866 5592 1017 5648 istud
1062 5596 1242 5664 ipsum
1277 5594 1411 5650 facit
1440 5593 1610 5650 etiam
1646 5596 1713 5650 ad
1747 5612 1943 5651 onmes
1972 5609 2071 5650 co-

492 5680 642 5736 lores
663 5723 678 5746 ,
710 5694 1053 5754 cunctosque
1086 5700 1356 5755 vapores,
1401 5696 1459 5742 et
1506 5684 1575 5741 ad
1612 5688 1811 5742 "omnia
1842 5702 1967 5757 qua:
2010 5687 2069 5741 in

493 5775 702 5830 mundo
762 5775 1120 5835 facultatibus
1179 5779 1289 5835 vim
1344 5778 1623 5834 sentiendi
1680 5778 2068 5836 obtinentibus

2174 4595 2280 4635 nec
2322 4580 2393 4635 ab
2440 4597 2552 4637 uno
2599 4591 2849 4651 perstare
2890 4592 3159 4652 possunt,
3202 4582 3301 4637 sed
3344 4585 3595 4652 quantam
3637 4583 3759 4638 foe-

2175 4676 2336 4737 runt,
2382 4673 2637 4743 quadam
2680 4682 3009 4739 nascuntur,
3048 4673 3303 4743 quaedam
3335 4689 3464 4728 vero
3507 4691 3633 4730 csse
3662 4675 3761 4730 de-i

2174 4766 2328 4821 bent.
2364 4767 2638 4833 Quocirca
2693 4782 2761 4821 ex
2800 4766 2887 4821 his
2948 4767 3213 4831 omnibus
3260 4767 3538 4822 eiliuentia
3585 4769 3761 4821 simu-

2173 4859 2318 4913 lacra
2367 4860 2551 4913 omnia
2604 4858 2989 4928 perlustrant,
3037 4868 3329 4928 vagantur,
3380 4868 3438 4913 et
3487 4858 3760 4928 eﬂ'ugiunt

2174 4967 2272 5019 per
2301 4966 2484 5006 acrem
2519 4949 2838 5005 oberrantia
2864 4969 2879 5002 :
2916 4950 3011 5004 sed
3043 4949 3112 5003 ad
3144 4950 3352 5019 aliquid
3383 4951 3753 5029 applicantur,

2174 5042 2418 5111 huicque
2464 5041 2827 5103 incumbunt,
2873 5049 2930 5095 et
2980 5041 3200 5096 unicam
3249 5041 3500 5096 laborum
3545 5042 3756 5097 relaxa-

2175 5135 2382 5189 tiunem
2416 5134 2471 5188 in
2505 5135 2703 5187 anima:
2735 5133 2936 5203 spiritu
2974 5133 3269 5189 fantastico
3299 5133 3623 5197 inveniunt,
3655 5135 3752 5203 qui

2172 5226 2400 5297 quidem
2433 5238 2522 5281 est
2548 5211 2764 5303 idolum
2798 5242 2862 5280 ac
2892 5224 3256 5280 simulacrum
3288 5224 3506 5280 animae.
3555 5225 3756 5279 Mentis

2173 5319 2398 5390 quidem
2432 5319 2653 5389 idolum
2676 5328 2756 5373 est
2791 5318 2974 5372 anima
2996 5357 3013 5383 ,
3048 5331 3247 5372 rursus
3278 5318 3480 5373 anima
3525 5318 3757 5373 simula-

2172 5426 2330 5465 crum
2361 5411 2592 5481 spiritus
2633 5417 2719 5464 est
2764 5409 3116 5465 fautasticus.
3161 5412 3520 5481 Quaecunque
3562 5409 3751 5479 igitur,

2174 5503 2349 5571 inquit
2376 5543 2391 5564 ,
2432 5502 2580 5558 idola
2609 5500 2843 5557 emuunt
2873 5517 2941 5557 ex
2970 5502 3059 5556 bis
3101 5516 3226 5571 qua:
3271 5501 3535 5564 fuerunt,
3586 5512 3643 5556 et
3688 5517 3761 5557 ex

2174 5595 2261 5649 his
2293 5610 2415 5664 qua:
2447 5603 2753 5649 nascuntur
2783 5595 3156 5664 oriunturque
3188 5594 3483 5664 perspicue
3510 5608 3575 5650 ac
3604 5593 3759 5650 diiu-

2174 5685 2299 5740 cide
2348 5695 2589 5756 pereunt
2616 5704 2632 5739 :
2664 5700 2789 5759 quae
2818 5701 2954 5741 vero
2986 5686 3303 5742 futurorum
3338 5695 3503 5748 sunt,
3536 5685 3643 5741 ista
3676 5684 3763 5763 in-_

2175 5788 2367 5848 certa,
2414 5780 2674 5849 coniectu
2734 5779 2947 5848 ardua,
3001 5781 3253 5855 obscura.
3292 5788 3348 5836 et
3395 5777 3767 5851 aenigmaticis

2498 5977 2650 6034 ιί
