  <div class='ocr_page' id='page_1' title='image "/cluster/home/n/w/nwhite01/storage/ocr_20150623/149:no.2/coo.31924054870542/320.png"; bbox 0 0 4040 6452; ppageno 0'>
   <div class='ocr_carea' id='block_1_1' title="bbox 426 435 547 498">
    <p class='ocr_par' dir='ltr' id='par_1_1' title="bbox 426 435 547 498">
     <span class='ocr_line' id='line_1_1' title="bbox 426 435 547 498; baseline 0.017 -1"><span class='ocrx_word' id='word_1_1' title='bbox 426 435 547 498; x_wconf 67' lang='grc' dir='ltr'>θεν</span> 
     </span>
    </p>
   </div>
   <div class='ocr_carea' id='block_1_2' title="bbox 1309 439 2788 507">
    <p class='ocr_par' dir='ltr' id='par_1_2' title="bbox 1309 439 2788 507">
     <span class='ocr_line' id='line_1_2' title="bbox 1309 439 2788 507; baseline 0.003 -8"><span class='ocrx_word' id='word_1_2' title='bbox 1309 440 1639 501; x_wconf 68' lang='grc' dir='ltr'><strong>801101..ιὰ</strong></span> <span class='ocrx_word' id='word_1_3' title='bbox 1677 442 1754 501; x_wconf 88' lang='lat' dir='ltr'><strong>IN</strong></span> <span class='ocrx_word' id='word_1_4' title='bbox 1798 439 2185 502; x_wconf 73' lang='lat' dir='ltr'><strong>SYNESIUM</strong></span> <span class='ocrx_word' id='word_1_5' title='bbox 2232 441 2328 500; x_wconf 87' lang='lat' dir='ltr'><strong>DE</strong></span> <span class='ocrx_word' id='word_1_6' title='bbox 2374 442 2788 507; x_wconf 75' lang='lat' dir='ltr'><strong>lNSOMNJS.</strong></span> 
     </span>
    </p>
   </div>
   <div class='ocr_carea' id='block_1_3' title="bbox 3578 454 3715 519">
    <p class='ocr_par' dir='ltr' id='par_1_3' title="bbox 3578 454 3715 519">
     <span class='ocr_line' id='line_1_3' title="bbox 3578 454 3715 519; baseline 0 -3"><span class='ocrx_word' id='word_1_7' title='bbox 3578 454 3715 519; x_wconf 67' lang='lat'><strong>630’</strong></span> 
     </span>
    </p>
   </div>
   <div class='ocr_carea' id='block_1_4' title="bbox 424 546 3687 639">
    <p class='ocr_par' dir='ltr' id='par_1_4' title="bbox 424 546 3687 639">
     <span class='ocr_line' id='line_1_4' title="bbox 424 546 3687 639; baseline 0.007 -42"><span class='ocrx_word' id='word_1_8' title='bbox 424 546 640 615; x_wconf 77' lang='grc' dir='ltr'>κίνησις</span> <span class='ocrx_word' id='word_1_9' title='bbox 670 547 925 618; x_wconf 71' lang='grc' dir='ltr'>ἐκκρούει</span> <span class='ocrx_word' id='word_1_10' title='bbox 958 549 1055 619; x_wconf 75' lang='grc' dir='ltr'>τὴν</span> <span class='ocrx_word' id='word_1_11' title='bbox 1077 550 1472 625; x_wconf 78' lang='grc' dir='ltr'>εὐθυονειρίαν,</span> <span class='ocrx_word' id='word_1_12' title='bbox 1505 555 1605 610; x_wconf 84' lang='grc' dir='ltr'><strong>Διὰ</strong></span> <span class='ocrx_word' id='word_1_13' title='bbox 1635 555 1813 619; x_wconf 87' lang='grc' dir='ltr'>τοῦτο,</span> <span class='ocrx_word' id='word_1_14' title='bbox 1845 558 2001 625; x_wconf 77' lang='grc' dir='ltr'>φησὶ,</span> <span class='ocrx_word' id='word_1_15' title='bbox 2036 564 2077 616; x_wconf 66' lang='grc' dir='ltr'>Α</span> <span class='ocrx_word' id='word_1_16' title='bbox 2108 550 2245 609; x_wconf 75' lang='grc' dir='ltr'>εἶναι</span> <span class='ocrx_word' id='word_1_17' title='bbox 2279 558 2543 626; x_wconf 83' lang='grc' dir='ltr'>μαντικὸν</span> <span class='ocrx_word' id='word_1_18' title='bbox 2572 560 2668 612; x_wconf 86' lang='grc' dir='ltr'><strong>τοῦ</strong></span> <span class='ocrx_word' id='word_1_19' title='bbox 2703 561 2990 629; x_wconf 72' lang='grc' dir='ltr'>μέλλοντος</span> <span class='ocrx_word' id='word_1_20' title='bbox 3022 562 3401 634; x_wconf 86' lang='grc' dir='ltr'>ἀπεφήναντο,</span> <span class='ocrx_word' id='word_1_21' title='bbox 3434 566 3515 619; x_wconf 83' lang='grc' dir='ltr'>ὅτι</span> <span class='ocrx_word' id='word_1_22' title='bbox 3548 584 3687 639; x_wconf 83' lang='grc' dir='ltr'>μαν-</span> 
     </span>
    </p>
   </div>
   <div class='ocr_carea' id='block_1_5' title="bbox 423 632 2004 716">
    <p class='ocr_par' dir='ltr' id='par_1_5' title="bbox 423 632 2004 716">
     <span class='ocr_line' id='line_1_5' title="bbox 423 632 2004 716; baseline 0.011 -32"><span class='ocrx_word' id='word_1_23' title='bbox 423 632 682 705; x_wconf 81' lang='grc' dir='ltr'>δυσχερές</span> <span class='ocrx_word' id='word_1_24' title='bbox 711 639 859 691; x_wconf 83' lang='grc' dir='ltr'>ἐστιν</span> <span class='ocrx_word' id='word_1_25' title='bbox 888 638 949 691; x_wconf 76' lang='grc' dir='ltr'>ἑν</span> <span class='ocrx_word' id='word_1_26' title='bbox 986 641 1096 705; x_wconf 90' lang='grc' dir='ltr'>τοῖς</span> <span class='ocrx_word' id='word_1_27' title='bbox 1133 640 1277 698; x_wconf 74' lang='grc' dir='ltr'>οὕτω</span> <span class='ocrx_word' id='word_1_28' title='bbox 1320 645 1684 715; x_wconf 78' lang='grc' dir='ltr'><strong>πολυτρόποις</strong></span> <span class='ocrx_word' id='word_1_29' title='bbox 1728 647 2004 716; x_wconf 75' lang='grc' dir='ltr'><strong>ἀνομοίοις</strong></span> 
     </span>
    </p>
   </div>
   <div class='ocr_carea' id='block_1_6' title="bbox 422 722 2005 806">
    <p class='ocr_par' dir='ltr' id='par_1_6' title="bbox 422 722 2005 806">
     <span class='ocr_line' id='line_1_6' title="bbox 422 722 2005 806; baseline 0.011 -33"><span class='ocrx_word' id='word_1_30' title='bbox 422 722 610 792; x_wconf 83' lang='grc' dir='ltr'>ὅμοιον</span> <span class='ocrx_word' id='word_1_31' title='bbox 654 727 1065 800; x_wconf 76' lang='grc' dir='ltr'><strong>ἐμφανισθῆναι</strong></span> <span class='ocrx_word' id='word_1_32' title='bbox 1115 733 1355 798; x_wconf 76' lang='grc' dir='ltr'>εἴδωλον,</span> <span class='ocrx_word' id='word_1_33' title='bbox 1402 734 1667 806; x_wconf 80' lang='grc' dir='ltr'>δυσχερὲς</span> <span class='ocrx_word' id='word_1_34' title='bbox 1713 736 1760 789; x_wconf 88' lang='grc' dir='ltr'>δ’</span> <span class='ocrx_word' id='word_1_35' title='bbox 1798 737 1879 790; x_wconf 77' lang='grc' dir='ltr'>ἔτι</span> <span class='ocrx_word' id='word_1_36' title='bbox 1910 739 2005 790; x_wconf 80' lang='grc' dir='ltr'><strong>καὶ</strong></span> 
     </span>
    </p>
   </div>
   <div class='ocr_carea' id='block_1_7' title="bbox 426 816 1094 887">
    <p class='ocr_par' dir='ltr' id='par_1_7' title="bbox 426 816 1094 887">
     <span class='ocr_line' id='line_1_7' title="bbox 426 816 1094 887; baseline 0.019 -22"><span class='ocrx_word' id='word_1_37' title='bbox 426 816 449 866; x_wconf 81' lang='grc' dir='ltr'><strong>ὲ</strong></span> <span class='ocrx_word' id='word_1_38' title='bbox 460 819 842 887; x_wconf 83' lang='grc' dir='ltr'>μπαραδοῦναι</span> <span class='ocrx_word' id='word_1_39' title='bbox 869 824 1094 878; x_wconf 80' lang='grc' dir='ltr'><strong>κανόνα.</strong></span> 
     </span>
    </p>
   </div>
   <div class='ocr_carea' id='block_1_8' title="bbox 492 910 1165 980">
    <p class='ocr_par' dir='ltr' id='par_1_8' title="bbox 492 910 1165 980">
     <span class='ocr_line' id='line_1_8' title="bbox 492 910 1165 980; baseline 0.015 -20"><span class='ocrx_word' id='word_1_40' title='bbox 492 910 810 980; x_wconf 67' lang='grc' dir='ltr'>Διαφανές.</span> <span class='ocrx_word' id='word_1_41' title='bbox 851 915 1165 976; x_wconf 83' lang='grc' dir='ltr'>Ἀθόλωτον.</span> 
     </span>
    </p>
   </div>
   <div class='ocr_carea' id='block_1_9' title="bbox 501 1001 1302 1079">
    <p class='ocr_par' dir='ltr' id='par_1_9' title="bbox 501 1001 1302 1079">
     <span class='ocr_line' id='line_1_9' title="bbox 501 1001 1302 1079; baseline 0.016 -26"><span class='ocrx_word' id='word_1_42' title='bbox 501 1001 570 1054; x_wconf 81' lang='grc' dir='ltr'><em>Τὸ</em></span> <span class='ocrx_word' id='word_1_43' title='bbox 595 1001 807 1070; x_wconf 79' lang='grc' dir='ltr'>μένον.</span> <span class='ocrx_word' id='word_1_44' title='bbox 838 1006 930 1076; x_wconf 85' lang='grc' dir='ltr'><strong>Μὴ</strong></span> <span class='ocrx_word' id='word_1_45' title='bbox 961 1009 1302 1079; x_wconf 80' lang='grc' dir='ltr'>κινούμενον.</span> 
     </span>
    </p>
   </div>
   <div class='ocr_carea' id='block_1_10' title="bbox 492 1092 1773 1179">
    <p class='ocr_par' dir='ltr' id='par_1_10' title="bbox 492 1092 1773 1179">
     <span class='ocr_line' id='line_1_10' title="bbox 492 1092 1773 1179; baseline 0.018 -36"><span class='ocrx_word' id='word_1_46' title='bbox 492 1092 865 1163; x_wconf 74' lang='grc' dir='ltr'>Διατεθῆναι.</span> <span class='ocrx_word' id='word_1_47' title='bbox 895 1098 1228 1179; x_wconf 81' lang='grc' dir='ltr'>Τυπωθῆναι</span> <span class='ocrx_word' id='word_1_48' title='bbox 1260 1104 1773 1179; x_wconf 83' lang='grc' dir='ltr'>είδωλοποιηθῆναι.</span> 
     </span>
    </p>
   </div>
   <div class='ocr_carea' id='block_1_11' title="bbox 494 1178 2000 1275">
    <p class='ocr_par' dir='ltr' id='par_1_11' title="bbox 494 1178 2000 1275">
     <span class='ocr_line' id='line_1_11' title="bbox 494 1178 2000 1275; baseline 0.015 -39"><span class='ocrx_word' id='word_1_49' title='bbox 494 1182 607 1238; x_wconf 83' lang='grc' dir='ltr'><strong>Καὶ</strong></span> <span class='ocrx_word' id='word_1_50' title='bbox 644 1189 678 1241; x_wconf 77' lang='grc' dir='ltr'><strong>δ</strong></span> <span class='ocrx_word' id='word_1_51' title='bbox 707 1190 911 1254; x_wconf 75' lang='grc' dir='ltr'>θολός.</span> <span class='ocrx_word' id='word_1_52' title='bbox 951 1193 1013 1243; x_wconf 73' lang='grc' dir='ltr'><strong>’ω</strong></span> <span class='ocrx_word' id='word_1_53' title='bbox 1042 1178 1434 1267; x_wconf 79' lang='grc' dir='ltr'>τέθολωμένος,</span> <span class='ocrx_word' id='word_1_54' title='bbox 1468 1201 1499 1271; x_wconf 72' lang='grc' dir='ltr'><strong>η</strong></span> <span class='ocrx_word' id='word_1_55' title='bbox 1535 1178 1739 1271; x_wconf 79' lang='grc' dir='ltr'>μᾶλλον</span> <span class='ocrx_word' id='word_1_56' title='bbox 1764 1205 1800 1275; x_wconf 93' lang='grc' dir='ltr'><strong>ή</strong></span> <span class='ocrx_word' id='word_1_57' title='bbox 1833 1203 2000 1258; x_wconf 88' lang='grc' dir='ltr'>θόλω-</span> 
     </span>
    </p>
   </div>
   <div class='ocr_carea' id='block_1_12' title="bbox 424 1279 1999 1358">
    <p class='ocr_par' dir='ltr' id='par_1_12' title="bbox 424 1279 1999 1358">
     <span class='ocr_line' id='line_1_12' title="bbox 424 1279 1999 1358; baseline 0.015 -30"><span class='ocrx_word' id='word_1_58' title='bbox 424 1294 528 1338; x_wconf 86' lang='grc' dir='ltr'>οις.</span> <span class='ocrx_word' id='word_1_59' title='bbox 561 1279 730 1349; x_wconf 83' lang='grc' dir='ltr'>Ἀλλη</span> <span class='ocrx_word' id='word_1_60' title='bbox 776 1284 886 1354; x_wconf 84' lang='grc' dir='ltr'><strong>γὰρ</strong></span> <span class='ocrx_word' id='word_1_61' title='bbox 928 1286 961 1354; x_wconf 84' lang='grc' dir='ltr'>ὴ</span> <span class='ocrx_word' id='word_1_62' title='bbox 1008 1287 1234 1352; x_wconf 85' lang='grc' dir='ltr'>θόλωσις</span> <span class='ocrx_word' id='word_1_63' title='bbox 1271 1291 1366 1344; x_wconf 90' lang='grc' dir='ltr'><strong>τοῦ</strong></span> <span class='ocrx_word' id='word_1_64' title='bbox 1411 1293 1629 1358; x_wconf 78' lang='grc' dir='ltr'><strong>λευκοῦ,</strong></span> <span class='ocrx_word' id='word_1_65' title='bbox 1670 1299 1781 1350; x_wconf 68' lang='grc' dir='ltr'>καῖ’</span> <span class='ocrx_word' id='word_1_66' title='bbox 1809 1296 1999 1351; x_wconf 82' lang='grc' dir='ltr'>ἀλλοία</span> 
     </span>
    </p>
   </div>
   <div class='ocr_carea' id='block_1_13' title="bbox 417 1370 1999 1454">
    <p class='ocr_par' dir='ltr' id='par_1_13' title="bbox 417 1370 1999 1454">
     <span class='ocr_line' id='line_1_13' title="bbox 417 1370 1999 1454; baseline 0.015 -33"><span class='ocrx_word' id='word_1_67' title='bbox 417 1370 512 1422; x_wconf 85' lang='grc' dir='ltr'><strong>τοῦ</strong></span> <span class='ocrx_word' id='word_1_68' title='bbox 560 1372 844 1439; x_wconf 81' lang='grc' dir='ltr'>δοκοῦντος</span> <span class='ocrx_word' id='word_1_69' title='bbox 894 1377 1145 1447; x_wconf 80' lang='grc' dir='ltr'>μέλανος,</span> <span class='ocrx_word' id='word_1_70' title='bbox 1187 1383 1285 1436; x_wconf 75' lang='grc' dir='ltr'>καὶ</span> <span class='ocrx_word' id='word_1_71' title='bbox 1333 1383 1527 1442; x_wconf 81' lang='grc' dir='ltr'>ἀλλοία</span> <span class='ocrx_word' id='word_1_72' title='bbox 1568 1387 1665 1442; x_wconf 87' lang='grc' dir='ltr'><strong>τοῦ</strong></span> <span class='ocrx_word' id='word_1_73' title='bbox 1712 1388 1999 1454; x_wconf 77' lang='grc' dir='ltr'>δοκοῦντος</span> 
     </span>
    </p>
   </div>
   <div class='ocr_carea' id='block_1_14' title="bbox 418 1461 676 1532">
    <p class='ocr_par' dir='ltr' id='par_1_14' title="bbox 418 1461 676 1532">
     <span class='ocr_line' id='line_1_14' title="bbox 418 1461 676 1532; baseline 0.027 -20"><span class='ocrx_word' id='word_1_74' title='bbox 418 1461 551 1531; x_wconf 80' lang='grc' dir='ltr'>ἐρυθ</span> <span class='ocrx_word' id='word_1_75' title='bbox 560 1464 676 1532; x_wconf 80' lang='grc' dir='ltr'>ροῦ.</span> 
     </span>
    </p>
   </div>
   <div class='ocr_carea' id='block_1_15' title="bbox 503 1556 1051 1622">
    <p class='ocr_par' dir='ltr' id='par_1_15' title="bbox 503 1556 1051 1622">
     <span class='ocr_line' id='line_1_15' title="bbox 503 1556 1051 1622; baseline 0.007 -13"><span class='ocrx_word' id='word_1_76' title='bbox 503 1556 600 1609; x_wconf 76' lang='grc' dir='ltr'><strong>Ἑν</strong></span> <span class='ocrx_word' id='word_1_77' title='bbox 626 1558 811 1622; x_wconf 71' lang='grc' dir='ltr'>ἄλλῳ.</span> <span class='ocrx_word' id='word_1_78' title='bbox 838 1560 1051 1615; x_wconf 79' lang='grc' dir='ltr'>’Ύδατι.</span> 
     </span>
    </p>
   </div>
   <div class='ocr_carea' id='block_1_16' title="bbox 393 1646 1993 1735">
    <p class='ocr_par' dir='ltr' id='par_1_16' title="bbox 393 1646 1993 1735">
     <span class='ocr_line' id='line_1_16' title="bbox 393 1646 1993 1735; baseline 0.014 -38"><span class='ocrx_word' id='word_1_79' title='bbox 393 1647 401 1656; x_wconf 76' lang='grc'><strong><em>⁸</em></strong></span> <span class='ocrx_word' id='word_1_80' title='bbox 499 1646 603 1699; x_wconf 82' lang='grc' dir='ltr'><em>Ἐν</em></span> <span class='ocrx_word' id='word_1_81' title='bbox 631 1655 1100 1724; x_wconf 78' lang='grc' dir='ltr'>σχηματισμοῖς.</span> <span class='ocrx_word' id='word_1_82' title='bbox 1136 1657 1242 1710; x_wconf 86' lang='grc' dir='ltr'><strong>Τοῦ</strong></span> <span class='ocrx_word' id='word_1_83' title='bbox 1280 1658 1471 1725; x_wconf 82' lang='grc' dir='ltr'>ὓδατος</span> <span class='ocrx_word' id='word_1_84' title='bbox 1503 1663 1538 1734; x_wconf 80' lang='grc' dir='ltr'><strong>ή</strong></span> <span class='ocrx_word' id='word_1_85' title='bbox 1574 1664 1928 1721; x_wconf 82' lang='grc' dir='ltr'>ὲλικοειδέσιν</span> <span class='ocrx_word' id='word_1_86' title='bbox 1960 1666 1993 1735; x_wconf 83' lang='grc' dir='ltr'><strong>ἢ</strong></span> 
     </span>
    </p>
   </div>
   <div class='ocr_carea' id='block_1_17' title="bbox 415 1735 822 1809">
    <p class='ocr_par' dir='ltr' id='par_1_17' title="bbox 415 1735 822 1809">
     <span class='ocr_line' id='line_1_17' title="bbox 415 1735 822 1809; baseline 0.02 -22"><span class='ocrx_word' id='word_1_87' title='bbox 415 1735 541 1790; x_wconf 81' lang='grc' dir='ltr'>εὗου</span> <span class='ocrx_word' id='word_1_88' title='bbox 554 1745 822 1809; x_wconf 83' lang='grc' dir='ltr'>πορικοῖς.</span> 
     </span>
    </p>
   </div>
   <div class='ocr_carea' id='block_1_18' title="bbox 486 1828 1995 1922">
    <p class='ocr_par' dir='ltr' id='par_1_18' title="bbox 486 1828 1995 1922">
     <span class='ocr_line' id='line_1_18' title="bbox 486 1828 1995 1922; baseline 0.015 -41"><span class='ocrx_word' id='word_1_89' title='bbox 486 1829 610 1881; x_wconf 80' lang='grc' dir='ltr'><strong>Εἶτ’</strong></span> <span class='ocrx_word' id='word_1_90' title='bbox 637 1828 773 1888; x_wconf 84' lang='grc' dir='ltr'>οὖν.</span> <span class='ocrx_word' id='word_1_91' title='bbox 803 1836 1023 1890; x_wconf 85' lang='grc' dir='ltr'>Ἔοικεν</span> <span class='ocrx_word' id='word_1_92' title='bbox 1057 1839 1310 1911; x_wconf 78' lang='grc' dir='ltr'><strong>ἐντυχεῖν</strong></span> <span class='ocrx_word' id='word_1_93' title='bbox 1345 1843 1440 1907; x_wconf 79' lang='grc' dir='ltr'><strong>καὶ</strong></span> <span class='ocrx_word' id='word_1_94' title='bbox 1474 1849 1589 1909; x_wconf 90' lang='grc' dir='ltr'>τοῖς</span> <span class='ocrx_word' id='word_1_95' title='bbox 1623 1847 1830 1902; x_wconf 79' lang='grc' dir='ltr'>τούτων</span> <span class='ocrx_word' id='word_1_96' title='bbox 1867 1851 1995 1922; x_wconf 71' lang='grc' dir='ltr'>περὶ</span> 
     </span>
    </p>
   </div>
   <div class='ocr_carea' id='block_1_19' title="bbox 414 1927 1749 2005">
    <p class='ocr_par' dir='ltr' id='par_1_19' title="bbox 414 1927 1749 2005">
     <span class='ocr_line' id='line_1_19' title="bbox 414 1927 1749 2005; baseline 0.019 -34"><span class='ocrx_word' id='word_1_97' title='bbox 414 1927 785 1993; x_wconf 72' lang='grc' dir='ltr'><strong>φανταστικῆς</strong></span> <span class='ocrx_word' id='word_1_98' title='bbox 819 1930 915 1982; x_wconf 72' lang='grc' dir='ltr'><strong>καὶ</strong></span> <span class='ocrx_word' id='word_1_99' title='bbox 947 1931 1080 2000; x_wconf 78' lang='grc' dir='ltr'>περὶ</span> <span class='ocrx_word' id='word_1_100' title='bbox 1112 1935 1385 2005; x_wconf 80' lang='grc' dir='ltr'><strong>μαντικῆς</strong></span> <span class='ocrx_word' id='word_1_101' title='bbox 1414 1938 1443 1989; x_wconf 90' lang='grc' dir='ltr'><strong>ό</strong></span> <span class='ocrx_word' id='word_1_102' title='bbox 1472 1938 1749 2002; x_wconf 77' lang='grc' dir='ltr'>Συνέσιος.</span> 
     </span>
    </p>
   </div>
   <div class='ocr_carea' id='block_1_20' title="bbox 481 2016 1991 2109">
    <p class='ocr_par' dir='ltr' id='par_1_20' title="bbox 481 2016 1991 2109">
     <span class='ocr_line' id='line_1_20' title="bbox 481 2016 1991 2109; baseline 0.016 -41"><span class='ocrx_word' id='word_1_103' title='bbox 481 2016 871 2087; x_wconf 77' lang='grc' dir='ltr'>Μελάμπους.</span> <span class='ocrx_word' id='word_1_104' title='bbox 910 2022 971 2076; x_wconf 87' lang='lat'><strong>&#39;0</strong></span> <span class='ocrx_word' id='word_1_105' title='bbox 1013 2025 1352 2093; x_wconf 65' lang='grc' dir='ltr'>Μελάμπους</span> <span class='ocrx_word' id='word_1_106' title='bbox 1392 2030 1691 2099; x_wconf 75' lang='grc' dir='ltr'><strong>Αἰγύπτιος</strong></span> <span class='ocrx_word' id='word_1_107' title='bbox 1735 2032 1804 2107; x_wconf 83' lang='grc' dir='ltr'>ἦν</span> <span class='ocrx_word' id='word_1_108' title='bbox 1849 2038 1991 2109; x_wconf 83' lang='grc' dir='ltr'>ίερο-</span> 
     </span>
    </p>
   </div>
   <div class='ocr_carea' id='block_1_21' title="bbox 412 2110 1990 2197">
    <p class='ocr_par' dir='ltr' id='par_1_21' title="bbox 412 2110 1990 2197">
     <span class='ocr_line' id='line_1_21' title="bbox 412 2110 1990 2197; baseline 0.017 -40"><span class='ocrx_word' id='word_1_109' title='bbox 412 2110 794 2197; x_wconf 70' lang='grc' dir='ltr'>γραμματεὺς,</span> <span class='ocrx_word' id='word_1_110' title='bbox 832 2115 927 2166; x_wconf 81' lang='grc' dir='ltr'>καὶ</span> <span class='ocrx_word' id='word_1_111' title='bbox 970 2116 1322 2191; x_wconf 76' lang='grc' dir='ltr'><strong>ἱεροφάντης,</strong></span> <span class='ocrx_word' id='word_1_112' title='bbox 1368 2122 1463 2175; x_wconf 79' lang='grc' dir='ltr'>καὶ</span> <span class='ocrx_word' id='word_1_113' title='bbox 1509 2124 1701 2193; x_wconf 80' lang='grc' dir='ltr'><strong>μάντις</strong></span> <span class='ocrx_word' id='word_1_114' title='bbox 1746 2129 1990 2197; x_wconf 83' lang='grc' dir='ltr'>ἄριστος.</span> 
     </span>
    </p>
   </div>
   <div class='ocr_carea' id='block_1_22' title="bbox 413 2190 1990 2293">
    <p class='ocr_par' dir='ltr' id='par_1_22' title="bbox 413 2190 1990 2293">
     <span class='ocr_line' id='line_1_22' title="bbox 413 2190 1990 2293; baseline 0.016 -44"><span class='ocrx_word' id='word_1_115' title='bbox 413 2190 579 2262; x_wconf 81' lang='grc' dir='ltr'>Οὗτος</span> <span class='ocrx_word' id='word_1_116' title='bbox 611 2201 910 2271; x_wconf 76' lang='grc' dir='ltr'>ἐξέδωκεν,</span> <span class='ocrx_word' id='word_1_117' title='bbox 939 2207 1013 2271; x_wconf 84' lang='grc' dir='ltr'>ὡς</span> <span class='ocrx_word' id='word_1_118' title='bbox 1046 2211 1220 2278; x_wconf 79' lang='grc' dir='ltr'>φασὶ,</span> <span class='ocrx_word' id='word_1_119' title='bbox 1253 2190 1348 2266; x_wconf 67' lang='grc' dir='ltr'><strong>και</strong></span> <span class='ocrx_word' id='word_1_120' title='bbox 1378 2215 1448 2267; x_wconf 79' lang='grc' dir='ltr'>τὰ</span> <span class='ocrx_word' id='word_1_121' title='bbox 1483 2190 1540 2268; x_wconf 58' lang='grc' dir='ltr'><strong>ιν</strong></span> <span class='ocrx_word' id='word_1_122' title='bbox 1572 2190 1835 2290; x_wconf 70' lang='grc' dir='ltr'>Αιγῡπτὶρ</span> <span class='ocrx_word' id='word_1_123' title='bbox 1869 2190 1990 2293; x_wconf 70' lang='grc' dir='ltr'>ιερᾶ</span> 
     </span>
    </p>
   </div>
   <div class='ocr_carea' id='block_1_23' title="bbox 412 2291 1991 2381">
    <p class='ocr_par' dir='ltr' id='par_1_23' title="bbox 412 2291 1991 2381">
     <span class='ocr_line' id='line_1_23' title="bbox 412 2291 1991 2381; baseline 0.016 -40"><span class='ocrx_word' id='word_1_124' title='bbox 412 2292 522 2353; x_wconf 89' lang='grc' dir='ltr'>τοῖς</span> <span class='ocrx_word' id='word_1_125' title='bbox 544 2291 840 2364; x_wconf 80' lang='grc' dir='ltr'>Ἕλλησιν,</span> <span class='ocrx_word' id='word_1_126' title='bbox 875 2299 948 2361; x_wconf 86' lang='grc' dir='ltr'>ὠς</span> <span class='ocrx_word' id='word_1_127' title='bbox 988 2304 1336 2381; x_wconf 66' lang='grc' dir='ltr'>μιμήσασθαι</span> <span class='ocrx_word' id='word_1_128' title='bbox 1371 2306 1469 2359; x_wconf 79' lang='grc' dir='ltr'>καὶ</span> <span class='ocrx_word' id='word_1_129' title='bbox 1504 2308 1856 2380; x_wconf 78' lang='grc' dir='ltr'><strong>ἐπιτηδεῦσαι</strong></span> <span class='ocrx_word' id='word_1_130' title='bbox 1894 2291 1991 2369; x_wconf 75' lang='grc' dir='ltr'>καὶ</span> 
     </span>
    </p>
   </div>
   <div class='ocr_carea' id='block_1_24' title="bbox 411 2381 1991 2474">
    <p class='ocr_par' dir='ltr' id='par_1_24' title="bbox 411 2381 1991 2474">
     <span class='ocr_line' id='line_1_24' title="bbox 411 2381 1991 2474; baseline 0.017 -42"><span class='ocrx_word' id='word_1_131' title='bbox 411 2381 606 2448; x_wconf 58' lang='grc' dir='ltr'>αὐτοὺς</span> <span class='ocrx_word' id='word_1_132' title='bbox 649 2385 709 2450; x_wconf 77' lang='grc' dir='ltr'>ἐξ</span> <span class='ocrx_word' id='word_1_133' title='bbox 746 2389 961 2443; x_wconf 81' lang='grc' dir='ltr'>ἐκείνου</span> <span class='ocrx_word' id='word_1_134' title='bbox 1002 2393 1175 2447; x_wconf 82' lang='grc' dir='ltr'>ταῦτα</span> <span class='ocrx_word' id='word_1_135' title='bbox 1200 2412 1214 2427; x_wconf 84' lang='grc'><em>’</em></span> <span class='ocrx_word' id='word_1_136' title='bbox 1256 2396 1288 2465; x_wconf 79' lang='grc' dir='ltr'><strong>ἡ</strong></span> <span class='ocrx_word' id='word_1_137' title='bbox 1329 2396 1384 2449; x_wconf 83' lang='grc' dir='ltr'>δὲ</span> <span class='ocrx_word' id='word_1_138' title='bbox 1426 2401 1676 2472; x_wconf 83' lang='grc' dir='ltr'>Φημονόη</span> <span class='ocrx_word' id='word_1_139' title='bbox 1718 2405 1991 2474; x_wconf 82' lang='grc' dir='ltr'>προφῆτις</span> 
     </span>
    </p>
   </div>
   <div class='ocr_carea' id='block_1_25' title="bbox 410 2469 1985 2565">
    <p class='ocr_par' dir='ltr' id='par_1_25' title="bbox 410 2469 1985 2565">
     <span class='ocr_line' id='line_1_25' title="bbox 410 2469 1985 2565; baseline 0.017 -39"><span class='ocrx_word' id='word_1_140' title='bbox 410 2469 480 2544; x_wconf 76' lang='grc' dir='ltr'>ἦν</span> <span class='ocrx_word' id='word_1_141' title='bbox 512 2476 602 2529; x_wconf 86' lang='grc' dir='ltr'><strong>τοῦ</strong></span> <span class='ocrx_word' id='word_1_142' title='bbox 640 2478 975 2546; x_wconf 69' lang='grc' dir='ltr'>’Λπόλλωνος</span> <span class='ocrx_word' id='word_1_143' title='bbox 996 2522 1011 2547; x_wconf 89' lang='grc'><strong>,</strong></span> <span class='ocrx_word' id='word_1_144' title='bbox 1045 2486 1369 2557; x_wconf 79' lang='grc' dir='ltr'>ἑξαμέτροις</span> <span class='ocrx_word' id='word_1_145' title='bbox 1400 2469 1985 2565; x_wconf 29' lang='grc' dir='ltr'>χρωμένη-χρησμοῖς.</span> 
     </span>
    </p>
   </div>
   <div class='ocr_carea' id='block_1_26' title="bbox 496 2567 1172 2644">
    <p class='ocr_par' dir='ltr' id='par_1_26' title="bbox 496 2567 1172 2644">
     <span class='ocr_line' id='line_1_26' title="bbox 496 2567 1172 2644; baseline 0.015 -23"><span class='ocrx_word' id='word_1_146' title='bbox 496 2567 783 2633; x_wconf 75' lang='grc' dir='ltr'>Ἀξιώσει.</span> <span class='ocrx_word' id='word_1_147' title='bbox 819 2577 1172 2644; x_wconf 78' lang='grc' dir='ltr'>Δογματίσει.</span> 
     </span>
    </p>
   </div>
   <div class='ocr_carea' id='block_1_27' title="bbox 481 2662 1292 2741">
    <p class='ocr_par' dir='ltr' id='par_1_27' title="bbox 481 2662 1292 2741">
     <span class='ocr_line' id='line_1_27' title="bbox 481 2662 1292 2741; baseline 0.017 -29"><span class='ocrx_word' id='word_1_148' title='bbox 481 2662 826 2730; x_wconf 80' lang='grc' dir='ltr'>Πυθώμεθα.</span> <span class='ocrx_word' id='word_1_149' title='bbox 866 2666 1292 2741; x_wconf 82' lang='grc' dir='ltr'>Ἑρωτήσωμεν.</span> 
     </span>
    </p>
   </div>
   <div class='ocr_carea' id='block_1_28' title="bbox 495 2754 1990 2843">
    <p class='ocr_par' dir='ltr' id='par_1_28' title="bbox 495 2754 1990 2843">
     <span class='ocr_line' id='line_1_28' title="bbox 495 2754 1990 2843; baseline 0.015 -38"><span class='ocrx_word' id='word_1_150' title='bbox 495 2754 595 2816; x_wconf 79' lang='grc' dir='ltr'><strong>Ἐξ</strong></span> <span class='ocrx_word' id='word_1_151' title='bbox 627 2756 950 2825; x_wconf 80' lang='grc' dir='ltr'>ἀνομοίων.</span> <span class='ocrx_word' id='word_1_152' title='bbox 985 2759 1106 2814; x_wconf 77' lang='grc' dir='ltr'><strong>Εἰσὶ</strong></span> <span class='ocrx_word' id='word_1_153' title='bbox 1140 2764 1250 2834; x_wconf 81' lang='grc' dir='ltr'>γὰρ</span> <span class='ocrx_word' id='word_1_154' title='bbox 1282 2765 1377 2819; x_wconf 71' lang='grc' dir='ltr'><strong>καλ⁸</strong></span> <span class='ocrx_word' id='word_1_155' title='bbox 1408 2766 1470 2831; x_wconf 77' lang='grc' dir='ltr'>ἐξ</span> <span class='ocrx_word' id='word_1_156' title='bbox 1501 2767 1672 2824; x_wconf 80' lang='grc' dir='ltr'>ὗέλων</span> <span class='ocrx_word' id='word_1_157' title='bbox 1706 2770 1990 2843; x_wconf 81' lang='grc' dir='ltr'>κάτοπτρα</span> 
     </span>
    </p>
   </div>
   <div class='ocr_carea' id='block_1_29' title="bbox 411 2845 1443 2929">
    <p class='ocr_par' dir='ltr' id='par_1_29' title="bbox 411 2845 1443 2929">
     <span class='ocr_line' id='line_1_29' title="bbox 411 2845 1443 2929; baseline 0.015 -33"><span class='ocrx_word' id='word_1_158' title='bbox 411 2845 504 2898; x_wconf 75' lang='grc' dir='ltr'>καὶ</span> <span class='ocrx_word' id='word_1_159' title='bbox 533 2847 589 2912; x_wconf 74' lang='grc' dir='ltr'>ἐξ</span> <span class='ocrx_word' id='word_1_160' title='bbox 623 2850 846 2920; x_wconf 79' lang='grc' dir='ltr'>σιδήρου</span> <span class='ocrx_word' id='word_1_161' title='bbox 879 2855 974 2904; x_wconf 80' lang='grc' dir='ltr'><strong>καὶ</strong></span> <span class='ocrx_word' id='word_1_162' title='bbox 1003 2854 1062 2920; x_wconf 80' lang='grc' dir='ltr'><strong>ἐξ</strong></span> <span class='ocrx_word' id='word_1_163' title='bbox 1092 2855 1262 2925; x_wconf 81' lang='grc' dir='ltr'>ἄλλης</span> <span class='ocrx_word' id='word_1_164' title='bbox 1290 2855 1443 2929; x_wconf 79' lang='grc' dir='ltr'>ὕλης.</span> 
     </span>
    </p>
   </div>
   <div class='ocr_carea' id='block_1_30' title="bbox 480 2939 1989 3025">
    <p class='ocr_par' dir='ltr' id='par_1_30' title="bbox 480 2939 1989 3025">
     <span class='ocr_line' id='line_1_30' title="bbox 480 2939 1989 3025; baseline 0.011 -33"><span class='ocrx_word' id='word_1_165' title='bbox 480 2939 620 3007; x_wconf 74' lang='grc' dir='ltr'>Περὶ</span> <span class='ocrx_word' id='word_1_166' title='bbox 660 2942 766 2995; x_wconf 87' lang='grc' dir='ltr'><strong>τοῦ</strong></span> <span class='ocrx_word' id='word_1_167' title='bbox 816 2946 1178 3014; x_wconf 79' lang='grc' dir='ltr'>πνεύματος.</span> <span class='ocrx_word' id='word_1_168' title='bbox 1211 2947 1278 3001; x_wconf 87' lang='grc' dir='ltr'>Ἣ</span> <span class='ocrx_word' id='word_1_169' title='bbox 1320 2949 1397 3013; x_wconf 82' lang='grc' dir='ltr'><strong>ὡς</strong></span> <span class='ocrx_word' id='word_1_170' title='bbox 1441 2951 1500 3004; x_wconf 87' lang='grc' dir='ltr'>οὐ</span> <span class='ocrx_word' id='word_1_171' title='bbox 1548 2953 1679 3021; x_wconf 79' lang='grc' dir='ltr'>περὶ</span> <span class='ocrx_word' id='word_1_172' title='bbox 1723 2956 1989 3025; x_wconf 82' lang='grc' dir='ltr'>διαφορᾶς</span> 
     </span>
    </p>
   </div>
   <div class='ocr_carea' id='block_1_31' title="bbox 409 3031 1989 3111">
    <p class='ocr_par' dir='ltr' id='par_1_31' title="bbox 409 3031 1989 3111">
     <span class='ocr_line' id='line_1_31' title="bbox 409 3031 1989 3111; baseline 0.012 -29"><span class='ocrx_word' id='word_1_173' title='bbox 409 3031 720 3101; x_wconf 77' lang='grc' dir='ltr'>πνεύματος</span> <span class='ocrx_word' id='word_1_174' title='bbox 750 3036 1060 3105; x_wconf 55' lang='grc' dir='ltr'>εἰρήκασιν,</span> <span class='ocrx_word' id='word_1_175' title='bbox 1089 3038 1208 3093; x_wconf 79' lang='grc' dir='ltr'>ἀλλ’</span> <span class='ocrx_word' id='word_1_176' title='bbox 1236 3040 1313 3104; x_wconf 84' lang='grc' dir='ltr'>ὡς</span> <span class='ocrx_word' id='word_1_177' title='bbox 1341 3043 1473 3110; x_wconf 80' lang='grc' dir='ltr'>μιᾶς</span> <span class='ocrx_word' id='word_1_178' title='bbox 1503 3042 1718 3111; x_wconf 85' lang='grc' dir='ltr'>φύσεως</span> <span class='ocrx_word' id='word_1_179' title='bbox 1750 3044 1809 3098; x_wconf 83' lang='grc' dir='ltr'>ὃν</span> <span class='ocrx_word' id='word_1_180' title='bbox 1840 3045 1989 3102; x_wconf 76' lang='grc' dir='ltr'>ἅπαν</span> 
     </span>
    </p>
   </div>
   <div class='ocr_carea' id='block_1_32' title="bbox 308 3174 1986 3251">
    <p class='ocr_par' dir='ltr' id='par_1_32' title="bbox 308 3174 1986 3251">
     <span class='ocr_line' id='line_1_32' title="bbox 308 3174 1986 3251; baseline 0.01 -17"><span class='ocrx_word' id='word_1_181' title='bbox 308 3174 321 3199; x_wconf 79' lang='grc'>⁸</span> <span class='ocrx_word' id='word_1_182' title='bbox 407 3184 690 3238; x_wconf 88' lang='lat' dir='ltr'><strong>concussit</strong></span> <span class='ocrx_word' id='word_1_183' title='bbox 753 3185 1095 3241; x_wconf 82' lang='lat' dir='ltr'><strong>somniorum</strong></span> <span class='ocrx_word' id='word_1_184' title='bbox 1158 3189 1553 3245; x_wconf 87' lang='lat' dir='ltr'><strong>rectitudinem</strong></span> <span class='ocrx_word' id='word_1_185' title='bbox 1592 3200 1652 3247; x_wconf 89' lang='lat' dir='ltr'><strong>et</strong></span> <span class='ocrx_word' id='word_1_186' title='bbox 1676 3192 1986 3251; x_wconf 91' lang='lat' dir='ltr'><strong>veritatem.</strong></span> 
     </span>
    </p>
   </div>
   <div class='ocr_carea' id='block_1_33' title="bbox 406 3271 1990 3348">
    <p class='ocr_par' dir='ltr' id='par_1_33' title="bbox 406 3271 1990 3348">
     <span class='ocr_line' id='line_1_33' title="bbox 406 3271 1990 3348; baseline 0.013 -24"><span class='ocrx_word' id='word_1_187' title='bbox 406 3271 725 3343; x_wconf 84' lang='lat' dir='ltr'><strong>Propterea,</strong></span> <span class='ocrx_word' id='word_1_188' title='bbox 765 3277 967 3348; x_wconf 92' lang='lat' dir='ltr'><strong>inquit,</strong></span> <span class='ocrx_word' id='word_1_189' title='bbox 995 3280 1229 3336; x_wconf 90' lang='lat' dir='ltr'><strong>arduum</strong></span> <span class='ocrx_word' id='word_1_190' title='bbox 1254 3291 1339 3337; x_wconf 88' lang='lat' dir='ltr'><strong>est</strong></span> <span class='ocrx_word' id='word_1_191' title='bbox 1373 3283 1427 3338; x_wconf 95' lang='lat' dir='ltr'><strong>in</strong></span> <span class='ocrx_word' id='word_1_192' title='bbox 1452 3292 1562 3338; x_wconf 87' lang='lat' dir='ltr'><strong>tant</strong></span> <span class='ocrx_word' id='word_1_193' title='bbox 1588 3285 1757 3342; x_wconf 88' lang='lat' dir='ltr'><strong>variis</strong></span> <span class='ocrx_word' id='word_1_194' title='bbox 1780 3286 1990 3345; x_wconf 89' lang='lat' dir='ltr'><strong>discre-</strong></span> 
     </span>
    </p>
   </div>
   <div class='ocr_carea' id='block_1_34' title="bbox 408 3368 1987 3450">
    <p class='ocr_par' dir='ltr' id='par_1_34' title="bbox 408 3368 1987 3450">
     <span class='ocr_line' id='line_1_34' title="bbox 408 3368 1987 3450; baseline 0.013 -32"><span class='ocrx_word' id='word_1_195' title='bbox 408 3368 779 3439; x_wconf 86' lang='lat' dir='ltr'><strong>pantibusque</strong></span> <span class='ocrx_word' id='word_1_196' title='bbox 807 3372 993 3439; x_wconf 85' lang='lat' dir='ltr'><strong>rebus,</strong></span> <span class='ocrx_word' id='word_1_197' title='bbox 1022 3373 1203 3430; x_wconf 87' lang='lat' dir='ltr'><strong>simile</strong></span> <span class='ocrx_word' id='word_1_198' title='bbox 1227 3385 1515 3446; x_wconf 85' lang='lat' dir='ltr'><strong>spectrum</strong></span> <span class='ocrx_word' id='word_1_199' title='bbox 1540 3384 1987 3450; x_wconf 85' lang='lat' dir='ltr'><strong>commonstrari,</strong></span> 
     </span>
    </p>
   </div>
   <div class='ocr_carea' id='block_1_35' title="bbox 411 3459 1491 3537">
    <p class='ocr_par' dir='ltr' id='par_1_35' title="bbox 411 3459 1491 3537">
     <span class='ocr_line' id='line_1_35' title="bbox 411 3459 1491 3537; baseline 0.013 -25"><span class='ocrx_word' id='word_1_200' title='bbox 411 3459 645 3515; x_wconf 89' lang='lat' dir='ltr'><strong>arduum</strong></span> <span class='ocrx_word' id='word_1_201' title='bbox 667 3472 931 3532; x_wconf 68' lang='lat' dir='ltr'><strong>praeterea</strong></span> <span class='ocrx_word' id='word_1_202' title='bbox 965 3467 1216 3537; x_wconf 77' lang='lat' dir='ltr'><strong>regulam</strong></span> <span class='ocrx_word' id='word_1_203' title='bbox 1250 3472 1491 3526; x_wconf 77' lang='lat' dir='ltr'><strong>tradere.</strong></span> 
     </span>
    </p>
   </div>
   <div class='ocr_carea' id='block_1_36' title="bbox 479 3550 1572 3627">
    <p class='ocr_par' dir='ltr' id='par_1_36' title="bbox 479 3550 1572 3627">
     <span class='ocr_line' id='line_1_36' title="bbox 479 3550 1572 3627; baseline 0.015 -23"><span class='ocrx_word' id='word_1_204' title='bbox 479 3550 545 3605; x_wconf 82' lang='lat' dir='ltr'><strong>In</strong></span> <span class='ocrx_word' id='word_1_205' title='bbox 569 3563 711 3607; x_wconf 86' lang='lat' dir='ltr'><strong>statu</strong></span> <span class='ocrx_word' id='word_1_206' title='bbox 744 3572 1082 3627; x_wconf 72' lang='lat' dir='ltr'><strong>permanens.</strong></span> <span class='ocrx_word' id='word_1_207' title='bbox 1115 3559 1239 3616; x_wconf 85' lang='lat' dir='ltr'><strong>Non</strong></span> <span class='ocrx_word' id='word_1_208' title='bbox 1273 3573 1572 3621; x_wconf 88' lang='lat' dir='ltr'><strong>commota.</strong></span> 
     </span>
    </p>
   </div>
   <div class='ocr_carea' id='block_1_37' title="bbox 477 3643 1913 3729">
    <p class='ocr_par' dir='ltr' id='par_1_37' title="bbox 477 3643 1913 3729">
     <span class='ocr_line' id='line_1_37' title="bbox 477 3643 1913 3729; baseline 0.014 -33"><span class='ocrx_word' id='word_1_209' title='bbox 477 3643 894 3713; x_wconf 83' lang='lat' dir='ltr'><strong>Disponebalur.</strong></span> <span class='ocrx_word' id='word_1_210' title='bbox 923 3650 1279 3717; x_wconf 90' lang='lat' dir='ltr'><strong>lnformetur,</strong></span> <span class='ocrx_word' id='word_1_211' title='bbox 1307 3662 1361 3708; x_wconf 92' lang='lat' dir='ltr'><strong>et</strong></span> <span class='ocrx_word' id='word_1_212' title='bbox 1380 3654 1593 3727; x_wconf 79' lang='lat' dir='ltr'><strong>efﬁgies</strong></span> <span class='ocrx_word' id='word_1_213' title='bbox 1625 3659 1913 3729; x_wconf 80' lang='lat' dir='ltr'><strong>suscipiat.</strong></span> 
     </span>
    </p>
   </div>
   <div class='ocr_carea' id='block_1_38' title="bbox 474 3736 1990 3821">
    <p class='ocr_par' dir='ltr' id='par_1_38' title="bbox 474 3736 1990 3821">
     <span class='ocr_line' id='line_1_38' title="bbox 474 3736 1990 3821; baseline 0.012 -30"><span class='ocrx_word' id='word_1_214' title='bbox 474 3736 811 3795; x_wconf 73' lang='lat' dir='ltr'><strong>Crassitudo.</strong></span> <span class='ocrx_word' id='word_1_215' title='bbox 846 3741 1135 3812; x_wconf 90' lang='lat' dir='ltr'><strong>[nquinata</strong></span> <span class='ocrx_word' id='word_1_216' title='bbox 1170 3755 1227 3799; x_wconf 88' lang='lat' dir='ltr'><strong>et</strong></span> <span class='ocrx_word' id='word_1_217' title='bbox 1260 3746 1482 3803; x_wconf 89' lang='lat' dir='ltr'><strong>turbida</strong></span> <span class='ocrx_word' id='word_1_218' title='bbox 1507 3791 1531 3815; x_wconf 31' lang='grc' dir='ltr'><strong>,λ</strong></span> <span class='ocrx_word' id='word_1_219' title='bbox 1559 3751 1643 3806; x_wconf 91' lang='lat' dir='ltr'><strong>vel</strong></span> <span class='ocrx_word' id='word_1_220' title='bbox 1693 3752 1879 3821; x_wconf 85' lang='lat' dir='ltr'><strong>potius</strong></span> <span class='ocrx_word' id='word_1_221' title='bbox 1906 3754 1990 3809; x_wconf 92' lang='lat' dir='ltr'><strong>in-</strong></span> 
     </span>
    </p>
   </div>
   <div class='ocr_carea' id='block_1_39' title="bbox 402 3831 1984 3911">
    <p class='ocr_par' dir='ltr' id='par_1_39' title="bbox 402 3831 1984 3911">
     <span class='ocr_line' id='line_1_39' title="bbox 402 3831 1984 3911; baseline 0.012 -29"><span class='ocrx_word' id='word_1_222' title='bbox 402 3831 855 3898; x_wconf 84' lang='lat' dir='ltr'><strong>quinamentum.</strong></span> <span class='ocrx_word' id='word_1_223' title='bbox 913 3836 1078 3892; x_wconf 85' lang='lat' dir='ltr'><strong>Aliud</strong></span> <span class='ocrx_word' id='word_1_224' title='bbox 1159 3847 1245 3893; x_wconf 91' lang='lat' dir='ltr'><strong>est</strong></span> <span class='ocrx_word' id='word_1_225' title='bbox 1296 3839 1444 3896; x_wconf 92' lang='lat' dir='ltr'><strong>enim</strong></span> <span class='ocrx_word' id='word_1_226' title='bbox 1505 3842 1984 3911; x_wconf 79' lang='lat' dir='ltr'><strong>inquinamentum</strong></span> 
     </span>
    </p>
   </div>
   <div class='ocr_carea' id='block_1_40' title="bbox 402 3922 1988 4007">
    <p class='ocr_par' dir='ltr' id='par_1_40' title="bbox 402 3922 1988 4007">
     <span class='ocr_line' id='line_1_40' title="bbox 402 3922 1988 4007; baseline 0.01 -30"><span class='ocrx_word' id='word_1_227' title='bbox 402 3922 535 3985; x_wconf 86' lang='lat' dir='ltr'><strong>albi,</strong></span> <span class='ocrx_word' id='word_1_228' title='bbox 570 3925 721 3979; x_wconf 82' lang='lat' dir='ltr'><strong>aliud</strong></span> <span class='ocrx_word' id='word_1_229' title='bbox 753 3929 874 3995; x_wconf 86' lang='lat' dir='ltr'><strong>ejus</strong></span> <span class='ocrx_word' id='word_1_230' title='bbox 901 3930 1050 3997; x_wconf 85' lang='lat' dir='ltr'><strong>quod</strong></span> <span class='ocrx_word' id='word_1_231' title='bbox 1096 3931 1317 4001; x_wconf 80' lang='lat' dir='ltr'><strong>nigrum</strong></span> <span class='ocrx_word' id='word_1_232' title='bbox 1371 3932 1615 3999; x_wconf 85' lang='lat' dir='ltr'><strong>videtur,</strong></span> <span class='ocrx_word' id='word_1_233' title='bbox 1634 3934 1798 4007; x_wconf 37' lang='lat' dir='ltr'><strong>‘aliud</strong></span> <span class='ocrx_word' id='word_1_234' title='bbox 1831 3937 1988 3993; x_wconf 87' lang='lat' dir='ltr'><strong>deni-</strong></span> 
     </span>
    </p>
   </div>
   <div class='ocr_carea' id='block_1_41' title="bbox 400 4018 1448 4095">
    <p class='ocr_par' dir='ltr' id='par_1_41' title="bbox 400 4018 1448 4095">
     <span class='ocr_line' id='line_1_41' title="bbox 400 4018 1448 4095; baseline 0.013 -28"><span class='ocrx_word' id='word_1_235' title='bbox 400 4032 509 4084; x_wconf 87' lang='lat' dir='ltr'><strong>que</strong></span> <span class='ocrx_word' id='word_1_236' title='bbox 536 4018 658 4087; x_wconf 88' lang='lat' dir='ltr'><strong>ejus</strong></span> <span class='ocrx_word' id='word_1_237' title='bbox 683 4020 833 4088; x_wconf 85' lang='lat' dir='ltr'><strong>quod</strong></span> <span class='ocrx_word' id='word_1_238' title='bbox 874 4024 1171 4091; x_wconf 89' lang='lat' dir='ltr'><strong>puniceum</strong></span> <span class='ocrx_word' id='word_1_239' title='bbox 1196 4035 1448 4095; x_wconf 83' lang='lat' dir='ltr'><strong>apparet.</strong></span> 
     </span>
    </p>
   </div>
   <div class='ocr_carea' id='block_1_42' title="bbox 469 4109 900 4182">
    <p class='ocr_par' dir='ltr' id='par_1_42' title="bbox 469 4109 900 4182">
     <span class='ocr_line' id='line_1_42' title="bbox 469 4109 900 4182; baseline 0.009 -19"><span class='ocrx_word' id='word_1_240' title='bbox 469 4109 532 4163; x_wconf 86' lang='lat' dir='ltr'><strong>In</strong></span> <span class='ocrx_word' id='word_1_241' title='bbox 560 4111 689 4166; x_wconf 82' lang='lat' dir='ltr'><strong>alio.</strong></span> <span class='ocrx_word' id='word_1_242' title='bbox 719 4113 900 4182; x_wconf 81' lang='lat' dir='ltr'><strong>Aqua.</strong></span> 
     </span>
    </p>
   </div>
   <div class='ocr_carea' id='block_1_43' title="bbox 472 4200 1989 4285">
    <p class='ocr_par' dir='ltr' id='par_1_43' title="bbox 472 4200 1989 4285">
     <span class='ocr_line' id='line_1_43' title="bbox 472 4200 1989 4285; baseline 0.012 -31"><span class='ocrx_word' id='word_1_243' title='bbox 472 4200 651 4257; x_wconf 77' lang='lat' dir='ltr'><strong>Motus</strong></span> <span class='ocrx_word' id='word_1_244' title='bbox 699 4205 754 4257; x_wconf 90' lang='lat' dir='ltr'><strong>in</strong></span> <span class='ocrx_word' id='word_1_245' title='bbox 806 4206 1050 4274; x_wconf 77' lang='lat' dir='ltr'><strong>plurimis</strong></span> <span class='ocrx_word' id='word_1_246' title='bbox 1076 4207 1287 4278; x_wconf 80' lang='lat' dir='ltr'><strong>ﬁguris.</strong></span> <span class='ocrx_word' id='word_1_247' title='bbox 1336 4210 1528 4279; x_wconf 65' lang='lat' dir='ltr'><strong>Aquae,</strong></span> <span class='ocrx_word' id='word_1_248' title='bbox 1559 4221 1653 4268; x_wconf 89' lang='lat' dir='ltr'><strong>aut</strong></span> <span class='ocrx_word' id='word_1_249' title='bbox 1679 4217 1989 4285; x_wconf 73' lang='lat' dir='ltr'><strong>tortuosis,</strong></span> 
     </span>
    </p>
   </div>
   <div class='ocr_carea' id='block_1_44' title="bbox 399 4300 1199 4357">
    <p class='ocr_par' dir='ltr' id='par_1_44' title="bbox 399 4300 1199 4357">
     <span class='ocr_line' id='line_1_44' title="bbox 399 4300 1199 4357; baseline 0.008 -8"><span class='ocrx_word' id='word_1_250' title='bbox 399 4306 496 4349; x_wconf 88' lang='lat' dir='ltr'><strong>aut</strong></span> <span class='ocrx_word' id='word_1_251' title='bbox 528 4305 678 4353; x_wconf 92' lang='lat' dir='ltr'><strong>recto</strong></span> <span class='ocrx_word' id='word_1_252' title='bbox 704 4300 925 4355; x_wconf 86' lang='lat' dir='ltr'><strong>tramite</strong></span> <span class='ocrx_word' id='word_1_253' title='bbox 952 4301 1199 4357; x_wconf 81' lang='lat' dir='ltr'><strong>directis.</strong></span> 
     </span>
    </p>
   </div>
   <div class='ocr_carea' id='block_1_45' title="bbox 442 4386 1986 4467">
    <p class='ocr_par' dir='ltr' id='par_1_45' title="bbox 442 4386 1986 4467">
     <span class='ocr_line' id='line_1_45' title="bbox 442 4386 1986 4467; baseline 0.007 -25"><span class='ocrx_word' id='word_1_254' title='bbox 442 4442 449 4454; x_wconf 79' lang='grc'><strong>,</strong></span> <span class='ocrx_word' id='word_1_255' title='bbox 478 4386 622 4446; x_wconf 77' lang='lat' dir='ltr'><strong>Sive.</strong></span> <span class='ocrx_word' id='word_1_256' title='bbox 648 4389 881 4445; x_wconf 76' lang='lat' dir='ltr'><strong>Videtur</strong></span> <span class='ocrx_word' id='word_1_257' title='bbox 931 4394 1390 4449; x_wconf 81' lang='lat' dir='ltr'><strong>consuetudinem</strong></span> <span class='ocrx_word' id='word_1_258' title='bbox 1423 4405 1479 4450; x_wconf 88' lang='lat' dir='ltr'><strong>et</strong></span> <span class='ocrx_word' id='word_1_259' title='bbox 1507 4396 1846 4467; x_wconf 88' lang='lat' dir='ltr'><strong>colloquium</strong></span> <span class='ocrx_word' id='word_1_260' title='bbox 1888 4398 1986 4453; x_wconf 88' lang='lat' dir='ltr'><strong>ha-</strong></span> 
     </span>
    </p>
   </div>
   <div class='ocr_carea' id='block_1_46' title="bbox 399 4480 1983 4561">
    <p class='ocr_par' dir='ltr' id='par_1_46' title="bbox 399 4480 1983 4561">
     <span class='ocr_line' id='line_1_46' title="bbox 399 4480 1983 4561; baseline 0.009 -29"><span class='ocrx_word' id='word_1_261' title='bbox 399 4480 586 4536; x_wconf 86' lang='lat' dir='ltr'><strong>buisse</strong></span> <span class='ocrx_word' id='word_1_262' title='bbox 615 4498 740 4537; x_wconf 91' lang='lat' dir='ltr'><strong>eum</strong></span> <span class='ocrx_word' id='word_1_263' title='bbox 772 4484 1103 4553; x_wconf 87' lang='lat' dir='ltr'><strong>quihusdam</strong></span> <span class='ocrx_word' id='word_1_264' title='bbox 1152 4486 1349 4541; x_wconf 88' lang='lat' dir='ltr'><strong>horum</strong></span> <span class='ocrx_word' id='word_1_265' title='bbox 1378 4487 1655 4542; x_wconf 71' lang='lat' dir='ltr'><strong>artificum</strong></span> <span class='ocrx_word' id='word_1_266' title='bbox 1686 4488 1757 4545; x_wconf 78' lang='lat' dir='ltr'><strong>de</strong></span> <span class='ocrx_word' id='word_1_267' title='bbox 1790 4490 1983 4561; x_wconf 51' lang='lat' dir='ltr'><strong>imagis</strong></span> 
     </span>
    </p>
   </div>
   <div class='ocr_carea' id='block_1_47' title="bbox 397 4573 1465 4650">
    <p class='ocr_par' dir='ltr' id='par_1_47' title="bbox 397 4573 1465 4650">
     <span class='ocr_line' id='line_1_47' title="bbox 397 4573 1465 4650; baseline 0.007 -24"><span class='ocrx_word' id='word_1_268' title='bbox 397 4573 622 4628; x_wconf 84' lang='lat' dir='ltr'><strong>natione</strong></span> <span class='ocrx_word' id='word_1_269' title='bbox 644 4590 706 4629; x_wconf 90' lang='lat' dir='ltr'><strong>ac</strong></span> <span class='ocrx_word' id='word_1_270' title='bbox 732 4575 1020 4631; x_wconf 81' lang='lat' dir='ltr'><strong>divinandi</strong></span> <span class='ocrx_word' id='word_1_271' title='bbox 1049 4586 1170 4632; x_wconf 89' lang='lat' dir='ltr'><strong>arte</strong></span> <span class='ocrx_word' id='word_1_272' title='bbox 1198 4577 1465 4650; x_wconf 82' lang='lat' dir='ltr'><strong>Synesius</strong></span> 
     </span>
    </p>
   </div>
   <div class='ocr_carea' id='block_1_48' title="bbox 472 4664 1981 4740">
    <p class='ocr_par' dir='ltr' id='par_1_48' title="bbox 472 4664 1981 4740">
     <span class='ocr_line' id='line_1_48' title="bbox 472 4664 1981 4740; baseline 0.007 -22"><span class='ocrx_word' id='word_1_273' title='bbox 472 4664 795 4736; x_wconf 73' lang='lat' dir='ltr'><strong>Melampus.</strong></span> <span class='ocrx_word' id='word_1_274' title='bbox 827 4666 930 4725; x_wconf 82' lang='lat' dir='ltr'><strong>Hic</strong></span> <span class='ocrx_word' id='word_1_275' title='bbox 973 4668 1278 4739; x_wconf 75' lang='lat' dir='ltr'><strong>Melampus</strong></span> <span class='ocrx_word' id='word_1_276' title='bbox 1312 4668 1601 4740; x_wconf 64' lang='lat' dir='ltr'><strong>Egyptius</strong></span> <span class='ocrx_word' id='word_1_277' title='bbox 1630 4680 1751 4727; x_wconf 91' lang='lat' dir='ltr'><strong>erat</strong></span> <span class='ocrx_word' id='word_1_278' title='bbox 1790 4688 1981 4728; x_wconf 87' lang='lat' dir='ltr'><strong>rerum</strong></span> 
     </span>
    </p>
   </div>
   <div class='ocr_carea' id='block_1_49' title="bbox 398 4761 1983 4833">
    <p class='ocr_par' dir='ltr' id='par_1_49' title="bbox 398 4761 1983 4833">
     <span class='ocr_line' id='line_1_49' title="bbox 398 4761 1983 4833; baseline 0.006 -21"><span class='ocrx_word' id='word_1_279' title='bbox 398 4773 678 4813; x_wconf 88' lang='lat' dir='ltr'><strong>sacrarum</strong></span> <span class='ocrx_word' id='word_1_280' title='bbox 706 4769 769 4815; x_wconf 44' lang='lat' dir='ltr'><strong>eti</strong></span> <span class='ocrx_word' id='word_1_281' title='bbox 784 4761 929 4830; x_wconf 90' lang='lat' dir='ltr'><strong>apud</strong></span> <span class='ocrx_word' id='word_1_282' title='bbox 962 4775 1059 4816; x_wconf 90' lang='lat' dir='ltr'><strong>eos</strong></span> <span class='ocrx_word' id='word_1_283' title='bbox 1091 4770 1449 4832; x_wconf 80' lang='lat' dir='ltr'><strong>augustarum</strong></span> <span class='ocrx_word' id='word_1_284' title='bbox 1485 4764 1745 4833; x_wconf 82' lang='lat' dir='ltr'><strong>scriptor,</strong></span> <span class='ocrx_word' id='word_1_285' title='bbox 1785 4780 1851 4821; x_wconf 88' lang='lat' dir='ltr'><strong>ac</strong></span> <span class='ocrx_word' id='word_1_286' title='bbox 1878 4782 1983 4821; x_wconf 68' lang='lat' dir='ltr'><strong>ca:-</strong></span> 
     </span>
    </p>
   </div>
   <div class='ocr_carea' id='block_1_50' title="bbox 399 4852 1977 4925">
    <p class='ocr_par' dir='ltr' id='par_1_50' title="bbox 399 4852 1977 4925">
     <span class='ocr_line' id='line_1_50' title="bbox 399 4852 1977 4925; baseline 0.005 -22"><span class='ocrx_word' id='word_1_287' title='bbox 399 4852 775 4906; x_wconf 87' lang='lat' dir='ltr'><strong>remoniarum</strong></span> <span class='ocrx_word' id='word_1_288' title='bbox 829 4853 1080 4919; x_wconf 84' lang='lat' dir='ltr'><strong>antistes,</strong></span> <span class='ocrx_word' id='word_1_289' title='bbox 1115 4868 1329 4908; x_wconf 85' lang='lat' dir='ltr'><strong>necnon</strong></span> <span class='ocrx_word' id='word_1_290' title='bbox 1357 4854 1589 4925; x_wconf 80' lang='lat' dir='ltr'><strong>augurio</strong></span> <span class='ocrx_word' id='word_1_291' title='bbox 1617 4856 1977 4913; x_wconf 84' lang='lat' dir='ltr'><strong>clarissimus.</strong></span> 
     </span>
    </p>
   </div>
   <div class='ocr_carea' id='block_1_51' title="bbox 401 4942 2013 5017">
    <p class='ocr_par' dir='ltr' id='par_1_51' title="bbox 401 4942 2013 5017">
     <span class='ocr_line' id='line_1_51' title="bbox 401 4942 2013 5017; baseline 0.003 -21"><span class='ocrx_word' id='word_1_292' title='bbox 401 4942 475 5010; x_wconf 89' lang='lat' dir='ltr'><strong>Is,</strong></span> <span class='ocrx_word' id='word_1_293' title='bbox 500 4954 559 4997; x_wconf 92' lang='lat' dir='ltr'><strong>ut</strong></span> <span class='ocrx_word' id='word_1_294' title='bbox 582 4943 762 5010; x_wconf 89' lang='lat' dir='ltr'><strong>aiunt,</strong></span> <span class='ocrx_word' id='word_1_295' title='bbox 788 4943 994 5000; x_wconf 65' lang='lat' dir='ltr'><strong>Graecis</strong></span> <span class='ocrx_word' id='word_1_296' title='bbox 1025 4945 1252 5000; x_wconf 85' lang='lat' dir='ltr'><strong>tradidit</strong></span> <span class='ocrx_word' id='word_1_297' title='bbox 1279 4945 1662 5017; x_wconf 65' lang='lat' dir='ltr'><strong>Egyptiorum</strong></span> <span class='ocrx_word' id='word_1_298' title='bbox 1704 4962 1891 5013; x_wconf 85' lang='lat' dir='ltr'><strong>sacra,</strong></span> <span class='ocrx_word' id='word_1_299' title='bbox 1920 4959 1981 5004; x_wconf 90' lang='lat' dir='ltr'><strong>ut</strong></span> <span class='ocrx_word' id='word_1_300' title='bbox 2000 4996 2013 5001; x_wconf 81' lang='lat'><strong>-</strong></span> 
     </span>
    </p>
   </div>
   <div class='ocr_carea' id='block_1_52' title="bbox 396 5034 1976 5105">
    <p class='ocr_par' dir='ltr' id='par_1_52' title="bbox 396 5034 1976 5105">
     <span class='ocr_line' id='line_1_52' title="bbox 396 5034 1976 5105; baseline 0.004 -19"><span class='ocrx_word' id='word_1_301' title='bbox 396 5048 462 5087; x_wconf 84' lang='lat' dir='ltr'><strong>ca</strong></span> <span class='ocrx_word' id='word_1_302' title='bbox 506 5034 882 5098; x_wconf 89' lang='lat' dir='ltr'><strong>imitarentur,</strong></span> <span class='ocrx_word' id='word_1_303' title='bbox 929 5042 999 5089; x_wconf 83' lang='lat' dir='ltr'><strong>et.</strong></span> <span class='ocrx_word' id='word_1_304' title='bbox 1027 5036 1131 5105; x_wconf 87' lang='lat' dir='ltr'><strong>ipsi</strong></span> <span class='ocrx_word' id='word_1_305' title='bbox 1191 5035 1264 5089; x_wconf 85' lang='lat' dir='ltr'><strong>ab</strong></span> <span class='ocrx_word' id='word_1_306' title='bbox 1312 5035 1408 5089; x_wconf 90' lang='lat' dir='ltr'><strong>illo</strong></span> <span class='ocrx_word' id='word_1_307' title='bbox 1462 5035 1742 5091; x_wconf 80' lang='lat' dir='ltr'><strong>informati</strong></span> <span class='ocrx_word' id='word_1_308' title='bbox 1783 5037 1976 5093; x_wconf 87' lang='lat' dir='ltr'><strong>iisdem</strong></span> 
     </span>
    </p>
   </div>
   <div class='ocr_carea' id='block_1_53' title="bbox 401 5125 1980 5199">
    <p class='ocr_par' dir='ltr' id='par_1_53' title="bbox 401 5125 1980 5199">
     <span class='ocr_line' id='line_1_53' title="bbox 401 5125 1980 5199; baseline 0.004 -20"><span class='ocrx_word' id='word_1_309' title='bbox 401 5141 625 5193; x_wconf 74' lang='lat' dir='ltr'><strong>Operam</strong></span> <span class='ocrx_word' id='word_1_310' title='bbox 658 5126 875 5181; x_wconf 87' lang='lat' dir='ltr'><strong>darent.</strong></span> <span class='ocrx_word' id='word_1_311' title='bbox 910 5125 1017 5182; x_wconf 87' lang='lat' dir='ltr'><strong>Sed</strong></span> <span class='ocrx_word' id='word_1_312' title='bbox 1043 5127 1362 5182; x_wconf 87' lang='lat' dir='ltr'><strong>Phemonoe</strong></span> <span class='ocrx_word' id='word_1_313' title='bbox 1381 5137 1535 5183; x_wconf 87' lang='lat' dir='ltr'><strong>vates</strong></span> <span class='ocrx_word' id='word_1_314' title='bbox 1564 5136 1680 5182; x_wconf 87' lang='lat' dir='ltr'><strong>erat</strong></span> <span class='ocrx_word' id='word_1_315' title='bbox 1707 5128 1980 5199; x_wconf 82' lang='lat' dir='ltr'><strong>Apollinis</strong></span> 
     </span>
    </p>
   </div>
   <div class='ocr_carea' id='block_1_54' title="bbox 396 5216 1835 5274">
    <p class='ocr_par' dir='ltr' id='par_1_54' title="bbox 396 5216 1835 5274">
     <span class='ocr_line' id='line_1_54' title="bbox 396 5216 1835 5274; baseline 0.001 -3"><span class='ocrx_word' id='word_1_316' title='bbox 396 5217 452 5271; x_wconf 91' lang='lat' dir='ltr'><strong>in</strong></span> <span class='ocrx_word' id='word_1_317' title='bbox 480 5216 716 5273; x_wconf 82' lang='lat' dir='ltr'><strong>edendis</strong></span> <span class='ocrx_word' id='word_1_318' title='bbox 735 5218 980 5273; x_wconf 88' lang='lat' dir='ltr'><strong>oraculis</strong></span> <span class='ocrx_word' id='word_1_319' title='bbox 1001 5217 1261 5273; x_wconf 83' lang='lat' dir='ltr'><strong>versibus</strong></span> <span class='ocrx_word' id='word_1_320' title='bbox 1279 5218 1617 5273; x_wconf 76' lang='lat' dir='ltr'><strong>hexametris</strong></span> <span class='ocrx_word' id='word_1_321' title='bbox 1651 5227 1835 5274; x_wconf 85' lang='lat' dir='ltr'><strong>utens.</strong></span> 
     </span>
    </p>
   </div>
   <div class='ocr_carea' id='block_1_55' title="bbox 468 5309 1800 5382">
    <p class='ocr_par' dir='ltr' id='par_1_55' title="bbox 468 5309 1800 5382">
     <span class='ocr_line' id='line_1_55' title="bbox 468 5309 1800 5382; baseline 0.001 -18"><span class='ocrx_word' id='word_1_322' title='bbox 468 5310 732 5364; x_wconf 74' lang='lat' dir='ltr'><strong>Censebit.</strong></span> <span class='ocrx_word' id='word_1_323' title='bbox 773 5310 1040 5378; x_wconf 79' lang='lat' dir='ltr'><strong>Dogmata</strong></span> <span class='ocrx_word' id='word_1_324' title='bbox 1077 5311 1280 5375; x_wconf 68' lang='lat' dir='ltr'><strong>tradet,</strong></span> <span class='ocrx_word' id='word_1_325' title='bbox 1317 5318 1590 5382; x_wconf 67' lang='lat' dir='ltr'><strong>praecepta</strong></span> <span class='ocrx_word' id='word_1_326' title='bbox 1626 5309 1800 5365; x_wconf 84' lang='lat' dir='ltr'><strong>dabit.</strong></span> 
     </span>
    </p>
   </div>
   <div class='ocr_carea' id='block_1_56' title="bbox 475 5401 1974 5474">
    <p class='ocr_par' dir='ltr' id='par_1_56' title="bbox 475 5401 1974 5474">
     <span class='ocr_line' id='line_1_56' title="bbox 475 5401 1974 5474; baseline 0.001 -18"><span class='ocrx_word' id='word_1_327' title='bbox 475 5401 559 5456; x_wconf 72' lang='lat' dir='ltr'><strong>Ea:</strong></span> <span class='ocrx_word' id='word_1_328' title='bbox 586 5404 794 5474; x_wconf 78' lang='lat' dir='ltr'><strong>dispari</strong></span> <span class='ocrx_word' id='word_1_329' title='bbox 822 5404 1073 5457; x_wconf 81' lang='lat' dir='ltr'><strong>materia.</strong></span> <span class='ocrx_word' id='word_1_330' title='bbox 1108 5403 1249 5460; x_wconf 88' lang='lat' dir='ltr'><strong>Suut</strong></span> <span class='ocrx_word' id='word_1_331' title='bbox 1276 5402 1426 5458; x_wconf 90' lang='lat' dir='ltr'><strong>enim</strong></span> <span class='ocrx_word' id='word_1_332' title='bbox 1456 5419 1523 5459; x_wconf 79' lang='lat' dir='ltr'><strong>ex</strong></span> <span class='ocrx_word' id='word_1_333' title='bbox 1553 5403 1699 5459; x_wconf 92' lang='lat' dir='ltr'><strong>vitro</strong></span> <span class='ocrx_word' id='word_1_334' title='bbox 1734 5403 1974 5473; x_wconf 83' lang='lat' dir='ltr'><strong>specula,</strong></span> 
     </span>
    </p>
   </div>
   <div class='ocr_carea' id='block_1_57' title="bbox 392 5495 1315 5568">
    <p class='ocr_par' dir='ltr' id='par_1_57' title="bbox 392 5495 1315 5568">
     <span class='ocr_line' id='line_1_57' title="bbox 392 5495 1315 5568; baseline -0.001 -18"><span class='ocrx_word' id='word_1_335' title='bbox 392 5506 449 5550; x_wconf 90' lang='lat' dir='ltr'><strong>et</strong></span> <span class='ocrx_word' id='word_1_336' title='bbox 477 5511 543 5550; x_wconf 80' lang='lat' dir='ltr'><strong>ex</strong></span> <span class='ocrx_word' id='word_1_337' title='bbox 566 5495 818 5568; x_wconf 84' lang='lat' dir='ltr'><strong>chalybe,</strong></span> <span class='ocrx_word' id='word_1_338' title='bbox 841 5504 900 5551; x_wconf 88' lang='lat' dir='ltr'><strong>et</strong></span> <span class='ocrx_word' id='word_1_339' title='bbox 932 5496 1035 5549; x_wconf 90' lang='lat' dir='ltr'><strong>alia</strong></span> <span class='ocrx_word' id='word_1_340' title='bbox 1064 5495 1315 5550; x_wconf 85' lang='lat' dir='ltr'><strong>materia.</strong></span> 
     </span>
    </p>
   </div>
   <div class='ocr_carea' id='block_1_58' title="bbox 466 5587 1975 5659">
    <p class='ocr_par' dir='ltr' id='par_1_58' title="bbox 466 5587 1975 5659">
     <span class='ocr_line' id='line_1_58' title="bbox 466 5587 1975 5659; baseline 0.001 -17"><span class='ocrx_word' id='word_1_341' title='bbox 466 5587 625 5642; x_wconf 76' lang='lat' dir='ltr'><strong>Circa</strong></span> <span class='ocrx_word' id='word_1_342' title='bbox 676 5588 947 5657; x_wconf 76' lang='lat' dir='ltr'><strong>spiritum.</strong></span> <span class='ocrx_word' id='word_1_343' title='bbox 999 5587 1096 5644; x_wconf 79' lang='lat' dir='ltr'><strong>Vel</strong></span> <span class='ocrx_word' id='word_1_344' title='bbox 1143 5589 1212 5642; x_wconf 87' lang='lat' dir='ltr'><strong>de</strong></span> <span class='ocrx_word' id='word_1_345' title='bbox 1264 5588 1534 5643; x_wconf 81' lang='lat' dir='ltr'><strong>varietate</strong></span> <span class='ocrx_word' id='word_1_346' title='bbox 1584 5588 1815 5659; x_wconf 87' lang='lat' dir='ltr'><strong>spiritus</strong></span> <span class='ocrx_word' id='word_1_347' title='bbox 1865 5605 1975 5644; x_wconf 89' lang='lat' dir='ltr'><strong>non</strong></span> 
     </span>
    </p>
   </div>
   <div class='ocr_carea' id='block_1_59' title="bbox 394 5676 1972 5747">
    <p class='ocr_par' dir='ltr' id='par_1_59' title="bbox 394 5676 1972 5747">
     <span class='ocr_line' id='line_1_59' title="bbox 394 5676 1972 5747; baseline 0.002 -16"><span class='ocrx_word' id='word_1_348' title='bbox 394 5676 566 5731; x_wconf 83' lang='lat' dir='ltr'><strong>locuti</strong></span> <span class='ocrx_word' id='word_1_349' title='bbox 589 5686 742 5740; x_wconf 88' lang='lat' dir='ltr'><strong>sunt,</strong></span> <span class='ocrx_word' id='word_1_350' title='bbox 773 5676 870 5732; x_wconf 89' lang='lat' dir='ltr'><strong>sed</strong></span> <span class='ocrx_word' id='word_1_351' title='bbox 890 5677 1048 5747; x_wconf 70' lang='lat' dir='ltr'><strong>quasi</strong></span> <span class='ocrx_word' id='word_1_352' title='bbox 1086 5677 1405 5732; x_wconf 89' lang='lat' dir='ltr'><strong>universum</strong></span> <span class='ocrx_word' id='word_1_353' title='bbox 1433 5679 1504 5732; x_wconf 89' lang='lat' dir='ltr'><strong>sit</strong></span> <span class='ocrx_word' id='word_1_354' title='bbox 1534 5679 1700 5733; x_wconf 85' lang='lat' dir='ltr'><strong>unius</strong></span> <span class='ocrx_word' id='word_1_355' title='bbox 1725 5688 1972 5745; x_wconf 67' lang='lat' dir='ltr'><strong>naturae;</strong></span> 
     </span>
    </p>
   </div>
   <div class='ocr_carea' id='block_1_60' title="bbox 392 5768 1974 5841">
    <p class='ocr_par' dir='ltr' id='par_1_60' title="bbox 392 5768 1974 5841">
     <span class='ocr_line' id='line_1_60' title="bbox 392 5768 1974 5841; baseline 0.002 -18"><span class='ocrx_word' id='word_1_356' title='bbox 392 5768 675 5824; x_wconf 87' lang='lat' dir='ltr'><strong>fatidicum</strong></span> <span class='ocrx_word' id='word_1_357' title='bbox 708 5769 857 5824; x_wconf 83' lang='lat' dir='ltr'><strong>enim</strong></span> <span class='ocrx_word' id='word_1_358' title='bbox 893 5784 1016 5824; x_wconf 80' lang='lat' dir='ltr'><strong>esse</strong></span> <span class='ocrx_word' id='word_1_359' title='bbox 1040 5771 1096 5823; x_wconf 91' lang='lat' dir='ltr'><strong>in</strong></span> <span class='ocrx_word' id='word_1_360' title='bbox 1135 5769 1302 5825; x_wconf 91' lang='lat' dir='ltr'><strong>rebus</strong></span> <span class='ocrx_word' id='word_1_361' title='bbox 1333 5769 1699 5836; x_wconf 85' lang='lat' dir='ltr'><strong>aflirmarunt,</strong></span> <span class='ocrx_word' id='word_1_362' title='bbox 1732 5771 1876 5841; x_wconf 89' lang='lat' dir='ltr'><strong>quod</strong></span> <span class='ocrx_word' id='word_1_363' title='bbox 1905 5772 1974 5826; x_wconf 86' lang='lat' dir='ltr'><strong>sit</strong></span> 
     </span>
    </p>
   </div>
   <div class='ocr_carea' id='block_1_61' title="bbox 392 5861 1418 5931">
    <p class='ocr_par' dir='ltr' id='par_1_61' title="bbox 392 5861 1418 5931">
     <span class='ocr_line' id='line_1_61' title="bbox 392 5861 1418 5931; baseline 0.004 -15"><span class='ocrx_word' id='word_1_364' title='bbox 392 5861 653 5918; x_wconf 81' lang='lat' dir='ltr'><strong>fatidicus</strong></span> <span class='ocrx_word' id='word_1_365' title='bbox 678 5862 732 5918; x_wconf 88' lang='lat' dir='ltr'><strong>iu</strong></span> <span class='ocrx_word' id='word_1_366' title='bbox 764 5862 1099 5931; x_wconf 74' lang='lat' dir='ltr'><strong>imaginandi</strong></span> <span class='ocrx_word' id='word_1_367' title='bbox 1128 5862 1418 5920; x_wconf 85' lang='lat' dir='ltr'><strong>facultate.</strong></span> 
     </span>
    </p>
   </div>
   <div class='ocr_carea' id='block_1_62' title="bbox 468 5951 1454 6024">
    <p class='ocr_par' dir='ltr' id='par_1_62' title="bbox 468 5951 1454 6024">
     <span class='ocr_line' id='line_1_62' title="bbox 468 5951 1454 6024; baseline 0.002 -15"><span class='ocrx_word' id='word_1_368' title='bbox 468 5951 607 6009; x_wconf 72' lang='lat' dir='ltr'><strong>Esse.</strong></span> <span class='ocrx_word' id='word_1_369' title='bbox 629 5952 890 6020; x_wconf 81' lang='lat' dir='ltr'><strong>requlam.</strong></span> <span class='ocrx_word' id='word_1_370' title='bbox 921 5953 1230 6024; x_wconf 75' lang='lat' dir='ltr'><strong>Magistratu</strong></span> <span class='ocrx_word' id='word_1_371' title='bbox 1260 5955 1454 6011; x_wconf 77' lang='lat' dir='ltr'><strong>futuri.</strong></span> 
     </span>
    </p>
   </div>
   <div class='ocr_carea' id='block_1_63' title="bbox 2022 1894 2070 1955">
    <p class='ocr_par' dir='ltr' id='par_1_63' title="bbox 2022 1894 2070 1955">
     <span class='ocr_line' id='line_1_63' title="bbox 2022 1894 2070 1955; baseline 0 0"><span class='ocrx_word' id='word_1_372' title='bbox 2022 1894 2070 1955; x_wconf 87' lang='grc' dir='ltr'><strong>Β</strong></span> 
     </span>
    </p>
   </div>
   <div class='ocr_carea' id='block_1_64' title="bbox 2058 647 2831 720">
    <p class='ocr_par' dir='ltr' id='par_1_64' title="bbox 2058 647 2831 720">
     <span class='ocr_line' id='line_1_64' title="bbox 2058 647 2831 720; baseline 0.01 -23"><span class='ocrx_word' id='word_1_373' title='bbox 2058 673 2064 679; x_wconf 87' lang='lat'><strong><em>~</em></strong></span> <span class='ocrx_word' id='word_1_374' title='bbox 2105 647 2255 698; x_wconf 76' lang='grc' dir='ltr'>τικόν</span> <span class='ocrx_word' id='word_1_375' title='bbox 2286 649 2400 699; x_wconf 65' lang='grc' dir='ltr'>εστι</span> <span class='ocrx_word' id='word_1_376' title='bbox 2429 650 2506 719; x_wconf 79' lang='grc' dir='ltr'><strong>τῷ</strong></span> <span class='ocrx_word' id='word_1_377' title='bbox 2539 650 2831 720; x_wconf 82' lang='grc' dir='ltr'>πνεύματι.</span> 
     </span>
    </p>
   </div>
   <div class='ocr_carea' id='block_1_65' title="bbox 2176 734 3458 816">
    <p class='ocr_par' dir='ltr' id='par_1_65' title="bbox 2176 734 3458 816">
     <span class='ocr_line' id='line_1_65' title="bbox 2176 734 3458 816; baseline 0.009 -25"><span class='ocrx_word' id='word_1_378' title='bbox 2176 734 2348 793; x_wconf 79' lang='grc' dir='ltr'>Εἶναι</span> <span class='ocrx_word' id='word_1_379' title='bbox 2374 742 2631 796; x_wconf 79' lang='grc' dir='ltr'>κανόνα.</span> <span class='ocrx_word' id='word_1_380' title='bbox 2665 744 2703 795; x_wconf 92' lang='grc' dir='ltr'><strong>Δ</strong></span> <span class='ocrx_word' id='word_1_381' title='bbox 2727 744 2996 798; x_wconf 83' lang='grc' dir='ltr'>δάσκαλον</span> <span class='ocrx_word' id='word_1_382' title='bbox 3021 745 3114 799; x_wconf 87' lang='grc' dir='ltr'><strong>τοῦ</strong></span> <span class='ocrx_word' id='word_1_383' title='bbox 3150 746 3458 816; x_wconf 79' lang='grc' dir='ltr'>μέλλοντος.</span> 
     </span>
    </p>
   </div>
   <div class='ocr_carea' id='block_1_66' title="bbox 2173 830 3087 905">
    <p class='ocr_par' dir='ltr' id='par_1_66' title="bbox 2173 830 3087 905">
     <span class='ocr_line' id='line_1_66' title="bbox 2173 830 3087 905; baseline 0.01 -22"><span class='ocrx_word' id='word_1_384' title='bbox 2173 830 2283 883; x_wconf 75' lang='grc' dir='ltr'><strong>Καὶ</strong></span> <span class='ocrx_word' id='word_1_385' title='bbox 2317 830 2612 900; x_wconf 76' lang='grc' dir='ltr'>γνώμονα.</span> <span class='ocrx_word' id='word_1_386' title='bbox 2650 835 2882 905; x_wconf 80' lang='grc' dir='ltr'>Ὀδηγὸν</span> <span class='ocrx_word' id='word_1_387' title='bbox 2904 837 3087 905; x_wconf 88' lang='grc' dir='ltr'>ὀρθόν.</span> 
     </span>
    </p>
   </div>
   <div class='ocr_carea' id='block_1_67' title="bbox 2173 921 3689 1005">
    <p class='ocr_par' dir='ltr' id='par_1_67' title="bbox 2173 921 3689 1005">
     <span class='ocr_line' id='line_1_67' title="bbox 2173 921 3689 1005; baseline 0.012 -33"><span class='ocrx_word' id='word_1_388' title='bbox 2173 921 2587 988; x_wconf 66' lang='grc' dir='ltr'>Διαφερόντων</span> <span class='ocrx_word' id='word_1_389' title='bbox 2607 925 2954 994; x_wconf 64' lang='grc' dir='ltr'>ἐμφέρειαν.</span> <span class='ocrx_word' id='word_1_390' title='bbox 2983 930 3179 984; x_wconf 84' lang='grc' dir='ltr'>Πολλοὶ</span> <span class='ocrx_word' id='word_1_391' title='bbox 3205 933 3333 1002; x_wconf 82' lang='grc' dir='ltr'>γὰρ,</span> <span class='ocrx_word' id='word_1_392' title='bbox 3361 934 3493 1005; x_wconf 76' lang='grc' dir='ltr'>ὄναρ</span> <span class='ocrx_word' id='word_1_393' title='bbox 3516 936 3689 1003; x_wconf 60' lang='grc' dir='ltr'>γάλα.</span> 
     </span>
    </p>
   </div>
   <div class='ocr_carea' id='block_1_68' title="bbox 2102 1011 3686 1094">
    <p class='ocr_par' dir='ltr' id='par_1_68' title="bbox 2102 1011 3686 1094">
     <span class='ocr_line' id='line_1_68' title="bbox 2102 1011 3686 1094; baseline 0.011 -31"><span class='ocrx_word' id='word_1_394' title='bbox 2102 1026 2227 1064; x_wconf 81' lang='grc' dir='ltr'>κτο;</span> <span class='ocrx_word' id='word_1_395' title='bbox 2277 1011 2514 1077; x_wconf 82' lang='grc' dir='ltr'>πιόντες,</span> <span class='ocrx_word' id='word_1_396' title='bbox 2559 1014 2708 1085; x_wconf 81' lang='grc' dir='ltr'>ῦπαρ</span> <span class='ocrx_word' id='word_1_397' title='bbox 2757 1018 3001 1090; x_wconf 81' lang='grc' dir='ltr'>γαλήνην</span> <span class='ocrx_word' id='word_1_398' title='bbox 3050 1020 3272 1092; x_wconf 76' lang='grc' dir='ltr'>ἔσχοντο</span> <span class='ocrx_word' id='word_1_399' title='bbox 3317 1026 3686 1094; x_wconf 79' lang='grc' dir='ltr'>ἐπικειμένων</span> 
     </span>
    </p>
   </div>
   <div class='ocr_carea' id='block_1_69' title="bbox 2103 1100 3682 1184">
    <p class='ocr_par' dir='ltr' id='par_1_69' title="bbox 2103 1100 3682 1184">
     <span class='ocr_line' id='line_1_69' title="bbox 2103 1100 3682 1184; baseline 0.012 -33"><span class='ocrx_word' id='word_1_400' title='bbox 2103 1100 2351 1171; x_wconf 79' lang='grc' dir='ltr'>θορύσων</span> <span class='ocrx_word' id='word_1_401' title='bbox 2378 1102 2579 1166; x_wconf 80' lang='grc' dir='ltr'>πάντες</span> <span class='ocrx_word' id='word_1_402' title='bbox 2606 1107 2808 1176; x_wconf 78' lang='grc' dir='ltr'>ὁμοίως</span> <span class='ocrx_word' id='word_1_403' title='bbox 2827 1149 2847 1173; x_wconf 86' lang='grc'><strong>,</strong></span> <span class='ocrx_word' id='word_1_404' title='bbox 2872 1111 3078 1181; x_wconf 81' lang='grc' dir='ltr'>καίπερ</span> <span class='ocrx_word' id='word_1_405' title='bbox 3105 1113 3354 1184; x_wconf 83' lang='grc' dir='ltr'>διάφοροι</span> <span class='ocrx_word' id='word_1_406' title='bbox 3380 1116 3536 1180; x_wconf 79' lang='grc' dir='ltr'>ὄντες</span> <span class='ocrx_word' id='word_1_407' title='bbox 3562 1131 3577 1147; x_wconf 84' lang='lat'><strong><em>°</em></strong></span> <span class='ocrx_word' id='word_1_408' title='bbox 3608 1118 3682 1169; x_wconf 80' lang='grc' dir='ltr'>οῖ-</span> 
     </span>
    </p>
   </div>
   <div class='ocr_carea' id='block_1_70' title="bbox 2100 1190 3681 1276">
    <p class='ocr_par' dir='ltr' id='par_1_70' title="bbox 2100 1190 3681 1276">
     <span class='ocr_line' id='line_1_70' title="bbox 2100 1190 3681 1276; baseline 0.011 -33"><span class='ocrx_word' id='word_1_409' title='bbox 2100 1207 2193 1243; x_wconf 89' lang='grc' dir='ltr'><strong>νου</strong></span> <span class='ocrx_word' id='word_1_410' title='bbox 2217 1193 2261 1245; x_wconf 84' lang='grc' dir='ltr'>δ’</span> <span class='ocrx_word' id='word_1_411' title='bbox 2278 1190 2345 1247; x_wconf 81' lang='grc' dir='ltr'>αὖ</span> <span class='ocrx_word' id='word_1_412' title='bbox 2371 1194 2616 1263; x_wconf 82' lang='grc' dir='ltr'>πιόντες,</span> <span class='ocrx_word' id='word_1_413' title='bbox 2638 1199 2994 1269; x_wconf 67' lang='grc' dir='ltr'>ἐλυπήθησαν</span> <span class='ocrx_word' id='word_1_414' title='bbox 3014 1204 3217 1272; x_wconf 85' lang='grc' dir='ltr'>ὁμοίως</span> <span class='ocrx_word' id='word_1_415' title='bbox 3238 1205 3489 1276; x_wconf 81' lang='grc' dir='ltr'>διάφοροι</span> <span class='ocrx_word' id='word_1_416' title='bbox 3509 1207 3681 1273; x_wconf 76' lang='grc' dir='ltr'>ὄντες,</span> 
     </span>
    </p>
   </div>
   <div class='ocr_carea' id='block_1_71' title="bbox 2102 1282 3681 1366">
    <p class='ocr_par' dir='ltr' id='par_1_71' title="bbox 2102 1282 3681 1366">
     <span class='ocr_line' id='line_1_71' title="bbox 2102 1282 3681 1366; baseline 0.011 -32"><span class='ocrx_word' id='word_1_417' title='bbox 2102 1282 2199 1336; x_wconf 78' lang='grc' dir='ltr'>καὶ</span> <span class='ocrx_word' id='word_1_418' title='bbox 2240 1285 2411 1354; x_wconf 87' lang='grc' dir='ltr'>μυρία</span> <span class='ocrx_word' id='word_1_419' title='bbox 2450 1286 2635 1358; x_wconf 74' lang='grc' dir='ltr'>ἔτερα.</span> <span class='ocrx_word' id='word_1_420' title='bbox 2673 1291 2749 1343; x_wconf 77' lang='grc' dir='ltr'><strong>Οὐ</strong></span> <span class='ocrx_word' id='word_1_421' title='bbox 2791 1289 2898 1361; x_wconf 79' lang='grc' dir='ltr'><strong>μὴν</strong></span> <span class='ocrx_word' id='word_1_422' title='bbox 2936 1293 2998 1345; x_wconf 84' lang='grc' dir='ltr'>ὲν</span> <span class='ocrx_word' id='word_1_423' title='bbox 3034 1293 3211 1347; x_wconf 77' lang='grc' dir='ltr'>ἅπασι</span> <span class='ocrx_word' id='word_1_424' title='bbox 3243 1296 3403 1350; x_wconf 80' lang='grc' dir='ltr'>τοῦτο</span> <span class='ocrx_word' id='word_1_425' title='bbox 3443 1299 3536 1351; x_wconf 79' lang='grc' dir='ltr'>καὶ</span> <span class='ocrx_word' id='word_1_426' title='bbox 3573 1301 3681 1366; x_wconf 76' lang='grc' dir='ltr'>ἀεὶ,</span> 
     </span>
    </p>
   </div>
   <div class='ocr_carea' id='block_1_72' title="bbox 2098 1373 3401 1451">
    <p class='ocr_par' dir='ltr' id='par_1_72' title="bbox 2098 1373 3401 1451">
     <span class='ocr_line' id='line_1_72' title="bbox 2098 1373 3401 1451; baseline 0.013 -23"><span class='ocrx_word' id='word_1_427' title='bbox 2098 1373 2219 1428; x_wconf 80' lang='grc' dir='ltr'>ἀλλ’</span> <span class='ocrx_word' id='word_1_428' title='bbox 2243 1375 2299 1426; x_wconf 77' lang='grc' dir='ltr'>ὲν</span> <span class='ocrx_word' id='word_1_429' title='bbox 2329 1376 2513 1442; x_wconf 76' lang='grc' dir='ltr'>ἄλλοις</span> <span class='ocrx_word' id='word_1_430' title='bbox 2546 1379 2640 1432; x_wconf 84' lang='grc' dir='ltr'>καὶ</span> <span class='ocrx_word' id='word_1_431' title='bbox 2671 1380 2850 1446; x_wconf 83' lang='grc' dir='ltr'>ἄλλοις</span> <span class='ocrx_word' id='word_1_432' title='bbox 2880 1382 3057 1447; x_wconf 83' lang='grc' dir='ltr'>ἄλλως</span> <span class='ocrx_word' id='word_1_433' title='bbox 3086 1386 3179 1437; x_wconf 76' lang='grc' dir='ltr'>καὶ</span> <span class='ocrx_word' id='word_1_434' title='bbox 3204 1386 3401 1451; x_wconf 72' lang='grc' dir='ltr'>ἄλλως.</span> 
     </span>
    </p>
   </div>
   <div class='ocr_carea' id='block_1_73' title="bbox 2184 1464 3183 1548">
    <p class='ocr_par' dir='ltr' id='par_1_73' title="bbox 2184 1464 3183 1548">
     <span class='ocr_line' id='line_1_73' title="bbox 2184 1464 3183 1548; baseline 0.014 -31"><span class='ocrx_word' id='word_1_435' title='bbox 2184 1464 2563 1535; x_wconf 73' lang='grc' dir='ltr'>Ἑμφέρειαν.</span> <span class='ocrx_word' id='word_1_436' title='bbox 2596 1470 2950 1543; x_wconf 84' lang='grc' dir='ltr'>Ὀμοιότητα.</span> <span class='ocrx_word' id='word_1_437' title='bbox 3142 1515 3183 1548; x_wconf 50' lang='grc' dir='ltr'>χ</span> 
     </span>
    </p>
   </div>
   <div class='ocr_carea' id='block_1_74' title="bbox 2183 1558 2741 1628">
    <p class='ocr_par' dir='ltr' id='par_1_74' title="bbox 2183 1558 2741 1628">
     <span class='ocr_line' id='line_1_74' title="bbox 2183 1558 2741 1628; baseline 0.009 -16"><span class='ocrx_word' id='word_1_438' title='bbox 2183 1558 2460 1628; x_wconf 60' lang='grc' dir='ltr'><strong>Ἀσίῳ-ἐς.</strong></span> <span class='ocrx_word' id='word_1_439' title='bbox 2493 1563 2741 1619; x_wconf 81' lang='grc' dir='ltr'>Οῖκοθεν.</span> 
     </span>
    </p>
   </div>
   <div class='ocr_carea' id='block_1_75' title="bbox 2169 1652 3280 1721">
    <p class='ocr_par' dir='ltr' id='par_1_75' title="bbox 2169 1652 3280 1721">
     <span class='ocr_line' id='line_1_75' title="bbox 2169 1652 3280 1721; baseline 0.015 -21"><span class='ocrx_word' id='word_1_440' title='bbox 2169 1652 2620 1721; x_wconf 77' lang='grc' dir='ltr'>Διασπώμενον.</span> <span class='ocrx_word' id='word_1_441' title='bbox 2656 1658 2745 1719; x_wconf 81' lang='grc' dir='ltr'><strong>Εἰς</strong></span> <span class='ocrx_word' id='word_1_442' title='bbox 2776 1658 2912 1712; x_wconf 84' lang='grc' dir='ltr'>ἀλλα</span> <span class='ocrx_word' id='word_1_443' title='bbox 2944 1661 3058 1713; x_wconf 86' lang='grc' dir='ltr'>ἀντ’</span> <span class='ocrx_word' id='word_1_444' title='bbox 3084 1662 3280 1717; x_wconf 78' lang='grc' dir='ltr'>ἄλλων.</span> 
     </span>
    </p>
   </div>
   <div class='ocr_carea' id='block_1_76' title="bbox 2173 1744 3681 1823">
    <p class='ocr_par' dir='ltr' id='par_1_76' title="bbox 2173 1744 3681 1823">
     <span class='ocr_line' id='line_1_76' title="bbox 2173 1744 3681 1823; baseline 0.012 -27"><span class='ocrx_word' id='word_1_445' title='bbox 2173 1744 2244 1796; x_wconf 81' lang='grc' dir='ltr'><strong>Τὸ</strong></span> <span class='ocrx_word' id='word_1_446' title='bbox 2275 1745 2383 1799; x_wconf 83' lang='grc' dir='ltr'><strong>τοῦ</strong></span> <span class='ocrx_word' id='word_1_447' title='bbox 2416 1752 2732 1815; x_wconf 60' lang='grc' dir='ltr'>προεκθορ.</span> <span class='ocrx_word' id='word_1_448' title='bbox 2768 1751 2842 1805; x_wconf 82' lang='grc' dir='ltr'><strong>Τὸ</strong></span> <span class='ocrx_word' id='word_1_449' title='bbox 2872 1754 3011 1821; x_wconf 88' lang='grc' dir='ltr'>μετὰ</span> <span class='ocrx_word' id='word_1_450' title='bbox 3043 1755 3138 1808; x_wconf 83' lang='grc' dir='ltr'>δύο</span> <span class='ocrx_word' id='word_1_451' title='bbox 3169 1758 3452 1823; x_wconf 63' lang='grc' dir='ltr'>ἐνιαυτοὺς</span> <span class='ocrx_word' id='word_1_452' title='bbox 3485 1760 3681 1813; x_wconf 71' lang='grc' dir='ltr'>ὑποθεε-</span> 
     </span>
    </p>
   </div>
   <div class='ocr_carea' id='block_1_77' title="bbox 2096 1832 3682 1923">
    <p class='ocr_par' dir='ltr' id='par_1_77' title="bbox 2096 1832 3682 1923">
     <span class='ocr_line' id='line_1_77' title="bbox 2096 1832 3682 1923; baseline 0.013 -39"><span class='ocrx_word' id='word_1_453' title='bbox 2096 1832 2219 1889; x_wconf 83' lang='grc' dir='ltr'>τέον</span> <span class='ocrx_word' id='word_1_454' title='bbox 2248 1839 2617 1906; x_wconf 78' lang='grc' dir='ltr'>γενησόμενον</span> <span class='ocrx_word' id='word_1_455' title='bbox 2649 1842 2906 1920; x_wconf 73' lang='grc' dir='ltr'>πρᾶγμα,</span> <span class='ocrx_word' id='word_1_456' title='bbox 2939 1847 2989 1896; x_wconf 84' lang='grc' dir='ltr'>εἰ</span> <span class='ocrx_word' id='word_1_457' title='bbox 3019 1848 3214 1918; x_wconf 80' lang='grc' dir='ltr'>φανείη</span> <span class='ocrx_word' id='word_1_458' title='bbox 3246 1850 3488 1921; x_wconf 82' lang='grc' dir='ltr'>σήμερον</span> <span class='ocrx_word' id='word_1_459' title='bbox 3516 1853 3575 1903; x_wconf 83' lang='grc' dir='ltr'>ὲν</span> <span class='ocrx_word' id='word_1_460' title='bbox 3602 1853 3682 1923; x_wconf 82' lang='grc' dir='ltr'>τῷ</span> 
     </span>
    </p>
   </div>
   <div class='ocr_carea' id='block_1_78' title="bbox 2098 1927 3678 2010">
    <p class='ocr_par' dir='ltr' id='par_1_78' title="bbox 2098 1927 3678 2010">
     <span class='ocr_line' id='line_1_78' title="bbox 2098 1927 3678 2010; baseline 0.013 -34"><span class='ocrx_word' id='word_1_461' title='bbox 2098 1927 2467 1997; x_wconf 81' lang='grc' dir='ltr'>φανταστικῷ,</span> <span class='ocrx_word' id='word_1_462' title='bbox 2494 1931 2825 2004; x_wconf 73' lang='grc' dir='ltr'>προεεέθορε</span> <span class='ocrx_word' id='word_1_463' title='bbox 2853 1935 2954 2003; x_wconf 79' lang='grc' dir='ltr'>τῆς</span> <span class='ocrx_word' id='word_1_464' title='bbox 2977 1938 3190 2000; x_wconf 80' lang='grc' dir='ltr'>οἰκείας</span> <span class='ocrx_word' id='word_1_465' title='bbox 3214 1939 3440 2006; x_wconf 80' lang='grc' dir='ltr'>τάξεως,</span> <span class='ocrx_word' id='word_1_466' title='bbox 3467 1943 3563 1995; x_wconf 75' lang='grc' dir='ltr'>καὶ</span> <span class='ocrx_word' id='word_1_467' title='bbox 3589 1944 3678 2010; x_wconf 75' lang='grc' dir='ltr'><strong>γέ-</strong></span> 
     </span>
    </p>
   </div>
   <div class='ocr_carea' id='block_1_79' title="bbox 2095 2018 3679 2104">
    <p class='ocr_par' dir='ltr' id='par_1_79' title="bbox 2095 2018 3679 2104">
     <span class='ocr_line' id='line_1_79' title="bbox 2095 2018 3679 2104; baseline 0.013 -36"><span class='ocrx_word' id='word_1_468' title='bbox 2095 2033 2220 2082; x_wconf 88' lang='grc' dir='ltr'>γονε</span> <span class='ocrx_word' id='word_1_469' title='bbox 2270 2020 2688 2092; x_wconf 82' lang='grc' dir='ltr'>προκυλίνδημα</span> <span class='ocrx_word' id='word_1_470' title='bbox 2739 2027 2811 2096; x_wconf 86' lang='grc' dir='ltr'><strong>μή</strong></span> <span class='ocrx_word' id='word_1_471' title='bbox 2867 2045 2954 2080; x_wconf 88' lang='grc' dir='ltr'><strong>πω</strong></span> <span class='ocrx_word' id='word_1_472' title='bbox 3003 2018 3278 2101; x_wconf 85' lang='grc' dir='ltr'>παρόντος</span> <span class='ocrx_word' id='word_1_473' title='bbox 3325 2035 3679 2104; x_wconf 81' lang='grc' dir='ltr'>πράγματος,</span> 
     </span>
    </p>
   </div>
   <div class='ocr_carea' id='block_1_80' title="bbox 2094 2103 3029 2187">
    <p class='ocr_par' dir='ltr' id='par_1_80' title="bbox 2094 2103 3029 2187">
     <span class='ocr_line' id='line_1_80' title="bbox 2094 2103 3029 2187; baseline 0.013 -28"><span class='ocrx_word' id='word_1_474' title='bbox 2094 2109 2188 2160; x_wconf 79' lang='grc' dir='ltr'>καὶ</span> <span class='ocrx_word' id='word_1_475' title='bbox 2221 2108 2437 2177; x_wconf 79' lang='grc' dir='ltr'>φύσεως</span> <span class='ocrx_word' id='word_1_476' title='bbox 2466 2113 2693 2177; x_wconf 71' lang='grc' dir='ltr'>ἀτελοῦς</span> <span class='ocrx_word' id='word_1_477' title='bbox 2723 2103 3029 2187; x_wconf 57' lang='grc' dir='ltr'>ἐξάνθημα.</span> 
     </span>
    </p>
   </div>
   <div class='ocr_carea' id='block_1_81' title="bbox 2168 2199 3676 2286">
    <p class='ocr_par' dir='ltr' id='par_1_81' title="bbox 2168 2199 3676 2286">
     <span class='ocr_line' id='line_1_81' title="bbox 2168 2199 3676 2286; baseline 0.013 -33"><span class='ocrx_word' id='word_1_478' title='bbox 2168 2200 2297 2254; x_wconf 86' lang='grc' dir='ltr'>Ἔτι</span> <span class='ocrx_word' id='word_1_479' title='bbox 2327 2199 2396 2254; x_wconf 82' lang='grc' dir='ltr'>δὲ</span> <span class='ocrx_word' id='word_1_480' title='bbox 2425 2205 2648 2271; x_wconf 75' lang='grc' dir='ltr'>χαλεπ.</span> <span class='ocrx_word' id='word_1_481' title='bbox 2676 2206 2798 2258; x_wconf 83' lang='grc' dir='ltr'><strong>Ἔτι</strong></span> <span class='ocrx_word' id='word_1_482' title='bbox 2826 2207 2903 2271; x_wconf 83' lang='grc' dir='ltr'>δὲ,</span> <span class='ocrx_word' id='word_1_483' title='bbox 2933 2211 3088 2279; x_wconf 75' lang='grc' dir='ltr'>φησὶ.</span> <span class='ocrx_word' id='word_1_484' title='bbox 3116 2213 3501 2286; x_wconf 74' lang='grc' dir='ltr'>χαλεπώτερόν</span> <span class='ocrx_word' id='word_1_485' title='bbox 3528 2219 3676 2273; x_wconf 75' lang='grc' dir='ltr'>ἐστιν</span> 
     </span>
    </p>
   </div>
   <div class='ocr_carea' id='block_1_82' title="bbox 2092 2290 3681 2379">
    <p class='ocr_par' dir='ltr' id='par_1_82' title="bbox 2092 2290 3681 2379">
     <span class='ocr_line' id='line_1_82' title="bbox 2092 2290 3681 2379; baseline 0.013 -37"><span class='ocrx_word' id='word_1_486' title='bbox 2092 2290 2234 2345; x_wconf 79' lang='grc' dir='ltr'>ἑλεῖν</span> <span class='ocrx_word' id='word_1_487' title='bbox 2267 2294 2362 2346; x_wconf 78' lang='grc' dir='ltr'>καὶ</span> <span class='ocrx_word' id='word_1_488' title='bbox 2399 2299 2729 2364; x_wconf 82' lang='grc' dir='ltr'>συναγαγεῖν</span> <span class='ocrx_word' id='word_1_489' title='bbox 2761 2300 2949 2369; x_wconf 79' lang='grc' dir='ltr'>κοινὴν</span> <span class='ocrx_word' id='word_1_490' title='bbox 2986 2302 3212 2371; x_wconf 77' lang='grc' dir='ltr'>μέθοδον</span> <span class='ocrx_word' id='word_1_491' title='bbox 3246 2308 3304 2357; x_wconf 82' lang='grc' dir='ltr'>ὲν</span> <span class='ocrx_word' id='word_1_492' title='bbox 3338 2308 3554 2379; x_wconf 68' lang='grc' dir='ltr'>ἑκάστῳ</span> <span class='ocrx_word' id='word_1_493' title='bbox 3586 2313 3681 2362; x_wconf 84' lang='grc' dir='ltr'>ἀν-</span> 
     </span>
    </p>
   </div>
   <div class='ocr_carea' id='block_1_83' title="bbox 2093 2384 3679 2468">
    <p class='ocr_par' dir='ltr' id='par_1_83' title="bbox 2093 2384 3679 2468">
     <span class='ocr_line' id='line_1_83' title="bbox 2093 2384 3679 2468; baseline 0.012 -33"><span class='ocrx_word' id='word_1_494' title='bbox 2093 2384 2327 2453; x_wconf 80' lang='grc' dir='ltr'>Θρώπων</span> <span class='ocrx_word' id='word_1_495' title='bbox 2359 2389 2568 2458; x_wconf 86' lang='grc' dir='ltr'>τρόπῳ.</span> <span class='ocrx_word' id='word_1_496' title='bbox 2614 2389 2972 2459; x_wconf 78' lang='grc' dir='ltr'>Ἰδιοτροπὶαν</span> <span class='ocrx_word' id='word_1_497' title='bbox 3005 2395 3113 2464; x_wconf 84' lang='grc' dir='ltr'>γάρ</span> <span class='ocrx_word' id='word_1_498' title='bbox 3147 2413 3268 2449; x_wconf 88' lang='grc' dir='ltr'>τινα</span> <span class='ocrx_word' id='word_1_499' title='bbox 3310 2398 3538 2468; x_wconf 82' lang='grc' dir='ltr'>γνώμης</span> <span class='ocrx_word' id='word_1_500' title='bbox 3581 2405 3679 2455; x_wconf 76' lang='grc' dir='ltr'>καὶ</span> 
     </span>
    </p>
   </div>
   <div class='ocr_carea' id='block_1_84' title="bbox 2092 2476 3725 2557">
    <p class='ocr_par' dir='ltr' id='par_1_84' title="bbox 2092 2476 3725 2557">
     <span class='ocr_line' id='line_1_84' title="bbox 2092 2476 3725 2557; baseline 0.013 -31"><span class='ocrx_word' id='word_1_501' title='bbox 2092 2476 2346 2542; x_wconf 83' lang='grc' dir='ltr'>γνώσεως</span> <span class='ocrx_word' id='word_1_502' title='bbox 2389 2479 2617 2544; x_wconf 68' lang='grc' dir='ltr'>ἕκαστος</span> <span class='ocrx_word' id='word_1_503' title='bbox 2662 2483 2772 2535; x_wconf 84' lang='grc' dir='ltr'><strong>τῶν</strong></span> <span class='ocrx_word' id='word_1_504' title='bbox 2814 2483 3122 2553; x_wconf 84' lang='grc' dir='ltr'>ἀνθρώπων</span> <span class='ocrx_word' id='word_1_505' title='bbox 3162 2487 3294 2557; x_wconf 76' lang='grc' dir='ltr'>ἔχει.</span> <span class='ocrx_word' id='word_1_506' title='bbox 3340 2494 3432 2542; x_wconf 78' lang='grc' dir='ltr'><strong>Διὸ</strong></span> <span class='ocrx_word' id='word_1_507' title='bbox 3478 2494 3570 2546; x_wconf 81' lang='grc' dir='ltr'>καὶ</span> <span class='ocrx_word' id='word_1_508' title='bbox 3610 2497 3678 2547; x_wconf 82' lang='grc' dir='ltr'>τὰ</span> <span class='ocrx_word' id='word_1_509' title='bbox 3722 2484 3725 2495; x_wconf 70' lang='grc'><em>’</em></span> 
     </span>
    </p>
   </div>
   <div class='ocr_carea' id='block_1_85' title="bbox 2092 2569 3677 2647">
    <p class='ocr_par' dir='ltr' id='par_1_85' title="bbox 2092 2569 3677 2647">
     <span class='ocr_line' id='line_1_85' title="bbox 2092 2569 3677 2647; baseline 0.011 -27"><span class='ocrx_word' id='word_1_510' title='bbox 2092 2569 2454 2640; x_wconf 77' lang='grc' dir='ltr'>φαντάσματα</span> <span class='ocrx_word' id='word_1_511' title='bbox 2482 2572 2757 2627; x_wconf 77' lang='grc' dir='ltr'>δείκνυται</span> <span class='ocrx_word' id='word_1_512' title='bbox 2794 2575 3072 2647; x_wconf 70' lang='grc' dir='ltr'>διαφόρως</span> <span class='ocrx_word' id='word_1_513' title='bbox 3102 2580 3376 2645; x_wconf 71' lang='grc' dir='ltr'>ἑκάστοις,</span> <span class='ocrx_word' id='word_1_514' title='bbox 3412 2586 3506 2635; x_wconf 78' lang='grc' dir='ltr'>καὶ</span> <span class='ocrx_word' id='word_1_515' title='bbox 3538 2584 3677 2637; x_wconf 84' lang='grc' dir='ltr'>ἀλλα</span> 
     </span>
    </p>
   </div>
   <div class='ocr_carea' id='block_1_86' title="bbox 2090 2659 3674 2735">
    <p class='ocr_par' dir='ltr' id='par_1_86' title="bbox 2090 2659 3674 2735">
     <span class='ocr_line' id='line_1_86' title="bbox 2090 2659 3674 2735; baseline 0.011 -25"><span class='ocrx_word' id='word_1_516' title='bbox 2090 2659 2272 2723; x_wconf 85' lang='grc' dir='ltr'>ἄλλοις</span> <span class='ocrx_word' id='word_1_517' title='bbox 2306 2663 2550 2729; x_wconf 87' lang='grc' dir='ltr'>γίνονται</span> <span class='ocrx_word' id='word_1_518' title='bbox 2580 2666 2856 2735; x_wconf 87' lang='grc' dir='ltr'>δηλωτικά</span> <span class='ocrx_word' id='word_1_519' title='bbox 2879 2707 2894 2732; x_wconf 92' lang='grc'><strong>,</strong></span> <span class='ocrx_word' id='word_1_520' title='bbox 2928 2670 3021 2722; x_wconf 81' lang='grc' dir='ltr'>καὶ</span> <span class='ocrx_word' id='word_1_521' title='bbox 3055 2671 3116 2722; x_wconf 86' lang='grc' dir='ltr'>οὐ</span> <span class='ocrx_word' id='word_1_522' title='bbox 3147 2673 3321 2725; x_wconf 85' lang='grc' dir='ltr'>ταυτὰ</span> <span class='ocrx_word' id='word_1_523' title='bbox 3350 2675 3459 2726; x_wconf 78' lang='grc' dir='ltr'>τῶν</span> <span class='ocrx_word' id='word_1_524' title='bbox 3494 2677 3674 2729; x_wconf 74' lang='grc' dir='ltr'>αὐτῶν</span> 
     </span>
    </p>
   </div>
   <div class='ocr_carea' id='block_1_87' title="bbox 2090 2749 3679 2834">
    <p class='ocr_par' dir='ltr' id='par_1_87' title="bbox 2090 2749 3679 2834">
     <span class='ocr_line' id='line_1_87' title="bbox 2090 2749 3679 2834; baseline 0.01 -30"><span class='ocrx_word' id='word_1_525' title='bbox 2090 2749 2285 2807; x_wconf 84' lang='grc' dir='ltr'>ἆπασι.</span> <span class='ocrx_word' id='word_1_526' title='bbox 2320 2755 2570 2808; x_wconf 82' lang='grc' dir='ltr'>Χαλεπὸν</span> <span class='ocrx_word' id='word_1_527' title='bbox 2604 2757 2698 2812; x_wconf 80' lang='grc' dir='ltr'>οὖν</span> <span class='ocrx_word' id='word_1_528' title='bbox 2731 2760 2849 2812; x_wconf 71' lang='grc' dir='ltr'>ἐστι</span> <span class='ocrx_word' id='word_1_529' title='bbox 2895 2765 3229 2829; x_wconf 84' lang='grc' dir='ltr'>συναγαγεῖν</span> <span class='ocrx_word' id='word_1_530' title='bbox 3260 2766 3353 2817; x_wconf 79' lang='grc' dir='ltr'>καὶ</span> <span class='ocrx_word' id='word_1_531' title='bbox 3392 2765 3583 2834; x_wconf 79' lang='grc' dir='ltr'>νοῆσαι</span> <span class='ocrx_word' id='word_1_532' title='bbox 3614 2769 3679 2821; x_wconf 76' lang='grc' dir='ltr'>τὸ</span> 
     </span>
    </p>
   </div>
   <div class='ocr_carea' id='block_1_88' title="bbox 2090 2842 3681 2927">
    <p class='ocr_par' dir='ltr' id='par_1_88' title="bbox 2090 2842 3681 2927">
     <span class='ocr_line' id='line_1_88' title="bbox 2090 2842 3681 2927; baseline 0.012 -35"><span class='ocrx_word' id='word_1_533' title='bbox 2090 2842 2149 2892; x_wconf 76' lang='grc' dir='ltr'>ἐν</span> <span class='ocrx_word' id='word_1_534' title='bbox 2178 2843 2393 2914; x_wconf 76' lang='grc' dir='ltr'>ἑκάστῳ</span> <span class='ocrx_word' id='word_1_535' title='bbox 2418 2846 2689 2915; x_wconf 84' lang='grc' dir='ltr'>διαφόρως</span> <span class='ocrx_word' id='word_1_536' title='bbox 2717 2850 3006 2919; x_wconf 84' lang='grc' dir='ltr'>γινόμενον</span> <span class='ocrx_word' id='word_1_537' title='bbox 3032 2853 3348 2924; x_wconf 77' lang='grc' dir='ltr'>φάντασμα,</span> <span class='ocrx_word' id='word_1_538' title='bbox 3379 2858 3470 2909; x_wconf 76' lang='grc' dir='ltr'>καὶ</span> <span class='ocrx_word' id='word_1_539' title='bbox 3500 2875 3681 2927; x_wconf 78' lang='grc' dir='ltr'>παρα-</span> 
     </span>
    </p>
   </div>
   <div class='ocr_carea' id='block_1_89' title="bbox 2090 2935 3729 3027">
    <p class='ocr_par' dir='ltr' id='par_1_89' title="bbox 2090 2935 3729 3027">
     <span class='ocr_line' id='line_1_89' title="bbox 2090 2935 3729 3027; baseline 0.015 -44"><span class='ocrx_word' id='word_1_540' title='bbox 2090 2935 2321 3002; x_wconf 73' lang='grc' dir='ltr'>πλήσιον</span> <span class='ocrx_word' id='word_1_541' title='bbox 2350 2938 2739 3008; x_wconf 80' lang='grc' dir='ltr'>ἀποφήνασθαι</span> <span class='ocrx_word' id='word_1_542' title='bbox 2775 2942 2937 3012; x_wconf 83' lang='grc' dir='ltr'>κοινῷ</span> <span class='ocrx_word' id='word_1_543' title='bbox 2971 2947 3356 3016; x_wconf 83' lang='grc' dir='ltr'>φαντάσματι,</span> <span class='ocrx_word' id='word_1_544' title='bbox 3388 2951 3535 3005; x_wconf 84' lang='grc' dir='ltr'>τοῦτ’</span> <span class='ocrx_word' id='word_1_545' title='bbox 3557 2953 3674 3008; x_wconf 74' lang='grc' dir='ltr'>ἔστι</span> <span class='ocrx_word' id='word_1_546' title='bbox 3722 3022 3729 3027; x_wconf 24' lang='grc'><em>1</em></span> 
     </span>
    </p>
   </div>
   <div class='ocr_carea' id='block_1_90' title="bbox 2087 3012 3677 3108">
    <p class='ocr_par' dir='ltr' id='par_1_90' title="bbox 2087 3012 3677 3108">
     <span class='ocr_line' id='line_1_90' title="bbox 2087 3012 3677 3108; baseline 0.013 -33"><span class='ocrx_word' id='word_1_547' title='bbox 2087 3012 2201 3088; x_wconf 81' lang='grc' dir='ltr'>τοῖς</span> <span class='ocrx_word' id='word_1_548' title='bbox 2228 3026 2408 3090; x_wconf 85' lang='grc' dir='ltr'>ἀλλοις</span> <span class='ocrx_word' id='word_1_549' title='bbox 2438 3028 2661 3097; x_wconf 82' lang='grc' dir='ltr'>ὅμοιον,</span> <span class='ocrx_word' id='word_1_550' title='bbox 2690 3035 2784 3085; x_wconf 71' lang='grc' dir='ltr'>καὶ</span> <span class='ocrx_word' id='word_1_551' title='bbox 2814 3035 3015 3106; x_wconf 28' lang='grc' dir='ltr'>κοινὴν.</span> <span class='ocrx_word' id='word_1_552' title='bbox 3032 3038 3129 3090; x_wconf 80' lang='grc' dir='ltr'>καὶ</span> <span class='ocrx_word' id='word_1_553' title='bbox 3168 3037 3299 3108; x_wconf 83' lang='grc' dir='ltr'>μίαν</span> <span class='ocrx_word' id='word_1_554' title='bbox 3327 3039 3511 3095; x_wconf 86' lang='grc' dir='ltr'>δοῦναι</span> <span class='ocrx_word' id='word_1_555' title='bbox 3542 3042 3677 3096; x_wconf 77' lang='grc' dir='ltr'>τού-</span> 
     </span>
    </p>
   </div>
   <div class='ocr_carea' id='block_1_91' title="bbox 2160 3175 3674 3265">
    <p class='ocr_par' dir='ltr' id='par_1_91' title="bbox 2160 3175 3674 3265">
     <span class='ocr_line' id='line_1_91' title="bbox 2160 3175 3674 3265; baseline 0.014 -35"><span class='ocrx_word' id='word_1_556' title='bbox 2160 3175 2268 3230; x_wconf 83' lang='lat' dir='ltr'><strong>Per</strong></span> <span class='ocrx_word' id='word_1_557' title='bbox 2302 3181 2485 3234; x_wconf 85' lang='lat' dir='ltr'><strong>omnia</strong></span> <span class='ocrx_word' id='word_1_558' title='bbox 2527 3181 2890 3253; x_wconf 78' lang='lat' dir='ltr'><strong>discrepantia</strong></span> <span class='ocrx_word' id='word_1_559' title='bbox 2937 3187 3368 3246; x_wconf 79' lang='lat' dir='ltr'><strong>similitudinem.</strong></span> <span class='ocrx_word' id='word_1_560' title='bbox 3413 3191 3674 3265; x_wconf 54' lang='lat' dir='ltr'><strong>Complu.</strong></span> 
     </span>
    </p>
   </div>
   <div class='ocr_carea' id='block_1_92' title="bbox 2092 3266 3685 3352">
    <p class='ocr_par' dir='ltr' id='par_1_92' title="bbox 2092 3266 3685 3352">
     <span class='ocr_line' id='line_1_92' title="bbox 2092 3266 3685 3352; baseline 0.016 -32"><span class='ocrx_word' id='word_1_561' title='bbox 2092 3266 2245 3322; x_wconf 90' lang='lat' dir='ltr'><strong>ribus</strong></span> <span class='ocrx_word' id='word_1_562' title='bbox 2270 3271 2417 3323; x_wconf 90' lang='lat' dir='ltr'><strong>enim</strong></span> <span class='ocrx_word' id='word_1_563' title='bbox 2456 3272 2600 3328; x_wconf 90' lang='lat' dir='ltr'><strong>inter</strong></span> <span class='ocrx_word' id='word_1_564' title='bbox 2633 3277 3019 3332; x_wconf 82' lang='lat' dir='ltr'><strong>somniandum</strong></span> <span class='ocrx_word' id='word_1_565' title='bbox 3054 3280 3137 3335; x_wconf 91' lang='lat' dir='ltr'><strong>lac</strong></span> <span class='ocrx_word' id='word_1_566' title='bbox 3162 3282 3505 3352; x_wconf 84' lang='lat' dir='ltr'><strong>bibentibus,</strong></span> <span class='ocrx_word' id='word_1_567' title='bbox 3528 3286 3685 3344; x_wconf 75' lang='lat' dir='ltr'><strong>inten</strong></span> 
     </span>
    </p>
   </div>
   <div class='ocr_carea' id='block_1_93' title="bbox 2087 3359 3670 3436">
    <p class='ocr_par' dir='ltr' id='par_1_93' title="bbox 2087 3359 3670 3436">
     <span class='ocr_line' id='line_1_93' title="bbox 2087 3359 3670 3436; baseline 0.014 -23"><span class='ocrx_word' id='word_1_568' title='bbox 2087 3359 2427 3430; x_wconf 74' lang='lat' dir='ltr'><strong>vigilandum</strong></span> <span class='ocrx_word' id='word_1_569' title='bbox 2470 3365 2883 3427; x_wconf 84' lang='lat' dir='ltr'><strong>imminentium</strong></span> <span class='ocrx_word' id='word_1_570' title='bbox 2931 3374 3276 3430; x_wconf 84' lang='lat' dir='ltr'><strong>tumultuum</strong></span> <span class='ocrx_word' id='word_1_571' title='bbox 3314 3380 3670 3436; x_wconf 85' lang='lat' dir='ltr'><strong>serenitatem</strong></span> 
     </span>
    </p>
   </div>
   <div class='ocr_carea' id='block_1_94' title="bbox 2087 3456 3672 3543">
    <p class='ocr_par' dir='ltr' id='par_1_94' title="bbox 2087 3456 3672 3543">
     <span class='ocr_line' id='line_1_94' title="bbox 2087 3456 3672 3543; baseline 0.015 -38"><span class='ocrx_word' id='word_1_572' title='bbox 2087 3465 2154 3506; x_wconf 86' lang='lat' dir='ltr'><strong>ac</strong></span> <span class='ocrx_word' id='word_1_573' title='bbox 2188 3456 2642 3525; x_wconf 85' lang='lat' dir='ltr'><strong>tranquillitatem</strong></span> <span class='ocrx_word' id='word_1_574' title='bbox 2685 3478 2882 3518; x_wconf 85' lang='lat' dir='ltr'><strong>omnes</strong></span> <span class='ocrx_word' id='word_1_575' title='bbox 2928 3467 3138 3535; x_wconf 89' lang='lat' dir='ltr'><strong>pariter</strong></span> <span class='ocrx_word' id='word_1_576' title='bbox 3170 3467 3439 3535; x_wconf 89' lang='lat' dir='ltr'><strong>habuere,</strong></span> <span class='ocrx_word' id='word_1_577' title='bbox 3476 3488 3672 3543; x_wconf 87' lang='lat' dir='ltr'><strong>quam—</strong></span> 
     </span>
    </p>
   </div>
   <div class='ocr_carea' id='block_1_95' title="bbox 2088 3544 3670 3622">
    <p class='ocr_par' dir='ltr' id='par_1_95' title="bbox 2088 3544 3670 3622">
     <span class='ocr_line' id='line_1_95' title="bbox 2088 3544 3670 3622; baseline 0.015 -25"><span class='ocrx_word' id='word_1_578' title='bbox 2088 3544 2174 3600; x_wconf 89' lang='lat' dir='ltr'><strong>vis</strong></span> <span class='ocrx_word' id='word_1_579' title='bbox 2211 3546 2356 3603; x_wconf 91' lang='lat' dir='ltr'><strong>inter</strong></span> <span class='ocrx_word' id='word_1_580' title='bbox 2420 3566 2481 3606; x_wconf 87' lang='lat' dir='ltr'><strong>se</strong></span> <span class='ocrx_word' id='word_1_581' title='bbox 2549 3553 2946 3614; x_wconf 83' lang='lat' dir='ltr'><strong>dissentientes</strong></span> <span class='ocrx_word' id='word_1_582' title='bbox 3015 3572 3222 3617; x_wconf 85' lang='lat' dir='ltr'><strong>essent.</strong></span> <span class='ocrx_word' id='word_1_583' title='bbox 3261 3563 3498 3618; x_wconf 81' lang='lat' dir='ltr'><strong>Rursum</strong></span> <span class='ocrx_word' id='word_1_584' title='bbox 3542 3566 3670 3622; x_wconf 90' lang='lat' dir='ltr'><strong>vino</strong></span> 
     </span>
    </p>
   </div>
   <div class='ocr_carea' id='block_1_96' title="bbox 2088 3644 3675 3717">
    <p class='ocr_par' dir='ltr' id='par_1_96' title="bbox 2088 3644 3675 3717">
     <span class='ocr_line' id='line_1_96' title="bbox 2088 3644 3675 3717; baseline 0.014 -26"><span class='ocrx_word' id='word_1_585' title='bbox 2088 3646 2255 3706; x_wconf 83' lang='lat' dir='ltr'><strong>epoto</strong></span> <span class='ocrx_word' id='word_1_586' title='bbox 2285 3644 2596 3697; x_wconf 79' lang='lat' dir='ltr'><strong>molestiam</strong></span> <span class='ocrx_word' id='word_1_587' title='bbox 2630 3660 3032 3717; x_wconf 80' lang='lat' dir='ltr'><strong>perceperunt,</strong></span> <span class='ocrx_word' id='word_1_588' title='bbox 3085 3653 3252 3707; x_wconf 88' lang='lat' dir='ltr'><strong>simili</strong></span> <span class='ocrx_word' id='word_1_589' title='bbox 3282 3656 3496 3711; x_wconf 90' lang='lat' dir='ltr'><strong>ratione</strong></span> <span class='ocrx_word' id='word_1_590' title='bbox 3528 3656 3675 3715; x_wconf 83' lang='lat' dir='ltr'><strong>inter</strong></span> 
     </span>
    </p>
   </div>
   <div class='ocr_carea' id='block_1_97' title="bbox 2054 3724 3673 3809">
    <p class='ocr_par' dir='ltr' id='par_1_97' title="bbox 2054 3724 3673 3809">
     <span class='ocr_line' id='line_1_97' title="bbox 2054 3724 3673 3809; baseline 0.013 -25"><span class='ocrx_word' id='word_1_591' title='bbox 2054 3724 2147 3784; x_wconf 53' lang='lat' dir='ltr'><strong>“se</strong></span> <span class='ocrx_word' id='word_1_592' title='bbox 2184 3729 2587 3803; x_wconf 87' lang='lat' dir='ltr'><strong>discrepantes,</strong></span> <span class='ocrx_word' id='word_1_593' title='bbox 2618 3746 2674 3791; x_wconf 93' lang='lat' dir='ltr'><strong>et</strong></span> <span class='ocrx_word' id='word_1_594' title='bbox 2698 3737 2913 3793; x_wconf 82' lang='lat' dir='ltr'><strong>iutinita</strong></span> <span class='ocrx_word' id='word_1_595' title='bbox 2946 3742 3078 3809; x_wconf 86' lang='lat' dir='ltr'><strong>alia,</strong></span> <span class='ocrx_word' id='word_1_596' title='bbox 3119 3759 3230 3798; x_wconf 92' lang='lat' dir='ltr'><strong>non</strong></span> <span class='ocrx_word' id='word_1_597' title='bbox 3261 3754 3438 3801; x_wconf 85' lang='lat' dir='ltr'><strong>tamen</strong></span> <span class='ocrx_word' id='word_1_598' title='bbox 3472 3748 3526 3803; x_wconf 90' lang='lat' dir='ltr'><strong>in</strong></span> <span class='ocrx_word' id='word_1_599' title='bbox 3553 3766 3673 3804; x_wconf 84' lang='lat' dir='ltr'><strong>om-</strong></span> 
     </span>
    </p>
   </div>
   <div class='ocr_carea' id='block_1_98' title="bbox 2086 3822 3671 3910">
    <p class='ocr_par' dir='ltr' id='par_1_98' title="bbox 2086 3822 3671 3910">
     <span class='ocr_line' id='line_1_98' title="bbox 2086 3822 3671 3910; baseline 0.015 -34"><span class='ocrx_word' id='word_1_600' title='bbox 2086 3822 2251 3878; x_wconf 87' lang='lat' dir='ltr'><strong>nibus</strong></span> <span class='ocrx_word' id='word_1_601' title='bbox 2280 3825 2426 3880; x_wconf 85' lang='lat' dir='ltr'><strong>istud</strong></span> <span class='ocrx_word' id='word_1_602' title='bbox 2459 3843 2680 3899; x_wconf 88' lang='lat' dir='ltr'><strong>semper</strong></span> <span class='ocrx_word' id='word_1_603' title='bbox 2711 3831 2768 3885; x_wconf 82' lang='lat' dir='ltr'><strong>fit</strong></span> <span class='ocrx_word' id='word_1_604' title='bbox 2797 3873 2813 3898; x_wconf 95' lang='lat'><strong>,</strong></span> <span class='ocrx_word' id='word_1_605' title='bbox 2854 3835 2950 3889; x_wconf 88' lang='lat' dir='ltr'><strong>sed</strong></span> <span class='ocrx_word' id='word_1_606' title='bbox 2981 3836 3039 3890; x_wconf 88' lang='lat' dir='ltr'><strong>in</strong></span> <span class='ocrx_word' id='word_1_607' title='bbox 3069 3826 3194 3892; x_wconf 83' lang='lat' dir='ltr'><strong>aliis</strong></span> <span class='ocrx_word' id='word_1_608' title='bbox 3224 3848 3390 3910; x_wconf 85' lang='lat' dir='ltr'><strong>atque</strong></span> <span class='ocrx_word' id='word_1_609' title='bbox 3416 3842 3539 3898; x_wconf 84' lang='lat' dir='ltr'><strong>aliis</strong></span> <span class='ocrx_word' id='word_1_610' title='bbox 3569 3844 3671 3900; x_wconf 78' lang='lat' dir='ltr'><strong>al&#39;t-</strong></span> 
     </span>
    </p>
   </div>
   <div class='ocr_carea' id='block_1_99' title="bbox 2088 3923 2575 3987">
    <p class='ocr_par' dir='ltr' id='par_1_99' title="bbox 2088 3923 2575 3987">
     <span class='ocr_line' id='line_1_99' title="bbox 2088 3923 2575 3987; baseline 0.018 -19"><span class='ocrx_word' id='word_1_611' title='bbox 2088 3923 2170 3970; x_wconf 83' lang='lat' dir='ltr'><strong>ter</strong></span> <span class='ocrx_word' id='word_1_612' title='bbox 2202 3929 2368 3987; x_wconf 88' lang='lat' dir='ltr'><strong>atque</strong></span> <span class='ocrx_word' id='word_1_613' title='bbox 2392 3935 2575 3977; x_wconf 90' lang='lat' dir='ltr'><strong>secus.</strong></span> 
     </span>
    </p>
   </div>
   <div class='ocr_carea' id='block_1_100' title="bbox 2153 4007 3216 4082">
    <p class='ocr_par' dir='ltr' id='par_1_100' title="bbox 2153 4007 3216 4082">
     <span class='ocr_line' id='line_1_100' title="bbox 2153 4007 3216 4082; baseline 0.014 -21"><span class='ocrx_word' id='word_1_614' title='bbox 2153 4007 2210 4062; x_wconf 83' lang='lat' dir='ltr'><strong>Si</strong></span> <span class='ocrx_word' id='word_1_615' title='bbox 2240 4010 2547 4082; x_wconf 83' lang='lat' dir='ltr'><strong>dissipetur.</strong></span> <span class='ocrx_word' id='word_1_616' title='bbox 2576 4014 2635 4067; x_wconf 94' lang='lat' dir='ltr'><strong>ln</strong></span> <span class='ocrx_word' id='word_1_617' title='bbox 2665 4014 2768 4071; x_wconf 89' lang='lat' dir='ltr'><strong>alia</strong></span> <span class='ocrx_word' id='word_1_618' title='bbox 2800 4016 3035 4077; x_wconf 76' lang='lat' dir='ltr'><strong>aliorum</strong></span> <span class='ocrx_word' id='word_1_619' title='bbox 3071 4020 3216 4076; x_wconf 68' lang='lat' dir='ltr'><strong>loco.</strong></span> 
     </span>
    </p>
   </div>
   <div class='ocr_carea' id='block_1_101' title="bbox 2155 4101 3668 4188">
    <p class='ocr_par' dir='ltr' id='par_1_101' title="bbox 2155 4101 3668 4188">
     <span class='ocr_line' id='line_1_101' title="bbox 2155 4101 3668 4188; baseline 0.013 -33"><span class='ocrx_word' id='word_1_620' title='bbox 2155 4101 2315 4156; x_wconf 80' lang='lat' dir='ltr'><strong>Prius</strong></span> <span class='ocrx_word' id='word_1_621' title='bbox 2341 4105 2654 4163; x_wconf 70' lang='lat' dir='ltr'><strong>exsilientis.</strong></span> <span class='ocrx_word' id='word_1_622' title='bbox 2677 4108 3049 4179; x_wconf 89' lang='lat' dir='ltr'><strong>Supponenda</strong></span> <span class='ocrx_word' id='word_1_623' title='bbox 3075 4128 3164 4168; x_wconf 89' lang='lat' dir='ltr'><strong>res</strong></span> <span class='ocrx_word' id='word_1_624' title='bbox 3183 4124 3269 4169; x_wconf 81' lang='lat' dir='ltr'><strong>est</strong></span> <span class='ocrx_word' id='word_1_625' title='bbox 3292 4112 3511 4173; x_wconf 85' lang='lat' dir='ltr'><strong>duobus</strong></span> <span class='ocrx_word' id='word_1_626' title='bbox 3539 4135 3668 4188; x_wconf 88' lang='lat' dir='ltr'><strong>pcr-</strong></span> 
     </span>
    </p>
   </div>
   <div class='ocr_carea' id='block_1_102' title="bbox 2085 4197 3662 4280">
    <p class='ocr_par' dir='ltr' id='par_1_102' title="bbox 2085 4197 3662 4280">
     <span class='ocr_line' id='line_1_102' title="bbox 2085 4197 3662 4280; baseline 0.011 -31"><span class='ocrx_word' id='word_1_627' title='bbox 2085 4197 2223 4251; x_wconf 89' lang='lat' dir='ltr'><strong>actis</strong></span> <span class='ocrx_word' id='word_1_628' title='bbox 2257 4198 2417 4255; x_wconf 89' lang='lat' dir='ltr'><strong>annis</strong></span> <span class='ocrx_word' id='word_1_629' title='bbox 2474 4212 2738 4255; x_wconf 89' lang='lat' dir='ltr'><strong>eventura</strong></span> <span class='ocrx_word' id='word_1_630' title='bbox 2768 4245 2783 4268; x_wconf 96' lang='lat'><strong>,</strong></span> <span class='ocrx_word' id='word_1_631' title='bbox 2851 4205 2897 4259; x_wconf 88' lang='lat' dir='ltr'><strong>si</strong></span> <span class='ocrx_word' id='word_1_632' title='bbox 2948 4206 3113 4261; x_wconf 89' lang='lat' dir='ltr'><strong>hodie</strong></span> <span class='ocrx_word' id='word_1_633' title='bbox 3174 4207 3231 4261; x_wconf 91' lang='lat' dir='ltr'><strong>in</strong></span> <span class='ocrx_word' id='word_1_634' title='bbox 3272 4208 3662 4280; x_wconf 75' lang='lat' dir='ltr'><strong>imaginatione</strong></span> 
     </span>
    </p>
   </div>
   <div class='ocr_carea' id='block_1_103' title="bbox 2083 4291 3683 4367">
    <p class='ocr_par' dir='ltr' id='par_1_103' title="bbox 2083 4291 3683 4367">
     <span class='ocr_line' id='line_1_103' title="bbox 2083 4291 3683 4367; baseline 0.013 -25"><span class='ocrx_word' id='word_1_635' title='bbox 2083 4291 2405 4358; x_wconf 87' lang='lat' dir='ltr'><strong>apparuerit</strong></span> <span class='ocrx_word' id='word_1_636' title='bbox 2429 4331 2445 4354; x_wconf 89' lang='lat'><strong>,</strong></span> <span class='ocrx_word' id='word_1_637' title='bbox 2478 4294 2636 4363; x_wconf 91' lang='lat' dir='ltr'><strong>prius</strong></span> <span class='ocrx_word' id='word_1_638' title='bbox 2682 4297 2897 4367; x_wconf 75' lang='lat' dir='ltr'><strong>aufugit</strong></span> <span class='ocrx_word' id='word_1_639' title='bbox 2945 4313 3012 4353; x_wconf 80' lang='lat' dir='ltr'><strong>ex</strong></span> <span class='ocrx_word' id='word_1_640' title='bbox 3049 4300 3244 4357; x_wconf 87' lang='lat' dir='ltr'><strong>ordine</strong></span> <span class='ocrx_word' id='word_1_641' title='bbox 3273 4303 3574 4360; x_wconf 84' lang='lat' dir='ltr'><strong>domestico</strong></span> <span class='ocrx_word' id='word_1_642' title='bbox 3607 4315 3683 4361; x_wconf 73' lang='lat' dir='ltr'><strong>et.</strong></span> 
     </span>
    </p>
   </div>
   <div class='ocr_carea' id='block_1_104' title="bbox 2086 4382 3663 4464">
    <p class='ocr_par' dir='ltr' id='par_1_104' title="bbox 2086 4382 3663 4464">
     <span class='ocr_line' id='line_1_104' title="bbox 2086 4382 3663 4464; baseline 0.012 -30"><span class='ocrx_word' id='word_1_643' title='bbox 2086 4382 2370 4451; x_wconf 90' lang='lat' dir='ltr'><strong>peculiari,</strong></span> <span class='ocrx_word' id='word_1_644' title='bbox 2397 4382 2567 4454; x_wconf 85' lang='lat' dir='ltr'><strong>ﬁtque</strong></span> <span class='ocrx_word' id='word_1_645' title='bbox 2596 4389 2912 4456; x_wconf 80' lang='lat' dir='ltr'><strong>provolutio</strong></span> <span class='ocrx_word' id='word_1_646' title='bbox 2936 4392 3292 4455; x_wconf 83' lang='lat' dir='ltr'><strong>reinondum</strong></span> <span class='ocrx_word' id='word_1_647' title='bbox 3340 4397 3628 4464; x_wconf 61' lang='lat' dir='ltr'><strong>praesentis</strong></span> <span class='ocrx_word' id='word_1_648' title='bbox 3646 4439 3663 4464; x_wconf 91' lang='lat'><strong>,</strong></span> 
     </span>
    </p>
   </div>
   <div class='ocr_carea' id='block_1_105' title="bbox 2083 4468 3414 4556">
    <p class='ocr_par' dir='ltr' id='par_1_105' title="bbox 2083 4468 3414 4556">
     <span class='ocr_line' id='line_1_105' title="bbox 2083 4468 3414 4556; baseline 0.011 -28"><span class='ocrx_word' id='word_1_649' title='bbox 2083 4488 2151 4530; x_wconf 80' lang='lat' dir='ltr'><strong>ae</strong></span> <span class='ocrx_word' id='word_1_650' title='bbox 2169 4484 2383 4530; x_wconf 69' lang='lat' dir='ltr'><strong>natura:</strong></span> <span class='ocrx_word' id='word_1_651' title='bbox 2417 4477 2754 4548; x_wconf 74' lang='lat' dir='ltr'><strong>imperfecta:</strong></span> <span class='ocrx_word' id='word_1_652' title='bbox 2780 4482 3137 4540; x_wconf 76' lang='lat' dir='ltr'><strong>efﬂorescens</strong></span> <span class='ocrx_word' id='word_1_653' title='bbox 3167 4468 3414 4556; x_wconf 77' lang='lat' dir='ltr'><strong>germen.</strong></span> 
     </span>
    </p>
   </div>
   <div class='ocr_carea' id='block_1_106' title="bbox 2012 4565 3664 4649">
    <p class='ocr_par' dir='ltr' id='par_1_106' title="bbox 2012 4565 3664 4649">
     <span class='ocr_line' id='line_1_106' title="bbox 2012 4565 3664 4649; baseline 0.012 -32"><span class='ocrx_word' id='word_1_654' title='bbox 2012 4584 2057 4638; x_wconf 75' lang='grc' dir='ltr'><strong>υ</strong></span> <span class='ocrx_word' id='word_1_655' title='bbox 2160 4565 2558 4636; x_wconf 67' lang='lat' dir='ltr'><strong>Diﬂiciliusest.</strong></span> <span class='ocrx_word' id='word_1_656' title='bbox 2594 4572 2866 4628; x_wconf 63' lang='lat' dir='ltr'><strong>Praeterea</strong></span> <span class='ocrx_word' id='word_1_657' title='bbox 2897 4592 3048 4638; x_wconf 87' lang='lat' dir='ltr'><strong>vero,</strong></span> <span class='ocrx_word' id='word_1_658' title='bbox 3079 4578 3189 4641; x_wconf 86' lang='lat' dir='ltr'><strong>ait,</strong></span> <span class='ocrx_word' id='word_1_659' title='bbox 3225 4578 3400 4649; x_wconf 78' lang='lat' dir='ltr'><strong>magis</strong></span> <span class='ocrx_word' id='word_1_660' title='bbox 3430 4580 3664 4636; x_wconf 88' lang='lat' dir='ltr'><strong>arduutn</strong></span> 
     </span>
    </p>
   </div>
   <div class='ocr_carea' id='block_1_107' title="bbox 2088 4663 3664 4735">
    <p class='ocr_par' dir='ltr' id='par_1_107' title="bbox 2088 4663 3664 4735">
     <span class='ocr_line' id='line_1_107' title="bbox 2088 4663 3664 4735; baseline 0.01 -22"><span class='ocrx_word' id='word_1_661' title='bbox 2088 4669 2173 4713; x_wconf 86' lang='lat' dir='ltr'><strong>est</strong></span> <span class='ocrx_word' id='word_1_662' title='bbox 2209 4663 2427 4730; x_wconf 81' lang='lat' dir='ltr'><strong>assequi</strong></span> <span class='ocrx_word' id='word_1_663' title='bbox 2452 4673 2509 4718; x_wconf 89' lang='lat' dir='ltr'><strong>et</strong></span> <span class='ocrx_word' id='word_1_664' title='bbox 2541 4664 2802 4735; x_wconf 79' lang='lat' dir='ltr'><strong>colligere</strong></span> <span class='ocrx_word' id='word_1_665' title='bbox 2847 4683 3197 4723; x_wconf 76' lang='lat' dir='ltr'><strong>corruuunem</strong></span> <span class='ocrx_word' id='word_1_666' title='bbox 3242 4674 3566 4727; x_wconf 83' lang='lat' dir='ltr'><strong>metltodum</strong></span> <span class='ocrx_word' id='word_1_667' title='bbox 3606 4675 3664 4729; x_wconf 87' lang='lat' dir='ltr'><strong>in</strong></span> 
     </span>
    </p>
   </div>
   <div class='ocr_carea' id='block_1_108' title="bbox 2086 4750 3667 4822">
    <p class='ocr_par' dir='ltr' id='par_1_108' title="bbox 2086 4750 3667 4822">
     <span class='ocr_line' id='line_1_108' title="bbox 2086 4750 3667 4822; baseline 0.009 -17"><span class='ocrx_word' id='word_1_668' title='bbox 2086 4750 2328 4820; x_wconf 82' lang='lat' dir='ltr'><strong>singulis</strong></span> <span class='ocrx_word' id='word_1_669' title='bbox 2364 4755 2649 4822; x_wconf 80' lang='lat' dir='ltr'><strong>hominum</strong></span> <span class='ocrx_word' id='word_1_670' title='bbox 2683 4757 3133 4814; x_wconf 65' lang='lat' dir='ltr'><strong>moribus.,Nam</strong></span> <span class='ocrx_word' id='word_1_671' title='bbox 3179 4761 3463 4817; x_wconf 86' lang='lat' dir='ltr'><strong>hominum</strong></span> <span class='ocrx_word' id='word_1_672' title='bbox 3497 4781 3667 4819; x_wconf 85' lang='lat' dir='ltr'><strong>unus-</strong></span> 
     </span>
    </p>
   </div>
   <div class='ocr_carea' id='block_1_109' title="bbox 2082 4842 3667 4916">
    <p class='ocr_par' dir='ltr' id='par_1_109' title="bbox 2082 4842 3667 4916">
     <span class='ocr_line' id='line_1_109' title="bbox 2082 4842 3667 4916; baseline 0.012 -23"><span class='ocrx_word' id='word_1_673' title='bbox 2082 4842 2318 4912; x_wconf 84' lang='lat' dir='ltr'><strong>quisque</strong></span> <span class='ocrx_word' id='word_1_674' title='bbox 2350 4847 2684 4914; x_wconf 86' lang='lat' dir='ltr'><strong>peculiarem</strong></span> <span class='ocrx_word' id='word_1_675' title='bbox 2716 4851 3012 4916; x_wconf 87' lang='lat' dir='ltr'><strong>quemdam</strong></span> <span class='ocrx_word' id='word_1_676' title='bbox 3052 4855 3477 4912; x_wconf 88' lang='lat' dir='ltr'><strong>consuetudinis</strong></span> <span class='ocrx_word' id='word_1_677' title='bbox 3508 4857 3667 4911; x_wconf 81' lang='lat' dir='ltr'><strong>hani-</strong></span> 
     </span>
    </p>
   </div>
   <div class='ocr_carea' id='block_1_110' title="bbox 2086 4937 3685 5018">
    <p class='ocr_par' dir='ltr' id='par_1_110' title="bbox 2086 4937 3685 5018">
     <span class='ocr_line' id='line_1_110' title="bbox 2086 4937 3685 5018; baseline 0.011 -32"><span class='ocrx_word' id='word_1_678' title='bbox 2086 4943 2226 4998; x_wconf 91' lang='lat' dir='ltr'><strong>tum,</strong></span> <span class='ocrx_word' id='word_1_679' title='bbox 2252 4937 2431 5004; x_wconf 81' lang='lat' dir='ltr'><strong>quoad</strong></span> <span class='ocrx_word' id='word_1_680' title='bbox 2466 4940 2786 5007; x_wconf 84' lang='lat' dir='ltr'><strong>consilium,</strong></span> <span class='ocrx_word' id='word_1_681' title='bbox 2819 4942 3156 4999; x_wconf 70' lang='lat' dir='ltr'><strong>voluntatem</strong></span> <span class='ocrx_word' id='word_1_682' title='bbox 3186 4954 3243 5001; x_wconf 90' lang='lat' dir='ltr'><strong>et</strong></span> <span class='ocrx_word' id='word_1_683' title='bbox 3270 4949 3685 5018; x_wconf 56' lang='lat' dir='ltr'><strong>cognitionem,</strong></span> 
     </span>
    </p>
   </div>
   <div class='ocr_carea' id='block_1_111' title="bbox 2082 5026 3666 5110">
    <p class='ocr_par' dir='ltr' id='par_1_111' title="bbox 2082 5026 3666 5110">
     <span class='ocr_line' id='line_1_111' title="bbox 2082 5026 3666 5110; baseline 0.012 -30"><span class='ocrx_word' id='word_1_684' title='bbox 2082 5026 2298 5083; x_wconf 85' lang='lat' dir='ltr'><strong>habet:</strong></span> <span class='ocrx_word' id='word_1_685' title='bbox 2355 5029 2562 5086; x_wconf 85' lang='lat' dir='ltr'><strong>idcirco</strong></span> <span class='ocrx_word' id='word_1_686' title='bbox 2600 5033 2752 5087; x_wconf 91' lang='lat' dir='ltr'><strong>vario</strong></span> <span class='ocrx_word' id='word_1_687' title='bbox 2786 5036 2949 5090; x_wconf 88' lang='lat' dir='ltr'><strong>modo</strong></span> <span class='ocrx_word' id='word_1_688' title='bbox 2999 5038 3380 5107; x_wconf 85' lang='lat' dir='ltr'><strong>phantasmata</strong></span> <span class='ocrx_word' id='word_1_689' title='bbox 3431 5041 3666 5110; x_wconf 76' lang='lat' dir='ltr'><strong>singulis</strong></span> 
     </span>
    </p>
   </div>
   <div class='ocr_carea' id='block_1_112' title="bbox 2081 5118 3663 5202">
    <p class='ocr_par' dir='ltr' id='par_1_112' title="bbox 2081 5118 3663 5202">
     <span class='ocr_line' id='line_1_112' title="bbox 2081 5118 3663 5202; baseline 0.006 -29"><span class='ocrx_word' id='word_1_690' title='bbox 2081 5118 2556 5188; x_wconf 84' lang='lat' dir='ltr'><strong>demonstrantur,</strong></span> <span class='ocrx_word' id='word_1_691' title='bbox 2581 5132 2636 5176; x_wconf 88' lang='lat' dir='ltr'><strong>et</strong></span> <span class='ocrx_word' id='word_1_692' title='bbox 2657 5123 2763 5179; x_wconf 82' lang='lat' dir='ltr'><strong>alia</strong></span> <span class='ocrx_word' id='word_1_693' title='bbox 2791 5125 2916 5181; x_wconf 89' lang='lat' dir='ltr'><strong>aliis</strong></span> <span class='ocrx_word' id='word_1_694' title='bbox 2937 5127 3172 5183; x_wconf 86' lang='lat' dir='ltr'><strong>aliorum</strong></span> <span class='ocrx_word' id='word_1_695' title='bbox 3204 5129 3347 5185; x_wconf 78' lang='lat' dir='ltr'><strong>ﬁunt</strong></span> <span class='ocrx_word' id='word_1_696' title='bbox 3377 5132 3663 5202; x_wconf 57' lang='lat' dir='ltr'><strong>signiﬁca.</strong></span> 
     </span>
    </p>
   </div>
   <div class='ocr_carea' id='block_1_113' title="bbox 2065 5213 3682 5292">
    <p class='ocr_par' dir='ltr' id='par_1_113' title="bbox 2065 5213 3682 5292">
     <span class='ocr_line' id='line_1_113' title="bbox 2065 5213 3682 5292; baseline 0.006 -25"><span class='ocrx_word' id='word_1_697' title='bbox 2065 5213 2216 5279; x_wconf 83' lang='lat' dir='ltr'><strong>.tiva,</strong></span> <span class='ocrx_word' id='word_1_698' title='bbox 2266 5229 2371 5269; x_wconf 90' lang='lat' dir='ltr'><strong>nec</strong></span> <span class='ocrx_word' id='word_1_699' title='bbox 2424 5215 2542 5285; x_wconf 85' lang='lat' dir='ltr'><strong>ipsa</strong></span> <span class='ocrx_word' id='word_1_700' title='bbox 2592 5217 2838 5287; x_wconf 82' lang='lat' dir='ltr'><strong>ipsorum</strong></span> <span class='ocrx_word' id='word_1_701' title='bbox 2890 5220 3201 5279; x_wconf 81' lang='lat' dir='ltr'><strong>erunibus:</strong></span> <span class='ocrx_word' id='word_1_702' title='bbox 3248 5237 3337 5277; x_wconf 90' lang='lat' dir='ltr'><strong>res</strong></span> <span class='ocrx_word' id='word_1_703' title='bbox 3378 5231 3470 5277; x_wconf 71' lang='lat' dir='ltr'><strong>est</strong></span> <span class='ocrx_word' id='word_1_704' title='bbox 3498 5223 3682 5292; x_wconf 67' lang='lat' dir='ltr'><strong>igitur»</strong></span> 
     </span>
    </p>
   </div>
   <div class='ocr_carea' id='block_1_114' title="bbox 2080 5304 3680 5381">
    <p class='ocr_par' dir='ltr' id='par_1_114' title="bbox 2080 5304 3680 5381">
     <span class='ocr_line' id='line_1_114' title="bbox 2080 5304 3680 5381; baseline 0.006 -22"><span class='ocrx_word' id='word_1_705' title='bbox 2080 5305 2247 5375; x_wconf 89' lang='lat' dir='ltr'><strong>plena</strong></span> <span class='ocrx_word' id='word_1_706' title='bbox 2271 5304 2477 5362; x_wconf 81' lang='lat' dir='ltr'><strong>laboris</strong></span> <span class='ocrx_word' id='word_1_707' title='bbox 2521 5307 2634 5363; x_wconf 88' lang='lat' dir='ltr'><strong>visa</strong></span> <span class='ocrx_word' id='word_1_708' title='bbox 2661 5307 3045 5377; x_wconf 86' lang='lat' dir='ltr'><strong>phantasmata</strong></span> <span class='ocrx_word' id='word_1_709' title='bbox 3081 5312 3361 5381; x_wconf 75' lang='lat' dir='ltr'><strong>colligere,</strong></span> <span class='ocrx_word' id='word_1_710' title='bbox 3408 5321 3465 5368; x_wconf 90' lang='lat' dir='ltr'><strong>et</strong></span> <span class='ocrx_word' id='word_1_711' title='bbox 3497 5327 3680 5369; x_wconf 86' lang='lat' dir='ltr'><strong>nosse.</strong></span> 
     </span>
    </p>
   </div>
   <div class='ocr_carea' id='block_1_115' title="bbox 2080 5396 3664 5467">
    <p class='ocr_par' dir='ltr' id='par_1_115' title="bbox 2080 5396 3664 5467">
     <span class='ocr_line' id='line_1_115' title="bbox 2080 5396 3664 5467; baseline 0.004 -17"><span class='ocrx_word' id='word_1_712' title='bbox 2080 5411 2204 5466; x_wconf 84' lang='lat' dir='ltr'><strong>quae</strong></span> <span class='ocrx_word' id='word_1_713' title='bbox 2228 5396 2464 5467; x_wconf 78' lang='lat' dir='ltr'><strong>singulis</strong></span> <span class='ocrx_word' id='word_1_714' title='bbox 2492 5398 2815 5455; x_wconf 89' lang='lat' dir='ltr'><strong>hominibus</strong></span> <span class='ocrx_word' id='word_1_715' title='bbox 2842 5400 3104 5456; x_wconf 87' lang='lat' dir='ltr'><strong>distincte</strong></span> <span class='ocrx_word' id='word_1_716' title='bbox 3127 5402 3411 5465; x_wconf 69' lang='lat' dir='ltr'><strong>eteniunt,</strong></span> <span class='ocrx_word' id='word_1_717' title='bbox 3435 5413 3489 5459; x_wconf 90' lang='lat' dir='ltr'><strong>et</strong></span> <span class='ocrx_word' id='word_1_718' title='bbox 3508 5419 3664 5459; x_wconf 86' lang='lat' dir='ltr'><strong>com-</strong></span> 
     </span>
    </p>
   </div>
   <div class='ocr_carea' id='block_1_116' title="bbox 2078 5485 3677 5565">
    <p class='ocr_par' dir='ltr' id='par_1_116' title="bbox 2078 5485 3677 5565">
     <span class='ocr_line' id='line_1_116' title="bbox 2078 5485 3677 5565; baseline 0.004 -19"><span class='ocrx_word' id='word_1_719' title='bbox 2078 5491 2232 5546; x_wconf 90' lang='lat' dir='ltr'><strong>muni</strong></span> <span class='ocrx_word' id='word_1_720' title='bbox 2264 5500 2484 5565; x_wconf 82' lang='lat' dir='ltr'><strong>spectro</strong></span> <span class='ocrx_word' id='word_1_721' title='bbox 2519 5507 2746 5562; x_wconf 77' lang='lat' dir='ltr'><strong>compar</strong></span> <span class='ocrx_word' id='word_1_722' title='bbox 2768 5504 2931 5563; x_wconf 89' lang='lat' dir='ltr'><strong>atque</strong></span> <span class='ocrx_word' id='word_1_723' title='bbox 2957 5485 3169 5565; x_wconf 72' lang='lat' dir='ltr'><strong>aequale</strong></span> <span class='ocrx_word' id='word_1_724' title='bbox 3185 5496 3521 5565; x_wconf 78' lang='lat' dir='ltr'><strong>exprimere,</strong></span> <span class='ocrx_word' id='word_1_725' title='bbox 3555 5496 3677 5552; x_wconf 79' lang='lat' dir='ltr'><strong>hoe.</strong></span> 
     </span>
    </p>
   </div>
   <div class='ocr_carea' id='block_1_117' title="bbox 2077 5563 3678 5659">
    <p class='ocr_par' dir='ltr' id='par_1_117' title="bbox 2077 5563 3678 5659">
     <span class='ocr_line' id='line_1_117' title="bbox 2077 5563 3678 5659; baseline 0.005 -22"><span class='ocrx_word' id='word_1_726' title='bbox 2077 5594 2160 5637; x_wconf 90' lang='lat' dir='ltr'><strong>est</strong></span> <span class='ocrx_word' id='word_1_727' title='bbox 2189 5624 2204 5650; x_wconf 96' lang='lat'><strong>,</strong></span> <span class='ocrx_word' id='word_1_728' title='bbox 2234 5563 2360 5639; x_wconf 71' lang='lat' dir='ltr'><strong>aliis</strong></span> <span class='ocrx_word' id='word_1_729' title='bbox 2425 5584 2629 5646; x_wconf 86' lang='lat' dir='ltr'><strong>simile.</strong></span> <span class='ocrx_word' id='word_1_730' title='bbox 2690 5600 2910 5640; x_wconf 90' lang='lat' dir='ltr'><strong>necnon</strong></span> <span class='ocrx_word' id='word_1_731' title='bbox 2972 5602 3321 5642; x_wconf 86' lang='lat' dir='ltr'><strong>communem</strong></span> <span class='ocrx_word' id='word_1_732' title='bbox 3359 5588 3678 5659; x_wconf 85' lang='lat' dir='ltr'><strong>unicuique.</strong></span> 
     </span>
    </p>
   </div>
   <div class='ocr_carea' id='block_1_118' title="bbox 2078 5676 3699 5747">
    <p class='ocr_par' dir='ltr' id='par_1_118' title="bbox 2078 5676 3699 5747">
     <span class='ocr_line' id='line_1_118' title="bbox 2078 5676 3699 5747; baseline 0.003 -17"><span class='ocrx_word' id='word_1_733' title='bbox 2078 5677 2340 5732; x_wconf 89' lang='lat' dir='ltr'><strong>omnibus</strong></span> <span class='ocrx_word' id='word_1_734' title='bbox 2371 5677 2743 5747; x_wconf 82' lang='lat' dir='ltr'><strong>particulatim</strong></span> <span class='ocrx_word' id='word_1_735' title='bbox 2791 5678 3112 5734; x_wconf 72' lang='lat' dir='ltr'><strong>hominibus</strong></span> <span class='ocrx_word' id='word_1_736' title='bbox 3156 5680 3356 5734; x_wconf 89' lang='lat' dir='ltr'><strong>horum</strong></span> <span class='ocrx_word' id='word_1_737' title='bbox 3399 5682 3532 5735; x_wconf 84' lang='lat' dir='ltr'><strong>dare</strong></span> <span class='ocrx_word' id='word_1_738' title='bbox 3563 5682 3663 5735; x_wconf 87' lang='lat' dir='ltr'><strong>do-</strong></span> <span class='ocrx_word' id='word_1_739' title='bbox 3696 5676 3699 5683; x_wconf 72' lang='grc'><em>’</em></span> 
     </span>
    </p>
   </div>
   <div class='ocr_carea' id='block_1_119' title="bbox 2078 5766 3660 5839">
    <p class='ocr_par' dir='ltr' id='par_1_119' title="bbox 2078 5766 3660 5839">
     <span class='ocr_line' id='line_1_119' title="bbox 2078 5766 3660 5839; baseline 0.003 -19"><span class='ocrx_word' id='word_1_740' title='bbox 2078 5768 2338 5833; x_wconf 76' lang='lat' dir='ltr'><strong>etrinam,</strong></span> <span class='ocrx_word' id='word_1_741' title='bbox 2375 5767 2844 5838; x_wconf 86' lang='lat' dir='ltr'><strong>quemadmodum</strong></span> <span class='ocrx_word' id='word_1_742' title='bbox 2876 5766 3128 5824; x_wconf 83' lang='lat' dir='ltr'><strong>fortassis</strong></span> <span class='ocrx_word' id='word_1_743' title='bbox 3166 5769 3448 5839; x_wconf 80' lang='lat' dir='ltr'><strong>sigillatim</strong></span> <span class='ocrx_word' id='word_1_744' title='bbox 3483 5777 3541 5824; x_wconf 88' lang='lat' dir='ltr'><strong>et</strong></span> <span class='ocrx_word' id='word_1_745' title='bbox 3568 5784 3660 5825; x_wconf 85' lang='lat' dir='ltr'><strong>se-</strong></span> 
     </span>
    </p>
   </div>
   <div class='ocr_carea' id='block_1_120' title="bbox 2080 5858 3687 5929">
    <p class='ocr_par' dir='ltr' id='par_1_120' title="bbox 2080 5858 3687 5929">
     <span class='ocr_line' id='line_1_120' title="bbox 2080 5858 3687 5929; baseline 0.002 -17"><span class='ocrx_word' id='word_1_746' title='bbox 2080 5860 2314 5929; x_wconf 82' lang='lat' dir='ltr'><strong>paratim</strong></span> <span class='ocrx_word' id='word_1_747' title='bbox 2348 5858 2731 5914; x_wconf 83' lang='lat' dir='ltr'><strong>animantibus</strong></span> <span class='ocrx_word' id='word_1_748' title='bbox 2761 5859 3073 5915; x_wconf 85' lang='lat' dir='ltr'><strong>communis</strong></span> <span class='ocrx_word' id='word_1_749' title='bbox 3108 5860 3363 5916; x_wconf 82' lang='lat' dir='ltr'><strong>animalis</strong></span> <span class='ocrx_word' id='word_1_750' title='bbox 3390 5859 3687 5916; x_wconf 58' lang='lat' dir='ltr'><strong>rationem,</strong></span> 
     </span>
    </p>
   </div>
   <div class='ocr_carea' id='block_1_121' title="bbox 2080 5949 3679 6024">
    <p class='ocr_par' dir='ltr' id='par_1_121' title="bbox 2080 5949 3679 6024">
     <span class='ocr_line' id='line_1_121' title="bbox 2080 5949 3679 6024; baseline 0.001 -16"><span class='ocrx_word' id='word_1_751' title='bbox 2080 5970 2142 6008; x_wconf 84' lang='lat' dir='ltr'><strong>ac</strong></span> <span class='ocrx_word' id='word_1_752' title='bbox 2179 5950 2559 6008; x_wconf 81' lang='lat' dir='ltr'><strong>dcfmitiouem</strong></span> <span class='ocrx_word' id='word_1_753' title='bbox 2596 5949 2941 6022; x_wconf 81' lang='lat' dir='ltr'><strong>assignamus</strong></span> <span class='ocrx_word' id='word_1_754' title='bbox 2966 5995 2983 6021; x_wconf 96' lang='lat'><strong>,</strong></span> <span class='ocrx_word' id='word_1_755' title='bbox 3035 5955 3183 6024; x_wconf 73' lang='lat' dir='ltr'><strong>quod</strong></span> <span class='ocrx_word' id='word_1_756' title='bbox 3238 5954 3309 6009; x_wconf 89' lang='lat' dir='ltr'><strong>sit</strong></span> <span class='ocrx_word' id='word_1_757' title='bbox 3350 5950 3679 6010; x_wconf 68' lang='lat' dir='ltr'><strong>substantia.</strong></span> 
     </span>
    </p>
   </div>
  </div>
