4040 6486
506 442 613 509 659

1726 451 2145 517 NICEPHORI
2185 456 2574 517 GREGORzE

3620 464 3713 529 660

503 557 603 613 11".
646 548 761 614 Τοῦ
789 559 978 616 αὐτοῦ
1009 549 1571 645 τῷμρωεονοζαρίῳ
1612 548 2075 635 Θεσσαλονίκης
2103 579 2151 635 Α
2179 570 2275 625 καὶ
2311 571 2378 623 σὺ
2411 569 2473 622 τό
2498 571 2617 629 δέον
2643 571 2859 642 ὴνυκὼς
2890 570 2990 645 ἔσῃ
3011 587 3027 606 ο
3056 572 3353 645 ὁλόκληρον
3380 573 3482 644 γάρ
3508 574 3569 628 ἂν
3593 577 3719 630 οὓτω

1047 633 1128 696 τῷ
1157 633 1524 701 Σωτηριώτῃ.

595 740 685 807 Ἐξ
738 743 997 813 ἡμισείας
1031 760 1126 813 μοι
1175 747 1343 816 φαίνῃ
1377 748 1649 819 χρηστός·
1690 748 1772 803 ὅτι
1820 749 1921 818 μέν
1967 752 2077 822 γὰρ

511 828 802 901 ἐπιθυμεῖς
831 836 1181 905 γραμμάτων
1207 839 1381 904 ἐμῶν,
1407 840 1649 905 παλαιᾶς
1686 842 1904 912 ἐκείνης
1934 861 2079 914 μεμ-

509 926 745 995 νημένος
790 925 1120 996 διατριϐῆς,
1172 929 1364 1000 ἀνδρὸς
1414 930 1697 994 ἐπιεικοῦς
1740 934 1920 997 δοκεῖς
1985 952 2078 1006 μοι

510 1013 743 1085 πρᾶγμα
790 1021 963 1070 ποιεῖν
980 1027 1000 1051 ·’
1041 1017 1120 1088 τῷ
1165 1018 1231 1085 δ’,
1271 1022 1390 1087 ἐξὸν
1431 1026 1620 1093 τυχεῖν
1669 1020 1745 1078 ὧν
1789 1027 1942 1097 ἐρᾷς,
2001 1027 2080 1098 μῆ

508 1111 723 1181 πρῶτος
749 1111 912 1175 αὐτὸς
945 1113 1257 1184 χρήσασθαι
1305 1117 1418 1179 τοῖς
1466 1117 1563 1170 ἐπὶ
1596 1116 1773 1171 ταῦτα
1823 1121 2082 1189 κινήσου-

508 1204 560 1257 σί
595 1222 686 1272 με,
718 1204 823 1260 κᾶν
851 1206 1052 1275 βραδύς
1084 1224 1170 1271 τις
1223 1201 1268 1261 ὧ
1300 1210 1395 1263 καὶ
1425 1210 1622 1282 νωθὴς,
1677 1212 1850 1285 ταύτῃ
1896 1228 1989 1283 μοι
2020 1212 2084 1267 τὸ

507 1297 630 1350 δέον
693 1299 1058 1365 παραλείπειν
1112 1301 1312 1364 δοκεῖς.
1364 1303 1520 1357 Ἐπεὶ
1587 1302 1643 1358 δέ
1690 1305 1771 1359 δεῖ
1798 1322 1923 1360 τινα
1974 1307 2084 1359 τῶν

506 1389 815 1443 καλλίστων
864 1392 1112 1462 ἡγεμόνα
1165 1395 1441 1461 γενέσθαι,
1474 1397 1540 1449 σὺ
1598 1396 1655 1450 δὲ
1699 1397 1863 1450 τοῦτο
1895 1398 2084 1452 λαϐεῖν

507 1482 609 1532 οὐκ
658 1482 929 1552 ἠνέσχου,
984 1478 1105 1550 ἐξόν
1161 1502 1244 1538 σοι
1288 1489 1401 1549 τοῖς
1458 1487 1721 1550 τοιούτοις
1768 1490 2083 1558 ἀμέμπτως

508 1572 880 1641 πλεονεκτεῖν,
916 1576 1029 1642 ἐγώ
1065 1592 1149 1629 σοι
1178 1577 1403 1648 γίνομαι
1428 1580 1636 1633 τούτων
1670 1581 1984 1651 ύφηγητὴς,
2017 1582 2086 1634 ἶν’

504 1663 677 1726 οὕτως
705 1669 835 1734 γοῦν
861 1666 1015 1722 ἔποιό
1030 1686 1140 1738 μοι,
1176 1669 1310 1739 πρὸς
1347 1672 1693 1742 παράδειγμα
1712 1673 1926 1742 βλέπων
1965 1673 2088 1726 τοῦδ

509 1757 625 1825 μόν.
656 1758 719 1810 Et
751 1758 850 1829 μὲν
871 1758 967 1814 οὖν
989 1762 1331 1829 τούντεῦθεν,
1350 1764 1410 1816 τὸ
1434 1765 1704 1836 ῥᾳθυμεῖν
1723 1766 2085 1835 ἀποθέμενος,

503 1848 598 1902 ἐπὶ
642 1850 705 1903 τὸ
741 1851 981 1921 γράφειν
1017 1850 1194 1923 ἥξεις,
1230 1857 1392 1926 ἡμεῖς
1450 1857 1508 1909 τέ
1546 1874 1604 1910 σε
1652 1857 2081 1928 ἐπαινεσόμεθα,

2184 662 2277 712 τὸν
2307 661 2506 715 σαυτοῦ
2552 662 2753 733 τρόπον
2796 664 2932 732 ήμῖν
2965 666 3060 719 καὶ
3092 666 3193 719 οὐκ
3243 664 3408 736 ἀτελῆ
3440 683 3521 735 γε,
3550 667 3720 739 ὥσπερ

2183 749 2301 814 νῦν,
2329 754 2740 822 παραστήσαις,
2780 753 2900 806 Κᾶν
2932 754 3069 824 πρὸς
3109 754 3167 807 σέ
3204 754 3405 826 βλέπω,
3437 757 3532 808 οὐκ
3560 758 3724 828 ἀνήσω

2178 845 2292 904 τοῖς
2334 843 2471 905 ῖσοις
2501 842 2831 911 ἀμείϐεσθαί
2855 861 2915 897 σε
2946 860 2962 875 ·
3029 845 3244 899 δίκαιον
3274 846 3384 916 γάρ
3420 864 3506 915 με,
3538 848 3625 901 τοῦ
3661 867 3729 915 γιο

2180 933 2449 1003 γνομένου
2474 934 2675 999 παντὸς
2689 935 3029 1004 τυγχάνοντα
3063 938 3214 1007 παρά
3240 937 3355 1002 σοῦ,
3386 940 3475 992 καὶ
3498 940 3649 993 αὑτὸν
3674 941 3728 993 τ’)

2180 1025 2301 1080 δέον
2330 1027 2652 1080 ἀντιδιδόναι
2677 1043 2693 1060 ·
2736 1046 2757 1079 ι
2798 1029 2896 1092 Δός
2938 1030 3048 1100 γάρ
3079 1047 3131 1082 τι
3173 1031 3266 1084 καὶ
3327 1030 3456 1085 λάϐε
3510 1048 3580 1097 τι,
3611 1032 3731 1099 φησί

2180 1132 2268 1180 τις
2312 1117 2423 1171 σῶν
2475 1118 2723 1172 παλαιῶν
2747 1133 2760 1145 ⁸
2794 1121 2830 1174 ἀ
2852 1120 2962 1191 γὰρ
2990 1121 3111 1191 χεὶρ
3137 1121 3240 1175 τάν
3263 1123 3419 1192 χεῖρα
3445 1124 3594 1189 νίζει.
3628 1142 3645 1174 ι
3674 1125 3730 1177 Et

2182 1208 2231 1262 δ’
2267 1210 2528 1278 ὲμμενεῖς
2554 1213 2619 1281 τῇ
2657 1213 2810 1281 σιγῇ,
2846 1211 3041 1281 μηκέτ’
3072 1212 3174 1282 ἐμὲ
3221 1213 3384 1266 δίωκε
3412 1215 3731 1280 σκαιότητος,

2183 1301 2216 1372 ἢ
2252 1303 2362 1356 τῶν
2389 1304 2560 1372 φίλων
2605 1305 2905 1375 ὑπεροψίας
2929 1322 2943 1336 ·
3003 1305 3200 1360 σαυτὸν
3228 1306 3284 1360 δέ
3330 1308 3488 1361 αίτιῶ
3525 1307 3583 1359 τὸ
3629 1307 3736 1360 δέον

2184 1394 2558 1458 ἐκλελοιπότα,
2593 1389 2637 1463 ᾧ
2686 1397 2744 1467 μ’
2775 1398 2978 1461 ἐκίνεις
3025 1397 3093 1451 ἂν
3131 1399 3225 1452 ἐπὶ
3288 1398 3348 1451 τὸ
3392 1398 3617 1468 γράφειν
3639 1397 3737 1451 ἀεί.

2187 1488 2353 1556 Σιγὴν
2390 1489 2499 1558 γὰρ
2529 1487 2643 1552 ἄξω
2676 1488 2851 1556 κάγὼ,
2886 1489 2979 1543 τοῦ
3013 1489 3261 1553 κινοῦτος
3290 1491 3389 1543 οὐκ
3418 1490 3594 1551 ὅντος·
3627 1490 3739 1542 ἐπεὶ

2187 1580 2283 1633 καὶ
2309 1579 2405 1632 νῦν
2426 1581 2525 1633 οὐκ
2553 1580 2620 1634 ἂν
2652 1580 2937 1651 ἐμνήσθην
2987 1581 3125 1652 πρὸς
3164 1582 3225 1635 σὲ
3251 1582 3620 1653 γραμμάτων,
3651 1581 3742 1633 οὐκ

2187 1674 2397 1738 εἰωθὼς
2429 1675 2695 1746 πρότερον
2726 1676 2888 1729 τοῦτο
2936 1677 3203 1743 ποιεῖν,εί
3245 1677 3324 1748 μή
3363 1692 3432 1747 με
3461 1677 3491 1730 ό
3527 1673 3740 1745 χρηστὸς

2190 1766 2376 1818 οὐτοσὶ
2402 1766 2621 1830 νεανίας
2649 1785 2828 1824 κατε..
2841 1808 2855 1823 .
2871 1808 2885 1823 .

583 1964 783 2045 (Ποηο
812 1970 1145 2050 epistolam
1176 1988 1317 2033 cum
1350 1973 1642 2051 sequenti
1679 1973 1954 2035 edidilJ.
1984 1976 2057 2034 Α.
2088 1975 2364 2035 Cramer.
2394 1973 2459 2033 in
2485 1971 2791 2051 Anecdot.
2828 1972 3062 2051 Oxon”
3101 1979 3252 2037 tom.
3284 1972 3391 2047 IV,
3425 1986 3503 2034 ex
3538 1968 3670 2033 cod.

1369 2050 1565 2114 La’ud.
1598 2053 1705 2113 Gr.
1745 2051 1843 2128 10,
1874 2053 2102 2127 chart.,
2132 2052 2321 2114 form.
2361 2050 2553 2113 ill-4°.
2585 2068 2733 2114 saac.
2767 2050 2899 2130 xv.)
2936 2122 2947 2145 ί
3204 2070 3209 2073 ·

784 2176 881 2231 IA’.
937 2174 1026 2242 Τῷ
1047 2177 1526 2248 φιλοσοφωτάτῳ
1551 2177 1800 2248 Ἰωσήφ.

581 2284 961 2359 Ἀριστοτέλης
996 2291 1024 2341 ὁ
1052 2290 1375 2360 Νικομάχου
1432 2290 1524 2345 καὶ
1582 2291 1699 2345 ὅσοι
1754 2290 2082 2360 αίρεσιῶται

505 2374 567 2426 τὸ
606 2377 707 2442 τῆς
739 2375 924 2443 φιλίας
957 2378 1054 2448 οὐχ
1082 2379 1290 2433 ἁπλοῦν
1334 2379 1706 2434 ἐκδεδώκασιν
1750 2380 1947 2450 ὄνομα,
1982 2380 2083 2435 ἀλ-

508 2465 577 2518 λά
619 2466 989 2535 πολλαπλοῦν,
1028 2472 1124 2522 καὶ
1156 2470 1399 2541 πολλαχῆ
1452 2471 1822 2543 διαφερόντως
1872 2472 1999 2542 ἔχον
2025 2474 2085 2526 ἐν

508 2559 622 2618 τοῖς
659 2557 994 2630 ἱδικωτέροις
1025 2560 1390 2631 ἀπλούμενον.
1423 2563 1515 2634 Μή
1545 2564 1654 2634 γάρ
1687 2565 1770 2618 ὅτι
1796 2564 2086 2634 πολιτικὴν

508 2648 695 2711 ἁπλῶς
731 2653 826 2704 καὶ
854 2653 1172 2725 φυλετικὴν,
1205 2654 1288 2708 ἔτι
1317 2656 1426 2725 μήν
1458 2657 1796 2728 συγγενικὴν
1820 2658 1915 2711 καὶ
1936 2658 2086 2711 ἐται-

512 2740 691 2809 ρικήν,
728 2742 823 2795 καὶ
845 2743 967 2797 ὅσαι
991 2744 1092 2815 τὴν
1122 2748 1307 2816 σχέσιν
1337 2746 1534 2817 ὁμοίαν
1562 2751 1657 2801 καὶ
1685 2749 2084 2820 ἀντιστρέφου-

505 2844 607 2887 σαν
642 2835 879 2905 ἔχουσιν,
911 2838 1046 2892 ἀλλὰ
1080 2839 1178 2892 καὶ
1210 2840 1403 2894 ὁπόσοι
1430 2840 1681 2910 ἀνόμοιοί
1715 2859 1775 2895 τε
1810 2843 1905 2896 καὶ
1965 2844 2082 2899 ἀνι-

509 2941 615 2984 σοι·
661 2929 762 2982 ὅσα
809 2946 871 2999 γε
941 2932 1065 2986 κατ’
1096 2933 1257 2999 ἀξίαν
1300 2934 1396 2986 καὶ
1447 2934 1667 3005 χρόνον,
1723 2938 1818 2990 καὶ
1873 2936 2085 2990 τούτων

502 3020 549 3073 δ’
589 3022 788 3075 εἰδέναι
831 3024 1016 3092 φιλίας
1061 3025 1289 3082 ἔπεισαν
1321 3029 1530 3091 αὐτοῖς.
1576 3030 1859 3094 Μειςόνων
1882 3029 2083 3102 δηλαδὴ

506 3112 645 3182 πρὸς
670 3114 950 3178 ἐλάττους·
998 3115 1092 3170 καὶ
1119 3118 1457 3172 τούναντίον·
1490 3121 1587 3173 καὶ
1618 3120 1897 3191 θειοτέραν
1944 3122 2084 3191 πρὸς

505 3206 1000 3279 ἀνθρωπικώτερα·
1031 3213 1125 3263 καὶ
1151 3210 1489 3264 τούναντίον·
1527 3212 1784 3266 ἐντεῦθεν
1839 3216 1967 3285 γάρυ
1989 3215 2085 3267 καὶ

504 3298 568 3351 τὸ
596 3297 847 3368 θεοφιλὲς
882 3299 1193 3368 εἰσάγεται,
1239 3302 1332 3355 καὶ
1373 3302 1648 3372 φιλόθεον,
1700 3305 1798 3359 καὶ
1852 3304 2084 3372 φιλοπά-

504 3406 603 3458 τορ
630 3392 769 3461 ὁμοῦ
798 3393 892 3445 καὶ
931 3392 1272 3461 φιλότεκνον.
1325 3395 1389 3449 Et
1418 3395 1478 3448 δὲ
1509 3398 1705 3465 ταῦτα,
1763 3399 1861 3451 καὶ
1895 3399 2082 3468 φιλίαν

2114 2185 2158 2241 Β
2184 2176 2360 2229 ταῦτα
2392 2175 2594 2247 πολλὴν
2642 2179 2756 2240 τοῖς
2794 2174 3094 2245 θεωμένοις
3119 2171 3466 2245 χαριζόμενα
3499 2172 3595 2243 τὴν
3617 2169 3748 2237 ώφέ·

2184 2266 2357 2330 λειαν,
2390 2265 2459 2318 τά
2486 2266 2533 2319 δ’
2560 2265 2809 2336 ήμέτερα
2839 2265 3175 2331 τούναντίον,
3213 2265 3310 2317 καὶ
3360 2261 3535 2317 ταῦτα
3562 2259 3748 2327 πολλὴν

2185 2359 2557 2429 ἐπισυρόμενα
2583 2358 2684 2431 τὴν
2711 2357 3044 2426 φαυλότητα,
3075 2356 3340 2426 χωλεύειν
3367 2357 3523 2410 οὐδὲν
3567 2353 3747 2409 κωλύει

2185 2450 2235 2505 τ’
2264 2451 2490 2521 ἀγαθόν.
2553 2451 2627 2505 Τὸ
2659 2452 2769 2522 γάρ
2803 2450 2863 2515 ἐξ
2916 2448 3051 2519 ἐμοῦ
3108 2467 3191 2504 σοι
3224 2451 3491 2513 ἀνενδεές,
3524 2449 3597 2511 ὡς
3626 2438 3749 2513 ἐγῷ-

2188 2561 2311 2615 μαι,
2346 2544 2588 2616 ἔρχεται·
2638 2544 2698 2597 τὸ
2729 2544 2787 2596 δέ
2818 2543 2910 2599 σὸν
2935 2546 2994 2608 ἐς
3028 2545 3199 2615 ἡμᾶς,
3234 2542 3341 2596 οὐκ
3407 2543 3516 2613 ἔχω
3543 2542 3621 2594 ὅτι
3649 2537 3746 2610 φῶ.

2258 2658 2455 2712 Καίτοι
2481 2655 2796 2710 τούναντίον
2839 2657 3043 2726 μᾶλλον
3099 2656 3208 2710 ἔδει
3242 2652 3482 2725 πολλῷ.’
3513 2654 3584 2707 Σὺ
3646 2650 3750 2721 γὰρ

2185 2749 2370 2802 εἰκόνα
2391 2748 2579 2820 φέρεις
2604 2749 2699 2803 τοῦ
2739 2749 2982 2818 μεγάλου
3046 2752 3275 2820 πατρὸς,
3316 2750 3380 2812 ὃς
3412 2746 3613 2817 μᾶλλόν
3646 2746 3752 2797 ἐστι

2187 2843 2592 2915 φιλάνθρωπος,
2621 2845 2654 2914 ἢ
2683 2844 2930 2913 φιλόθεον
2961 2845 3021 2898 τὸ
3051 2845 3423 2917 ἀνθρώπινον·
3457 2843 3644 2897 ἔπειτα
3668 2839 3751 2893 καὶ

2185 2937 2280 2991 τοῦ
2313 2938 2475 3008 χάριν
2496 2937 2659 2990 ἄλλου
2689 2937 2741 2989 τί
2763 2938 2990 3006 γίγνοιτ’
3019 2939 3087 2992 ἂν
3113 2936 3351 3004 ἀγαθοῦ,
3375 2937 3442 3001 νὴ
3471 2936 3564 2989 τὶν
3593 2934 3752 3002 φίλιον

2184 3032 2285 3099 οὐχ
2307 3031 2439 3096 ὁρῶ·
2485 3032 2535 3082 εί
2592 3029 2649 3082 δέ
2690 3029 2765 3099 μῆ
2834 3030 2894 3082 σὲ
2934 3028 3194 3082 τοσ·.ῦτον
3249 3028 3588 3096 καταϐῆναι,
3643 3025 3754 3078 ὅσον

2184 3123 2334 3194 ἡμᾶς
2364 3121 2668 3192 ἀναχθῆναι
2696 3120 2799 3173 δεῖ·
2831 3120 2933 3189 φεῦ
2958 3120 3060 3183 τῆς
3099 3119 3241 3189 ἐμῆς
3270 3119 3475 3190 τύχης·
3537 3113 3571 3171 ἆ
3596 3115 3752 3180 δειλή·

2183 3215 2236 3269 τί
2270 3214 2326 3284 μ’
2356 3217 2414 3277 ἐς
2453 3213 2710 3265 τοσοῦτον
2756 3212 3106 3284 ἀχορήγητον
3169 3211 3387 3282 ἐθηκας
3442 3210 3615 3264 όπόσα
3660 3203 3758 3258 τῶν

2186 3306 2295 3361 σῶν
2322 3305 2545 3371 ἀγαθῶν
2592 3306 2668 3367 ώς
2726 3305 3020 3377 ὑπερόριον
3070 3303 3369 3372 γίγνεσθαι
3416 3304 3510 3357 καὶ
3562 3298 3758 3371 φυγάδα

2183 3398 2283 3467 τῆς
2313 3397 2423 3449 τῶν
2452 3397 2634 3450 καλῶν
2664 3396 2877 3467 ἀνδρῶν
2923 3397 3213 3459 κοινωνίας
3270 3396 3451 3469 χωρίς
3494 3410 3643 3456 τινος
3674 3392 3754 3458 δη-

505 3484 693 3538 οὐκᾶν
722 3486 831 3539 τῶν
867 3486 1179 3541 ἀπεικότων
1228 3489 1314 3559 εῖη
1348 3492 1539 3543 καλεῖν
1577 3491 1678 3559 τὴν
1718 3491 1923 3560 μεταξὺ
1959 3493 2082 3560 σχέο
2112 3513 2155 3571 c
2193 3487 2419 3560 μοτικοῦ
2472 3487 2851 3558 ψηφίσματος·
2909 3489 3006 3542 καὶ
3076 3489 3206 3559 πρὶν
3276 3486 3640 3559 κληρονομεῖν
3671 3479 3754 3534 τοῦ

509 3594 595 3629 σιν
630 3579 789 3647 ἡμῶν
813 3594 873 3630 τε
901 3579 996 3632 καὶ
1020 3580 1289 3649 μεγέθους
1312 3581 1406 3635 τοῦ
1439 3581 1554 3636 σοῦ·
1590 3582 1671 3652 τῷ
1731 3582 1834 3653 μὲν
1862 3583 2084 3636 ὑποκει-

512 3669 659 3739 μένῳ
694 3668 1114 3743 ταυτιζομένην,
1170 3675 1237 3745 τῇ
1274 3674 1330 3727 δὲ
1387 3675 1571 3744 σχέσει
1617 3674 2082 3746 διαφορουμένην.

515 3763 626 3815 Καὶ
657 3762 744 3816 ἵνα
786 3765 926 3818 κατά
957 3764 1162 3818 σκοπὸν
1190 3767 1217 3818 ό
1248 3765 1404 3833 λόγος
1441 3764 1750 3834 πορεύοιτο,
1820 3765 1938 3820 ἔστι
1990 3783 2088 3837 με-

515 3854 649 3919 ταξὺ
678 3856 771 3908 τοῦ
804 3856 1074 3926 Περσικοῦ
1100 3857 1302 3910 κόλπου
1335 3858 1429 3911 καὶ
1473 3856 1616 3927 ὁρῶν
1645 3858 1754 3911 τῶν
1782 3858 2083 3928 μεγίστων,

515 3948 551 4003 ἃ
581 3948 917 4019 Παρασύρας
946 3952 1039 4003 καὶ
1066 3949 1352 4020 Δαράνδας
1386 3948 1615 4021 χωρίζει
1658 3949 1798 4018 πρὸς
1847 3950 1923 4004 ἓω
1986 3951 2087 4005 καὶ⁵

512 4041 757 4112 ποταμὸν
774 4044 866 4096 τὶν
901 4042 1090 4107 ⁹Ἰνδὺν,
1147 4042 1303 4112 χώρα
1339 4059 1423 4106 τις
1457 4028 1584 4113 οὐχ’
1629 4042 1813 4112 ἁπλῆν
1845 4042 2089 4113 τοῦνομα

512 4136 833 4206 Καρμανία.
862 4134 941 4188 Τὺ
973 4135 1074 4206 μὲν
1104 4136 1213 4205 γὰρ
1237 4136 1424 4198 αὐτοῖς
1447 4134 1628 4198 άϐιον,
1656 4137 1718 4188 τό
1747 4133 1795 4188 δ’
1827 4136 2089 4205 οἰκουμέ-

509 4248 573 4301 νη
599 4232 695 4298 γῆ·
726 4229 981 4300 Μηδικὴν
1014 4229 1113 4299 μὲν
1144 4229 1291 4282 ἐῶσα
1315 4230 1448 4300 πρὸς
1481 4227 1706 4300 ἄρκτον·
1745 4228 1879 4297 πρὸς
1908 4227 1965 4281 δὲ
1989 4243 2089 4296 με·

512 4323 811 4396 σημϐρίαν,
859 4321 1057 4385 Ἰνδούς
1089 4339 1149 4375 τε
1211 4322 1305 4375 καὶ
1342 4321 1560 4391 πελάγη
1614 4323 1685 4376 τὰ
1713 4322 1823 4374 τῶν
1884 4314 2084 4374 Ἰνδῶν.

523 4415 612 4467 Ἐν
635 4412 808 4484 ταύτῃ
847 4412 1006 4478 λόγος
1042 4409 1203 4477 εἶναι,
1240 4411 1291 4465 οἳ
1333 4412 1520 4481 φιλίαν
1547 4412 1711 4466 ὁπότε
1748 4411 1885 4481 πρὶς
1920 4410 2087 4480 ἀλλήε

512 4509 637 4568 λους
662 4504 979 4574 ὁμολογοῖεν
1002 4505 1222 4557 λύο.›σιν
1272 4504 1385 4557 ἔστι
1412 4505 1477 4568 ἃς
1505 4503 1615 4556 τῶν
1658 4503 1755 4556 ἐπὶ
1790 4503 1883 4555 τοῦ
1917 4521 2086 4574 προσ-

510 4600 665 4653 ώπου
699 4598 934 4668 φλεϐῶν·
985 4599 1078 4652 καὶ
1112 4598 1436 4652 τούντεῦθεν
1461 4597 1772 4667 καταρρέον
1828 4592 1970 4666 αἷμα
2009 4595 2091 4668 τῷ

516 4697 723 4763 πόματι
756 4691 1231 4763 ἀνακεραννύντες
1260 4690 1513 4760 ἀλλήλοις
1567 4689 1896 4758 προπίνουσι
1926 4704 1941 4719 ·
2000 4690 2088 4760 βε-

513 4785 675 4848 ϐαίας
704 4784 805 4855 ἤδη
890 4785 985 4837 καὶ
1044 4781 1333 4850 ἀσφαλοῦς
1389 4779 1575 4848 φιλίας
1633 4781 1898 4850 ἐνέχυρον
1940 4779 2089 4851 ἔχειν

513 4877 807 4947 ἡγούμενοι
865 4877 927 4930 τὸ
965 4875 1225 4944 γεύεσθαι
1253 4871 1347 4926 τοῦ
1384 4872 1633 4941 ἀλλήλων
1669 4872 1924 4943 αἵματος.

586 4971 744 5024 Τοῦτ’
785 4969 949 5029 αὐτὸς
1019 4968 1208 5037 ὥσπερ
1265 4968 1527 5037 ἐχέγγυον
1587 4966 1889 5037 ἀκραιφνὲς
1945 4967 2095 5036 εἰληιι

513 5062 652 5134 φὼς,
682 5063 836 5131 τάμά
866 5078 969 5126 σοι,
994 5059 1240 5113 θειότατε
1259 5060 1931 5130 ἀνθρωπε,.παρεσχήκειν
1963 5059 2091 5130 ἐζη-

510 5159 703 5227 τηκότι
735 5156 1067 5225 γράμματα,
1110 5153 1404 5224 ἀσώματος
1427 5153 1528 5222 μὲν
1561 5155 1663 5207 οὐκ
1703 5155 1771 5209 άν
1819 5171 1904 5216 τις
1957 5154 2089 5215 ἴσως

511 5248 654 5321 αἷμα
685 5251 901 5319 φήσειε·
939 5248 1117 5318 ψυχῆς
1151 5264 1214 5313 γε
1261 5247 1367 5318 μὴν
1397 5248 1586 5317 ἕτερον
1631 5248 1836 5317 τρόπον
1885 5248 1988 5299 οὐκ
2021 5246 2090 5299 ἂν

512 5345 797 5409 τοσοῦτον,
851 5337 1032 5413 οἶμαι,
1098 5343 1276 5412 φήσας
1335 5342 1596 5412 ἁμάρτοι·
1651 5340 1872 5404 ἐλπίδας
1923 5339 2080 5403 αὐτὸς

515 5435 739 5507 ἐμαυτῷ
770 5433 1021 5498 δεδωκὼς
1051 5433 1341 5506 ῥᾳστώνης
1375 5433 1581 5503 μεστάς
1605 5433 1702 5485 καὶ
1720 5434 1957 5502 τρυφῆς,
2009 5431 2085 5495 ὡς

514 5531 799 5599 ’ἐψεταιτῇ
847 5527 1010 5580 δώσει
1062 5530 1124 5580 τὸ
1182 5527 1401 5597 λῆμμα·
1439 5527 1590 5578 τουτὶ
1643 5526 1707 5595 δὴ
1765 5526 1911 5592 λέγω
1968 5527 2095 5587 τοὺς

518 5622 645 5685 σοὺς
678 5622 867 5688 λόγους
891 5619 986 5684 οὓς
1020 5622 1081 5672 οὐ
1117 5619 1210 5672 σοῦ
1233 5634 1298 5686 γε
1330 5619 1491 5689 χάριν
1544 5619 1839 5687 ἐπόνησας,
1902 5614 2090 5685 ὥσπερ

514 5714 637 5767 οὐδὲ
685 5715 925 5768 θάλαττα
973 5712 1174 5775 ἐαυτῆς
1224 5711 1413 5764 εἵνεκα
1444 5710 1505 5762 τὺ
1560 5708 1701 5779 ὕδωρ
1739 5708 1926 5774 ἁπλοῖ,
1974 5708 2091 5761 ἀλλ’

514 5806 629 5860 ὅσοι
654 5808 976 5861 τούντεῦθεν
1002 5806 1265 5860 διώκουσι
1300 5803 1511 5874 κέρδος·
1544 5804 1593 5855 εί
1629 5804 1687 5856 δὲ
1732 5804 1798 5857 σὺ
1836 5802 1906 5855 τὰ
1959 5819 2092 5855 σαυ-

521 5896 613 5950 τοῦ
652 5899 929 5969 ἀνέκφορα
957 5900 1143 5970 μένειν
1194 5897 1351 5969 ἡμῶν
1392 5914 1453 5966 γε
1509 5896 1689 5949 εἵνεκα
1743 5897 1937 5963 ἀξιοῖς,
1994 5897 2089 5949 καὶ

2188 3580 2618 3651 κατατρέχοντος
2651 3580 2710 3644 ἐξ
2754 3581 3009 3651 Ἀττικῆς
3041 3579 3341 3651 ὀστράκου,
3376 3579 3555 3642 ἄλλως
3587 3592 3643 3629 τε
3674 3572 3757 3627 καὶ

2190 3674 2374 3726 πᾶσαν
2397 3673 2666 3742 ἁρμονίαν
2697 3672 3012 3743 ἐξαιρετέον
3060 3671 3249 3725 λοιπὸν
3271 3673 3340 3727 ἐκ
3372 3672 3600 3734 παντὸς,
3632 3667 3677 3719 εξ
3702 3662 3759 3733 δή

2189 3767 2540 3836 πολυμιγέων
2568 3765 2763 3828 ἐνωσις
2795 3764 2935 3836 αῦτη
2974 3765 3071 3818 καὶ
3096 3764 3221 3833 δίχα
3257 3764 3605 3834 φρονεόντων
3631 3774 3759 3826 συμ-

2191 3863 2474 3931 φρόνησις.
2508 3859 2583 3912 Οὐ
2608 3859 2717 3930 γὰρ
2749 3857 2817 3913 ἀν
2836 3857 3039 3924 άλλως,
3070 3852 3248 3927 οἶμαι,
3284 3857 3506 3925 γένοιτο
3538 3853 3761 3909 ἀνέσεως

2188 3950 2319 4004 ἄνευ
2346 3950 2441 4003 καὶ
2472 3950 2798 4012 ἐπιτάσεως.
2872 3949 3016 4002 Ἀλλ’
3038 3950 3088 4001 εί
3122 3947 3223 4017 μὲν
3293 3946 3477 4001 ταῦτα
3500 3945 3670 4015 λέγων
3699 3933 3753 3992 εὖ

2188 4042 2352 4111 λέγω,
2385 4042 2639 4107 πλούτιζε
2667 4044 2781 4105 τοῖς
2819 4043 3006 4110 σοφοῖς
3038 4057 3135 4094 σου
3184 4040 3372 4110 λόγοις
3405 4040 3579 4112 ἡμᾶς.
3606 4034 3760 4091 Τουτὶ

2189 4136 2300 4206 γὰρ
2337 4137 2471 4206 ήμῖν
2500 4137 2528 4188 ό
2578 4135 2884 4197 σκοπός·ἐί
2915 4129 3104 4197 δὀὗν,
3144 4133 3455 4201 σύγγνωθι·
3505 4133 3618 4193 τοῖς
3661 4126 3763 4195 γὰρ

2190 4230 2459 4291 ἀκουσίως
2488 4228 2781 4281 πταίσασιν
2829 4225 3078 4279 ἐκούσιον
3109 4225 3348 4279 ἔπεσθαι
3378 4226 3481 4294 τὴν
3531 4217 3765 4291 συγγνώ-

2193 4340 2302 4392 μην
2326 4321 2554 4377 δίκαιον.
2603 4320 2693 4384 Ὠς
2726 4320 2836 4390 γὰρ
2867 4318 2927 4373 εὖ
2958 4319 3147 4389 ἔμοιγε
3173 4320 3414 4387 λέγοντι,
3471 4317 3655 4372 ἑκόντι
3682 4310 3764 4381 γί-

2190 4430 2382 4482 γνεται
2409 4413 2588 4479 τοῦτο,
2616 4411 2794 4476 οὕτως
2843 4413 2894 4465 εί
2928 4413 3117 4476 κακῶς
3149 4412 3365 4466 ἄκοντι·
3421 4412 3533 4466 τῶν
3558 4411 3663 4479 γάρ
3686 4408 3768 4459 ἐν·

2191 4506 2390 4562 αντίων
2424 4507 2555 4576 μιᾶς
2597 4503 2771 4575 οὔσης
2829 4505 2940 4575 τῆς
2989 4505 3331 4575 ἐπιστήμης,
3391 4503 3473 4567 ώς
3524 4504 3574 4555 οί
3609 4500 3769 4553 πάλαι

2193 4599 2348 4668 σοφοὶ
2373 4595 2819 4659 δογματίζουσιν,
2853 4594 3049 4648 ἕπεται
3096 4594 3222 4647 τῶνε
3252 4594 3451 4648 καλῶν
3513 4590 3771 4646 ἐκουσίων

2192 4687 2560 4759 γιγνομένων,
2589 4688 2825 4741 ἀκούσια
2853 4686 3176 4757 νομίζεσθαι
3230 4686 3304 4739 τὰ
3368 4686 3542 4741 κακά·
3592 4682 3772 4749 ῶσπερ

2192 4783 2303 4854 γὰρ
2347 4781 2514 4845 καλὸς
2557 4784 2709 4836 ἄκων
2769 4782 2966 4848 οὐδεὶς,
3020 4782 3194 4844 οὕτως
3251 4779 3368 4833 οὐδ’
3404 4778 3554 4833 ἐκὼν
3613 4774 3771 4835 κακὸς

2126 4857 2169 4911 θ
2192 4875 2392 4938 οὐδείς.

2265 4969 2337 5022 Σὺ
2369 4968 2427 5021 δὲ
2458 4965 2611 5037 κρινε
2637 4968 2799 5020 ταυτὶ⁵
2830 4969 2926 5021 καὶ
2976 4968 3178 5036 διαίρει
3228 4968 3296 5037 τῇ
3326 4970 3398 5039 σῇ
3450 4963 3773 5039 μεγαλονοίᾳ

2198 5060 2530 5129 σοφώτερον,
2556 5060 2650 5112 καὶ
2686 5060 2762 5128 μὴ
2782 5057 2973 5126 λήγοις
2996 5057 3340 5129 σοφρονίζων
3364 5061 3464 5113 καὶ
3496 5056 3772 5129 ῥυθμίζων

2195 5155 2287 5207 καὶ
2320 5152 2558 5222 θύραθεν
2613 5152 2682 5206 τὰ
2732 5154 3000 5222 ἡμέτερα.
3052 5154 3124 5205 Σὺ
3158 5154 3265 5221 γάρ
3331 5170 3427 5222 μοι
3489 5154 3585 5206 καὶ
3622 5148 3775 5217 σοφὸς

2194 5246 2442 5317 ἀπλανὴς
2513 5248 2607 5299 καὶ
2654 5246 2849 5316 κριτὴς
2921 5245 3196 5316 ἀρρεπὴς,
3251 5247 3354 5298 καὶ
3395 5247 3587 5307 Μίνως
3645 5241 3770 5307 ζῶν,

2194 5341 2292 5393 καὶ
2323 5339 2664 5409 χρησμῳδῶν
2698 5339 2995 5392 Ἀπόλλων.
3054 5337 3199 5390 Ἀλλ’
3232 5335 3279 5390 ὣ
3333 5339 3422 5401 τίς
3462 5339 3532 5392 ἂν
3585 5335 3771 5408 μεθείη

2198 5432 2340 5486 κοιτά
2372 5432 2521 5501 μῆνα
2551 5431 2776 5501 ἡμερῶν
2811 5432 3041 5484 ἐκείνων
3099 5431 3259 5483 ὁπότε
3308 5433 3494 5499 συχνὰ
3532 5428 3776 5498 ὁμιλοῦσι

2196 5526 2458 5578 παντοίαν
2511 5522 2836 5591 κομίζεσθαι
2888 5523 2987 5592 τῆν
3042 5521 3317 5590 ὠφέλειαν
3374 5525 3488 5576 ἀπὸ
3533 5523 3773 5591 γλώττης

2198 5618 2332 5687 ἡμῖν
2360 5616 2506 5687 ἐξείη
2544 5618 2643 5685 τῆς
2703 5615 2824 5684 σῆς,
2895 5609 3092 5667 άλῖἐων
3142 5616 3516 5683 μιμουμένοις
3560 5618 3773 5684 τρόπον,

2198 5709 2418 5763 ἐπειδάν
2439 5710 2584 5761 κατὰ
2610 5707 2882 5776 θαλάττης
2909 5709 3106 5760 ἐκεῖνοι
3136 5712 3233 5778 τὴν
3263 5710 3524 5777 σαγήνην
3574 5709 3772 5760 καθέν-

2196 5818 2288 5866 τες
2323 5800 2574 5869 ποικίλην
2600 5799 3143 5869 ἐκεῖθεῃάνιμῶνται
3172 5800 3270 5866 τὴν
3301 5800 3491 5869 ἄγραν
3529 5817 3544 5865 ;

2268 5894 2613 5965 Παρίσταται
2659 5895 2721 5964 δή
2774 5912 2866 5967 μοι
2902 5893 2995 5947 καὶ
3063 5895 3229 5947 αὐτόν
3270 5896 3460 5947 ἐκεῖνο
3522 5895 3723 5957 ποιεῖν,
3751 5888 3779 5939 ό
