  <div class='ocr_page' id='page_1' title='image "/cluster/home/n/w/nwhite01/storage/ocr_20150623/149:no.2/coo.31924054870542/338.png"; bbox 0 0 4040 6462; ppageno 0'>
   <div class='ocr_carea' id='block_1_1' title="bbox 317 355 423 417">
    <p class='ocr_par' dir='ltr' id='par_1_1' title="bbox 317 355 423 417">
     <span class='ocr_line' id='line_1_1' title="bbox 317 355 423 417; baseline 0 -1"><span class='ocrx_word' id='word_1_1' title='bbox 317 355 423 417; x_wconf 67' lang='lat' dir='ltr'>G65</span> 
     </span>
    </p>
   </div>
   <div class='ocr_carea' id='block_1_2' title="bbox 1726 356 2133 418">
    <p class='ocr_par' dir='ltr' id='par_1_2' title="bbox 1726 356 2133 418">
     <span class='ocr_line' id='line_1_2' title="bbox 1726 356 2133 418; baseline 0.005 -2"><span class='ocrx_word' id='word_1_2' title='bbox 1726 357 1846 418; x_wconf 80' lang='lat' dir='ltr'>EPI</span> <span class='ocrx_word' id='word_1_3' title='bbox 1858 356 2133 418; x_wconf 82' lang='lat' dir='ltr'>STOL.E.</span> 
     </span>
    </p>
   </div>
   <div class='ocr_carea' id='block_1_3' title="bbox 3477 362 3584 431">
    <p class='ocr_par' dir='ltr' id='par_1_3' title="bbox 3477 362 3584 431">
     <span class='ocr_line' id='line_1_3' title="bbox 3477 362 3584 431; baseline 0.112 -12"><span class='ocrx_word' id='word_1_4' title='bbox 3477 362 3584 431; x_wconf 74' lang='lat'>{.66</span> 
     </span>
    </p>
   </div>
   <div class='ocr_carea' id='block_1_4' title="bbox 314 464 3583 541">
    <p class='ocr_par' dir='ltr' id='par_1_4' title="bbox 314 464 3583 541">
     <span class='ocr_line' id='line_1_4' title="bbox 314 464 3583 541; baseline 0.001 -19"><span class='ocrx_word' id='word_1_5' title='bbox 314 469 410 522; x_wconf 74' lang='grc' dir='ltr'>καὶ</span> <span class='ocrx_word' id='word_1_6' title='bbox 428 465 667 535; x_wconf 78' lang='grc' dir='ltr'>ὁπηνίκα</span> <span class='ocrx_word' id='word_1_7' title='bbox 686 464 832 519; x_wconf 89' lang='grc' dir='ltr'>δοκεῖ</span> <span class='ocrx_word' id='word_1_8' title='bbox 858 481 968 519; x_wconf 84' lang='grc' dir='ltr'>τισι</span> <span class='ocrx_word' id='word_1_9' title='bbox 999 466 1143 521; x_wconf 82' lang='grc' dir='ltr'>κατὰ</span> <span class='ocrx_word' id='word_1_10' title='bbox 1179 468 1399 522; x_wconf 87' lang='grc' dir='ltr'>παιδιάν</span> <span class='ocrx_word' id='word_1_11' title='bbox 1414 485 1468 522; x_wconf 90' lang='grc' dir='ltr'>τι</span> <span class='ocrx_word' id='word_1_12' title='bbox 1499 470 1697 533; x_wconf 88' lang='grc' dir='ltr'>ποιεῖν,</span> <span class='ocrx_word' id='word_1_13' title='bbox 1729 469 1762 541; x_wconf 81' lang='grc' dir='ltr'>ἢ</span> <span class='ocrx_word' id='word_1_14' title='bbox 1803 468 1904 535; x_wconf 81' lang='grc' dir='ltr'>μύ-</span> <span class='ocrx_word' id='word_1_15' title='bbox 1933 484 1977 538; x_wconf 72' lang='grc' dir='ltr'><strong>Α</strong></span> <span class='ocrx_word' id='word_1_16' title='bbox 2011 471 2143 531; x_wconf 75' lang='grc' dir='ltr'>ἴσως</span> <span class='ocrx_word' id='word_1_17' title='bbox 2188 468 2484 539; x_wconf 83' lang='grc' dir='ltr'>ἀσχήμονι,</span> <span class='ocrx_word' id='word_1_18' title='bbox 2550 468 2948 539; x_wconf 85' lang='grc' dir='ltr'>συγκαλύπτει,</span> <span class='ocrx_word' id='word_1_19' title='bbox 3011 472 3108 526; x_wconf 73' lang='grc' dir='ltr'>καὶ</span> <span class='ocrx_word' id='word_1_20' title='bbox 3166 470 3259 524; x_wconf 66' lang='grc' dir='ltr'>τὸν</span> <span class='ocrx_word' id='word_1_21' title='bbox 3322 472 3583 526; x_wconf 77' lang='grc' dir='ltr'>Ὀδυσσέα</span> 
     </span>
    </p>
   </div>
   <div class='ocr_carea' id='block_1_5' title="bbox 316 558 1896 631">
    <p class='ocr_par' dir='ltr' id='par_1_5' title="bbox 316 558 1896 631">
     <span class='ocr_line' id='line_1_5' title="bbox 316 558 1896 631; baseline -0.001 -17"><span class='ocrx_word' id='word_1_22' title='bbox 316 561 441 622; x_wconf 91' lang='grc' dir='ltr'>θους</span> <span class='ocrx_word' id='word_1_23' title='bbox 464 559 660 627; x_wconf 91' lang='grc' dir='ltr'>λέγων,</span> <span class='ocrx_word' id='word_1_24' title='bbox 677 558 710 631; x_wconf 81' lang='grc' dir='ltr'>ἢ</span> <span class='ocrx_word' id='word_1_25' title='bbox 728 560 970 627; x_wconf 80' lang='grc' dir='ltr'>γενέσεις</span> <span class='ocrx_word' id='word_1_26' title='bbox 987 558 1150 623; x_wconf 86' lang='grc' dir='ltr'>θεῶν,</span> <span class='ocrx_word' id='word_1_27' title='bbox 1167 559 1201 630; x_wconf 82' lang='grc' dir='ltr'>ἢ</span> <span class='ocrx_word' id='word_1_28' title='bbox 1216 559 1401 630; x_wconf 80' lang='grc' dir='ltr'>φιλίας</span> <span class='ocrx_word' id='word_1_29' title='bbox 1419 561 1624 625; x_wconf 87' lang='grc' dir='ltr'>αὐτῶν,</span> <span class='ocrx_word' id='word_1_30' title='bbox 1638 563 1671 630; x_wconf 79' lang='grc' dir='ltr'>ἦ</span> <span class='ocrx_word' id='word_1_31' title='bbox 1694 560 1896 627; x_wconf 76' lang='grc' dir='ltr'>ἐριδας,</span> 
     </span>
    </p>
   </div>
   <div class='ocr_carea' id='block_1_6' title="bbox 320 650 1900 723">
    <p class='ocr_par' dir='ltr' id='par_1_6' title="bbox 320 650 1900 723">
     <span class='ocr_line' id='line_1_6' title="bbox 320 650 1900 723; baseline 0.001 -19"><span class='ocrx_word' id='word_1_32' title='bbox 320 653 354 722; x_wconf 75' lang='grc' dir='ltr'>ἦ</span> <span class='ocrx_word' id='word_1_33' title='bbox 374 667 527 715; x_wconf 85' lang='grc' dir='ltr'>τινας</span> <span class='ocrx_word' id='word_1_34' title='bbox 550 650 762 721; x_wconf 85' lang='grc' dir='ltr'>έρωτας</span> <span class='ocrx_word' id='word_1_35' title='bbox 780 650 1150 722; x_wconf 85' lang='grc' dir='ltr'>φαυλοτέρους</span> <span class='ocrx_word' id='word_1_36' title='bbox 1196 651 1292 707; x_wconf 82' lang='grc' dir='ltr'>καὶ</span> <span class='ocrx_word' id='word_1_37' title='bbox 1324 651 1684 723; x_wconf 79' lang='grc' dir='ltr'>ζηλοτύπους·</span> <span class='ocrx_word' id='word_1_38' title='bbox 1707 654 1831 715; x_wconf 81' lang='grc' dir='ltr'>τοὺς</span> <span class='ocrx_word' id='word_1_39' title='bbox 1851 652 1900 705; x_wconf 77' lang='grc' dir='ltr'>δ’</span> 
     </span>
    </p>
   </div>
   <div class='ocr_carea' id='block_1_7' title="bbox 316 742 1899 814">
    <p class='ocr_par' dir='ltr' id='par_1_7' title="bbox 316 742 1899 814">
     <span class='ocr_line' id='line_1_7' title="bbox 316 742 1899 814; baseline -0.001 -19"><span class='ocrx_word' id='word_1_40' title='bbox 316 743 516 806; x_wconf 82' lang='grc' dir='ltr'>αὐτοὺς</span> <span class='ocrx_word' id='word_1_41' title='bbox 544 743 637 797; x_wconf 73' lang='grc' dir='ltr'>καὶ</span> <span class='ocrx_word' id='word_1_42' title='bbox 660 742 978 805; x_wconf 90' lang='grc' dir='ltr'>ἐπιϐούλους</span> <span class='ocrx_word' id='word_1_43' title='bbox 1010 742 1468 814; x_wconf 75' lang='grc' dir='ltr'>γνωριζομένους·</span> <span class='ocrx_word' id='word_1_44' title='bbox 1499 742 1535 797; x_wconf 78' lang='grc' dir='ltr'>ἃ</span> <span class='ocrx_word' id='word_1_45' title='bbox 1558 745 1651 796; x_wconf 71' lang='grc' dir='ltr'>καὶ</span> <span class='ocrx_word' id='word_1_46' title='bbox 1675 743 1899 810; x_wconf 84' lang='grc' dir='ltr'>εὐπερι-</span> 
     </span>
    </p>
   </div>
   <div class='ocr_carea' id='block_1_8' title="bbox 321 831 1895 905">
    <p class='ocr_par' dir='ltr' id='par_1_8' title="bbox 321 831 1895 905">
     <span class='ocr_line' id='line_1_8' title="bbox 321 831 1895 905; baseline -0.003 -17"><span class='ocrx_word' id='word_1_47' title='bbox 321 835 572 898; x_wconf 81' lang='grc' dir='ltr'>σκέπτως</span> <span class='ocrx_word' id='word_1_48' title='bbox 590 833 735 905; x_wconf 81' lang='grc' dir='ltr'>ὁρῶν</span> <span class='ocrx_word' id='word_1_49' title='bbox 763 852 846 899; x_wconf 86' lang='grc' dir='ltr'>τις</span> <span class='ocrx_word' id='word_1_50' title='bbox 882 835 1195 904; x_wconf 85' lang='grc' dir='ltr'>μωμήσαιτ⁹</span> <span class='ocrx_word' id='word_1_51' title='bbox 1228 833 1295 886; x_wconf 87' lang='grc' dir='ltr'>ἂν</span> <span class='ocrx_word' id='word_1_52' title='bbox 1321 835 1580 897; x_wconf 78' lang='grc' dir='ltr'>ἐπιεικῶς</span> <span class='ocrx_word' id='word_1_53' title='bbox 1604 831 1678 902; x_wconf 83' lang='grc' dir='ltr'>τῷ</span> <span class='ocrx_word' id='word_1_54' title='bbox 1720 831 1895 902; x_wconf 89' lang='grc' dir='ltr'>ἀνδρί.</span> 
     </span>
    </p>
   </div>
   <div class='ocr_carea' id='block_1_9' title="bbox 317 927 1896 1002">
    <p class='ocr_par' dir='ltr' id='par_1_9' title="bbox 317 927 1896 1002">
     <span class='ocr_line' id='line_1_9' title="bbox 317 927 1896 1002; baseline -0.004 -17"><span class='ocrx_word' id='word_1_55' title='bbox 317 929 463 985; x_wconf 80' lang='grc' dir='ltr'>Νοῦν</span> <span class='ocrx_word' id='word_1_56' title='bbox 487 932 594 1002; x_wconf 84' lang='grc' dir='ltr'>γὰρ</span> <span class='ocrx_word' id='word_1_57' title='bbox 614 933 641 984; x_wconf 87' lang='grc' dir='ltr'>ὁ</span> <span class='ocrx_word' id='word_1_58' title='bbox 672 932 814 994; x_wconf 88' lang='grc' dir='ltr'>θεῖος</span> <span class='ocrx_word' id='word_1_59' title='bbox 842 928 996 994; x_wconf 83' lang='grc' dir='ltr'>οὗτος</span> <span class='ocrx_word' id='word_1_60' title='bbox 1027 930 1123 984; x_wconf 83' lang='grc' dir='ltr'>ἀνθ</span> <span class='ocrx_word' id='word_1_61' title='bbox 1133 948 1314 999; x_wconf 86' lang='grc' dir='ltr'>ρωπος</span> <span class='ocrx_word' id='word_1_62' title='bbox 1335 930 1627 1000; x_wconf 81' lang='grc' dir='ltr'>προῖστησι</span> <span class='ocrx_word' id='word_1_63' title='bbox 1642 927 1737 981; x_wconf 84' lang='grc' dir='ltr'>τοῦ</span> <span class='ocrx_word' id='word_1_64' title='bbox 1757 944 1896 979; x_wconf 83' lang='grc' dir='ltr'>παν-</span> 
     </span>
    </p>
   </div>
   <div class='ocr_carea' id='block_1_10' title="bbox 316 1018 1893 1094">
    <p class='ocr_par' dir='ltr' id='par_1_10' title="bbox 316 1018 1893 1094">
     <span class='ocr_line' id='line_1_10' title="bbox 316 1018 1893 1094; baseline -0.004 -18"><span class='ocrx_word' id='word_1_65' title='bbox 316 1024 409 1087; x_wconf 78' lang='grc' dir='ltr'>τὸς</span> <span class='ocrx_word' id='word_1_66' title='bbox 427 1024 675 1094; x_wconf 81' lang='grc' dir='ltr'>ἡγεμόνα</span> <span class='ocrx_word' id='word_1_67' title='bbox 702 1039 715 1053; x_wconf 90' lang='grc'>·</span> <span class='ocrx_word' id='word_1_68' title='bbox 742 1021 911 1093; x_wconf 72' lang='grc' dir='ltr'>μηδὲν</span> <span class='ocrx_word' id='word_1_69' title='bbox 932 1020 1173 1092; x_wconf 81' lang='grc' dir='ltr'>φλαῦρον</span> <span class='ocrx_word' id='word_1_70' title='bbox 1199 1021 1399 1086; x_wconf 76' lang='grc' dir='ltr'>εἰπεῖν,</span> <span class='ocrx_word' id='word_1_71' title='bbox 1425 1018 1893 1089; x_wconf 77' lang='grc' dir='ltr'>μηδ’ἀλυσιτελὲς,</span> 
     </span>
    </p>
   </div>
   <div class='ocr_carea' id='block_1_11' title="bbox 316 1106 1895 1184">
    <p class='ocr_par' dir='ltr' id='par_1_11' title="bbox 316 1106 1895 1184">
     <span class='ocr_line' id='line_1_11' title="bbox 316 1106 1895 1184; baseline -0.004 -16"><span class='ocrx_word' id='word_1_72' title='bbox 316 1118 362 1168; x_wconf 88' lang='grc' dir='ltr'>εί</span> <span class='ocrx_word' id='word_1_73' title='bbox 391 1115 485 1169; x_wconf 78' lang='grc' dir='ltr'>καὶ</span> <span class='ocrx_word' id='word_1_74' title='bbox 513 1115 608 1183; x_wconf 91' lang='grc' dir='ltr'>τῆς</span> <span class='ocrx_word' id='word_1_75' title='bbox 636 1115 927 1184; x_wconf 77' lang='grc' dir='ltr'>ποιητικῆς</span> <span class='ocrx_word' id='word_1_76' title='bbox 957 1115 1168 1166; x_wconf 86' lang='grc' dir='ltr'>ἐκείνου</span> <span class='ocrx_word' id='word_1_77' title='bbox 1210 1112 1406 1183; x_wconf 81' lang='grc' dir='ltr'>μανίας</span> <span class='ocrx_word' id='word_1_78' title='bbox 1429 1152 1444 1176; x_wconf 94' lang='grc'>,</span> <span class='ocrx_word' id='word_1_79' title='bbox 1485 1113 1585 1181; x_wconf 80' lang='grc' dir='ltr'>οὐχ</span> <span class='ocrx_word' id='word_1_80' title='bbox 1614 1106 1716 1163; x_wconf 72' lang='grc' dir='ltr'>οἷοί</span> <span class='ocrx_word' id='word_1_81' title='bbox 1740 1109 1789 1162; x_wconf 85' lang='grc' dir='ltr'>τ’</span> <span class='ocrx_word' id='word_1_82' title='bbox 1844 1111 1895 1162; x_wconf 85' lang='grc' dir='ltr'>ἐ-</span> 
     </span>
    </p>
   </div>
   <div class='ocr_carea' id='block_1_12' title="bbox 322 1203 1893 1277">
    <p class='ocr_par' dir='ltr' id='par_1_12' title="bbox 322 1203 1893 1277">
     <span class='ocr_line' id='line_1_12' title="bbox 322 1203 1893 1277; baseline -0.004 -17"><span class='ocrx_word' id='word_1_83' title='bbox 322 1209 460 1277; x_wconf 79' lang='grc' dir='ltr'>σμὲν</span> <span class='ocrx_word' id='word_1_84' title='bbox 498 1207 702 1270; x_wconf 80' lang='grc' dir='ltr'>ἱκανῶς</span> <span class='ocrx_word' id='word_1_85' title='bbox 740 1205 1090 1269; x_wconf 81' lang='grc' dir='ltr'>καθικέσθαι,</span> <span class='ocrx_word' id='word_1_86' title='bbox 1121 1208 1150 1260; x_wconf 86' lang='grc' dir='ltr'>ὅ</span> <span class='ocrx_word' id='word_1_87' title='bbox 1172 1223 1223 1258; x_wconf 90' lang='grc' dir='ltr'>τι</span> <span class='ocrx_word' id='word_1_88' title='bbox 1257 1205 1322 1259; x_wconf 83' lang='grc' dir='ltr'>ἂν</span> <span class='ocrx_word' id='word_1_89' title='bbox 1355 1205 1621 1274; x_wconf 84' lang='grc' dir='ltr'>βούλοιτο.</span> <span class='ocrx_word' id='word_1_90' title='bbox 1651 1203 1765 1256; x_wconf 82' lang='grc' dir='ltr'>Νῦν</span> <span class='ocrx_word' id='word_1_91' title='bbox 1795 1204 1893 1271; x_wconf 84' lang='grc' dir='ltr'>μὲν</span> 
     </span>
    </p>
   </div>
   <div class='ocr_carea' id='block_1_13' title="bbox 317 1293 1891 1371">
    <p class='ocr_par' dir='ltr' id='par_1_13' title="bbox 317 1293 1891 1371">
     <span class='ocr_line' id='line_1_13' title="bbox 317 1293 1891 1371; baseline -0.005 -17"><span class='ocrx_word' id='word_1_92' title='bbox 317 1302 425 1371; x_wconf 83' lang='grc' dir='ltr'>γὰρ</span> <span class='ocrx_word' id='word_1_93' title='bbox 457 1301 741 1369; x_wconf 77' lang='grc' dir='ltr'>θεολογίας</span> <span class='ocrx_word' id='word_1_94' title='bbox 763 1299 1158 1370; x_wconf 75' lang='grc' dir='ltr'>περιδιδάσκει,</span> <span class='ocrx_word' id='word_1_95' title='bbox 1198 1299 1295 1352; x_wconf 89' lang='grc' dir='ltr'>νῦν</span> <span class='ocrx_word' id='word_1_96' title='bbox 1326 1298 1383 1351; x_wconf 82' lang='grc' dir='ltr'>δὲ</span> <span class='ocrx_word' id='word_1_97' title='bbox 1417 1297 1760 1357; x_wconf 74' lang='grc' dir='ltr'>θεοσεϐείας·</span> <span class='ocrx_word' id='word_1_98' title='bbox 1802 1293 1891 1347; x_wconf 74' lang='grc' dir='ltr'>ὁτὲ</span> 
     </span>
    </p>
   </div>
   <div class='ocr_carea' id='block_1_14' title="bbox 316 1385 1933 1461">
    <p class='ocr_par' dir='ltr' id='par_1_14' title="bbox 316 1385 1933 1461">
     <span class='ocr_line' id='line_1_14' title="bbox 316 1385 1933 1461; baseline -0.003 -18"><span class='ocrx_word' id='word_1_99' title='bbox 316 1394 372 1445; x_wconf 79' lang='grc' dir='ltr'>δὲ</span> <span class='ocrx_word' id='word_1_100' title='bbox 433 1394 647 1461; x_wconf 88' lang='grc' dir='ltr'>γένεσιν</span> <span class='ocrx_word' id='word_1_101' title='bbox 678 1390 773 1445; x_wconf 86' lang='grc' dir='ltr'>τοῦ</span> <span class='ocrx_word' id='word_1_102' title='bbox 812 1392 1012 1453; x_wconf 82' lang='grc' dir='ltr'>παντὸς</span> <span class='ocrx_word' id='word_1_103' title='bbox 1061 1390 1340 1455; x_wconf 79' lang='grc' dir='ltr'>διέξεισιν,</span> <span class='ocrx_word' id='word_1_104' title='bbox 1382 1389 1577 1446; x_wconf 77' lang='grc' dir='ltr'>ἄλλοτε</span> <span class='ocrx_word' id='word_1_105' title='bbox 1614 1385 1891 1457; x_wconf 87' lang='grc' dir='ltr'>φυσικούς</span> <span class='ocrx_word' id='word_1_106' title='bbox 1926 1426 1933 1433; x_wconf 88' lang='grc'>.</span> 
     </span>
    </p>
   </div>
   <div class='ocr_carea' id='block_1_15' title="bbox 315 1470 1894 1552">
    <p class='ocr_par' dir='ltr' id='par_1_15' title="bbox 315 1470 1894 1552">
     <span class='ocr_line' id='line_1_15' title="bbox 315 1470 1894 1552; baseline -0.004 -16"><span class='ocrx_word' id='word_1_107' title='bbox 315 1501 469 1546; x_wconf 83' lang='grc' dir='ltr'>τινας</span> <span class='ocrx_word' id='word_1_108' title='bbox 496 1484 747 1536; x_wconf 77' lang='grc' dir='ltr'>ἐκδίδωσι</span> <span class='ocrx_word' id='word_1_109' title='bbox 778 1483 991 1551; x_wconf 85' lang='grc' dir='ltr'>λόγους·</span> <span class='ocrx_word' id='word_1_110' title='bbox 1032 1481 1129 1535; x_wconf 75' lang='grc' dir='ltr'>καὶ</span> <span class='ocrx_word' id='word_1_111' title='bbox 1172 1470 1456 1552; x_wconf 74' lang='grc' dir='ltr'>στοιχείων</span> <span class='ocrx_word' id='word_1_112' title='bbox 1490 1481 1632 1550; x_wconf 72' lang='grc' dir='ltr'>πρὸς</span> <span class='ocrx_word' id='word_1_113' title='bbox 1687 1478 1894 1546; x_wconf 70' lang='grc' dir='ltr'>ἄλληλα</span> 
     </span>
    </p>
   </div>
   <div class='ocr_carea' id='block_1_16' title="bbox 314 1572 1891 1646">
    <p class='ocr_par' dir='ltr' id='par_1_16' title="bbox 314 1572 1891 1646">
     <span class='ocr_line' id='line_1_16' title="bbox 314 1572 1891 1646; baseline -0.004 -17"><span class='ocrx_word' id='word_1_114' title='bbox 314 1577 409 1629; x_wconf 89' lang='grc' dir='ltr'>νῦν</span> <span class='ocrx_word' id='word_1_115' title='bbox 443 1575 543 1646; x_wconf 78' lang='grc' dir='ltr'>μὲν</span> <span class='ocrx_word' id='word_1_116' title='bbox 572 1576 883 1640; x_wconf 74' lang='grc' dir='ltr'>κοινωνίαν,</span> <span class='ocrx_word' id='word_1_117' title='bbox 911 1577 1008 1629; x_wconf 89' lang='grc' dir='ltr'>νῦν</span> <span class='ocrx_word' id='word_1_118' title='bbox 1057 1575 1104 1629; x_wconf 81' lang='grc' dir='ltr'>δ’</span> <span class='ocrx_word' id='word_1_119' title='bbox 1154 1575 1477 1630; x_wconf 78' lang='grc' dir='ltr'>ἐναντίωσιν</span> <span class='ocrx_word' id='word_1_120' title='bbox 1506 1573 1809 1641; x_wconf 77' lang='grc' dir='ltr'>φιλοσοφεῖ,</span> <span class='ocrx_word' id='word_1_121' title='bbox 1843 1572 1891 1623; x_wconf 83' lang='grc' dir='ltr'>εί</span> 
     </span>
    </p>
   </div>
   <div class='ocr_carea' id='block_1_17' title="bbox 315 1658 1891 1736">
    <p class='ocr_par' dir='ltr' id='par_1_17' title="bbox 315 1658 1891 1736">
     <span class='ocr_line' id='line_1_17' title="bbox 315 1658 1891 1736; baseline -0.001 -20"><span class='ocrx_word' id='word_1_122' title='bbox 315 1665 410 1718; x_wconf 77' lang='grc' dir='ltr'>καὶ</span> <span class='ocrx_word' id='word_1_123' title='bbox 434 1663 610 1717; x_wconf 86' lang='grc' dir='ltr'>ταῦτά</span> <span class='ocrx_word' id='word_1_124' title='bbox 637 1682 702 1731; x_wconf 90' lang='grc' dir='ltr'>γε</span> <span class='ocrx_word' id='word_1_125' title='bbox 732 1666 836 1736; x_wconf 81' lang='grc' dir='ltr'>δρᾷ</span> <span class='ocrx_word' id='word_1_126' title='bbox 871 1667 927 1717; x_wconf 86' lang='grc' dir='ltr'>ἐν</span> <span class='ocrx_word' id='word_1_127' title='bbox 955 1665 1310 1736; x_wconf 78' lang='grc' dir='ltr'>προσχήματι</span> <span class='ocrx_word' id='word_1_128' title='bbox 1359 1662 1699 1733; x_wconf 83' lang='grc' dir='ltr'>φαυλοτέρῳ·</span> <span class='ocrx_word' id='word_1_129' title='bbox 1733 1658 1891 1724; x_wconf 79' lang='grc' dir='ltr'>αὖθις</span> 
     </span>
    </p>
   </div>
   <div class='ocr_carea' id='block_1_18' title="bbox 316 1753 1885 1822">
    <p class='ocr_par' dir='ltr' id='par_1_18' title="bbox 316 1753 1885 1822">
     <span class='ocr_line' id='line_1_18' title="bbox 316 1753 1885 1822; baseline -0.003 -14"><span class='ocrx_word' id='word_1_130' title='bbox 316 1756 371 1808; x_wconf 85' lang='grc' dir='ltr'>δὲ</span> <span class='ocrx_word' id='word_1_131' title='bbox 402 1755 751 1808; x_wconf 88' lang='grc' dir='ltr'>καταϐαίνων</span> <span class='ocrx_word' id='word_1_132' title='bbox 796 1755 1009 1810; x_wconf 86' lang='grc' dir='ltr'>ἐκεῖθεν</span> <span class='ocrx_word' id='word_1_133' title='bbox 1060 1756 1139 1818; x_wconf 82' lang='grc' dir='ltr'>ὡς</span> <span class='ocrx_word' id='word_1_134' title='bbox 1192 1756 1301 1809; x_wconf 87' lang='grc' dir='ltr'>ἀπό</span> <span class='ocrx_word' id='word_1_135' title='bbox 1355 1772 1504 1816; x_wconf 89' lang='grc' dir='ltr'>τινος</span> <span class='ocrx_word' id='word_1_136' title='bbox 1561 1753 1885 1822; x_wconf 76' lang='grc' dir='ltr'>περιωπῆς,</span> 
     </span>
    </p>
   </div>
   <div class='ocr_carea' id='block_1_19' title="bbox 314 1844 1888 1917">
    <p class='ocr_par' dir='ltr' id='par_1_19' title="bbox 314 1844 1888 1917">
     <span class='ocr_line' id='line_1_19' title="bbox 314 1844 1888 1917; baseline -0.003 -18"><span class='ocrx_word' id='word_1_137' title='bbox 314 1846 667 1901; x_wconf 76' lang='grc' dir='ltr'>πολιτεύεται</span> <span class='ocrx_word' id='word_1_138' title='bbox 724 1847 866 1917; x_wconf 87' lang='grc' dir='ltr'>μετά</span> <span class='ocrx_word' id='word_1_139' title='bbox 929 1848 1039 1900; x_wconf 90' lang='grc' dir='ltr'>τῶν</span> <span class='ocrx_word' id='word_1_140' title='bbox 1099 1848 1220 1901; x_wconf 88' lang='grc' dir='ltr'>ὅποι</span> <span class='ocrx_word' id='word_1_141' title='bbox 1281 1849 1500 1916; x_wconf 83' lang='grc' dir='ltr'>δεήσει,</span> <span class='ocrx_word' id='word_1_142' title='bbox 1553 1846 1648 1899; x_wconf 78' lang='grc' dir='ltr'>καὶ</span> <span class='ocrx_word' id='word_1_143' title='bbox 1696 1844 1888 1914; x_wconf 87' lang='grc' dir='ltr'>τέχνας</span> 
     </span>
    </p>
   </div>
   <div class='ocr_carea' id='block_1_20' title="bbox 316 1938 1887 2013">
    <p class='ocr_par' dir='ltr' id='par_1_20' title="bbox 316 1938 1887 2013">
     <span class='ocr_line' id='line_1_20' title="bbox 316 1938 1887 2013; baseline -0.004 -18"><span class='ocrx_word' id='word_1_144' title='bbox 316 1941 582 2003; x_wconf 79' lang='grc' dir='ltr'>παντοίας</span> <span class='ocrx_word' id='word_1_145' title='bbox 627 1941 722 1994; x_wconf 71' lang='grc' dir='ltr'>καὶ</span> <span class='ocrx_word' id='word_1_146' title='bbox 759 1941 1173 2013; x_wconf 67' lang='grc' dir='ltr'>ἐπιτηδεύματα</span> <span class='ocrx_word' id='word_1_147' title='bbox 1231 1940 1510 2011; x_wconf 79' lang='grc' dir='ltr'>μεθοδεύει</span> <span class='ocrx_word' id='word_1_148' title='bbox 1541 1941 1635 1993; x_wconf 75' lang='grc' dir='ltr'>καὶ</span> <span class='ocrx_word' id='word_1_149' title='bbox 1667 1938 1887 1991; x_wconf 81' lang='grc' dir='ltr'>διατάτ-</span> 
     </span>
    </p>
   </div>
   <div class='ocr_carea' id='block_1_21' title="bbox 313 2031 1887 2105">
    <p class='ocr_par' dir='ltr' id='par_1_21' title="bbox 313 2031 1887 2105">
     <span class='ocr_line' id='line_1_21' title="bbox 313 2031 1887 2105; baseline -0.002 -19"><span class='ocrx_word' id='word_1_150' title='bbox 313 2050 491 2100; x_wconf 87' lang='grc' dir='ltr'>τεται,</span> <span class='ocrx_word' id='word_1_151' title='bbox 542 2033 621 2097; x_wconf 84' lang='grc' dir='ltr'>ὡς</span> <span class='ocrx_word' id='word_1_152' title='bbox 670 2034 777 2105; x_wconf 78' lang='grc' dir='ltr'>χρὴ</span> <span class='ocrx_word' id='word_1_153' title='bbox 804 2034 1054 2102; x_wconf 86' lang='grc' dir='ltr'>γίνεσθαι</span> <span class='ocrx_word' id='word_1_154' title='bbox 1081 2033 1257 2089; x_wconf 89' lang='grc' dir='ltr'>ταῦτα</span> <span class='ocrx_word' id='word_1_155' title='bbox 1306 2036 1402 2086; x_wconf 78' lang='grc' dir='ltr'>καὶ</span> <span class='ocrx_word' id='word_1_156' title='bbox 1435 2033 1510 2095; x_wconf 82' lang='grc' dir='ltr'>ὡς</span> <span class='ocrx_word' id='word_1_157' title='bbox 1558 2031 1887 2101; x_wconf 86' lang='grc' dir='ltr'>γινομένων,</span> 
     </span>
    </p>
   </div>
   <div class='ocr_carea' id='block_1_22' title="bbox 313 2122 1889 2195">
    <p class='ocr_par' dir='ltr' id='par_1_22' title="bbox 313 2122 1889 2195">
     <span class='ocr_line' id='line_1_22' title="bbox 313 2122 1889 2195; baseline -0.004 -14"><span class='ocrx_word' id='word_1_158' title='bbox 313 2127 536 2195; x_wconf 70' lang='grc' dir='ltr'>ἄριστον</span> <span class='ocrx_word' id='word_1_159' title='bbox 557 2125 635 2189; x_wconf 79' lang='grc' dir='ltr'>ῶς</span> <span class='ocrx_word' id='word_1_160' title='bbox 670 2127 815 2189; x_wconf 82' lang='grc' dir='ltr'>εἱκδς</span> <span class='ocrx_word' id='word_1_161' title='bbox 838 2126 1144 2194; x_wconf 79' lang='grc' dir='ltr'>ἀπαντήσει</span> <span class='ocrx_word' id='word_1_162' title='bbox 1172 2126 1269 2178; x_wconf 75' lang='grc' dir='ltr'>καὶ</span> <span class='ocrx_word' id='word_1_163' title='bbox 1295 2126 1466 2189; x_wconf 87' lang='grc' dir='ltr'>τέλος·</span> <span class='ocrx_word' id='word_1_164' title='bbox 1506 2125 1570 2178; x_wconf 87' lang='grc' dir='ltr'>οὐ</span> <span class='ocrx_word' id='word_1_165' title='bbox 1606 2123 1719 2194; x_wconf 81' lang='grc' dir='ltr'>μὴν</span> <span class='ocrx_word' id='word_1_166' title='bbox 1753 2122 1889 2176; x_wconf 82' lang='grc' dir='ltr'>ἀλλά</span> 
     </span>
    </p>
   </div>
   <div class='ocr_carea' id='block_1_23' title="bbox 312 2215 1893 2287">
    <p class='ocr_par' dir='ltr' id='par_1_23' title="bbox 312 2215 1893 2287">
     <span class='ocr_line' id='line_1_23' title="bbox 312 2215 1893 2287; baseline -0.004 -17"><span class='ocrx_word' id='word_1_167' title='bbox 312 2218 409 2271; x_wconf 79' lang='grc' dir='ltr'>καὶ</span> <span class='ocrx_word' id='word_1_168' title='bbox 444 2217 609 2281; x_wconf 79' lang='grc' dir='ltr'>λαοὺς</span> <span class='ocrx_word' id='word_1_169' title='bbox 656 2216 775 2287; x_wconf 76' lang='grc' dir='ltr'>μετ’</span> <span class='ocrx_word' id='word_1_170' title='bbox 810 2217 1131 2286; x_wconf 77' lang='grc' dir='ltr'>ἐπιστήμης</span> <span class='ocrx_word' id='word_1_171' title='bbox 1162 2218 1384 2287; x_wconf 88' lang='grc' dir='ltr'>κοσμεῖ,</span> <span class='ocrx_word' id='word_1_172' title='bbox 1412 2217 1507 2268; x_wconf 66' lang='grc' dir='ltr'>καὶ</span> <span class='ocrx_word' id='word_1_173' title='bbox 1541 2215 1893 2282; x_wconf 78' lang='grc' dir='ltr'>παιδαγωγεῖ</span> 
     </span>
    </p>
   </div>
   <div class='ocr_carea' id='block_1_24' title="bbox 316 2306 1889 2381">
    <p class='ocr_par' dir='ltr' id='par_1_24' title="bbox 316 2306 1889 2381">
     <span class='ocr_line' id='line_1_24' title="bbox 316 2306 1889 2381; baseline -0.003 -18"><span class='ocrx_word' id='word_1_174' title='bbox 316 2309 579 2380; x_wconf 86' lang='grc' dir='ltr'>τρόπους·</span> <span class='ocrx_word' id='word_1_175' title='bbox 624 2311 720 2362; x_wconf 56' lang='grc' dir='ltr'>καί¹</span> <span class='ocrx_word' id='word_1_176' title='bbox 767 2309 1024 2381; x_wconf 76' lang='grc' dir='ltr'>ῥυθμίζει</span> <span class='ocrx_word' id='word_1_177' title='bbox 1053 2309 1255 2379; x_wconf 81' lang='grc' dir='ltr'>ψυχὰς,</span> <span class='ocrx_word' id='word_1_178' title='bbox 1300 2311 1363 2363; x_wconf 86' lang='grc' dir='ltr'>ού</span> <span class='ocrx_word' id='word_1_179' title='bbox 1397 2308 1532 2379; x_wconf 77' lang='grc' dir='ltr'>πρὸς</span> <span class='ocrx_word' id='word_1_180' title='bbox 1560 2309 1763 2370; x_wconf 77' lang='grc' dir='ltr'>ἑαυτὰς</span> <span class='ocrx_word' id='word_1_181' title='bbox 1791 2306 1889 2377; x_wconf 87' lang='grc' dir='ltr'>μό-</span> 
     </span>
    </p>
   </div>
   <div class='ocr_carea' id='block_1_25' title="bbox 317 2396 1887 2472">
    <p class='ocr_par' dir='ltr' id='par_1_25' title="bbox 317 2396 1887 2472">
     <span class='ocr_line' id='line_1_25' title="bbox 317 2396 1887 2472; baseline -0.001 -18"><span class='ocrx_word' id='word_1_182' title='bbox 317 2418 455 2467; x_wconf 87' lang='grc' dir='ltr'>νον,</span> <span class='ocrx_word' id='word_1_183' title='bbox 521 2401 661 2455; x_wconf 67' lang='lat' dir='ltr'>me:</span> <span class='ocrx_word' id='word_1_184' title='bbox 725 2402 823 2455; x_wconf 65' lang='grc' dir='ltr'>κα)⁸</span> <span class='ocrx_word' id='word_1_185' title='bbox 881 2402 1019 2472; x_wconf 73' lang='grc' dir='ltr'>πρὸς</span> <span class='ocrx_word' id='word_1_186' title='bbox 1069 2402 1303 2471; x_wconf 82' lang='grc' dir='ltr'>ἀλλήλας</span> <span class='ocrx_word' id='word_1_187' title='bbox 1364 2396 1425 2454; x_wconf 82' lang='grc' dir='ltr'>εὖ</span> <span class='ocrx_word' id='word_1_188' title='bbox 1487 2399 1887 2470; x_wconf 77' lang='grc' dir='ltr'>ἁρμοζόμενος.</span> 
     </span>
    </p>
   </div>
   <div class='ocr_carea' id='block_1_26' title="bbox 326 2492 1888 2565">
    <p class='ocr_par' dir='ltr' id='par_1_26' title="bbox 326 2492 1888 2565">
     <span class='ocr_line' id='line_1_26' title="bbox 326 2492 1888 2565; baseline -0.003 -16"><span class='ocrx_word' id='word_1_189' title='bbox 326 2495 574 2565; x_wconf 80' lang='grc' dir='ltr'>Ἐλέγχει</span> <span class='ocrx_word' id='word_1_190' title='bbox 610 2495 656 2548; x_wconf 87' lang='grc' dir='ltr'>δ’</span> <span class='ocrx_word' id='word_1_191' title='bbox 685 2494 800 2549; x_wconf 76' lang='grc' dir='ltr'>ἐσθ’</span> <span class='ocrx_word' id='word_1_192' title='bbox 839 2496 928 2548; x_wconf 85' lang='grc' dir='ltr'>ὅτε</span> <span class='ocrx_word' id='word_1_193' title='bbox 980 2495 1079 2548; x_wconf 78' lang='grc' dir='ltr'>καὶ</span> <span class='ocrx_word' id='word_1_194' title='bbox 1125 2493 1372 2564; x_wconf 82' lang='grc' dir='ltr'>διασύρει</span> <span class='ocrx_word' id='word_1_195' title='bbox 1409 2494 1705 2560; x_wconf 78' lang='grc' dir='ltr'>σκαιότητα</span> <span class='ocrx_word' id='word_1_196' title='bbox 1746 2492 1888 2559; x_wconf 85' lang='grc' dir='ltr'>γνώ-</span> 
     </span>
    </p>
   </div>
   <div class='ocr_carea' id='block_1_27' title="bbox 322 2585 1890 2659">
    <p class='ocr_par' dir='ltr' id='par_1_27' title="bbox 322 2585 1890 2659">
     <span class='ocr_line' id='line_1_27' title="bbox 322 2585 1890 2659; baseline -0.015 2"><span class='ocrx_word' id='word_1_197' title='bbox 322 2605 456 2659; x_wconf 77' lang='grc' dir='ltr'>μης.</span> <span class='ocrx_word' id='word_1_198' title='bbox 502 2591 596 2641; x_wconf 82' lang='grc' dir='ltr'>καὶ</span> <span class='ocrx_word' id='word_1_199' title='bbox 626 2587 870 2659; x_wconf 80' lang='grc' dir='ltr'>ἀμαθίαν</span> <span class='ocrx_word' id='word_1_200' title='bbox 909 2588 1006 2641; x_wconf 77' lang='grc' dir='ltr'>καὶ</span> <span class='ocrx_word' id='word_1_201' title='bbox 1034 2587 1264 2655; x_wconf 77' lang='grc' dir='ltr'>ἄγνοιαν</span> <span class='ocrx_word' id='word_1_202' title='bbox 1289 2603 1303 2617; x_wconf 92' lang='grc'>·</span> <span class='ocrx_word' id='word_1_203' title='bbox 1337 2588 1433 2639; x_wconf 59' lang='grc' dir='ltr'>καί⁵</span> <span class='ocrx_word' id='word_1_204' title='bbox 1469 2588 1576 2640; x_wconf 82' lang='grc' dir='ltr'>πᾶν</span> <span class='ocrx_word' id='word_1_205' title='bbox 1605 2585 1788 2639; x_wconf 81' lang='grc' dir='ltr'>ὁτιοῦν</span> <span class='ocrx_word' id='word_1_206' title='bbox 1810 2586 1890 2648; x_wconf 86' lang='grc' dir='ltr'>είς</span> 
     </span>
    </p>
   </div>
   <div class='ocr_carea' id='block_1_28' title="bbox 312 2677 1893 2750">
    <p class='ocr_par' dir='ltr' id='par_1_28' title="bbox 312 2677 1893 2750">
     <span class='ocr_line' id='line_1_28' title="bbox 312 2677 1893 2750; baseline -0.001 -18"><span class='ocrx_word' id='word_1_207' title='bbox 312 2678 513 2743; x_wconf 85' lang='grc' dir='ltr'>κακίας</span> <span class='ocrx_word' id='word_1_208' title='bbox 544 2680 884 2750; x_wconf 80' lang='grc' dir='ltr'>ἀναφέρεται</span> <span class='ocrx_word' id='word_1_209' title='bbox 910 2679 1115 2749; x_wconf 85' lang='grc' dir='ltr'>τρόπον</span> <span class='ocrx_word' id='word_1_210' title='bbox 1140 2717 1157 2745; x_wconf 94' lang='grc'>,</span> <span class='ocrx_word' id='word_1_211' title='bbox 1210 2677 1305 2732; x_wconf 77' lang='grc' dir='ltr'>καὶ</span> <span class='ocrx_word' id='word_1_212' title='bbox 1332 2680 1432 2747; x_wconf 85' lang='grc' dir='ltr'>τῆς</span> <span class='ocrx_word' id='word_1_213' title='bbox 1461 2678 1711 2748; x_wconf 86' lang='grc' dir='ltr'>χείρονος</span> <span class='ocrx_word' id='word_1_214' title='bbox 1735 2678 1893 2748; x_wconf 82' lang='grc' dir='ltr'>μερί-</span> 
     </span>
    </p>
   </div>
   <div class='ocr_carea' id='block_1_29' title="bbox 312 2768 1887 2841">
    <p class='ocr_par' dir='ltr' id='par_1_29' title="bbox 312 2768 1887 2841">
     <span class='ocr_line' id='line_1_29' title="bbox 312 2768 1887 2841; baseline 0 -18"><span class='ocrx_word' id='word_1_215' title='bbox 312 2771 399 2833; x_wconf 88' lang='grc' dir='ltr'>δος</span> <span class='ocrx_word' id='word_1_216' title='bbox 425 2771 755 2840; x_wconf 79' lang='grc' dir='ltr'>γνωρίζεται</span> <span class='ocrx_word' id='word_1_217' title='bbox 778 2786 793 2801; x_wconf 79' lang='grc' dir='ltr'><strong>ο</strong></span> <span class='ocrx_word' id='word_1_218' title='bbox 823 2770 1020 2841; x_wconf 73' lang='grc' dir='ltr'>ἐχθρὸν</span> <span class='ocrx_word' id='word_1_219' title='bbox 1055 2768 1156 2839; x_wconf 82' lang='grc' dir='ltr'>μὲν</span> <span class='ocrx_word' id='word_1_220' title='bbox 1189 2771 1259 2840; x_wconf 78' lang='grc' dir='ltr'>τῇ</span> <span class='ocrx_word' id='word_1_221' title='bbox 1292 2769 1435 2833; x_wconf 85' lang='grc' dir='ltr'>θεία,</span> <span class='ocrx_word' id='word_1_222' title='bbox 1470 2770 1663 2839; x_wconf 76' lang='grc' dir='ltr'>ἐχθρὸν</span> <span class='ocrx_word' id='word_1_223' title='bbox 1712 2770 1771 2823; x_wconf 83' lang='grc' dir='ltr'>δὲ</span> <span class='ocrx_word' id='word_1_224' title='bbox 1819 2771 1887 2840; x_wconf 78' lang='grc' dir='ltr'>τῇ</span> 
     </span>
    </p>
   </div>
   <div class='ocr_carea' id='block_1_30' title="bbox 202 2862 1892 2935">
    <p class='ocr_par' dir='ltr' id='par_1_30' title="bbox 202 2862 1892 2935">
     <span class='ocr_line' id='line_1_30' title="bbox 202 2862 1892 2935; baseline 0 -20"><span class='ocrx_word' id='word_1_225' title='bbox 202 2910 209 2915; x_wconf 79' lang='lat'>.</span> <span class='ocrx_word' id='word_1_226' title='bbox 314 2865 635 2935; x_wconf 85' lang='grc' dir='ltr'>ἀνθρωπίνῃ</span> <span class='ocrx_word' id='word_1_227' title='bbox 682 2865 846 2931; x_wconf 88' lang='grc' dir='ltr'>φύσει</span> <span class='ocrx_word' id='word_1_228' title='bbox 884 2862 1100 2919; x_wconf 83' lang='grc' dir='ltr'>τελοῦν.</span> <span class='ocrx_word' id='word_1_229' title='bbox 1146 2863 1414 2927; x_wconf 86' lang='grc' dir='ltr'>Καθάπαξ</span> <span class='ocrx_word' id='word_1_230' title='bbox 1454 2864 1498 2916; x_wconf 83' lang='grc' dir='ltr'>δ’</span> <span class='ocrx_word' id='word_1_231' title='bbox 1539 2864 1735 2926; x_wconf 77' lang='grc' dir='ltr'>εἰπεῖν,</span> <span class='ocrx_word' id='word_1_232' title='bbox 1778 2878 1892 2915; x_wconf 88' lang='grc' dir='ltr'>κοι-</span> 
     </span>
    </p>
   </div>
   <div class='ocr_carea' id='block_1_31' title="bbox 317 2956 1889 3029">
    <p class='ocr_par' dir='ltr' id='par_1_31' title="bbox 317 2956 1889 3029">
     <span class='ocr_line' id='line_1_31' title="bbox 317 2956 1889 3029; baseline -0.003 -17"><span class='ocrx_word' id='word_1_233' title='bbox 317 2961 406 3014; x_wconf 81' lang='grc' dir='ltr'>νὸν</span> <span class='ocrx_word' id='word_1_234' title='bbox 438 2959 634 3013; x_wconf 75' lang='grc' dir='ltr'>ἑαυτὸν</span> <span class='ocrx_word' id='word_1_235' title='bbox 680 2958 977 3029; x_wconf 82' lang='grc' dir='ltr'>καθίστησι</span> <span class='ocrx_word' id='word_1_236' title='bbox 1011 2961 1125 3021; x_wconf 87' lang='grc' dir='ltr'>τοῖς</span> <span class='ocrx_word' id='word_1_237' title='bbox 1172 2957 1483 3028; x_wconf 81' lang='grc' dir='ltr'>ἀνθρώποις</span> <span class='ocrx_word' id='word_1_238' title='bbox 1514 2956 1889 3009; x_wconf 78' lang='grc' dir='ltr'>διδασκαλεῖον</span> 
     </span>
    </p>
   </div>
   <div class='ocr_carea' id='block_1_32' title="bbox 314 3050 1354 3122">
    <p class='ocr_par' dir='ltr' id='par_1_32' title="bbox 314 3050 1354 3122">
     <span class='ocr_line' id='line_1_32' title="bbox 314 3050 1354 3122; baseline -0.004 -15"><span class='ocrx_word' id='word_1_239' title='bbox 314 3052 461 3107; x_wconf 88' lang='grc' dir='ltr'>θείου</span> <span class='ocrx_word' id='word_1_240' title='bbox 494 3052 593 3105; x_wconf 74' lang='grc' dir='ltr'>καὶ</span> <span class='ocrx_word' id='word_1_241' title='bbox 617 3051 964 3122; x_wconf 80' lang='grc' dir='ltr'>ἀνθρωπίνου</span> <span class='ocrx_word' id='word_1_242' title='bbox 1000 3050 1354 3120; x_wconf 80' lang='grc' dir='ltr'>μαθήματος.</span> 
     </span>
    </p>
   </div>
   <div class='ocr_carea' id='block_1_33' title="bbox 2006 560 3582 632">
    <p class='ocr_par' dir='ltr' id='par_1_33' title="bbox 2006 560 3582 632">
     <span class='ocr_line' id='line_1_33' title="bbox 2006 560 3582 632; baseline 0.001 -19"><span class='ocrx_word' id='word_1_243' title='bbox 2006 560 2300 630; x_wconf 76' lang='grc' dir='ltr'>προΐστησι</span> <span class='ocrx_word' id='word_1_244' title='bbox 2357 561 2656 630; x_wconf 86' lang='grc' dir='ltr'>κεφάλαιον</span> <span class='ocrx_word' id='word_1_245' title='bbox 2709 560 2805 613; x_wconf 91' lang='grc' dir='ltr'>τοῦ</span> <span class='ocrx_word' id='word_1_246' title='bbox 2842 560 3052 630; x_wconf 83' lang='grc' dir='ltr'>βιϐλίου</span> <span class='ocrx_word' id='word_1_247' title='bbox 3080 577 3094 591; x_wconf 84' lang='lat'><strong><em>°</em></strong></span> <span class='ocrx_word' id='word_1_248' title='bbox 3142 562 3291 625; x_wconf 82' lang='grc' dir='ltr'>ὅπως</span> <span class='ocrx_word' id='word_1_249' title='bbox 3319 563 3457 632; x_wconf 86' lang='grc' dir='ltr'>μετά</span> <span class='ocrx_word' id='word_1_250' title='bbox 3483 562 3582 631; x_wconf 85' lang='grc' dir='ltr'>τὴν</span> 
     </span>
    </p>
   </div>
   <div class='ocr_carea' id='block_1_34' title="bbox 2005 652 3581 725">
    <p class='ocr_par' dir='ltr' id='par_1_34' title="bbox 2005 652 3581 725">
     <span class='ocr_line' id='line_1_34' title="bbox 2005 652 3581 725; baseline 0.001 -19"><span class='ocrx_word' id='word_1_251' title='bbox 2005 652 2208 707; x_wconf 79' lang='grc' dir='ltr'>ἅλωσιν</span> <span class='ocrx_word' id='word_1_252' title='bbox 2236 653 2333 707; x_wconf 89' lang='grc' dir='ltr'>τοῦ</span> <span class='ocrx_word' id='word_1_253' title='bbox 2380 654 2560 719; x_wconf 82' lang='grc' dir='ltr'>Ἰλίου,</span> <span class='ocrx_word' id='word_1_254' title='bbox 2592 655 2785 708; x_wconf 85' lang='grc' dir='ltr'>νόστου</span> <span class='ocrx_word' id='word_1_255' title='bbox 2834 656 2931 708; x_wconf 82' lang='grc' dir='ltr'>σὺν</span> <span class='ocrx_word' id='word_1_256' title='bbox 2982 657 3094 717; x_wconf 76' lang='grc' dir='ltr'>τοῖς</span> <span class='ocrx_word' id='word_1_257' title='bbox 3126 656 3336 725; x_wconf 76' lang='grc' dir='ltr'>ἑτέροις</span> <span class='ocrx_word' id='word_1_258' title='bbox 3362 653 3581 723; x_wconf 79' lang='grc' dir='ltr'>ἁψάμε-</span> 
     </span>
    </p>
   </div>
   <div class='ocr_carea' id='block_1_35' title="bbox 2002 746 3579 816">
    <p class='ocr_par' dir='ltr' id='par_1_35' title="bbox 2002 746 3579 816">
     <span class='ocr_line' id='line_1_35' title="bbox 2002 746 3579 816; baseline -0.001 -17"><span class='ocrx_word' id='word_1_259' title='bbox 2002 762 2113 810; x_wconf 79' lang='grc' dir='ltr'>νος,</span> <span class='ocrx_word' id='word_1_260' title='bbox 2142 746 2361 810; x_wconf 77' lang='grc' dir='ltr'>πολλοῖς</span> <span class='ocrx_word' id='word_1_261' title='bbox 2397 747 2544 816; x_wconf 85' lang='grc' dir='ltr'>μάλα</span> <span class='ocrx_word' id='word_1_262' title='bbox 2594 746 2919 800; x_wconf 79' lang='grc' dir='ltr'>τούντεῦθεν</span> <span class='ocrx_word' id='word_1_263' title='bbox 2946 749 3041 800; x_wconf 78' lang='grc' dir='ltr'>καὶ</span> <span class='ocrx_word' id='word_1_264' title='bbox 3076 748 3335 816; x_wconf 85' lang='grc' dir='ltr'>μεγάλοις</span> <span class='ocrx_word' id='word_1_265' title='bbox 3364 748 3579 807; x_wconf 82' lang='grc' dir='ltr'>κακοῖς,</span> 
     </span>
    </p>
   </div>
   <div class='ocr_carea' id='block_1_36' title="bbox 2002 838 3580 908">
    <p class='ocr_par' dir='ltr' id='par_1_36' title="bbox 2002 838 3580 908">
     <span class='ocr_line' id='line_1_36' title="bbox 2002 838 3580 908; baseline 0.003 -18"><span class='ocrx_word' id='word_1_266' title='bbox 2002 838 2096 890; x_wconf 75' lang='grc' dir='ltr'>καὶ</span> <span class='ocrx_word' id='word_1_267' title='bbox 2171 838 2295 908; x_wconf 82' lang='grc' dir='ltr'>μηδ’</span> <span class='ocrx_word' id='word_1_268' title='bbox 2338 839 2602 908; x_wconf 85' lang='grc' dir='ltr'>ἀριθμεῖν</span> <span class='ocrx_word' id='word_1_269' title='bbox 2648 840 2854 902; x_wconf 88' lang='grc' dir='ltr'>ἱκανοῖς</span> <span class='ocrx_word' id='word_1_270' title='bbox 2909 838 3061 892; x_wconf 86' lang='grc' dir='ltr'>οὕσιν</span> <span class='ocrx_word' id='word_1_271' title='bbox 3098 841 3251 902; x_wconf 77' lang='grc' dir='ltr'>ἴσως,</span> <span class='ocrx_word' id='word_1_272' title='bbox 3302 838 3402 908; x_wconf 85' lang='grc' dir='ltr'>οὐχ</span> <span class='ocrx_word' id='word_1_273' title='bbox 3433 838 3580 895; x_wconf 76' lang='grc' dir='ltr'>ὅπως</span> 
     </span>
    </p>
   </div>
   <div class='ocr_carea' id='block_1_37' title="bbox 2000 929 3576 1001">
    <p class='ocr_par' dir='ltr' id='par_1_37' title="bbox 2000 929 3576 1001">
     <span class='ocr_line' id='line_1_37' title="bbox 2000 929 3576 1001; baseline 0.002 -21"><span class='ocrx_word' id='word_1_274' title='bbox 2000 929 2097 983; x_wconf 79' lang='grc' dir='ltr'>καὶ</span> <span class='ocrx_word' id='word_1_275' title='bbox 2131 931 2273 985; x_wconf 82' lang='grc' dir='ltr'>κατὰ</span> <span class='ocrx_word' id='word_1_276' title='bbox 2321 930 2553 1001; x_wconf 87' lang='grc' dir='ltr'>μέγεθος</span> <span class='ocrx_word' id='word_1_277' title='bbox 2594 930 2855 994; x_wconf 81' lang='grc' dir='ltr'>καθάπαξ</span> <span class='ocrx_word' id='word_1_278' title='bbox 2891 933 3142 993; x_wconf 88' lang='grc' dir='ltr'>σκοπεῖν,</span> <span class='ocrx_word' id='word_1_279' title='bbox 3171 933 3198 984; x_wconf 86' lang='grc' dir='ltr'>ό</span> <span class='ocrx_word' id='word_1_280' title='bbox 3233 932 3397 992; x_wconf 82' lang='grc' dir='ltr'>πολὺς</span> <span class='ocrx_word' id='word_1_281' title='bbox 3434 934 3576 983; x_wconf 88' lang='grc' dir='ltr'>ἐκεί-</span> 
     </span>
    </p>
   </div>
   <div class='ocr_carea' id='block_1_38' title="bbox 1999 1023 3579 1094">
    <p class='ocr_par' dir='ltr' id='par_1_38' title="bbox 1999 1023 3579 1094">
     <span class='ocr_line' id='line_1_38' title="bbox 1999 1023 3579 1094; baseline 0 -19"><span class='ocrx_word' id='word_1_282' title='bbox 1999 1040 2088 1085; x_wconf 82' lang='grc' dir='ltr'>νος</span> <span class='ocrx_word' id='word_1_283' title='bbox 2121 1023 2220 1085; x_wconf 83' lang='grc' dir='ltr'>τὰς</span> <span class='ocrx_word' id='word_1_284' title='bbox 2274 1024 2469 1093; x_wconf 87' lang='grc' dir='ltr'>τέχνας</span> <span class='ocrx_word' id='word_1_285' title='bbox 2500 1024 2595 1076; x_wconf 73' lang='grc' dir='ltr'>καὶ</span> <span class='ocrx_word' id='word_1_286' title='bbox 2639 1024 2710 1076; x_wconf 91' lang='grc' dir='ltr'>τά</span> <span class='ocrx_word' id='word_1_287' title='bbox 2746 1023 3102 1094; x_wconf 83' lang='grc' dir='ltr'>βουλεύματα</span> <span class='ocrx_word' id='word_1_288' title='bbox 3131 1025 3482 1090; x_wconf 79' lang='grc' dir='ltr'>περιέπεσεν.</span> <span class='ocrx_word' id='word_1_289' title='bbox 3518 1026 3579 1076; x_wconf 81' lang='grc' dir='ltr'><strong>Εἰ</strong></span> 
     </span>
    </p>
   </div>
   <div class='ocr_carea' id='block_1_39' title="bbox 1997 1115 3581 1187">
    <p class='ocr_par' dir='ltr' id='par_1_39' title="bbox 1997 1115 3581 1187">
     <span class='ocr_line' id='line_1_39' title="bbox 1997 1115 3581 1187; baseline 0 -19"><span class='ocrx_word' id='word_1_290' title='bbox 1997 1118 2106 1186; x_wconf 80' lang='grc' dir='ltr'>γάρ</span> <span class='ocrx_word' id='word_1_291' title='bbox 2146 1117 2308 1179; x_wconf 79' lang='grc' dir='ltr'>εὐθὺς</span> <span class='ocrx_word' id='word_1_292' title='bbox 2328 1117 2470 1170; x_wconf 87' lang='grc' dir='ltr'>οὕτω</span> <span class='ocrx_word' id='word_1_293' title='bbox 2503 1118 2738 1187; x_wconf 84' lang='grc' dir='ltr'>κατέστη</span> <span class='ocrx_word' id='word_1_294' title='bbox 2774 1119 2867 1169; x_wconf 76' lang='grc' dir='ltr'>ἐπὶ</span> <span class='ocrx_word' id='word_1_295' title='bbox 2901 1117 2961 1170; x_wconf 77' lang='grc' dir='ltr'>τὸ</span> <span class='ocrx_word' id='word_1_296' title='bbox 3000 1118 3260 1187; x_wconf 83' lang='grc' dir='ltr'>πρᾶγμα,</span> <span class='ocrx_word' id='word_1_297' title='bbox 3292 1115 3481 1179; x_wconf 78' lang='grc' dir='ltr'>ὕπτιος</span> <span class='ocrx_word' id='word_1_298' title='bbox 3515 1117 3581 1169; x_wconf 81' lang='grc' dir='ltr'>ἂν</span> 
     </span>
    </p>
   </div>
   <div class='ocr_carea' id='block_1_40' title="bbox 1997 1208 3580 1279">
    <p class='ocr_par' dir='ltr' id='par_1_40' title="bbox 1997 1208 3580 1279">
     <span class='ocr_line' id='line_1_40' title="bbox 1997 1208 3580 1279; baseline -0.001 -17"><span class='ocrx_word' id='word_1_299' title='bbox 1997 1209 2143 1274; x_wconf 78' lang='grc' dir='ltr'>ἔδοξε</span> <span class='ocrx_word' id='word_1_300' title='bbox 2175 1212 2275 1263; x_wconf 78' lang='grc' dir='ltr'>καὶ</span> <span class='ocrx_word' id='word_1_301' title='bbox 2312 1210 2518 1279; x_wconf 81' lang='grc' dir='ltr'>ἀχρους</span> <span class='ocrx_word' id='word_1_302' title='bbox 2561 1214 2673 1273; x_wconf 86' lang='grc' dir='ltr'>τοῖς</span> <span class='ocrx_word' id='word_1_303' title='bbox 2707 1210 2951 1275; x_wconf 79' lang='grc' dir='ltr'>πολλοῖς,</span> <span class='ocrx_word' id='word_1_304' title='bbox 3002 1211 3102 1263; x_wconf 86' lang='grc' dir='ltr'>ούκ</span> <span class='ocrx_word' id='word_1_305' title='bbox 3143 1210 3283 1279; x_wconf 77' lang='grc' dir='ltr'>ἔχων</span> <span class='ocrx_word' id='word_1_306' title='bbox 3312 1208 3580 1278; x_wconf 75' lang='grc' dir='ltr'>οὐμενοῦν</span> 
     </span>
    </p>
   </div>
   <div class='ocr_carea' id='block_1_41' title="bbox 1996 1298 3581 1368">
    <p class='ocr_par' dir='ltr' id='par_1_41' title="bbox 1996 1298 3581 1368">
     <span class='ocr_line' id='line_1_41' title="bbox 1996 1298 3581 1368; baseline -0.004 -14"><span class='ocrx_word' id='word_1_307' title='bbox 1996 1299 2274 1363; x_wconf 84' lang='grc' dir='ltr'>τοσοῦτον,</span> <span class='ocrx_word' id='word_1_308' title='bbox 2308 1298 2423 1353; x_wconf 78' lang='grc' dir='ltr'>οὔτ’</span> <span class='ocrx_word' id='word_1_309' title='bbox 2452 1302 2511 1367; x_wconf 79' lang='grc' dir='ltr'>ἐξ</span> <span class='ocrx_word' id='word_1_310' title='bbox 2547 1301 2792 1368; x_wconf 85' lang='grc' dir='ltr'>ἱστορίας</span> <span class='ocrx_word' id='word_1_311' title='bbox 2819 1301 3032 1365; x_wconf 79' lang='grc' dir='ltr'>ἁπλῶς,</span> <span class='ocrx_word' id='word_1_312' title='bbox 3058 1299 3173 1354; x_wconf 75' lang='grc' dir='ltr'>οὒτ’</span> <span class='ocrx_word' id='word_1_313' title='bbox 3196 1302 3260 1352; x_wconf 81' lang='grc' dir='ltr'>ἐκ</span> <span class='ocrx_word' id='word_1_314' title='bbox 3288 1300 3386 1368; x_wconf 86' lang='grc' dir='ltr'>τῆς</span> <span class='ocrx_word' id='word_1_315' title='bbox 3411 1299 3581 1367; x_wconf 81' lang='grc' dir='ltr'>ἄλλης</span> 
     </span>
    </p>
   </div>
   <div class='ocr_carea' id='block_1_42' title="bbox 1996 1389 3581 1461">
    <p class='ocr_par' dir='ltr' id='par_1_42' title="bbox 1996 1389 3581 1461">
     <span class='ocr_line' id='line_1_42' title="bbox 1996 1389 3581 1461; baseline -0.003 -17"><span class='ocrx_word' id='word_1_316' title='bbox 1996 1394 2295 1461; x_wconf 81' lang='grc' dir='ltr'>ποιητικῆς</span> <span class='ocrx_word' id='word_1_317' title='bbox 2326 1391 2583 1456; x_wconf 78' lang='grc' dir='ltr'>ἐξουσίας</span> <span class='ocrx_word' id='word_1_318' title='bbox 2630 1392 2821 1445; x_wconf 83' lang='grc' dir='ltr'>ἐλθεῖν</span> <span class='ocrx_word' id='word_1_319' title='bbox 2847 1393 2939 1445; x_wconf 74' lang='grc' dir='ltr'>ἐπὶ</span> <span class='ocrx_word' id='word_1_320' title='bbox 2993 1391 3094 1461; x_wconf 79' lang='grc' dir='ltr'>τὴν</span> <span class='ocrx_word' id='word_1_321' title='bbox 3148 1390 3431 1443; x_wconf 77' lang='grc' dir='ltr'>ὑπόθεσιν.</span> <span class='ocrx_word' id='word_1_322' title='bbox 3464 1389 3581 1441; x_wconf 82' lang='grc' dir='ltr'>Νῦν</span> 
     </span>
    </p>
   </div>
   <div class='ocr_carea' id='block_1_43' title="bbox 1994 1472 3582 1553">
    <p class='ocr_par' dir='ltr' id='par_1_43' title="bbox 1994 1472 3582 1553">
     <span class='ocr_line' id='line_1_43' title="bbox 1994 1472 3582 1553; baseline -0.004 -17"><span class='ocrx_word' id='word_1_323' title='bbox 1994 1472 2039 1536; x_wconf 84' lang='grc' dir='ltr'>δ’</span> <span class='ocrx_word' id='word_1_324' title='bbox 2070 1486 2153 1536; x_wconf 89' lang='grc' dir='ltr'>ὅτι</span> <span class='ocrx_word' id='word_1_325' title='bbox 2198 1500 2305 1553; x_wconf 86' lang='grc' dir='ltr'>περ</span> <span class='ocrx_word' id='word_1_326' title='bbox 2335 1483 2510 1546; x_wconf 87' lang='grc' dir='ltr'>οὕτως</span> <span class='ocrx_word' id='word_1_327' title='bbox 2543 1483 2896 1553; x_wconf 79' lang='grc' dir='ltr'>ὲμεθόδευσε,</span> <span class='ocrx_word' id='word_1_328' title='bbox 2938 1483 3034 1535; x_wconf 88' lang='grc' dir='ltr'>τὸν</span> <span class='ocrx_word' id='word_1_329' title='bbox 3092 1480 3296 1535; x_wconf 82' lang='grc' dir='ltr'>σκοπὸν</span> <span class='ocrx_word' id='word_1_330' title='bbox 3332 1482 3582 1551; x_wconf 82' lang='grc' dir='ltr'>ἐκατέρῳ</span> 
     </span>
    </p>
   </div>
   <div class='ocr_carea' id='block_1_44' title="bbox 1997 1573 3582 1648">
    <p class='ocr_par' dir='ltr' id='par_1_44' title="bbox 1997 1573 3582 1648">
     <span class='ocr_line' id='line_1_44' title="bbox 1997 1573 3582 1648; baseline -0.003 -20"><span class='ocrx_word' id='word_1_331' title='bbox 1997 1577 2152 1648; x_wconf 80' lang='grc' dir='ltr'>μέρει</span> <span class='ocrx_word' id='word_1_332' title='bbox 2181 1576 2242 1629; x_wconf 79' lang='grc' dir='ltr'>τὸ</span> <span class='ocrx_word' id='word_1_333' title='bbox 2285 1577 2564 1646; x_wconf 91' lang='grc' dir='ltr'>προσῆκον</span> <span class='ocrx_word' id='word_1_334' title='bbox 2611 1575 2815 1646; x_wconf 79' lang='grc' dir='ltr'>ένειμε·</span> <span class='ocrx_word' id='word_1_335' title='bbox 2850 1578 2916 1645; x_wconf 78' lang='grc' dir='ltr'>τῇ</span> <span class='ocrx_word' id='word_1_336' title='bbox 2952 1593 3011 1628; x_wconf 90' lang='grc' dir='ltr'>τε</span> <span class='ocrx_word' id='word_1_337' title='bbox 3057 1575 3165 1645; x_wconf 83' lang='grc' dir='ltr'>γάρ</span> <span class='ocrx_word' id='word_1_338' title='bbox 3216 1574 3437 1642; x_wconf 79' lang='grc' dir='ltr'>ποιήσει</span> <span class='ocrx_word' id='word_1_339' title='bbox 3480 1573 3582 1642; x_wconf 87' lang='grc' dir='ltr'>τὴν</span> 
     </span>
    </p>
   </div>
   <div class='ocr_carea' id='block_1_45' title="bbox 2000 1665 3704 1740">
    <p class='ocr_par' dir='ltr' id='par_1_45' title="bbox 2000 1665 3704 1740">
     <span class='ocr_line' id='line_1_45' title="bbox 2000 1665 3704 1740; baseline -0.006 -19"><span class='ocrx_word' id='word_1_340' title='bbox 2000 1669 2211 1739; x_wconf 84' lang='grc' dir='ltr'>συνήθη</span> <span class='ocrx_word' id='word_1_341' title='bbox 2249 1670 2560 1740; x_wconf 83' lang='grc' dir='ltr'>παρέσχετο</span> <span class='ocrx_word' id='word_1_342' title='bbox 2597 1668 2785 1740; x_wconf 84' lang='grc' dir='ltr'>χλιδὴν</span> <span class='ocrx_word' id='word_1_343' title='bbox 2817 1670 2912 1722; x_wconf 80' lang='grc' dir='ltr'>καὶ</span> <span class='ocrx_word' id='word_1_344' title='bbox 2970 1668 3178 1737; x_wconf 72' lang='grc' dir='ltr'>ἁϐρῶς,</span> <span class='ocrx_word' id='word_1_345' title='bbox 3219 1665 3361 1719; x_wconf 84' lang='grc' dir='ltr'>ὥστε</span> <span class='ocrx_word' id='word_1_346' title='bbox 3415 1665 3583 1735; x_wconf 78' lang='grc' dir='ltr'>μηδα-</span> <span class='ocrx_word' id='word_1_347' title='bbox 3696 1703 3704 1711; x_wconf 92' lang='grc'>,</span> 
     </span>
    </p>
   </div>
   <div class='ocr_carea' id='block_1_46' title="bbox 2000 1756 3582 1832">
    <p class='ocr_par' dir='ltr' id='par_1_46' title="bbox 2000 1756 3582 1832">
     <span class='ocr_line' id='line_1_46' title="bbox 2000 1756 3582 1832; baseline -0.004 -18"><span class='ocrx_word' id='word_1_348' title='bbox 2000 1761 2118 1832; x_wconf 82' lang='grc' dir='ltr'>μῶς</span> <span class='ocrx_word' id='word_1_349' title='bbox 2159 1764 2370 1816; x_wconf 81' lang='grc' dir='ltr'>ἐκεῖθεν</span> <span class='ocrx_word' id='word_1_350' title='bbox 2422 1762 2767 1823; x_wconf 82' lang='grc' dir='ltr'>κολούεσθαι,</span> <span class='ocrx_word' id='word_1_351' title='bbox 2795 1762 2891 1816; x_wconf 72' lang='grc' dir='ltr'>καὶ</span> <span class='ocrx_word' id='word_1_352' title='bbox 2916 1760 2995 1830; x_wconf 84' lang='grc' dir='ltr'>τῷ</span> <span class='ocrx_word' id='word_1_353' title='bbox 3031 1761 3321 1829; x_wconf 83' lang='grc' dir='ltr'>πράγματι</span> <span class='ocrx_word' id='word_1_354' title='bbox 3353 1760 3397 1811; x_wconf 88' lang='grc' dir='ltr'>δ’</span> <span class='ocrx_word' id='word_1_355' title='bbox 3433 1756 3582 1826; x_wconf 85' lang='grc' dir='ltr'>αύτῷ</span> 
     </span>
    </p>
   </div>
   <div class='ocr_carea' id='block_1_47' title="bbox 1994 1846 3581 1922">
    <p class='ocr_par' dir='ltr' id='par_1_47' title="bbox 1994 1846 3581 1922">
     <span class='ocr_line' id='line_1_47' title="bbox 1994 1846 3581 1922; baseline -0.004 -19"><span class='ocrx_word' id='word_1_356' title='bbox 1994 1851 2057 1903; x_wconf 82' lang='grc' dir='ltr'>τὸ</span> <span class='ocrx_word' id='word_1_357' title='bbox 2104 1851 2285 1919; x_wconf 82' lang='grc' dir='ltr'>πάντη</span> <span class='ocrx_word' id='word_1_358' title='bbox 2321 1851 2431 1905; x_wconf 88' lang='grc' dir='ltr'>σῶν</span> <span class='ocrx_word' id='word_1_359' title='bbox 2460 1849 2621 1915; x_wconf 79' lang='grc' dir='ltr'>εἶναι,</span> <span class='ocrx_word' id='word_1_360' title='bbox 2665 1854 2763 1906; x_wconf 77' lang='grc' dir='ltr'>καὶ</span> <span class='ocrx_word' id='word_1_361' title='bbox 2798 1851 3022 1922; x_wconf 74' lang='grc' dir='ltr'>μηδενός</span> <span class='ocrx_word' id='word_1_362' title='bbox 3063 1868 3127 1919; x_wconf 91' lang='grc' dir='ltr'>γε</span> <span class='ocrx_word' id='word_1_363' title='bbox 3155 1851 3437 1917; x_wconf 81' lang='grc' dir='ltr'>λελεῖφθαι</span> <span class='ocrx_word' id='word_1_364' title='bbox 3471 1846 3581 1899; x_wconf 87' lang='grc' dir='ltr'>τῶν</span> 
     </span>
    </p>
   </div>
   <div class='ocr_carea' id='block_1_48' title="bbox 1992 1939 3580 2014">
    <p class='ocr_par' dir='ltr' id='par_1_48' title="bbox 1992 1939 3580 2014">
     <span class='ocr_line' id='line_1_48' title="bbox 1992 1939 3580 2014; baseline -0.002 -21"><span class='ocrx_word' id='word_1_365' title='bbox 1992 1944 2074 2003; x_wconf 88' lang='grc' dir='ltr'>είς</span> <span class='ocrx_word' id='word_1_366' title='bbox 2136 1942 2298 1996; x_wconf 85' lang='grc' dir='ltr'>τοῦτο</span> <span class='ocrx_word' id='word_1_367' title='bbox 2356 1944 2652 2011; x_wconf 86' lang='grc' dir='ltr'>φερόντων.</span> <span class='ocrx_word' id='word_1_368' title='bbox 2713 1944 2835 1997; x_wconf 83' lang='grc' dir='ltr'>Κᾶν</span> <span class='ocrx_word' id='word_1_369' title='bbox 2920 1944 3029 2014; x_wconf 80' lang='grc' dir='ltr'>γὰρ</span> <span class='ocrx_word' id='word_1_370' title='bbox 3096 1943 3360 2012; x_wconf 82' lang='grc' dir='ltr'>ἱστορίαις</span> <span class='ocrx_word' id='word_1_371' title='bbox 3432 1939 3580 2008; x_wconf 83' lang='grc' dir='ltr'>μάλα</span> 
     </span>
    </p>
   </div>
   <div class='ocr_carea' id='block_1_49' title="bbox 1993 2030 3576 2103">
    <p class='ocr_par' dir='ltr' id='par_1_49' title="bbox 1993 2030 3576 2103">
     <span class='ocr_line' id='line_1_49' title="bbox 1993 2030 3576 2103; baseline -0.003 -18"><span class='ocrx_word' id='word_1_372' title='bbox 1993 2032 2222 2096; x_wconf 87' lang='grc' dir='ltr'>πολλαῖς</span> <span class='ocrx_word' id='word_1_373' title='bbox 2286 2034 2383 2085; x_wconf 76' lang='grc' dir='ltr'>καὶ</span> <span class='ocrx_word' id='word_1_374' title='bbox 2442 2033 2639 2102; x_wconf 84' lang='grc' dir='ltr'>μύθοις</span> <span class='ocrx_word' id='word_1_375' title='bbox 2688 2034 2839 2097; x_wconf 84' lang='grc' dir='ltr'>ὅσοις</span> <span class='ocrx_word' id='word_1_376' title='bbox 2887 2034 3261 2103; x_wconf 86' lang='grc' dir='ltr'>ποικίλληται,</span> <span class='ocrx_word' id='word_1_377' title='bbox 3306 2031 3421 2084; x_wconf 87' lang='grc' dir='ltr'>ἀλλ’</span> <span class='ocrx_word' id='word_1_378' title='bbox 3471 2030 3576 2081; x_wconf 78' lang='grc' dir='ltr'>οὐδ’</span> 
     </span>
    </p>
   </div>
   <div class='ocr_carea' id='block_1_50' title="bbox 1992 2121 3579 2199">
    <p class='ocr_par' dir='ltr' id='par_1_50' title="bbox 1992 2121 3579 2199">
     <span class='ocr_line' id='line_1_50' title="bbox 1992 2121 3579 2199; baseline 0.008 -22"><span class='ocrx_word' id='word_1_379' title='bbox 1992 2124 2167 2190; x_wconf 89' lang='grc' dir='ltr'>οὕτως</span> <span class='ocrx_word' id='word_1_380' title='bbox 2207 2127 2505 2196; x_wconf 82' lang='grc' dir='ltr'>ἀφίσταται</span> <span class='ocrx_word' id='word_1_381' title='bbox 2556 2127 2747 2199; x_wconf 68' lang='grc' dir='ltr'>πόρρω</span> <span class='ocrx_word' id='word_1_382' title='bbox 2772 2129 2869 2197; x_wconf 88' lang='grc' dir='ltr'>τῆς</span> <span class='ocrx_word' id='word_1_383' title='bbox 2899 2127 3231 2189; x_wconf 83' lang='grc' dir='ltr'>ὑποθέσεως,</span> <span class='ocrx_word' id='word_1_384' title='bbox 3262 2124 3337 2186; x_wconf 79' lang='grc' dir='ltr'>ὡς</span> <span class='ocrx_word' id='word_1_385' title='bbox 3375 2122 3448 2193; x_wconf 81' lang='grc' dir='ltr'>μὴ</span> <span class='ocrx_word' id='word_1_386' title='bbox 3481 2121 3579 2192; x_wconf 75' lang='grc' dir='ltr'>τὴν</span> 
     </span>
    </p>
   </div>
   <div class='ocr_carea' id='block_1_51' title="bbox 1992 2214 3576 2288">
    <p class='ocr_par' dir='ltr' id='par_1_51' title="bbox 1992 2214 3576 2288">
     <span class='ocr_line' id='line_1_51' title="bbox 1992 2214 3576 2288; baseline -0.004 -16"><span class='ocrx_word' id='word_1_387' title='bbox 1992 2219 2254 2288; x_wconf 84' lang='grc' dir='ltr'>ταχίστην</span> <span class='ocrx_word' id='word_1_388' title='bbox 2317 2219 2629 2284; x_wconf 81' lang='grc' dir='ltr'>ἐπανιέναι,</span> <span class='ocrx_word' id='word_1_389' title='bbox 2677 2219 2775 2272; x_wconf 60' lang='grc' dir='ltr'>καὶ⁸</span> <span class='ocrx_word' id='word_1_390' title='bbox 2838 2220 2909 2273; x_wconf 90' lang='grc' dir='ltr'>τά</span> <span class='ocrx_word' id='word_1_391' title='bbox 2956 2217 3101 2271; x_wconf 86' lang='grc' dir='ltr'>κατά</span> <span class='ocrx_word' id='word_1_392' title='bbox 3152 2221 3244 2271; x_wconf 80' lang='grc' dir='ltr'>τὸν</span> <span class='ocrx_word' id='word_1_393' title='bbox 3306 2214 3576 2269; x_wconf 80' lang='grc' dir='ltr'>Ὀδυσσέα</span> 
     </span>
    </p>
   </div>
   <div class='ocr_carea' id='block_1_52' title="bbox 1995 2304 3579 2380">
    <p class='ocr_par' dir='ltr' id='par_1_52' title="bbox 1995 2304 3579 2380">
     <span class='ocr_line' id='line_1_52' title="bbox 1995 2304 3579 2380; baseline -0.004 -16"><span class='ocrx_word' id='word_1_394' title='bbox 1995 2310 2143 2380; x_wconf 90' lang='grc' dir='ltr'>πάθη</span> <span class='ocrx_word' id='word_1_395' title='bbox 2165 2309 2442 2375; x_wconf 81' lang='grc' dir='ltr'>διεξιέναι,</span> <span class='ocrx_word' id='word_1_396' title='bbox 2481 2304 2559 2364; x_wconf 84' lang='grc' dir='ltr'>ὧν</span> <span class='ocrx_word' id='word_1_397' title='bbox 2594 2311 2781 2363; x_wconf 79' lang='grc' dir='ltr'>εἵνεκα</span> <span class='ocrx_word' id='word_1_398' title='bbox 2812 2310 3062 2378; x_wconf 85' lang='grc' dir='ltr'>πλαγίως</span> <span class='ocrx_word' id='word_1_399' title='bbox 3106 2308 3197 2362; x_wconf 64' lang='grc' dir='ltr'>ἔπ’</span> <span class='ocrx_word' id='word_1_400' title='bbox 3223 2310 3407 2361; x_wconf 78' lang='grc' dir='ltr'>ἐκεῖνα</span> <span class='ocrx_word' id='word_1_401' title='bbox 3445 2305 3579 2374; x_wconf 79' lang='grc' dir='ltr'>ἐλήο</span> 
     </span>
    </p>
   </div>
   <div class='ocr_carea' id='block_1_53' title="bbox 1992 2399 3580 2474">
    <p class='ocr_par' dir='ltr' id='par_1_53' title="bbox 1992 2399 3580 2474">
     <span class='ocr_line' id='line_1_53' title="bbox 1992 2399 3580 2474; baseline -0.003 -19"><span class='ocrx_word' id='word_1_402' title='bbox 1992 2403 2151 2457; x_wconf 88' lang='grc' dir='ltr'>λυθε.</span> <span class='ocrx_word' id='word_1_403' title='bbox 2185 2403 2297 2455; x_wconf 77' lang='grc' dir='ltr'>Καὶ</span> <span class='ocrx_word' id='word_1_404' title='bbox 2329 2403 2404 2474; x_wconf 89' lang='grc' dir='ltr'>μή</span> <span class='ocrx_word' id='word_1_405' title='bbox 2439 2421 2523 2467; x_wconf 91' lang='grc' dir='ltr'>τις</span> <span class='ocrx_word' id='word_1_406' title='bbox 2581 2403 2820 2473; x_wconf 83' lang='grc' dir='ltr'>οἰηθείη,</span> <span class='ocrx_word' id='word_1_407' title='bbox 2850 2403 2925 2466; x_wconf 86' lang='grc' dir='ltr'>ὡς</span> <span class='ocrx_word' id='word_1_408' title='bbox 2949 2402 3176 2471; x_wconf 82' lang='grc' dir='ltr'>πλάσμα</span> <span class='ocrx_word' id='word_1_409' title='bbox 3218 2400 3279 2453; x_wconf 82' lang='grc' dir='ltr'>τὸ</span> <span class='ocrx_word' id='word_1_410' title='bbox 3313 2399 3580 2470; x_wconf 90' lang='grc' dir='ltr'>παράπαν</span> 
     </span>
    </p>
   </div>
   <div class='ocr_carea' id='block_1_54' title="bbox 1995 2492 3578 2567">
    <p class='ocr_par' dir='ltr' id='par_1_54' title="bbox 1995 2492 3578 2567">
     <span class='ocr_line' id='line_1_54' title="bbox 1995 2492 3578 2567; baseline -0.003 -19"><span class='ocrx_word' id='word_1_411' title='bbox 1995 2497 2199 2566; x_wconf 73' lang='grc' dir='ltr'>ἐστὶνή</span> <span class='ocrx_word' id='word_1_412' title='bbox 2228 2497 2452 2565; x_wconf 88' lang='grc' dir='ltr'>ποίησις</span> <span class='ocrx_word' id='word_1_413' title='bbox 2484 2497 2733 2567; x_wconf 82' lang='grc' dir='ltr'>Ὁμήρῳ,</span> <span class='ocrx_word' id='word_1_414' title='bbox 2758 2496 2930 2565; x_wconf 82' lang='grc' dir='ltr'>ἀνδρα</span> <span class='ocrx_word' id='word_1_415' title='bbox 2961 2495 3085 2549; x_wconf 84' lang='grc' dir='ltr'>τινὰ</span> <span class='ocrx_word' id='word_1_416' title='bbox 3110 2492 3578 2564; x_wconf 85' lang='grc' dir='ltr'>προστησαμένῳ,</span> 
     </span>
    </p>
   </div>
   <div class='ocr_carea' id='block_1_55' title="bbox 1993 2578 3582 2660">
    <p class='ocr_par' dir='ltr' id='par_1_55' title="bbox 1993 2578 3582 2660">
     <span class='ocr_line' id='line_1_55' title="bbox 1993 2578 3582 2660; baseline -0.004 -17"><span class='ocrx_word' id='word_1_417' title='bbox 1993 2590 2052 2651; x_wconf 80' lang='grc' dir='ltr'>ὃς</span> <span class='ocrx_word' id='word_1_418' title='bbox 2072 2590 2211 2660; x_wconf 86' lang='grc' dir='ltr'>μήτε</span> <span class='ocrx_word' id='word_1_419' title='bbox 2235 2590 2478 2653; x_wconf 88' lang='grc' dir='ltr'>τοιοῦτος</span> <span class='ocrx_word' id='word_1_420' title='bbox 2500 2591 2691 2658; x_wconf 78' lang='grc' dir='ltr'>γέγονε</span> <span class='ocrx_word' id='word_1_421' title='bbox 2722 2588 2943 2642; x_wconf 86' lang='grc' dir='ltr'>πώποτε</span> <span class='ocrx_word' id='word_1_422' title='bbox 2966 2589 3107 2657; x_wconf 88' lang='grc' dir='ltr'>μήτε</span> <span class='ocrx_word' id='word_1_423' title='bbox 3126 2588 3440 2656; x_wconf 83' lang='grc' dir='ltr'>γενήσεται,</span> <span class='ocrx_word' id='word_1_424' title='bbox 3469 2578 3582 2637; x_wconf 75' lang='grc' dir='ltr'>οἷον</span> 
     </span>
    </p>
   </div>
   <div class='ocr_carea' id='block_1_56' title="bbox 1992 2673 3580 2751">
    <p class='ocr_par' dir='ltr' id='par_1_56' title="bbox 1992 2673 3580 2751">
     <span class='ocr_line' id='line_1_56' title="bbox 1992 2673 3580 2751; baseline -0.005 -16"><span class='ocrx_word' id='word_1_425' title='bbox 1992 2673 2151 2745; x_wconf 79' lang='grc' dir='ltr'>οὕτός</span> <span class='ocrx_word' id='word_1_426' title='bbox 2181 2696 2349 2749; x_wconf 86' lang='grc' dir='ltr'>φησι·</span> <span class='ocrx_word' id='word_1_427' title='bbox 2383 2681 2625 2733; x_wconf 83' lang='grc' dir='ltr'>τοιοῦτόν</span> <span class='ocrx_word' id='word_1_428' title='bbox 2652 2698 2705 2733; x_wconf 90' lang='grc' dir='ltr'>τι</span> <span class='ocrx_word' id='word_1_429' title='bbox 2734 2682 2799 2734; x_wconf 84' lang='grc' dir='ltr'>ἐκ</span> <span class='ocrx_word' id='word_1_430' title='bbox 2820 2679 3108 2751; x_wconf 84' lang='grc' dir='ltr'>ποιητικῆς</span> <span class='ocrx_word' id='word_1_431' title='bbox 3131 2678 3314 2740; x_wconf 86' lang='grc' dir='ltr'>ἀδείας</span> <span class='ocrx_word' id='word_1_432' title='bbox 3350 2676 3580 2746; x_wconf 82' lang='grc' dir='ltr'>ἐτόλμη-</span> 
     </span>
    </p>
   </div>
   <div class='ocr_carea' id='block_1_57' title="bbox 1998 2769 3580 2842">
    <p class='ocr_par' dir='ltr' id='par_1_57' title="bbox 1998 2769 3580 2842">
     <span class='ocr_line' id='line_1_57' title="bbox 1998 2769 3580 2842; baseline -0.004 -15"><span class='ocrx_word' id='word_1_433' title='bbox 1998 2790 2116 2838; x_wconf 85' lang='grc' dir='ltr'>σεν,</span> <span class='ocrx_word' id='word_1_434' title='bbox 2142 2773 2253 2828; x_wconf 83' lang='grc' dir='ltr'>οὐδ’</span> <span class='ocrx_word' id='word_1_435' title='bbox 2280 2773 2456 2836; x_wconf 83' lang='grc' dir='ltr'>οὕτως</span> <span class='ocrx_word' id='word_1_436' title='bbox 2480 2771 2545 2826; x_wconf 85' lang='grc' dir='ltr'>ἂν</span> <span class='ocrx_word' id='word_1_437' title='bbox 2582 2772 2891 2842; x_wconf 71' lang='grc' dir='ltr'>ἐλυμήνατο</span> <span class='ocrx_word' id='word_1_438' title='bbox 2919 2772 2998 2841; x_wconf 86' lang='grc' dir='ltr'>τῷ</span> <span class='ocrx_word' id='word_1_439' title='bbox 3033 2770 3246 2840; x_wconf 79' lang='grc' dir='ltr'>σκοπῷ,</span> <span class='ocrx_word' id='word_1_440' title='bbox 3270 2770 3374 2833; x_wconf 79' lang='grc' dir='ltr'>ἓως</span> <span class='ocrx_word' id='word_1_441' title='bbox 3400 2770 3467 2823; x_wconf 84' lang='grc' dir='ltr'>τὰ</span> <span class='ocrx_word' id='word_1_442' title='bbox 3498 2769 3580 2822; x_wconf 87' lang='grc' dir='ltr'>εί-</span> 
     </span>
    </p>
   </div>
   <div class='ocr_carea' id='block_1_58' title="bbox 1994 2861 3555 2935">
    <p class='ocr_par' dir='ltr' id='par_1_58' title="bbox 1994 2861 3555 2935">
     <span class='ocr_line' id='line_1_58' title="bbox 1994 2861 3555 2935; baseline -0.003 -17"><span class='ocrx_word' id='word_1_443' title='bbox 1994 2867 2136 2919; x_wconf 84' lang='grc' dir='ltr'>κότα</span> <span class='ocrx_word' id='word_1_444' title='bbox 2169 2865 2313 2919; x_wconf 83' lang='grc' dir='ltr'>κατὰ</span> <span class='ocrx_word' id='word_1_445' title='bbox 2342 2864 2548 2933; x_wconf 70' lang='grc' dir='ltr'>πολλὴν</span> <span class='ocrx_word' id='word_1_446' title='bbox 2579 2863 2902 2935; x_wconf 87' lang='grc' dir='ltr'>περιουσίαν</span> <span class='ocrx_word' id='word_1_447' title='bbox 2934 2862 3107 2915; x_wconf 75' lang='grc' dir='ltr'>ἐδίδου</span> <span class='ocrx_word' id='word_1_448' title='bbox 3134 2862 3214 2931; x_wconf 84' lang='grc' dir='ltr'>τῷ</span> <span class='ocrx_word' id='word_1_449' title='bbox 3245 2861 3555 2930; x_wconf 77' lang='grc' dir='ltr'>πράγματι.</span> 
     </span>
    </p>
   </div>
   <div class='ocr_carea' id='block_1_59' title="bbox 2067 2952 3580 3018">
    <p class='ocr_par' dir='ltr' id='par_1_59' title="bbox 2067 2952 3580 3018">
     <span class='ocr_line' id='line_1_59' title="bbox 2067 2952 3580 3018; baseline -0.005 -8"><span class='ocrx_word' id='word_1_450' title='bbox 2067 2959 2251 3010; x_wconf 90' lang='grc' dir='ltr'>’Ἰσασι</span> <span class='ocrx_word' id='word_1_451' title='bbox 2282 2956 2483 3018; x_wconf 84' lang='grc' dir='ltr'>πάντες</span> <span class='ocrx_word' id='word_1_452' title='bbox 2514 2956 2637 3009; x_wconf 88' lang='grc' dir='ltr'>καθ’</span> <span class='ocrx_word' id='word_1_453' title='bbox 2675 2955 2732 3008; x_wconf 79' lang='grc' dir='ltr'>ἓν</span> <span class='ocrx_word' id='word_1_454' title='bbox 2764 2957 2859 3009; x_wconf 78' lang='grc' dir='ltr'>κα¹ι</span> <span class='ocrx_word' id='word_1_455' title='bbox 2893 2955 2992 3008; x_wconf 67' lang='grc' dir='ltr'>σὺν</span> <span class='ocrx_word' id='word_1_456' title='bbox 3026 2954 3121 3007; x_wconf 90' lang='grc' dir='ltr'>δύο</span> <span class='ocrx_word' id='word_1_457' title='bbox 3161 2953 3447 3015; x_wconf 82' lang='grc' dir='ltr'>πολλάκις,</span> <span class='ocrx_word' id='word_1_458' title='bbox 3484 2952 3580 3004; x_wconf 75' lang='grc' dir='ltr'>καὶ</span> 
     </span>
    </p>
   </div>
   <div class='ocr_carea' id='block_1_60' title="bbox 1994 3047 3572 3120">
    <p class='ocr_par' dir='ltr' id='par_1_60' title="bbox 1994 3047 3572 3120">
     <span class='ocr_line' id='line_1_60' title="bbox 1994 3047 3572 3120; baseline -0.006 -15"><span class='ocrx_word' id='word_1_459' title='bbox 1994 3052 2157 3105; x_wconf 86' lang='grc' dir='ltr'>πλέον</span> <span class='ocrx_word' id='word_1_460' title='bbox 2209 3051 2243 3120; x_wconf 81' lang='grc' dir='ltr'>ἢ</span> <span class='ocrx_word' id='word_1_461' title='bbox 2291 3051 2389 3104; x_wconf 78' lang='grc' dir='ltr'>σὺν</span> <span class='ocrx_word' id='word_1_462' title='bbox 2421 3049 2514 3103; x_wconf 85' lang='grc' dir='ltr'>δύο</span> <span class='ocrx_word' id='word_1_463' title='bbox 2550 3048 2777 3102; x_wconf 78' lang='grc' dir='ltr'>τοιαῦτα</span> <span class='ocrx_word' id='word_1_464' title='bbox 2826 3049 2976 3118; x_wconf 88' lang='grc' dir='ltr'>πάθη</span> <span class='ocrx_word' id='word_1_465' title='bbox 3026 3047 3406 3118; x_wconf 87' lang='grc' dir='ltr'>συμϐαίνοντα</span> <span class='ocrx_word' id='word_1_466' title='bbox 3454 3047 3572 3106; x_wconf 82' lang='grc' dir='ltr'>τοῖς</span> 
     </span>
    </p>
   </div>
   <div class='ocr_carea' id='block_1_61' title="bbox 388 3135 3577 3224">
    <p class='ocr_par' dir='ltr' id='par_1_61' title="bbox 388 3135 3577 3224">
     <span class='ocr_line' id='line_1_61' title="bbox 388 3135 3577 3224; baseline -0.003 -26"><span class='ocrx_word' id='word_1_467' title='bbox 388 3144 528 3199; x_wconf 80' lang='grc' dir='ltr'>Ἀλλ’</span> <span class='ocrx_word' id='word_1_468' title='bbox 558 3144 612 3197; x_wconf 87' lang='grc' dir='ltr'>εί</span> <span class='ocrx_word' id='word_1_469' title='bbox 636 3145 743 3215; x_wconf 89' lang='grc' dir='ltr'>πέρ</span> <span class='ocrx_word' id='word_1_470' title='bbox 771 3160 876 3207; x_wconf 87' lang='grc' dir='ltr'>τις,</span> <span class='ocrx_word' id='word_1_471' title='bbox 911 3146 937 3196; x_wconf 89' lang='grc' dir='ltr'>ὀ</span> <span class='ocrx_word' id='word_1_472' title='bbox 959 3143 1132 3212; x_wconf 85' lang='grc' dir='ltr'>μέγας</span> <span class='ocrx_word' id='word_1_473' title='bbox 1161 3135 1321 3206; x_wconf 80' lang='grc' dir='ltr'>οὕτος</span> <span class='ocrx_word' id='word_1_474' title='bbox 1350 3143 1502 3211; x_wconf 74' lang='grc' dir='ltr'>ἥρως</span> <span class='ocrx_word' id='word_1_475' title='bbox 1533 3144 1598 3211; x_wconf 80' lang='grc' dir='ltr'>τῇ</span> <span class='ocrx_word' id='word_1_476' title='bbox 1627 3142 1886 3213; x_wconf 86' lang='grc' dir='ltr'>ποιητικῇ</span> <span class='ocrx_word' id='word_1_477' title='bbox 1920 3167 1963 3224; x_wconf 77' lang='lat' dir='ltr'>c</span> <span class='ocrx_word' id='word_1_478' title='bbox 1997 3142 2307 3213; x_wconf 83' lang='grc' dir='ltr'>ἀνθρώποις</span> <span class='ocrx_word' id='word_1_479' title='bbox 2331 3160 2346 3174; x_wconf 85' lang='grc'>·</span> <span class='ocrx_word' id='word_1_480' title='bbox 2379 3143 2474 3196; x_wconf 81' lang='grc' dir='ltr'>καὶ</span> <span class='ocrx_word' id='word_1_481' title='bbox 2521 3142 2699 3206; x_wconf 76' lang='grc' dir='ltr'>οὐδεὶς</span> <span class='ocrx_word' id='word_1_482' title='bbox 2733 3141 2857 3194; x_wconf 86' lang='grc' dir='ltr'>οὕτε</span> <span class='ocrx_word' id='word_1_483' title='bbox 2901 3142 2997 3195; x_wconf 81' lang='grc' dir='ltr'>τοῦ</span> <span class='ocrx_word' id='word_1_484' title='bbox 3054 3141 3290 3210; x_wconf 86' lang='grc' dir='ltr'>πάσχειν</span> <span class='ocrx_word' id='word_1_485' title='bbox 3321 3137 3446 3193; x_wconf 86' lang='grc' dir='ltr'>οὕτε</span> <span class='ocrx_word' id='word_1_486' title='bbox 3481 3137 3577 3190; x_wconf 87' lang='grc' dir='ltr'>τοῦ</span> 
     </span>
    </p>
   </div>
   <div class='ocr_carea' id='block_1_62' title="bbox 317 3232 1891 3310">
    <p class='ocr_par' dir='ltr' id='par_1_62' title="bbox 317 3232 1891 3310">
     <span class='ocr_line' id='line_1_62' title="bbox 317 3232 1891 3310; baseline -0.004 -19"><span class='ocrx_word' id='word_1_487' title='bbox 317 3238 493 3310; x_wconf 81' lang='grc' dir='ltr'>μούσῃ</span> <span class='ocrx_word' id='word_1_488' title='bbox 520 3236 891 3306; x_wconf 79' lang='grc' dir='ltr'>ἐξείργασται,</span> <span class='ocrx_word' id='word_1_489' title='bbox 919 3236 1015 3287; x_wconf 86' lang='grc' dir='ltr'>καὶ</span> <span class='ocrx_word' id='word_1_490' title='bbox 1046 3236 1164 3287; x_wconf 87' lang='grc' dir='ltr'>τόδε</span> <span class='ocrx_word' id='word_1_491' title='bbox 1213 3234 1358 3305; x_wconf 86' lang='grc' dir='ltr'>μάλα</span> <span class='ocrx_word' id='word_1_492' title='bbox 1398 3234 1748 3302; x_wconf 79' lang='grc' dir='ltr'>ἐξείργασται</span> <span class='ocrx_word' id='word_1_493' title='bbox 1777 3232 1891 3286; x_wconf 81' lang='grc' dir='ltr'>ῶσ-</span> 
     </span>
    </p>
   </div>
   <div class='ocr_carea' id='block_1_63' title="bbox 318 3326 1894 3402">
    <p class='ocr_par' dir='ltr' id='par_1_63' title="bbox 318 3326 1894 3402">
     <span class='ocr_line' id='line_1_63' title="bbox 318 3326 1894 3402; baseline -0.004 -17"><span class='ocrx_word' id='word_1_494' title='bbox 318 3348 425 3402; x_wconf 91' lang='grc' dir='ltr'>περ</span> <span class='ocrx_word' id='word_1_495' title='bbox 455 3348 507 3384; x_wconf 93' lang='grc' dir='ltr'>τι</span> <span class='ocrx_word' id='word_1_496' title='bbox 546 3329 779 3398; x_wconf 83' lang='grc' dir='ltr'>μάθημα</span> <span class='ocrx_word' id='word_1_497' title='bbox 808 3326 950 3381; x_wconf 84' lang='grc' dir='ltr'>θεῖον</span> <span class='ocrx_word' id='word_1_498' title='bbox 994 3329 1108 3390; x_wconf 86' lang='grc' dir='ltr'>τοῖς</span> <span class='ocrx_word' id='word_1_499' title='bbox 1151 3327 1464 3398; x_wconf 85' lang='grc' dir='ltr'>ἀνθρώποις</span> <span class='ocrx_word' id='word_1_500' title='bbox 1514 3326 1771 3379; x_wconf 83' lang='grc' dir='ltr'>ἐνθεῖναι·</span> <span class='ocrx_word' id='word_1_501' title='bbox 1807 3326 1894 3379; x_wconf 80' lang='grc' dir='ltr'>ἵνα</span> 
     </span>
    </p>
   </div>
   <div class='ocr_carea' id='block_1_64' title="bbox 314 3418 1895 3493">
    <p class='ocr_par' dir='ltr' id='par_1_64' title="bbox 314 3418 1895 3493">
     <span class='ocr_line' id='line_1_64' title="bbox 314 3418 1895 3493; baseline -0.003 -16"><span class='ocrx_word' id='word_1_502' title='bbox 314 3422 559 3493; x_wconf 86' lang='grc' dir='ltr'>δηλονότι</span> <span class='ocrx_word' id='word_1_503' title='bbox 603 3422 741 3491; x_wconf 80' lang='grc' dir='ltr'>πρὸς</span> <span class='ocrx_word' id='word_1_504' title='bbox 769 3422 841 3473; x_wconf 71' lang='grc' dir='ltr'>τὰ</span> <span class='ocrx_word' id='word_1_505' title='bbox 872 3419 1268 3490; x_wconf 83' lang='grc' dir='ltr'>συμπίπτοντα</span> <span class='ocrx_word' id='word_1_506' title='bbox 1309 3422 1462 3491; x_wconf 89' lang='grc' dir='ltr'>παρά</span> <span class='ocrx_word' id='word_1_507' title='bbox 1493 3418 1596 3488; x_wconf 89' lang='grc' dir='ltr'>τῆς</span> <span class='ocrx_word' id='word_1_508' title='bbox 1630 3419 1764 3489; x_wconf 89' lang='grc' dir='ltr'>ὕλης</span> <span class='ocrx_word' id='word_1_509' title='bbox 1796 3420 1895 3472; x_wconf 76' lang='grc' dir='ltr'>καὶ</span> 
     </span>
    </p>
   </div>
   <div class='ocr_carea' id='block_1_65' title="bbox 312 3511 1895 3585">
    <p class='ocr_par' dir='ltr' id='par_1_65' title="bbox 312 3511 1895 3585">
     <span class='ocr_line' id='line_1_65' title="bbox 312 3511 1895 3585; baseline -0.004 -16"><span class='ocrx_word' id='word_1_510' title='bbox 312 3516 422 3569; x_wconf 86' lang='grc' dir='ltr'>τῶν</span> <span class='ocrx_word' id='word_1_511' title='bbox 450 3514 557 3581; x_wconf 79' lang='grc' dir='ltr'>ἔξω</span> <span class='ocrx_word' id='word_1_512' title='bbox 598 3512 971 3585; x_wconf 85' lang='grc' dir='ltr'>πραγμάτων,</span> <span class='ocrx_word' id='word_1_513' title='bbox 1010 3513 1111 3565; x_wconf 88' lang='grc' dir='ltr'>ὅσα</span> <span class='ocrx_word' id='word_1_514' title='bbox 1167 3511 1306 3583; x_wconf 79' lang='grc' dir='ltr'>τύχῃ</span> <span class='ocrx_word' id='word_1_515' title='bbox 1354 3513 1466 3565; x_wconf 72' lang='grc' dir='ltr'>τινὶ</span> <span class='ocrx_word' id='word_1_516' title='bbox 1518 3514 1614 3565; x_wconf 71' lang='grc' dir='ltr'>καὶ</span> <span class='ocrx_word' id='word_1_517' title='bbox 1657 3513 1895 3583; x_wconf 81' lang='grc' dir='ltr'>πονηρίᾳ</span> 
     </span>
    </p>
   </div>
   <div class='ocr_carea' id='block_1_66' title="bbox 316 3604 1894 3680">
    <p class='ocr_par' dir='ltr' id='par_1_66' title="bbox 316 3604 1894 3680">
     <span class='ocr_line' id='line_1_66' title="bbox 316 3604 1894 3680; baseline -0.004 -15"><span class='ocrx_word' id='word_1_518' title='bbox 316 3607 642 3680; x_wconf 78' lang='grc' dir='ltr'>ἀνθρώπων,</span> <span class='ocrx_word' id='word_1_519' title='bbox 671 3606 767 3660; x_wconf 77' lang='grc' dir='ltr'>καὶ</span> <span class='ocrx_word' id='word_1_520' title='bbox 795 3606 861 3679; x_wconf 84' lang='grc' dir='ltr'>δὴ</span> <span class='ocrx_word' id='word_1_521' title='bbox 898 3607 991 3660; x_wconf 72' lang='grc' dir='ltr'>καὶ</span> <span class='ocrx_word' id='word_1_522' title='bbox 1016 3604 1245 3675; x_wconf 86' lang='grc' dir='ltr'>γνώμης</span> <span class='ocrx_word' id='word_1_523' title='bbox 1286 3604 1586 3675; x_wconf 82' lang='grc' dir='ltr'>φαυλότητι</span> <span class='ocrx_word' id='word_1_524' title='bbox 1631 3606 1730 3675; x_wconf 84' lang='grc' dir='ltr'>τῆς</span> <span class='ocrx_word' id='word_1_525' title='bbox 1765 3622 1894 3673; x_wconf 86' lang='grc' dir='ltr'>σφε-</span> 
     </span>
    </p>
   </div>
   <div class='ocr_carea' id='block_1_67' title="bbox 316 3698 1892 3775">
    <p class='ocr_par' dir='ltr' id='par_1_67' title="bbox 316 3698 1892 3775">
     <span class='ocr_line' id='line_1_67' title="bbox 316 3698 1892 3775; baseline -0.003 -19"><span class='ocrx_word' id='word_1_526' title='bbox 316 3703 503 3775; x_wconf 84' lang='grc' dir='ltr'>τέρας,</span> <span class='ocrx_word' id='word_1_527' title='bbox 539 3701 632 3755; x_wconf 76' lang='grc' dir='ltr'>καὶ</span> <span class='ocrx_word' id='word_1_528' title='bbox 658 3698 871 3771; x_wconf 78' lang='grc' dir='ltr'>ἀμαθίᾳ</span> <span class='ocrx_word' id='word_1_529' title='bbox 903 3700 1056 3753; x_wconf 85' lang='grc' dir='ltr'>τουτὶ</span> <span class='ocrx_word' id='word_1_530' title='bbox 1084 3698 1164 3753; x_wconf 90' lang='grc' dir='ltr'>δεῖ</span> <span class='ocrx_word' id='word_1_531' title='bbox 1191 3701 1370 3752; x_wconf 88' lang='grc' dir='ltr'>ποιεῖν</span> <span class='ocrx_word' id='word_1_532' title='bbox 1411 3698 1604 3761; x_wconf 82' lang='grc' dir='ltr'>κακῶς</span> <span class='ocrx_word' id='word_1_533' title='bbox 1653 3699 1892 3769; x_wconf 85' lang='grc' dir='ltr'>μάλιστα</span> 
     </span>
    </p>
   </div>
   <div class='ocr_carea' id='block_1_68' title="bbox 318 3789 1895 3867">
    <p class='ocr_par' dir='ltr' id='par_1_68' title="bbox 318 3789 1895 3867">
     <span class='ocr_line' id='line_1_68' title="bbox 318 3789 1895 3867; baseline -0.003 -19"><span class='ocrx_word' id='word_1_534' title='bbox 318 3796 627 3867; x_wconf 87' lang='grc' dir='ltr'>πάσχομεν,</span> <span class='ocrx_word' id='word_1_535' title='bbox 679 3793 966 3864; x_wconf 86' lang='grc' dir='ltr'>φρονίμως</span> <span class='ocrx_word' id='word_1_536' title='bbox 1020 3791 1169 3861; x_wconf 86' lang='grc' dir='ltr'>μάλα</span> <span class='ocrx_word' id='word_1_537' title='bbox 1217 3793 1314 3844; x_wconf 75' lang='grc' dir='ltr'>καὶ</span> <span class='ocrx_word' id='word_1_538' title='bbox 1354 3789 1752 3861; x_wconf 72' lang='grc' dir='ltr'>μεγαλοψύχως</span> <span class='ocrx_word' id='word_1_539' title='bbox 1803 3795 1895 3844; x_wconf 76' lang='grc' dir='ltr'>καὶ</span> 
     </span>
    </p>
   </div>
   <div class='ocr_carea' id='block_1_69' title="bbox 318 3883 1890 3958">
    <p class='ocr_par' dir='ltr' id='par_1_69' title="bbox 318 3883 1890 3958">
     <span class='ocr_line' id='line_1_69' title="bbox 318 3883 1890 3958; baseline -0.003 -17"><span class='ocrx_word' id='word_1_540' title='bbox 318 3888 588 3958; x_wconf 84' lang='grc' dir='ltr'>γενναίως</span> <span class='ocrx_word' id='word_1_541' title='bbox 651 3884 987 3955; x_wconf 87' lang='grc' dir='ltr'>ἀπαντῶμεν</span> <span class='ocrx_word' id='word_1_542' title='bbox 1018 3902 1031 3915; x_wconf 89' lang='grc'>·</span> <span class='ocrx_word' id='word_1_543' title='bbox 1067 3883 1187 3938; x_wconf 84' lang='grc' dir='ltr'>ἀλλ’</span> <span class='ocrx_word' id='word_1_544' title='bbox 1246 3884 1516 3952; x_wconf 79' lang='grc' dir='ltr'>οὐμενοῦν</span> <span class='ocrx_word' id='word_1_545' title='bbox 1567 3884 1890 3955; x_wconf 81' lang='grc' dir='ltr'>ἐκδιδῶμεν,</span> 
     </span>
    </p>
   </div>
   <div class='ocr_carea' id='block_1_70' title="bbox 313 3976 1893 4049">
    <p class='ocr_par' dir='ltr' id='par_1_70' title="bbox 313 3976 1893 4049">
     <span class='ocr_line' id='line_1_70' title="bbox 313 3976 1893 4049; baseline -0.003 -14"><span class='ocrx_word' id='word_1_546' title='bbox 313 3982 435 4035; x_wconf 75' lang='grc' dir='ltr'>οὐδὲ</span> <span class='ocrx_word' id='word_1_547' title='bbox 482 3977 976 4049; x_wconf 88' lang='grc' dir='ltr'>καταπροδιδῶμεν</span> <span class='ocrx_word' id='word_1_548' title='bbox 1006 3978 1065 4030; x_wconf 82' lang='grc' dir='ltr'>τὸ</span> <span class='ocrx_word' id='word_1_549' title='bbox 1094 3977 1194 4047; x_wconf 88' lang='grc' dir='ltr'>τῆς</span> <span class='ocrx_word' id='word_1_550' title='bbox 1231 3976 1447 4046; x_wconf 85' lang='grc' dir='ltr'>φύσεως</span> <span class='ocrx_word' id='word_1_551' title='bbox 1476 3976 1721 4047; x_wconf 84' lang='grc' dir='ltr'>ἀξίωμα,</span> <span class='ocrx_word' id='word_1_552' title='bbox 1753 3996 1893 4047; x_wconf 79' lang='grc' dir='ltr'>συμο</span> 
     </span>
    </p>
   </div>
   <div class='ocr_carea' id='block_1_71' title="bbox 317 4069 1895 4142">
    <p class='ocr_par' dir='ltr' id='par_1_71' title="bbox 317 4069 1895 4142">
     <span class='ocr_line' id='line_1_71' title="bbox 317 4069 1895 4142; baseline -0.002 -16"><span class='ocrx_word' id='word_1_553' title='bbox 317 4071 790 4142; x_wconf 85' lang='grc' dir='ltr'>μεταϐαλλόμενοι</span> <span class='ocrx_word' id='word_1_554' title='bbox 822 4072 937 4133; x_wconf 89' lang='grc' dir='ltr'>τοῖς</span> <span class='ocrx_word' id='word_1_555' title='bbox 970 4069 1281 4138; x_wconf 80' lang='grc' dir='ltr'>γινομένοις</span> <span class='ocrx_word' id='word_1_556' title='bbox 1314 4070 1577 4123; x_wconf 81' lang='grc' dir='ltr'>ἑκάστοτε</span> <span class='ocrx_word' id='word_1_557' title='bbox 1602 4109 1615 4132; x_wconf 92' lang='grc'>,</span> <span class='ocrx_word' id='word_1_558' title='bbox 1646 4071 1746 4124; x_wconf 70' lang='grc' dir='ltr'>καὶ</span> <span class='ocrx_word' id='word_1_559' title='bbox 1773 4070 1895 4123; x_wconf 91' lang='grc' dir='ltr'>τού-</span> 
     </span>
    </p>
   </div>
   <div class='ocr_carea' id='block_1_72' title="bbox 312 4159 1890 4234">
    <p class='ocr_par' dir='ltr' id='par_1_72' title="bbox 312 4159 1890 4234">
     <span class='ocr_line' id='line_1_72' title="bbox 312 4159 1890 4234; baseline -0.001 -16"><span class='ocrx_word' id='word_1_560' title='bbox 312 4183 423 4218; x_wconf 89' lang='grc' dir='ltr'>των</span> <span class='ocrx_word' id='word_1_561' title='bbox 450 4164 612 4217; x_wconf 86' lang='grc' dir='ltr'>πλέον</span> <span class='ocrx_word' id='word_1_562' title='bbox 638 4165 753 4226; x_wconf 90' lang='grc' dir='ltr'>τοῖς</span> <span class='ocrx_word' id='word_1_563' title='bbox 780 4160 1123 4231; x_wconf 87' lang='grc' dir='ltr'>ἀϐουλήτοις.</span> <span class='ocrx_word' id='word_1_564' title='bbox 1149 4159 1271 4215; x_wconf 79' lang='grc' dir='ltr'>Εἷδε</span> <span class='ocrx_word' id='word_1_565' title='bbox 1297 4164 1403 4231; x_wconf 74' lang='grc' dir='ltr'>γάρ</span> <span class='ocrx_word' id='word_1_566' title='bbox 1440 4164 1502 4215; x_wconf 84' lang='grc' dir='ltr'>ὲκ</span> <span class='ocrx_word' id='word_1_567' title='bbox 1531 4163 1635 4233; x_wconf 89' lang='grc' dir='ltr'>τῆς</span> <span class='ocrx_word' id='word_1_568' title='bbox 1665 4165 1890 4234; x_wconf 84' lang='grc' dir='ltr'>πείρας,</span> 
     </span>
    </p>
   </div>
   <div class='ocr_carea' id='block_1_73' title="bbox 313 4251 1893 4325">
    <p class='ocr_par' dir='ltr' id='par_1_73' title="bbox 313 4251 1893 4325">
     <span class='ocr_line' id='line_1_73' title="bbox 313 4251 1893 4325; baseline 0 -17"><span class='ocrx_word' id='word_1_569' title='bbox 313 4251 426 4309; x_wconf 69' lang='grc' dir='ltr'>οἷον</span> <span class='ocrx_word' id='word_1_570' title='bbox 464 4255 706 4325; x_wconf 87' lang='grc' dir='ltr'>μάλιστα</span> <span class='ocrx_word' id='word_1_571' title='bbox 770 4254 881 4308; x_wconf 89' lang='grc' dir='ltr'>τῶν</span> <span class='ocrx_word' id='word_1_572' title='bbox 940 4252 1119 4307; x_wconf 82' lang='grc' dir='ltr'>ἄλλων</span> <span class='ocrx_word' id='word_1_573' title='bbox 1169 4254 1358 4306; x_wconf 85' lang='grc' dir='ltr'>κακῶν</span> <span class='ocrx_word' id='word_1_574' title='bbox 1411 4254 1524 4317; x_wconf 85' lang='grc' dir='ltr'>τοῖς</span> <span class='ocrx_word' id='word_1_575' title='bbox 1584 4255 1893 4325; x_wconf 84' lang='grc' dir='ltr'>ἀνθρώποις</span> 
     </span>
    </p>
   </div>
   <div class='ocr_carea' id='block_1_74' title="bbox 313 4344 1890 4417">
    <p class='ocr_par' dir='ltr' id='par_1_74' title="bbox 313 4344 1890 4417">
     <span class='ocr_line' id='line_1_74' title="bbox 313 4344 1890 4417; baseline -0.001 -17"><span class='ocrx_word' id='word_1_576' title='bbox 313 4344 638 4417; x_wconf 70' lang='grc' dir='ltr'>ἐπηρεάζει,</span> <span class='ocrx_word' id='word_1_577' title='bbox 697 4347 792 4398; x_wconf 76' lang='grc' dir='ltr'>καὶ</span> <span class='ocrx_word' id='word_1_578' title='bbox 845 4344 983 4414; x_wconf 78' lang='grc' dir='ltr'>πρὸς</span> <span class='ocrx_word' id='word_1_579' title='bbox 1033 4345 1195 4398; x_wconf 84' lang='grc' dir='ltr'>ἐαυτδ</span> <span class='ocrx_word' id='word_1_580' title='bbox 1244 4345 1338 4398; x_wconf 78' lang='grc' dir='ltr'>τὸν</span> <span class='ocrx_word' id='word_1_581' title='bbox 1387 4346 1590 4416; x_wconf 84' lang='grc' dir='ltr'>τρόπον</span> <span class='ocrx_word' id='word_1_582' title='bbox 1621 4347 1890 4415; x_wconf 82' lang='grc' dir='ltr'>ἐξίστησι,</span> 
     </span>
    </p>
   </div>
   <div class='ocr_carea' id='block_1_75' title="bbox 316 4437 1891 4508">
    <p class='ocr_par' dir='ltr' id='par_1_75' title="bbox 316 4437 1891 4508">
     <span class='ocr_line' id='line_1_75' title="bbox 316 4437 1891 4508; baseline -0.001 -17"><span class='ocrx_word' id='word_1_583' title='bbox 316 4439 492 4507; x_wconf 83' lang='grc' dir='ltr'>συχνά</span> <span class='ocrx_word' id='word_1_584' title='bbox 525 4437 829 4507; x_wconf 87' lang='grc' dir='ltr'>συμϐαῖνον</span> <span class='ocrx_word' id='word_1_585' title='bbox 863 4438 924 4490; x_wconf 82' lang='grc' dir='ltr'>ἐκ</span> <span class='ocrx_word' id='word_1_586' title='bbox 955 4437 1252 4490; x_wconf 86' lang='grc' dir='ltr'>πολυειδῶν</span> <span class='ocrx_word' id='word_1_587' title='bbox 1280 4437 1392 4491; x_wconf 90' lang='grc' dir='ltr'>τῶν</span> <span class='ocrx_word' id='word_1_588' title='bbox 1426 4438 1635 4505; x_wconf 86' lang='grc' dir='ltr'>αἰτίων,</span> <span class='ocrx_word' id='word_1_589' title='bbox 1666 4440 1825 4491; x_wconf 89' lang='grc' dir='ltr'>ὁποία</span> <span class='ocrx_word' id='word_1_590' title='bbox 1858 4440 1891 4508; x_wconf 78' lang='grc' dir='ltr'>ἡ</span> 
     </span>
    </p>
   </div>
   <div class='ocr_carea' id='block_1_76' title="bbox 1999 3233 3577 3305">
    <p class='ocr_par' dir='ltr' id='par_1_76' title="bbox 1999 3233 3577 3305">
     <span class='ocr_line' id='line_1_76' title="bbox 1999 3233 3577 3305; baseline -0.004 -16"><span class='ocrx_word' id='word_1_591' title='bbox 1999 3233 2141 3290; x_wconf 77' lang='grc' dir='ltr'>εἶναι</span> <span class='ocrx_word' id='word_1_592' title='bbox 2192 3238 2361 3305; x_wconf 72' lang='grc' dir='ltr'>χωρὶς</span> <span class='ocrx_word' id='word_1_593' title='bbox 2398 3237 2649 3304; x_wconf 84' lang='grc' dir='ltr'>γέγονεν,</span> <span class='ocrx_word' id='word_1_594' title='bbox 2704 3235 2763 3300; x_wconf 85' lang='grc' dir='ltr'>ὃς</span> <span class='ocrx_word' id='word_1_595' title='bbox 2801 3234 2953 3288; x_wconf 84' lang='grc' dir='ltr'>ταῦτ’</span> <span class='ocrx_word' id='word_1_596' title='bbox 3000 3237 3210 3303; x_wconf 88' lang='grc' dir='ltr'>ἀγνοεῖ·</span> <span class='ocrx_word' id='word_1_597' title='bbox 3272 3233 3446 3295; x_wconf 80' lang='grc' dir='ltr'>ἄλλως</span> <span class='ocrx_word' id='word_1_598' title='bbox 3484 3248 3577 3294; x_wconf 88' lang='grc' dir='ltr'>-τε,</span> 
     </span>
    </p>
   </div>
   <div class='ocr_carea' id='block_1_77' title="bbox 1997 3324 3578 3399">
    <p class='ocr_par' dir='ltr' id='par_1_77' title="bbox 1997 3324 3578 3399">
     <span class='ocr_line' id='line_1_77' title="bbox 1997 3324 3578 3399; baseline -0.008 -14"><span class='ocrx_word' id='word_1_599' title='bbox 1997 3328 2144 3385; x_wconf 75' lang='grc' dir='ltr'>τοῦτ’</span> <span class='ocrx_word' id='word_1_600' title='bbox 2173 3331 2240 3382; x_wconf 82' lang='grc' dir='ltr'>ἂν</span> <span class='ocrx_word' id='word_1_601' title='bbox 2264 3330 2295 3399; x_wconf 87' lang='grc' dir='ltr'>ἢ</span> <span class='ocrx_word' id='word_1_602' title='bbox 2328 3330 2431 3398; x_wconf 90' lang='grc' dir='ltr'>τῆς</span> <span class='ocrx_word' id='word_1_603' title='bbox 2460 3329 2756 3399; x_wconf 80' lang='grc' dir='ltr'>ποιητικῆς</span> <span class='ocrx_word' id='word_1_604' title='bbox 2786 3328 3100 3399; x_wconf 82' lang='grc' dir='ltr'>ἐλευθερίας</span> <span class='ocrx_word' id='word_1_605' title='bbox 3128 3324 3196 3398; x_wconf 85' lang='grc' dir='ltr'>ῆν</span> <span class='ocrx_word' id='word_1_606' title='bbox 3226 3325 3364 3388; x_wconf 83' lang='grc' dir='ltr'>ὅλως</span> <span class='ocrx_word' id='word_1_607' title='bbox 3403 3325 3578 3389; x_wconf 79' lang='grc' dir='ltr'>ἀξιον,</span> 
     </span>
    </p>
   </div>
   <div class='ocr_carea' id='block_1_78' title="bbox 1998 3418 3581 3491">
    <p class='ocr_par' dir='ltr' id='par_1_78' title="bbox 1998 3418 3581 3491">
     <span class='ocr_line' id='line_1_78' title="bbox 1998 3418 3581 3491; baseline -0.003 -17"><span class='ocrx_word' id='word_1_608' title='bbox 1998 3421 2140 3475; x_wconf 83' lang='grc' dir='ltr'>ὥστε</span> <span class='ocrx_word' id='word_1_609' title='bbox 2209 3420 2423 3475; x_wconf 86' lang='grc' dir='ltr'>τοιοῦτό</span> <span class='ocrx_word' id='word_1_610' title='bbox 2469 3439 2523 3473; x_wconf 92' lang='grc' dir='ltr'>τι</span> <span class='ocrx_word' id='word_1_611' title='bbox 2586 3423 2717 3491; x_wconf 84' lang='grc' dir='ltr'>περὶ</span> <span class='ocrx_word' id='word_1_612' title='bbox 2777 3418 2942 3473; x_wconf 83' lang='grc' dir='ltr'>αὑτοῦ</span> <span class='ocrx_word' id='word_1_613' title='bbox 2994 3420 3338 3489; x_wconf 91' lang='grc' dir='ltr'>λογίσασθαι,</span> <span class='ocrx_word' id='word_1_614' title='bbox 3392 3418 3426 3488; x_wconf 83' lang='grc' dir='ltr'>ἢ</span> <span class='ocrx_word' id='word_1_615' title='bbox 3480 3420 3581 3484; x_wconf 88' lang='grc' dir='ltr'>τῆς</span> 
     </span>
    </p>
   </div>
   <div class='ocr_carea' id='block_1_79' title="bbox 1998 3505 3581 3583">
    <p class='ocr_par' dir='ltr' id='par_1_79' title="bbox 1998 3505 3581 3583">
     <span class='ocr_line' id='line_1_79' title="bbox 1998 3505 3581 3583; baseline -0.004 -15"><span class='ocrx_word' id='word_1_616' title='bbox 1998 3513 2257 3582; x_wconf 82' lang='grc' dir='ltr'>ἀληθείας</span> <span class='ocrx_word' id='word_1_617' title='bbox 2298 3515 2469 3582; x_wconf 82' lang='grc' dir='ltr'>αὐτῆς</span> <span class='ocrx_word' id='word_1_618' title='bbox 2514 3516 2607 3568; x_wconf 74' lang='grc' dir='ltr'>καὶ</span> <span class='ocrx_word' id='word_1_619' title='bbox 2652 3513 2748 3568; x_wconf 84' lang='grc' dir='ltr'>τοῦ</span> <span class='ocrx_word' id='word_1_620' title='bbox 2794 3515 3132 3583; x_wconf 89' lang='grc' dir='ltr'>πράγματος</span> <span class='ocrx_word' id='word_1_621' title='bbox 3156 3552 3172 3578; x_wconf 95' lang='grc'>,</span> <span class='ocrx_word' id='word_1_622' title='bbox 3206 3513 3265 3564; x_wconf 85' lang='grc' dir='ltr'>ἐν</span> <span class='ocrx_word' id='word_1_623' title='bbox 3304 3505 3347 3579; x_wconf 84' lang='grc' dir='ltr'><strong>ᾧ</strong></span> <span class='ocrx_word' id='word_1_624' title='bbox 3378 3512 3581 3570; x_wconf 78' lang='grc' dir='ltr'>πάντες</span> 
     </span>
    </p>
   </div>
   <div class='ocr_carea' id='block_1_80' title="bbox 2001 3604 3583 3674">
    <p class='ocr_par' dir='ltr' id='par_1_80' title="bbox 2001 3604 3583 3674">
     <span class='ocr_line' id='line_1_80' title="bbox 2001 3604 3583 3674; baseline -0.003 -17"><span class='ocrx_word' id='word_1_625' title='bbox 2001 3606 2159 3673; x_wconf 85' lang='grc' dir='ltr'>ίσμεν</span> <span class='ocrx_word' id='word_1_626' title='bbox 2188 3606 2450 3659; x_wconf 83' lang='grc' dir='ltr'>Ὀδυσσέα</span> <span class='ocrx_word' id='word_1_627' title='bbox 2483 3605 2608 3658; x_wconf 81' lang='grc' dir='ltr'>τινὰ</span> <span class='ocrx_word' id='word_1_628' title='bbox 2656 3605 3048 3674; x_wconf 90' lang='grc' dir='ltr'>πολυμήχανον</span> <span class='ocrx_word' id='word_1_629' title='bbox 3081 3604 3369 3672; x_wconf 79' lang='grc' dir='ltr'>ἄνθρωπον</span> <span class='ocrx_word' id='word_1_630' title='bbox 3419 3619 3583 3670; x_wconf 86' lang='grc' dir='ltr'>γεγο-</span> 
     </span>
    </p>
   </div>
   <div class='ocr_carea' id='block_1_81' title="bbox 1996 3693 3580 3767">
    <p class='ocr_par' dir='ltr' id='par_1_81' title="bbox 1996 3693 3580 3767">
     <span class='ocr_line' id='line_1_81' title="bbox 1996 3693 3580 3767; baseline -0.004 -16"><span class='ocrx_word' id='word_1_631' title='bbox 1996 3698 2147 3763; x_wconf 90' lang='grc' dir='ltr'>νότα,</span> <span class='ocrx_word' id='word_1_632' title='bbox 2184 3697 2416 3767; x_wconf 87' lang='grc' dir='ltr'>βασιλέα</span> <span class='ocrx_word' id='word_1_633' title='bbox 2473 3694 2693 3767; x_wconf 83' lang='grc' dir='ltr'>Ἰθάκης</span> <span class='ocrx_word' id='word_1_634' title='bbox 2744 3697 2842 3749; x_wconf 77' lang='grc' dir='ltr'>καὶ</span> <span class='ocrx_word' id='word_1_635' title='bbox 2900 3693 3580 3764; x_wconf 85' lang='grc' dir='ltr'>Κεφαλλήνων,.προσέτι</span> 
     </span>
    </p>
   </div>
   <div class='ocr_carea' id='block_1_82' title="bbox 1995 3786 3651 3865">
    <p class='ocr_par' dir='ltr' id='par_1_82' title="bbox 1995 3786 3651 3865">
     <span class='ocr_line' id='line_1_82' title="bbox 1995 3786 3651 3865; baseline -0.005 -17"><span class='ocrx_word' id='word_1_636' title='bbox 1995 3794 2089 3849; x_wconf 73' lang='grc' dir='ltr'>καὶ</span> <span class='ocrx_word' id='word_1_637' title='bbox 2128 3795 2344 3865; x_wconf 83' lang='grc' dir='ltr'>πατέρα</span> <span class='ocrx_word' id='word_1_638' title='bbox 2381 3792 2642 3861; x_wconf 85' lang='grc' dir='ltr'>Σίσυφον,</span> <span class='ocrx_word' id='word_1_639' title='bbox 2688 3795 2786 3846; x_wconf 78' lang='grc' dir='ltr'>καὶ</span> <span class='ocrx_word' id='word_1_640' title='bbox 2842 3792 3072 3845; x_wconf 84' lang='grc' dir='ltr'>πάππον</span> <span class='ocrx_word' id='word_1_641' title='bbox 3103 3791 3411 3842; x_wconf 77' lang='grc' dir='ltr'>Αὐτόλυκον</span> <span class='ocrx_word' id='word_1_642' title='bbox 3435 3803 3449 3817; x_wconf 80' lang='grc'>⁶</span> <span class='ocrx_word' id='word_1_643' title='bbox 3485 3786 3580 3851; x_wconf 81' lang='grc' dir='ltr'>οὕς</span> <span class='ocrx_word' id='word_1_644' title='bbox 3646 3852 3651 3855; x_wconf 90' lang='lat'><em>_</em></span> 
     </span>
    </p>
   </div>
   <div class='ocr_carea' id='block_1_83' title="bbox 1996 3880 3581 3955">
    <p class='ocr_par' dir='ltr' id='par_1_83' title="bbox 1996 3880 3581 3955">
     <span class='ocr_line' id='line_1_83' title="bbox 1996 3880 3581 3955; baseline -0.006 -15"><span class='ocrx_word' id='word_1_645' title='bbox 1996 3888 2092 3940; x_wconf 75' lang='grc' dir='ltr'>καὶ</span> <span class='ocrx_word' id='word_1_646' title='bbox 2123 3886 2279 3950; x_wconf 88' lang='grc' dir='ltr'>δίκας</span> <span class='ocrx_word' id='word_1_647' title='bbox 2324 3885 2497 3937; x_wconf 90' lang='grc' dir='ltr'>τίνειν</span> <span class='ocrx_word' id='word_1_648' title='bbox 2570 3885 2629 3936; x_wconf 84' lang='grc' dir='ltr'>ἐν</span> <span class='ocrx_word' id='word_1_649' title='bbox 2673 3881 2800 3955; x_wconf 73' lang='grc' dir='ltr'>ᾅδου</span> <span class='ocrx_word' id='word_1_650' title='bbox 2855 3882 2990 3950; x_wconf 72' lang='grc' dir='ltr'>φασὶ</span> <span class='ocrx_word' id='word_1_651' title='bbox 3044 3880 3332 3951; x_wconf 78' lang='grc' dir='ltr'>μοχθηρᾶς</span> <span class='ocrx_word' id='word_1_652' title='bbox 3392 3880 3581 3932; x_wconf 80' lang='grc' dir='ltr'>εἵνεκα</span> 
     </span>
    </p>
   </div>
   <div class='ocr_carea' id='block_1_84' title="bbox 1995 3974 3580 4049">
    <p class='ocr_par' dir='ltr' id='par_1_84' title="bbox 1995 3974 3580 4049">
     <span class='ocr_line' id='line_1_84' title="bbox 1995 3974 3580 4049; baseline -0.005 -18"><span class='ocrx_word' id='word_1_653' title='bbox 1995 3978 2245 4049; x_wconf 84' lang='grc' dir='ltr'>γνώμης·</span> <span class='ocrx_word' id='word_1_654' title='bbox 2279 3977 2374 4030; x_wconf 73' lang='grc' dir='ltr'>καὶ</span> <span class='ocrx_word' id='word_1_655' title='bbox 2414 3976 2478 4047; x_wconf 82' lang='grc' dir='ltr'>δὴ</span> <span class='ocrx_word' id='word_1_656' title='bbox 2527 3975 2625 4029; x_wconf 72' lang='grc' dir='ltr'>καὶ</span> <span class='ocrx_word' id='word_1_657' title='bbox 2648 3977 2888 4043; x_wconf 81' lang='grc' dir='ltr'>γυναῖκα</span> <span class='ocrx_word' id='word_1_658' title='bbox 2950 3974 3271 4045; x_wconf 87' lang='grc' dir='ltr'>Πηνελόπην</span> <span class='ocrx_word' id='word_1_659' title='bbox 3297 4014 3310 4037; x_wconf 89' lang='grc'>,</span> <span class='ocrx_word' id='word_1_660' title='bbox 3346 3974 3580 4043; x_wconf 85' lang='grc' dir='ltr'>ἀρίστην</span> 
     </span>
    </p>
   </div>
   <div class='ocr_carea' id='block_1_85' title="bbox 1995 4067 3576 4143">
    <p class='ocr_par' dir='ltr' id='par_1_85' title="bbox 1995 4067 3576 4143">
     <span class='ocr_line' id='line_1_85' title="bbox 1995 4067 3576 4143; baseline -0.006 -17"><span class='ocrx_word' id='word_1_661' title='bbox 1995 4075 2272 4143; x_wconf 77' lang='grc' dir='ltr'>γυναικῶν</span> <span class='ocrx_word' id='word_1_662' title='bbox 2301 4073 2398 4125; x_wconf 77' lang='grc' dir='ltr'>καὶ</span> <span class='ocrx_word' id='word_1_663' title='bbox 2436 4074 2695 4141; x_wconf 84' lang='grc' dir='ltr'>σώφρονα</span> <span class='ocrx_word' id='word_1_664' title='bbox 2758 4072 2855 4124; x_wconf 74' lang='grc' dir='ltr'>καὶ</span> <span class='ocrx_word' id='word_1_665' title='bbox 2904 4069 3176 4139; x_wconf 80' lang='grc' dir='ltr'>κοσμίαν·</span> <span class='ocrx_word' id='word_1_666' title='bbox 3233 4068 3328 4120; x_wconf 72' lang='grc' dir='ltr'>καὶ</span> <span class='ocrx_word' id='word_1_667' title='bbox 3362 4067 3576 4135; x_wconf 85' lang='grc' dir='ltr'>πατέρα</span> 
     </span>
    </p>
   </div>
   <div class='ocr_carea' id='block_1_86' title="bbox 1994 4161 3573 4237">
    <p class='ocr_par' dir='ltr' id='par_1_86' title="bbox 1994 4161 3573 4237">
     <span class='ocr_line' id='line_1_86' title="bbox 1994 4161 3573 4237; baseline -0.004 -18"><span class='ocrx_word' id='word_1_668' title='bbox 1994 4168 2201 4236; x_wconf 90' lang='grc' dir='ltr'>ταύτης</span> <span class='ocrx_word' id='word_1_669' title='bbox 2231 4165 2490 4237; x_wconf 85' lang='grc' dir='ltr'>Ἰκάριον,</span> <span class='ocrx_word' id='word_1_670' title='bbox 2541 4166 2637 4218; x_wconf 72' lang='grc' dir='ltr'>καὶ</span> <span class='ocrx_word' id='word_1_671' title='bbox 2682 4166 2799 4217; x_wconf 74' lang='grc' dir='ltr'>υἱὸν</span> <span class='ocrx_word' id='word_1_672' title='bbox 2831 4164 2887 4217; x_wconf 74' lang='grc' dir='ltr'>δὲ</span> <span class='ocrx_word' id='word_1_673' title='bbox 2931 4162 3195 4232; x_wconf 83' lang='grc' dir='ltr'>μονογενῆ</span> <span class='ocrx_word' id='word_1_674' title='bbox 3226 4161 3573 4230; x_wconf 81' lang='grc' dir='ltr'>Τηλέμαχον.</span> 
     </span>
    </p>
   </div>
   <div class='ocr_carea' id='block_1_87' title="bbox 1994 4249 3548 4326">
    <p class='ocr_par' dir='ltr' id='par_1_87' title="bbox 1994 4249 3548 4326">
     <span class='ocr_line' id='line_1_87' title="bbox 1994 4249 3548 4326; baseline -0.008 -11"><span class='ocrx_word' id='word_1_675' title='bbox 1994 4261 2057 4316; x_wconf 89' lang='grc' dir='ltr'>Εί</span> <span class='ocrx_word' id='word_1_676' title='bbox 2089 4260 2181 4313; x_wconf 85' lang='grc' dir='ltr'>τδν</span> <span class='ocrx_word' id='word_1_677' title='bbox 2214 4257 2476 4312; x_wconf 86' lang='grc' dir='ltr'>Ὀδυσσέα</span> <span class='ocrx_word' id='word_1_678' title='bbox 2520 4258 2748 4325; x_wconf 88' lang='grc' dir='ltr'>πλάσμα</span> <span class='ocrx_word' id='word_1_679' title='bbox 2784 4256 3011 4326; x_wconf 87' lang='grc' dir='ltr'>δοίημεν</span> <span class='ocrx_word' id='word_1_680' title='bbox 3048 4249 3189 4308; x_wconf 76' lang='grc' dir='ltr'>εἶναι</span> <span class='ocrx_word' id='word_1_681' title='bbox 3220 4254 3299 4322; x_wconf 79' lang='grc' dir='ltr'>τῷ</span> <span class='ocrx_word' id='word_1_682' title='bbox 3347 4256 3548 4320; x_wconf 73' lang='grc' dir='ltr'>ποιητῆ</span> 
     </span>
    </p>
   </div>
   <div class='ocr_carea' id='block_1_88' title="bbox 1995 4343 3577 4417">
    <p class='ocr_par' dir='ltr' id='par_1_88' title="bbox 1995 4343 3577 4417">
     <span class='ocr_line' id='line_1_88' title="bbox 1995 4343 3577 4417; baseline -0.003 -16"><span class='ocrx_word' id='word_1_683' title='bbox 1995 4348 2113 4411; x_wconf 88' lang='grc' dir='ltr'>πῶς</span> <span class='ocrx_word' id='word_1_684' title='bbox 2151 4347 2327 4400; x_wconf 85' lang='grc' dir='ltr'>ταῦτα</span> <span class='ocrx_word' id='word_1_685' title='bbox 2352 4346 2528 4414; x_wconf 86' lang='grc' dir='ltr'>τούτῳ</span> <span class='ocrx_word' id='word_1_686' title='bbox 2558 4346 2940 4417; x_wconf 87' lang='grc' dir='ltr'>συμϐήσεται,</span> <span class='ocrx_word' id='word_1_687' title='bbox 2970 4346 3068 4399; x_wconf 74' lang='grc' dir='ltr'>καὶ</span> <span class='ocrx_word' id='word_1_688' title='bbox 3096 4344 3275 4414; x_wconf 82' lang='grc' dir='ltr'>πολλῷ</span> <span class='ocrx_word' id='word_1_689' title='bbox 3305 4344 3360 4396; x_wconf 76' lang='grc' dir='ltr'>δὲ</span> <span class='ocrx_word' id='word_1_690' title='bbox 3394 4343 3577 4396; x_wconf 75' lang='grc' dir='ltr'>πλειο-</span> 
     </span>
    </p>
   </div>
   <div class='ocr_carea' id='block_1_89' title="bbox 1996 4436 3579 4507">
    <p class='ocr_par' dir='ltr' id='par_1_89' title="bbox 1996 4436 3579 4507">
     <span class='ocr_line' id='line_1_89' title="bbox 1996 4436 3579 4507; baseline -0.003 -13"><span class='ocrx_word' id='word_1_691' title='bbox 1996 4458 2064 4494; x_wconf 91' lang='grc' dir='ltr'>να</span> <span class='ocrx_word' id='word_1_692' title='bbox 2098 4438 2305 4492; x_wconf 84' lang='grc' dir='ltr'>τούτων</span> <span class='ocrx_word' id='word_1_693' title='bbox 2342 4438 2589 4505; x_wconf 85' lang='grc' dir='ltr'>ὀνόματά</span> <span class='ocrx_word' id='word_1_694' title='bbox 2634 4454 2694 4490; x_wconf 90' lang='grc' dir='ltr'>τε</span> <span class='ocrx_word' id='word_1_695' title='bbox 2743 4437 2838 4490; x_wconf 79' lang='grc' dir='ltr'>καὶ</span> <span class='ocrx_word' id='word_1_696' title='bbox 2900 4438 3247 4507; x_wconf 79' lang='grc' dir='ltr'>πράγματας</span> <span class='ocrx_word' id='word_1_697' title='bbox 3284 4437 3346 4488; x_wconf 67' lang='lat' dir='ltr'>Et</span> <span class='ocrx_word' id='word_1_698' title='bbox 3388 4436 3445 4488; x_wconf 81' lang='grc' dir='ltr'>δὲ</span> <span class='ocrx_word' id='word_1_699' title='bbox 3483 4436 3579 4489; x_wconf 75' lang='grc' dir='ltr'>καὶ</span> 
     </span>
    </p>
   </div>
   <div class='ocr_carea' id='block_1_90' title="bbox 313 4523 3576 4602">
    <p class='ocr_par' dir='ltr' id='par_1_90' title="bbox 313 4523 3576 4602">
     <span class='ocr_line' id='line_1_90' title="bbox 313 4523 3576 4602; baseline -0 -19"><span class='ocrx_word' id='word_1_700' title='bbox 313 4531 656 4600; x_wconf 75' lang='grc' dir='ltr'>πολύτροπος</span> <span class='ocrx_word' id='word_1_701' title='bbox 695 4530 807 4582; x_wconf 91' lang='grc' dir='ltr'>τῶν</span> <span class='ocrx_word' id='word_1_702' title='bbox 847 4532 1199 4599; x_wconf 75' lang='grc' dir='ltr'>πραγμάτων</span> <span class='ocrx_word' id='word_1_703' title='bbox 1244 4531 1466 4601; x_wconf 82' lang='grc' dir='ltr'>κίνησις</span> <span class='ocrx_word' id='word_1_704' title='bbox 1498 4530 1737 4600; x_wconf 79' lang='grc' dir='ltr'>δαψιλῶς</span> <span class='ocrx_word' id='word_1_705' title='bbox 1772 4534 1893 4585; x_wconf 80' lang='grc' dir='ltr'>ὲπι-</span> <span class='ocrx_word' id='word_1_706' title='bbox 1926 4523 1967 4575; x_wconf 81' lang='grc' dir='ltr'>Ῑ)</span> <span class='ocrx_word' id='word_1_707' title='bbox 1999 4533 2227 4602; x_wconf 86' lang='grc' dir='ltr'>δοίημεν</span> <span class='ocrx_word' id='word_1_708' title='bbox 2255 4530 2412 4594; x_wconf 86' lang='grc' dir='ltr'>ὅλως,</span> <span class='ocrx_word' id='word_1_709' title='bbox 2444 4531 2539 4582; x_wconf 77' lang='grc' dir='ltr'>καὶ</span> <span class='ocrx_word' id='word_1_710' title='bbox 2577 4528 2745 4599; x_wconf 85' lang='grc' dir='ltr'>λῆρος</span> <span class='ocrx_word' id='word_1_711' title='bbox 2781 4532 2967 4583; x_wconf 88' lang='grc' dir='ltr'>ἐκεῖνα</span> <span class='ocrx_word' id='word_1_712' title='bbox 3008 4529 3166 4583; x_wconf 84' lang='grc' dir='ltr'>πάντ’</span> <span class='ocrx_word' id='word_1_713' title='bbox 3197 4530 3283 4598; x_wconf 84' lang='grc' dir='ltr'>είη</span> <span class='ocrx_word' id='word_1_714' title='bbox 3326 4529 3576 4600; x_wconf 79' lang='grc' dir='ltr'>Ὁμήρῳ,</span> 
     </span>
    </p>
   </div>
   <div class='ocr_carea' id='block_1_91' title="bbox 314 4622 1892 4695">
    <p class='ocr_par' dir='ltr' id='par_1_91' title="bbox 314 4622 1892 4695">
     <span class='ocr_line' id='line_1_91' title="bbox 314 4622 1892 4695; baseline 0.002 -19"><span class='ocrx_word' id='word_1_715' title='bbox 314 4626 564 4695; x_wconf 89' lang='grc' dir='ltr'>χορηγεῖ·</span> <span class='ocrx_word' id='word_1_716' title='bbox 599 4623 695 4675; x_wconf 87' lang='grc' dir='ltr'>νῦν</span> <span class='ocrx_word' id='word_1_717' title='bbox 731 4623 831 4691; x_wconf 83' lang='grc' dir='ltr'>μὲν</span> <span class='ocrx_word' id='word_1_718' title='bbox 873 4622 1016 4676; x_wconf 83' lang='grc' dir='ltr'>οὕτω</span> <span class='ocrx_word' id='word_1_719' title='bbox 1056 4625 1290 4693; x_wconf 80' lang='grc' dir='ltr'>πάσχειν</span> <span class='ocrx_word' id='word_1_720' title='bbox 1319 4626 1491 4693; x_wconf 79' lang='grc' dir='ltr'>ἡμᾶς,</span> <span class='ocrx_word' id='word_1_721' title='bbox 1514 4624 1608 4677; x_wconf 87' lang='grc' dir='ltr'>νῦν</span> <span class='ocrx_word' id='word_1_722' title='bbox 1640 4626 1696 4678; x_wconf 84' lang='grc' dir='ltr'>δὲ</span> <span class='ocrx_word' id='word_1_723' title='bbox 1726 4625 1892 4679; x_wconf 80' lang='grc' dir='ltr'>οὕτω·</span> 
     </span>
    </p>
   </div>
   <div class='ocr_carea' id='block_1_92' title="bbox 314 4707 1898 4789">
    <p class='ocr_par' dir='ltr' id='par_1_92' title="bbox 314 4707 1898 4789">
     <span class='ocr_line' id='line_1_92' title="bbox 314 4707 1898 4789; baseline 0.001 -20"><span class='ocrx_word' id='word_1_724' title='bbox 314 4716 413 4770; x_wconf 72' lang='grc' dir='ltr'>καὶ</span> <span class='ocrx_word' id='word_1_725' title='bbox 454 4712 535 4779; x_wconf 75' lang='grc' dir='ltr'>οἷς</span> <span class='ocrx_word' id='word_1_726' title='bbox 564 4716 661 4769; x_wconf 81' lang='grc' dir='ltr'>καὶ</span> <span class='ocrx_word' id='word_1_727' title='bbox 719 4707 781 4767; x_wconf 79' lang='grc' dir='ltr'>οὕ</span> <span class='ocrx_word' id='word_1_728' title='bbox 835 4713 1009 4767; x_wconf 86' lang='grc' dir='ltr'>ταῦτα</span> <span class='ocrx_word' id='word_1_729' title='bbox 1045 4715 1277 4783; x_wconf 88' lang='grc' dir='ltr'>γίνεται·</span> <span class='ocrx_word' id='word_1_730' title='bbox 1309 4712 1353 4785; x_wconf 82' lang='grc' dir='ltr'><strong>ᾧ</strong></span> <span class='ocrx_word' id='word_1_731' title='bbox 1399 4717 1463 4785; x_wconf 83' lang='grc' dir='ltr'>δὴ</span> <span class='ocrx_word' id='word_1_732' title='bbox 1504 4718 1600 4770; x_wconf 72' lang='grc' dir='ltr'>καὶ</span> <span class='ocrx_word' id='word_1_733' title='bbox 1644 4720 1898 4789; x_wconf 87' lang='grc' dir='ltr'>κρεῖττον</span> 
     </span>
    </p>
   </div>
   <div class='ocr_carea' id='block_1_93' title="bbox 315 4808 1901 4880">
    <p class='ocr_par' dir='ltr' id='par_1_93' title="bbox 315 4808 1901 4880">
     <span class='ocr_line' id='line_1_93' title="bbox 315 4808 1901 4880; baseline -0.001 -17"><span class='ocrx_word' id='word_1_734' title='bbox 315 4810 413 4879; x_wconf 88' lang='grc' dir='ltr'>τῆς</span> <span class='ocrx_word' id='word_1_735' title='bbox 445 4809 723 4880; x_wconf 85' lang='grc' dir='ltr'>ποιήσεως</span> <span class='ocrx_word' id='word_1_736' title='bbox 756 4809 837 4862; x_wconf 75' lang='grc' dir='ltr'>ἔνι</span> <span class='ocrx_word' id='word_1_737' title='bbox 874 4808 1065 4879; x_wconf 80' lang='grc' dir='ltr'>μέρος,</span> <span class='ocrx_word' id='word_1_738' title='bbox 1099 4809 1173 4872; x_wconf 79' lang='grc' dir='ltr'>ὼς</span> <span class='ocrx_word' id='word_1_739' title='bbox 1227 4809 1308 4872; x_wconf 88' lang='grc' dir='ltr'>εἱς</span> <span class='ocrx_word' id='word_1_740' title='bbox 1361 4811 1544 4880; x_wconf 89' lang='grc' dir='ltr'>μάχην</span> <span class='ocrx_word' id='word_1_741' title='bbox 1576 4813 1698 4864; x_wconf 70' lang='grc' dir='ltr'>τινὰ</span> <span class='ocrx_word' id='word_1_742' title='bbox 1744 4812 1901 4880; x_wconf 84' lang='grc' dir='ltr'>μεγί-</span> 
     </span>
    </p>
   </div>
   <div class='ocr_carea' id='block_1_94' title="bbox 314 4903 1897 4973">
    <p class='ocr_par' dir='ltr' id='par_1_94' title="bbox 314 4903 1897 4973">
     <span class='ocr_line' id='line_1_94' title="bbox 314 4903 1897 4973; baseline 0 -19"><span class='ocrx_word' id='word_1_743' title='bbox 314 4919 451 4973; x_wconf 84' lang='grc' dir='ltr'>στην</span> <span class='ocrx_word' id='word_1_744' title='bbox 475 4903 701 4973; x_wconf 85' lang='grc' dir='ltr'>ἀνδρίας</span> <span class='ocrx_word' id='word_1_745' title='bbox 769 4903 1194 4964; x_wconf 86' lang='grc' dir='ltr'>άντικαταστάς,</span> <span class='ocrx_word' id='word_1_746' title='bbox 1225 4905 1325 4955; x_wconf 72' lang='grc' dir='ltr'>καὶ</span> <span class='ocrx_word' id='word_1_747' title='bbox 1374 4904 1760 4972; x_wconf 85' lang='grc' dir='ltr'>περιγενέσθαι</span> <span class='ocrx_word' id='word_1_748' title='bbox 1806 4922 1897 4972; x_wconf 78' lang='grc' dir='ltr'>φιο</span> 
     </span>
    </p>
   </div>
   <div class='ocr_carea' id='block_1_95' title="bbox 311 4994 1895 5065">
    <p class='ocr_par' dir='ltr' id='par_1_95' title="bbox 311 4994 1895 5065">
     <span class='ocr_line' id='line_1_95' title="bbox 311 4994 1895 5065; baseline 0.001 -19"><span class='ocrx_word' id='word_1_749' title='bbox 311 4994 638 5061; x_wconf 85' lang='grc' dir='ltr'>λονεικήσας</span> <span class='ocrx_word' id='word_1_750' title='bbox 686 4994 863 5048; x_wconf 81' lang='grc' dir='ltr'>δεινοῦ</span> <span class='ocrx_word' id='word_1_751' title='bbox 924 5011 1073 5056; x_wconf 74' lang='grc' dir='ltr'>τινος</span> <span class='ocrx_word' id='word_1_752' title='bbox 1140 4995 1235 5047; x_wconf 68' lang='grc' dir='ltr'>καὶ</span> <span class='ocrx_word' id='word_1_753' title='bbox 1285 4995 1503 5065; x_wconf 77' lang='grc' dir='ltr'>ἀμάχου</span> <span class='ocrx_word' id='word_1_754' title='bbox 1541 4997 1895 5065; x_wconf 85' lang='grc' dir='ltr'>πράγματος·</span> 
     </span>
    </p>
   </div>
   <div class='ocr_carea' id='block_1_96' title="bbox 312 5086 1895 5158">
    <p class='ocr_par' dir='ltr' id='par_1_96' title="bbox 312 5086 1895 5158">
     <span class='ocr_line' id='line_1_96' title="bbox 312 5086 1895 5158; baseline 0.001 -18"><span class='ocrx_word' id='word_1_755' title='bbox 312 5086 466 5140; x_wconf 82' lang='grc' dir='ltr'>οὐδὲν</span> <span class='ocrx_word' id='word_1_756' title='bbox 496 5087 605 5157; x_wconf 74' lang='grc' dir='ltr'>γὰρ</span> <span class='ocrx_word' id='word_1_757' title='bbox 654 5086 830 5140; x_wconf 69' lang='grc' dir='ltr'>ἐδόκει</span> <span class='ocrx_word' id='word_1_758' title='bbox 882 5088 1124 5140; x_wconf 82' lang='grc' dir='ltr'>τοιοῦτον</span> <span class='ocrx_word' id='word_1_759' title='bbox 1173 5086 1250 5156; x_wconf 86' lang='grc' dir='ltr'>τῷ</span> <span class='ocrx_word' id='word_1_760' title='bbox 1307 5090 1530 5158; x_wconf 83' lang='grc' dir='ltr'>ποιητῇ,</span> <span class='ocrx_word' id='word_1_761' title='bbox 1565 5086 1679 5141; x_wconf 73' lang='grc' dir='ltr'>οἷον</span> <span class='ocrx_word' id='word_1_762' title='bbox 1712 5088 1895 5158; x_wconf 74' lang='grc' dir='ltr'>ψυχὰς</span> 
     </span>
    </p>
   </div>
   <div class='ocr_carea' id='block_1_97' title="bbox 316 5178 1889 5250">
    <p class='ocr_par' dir='ltr' id='par_1_97' title="bbox 316 5178 1889 5250">
     <span class='ocr_line' id='line_1_97' title="bbox 316 5178 1889 5250; baseline 0.001 -18"><span class='ocrx_word' id='word_1_763' title='bbox 316 5179 622 5247; x_wconf 82' lang='grc' dir='ltr'>ἀνθρώπων</span> <span class='ocrx_word' id='word_1_764' title='bbox 679 5178 899 5232; x_wconf 79' lang='grc' dir='ltr'>ὁπλίσαι</span> <span class='ocrx_word' id='word_1_765' title='bbox 957 5179 1036 5240; x_wconf 82' lang='grc' dir='ltr'>είς</span> <span class='ocrx_word' id='word_1_766' title='bbox 1094 5178 1392 5248; x_wconf 81' lang='grc' dir='ltr'>καρτερίαν</span> <span class='ocrx_word' id='word_1_767' title='bbox 1418 5180 1526 5230; x_wconf 87' lang='grc' dir='ltr'>τῶν</span> <span class='ocrx_word' id='word_1_768' title='bbox 1569 5180 1889 5250; x_wconf 69' lang='grc' dir='ltr'>συμφορῶν,</span> 
     </span>
    </p>
   </div>
   <div class='ocr_carea' id='block_1_98' title="bbox 321 5267 1617 5341">
    <p class='ocr_par' dir='ltr' id='par_1_98' title="bbox 321 5267 1617 5341">
     <span class='ocr_line' id='line_1_98' title="bbox 321 5267 1617 5341; baseline -0.001 -16"><span class='ocrx_word' id='word_1_769' title='bbox 321 5267 410 5334; x_wconf 82' lang='grc' dir='ltr'>αἷς</span> <span class='ocrx_word' id='word_1_770' title='bbox 442 5272 575 5341; x_wconf 76' lang='grc' dir='ltr'>ἡμῖν</span> <span class='ocrx_word' id='word_1_771' title='bbox 605 5272 869 5324; x_wconf 80' lang='grc' dir='ltr'>ἑκάστοτε</span> <span class='ocrx_word' id='word_1_772' title='bbox 901 5272 1265 5338; x_wconf 69' lang='grc' dir='ltr'>περιπίπτειν</span> <span class='ocrx_word' id='word_1_773' title='bbox 1303 5271 1617 5339; x_wconf 78' lang='grc' dir='ltr'>συμϐαίνει.</span> 
     </span>
    </p>
   </div>
   <div class='ocr_carea' id='block_1_99' title="bbox 394 5360 1891 5432">
    <p class='ocr_par' dir='ltr' id='par_1_99' title="bbox 394 5360 1891 5432">
     <span class='ocr_line' id='line_1_99' title="bbox 394 5360 1891 5432; baseline 0 -16"><span class='ocrx_word' id='word_1_774' title='bbox 394 5362 552 5416; x_wconf 88' lang='grc' dir='ltr'>Οὕτω</span> <span class='ocrx_word' id='word_1_775' title='bbox 608 5364 665 5415; x_wconf 82' lang='grc' dir='ltr'>δὲ</span> <span class='ocrx_word' id='word_1_776' title='bbox 715 5363 853 5429; x_wconf 74' lang='grc' dir='ltr'>πρὸς</span> <span class='ocrx_word' id='word_1_777' title='bbox 887 5362 1046 5415; x_wconf 87' lang='grc' dir='ltr'>τοῦτο</span> <span class='ocrx_word' id='word_1_778' title='bbox 1097 5360 1276 5424; x_wconf 86' lang='grc' dir='ltr'>καλῶς</span> <span class='ocrx_word' id='word_1_779' title='bbox 1336 5364 1891 5432; x_wconf 80' lang='grc' dir='ltr'>παρεσκευασμένος,</span> 
     </span>
    </p>
   </div>
   <div class='ocr_carea' id='block_1_100' title="bbox 321 5453 1895 5525">
    <p class='ocr_par' dir='ltr' id='par_1_100' title="bbox 321 5453 1895 5525">
     <span class='ocr_line' id='line_1_100' title="bbox 321 5453 1895 5525; baseline -0.001 -17"><span class='ocrx_word' id='word_1_780' title='bbox 321 5456 419 5508; x_wconf 78' lang='grc' dir='ltr'>οὐκ</span> <span class='ocrx_word' id='word_1_781' title='bbox 448 5456 513 5507; x_wconf 84' lang='grc' dir='ltr'>ὲκ</span> <span class='ocrx_word' id='word_1_782' title='bbox 542 5454 638 5508; x_wconf 85' lang='grc' dir='ltr'>τοῦ</span> <span class='ocrx_word' id='word_1_783' title='bbox 665 5454 977 5525; x_wconf 84' lang='grc' dir='ltr'>προφανοῦς</span> <span class='ocrx_word' id='word_1_784' title='bbox 1003 5454 1102 5523; x_wconf 82' lang='grc' dir='ltr'>τὴν</span> <span class='ocrx_word' id='word_1_785' title='bbox 1134 5453 1390 5522; x_wconf 82' lang='grc' dir='ltr'>βούλησιν</span> <span class='ocrx_word' id='word_1_786' title='bbox 1435 5454 1773 5522; x_wconf 73' lang='grc' dir='ltr'>ἀνομολογεῖΔ</span> <span class='ocrx_word' id='word_1_787' title='bbox 1819 5456 1895 5519; x_wconf 82' lang='grc' dir='ltr'>ὡς</span> 
     </span>
    </p>
   </div>
   <div class='ocr_carea' id='block_1_101' title="bbox 322 5546 1892 5616">
    <p class='ocr_par' dir='ltr' id='par_1_101' title="bbox 322 5546 1892 5616">
     <span class='ocr_line' id='line_1_101' title="bbox 322 5546 1892 5616; baseline 0.001 -16"><span class='ocrx_word' id='word_1_788' title='bbox 322 5547 673 5616; x_wconf 82' lang='grc' dir='ltr'>προκηρύξαι</span> <span class='ocrx_word' id='word_1_789' title='bbox 696 5548 755 5600; x_wconf 74' lang='grc' dir='ltr'>τὸ</span> <span class='ocrx_word' id='word_1_790' title='bbox 785 5549 1018 5616; x_wconf 76' lang='grc' dir='ltr'>πρᾶγμα</span> <span class='ocrx_word' id='word_1_791' title='bbox 1050 5548 1144 5600; x_wconf 72' lang='grc' dir='ltr'>καὶ</span> <span class='ocrx_word' id='word_1_792' title='bbox 1169 5547 1292 5599; x_wconf 87' lang='grc' dir='ltr'>ὅτου</span> <span class='ocrx_word' id='word_1_793' title='bbox 1320 5547 1480 5615; x_wconf 82' lang='grc' dir='ltr'>χάριν</span> <span class='ocrx_word' id='word_1_794' title='bbox 1509 5546 1892 5615; x_wconf 79' lang='grc' dir='ltr'>διαγωνίζεται</span> 
     </span>
    </p>
   </div>
   <div class='ocr_carea' id='block_1_102' title="bbox 322 5636 1891 5707">
    <p class='ocr_par' dir='ltr' id='par_1_102' title="bbox 322 5636 1891 5707">
     <span class='ocr_line' id='line_1_102' title="bbox 322 5636 1891 5707; baseline 0.002 -19"><span class='ocrx_word' id='word_1_795' title='bbox 322 5639 606 5706; x_wconf 76' lang='grc' dir='ltr'>προειπεῖν</span> <span class='ocrx_word' id='word_1_796' title='bbox 630 5652 645 5668; x_wconf 87' lang='grc'>·</span> <span class='ocrx_word' id='word_1_797' title='bbox 679 5636 816 5689; x_wconf 87' lang='grc' dir='ltr'>ἀλλά</span> <span class='ocrx_word' id='word_1_798' title='bbox 856 5638 951 5688; x_wconf 79' lang='grc' dir='ltr'>καὶ</span> <span class='ocrx_word' id='word_1_799' title='bbox 993 5638 1090 5707; x_wconf 80' lang='grc' dir='ltr'>τῆς</span> <span class='ocrx_word' id='word_1_800' title='bbox 1123 5637 1218 5688; x_wconf 87' lang='grc' dir='ltr'>τοῦ</span> <span class='ocrx_word' id='word_1_801' title='bbox 1255 5637 1415 5703; x_wconf 86' lang='grc' dir='ltr'>λόγου</span> <span class='ocrx_word' id='word_1_802' title='bbox 1448 5637 1627 5701; x_wconf 68' lang='grc' dir='ltr'>ἀξίας,</span> <span class='ocrx_word' id='word_1_803' title='bbox 1662 5639 1754 5690; x_wconf 82' lang='grc' dir='ltr'>καὶ</span> <span class='ocrx_word' id='word_1_804' title='bbox 1787 5640 1891 5707; x_wconf 87' lang='grc' dir='ltr'>μά-</span> 
     </span>
    </p>
   </div>
   <div class='ocr_carea' id='block_1_103' title="bbox 321 5726 1890 5799">
    <p class='ocr_par' dir='ltr' id='par_1_103' title="bbox 321 5726 1890 5799">
     <span class='ocr_line' id='line_1_103' title="bbox 321 5726 1890 5799; baseline 0.004 -20"><span class='ocrx_word' id='word_1_805' title='bbox 321 5726 478 5782; x_wconf 89' lang='grc' dir='ltr'>λιστα</span> <span class='ocrx_word' id='word_1_806' title='bbox 527 5729 627 5799; x_wconf 89' lang='grc' dir='ltr'>τῆς</span> <span class='ocrx_word' id='word_1_807' title='bbox 680 5730 972 5798; x_wconf 85' lang='grc' dir='ltr'>ποιητικῆς</span> <span class='ocrx_word' id='word_1_808' title='bbox 1018 5731 1220 5799; x_wconf 78' lang='grc' dir='ltr'>ἀρετῆς</span> <span class='ocrx_word' id='word_1_809' title='bbox 1270 5730 1530 5798; x_wconf 84' lang='grc' dir='ltr'>φροντίδα</span> <span class='ocrx_word' id='word_1_810' title='bbox 1583 5730 1890 5799; x_wconf 87' lang='grc' dir='ltr'>τιθέμενος,</span> 
     </span>
    </p>
   </div>
   <div class='ocr_carea' id='block_1_104' title="bbox 328 5820 1892 5893">
    <p class='ocr_par' dir='ltr' id='par_1_104' title="bbox 328 5820 1892 5893">
     <span class='ocr_line' id='line_1_104' title="bbox 328 5820 1892 5893; baseline 0.002 -20"><span class='ocrx_word' id='word_1_811' title='bbox 328 5820 460 5884; x_wconf 83' lang='grc' dir='ltr'>τέως</span> <span class='ocrx_word' id='word_1_812' title='bbox 504 5821 600 5891; x_wconf 85' lang='grc' dir='ltr'>μὲν</span> <span class='ocrx_word' id='word_1_813' title='bbox 651 5822 741 5877; x_wconf 70' lang='grc' dir='ltr'>τὸν</span> <span class='ocrx_word' id='word_1_814' title='bbox 788 5828 988 5876; x_wconf 76' lang='grc' dir='ltr'>σκοπὸν</span> <span class='ocrx_word' id='word_1_815' title='bbox 1034 5821 1362 5893; x_wconf 71' lang='grc' dir='ltr'>προσωπείῳ</span> <span class='ocrx_word' id='word_1_816' title='bbox 1413 5822 1542 5889; x_wconf 70' lang='grc' dir='ltr'>τινὶ,</span> <span class='ocrx_word' id='word_1_817' title='bbox 1577 5822 1695 5876; x_wconf 74' lang='grc' dir='ltr'>οὐδὲ</span> <span class='ocrx_word' id='word_1_818' title='bbox 1733 5822 1892 5876; x_wconf 83' lang='grc' dir='ltr'>τοῦτο</span> 
     </span>
    </p>
   </div>
   <div class='ocr_carea' id='block_1_105' title="bbox 2001 4620 3580 4691">
    <p class='ocr_par' dir='ltr' id='par_1_105' title="bbox 2001 4620 3580 4691">
     <span class='ocr_line' id='line_1_105' title="bbox 2001 4620 3580 4691; baseline -0.003 -14"><span class='ocrx_word' id='word_1_819' title='bbox 2001 4625 2097 4677; x_wconf 82' lang='grc' dir='ltr'>καὶ</span> <span class='ocrx_word' id='word_1_820' title='bbox 2133 4624 2248 4687; x_wconf 91' lang='grc' dir='ltr'>τοῖς</span> <span class='ocrx_word' id='word_1_821' title='bbox 2280 4622 2463 4683; x_wconf 80' lang='grc' dir='ltr'>ἄλλοις</span> <span class='ocrx_word' id='word_1_822' title='bbox 2513 4620 2622 4673; x_wconf 91' lang='grc' dir='ltr'>τῶν</span> <span class='ocrx_word' id='word_1_823' title='bbox 2660 4622 2926 4691; x_wconf 88' lang='grc' dir='ltr'>ποιητῶν,</span> <span class='ocrx_word' id='word_1_824' title='bbox 2964 4621 3249 4683; x_wconf 89' lang='grc' dir='ltr'>αίδεστέος</span> <span class='ocrx_word' id='word_1_825' title='bbox 3283 4622 3522 4691; x_wconf 86' lang='grc' dir='ltr'>μάλιστα</span> <span class='ocrx_word' id='word_1_826' title='bbox 3553 4623 3580 4673; x_wconf 88' lang='grc' dir='ltr'>ό</span> 
     </span>
    </p>
   </div>
   <div class='ocr_carea' id='block_1_106' title="bbox 2000 4713 3581 4785">
    <p class='ocr_par' dir='ltr' id='par_1_106' title="bbox 2000 4713 3581 4785">
     <span class='ocr_line' id='line_1_106' title="bbox 2000 4713 3581 4785; baseline -0.003 -15"><span class='ocrx_word' id='word_1_827' title='bbox 2000 4717 2159 4785; x_wconf 77' lang='grc' dir='ltr'>ἀνὴρ,</span> <span class='ocrx_word' id='word_1_828' title='bbox 2194 4718 2278 4769; x_wconf 84' lang='grc' dir='ltr'>ὅτι</span> <span class='ocrx_word' id='word_1_829' title='bbox 2335 4715 2506 4785; x_wconf 80' lang='grc' dir='ltr'>μηδὲν</span> <span class='ocrx_word' id='word_1_830' title='bbox 2555 4714 2694 4784; x_wconf 75' lang='grc' dir='ltr'>ἔχων</span> <span class='ocrx_word' id='word_1_831' title='bbox 2750 4716 2928 4767; x_wconf 82' lang='grc' dir='ltr'>εἰπεῖν</span> <span class='ocrx_word' id='word_1_832' title='bbox 2983 4731 3108 4767; x_wconf 90' lang='grc' dir='ltr'>τινα</span> <span class='ocrx_word' id='word_1_833' title='bbox 3162 4713 3272 4765; x_wconf 89' lang='grc' dir='ltr'>τῶν</span> <span class='ocrx_word' id='word_1_834' title='bbox 3322 4714 3581 4766; x_wconf 83' lang='grc' dir='ltr'>ἁπάντων</span> 
     </span>
    </p>
   </div>
   <div class='ocr_carea' id='block_1_107' title="bbox 1999 4805 3580 4876">
    <p class='ocr_par' dir='ltr' id='par_1_107' title="bbox 1999 4805 3580 4876">
     <span class='ocr_line' id='line_1_107' title="bbox 1999 4805 3580 4876; baseline 0 -17"><span class='ocrx_word' id='word_1_835' title='bbox 1999 4805 2244 4860; x_wconf 85' lang='grc' dir='ltr'>τοσαῦτα</span> <span class='ocrx_word' id='word_1_836' title='bbox 2278 4807 2589 4859; x_wconf 86' lang='grc' dir='ltr'>πεπονθότα</span> <span class='ocrx_word' id='word_1_837' title='bbox 2617 4806 2921 4876; x_wconf 87' lang='grc' dir='ltr'>πράγματα</span> <span class='ocrx_word' id='word_1_838' title='bbox 2944 4844 2959 4871; x_wconf 90' lang='grc'>,</span> <span class='ocrx_word' id='word_1_839' title='bbox 3002 4808 3155 4875; x_wconf 91' lang='grc' dir='ltr'>ὅμως</span> <span class='ocrx_word' id='word_1_840' title='bbox 3188 4807 3354 4869; x_wconf 70' lang='grc' dir='ltr'>αὐτὸς</span> <span class='ocrx_word' id='word_1_841' title='bbox 3398 4806 3580 4859; x_wconf 80' lang='grc' dir='ltr'>τετόλ-</span> 
     </span>
    </p>
   </div>
   <div class='ocr_carea' id='block_1_108' title="bbox 2004 4899 3580 4971">
    <p class='ocr_par' dir='ltr' id='par_1_108' title="bbox 2004 4899 3580 4971">
     <span class='ocr_line' id='line_1_108' title="bbox 2004 4899 3580 4971; baseline 0.001 -19"><span class='ocrx_word' id='word_1_842' title='bbox 2004 4916 2147 4969; x_wconf 86' lang='grc' dir='ltr'>μηκε</span> <span class='ocrx_word' id='word_1_843' title='bbox 2178 4900 2514 4963; x_wconf 89' lang='grc' dir='ltr'>πλάσασθαι,</span> <span class='ocrx_word' id='word_1_844' title='bbox 2557 4899 2625 4953; x_wconf 84' lang='grc' dir='ltr'>ἵν’</span> <span class='ocrx_word' id='word_1_845' title='bbox 2668 4901 2732 4953; x_wconf 84' lang='grc' dir='ltr'>ἐκ</span> <span class='ocrx_word' id='word_1_846' title='bbox 2762 4900 3216 4971; x_wconf 85' lang='grc' dir='ltr'>παραδείγματος</span> <span class='ocrx_word' id='word_1_847' title='bbox 3255 4900 3580 4970; x_wconf 90' lang='grc' dir='ltr'>τηλικούτου</span> 
     </span>
    </p>
   </div>
   <div class='ocr_carea' id='block_1_109' title="bbox 1999 4992 3580 5063">
    <p class='ocr_par' dir='ltr' id='par_1_109' title="bbox 1999 4992 3580 5063">
     <span class='ocr_line' id='line_1_109' title="bbox 1999 4992 3580 5063; baseline -0.001 -18"><span class='ocrx_word' id='word_1_848' title='bbox 1999 4994 2228 5058; x_wconf 82' lang='grc' dir='ltr'>διδάξειε</span> <span class='ocrx_word' id='word_1_849' title='bbox 2256 4994 2383 5054; x_wconf 79' lang='grc' dir='ltr'>τοὺς</span> <span class='ocrx_word' id='word_1_850' title='bbox 2411 4993 2739 5063; x_wconf 83' lang='grc' dir='ltr'>ἀνθρώπους</span> <span class='ocrx_word' id='word_1_851' title='bbox 2775 4992 2851 5062; x_wconf 83' lang='grc' dir='ltr'>μὴ</span> <span class='ocrx_word' id='word_1_852' title='bbox 2881 4994 3267 5061; x_wconf 85' lang='grc' dir='ltr'>δυσχεραίνειν</span> <span class='ocrx_word' id='word_1_853' title='bbox 3290 4994 3412 5055; x_wconf 84' lang='grc' dir='ltr'>ταῖς</span> <span class='ocrx_word' id='word_1_854' title='bbox 3444 5010 3580 5062; x_wconf 91' lang='grc' dir='ltr'>συμ-</span> 
     </span>
    </p>
   </div>
   <div class='ocr_carea' id='block_1_110' title="bbox 2000 5084 3579 5155">
    <p class='ocr_par' dir='ltr' id='par_1_110' title="bbox 2000 5084 3579 5155">
     <span class='ocr_line' id='line_1_110' title="bbox 2000 5084 3579 5155; baseline 0 -18"><span class='ocrx_word' id='word_1_855' title='bbox 2000 5088 2214 5153; x_wconf 73' lang='grc' dir='ltr'>φοραῖς,</span> <span class='ocrx_word' id='word_1_856' title='bbox 2258 5085 2395 5155; x_wconf 82' lang='grc' dir='ltr'>μηδὲ</span> <span class='ocrx_word' id='word_1_857' title='bbox 2454 5088 2572 5147; x_wconf 84' lang='grc' dir='ltr'>τοῖς</span> <span class='ocrx_word' id='word_1_858' title='bbox 2614 5085 2809 5145; x_wconf 86' lang='grc' dir='ltr'>δεινοῖς</span> <span class='ocrx_word' id='word_1_859' title='bbox 2861 5084 3285 5149; x_wconf 83' lang='grc' dir='ltr'>ὐποκλίνεσθαι,</span> <span class='ocrx_word' id='word_1_860' title='bbox 3315 5085 3440 5139; x_wconf 83' lang='grc' dir='ltr'>ἀλλ’</span> <span class='ocrx_word' id='word_1_861' title='bbox 3478 5088 3579 5137; x_wconf 86' lang='grc' dir='ltr'>ἀν-</span> 
     </span>
    </p>
   </div>
   <div class='ocr_carea' id='block_1_111' title="bbox 1999 5178 3561 5249">
    <p class='ocr_par' dir='ltr' id='par_1_111' title="bbox 1999 5178 3561 5249">
     <span class='ocr_line' id='line_1_111' title="bbox 1999 5178 3561 5249; baseline -0.002 -17"><span class='ocrx_word' id='word_1_862' title='bbox 1999 5180 2192 5247; x_wconf 78' lang='grc' dir='ltr'>δρείως</span> <span class='ocrx_word' id='word_1_863' title='bbox 2223 5181 2536 5232; x_wconf 81' lang='grc' dir='ltr'>ἐνίστασθαι</span> <span class='ocrx_word' id='word_1_864' title='bbox 2565 5179 2708 5232; x_wconf 87' lang='grc' dir='ltr'>κατά</span> <span class='ocrx_word' id='word_1_865' title='bbox 2738 5178 2870 5246; x_wconf 90' lang='grc' dir='ltr'>γοῦν</span> <span class='ocrx_word' id='word_1_866' title='bbox 2905 5179 3136 5248; x_wconf 78' lang='grc' dir='ltr'>δύναμιν</span> <span class='ocrx_word' id='word_1_867' title='bbox 3186 5180 3561 5249; x_wconf 80' lang='grc' dir='ltr'>ἀνθρωπίνην,</span> 
     </span>
    </p>
   </div>
   <div class='ocr_carea' id='block_1_112' title="bbox 2001 5265 3579 5343">
    <p class='ocr_par' dir='ltr' id='par_1_112' title="bbox 2001 5265 3579 5343">
     <span class='ocr_line' id='line_1_112' title="bbox 2001 5265 3579 5343; baseline 0.001 -22"><span class='ocrx_word' id='word_1_868' title='bbox 2001 5269 2139 5339; x_wconf 85' lang='grc' dir='ltr'>πρὸς</span> <span class='ocrx_word' id='word_1_869' title='bbox 2184 5271 2445 5338; x_wconf 88' lang='grc' dir='ltr'>τοιαύτην</span> <span class='ocrx_word' id='word_1_870' title='bbox 2478 5270 2772 5340; x_wconf 82' lang='grc' dir='ltr'>βλέποντες</span> <span class='ocrx_word' id='word_1_871' title='bbox 2808 5270 3033 5338; x_wconf 82' lang='grc' dir='ltr'>στήλην.</span> <span class='ocrx_word' id='word_1_872' title='bbox 3072 5269 3209 5322; x_wconf 80' lang='grc' dir='ltr'>Οὔτε</span> <span class='ocrx_word' id='word_1_873' title='bbox 3235 5272 3364 5343; x_wconf 68' lang='grc' dir='ltr'>γὰρ,</span> <span class='ocrx_word' id='word_1_874' title='bbox 3400 5265 3579 5339; x_wconf 84' lang='grc' dir='ltr'>οἶμαι,</span> 
     </span>
    </p>
   </div>
   <div class='ocr_carea' id='block_1_113' title="bbox 2002 5359 3581 5429">
    <p class='ocr_par' dir='ltr' id='par_1_113' title="bbox 2002 5359 3581 5429">
     <span class='ocr_line' id='line_1_113' title="bbox 2002 5359 3581 5429; baseline 0.001 -17"><span class='ocrx_word' id='word_1_875' title='bbox 2002 5361 2195 5413; x_wconf 84' lang='grc' dir='ltr'>πενίαν</span> <span class='ocrx_word' id='word_1_876' title='bbox 2233 5359 2443 5429; x_wconf 78' lang='grc' dir='ltr'>ὀδύρετ’</span> <span class='ocrx_word' id='word_1_877' title='bbox 2478 5360 2544 5413; x_wconf 84' lang='grc' dir='ltr'>ἄν</span> <span class='ocrx_word' id='word_1_878' title='bbox 2594 5377 2679 5422; x_wconf 90' lang='grc' dir='ltr'>τις</span> <span class='ocrx_word' id='word_1_879' title='bbox 2739 5359 2930 5413; x_wconf 79' lang='grc' dir='ltr'>ἐνθάδε</span> <span class='ocrx_word' id='word_1_880' title='bbox 2983 5362 3152 5429; x_wconf 89' lang='grc' dir='ltr'>ὁρῶν,</span> <span class='ocrx_word' id='word_1_881' title='bbox 3206 5361 3301 5413; x_wconf 80' lang='grc' dir='ltr'>καὶ</span> <span class='ocrx_word' id='word_1_882' title='bbox 3360 5361 3429 5413; x_wconf 80' lang='grc' dir='ltr'>τὰ</span> <span class='ocrx_word' id='word_1_883' title='bbox 3481 5360 3581 5413; x_wconf 82' lang='grc' dir='ltr'>τοῦ</span> 
     </span>
    </p>
   </div>
   <div class='ocr_carea' id='block_1_114' title="bbox 1997 5451 3579 5528">
    <p class='ocr_par' dir='ltr' id='par_1_114' title="bbox 1997 5451 3579 5528">
     <span class='ocr_line' id='line_1_114' title="bbox 1997 5451 3579 5528; baseline 0.002 -24"><span class='ocrx_word' id='word_1_884' title='bbox 1997 5453 2183 5528; x_wconf 78' lang='grc' dir='ltr'>ἥρωος</span> <span class='ocrx_word' id='word_1_885' title='bbox 2226 5452 2448 5505; x_wconf 90' lang='grc' dir='ltr'>σκοπῶν</span> <span class='ocrx_word' id='word_1_886' title='bbox 2500 5454 2861 5522; x_wconf 87' lang='grc' dir='ltr'>ἀτυχήματα,</span> <span class='ocrx_word' id='word_1_887' title='bbox 2910 5451 3033 5505; x_wconf 84' lang='grc' dir='ltr'>οὕτε</span> <span class='ocrx_word' id='word_1_888' title='bbox 3090 5453 3418 5522; x_wconf 82' lang='grc' dir='ltr'>γύμνωσιν,</span> <span class='ocrx_word' id='word_1_889' title='bbox 3466 5452 3579 5507; x_wconf 77' lang='grc' dir='ltr'>οὔτ’</span> 
     </span>
    </p>
   </div>
   <div class='ocr_carea' id='block_1_115' title="bbox 1998 5545 3578 5613">
    <p class='ocr_par' dir='ltr' id='par_1_115' title="bbox 1998 5545 3578 5613">
     <span class='ocr_line' id='line_1_115' title="bbox 1998 5545 3578 5613; baseline -0.001 -16"><span class='ocrx_word' id='word_1_890' title='bbox 1998 5545 2216 5613; x_wconf 77' lang='grc' dir='ltr'>ὲξορίαν</span> <span class='ocrx_word' id='word_1_891' title='bbox 2240 5582 2256 5608; x_wconf 92' lang='grc'>,</span> <span class='ocrx_word' id='word_1_892' title='bbox 2300 5546 2360 5597; x_wconf 79' lang='grc' dir='ltr'>οὐ</span> <span class='ocrx_word' id='word_1_893' title='bbox 2393 5545 2655 5612; x_wconf 86' lang='grc' dir='ltr'>ναυάγιον</span> <span class='ocrx_word' id='word_1_894' title='bbox 2681 5585 2696 5606; x_wconf 91' lang='grc'>,</span> <span class='ocrx_word' id='word_1_895' title='bbox 2750 5545 3017 5613; x_wconf 71' lang='grc' dir='ltr'>οὐμενοῦν</span> <span class='ocrx_word' id='word_1_896' title='bbox 3065 5547 3126 5597; x_wconf 84' lang='grc' dir='ltr'>οὕ</span> <span class='ocrx_word' id='word_1_897' title='bbox 3179 5546 3484 5607; x_wconf 70' lang='grc' dir='ltr'>κινδύνους,</span> <span class='ocrx_word' id='word_1_898' title='bbox 3516 5548 3578 5596; x_wconf 73' lang='grc' dir='ltr'>ού</span> 
     </span>
    </p>
   </div>
   <div class='ocr_carea' id='block_1_116' title="bbox 1998 5637 3573 5709">
    <p class='ocr_par' dir='ltr' id='par_1_116' title="bbox 1998 5637 3573 5709">
     <span class='ocr_line' id='line_1_116' title="bbox 1998 5637 3573 5709; baseline 0.003 -20"><span class='ocrx_word' id='word_1_899' title='bbox 1998 5638 2234 5707; x_wconf 85' lang='grc' dir='ltr'>πλάνην,</span> <span class='ocrx_word' id='word_1_900' title='bbox 2273 5639 2371 5691; x_wconf 78' lang='grc' dir='ltr'>οὐκ</span> <span class='ocrx_word' id='word_1_901' title='bbox 2423 5638 2723 5709; x_wconf 80' lang='grc' dir='ltr'>ἐπιϐουλὴν</span> <span class='ocrx_word' id='word_1_902' title='bbox 2772 5638 2965 5707; x_wconf 85' lang='grc' dir='ltr'>φίλων,</span> <span class='ocrx_word' id='word_1_903' title='bbox 2997 5639 3094 5707; x_wconf 70' lang='grc' dir='ltr'>οὐχ</span> <span class='ocrx_word' id='word_1_904' title='bbox 3117 5637 3352 5707; x_wconf 76' lang='grc' dir='ltr'>ἑταίρων</span> <span class='ocrx_word' id='word_1_905' title='bbox 3378 5641 3573 5693; x_wconf 61' lang='grc' dir='ltr'>ἀποϐε-</span> 
     </span>
    </p>
   </div>
   <div class='ocr_carea' id='block_1_117' title="bbox 2000 5730 3580 5805">
    <p class='ocr_par' dir='ltr' id='par_1_117' title="bbox 2000 5730 3580 5805">
     <span class='ocr_line' id='line_1_117' title="bbox 2000 5730 3580 5805; baseline 0 -21"><span class='ocrx_word' id='word_1_906' title='bbox 2000 5731 2122 5801; x_wconf 80' lang='grc' dir='ltr'>λὴν,</span> <span class='ocrx_word' id='word_1_907' title='bbox 2152 5732 2210 5783; x_wconf 81' lang='grc' dir='ltr'>οὐ</span> <span class='ocrx_word' id='word_1_908' title='bbox 2242 5730 2472 5785; x_wconf 86' lang='grc' dir='ltr'>θάνατον</span> <span class='ocrx_word' id='word_1_909' title='bbox 2500 5731 2686 5797; x_wconf 84' lang='grc' dir='ltr'>αὑτὸν,</span> <span class='ocrx_word' id='word_1_910' title='bbox 2716 5732 2750 5785; x_wconf 72' lang='grc' dir='ltr'>’ὅ</span> <span class='ocrx_word' id='word_1_911' title='bbox 2781 5732 2935 5802; x_wconf 88' lang='grc' dir='ltr'>παρά</span> <span class='ocrx_word' id='word_1_912' title='bbox 2962 5734 3062 5802; x_wconf 88' lang='grc' dir='ltr'>τῆς</span> <span class='ocrx_word' id='word_1_913' title='bbox 3098 5732 3313 5800; x_wconf 86' lang='grc' dir='ltr'>φύσεως</span> <span class='ocrx_word' id='word_1_914' title='bbox 3358 5735 3389 5804; x_wconf 84' lang='grc' dir='ltr'>ἢ</span> <span class='ocrx_word' id='word_1_915' title='bbox 3427 5737 3580 5805; x_wconf 65' lang='grc' dir='ltr'>παρὰ</span> 
     </span>
    </p>
   </div>
   <div class='ocr_carea' id='block_1_118' title="bbox 1996 5821 3575 5897">
    <p class='ocr_par' dir='ltr' id='par_1_118' title="bbox 1996 5821 3575 5897">
     <span class='ocr_line' id='line_1_118' title="bbox 1996 5821 3575 5897; baseline 0.003 -22"><span class='ocrx_word' id='word_1_916' title='bbox 1996 5822 2093 5892; x_wconf 81' lang='grc' dir='ltr'>τῆς</span> <span class='ocrx_word' id='word_1_917' title='bbox 2131 5821 2328 5886; x_wconf 77' lang='grc' dir='ltr'>ἔξωθεν</span> <span class='ocrx_word' id='word_1_918' title='bbox 2357 5822 2563 5891; x_wconf 73' lang='grc' dir='ltr'>ἥκοντα</span> <span class='ocrx_word' id='word_1_919' title='bbox 2610 5821 2729 5891; x_wconf 83' lang='grc' dir='ltr'>βίας</span> <span class='ocrx_word' id='word_1_920' title='bbox 2757 5836 2769 5852; x_wconf 87' lang='grc'><em>’</em></span> <span class='ocrx_word' id='word_1_921' title='bbox 2823 5823 2943 5876; x_wconf 74' lang='grc' dir='ltr'>οὐδὲ</span> <span class='ocrx_word' id='word_1_922' title='bbox 2985 5824 3144 5878; x_wconf 77' lang='grc' dir='ltr'>πάνθ’</span> <span class='ocrx_word' id='word_1_923' title='bbox 3178 5825 3277 5878; x_wconf 84' lang='grc' dir='ltr'>ὅσα</span> <span class='ocrx_word' id='word_1_924' title='bbox 3314 5828 3575 5897; x_wconf 61' lang='grc' dir='ltr'>συμπτώρ</span> 
     </span>
    </p>
   </div>
  </div>
