4040 6452
343 374 451 437 673
1787 378 1833 437 N
1842 377 1935 437 OT

2059 378 2121 439 Α,
3503 378 3610 442 674

353 505 457 547 nec
488 488 663 542 divini
686 488 825 559 juris
868 504 1012 553 esse,
1048 489 1141 544 sed
1181 498 1389 544 tantum
1426 508 1454 544 a
1495 490 1753 546 Patribus
1786 501 1843 545 et
1896 488 2327 559 imperatoribus
2366 477 2711 550 concessum,
2749 502 2853 541 nec
2890 497 3069 543 tamen
3102 489 3263 543 talem
3316 499 3370 545 et
3401 500 3603 548 tantam

347 592 461 631 rem
491 591 603 630 sua:
633 575 1057 644 prmeminentize
1088 591 1231 641 esse,
1257 585 1515 644 quantam
1550 594 1684 647 papa
1711 594 1861 631 nunc
1889 579 2041 631 nullo
2095 578 2198 631 sibi
2227 576 2354 646 jure
2381 586 2628 645 usurpat.
2666 575 2865 629 Verum
2897 585 3000 635 est.
3033 576 3205 631 hune
3241 577 3500 632 infamem
3548 590 3607 636 et

350 675 728 723 sexcentarum
760 664 1086 733 flagitiorum
1108 666 1337 719 maculis
1362 666 1706 719 notissimum
1744 667 2182 727 Schismaticum,
2221 665 2338 719 sive
2370 664 2553 733 potius
2584 654 2924 725 haereticum,
2984 665 3205 731 similia,
3247 665 3362 719 imo
3421 669 3604 737 pejora

344 752 547 820 scripta
574 751 811 819 posteris
840 752 1167 817 tradidisse;
1198 753 1294 807 sed
1334 753 1664 821 quibusnam
1702 753 2048 809 documentis
2071 753 2471 823 probabilibus,
2508 762 2599 806 aut
2626 754 3065 817 necessariis,vel
3100 764 3158 808 ut
3182 758 3497 824 expressius
3522 757 3608 810 di-

345 857 489 903 cam,
517 841 810 895 amentatis
840 841 1013 896 bastis
1034 842 1057 895 ?
1081 842 1248 897 Levia
1304 854 1453 905 sunt,
1486 852 1541 897 et
1584 844 1763 907 nihili,
1796 855 1849 897 et
1882 861 1988 898 non
2026 860 2105 906 re,
2134 844 2228 897 sed
2259 845 2324 897 ad
2378 845 2609 912 gratiam
2646 845 3105 913 nequissimorum
3136 847 3417 902 hominum
3447 864 3610 919 argu-

350 940 531 984 menta
551 940 826 996 contorta,
856 931 1001 1000 quod
1031 947 1096 984 ex
1120 932 1482 985 conclusione
1535 933 1717 1001 aperis
1746 933 1942 986 manife

2067 932 2363 1002 Colligitur.
2397 933 2708 999 Κεφάλαιον
2741 934 2851 986 τῶν
2880 935 3222 1003 λεγομένων.
3265 937 3412 999 Ἕως
3444 938 3544 1005 μὲν
3577 940 3606 989 ὁ

350 1019 586 1079 πάππας
626 1017 791 1078 σώζει
819 1019 919 1086 τὴν
951 1019 1130 1084 τάξιν,
1178 1020 1275 1071 καὶ
1307 1022 1445 1088 μετὰ
1476 1021 1575 1089 τῆς
1603 1021 1862 1090 ἀληθείας
1888 1020 2112 1087 ἔστηκε,
2140 1020 2234 1071 καὶ
2268 1020 2368 1087 τῆς
2400 1018 2622 1088 πρώτης
2683 1022 2777 1073 καὶ
2810 1022 3003 1089 κυρίας
3032 1023 3201 1092 ἀρχῆς
3240 1025 3339 1076 οὐκ
3371 1025 3607 1093 ἀφίστα-

347 1124 461 1172 ται,
495 1108 589 1158 καὶ
626 1104 838 1175 κεφαλὴ
868 1106 967 1174 τῆς
997 1105 1351 1177 Ἐκκλησίας,
1384 1108 1479 1160 καὶ
1509 1108 1801 1177 ἀρχιερεὺς
1842 1108 2040 1177 ἄκρος,
2083 1107 2178 1160 καὶ
2215 1107 2456 1176 Πέτρου,
2490 1110 2584 1160 καὶ
2617 1109 2838 1163 πάντων
2873 1111 3191 1164 ἀποστόλων
3211 1112 3478 1180 διάδοχος,
3511 1114 3606 1165 καὶ

344 1195 426 1247 δεῖ
451 1198 659 1257 πάντας
692 1194 843 1263 αὐτῷ
872 1194 1183 1259 πείθεσθαι,
1215 1196 1309 1247 καὶ
1352 1194 1526 1259 οὐδὲν,
1577 1195 1604 1247 ὃ
1627 1196 1727 1264 τὴν
1771 1196 1938 1265 τιμὴν
1984 1196 2199 1247 ἐκείνου
2250 1198 2440 1265 χωρεῖ.
2496 1198 2556 1249 El
2580 1198 2638 1250 δὲ
2683 1201 2782 1264 τῆς
2816 1200 3075 1269 ἀληθείας
3112 1202 3506 1270 ἀποχωρήσας,
3538 1204 3600 1256 οὐ

345 1281 597 1350 βούλεται
634 1281 798 1333 πάλιν
828 1282 965 1351 πρὸς
996 1284 1212 1349 ἐκείνην
1242 1283 1548 1343 ἐπανιέναι,
1592 1284 1693 1350 τὴν
1715 1281 1821 1333 τῶν
1853 1300 1942 1334 κατ

2052 1301 2161 1335 κων
2194 1285 2463 1339 πείσεται.
2504 1284 2725 1339 Summa
2749 1287 3009 1339 dictarunt
3040 1288 3149 1339 hwc
3177 1298 3251 1341 est
3281 1303 3296 1340 :
3334 1289 3607 1353 Quamdiu

343 1376 552 1445 quidem
586 1390 726 1443 papa
768 1374 1006 1426 ordinem
1035 1381 1233 1436 servat,
1261 1382 1307 1425 et
1339 1390 1457 1426 cum
1492 1376 1711 1426 veritate
1740 1383 1868 1437 stat,
1904 1391 1935 1427 a
1965 1376 2136 1444 primo
2166 1384 2216 1428 et
2273 1378 2487 1446 proprio
2537 1380 2836 1447 principatu
2878 1397 2983 1432 non
3028 1392 3339 1441 removetur.
3372 1394 3420 1437 et
3449 1393 3610 1454 caput

343 1464 443 1515 erit
480 1461 727 1514 Ecclesiw
750 1469 799 1513 et
824 1477 1060 1513 summus
1093 1461 1351 1531 pontifex,
1376 1470 1422 1513 et
1448 1459 1592 1514 Petri
1656 1460 2088 1532 reliquorumque
2110 1464 2469 1534 apostolorum
2499 1482 2784 1525 successor,
2822 1483 3103 1535 omnesque
3142 1471 3188 1520 ei
3211 1470 3418 1523 obedire
3432 1488 3594 1541 apor-

347 1558 417 1602 tet
445 1571 457 1603 :
486 1547 716 1617 nihilque
747 1557 819 1600 est
858 1548 997 1616 quod
1026 1548 1189 1617 ipsius
1215 1548 1399 1601 honori
1429 1547 1696 1601 detrahat.
1731 1547 1787 1602 Si
1817 1566 1935 1602 vero
1961 1568 1990 1602 a
2030 1568 2129 1618 qua
2160 1551 2322 1603 semel
2342 1555 2559 1605 veritate
2585 1556 2870 1616 recesserit,
2902 1556 2969 1607 ad
2994 1572 3109 1608 eam
3134 1558 3303 1609 redire
3360 1560 3608 1620 noluerit,

347 1638 723 1689 damnatorum
757 1635 920 1705 paruis
952 1636 1050 1686 erit
1076 1635 1348 1703 obnoxius.
1381 1635 1573 1702 Fulget
1595 1636 1931 1689 orichalcum
1965 1677 1979 1696 ,
2011 1638 2105 1691 sed
2143 1639 2351 1706 pallens
2374 1656 2568 1693 aurum
2597 1642 2795 1695 melius
2849 1654 2949 1696 est.
3001 1645 3252 1697 Nondum
3294 1646 3377 1699 vel
3412 1662 3441 1699 a
3465 1647 3609 1708 Nilo,

354 1725 439 1777 vel
471 1725 537 1778 ab
569 1724 680 1776 ullo
711 1723 820 1775 alio
868 1722 1179 1777 rationibus
1206 1725 1528 1790 conquisitis
1578 1723 1865 1791 probatum
1918 1735 2023 1789 est,
2077 1742 2178 1781 nec
2211 1728 2540 1796 probabitur
2582 1730 2634 1782 in
2665 1739 2946 1799 posterum
2981 1747 3009 1784 a
3077 1748 3375 1802 quoquam,
3410 1751 3601 1804 papam

346 1818 595 1872 ordinem
628 1832 739 1868 non
768 1830 1038 1877 servasse,
1063 1827 1117 1869 et
1150 1818 1443 1869 veritatem
1482 1817 1702 1871 missam
1735 1818 1949 1873 fecisse.
1983 1821 2233 1887 Quanam
2294 1840 2424 1893 ergo
2467 1826 2682 1878 ratione
2735 1840 2765 1879 a
2795 1826 2974 1892 primo
3029 1837 3085 1879 et
3149 1828 3373 1895 proprio
3404 1830 3613 1899 princi-

347 1914 479 1974 patu
511 1912 756 1959 remotus
784 1904 917 1958 est?
949 1903 1185 1972 ideoque
1212 1918 1313 1957 nec
1340 1915 1503 1973 caput
1536 1905 1816 1968 Ecclesiae,
1840 1923 1939 1959 nec
1967 1921 2217 1959 summus
2247 1907 2513 1973 pontifex,
2556 1923 2657 1962 nec
2681 1923 2978 1962 successor
3052 1910 3216 1973 Petri,
3257 1926 3357 1964 nec
3390 1920 3611 1978 aposto-

349 1994 529 2047 lorum
581 1993 709 2047 est?
765 1992 1111 2047 constituant
1148 1992 1205 2046 in
1259 1994 1437 2046 oculis
1497 1994 1807 2057 hominum,
1874 1995 2019 2063 quod
2071 1994 2206 2046 illud
2257 1995 2475 2047 tandem
2520 1996 2613 2054 sit,
2671 1995 2817 2064 quod
2870 1996 3044 2065 ipsius
3092 1998 3287 2052 honori
3347 1999 3607 2054 detraxit.

350 2081 459 2137 Nec
491 2097 519 2135 a
568 2082 691 2136 Nilo
724 2081 954 2136 dissidet
985 2080 1193 2150 reliqua
1224 2082 1705 2136 schismaticoruin
1740 2083 1961 2135 cohors.
2024 2081 2088 2134 Et
2118 2081 2184 2134 de
2219 2082 2301 2134 his
2330 2082 2467 2136 alias
2526 2082 2702 2135 fusius
2729 2104 2741 2137 :
2810 2086 2973 2137 modo
3001 2088 3137 2139 satis
3163 2087 3233 2141 sit
3257 2096 3607 2142 attrectasse.

425 2171 500 2224 De
524 2172 629 2224 hoc
659 2168 1268 2224 NiloTliessaloniceusi
1330 2171 1711 2224 Bonaventura
1748 2171 2068 2230 Vulcanius,
2131 2170 2228 2237 Ep.
2289 2169 2361 2243 ad
2393 2171 2655 2225 lectorem
2707 2173 2921 2240 praefixa
2957 2174 3106 2228 dicto
3155 2177 3459 2244 opusculo:
3537 2177 3610 2231 De

351 2270 566 2315 auctore
598 2260 755 2327 hujus
781 2259 966 2329 scripti
985 2259 1195 2312 variant
1232 2258 1505 2313 doctorum
1531 2261 1831 2312 sententiw.
1867 2257 2105 2312 Varietas
2140 2260 2261 2311 hinc
2336 2268 2488 2319 nata.
2526 2260 2666 2329 quod
2689 2259 2810 2313 Nilo
2836 2261 2988 2314 multi
3021 2263 3235 2332 fuerunt
3258 2265 3610 2333 cognomines.

352 2353 555 2408 Subdit
593 2352 850 2407 Neander
878 2370 891 2405 :
926 2350 1085 2405 Nilus
1116 2353 1329 2422 quando
1360 2353 1570 2414 vixerit,
1597 2370 1702 2406 non
1728 2354 1858 2406 satis
1887 2361 2113 2405 constat.
2149 2352 2280 2406 Vixit
2300 2369 2431 2405 sane
2452 2362 2569 2423 post
2609 2352 2791 2407 Caroli
2816 2354 3001 2423 Magni
3029 2356 3188 2425 primi
3216 2356 3611 2411 Germanorum

371 2442 708 2511 imperatoris
735 2448 1008 2509 tempora;
1030 2441 1269 2510 septimm
1317 2458 1548 2511 namque
1583 2442 1772 2512 synodi
1805 2440 2085 2507 aliquoties
2122 2443 2437 2493 mentionem
2463 2440 2589 2507 facit
2625 2443 2718 2507 lc).
2754 2442 2916 2495 Esto:
2942 2442 3280 2512 vixeritpost
3308 2444 3489 2499 Caroli
3540 2445 3613 2499 Μ.

356 2539 623 2598 tempora,
646 2542 772 2581 cum
803 2528 1048 2595 septimae
1077 2527 1272 2597 synodi
1298 2542 1496 2581 nomen
1522 2528 1772 2598 attingat.
1799 2528 1917 2581 Non
1939 2528 2073 2581 satis
2103 2539 2320 2582 constat
2347 2529 2588 2607 interim,
2613 2544 2725 2598 quo
2754 2538 3005 2596 tempore
3030 2532 3246 2585 vixerit.
3286 2531 3613 2597 Salinasius,

351 2617 420 2671 de
474 2614 756 2685 opusculis
811 2614 913 2669 Nili
943 2614 1452 2670 Thessalonicensis
1479 2615 1545 2669 ad
1569 2615 1833 2669 lectorem
1879 2615 2093 2676 scribit,
2128 2617 2233 2669 sibi
2267 2629 2542 2677 constare,
2576 2618 2721 2670 hunc
2749 2617 2932 2671 Nilum
2954 2635 3077 2673 esse
3136 2620 3605 2686 recentissimum;

352 2707 575 2761 Thomte
600 2707 747 2761 enim
780 2707 1071 2775 Aquinatis
1099 2707 1152 2760 iu
1195 2707 1319 2761 aliis
1346 2708 1571 2776 scriptis
1598 2707 1734 2770 suis,
1770 2723 1892 2775 quae
1929 2704 2173 2760 nonduin
2205 2704 2351 2758 edita
2403 2715 2554 2765 sunt,
2588 2705 2860 2763 meminit.
2889 2714 2946 2759 et
2990 2706 3230 2760 Thomas
3278 2709 3365 2761 ille
3418 2724 3614 2762 recen-

356 2796 599 2849 tissimus
620 2805 726 2850 est.
758 2795 976 2849 Poterat
997 2803 1179 2848 tamen
1208 2794 1444 2850 Certiora
1464 2805 1711 2865 tempora
1732 2795 2007 2865 praefinire
2035 2794 2194 2858 ,dum
2222 2809 2251 2846 a
2279 2792 2490 2847 Thoina
2518 2793 2786 2860 Aquinate
2815 2793 2881 2846 ad
2940 2794 3088 2847 hunc
3112 2795 3291 2849 Nilum
3313 2812 3420 2851 non
3448 2798 3613 2853 breve

357 2889 623 2958 temporis
658 2889 896 2958 spatium
930 2888 1258 2944 intercedat.
1290 2889 1451 2943 Hunc
1481 2904 1614 2960 ergo
1651 2889 1833 2943 Nilum
1866 2903 1969 2943 nos
2002 2889 2105 2942 sub
2137 2886 2347 2941 Joanne
2378 2884 2767 2940 Czintaciizeuo
2802 2886 3005 2939 vixisse
3038 2886 3275 2957 ﬁgimus,
3322 2905 3429 2944 una
3484 2906 3611 2944 cum

354 2977 581 3031 Nicolao
614 2976 889 3033 Cabasila.
918 2976 984 3029 ad
1018 2991 1182 3046 quem
1211 2977 1288 3031 uti
1322 2978 1463 3047 πρὸς
1483 2979 1573 3030 τὸν
1612 2977 1777 3029 αὑτοῦ
1802 2975 1939 3046 ἀνεψ

2055 2974 2132 3045 (d)
2188 2973 2438 3041 ejusdem
2486 2972 2594 3026 Nili
2634 2982 2813 3026 exstat
2863 2973 3085 3042 epistola
3123 2975 3411 3045 theologica
3451 2978 3615 3046 cujus

360 3064 727 3134 principium:
780 3064 917 3132 Περὶ
951 3064 1163 3128 ἐννοίας
1198 3067 1307 3118 τῶν
1338 3066 1792 3135 συγγραμμάτων
1814 3081 1908 3117 σου

2052 3063 2234 3119 lodice
2267 3064 2526 3119 Vaticano
2548 3063 2673 3125 652,
2711 3063 2985 3117 Demetrio
3015 3064 3379 3134 Clirysolorae,
3419 3068 3614 3121 Deme-

359 3154 467 3206 trio
528 3164 585 3206 et
626 3150 907 3206 Prochoro
938 3151 1201 3223 tiydouiis
1246 3151 1532 3217 fratribus,
1562 3169 1660 3223 pro
1701 3167 1811 3221 quo
1842 3152 2123 3207 Procboro
2154 3160 2325 3206 exstat
2373 3151 2634 3205 Demetrii
2655 3150 2843 3205 Oratio
2870 3152 2935 3204 ad
2969 3153 3314 3206 Philotheuiu
3370 3156 3611 3223 patriar-

358 3243 539 3295 cltam.
578 3240 820 3308 Prilicip.
858 3239 969 3293 Νῦν
1003 3242 1159 3309 μόλις
1185 3241 1349 3311 ἔργον
1374 3242 1563 3311 ἀνδρὸς
1588 3239 1880 3304 ἁπεδείξω,
1912 3257 1942 3305 μ

2052 3241 2191 3309 ιέχρι
2218 3238 2439 3291 πολλοῦ.
2468 3239 2534 3292 Et
2575 3237 2720 3307 quod
2760 3239 2933 3307 magis
3005 3257 3118 3295 rem
3162 3242 3380 3309 probat,
3414 3243 3616 3313 legitur

356 3331 523 3385 etiam
553 3328 791 3384 modoin
818 3329 1173 3401 Bibliotheca
1225 3330 1499 3385 Vaticana:
1557 3329 1720 3385 codd.
1755 3329 1881 3394 675,
1926 3330 2032 3384 674
2062 3340 2118 3384 et
2144 3328 2305 3391 1222,
2332 3326 2558 3382 Joannis
2593 3326 2963 3382 Cantacuzeni
3012 3331 3303 3399 responsio
3362 3331 3428 3384 ad
3465 3332 3613 3386 dieta

366 3423 660 3477 Prochori:
710 3423 844 3491 Περὶ
875 3422 1066 3485 οὐσίας
1101 3424 1196 3475 καὶ
1225 3423 1507 3493 ἐνεργείας
1535 3422 1692 3489 Θεοῦ,
1732 3423 1804 3476 De
1845 3439 1942 3476 esst

2052 3439 2072 3474 ι
2105 3432 2155 3475 et
2189 3424 2493 3493 operatione
2542 3421 2744 3474 divina.
2784 3421 3023 3490 i’rincip.
3080 3423 3361 3491 ﬂepi,p.l:v
3385 3420 3479 3478 οὖν
3506 3426 3616 3478 τῶν

358 3512 459 3581 τῆς
483 3512 765 3582 ἐνεργείας
795 3511 890 3564 τοῦ
916 3511 1054 3564 Θεοῦ
1082 3512 1243 3564 εἱδῶν
1275 3513 1418 3564 κατὰ
1448 3514 1548 3583 τὴν
1588 3516 1644 3564 ὲν
1673 3514 1986 3581 προοιμίοις
2037 3512 2398 3578 ἐπαγγελίαν.
2434 3512 2563 3564 item
2596 3510 2844 3580 ejusdem
2883 3529 2896 3565 :
2932 3510 3328 3583 ’Λντιρῤητικὰ
3361 3514 3499 3582 πρὸς
3548 3516 3619 3567 τὰ

363 3600 721 3670 προαγόμενα
755 3600 895 3669 ῥητά
922 3601 1032 3652 τῶν
1065 3601 1241 3667 ἁγίων
1284 3601 1388 3652 ὑπὸ
1422 3602 1702 3672 ΙΙροχὸρου
1729 3600 1823 3653 τοῦ
1860 3601 1940 3651 Κυ

2055 3617 2108 3670 η.
2148 3599 2500 3652 Antirrhetica
2531 3600 2600 3651 ad
2638 3599 2777 3650 dicta
2820 3597 3047 3651 Patrum
3092 3600 3264 3654 allata
3296 3620 3328 3655 a
3355 3601 3619 3656 Prochoro

361 3689 616 3759 Cydonio.
660 3688 1042 3758 Principium:
1077 3688 1259 3752 Ὀλως
1304 3690 1402 3758 μὲν
1439 3691 1539 3743 οὐκ
1588 3691 1715 3754 ἔδει,
1742 3684 1787 3741 ὧ
1856 3686 1942 3740 οῦτ

2086 3685 2535 3753 ἀπολογήσασθαί
2598 3703 2664 3753 με
2733 3686 2869 3755 πρὸς
2918 3688 2986 3739 τὰ
3040 3688 3332 3760 λεγόμενα.
3384 3693 3621 3748 Probant

358 3776 524 3830 etiam
584 3775 830 3830 eamdem
891 3785 1108 3831 aetatem
1162 3776 1281 3829 alia:
1335 3778 1824 3831 commentationes
1861 3775 2056 3828 eodem
2117 3784 2360 3842 tempore
2391 3774 2749 3832 conciiiuatie.
2787 3776 2863 3826 uti
2929 3774 3187 3832 Demetrii
3255 3778 3619 3849 Clirysolorze.

365 3863 520 3917 Κατὰ
544 3864 791 3916 Λατίνων
820 3863 979 3933 λόγος
1044 3864 1392 3929 συνοπτικὸς,
1430 3863 1522 3931 ἀφ’
1553 3859 1628 3916 ὧν
1662 3864 1884 3933 ἐποίησε
1904 3862 2098 3925 Νεῖλος
2126 3862 2560 3932 ἀρχιεπίσκοπος
2592 3860 3017 3930 Θεσσαλονίκης.
3075 3864 3412 3932 Principium
3444 3883 3457 3917 :
3495 3869 3621 3937 ’Δρ-

362 3951 491 4019 χαία
511 3951 639 4017 δόξα
670 3950 769 4020 τῆς
827 3950 1159 4020 Ἐκκλησίας
1205 3951 1282 4014 ὡς
1339 3953 1403 4003 ὲκ
1431 3950 1524 4003 τοῦ
1563 3950 1692 4003 Υὶοῦ
1722 3951 1783 4003 τὸ
1823 3949 2069 4019 Πνεῦμα.
2095 3950 2228 4003 Item
2275 3948 2520 4014 ejusdem
2552 3949 2809 4014 Διάλογος
2838 3950 3184 4020 ἀναιρετικδς
3213 3951 3305 4004 τοῦ
3338 3953 3519 4021 λόγου,
3556 3956 3617 4008 ὃν

363 4039 602 4109 ἔγραψεν
632 4038 947 4109 Δημήτριος
970 4042 998 4093 ὁ
1032 4039 1295 4109 Κυδώνης
1323 4040 1466 4093 κατά
1497 4040 1590 4093 τοῦ
1622 4041 2028 4111 Θεσσαλονίκης
2059 4042 2255 4113 κυρίου
2308 4040 2500 4092 Νείλου
2536 4038 2630 4091 τοῦ
2657 4038 2964 4094 Κασασίλα.
2999 4038 3336 4110 Principium
3372 4060 3385 4096 :
3426 4046 3618 4111 Μέγας

365 4127 470 4194 μὲν
500 4130 526 4180 ό
552 4128 660 4179 τῶν
702 4128 997 4196 ὁμοφύλων
1029 4127 1153 4181 καθ’
1195 4128 1354 4199 ἡμῶν
1376 4128 1636 4198 πόλεμος,
1675 4136 1731 4182 ct
1754 4132 1942 4182 laudet

2052 4146 2094 4183 ie
2120 4129 2278 4197 plura
2322 4128 2430 4181 huc
2457 4141 2733 4197 aggeram,
2771 4126 3031 4181 Demetrii
3062 4128 3294 4197 Cydonii
3328 4131 3466 4200 πρὸς
3488 4135 3614 4194 τοὺς

361 4217 459 4269 τοῦ
490 4215 773 4270 Καὸασίλα
806 4216 1069 4284 ἐλέγχους
1095 4217 1237 4270 κατὰ
1263 4217 1373 4270 τῶν
1399 4219 1528 4286 περὶ
1556 4219 1652 4287 τῆς
1678 4217 2069 4286 ὲκπορεύσεως
2118 4216 2212 4267 τοῦ
2244 4217 2404 4283 ἁγίου
2463 4215 2786 4283 Πνεῦματος
2828 4214 3141 4280 κεφαλαίων
3183 4216 3276 4268 τοῦ
3336 4220 3616 4288 μακαρίου

363 4306 558 4373 Θωμᾶ.
596 4304 939 4373 Principium
972 4321 986 4357 :
1032 4304 1097 4357 Ἦ
1132 4306 1234 4374 μὲν
1281 4307 1427 4359 κατά
1476 4306 1729 4360 Λατίνων
1758 4304 2040 4376 προθυμία
2068 4305 2163 4357 τοῦ
2194 4305 2386 4374 ἀνδρὸς
2442 4304 2635 4356 τούτου
2683 4302 2898 4373 μεγάλη
2952 4303 3047 4354 καὶ
3096 4303 3407 4377 θαυμαστή.
3447 4307 3512 4359 Ει
3549 4324 3617 4362 ne

364 4395 627 4462 patientia
660 4403 750 4448 tua
791 4395 1005 4453 abutar,
1040 4392 1246 4448 videsis
1282 4409 1381 4463 per
1413 4403 1465 4449 te
1490 4396 1667 4464 ipsum
1698 4393 2145 4450 Cantacuzenum
2185 4395 2238 4448 in
2277 4392 2537 4458 Historia,
2573 4401 2628 4445 et
2660 4391 3004 4461 potissimum
3042 4391 3137 4445 lib.
3171 4409 3222 4455 ν,
3252 4409 3371 4464 cap.
3418 4396 3506 4448 16.
3539 4397 3615 4451 lbi

364 4493 553 4537 narrat
587 4484 884 4552 imperator
917 4480 1337 4537 Cantacuzeuus
1380 4499 1437 4538 se
1471 4484 1735 4539 molestiis
1780 4486 1986 4538 exsolvi
2040 4484 2376 4553 cupientem,
2406 4497 2470 4537 ac
2525 4498 2699 4551 genus
2740 4482 2960 4537 vivendi
3016 4483 3290 4551 placidum
3355 4485 3615 4540 minime-

363 4588 473 4640 que
503 4571 845 4641 negotiosum
868 4571 1260 4640 suspirantem,
1294 4586 1419 4625 cum
1458 4573 1741 4627 statuisset
1794 4573 2058 4627 translato
2090 4572 2322 4642 imperio
2354 4571 2748 4625 monachorum
2800 4571 3053 4626 instituta
3092 4572 3313 4637 seetari,
3371 4574 3438 4627 ad
3471 4575 3615 4629 hanc

364 4658 730 4713 secessionem
762 4658 941 4713 socios
967 4658 1241 4712 addidisse
1268 4658 1552 4712 Nicolaum
1580 4658 1885 4713 Cabasilam
1950 4668 2007 4713 et
2058 4659 2395 4714 Demetrium
2421 4657 2720 4727 Cydonem,
2748 4661 2839 4727 qui
2868 4669 3098 4712 externa:
3159 4662 3433 4729 sapientiae
3465 4664 3619 4730 fasti-

363 4753 509 4816 gium
538 4748 848 4815 attigerant,
883 4755 931 4798 et
961 4745 1189 4798 moribus
1236 4745 1661 4817 philosophantes
1688 4748 1849 4800 vitam
1898 4749 2152 4810 cwlibem,
2188 4746 2657 4816 conjugaliumque
2718 4747 3176 4815 perturbationum
3208 4761 3471 4818 expertem
3503 4770 3619 4805 am-

364 4834 506 4906 plexi
534 4834 765 4902 fuerant.
799 4831 1057 4897 Quocirca
1087 4833 1413 4903 praecipuum
1429 4837 1619 4904 gratia:
1666 4836 1933 4900 amicitite,
1970 4846 2017 4888 et
2057 4834 2446 4904 familiaritatis
2497 4832 2669 4887 locum
2700 4836 2841 4904 apud
2897 4836 3269 4903 imperatorem
3294 4838 3619 4893 obtinebant.

367 4930 533 4984 Notat
554 4940 813 4998 praeterea
840 4926 1141 4981 Salmasius
1164 4927 1368 4982 ibidem
1399 4943 1506 4983 non
1540 4928 1896 4983 mediocriter
1926 4945 2113 4984 errare
2154 4930 2332 4983 virum
2355 4928 2796 4983 eruditissimum
2832 4929 2928 5001 (ε),
2965 4933 3060 5000 qui
3100 4929 3285 4983 Nilum
3317 4930 3620 4986 Thessalo-

446 5042 514 5109 (ε)
548 5039 749 5094 Eadem
781 5037 945 5092 Flacii
996 5038 1159 5093 verba
1190 5049 1340 5104 sunt,
1373 5041 1582 5111 praefat.
1635 5042 1702 5095 ad
1735 5040 1841 5095 Nili
1871 5042 1941 5095 li-

446 5042 514 5109 (e)
548 5039 749 5094 Eadem
781 5039 945 5092 Flacii
996 5039 1159 5093 verba
1190 5049 1340 5104 sunt,
1373 5041 1582 5111 praefat.
1635 5042 1702 5095 ad
1735 5040 1841 5095 Nili
1871 5042 1941 5095 li-
2051 5051 2189 5096 stam
2222 5055 2343 5094 esse
2381 5039 2497 5102 ait,
2533 5054 2701 5108 quare
2744 5040 2797 5093 in
2842 5039 3043 5094 Codice
3068 5040 3160 5095 illo
3210 5039 3457 5094 Caesareo
3488 5041 3621 5096 Ora-

368 5112 593 5165 bellum.
2053 5113 2297 5165 tionibus
2336 5109 2601 5165 Cabasilre
2686 5110 2791 5164 Nili
2819 5110 3061 5165 Enistola
3088 5111 3469 5165 subiungatur.

406 5115 593 5164 ellum.

2053 5113 2297 5165 tionibus
2336 5109 2601 5165 Cabasilre
2686 5110 2791 5164 Nili
2819 5110 3061 5178 Epistula
3088 5111 3469 5180 subjungzitur.

440 5184 515 5247 (d)
545 5181 599 5234 lu
628 5179 763 5233 bibl.
802 5177 1047 5250 Caasarea
1081 5188 1219 5235 teste
1245 5181 1513 5243 Nesselio,
1533 5196 1585 5250 p.
1610 5181 1736 5244 555.
1765 5190 1945 5236 exstat

368 5253 529 5305 etiam
553 5250 659 5304 Nili
696 5250 859 5317 hujus
896 5249 1132 5317 Epistula
1163 5251 1228 5303 ad
1255 5255 1461 5305 sororis
1501 5249 1613 5306 sine
1651 5252 1818 5304 filium
1851 5250 1945 5305 Ni-

370 5324 580 5373 colaum
610 5318 940 5380 Cabasilam,
973 5320 1040 5373 de
1070 5318 1327 5374 Oratione
1379 5322 1497 5390 ejus
1554 5321 1941 5375 enconiiastica

374 5391 504 5443 ius.
559 5403 852 5458 martyrem
911 5390 1279 5443 Demetrium:
1340 5390 1625 5459 Ἐπιστολὴ
1656 5393 1749 5443 τοῦ
1805 5393 1943 5458 πρὸς

376 5461 575 5527 μητρὸς
636 5459 779 5509 Θείου
832 5460 983 5531 κυρῷ
1032 5461 1286 5531 Puteolani
1319 5460 1397 5528 τῷ
1429 5461 1943 5531 Καὸασίλᾳηὰγιω-

373 5546 532 5600 samo
580 5529 979 5600 μητροπολίτου
1022 5529 1446 5600 Θεσσαλονίκης,
1508 5529 1934 5599 κυροῦΝείλου.

376 5599 706 5662 l’rineipiiiiu
743 5600 903 5664 hujus
939 5596 1191 5666 Epistula:
1222 5596 1431 5653 nonest
1462 5618 1490 5652 :i
1526 5596 1742 5653 verbis:
1790 5600 1853 5651 Ἢ
1883 5600 1940 5651 δὲ

374 5673 516 5719 stitia
552 5669 686 5734 δήλη
711 5667 775 5739 δι]
807 5669 874 5739 ἢν
897 5664 1003 5739 tta-ti
1039 5664 1139 5739 ἅδε
1166 5672 1443 5739 τέτακται,
1481 5682 1536 5722 ttt
1567 5674 1713 5739 legas
1765 5671 1819 5722 iit
1853 5686 1945 5737 ap-

377 5744 600 5804 peuitice
632 5739 698 5787 ad
734 5736 794 5790 γ.
820 5738 879 5790 U.
905 5738 1054 5791 Guil.
1085 5738 1273 5791 Cavci.
1303 5739 1435 5793 Hist.
1469 5736 1815 5803 litterariam,
1850 5736 1943 5791 scd

380 5812 537 5883 verba
560 5808 651 5881 illa
680 5808 889 5861 librarii
944 5820 1067 5862 sunt
1093 5847 1108 5873 ,
1157 5811 1355 5874 quibus
1395 5806 1676 5871 rationein]
1727 5809 1949 5863 manife-

2122 5183 2194 5249 (e)
2251 5182 2451 5233 Bonav.
2522 5180 2843 5233 Vulcanium
2876 5181 2928 5233 in
2994 5182 3140 5248 praef.
3181 5184 3245 5233 ad
3273 5181 3379 5234 Nili
3411 5183 3613 5236 lihrum

2056 5249 2132 5303 De
2158 5253 2388 5318 primatu
2418 5266 2570 5318 papa:
2594 5250 2804 5303 editum
2842 5267 2870 5304 a
2898 5266 2954 5303 se
2986 5266 3016 5303 e
3045 5266 3147 5303 ms.
3180 5251 3320 5303 Bibl.
3348 5251 3617 5307 νηιιωηω

2053 5332 2106 5407 et
2146 5320 2339 5407 Lat-ine
2363 5322 2635 5407 redditum
2660 5320 2831 5407 Lugd.
2877 5321 3209 5407 Bat."i:‘l)'93,.
3246 5325 3297 5384 8,
3329 5321 3472 5407 apud
3509 5322 3609 5407 lla:

2054 5390 2427 5459 plieleugium.
2461 5390 2759 5459 Subjuiixit
2788 5406 2953 5459 porro
2987 5391 3284 5445 Vulcanius
3344 5390 3531 5444 Graece
3558 5403 3615 5446 et

2054 5461 2249 5513 Latine
2277 5462 2494 5512 initium
2523 5462 2941 5527 disceptationis
2964 5459 3135 5513 Graeci
3164 5469 3218 5513 et
3248 5465 3613 5530 quorumdam

2045 5530 2422 5598 καλδηναρίων
2455 5529 2860 5655 (σανιιίηαίὶαἪ
2888 5541 3049 5598 atque
3086 5529 3339 5599 excerpta
3367 5532 3614 5598 quaedam

2048 5600 2224 5655 ciusd.
2257 5601 2637 5655 arauineiitiex
2666 5602 2787 5654 aliis
2865 5602 2919 5653 ili
2951 5600 3173 5655 scriptis
3198 5613 3252 5655 et
3278 5602 3523 5655 libezlum
3550 5604 3614 5655 de

2048 5600 2224 5668 cjusd.
2257 5601 2637 5668 arguineiitiex
2666 5602 2787 5654 aliis
2812 5600 2919 5655 Nili
2951 5600 3173 5668 scriptis
3198 5613 3252 5656 et
3278 5602 3523 5655 libezlum
3550 5604 3618 5657 de

2053 5670 2176 5737 igne
2222 5671 2556 5740 purgatorio,
2594 5671 2840 5740 ejusdem
2870 5671 3209 5724 utcredibile
3235 5683 3336 5737 est,
3356 5671 3485 5739 Nili,
3509 5673 3619 5727 nisi

2056 5740 2237 5793 Marco
2276 5739 2689 5807 Ephesioillum
2733 5744 2979 5795 tribuere
3027 5744 3203 5796 malis.
3238 5741 3431 5795 Latine
3465 5744 3623 5799 deni-

2059 5825 2166 5870 que
2202 5810 2485 5869 subiunxit
2518 5811 2832 5867 Excerotae
2858 5811 3069 5867 svnodo
3101 5812 3438 5867 Floreiitina.
