4040 6470
367 267 475 333 ’113

1595 274 1696 334 DE
1753 273 2103 335 PRIMATU
2168 278 2405 344 ΡΑΡΛΞ.

3516 278 3634 373 fut

365 383 691 453 δικαστήρια
732 384 1147 456 κατατρεχέτογ
1200 386 1338 441 ἀλλὰ
1374 388 1642 458 πρότερον
1675 391 1777 459 τὴν
1806 390 1911 443 ὑπό

2052 392 2191 449 ualia
2216 411 2274 450 se
2299 396 2553 453 conterat
2580 413 2593 450 :
2649 396 2745 452 sed
2792 395 2949 465 prius
2995 409 3109 450 rem
3137 395 3352 466 aperiat
3386 410 3487 452 suo
3513 398 3635 467 epi-

365 474 516 528 θεσιν
545 476 878 545 γυμναζέτω
931 478 1082 546 παρά
1119 478 1199 546 τῷ
1247 480 1363 549 ἰδίῳ
1397 481 1705 551 ἐπισκόπῳ,
1737 481 1770 551 ἢ
1816 480 1943 548 γοῦν

362 566 561 640 γνώμη
599 568 906 621 επισκόπου
945 571 1102 640 παρά
1149 565 1234 631 οἷς
1266 569 1334 624 ἂν
1361 572 1428 623 τὰ
1470 572 1765 642 ἀμφότερα
1798 573 1939 642 μέρη

364 656 687 727 βούλωνται,
718 662 784 713 ei
822 662 922 729 τῆς
970 659 1130 729 δίκης
1189 663 1619 732 συγκροτείσθω.
1655 664 1717 718 Ei
1755 664 1813 718 δέ
1854 682 1942 729 τις

360 749 515 819 παρὰ
538 748 712 804 ταῦτα
752 752 994 820 ποιήσει,
1025 756 1331 816 κανονικοίς
1373 755 1672 825 ὶπιτιμίοις
1722 758 1943 810 ὑποκεί-

361 841 497 894 σθω.
527 841 589 893 El
635 842 691 895 δὲ
735 843 1001 912 κληρικὸς
1049 846 1285 916 πρᾶγμα
1314 845 1427 916 ἔχει
1449 849 1594 919 πρὸς
1622 849 1714 903 τὸν
1749 850 1940 922 ίδιονῆ

360 931 499 999 πρὸς
529 929 715 1000 ἕτερον
744 933 1066 999 ἐπίσκοπον,
1096 938 1248 1004 παρά
1288 939 1355 1005 τῇ
1392 939 1597 1008 συνόδῳ
1627 939 1726 1009 τῆς
1769 941 1942 1011 ἐπαρ-

358 1022 479 1090 χίας
526 1023 855 1086 δικαζέσθω.
901 1026 961 1078 Εί
997 1028 1053 1080 δὲ
1095 1029 1234 1100 πρὸς
1279 1030 1372 1083 τὸν
1423 1031 1525 1099 τῆς
1555 1033 1731 1102 αὐτῆς
1758 1035 1936 1105 ἐπαρ-

358 1114 483 1182 χίας
521 1116 927 1199 μητροπολίτην
965 1121 1325 1192 ἐπίσκοποςῆ
1359 1122 1623 1193 κληρικδς
1652 1126 1935 1205 ἀμφισϐη-

355 1203 500 1272 τείη,
534 1207 891 1260 καταλαϐἐτω
939 1209 1031 1262 τὸν
1089 1209 1319 1281 ἔξαρχον
1379 1217 1479 1284 τῆς
1518 1216 1867 1288 διοικήσεως,
1901 1221 1934 1290 ἦ

354 1293 450 1347 τὸν
482 1295 584 1364 τῆς
618 1297 1013 1370 βασιλευούσης
1047 1303 1460 1359 Κωνσταντὶνου
1493 1309 1702 1373 πόλεως
1724 1312 1935 1380 θρόνον,

352 1388 446 1438 καὶ
477 1386 567 1439 ἐπ’
608 1390 762 1458 αὐτῷ
798 1390 1128 1454 δικαζέσθω.
1170 1413 1189 1445 ι
1231 1396 1313 1449 Τά
1335 1398 1478 1450 αὖτᾶ
1504 1401 1936 1457 καὶόἑπτακαι-

348 1477 577 1542 δέκατος
618 1481 718 1551 τῆς
764 1483 936 1554 αὐτῆς
989 1486 1214 1540 συνόδου
1266 1489 1453 1559 φησίν.
1490 1491 1551 1545 ’0
1590 1492 1647 1544 δὲ
1687 1494 1937 1558 είκοστὸς

350 1568 537 1637 ὄγδοος
572 1573 670 1640 τῆς
704 1572 878 1643 αὐτῆς
910 1576 1158 1642 συνόδου,
1208 1575 1304 1632 καὶ
1339 1584 1367 1632 δ
1397 1584 1730 1653 τριακοστὸς
1772 1586 1935 1650 ἕκτος

350 1661 453 1729 τῆς
496 1664 685 1736 ἕκτης,
720 1667 829 1720 τῶν
874 1669 1058 1724 αὐτῶν
1087 1673 1374 1738 ἀξιοῦντες
1413 1678 1724 1747 πρεσϐείων
1755 1683 1934 1751 ἀμφο-

349 1754 542 1824 τέρους
566 1758 692 1819 τοὺς
715 1757 960 1828 θρόνους,
989 1761 1178 1829 σαφῶς
1202 1765 1298 1819 καὶ
1319 1765 1419 1837 τὴν
1445 1766 1636 1836 ἔφεσιν
1656 1770 1734 1840 τῷ
1757 1772 1932 1845 θρόνῳ

346 1846 448 1915 τῆς
479 1847 897 1904 Κωνσταντίνου
930 1853 1193 1910 διδόασιν.

422 1938 545 1994 Ὀτι
588 1939 667 2005 δὲ,
703 1943 918 2009 πάντας
961 1946 1277 2019 ἀνακρίνων
1327 1951 1514 2020 αὐτὸς,
1556 1955 1654 2009 ὑπ’
1708 1958 1929 2025 οὐδενὸς

346 2029 728 2101 ἀνακρίνεται,
755 2034 917 2089 τοῦτο
969 2037 1067 2090 καὶ
1099 2037 1318 2108 ψεῦδος,
1353 2044 1450 2096 καὶ
1498 2048 1615 2109 τοϊς
1649 2034 1760 2102 τῶν
1790 2050 1932 2105 ἀπο-

347 2123 553 2177 στόλων
599 2124 784 2179 ῐθεσιν
817 2126 880 2182 οὐ
916 2130 1231 2199 συμϐαίνει.
1268 2132 1332 2187 El
1381 2133 1525 2215 γὰρ,
1553 2140 1763 2206 Παῦλος
1811 2160 1937 2221 κοιτ

345 2214 534 2270 νοῦται
563 2219 676 2282 τοῖς
712 2219 896 2285 ἀλλοις
937 2223 1000 2275 τδ
1032 2222 1396 2294 Εὐαγγέλιον,
1425 2214 1626 2302 μήπως
1654 2236 1735 2299 είς
1768 2216 1927 2291 κενὸν

344 2308 533 2379 τρέχει
585 2310 619 2381 ἢ
677 2310 911 2382 ἔδραμε,
943 2315 1042 2369 καὶ
1084 2317 1253 2371 ιιιιιὶλιν
1301 2319 1505 2391 Πέτρος
1560 2324 1927 2397 ἐπιτιμῶντος

343 2401 596 2472 ἀνέχεται
650 2404 863 2458 Παύλου
891 2422 906 2438 ο
955 2407 1074 2472 πῶς
1124 2402 1281 2476 οὗτος
1345 2412 1603 2487 καθάπερ
1658 2420 1924 2492 τύραννος

342 2494 638 2549 ἀνεύθυνον
668 2495 782 2562 ἔξει
802 2497 896 2552 τὸν
922 2499 1061 2569 βίον,
1094 2502 1190 2555 καὶ
1218 2502 1393 2558 ταῦτα
1435 2507 1643 2579 Πέτρου
1677 2511 1924 2584 διάδοχος

342 2580 483 2639 εῖναι
513 2586 974 2658 φιλοτιμούμενος
998 2608 1012 2655 ς
1049 2593 1171 2647 ὀτι
1200 2594 1257 2648 δὲ
1290 2597 1387 2651 καὶ
1433 2598 1629 2668 ψεῦδος
1659 2604 1721 2656 τὸ
1750 2580 1926 2659 τοιοῦ-

340 2695 452 2743 τον,
488 2680 683 2749 σαφές.
721 2682 855 2752 Περὶ
904 2683 1007 2754 μὶν
1049 2685 1159 2739 τῶν
1188 2686 1479 2758 δογμάτων
1524 2693 1783 2766 Ὃνιίιριος
1811 2701 1926 2762 τοῖς

341 2770 476 2839 παρ’
507 2772 644 2840 ἡμῖν
702 2776 996 2844 μαρτυρεῖ,
1032 2774 1091 2837 δς
1135 2777 1347 2847 κριθεὶς
1403 2784 1553 2851 παρά
1609 2787 1708 2853 τῆς
1755 2787 1924 2860 ἕκτης

341 2862 588 2925 συνόδου,
613 2864 692 2933 τῷ
722 2864 1026 2935 ὰναθέματι
1067 2870 1369 2941 παρεδόθη,
1395 2873 1518 2928 οὐδὲ
1554 2878 1648 2929 τοῦ
1684 2878 1918 2935 Θανάτου

340 2955 833 3025 παραιτησαμένου
870 2960 962 3013 τὸν
994 2960 1291 3030 ἄνθρωπον
1311 2979 1327 2996 ο
1361 2967 1491 3036 περὶ
1521 2966 1579 3021 st
1619 2968 1722 3040 τῆς
1750 2972 1921 3043 ἄλλης

2041 484 2241 553 secpo;
2280 487 2365 541 vel
2399 496 2548 542 certe
2591 503 2660 542 ex
2707 487 2939 542 arbitrio
2982 486 3253 556 episcopi,
3288 487 3430 556 apud
3485 503 3627 558 quos

2042 574 2263 643 utrique
2314 579 2455 645 parti
2515 578 2805 646 placuerit,
2870 579 3245 633 controversia
3305 578 3624 634 ventiletur.

2043 663 2101 720 Si
2125 668 2248 737 quis
2290 684 2421 723 vero
2461 678 2655 724 contra
2688 669 2900 737 fecerit,
2928 670 3212 725 canonicis
3261 671 3627 742 correptioni-

2041 753 2146 810 bus
2172 755 2281 810 erit
2325 758 2617 812 obnoxius.
2664 756 2719 812 Si
2759 767 2942 812 autem
2993 758 3198 813 clerico
3245 760 3626 814 controversia

2036 847 2113 902 sit
2143 863 2268 903 cum
2299 864 2422 911 suo,
2454 850 2538 903 vel
2567 864 2692 904 cum
2726 851 2832 905 alio
2860 851 3140 921 episcopo,
3177 851 3319 921 apud
3352 852 3623 922 synodum

2036 940 2341 1007 provinciae
2385 940 2686 1011 judicetur.
2734 941 2792 996 Si
2840 956 2974 996 vero
3022 958 3146 997 cum
3200 943 3625 1012 metropolitano

2040 1024 2424 1085 controversia
2477 1030 2786 1088 intercedat
2820 1033 2985 1088 alicui
3036 1034 3321 1104 episcopo,
3380 1034 3465 1089 vel
3513 1034 3626 1088 cle-

2037 1119 2176 1182 rico,
2223 1121 2386 1175 adeat
2436 1122 2758 1191 praefectum
2793 1123 3075 1190 dioecesis,
3124 1134 3222 1178 aut
3272 1124 3435 1193 regiae
3468 1123 3622 1177 urbis

2034 1210 2591 1284 Constantinopoleos
2624 1216 2834 1282 sedem,
2888 1228 2945 1272 et
2996 1218 3138 1287 apud
3184 1219 3357 1287 ipsam
3407 1217 3622 1287 judice-

2037 1313 2147 1360 tur.
2189 1323 2207 1356 ι
2242 1306 2393 1360 idem
2419 1308 2674 1365 decernit
2700 1311 2864 1364 etiam
2908 1309 3157 1366 decimus
3181 1313 3452 1380 septimus
3478 1310 3621 1381 οξυϐ-

2037 1396 2161 1450 dem
2198 1398 2389 1468 synodi
2426 1414 2621 1455 cannon.
2673 1401 2977 1457 Vicesimus
3023 1419 3156 1457 vero
3200 1412 3427 1458 octavus
3471 1403 3620 1472 ejus-

2032 1487 2158 1543 dem
2210 1492 2427 1561 synodi,
2480 1502 2537 1547 et
2591 1495 2902 1549 tricesimus
2954 1504 3142 1550 sextus
3189 1506 3379 1555 sexum,
3423 1493 3618 1548 iisdem

2040 1582 2421 1649 prmrogativis
2453 1583 2745 1653 dignantes
2775 1597 3064 1655 utramque
3092 1588 3300 1650 sedem,
3330 1584 3619 1640 manifeste

2034 1672 2197 1725 etiam
2218 1674 2670 1730 Provocationem
2702 1677 3327 1748 Cmstautinopolitana:
3356 1677 3476 1734 sedi
3518 1678 3619 1732 tri-

2038 1763 2237 1816 buunt.

2102 1943 2259 2012 Quod
2287 1960 2418 2001 vero
2460 1961 2598 2018 papa
2630 1963 2825 2005 omnes
2857 1949 3088 2020 judicct,
3131 1953 3249 2023 ipse
3295 1968 3430 2009 vero
3463 1969 3489 2006 a
3521 1970 3616 2011 ne-

2040 2034 2190 2090 mine
2213 2036 2513 2105 judieetur.
2544 2038 2744 2093 falsum
2769 2050 2877 2105 est,
2908 2050 2966 2096 et
2996 2042 3316 2111 apostolicis
3344 2044 3615 2102 institutis

2032 2122 2474 2180 dissentaucum.
2495 2125 2697 2183 Paulus
2722 2129 2870 2184 enim
2899 2134 3272 2189 communicat
3294 2135 3419 2191 aliis
3435 2135 3616 2190 Evan-

2029 2215 2335 2284 gelium,ue
2368 2216 2422 2270 in
2458 2231 2659 2271 vanum
2699 2229 2909 2285 currat,
2956 2231 3049 2277 aut
3072 2226 3398 2281 cucurrerit.
3415 2226 3614 2282 Petrus

2031 2307 2161 2363 item
2194 2310 2405 2379 patitur
2432 2326 2491 2365 se
2519 2325 2549 2364 ο
2577 2311 2744 2366 Paulo
2781 2311 3071 2382 increpari.
3113 2315 3234 2381 Quo
3280 2330 3439 2385 pacto
3476 2334 3613 2373 vero

2030 2415 2167 2469 papa
2198 2401 2480 2457 Romanus
2509 2404 2683 2458 instar
2724 2407 2935 2476 tyranni
2969 2408 3177 2462 nullum
3211 2409 3466 2468 admittet
3488 2414 3613 2468 vita:

2027 2506 2141 2548 suae
2168 2497 2499 2550 censorem?
2529 2512 2654 2552 cum
2688 2499 2894 2568 alioqui
2922 2501 3067 2555 Petri
3118 2516 3177 2558 se
3228 2517 3606 2559 successorem

1968 2606 1971 2619 ι
2027 2598 2152 2639 esse
2204 2586 2512 2656 glorietur?
2566 2591 2638 2645 At
2694 2589 2799 2644 hoc
2854 2591 3149 2646 manifeste
3201 2592 3398 2649 falsum
3458 2610 3608 2664 esse,

2005 2677 2176 2746 ‘quod
2211 2679 2435 2747 quidem
2479 2680 2544 2734 ad
2578 2682 2835 2752 dogmata
2869 2691 3091 2750 attinet,
3130 2685 3411 2743 Honorius
3440 2697 3612 2743 testa-

2027 2777 2136 2834 tur,
2176 2770 2269 2839 ηυξ
2297 2770 2583 2840 judicatus
2621 2789 2653 2828 a
2683 2783 2835 2829 sexta
2884 2775 3096 2847 synodo
3130 2778 3461 2833 anathemati
3492 2789 3608 2833 tra-

2024 2860 2335 2927 ditus-fuit,
2376 2877 2445 2917 ne
2477 2873 2654 2920 morte
2683 2865 2908 2935 quidem
2957 2868 3235 2923 hominem
3280 2865 3603 2928 excusante.

2022 2950 2178 3017 Quod
2214 2968 2345 3008 vero
2384 2955 2451 3010 ad
2485 2956 2610 3012 vitae
2661 2956 2932 3012 rationem
2978 2960 3337 3031 actionesque
3378 2963 3601 3030 attinet,

340 3046 621 3110 πολιτείας
679 3047 775 3103 καὶ
820 3051 952 3105 πᾶσι
1006 3052 1108 3120 μὲν
1158 3056 1348 3125 νόμοις
1398 3053 1482 3122 οἷς
1531 3052 1763 3127 ἕκαστος
1812 3066 1919 3120 τῶν

2027 3046 2287 3102 omnibus
2314 3048 2479 3103 etiam
2503 3048 2723 3119 legibus
2746 3050 2950 3120 quibus
2975 3053 3176 3122 singuli
3203 3055 3447 3126 episcopi
3474 3065 3606 3112 sunt

335 3140 658 3194 ἐπισκόπων
685 3142 994 3209 ὑπόκειται,
1029 3146 1280 3217 ἐνέχεται
1314 3151 1409 3203 καὶ
1439 3152 1638 3218 αὐτὸς,
1672 3156 1753 3218 εἰς
1793 3159 1918 3213 ἐπι-

335 3231 573 3296 σκόπους
603 3232 794 3287 τελῶν.
834 3233 1028 3288 Πολλοὶ
1070 3236 1129 3290 δὲ
1167 3238 1217 3291 οι
1265 3240 1504 3296 τοιοῦτοι
1551 3244 1662 3299 τῶν
1710 3248 1915 3318 νόμων,

332 3321 388 3374 oi
422 3321 523 3391 μὲν
553 3322 708 3395 παρὰ
730 3325 1072 3392 ἀποστόλων,
1100 3329 1149 3380 oi
1176 3328 1235 3383 δὲ
1268 3332 1424 3400 παρά
1455 3332 1567 3387 τῶν
1604 3337 1919 3408 οίκουμενι-

332 3412 448 3465 κῶν
467 3413 844 3483 ἐκτεθειμὲνοι
875 3416 1136 3471 συνόδων.
1170 3419 1284 3474 Καὶ
1318 3421 1429 3491 ίδία
1483 3425 1738 3494 φαίνεται
1765 3433 1917 3499 παρά

331 3501 445 3556 τῶν
485 3504 773 3574 μακαρίων
832 3507 1094 3577 Πατὲρων
1147 3512 1572 3585 ὲπιτιμὼμενος.
1609 3518 1915 3588 ’Δνάγνωθι

333 3596 535 3650 κανόνα
574 3596 676 3667 τῆς
710 3596 873 3667 ἀῩίας
917 3601 1013 3654 καὶ
1043 3602 1439 3675 οίκουμενικῆς
1487 3607 1657 3680 ἕκτης
1688 3611 1913 3665 συνόδου

331 3684 804 3752 τρισκαιδέκατον,
837 3685 896 3749 ὃς
942 3704 1108 3758 φησιν
1132 3705 1147 3722 ·
1193 3708 1212 3741 ι
1275 3689 1497 3764 Ἐπειδὴ
1556 3696 1614 3747 ιν
1662 3699 1728 3768 τῇ
1777 3698 1916 3753 Ῥω-

336 3774 517 3842 μαίων
568 3776 872 3849 Ἐκκλήσίᾳ
924 3780 981 3831 εν
1025 3780 1193 3842 τάξει-
1231 3783 1453 3845 κανόνος
1510 3789 1910 3854 παραδεδόσθαι

328 3867 636 3936 διέγνωμεν
668 3871 794 3932 τοὺς
828 3870 1124 3937 μέλλοντας
1153 3871 1407 3928 διακόνου
1461 3876 1495 3947 ἢ
1536 3880 1911 3951 πρεσϐυτέρου

331 3957 618 4024 ἀξιοῦσθαι
640 3963 1003 4031 χειροτονίας,
1032 3963 1447 4032 καθομολογεῖν,
1465 3967 1541 4030 ὡς
1566 3970 1668 4023 οὐκ
1691 3970 1772 4025 ἔτι
1794 3978 1910 4037 ταῖς

329 4048 515 4104 αὐτῶν
568 4051 937 4105 συνάπτονται
982 4056 1298 4122 γαμεταῖς·
1357 4058 1522 4126 ἡμεῖς
1567 4062 1646 4129 τῷ
1692 4062 1912 4137 ἀρχαίῳ

329 4142 816 4209 ἑξακολουθοῦντες
850 4144 1035 4197 κανόνι
1065 4146 1169 4215 τῆς
1196 4148 1569 4220 ἀποστολικῆς
1619 4155 1907 4226 ἀκριϐείας

326 4234 426 4288 καὶ
480 4232 708 4299 τάξεως,
758 4234 829 4288 τά
876 4234 988 4289 τῶν
1039 4235 1207 4306 ἱερῶν
1263 4238 1476 4309 ἀνδρῶν
1523 4243 1665 4297 κατὰ
1713 4248 1911 4317 νόμους

328 4324 642 4378 συνοικέσια
692 4325 787 4378 καὶ
834 4325 942 4381 ἀπὸ
986 4325 1082 4380 τοῦ
1119 4327 1214 4382 νῦν
1247 4328 1534 4400 ἐρρῶσθαι
1581 4335 1909 4410 βουλόμεθα,

2025 3135 2299 3202 obstricti,
2351 3138 2605 3195 subditus
2657 3151 2743 3198 est
2789 3150 2848 3197 et
2901 3144 3052 3214 ipse;
3087 3147 3292 3217 quippe
3324 3151 3417 3219 qui
3458 3150 3604 3205 inter

2021 3230 2312 3298 episcopos
2351 3239 2632 3287 censetur.
2678 3233 2857 3293 Multa:
2886 3241 3057 3305 porro
3097 3238 3410 3310 hujusmodi
3451 3244 3600 3314 leges

2023 3320 2220 3387 partim
2255 3323 2325 3376 ab
2359 3325 2645 3392 apostolis,
2664 3326 2864 3394 partim
2894 3344 2925 3382 a
2972 3331 3323 3400 generalibus
3350 3336 3602 3392 conciliis

2019 3421 2152 3465 sunt
2177 3417 2507 3472 conetitutae.
2546 3417 2665 3473 imo
2695 3435 2827 3475 vero
2850 3422 3016 3476 etiam
3058 3425 3413 3492 peculiariter
3441 3429 3598 3483 illum

2019 3518 2050 3557 a
2083 3504 2260 3561 beatis
2289 3504 2551 3564 Patribus
2578 3509 2929 3581 increpatum
2959 3515 3133 3571 fuisse
3177 3530 3417 3575 constat.
3455 3521 3601 3593 Lege

2021 3610 2287 3652 canonem
2317 3601 2493 3654 sancti
2519 3610 2576 3665 et
2600 3604 2876 3671 generalis
2898 3607 3120 3661 concilii
3145 3611 3284 3664 sexti
3317 3611 3597 3668 decimum

2022 3687 2272 3753 tertium,
2312 3690 2407 3759 qui
2446 3690 2526 3745 sic
2573 3692 2785 3748 habet:
2845 3713 2865 3746 ι
2895 3694 3168 3760 Quoniam
3215 3702 3271 3755 iu
3324 3704 3602 3761 Itomano-

2023 3792 2142 3830 rum
2176 3778 2417 3837 Ecclesia
2443 3781 2827 3845 lococanonis
2862 3788 3124 3846 traditum
3171 3806 3296 3849 esse
3338 3801 3629 3868 cognovi-'
3706 3824 3719 3835 κ

2018 3883 2160 3935 mus,
2195 3879 2256 3925 ut
2283 3872 2318 3926 ii
2355 3872 2451 3942 qui
2492 3874 2788 3931 ordinandi
2832 3888 2961 3933 sunt
2992 3880 3211 3938 diaconi
3248 3886 3331 3940 vel
3363 3892 3599 3961 presby-

2020 3965 2149 4025 teri,
2183 3963 2564 4032 proiiteantur,
2591 3968 2738 4037 quod
2776 3983 2890 4024 non
2927 3971 3073 4027 ultra
3108 3976 3224 4031 suis
3261 3982 3597 4049 copulentur

2017 4057 2286 4110 uxoribus
2315 4074 2329 4111 :
2364 4072 2491 4123 nos,
2518 4059 2746 4129 antiquo
2783 4061 3106 4121 insistentes
3133 4072 3335 4125 canoni
3367 4084 3597 4142 aposto-

2016 4143 2135 4201 lica:
2169 4147 2497 4218 disciplinae,
2525 4162 2693 4222 atque
2723 4153 3060 4213 ordinatioui
3108 4176 3397 4222 sacrorum
3446 4170 3595 4225 viro-

2016 4250 2157 4302 rum,
2189 4237 2431 4308 legitima
2464 4243 2721 4315 conjugia
2761 4244 2831 4300 ab
2860 4246 2969 4304 lioc
3006 4257 3253 4322 tempore
3285 4258 3469 4317 valere
3498 4279 3594 4319 vo-

2012 4325 2217 4395 lumus,
2263 4331 2413 4385 nulla
2464 4334 2678 4392 ratione
2729 4354 2923 4394 eorum
2977 4356 3103 4399 cum
3161 4351 3425 4409 uxoribus
3475 4358 3593 4413 suis

331 4414 604 4486 μηδαμῶς
633 4416 818 4470 αὐτῶν
844 4418 944 4487 τὴν
985 4419 1123 4489 πρὸς
1165 4421 1268 4486 τὰς
1313 4428 1564 4491 γαμετὰς
1611 4432 1908 4500 συνάφειαν

2020 4419 2268 4486 copulam
2323 4421 2709 4482 dissolventes.
2751 4447 2769 4481 ι
2825 4431 3030 4489 Deinde
3078 4437 3131 4492 id
3179 4441 3327 4509 quod
3375 4444 3591 4502 dictum

324 4507 658 4571 διαλύοντες.
726 4526 748 4561 ι
795 4503 928 4562 Εἶτα
974 4510 1068 4563 τὸν
1122 4511 1283 4580 λόγον
1340 4516 1842 4590 ὲπεξεργαζόμενος
1880 4527 1908 4577 ό

327 4597 509 4653 κανὼν
555 4600 795 4668 ἐπάγειο
846 4619 864 4653 ι
914 4601 983 4654 Εἴ
1030 4617 1115 4666 τις
1170 4603 1265 4659 οὖν
1310 4607 1548 4678 ὁρμήσει
1597 4615 1751 4684 παρὰ
1780 4617 1909 4680 τοὺς

322 4694 716 4758 ἀποστολικοὺς
746 4695 976 4758 κανόνας
1024 4696 1372 4768 κινούμενος,
1402 4703 1552 4766 τινὰς
1588 4705 1700 4758 τῶν
1740 4707 1907 4778 ἱερω-

327 4784 531 4851 μένων,
570 4785 964 4857 πρεσδυτέρων
1022 4790 1296 4861 φαμὲν,ἤ
1356 4793 1645 4862 διακόνων,
1695 4801 1728 4871 ἢ
1771 4802 1907 4854 ὐπο-

319 4876 609 4943 διακόνων,
641 4877 973 4947 ἀποστερεῖν
1000 4883 1106 4953 τὴν
1141 4885 1281 4955 πρὸς
1302 4887 1415 4958 τὴν
1461 4892 1703 4956 γυναῖκα
1741 4898 1907 4951 ωνὰ.

319 4985 481 5037 φειαν
512 4968 607 5023 καὶ
632 4970 941 5036 κοινωνίαν,
981 4956 1393 5041 καθαιρείσθωί
1410 4994 1431 5027 ι
1467 4978 1577 5032 Καὶ
1603 4985 1770 5037 πάλιν
1797 4984 1903 5056 τῆς

318 5057 492 5126 αὐτῆς
524 5055 688 5125 ἁγίας
731 5057 828 5111 καὶ
872 5059 1265 5131 οίκουμενικῆς
1292 5063 1517 5119 συνόδου
1545 5068 1735 5125 κακῶν
1771 5055 1902 5126 πεν-

256 5183 263 5187 -
317 5148 582 5216 τηκοστὺς
620 5150 870 5218 πέμπτος
902 5152 1068 5220 φησίν
1095 5170 1109 5184 ο
1145 5169 1165 5204 ε
1221 5154 1441 5229 Ἐπειδὴ
1474 5163 1897 5234 μεμαθήκαμεν,
1926 5214 1930 5219 .

247 5233 265 5327 ξ
317 5238 377 5290 ἑν
407 5241 473 5309 τῇ
510 5239 804 5310 Ῥωμαίων
835 5243 1014 5305 πόλει,
1051 5245 1111 5296 ἐν
1150 5247 1217 5318 τῇ
1253 5248 1384 5319 ἁγίᾳ
1431 5233 1899 5327 Τεσσαρακοστῆς

446 5298 473 5309 ..
623 5298 636 5310 .
1003 5298 1013 5305 .
1191 5298 1217 5318 ..
1441 5298 1894 5327 --ηη--ηη-..η

247 5298 268 5345 ἱ
316 5331 562 5402 νηστείᾳ,
603 5332 717 5396 τοῖς
746 5333 954 5411 ταύτης
989 5335 1236 5389 Σάϐδασι
1280 5341 1568 5417 νηστεύειν
1614 5346 1762 5415 παρὰ
1794 5350 1894 5417 τὴν

315 5419 724 5489 παραδοθεῖσαν
788 5421 1275 5498 ἑκκλησιαστηικὴν,
1315 5429 1646 5484 ἀκολουθίαν
1672 5448 1686 5463 υ
1750 5433 1895 5501 ἔδοξε

310 5514 384 5583 τῇ
421 5511 555 5582 ἀτίᾳ
578 5512 804 5583 συνόδῳ,
819 5513 964 5567 ὥστε
995 5520 1221 5587 κρατεῖν
1258 5521 1354 5576 καὶ
1384 5524 1476 5576 ἐπὶ
1500 5529 1564 5595 τῇ
1598 5527 1897 5597 Ῥωμαίων

322 5604 622 5676 Ἐκκλησία
648 5606 1121 5676 ἀπαρασαλεύτως
1150 5610 1243 5664 τὸν
1273 5614 1476 5669 κανόνα
1511 5616 1603 5671 τδν
1638 5618 1891 5690 λέγοντα,

310 5695 380 5771 Et
420 5710 504 5759 τις
562 5693 829 5765 κληρικδς
878 5696 1131 5768 εὑρεθείη
1195 5701 1262 5770 τῇ
1294 5701 1431 5774 ἀγίᾳ
1485 5704 1740 5778 κυριακῇ
1795 5726 1891 5779 νη-

601 5792 869 5852 Parnm.
906 5794 1023 5857 Gn.
1059 5794 1337 5859 CXLIX.

2014 4506 2179 4563 latius
2210 4526 2547 4583 persequens
2580 4524 2747 4588 atque
2791 4523 3073 4593 explicans
3118 4506 3321 4599 canon,
3358 4535 3590 4591 subdit:

2018 4616 2035 4648 ι
2083 4600 2136 4654 Si
2161 4605 2286 4671 quis
2313 4605 2477 4674 igitur
2496 4619 2689 4665 contra
2711 4617 3044 4683 apostolicos
3066 4635 3305 4679 canones
3325 4642 3592 4695 pra-sum-

2010 4693 2183 4760 pserit
2215 4695 2451 4767 aliquem
2490 4717 2557 4756 ex
2597 4701 2665 4757 iis
2691 4706 2787 4774 qui
2823 4721 3010 4764 sacros
3040 4693 3584 4793 ordincsacceperit,

2010 4785 2392 4856 presbyterum
2425 4792 2662 4860 scilicet,
2695 4797 2779 4850 vel
2810 4797 3132 4868 diaconum,
3166 4806 3237 4861 ab
3256 4785 3448 4867 uxoris
3472 4785 3588 4870 suae

2008 4878 2205 4947 copula
2228 4883 2493 4937 societate
2509 4899 2619 4955 que
2636 4887 2922 4958 dirimere,
2938 4892 3266 4973 deponatur.
3282 4919 3300 4954 ι
3325 4886 3584 4973 Ejusdem

2006 4984 2228 5040 quoque
2255 4975 2431 5030 sancti
2473 4987 2530 5031 et
2565 4981 2896 5037 meumenici
2937 4968 3160 5043 concilii
3189 4968 3378 5047 canon
3401 4995 3472 5051 55
3511 5000 3587 5054 ita

2007 5060 2172 5117 habet
2203 5076 2218 5117 :
2263 5082 2282 5116 ι
2321 5058 2459 5122 Cum
2491 5072 2917 5140 cognoverimus
2959 5077 3012 5131 in
3061 5076 3304 5137 Romana
3336 5082 3497 5152 urbe,
3527 5089 3586 5143 in

2005 5166 2196 5208 saucio
2220 5154 2666 5229 Quadragvsima:
2684 5164 2918 5236 jejunio,
2939 5169 3186 5239 ejusdem
3218 5173 3586 5248 Qttadragesi-

2004 5263 2104 5301 ruat
2146 5247 2403 5306 Sabbatis
2432 5253 2707 5323 jeiuuari,
2739 5270 2940 5327 prater
2955 5261 3364 5322 ordinationem
3399 5272 3583 5327 eccle—

2002 5340 2240 5395 siastica:
2285 5344 2640 5404 traditionis:
2677 5349 2855 5406 visum
2877 5365 2967 5408 est
2996 5364 3187 5411 sancto
3218 5361 3475 5425 concilio,
3522 5373 3583 5419 ut

1998 5431 2164 5487 etiam
2210 5434 2265 5488 in
2303 5435 2547 5493 Romana
2582 5441 2826 5500 Ecclesia
2882 5444 3117 5504 firmiter
3170 5461 3341 5522 atque
3385 5456 3580 5513 incon-

1998 5539 2158 5580 cusse
2204 5536 2456 5583 teneatur
2504 5546 2703 5599 canon,
2759 5539 2854 5611 qui
2898 5539 3017 5595 ait:
3054 5558 3074 5592 ι
3113 5541 3174 5598 Si
3194 5537 3320 5614 quis
3341 5544 3583 5606 clericus

1999 5616 2170 5672 luerit
2212 5618 2592 5690 deprehensus
2629 5639 2821 5684 sancto
2859 5630 3144 5689 Dominico
3181 5635 3270 5692 die
3311 5648 3407 5692 aut
3438 5629 3591 5695 Sabo.

1996 5707 2144 5776 buli),
2178 5719 2542 5782 praeterquam
2596 5732 2705 5776 uno
2743 5722 2860 5777 solo
2899 5723 3177 5795 jejunans,
3228 5725 3562 5798 deponatur.

3162 5912 3163 5917 η
3233 5820 3313 5882 ‘23
