4040 6508
399 348 507 410 ’717

1629 350 1727 409 DE
1768 347 2114 409 PRIMATU

2185 345 2418 407 PAPxE.
3543 343 3649 408 718

399 461 634 532 ἐχούσης
691 462 967 532 Γορτίνης
1017 465 1114 529 τῆς
1159 465 1303 518 κατὰ
1365 464 1591 534 Κρήτην
1650 465 1970 523 ἐπίσκοπον,

2081 458 2292 523 brevis,
2329 465 2441 512 tota
2472 471 2602 512 vero
2647 455 2702 510 in
2737 454 3147 511 constituendis
3179 455 3482 514 canonibus
3534 456 3661 514 fuit.

401 556 582 623 πάσης
627 557 684 607 ἐν
712 558 777 624 τῇ
833 555 1035 625 συνόδῳ
1063 558 1158 625 τῆς
1196 555 1336 610 κατὰ
1372 557 1593 627 Ῥώμην
1646 557 1974 628 Ἐκκλησίας

401 647 496 700 τὴν
525 646 688 699 τόπον
715 647 985 716 ἐπέχοντα
1006 663 1020 679 ο
1055 649 1215 719 δῆλον
1246 651 1303 702 δὲ
1341 651 1433 702 καὶ
1465 651 1523 714 ἐξ
1565 645 1640 703 ὧν
1671 651 1811 719 αὑτὴ
1849 652 1977 719 περὶ

401 737 606 807 ἑαυτῆς
666 740 909 808 συνεχῶς
959 740 1277 808 φθέγγεται,
1337 743 1723 814 οἰκουμενικὴν
1776 743 1978 813 ἑαυτὴν

398 829 772 896 ὀνομάζουσα.
821 833 938 884 Οὐκ
988 832 1055 885 ἂν
1087 833 1142 885 δὲ
1183 835 1480 904 ἠνέσχοντο
1527 836 1686 905 χορὸς
1716 837 1976 904 Πατέρων

401 921 660 984 τοσοῦτος
691 923 998 990 ἐπιφανοῦς
1039 923 1184 979 οὕτω
1232 926 1464 996 ψεύδους
1503 927 1731 980 ἁλῶναι.
1761 928 1836 980 Ού
1872 932 1977 996 μὴν

399 1009 542 1064 ἀλλά
570 1013 665 1063 καὶ
697 1014 730 1082 ἠ
761 1013 893 1082 ἁγία
919 1019 1014 1070 καὶ
1048 1017 1404 1088 οίκουμενικὴ
1440 1019 1641 1088 ἑϐδόμη
1673 1018 1893 1082 σύνοδος
1922 1023 1977 1073 ἐν

399 1102 730 1174 τῷ-πρώτῳ
763 1106 931 1174 αὐτῆς
976 1110 1162 1161 κανόνι
1211 1111 1389 1163 τοιάδε
1424 1112 1629 1179 φησίνο
1699 1130 1716 1163 ι
1772 1113 1976 1166 Ἀσπα-

403 1197 537 1255 σὲως
568 1196 694 1258 τοὺς
731 1195 910 1259 Θείους
953 1203 1182 1264 κανόνας
1216 1203 1690 1274 ἐνστερνιζόμεϐα,
1736 1206 1833 1256 καὶ
1863 1207 1980 1258 ὁλό-

388 1289 758 1362 -κ).ηρον¹τὴν
816 1293 995 1345 αὐτῶν
1047 1294 1324 1362 δῖαγωγὴν
1369 1296 1480 1364 (5‘2)
1538 1300 1630 1350 καὶ
1682 1299 1978 1351 ἀσάλευτον

405 1382 772 1447 κματύνομεν,
826 1384 934 1436 τῶν
975 1386 1309 1440 ἐκτεθέντων
1359 1389 1463 1441 ὑπὸ
1500 1392 1609 1442 τῶν
1659 1392 1977 1458 σαλπίγγων

403 1472 498 1524 τοῦ
529 1473 867 1542 [Ινεύματος.
893 1477 988 1528 καὶ
1029 1480 1135 1529 τῶν
1185 1480 1426 1542 τοπικῶς
1483 1484 1977 1552 συναθροισθεισῶν

405 1566 500 1617 ἐπὶ
526 1566 736 1620 ἐκδόσει
760 1569 1020 1623 τοιούτων
1044 1571 1362 1640 δογμάτων,
1397 1578 1490 1626 καὶ
1520 1576 1628 1628 τῶν
1660 1577 1832 1642 ἁγίων
1863 1580 1976 1629 Πα-

404 1657 758 1729 τρῶν’ήμὼν.
811 1662 901 1726 Ἐξ
937 1662 1055 1724 ἐνὸς
1104 1665 1484 1733 γὰριᾶπαντες
1529 1668 1620 1721 καὶ
1668 1669 1760 1722 τοῦ
1813 1671 1975 1722 αὐτοῦ

402 1753 720 1823 Πνεύματος
771 1758 1163 1825 αὖγασθέντες,
1217 1759 1426 1830 ὥρισαν
1476 1761 1545 1814 τὰ
1598 1764 1973 1834 συμφέροντα.

404 1847 517 1898 Καὶ
548 1846 640 1909 οὓς
692 1848 792 1916 μὲν
824 1850 1125 1920 ἀναθέματι
1158 1854 1616 1923 παραπέμπουσι,
1673 1857 1768 1909 καὶ
1815 1859 1978 1926 ἡμεῖς

401 1939 884 2010 ,ἀναθεματίζομεν
911 1959 924 1972 ·
967 1941 1060 2005 οὓς
1112 1943 1165 1996 δὲ
1193 1944 1272 2014 τῷ
1319 1947 1635 2016 ἀφορισμῷ,
1693 1951 1786 2001 καὶ
1817 1952 1980 2021 ἡμεῖς

403 2033 744 2100 ἀφορίζομεν
769 2051 784 2064 ·
821 2033 916 2097 οὓς
963 2036 1016 2088 δὲ
1046 2040 1112 2106 τῇ
1163 2039 1506 2108 καθαιρέσει,
1545 2043 1639 2094 καὶ
1675 2037 1981 2112 ἡμεῖς-⁸η-

403 2123 707 2192 Θαιροῦμεν
733 2142 745 2154 ·
779 2125 874 2189 οὓς
903 2128 959 2179 δὲ
988 2131 1252 2201 ἐπιτιμίῳ
1282 2120 1792 2201 παραδιδόασιξκαὶ
1818 2139 1980 2206 ἡμεῖς

401 2215 671 2280 ὡσαύτως
697 2219 1095 2289 ὑποϐάλλομεν.
1143 2223 1543 2295 Ἀφιλάργυρος
1573 2231 1679 2295 γὰρ
1706 2232 1731 2281 ό
1756 2230 1979 2300 τρόπος,

407 2310 738 2378 ἀρκούμενοι
791 2313 906 2375 τοῖς
959 2313 1248 2383 παροῦσιν,
1283 2317 1309 2366 ό
1354 2316 1606 2386 βεϐηκὼς
1656 2320 1734 2381 είς
1793 2321 1980 2389 τρίτον

400 2401 644 2470 οὐρανὸν
666 2403 759 2455 καὶ
781 2403 1023 2465 ἀκούσας
1045 2406 1256 2476 ἄρρητα
1276 2409 1518 2476 ῥήματα,
1546 2408 1754 2472 Παῦλος
1783 2413 1809 2463 ὁ
1838 2411 1981 2474 Θεῖος

405 2493 706 2551 ἀπόστολος
741 2494 1040 2564 διαρρήδην
1236 2514 1254 2546 ι
1297 2497 1357 2548 Ei
1388 2496 1445 2549 δὲ
1475 2497 1572 2550 καὶ
1604 2501 1849 2551 κανόνων
1887 2501 1983 2570 μέ-

405 2602 611 2654 μνηται
648 2587 679 2654 ἠ
719 2586 849 2652 ἁγία
880 2585 1099 2647 σύνοδος
1127 2585 1264 2654 αὕτη
1296 2589 1406 2640 τῶν
1437 2593 1810 2660 πανενερήμων
1843 2592 1982 2643 ἀπο-

407 2675 631 2740 στόὶων,
657 2674 762 2728 τῶν
788 2692 845 2727 τε
877 2673 934 2740 ἒξ
967 2676 1139 2742 ἁγίων
1161 2679 1258 2728 καὶ
1284 2677 1686 2747 οἰκουμενικῶν
1717 2682 1976 2745 συνόδων,

403 2767 472 2835 τῇ
504 2765 560 2818 δὲ
587 2767 789 2835 κυρίως
809 2767 946 2836 ἕκτῃ
978 2765 1109 2835 περὶ
1141 2767 1382 2819 κανόνων
1403 2769 1670 2839 ἐμέλησεν
1702 2772 1976 2840 οὐδαμῶς·

403 2859 522 2932 πῶς
549 2859 609 2910 ού
651 2858 939 2928 πρόδηλον,
976 2858 1050 2923 ὡς
1085 2849 1217 2928 περῖ
1254 2859 1364 2911 τῶν
1406 2862 1652 2914 κανόνων
1686 2864 1786 2931 τῆς
1820 2865 1979 2916 συνό-

403 2951 499 3005 δου
547 2952 750 3019 ταύτης
799 2952 982 3020 φησὶν,
1019 2955 1052 3024 ἢ
1082 2952 1142 3004 τὸ
1172 2952 1270 3022 τῆς
1299 2951 1468 3020 ἕκτης
1519 2954 1697 3018 ὲνδεὲς
1733 2958 1980 3028 ἀναπλη-

405 3043 488 3116 ρὼ
499 3061 632 3098 σασα
665 3045 914 3114 φαίνεται
933 3063 948 3113 ;

477 3315 552 3368 Τδ
577 3316 632 3368 δὲ
661 3321 755 3368 καὶ
785 3316 1087 3385 ἀναοέματι
1116 3317 1511 3387 παραδεδόσθαι
1559 3319 1686 3382 τοὺς
1713 3319 1778 3372 τὰ
1815 3337 1975 3372 κανο-

405 3407 535 3458 νικὰ
579 3409 637 3459 ὲν
675 3405 852 3458 οὐδενὶ
893 3407 1034 3476 λόγῳ
1068 3409 1426 3475 ποιουμένους
1475 3409 1828 3480 θεσπίσματα
1863 3413 1980 3472 πῶς

405 3499 467 3550 οὐ
511 3498 718 3566 σφόδρα
765 3498 1016 3567 φοϐερὸν,
1047 3499 1140 3550 καὶ
1167 3499 1348 3568 ψυχῆς
1388 3499 1596 3569 λιθίνης
1646 3501 1979 3564 καθικέσθαι

401 3593 703 3661 δυνάμενον
727 3610 741 3658 ;
769 3592 924 3646 Οὕτω
954 3592 1012 3644 δὲ
1042 3588 1169 3652 τοῦς
1213 3594 1447 3658 κανόνας
1491 3595 1716 3658 τούτους
1754 3598 1980 3665 κυρίους

409 3688 594 3756 ἡγεῖτο
623 3687 718 3740 καὶ
751 3688 778 3738 ὁ
819 3687 918 3755 τῆς
957 3686 1180 3756 Ῥώμης
1214 3689 1531 3753 ἐπίσκοπος,
1576 3690 1679 3752 ἕως
1721 3690 1785 3743 ἂν
1819 3693 1876 3742 ὲν
1906 3693 1980 3742 εἰ·

408 3780 548 3848 ρήνῃ
577 3778 646 3830 τὰ
679 3778 1116 3847 ἑκκλησιασςτικὰ
1151 3779 1423 3832 διετέλουν
1455 3779 1606 3846 ὄντα,
1643 3780 1717 3843 ὦς
1765 3781 1860 3834 καὶ
1888 3783 1980 3834 τον

411 3871 642 3925 πάππαν
679 3871 962 3940 Ἀδριανὺν
991 3872 1252 3942 Ταρασίῳ
1283 3872 1586 3939 γράφοντα,
1621 3874 1678 3925 ὲν
1703 3872 1982 3942 θαύματος

408 3961 566 4026 ἄγειν
593 3959 662 4011 τὰ
690 3961 812 4011 κατ’
844 3960 1028 4022 αὑτὸν,
1065 3962 1374 4029 ἐμμένοντα
1421 3963 1529 4024 τοῖς
1558 3963 1664 4014 ὑπὸ
1695 3964 1790 4031 τῆς
1821 3963 1981 4030 ἁγίας

407 4052 612 4122 ταύτης
658 4056 879 4106 συνόδου
938 4055 1238 4117 κανονικῶς
1290 4055 1612 4126 ὁρισθεῖσιν.
1683 4057 1980 4124 Ἀνάγνω¹)ι

407 4148 517 4198 ἀπὸ
544 4147 655 4199 τῶν
699 4147 1023 4216 Πρακτικὼν
1055 4134 1150 4216 τῆς
1187 4147 1423 4214 ἑϐδόμης
1471 4147 1710 4211 συνόδου,
1746 4149 1853 4201 an»
1881 4151 1982 4215 τῆς

407 4241 694 4308 ἐπιστολῆς
716 4239 809 4290 τοῦ
832 4241 1029 4293 πάππα
1062 4240 1340 4309 ’Δδριανοῦ
1369 4240 1503 4309 πρὸς
1527 4241 1804 4309 Ταράειον
1831 4243 1984 4292 Κων-

411 4333 939 4395 σταντινουπόὶεως,
973 4332 1144 4385 ταῦτα
1170 4351 1182 4362 ·
1223 4352 1238 4381 ι
1271 4333 1520 4403 Εὖρομεν
1553 4333 1610 4385 δὲ
1655 4337 1712 4386 ὲν
1755 4337 1821 4404 τῇ
1852 4352 1982 4405 προ-

410 4430 680 4500 ειρημένῃ
708 4425 964 4494 ἐπιστολῇ
1000 4429 1065 4494 τῇ
1096 4427 1345 4494 συνοδικῇ
1372 4427 1472 4496 τῆς
1501 4427 1774 4496 ὑμετέρας
1810 4429 1981 4494 ἁγιω-

2081 553 2236 619 Quod
2259 559 2439 607 autem
2461 553 2624 606 etiam
2644 553 2981 607 mcumenica
3003 551 3188 612 fuerit.
3206 553 3552 607 manifestum
3578 562 3665 607 est

2077 647 2245 700 etiam
2266 661 2332 700 ex
2361 646 2592 700 historia
2618 646 2798 700 Basilii
2822 646 3060 701 habente
3072 645 3341 717 Gortynes
3362 663 3484 716 qua:
3503 657 3590 700 est
3609 649 3661 702 in

2081 737 2244 793 Creta
2303 740 2645 808 episcOpum,
2693 741 2862 794 totius
2911 739 2966 792 in
3000 739 3211 809 synodo
3248 741 3390 810 apud
3433 739 3661 792 Romam

2083 830 2341 886 Ecclesiae
2389 832 2570 885 locum
2620 839 2920 886 tenentem.
2975 833 3205 886 Constat
3249 833 3416 886 etiam
3471 848 3537 886 ex
3569 847 3658 894 eo,

2081 921 2228 990 q’uod
2258 925 2375 987 ipsa
2416 923 2680 995 synodus,
2710 924 2785 977 de
2815 939 2875 978 se
2905 924 3168 980 continue
3209 925 3466 994 loquens,
3510 939 3662 979 mcu-

2083 1016 2351 1069 mcnicam
2404 1017 2638 1085 seipsam
2689 1028 2866 1072 vocat.
2900 1018 3086 1087 Neque
3132 1033 3264 1073 vero
3291 1017 3664 1072 commisisset

2081 1107 2220 1157 adeo
2254 1105 2516 1174 frequens
2544 1115 2602 1159 et
2626 1105 2866 1160 celebris
2902 1108 3123 1160 Patrum
3159 1116 3336 1160 ccetus
3367 1116 3428 1158 ut
3463 1109 3516 1157 in
3551 1115 3660 1158 tam

2082 1207 2272 1262 aperto
2332 1195 2621 1250 mendacio
2659 1195 3186 1265 deprehenderetur.
3249 1197 3421 1250 Porro
3473 1205 3661 1252 sancta

2080 1288 2246 1340 etiam
2293 1297 2459 1357 atque
2510 1289 2846 1342 oecumenit-a
2895 1289 3124 1357 septima
3184 1289 3426 1357 synodus
3482 1289 3662 1358 primo

2079 1395 2291 1434 canone
2323 1381 2397 1433 ita
2423 1381 2501 1434 ait
2529 1399 2542 1433 :
2571 1401 2587 1430 ‹
2615 1381 2874 1434 Libenter
2899 1383 3187 1450 obviisqee
3210 1383 3353 1435 ulnis
3377 1382 3665 1450 amplecti--

2083 1487 2207 1524 mur
2245 1487 2432 1526 sacros
2479 1488 2741 1534 canones,
2783 1474 3111 1542 (irritamque
3161 1483 3217 1530 et
3266 1475 3658 1528 inconcussum

2081 1582 2272 1620 eorum
2338 1580 2623 1629 tenorem;
2675 1570 3022 1633 roboramus,
3067 1584 3191 1638 qua:
3246 1568 3490 1636 exposita
3531 1579 3664 1623 sunt

2083 1674 2114 1712 a
2178 1659 2328 1713 tubis
2382 1659 2668 1732 Spiritus,
2731 1673 2788 1715 et
2844 1663 2908 1716 iis
2970 1662 3062 1730 qui
3127 1661 3378 1717 localiter
3434 1677 3666 1732 congre-

2085 1751 2190 1818 gati
2233 1751 2459 1805 fuerunt
2497 1753 2802 1806 adedemla
2834 1753 3103 1824 ejusmodi
3138 1754 3413 1823 dogmata,
3448 1765 3504 1810 et
3528 1772 3662 1810 san-

2082 1843 2184 1895 etis
2218 1842 2494 1895 Patribds.
2529 1844 2603 1896 Ex
2640 1859 2749 1897 uno
2782 1844 2928 1896 extim
2956 1844 3262 1910 eodemque
3301 1843 3506 1911 Spiritu
3539 1845 3664 1897 illu-

2081 1934 2260 2000 strati,
2291 1935 2444 1988 utilia
2480 1935 2868 1991 decreverunt.
2905 1937 2970 1990 Et
3013 1951 3155 2006 quos
3195 1931 3277 1991 illi
3316 1937 3659 1992 anathemati

2085 2026 2458 2090 tradiderunt,
2501 2042 2601 2081 nos
2649 2028 2814 2080 etiam
2872 2028 3169 2093 tradimus;
3223 2043 3361 2098 quos
3409 2043 3665 2097 segrege.

2084 2128 2235 2183 runt,
2271 2129 2325 2172 et
2349 2134 2451 2173 nos
2481 2135 2864 2190 segregamus;
2891 2135 3031 2190 quos
3059 2121 3455 2189 deposuerunt,
3489 2122 3659 2175 etiam

2083 2223 2183 2261 nos
2214 2207 2576 2276 deponimus;
2608 2208 2847 2277 denique
2890 2224 3029 2277 quos
3085 2208 3208 2262 aliis
3251 2209 3428 2277 poenis
3465 2208 3668 2262 multa-

2085 2309 2233 2361 runt.
2253 2311 2306 2354 et
2333 2316 2431 2354 nos
2449 2300 2705 2354 similiter
2729 2300 3250 2366 multamusqihres
3270 2301 3416 2353 enim
3445 2300 3661 2369 piorum

2083 2392 2287 2446 debent
2305 2407 2424 2446 esse
2445 2409 2472 2445 a
2498 2392 2854 2460 pecuniarum
2878 2393 3182 2461 cupiditate
3207 2392 3394 2453 alieni.
3415 2393 3665 2447 contenti

2085 2502 2182 2541 sua
2207 2496 2388 2552 sorte;
2419 2485 2884 2554 quemadmodum
2906 2487 2960 2539 in
2983 2486 3205 2540 tertium
3228 2487 3426 2540 cmlum
3457 2497 3665 2556 raptus,

2083 2579 2288 2646 quique
2315 2559 2612 2631 ineliabiiia
2639 2576 2804 2629 verba
2823 2576 3056 2641 audivit,
3087 2576 3302 2630 divinus
3325 2577 3423 2631 ille
3449 2588 3672 2647 aposto-

2083 2669 2168 2722 lus
2189 2670 2408 2732 Paulus,
2441 2677 2629 2738 aperte
2660 2669 2878 2722 clamat.
2901 2688 2922 2718 η»
2948 2667 3002 2721 Si
3028 2684 3156 2722 vero
3182 2677 3367 2723 mneta
3397 2670 3514 2723 inec
3541 2687 3671 2741 syn-

2081 2764 2222 2818 odus
2256 2765 2588 2818 mentionem
2638 2762 2768 2816 facit
2801 2776 3071 2816 canonum
3112 2763 3557 2828 apostolicorum,
3589 2767 3670 2820 si-

2084 2856 2304 2925 mulque
2329 2871 2422 2910 sex
2447 2865 2762 2908 sanctorum
2787 2859 2951 2923 atque
2983 2847 3454 2910 meumenicorum
3479 2859 3671 2912 concio

2081 2947 2282 3001 liorum
2312 2964 2325 3000 :
2363 2957 2516 3000 sexta
2543 2956 2724 3000 autem
2754 2948 2997 3018 synodus
3028 2950 3246 3016 proprie
3266 2949 3336 3002 ita
3358 2949 3526 3014 dicta,
3551 2952 3675 3004 nul-

2077 3041 2164 3095 los
2195 3041 2420 3094 omnino
2458 3055 2700 3094 canones
2726 3042 3152 3110 conscripserit;
3186 3043 3404 3096 cuinam
3435 3043 3665 3099 dubium

2011 3168 2052 3226 ϐ
2085 3147 2206 3197 esse
2233 3132 2595 3200 potest.quod
2629 3132 2695 3186 de
2741 3133 3046 3187 canonibus
3071 3133 3233 3204 hujus
3257 3135 3448 3204 synodi
3477 3139 3670 3206 loqua-

2087 3233 2194 3288 tur,
2213 3240 2334 3294 quae
2362 3224 2412 3277 id
2441 3224 2584 3293 quod
2614 3235 2779 3278 sexta:
2803 3225 2991 3280 deerat
3021 3227 3358 3294 supplevisse
3381 3230 3667 3284 cernitur?

2155 3315 2312 3381 Quod
2376 3332 2509 3371 vero
2561 3319 2897 3389 anathemati
2954 3319 3242 3373 tradantur
3273 3323 3666 3377 canonicarum

2086 3410 2541 3464 constitutionum
2604 3421 3051 3480 contemptores:
3083 3429 3192 3483 quo
3247 3425 3408 3483 pacto
3447 3433 3555 3469 non
3593 3419 3666 3472 sit.

2088 3501 2356 3565 terribile,
2413 3512 2464 3554 et
2522 3500 2607 3555 vel
2664 3488 2884 3556 saxeum
2928 3517 3023 3557 cor
3058 3507 3346 3573 penetret?
3374 3505 3516 3572 Quin
3555 3509 3666 3562 into

2085 3592 2249 3646 etiam
2287 3592 2404 3660 ipse
2447 3590 2730 3648 Romanus
2770 3593 3063 3663 episcopus
3126 3611 3298 3665 usque
3333 3599 3472 3653 adeo
3503 3601 3669 3656 hosce

2085 3697 2328 3736 canones
2389 3691 2535 3735 ratos
2605 3683 2818 3744 habuit,
2857 3685 3103 3752 quandiu
3139 3703 3242 3754 pax
3277 3698 3334 3742 et
3364 3693 3663 3747 concordia
3739 3673 3749 3682 ’

2086 3775 2230 3828 inter
2256 3774 2533 3828 Ecclesias
2563 3775 2754 3844 viguit,
2785 3786 2915 3829 utet
2953 3792 3093 3846 papa
3129 3779 3406 3836 Adrianus
3437 3784 3665 3841 Tarasio

2086 3868 2337 3920 scribens
2372 3882 2727 3936 sumnmpere
2768 3885 2892 3922 eum
2927 3870 3200 3936 laudaret,
3260 3875 3405 3942 quod
3441 3877 3495 3929 in
3533 3893 3668 3931 san-

2086 3966 2186 4011 cla:
2241 3959 2404 4026 hujus
2443 3959 2635 4027 synodi
2672 3961 3063 4013 canonieorum
3101 3963 3447 4019 decretorum
3473 3970 3664 4024 obser—

2087 4052 2308 4103 vatione
2358 4049 2700 4117 pcrsisterct.
2731 4048 2872 4120 Lege
2893 4067 2958 4106 ex
2985 4055 3135 4108 Actis
3165 4057 3414 4120 septimae
3441 4064 3663 4130 synodi,

2084 4157 2151 4196 ex
2205 4143 2434 4210 epistola
2495 4158 2646 4212 papzc
2673 4144 2896 4198 Adriani
2930 4145 2996 4198 ad
3031 4145 3314 4201 Tarasium
3347 4149 3666 4208 Constanti-

2088 4238 2352 4304 nopoleos
2405 4240 2725 4304 episcopum
2782 4239 2984 4304 scripta
3044 4238 3098 4292 in
3133 4239 3282 4294 hunc
3315 4244 3537 4299 modum
3577 4265 3590 4299 :
3635 4267 3654 4298 ι

2085 4328 2406 4382 invenimus
2457 4330 2512 4383 in
2559 4330 2817 4398 pnedicta
2867 4331 3126 4401 synodica
3175 4335 3411 4403 epistola
3460 4337 3678 4396 Vestrae.

2089 4418 2432 4483 Sauctitatis,
2463 4430 2588 4486 post
2619 4421 3019 4488 plenitudinem
3055 4423 3180 4478 ﬁdei
3207 4441 3270 4478 ex
3308 4429 3660 4487 confessione

410 4521 574 4589 σύνης
619 4518 758 4588 μετὰ
787 4517 846 4569 τι
870 4516 1143 4586 πλήρωμα
1168 4517 1264 4586 τῆς
1296 4517 1529 4580 πίστεως
1557 4521 1655 4586 τῆς
1688 4519 1979 4586 ὁμολογίας

2087 4511 2225 4565 sacri
2260 4512 2517 4581 symboli,
2553 4522 2608 4566 et
2658 4515 2904 4569 omnimn
2971 4527 3288 4574 sanctorum
3329 4538 3423 4577 sex
3477 4530 3659 4581 conci-

405 4611 501 4664 τοῦ
536 4612 682 4680 ἱεροῦ
717 4609 1012 4676 συμϐόλου,
1047 4610 1143 4662 καὶ
1175 4609 1366 4661 πασῶν
1396 4611 1505 4660 τῶν
1553 4611 1725 4676 ἁγίων
1760 4609 1818 4674 ἒξ
1854 4629 1979 4663 συνο·

393 4704 560 4770 ’όδων,
604 4703 699 4754 καὶ
729 4702 861 4770 περὶ
887 4701 996 4752 τῶν
1041 4701 1202 4770 ἱερῶν
1247 4702 1336 4753 καὶ
1367 4701 1582 4752 σεπτῶν
1611 4705 1980 4771 χαρακτήρων

397 4797 594 4867 εθαῦμα
626 4797 890 4859 αἰνέσεως
932 4795 1028 4848 καὶ
1058 4793 1439 4863 περιπτύξεως
1493 4792 1661 4857 ἄξιον,
1702 4795 1978 4862 περιέχον,

407 4895 627 4946 ὃτι-Καὶ
656 4893 723 4944 τὰ
753 4891 857 4943 ὑπὸ
904 4891 998 4961 τῆς
1031 4889 1200 4958 αὐτῆς
1236 4889 1396 4954 ἁγίας
1425 4887 1588 4957 ἕκτης
1622 4887 1840 4939 συνόδου
1891 4889 1981 4941 δέ·

407 4973 576 5058 χυμαι
619 4986 760 5054 μετὰ
788 4984 1006 5036 πάντων
1038 4982 1147 5034 τῶν
1188 4980 1465 5049 ὲνοέσμως
1505 4983 1598 5032 καὶ
1630 4979 1862 5042 θειωδῶς
1893 4982 1983 5030 ὲκ-

407 5078 772 5148 φωνηθέντων
800 5073 930 5143 παρ’
962 5074 1135 5142 αὐτῆς
1172 5072 1438 5134 κανόνων,
1483 5073 1539 5122 ὲν
1569 5066 1648 5130 οἷς
1680 5072 1981 5140 ὲμςὲμτιι

405 5170 462 5222 ἐν
498 5186 609 5222 τισι
659 5168 769 5220 τῶν
804 5167 1015 5218 σεπτῶν
1065 5165 1290 5217 εἰκόνων
1337 5165 1597 5234 γραφαῖς,
1647 5165 1842 5229 Ἀμνὸς
1885 5165 1978 5217 δα-

406 5262 586 5330 κτύλῳ
613 5260 706 5314 τοῦ
734 5259 1049 5330 Προδρόμου
1063 5259 1418 5327 δεικνύμενος
1452 5257 1865 5327 ἐγχαράττεται.
1885 5262 1981 5320 Ὃς

393 5356 486 5417 ἐίς
515 5355 687 5406 τύπον
742 5351 1070 5421 παρελήφθη
1130 5351 1228 5419 τῆς
1282 5349 1528 5420 χάριτος,
1587 5351 1678 5400 τὸν
1725 5335 1980 5417 ἀληθινόν

405 5450 538 5516 ημῖν
569 5446 658 5508 διὰ
697 5429 862 5516 νόμου
901 5447 1328 5512 προϋποφαῐνων
1378 5444 1573 5513 ἀμνὸν,
1622 5444 1856 5512 Χριστὸν
1888 5443 1981 5497 τὸν

379 5582 568 5652 ’τόπον
602 5583 885 5652 ἐπέχοντα.
945 5583 1022 5637 Ex
1054 5596 1121 5635 eo
1153 5580 1372 5651 probat,
1405 5577 1640 5652 sextam
1663 5579 1810 5652 illam
1855 5594 1982 5650 syn-

397 5651 571 5705 odum
601 5650 1000 5706 meomenicam
1030 5650 1198 5705 fuisse
1235 5654 1378 5718 quod
1418 5650 1676 5703 Basiliam
1709 5651 1980 5719 Gurtynes

403 5721 718 5791 episcopum
755 5722 1032 5784 habuerit,
1088 5723 1182 5790 qui
1236 5721 1464 5774 Romani
1498 5720 1978 5791 episcopiiloeum

402 5790 461 5844 in
484 5808 549 5848 ea
581 5790 825 5851 tenebat.
881 5793 1123 5863 Ἐχουσα
1150 5792 1373 5846 omnino
1410 5805 1598 5844 verum
1629 5801 1731 5845 cst.
1760 5790 1895 5844 Nam
1932 5793 1977 5842 si

2087 4602 2307 4668 liorum,
2371 4615 2426 4658 et
2481 4605 2624 4659 circa
2666 4621 2852 4662 sacras
2889 4611 3343 4682 venerandasque
3370 4615 3660 4686 imagines,

2085 4713 2200 4750 rem
2243 4697 2492 4766 profecto
2525 4699 2722 4752 mirum
2766 4699 2820 4753 in
2875 4702 3096 4756 modum
3120 4705 3453 4761 laudabilem
3494 4719 3660 4779 atque

2083 4791 2543 4856 exi'iseulandam;
2599 4791 2656 4844 in
2696 4807 2800 4858 qua
2847 4795 3010 4846 etiam
3052 4799 3390 4863 continetur,
3423 4800 3572 4870 quod
3605 4813 3662 4856 et

2083 4882 2176 4934 illa
2206 4897 2327 4950 quae
2349 4899 2376 4935 a
2409 4892 2596 4936 saneta
2621 4895 2772 4937 sexta
2809 4887 3021 4953 synodo
3044 4898 3249 4944 statuta
3280 4896 3658 4965 suntrecipio,

2083 4991 2207 5028 cum
2257 4977 2513 5031 omnibus
2553 4993 2675 5040 qua:
2705 4977 2946 5048 legitime
2978 4991 3034 5034 et
3086 4983 3270 5037 divine
3306 4993 3660 5054 pronuntiata

2083 5080 2214 5122 sunt
2258 5071 2326 5123 ab
2391 5071 2566 5140 ipsius
2625 5071 2970 5134 canonibus;
3025 5074 3077 5126 in
3131 5077 3332 5144 quibus
3385 5077 3658 5143 infertur,

2084 5164 2228 5231 quod
2286 5164 2340 5216 in
2395 5164 2677 5218 nonnullis
2735 5179 3014 5219 sacrarum
3065 5167 3364 5236 imaginum
3403 5170 3658 5239 picturis,

2083 5273 2254 5324 agnus
2287 5257 2457 5324 digito
2479 5258 2842 5312 Praecursoris
2893 5271 3149 5314 ostensus
3187 5261 3538 5330 insculpitur,
3565 5266 3660 5330 qui

2084 5347 2139 5400 in
2177 5358 2360 5418 typum
2396 5339 2585 5417 gratiae
2620 5360 2937 5419 assumptus
2986 5364 3100 5418 est,
3154 5370 3342 5407 verum
3375 5355 3540 5410 nobis
3561 5373 3660 5425 per

2077 5439 2256 5510 legem
2315 5453 2741 5511 prmmonstrans
2804 5460 3040 5513 agmini,
3112 5447 3397 5502 Christum
3484 5449 3658 5505 Deum

2082 5577 2315 5650 ἐχούσης
2343 5579 2568 5704 reltines,
2599 5584 2667 5638 ad
2696 5582 2934 5654 ἱστορίας
2961 5583 3311 5640 referendum
3351 5586 3478 5654 erit,
3510 5587 3658 5656 quod

2082 5663 2190 5701 non
2222 5665 2381 5704 oroce
2427 5663 2486 5704 ιι.

2082 5663 2190 5701 non
2221 5663 2486 5717 procedit.

2157 5719 2268 5791 (4‘2)
2309 5719 2427 5789 Τὴν
2464 5720 2662 5778 αὐτῶν
2687 5721 3008 5818 διαγω-ξοήν.
3040 5727 3169 5795 Alii,
3203 5728 3492 5800 διαταγήν.
