4048 6470
418 491 525 561 727

490 610 584 671 At,
618 623 725 663 non
756 614 1012 677 possunt,
1048 605 1331 675 inquiunt.
1365 620 1608 660 canones
1648 603 2013 660 ecclesiastici
2044 605 2088 661 Δ

419 699 684 758 constitui
722 699 930 767 absque
964 713 1127 767 papa.
1171 696 1343 751 Recte
1411 696 1657 765 quidem.
1691 692 1796 750 Sed
1832 706 2014 763 neque

419 807 574 863 papa:
625 789 677 845 id
729 791 878 852 licet,
925 788 1136 857 absque
1159 786 1305 849 aliis,
1341 784 1586 855 quandiu
1615 790 1762 838 certe
1792 787 2015 850 aposto-

418 886 545 941 licis
599 883 815 955 legibus
865 890 1047 952 paret.
1079 878 1224 950 Lege
1250 878 1593 933 tricesimum
1627 883 1886 943 quartum
1915 887 2011 928 ca-

416 991 619 1032 nonem
675 975 1075 1047 apostolorum,
1127 971 1223 1041 qui
1276 972 1357 1026 sic
1388 969 1601 1024 habet:
1648 985 1667 1019 ι
1708 966 2014 1036 Episcopos

417 1071 693 1141 cujusque
746 1067 1010 1125 nationis.
1041 1066 1187 1123 scire
1230 1073 1482 1133 Oportet,
1544 1060 1801 1133 quisnam
1863 1059 2012 1114 inter

418 1162 570 1230 ipsos
622 1162 693 1218 sit
745 1160 963 1231 primus
1011 1176 1026 1213 :
1084 1166 1142 1213 et
1194 1156 1404 1212 habere
1457 1154 1636 1225 ipsum
1674 1166 1775 1222 pro
1808 1151 2010 1224 capite,

414 1255 664 1325 nihilque
704 1254 832 1310 novi
880 1261 940 1308 et
974 1267 1157 1320 opem
1183 1249 1343 1321 pretii
1387 1264 1552 1319 agere
1581 1247 1793 1315 absque
1835 1243 2012 1313 ipsius

415 1348 693 1403 sententia
743 1364 757 1398 :
805 1346 899 1401 illa
931 1359 1062 1400 vero
1090 1352 1302 1397 tantum
1337 1355 1616 1413 quemque
1646 1354 1810 1409 agere
1838 1352 2010 1407 opor-

418 1450 519 1505 tet,
554 1456 678 1509 quze
709 1440 774 1494 ad
802 1439 978 1509 ipsius
1006 1437 1333 1500 Ecclesiam,
1365 1436 1596 1504 locaque
1622 1433 1757 1502 ipsis
1786 1430 2009 1487 subdita

302 1602 305 1603 ν
415 1533 639 1587 attinet.
696 1532 804 1589 Sed
856 1547 1039 1602 neque
1091 1531 1179 1585 illa
1215 1529 1354 1585 citra
1394 1527 1644 1583 omnium
1671 1526 2007 1582 sententiam

415 1628 725 1699 quidquam
790 1635 937 1698 agat.
991 1625 1072 1682 lta
1099 1625 1249 1683 enim
1281 1623 1583 1679 concordia
1615 1619 1917 1680 constabit.
1951 1626 2008 1673 et

414 1718 821 1787 gloriﬁcabltur
880 1717 1025 1773 Deus
1080 1733 1177 1786 per
1239 1714 1529 1769 Dominum
1580 1712 1633 1766 in
1658 1719 1854 1767 saneto
1880 1708 2007 1779 Spi-

416 1811 565 1876 ritu;
595 1811 784 1877 Pater,
812 1818 869 1866 et
891 1808 1089 1875 Filius,
1120 1818 1175 1863 et
1205 1808 1451 1877 Spiritus
1475 1814 1754 1861 sanctus.»
1785 1802 1843 1857 Si
1878 1803 2005 1872 quis

411 1919 549 1957 vero
602 1903 915 1958 eanonibus
984 1900 1366 1971 apostolorum
1425 1898 1812 1954 contradicere
1846 1893 2004 1960 velit,

412 1996 618 2051 nothos
664 1995 791 2051 illos
834 2011 1062 2060 vocans,
1119 2003 1177 2049 et
1214 1993 1520 2064 apostolico
1541 1989 1765 2061 spiritui
1798 2003 2004 2058 nequa-

411 2103 578 2159 quam
621 2087 1044 2152 convenientes,
1091 2085 1139 2141 is
1172 2102 1204 2141 a
1251 2085 1460 2140 sanctis
1506 2083 1766 2139 Patribus
1810 2080 2000 2135 doceri

409 2158 470 2237 se
520 2182 787 2253 patiatur.
819 2180 1166 2248 Quibusnam
1219 2194 1352 2234 vero
1379 2177 1529 2233 illis?
1550 2158 1747 2232 Prima:
1779 2173 2001 2247 synodi,

409 2277 609 2340 tettizr,
664 2281 898 2345 quartae,
937 2283 1107 2330 sextae
1145 2278 1204 2326 et
1264 2268 1535 2339 septitnaa.
1595 2266 1799 2333 [larum
1850 2265 2006 2322 enim

408 2368 589 2437 prima
619 2368 865 2437 synodus
887 2365 1084 2436 quinto
1119 2377 1333 2418 canone
1379 2360 1617 2416 duorum
1668 2358 2005 2429 apostolico-

410 2476 533 2515 rum
566 2475 855 2515 canonum
872 2457 1213 2519 mentionem
1267 2455 1431 2510 facit:
1471 2453 1787 2508 duodecimi
1845 2449 1997 2504 ride-

407 2552 565 2611 licet.
616 2560 672 2606 et
726 2549 994 2604 tricesinti
1055 2545 1311 2604 secundi.
1384 2544 1612 2600 Decimo
1643 2543 1840 2613 quinto
1868 2541 1999 2596 item

407 2646 660 2715 ejusdem
694 2643 890 2716 synodi
928 2658 1144 2698 canone
1203 2639 1461 2696 meminit
1490 2639 1657 2693 etiam
1706 2634 2000 2705 apostolici

407 2737 639 2794 canonis
687 2736 886 2792 decimi
938 2733 1143 2805 quinti.
1202 2731 1390 2787 Tertia
1445 2744 1579 2784 vero
1624 2727 1871 2798 synodus
1931 2728 1999 2783 ad

408 2845 596 2901 regem
645 2827 1026 2884 Theodosium
1076 2826 1354 2892 scribens,
1385 2820 1783 2894 septuagesimi
1813 2822 1999 2892 quarti

405 2922 699 2996 apostolici
751 2920 987 2977 canonis
1034 2916 1308 2979 meminit,
1373 2928 1486 2985 quo
1542 2911 1998 2979 usa,Nestorium

404 3016 689 3087 deposuit.
746 3014 951 3069 Eodem
994 3026 1206 3069 canone
1249 3009 1582 3064 similiteret
1607 3016 1804 3078 quarta
1835 3021 2000 3076 syno~

402 3110 508 3166 dus
546 3124 668 3172 usa,
721 3105 1046 3167 Dioscorum
1108 3102 1389 3172 deposuit.
1461 3099 1678 3155 Rursus
1717 3113 1849 3154 vero
1879 3099 2000 3155 haec

400 3205 520 3277 ipsa
546 3210 742 3273 quarta
772 3198 1019 3271 synodus
1047 3196 1102 3252 in
1128 3195 1326 3267 quinto
1374 3208 1477 3249 suo
1507 3207 1742 3257 canone,
1771 3192 1841 3248 de
1863 3191 2001 3247 duo-

1102 490 1271 553 NILI
1330 488 2109 553 THESSALONI’CENSIS
2157 490 2256 552 DE
2316 490 2682 556 PRIMATU
2753 496 2982 581 PAR-8.

2204 603 2346 658 Ἀλλ’
2368 607 2473 658 οὐκ
2502 605 2645 671 ἐστι,
2680 610 2836 678 φησὶ,
2859 610 2955 661 τοῦ
2983 609 3188 663 πάππα
3211 608 3380 679 χωρὶς
3408 610 3476 663 τὰ
3503 611 3711 678 ἐκκλη-

2117 695 2379 750 σιαστικὰ
2425 698 2832 764 κανονίξεσθαι.
2882 700 3081 764 Καλῶς
3116 718 3202 770 γε.
3247 700 3394 757 Ἀλλ’
3446 701 3572 756 οὐδὲ
3625 702 3711 772 τῷ

2120 788 2327 860 πάππα
2348 789 2456 843 τῶν
2477 789 2655 844 ἄλλων
2677 791 2870 860 χωρὶς,
2897 791 3003 856 ἓως
3022 791 3091 847 ἂν
3111 795 3226 857 τοῖς
3256 793 3367 847 τῶν
3384 793 3711 848 ἀποστόλων

2114 880 2305 949 νόμοις
2341 880 2673 951 πειθόμενος
2811 883 3119 952 ’Δνάγνωθι
3153 882 3473 939 ἀποστόλων
3502 886 3706 940 κανόνα

2113 972 2445 1043 τριακοστὸν
2491 974 2779 1046 τέταρτον,
2812 976 2873 1040 ὅς
2919 991 3092 1048 φησι·
3125 996 3144 1029 ι
3181 973 3324 1040 Τοὺς
3363 976 3706 1040 ἐπισκόπους

2114 1064 2348 1120 ἑκάστου
2379 1065 2566 1129 ἔθνους
2594 1066 2794 1122 ειδέναι
2826 1068 2934 1138 χρὴ
2961 1068 3054 1122 τόν
3090 1068 3307 1131 ἑαυτοῖς
3336 1068 3579 1141 πρῶτον,
3605 1066 3705 1121 καὶ

2115 1159 2372 1229 ἡγεῖσθαι
2399 1161 2563 1213 αὑτὸν
2601 1159 2676 1224 ὡς
2713 1160 2982 1232 κεφαλὴν,
3018 1163 3112 1216 καὶ
3158 1162 3325 1233 μηδέν
3353 1181 3406 1216 τι
3434 1162 3701 1232 πράττειν

2115 1252 2372 1319 περιττὸν
2403 1253 2535 1307 ἄνευ
2565 1253 2662 1322 τῆς
2689 1254 2901 1308 ἐκείνου
2931 1254 3193 1325 γνώμηςο
3229 1256 3413 1308 ἐκεῖνα
3444 1258 3503 1309 δι
3535 1255 3698 1324 μόνον

2115 1342 2378 1410 πράττειν
2434 1344 2692 1410 ἕκαστον,
2724 1345 2827 1400 ὅσα
2870 1348 2937 1417 τῇ
2963 1346 3135 1401 αὐτοῦ
3174 1347 3441 1417 παροικίᾳ
3471 1345 3700 1401 tm“).-

2112 1433 2216 1495 λει.
2250 1436 2345 1487 καὶ
2388 1437 2510 1500 ταῖς
2544 1437 2639 1490 ὑπ’
2667 1435 2839 1509 αὐτὴν
2887 1437 3120 1510 χώραις.
3174 1436 3337 1497 Ἀλλά
3385 1438 3523 1509 μηδὲ
3554 1439 3700 1492 tau!-

2111 1546 2203 1593 νος
2237 1531 2367 1586 ἄνευ
2401 1530 2500 1601 τῆς
2536 1533 2757 1585 πάντων
2790 1531 3021 1602 γνώμης
3049 1516 3277 1587 ποιείτω
3303 1549 3378 1586 τι.
3407 1530 3564 1587 Οὕτω
3587 1532 3695 1603 γὰρ

2110 1626 2335 1693 ὁμόνοια
2366 1625 2546 1688 ἔσται,
2579 1627 2675 1681 καὶ
2709 1625 3105 1699 δοξασθήσεται
3139 1627 3169 1681 ό
3207 1625 3340 1688 Θεὸς
3375 1625 3464 1681 διὰ
3488 1625 3695 1695 Κυρίου

2110 1718 2168 1771 ὲν
2213 1718 2357 1789 ἁγίῳ
2412 1717 2721 1787 Πνεύματι,
2766 1721 2793 1779 ό
2835 1718 3050 1790 Πατὴρ,
3085 1720 3180 1774 καὶ
3221 1719 3251 1773 ό
3302 1718 3448 1784 Υίὸς,
3498 1717 3595 1772 καὶ
3636 1717 3697 1771 το

2111 1810 2338 1879 Πνεῦμα
2388 1810 2449 1865 τὺ
2499 1811 2679 1880 ἅγιον.
2720 1829 2739 1863 ι
2773 1811 2833 1865 Et
2869 1812 2927 1864 δέ
2976 1829 3063 1874 τις
3098 1811 3237 1882 πρὸς
3295 1811 3424 1874 τοὺς
3467 1808 3699 1874 κανόνας

2109 1905 2220 1954 τῶν
2253 1905 2545 1973 μακαρίων
2578 1904 2898 1959 ἀποστόλων
2929 1903 3239 1971 ἀντιλέγειν
3276 1902 3476 1967 ἐθέλοι,
3507 1902 3698 1966 νόθους

2111 1995 2408 2049 ἀποκαλῶν
2453 1997 2653 2059 αὐτοὺς
2687 1998 2783 2051 καὶ
2836 1998 3041 2063 ἥκιστα
3095 1996 3411 2067 πρέποντας
3457 1997 3697 2049 ἀποστο-

2107 2087 2286 2151 λεκαῐς
2314 2087 2536 2158 ψυχαῖς,
2573 2091 2725 2161 παρὰ
2755 2089 2864 2143 τῶν
2895 2091 3186 2159 μακαρῖων
3209 2087 3551 2142 παιδευὲσθω
3582 2090 3694 2141 Πα-

2108 2178 2275 2246 τρῶν.
2336 2179 2514 2233 Τίνων
2567 2180 2817 2248 τούτων;
2854 2182 2967 2252 Τῆς
3015 2182 3242 2250 πρώτης
3297 2179 3542 2241 συνόδου,
3592 2179 3695 2245 τῆς

2107 2271 2323 2338 τρίτης,
2378 2271 2482 2340 τῆς
2546 2272 2842 2342 τετάρτης,
2902 2271 3004 2355 τῆς
3036 2270 3228 2342 ἕκτης,
3274 2269 3373 2340 τῆς
3433 2269 3691 2338 ἑϐδόμης.

2104 2362 2329 2417 Τούτων
2364 2363 2476 2431 γὰρ
2513 2365 2544 2433 ἡ
2585 2365 2684 2436 μὲν
2714 2365 2910 2437 πρώτη
2954 2362 3200 2426 σύνοδος,
3248 2363 3307 2416 ὲν
3344 2361 3423 2433 τῷ
3459 2364 3709 2432 πέμπτῳι

2106 2456 2279 2524 αὐτῆς
2308 2457 2497 2511 κανόνι
2535 2458 2814 2529 μέμνηται
2870 2456 3255 2512 ἀποστολικῶν
3294 2455 3388 2510 δύο
3430 2457 3693 2518 κανόνων,

2104 2547 2411 2603 δωδεκάτου
2446 2550 2541 2603 καὶ
2574 2534 2907 2620 τριακοστοῦ
2935 2549 3195 2622 δευτέρου
3225 2565 3242 2582 ο
3271 2549 3333 2602 ιν
3369 2548 3425 2603 δὲ
3457 2547 3535 2619 τῷ
3561 2565 3693 2601 πεν-

2105 2641 2484 2712 τεκαιδεκάτῳ
2516 2641 2683 2697 πάλιν
2714 2642 2914 2711 αὐτῆς,
2949 2642 3233 2712 μέμνηται
3261 2641 3526 2706 ὡσαύτως
3556 2643 3694 2696 ἀπο-

2106 2731 2362 2787 στολικοῦ
2389 2733 2911 2788 πεντεκαιδεκάτου.
2949 2734 3015 2790 Ἦ
3043 2733 3099 2787 δὲ
3132 2735 3292 2803 τρίτη
3320 2732 3533 2797 σύνοδος
3556 2733 3695 2804 πρὸς

2103 2824 2196 2880 τὸν
2225 2824 2461 2897 βασιλέα
2486 2826 2773 2880 Θεοδόσιον
2795 2826 3113 2898 γράφουσα,
3163 2826 3570 2900 ἐδδομηκοστοῦ
3599 2841 3693 2880 τε·

2103 2919 2309 2991 τάρτου
2357 2919 2729 2975 ἀποστολικοῦ
2779 2921 3008 2984 κανόνος
3055 2921 3355 2992 μέμνηται,
3413 2913 3457 2990 ᾧ
3484 2935 3694 2992 χρησα-

2105 3012 2241 3083 μένη
2271 3013 2493 3067 καθεῖλε
2548 3013 2871 3083 Νεστόριον.
2924 3012 3015 3085 Τῷ
3055 3014 3207 3083 αὐτῷ
3252 3014 3443 3069 κανόνι
3486 3013 3692 3083 ὁμοίως

2102 3105 2263 3177 καὶή
2316 3108 2558 3177 τετάρτη
2613 3105 2834 3171 σύνοδος
2885 3106 3216 3177 χρησαμένη
3264 3106 3691 3177 Διόσκορονκα-

2102 3197 2270 3252 θεϊλε.
2302 3198 2471 3255 Πάλιν
2502 3198 2561 3254 δὲ
2595 3198 2628 3271 ἡ
2664 3198 2805 3269 αὕτη
2849 3199 3091 3272 τετάρτη
3128 3200 3190 3253 έν
3240 3198 3478 3271 πέμπτῳ
3513 3197 3689 3266 αὐτῆς

400 3296 645 3355 decimo.
694 3302 753 3348 et
794 3291 1012 3347 decimo
1076 3290 1263 3353 tertio,
1290 3297 1347 3343 et
1373 3285 1589 3342 decimo
1622 3296 1823 3355 quarto
1861 3300 1996 3355 apo-

2104 3287 2293 3340 κανόνι
2327 3287 2456 3356 περὶ
2486 3287 2619 3351 τοὺς
2680 3285 2749 3357 ιβ’
2784 3287 2881 3342 καὶ
2917 3294 3009 3357 ιγ’,
3063 3287 3158 3343 καὶ
3212 3288 3304 3355 ιδ’,
3345 3288 3440 3342 καὶ
3481 3285 3541 3342 ιε’
3577 3288 3689 3343 τῶν

402 3388 603 3444 stolico
625 3401 843 3441 canone
874 3383 1157 3455 expressis
1187 3379 1371 3437 verbis
1412 3380 1486 3434 ita
1520 3379 1596 3433 ait
1629 3397 1643 3433 :
1682 3396 1702 3430 ι
1739 3379 1814 3434 De
1843 3393 1994 3434 eom-

400 3480 777 3553 intgrantibus
801 3526 811 3547 ,
832 3492 901 3533 ex
955 3476 1091 3532 urbe
1122 3477 1178 3529 in
1228 3476 1423 3532 urbem
1447 3471 1723 3543 cpisCOpis
1741 3481 1798 3529 et
1829 3470 1995 3527 cleri-

400 3575 483 3630 cis
532 3573 712 3628 visum
767 3581 853 3628 est
902 3578 963 3625 ut
990 3569 1061 3625 de
1095 3569 1184 3624 his
1212 3582 1455 3623 canones
1487 3582 1519 3623 a
1544 3566 1748 3622 sanctis
1772 3574 1993 3635 aposto-

399 3666 472 3722 lis
532 3663 822 3721 constituti
867 3663 1115 3734 vigorcm
1173 3661 1485 3716 obtineant.
1524 3678 1543 3713 ι
1579 3658 1836 3715 Canones
1858 3674 1991 3714 vero

401 3768 571 3815 sextae
593 3755 789 3829 synodi
810 3757 981 3812 etiam
1003 3768 1301 3811 numerum
1354 3753 1785 3824 apostolicorum
1824 3767 1990 3808 cano-

399 3866 536 3907 num
569 3859 883 3908 recensent.
1906 3876 1927 3909 ,

703 4074 786 4128 Ea:
826 4074 1055 4128 secundo
1079 4070 1689 4141 canoneseamsyuodi.

476 4235 496 4269 ι
535 4212 730 4271 Visum
760 4220 848 4269 est
874 4212 1042 4268 etiam
1064 4210 1185 4269 hoc
1217 4220 1422 4266 sancta:
1456 4210 1689 4281 synodo,
1734 4208 1990 4280 pulcher-

398 4308 541 4364 rime
570 4308 889 4378 Optimeque
920 4313 981 4359 ut
1015 4311 1275 4358 maneant
1305 4302 1374 4357 ab
1425 4301 1532 4357 hoc
1565 4313 1813 4372 tempore
1846 4301 1987 4358 ﬁrmi

401 4415 468 4456 ac
499 4380 605 4455 rati
644 4398 709 4453 ad
738 4396 1051 4453 animarum
1082 4394 1376 4458 medelam.
1406 4403 1463 4449 et
1488 4395 1829 4449 curationem
1861 4394 1992 4450 all‘e-

401 4504 616 4556 ctuum,
661 4506 691 4544 a
749 4486 1250 4565 pyedecessoribus
1294 4486 1504 4541 nostris
1529 4486 1735 4541 sanctis
1765 4501 1829 4540 ac
1858 4486 1990 4541 bea-

374 4574 477 4640 'tis
533 4583 794 4638 Patrihus
857 4577 1099 4648 suscepti
1157 4589 1213 4633 et
1258 4577 1512 4644 stabiliti,
1571 4577 1845 4647 nobisque
1890 4594 1989 4649 per

404 4690 604 4731 manus
658 4674 843 4731 traditi
902 4673 1128 4730 nomine
1172 4682 1493 4727 sanctorum
1527 4680 1581 4725 et
1618 4664 1984 4742 gloriosorum

403 4768 784 4840 apostolorum
808 4780 1053 4821 canones
1081 4780 1321 4821 numero
1351 4764 1632 4834 octoginta
1661 4763 1929 4835 quinque.
1961 4784 1980 4817 ι

401 4862 651 4933 Septima
684 4877 816 4919 vero
855 4858 1130 4932 synodus,
1186 4860 1238 4913 in
1273 4872 1375 4913 suo
1404 4857 1583 4927 primo
1615 4872 1847 4924 canone,
1883 4858 1988 4913 Ee-

400 4953 581 5009 clesiae
600 4952 749 5022 leges
767 4966 1124 5012 enumerans,
1168 4947 1453 5019 anteponit
1501 4948 1761 5003 omnibus
1813 4963 1983 5003 cano-

397 5061 513 5117 nes,
555 5046 624 5101 ab
672 5044 937 5115 apostolis
985 5043 1202 5107 editos;
1254 5038 1387 5097 illud
1417 5039 1617 5111 Moysis
1644 5041 1698 5095 in
1727 5041 1987 5095 omnibus

399 5140 586 5194 valere
630 5139 895 5209 cupiens;
951 5149 1133 5204 neque
1192 5133 1359 5188 licere
1390 5132 1689 5203 quidquam
1734 5133 1867 5201 ipsis
1890 5131 1985 5187 ad—

401 5234 558 5300 dere,
610 5246 788 5302 ncque
841 5227 1148 5300 quidquam
1176 5226 1446 5282 adimere.
1481 5226 1667 5280 Nosne
1697 5225 1865 5294 igitur
1888 5241 1985 5280 eos

399 5326 494 5396 qui
560 5340 590 5379 a
634 5333 712 5380 tot
766 5322 1047 5391 tantisque
1106 5318 1984 5390 approbatisuntrejiciemus,ct

2098 3378 2485 3435 ἀποστολικῶν
2536 3381 2805 3446 κανόνων,
2860 3381 3045 3454 ῥητῶς
3088 3381 3235 3437 οὕτω
3272 3382 3457 3451 λέγει·
3495 3400 3516 3435 ι
3551 3382 3687 3449 Περὶ

2094 3473 2207 3528 τῶν
2260 3460 2704 3545 μεταϐαινόντων
2738 3473 2850 3528 ἀπὸ
2894 3473 3107 3539 πόλεως
3141 3477 3224 3538 είς
3273 3475 3432 3529 πόλιν
3464 3474 3685 3529 ιπισκό-

2094 3584 2216 3623 πων
2248 3568 2343 3621 καὶ
2368 3565 2649 3638 κληρικῶν
2680 3566 2831 3632 εδοξε
2858 3568 2990 3632 τοὺς
3027 3569 3158 3638 περὶ
3191 3567 3401 3624 τούτων
3429 3567 3682 3631 τεθέντας

2094 3657 2333 3721 κανόνας
2385 3657 2543 3728 παρὰ
2577 3657 2688 3711 τῶν
2742 3659 2920 3727 ἁγίων
2969 3659 3291 3714 ἀποστόλων
3320 3661 3417 3715 καί⁸
3454 3659 3680 3732 Πατρῶν

2093 3748 2243 3819 ιχειν
2275 3746 2376 3816 τὴν
2425 3746 2607 3817 ἰσχύν.
2651 3766 2671 3800 ι
2705 3749 2769 3803 οι
2799 3748 2858 3803 δὲ
2898 3750 3128 3816 κανόνες
3174 3751 3275 3819 τῆς
3302 3749 3474 3821 εκτης
3527 3751 3678 3804 συνό-

2092 3841 2189 3896 δου
2248 3839 2345 3895 καὶ
2404 3838 2497 3894 τὸν
2552 3841 2792 3914 ἀριθμὸν
2858 3842 2970 3896 τῶν
3047 3842 3426 3898 ἀποστολικῶν
3491 3842 3670 3914 νόμων
3714 3908 3722 3932 ⁸

2093 3936 2282 4007 φασίν.

2106 4077 2248 4130 Ἀπὸ
2280 4074 2388 4129 τοῦ
2411 4071 2698 4142 δευτέρου
2732 4072 2996 4193 κανόνοξι
3030 4073 3139 4144 τῆς
3170 4074 3350 4143 ἄκρης
3384 4075 3672 4131 συνόδου.

2172 4228 2191 4262 ι
2236 4196 2425 4274 Ἔδοξε
2457 4208 2554 4264 καὶ
2601 4207 2765 4262 τοῦτο
2787 4211 2853 4281 τῇ
2892 4209 3057 4283 άγίᾳ¹
3086 4210 3294 4282 συνόδῳ
3326 4210 3589 4266 κάλλιστά
3616 4229 3675 4266 τε

2092 4303 2187 4357 καὶ
2220 4302 2645 4367 σπουδαιότατα,
2672 4300 2815 4356 ὥστε
2864 4302 3053 4371 μένειν
3082 4305 3178 4356 καὶ
3206 4303 3314 4357 ἀπὸ
3338 4302 3432 4357 τοῦ
3464 4303 3558 4358 νῦν
3589 4303 3676 4376 pa-

2090 4394 2283 4458 σαίους
2338 4396 2435 4447 καὶ
2483 4394 2751 4464 ἀσφαλεῖς
2811 4393 2950 4466 πρὸς
2982 4394 3177 4465 ψυχῶν
3233 4396 3534 4465 θεραπείαν
3583 4397 3676 4452 καὶ

2095 4489 2339 4560 ἰατρείαν
2372 4488 2564 4544 παθῶν
2591 4490 2719 4554 τοὺς
2753 4490 2860 4543 ὑπὸ
2889 4490 3001 4544 τῶν
3044 4489 3151 4561 πρὸ
3195 4490 3355 4561 ἡμῶν
3381 4491 3556 4558 ἁγίων
3582 4492 3672 4544 καὶ

2094 4578 2379 4650 μακαρίων
2412 4577 2643 4649 Πατρῶν
2670 4569 2965 4649 δεχθέύτας
2993 4580 3090 4632 καὶ
3117 4578 3495 4647 κυρωθέντας,
3528 4578 3667 4634 ἀλλὰ

2019 4649 2067 4706 θ
2098 4672 2203 4744 μὴν
2234 4649 2326 4727 καὶ
2357 4672 2768 4741 παραδοθέντας
2802 4675 2956 4744 ἡμῖν,
2985 4673 3218 4745 ὀνόματι
3241 4673 3349 4728 τῶν
3372 4673 3547 4741 ἁγίων
3577 4673 3671 4731 καὶ

2091 4765 2321 4830 ἐνδόξων
2361 4766 2698 4832 ἀποστόλων,
2756 4767 3095 4838 ὀγδοήκοντα
3149 4768 3312 4823 πέντε
3354 4769 3607 4832 κανόνας.
3645 4786 3666 4820 ι

2099 4858 2166 4911 Ἢ
2197 4858 2253 4912 δὲ
2290 4858 2494 4930 ἑϐδόμη
2540 4858 2599 4910 έν
2628 4857 2706 4929 τῷ
2740 4859 2943 4929 πρώτῳ
2976 4857 3149 4929 αὐτῆς
3183 4858 3389 4925 κανόνι,
3422 4859 3550 4922 τοὺς
3574 4858 3671 4929 τῆς

2104 4948 2430 5021 Ἐκκλησίας
2456 4949 2842 5017 καταλέγουσα
2874 4950 3096 5019 νόμους,
3129 4948 3421 5021 προτίθησι
3451 4950 3669 5002 πάντων

2086 5034 2215 5103 τοίἷς
2250 5041 2354 5093 ὑπό
2382 5042 2492 5093 τῶν
2545 5041 2868 5095 ἀποστόλων
2923 5040 3269 5104 ἑκτεθέντας,
3313 5041 3375 5093 τό
3418 5040 3515 5093 τοῦ
3550 5039 3670 5093 Μω-

2089 5134 2231 5195 σέως
2284 5135 2462 5186 ἐκεῖνο
2507 5133 2650 5185 κατὰ
2708 5135 2932 5185 πάντων
2985 5133 3214 5201 κρατεῖν
3268 5130 3533 5196 ἀξιοῦσα⁶
3580 5131 3670 5184 Ἐν

2087 5223 2272 5285 αὐτοῖς
2299 5223 2400 5275 οὐκ
2430 5220 2547 5275 ἐστι
2572 5222 2916 5292 προσθεῖναι,
2942 5221 3038 5275 καὶ⁵
3068 5222 3165 5275 ἀπ’
3194 5221 3377 5276 αὐτῶν
3399 5222 3498 5276 οὐκ
3520 5221 3669 5275 ἔστιν

2088 5315 2335 5383 ἀφελεῖν.
2368 5315 2509 5377 Τοὺς
2540 5317 2644 5367 ὑπὸ
2669 5314 2946 5383 τοσούτων
2972 5312 3069 5368 οὖν
3097 5314 3193 5367 καὶ
3225 5313 3489 5368 τοιούτων
3519 5331 3666 5384 μαρ-

398 5416 620 5486 spurios
647 5413 1023 5475 censebimus,
1055 5425 1120 5466 ac
1152 5421 1413 5480 tanquam
1439 5410 1664 5466 inutiles
1692 5409 1985 5464 damnabi-

2099 5407 2454 5478 κυρουμένους
2502 5406 2868 5475 ὲκόαλοῦμεν,
2903 5406 3027 5460 είπέ
3082 5423 3194 5476 μοι,
3224 5406 3321 5459 καὶ
3368 5406 3558 5467 νόθους
3584 5423 3669 5460 νο-

400 5502 566 5559 mus?
596 5502 716 5568 Quo
746 5509 907 5571 pacto
952 5516 1085 5555 vero
1108 5500 1226 5555 haec
1269 5498 1555 5554 toleranda
1583 5499 1731 5553 εἴπιιῖ
1754 5502 1978 5554 Summa

400 5592 685 5648 dictorutn-
726 5591 842 5646 haec
898 5601 1026 5647 est:
1073 5589 1329 5658 Quandiu
1370 5590 1591 5659 quidem
1643 5607 1780 5661 papa
1828 5590 1984 5645 ordi-

398 5700 524 5745 nem
555 5692 766 5749 servat,
800 5692 1006 5738 etcum
1038 5682 1271 5737 veritate
1320 5690 1463 5747 stat;
1510 5698 1538 5735 a
1565 5682 1743 5750 primo
1770 5691 1826 5735 et
1857 5698 1981 5751 pro-

397 5783 520 5846 prio
561 5776 875 5847 principatu
930 5790 1041 5830 non
1094 5783 1433 5836 removetur,
1475 5784 1530 5828 et
1573 5782 1738 5843 caput
1769 5785 1851 5829 est
1876 5774 1979 5829 Ec-

398 5872 604 5929 clesiae,
664 5874 724 5921 et
768 5878 1021 5920 summus
1042 5863 1313 5936 pontifex,
1336 5871 1393 5919 et
1428 5864 1571 5920 Petri
1605 5865 1977 5935 reliquorum-

397 5972 509 6027 que
546 5957 922 6028 apostolorum
962 5972 1280 6023 successor;
1338 5972 1637 6029 onmesque
1666 5959 1717 6014 ei
1747 5957 1976 6013 obedire

2087 5500 2346 5570 μιοῦμεν,
2378 5500 2687 5569 ἀχρηστίαν
2716 5498 3129 5566 κατεγνωκότες
3151 5498 3373 5565 αὐτῶνς
3408 5500 3519 5552 Καὶ
3547 5498 3667 5563 πῶς

2082 5592 2260 5646 ταῦτα
2282 5592 2524 5659 άνεκτά;
2553 5592 2869 5661 Κεφάλαιον
2894 5592 3006 5645 τῶν
3027 5592 3361 5663 λεγομένων.
3391 5593 3536 5655 Ἕως
3567 5594 3665 5661 μὲν

2082 5688 2111 5739 ό
2147 5685 2379 5759 πάπποις
2411 5685 2562 5759 σώζῃ
2591 5684 2693 5757 τὴν
2734 5684 2909 5759 τάξιν,
2953 5686 3049 5740 καὶ
3090 5686 3227 5754 μετὰ
3267 5685 3365 5753 τῆς
3403 5684 3665 5755 ἀληθείας

2082 5756 2304 5850 ἕστηκε,
2334 5779 2431 5832 καὶ
2455 5756 2560 5848 τῆς
2577 5756 2805 5847 πρώτης
2839 5756 2935 5831 καὶ
2962 5777 3167 5844 κυρίως
3198 5776 3380 5848 ἀρχῆς
3408 5777 3508 5830 οὐκ
3533 5774 3660 5843 ἀφί-

2084 5887 2301 5935 σταται,
2332 5872 2427 5924 καὶ
2460 5870 2674 5941 κεφαλὴ
2701 5870 2804 5939 τῆς
2849 5870 3200 5940 Ἐκκλησίας,
3245 5871 3343 5923 καὶ
3368 5866 3660 5939 ἀρχιερεὺς

2081 5960 2271 6031 ἄκρος,
2299 5961 2395 6013 καὶ
2429 5962 2637 6031 Πέτρου
2671 5962 2766 6015 καὶ
2802 5960 3020 6015 πάντων
3047 5960 3362 6017 ἀποστόλων
3390 5956 3655 6026 διάδοχος·
